3908 6250
224 358 317 424 961

1059 349 1628 420 ALLOCUTIOZAD
1667 355 2095 417 MANUELEM
2146 355 2608 420 COMNENUM.

3351 352 3460 416 962

227 474 410 545 σαρκὸς
447 470 593 536 θεὸν,
643 469 736 524 τὸν
787 471 1274 541 ὲμπεριπατοῦντα
1323 470 1417 522 καὶ
1472 469 1788 524 ἐνοικοῦντά

1891 469 1962 526 sit
1983 484 2108 525 arca
2135 470 2244 524 Deo
2269 479 2576 535 exstructa,
2601 483 2710 523 non
2743 476 2956 524 tantum
2978 473 3206 540 propter
3233 481 3459 529 manna,

226 583 300 619 σοι
329 563 414 617 διά
443 579 503 615 τε
537 562 598 615 τὸ
642 562 842 630 μάννα,
893 561 1130 632 στάμνον
1162 563 1262 632 τὴν
1302 561 1516 632 τιμίαν,
1549 561 1616 631 ἢν
1648 578 1783 632 χρυ-

224 660 306 722 σὸς
335 655 622 724 ἀκίϐδηλος
658 653 1048 724 συνεκρότησε,
1082 654 1183 724 τὴν
1220 657 1277 705 ὲν
1306 655 1390 706 σοὶ
1416 654 1624 720 γνῶσιν
1658 652 1785 724 περί

222 769 276 804 τε
305 749 436 801 Θεοῦ
463 746 628 801 αὐτοῦ
661 746 757 799 καὶ
788 747 917 816 περὶ¹
943 745 1052 798 τῶν
1083 745 1243 798 θείων
1276 746 1370 798 καὶ
1421 745 1561 815 ὑπὲρ
1597 745 1742 814 ἡμᾶς
1768 760 1782 775 ·

223 844 312 913 τὴν
341 839 655 908 ἀκίϐδηλον,
705 837 806 909 τὴν
840 837 1188 903 στίλϐουσαν,
1239 839 1340 908 τὴν
1388 837 1651 908 ἡλιῶσαν,
1688 836 1786 906 τὴν

222 933 698 1004 κεκαθαρισμένην
741 929 1129 993 ὲπταπλασίως
1157 933 1272 993 τοῖς
1311 929 1478 992 θείοις
1522 928 1787 996 ὲπταρίθ-

224 1045 336 1096 μοις
381 1026 758 1097 χαρίσμασιν·
815 1022 950 1076 ἀλλά
989 1022 1085 1075 καὶ
1135 1022 1226 1075 διὰ
1254 1022 1354 1084 τὰς
1413 1019 1786 1083 θεοτυπώτους

221 1119 446 1181 πλάκας,
493 1117 560 1181 ἃς
591 1116 686 1170 καὶ
733 1114 904 1178 αὐτὰς
936 1113 1085 1168 ἔνδον
1138 1115 1171 1183 ἠ
1209 1112 1277 1184 σὴ
1330 1112 1562 1177 κιϐωτὸς
1609 1114 1784 1183 ἐμπε-

223 1212 480 1281 ριείληφε,
532 1209 733 1277 γνῶσιν
767 1207 932 1271 οὖσας
973 1207 1064 1260 καὶ
1111 1206 1281 1268 αύτάς
1332 1206 1442 1258 τῶν
1499 1205 1599 1258 ὅσα
1647 1202 1786 1275 μετά

221 1304 362 1368 Θεὸν,
389 1304 551 1355 ὁποῖα
599 1301 661 1362 δή
697 1318 819 1354 τινα
849 1299 921 1351 τὰ
967 1299 1096 1368 περὶ
1138 1298 1309 1367 ἡμᾶς,
1355 1297 1450 1350 καὶ
1482 1291 1562 1359 οἷς
1595 1297 1628 1367 ἡ
1668 1296 1781 1350 τῶν

219 1394 512 1465 περιγείων
562 1393 757 1457 κλῆσις
814 1391 1296 1460 ἀποκεκλήρωται.
1354 1389 1422 1441 ’Λ
1481 1387 1575 1440 καὶ
1623 1388 1785 1451 αὐτὸς

218 1485 468 1545 δάκτυλος
503 1482 639 1535 Θεοῦ
664 1481 925 1542 τυπώσας
951 1481 1031 1541 είς
1061 1478 1288 1548 ἀκριϐὲς
1319 1479 1412 1530 καὶ
1446 1478 1784 1549 εύδιάρθρω-

216 1577 302 1629 τόν
337 1593 418 1628 σοι
465 1573 784 1638 ἐναπέθετο,
821 1568 881 1625 εὖ
933 1570 1077 1640 μάλα
1109 1568 1506 1640 διευκρινοῦντι
1558 1569 1656 1622 καὶ
1686 1571 1785 1634 τὰς

217 1667 415 1719 τούτων
441 1665 636 1734 φύσεις
663 1665 756 1716 καὶ
785 1664 866 1725 είς
892 1661 1018 1715 νοῦν
1051 1661 1216 1714 αὑτὸν
1243 1659 1500 1729 ἀληθείας
1526 1660 1583 1711 ἐν
1610 1659 1783 1713 ἀπασι

219 1760 494 1830 βάπτοντι,
525 1758 622 1810 καὶ
659 1755 759 1828 τὴν
797 1755 1214 1825 θαυμασιότητα
1255 1753 1366 1806 τῶν
1396 1753 1492 1805 τοῦ
1524 1751 1660 1806 Θεοῦ
1691 1751 1784 1820 ἐρ-

218 1871 325 1921 γων
359 1852 459 1921 οὐχ
489 1849 703 1914 ἁπλῶς,
727 1848 867 1903 ἀλλὰ
897 1847 1041 1901 κατά
1069 1847 1160 1900 τὸν
1183 1846 1348 1900 Δαϐὶδ
1373 1846 1580 1916 σφόδρα
1622 1843 1787 1913 γινώ-

217 1962 392 1999 σκοντι
416 1961 431 1974 ·
458 1943 587 1996 ὅθεν
616 1944 672 1995 αἱ
719 1941 931 2004 πλάκες
963 1935 1146 2002 αὗται,
1193 1939 1268 2000 ὡς
1302 1939 1400 2004 μὲν
1446 1937 1574 2005 περὶ
1624 1936 1786 2004 φύσιν

216 2033 388 2100 οὖσαι,
415 2035 514 2090 καὶ
547 2037 688 2106 μετά
717 2033 815 2105 τὴν
836 2034 1100 2088 ἀνωτάτω
1122 2032 1406 2099 θεολογίαν
1428 2029 1784 2098 τεταγμέναι,

216 2132 302 2184 καὶ
332 2129 608 2183 ὑπόϐασιν
639 2127 888 2200 ἔχουσαι,
923 2127 1021 2180 καὶ
1051 2126 1187 2195 πρὸς
1226 2125 1294 2178 τὰ
1329 2125 1480 2179 κάτω
1505 2123 1784 2188 νεύουσαι,

214 2223 401 2291 γητνης
423 2215 540 2274 οἷον
565 2221 947 2290 διαφαίνονται
988 2219 1272 2282 πλάσεως·
1305 2218 1386 2290 τῷ
1422 2218 1478 2270 δέ
1509 2234 1573 2285 γε
1633 2216 1790 2269 ἀδιαο

212 2313 407 2383 πτώτῳ
438 2313 544 2380 τῆς
575 2311 833 2379 γνώσεως
857 2311 955 2364 καὶ
983 2310 1060 2380 τῷ
1094 2310 1224 2380 θείῳ
1248 2311 1346 2379 τῆς
1385 2309 1623 2380 θεωρίας
1647 2305 1785 2360 Θεοῦ

211 2403 456 2476 δακτύλῳ
493 2403 950 2473 καταγράφεσθαι
984 2403 1346 2474 θεωροῦνται.

279 2586 384 2656 κγ’.
421 2585 612 2649 Οὕτως
649 2585 761 2654 ἐγὼ
803 2584 866 2638 τὸ
898 2585 956 2637 ὲν
1000 2585 1085 2639 σοὶ
1122 2584 1300 2655 μάννα
1343 2599 1612 2649 κατανοω,
1643 2587 1786 2638 ουτω

208 2680 304 2750 τὴν
334 2679 598 2749 στάμνον,
644 2677 789 2731 οὕτω
823 2676 884 2730 τὸ
928 2676 1203 2745 ιμπλοκον
1246 2676 1546 2746 σέμνωμα’
1599 2678 1693 2729 καί
1726 2693 1785 2730 σε

209 2771 294 2824 διὰ
343 2770 525 2824 ταῦτα
574 2771 656 2832 είς
699 2767 936 2822 κιϐωτὸν
986 2767 1255 2837 διαθήκης
1313 2767 1484 2834 θείας,
1520 2767 1599 2839 τῷ
1643 2770 1787 2841 λόγῳ

210 2863 612 2934 σκευσάμενος,
666 2861 914 2930 τίθεμαι.
963 2861 1075 2916 Καὶ
1115 2861 1203 2914 ῐνα
1247 2861 1309 2914 τὸ
1357 2863 1466 2914 πᾶν
1515 2863 1789 2931 περιγράο

207 2963 370 3031 ψαιμι
403 2962 592 3030 νόημα
631 2960 689 3013 ὲν
721 2958 915 3027 στενῷ,
945 2956 1043 3012 καὶ
1071 2961 1151 3022 είς
1177 2957 1351 3027 βραχὺ
1376 2957 1590 3026 σφίγμα
1619 2975 1790 3010 κατα-

208 3057 390 3110 κλύσω
421 3057 636 3125 ταύτην
662 3056 762 3127 τὴν
808 3054 1044 3108 κιϐωτόν
1069 3069 1086 3086 ⁸
1123 3055 1459 3123 μαννοφορεῖ
1501 3054 1594 3106 τὸν
1627 3053 1783 3116 Θεὸν,

1885 562 2190 633 jucundum
2229 565 2553 619 nutritorem
2605 563 2877 618 universae
2925 561 3111 617 carnis
3147 559 3333 623 deum,
3365 560 3459 627 qui

1889 655 1944 710 in
1982 663 2032 708 te
2083 670 2177 724 per
2205 671 2400 709 manna
2428 657 2714 710 ambulans
2747 654 3037 718 inhabitat,
3065 666 3282 708 necnon
3331 664 3461 720 pro-

1887 757 2009 816 pler
2060 749 2360 817 pretiosum
2425 763 2652 802 urceum
2707 762 2870 817 quem
2895 745 3214 814 composuit
3264 755 3458 796 aurum

1887 841 2133 894 mistnrae
2165 854 2384 906 expers,
2415 840 2520 893 hoc
2555 849 2660 902 est,
2703 838 3050 908 cognitiones
3087 843 3214 888 tuas
3249 839 3360 886 tuin
3393 831 3459 882 de

1888 931 2016 992 Deo,
2041 938 2155 982 tum
2175 929 2242 982 de
2264 928 2487 987 divinis.
2517 929 2584 982 de
2601 944 2722 998 quae
2741 929 2823 982 eis
2859 942 2981 996 qua:
3010 940 3176 994 super
3206 938 3308 977 nos
3338 936 3462 975 ver-

1888 1033 2097 1087 santur,
2125 1023 2464 1091 cognitiones
2491 1036 2677 1089 puras,
2733 1021 2930 1082 claras,
2975 1019 3254 1081 ardentes,
3291 1014 3462 1083 septi-

1890 1113 2140 1168 formiter
2175 1114 2417 1180 septenis
2463 1110 2894 1165 charistnatibns
2943 1109 3148 1163 divinis
3181 1119 3458 1175 expurga-

1885 1212 1970 1257 tas
2013 1200 2155 1268 ;sed
2200 1201 2366 1256 etiam
2416 1207 2643 1270 propter
2692 1197 2909 1252 tabulas
2939 1212 2969 1251 a
3019 1197 3129 1250 Deo
3161 1193 3458 1262 inscriptas

1886 1310 2026 1364 quas
2064 1295 2301 1348 interius
2340 1308 2468 1346 arca
2495 1301 2588 1346 tua
2619 1289 2911 1353 continuit,
2945 1303 3066 1358 quae
3095 1295 3223 1342 sunt
3260 1286 3459 1340 notitia

1885 1403 2071 1442 rerum
2114 1387 2224 1442 Deo
2260 1386 2611 1450 inferiorum,
2664 1392 2775 1436 tam
2837 1381 2906 1436 de
2958 1379 3160 1435 nostris
3191 1393 3355 1447 quam
3392 1377 3461 1430 de

1886 1479 2103 1532 caeteris
2157 1477 2507 1531 terrestrium
2565 1474 2994 1544 appellationem
3035 1470 3268 1526 sortitis.
3327 1468 3460 1533 Qua:

1887 1572 2006 1641 ipse
2068 1569 2160 1623 Dei
2224 1568 2431 1637 digitus
2490 1566 2737 1636 perfecte
2821 1565 3094 1632 insculpta
3153 1561 3460 1628 intimeque

1886 1663 2178 1732 conjuncta
2208 1661 2308 1715 tibi
2337 1660 2583 1729 ingenuit
2624 1659 2830 1728 optime
2862 1656 3195 1724 iudicaturo,
3237 1652 3464 1707 horum-

1887 1769 1991 1823 que
2026 1761 2258 1806 naturas
2302 1751 2358 1804 in
2392 1759 2573 1804 mente
2599 1750 2860 1803 omnibus
2902 1746 3231 1802 veritatibus
3264 1754 3460 1799 ornata

1817 1809 1856 1863 Β
1888 1809 2157 1912 ijtﬁgenti,
2209 1851 2264 1896 et
2305 1840 2577 1894 mirabilia
2630 1839 2722 1892 Dei
2764 1853 2927 1906 opera
2980 1851 3093 1890 non
3147 1834 3332 1888 minus
3365 1834 3461 1888 sed

1891 1941 2197 1996 secundum
2247 1938 2442 2002 David,
2473 1940 2694 2007 penitus
2723 1933 3118 1997 cognoscenti,
3151 1931 3294 1986 unde
3339 1930 3462 1986 ista:

1892 2031 2090 2085 tabulae
2113 2037 2302 2098 utpote
2330 2029 2477 2082 circa
2506 2037 2757 2080 naturam
2787 2031 3077 2079 versantes
3110 2031 3164 2076 et
3194 2031 3317 2098 post
3343 2033 3462 2074 cte-

1889 2123 2082 2179 lestem
2136 2121 2471 2192 theologiam
2527 2119 2818 2183 ordinata),
2854 2115 3014 2184 paulo
3063 2094 3354 2168 submissa
3403 2116 3461 2164 et

1889 2217 1956 2270 de
1993 2215 2230 2270 terrenis
2267 2221 2570 2268 tractantes
2596 2211 2662 2264 ad
2691 2209 2914 2264 modum
2948 2215 3186 2262 terrena:
3218 2203 3460 2273 impres-

1889 2309 2064 2366 sionis
2095 2315 2386 2378 apparent.
2426 2306 2518 2362 sed
2553 2317 2775 2373 pr0pter
2800 2302 2967 2356 ullius
3009 2296 3220 2354 erroris
3261 2296 3460 2350 immuo

1890 2406 2112 2460 nitatem
2139 2401 2322 2455 divino
2362 2400 2451 2454 Dei
2474 2392 2960 2466 contemplationis
2989 2390 3162 2461 digito
3183 2387 3458 2457 insculpta

1884 2495 2227 2566 jndicantur.

1955 2584 2046 2642 23.
2089 2584 2165 2638 Ita
2197 2597 2299 2652 ego
2320 2582 2374 2636 in
2408 2591 2460 2635 te
2490 2593 2687 2634 manna
2727 2587 2906 2631 mente
2961 2572 3236 2642 concipio,
3269 2569 3343 2624 ita
3367 2583 3462 2624 ur-

1889 2691 2069 2743 ceum,
2096 2675 2171 2729 ita
2223 2683 2480 2740 augustas
2515 2672 2748 2732 tabulas,
2776 2683 2834 2724 et
2861 2675 2914 2722 te
2943 2674 3236 2736 propterea
3263 2663 3322 2717 in
3362 2675 3457 2716 ar~

1887 2783 2008 2826 cam
2044 2765 2387 2822 tabernaculi
2423 2765 2516 2820 Dei
2549 2764 2717 2819 verbo
2752 2761 3017 2831 effingens
3069 2773 3236 2829 pono.
3274 2755 3457 2826 thue

1889 2870 2057 2917 totam
2110 2860 2165 2914 in
2221 2858 2373 2913 brevi
2426 2852 2888 2911 circumscribam
2919 2849 3342 2919 cogitationem,
3371 2859 3464 2900 aro

1887 2969 2008 3010 cam
2052 2953 2201 3006 illam
2233 2950 2288 3004 in
2328 2956 2565 3016 angusto
2596 2946 2851 3014 amplexu
2907 2940 3286 3004 abscondam;
3320 2938 3462 2992 divi—

1889 3055 2020 3094 num
2067 3039 2174 3093 fert
2225 3051 2426 3092 manna
2477 3050 2576 3091 seu
2615 3033 2874 3103 quaelibet
2908 3029 3250 3085 divinissima
3285 3027 3339 3081 in
3367 3041 3460 3082 co-

204 3150 297 3202 καὶ
323 3149 427 3203 ὅσα
454 3120 741 3212 θειότατα,
770 3147 828 3199 ὲν
855 3145 1059 3214 γνώσει
1102 3120 1333 3215 λαμπρᾷ
1365 3120 1461 3197 καὶ
1512 3159 1790 3211 στεγανω-

1891 3133 2136 3202 gnitione
2159 3131 2308 3184 clara
2337 3128 2602 3197 nulloque
2631 3123 2968 3196 penetranda
2999 3135 3213 3187 errore,
3238 3120 3458 3189 qualem

207 3241 366 3313 τάτῃ,
417 3242 520 3296 καὶ
579 3241 701 3294 οἵαν
754 3237 1049 3292 ὑποϐάλλει
1107 3239 1250 3290 νοεῖν
1280 3236 1309 3289 ό
1359 3235 1582 3306 χρυσὸς,
1630 3228 1786 3290 διὀὗ

206 3334 371 3400 φύσιν
420 3331 564 3385 Θεοῦ
617 3326 886 3399 πολλαχοῦ
922 3329 1053 3398 ἡμῖν
1099 3326 1410 3398 ἑνοπτρίζει
1457 3325 1526 3380 τά
1571 3327 1790 3396 ίεροπα-

206 3424 407 3492 ράδοτα
437 3423 625 3489 λόγια.
657 3422 818 3493 Φέρει
867 3421 961 3473 καὶ
1007 3420 1220 3482 πλάκας
1254 3422 1355 3489 τὴν
1385 3418 1580 3488 λοιπὴν
1607 3418 1789 3472 ἔνθεον

202 3519 406 3584 γνῶσιν
462 3517 730 3570 ἁπάντων
779 3513 890 3566 τῶν
933 3511 1245 3581 ὲγκοσμίων
1295 3511 1554 3580 καὶπερὶ
1598 3512 1785 3580 ἡμᾶς·

203 3608 295 3659 καὶ
320 3607 539 3677 ταύτην
569 3606 671 3658 ούκ
701 3605 760 3656 ὲν
789 3606 974 3674 γραφῇ
1003 3599 1372 3672 εύεξαλείπτῳ
1400 3601 1495 3655 καὶ⁵
1522 3600 1789 3669 ἐπιπολῆς

200 3701 538 3771 ἔξανθούσῃ,
569 3698 685 3752 ἀλλ’
717 3701 775 3751 ὲν
811 3697 1010 3766 στερεᾷ
1049 3695 1144 3748 καὶ
1170 3697 1249 3756 είς
1284 3692 1449 3763 βάθος
1493 3693 1789 3764 ὲνδυομὲνῃ

199 3793 360 3847 πολύ.
392 3791 620 3847 Ούτωσὶ
660 3789 730 3842 τά
773 3806 831 3841 τε
866 3790 1011 3850 θεῖα,
1044 3787 1116 3841 τά
1155 3803 1215 3840 τε
1262 3784 1580 3854 ἀνθρώπινα
1609 3785 1788 3851 ὲμπε-

198 3885 536 3956 ριείληφας’
571 3883 641 3936 τά
679 3882 800 3953 μὲν,
828 3879 903 3944 ὡς
949 3880 1008 3934 ὲν
1046 3877 1252 3949 χρυσοῦ
1288 3875 1692 3946 στεγανὼματι,
1719 3873 1790 3928 τὰ

194 3976 273 4040 δὲ,
306 3977 386 4040 ὥς
418 3979 483 4030 ἂν
537 3973 846 4044 στερεμνίῳ
891 3971 989 4026 καὶ
1024 3970 1237 4042 μονίμῳ
1283 3968 1606 4038 γλύμματι⁸
1655 3985 1790 4020 ταυ-

193 4069 285 4121 τὸν
319 4069 380 4122 δὲ
415 4069 630 4130 εἰπεῖν,
666 4065 836 4135 ἄμφω
884 4064 964 4127 είς
1000 4065 1242 4135 μνήμην,
1274 4055 1342 4134 ἧς
1373 4062 1471 4114 οὐκ
1518 4053 1625 4114 οἶδε
1650 4059 1792 4130 λήθη

194 4157 776 4229 κατακαυχήσασθαι.

264 4341 348 4394 κδ’
354 4382 368 4396 .
410 4341 568 4410 Ἤδη
598 4334 656 4392 δὲ
691 4338 784 4391 καὶ
819 4335 992 4397 ἄλλως
1039 4335 1073 4402 ὴ
1106 4332 1172 4404 σὴ
1217 4332 1338 4386 θεία
1373 4331 1604 4386 κιϐωτὸς
1629 4331 1790 4400 αὕτη,

1889 3225 2057 3278 menti
2115 3221 2371 3292 preponit
2431 3234 2631 3274 aurum
2703 3231 2816 3286 quo
2867 3216 3018 3270 velut
3071 3213 3302 3281 speculo
3362 3210 3458 3266 Dei

1889 3325 2142 3370 naturam
2201 3315 2403 3383 ubique
2453 3317 2849 3381 repraesentant
2880 3305 3248 3362 sanctissima:
3300 3304 3459 3360 nobis

1890 3407 2104 3461 tradita:
2135 3407 2352 3459 litterae.
2396 3403 2526 3457 Fert
2565 3403 2730 3456 etiam
2763 3399 3002 3464 tabulas,
3041 3397 3095 3452 id
3120 3407 3204 3452 est
3233 3405 3461 3460 entero-

1891 3515 2008 3552 rnnt
2041 3498 2285 3552 divinam
2322 3496 2600 3556 notitiam,
2629 3493 2877 3547 omnium
2937 3489 3282 3546 terrestrium
3327 3503 3460 3546 nec-

1889 3609 1998 3648 non
2024 3606 2214 3646 eorutn
2255 3603 2376 3660 quae
2420 3587 2567 3642 circa
2619 3600 2724 3641 nos
2754 3592 3092 3650 versantur;
3127 3583 3240 3638 haec
3273 3592 3456 3635 autem

1891 3687 2083 3742 notitia
2138 3699 2239 3740 nec
2301 3683 2462 3740 facile
2527 3679 2760 3737 delenda
2822 3693 2923 3733 nec
2978 3676 3174 3732 leviter
3237 3682 3456 3729 tantum

1890 3780 2093 3850 scripta
2149 3776 2272 3841 fuit,
2301 3777 2395 3832 sed
2456 3775 2696 3830 lirmiter
2745 3779 2800 3828 et
2832 3770 3130 3826 admodum
3189 3770 3302 3824 alte
3358 3767 3460 3822 fuit

1890 3873 2188 3942 insculpta.
2244 3871 2326 3924 Ita
2378 3878 2494 3925 tum
2556 3869 2740 3926 divina
2795 3876 2910 3922 tum
2971 3865 3214 3921 humana
3277 3869 3461 3916 mente

1891 3963 2219 4034 concepisti,
2254 3962 2345 4017 illa
2403 3960 2625 4032 quidem
2663 3959 2812 4012 Velut
2870 3959 2925 4011 in
2981 3969 3118 4010 auro
3150 3951 3456 4017 recondita,

1890 4055 1994 4110 ista
2025 4067 2204 4110 autem
2233 4055 2378 4108 velut
2407 4051 2636 4106 ﬁrmiter
2659 4058 2714 4103 et
2741 4056 3130 4116 permanenter
3158 4040 3452 4110 insculpta,

1891 4162 2009 4208 seu,
2046 4155 2102 4200 ut
2154 4145 2314 4200 aliter
2352 4143 2558 4206 dicam,
2593 4139 2758 4194 ambo
2839 4138 2895 4190 in
2956 4132 3276 4189 memoriam
3333 4145 3457 4201 quae

1891 4236 2223 4293 oblivionem
2261 4234 2435 4287 nescit
2475 4228 2794 4284 indelihiter
2819 4227 3026 4280 inusta.

1959 4326 2050 4380 24.
2089 4322 2208 4378 Jam
2260 4323 2396 4376 alias
2450 4321 2561 4374 dixi
2593 4319 2830 4374 divinam
2863 4329 3046 4370 arcam
3080 4324 3228 4369 tuam
3253 4352 3268 4377 ,
3301 4327 3459 4367 men-

189 4433 218 4486 ό
246 4433 400 4500 νοῦς,
466 4409 656 4502 μάννα
696 4429 881 4498 στέγει
936 4428 1033 4480 καὶ
1079 4425 1278 4496 χρυσὸν
1321 4430 1417 4477 καὶ
1447 4424 1658 4486 πλάκας
1682 4441 1694 4454 ·
1725 4423 1786 4475 οὐ

1893 4427 2022 4483 tem,
2074 4432 2272 4471 manna
2328 4423 2510 4484 tegere
2561 4421 2616 4468 et
2673 4427 2866 4465 aurum
2934 4419 2986 4463 et
3052 4409 3288 4470 tabulas.
3340 4422 3452 4462 non

192 4528 360 4594 μόνον
395 4526 538 4586 τοὺς
587 4523 714 4591 περὶ
744 4522 844 4590 τῆς
891 4520 1153 4572 ἀνωτάτω
1199 4515 1430 4584 Τριάδος
1482 4515 1694 4582 λόγους,
1720 4508 1787 4584 ἦς

185 4617 364 4680 τύπος
395 4619 426 4670 ό
468 4616 584 4668 τῶν
611 4613 894 4667 ἀποθέτων
920 4609 1226 4679 κειμηλίων
1247 4607 1454 4660 τούτων
1485 4606 1664 4674 τριάς,
1695 4607 1786 4658 καὶ

183 4710 244 4760 τὸ
280 4707 380 4760 τοῦ
419 4709 616 4776 μάννα
641 4703 891 4772 οὐράνιον
915 4719 931 4734 ο
961 4700 1096 4754 ἀλλά
1126 4699 1219 4751 καὶ
1249 4698 1375 4758 τοὺς
1404 4697 1536 4766 περὶ
1564 4696 1659 4763 τῆς
1688 4693 1787 4747 τοῦ

183 4799 325 4852 Θεοῦ
360 4801 562 4865 Λόγου
600 4795 962 4855 καταϐάσεως
989 4790 1075 4856 ἐφ’
1101 4791 1274 4860 ἡμᾶς,
1320 4787 1499 4856 σάρκα
1544 4786 1789 4855 προσλα-

183 4892 432 4960 ϐομένου
469 4891 583 4959 τὴν
613 4889 673 4939 ἐκ
698 4886 844 4955 χοὸς,
875 4884 976 4952 τὴν
1006 4883 1128 4936 καθ’
1155 4881 1325 4950 ἡμᾶς,
1358 4879 1463 4942 ἔξω
1486 4877 1578 4930 τοῦ
1605 4877 1788 4947 ἀμαρ-

179 4984 304 5046 τίας
368 4978 672 5054 μολυσμὸν
738 4974 1129 5044 ἐπισύρεσθαι*
1187 4967 1247 5027 οὗ
1303 4968 1543 5038 σύμϐολα
1599 4969 1632 5038 ἡ
1688 4966 1785 5019 τοῦ

181 5077 372 5142 μάννα
430 5068 648 5140 ὑψόθεν
697 5066 1024 5130 κατάϐασις,
1071 5065 1164 5118 καὶ
1217 5062 1279 5115 τὸ
1328 5060 1648 5132 ἀρρύπαρον
1691 5057 1786 5111 τοῦ

175 5165 420 5235 χρυσοῦ,
465 5161 576 5215 καὶ
633 5158 744 5210 τῶν
793 5157 1017 5209 πλακῶν
1067 5155 1128 5207 τὸ
1162 5153 1536 5223 χοόπλαστονο
1586 5149 1678 5211 οὓς
1721 5149 1787 5218 δὴ

173 5258 502 5325 ἑκατέρους
531 5249 755 5316 λόγους,
782 5247 912 5309 τούς
942 5263 1002 5297 τε
1035 5245 1161 5312 περὶ
1192 5242 1326 5295 Θεοῦ
1366 5240 1460 5293 τοῦ
1494 5241 1550 5292 ἐν
1594 5239 1786 5308 Τριάδι

175 5363 518 5419 προσκυνου
531 5340 726 5412 μένου,
753 5339 879 5398 τούς
910 5355 970 5389 τε
1009 5337 1136 5403 περὶ
1170 5334 1266 5385 τοῦ
1299 5333 1436 5385 Θεοῦ
1469 5333 1667 5399 Λόγου,
1692 5331 1785 5382 τοῦ

169 5447 294 5507 ἑνὸς
321 5445 431 5511 τῆς
468 5435 741 5506 Τριάδος,
768 5432 862 5485 τοῦ
900 5433 958 5484 ὲν
998 5429 1305 5496 ὸστρακίνῳ
1352 5427 1535 5479 σκεύει
1563 5424 1782 5494 σαρκὸς,

169 5536 471 5605 ἡμετέρου
521 5524 837 5594 Θησαυροῦ,
867 5523 1008 5574 οὕτω
1040 5521 1136 5588 μὲν
1168 5517 1449 5586 περιέπεις
1478 5518 1571 5567 καλ.
1601 5517 1785 5583 φέρεις

166 5627 624 5697 ταμιευόμενος
655 5615 912 5682 ασφαλῶς
946 5615 1002 5663 ὲν
1036 5613 1203 5680 ψυχῇ,
1239 5610 1312 5669 ὡς
1343 5609 1450 5658 οὐδ’
1497 5608 1561 5656 ἂν
1591 5606 1782 5667 οὐδεὶς,

165 5723 293 5773 οὐδὲ
341 5717 510 5769 ’πάνυ
552 5710 693 5779 περὶ
730 5709 830 5769 τὰς
869 5706 1196 5771 τιμιωτέρας
1251 5701 1358 5750 τῶν
1408 5699 1548 5749 ὑλῶν
1591 5699 1785 5763 ἐπτοη-

171 5815 369 5884 μένος,
437 5798 881 5869 ἐπαγρυπνὴσει
937 5795 1152 5863 φυλακῇ
1203 5787 1480 5860 θηταυροῦ
1509 5804 1521 5819 '
1562 5788 1702 5840 οὕτω
1730 5786 1783 5838 δὲ

1893 4520 2103 4566 tantum
2145 4508 2488 4578 cognitiones
2527 4505 2672 4560 circa
2730 4503 3182 4558 sublimissitnatn
3214 4499 3460 4556 Trinita-

1893 4610 2024 4667 tem,
2055 4601 2213 4668 cujus
2246 4600 2415 4668 ligura
2450 4596 2810 4666 repositorum
2863 4594 3055 4648 borum
3089 4594 3452 4661 pretiosorum

1892 4694 2108 4749 trinitas
2152 4705 2464 4760 mannaque
2506 4688 2746 4749 eteleete,
2801 4686 2894 4740 sed
2951 4685 3113 4739 etiam
3167 4685 3312 4738 circa
3362 4683 3455 4739 Dei

1890 4783 2055 4840 Verbi
2080 4783 2145 4837 ad
2179 4797 2279 4836 nos
2313 4781 2660 4842 descensum,
2688 4792 2908 4831 carnem
2937 4790 2968 4830 e
3003 4775 3135 4828 limo
3167 4789 3456 4829 assumen-

1891 4880 1980 4943 tis,
2029 4892 2246 4931 carnem
2295 4884 2495 4928 nostrae
2548 4871 2804 4935 similem,
2841 4878 3070 4940 excepto
3111 4876 3356 4938 peccato,
3394 4877 3454 4921 ut

1889 4971 2080 5026 sordes
2113 4974 2479 5038 expurgaret;
2507 4964 2664 5034 cujus
2694 4962 2938 5034 sytnbola
2968 4971 3084 5015 turn
3117 4975 3316 5012 manna
3345 4972 3457 5011 cte-

1891 5062 2018 5115 littts
2066 5058 2402 5119 demissum,
2450 5065 2564 5110 tum
2621 5053 2740 5108 auri
2805 5051 3115 5111 sinceritas,
3171 5059 3284 5101 tum
3343 5053 3454 5096 ter-

1889 5165 2018 5207 rena
2064 5149 2374 5203 tabularum
2416 5145 2668 5217 plastice,
2715 5155 2876 5212 quam
2923 5149 3209 5203 utramque
3246 5131 3449 5185 intelli-

1889 5243 2126 5310 gentiam
2186 5249 2239 5294 et
2295 5240 2440 5292 circa
2509 5238 2678 5291 Deum
2741 5236 2796 5288 in
2853 5229 3121 5283 Trinitate
3164 5225 3445 5277 adoratum

1887 5339 1940 5384 et
1963 5329 2106 5383 circa
2131 5326 2220 5380 Dei
2249 5327 2480 5380 Verbntn
2551 5337 2720 5378 unum
2765 5335 2827 5374 ex
2895 5314 3183 5376 Trinitate,
3221 5324 3444 5366 carnem

1886 5434 1950 5472 ex
2005 5418 2176 5470 lutosa
2243 5416 2466 5469 materia
2535 5413 2752 5470 factum,
2802 5407 3123 5459 thesaurum
3170 5409 3443 5465 nostrum,

1888 5520 2042 5564 tanto
2077 5507 2258 5562 studio
2289 5507 2422 5560 colis
2451 5513 2503 5557 et
2548 5507 2732 5570 portas
2776 5499 2830 5552 in
2871 5497 3052 5552 anima
3097 5501 3217 5547 tuto
3267 5506 3446 5545 asser-

1885 5615 2088 5662 valam,
2140 5607 2194 5650 ut
2232 5611 2423 5656 nemo,
2477 5593 2638 5645 etiam
2685 5590 2878 5642 harum
2931 5601 3000 5640 ex
3055 5583 3299 5638 materiis
3334 5598 3450 5636 ma-

1887 5697 2029 5748 xime
2061 5692 2417 5760 pretiosarum
2461 5679 2844 5748 peritissimus,
2888 5675 3131 5729 thesauri
3184 5673 3447 5729 custodia:

1896 5783 2086 5835 melius
2121 5772 2454 5843 invigilabit;
2493 5781 2700 5823 necnon
2738 5766 2811 5820 ita
2843 5765 3158 5820 memoriter
3187 5763 3352 5818 habes
3386 5772 3446 5820 et
