4026 6248
468 337 578 402 9θ3

1210 338 1564 400 EUSTATII
1575 339 1630 398 ll
1671 335 2419 400 THESSALONICENSIS
2456 335 3012 399 METROPOLITgE

3522 322 3542 330 ‘
3613 334 3719 396 aut

469 455 516 509 si
565 461 857 524 oporteat,
909 453 1028 510 sine
1083 454 1194 509 ullo
1241 469 1451 518 errore,
1512 454 1727 523 profers
1779 464 1841 508 ut
1887 468 2048 509 nemo

2160 476 2268 529 μνη
2279 457 2454 528 μόνως
2484 453 2648 522 ἔχεις.
2684 451 2778 504 καὶ
2811 451 3014 517 δεῆσαν
3068 447 3334 520 προάγεις
3363 446 3726 509 ἀδιαπτώτως

467 544 684 599 facilius
724 546 1002 615 pr0prium
1055 560 1251 599 nomen
1325 543 1586 614 proferat.
1631 545 1754 599 Ideo
1806 544 1877 598 ita
1940 544 2038 598 do-

471 640 548 691 les
587 639 869 706 magisque
901 640 1139 693 tristaris
1175 650 1396 707 propter
1436 638 1749 692 insidiantes
1797 638 2038 700 veritati,

468 743 528 781 ut
561 731 765 784 nullius
800 731 977 798 magis
1009 746 1170 799 quam
1203 739 1293 783 tua
1323 728 1590 798 atlligatur
1612 730 1814 783 anima.

539 908 630 960 ‘25.
689 908 811 962 llaec
876 908 1096 977 quidem
1147 911 1296 966 novit
1344 910 1722 978 unusquisque
1771 921 2038 973 nostrum,

467 1001 808 1068 proclamant
842 1001 1006 1054 etiam
1053 1001 1257 1070 lapides
1297 1016 1438 1071 quos
1486 1017 1740 1071 magnum
1780 999 2042 1058 excelsis-

470 1093 622 1144 sinue
656 1094 939 1161 sapientiae
991 1091 1094 1147 fert
1129 1095 1415 1162 templum,
1454 1093 1649 1147 tabulae
1687 1101 1892 1146 sanctae
1921 1089 2044 1160 qui-

469 1184 572 1239 bus
621 1185 927 1254 theologica
963 1194 1051 1238 tua
1082 1187 1338 1239 innititur
1385 1185 1656 1248 scientia;
1704 1183 1793 1252 qui
1836 1183 2042 1249 lapides

471 1279 706 1330 candore
757 1277 984 1347 fulgent,
1031 1288 1083 1332 et
1119 1280 1243 1333 inde
1268 1281 1511 1333 veritatis
1550 1277 1853 1331 ostendunt
1895 1277 2045 1330 albe-

471 1369 676 1433 diucm,
716 1371 990 1438 rubroque
1051 1373 1340 1438 splendore
1400 1373 1701 1424 cmicantcs
1761 1369 2045 1438 sanguinis

469 1460 707 1513 colorem
752 1465 1039 1530 pchpicue
1067 1473 1371 1530 exponunt,
1405 1468 1592 1532 sicque
1622 1463 1791 1518 hostis
1819 1478 2044 1530 perver-

470 1549 676 1608 si'ssimi
720 1557 945 1610 vulnera
997 1567 1042 1609 cl
1090 1558 1344 1610 ruborem
1400 1558 1773 1612 iuanifestant.
1823 1555 1878 1610 lu
1924 1556 2046 1611 istis

469 1645 743 1712 lapidibus
782 1662 914 1714 pura
970 1648 1194 1700 rutilant
1237 1648 1521 1716 theologiae
1567 1648 1858 1716 dogmata,
1916 1661 2041 1700 nec.-

472 1753 580 1790 non
618 1738 877 1806 dirigitur
913 1743 976 1792 de
1011 1739 1388 1795 incarnatione
1413 1741 1577 1795 Verbi
1613 1741 1860 1794 doctrina
1891 1754 1921 1792 e
1953 1754 2044 1791 ru-

2144 553 2238 607 ἐπὶ
2271 550 2564 618 στόματος,
2607 545 2680 605 ὡς
2713 543 2823 596 οὐδ’
2853 543 2918 595 ἀν
2961 545 3044 604 τις
3075 542 3280 594 οἰκεῖον
3311 539 3378 592 ἂν
3405 539 3726 609 προαγάγοι

2146 646 2348 718 ῥαδίως
2379 642 2572 710 ὄνομα.
2603 636 2761 690 Ούτω
2794 635 2850 688 δὲ
2885 634 3070 696 ποθεῖς
3113 635 3206 688 καὶ
3239 633 3572 703 ύπερπονεῖς
3602 633 3727 684 ἐπι-

2145 735 2572 801 ϐουλευομένων,
2610 730 2683 792 ὡς
2713 731 2814 782 οὐκ
2843 729 2908 782 ἀν
2957 745 3043 791 τις
3077 727 3198 780 οὐδὲ
3242 724 3423 796 ψυχῆς
3463 725 3726 794 ὑπερπα-

2145 829 2263 896 θοίη
2299 827 2365 880 ἂν
2396 829 2496 896 τῆς
2526 821 2750 876 ἑαυτοῦ.

2215 923 2316 976 κε’.
2350 922 2460 973 Καὶ
2489 918 2667 972 ταῦτα
2693 911 2803 970 οἶδε
2842 915 2940 983 μέν
2970 915 3063 967 καὶ
3101 913 3262 984 ἡμῶν
3305 911 3564 973 ἕκαστος,
3594 911 3731 962 ἀνα-

2145 1013 2413 1082 κράζουσι
2444 1010 2502 1063 δὲ
2530 1011 2624 1063 καὶ¹
2653 1009 2701 1060 οἱ
2737 1007 2897 1068 λίθοι,
2923 1005 3016 1067 οῦς
3047 1005 3109 1058 τὸ
3151 1004 3294 1073 μέγα
3323 1003 3422 1070 τῆς
3460 1000 3728 1054 ἀνωτάτω

2148 1108 2342 1172 σοφίας
2377 1103 2532 1172 φέρει
2559 1101 2883 1168 ἀνάκτορον,
2917 1099 2971 1149 αἱ
3003 1097 3147 1165 ἱεραὶ
3175 1095 3406 1159 πλάκες,
3433 1088 3522 1154 αἷς
3547 1095 3618 1144 τά
3660 1090 3730 1142 σά

2147 1198 2527 1264 θεολογήμ.σ.τα
2556 1192 2836 1260 ἕγκεινται
2861 1206 2873 1218 ·
2905 1190 2954 1242 οἳ
2992 1188 3055 1259 δὴ
3088 1186 3228 1240 λίθοι
3252 1185 3329 1253 τῷ
3361 1201 3420 1236 τε
3453 1181 3729 1248 διαλεύκῳ

2147 1289 2548 1358 παμφαίνουσι,
2583 1284 2679 1338 καὶ
2717 1286 2776 1335 τὸ
2809 1285 2908 1350 τῆς
2941 1281 3201 1348 ἀληθείας
3229 1276 3483 1331 ἐντεῦθεν
3509 1275 3731 1342 διαφαί-

2148 1397 2300 1432 νουσι
2327 1378 2653 1439 πάλλευκον,
2695 1376 2792 1427 καὶ
2821 1373 3011 1426 κάλλει
3049 1372 3107 1423 δὲ
3138 1369 3458 1438 λάμποντες
3508 1365 3732 1435 ἐρυθρῷ

2148 1473 2338 1542 χροιὰν
2387 1469 2621 1538 αἵματος
2678 1465 3152 1534 παραυγάζονται,
3190 1459 3296 1515 ’καὶ
3345 1460 3438 1512 τὸν
3476 1475 3735 1529 τραυμα-

2148 1565 2267 1616 τίαν
2293 1562 2546 1616 ἐντεῦθεν
2597 1561 2690 1613 καὶ
2722 1561 2820 1628 τὴν
2861 1557 3128 1628 αίσχύνην
3161 1554 3254 1609 τοῦ
3289 1551 3606 1624 ἀρχεκάκου
3641 1567 3736 1601 πο-

2148 1657 2454 1726 λεμήτορος
2505 1653 2967 1721 ὑπεμφαίνουσιν.
3025 1650 3113 1702 Ἐν
3153 1647 3366 1708 τούτοις
3413 1646 3530 1707 τοῖς
3561 1641 3736 1703 λίθοις

2153 1750 2247 1802 καὶ
2274 1748 2332 1801 τὸ
2361 1749 2461 1816 τῆς
2492 1745 2776 1820 θεολογίας
2813 1741 3057 1810 καθαρὸν
3104 1740 3502 1808 φωσφορείται,
3536 1736 3631 1787 καὶ
3669 1733 3736 1783 τὰ

469 1828 571 1881 bro
607 1829 844 1896 Virginis
889 1832 1156 1900 sanguine
1211 1848 1430 1886 carnem
1483 1833 1585 1887 sibi
1640 1831 2042 1885 immaculatam

2160 1841 2286 1910 περὶ
2329 1840 2428 1907 τῆς
2479 1818 2811 1908 σαρκώσεως
2844 1836 2938 1888 τοῦ
2989 1833 3164 1900 Λάγου
3219 1830 3626 1899 ὀρθοτομεῖται,
3680 1823 3740 1887 ἐξ

467 1920 850 1976 contrahentis
883 1939 896 1987 ;
942 1938 1176 1989 quorum
1239 1925 1327 1978 illa
1362 1926 1584 1994 quidem
1639 1926 1778 1995 lapis
1809 1925 2044 1978 dilucide

468 2010 784 2077 Splendens,
822 2013 935 2068 haec
985 2021 1167 2068 autem
1225 2017 1573 2070 suhostendit
1620 2017 1790 2069 rubor
1825 2014 2046 2085 sangui-

470 2121 631 2158 neum
677 2106 911 2162 nitorem
949 2109 1292 2176 illuminans;
1327 2110 1402 2163 ita
1451 2119 1528 2175 ut,
1569 2109 1794 2178 perinde
1827 2123 1890 2162 ac
1914 2108 2044 2161 olim

471 2199 731 2265 purpurei
779 2200 1048 2268 sanguine
1080 2201 1233 2271 digiti
1284 2203 1515 2257 salutem
1553 2211 1822 2264 nostram,
1877 2201 1952 2254 ita
1992 2205 2050 2254 et

470 2287 764 2358 digitorum
818 2292 999 2346 divina
1046 2293 1360 2363 impressio,
1440 2305 1663 2362 prepter
1704 2293 1908 2348 coloris
1959 2291 2042 2346 si-

471 2381 872 2447 milEtudiuem,
923 2387 1076 2440 clare
1133 2397 1383 2441 nostrum
1446 2387 1816 2455 praetigurabit
1868 2386 2048 2441 salva-

471 2481 667 2527 torem.

540 2563 630 2619 26.
674 2564 858 2620 Talem
908 2582 1010 2637 ego
1043 2579 1094 2622 te
1137 2583 1321 2623 arcam
1368 2571 1664 2639 conspicio,
1706 2571 2049 2626 divinissime

471 2653 791 2724 imperator,
815 2673 981 2726 quam
1007 2660 1214 2713 ducunt
1238 2661 1456 2729 quidem
1495 2662 1682 2726 boves,
1715 2678 1824 2716 non
1853 2679 2050 2723 secun-

470 2745 600 2798 dum
636 2747 780 2800 illam
821 2748 1075 2818 typiram,
1111 2763 1210 2802 nec
1262 2759 1422 2819 prout
1467 2762 1702 2806 cernunt
1742 2753 1905 2818 oculi,
1954 2757 2045 2808 sed

471 2838 800 2893 tlivittissimi
833 2843 1021 2907 boves,
1054 2845 1266 2898 animas
1300 2857 1514 2899 arantes
1557 2849 1811 2916 apostoli,
1851 2849 2048 2917 quibus

472 2933 875 3004 primi‘sjugum
900 2953 1010 3003 quo
1035 2939 1344 3008 junguntur
1369 2940 1655 3006 distantia,
1689 2940 1790 2994 fuit
1823 2942 2050 3008 imposi-

475 3037 628 3092 tum;
669 3041 831 3095 quam
861 3029 1023 3083 etiam
1069 3032 1249 3085 ferunt
1298 3033 1634 3096 sacerdotes.
1685 3034 1759 3087 illi
1791 3036 2048 3104 superius

473 3115 862 3171 defunctorum
911 3129 1112 3188 patres,
1144 3123 1349 3194 quibus
1379 3121 1669 3192 imponens
1711 3126 1910 3178 tuentis
1947 3133 2050 3178 tua:

477 3206 784 3263 firmitatem
835 3212 1086 3267 hostibus
1129 3228 1429 3269 occurrens
1485 3218 1652 3269 vertis
1707 3217 2053 3271 adversarios

475 3301 657 3365 nobis,
686 3317 827 3356 novo
848 3305 1033 3368 Israel,
1055 3307 1241 3362 electm
1269 3308 1358 3362 Dei
1391 3309 1714 3366 haereditati.
1735 3322 1789 3361 ct
1811 3310 2054 3364 absolvis

477 3406 686 3448 rectum
730 3397 854 3451 fidei
887 3401 1183 3464 tramitem,
1222 3401 1452 3470 illosque
1480 3401 1727 3470 dignaris
1757 3404 2057 3471 appropin-

478 3506 674 3558 quare,
709 3502 761 3546 et
795 3501 846 3548 te
870 3496 1203 3565 tangendum
1243 3497 1322 3551 eis
1348 3497 1534 3551 offers.
1577 3497 1804 3568 lndiguo
1833 3499 1977 3550 enim
2005 3507 2055 3551 te

480 3599 594 3637 non
641 3585 766 3641 licet
806 3595 1031 3655 tangere
1070 3590 1214 3644 sient
1257 3591 1498 3660 typicam
1529 3590 1658 3644 olim
1693 3606 1912 3654 arcam;
1956 3603 2058 3643 nec

482 3683 666 3731 tamen
701 3678 783 3732 fas
823 3689 908 3734 est
937 3690 990 3734 te
1020 3684 1166 3737 velut
1198 3683 1340 3736 illam
1377 3683 1428 3736 in
1459 3687 1779 3739 servitutem
1811 3684 2058 3752 redigere

481 3786 660 3838 neque
691 3773 746 3826 in
797 3783 1116 3830 extraneam
1154 3776 1373 3830 auferre.
1408 3777 1704 3846 regionem.
1749 3779 1950 3832 Verum
1997 3784 2056 3828 tu

481 3863 698 3918 inducis
755 3877 809 3921 et
873 3869 937 3921 ad
993 3868 1160 3921 Deum
1227 3869 1496 3924 conducis
1572 3871 1781 3925 alienos
1860 3887 2060 3924 secun-

480 3953 610 4007 duui
646 3956 829 4020 fidem,
864 3957 1131 4026 ducisque
1153 3959 1820 4013 distantesiii-dominium
1863 3958 1977 4024 Dei,
2007 3967 2060 4014 et

483 4042 577 4098 Dei
626 4046 770 4101 ovile
820 4050 1018 4102 ovibus
1091 4047 1266 4117 reples
1327 4065 1467 4118 quos
1547 4064 1778 4119 magnus
1833 4050 2058 4118 quidem

483 4147 671 4204 pastor
703 4138 843 4195 Deus
881 4141 1140 4208 habebat,
1185 4143 1424 4197 nondum
1461 4151 1638 4195 autem
1687 4143 1740 4195 iu
1771 4142 1889 4213 ejus
1920 4143 2062 4197 ovile

483 4229 849 4289 intraverant.

552 4402 646 4458 27.
705 4404 957 4462 Pontifex
1014 4406 1356 4463 divinissime
1415 4418 1469 4464 et
1521 4409 1946 4478 sapientissime,
2002 4417 2059 4462 tu

483 4512 703 4568 quoque
768 4514 963 4554 manus
1019 4501 1072 4553 in
1113 4501 1274 4554 istam
1328 4516 1511 4556 arcam
1578 4503 1778 4557 misisti
1837 4502 2060 4572 quando

489 4590 712 4642 tonabat
741 4591 943 4644 bellum
973 4590 1277 4660 spiritualis
1299 4593 1684 4656 discussionis,
1706 4594 1932 4662 quando
1950 4595 2062 4647 duo

487 4680 767 4734 exercitus
810 4682 1066 4750 utrinque
1113 4683 1538 4748 ordinabantur,
1575 4692 1628 4737 et
1671 4699 1798 4738 arca
1841 4683 1943 4737 fuit
1977 4685 2062 4737 al-

485 4769 622 4835 lata,
650 4781 704 4826 et
746 4782 806 4833 tu
831 4774 848 4842 (
873 4783 930 4827 ut
960 4776 1182 4844 dignum
1215 4776 1366 4846 erat)
1406 4792 1524 4832 eam
1568 4777 1686 4847 ipse
1716 4777 2060 4844 sustinuisti,

485 4872 540 4919 et
584 4872 730 4920 recte
763 4865 1032 4922 incedenti
1064 4869 1308 4924 astitisti.
1359 4868 1443 4923 Et.
1473 4871 1736 4926 suscitata
1770 4877 1899 4926 sunt
1939 4885 2061 4924 om-

485 4957 599 5021 nia,
656 4959 978 5028 sapientiam
1037 4960 1147 5014 Deo
1208 4961 1474 5032 largiente
1524 4963 1843 5031 imperatori
1901 4977 2064 5032 super

483 5067 675 5108 omnes
715 5053 836 5122 ejus
884 5053 1162 5121 inimicos,
1204 5065 1367 5124 prout
1423 5055 1628 5109 alicubi
1678 5056 1829 5110 canit
1868 5055 2062 5121 David,

482 5157 538 5202 et
569 5148 768 5203 cecidit
803 5147 1178 5204 adversarius.
1217 5146 1371 5203 Tunc
1415 5149 1580 5203 etiam
1615 5162 1740 5201 cuin
1773 5164 1926 5203 esses
1969 5164 2063 5203 sa-

483 5241 702 5311 pientia:
752 5245 1022 5314 abyssus,
1083 5257 1149 5297 ex
1201 5242 1468 5310 singulari
1524 5242 1757 5296 scientia
1818 5257 1907 5296 res
1966 5242 2061 5296 Dei

483 5335 645 5388 simul
699 5337 1050 5405 loquebaris;
1097 5339 1151 5392 in
1200 5335 1394 5402 primis
1440 5336 1715 5388 maximus
1762 5336 2062 5399 imperator

482 5427 954 5496 interpretationis
1008 5430 1255 5500 fulgebat
1313 5425 1528 5499 gratiis,
1589 5439 1686 5477 seu
1755 5426 2058 5492 praesertim

486 5519 590 5588 (ut
632 5520 804 5590 magis
844 5530 966 5590 apte
1016 5521 1220 5593 dicam)
1290 5528 1409 5577 erat
1455 5517 1611 5589 quasi
1670 5531 1732 5570 os
1785 5517 1916 5572 Dei:
1952 5534 2066 5574 non

484 5614 696 5660 tantum
741 5611 933 5678 dignos
965 5611 1092 5667 ft'cit
1126 5629 1191 5668 ex
1228 5612 1470 5682 indignis
1507 5612 1812 5666 secundum
1845 5623 2058 5663 sacram

487 5697 850 5766 Scripturam,
889 5704 982 5758 sed
1014 5707 1177 5768 etiam
1223 5708 1304 5761 ori
1358 5705 1688 5774 loquebatur
1736 5705 2058 5773 sapientiam

486 5796 538 5841 ct
575 5791 910 5848 tueditathui
941 5797 1124 5852 cordis
1162 5798 1603 5869 intelligentiam.

2090 4543 2142 4601 D

2161 1926 2410 1997 ἑρυθρῶν
2442 1924 2698 1994 αἱμάτων
2726 1922 3074 1992 παρθενικῶν
3114 1919 3296 1988 σάρκα
3329 1919 3510 1986 ἐαυτῷ
3557 1915 3740 1983 πηξα-

2160 2022 2322 2092 μένου
2354 2020 2665 2089 ὑπέραγνον
2689 2036 2703 2052 ο
2735 2011 2808 2071 ὧν
2830 2019 2890 2070 τὸ
2920 2018 3018 2087 μὲν
3043 2015 3196 2077 λίθος
3227 2012 3462 2068 στίλϐων
3489 2012 3570 2072 είς
3598 2009 3739 2076 φῶς,

2155 2117 2224 2169 τὰ
2247 2115 2292 2168 δ’
2325 2113 2618 2180 ὑποφαίνει
2658 2110 2964 2181 ἐρυθρότης
2991 2107 3152 2170 ἄνθος
3183 2102 3494 2175 αἱματηρὸν
3523 2116 3743 2169 παραυ-

2154 2207 2403 2274 γάζουσα
2428 2223 2442 2238 ·
2485 2205 2561 2268 ὡς
2595 2204 2682 2266 ἂν,
2715 2203 2905 2272 ὥσπερ
2956 2200 3088 2257 ποτὲ
3131 2197 3508 2268 φοινιχθέντες
3540 2192 3741 2261 αἵματι

2153 2299 2411 2354 δάκτυλοι
2457 2297 2736 2367 σωτηρίαν
2767 2296 2946 2364 ἡμῶν,
2999 2292 3144 2347 οὓτω
3183 2292 3278 2348 καὶ
3307 2287 3402 2341 νῦν
3451 2284 3742 2340 δακτύλων

2156 2392 2404 2453 τύπωσις
2462 2389 2814 2454 Θεοκίνητος,
2877 2385 3012 2454 πρὸς
3075 2383 3374 2452 ὁμοιότητα
3441 2376 3743 2450 χρώματος

2159 2483 2466 2551 βάπτουσα,
2501 2479 2943 2549 καλλιγραφήσει
2976 2478 3044 2530 τά
3084 2477 3352 2542 σώζοντα.

2263 2580 2378 2639 κς·’.
2415 2573 2685 2635 Τοιαύτην
2722 2572 2833 2640 ἐγώ
2867 2591 2924 2626 σε
2959 2571 3149 2641 Θεωρῶ
3204 2568 3462 2632 κιϐωτὸν,
3492 2565 3743 2618 Θειὸτατε

2159 2667 2401 2738 βασιλεῦ,
2439 2667 2505 2735 ἢν
2537 2665 2766 2735 φέρουσι
2802 2664 2901 2733 μὲν
2951 2661 3092 2732 βόες,
3117 2661 3177 2714 οῦ
3213 2661 3332 2714 κατ’
3383 2658 3608 2724 ἐκείνην
3639 2656 3742 2722 τὴν

2155 2759 2413 2828 τοπικὴν,
2451 2758 2512 2810 οὐ
2549 2758 2685 2824 πρὸς
2715 2756 2967 2822 αἴσθησιν
2993 2771 3011 2786 ·-
3038 2753 3175 2807 ἀλλά
3218 2751 3491 2805 θειότατοι
3525 2747 3670 2816 βόες,
3693 2745 3743 2797 οἱ

2155 2857 2255 2916 τὰς
2282 2850 2460 2921 ψυχὰς
2491 2849 2754 2918 ἀροῦντες
2807 2845 3113 2909 ἀπόστολοι,
3155 2839 3236 2906 οἷς
3293 2841 3533 2914 πρώτοις
3567 2841 3594 2890 6
3620 2839 3731 2890 τῶν

2156 2943 2465 2997 διεστώτων
2517 2939 2837 3003 συνεκτικὸς
2891 2937 3123 3007 ἐπετέθη
3173 2935 3362 3003 ζυγός.
3413 2928 3744 3003 Φέρουσιδὲ

2157 3041 2254 3091 καὶ
2282 3037 2448 3104 ἱερεῖς
2480 3035 2528 3088 οἱ
2559 3033 2670 3086 τῶν
2731 3030 3086 3103 μακαριστῶν
3146 3029 3385 3096 πατέρες
3424 3027 3627 3096 ἔξοχοι,
3659 3017 3744 3087 οἷς

2160 3128 2574 3197 ἐπαναπέμπων
2631 3123 2732 3194 τὴν
2783 3123 2879 3176 τοῦ
2939 3123 3033 3177 σοῦ
3084 3123 3204 3186 νοὸς
3257 3119 3608 3192 ἐμὸρίθειαν,
3645 3115 3744 3170 καὶ

2158 3225 2272 3284 τοῖς
2301 3219 2583 3290 πολεμίοις
2633 3214 3161 3283 ἁντεπεξαγόμενος,
3219 3214 3447 3281 τρέπεις
3477 3212 3608 3269 τοὺς
3640 3211 3742 3262 ἀνι-

2157 3315 2420 3385 τιμάχους
2446 3315 2600 3382 ἡμῖν,
2627 3311 2705 3380 τῷ
2764 3312 2870 3379 νέῳ
2912 3307 3152 3378 Ἰσραὴλ,
3185 3306 3264 3376 τῷ
3293 3304 3582 3366 ἀπολέκτῳ
3614 3301 3747 3370 κλή-

2163 3423 2239 3476 ρῳ
2264 3405 2357 3457 τοῦ
2419 3401 2580 3467 Θεοῦ,
2608 3402 2702 3454 καὶ
2731 3401 2918 3461 ἀνύεις
2973 3397 3246 3467 ὀρθότατα
3273 3394 3374 3464 τὴν
3428 3393 3747 3461 ὁδοιπορίαν

2157 3501 2256 3567 τῆς
2285 3497 2542 3560 πίστεως,
2570 3494 2665 3547 καὶ
2693 3491 2820 3555 τοὺς
2847 3490 3125 3551 τοιούτους
3150 3489 3246 3542 καὶ
3272 3487 3516 3556 ἐγγίζειν
3547 3486 3745 3548 ἀξιοῖς,

2160 3590 2255 3643 καὶ
2307 3589 2600 3655 ὑπανέχειν
2632 3601 2714 3646 σε,
2781 3583 2874 3636 καὶ
2939 3579 3382 3651 προσάπτεσθαι.
3434 3575 3665 3643 Ἀναξίῳ
3689 3576 3746 3628 δέ

2159 3682 2261 3734 οὐκ
2285 3681 2399 3732 ἐστι
2431 3674 2779 3748 προσψαῦσαι
2827 3673 2946 3737 σοῦ,
2978 3671 3232 3739 καθάπερ
3265 3667 3379 3722 οὐδ’
3406 3669 3622 3736 ἐκείνης
3645 3667 3749 3734 τῆς

2162 3775 2222 3826 ἐν
2281 3774 2438 3839 τύπῳ
2491 3767 2753 3832 κιϐωτοῦ,
2815 3763 3324 3836 αἰχμαλωτισθῆναι
3379 3763 3562 3832 μέντοι
3625 3759 3748 3814 κατ’

2162 3863 2404 3929 ἐκείνην,
2430 3863 2523 3913 καὶ
2569 3857 2887 3928 ἀπαχθῆναι
2933 3855 3013 3918 είς
3049 3853 3352 3922 ἀλλοτρίου.
3412 3850 3520 3904 Τοῦ
3544 3851 3748 3912 παντὸς

2162 3955 2222 4008 δέ
2281 3954 2524 4019 εἰσάγεις
2555 3951 2649 4004 καὶ
2695 3951 2953 4016 συνάγεις
2974 3946 3111 4017 πρὸς
3169 3945 3305 3999 Θεὸν
3334 3943 3394 3998 τὸ
3426 3946 3526 4013 τὴν
3559 3945 3747 3996 πίστιν

2163 4047 2464 4114 ἀλλότριον,
2527 4042 2623 4096 καὶ
2675 4041 2830 4108 ἄγεις
2851 4041 2978 4102 τοὺς
3056 4037 3464 4107 ἀφισταμένους
3501 4036 3582 4097 είς
3608 4035 3746 4088 Θεοῦ

2163 4138 2494 4205 οἰκειότητα,
2522 4138 2616 4188 καὶ
2646 4135 2744 4203 τὴν
2777 4132 2868 4186 τοῦ
2901 4131 3036 4184 Θεοῦ
3065 4131 3238 4200 αὐλὴν
3275 4127 3573 4198 προϐάτων
3606 4126 3745 4196 πλη-

2171 4229 2458 4299 ροῖς,ἆπερ
2487 4224 2600 4296 εἶχε
2635 4228 2734 4296 μὲν
2755 4227 2888 4288 Θεὸς
2909 4228 2936 4278 6
2965 4225 3139 4293 μέγας
3168 4222 3394 4291 ποιμὴν,
3427 4220 3536 4272 ἐσω
3567 4220 3622 4272 δὲ
3646 4219 3749 4288 τῆς

2165 4322 2377 4374 ἐκείνου
2432 4319 2602 4387 αὐλῆς
2629 4316 2781 4370 οὔπω
2810 4316 3175 4385 προέκυπτον.

2241 4411 2343 4476 κζ’.
2404 4410 2689 4481 Ἀρχιερεῦ
2750 4408 2997 4462 θειότατε
3059 4409 3153 4459 καὶ
3198 4403 3482 4474 σοφώτατε
3511 4419 3524 4432 ο
3562 4397 3630 4468 ἦν
3661 4403 3749 4454 ὅτε

2168 4505 2263 4558 καὶ
2287 4505 2352 4556 σὺ
2402 4502 2608 4571 ταύτης
2658 4500 3008 4569 συνεφήπτου
3065 4501 3165 4566 τῆς
3194 4494 3456 4557 κιϐωτοῦ,
3509 4495 3749 4564 ὁπηνῖκα

2168 4598 2406 4668 πόλεμος
2465 4595 2743 4663 ἐκροτεῖτο
2801 4591 3185 4660 πνευματικῆς
3241 4589 3621 4658 συζητήσεως,
3656 4587 3751 4640 καὶ

2165 4685 2235 4763 ἦν
2257 4693 2285 4744 6
2331 4689 2662 4758 ταττόμενος
2685 4687 2781 4741 καὶ
2814 4683 3429 4756 ἀντιπαραταττόμενος
3454 4681 3749 4749 ἑτέρωθεν,

2166 4786 2258 4836 καὶ
2293 4785 2326 4854 ἡ
2365 4781 2596 4843 κιϐωτὸς
2649 4781 2970 4851 ὲπεξήγετο,
3017 4779 3114 4832 καὶ
3161 4775 3441 4845 (καθάπερ
3472 4770 3541 4844 ἦν
3577 4773 3747 4838 ὅσιον)

2169 4872 2652 4943 συνεπελαμϐάνου
2709 4873 2804 4925 καὶ
2879 4870 3063 4932 αὐτὸς,
3114 4870 3208 4922 καὶ
3237 4866 3414 4938 ὀρθῶς
3481 4864 3749 4935 βεϐηκυίᾳ

2169 4969 2609 5039 συμπαρίπασο.
2674 4966 2782 5021 Καὶ
2834 4963 3189 5032 κατωρθοῦτο
3214 4963 3271 5013 τὸ
3326 4962 3460 5020 πᾶν,
3499 4957 3636 5011 Θεοῦ
3663 4975 3746 5008 so-

2169 5062 2419 5130 φίξοντος
2441 5061 2531 5114 τὸν
2555 5059 2936 5128 αὐτοκράτορα
2968 5057 3107 5126 ὑπὲρ
3141 5056 3268 5116 τοὺς
3297 5052 3466 5106 αὑτοῦ
3500 5050 3745 5121 ἐχθροὺς,

2169 5156 2314 5210 καθά
2337 5172 2438 5207 που
2467 5154 2659 5224 ψάλλει
2715 5151 2879 5206 Δαϐίδ
2900 5168 2914 5184 ο
2952 5150 3047 5203 καὶ
3073 5150 3130 5200 τὸ
3160 5147 3460 5215 ἀντίμαχον
3492 5144 3746 5196 ἔπιπτεν.

2170 5249 2300 5302 Ὅτε
2361 5247 2453 5298 καὶ
2492 5246 2554 5298 σὺ
2591 5245 2690 5315 μὲν
2747 5245 2939 5313 σοφίας
2982 5243 3221 5303 ἄϐυσσος
3251 5239 3353 5303 ὢν,
3391 5240 3485 5291 καὶ
3521 5239 3656 5289 αὐτὸ
3685 5237 3748 5302 δὴ

2171 5340 2327 5393 τοῦτο
2347 5337 2507 5406 λόγου
2532 5338 2620 5391 διὰ
2655 5337 2714 5390 τὸ
2767 5337 2869 5406 τῆς
2893 5335 3207 5404 ἐπιστήμης
3255 5330 3444 5400 περιὸν
3476 5329 3747 5397 ἐφθέγγου

2170 5433 2237 5486 τά
2264 5430 2358 5485 τοῦ
2417 5431 2555 5484 Θεοῦ
2581 5447 2595 5460 ο
2634 5429 2733 5498 οὐχ
2753 5429 2956 5500 ἥκιστα
3005 5427 3062 5479 δὲ
3093 5429 3188 5479 καὶ
3215 5426 3242 5477 6
3303 5425 3563 5492 μέγιστος
3599 5419 3748 5489 βασι-

2168 5525 2292 5586 λεὺς
2367 5523 2694 5592 Ἐρμαῖκαίς
2725 5521 2998 5588 ἐνέλαμπε
3051 5520 3262 5587 χάρισι,
3295 5516 3534 5583 μάλιστα
3565 5513 3620 5564 δὲ
3654 5511 3748 5577 (εί-

2169 5619 2293 5669 πεῖν
2326 5615 2679 5682 οἰκειότατον)
2711 5609 2778 5684 ἦν
2817 5614 2890 5674 ὡς
2948 5613 3123 5680 στόμα
3154 5608 3288 5662 Θεοῦ
3317 5625 3330 5638 ·
3361 5608 3424 5659 ού
3473 5606 3635 5672 μόνον
3659 5606 3741 5666 οἷς

2168 5709 2352 5776 ἀξίους
2403 5708 2596 5778 ἐξῆγεν
2623 5707 2680 5771 ἐξ
2731 5705 2967 5770 ἀναξίων
3035 5703 3175 5756 κατὰ
3203 5701 3261 5754 τί.
3306 5699 3547 5769 Γράμμα
3590 5697 3647 5749 τὺ
3675 5695 3745 5747 is-

2175 5803 2285 5872 ρὸν,
2320 5800 2564 5855 ἀλλὰκαὶ
2597 5795 2677 5862 οἷς
2710 5799 2886 5850 ἐλάλει
2913 5797 3105 5866 σοφίαν
3138 5796 3214 5867 τῷ
3267 5793 3520 5863 στόματι,
3556 5791 3647 5842 καὶ
3676 5789 3738 5857 τῇ

2179 5895 2377 5964 ιιελέτη
2407 5894 2505 5962 τῆς
2547 5893 2772 5962 καρδίας
2800 5891 3034 5944 σύνεσιν.
