4026 6248
282 369 393 434 9ὀῇ

1148 365 1583 429 ALLOCUTIO
1622 368 1725 428 AD
1767 366 2211 432 MANUELEM
2252 369 2721 437 COMNENUM.

3458 370 3567 437 966

429 489 540 555 κη’.
570 481 644 537 Σὺ
674 480 755 547 δὲ,
781 471 828 535 ὦ
868 477 1113 535 θειότατε
1146 481 1433 553 ἀρχιερεῦ,
1463 482 1557 537 καὶ
1588 482 1756 536 είσέτι
1779 483 1876 540 νῦν

2049 486 2141 541 28.
2188 487 2268 543 Tu
2305 503 2457 553 vero,
2491 504 2523 544 ο
2555 486 2906 579 divinissimc
2952 485 3226 557 pontifex,
3280 500 3561 555 nunquam

285 578 576 649 ύπανέχων
600 575 663 629 οὐ
696 572 845 644 παύῃ
871 573 1079 645 ταύτην
1135 574 1235 645 τὴν
1257 573 1492 629 κιϐωτὸν
1526 575 1620 627 καὶ
1649 576 1763 637 τοῖς
1787 576 1879 647 έχ-

280 675 435 745 θροϊς
458 669 745 738 ἐπεξάγων
800 668 996 740 αὐτὴν,
1067 664 1150 733 οἷς
1183 668 1322 740 ὑπὲρ
1371 667 1541 723 αὐτοῦ
1565 668 1665 732 τὰς
1689 671 1877 741 χεῖρας

280 764 439 834 uici;
464 764 549 826 είς
585 761 740 826 Θεὸν,
772 760 873 814 καὶ
923 762 1038 823 τοῖς
1079 759 1346 814 ἐναντίοις
1397 759 1724 831 ἀπρόμαχον
1749 762 1881 815 καθ-

280 858 459 927 ιστᾷς,
523 854 618 908 καὶ
673 852 903 925 κράζειν
967 853 1095 914 τοὺς
1152 851 1487 919 ἀλλοφύλους
1544 853 1879 919 ποιεῖςοτίς

277 950 427 1021 ἡμᾶς
479 949 547 1001 ἐκ
579 945 777 1011 τούτου
829 945 925 1001 τοῦ
955 946 1193 1019 φοϐεροῦ
1217 950 1311 1003 καὶ
1348 947 1537 1002 ἐνθέου
1594 947 1873 1020 αὐτοκρά-

277 1059 440 1114 τορος
473 1040 724 1113 ρύσεταις
772 1038 998 1105 Ὀποίας
1019 1042 1083 1113 δή
1145 1059 1301 1106 τινας
1328 1043 1497 1097 πάλαι
1520 1044 1616 1096 καὶ
1643 1044 1677 1111 ή
1710 1040 1877 1095 κιϐω⁴

275 1138 366 1199 τὸς
397 1135 583 1204 ἐκείνη
637 1135 827 1203 φωνὰς
866 1136 981 1198 τοῖς
1010 1134 1361 1207 ἑτεροφύλοις
1395 1135 1726 1190 ὑπέϐαλλεν.

355 1300 358 1303 γ
386 1222 494 1282 κθ’.
574 1226 638 1279 Ὦ
664 1224 899 1288 κιϐωτὸς
922 1224 1086 1295 αὕτη,
1137 1224 1274 1279 Θεὸν
1297 1225 1394 1279 καὶ
1466 1225 1535 1279 τὰ
1560 1225 1680 1278 θεῖα
1728 1224 1878 1278 ἔνδον

277 1320 362 1382 εἰς
393 1319 612 1388 μνήμην
635 1316 1064 1370 ἀδιασκέδαστον
1119 1318 1393 1386 στέγουσα
1427 1317 1442 1371 ι
1485 1311 1557 1371 Ὦ
1586 1313 1876 1383 κοσμοσώ-

276 1426 438 1479 τειρα
511 1398 767 1471 κιϐωτὸς,
818 1409 946 1473 τοὺς
978 1408 1088 1461 τῶν
1137 1407 1311 1462 ὅντων
1333 1408 1528 1476 λόγους
1592 1409 1880 1477 ὲμπεριειυ

276 1500 485 1571 ληφυῖα
508 1499 782 1561 θειότατα,
807 1500 894 1554 ἵνα
923 1516 977 1554 τι
1002 1500 1098 1554 καὶ
1129 1501 1227 1565 τῆς
1256 1500 1455 1570 ἑτέρας
1483 1498 1720 1553 ἐνταῦθα
1741 1515 1878 1567 φαν-

278 1593 539 1664 τάσωμαι
562 1590 825 1657 κιϐωτοῦ,
859 1591 927 1646 δι’
957 1585 1027 1663 ἧς
1050 1591 1252 1663 ταύτης
1274 1594 1436 1663 ἡμεῖς
1464 1591 1725 1653 πολλάκις
1741 1591 1874 1645 κλυ-

275 1684 493 1753 δασμοῦ
528 1684 764 1754 ψυχικοῦ
824 1683 1245 1755 διασεσώσμεθα
1289 1686 1601 1755 κρείττονες
1637 1687 1651 1738 l
1697 1686 1760 1739 Ὦ
1786 1701 1876 1736 κι-

278 1775 478 1838 ϐωτὸς,
509 1776 729 1846 μνήμης
744 1775 1015 1831 ἀποθέτου
1036 1778 1265 1845 ταμεῖον
1285 1777 1741 1831 ἀνεπιϐούλευτον
1768 1778 1780 1832 l
1813 1778 1877 1829 Τί

1982 592 2172 634 cessas
2201 580 2361 634 istam
2397 577 2671 637 susunere
2719 595 2903 636 arcam
2953 589 3006 635 et
3058 579 3325 634 adverSUs
3372 577 3563 633 hostes

1982 687 2110 727 eam
2139 671 2435 737 adducere,
2471 690 2664 729 manus
2697 690 2794 745 pro
2834 675 2948 743 ipsa
3001 672 3068 728 ad
3117 672 3287 728 Deum
3319 673 3561 741 erigens.

1981 780 2196 822 necnon
2248 765 2492 821 inimicis
2533 766 2967 837 insuperabilem
3005 767 3239 837 opponis
3272 776 3326 820 et
3357 763 3564 819 vocife-

1981 861 2091 915 rari
2145 859 2354 913 alienos
2395 859 2531 915 facis
2569 878 2583 913 :
2626 880 2644 913 ι
2679 860 2814 926 Quis
2850 875 2948 915 nos
2997 860 3065 912 ab
3116 858 3225 914 isto
3281 857 3567 912 tremendo

1979 968 2142 1023 quem
2208 952 2352 1006 Deus
2409 952 2633 1021 adjuvat
2693 957 3025 1023 imperatore
3083 950 3285 1005 eruet!
3323 969 3340 1001 ι
3405 949 3565 1003 Tales

1980 1047 2258 1116 quondam
2316 1059 2444 1098 arca
2499 1044 2590 1099 illa
2635 1044 2904 1100 clamores
2951 1044 3145 1099 alienis
3183 1042 3436 1115 gentibus
3468 1043 3565 1097 oh-

1974 1139 2135 1211 jecit.

2046 1232 2136 1288 29.
2191 1230 2236 1287 0
2269 1247 2396 1286 arca
2433 1230 2525 1286 illa
2580 1229 2748 1285 Deum
2802 1230 3094 1299 divinaque
3118 1212 3205 1285 ‘in
3243 1248 3362 1285 mea
3387 1229 3561 1283 ariam

1978 1326 2327 1381 iudelcbilcm
2350 1325 2689 1380 recondens!
2717 1322 2761 1380 Ο
2791 1340 2916 1378 arca
2940 1323 3126 1377 mundi
3157 1323 3447 1387 servatrix,
3478 1336 3567 1375 re-

1978 1434 2098 1473 rum
2131 1433 2420 1473 sermones
2447 1416 2713 1472 divinitus
2732 1416 3046 1477 continens.
3082 1424 3141 1469 ut
3167 1415 3296 1483 quid
3318 1414 3480 1469 etiam
3500 1412 3566 1469 de

1979 1509 2150 1563 altera
2181 1524 2309 1563 arca
2338 1509 2426 1564 hic
2449 1509 2736 1565 ostendam
2759 1524 2854 1577 per
2875 1522 3035 1576 quam
3062 1506 3260 1577 saepius
3293 1505 3569 1575 spirituali

1979 1602 2184 1656 diluvio
2221 1603 2414 1657 intacti
2447 1602 2758 1657 evasimus!
2780 1600 2965 1655 Oarca
2989 1608 3103 1654 luta
3135 1598 3574 1669 rcpositipigno-

1980 1696 2055 1748 ris
2090 1696 2276 1749 theca!
2312 1694 2453 1761 Quid
2488 1705 2671 1749 autem
2722 1694 2838 1762 ipsa
2879 1709 3002 1748 arca
3056 1693 3290 1747 sancta?
3334 1689 3573 1744 Interius

1980 1796 2237 1843 contenta
2297 1788 2412 1842 haec
2460 1800 2634 1842 sunt:
2675 1787 2988 1841 tabularum
3019 1802 3046 1837 a
3077 1772 3186 1839 Deo
3235 1785 3566 1853 scriptarum

275 1872 339 1926 δὲ
371 1874 408 1943 ή
462 1873 582 1941 ἱερά
615 1871 850 1938 κιϐωτὸς
883 1871 1047 1944 αῦτη;
1110 1873 1193 1926 Τὰ
1224 1872 1324 1943 μὶν
1355 1873 1505 1936 ἐντὸς
1560 1872 1707 1927 οὕτω
1727 1887 1743 1903 ·
1779 1874 1870 1927 καὶ

1990 1885 2323 1936 sanctitatem
2362 1882 2578 1951 retegit,
2618 1895 2713 1957 vas
2746 1895 2995 1944 auremn,
3037 1892 3352 1947 manuaque
3402 1875 3568 1931 caele-

276 1965 510 2019 πλακῶν
534 1965 855 2040 ἑμϐρίθειαν
886 1967 1071 2035 στέγει
1089 1967 1201 2019 τῶν
1227 1967 1603 2031 θεοπλάστων,
1623 1965 1718 2019 καὶ
1748 1982 1877 2019 στα-

280 2057 542 2127 μνοδοκεί
562 2058 661 2127 τὴν
714 2058 946 2129 χρυσῆν,
1003 2058 1101 2111 καὶ
1136 2060 1472 2128 μαννοφορεῖ
1509 2059 1570 2111 τὸ
1591 2058 1870 2128 οὐράνιον.

277 2150 367 2204 Τὰ
414 2150 473 2203 δὲ
499 2149 657 2214 ἰκτὸς
705 2151 807 2203 οὐκ
835 2149 947 2222 ἔχει
974 2153 1087 2214 τοῖς
1127 2150 1279 2204 ἔνδον
1331 2151 1636 2220 ὁμότροπα.
1672 2149 1773 2219 Εῐη
1806 2149 1874 2202 ἂν

277 2242 444 2295 τοῦτο
464 2243 559 2296 καὶ
578 2242 969 2312 διανοήσασθαι
1005 2242 1168 2311 μόνον
1199 2242 1414 2314 ἀνδρὸς,
1442 2241 1567 2297 οὔτε
1592 2243 1768 2305 ἄλλως
1792 2244 1873 2306 είς

278 2332 499 2387 τελείαν
550 2333 713 2402 φύσιν
741 2332 1145 2403 διοικουμένου,
1182 2333 1565 2404 βεϐλαμμένου
1596 2334 1655 2387 δὲ
1678 2335 1874 2397 καὶείς

278 2428 383 2492 τὰς
409 2428 598 2493 ἀκοάς.
641 2427 883 2498 Ἀληθῶς
919 2427 1030 2498 γὰρ
1061 2431 1155 2481 καὶ
1209 2429 1444 2484 ἐνταῦθα
1474 2430 1507 2499 ή
1537 2428 1631 2482 τοῦ
1665 2428 1875 2498 βασιλιο

279 2522 382 2576 θεοῦ
419 2521 541 2584 νοὸς
567 2520 822 2592 ἀποθήκη
858 2521 977 2585 τοῖς
1013 2525 1251 2593 καρποῖς
1279 2522 1374 2576 τοῦ
1422 2520 1750 2591 Πνεύματος
1781 2520 1875 2591 βέ-

278 2616 499 2687 ϐριθεν,
528 2609 610 2679 οἷς
660 2614 831 2684 αὐτὴν
865 2615 1120 2685 οὐράνιος
1167 2615 1450 2682 ὲμέστωσε
1475 2614 1745 2685 γεωργὸς,
1780 2616 1879 2670 καὶ

1982 1982 2082 2028 ste.
2129 1973 2417 2027 Exteriora
2453 1981 2636 2025 autem
2685 1987 2789 2026 non
2834 1972 3036 2026 habent
3072 1968 3311 2024 internis
3340 1967 3568 2024 similia.

1980 2063 2115 2118 Illud
2153 2064 2361 2119 homini
2404 2065 2495 2120 vix
2539 2065 2705 2119 datur
2737 2063 3058 2134 echgitare
3106 2062 3198 2137 qui
3246 2075 3274 2115 a
3324 2060 3570 2130 perfecta

1980 2167 2177 2212 natura
2220 2157 2455 2223 alienus,
2515 2157 2811 2212 nec'sanis
2877 2140 3109 2210 auribus
3150 2154 3375 2224 gaudet.
3429 2151 3568 2206 Nam

1980 2268 2110 2308 vere
2143 2253 2230 2306 illa
2265 2253 2468 2308 mentis
2504 2252 2667 2321 regia:
2714 2266 2842 2305 arca
2877 2248 3120 2318 Spiritus
3154 2247 3427 2303 fructibus
3482 2261 3575 2298 re-

1981 2342 2120 2398 ferta
2157 2352 2262 2409 est,
2294 2344 2498 2414 quibus
2531 2358 2651 2397 eam
2684 2342 2928 2397 caelestis
2965 2338 3482 2408 replevitagricola,
3518 2344 3575 2392 et

1978 2435 2376 2507 ipsiusltotunt
2408 2434 2762 2508 splendorem
2805 2432 3161 2489 manifestum
3195 2430 3455 2494 ostendit,
3497 2430 3574 2485 ita

1981 2537 2042 2581 ut
2081 2529 2254 2598 gratia
2291 2544 2391 2584 sua
2424 2528 2616 2584 oculos
2638 2527 2704 2582 ad
2743 2541 2803 2581 se
2845 2529 3155 2591 convertat,
3181 2534 3236 2580 et
3258 2537 3417 2578 aures
3441 2536 3577 2593 gau-

1982 2618 2151 2672 deant
2175 2617 2241 2672 ad
2272 2618 2441 2673 verba
2484 2617 2612 2672 hinc
2639 2616 2850 2685 prolata
2883 2621 3128 2670 attentas.

279 2710 347 2762 τὸ
375 2709 580 2777 ταύτης
634 2707 696 2761 δὲ
733 2707 1212 2777 προσφαινόμενον
1264 2707 1412 2762 ἅπαν
1452 2706 1725 2777 τηλαυγὲς
1748 2708 2064 2777 προφαίνει,
2090 2711 2185 2763 καὶ
2213 2706 2325 2763 οἷον
2364 2709 2466 2773 τάς
2534 2726 2595 2763 τε
2630 2707 2787 2779 ὄψεις
2863 2706 3225 2780 ἐπιστρέφειν
3283 2706 3351 2778 τῇ
3419 2702 3576 2778 χάρι*

281 2817 362 2867 τι,
394 2799 493 2854 καὶ
531 2799 700 2863 ἀκοάς
724 2799 781 2853 δὲ
799 2800 1012 2871 χαίρειν
1064 2801 1583 2871 ἀναπεταννυμένας
1618 2800 1755 2870 πρὸς
1802 2800 1872 2854 τὰ
1911 2802 2124 2858 ἐκεῖθεν
2168 2804 2526 2874 ἀκούσματα.

432 2893 496 2949 λ’.
565 2894 710 2948 Ὅσα
738 2894 838 2965 μὲν
865 2891 1007 2966 οὖνὴ
1056 2895 1240 2964 φύσις.
1261 2898 1452 2967 ἄριστε
1504 2896 1752 2968 βασιλεῦ,
1778 2899 1888 2969 ἀμ-

283 2989 355 3057 φὶ
387 2987 450 3041 σὲ
507 2986 811 3058 φιλοτίμως
830 2987 1157 3057 ἡσχόληται,
1191 2988 1288 3041 καὶ
1332 2990 1457 3042 ὅσον
1491 2989 1664 3060 αὐτῆς
1689 2990 1751 3044 τὸ
1783 3007 1882 3044 περ

2064 2901 2153 2956 50.
2206 2900 2485 2968 Quantum
2527 2913 2660 2970 ergo
2709 2905 2929 2963 natura,
2993 2896 3202 2966 optime
3253 2895 3576 2965 imperato?»

1992 2993 2139 3047 circa
2177 3001 2229 3046 te
2285 2993 2544 3047 munifice
2592 2990 2889 3069 laboravit,
2949 2998 3220 3061 quantum
3257 2988 3376 3060 ejus
3423 2987 3479 3043 in
3522 2996 3579 3044 te

285 3083 347 3155 ρὶ
370 3081 431 3134 σὲ
462 3081 859 3152 φιλοτέχνημα,
893 3080 1048 3134 ἔσται
1085 3096 1178 3149 μοι
1211 3079 1659 3150 ηλλιγραφῆσαι
1686 3081 1882 3153 καιρὸς

1990 3083 2301 3140 dilectionis
2332 3098 2491 3154 opus.
2525 3081 2632 3137 erit
2662 3081 2793 3135 mihi
2826 3080 2934 3135 alio
2957 3088 3204 3147 tempore
3225 3089 3381 3150 grata
3407 3094 3573 3134 enar-

283 3177 504 3246 ἔτερος.
536 3175 613 3229 Οὐ
645 3174 754 3245 γὰρ
789 3174 963 3244 δήπου
1023 3172 1087 3227 τὸ
1112 3173 1397 3243 άπόδημον
1436 3172 1789 3245 βαρϐαρὼσει
1813 3174 1884 3228 τά

287 3267 418 3322 κατ’
458 3266 583 3337 ἐμὲ,
609 3266 686 3329 ὡς
724 3265 906 3335 πάντη
946 3264 1225 3319 ἐπιλιπεῖν
1251 3264 1324 3318 τὰ
1353 3264 1450 3319 τοῦ
1474 3264 1634 3335 λόγου
1657 3265 1884 3338 χρῶμαι·

285 3376 382 3424 τα,
413 3357 482 3410 δι’
543 3350 620 3412 ὧν
640 3356 821 3427 ἔχοιμι
855 3355 923 3411 ἂν
945 3355 1410 3428 κατα-γράψασθαι
1441 3356 1503 3410 τὸ
1556 3356 1753 3422 κάλλος
1772 3358 1883 3413 τῶν

286 3445 594 3523 ὀφθαλμῶν
613 3463 632 3483 ο
663 3451 727 3505 τὸ
750 3450 853 3522 τῆς
880 3449 1008 3513 θέας
1050 3450 1311 3521 γαλήνιον
1334 3466 1351 3483 ο
1384 3450 1444 3505 τὸ
1469 3449 1564 3504 τοῦ
1589 3449 1884 3522 προσώπου

291 3546 393 3600 καὶ
423 3546 642 3617 λάμπον
695 3547 791 3598 καὶ
816 3545 1087 3616 ἡρωϊκόν⁸
1153 3543 1256 3616 τήν
1286 3545 1417 3616 ὃλην
1446 3543 1754 3616 εὐρυθμίαν
1782 3545 1886 3614 τῆς

291 3640 392 3695 τοῦ
432 3640 688 3711 σώματος
718 3638 1091 3711 ἀκροπόλεως,
1115 3638 1183 3711 ἢν
1209 3641 1237 3693 ὀ
1267 3638 1490 3708 ὕψιστος
1547 3639 1682 3703 Θεὸς
1713 3639 1885 3712 ὲπύρ-

292 3746 478 3802 γωσεν
505 3731 640 3802 ἡμῖν
665 3731 748 3795 τίς
769 3728 1072 3797 ἀσφάλειαν
1091 3745 1106 3762 α
1130 3729 1230 3800 τὴν
1280 3730 1392 3784 τῶν
1425 3727 1667 3801 στέρνων
1713 3731 1888 3785 καθα-

295 3841 369 3879 πε
378 3821 464 3895 pet
489 3822 584 3876 καὶ
612 3821 829 3885 λέοντος
881 3819 1159 3892 εὐρύτητα
1177 3819 1273 3874 καὶ
1290 3820 1722 3892 στερεμνιότητα
1739 3837 1755 3854 ο
1785 3819 1886 3892 τὴν

296 3914 411 3967 τῶν
448 3910 652 3982 χειρῶν
677 3909 947 3975 εὐτονίαν,
972 3909 1041 3974 ἀς
1069 3913 1133 3963 ού
1164 3909 1327 3979 μόνον
1357 3910 1430 3974 ὥς
1465 3911 1758 3974 Δαυῖτικὰς
1778 3907 1887 3963 νοῶ

302 4005 599 4076 βραχίονας
621 3999 946 4072 τεθειμένας
975 4003 1058 4067 τίς
1089 4001 1245 4068 τόξον
1268 4001 1509 4073 χαλκοῦν
1532 4005 1597 4057 ὲκ
1621 4001 1781 4070 Θεοῦ,
1796 4003 1885 4057 ὅτε

298 4099 427 4152 κατ’
460 4095 675 4169 ἐχθρῶν
704 4095 1012 4167 τεινάμεναι
1071 4094 1345 4168 θανάσιμα
1395 4096 1719 4167 βάλλουσινο
1748 4096 1886 4152 ἀλλά

300 4188 731 4262 προσεπιθεωρῶ
760 4186 935 4250 αὐτὰς
958 4186 1055 4241 καὶ
1085 4185 1294 4256 ὄργανα
1347 4188 1629 4256 ποιούσας,
1668 4189 1767 4244 καὶ
1787 4188 1886 4243 δα·

301 4280 519 4345 κτύλοις
566 4281 948 4352 ἁρμοττούσας
968 4278 1248 4351 ψαλτήρια
1268 4278 1469 4334 ιῦλαλα
1486 4280 1685 4345 ταῦτα,
1715 4281 1888 4350 γλῶσ-

303 4391 407 4437 σας
435 4373 545 4426 τῶν
572 4373 831 4441 ὑπηκόων
856 4390 872 4406 ο
923 4367 1007 4435 οἷς
1042 4372 1207 4437 αὐτὸς
1246 4373 1346 4442 μὲν
1376 4373 1455 4435 είς
1481 4374 1608 4437 τοὺς
1633 4373 1775 4445 ὑπὲρ
1816 4374 1883 4442 ήο

1986 3176 2142 3231 randi
2198 3177 2441 3232 occasio.
2483 3173 2772 3245 Nunquam
2835 3173 2983 3228 enim
3033 3172 3295 3227 distantia
3354 3187 3443 3227 me
3496 3172 3573 3226 ita

1984 3269 2282 3325 barbarum
2333 3267 2531 3323 efficiet
2580 3274 2640 3321 ut
2672 3266 2902 3321 omnino
2928 3266 3184 3320 deseram
3238 3263 3575 3335 eloquentia:

1987 3362 2207 3418 colores
2262 3361 2469 3431 quibus
2521 3359 2815 3431 depingam
2867 3356 3153 3414 oculorum
3205 3354 3574 3427 pulchritudi-

1988 3471 2138 3518 nem.
2194 3453 2356 3510 faciei
2413 3453 2813 3525 placiditatem,
2869 3451 3059 3506 vultus
3116 3448 3464 3520 splendorem
3518 3458 3574 3504 et

1987 3548 2266 3605 heroicam
2298 3547 2666 3617 gravitatem;
2713 3553 2884 3601 totam
2926 3544 3097 3599 turris
3126 3542 3374 3614 corporis
3405 3556 3570 3612 quam

1988 3643 2296 3698 altissimus
2341 3641 2503 3696 nobis
2551 3639 2698 3694 Deus
2752 3637 2818 3692 ad
2854 3638 3029 3692 robur
3086 3634 3401 3703 aediﬁcavit,
3455 3634 3576 3690 exi-

1990 3736 2155 3790 miam
2189 3733 2668 3796 constitutionem,
2702 3729 2944 3802 pectoris
2978 3728 3045 3783 ad
3068 3729 3246 3784 instar
3280 3726 3459 3785 leonis
3492 3725 3573 3781 la-

1988 3826 2276 3882 titudinem
2340 3834 2396 3881 et
2455 3825 2812 3898 dignitatem;
2854 3838 3119 3879 manuum
3168 3822 3574 3878 concinentiam

1989 3936 2129 3988 quas
2175 3935 2284 3976 non
2332 3926 2546 3974 tantum
2582 3917 2735 3973 velut
2786 3915 3007 3973 Davidis
3045 3915 3233 3987 cogito
3282 3914 3506 3971 brachia
3546 3928 3576 3967 a

1986 4007 2101 4063 Deo
2127 4008 2183 4063 in
2208 4024 2399 4064 areum
2419 4023 2619 4063 aereum
2647 4015 2835 4078 parata
2862 4006 3085 4078 quando
3109 4016 3301 4068 contra
3319 4004 3578 4060 inimicos

1988 4107 2212 4156 extenta
2246 4110 2478 4154 mortem
2512 4098 2794 4161 emittunt,
2843 4097 2938 4153 sed
2989 4098 3152 4152 etiam
3209 4096 3335 4149 illas
3389 4103 3577 4149 mente

1987 4193 2245 4264 concipio
2306 4206 2514 4261 organa
2571 4191 2864 4262 pulsantes
2925 4199 2981 4245 et
3059 4186 3246 4258 digitis
3325 4194 3580 4257 aptantes

1987 4284 2246 4355 psalteria
2276 4283 2414 4338 bene
2445 4282 2730 4343 sonantia.
2774 4280 2991 4352 linguas
3049 4278 3424 4341 subditorum,
3453 4278 3580 4347 qui-

1986 4378 2090 4431 bus
2123 4386 2179 4431 tu
2241 4375 2359 4445 ipse
2393 4390 2586 4430 manus
2632 4375 2698 4428 ad
2739 4375 2954 4428 labores
2996 4388 3095 4444 pro
3124 4372 3284 4428 nobis
3319 4373 3576 4443 aggredi-

302 4467 425 4536 μῶν
457 4466 740 4534 καμάτους
771 4463 1128 4534 καταρτίζεις
1157 4462 1257 4526 τὰς
1294 4465 1504 4534 χεῖρας,
1528 4465 1622 4517 καὶ
1656 4464 1762 4517 ὑπὸ
1789 4465 1888 4517 δα-

1995 4468 2168 4523 endos
2202 4467 2613 4531 accommodas,
2639 4474 2693 4520 et
2739 4465 2842 4521 sub
2863 4463 3036 4535 digito
3075 4463 3167 4518 Dei
3204 4464 3410 4536 digitos
3450 4474 3576 4519 tuos

302 4556 489 4626 κτύλῳ
541 4554 678 4609 Θεοῦ
727 4554 858 4619 τοὺς
884 4553 1012 4617 σοὺς
1048 4551 1346 4616 δακτύλους
1377 4554 1643 4623 τεχνικῶς
1689 4554 1885 4622 ἐπιμε-

304 4648 479 4720 ρίζεις
512 4649 628 4709 ταῖς
657 4645 914 4717 πράξεσι,
947 4646 1045 4699 καὶ
1075 4646 1155 4708 είς
1185 4644 1452 4715 ἁρμονίαν
1484 4646 1639 4713 ἄγεις
1669 4647 1730 4698 τὸ
1753 4647 1882 4699 πᾶν·

303 4742 539 4799 αὐτοὶδὲ
603 4739 904 4813 μελῳδοῦσι
970 4742 1040 4795 τὰ
1061 4739 1378 4810 νικητήρια,
1434 4738 1506 4792 τὰ
1532 4740 1887 4811 χαριστήρια,

303 4838 403 4891 καὶ
427 4835 705 4907 ψαλτήρια
732 4832 972 4902 γίνονται
1032 4831 1333 4902 ἐμμέλειαν
1374 4830 1782 4901 ἀρμοττόμενα.

376 4926 482 4981 λα’.
538 4925 758 4981 Τούτων
797 4926 895 4996 μὲν
956 4923 1075 4990 οῦν,
1111 4924 1252 4995 ὅπερ
1312 4924 1409 4976 καὶ
1437 4922 1652 4992 φθάσας
1710 4919 1889 4990 εἶπον,

304 5023 499 5093 ἕτερός
534 5038 626 5091 μοι
676 5021 817 5091 πρὸς
848 5018 1262 5090 καλλιγραφίαν
1295 5015 1633 5087 ἀνακλητέος
1669 5016 1890 5086 καιρὸς,

308 5115 381 5170 δι’
410 5109 485 5166 ὧν
523 5115 579 5167 αἱ
604 5111 758 5183 ὅψεις
780 5110 1036 5177 ⁴ἕλκονται
1086 5112 1199 5172 τοῖς
1230 5112 1310 5173 είς
1337 5108 1399 5162 τὸ
1447 5108 1729 5179 βασιλικὸν
1760 5109 1894 5162 ἀνά-

315 5223 511 5277 μνημα
541 5203 975 5274 ὲντρανίζουσιν,
1007 5200 1045 5255 ἃ
1076 5202 1142 5270 δὴ
1187 5201 1281 5254 καὶ
1307 5201 1435 5263 τοὺς
1466 5199 1892 5269 ὲνωτιζομένους

311 5297 660 5351 ὶπισπῶνται
684 5296 778 5349 καὶ
803 5293 1120 5365 ἁναρτῶσιν
1142 5290 1255 5346 οἷον
1279 5295 1378 5364 τῆς
1403 5294 1596 5362 ἀκοῆς.
1629 5293 1771 5346 Ἀλλ’
1784 5293 1893 5346 οὐδ’

313 5390 559 5444 ἐνταῦθά
594 5407 686 5460 μοι
732 5388 1001 5452 λαλητέον
1037 5387 1245 5457 μακρὰ,
1283 5386 1410 5439 ἔνθα
1438 5389 1499 5440 τὸ
1525 5386 1894 5458 ἀκροατήριον

315 5484 446 5545 τοὺς
470 5483 665 5551 λόγους
689 5480 1022 5551 ἁρπάζουσι,
1054 5478 1148 5533 καὶ
1175 5478 1335 5531 τοῦτό
1353 5495 1415 5547 γε
1444 5477 1694 5532 ἀδικοῦσι
1720 5494 1894 5546 πανη-

317 5576 616 5647 γυρίζοντα
647 5577 877 5647 ῥήτορα,
909 5572 968 5628 εὖ
1013 5571 1114 5643 μὲν
1146 5570 1320 5635 ἄλλως
1356 5570 1663 5634 ποιοῦντες.
1706 5572 1789 5624 ὃτι
1817 5569 1896 5643 τῷ

318 5669 620 5738 εὐμουσίας
652 5667 803 5738 ἀδρῷ
835 5667 928 5721 καὶ
968 5664 1335 5736 πολυφθόγγῳ
1366 5664 1455 5717 τὸν
1485 5664 1587 5732 τῆς
1621 5665 1896 5735 ἡμετέρας

318 5761 461 5833 ᾀδῆς
488 5758 877 5831 ὑπερφωνοῦσι
893 5760 1224 5814 λεπτότατον
1255 5758 1477 5819 δόνακα.
1502 5756 1813 5821 ἀδικοῦντες
1837 5757 1897 5811 δὲ

324 5854 496 5923 εμως,
529 5854 611 5907 ὅτι
640 5853 736 5906 καλ⁵
767 5854 844 5917 είς
869 5850 1212 5916 τὸπαντελὲς
1240 5852 1386 5921 ἡμᾶς
1417 5849 1889 5921 ἀποκρύπτουσιν.

1990 4560 2249 4626 operibus
2290 4556 2486 4612 callide
2515 4556 2822 4627 dispartiris
2878 4568 2931 4611 et
2970 4571 3264 4613 numerose
3312 4555 3430 4626 agis
3457 4569 3578 4610 om-

1991 4653 2103 4718 nia;
2162 4651 2267 4720 ipsi
2325 4666 2456 4705 vero
2495 4650 2843 4704 modulantur
2903 4649 3257 4703 victoriarum
3306 4648 3576 4712 carmina,

1991 4742 2290 4812 gratiarum
2315 4743 2579 4809 actiones,
2607 4748 2660 4796 et
2677 4740 2932 4811 psalteria
2952 4740 3087 4795 fiunt
3110 4738 3374 4796 melodice
3392 4742 3579 4796 conci-

1993 4837 2204 4892 neutia.

2062 4929 2153 4984 3|.
2182 4926 2390 4982 Horum
2425 4927 2612 4997 igitur,
2647 4934 2707 4980 ut
2745 4924 2902 4994 prius
2934 4923 3068 4990 dixi,
3098 4923 3267 4978 altera
3305 4922 3438 4978 mihi
3468 4924 3576 4977 erit

1996 5022 2062 5076 ad
2107 5016 2514 5089 depingendum
2549 5017 2879 5089 exoptabilis
2934 5017 3177 5079 occasio,
3210 5031 3333 5085 qua:
3381 5013 3576 5068 oculos

1996 5112 2213 5185 quidem
2245 5114 2311 5166 ad
2337 5112 2576 5167 lucidam
2602 5108 2952 5180 imperatoris
2975 5107 3294 5162 memoriam
3321 5103 3571 5167 trahunt,

1995 5222 2159 5262 aures
2190 5215 2370 5260 autem
2398 5203 2813 5276 percipientium
2830 5200 3139 5271 voluptarie
3153 5198 3409 5266 pellectas
3432 5190 3576 5249 deti.

1995 5310 2150 5355 nent.
2169 5296 2326 5353 Nunc
2346 5313 2479 5354 vero
2502 5297 2636 5353 mihi
2656 5312 2763 5351 non
2795 5293 3006 5350 diutius
3025 5287 3412 5345 disserendum
3433 5286 3529 5357 qui
3550 5304 3565 5338 ι

1997 5393 2274 5449 auditores
2294 5393 2512 5463 rapiunt
2535 5403 2820 5445 sermones
2853 5383 3126 5453 simulque
3146 5379 3459 5435 laudantem
3484 5378 3573 5432 of-

1998 5483 2230 5539 fendunt
2278 5491 2579 5542 oratorem,
2628 5483 2776 5529 recte
2844 5470 3063 5541 quidem
3112 5468 3373 5526 facientes
3441 5472 3570 5540 quia

1999 5583 2305 5633 concentus
2361 5570 2652 5626 concordia
2688 5576 2742 5618 et
2772 5562 3135 5619 consonantia
3185 5562 3569 5618 tenuissimum

2001 5666 2264 5722 carminis
2288 5661 2459 5717 nostri
2494 5658 2765 5712 calamum
2815 5663 3116 5725 superant;
3169 5652 3333 5708 simul
3388 5661 3571 5710 autem

2002 5760 2288 5814 offendunt
2310 5754 2435 5825 quia
2458 5766 2557 5804 nos
2587 5761 2813 5819 prorsus
2844 5745 3167 5802 obscurant.
