3962 6242
457 315 566 385 967

525 432 615 487 32.
646 430 753 486 Sed
776 446 880 500 ego
914 429 1022 483 vim
1057 426 1334 482 adhibebo
1363 425 1623 491 carmini,
1647 432 1702 481 et
1729 439 1893 480 uuam
1918 431 2025 478 tau-
2063 422 2113 484 Α

460 533 578 578 tum
600 539 790 579 vocem
826 523 1064 578 breviter
1088 519 1467 581 memorando,
1501 518 1737 574 referam
1776 531 2037 588 magnum

457 617 610 670 illum
635 626 837 671 costum
862 616 930 669 ad
955 613 1162 680 regium
1188 612 1302 666 ludi
1329 612 1673 682 magistrum,
1699 626 1861 682 quem
1887 609 2040 680 prius

454 711 565 779 jam
600 709 788 764 multis
825 710 1000 763 modis
1055 708 1287 761 miratus
1322 722 1468 763 sum.
1496 721 1717 760 sacrum
1751 704 2040 774 appellans

462 786 747 870 templum,
772 801 996 871 quando
1017 816 1140 855 eum
1159 799 1405 855 videbam
1435 796 1600 867 pallio
1629 797 1881 852 indutum
1910 812 2043 865 apo-

461 894 682 956 stoliro,
708 894 967 948 omnibus
985 908 1106 961 quae
1121 893 1337 947 animas
1363 893 1650 946 enutriunt
1683 890 1812 944 inde
1868 904 2040 944 coru-

462 995 734 1050 scantem,
769 985 930 1039 bonis
956 986 1214 1039 oumibus
1254 984 1543 1047 refertum,
1578 982 1777 1036 animae
1804 981 2043 1035 nutrito-

466 1092 604 1139 rem,
677 1079 802 1130 vila‘.
868 1077 1142 1139 datorem,
1207 1075 1491 1142 felicitalis
1563 1075 1907 1145 largitorem.
1979 1071 2047 1125 Et

465 1185 661 1223 manna
729 1181 911 1225 meme
974 1170 1355 1240 concipiebam
1436 1168 1658 1223 coalitus
1714 1165 2041 1227 demissum,

469 1262 770 1331 plueusquc
804 1279 913 1317 non
949 1272 1158 1316 tantum
1189 1263 1278 1317 isti
1304 1261 1387 1316 vel
1425 1260 1503 1314 illi
1527 1276 1595 1314 ex
1636 1259 1915 1327 gentibus,
1950 1255 2044 1311 sed

468 1352 686 1421 populis
720 1351 995 1405 universis
1020 1352 1222 1421 quibus
1258 1351 1349 1404 Dei
1380 1357 1511 1403 nota
1549 1349 1605 1402 tit
1636 1346 1918 1416 potentia:
1949 1343 2043 1413 qui

463 1460 656 1499 onmes
679 1457 876 1497 manna
920 1443 1082 1513 hujus
1105 1443 1229 1496 cibo
1260 1442 1415 1508 potiti
1442 1451 1594 1502 sunt,
1622 1447 1682 1493 et
1699 1439 1791 1492 alii
1820 1435 2046 1491 aliunde

466 1544 821 1588 accurreutes
846 1535 910 1588 ad
943 1533 1077 1587 illud
1114 1534 1538 1604 recolligendum
1565 1533 1954 1587 laboraverunt
1994 1538 2050 1583 et

464 1626 531 1681 ad
568 1626 891 1680 tradendum
954 1625 1160 1679 bonum
1220 1623 1442 1678 fuerunt
1498 1624 1732 1679 incitati.
1768 1622 1901 1677 lude
1936 1635 2044 1674 non

465 1728 674 1773 tantum
726 1719 781 1772 in
846 1732 940 1772 vas
977 1717 1254 1788 quoddam
1305 1726 1360 1771 et
1415 1732 1626 1782 arcam,
1668 1731 1825 1770 suam
1877 1712 2049 1784 ipsius

1175 311 1597 378 EUSTATHII
1627 309 2391 373 THESSALONICENSIS
2424 303 2997 369 METliOPOLlTrE

3633 300 3733 364 968

2209 423 2312 495 λβ’.
2348 421 2488 475 Ἀλλ’
2513 420 2625 489 ἐγὼ
2645 419 2909 490 βιάσομαι
2933 417 3033 490 τὴν
3057 413 3225 487 ᾠδὴν,
3249 413 3346 468 καὶ
3374 410 3732 481 ἀκούσματος

2144 513 2265 577 ἐνὸς
2295 513 2429 580 γοῦν
2464 513 2603 583 πρὸς
2638 510 2819 583 βραχὺ
2860 509 3249 581 μεμνήσομαι,
3283 507 3381 560 κα)⁸
3432 504 3733 574 ἀναμνήσω

2142 608 2234 661 τὸν
2265 606 2438 676 μέγαν
2460 604 2650 658 τοῦτον
2681 604 2944 672 σύλλογον
2972 600 3069 655 τοῦ
3098 598 3387 672 βασιλικοῦ
3414 615 3737 668 κατηχητηι

2146 703 2261 771 ρίου
2290 699 2524 763 ἐκείνου,
2559 698 2619 752 ὃν
2649 698 2719 751 τὰ
2753 698 2860 768 πρὸ
2885 695 3082 750 τούτου
3117 695 3217 764 μεν
3248 691 3554 754 πολυειδῶς
3582 689 3741 744 ἐθαύ-

2147 811 2322 864 μασα,
2378 794 2441 846 τὸ
2476 791 2622 864 ἱερὸν
2680 788 3081 861 παραλαλήσας
3132 787 3468 857 ἀνάκτορον,
3507 785 3598 837 ὅτε
3648 784 3740 839 καὶ

2143 887 2338 957 ὀθόνην
2370 886 2538 941 αὑτὸν
2568 882 2943 954 άποστολικὴν
2972 882 3273 950 ἐθεώρουν,
3310 880 3572 950 ἕμφωτον
3604 880 3739 932 πάν-

2146 997 2278 1045 των,
2309 981 2410 1033 ὅσα
2442 979 2636 1050 τρέφει
2673 978 2878 1048 ψυχὰς,
2908 976 3113 1037 παντὸς
3143 972 3351 1042 ἀγαθοῦ
3394 971 3737 1043 πλήθουσαν,

2145 1072 2520 1142 ψυχοτρόφον,
2567 1070 2852 1140 βιόδωρον,
2903 1067 3255 1138 ὀλϐιόδωρον.
3311 1063 3425 1119 Καὶ
3467 1063 3649 1130 μάννα
3686 1062 3740 1115 δι

2150 1161 2540 1228 προσενενὸουν
2562 1158 2864 1231 οὐρανόθεν
2892 1156 3249 1226 κατενεχθὶν,
3282 1153 3380 1208 καὶ
3408 1151 3649 1224 βρεχθὲν
3681 1151 3739 1205 οὐ

2147 1250 2324 1322 τούτῳ
2356 1250 2388 1321 ἢ
2432 1250 2628 1320 ἐκείνῳ
2673 1250 2788 1313 τοῖς
2817 1247 3055 1312 ἔθνεσιν,
3088 1245 3229 1301 ἀλλὰ
3274 1248 3389 1309 τοῖς
3417 1241 3738 1313 ἁπανταχοῦ

2147 1345 2322 1408 λαοῖς,
2377 1339 2460 1406 οἷς
2514 1340 2651 1396 Θεοῦ
2690 1342 3023 1412 ὲγνώρισται
3074 1337 3350 1409 δύναμις”
3402 1338 3455 1392 οἳ
3505 1337 3608 1406 τῆς
3647 1335 3737 1389 τοῦ

2154 1436 2332 1505 μάννα
2371 1434 2566 1488 τούτου
2598 1434 2800 1505 βροχῆς
2842 1434 2957 1487 ὅλοι
2992 1433 3280 1501 γεγόνασι,
3308 1432 3408 1485 καὶ
3440 1429 3739 1500 δραμόντες

2151 1527 2315 1590 ἄλλος
2342 1526 2567 1581 ἄλλοθεν
2599 1525 2764 1597 ἔργον
2798 1524 2989 1579 ἔθεντο
3024 1525 3126 1594 τὴν
3157 1523 3356 1577 τούτου
3395 1520 3735 1591 συναγωγὴν,

2154 1621 2249 1674 καὶ
2276 1618 2596 1688 διαδοθῆναι
2623 1617 2684 1670 τὸ
2715 1617 2882 1672 καλὸν
2913 1615 3393 1689 ἐπρεσϐεύσαντο.
3428 1613 3737 1669 Κάντεῦθεν

2153 1709 2214 1761 οὐ
2276 1707 2437 1779 μόνον
2489 1706 2565 1770 ὡς
2607 1706 2687 1769 εῐς
2739 1721 2868 1760 τινα
2913 1706 3156 1774 στάμνον
3206 1704 3306 1757 καὶ
3356 1702 3619 1764 κιϐωτὸν,
3646 1705 3737 1770 τὴν

464 1809 729 1875 animam,
782 1810 1163 1880 unusquisque
1223 1808 1358 1862 illud
1419 1808 1665 1872 immisit,
1725 1808 1821 1861 sed
1880 1805 2047 1859 etiam

2162 1799 2348 1854 ἑαυτοῦ
2381 1799 2586 1871 ψυχὴν,
2622 1799 2854 1863 ἕκαστος
2899 1797 3034 1853 αὐτὸ
3064 1795 3421 1861 ἐναπέθεντο,
3481 1794 3620 1849 ἀλλὰ
3650 1794 3734 1847 καὶ

464 1898 521 1955 in
556 1900 969 1955 memorialibus
1008 1902 1163 1956 libris
1196 1901 1621 1968 inscripserunt,
1660 1908 1720 1952 ut
1758 1912 1864 1952 non
1895 1895 2053 1951 Salo-

469 2008 592 2045 mon
629 1993 788 2047 modo
827 2004 1050 2062 propter
1095 1993 1430 2062 sapientiam
1472 1990 1823 2056 laudaretur,
1858 2003 2049 2043 verum

465 2086 632 2136 etiam
678 2082 975 2154 imperator
1008 2091 1219 2145 noster,
1264 2092 1432 2150 utque
1473 2091 1665 2136 contra
1696 2083 1880 2135 hostes
1916 2079 2050 2159 visi-

467 2178 607 2233 biles
627 2179 695 2232 ab
726 2179 842 2248 ipso
872 2179 1204 2242 confirmati,
1234 2180 1300 2235 ab
1333 2179 1454 2249 ipso
1475 2178 1641 2233 etiam
1674 2178 1841 2233 robur
1859 2187 2050 2231 contra

468 2267 788 2335 spirituales
820 2267 1177 2335 accipiamus.

540 2358 630 2413 55.
671 2359 783 2413 lsta
833 2359 1054 2428 quidem
1090 2357 1311 2428 aliaque
1356 2357 1466 2412 alio
1500 2365 1750 2426 tempere
1810 2364 2055 2411 tractare

467 2447 701 2519 j'ivabit,
732 2466 801 2505 ne
831 2450 960 2504 talia
995 2460 1361 2516 rerantantes,
1386 2464 1705 2518 arguamur,
1726 2448 1876 2503 velut
1905 2447 2053 2518 apud

474 2540 798 2604 Hesiodum,
833 2541 1032 2595 iterum
1092 2543 1432 2597 consevisse.
1486 2540 1646 2596 Nunc
1683 2553 1867 2597 autem
1901 2550 2054 2596 cate-

476 2631 714 2684 chistam
749 2632 915 2686 istum
964 2648 1065 2703 ego
1118 2648 1243 2687 cum
1291 2632 1549 2703 paradiso
1585 2632 1886 2702 voluptatis
1919 2646 2055 2686 con-

477 2724 598 2779 fero
643 2725 698 2779 in
747 2740 860 2794 quo
912 2735 1195 2793 ponuntur
1247 2723 1513 2781 fortitudo
1561 2734 1615 2780 et
1673 2726 1928 2781 alacritas
1985 2723 2055 2779 ad

475 2818 734 2872 virtutem
770 2817 1136 2888 impellentes,
1159 2833 1254 2887 per
1276 2833 1414 2885 quas
1440 2832 1635 2874 rursus
1669 2818 1860 2872 Adami
1887 2816 2054 2871 vitam

478 2915 709 2979 peccato
756 2910 1111 2972 anteriorem,
1160 2924 1255 2963 seu
1295 2910 1497 2980 prioris
1543 2910 1845 2965 creationis
1872 2910 2056 2965 susci-

475 3001 715 3070 piamus,
748 3002 972 3071 ponitur
997 3001 1161 3055 etiam
1191 3003 1244 3056 in
1274 3002 1539 3058 felicitate
1582 3003 1760 3059 doctae
1800 3013 2056 3059 contem-

473 3095 759 3165 plationis,
795 3095 903 3150 vita
938 3095 1185 3165 perfecta
1226 3106 1516 3168 materque
1572 3098 1823 3153 omnium
1854 3099 1909 3152 in
1942 3096 2054 3153 Deo

475 3187 797 3251 viventium,
858 3187 992 3244 illud
1053 3199 1341 3260 augustum
1382 3188 1507 3245 Eva:
1554 3206 1780 3256 nomen,
1826 3206 2056 3262 serpens

480 3296 609 3337 vero
648 3281 834 3338 nullus
867 3297 1224 3339 murmurans
1252 3284 1594 3353 sibilausque
1621 3284 1688 3339 ad
1726 3285 2052 3355 perniciem.

477 3373 586 3428 Sed
625 3375 679 3429 in
714 3390 880 3432 unmn
916 3378 1256 3432 conveniunt
1282 3378 1534 3447 operatio
1561 3389 1613 3433 et
1635 3379 2054 3449 contemplatio,

475 3474 554 3531 et,
594 3468 892 3536 duplicatis
938 3468 1173 3550 viribus,
1229 3477 1426 3525 contra
1475 3473 1796 3528 mendacem
1830 3472 2058 3544 conspi-

478 3566 626 3619 rant,
659 3565 711 3609 et
748 3557 939 3626 procul
984 3572 1014 3611 a
1067 3558 1329 3628 paradiso
1381 3559 1617 3630 ejiciunt
1647 3561 2055 3617 insidiatorem.

479 3643 557 3701 lbi
608 3649 772 3701 etiam
804 3649 955 3707 ensis
1007 3649 1311 3721 flammiger
1359 3662 1553 3707 contra
1606 3652 1732 3709 illos
1763 3653 2060 3709 exacuitur

477 3734 743 3805 fulgidus.
779 3739 973 3809 igneus
998 3749 1051 3795 et
1079 3743 1304 3797 omnino
1342 3742 1698 3806 iuaccessus;
1733 3744 1895 3803 nobis
1930 3760 2060 3802 vero

485 3838 634 3898 patet
686 3831 953 3900 regalium
985 3847 1302 3891 sermonum
1340 3835 1676 3892 convivium.
1722 3835 1835 3908 Ego
1888 3838 2057 3893 etiam

482 3933 728 3980 mensam
763 3920 898 3977 solis
927 3923 1162 3994 aspicio,
1223 3939 1335 3980 non
1401 3925 1621 3994 qualem
1679 3926 1912 3984 historia
1940 3943 2059 3984 ma-

481 4012 602 4082 gica
645 4014 911 4071 instruxit
977 4015 1276 4071 sensilibus
1322 4026 1581 4074 onustam
1642 4019 1901 4090 dapibus,
1963 4020 2061 4077 sed

480 4120 621 4168 eam,
651 4121 815 4177 quam
864 4107 1186 4178 imperator,
1226 4109 1308 4164 sol
1345 4117 1558 4174 noster,
1621 4110 1898 4180 spirituali
1934 4111 2060 4166 cibo

481 4197 836 4254 vescentibus
865 4200 1150 4270 apposuit.
1177 4199 1253 4255 lbi
1287 4201 1530 4257 vidimus
1563 4211 1620 4257 et
1649 4200 1964 4256 audivimus
1993 4215 2061 4256 ea

482 4286 548 4341 ad
581 4304 701 4358 qua:
736 4287 1085 4344 offenderunt
1118 4291 1208 4358 qui
1244 4291 1337 4346 illa
1369 4302 1498 4347 ante
1522 4307 1624 4348 nos
1663 4301 2057 4348 evocaverant.

485 4379 774 4450 Regnavit.
813 4380 958 4435 sicut
978 4383 1279 4451 imperator
1310 4399 1474 4465 super
1514 4399 1709 4440 omnes
1738 4395 1951 4455 gentes.
1983 4383 2061 4438 ita

2153 1892 2326 1959 ἄλλως
2358 1896 2439 1955 εἰς
2475 1891 2863 1964 μνημοσύνους
2899 1890 3120 1962 βίϐλους
3159 1887 3508 1960 ἐνέγραψαν·
3544 1887 3629 1942 ἵνα
3665 1888 3731 1958 μὴ

2156 1988 2320 2059 μόνον
2366 1986 2621 2057 Σολομῶν
2650 1987 2746 2039 ἐπὶ
2781 1986 2945 2057 σοφίᾳ
2979 1983 3366 2054 πρεσϐεύοιτο,
3410 1981 3551 2051 ἀλλὰ
3588 1984 3677 2035 καὶ
3706 1983 3731 2036 6

2155 2082 2423 2151 ἡμέτερος
2457 2078 2742 2145 βασιλεὺς·
2788 2079 2887 2132 καὶ
2912 2078 2963 2131 οἱ
2995 2079 3139 2131 κατᾶ
3170 2076 3279 2129 τῶν
3320 2075 3459 2146 πρὸς
3488 2076 3727 2145 αἴσθησιν

2154 2173 2371 2244 ἐχθρῶν
2405 2173 2536 2244 παρ’
2557 2172 2727 2225 αὐτοῦ
2761 2171 3192 2242 κραταιούμενοι
3225 2168 3451 2240 ἔχοιμεν
3480 2167 3549 2221 δι’
3576 2164 3726 2221 αὐτοῦ

2155 2270 2250 2322 καὶ
2284 2267 2431 2322 κατὰ
2462 2267 2574 2319 τῶν
2603 2265 2871 2334 ἀσάρκων
2899 2263 3279 2335 ἀνδρίζεσθαι.

2225 2355 2328 2427 λγ’.
2366 2358 2477 2411 Καὶ
2522 2355 2751 2411 τοιαῦτα
2784 2356 2889 2426 μιν
2918 2373 3011 2427 μοι
3040 2354 3112 2408 τὰ
3140 2356 3261 2408 τότε
3292 2357 3388 2408 καὶ
3415 2352 3557 2408 ἄλλα
3595 2347 3733 2422 οἶμαι

2157 2454 2297 2525 πρὸς
2363 2450 2801 2522 γλαφυρότατον,
2856 2448 2948 2503 ἵνα
2990 2450 3068 2519 μὴ
3101 2446 3282 2502 ταυτα
3322 2447 3422 2501 καὶ
3479 2446 3578 2500 νῦν
3616 2446 3736 2498 ἀναμ-

2158 2544 2423 2610 πλοῦντες
2486 2545 2586 2616 τὴν
2652 2545 2785 2614 παρ’
2856 2542 3092 2613 Ἡσιόδῳ
3157 2540 3499 2611 ὲπισπορίαν
3559 2537 3736 2607 ὥσπερ

2158 2638 2663 2708 ὲπεγκληθείημεν.
2699 2636 2821 2691 Νὖν
2850 2636 2909 2690 δὲ
2952 2636 3048 2690 τὸν
3092 2634 3511 2706 κατηχητήριον
3542 2632 3737 2686 ἐκεῖνον

2158 2731 2269 2799 ἐγὼ
2315 2731 2408 2784 καὶ
2433 2730 2510 2793 ὡς
2557 2731 2640 2794 είς
2680 2730 2896 2800 τρυφῆς
2947 2728 3282 2801 παράδεισον
3322 2727 3574 2798 τίθεμαι,
3615 2728 3671 2780 εν
3696 2717 3738 2793 ᾧ

2156 2823 2401 2879 τέθειται
2432 2822 2532 2894 μὲν
2564 2823 2661 2876 καὶ
2688 2822 2750 2876 τὸ
2775 2824 2865 2876 ἐπ’
2893 2822 3098 2892 ἀρετὴν
3131 2818 3445 2891 προτρέπον
3477 2819 3738 2891 ἀνδρῶδες

2159 2918 2256 2972 καὶ
2293 2916 2617 2988 πρακτικὸν,
2651 2914 2722 2969 δι’
2754 2909 2816 2970 οὗ
2843 2915 2924 2980 είς
2944 2914 3039 2968 τὸν
3062 2913 3172 2985 πρὸ
3193 2913 3294 2984 τῆς
3324 2915 3605 2986 ἁμαρτίας
3633 2911 3738 2983 βίον

2159 3010 2571 3082 ἀναδραμοιμεν
2603 3009 2672 3066 ἂν
2710 3009 2804 3063 τὸν
2854 3009 3201 3079 ’Δδαμιαῖον,
3242 3007 3336 3061 τὸν
3387 3006 3492 3078 τῆς
3522 3008 3740 3078 πρώτης

2164 3103 2420 3165 πλάσεως
2440 3121 2455 3135 ·
2480 3103 2726 3158 τέθειται
2756 3101 2816 3155 δὲ
2850 3102 2948 3156 καὶ⁵
2973 3102 3100 3158 ὅσον
3128 3102 3189 3154 ὲν
3215 3101 3425 3172 εὐζωῖᾳ
3452 3100 3739 3171 φιλοσόφου

2167 3195 2407 3267 θεωρίας
2425 3211 2438 3225 ·
2466 3193 2582 3266 ζωὴ
2613 3194 2877 3265 ἄντικρυς
2900 3193 2997 3247 καὶ
3020 3194 3208 3265 μήτηρ
3228 3194 3342 3258 τοῖς
3361 3193 3423 3246 ἑν
3444 3191 3571 3264 Θεῷ
3590 3191 3738 3256 ζῶσι,

2164 3286 2325 3343 τοῦτο
2375 3287 2443 3359 δὴ
2502 3287 2568 3342 τὸ
2624 3286 2725 3358 τῆς
2773 3284 2921 3351 Εὔας
2968 3285 3471 3356 σεμνόν·,ί5φιςδδ
3509 3283 3740 3355 οὐδαμοῦ

2163 3381 2418 3452 ψίθυρος,
2449 3380 2575 3435 οὐδὲ
2624 3380 2900 3451 συριγμδς
2950 3380 3032 3442 είς
3076 3378 3323 3451 ὄλεθρον.
3376 3378 3524 3434 Ἀλλ’
3567 3380 3651 3444 είς
3689 3376 3743 3431 ιν

2163 3474 2361 3545 ἥκουσι
2387 3471 2591 3543 πρᾶξις
2635 3469 2730 3525 καὶ
2759 3467 2989 3540 θεωρία,
3040 3466 3189 3540 [καὶ]
3233 3468 3576 3539 δυαζόμεναι
3607 3467 3742 3523 κατὰ

2165 3563 2263 3619 τοῦ
2296 3563 2616 3627 ἀπατεῶνος
2650 3563 3021 3634 συμπνὲουσι,
3073 3561 3170 3615 καὶ
3205 3562 3400 3633 πόρῤω
3444 3559 3545 3615 τοῦ
3574 3577 3744 3629 παρι-

2163 3657 2346 3712 δείσου
2402 3654 2659 3727 βάλλουσι
2700 3653 2795 3708 τὸν
2848 3652 3166 3708 ἐπίϐουλον.
3217 3652 3540 3707 Κάντεῦθεν
3589 3653 3741 3722 καὶὴ

2168 3750 2400 3820 φλογίνη
2447 3748 2696 3820 ῥομφαία
2739 3745 2866 3803 κατ’
2899 3745 3148 3809 ἐκείνους
3182 3745 3455 3800 ἀκονᾶται
3502 3745 3744 3799 στιλπνόο

2167 3859 2334 3898 τατον
2388 3842 2486 3895 καὶ
2535 3839 2804 3910 φλογερὸν
2855 3839 2951 3893 καὶ⁵
3002 3838 3336 3910 ἀπρόσιτον·
3378 3838 3517 3909 ἡμῖν
3566 3836 3627 3890 δι
3672 3838 3744 3900 είς

2168 3934 2498 4006 εὐπρόσιτον
2529 3931 2828 4004 στρέφεται
2855 3931 2956 4001 τὴν
2976 3932 3036 3986 εν
3063 3929 3247 3999 λόγοις
3282 3928 3585 4001 βασιλικὴν
3610 3930 3745 3983 ὲκεί-

2168 4045 2270 4099 νην
2319 4025 2672 4082 πανδαισίαν.
2727 4024 2872 4095 Ἐγὼ
2898 4024 2995 4078 καὶ
3033 4023 3192 4096 ἡλίου
3220 4022 3513 4094 τράπεζαν
3542 4022 3743 4092 θεωρῶ,

2167 4121 2269 4193 οὐχ
2313 4120 2437 4175 οἷαν
2481 4121 2516 4192 ἡ
2562 4120 2662 4190 τῆς
2696 4118 2945 4188 ἱστορίας
2997 4117 3310 4188 ὀψαρτυσία
3358 4118 3741 4189 παρατίθησιν.

2169 4213 2322 4284 ἡλίου
2358 4212 2459 4285 μιν
2487 4209 2988 4283 ἐπωνομασμένην,
3024 4210 3374 4282 σεσαγμινην
3403 4208 3468 4262 δὲ
3499 4209 3745 4281 βρώμασι

2169 4305 2287 4366 τοῖς
2315 4303 2455 4374 πρὸς
2499 4301 2797 4373 αῐσθησινσ
2837 4299 2976 4354 ἀλλὰ
3006 4300 3313 4370 τράπεζαν,
3362 4298 3434 4371 ἢν
3500 4300 3745 4369 βασιλεὺς

2170 4397 2324 4469 ἥλιος
2367 4399 2397 4452 ὁ
2441 4395 2717 4467 ἡμέτερος
2764 4394 2877 4456 τοῖς
2909 4394 2980 4447 τὰ
3019 4393 3378 4463 πνευματικὰ
3407 4394 3746 4465 σιτουμένοις

486 4482 541 4529 ct
569 4475 872 4529 catechista
907 4491 1074 4545 super
1124 4491 1319 4532 omnes
1363 4478 1719 4535 litteratores.
1766 4477 1878 4547 Ego
1906 4479 2055 4533 illum

2170 4492 2552 4562 προτεθεικεν.
2591 4488 2825 4556 Εῐδομεν
2856 4489 3021 4557 ἡμεῖς
3050 4485 3357 4556 τηνικαῦτα
3384 4488 3486 4541 καὶ
3510 4489 3743 4557 ἠκούσα-

485 4575 545 4618 ut
564 4577 816 4619 ornatum
839 4567 1176 4636 aspiciebam
1205 4569 1337 4637 regii
1365 4570 1693 4625 diadematis
1714 4570 1876 4640 cujus
1898 4570 2062 4625 deco-

485 4671 600 4710 rem
632 4673 737 4713 non
780 4657 907 4713 licet
931 4659 1157 4715 intueri.
1186 4662 1570 4717 Coruscabant
1589 4662 1713 4732 ejus
1740 4662 1806 4717 de
1834 4663 2060 4720 luminis

487 4750 662 4812 ferite,
687 4748 980 4814 Trinitate,
1013 4766 1302 4808 sermones
1326 4753 1690 4809 candidarum
1727 4771 1877 4810 more
1910 4771 2061 4825 gem-

487 4855 725 4894 marum.
782 4841 1067 4898 Rutilabat
1092 4842 1305 4913 fulgore
1334 4846 1595 4903 carbonis
1622 4849 1742 4917 ejus
1774 4848 1843 4903 de
1872 4849 2062 4903 divina

489 4929 655 4987 Verbi
718 4932 1100 4990 incarnatione
1128 4935 1407 5006 doctrina,
1441 4953 1602 5008 quem
1651 4941 1881 5010 figuram
1927 4941 2064 4997 alte-

488 5040 606 5078 ram
650 5025 817 5081 lsaias
868 5027 1163 5085 carbonem
1209 5031 1512 5101 consliexit.
1548 5032 1798 5086 Altarutn
1843 5033 2064 5088 claritas

487 5118 879 5187 cogitationum
908 5119 1052 5175 velut
1079 5122 1258 5175 lumen
1284 5122 1527 5178 enitebat
1560 5122 1705 5192 quod
1731 5134 1944 5180 noctem
1968 5140 2065 5180 oc-

489 5218 675 5279 cupat,
702 5211 929 5282 ejiciens
971 5228 1034 5271 ex
1071 5214 1363 5270 altitudine
1389 5217 1764 5286 splendorem.
1795 5217 2066 5274 liuiuilia-

486 5299 608 5363 bas,
647 5303 945 5372 imperator
971 5307 1192 5367 eximie,
1252 5309 1625 5377 temetipsum,
1667 5318 1931 5381 tuamque
1958 5311 2069 5366 cel-

489 5394 787 5449 situdinem
839 5396 906 5450 ad
948 5413 1118 5451 unum
1182 5398 1551 5455 multitudinis
1596 5400 1966 5470 deprimebas,
2012 5412 2068 5458 et

490 5496 609 5541 erat
632 5486 775 5540 istud
812 5505 1013 5545 aureus
1064 5490 1289 5559 fulgor,.
1331 5494 1561 5547 nitidum
1605 5494 1882 5549 diadema.
1930 5494 2067 5553 Nam

493 5593 686 5629 aurum
721 5581 866 5647 quod
917 5583 1089 5650 magis
1113 5598 1276 5652 quam
1327 5595 1541 5642 caetera
1597 5587 1855 5656 pretiosa:
1891 5599 2067 5647 mate-

497 5666 587 5715 riae
620 5668 682 5719 ad
736 5671 842 5723 ima
897 5672 1102 5737 tendit,
1159 5674 1520 5732 nihilominus
1558 5689 1738 5735 tamen
1767 5679 1821 5733 in
1848 5696 2067 5735 omnem

498 5755 844 5818 Splendorcm
909 5772 1184 5815 coruscat.
1243 5764 1287 5816 υ
1332 5766 1566 5824 dulcedo
1623 5768 2064 5840 colloquiorum!

2170 4599 2294 4652 μεν,
2325 4580 2470 4651 ἅπερ
2490 4582 2541 4635 οἱ
2570 4580 2677 4651 πρὸ
2705 4577 2866 4651 ἡμῶν
2891 4578 2948 4629 ὲν
2974 4576 3164 4646 ἐφέσει
3190 4577 3522 4647 στρέφοντες
3550 4578 3745 4648 ἀπελη-

2162 4672 2411 4727 λύθασιν.
2457 4671 2867 4736 Ἐϐασίλευσεν,
2885 4669 3081 4739 ὥσπερ
3097 4672 3126 4723 ό
3144 4671 3510 4741 αὐτοκράτωρ
3530 4669 3630 4725 επὶ
3646 4672 3746 4725 πᾶν

2163 4764 2342 4833 ἔθνος,
2369 4763 2513 4819 οὕτω
2545 4765 2639 4818 καὶ
2667 4763 2695 4816 6
2728 4763 3143 4834 κατηχητήριος
3177 4763 3393 4828 ἐκεῖνος
3418 4765 3518 4817 επὶ
3547 4764 3745 4829 πάντες

2163 4859 2378 4926 λόγους,
2426 4852 2510 4922 οἷς
2564 4857 3001 4926 ἀπονενέμηται.
3058 4854 3209 4923 Ἐγὼ
3256 4858 3359 4912 καὶ
3411 4859 3495 4923 ὡς
3548 4861 3746 4930 κόσμον

2165 4950 2330 5005 αὐτὸν
2371 4949 2644 5019 ἐθεώρουν
2701 4947 2987 5018 βασιλικοῦ
3025 4948 3390 5018 διαδήματος,
3441 4942 3624 5022 οὗπερ
3657 4952 3746 5005 οὐκ

2167 5039 2285 5092 ἔστι
2317 5036 2511 5092 θέσθαι
2537 5038 2779 5107 τίμημα.
2836 5034 3230 5106 Ἑφωσφόρουν
3259 5038 3320 5088 ἐν
3350 5036 3509 5107 αὐτῷ
3539 5040 3591 5091 oi
3626 5054 3736 5107 περι

2165 5131 2267 5199 τῆς
2307 5128 2622 5199 ἀρχιφώτου
2665 5126 2898 5197 Τριάδος
2936 5126 3088 5194 λόγοι
3119 5126 3197 5189 ὡς
3226 5126 3508 5182 διάλευκοι
3541 5130 3742 5202 μάργα·

2170 5240 2275 5294 ροι.
2319 5221 2663 5291 Ἐξὲλαμπον
2708 5219 2783 5282 ὡς
2824 5219 2903 5281 είς
2958 5218 3311 5287 πυραύγειαν
3368 5219 3648 5292 ἄνθρακος
3684 5223 3746 5277 τὰ

2168 5317 2271 5386 τῆς
2305 5313 2460 5379 θείας
2492 5312 2586 5366 τοῦ
2624 5311 2800 5380 Λόγου
2826 5309 3185 5381 σαρκώσεως,
3219 5311 3279 5364 ὃν
3333 5313 3545 5382 τρόπον
3568 5316 3744 5387 ἕτερον

2170 5410 2264 5463 καὶ
2301 5408 2532 5469 Ἡσαΐας
2574 5404 2822 5476 ἄνθρακα
2871 5402 3172 5477 ἐθεώρησε.
3215 5403 3292 5457 Τὸ
3344 5407 3405 5459 ἐν
3456 5406 3615 5477 βάθει
3645 5408 3744 5461 τῶν

2170 5500 2460 5571 νοημάτων
2494 5497 2762 5566 διαφανὲς
2786 5495 2863 5558 ὡς
2892 5495 3153 5566 λυχνίτης
3176 5496 3531 5565 ὖπηύγαζεν,
3559 5500 3617 5564 ὃς
3643 5497 3743 5553 οἶδε

2172 5589 2582 5662 κατεπιχειρεῖν
2634 5588 2735 5659 τῆς
2783 5590 2999 5653 νυκτὸς,
3033 5587 3402 5657 πυρεκὸολῶν
3449 5593 3514 5642 ὲκ
3561 5590 3745 5662 βάθους

2172 5688 2271 5754 τὴν
2305 5681 2707 5754 φωτοφάνειαν.
2738 5678 3115 5744 Ἐταειτείνους,
3150 5679 3428 5750 βασιλέων
3457 5685 3739 5757 ὑπέρτατε,

2176 5775 2423 5840 σεαυτὸν,
2452 5773 2548 5828 καὶ⁸
2586 5772 2729 5826 οὕτω
2766 5770 2827 5824 τὸ
2856 5771 2947 5825 σὸν
2978 5768 3210 5839 ὕψιστον
3245 5774 3331 5838 εἰς
3357 5773 3460 5830 ἕνα
3487 5776 3597 5831 τῶν
3626 5780 3744 5832 πολ-
