4026 6248
439 353 538 419 971
1176 357 1558 420 EUSTATHI
1572 357 1598 417 Ι
1657 357 1760 417 ΤΗ
1775 356 1951 417 ESSA
1964 355 2111 416 LON
2125 355 2418 417 ICENSIS
2459 356 3022 418 METROPOLITE

3589 361 3695 424 972

441 469 610 524 feroci
640 477 696 524 et
729 468 960 523 nimium
991 486 1183 539 aspero
1212 473 1420 536 sonitu,
1455 473 1546 525 sed
1580 469 1814 540 simplici
1840 480 1888 523 et
1926 484 2014 522 ar-

2144 469 2336 538 τεμνῶς
2369 470 2662 540 ῥήγνυται,
2711 471 2774 524 ού
2807 472 2943 540 πρὸς
2985 471 3332 543 ἐμϐριθειαν,
3387 470 3511 524 οὐδὲ
3562 473 3706 541 ἄγαν

441 571 579 630 guto
617 558 783 615 sibilo
809 560 1057 628 jucunde
1096 563 1411 616 audientem
1454 562 1523 616 ad
1571 578 1630 618 se
1657 568 2013 614 convertens.

2144 560 2458 631 τραχύτητα,
2494 561 2620 613 ὅσον
2671 561 2726 614 δὲ
2788 563 3040 634 ροιζῆσαι
3097 563 3302 635 ἡρέμα,
3351 564 3447 617 καὶ
3502 564 3706 635 ἱλαρῶς

443 649 733 706 lleroieum
770 662 959 706 tonum
1005 653 1239 708 similem
1265 665 1356 708 tua
1383 654 1585 708 emittit
1621 653 1861 722 loquela.
1896 649 2015 704 Tua

2154 653 2452 721 πιστρέψαι
2486 653 2563 725 τῷ
2586 657 2903 726 περιτράνῳ
2928 657 3021 710 τὸν
3049 657 3424 726 ἀκροώμενον.
3451 659 3711 712 Τοιοῦτον

441 743 664 812 quidem
700 743 844 798 labia
869 761 969 815 pro
999 747 1397 818 cogitationum
1421 747 1712 803 dulcedine
1735 745 2016 800 Musarum

2144 743 2361 814 ιρωῖκὸν
2397 739 2531 815 ἦχον
2571 743 2938 816 προδάλλεταί
2977 764 3059 799 σοι
3101 746 3172 800 τὰ
3214 747 3316 815 τῆς
3348 745 3562 810 λαλιᾶς.
3601 748 3712 802 Καὶ

442 839 736 908 proferunt
775 839 1219 908 concinentiam;
1279 855 1374 895 aer
1414 855 1546 895 vero
1604 838 1764 908 quasi
1807 837 2016 892 tonitru

2144 835 2190 886 :a‘t
2223 835 2324 905 μὲν
2355 837 2434 898 είς
2471 835 2785 907 γλυκύτητα
2813 838 3106 909 νοημάτων
3137 839 3374 894 Μουσῶν
3407 838 3711 909 ἐμμέλειαν

441 945 741 1000 percussus
777 931 1059 1002 splendida
1109 933 1356 1003 quidem,
1399 931 1494 986 sed
1515 932 1804 985 horrisona
1841 931 2023 986 incre-

2144 926 2434 998 τροάγουσί
2495 946 2577 982 σοι
2631 927 2698 983 τά
2765 930 2961 1001 χείλη·
3005 930 3032 983 δ
3080 931 3136 984 δὲ
3184 929 3420 1002 πληγεὶς
3472 931 3579 1003 ἀὴρ
3633 933 3710 996 είς

442 1021 562 1073 linit
623 1020 970 1075 resonantia.
1032 1017 1099 1072 Et
1153 1035 1215 1074 ex
1271 1019 1620 1075 auditoribus
1662 1019 1808 1074 alius
1861 1017 2020 1088 quasi

2144 1017 2381 1090 lpovﬁlv,
2417 1021 2576 1088 τορὸν
2623 1021 2748 1090 μὲν,
2782 1023 2865 1084 εἰς
2910 1022 3144 1092 φρικτὸν
3191 1023 3247 1076 δὲ
3297 1022 3590 1090 λαλοῦσαν,
3623 1024 3712 1076 τὸν

443 1112 714 1168 ambabus
753 1120 842 1166 tua
883 1111 1045 1166 verba
1077 1112 1438 1182 complexus:
1474 1127 1610 1168 aure
1651 1111 1872 1181 quidem
1919 1125 2019 1164 vo-

443 1220 560 1257 ccm
616 1212 889 1272 argutam,
941 1213 1124 1258 mente
1181 1220 1311 1260 vero
1342 1203 1698 1274 cegitationis
1767 1200 2025 1258 sublimi-

445 1306 633 1361 talem,
659 1295 901 1348 divinam
940 1295 1131 1350 credet
1184 1312 1244 1351 se
1298 1311 1489 1352 vocem
1515 1296 1727 1361 audire,
1753 1303 1809 1350 et
1847 1307 2022 1363 ange-

443 1384 556 1434 lum
595 1382 814 1437 ('(Blitus
851 1382 1023 1450 loqui,
1077 1385 1218 1439 alius
1276 1393 1457 1438 autem
1509 1385 1564 1438 in
1607 1392 1846 1440 mentem
1908 1398 2020 1439 non

443 1479 763 1541 penetrans,
792 1476 884 1529 sed
913 1477 964 1529 in
1010 1492 1228 1530 summo
1257 1476 1488 1546 loquela:
1516 1476 1854 1531 celeritatem
1897 1489 2025 1546 per-

444 1567 746 1636 stringens,
787 1569 988 1622 dixerit
1030 1568 1320 1638 pacificum
1375 1569 1440 1624 ab
1476 1569 1712 1626 excelsis
1739 1585 1798 1625 se
1830 1569 2024 1624 audire

443 1660 771 1715 tonitruum.
809 1660 1066 1716 Stentora
1099 1663 1188 1716 hic
1221 1678 1511 1732 possemus
1567 1663 1882 1729 adducere;
1938 1670 2025 1717 ast

442 1770 544 1823 ego
583 1755 730 1811 hunc
763 1755 967 1809 horreo
986 1754 1264 1810 hominem
1299 1757 1395 1824 qui
1425 1754 1756 1810 audiebatur
1787 1755 2026 1811 reboans

443 1858 501 1902 ut
547 1848 641 1902 alii
703 1847 1138 1919 quinquaginta;
1193 1848 1369 1902 timeo
1427 1848 1575 1902 enim
1631 1864 1698 1904 ne
1749 1849 2024 1918 quinqua-

443 1940 591 2010 ginta
613 1941 790 1995 latens
813 1939 994 1995 fabula
1017 1938 1272 1996 sull'odiat
1294 1955 1388 1994 ora
1420 1939 1722 1996 multisono
1746 1938 2024 1997 Slentoris

444 2034 763 2088 simulacro.
825 2033 966 2099 Quid
1031 2032 1242 2102 iurabit
1309 2032 1612 2090 Alcibiadis
1680 2033 2023 2100 meminisse,

443 2126 603 2196 cujus
633 2126 821 2182 suavis
846 2135 963 2181 erat
995 2126 1260 2189 elocutio,
1291 2139 1455 2196 quam
1480 2133 1664 2180 autem
1687 2127 2025 2197 depravabat

445 2235 549 2274 vox
618 2218 975 2274 balbutiens?
1055 2218 1271 2274 Placuit
1346 2219 1479 2273 mihi
1557 2218 1858 2274 Alexandri
1933 2233 2026 2274 50-

447 2327 598 2377 uum,
628 2311 774 2384 regis
808 2311 954 2366 illius
987 2312 1237 2376 maximi,
1285 2312 1336 2366 in
1366 2314 1838 2384 comparationem
1871 2313 2027 2369 simi-

443 2405 694 2461 litudinis
723 2405 948 2470 inferre,
985 2404 1077 2476 qui
1119 2405 1340 2475 quidem
1376 2406 1693 2461 obleCtabat
1727 2408 1893 2462 etiam
1927 2424 2026 2462 au-

445 2499 677 2565 ditores,
713 2515 902 2553 verum
955 2500 1206 2553 innatum
1247 2499 1438 2554 habuit
1492 2501 1767 2570 quoddam
1807 2499 2023 2555 vitium.

447 2590 549 2644 llic
573 2604 703 2646 vero
739 2606 842 2646 vox
870 2592 1130 2647 omnibus
1155 2593 1431 2648 excellens
1465 2608 1604 2664 quos
1629 2593 1854 2663 antiqua
1885 2594 2027 2648 ratio

448 2689 672 2752 propter
704 2681 937 2753 loquelae
973 2685 1310 2739 suavitatem
1351 2684 1684 2754 designavit.
1714 2683 1852 2738 Nam
1887 2685 2028 2740 indi-

448 2780 649 2844 gentia:
683 2776 908 2831 minime
940 2777 1212 2848 subiacet,
1241 2778 1312 2833 ita
1348 2787 1406 2832 ut
1430 2793 1662 2834 necesse
1711 2795 1822 2834 non
1846 2779 1918 2833 sit
1944 2781 2026 2836 bis

453 2869 685 2938 proferri
727 2869 874 2940 quod
928 2872 1040 2940 jam
1089 2872 1157 2926 ad
1217 2887 1382 2927 aures
1434 2872 1819 2928 assistentium
1875 2889 2030 2928 reso-

451 2963 622 3029 navit,
654 2977 755 3018 nec
787 2963 843 3017 in
875 2972 1145 3018 tumorem
1199 2963 1478 3020 evanescit
1516 2979 1626 3034 quo
1683 2965 2029 3035 dissipantur

450 3053 616 3107 verba
655 3060 845 3123 utpote
879 3067 991 3108 non
1033 3053 1314 3108 distincta.
1352 3053 1460 3109 Sed
1515 3055 1781 3124 loquitur,
1837 3063 1890 3108 et
1920 3063 2030 3109 sta-

449 3142 549 3196 tim
585 3145 755 3198 verba
792 3144 857 3197 ad
889 3143 1308 3214 intelligentiam
1330 3143 1564 3213 loquelas
1588 3147 2026 3200 circumsonant.
2059 3168 2104 3228 α

450 3233 596 3302 Quid
653 3234 864 3290 multa?
917 3235 1156 3306 Insignis
1195 3245 1323 3292 tuus
1377 3237 1433 3291 in
1470 3238 1698 3292 vocibus
1753 3254 1947 3303 sonus,
1979 3247 2035 3292 et

453 3328 624 3396 (sicut
659 3331 927 3399 scriptum
955 3329 1065 3393 est)
1115 3329 1334 3399 loquela
1389 3337 1482 3384 tua
1540 3331 1814 3402 speciosa,
1872 3341 1924 3386 et
1955 3330 2038 3401 (ut

451 3434 615 3474 omne
648 3419 850 3491 dicam)
898 3421 1060 3492 plane
1090 3421 1310 3492 regalis.
1338 3422 1418 3478 lta
1466 3423 1635 3478 etiam
1684 3423 1736 3479 in
1789 3424 2037 3480 minimis

456 3508 600 3565 Deus
652 3518 706 3566 te
739 3513 1137 3582 magnilicavit,
1199 3522 1401 3586 tuaque
1449 3515 1713 3571 universa
1749 3515 2033 3580 exultavit,

453 3603 804 3673 splendidum
834 3605 1042 3661 addens
1075 3607 1506 3662 incrementum.

2124 1105 2259 1180 ἧκον
2309 1112 2702 1184 ἀπεσχεδίασε.
2763 1115 2876 1170 Καὶ
2933 1117 3044 1169 τῶν
3108 1115 3480 1188 ἀκροωμένων
3534 1119 3562 1170 6
3617 1117 3712 1186 μὲν

2127 1202 2473 1275 ἀμφοτέραις
2512 1199 2627 1258 οἷον
2667 1206 3034 1278 δραττόμενός
3085 1226 3168 1262 σοι
3213 1207 3311 1263 τοῦ
3345 1207 3533 1276 λόγου,
3574 1211 3708 1280 ἀκοῇ

2131 1292 2232 1364 μὲν
2263 1293 2364 1362 τῆς
2401 1293 2656 1364 διατόρου
2698 1298 2909 1368 φωνῆς,
2952 1299 3098 1370 ψυχῇ
3129 1300 3185 1353 δὲ
3212 1303 3313 1370 τῆς
3349 1300 3710 1370 ὑψηλολογίας

2127 1385 2221 1438 τού
2255 1388 2548 1458 νοήματος,
2595 1389 2747 1444 θείαν
2784 1392 2850 1446 ἂν
2896 1393 3043 1445 εἴποι
3090 1390 3316 1446 ἀκούειν
3370 1392 3582 1463 φωνὴν,
3624 1396 3712 1446 καὶ

2129 1475 2364 1546 ἄγγελον
2392 1479 2590 1548 ὑψόθεν
2616 1480 2800 1534 λαλεῖν
2825 1497 2839 1512 °
2873 1484 2900 1535 6
2930 1482 2988 1536 δὲ
3021 1487 3094 1554 μὴ
3131 1487 3227 1537 καὶ
3259 1486 3340 1548 εἰς
3371 1484 3498 1537 νοῦν
3529 1485 3676 1555 ἐμϐα
3703 1515 3717 1526 ο

2132 1569 2315 1626 θύνειν
2363 1571 2529 1643 ἔχων,
2586 1574 2700 1626 ἀλλ’
2735 1576 3087 1640 ἐπιπολάζων
3127 1576 3204 1647 τῷ
3234 1577 3334 1646 τῆς
3367 1578 3563 1640 λαλιᾶς
3596 1581 3715 1648 ῥεύ-

2135 1678 2292 1732 ματι,
2329 1662 2562 1734 βροντὴν
2599 1665 2665 1718 ἂν
2689 1667 2836 1720 εἴποι
2860 1667 3168 1736 γαληναίαν
3201 1666 3259 1734 ἐξ
3282 1669 3525 1738 ὑψίστων
3555 1669 3716 1722 ποθὲν

2134 1755 2516 1818 ὲνωτίζεσθαι.
2560 1757 2831 1828 Στέντορα
2869 1759 2970 1827 μὲν
3003 1757 3096 1811 οὖν
3138 1760 3374 1813 ἐνταῦθα
3425 1762 3714 1829 προάγειν,

2133 1845 2248 1900 ἀλλ’
2275 1845 2389 1915 ἐγὼ
2407 1846 2501 1901 καὶ
2530 1848 2779 1920 πέφρικα
2803 1850 2897 1903 τὸν
2932 1851 3126 1922 ἄνδρα,
3148 1851 3205 1915 ὃς
3235 1853 3535 1922 ὲξηκούετο
3557 1853 3714 1923 βοῶν,

2134 1938 2258 1994 ὅσον
2282 1939 2434 1995 ἄλλοι
2462 1943 2806 2011 πεντήκοντα
2827 1959 2841 1974 ο
2873 1944 3174 2014 ὑφορῶμαι
3209 1945 3343 2014 γὰρ,
3381 1946 3598 2016 μήποτε
3628 1947 3718 1998 καὶ

2137 2034 2481 2101 πεντήκοντα
2501 2032 2681 2086 λαθὼν
2702 2035 2729 2087 6
2759 2033 2926 2104 μῦθος
2956 2034 3343 2109 ὐποόοθρεύσῃ
3368 2037 3615 2106 στόματα
3641 2035 3718 2105 τῷ

2136 2124 2444 2196 πολυφώνῳ
2476 2125 2814 2197 Στεντορείῳ
2849 2127 3071 2200 τέρατι.
3114 2127 3464 2182 ’Δλκιϐιάδου
3498 2128 3555 2181 δὲ
3584 2128 3719 2181 ἀλλὰ

2134 2215 2189 2269 τί
2244 2234 2336 2286 μοι
2392 2218 2734 2288 μεμνῆσθαι,
2777 2214 2837 2273 οὗ
2874 2219 3050 2290 γλυκὺ
3113 2222 3214 2291 μὲν
3264 2216 3333 2292 ἦν
3382 2222 3443 2274 τὸ
3474 2222 3718 2292 φθέγμα,

2135 2307 2323 2363 ὁποῖον
2369 2310 2426 2364 δὲ
2474 2311 2542 2365 ἂν
2577 2313 2670 2366 καὶ
2707 2311 3007 2382 ψελλισμὸς
3044 2313 3308 2385 βρεφικδς
3343 2315 3717 2384 ὑποϐάληταις

2139 2399 2382 2472 Ἧρεσκε
2411 2401 2468 2456 δέ
2495 2420 2586 2473 μοι
2615 2404 2675 2456 τὸ
2698 2401 2794 2458 τοῦ
2831 2390 3214 2476 Ἀλεξάνδρου,
3237 2405 3334 2458 τοῦ
3362 2406 3532 2460 καλοῦ
3566 2406 3720 2474 βασι-

2137 2491 2298 2557 λέως,
2324 2495 2670 2563 παραγαγεῖν
2707 2494 2788 2556 εις
2822 2493 3152 2566 συναγωγὴν
3174 2495 3517 2566 ὁμοιότητος.
3559 2497 3723 2550 ’Δλλά

2139 2581 2236 2635 καὶ
2266 2583 2475 2648 ἐκεῖνος
2506 2585 2800 2653 ὲγλύκαινε
2855 2585 2956 2655 μὲν
3005 2587 3295 2655 ἀκρόασιν,
3349 2584 3462 2657 εἶχε
3510 2586 3570 2641 δέ
3605 2605 3721 2641 τινα

2137 2677 2475 2748 διαμαρτίαν
2531 2680 2770 2746 φύσεως.
2817 2678 3084 2732 Ἐνταῦθα
3131 2679 3189 2732 δὲ
3237 2679 3380 2751 ὑπὲρ
3419 2681 3636 2744 πάντας
3663 2681 3721 2734 τὸ

2140 2770 2392 2840 φθέγμα,
2445 2771 2610 2833 ὅσους
2667 2771 2694 2822 6
2754 2770 2988 2833 παλαιὸς
3041 2769 3202 2839 λόγος
3259 2771 3353 2824 ἐπὶ
3417 2771 3722 2841 γλυκύτητι

2139 2862 2335 2925 λαλιᾶς
2365 2861 2770 2932 άπεσέμνυνεν.
2811 2860 2949 2915 Οὔτε
2993 2862 3103 2934 γάρ
3142 2863 3222 2926 είς
3263 2861 3478 2915 ἔνδειαν
3518 2864 3722 2918 ὑποκά-

2141 2958 2326 3026 θηται,
2357 2955 2432 3018 ὡς
2489 2955 2740 3024 ἀνάγκην
2775 2948 2918 3008 εἷναι
2971 2954 3304 3023 διττολογεῖν
3332 2955 3393 3007 τδ
3443 2956 3724 3027 ὑπηχηθὲν

2142 3049 2279 3119 πρὸς
2330 3047 2636 3116 ἀκρόασιν·
2676 3044 2800 3100 οὔτε
2851 3047 2934 3110 εἰς
2980 3047 3341 3117 στομφασμδν
3395 3046 3724 3100 πλατύνεται

2141 3141 2522 3210 ἀνοιγόμενον,
2580 3138 2704 3192 ὅθεν
2754 3139 2822 3192 τὰ
2881 3138 2983 3208 τῆς
3037 3139 3226 3207 φωνῆς
3284 3139 3615 3202 σκεδάζεται
3647 3142 3724 3203 εἰς

2141 3232 2535 3302 ἀδιάρθρωτον.
2600 3229 2762 3284 ’Λλλὰ
2817 3231 2924 3301 χρὴ
2975 3230 3234 3303 λαλῆσαι,
3281 3235 3378 3286 καὶ
3427 3234 3521 3288 τὸν
3570 3234 3726 3298 λόγον

2142 3327 2308 3389 εὐθὺς
2359 3326 2767 3396 περιηχηθῆναι
2816 3329 2897 3388 εἰς
2928 3326 3230 3396 εὐμάθειαν
3281 3327 3625 3397 φθέγματος.
3662 3330 3723 3383 T‘

2147 3437 2240 3491 μοι
2271 3419 2457 3489 λέγειν
2511 3418 2728 3484 πολλά;
2784 3418 3064 3488 Διάσημον
3134 3421 3192 3471 ὲν
3253 3423 3462 3489 φωναῖς
3518 3421 3580 3474 τὸ
3637 3423 3711 3474 σὺ·

2142 3512 2388 3586 φθέγμα,
2448 3514 2541 3567 καὶ
2591 3514 2754 3584 (κατὰ
2788 3513 2847 3566 τὸ
2879 3513 3299 3584 γεγραμμένον)
3347 3515 3380 3583 ἠ
3411 3514 3576 3578 λαλιά
3629 3532 3721 3567 σου

2142 3608 2342 3678 ὡραία,
2402 3609 2497 3659 καὶ
2557 3608 2638 3675 (τὺ
2689 3607 2798 3659 πᾶν
2856 3607 3057 3674 εἰπεῖν)
3102 3605 3364 3675 βασιλικὴ
3409 3608 3505 3659 καὶ
3557 3606 3698 3675 αὐτή

455 3694 611 3748 Οὕτω
649 3697 812 3766 μέχρι
848 3696 943 3752 καὶ
971 3698 1081 3752 τῶν
1109 3701 1494 3770 σμικροτάτων
1519 3701 1546 3754 6
1571 3702 1707 3765 Θεὸς
1731 3700 2034 3773 ὲμεγάλυνέ
2075 3717 2158 3766 σε,
2191 3702 2287 3754 καὶ
2318 3703 2497 3752 πάντα
2529 3700 2596 3752 τὰ
2635 3700 2704 3751 σὰ
2733 3698 3090 3769 ὑπερύψωσε,
3153 3698 3515 3767 προσεπιθεὶς
3581 3699 3712 3768 λαμ-

455 3790 601 3859 πρὰν
632 3790 730 3859 τὴν
759 3789 1089 3859 ἐπαύξησιν.

522 3882 612 3937 55.
637 3880 950 3953 Nunquam,
985 3899 1018 3940 ο
1041 3884 1342 3951 auditores,
1369 3887 1435 3942 de
1455 3886 1663 3958 magnis
1682 3885 2035 3955 imperatoris

458 3974 684 4029 dotibus
712 3973 937 4029 dicendi
973 3973 1135 4030 ﬁnem
1175 3973 1507 4042 faceremus,
1548 3978 1714 4032 etiam
1747 3986 2037 4032 contracto

459 4080 741 4128 sermone,
792 4065 898 4122 nisi
950 4080 1122 4122 suave
1157 4065 1414 4123 Jordanis
1453 4066 1725 4124 ellluentis
1787 4083 2039 4124 murmur

461 4171 617 4212 meos
652 4166 942 4229 superaret
987 4173 1296 4225 sermOnes,
1349 4169 1403 4215 et
1438 4177 1668 4216 necesse
1720 4163 1792 4216 sit
1850 4163 2039 4216 consi—

458 4258 680 4320 gnatam
721 4249 930 4306 silentii
976 4251 1191 4307 foribus
1228 4253 1490 4308 cohibere
1520 4258 1856 4310 orationem.
1893 4252 2039 4308 Sane

462 4344 586 4395 licet
615 4357 700 4396 me
736 4356 764 4395 a
798 4341 1073 4412 loquendo
1094 4340 1365 4400 Jordanes
1411 4345 1728 4414 prohibeat,
1751 4347 1918 4415 idque
1956 4361 2042 4400 me

463 4431 633 4486 invito
665 4431 856 4500 faciat,
915 4441 1102 4488 tamen
1142 4447 1250 4487 non
1313 4435 1578 4489 absistam
1638 4436 1692 4489 in
1738 4437 1891 4489 illum
1947 4435 2041 4490 de-

2209 3879 2304 3935 λε’.
2366 3880 2482 3934 Οὖκ
2535 3878 2622 3942 ἂν,
2660 3871 2705 3932 ὦ
2759 3877 3050 3948 παρόντες,
3099 3877 3438 3948 ἐπαυσάμην
3486 3878 3584 3932 ἐπὶ
3616 3882 3728 3944 τοῖς

2143 3971 2448 4045 βασιλικοῖς
2489 3969 2806 4040 μεγαλείοις
2841 3968 2936 4023 καὶ
2966 3968 3136 4023 εἰσέτι
3181 3969 3262 4040 τῷ
3295 3969 3441 4041 λόγῳ
3471 3972 3726 4038 συνεξαιο

2142 4066 2393 4138 ρόμενος,
2422 4065 2471 4116 εἰ
2503 4062 2579 4133 μὴ
2609 4063 2671 4116 τὸ
2700 4061 2795 4115 τοῦ
2841 4062 3109 4134 Ἰορδάνου
3146 4063 3326 4133 ῥεῦμα
3358 4063 3536 4132 γλυκὺ
3568 4066 3729 4118 κελαι

2146 4157 2309 4229 ρύζον
2332 4171 2408 4207 πα
2419 4154 2786 4225 ρευδοκίμηκέ
2814 4171 2904 4222 μοι
2922 4154 3048 4217 τοὺς
3072 4155 3289 4223 λόγους,
3305 4156 3400 4209 καὶ
3419 4151 3492 4228 ἦν
3514 4159 3726 4226 ἀνάγκη

2149 4249 2430 4303 συστεῖλαι
2487 4246 3039 4317 ὲπισφρπγισάμενον
3083 4247 3360 4318 κλείθροις
3419 4247 3585 4318 σιγῆς
3628 4249 3728 4319 τὴν

2142 4344 2398 4409 διέξοδον.
2449 4342 2522 4396 Οὐ
2572 4341 2679 4411 μὴν
2710 4340 2830 4394 ἀλλ’
2861 4339 2995 4408 ἐγὼ,
3055 4341 3103 4393 εἰ
3161 4341 3256 4394 καὶ
3311 4339 3408 4393 τοῦ
3469 4340 3655 4410 λέγειν
3702 4344 3730 4394 6

2157 4436 2432 4509 Ἰορδάνης
2467 4435 2711 4504 παράγει
2742 4449 2832 4501 με,
2860 4432 2955 4486 καὶ
2984 4431 3046 4485 οὔ
3076 4449 3170 4504 μοι
3190 4432 3344 4501 φίλον
3373 4433 3537 4486 τοῦτο
3564 4435 3726 4495 ποιεῖ,

467 4526 630 4594 ﬁgere
657 4539 970 4590 sermones,
1033 4526 1448 4595 augustioribus
1493 4542 1618 4582 eum
1683 4543 1887 4584 vocans
1937 4542 2034 4582 no-

2144 4527 2293 4598 δμως
2326 4527 2426 4579 οὐκ
2460 4527 2646 4596 ἀνήσω
2675 4527 2756 4588 είς
2779 4523 2940 4579 αὐτὸν
2971 4522 3197 4595 βάπτων
3225 4527 3350 4588 τοὺς
3393 4525 3609 4592 λόγους,
3637 4527 3729 4579 καὶ

466 4617 728 4682 minibus,
761 4617 1145 4682 sacerrimum,
1180 4618 1234 4673 in
1261 4617 1583 4676 ﬂuminibus
1600 4621 2034 4687 sanctissimum,

470 4709 600 4761 item
675 4710 1077 4777 cognominatus
1137 4725 1338 4780 aquam
1400 4712 1467 4766 ad
1540 4713 1772 4768 salutem
1839 4712 2040 4766 salien-

465 4810 597 4866 tem,
628 4797 855 4854 ﬂuvium
894 4802 941 4856 si
982 4817 1093 4856 non
1135 4817 1166 4857 a
1207 4804 1468 4874 paradiso
1512 4806 1760 4862 sensibili
1787 4821 2042 4876 prorum-

467 4902 714 4963 pentem,
745 4892 941 4948 saltem
967 4894 1034 4949 ad
1074 4899 1392 4965 paradisum
1437 4900 1865 4953 conducentem.
1893 4898 2043 4964 Quo-

465 4986 630 5043 modo
661 4995 843 5042 autem
873 4989 944 5042 sit
974 4991 1142 5045 etiam
1182 5005 1323 5061 aqua
1359 4990 1581 5061 regalis,
1603 4993 1712 5045 alio
1744 4992 1853 5046 dixi
1887 5000 2044 5045 tem-

469 5078 818 5148 pore.Nunc
849 5095 978 5137 vero
1034 5081 1150 5139 haec
1206 5084 1510 5138 addiderim
1574 5085 1721 5155 quod
1776 5084 2045 5140 Jordanes

467 5189 532 5228 ex
555 5174 774 5230 duobus
808 5173 993 5230 lluviis
1025 5184 1142 5230 tum
1197 5192 1256 5231 re
1299 5186 1415 5231 tum
1449 5179 1675 5233 nomine
1705 5181 2045 5234 conveniens

467 5265 697 5322 decebat
746 5267 914 5323 Deum
965 5271 1242 5325 hominem
1298 5270 1624 5325 Emmanuel
1679 5288 1782 5326 non
1816 5272 2038 5340 quidem

469 5370 694 5428 propter
731 5361 1014 5416 confusam
1051 5360 1397 5424 missionem,
1421 5358 1586 5427 (absit
1609 5360 1646 5423 ι)
1683 5360 1776 5414 sed
1818 5368 2045 5430 prOpter

475 5457 794 5505 naturarum
837 5455 1123 5509 unionem.

552 5621 642 5676 36.
670 5623 766 5676 Eia
799 5640 926 5693 ergo
949 5666 961 5686 ,
999 5643 1098 5680 nos
1121 5629 1211 5682 hic
1246 5629 1586 5701 congregati,
1618 5640 1723 5684 tam
1759 5629 1815 5683 in
1860 5639 2055 5686 sancto

485 5713 654 5777 gradu
702 5716 957 5770 sedentes
997 5733 1159 5787 quam
1181 5719 1389 5790 caeteri,
1422 5725 1820 5795 conjungamus
1851 5734 1906 5778 et
1945 5740 2046 5780 nos

485 5803 753 5862 sermonis
804 5805 1007 5861 ﬂuenta
1077 5810 1128 5864 iu
1205 5829 1367 5869 unam
1429 5817 1851 5886 supplicationis
1914 5832 2046 5874 con-

2143 4621 2259 4681 τοῖς
2281 4633 2340 4670 τε
2377 4616 2732 4690 σεμνοτέροις
2761 4617 2926 4672 αὑτὸν
2949 4617 3252 4688 ἀγορεύων,
3281 4616 3373 4670 τὸν
3407 4617 3726 4688 ἱερώτατον,

2142 4711 2234 4763 τὸν
2260 4709 2570 4776 ἁγιώτατον
2603 4711 2660 4762 ἐν
2692 4711 2987 4779 ποταμοῖς,
3018 4709 3455 4778 προσονομάζων
3483 4709 3543 4762 δὲ
3569 4709 3732 4762 αὑτὸν

2144 4802 2238 4856 καὶ
2273 4801 2420 4874 ὓδωρ
2453 4805 2534 4866 εἰς
2569 4803 2845 4872 σωτηρίαν
2880 4802 3201 4872 άλλόμενον,
3245 4803 3338 4855 καὶ
3369 4803 3644 4871 ποταμὸν,
3678 4802 3728 4854 εἰ

2146 4899 2240 4952 καὶ
2270 4899 2344 4970 μὴ
2375 4895 2708 4965 παραδείσου
2742 4893 2838 4947 τοῦ
2866 4895 3002 4965 πρὸς
3028 4896 3286 4964 αἴσθησιν
3317 4893 3728 4965 ὲξορμώμενο..

2147 4989 2531 5061 πορθμεύοντα
2581 4986 2712 5054 γοῦν
2760 4988 2841 5048 είς
2883 4985 3239 5055 παράδεισον.
3295 4985 3356 5038 Εἰ
3403 4986 3463 5038 δὲ
3520 4987 3617 5039 καὶ
3653 4985 3731 5053 τῷ

2147 5085 2263 5137 δντι
2302 5082 2581 5152 βασιλικὸν
2620 5080 2784 5143 αὐτὸς
2821 5078 2993 5149 ὕδωρ,
3028 5079 3271 5150 ὕμνηται
3308 5079 3408 5149 μέν
3441 5097 3536 5148 μοι
3573 5079 3734 5133 τοῦτο

2149 5177 2246 5232 καὶ
2275 5175 2466 5230 ἄλλοτε
2499 5190 2513 5204 ⁸
2543 5173 2639 5227 νῦν
2673 5173 2731 5225 δὲ
2773 5171 2870 5224 καὶ
2909 5172 3092 5225 ἐκεῖνο
3122 5171 3489 5242 προστίθημι,
3523 5171 3598 5233 ὡς
3627 5172 3734 5241 ἄρα

2149 5271 2214 5322 ὲκ
2243 5267 2335 5320 δύο
2353 5265 2656 5336 ποταμῶνό
2692 5264 2965 5335 Ἰορδάνης
2989 5265 3081 5317 καὶ
3104 5263 3238 5334 πρὸς
3265 5262 3440 5332 ὄνομα
3472 5263 3566 5316 καὶ
3596 5264 3738 5334 πρὶις

2153 5361 2388 5429 πρᾶγμα
2411 5357 2764 5428 κιρνάμενος,
2793 5357 3005 5425 ἔπρεπε
3031 5355 3108 5426 τῷ
3135 5353 3478 5426 θεανθρώπῳ
3519 5355 3735 5424 Ἐμμαο

2157 5451 2342 5521 νουὴλ,
2373 5451 2434 5504 οὒ
2468 5449 2562 5515 ,διὰ
2594 5448 2932 5520 συγχυτικὴν
2965 5448 3271 5520 ἀνάκρασιν
3308 5445 3562 5517 (ἄπαγε),
3603 5445 3738 5498 ἀλλά

2154 5541 2373 5611 φύσεων
2399 5541 2616 5596 ἕνωσιν.

2224 5635 2334 5698 λς’.
2405 5635 2542 5700 ’Ἄγε
2592 5632 2678 5703 δὴ,
2731 5625 2777 5685 ὦ
2818 5632 3080 5700 σύλλογος
3143 5631 3330 5700 ἡμεῖς,
3366 5631 3495 5692 ὅσος
3534 5646 3594 5682 τε
3642 5626 3738 5680 τοῦ

2159 5725 2361 5779 σεπτοῦ
2425 5725 2694 5796 βήματος,
2738 5727 2835 5778 καὶ
2881 5727 2910 5778 6
2957 5725 3169 5788 λοιπὸς,
3209 5721 3611 5792 κοινωσώμεθα
3643 5719 3740 5773 καὶ

2159 5818 2314 5872 αὐτοὶ
2353 5819 2411 5872 τὸ
2444 5818 2623 5890 ῥεῦμα
2668 5817 2763 5872 τοῦ
2792 5817 2955 5888 λόγου
2980 5819 3060 5882 εἰς
3093 5817 3224 5889 μίαν
3257 5814 3423 5886 εὐχῆς
3454 5814 3733 5887 σύρροιαν,
