4026 6248
411 340 526 404 973

418 455 518 508 καὶ
548 453 916 526 μιμησόμεθα
941 452 1102 510 τοῦτό
1133 471 1194 524 γε
1228 455 1535 528 ἀμφότεροι
1565 460 1657 512 τὸν
1695 459 1983 532 Ἰορδάνην,

2097 463 2375 533 liuentem,
2434 475 2489 523 et
2530 466 2584 522 in
2638 468 2744 524 hoc
2781 467 3076 524 Jordanem
3137 465 3418 520 imitemur
3458 467 3548 536 qui
3609 478 3664 521 et

416 546 476 604 ὃς
512 547 576 598 ἐκ
609 545 758 600 δυοῖν
799 547 894 600 καὶ
930 547 1093 611 αὐτὸς
1125 547 1390 618 ποταμῶν
1427 549 1486 602 τὸ
1521 550 1738 621 ῥεῖθρον
1766 552 1862 605 καὶ
1895 554 1983 624 ehi

2096 555 2219 626 ipse
2251 571 2283 610 θ
2316 555 2531 611 duobus
2578 555 2900 613 ﬂuminibus
2942 567 3054 612 tum
3094 555 3386 622 ﬂuentum,
3411 564 3532 610 tum
3569 571 3666 610 no-

417 638 616 706 κλῆσιν
633 639 980 709 συμμίγνυσι
1001 656 1018 672 ο
1059 639 1155 694 καὶ
1181 640 1546 711 ὲπευξὼμεθα
1570 642 1686 707 τοῖς
1709 643 1983 714 βασιλεῦσι

2098 662 2225 702 men
2265 651 2604 714 commiscet,
2626 657 2680 704 et
2699 664 2992 720 precemur
3017 658 3074 704 ιιι
3105 650 3534 719 imperatoribus
3568 663 3665 720 per

416 729 487 782 τὰ
519 729 618 799 τῆς
636 729 782 800 ζωῆς
803 729 998 801 λοιπῆς
1021 729 1239 800 ἁπάσης
1263 730 1768 805 ὑπερανῳκισμένα
1794 752 1983 808 συντη-

2094 727 2482 794 ιοιοιη’νίιοηι
2533 739 2775 796 futuram
2824 741 3073 798 coelestia
3133 755 3343 797 necnon
3401 741 3664 796 perennia

421 820 634 888 ρεῑσθαι
669 822 763 874 καὶ
791 822 1146 895 πολυχρόνια.
1181 823 1224 892 ⁸)

2093 834 2496 884 conserventur
2528 828 2693 885 bona.

1206 341 1607 405 MANUELIS
1644 343 1988 407 COMNENI
2029 349 2415 412 LAUDATIO
2454 351 2861 414 FUNEBRIS.
3555 350 3660 414 9⁸74

441 1036 1028 1055 “Mum-
1045 1039 2408 1055 .ﬁWg-o—
2478 1044 2613 1055 -αοηοο

1723 1244 2350 1362 EJUSDEM

552 1483 1168 1622 MANUELIS
1238 1426 1790 1576 COMN'ENI
1871 1475 2131 1577 IMP.
2212 1485 2827 1581 LAUDATIO
2892 1489 3532 1582 FUNEBRIS.

440 1033 3654 1078 W

412 1827 532 1888 Τοῦ
554 1834 740 1889 αὐτοῦ
773 1835 839 1890 τὸ
868 1835 1094 1906 γραφὲν
1113 1838 1203 1904 εις
1251 1836 1359 1891 τὸν
1400 1834 1677 1906 ἀοίδιμον
1695 1835 1766 1888 ἐν
1792 1835 1982 1904 ἁγίοις

2093 1819 2343 1906 Ejusdem
2393 1835 2567 1890 oratio
2609 1835 2664 1888 in
2697 1836 2950 1892 celebrem
2994 1839 3132 1893 inter
3149 1847 3363 1892 sanctos
3383 1855 3527 1912 reges
3555 1837 3666 1894 Deo

477 1923 814 1986 βασιλεῦσι
887 1923 1062 1994 κῦριν
1126 1925 1423 1995 Mar-aviis!
1482 1926 1592 1980 τόν
1647 1928 1986 1996 Κομνηνόν.

483 2014 670 2084 Ὅπερ
698 2015 787 2070 ὅτι
834 2018 908 2070 οὐ
957 2016 1267 2085 τυχόντως
1293 2017 1679 2088 μεθώδευται,
1711 2020 1745 2071 ὁ
1780 2032 1990 2072 πεπαι-

481 2105 779 2176 δευμένος
819 2107 1134 2174 διακρινεῖ.
1184 2107 1440 2163 Πολλῶν
1475 2107 1587 2178 γὰρ
1615 2109 1818 2176 ἄλλως
1854 2126 1990 2178 γραμ-

481 2199 751 2266 gavia-rw,
783 2199 1177 2271 ἐστρυφνώθη
1211 2201 1364 2270 πρὸς
1397 2201 1692 2272 διαφορὰν
1717 2203 1751 2257 ό
1784 2202 1990 2270 παρὼν

483 2291 821 2361 ἐπιτάφιος.

484 2387 557 2440 α’.
593 2385 709 2438 Οὐκ
737 2380 806 2456 ἦν
861 2402 951 2454 μοι
982 2386 1376 2458 καραδοκοῦντι
1428 2387 1824 2459 τετολμηκέναι
1864 2390 1988 2444 τινὰ

414 2476 693 2547 μεγαλιίφ
748 2476 990 2549 τοσούτῳ
1041 2478 1199 2548 λόγου
1254 2479 1450 2534 ἑαυτὸν
1490 2479 1863 2551 παραϐαλεῖν,
1911 2479 1988 2543 ὡς

410 2572 557 2628 οὕτω
571 2576 708 2642 ταχὺ
737 2572 828 2627 τὸν
845 2574 1164 2644 τηλικοῦτον
1188 2575 1449 2645 ὶθελῆσαι
1480 2575 1707 2647 βασιλέα
1731 2576 1989 2644 κείμενον

414 2665 563 2734 λόγῳ
607 2666 822 2738 ἐξᾶραι,
861 2667 961 2721 καὶ
1007 2668 1346 2736 στεγανῶται
1397 2668 1496 2737 μὲν
1545 2668 1885 2740 καρτερικῶς
1926 2668 1988 2720 τὸ

413 2757 680 2828 δάκρυον,
704 2759 918 2828 ἐφεῖναι
943 2761 998 2814 δὲ
1027 2763 1094 2832 τῇ
1131 2760 1354 2835 γλώσσῃ
1377 2762 1587 2817 λαλεῖν.
1617 2763 1849 2833 Μικροῐς
1888 2762 1988 2830 μὲν

413 2849 524 2920 γὰρ
567 2852 916 2923 χαρακτῆρσι
980 2853 1074 2908 τδν
1133 2854 1390 2925 μέγιστον
1441 2853 1865 2910 ἑκτυπὼσασθαι
1922 2855 1986 2908 οὐ

417 2943 559 2994 πάνυ
593 2943 692 3011 τῆς
719 2943 951 3014 ἀρίστης
981 2944 1200 3014 τίθεμαι
1226 2947 1535 3016 γραφικῆςο
1567 2945 1781 3016 ὑψῶσαι
1832 2945 1888 2998 δὲ
1919 2943 1986 2997 αὖ

415 3033 580 3087 πάλιν
611 3035 749 3106 πρὸς
782 3035 944 3103 ἀξίαν
985 3035 1164 3102 λόγοις
1209 3036 1300 3090 τὸν
1341 3036 1639 3106 Ὀλύμπιον
1677 3037 1737 3089 οὐ
1783 3036 1985 3106 μικροῦ

414 3126 635 3196 καιροῦ,
664 3127 794 3182 ἔνθα
845 3128 940 3183 καὶ
999 3127 1190 3200 μακρά
1236 3129 1584 3200 σκεψάμενον
1623 3129 1723 3183 οὐκ
1762 3127 1986 3182 εὐθυϐο-

412 3215 578 3285 λῆσαι
621 3219 758 3288 πρὸς
789 3218 858 3273 τὰ
893 3217 988 3273 τοῦ
1022 3218 1228 3274 σκοποῦ
1260 3219 1527 3283 κίνδυνος.
1580 3219 1728 3273 Ἀλλ’
1757 3219 1986 3290 ἐπείπερ

414 3307 448 3377 ὴ
484 3310 541 3361 ἐν
562 3306 734 3363 δέοντι
770 3309 1048 3383 θερμότης
1079 3309 1140 3365 εὖ
1171 3311 1401 3366 ποιοῦσα
1430 3311 1772 3384 ἐκνενίκηκε,
1809 3314 1903 3367 καὶ
1926 3315 1986 3366 τδ

412 3398 473 3450 ἓν
524 3398 702 3465 λόγοις
751 3401 1022 3472 ἀνδρῶδες
1069 3404 1580 3475 πεπαρῤησίασται.
1627 3404 1702 3458 Οὐ
1756 3405 1864 3476 γάρ
1921 3405 1987 3460 ἂν

410 3488 558 3562 ψυχὴ
604 3491 897 3562 φιλόκαλος
920 3494 1064 3548 κατὰ
1096 3497 1223 3557 τοὺς
1255 3497 1314 3548 ὲν
1339 3495 1616 3568 τραγῳδίᾳ
1645 3496 1987 3566 ἐγκεκαλυμ-

416 3581 616 3652 μένους
659 3585 751 3638 ἐπὶ
806 3586 1075 3656 μήκιστον
1131 3586 1444 3659 διατεθείη,
1507 3589 1647 3660 μήτε
1705 3589 1985 3661 προσώπῳ

413 3675 812 3747 ἐπιφαινομένη,
843 3678 983 3750 μήτε
1015 3679 1196 3746 λόγοις
1237 3679 1584 3735 διαδεικνῦσα
1611 3684 1869 3751 παρεῖναι
1907 3682 1984 3754 τῷ

414 3768 600 3832 ζῶντι.
631 3769 742 3822 Καὶ
775 3770 824 3822 ei
857 3772 954 3840 τῆς
989 3770 1206 3841 ἀγαθῆς
1254 3772 1556 3842 ἐπιθυμίας
1597 3771 1810 3844 ἄνδρες,
1847 3768 1928 3839 οἷς
1957 3778 1985 3831 ὁ

413 3860 572 3928 λόγος
599 3860 892 3931 ὲλλάμπει,
924 3862 1262 3917 ἀνάπτουσιν
1293 3863 1442 3937 ἄρτι,
1487 3865 1677 3939 ὥσπερ
1714 3867 1816 3932 τὰς
1848 3869 1986 3941 πρὸς

412 3953 688 4024 αἴσθησιν,
723 3951 866 4008 οὕτω
923 3956 1018 4008 καὶ
1067 3955 1230 4025 λόγου
1279 3957 1572 4028 λαμπάδας
1599 3960 1676 4032 τῷ
1721 3963 1980 4032 κειμένῳ,

414 4047 558 4100 κατά
580 4064 705 4101 τινα
729 4047 824 4100 καὶ
851 4047 1235 4113 αὑτοδεξίωσιν
1269 4048 1614 4123 όφειλετικὴν
1637 4053 1729 4107 καὶ
1761 4053 1982 4108 όσίωσιν

416 4141 522 4210 πρέ
529 4158 630 4193 που
638 4158 755 4195 σαν.

494 4231 561 4300 β’.
592 4231 690 4301 Εῐη
721 4230 786 4285 ἂν
817 4231 1070 4303 ἀγεννὴς,
1106 4233 1201 4288 xui.
1231 4233 1291 4288 ἐν
1321 4234 1396 4306 μὴ
1434 4235 1610 4290 δέοντι
1659 4235 1808 4302 ὲνεδς
1827 4281 1841 4303 ,
1890 4241 1986 4292 καὶ

416 4324 521 4377 οὐκ
550 4323 706 4385 εἰδὼς
737 4323 928 4378 ἑαυτὸν
963 4327 1204 4394 μετρεῖν,
1239 4323 1368 4379 ἔνθα
1404 4327 1502 4397 μὲν
1540 4328 1817 4398 σιγητέον,
1856 4328 1984 4383 ἔνθα

410 4415 468 4469 δὲ
514 4415 794 4484 λαλητέον,
834 4418 860 4471 ό
917 4416 991 4487 μὴ
1028 4419 1141 4480 τοῖς
1196 4417 1462 4481 τοιούτοις
1501 4419 1640 4488 πρὸς
1687 4421 1984 4490 ὁμοιότητα

2161 1930 2356 1983 minam
2387 1927 2684 1983 Manualem
2715 1930 3054 1984 Comnenum.
3081 1929 3229 1996 Quod
3273 1942 3450 1986 utrum
3494 1933 3666 1986 minus

2159 2019 2445 2074 methodice
2493 2021 2629 2088 forte
2676 2029 2963 2074 tractatum
3016 2022 3106 2087 sit,
3151 2021 3417 2076 litteratus
3468 2023 3667 2077 discer-

2159 2121 2264 2167 net.
2289 2110 2426 2168 Cum
2456 2113 2595 2166 enim
2639 2113 2794 2168 aliter
2831 2113 3165 2183 scripsissent
3195 2113 3366 2176 multi,
3400 2115 3663 2171 radiarent

2158 2201 2354 2273 stylum
2383 2203 2578 2273 fatetur
2611 2218 2840 2273 presens
2879 2203 3224 2274 epitaphium.

2161 2385 2214 2440 1.
2246 2383 2377 2439 Mihi
2421 2385 2656 2440 sollicite
2707 2385 3046 2456 exspectanti
3081 2388 3407 2457 permissum
3445 2405 3554 2444 non
3582 2398 3669 2448 est

2091 2478 2158 2533 ad
2183 2479 2513 2549 eloquentia:
2545 2492 2805 2534 coronam
2847 2479 3114 2548 aspirare,
3145 2487 3198 2533 et
3229 2489 3438 2536 tantum
3488 2481 3663 2551 impe—

2095 2579 2339 2624 ratorem
2403 2579 2530 2640 post
2582 2578 2815 2626 mortem
2841 2570 2916 2626 ita
2969 2572 3254 2627 celebrare
3303 2581 3366 2627 ut
3413 2575 3668 2644 lacrymis

2092 2660 2362 2729 repressis
2396 2661 2578 2731 lingua
2607 2675 2714 2716 non
2743 2667 2948 2729 taceat,
2979 2670 3035 2716 et
3061 2662 3274 2733 exiguis
3295 2662 3518 2733 quidem
3546 2681 3668 2718 vcr-

2093 2750 2180 2806 bis
2228 2750 2615 2822 imperatorem
2673 2750 2936 2808 eximium
2971 2751 3272 2822 designans
3307 2759 3500 2808 contra
3540 2753 3664 2824 styli

2096 2842 2318 2912 regulas
2350 2850 2639 2912 peccaret;
2673 2855 2773 2912 pro
2810 2841 3077 2914 dignitate
3115 2851 3297 2898 autem
3332 2844 3506 2898 virum
3543 2861 3666 2900 vere

2097 2931 2407 3002 Olympium
2447 2934 2539 3003 qui
2580 2933 2764 3004 dignis
2805 2932 3058 2989 laudibus
3100 2934 3378 2990 celebrare
3424 2935 3660 2989 voluerit

2093 3021 2257 3092 longo
2288 3024 2550 3093 temporis
2579 3024 2758 3093 spatio
2795 3038 2932 3094 opus
2963 3023 3210 3088 haberet,
3259 3038 3515 3095 essetque
3545 3041 3662 3080 mc-

2091 3115 2350 3168 tueudum
2398 3128 2466 3169 ne
2496 3115 2830 3184 propositum
2874 3131 3004 3181 non,
3038 3127 3096 3170 ut
3141 3131 3239 3186 par
3279 3126 3384 3183 est,
3417 3117 3655 3186 attinge-

2089 3214 2194 3260 ret.
2232 3204 2338 3260 Sed
2371 3204 2517 3260 sicnt
2549 3205 2601 3259 in
2629 3203 2806 3261 oliicio
2843 3205 3122 3277 implendo
3169 3207 3322 3261 labor
3369 3206 3654 3275 improbus

2086 3297 2269 3353 omnia
2297 3297 2488 3363 vincit,
2528 3297 2608 3354 sic
2640 3307 2876 3354 oratoris
2923 3301 3089 3354 verba
3125 3299 3412 3354 victoriam
3457 3308 3542 3355 est
3571 3301 3658 3354 ubi

2085 3397 2458 3460 reportarunt.
2487 3388 2777 3460 Nunquam
2803 3391 2949 3446 enim
2979 3392 3195 3447 animus
3225 3390 3656 3461 pulchritudinis

2085 3496 2278 3537 amans
2330 3482 2601 3552 tragtetlos
2638 3481 2945 3538 imitabitur
2997 3482 3053 3537 in
3094 3481 3496 3538 concinuandis
3529 3497 3658 3554 per-

2086 3574 2240 3629 sonis
2271 3574 2502 3632 scenicis
2531 3583 2586 3630 et
2619 3575 2908 3646 colloquiis
2938 3574 3006 3630 ad
3038 3577 3224 3632 vivum
3245 3575 3645 3646 exprimendis.

2085 3663 2200 3720 Viri
2225 3677 2404 3723 autem
2432 3667 2591 3722 bonae
2631 3666 2929 3722 voluntatis
2955 3675 3010 3721 et
3057 3667 3262 3737 quibus
3311 3665 3658 3721 ratiocinium

2085 3757 2297 3814 clarum
2328 3767 2529 3830 praesto
2554 3767 2660 3824 est,
2701 3759 2820 3814 viro
2850 3758 3114 3814 defuncto
3146 3757 3294 3816 faces
3325 3758 3657 3829 eloquentiae

2085 3850 2416 3916 accendunt,
2449 3851 2832 3921 gratulationis
2865 3865 2931 3908 ac
2982 3851 3409 3910 samllicationis
3463 3851 3661 3909 debita:

2089 3958 2318 4001 munere
2347 3943 2659 4016 fungentes.

2155 4235 2209 4290 2.
2248 4235 2482 4304 ignavus
2512 4248 2646 4291 sane
2663 4240 2748 4289 est
2775 4240 2830 4288 et
2859 4231 3138 4304 stupidus,
3167 4238 3222 4286 et
3253 4231 3336 4287 sui
3362 4231 3658 4302 impotens,

2086 4325 2176 4394 qui
2209 4339 2313 4380 nec
2345 4333 2525 4380 tacere
2550 4339 2650 4380 nec
2686 4324 2837 4396 loqui
2894 4333 3207 4396 opportuno
3241 4324 3361 4380 loco
3387 4323 3576 4380 didicit
3603 4333 3660 4380 et

2087 4414 2178 4484 qui
2209 4414 2297 4470 bis
2331 4415 2495 4470 rebus
2521 4423 2736 4485 tempus
2782 4423 2971 4485 aptum
3006 4414 3422 4471 accommodare
3459 4415 3653 4471 nescit.

415 4507 918 4579 συνδιεξαγόμενος.
938 4508 1017 4562 Mi
1031 4525 1200 4580 μησιν
1230 4509 1339 4581 γὰρ
1362 4509 1502 4579 ἔχων
1527 4509 1675 4575 ἄπας
1699 4511 1983 4583 ἄνθρωπος

2089 4503 2327 4574 Quilibet
2351 4505 2496 4561 enim
2526 4506 2689 4562 homo
2720 4507 3044 4579 magistrum
3070 4523 3230 4563 suum
3260 4518 3320 4563 ut
3347 4507 3655 4580 exemplum

415 4599 763 4665 διδάσκαλον,
796 4601 889 4654 καὶ
919 4599 1111 4672 αὐτὴν,
1141 4598 1249 4670 ὅπη
1284 4599 1548 4670 βούλοιτο,
1578 4601 1690 4656 εἴτε
1729 4602 1895 4657 καλοῦ
1923 4621 1984 4658 τε

414 4693 511 4745 καὶ
541 4690 748 4760 ἀγαθοῦ
781 4709 948 4758 τινος,
973 4693 1084 4746 εἴτε
1113 4694 1209 4746 καὶ
1238 4693 1346 4745 τῶν
1377 4691 1453 4756 ὡς
1481 4693 1685 4765 ἑτέρως
1727 4693 1983 4764 ἐχόντων,

419 4783 750 4838 σιωπώντων
780 4783 882 4854 μὲν
905 4785 1015 4839 τῶν
1051 4783 1530 4856 ὲλλογιμωτέρων,
1560 4785 1656 4838 καὶ
1686 4785 1850 4850 αὐτὸς
1881 4787 1945 4839 ἄν
1965 4801 1982 4816 ⁸

417 4875 641 4930 λαλοῦσι
679 4875 736 4929 δὲ
779 4877 840 4929 τὸ
869 4877 1166 4948 σύμφωνον
1197 4877 1582 4950 ὲναρμόσεται,
1620 4880 1716 4931 καὶ
1756 4879 1981 4947 μᾶλλον,

413 4969 573 5039 εἴπερ
606 4967 700 5021 καὶ
741 4968 769 5021 ό
802 4967 1014 5038 φθάσας
1060 4969 1175 5040 βίος
1212 4968 1457 5023 τοιοῦτόν
1498 4985 1621 5022 τινα
1649 4969 1868 5039 ἔτρεφε,
1907 4969 1982 5041 μὴ

413 5062 637 5115 θέλοντά
658 5080 821 5116 τινων
846 5062 1096 5133 ὑστερεῖν
1119 5060 1311 5127 λαλιᾶς
1339 5063 1442 5132 τῆς
1465 5062 1554 5116 ἐπ’
1592 5047 1807 5134 ἀγαθῷ,
1838 5062 1982 5127 οίους

412 5155 559 5224 φημί
586 5169 737 5216 τινας
761 5155 856 5206 καὶ
884 5155 1029 5223 ἡμᾶς
1060 5155 1154 5206 ἐπὶ
1183 5158 1294 5217 τοῖς
1326 5155 1417 5209 τοῦ
1451 5156 1794 5226 μακαριστοῦ
1828 5155 1982 5226 βασι-

408 5247 546 5309 λέως
576 5246 850 5315 ἀποϐῆναι
876 5245 1398 5315 θαυμασίοις.⁹οποι
1424 5247 1533 5318 γάρ
1555 5265 1688 5300 ποτε
1716 5249 1977 5318 παρήκοι,

408 5339 521 5391 οὐδ’
551 5339 699 5408 ἡμᾶς
715 5339 741 5391 ὁ
761 5337 952 5408 χρόνος
977 5329 1135 5408 εὗρεν
1162 5337 1456 5401 ὀκνοῦντας
1489 5340 1558 5394 τὰ
1579 5341 1780 5395 δυνατά
1807 5342 1980 5412 ἐγκώ-

413 5447 536 5500 μια.

477 5529 548 5592 γ’.
610 5523 711 5593 Είη
769 5523 827 5578 δὲ
887 5524 953 5578 ἀν
1014 5523 1235 5578 πάντων
1277 5524 1650 5592 ἀτοπώτατον,
1699 5529 1980 5598 περιόντος

412 5613 515 5683 μὲν
563 5613 641 5684 τῷ
691 5613 792 5684 βίῳ
824 5613 898 5686 μὴ
949 5614 1290 5669 διεκπίπτειν
1335 5618 1568 5686 εἰσάγαν
1593 5616 1690 5672 τοῦ
1715 5620 1772 5672 ὲν
1797 5619 1980 5688 λόγοις

409 5706 836 5777 προθυμεὼθαι,
875 5706 1208 5770 ἀπελθόντος
1261 5708 1341 5772 δὲ,
1376 5709 1510 5762 ὅπου
1549 5710 1618 5763 τὰ
1660 5712 1971 5782 κρείττονα,

405 5796 646 5852 κατόπιν
685 5796 791 5867 τῆς
828 5796 1070 5862 παλαιᾶς
1117 5798 1426 5870 προθυμίας
1471 5797 1666 5870 ἐλθεῖν,
1707 5800 1839 5857 ἔνθα
1878 5803 1977 5858 καὶ

2090 4599 2246 4668 sequi
2284 4606 2468 4669 potest
2504 4598 2557 4652 in
2589 4599 2756 4655 rebus
2804 4599 3051 4669 pulchris
3080 4607 3134 4655 et
3167 4601 3438 4666 honestis,
3475 4600 3549 4655 ita
3599 4610 3660 4655 ut

2088 4691 2136 4746 si
2163 4689 2254 4744 alii
2286 4690 2617 4746 dissentiunt
2651 4699 2705 4746 et
2737 4691 3036 4762 prudenter
3059 4701 3266 4760 tacent,
3297 4692 3414 4765 ipse
3443 4707 3660 4764 quoque

2086 4779 2437 4852 prudentium
2470 4781 2782 4852 exemplum
2815 4791 3074 4854 sequatur
3099 4792 3154 4840 et
3179 4798 3366 4840 eorum
3401 4784 3493 4856 qui
3527 4799 3663 4840 (ξοη-

2087 4887 2224 4929 sona
2250 4875 2442 4928 dicunt
2472 4882 2654 4944 partes
2687 4875 3074 4945 amplectatur,
3118 4878 3422 4950 przesertim
3465 4877 3513 4933 si
3558 4893 3659 4932 an-

2087 4972 2264 5021 teacta
2292 4965 2402 5020 vita
2443 4967 2623 5023 virum
2654 4968 2816 5024 nobis
2855 4968 3096 5024 ostendit
3129 4969 3224 5041 qui
3271 4971 3361 5026 ubi
3401 4970 3468 5024 de
3496 4968 3656 5023 bonis

2086 5058 2252 5114 rebus
2301 5059 2594 5118 consilium
2635 5059 2966 5130 habebatur,
3019 5063 3166 5118 inter
3214 5065 3419 5133 primos
3467 5069 3653 5114 votum

2089 5146 2284 5217 daret;
2320 5151 2408 5206 cui
2448 5152 2658 5210 similes
2702 5153 2912 5210 erimus
2962 5153 3056 5208 ubi
3103 5153 3248 5207 beati
3305 5150 3654 5219 imperatoris

2085 5243 2319 5300 virtutes
2366 5243 2621 5303 laudibus
2660 5245 2968 5302 efferimus.
3005 5243 3230 5313 Semper
3251 5241 3399 5296 enim
3438 5249 3492 5294 et
3526 5241 3650 5295 ubi-

2083 5351 2190 5406 que
2227 5337 2504 5394 occasioni
2551 5338 2732 5409 ipsum
2765 5338 3020 5393 laudibus
3079 5333 3393 5391 celebrandi
3451 5344 3650 5405 praesto

2081 5431 2310 5488 erimus.
3050 5411 3067 5426 χ

2153 5525 2207 5579 5.
2241 5522 2388 5579 Nihil
2419 5538 2579 5594 porro
2607 5523 2901 5579 absurdius
2942 5537 3106 5592 quam
3146 5522 3333 5579 videre
3368 5523 3645 5577 hominem

2081 5616 2209 5672 dum
2246 5617 2378 5671 vivit
2411 5617 2592 5671 minus
2622 5615 2691 5669 ab
2710 5615 3026 5670 oratoribus
3050 5615 3285 5680 laudari,
3315 5615 3475 5683 cujus
3504 5629 3648 5668 rnor-

2081 5709 2157 5764 tui
2190 5710 2512 5764 memoriam
2544 5710 2913 5778 maximopere
2946 5709 3108 5765 iidem
3135 5709 3435 5765 celebrant.
3477 5706 3646 5762 Vivo-

2076 5819 2196 5859 rum
2223 5811 2373 5860 certe
2416 5803 2534 5860 laus
2581 5810 2835 5874 suspecta
2879 5812 2965 5862 est
3009 5804 3080 5861 ob
3112 5803 3492 5861 verecundiam
3526 5815 3646 5872 qum
