4026 6248
365 266 469 331 931

1149 269 1553 333 MANUELIS
1586 267 1938 329 COMNENI
1974 269 2368 333 LAUDATIO
2407 273 2825 336 FUNEBRIS.

3534 280 3641 342 982

361 383 622 453 πρᾶγμα,
657 383 750 435 καὶ
788 384 1046 462 προάγων
1077 384 1476 455 ἐπιχειρήσεις,
1512 385 1607 437 καὶ
1645 399 1745 453 την
1781 398 1941 434 κατα-

2061 382 2143 438 fas
2167 394 2307 442 erat.
2337 385 2408 441 Ut
2445 395 2624 442 autem
2659 387 3010 444 audientibus
3043 391 3394 460 persuaderet
3426 403 3480 448 et
3503 412 3635 448 cono

363 472 567 545 σκευὴν
593 477 1114 547 στρογγυλλόμενος,
1156 479 1234 539 είς
1265 475 1439 531 πειθὼ
1463 476 1552 530 τὸν
1581 476 1738 544 λόγον
1787 473 1951 528 κατέ-

367 583 604 637 στρεφεν
631 584 645 598 ⁸
679 569 773 620 καὶ
807 568 953 622 οὕτω
987 570 1106 622 δέον
1135 569 1254 639 (καὶ⁸
1292 569 1366 640 μὴ
1395 569 1592 637 άλλως)
1625 567 1748 621 τινὰ
1776 582 1948 620 κατα-

363 659 702 729 πράξασθαι.
750 661 839 724 Ὦς
883 661 942 716 δὲ
981 663 1261 718 ἐπινεύσοι
1306 665 1367 717 τὸ
1395 662 1754 732 ἀκροώμενον
1809 678 1945 730 συμ-

366 751 610 820 πεισθέν,
643 756 740 808 xai.
785 755 1102 822 κατάθοιτο,
1153 758 1316 829 καὶὴ
1371 757 1469 826 μὲν
1506 753 1674 826 βουλὴ
1724 755 1866 823 πέρα
1893 769 1948 804 τι

367 846 780 916 συγκλεισθείη,
814 849 1006 918 καιρὸς
1041 849 1098 902 δὲ
1123 848 1225 920 τὴν
1269 850 1428 920 χεῖρα
1475 845 1946 918 ἐπεξεργάζεσθαι

361 937 436 991 τά
482 938 578 992 τοῦ
611 938 1004 1009 βουλεύματος,
1061 941 1184 994 τότε
1217 941 1282 1012 δὴ
1332 939 1620 995 ἀναλαϐὼν
1653 939 1830 1001 ἄλλως
1885 939 1948 992 τδ

362 1032 662 1098 πρακτέον,
712 1031 991 1086 ἀναποιῶν
1022 1029 1092 1101 ἦν
1139 1033 1211 1087 τὰ
1259 1034 1361 1104 ἤδη
1413 1029 1944 1099 κατεσκευασμένα·

362 1123 462 1175 καὶ
503 1123 563 1176 τὸ
617 1123 717 1193 μὲν
747 1124 976 1179 πιθανὸν
1007 1126 1296 1196 ἀπέκρινε,
1337 1127 1439 1195 τῆς
1481 1123 1538 1178 δὲ
1569 1123 1646 1194 τῷ
1687 1123 1804 1176 δντι
1831 1139 1950 1176 πει-

359 1216 645 1284 θανάγκης
695 1217 928 1285 ἐγίνετο,
971 1220 1066 1273 καὶ
1117 1218 1211 1273 τὸν
1248 1219 1348 1288 τῆς
1397 1217 1640 1281 διανοίας
1693 1213 1948 1285 ἐξέφαινε

364 1309 662 1379 θησαυρὸν,
702 1310 870 1365 πολὺν
906 1313 1096 1381 σοφίας
1129 1311 1368 1366 πλοῦτον
1406 1311 1693 1381 στέγοντα,
1722 1309 1817 1363 καὶ
1851 1326 1948 1380 με-

363 1401 490 1454 στὸν
521 1398 663 1456 εἶναι
694 1403 970 1468 συνέσεως
1003 1405 1360 1472 διεδείκνυτο,
1401 1405 1462 1458 ού
1515 1404 1658 1459 κατὰ
1691 1403 1752 1456 τὸ
1780 1402 1946 1473 θρυλ-

360 1490 627 1560 λούμενον
654 1495 713 1548 ἐν
735 1497 844 1558 τοῖς
869 1496 1038 1550 πάλαι
1060 1496 1464 1567 διατεθειμένος
1487 1493 1948 1567 ἁμφοτερὸγλωτ·

360 1600 476 1652 τον,
527 1585 657 1639 ἔνθα
687 1588 718 1658 ἠ
749 1588 844 1642 τοῦ
897 1589 1192 1659 νοουμένου
1250 1589 1522 1655 πλάστιγξ
1553 1587 1626 1652 ὡς
1657 1588 1726 1642 τὰ
1779 1585 1947 1638 πολλὰ

2063 478 2246 530 silium
2281 489 2500 550 captum
2533 480 2708 550 primo
2740 481 2793 536 in
2826 483 3043 537 occulto
3087 483 3298 550 lateret,
3337 502 3636 556 manusque

2056 570 2104 622 ei
2163 572 2514 639 exsequendo
2572 573 2886 642 imponendi
2947 582 3161 643 tempus
3213 576 3446 642 venerit,
3507 589 3634 632 tune

2061 661 2267 716 iactum
2303 662 2596 720 reﬁciendo
2626 666 2808 720 omnia
2842 671 3170 724 restauravit
3207 679 3262 724 et
3293 672 3343 724 vi
3371 687 3477 740 qua
3513 673 3636 742 pol-

2061 753 2206 808 lebat
2243 756 2567 824 persuasiva
2599 759 2800 828 ingenii
2837 760 2923 814 sui
2977 761 3298 816 thesaurum
3333 763 3636 832 adaperivit

2057 845 2497 915 locupletissimi,
2547 850 2698 905 vocis
2749 851 3101 922 ambiguitate
3154 868 3262 907 non
3320 863 3500 920 utens,
3541 855 3630 908 ubi

2059 937 2260 992 mentis
2285 937 2649 1008 cogitationes
2679 956 2834 1009 aequa
2867 943 3193 1013 plerumque
3223 945 3376 1000 lance
3412 946 3634 999 stabant

2056 1029 2273 1097 etquid
2320 1029 2628 1083 faciendum
2660 1043 2807 1087 esset
2855 1033 2907 1086 in
2947 1034 3114 1090 dubio
3144 1043 3284 1101 erat,
3331 1037 3427 1092 sed
3473 1037 3631 1108 juxta

2055 1121 2487 1191 pbilosopbicam
2517 1123 2758 1192 regulam
2798 1140 2919 1193 quae
2958 1127 3103 1196 quod
3137 1128 3343 1184 bonum
3377 1138 3462 1186 est
3500 1131 3630 1185 seli-

2053 1214 2150 1282 git,
2187 1215 2440 1283 privatim
2494 1223 2674 1267 autem
2720 1229 2842 1284 quae
2891 1218 3020 1272 talia
3074 1235 3182 1274 non
3235 1231 3366 1277 sunt
3401 1223 3628 1292 respuit,

2050 1316 2148 1360 aut
2187 1306 2353 1360 etiam
2394 1307 2696 1362 secundum
2744 1309 2942 1364 musici
2985 1308 3252 1368 Timothei
3304 1316 3626 1384 sapientiam

2051 1398 2212 1454 doete
2259 1412 2443 1452 coram
2495 1397 2726 1454 initiatis
2760 1400 3036 1466 canentis,
3069 1402 3243 1458 altero
3288 1421 3416 1459 vero
3456 1409 3622 1462 etiam

2049 1489 2318 1552 carmine,
2358 1509 2376 1542 ι
2413 1488 2528 1554 Sic,
2581 1489 2838 1559 dicentis,
2883 1507 3038 1548 meos
3089 1508 3293 1549 canere
3335 1498 3514 1562 velim,
3548 1498 3630 1554 sic

2051 1591 2238 1636 autem
2276 1581 2635 1652 approbarem
2669 1591 2956 1640 canentes.
3002 1604 3023 1637 ι
3375 1606 3396 1661 (

362 1677 682 1750 ἰσόρροπος.
711 1682 808 1734 xa‘t
836 1681 898 1735 τὺ
932 1683 1206 1754 πρακτέον
1237 1684 1338 1736 οὐκ
1377 1681 1781 1753 εὐξύμϐλητον,
1817 1679 1954 1733 ἀλλά
1993 1677 2139 1730 κατὰ
2170 1675 2268 1744 τὴν
2327 1674 2798 1747 φιλοσοφουμένην
2851 1679 3198 1750 συστοιχίαν,
3233 1680 3333 1752 τὴν
3376 1681 3631 1752 ἐκλέγου-

360 1790 464 1826 σαν
504 1773 604 1843 μὲν
632 1776 691 1828 ἐν
726 1776 923 1846 στοίχῳ
951 1779 1022 1831 τα
1050 1776 1255 1844 ἀγαθά,
1315 1777 1424 1845 ἰδίᾳ
1481 1777 1539 1830 δέ
1571 1775 1640 1829 τὰ
1664 1775 1740 1845 μὴ
1775 1772 2008 1826 τοιαῦτα
2048 1767 2509 1838 σκορακίζουσαν,
2557 1769 2656 1840 ήδη
2689 1770 2747 1823 δὲ
2791 1773 2886 1824 καὶ
2932 1772 3075 1826 κατὰ
3107 1773 3206 1846 τὴν
3255 1775 3351 1830 τοῦ
3381 1776 3626 1848 μελῳδοῦ

358 1867 631 1937 Τιμοθέου
663 1868 877 1938 σοφίαν,
906 1870 1125 1941 ᾅδοντος
1156 1872 1254 1941 μὲν
1302 1872 1687 1940 ἐπιστημόνως
1735 1871 1850 1932 τοῖς
1883 1868 2141 1938 μύσταις.
2179 1863 2400 1935 ᾄδοντος
2449 1865 2507 1918 δέ
2539 1869 2634 1919 καὶ
2685 1868 2760 1931 ὡς
2804 1867 3028 1938 ἑτέρως,
3098 1870 3196 1925 καὶ
3251 1871 3628 1942 ἐπιλέγοντος,

355 1962 437 2025 ὼς
472 1981 491 2015 ι
523 1961 680 2018 Οὕτω
704 1965 803 2036 μὲν
847 1964 998 2037 ᾄδειν
1048 1967 1348 2038 βουλοίμην
1378 1968 1446 2022 ἂν
1494 1966 1622 2030 τοὺς
1678 1965 1869 2038 ἐμοὺς,
1905 1963 2052 2018 οὕτω
2090 1961 2149 2015 δὲ
2178 1961 2281 2014 οὐκ
2309 1960 2376 2015 ἂν
2406 1961 2777 2034 ἀποδεχοίμην
2806 1963 3053 2036 ᾄδοντας.
3093 1984 3114 2020 ι

436 2175 523 2230 ιδ’.
559 2175 846 2230 Ἐντεῦθεν
870 2179 922 2232 ai
951 2178 1233 2250 πανταχοῦ
1258 2179 1362 2252 γῆς
1391 2180 1671 2252 βασιλικαὶ
1693 2179 1941 2251 πρόνοιαι

2123 2173 2209 2227 Μ.
2257 2173 2392 2228 lline
2440 2174 2645 2244 ubique
2694 2183 2963 2230 terrarum
3021 2178 3385 2236 multiformia
3441 2182 3629 2252 provi-

358 2267 685 2333 πολυειδεῖς.
743 2269 853 2324 Καὶ
886 2269 1178 2342 ἄνθρωπος
1229 2265 1310 2336 εἷς
1345 2267 1502 2336 οὗτος
1530 2273 1645 2336 τοῖς
1683 2270 1941 2342 μεγάλοις

357 2362 764 2432 οἱκουμενικοῖς
806 2363 1000 2416 ἐαυτὸν
1061 2363 1425 2434 μεγαλοφυῶς
1466 2367 1769 2438 ἐπεμέριζε
1799 2366 1940 2434 τμή-

364 2471 536 2524 μασιν
567 2456 647 2516 είς
678 2455 739 2508 τὸ
772 2456 1018 2527 ἐνεργὸν,
1063 2455 1528 2528 προῦαλλόμενος,
1561 2459 1663 2512 ὅσα
1699 2460 1793 2510 καὶ
1825 2458 1941 2526 χεῖ-

363 2562 468 2615 ρας
501 2545 882 2614 ἀμφιδεξίους,
934 2547 997 2600 τὺ
1048 2550 1146 2619 τῆς
1187 2549 1411 2621 ἀνδρίας
1446 2551 1801 2621 δραστήριον,
1847 2549 1941 2603 κα)⁸

359 2637 425 2692 τὸ
448 2639 548 2710 τῆς
578 2640 847 2704 συνέσεως
871 2632 1167 2712 ἐμπύριον,
1194 2643 1318 2696 ὅσον
1351 2659 1410 2695 τε
1445 2644 1502 2696 ἐν
1521 2645 1586 2714 τῇ
1611 2642 1772 2713 λοιπῇ
1803 2661 1938 2712 φρο-

359 2731 538 2801 νήσει,
573 2731 669 2784 καὶ
697 2733 896 2786 ὁπόσον
935 2734 1014 2794 είς
1068 2733 1376 2804 ἀγχίνοιαν.
1409 2732 1518 2789 Ἦν
1556 2734 1654 2806 μὲν
1692 2734 1802 2804 γὰρ
1843 2735 1940 2788 καὶ

363 2825 680 2886 σκεπτικῶς
716 2825 858 2893 ἔχων
890 2827 949 2878 ἐν
987 2828 1102 2888 τοῖς
1164 2829 1468 2896 μεγίστοις,
1506 2828 1603 2880 καὶ
1631 2829 1940 2896 ἐφιστάνων

357 2915 728 2986 διανοητικῶς
748 2933 762 2947 ·
793 2915 861 2970 τὰ
891 2917 1069 2972 πλείω
1095 2918 1151 2971 δὲ
1180 2919 1416 2988 ἄγχιστα
1446 2921 1511 2990 τῇ
1544 2920 1730 2990 νοήσει
1778 2919 1940 2989 παρί-

366 3025 554 3074 στατο,
581 3012 676 3063 καὶ
707 3012 955 3081 ἀχρόνως
985 3005 1098 3064 οἷον
1135 3012 1230 3065 τοῦ
1287 3013 1582 3081 νοουμένου
1631 3012 1937 3081 ἐδράττετο,

363 3101 464 3155 καὶ
492 3101 685 3157 τούτου
718 3102 1020 3174 βαθύτατα,
1051 3104 1146 3157 καὶ
1175 3105 1273 3174 οὐχ
1297 3103 1375 3166 ὡς
1403 3103 1754 3167 ἐπιπολάζειν
1797 3103 1940 3156 κατὰ

363 3193 493 3256 τοὺς
531 3197 717 3264 ταχεῖς
746 3195 848 3264 μὲν
881 3197 1124 3267 φρονεῖν,
1156 3194 1273 3250 οὔτι
1305 3197 1360 3248 δὲ
1395 3197 1488 3249 καὶ⁵
1517 3195 1804 3264 ἀσφαλεῖς.
1828 3196 1939 3249 Καὶ

362 3279 434 3357 ἦν
471 3286 574 3356 μὲν
605 3287 753 3358 αὐτῷ
787 3288 907 3342 λίαν
950 3289 1090 3342 καλὰ
1127 3289 1222 3342 καὶ
1250 3290 1319 3343 τὰ
1350 3289 1452 3359 τῆς
1483 3289 1712 3358 ἀνδρίας
1738 3288 1936 3359 σεμνά·

364 3380 726 3452 περιττότερα
761 3381 817 3434 δέ
856 3399 919 3450 γε
947 3383 1016 3436 τὰ
1049 3385 1150 3452 τῆς
1222 3385 1564 3454 φρονήσεως,
1599 3377 1667 3454 ἦς
1711 3383 1808 3437 καὶ
1842 3400 1939 3438 κα-

303 3464 306 3467 ’
359 3472 609 3541 ταμόνας
646 3475 729 3537 είς
761 3475 960 3544 μυρίον
989 3475 1194 3546 πλῆθος
1224 3475 1507 3546 ὡνάμεθα.

440 3624 526 3678 ιε’.
597 3623 663 3678 Ἥ
698 3627 830 3696 γοῦν
871 3629 1228 3701 Πυθαγορικὴ
1295 3631 1655 3702 κατάρτυσις,
1707 3632 1807 3686 sit.”
1843 3628 1938 3686 οὖν

362 3720 667 3788 ἀγάπησις,
699 3719 846 3774 κατὰ
902 3721 1030 3784 τοὺς
1081 3725 1151 3774 τὰ
1203 3722 1428 3776 τοιαῦτα
1479 3727 1679 3793 σοφοὺς
1738 3727 1936 3792 εἰπεῖν,

363 3811 649 3865 κάνταῦθα
687 3812 1049 3883 παρεισδῦσα,
1076 3815 1171 3866 καὶ
1211 3814 1307 3883 τὴν
1341 3817 1397 3867 ἐν
1432 3815 1732 3886 βαρϐάροις
1757 3818 1942 3888 ἀγριὸο

355 3921 500 3975 τητα
539 3905 926 3972 ἐξελαύνουσα,
977 3907 1076 3972 τὰς
1108 3909 1217 3959 τῶν
1281 3907 1536 3976 πολέμων
1575 3908 1780 3978 ἀνοχὰς
1808 3911 1940 3977 ἡμῖν

365 3997 674 4070 κατώρθου,
702 3995 773 4052 δι’
814 3990 888 4052 ὧν
924 3997 1316 4066 κατεσιγάζετο
1363 3999 1424 4050 τὸ
1476 3998 1793 4068 ἀλλόφυλον.
1828 4000 1940 4054 Καὶ

361 4088 477 4160 μὴν
529 4089 864 4159 αἰσθάνομαί
935 4105 1101 4140 τινων
1151 4087 1539 4156 ψαλαττόντων
1590 4089 1797 4158 ἡρέμα,
1845 4090 1939 4142 καὶ

358 4180 828 4250 ὑποκρουομένων
855 4180 1131 4250 ἀπὴχημα
1163 4179 1339 4246 γλυκύ
1371 4197 1430 4233 τε
1466 4181 1561 4233 καὶ
1593 4181 1938 4250 ἐναρμόνιον,

358 4273 433 4326 δι’
463 4267 523 4328 οὗ
550 4272 743 4344 ἀνδρία
785 4273 881 4324 καὶ
913 4271 1014 4342 τὴν
1053 4270 1338 4341 εἰρηναίαν
1373 4272 1620 4344 γαλήνην
1644 4274 1701 4324 ἐν
1729 4273 1940 4326 ἔθνεσιν

361 4361 556 4434 ᾄδεται
589 4360 1103 4431 καταπράττεσθαι.
1139 4362 1250 4414 Καὶ
1305 4360 1422 4428 ἔχει
1453 4360 1651 4425 οὕτως,
1678 4356 1722 4413 ὦ
1748 4355 1896 4414 οὗτοι
1921 4377 1936 4391 ο

362 4457 460 4507 καὶ
487 4452 668 4508 τοίνυν
694 4453 963 4506 ἐντείνατε
995 4453 1057 4504 τὸ
1085 4447 1238 4524 ᾆσμα
1290 4451 1619 4524 τορὼτερον,
1648 4453 1805 4521 κάγὼ
1845 4451 1939 4504 τοῦ

367 4545 566 4616 μέλους
621 4545 753 4615 ὑμῖν
811 4543 1220 4614 συνεφάψομαι.
1289 4541 1524 4612 ’Δδελφα
1564 4542 1673 4613 γὰρ
1726 4543 1942 4612 άληθῶς

363 4639 648 4708 φρονεῖτον
702 4635 897 4706 ἀνδρία
945 4653 1006 4688 τε
1047 4635 1141 4690 καὶ
1205 4635 1445 4702 σύνεσις,
1493 4635 1588 4688 καὶ
1629 4634 1942 4688 κοινοῦσθον

359 4732 425 4786 το
463 4730 787 4804 ἔμπρακτον
818 4730 972 4802 παρά
1000 4747 1065 4800 γε
1100 4733 1212 4794 τοῖς
1244 4730 1533 4802 ἔμφροσιν.

2045 2266 2247 2322 dentiae
2280 2267 2646 2337 imperatoriae
2672 2270 2993 2336 specimina.
3027 2268 3093 2325 Et
3126 2273 3289 2328 homo
3317 2272 3425 2328 iste
3481 2289 3626 2331 unus

2045 2358 2259 2430 magnis
2283 2359 2600 2428 regionibus
2624 2361 2913 2430 magnifice
2939 2361 2990 2415 in
3018 2363 3248 2432 agendo,
3273 2364 3627 2434 gubernando

2045 2466 2104 2506 se
2151 2452 2413 2516 ostendit,
2471 2459 2526 2507 et
2579 2452 2768 2508 ambas
2805 2469 3025 2520 manus,
3073 2455 3370 2512 aetivitatis
3416 2455 3626 2512 instru-

2045 2553 2251 2602 menta.
2284 2552 2335 2596 et
2360 2543 2662 2612 prudentiae
2683 2544 2934 2599 ardorem
2966 2555 3130 2613 atque
3158 2546 3364 2618 ingenii
3392 2564 3623 2604 acumen

2045 2636 2391 2689 monstravit.
2441 2635 2496 2689 In
2535 2637 2792 2691 maximis
2841 2637 2986 2692 enim
3025 2639 3193 2694 rebus
3227 2641 3452 2694 dubium
3490 2657 3627 2696 una-

2043 2741 2167 2780 cutn
2222 2729 2630 2796 perseverantia
2686 2729 2742 2784 in
2793 2731 3030 2786 medium
3089 2734 3247 2798 tulit;
3307 2735 3627 2806 plerumque

2043 2831 2226 2874 autem
2283 2823 2426 2890 apud
2478 2837 2602 2876 eum
2659 2837 2798 2890 opus
2852 2824 3241 2892 cogitationem
3300 2828 3621 2895 premebat;

2043 2928 2165 2982 quin
2197 2923 2376 2966 autem
2406 2913 2642 2968 faciebat
2670 2913 2735 2968 iis
2766 2915 2964 2970 mentis
2993 2915 3420 2984 profunditatem
3452 2917 3621 2971 adde-

2043 3005 2154 3070 bat,
2186 3004 2411 3057 minime
2455 3013 2767 3071 contentus,
2800 3013 2862 3059 ut
2923 3005 3190 3076 plerique,
3241 3007 3331 3076 qui
3380 3011 3614 3080 prompti

2041 3099 2261 3166 quidem
2294 3095 2362 3152 ad
2414 3097 2788 3166 cogitandum,
2832 3097 2886 3151 in
2933 3100 3144 3168 agendo
3183 3101 3368 3156 minus
3407 3102 3620 3170 probati

2043 3195 2418 3250 inveniuntur.
2462 3189 2716 3246 Solemne
2745 3189 2921 3244 eidem
2960 3199 3079 3246 erat
3110 3191 3461 3250 fortitudinis
3491 3212 3619 3267 spe-

2042 3287 2245 3342 cimina
2273 3285 2456 3347 edere,
2507 3280 2642 3337 nihil
2701 3293 2831 3336 vero
2886 3281 3168 3351 antiquius
3198 3285 3519 3353 sapientiam
3563 3287 3621 3342 in

2044 3381 2282 3436 medium
2320 3377 2584 3450 proferre,
2614 3388 2776 3446 quam
2805 3375 3008 3445 passim
3037 3376 3302 3446 optimam
3322 3379 3624 3436 auxiliatri-

2043 3488 2161 3528 cem
2197 3472 2508 3526 habuimus.

2120 3613 2208 3667 15.
2246 3612 2418 3680 Igitur
2448 3612 2739 3682 dispositio
2778 3611 3163 3682 Pythagorica,
3203 3608 3320 3664 sive
3349 3622 3526 3677 amor,
3563 3618 3622 3664 ut

2042 3721 2196 3760 more
2228 3705 2558 3775 sapientium
2600 3705 2914 3774 loquamur,
2953 3712 3248 3773 penetrans
3281 3709 3336 3756 et
3355 3700 3622 3756 barbaros

2039 3798 2324 3860 erudiens,
2351 3797 2611 3852 bellorum
2651 3795 2902 3851 inducias
2945 3795 3101 3850 nobis
3137 3792 3385 3864 parabat,
3420 3792 3620 3863 quibus

2042 3890 2229 3944 hostes
2278 3889 2343 3943 ad
2392 3889 2726 3943 otiositatcm
2767 3887 3196 3943 damnabantur.
3240 3886 3504 3956 Equidem
3540 3885 3620 3940 vi—

2041 3983 2144 4036 deo
2165 3982 2430 4052 quosdam
2461 3983 2563 4038 levi
2592 3982 2960 4038 modulamine
2986 3981 3144 4036 dulce
3169 3987 3482 4044 cantantes,
3509 3995 3617 4048 quo

2041 4076 2309 4130 fortitudo
2360 4090 2547 4144 pacem
2595 4084 2649 4127 ιι
2689 4074 3146 4144 tranquillitatem
3205 4072 3258 4124 in
3304 4070 3618 4124 nationibus

2041 4167 2340 4238 generavit.
2393 4165 2469 4220 Ita
2503 4166 2646 4219 enim
2691 4172 2797 4226 est,
2845 4164 3033 4226 amici,
3091 4177 3265 4231 quare
3315 4163 3616 4215 acutiorem

2045 4257 2273 4324 incipite
2305 4265 2548 4318 cantum,
2581 4269 2665 4308 me
2686 4254 3118 4308 obsecundante.
3157 4251 3445 4306 Fortitudo
3472 4251 3614 4305 enim

2042 4365 2104 4402 ac
2139 4347 2432 4420 prudentia
2457 4347 2794 4400 meditantur
2826 4352 2879 4400 ct
2911 4347 2965 4400 in
2999 4343 3415 4414 prudentiorum
3441 4341 3618 4400 mani-

2046 4440 2152 4497 bus
2182 4440 2503 4495 consociare
2528 4446 2736 4492 amant.

439 4920 538 4980 ις’.
566 4913 801 4988 Εύπορῶ
829 4913 888 4967 δέ
918 4913 1070 4985 ὅμως
1104 4913 1304 4980 εἰπεῖν,
1330 4911 1416 4982 ἐφ’
1449 4905 1523 4965 ὧν
1560 4911 1623 4964 τὸ
1649 4912 1747 4980 τῆς
1781 4913 1936 4980 βασι.

2045 4974 2046 4979 η
2094 4915 2178 4970 16.
2199 4915 2257 4970 in
2275 4923 2523 4986 promptu
2543 4912 2716 4970 habeo
2732 4913 2896 4971 etiam
2916 4914 3098 4972 dicere
3110 4915 3164 4971 in
3187 4932 3296 4989 quo
3314 4918 3619 4988 prudentiaa

359 5004 523 5073 λικῆς
569 5005 884 5076 φρονήσεως
939 5006 1035 5059 καὶ
1090 5005 1331 5076 μονῆρες
1375 5003 1639 5076 ὁρίζεται,
1670 5005 1768 5057 καὶ
1801 5004 1939 5070 τέως

359 5097 565 5165 (ἐκεῖνο
606 5095 666 5149 τὸ
716 5095 952 5149 ἐνταῦθα
985 5095 1128 5165 μέγα
1168 5096 1262 5150 τοῦ
1293 5095 1453 5165 λόγου
1489 5096 1808 5166 κεφάλαιον)
1837 5097 1939 5169 τὴν

357 5187 472 5243 τῶν
497 5188 869 5258 ἑκασταχόθεν
911 5186 1136 5258 ὑψηλῶν
1171 5187 1348 5256 γενῶν
1382 5188 1462 5260 τῷ
1497 5187 1756 5259 βασιλείῳ
1788 5192 1939 5257 γένει

363 5282 690 5350 συνάφειαν,
722 5279 791 5334 δι’
831 5275 898 5353 ἦς
944 5281 1045 5334 ὅσα
1078 5281 1172 5334 καί
1218 5296 1367 5344 τινος
1401 5280 1769 5352 πολυτιμήτου
1804 5280 1940 5353 ὕλης

358 5376 464 5447 τὴν
495 5373 591 5429 τοῦ
629 5374 912 5446 βασιλικοῦ
944 5374 1257 5446 στέμματος
1306 5373 1676 5446 συγκρότησιν
1710 5377 1933 5446 ἐτεχνή-

273 5493 304 5542 η·
363 5483 520 5532 σατο,
553 5467 647 5520 τδν
678 5467 907 5538 ἀρχικὸν
935 5466 1032 5520 καὶ
1077 5464 1222 5519 οὕτω
1269 5465 1585 5534 μεγεθύνων
1619 5467 1804 5536 δγκον,
1839 5466 1939 5519 καὶ¹

273 5543 280 5554 “
361 5561 554 5631 χεῖρας
589 5559 796 5622 ταύτας
823 5558 1189 5630 μεγαλοφυεῖς
1213 5561 1279 5630 τῇ
1313 5557 1596 5628 Ῥωμαϊκῇ
1648 5559 1937 5632 ὁλομελείᾳ

363 5649 686 5722 προσφύων,
718 5651 784 5716 ἃς
819 5653 1052 5713 ἐκτενεῖ,
1071 5651 1160 5703 ὅτε
1193 5668 1294 5704 που
1321 5649 1676 5722 πολυχειρίας
1697 5652 1932 5719 δεήσειε.

361 5745 574 5800 Τούτου
611 5745 744 5816 ἡμῖν
792 5744 888 5799 τοῦ
921 5744 1092 5800 καλού
1125 5745 1294 5816 φυτοῦ
1348 5746 1446 5817 τῆς
1502 5745 1690 5813 σοφίας
1723 5747 1934 5816 καρπὸς

2033 5007 2264 5065 cﬂ‘ectus
2281 5017 2582 5063 cernuntur
2597 5015 2652 5064 et
2668 5023 2951 5080 quousque
2967 5011 3507 5082 maguumsermonis
3529 5025 3622 5064 ea-

2039 5111 2134 5170 put
2157 5115 2483 5168 magnorum
2507 5100 2749 5172 undique
2768 5117 3031 5172 generum
3053 5103 3235 5172 generi
3259 5105 3328 5157 im
3337 5103 3616 5171 peratoriis

2040 5194 2296 5248 unionem
2312 5194 2423 5258 dat,
2444 5209 2536 5263 per
2554 5210 2716 5264 quam
2738 5207 2793 5249 ut
2810 5211 2904 5266 per
2917 5195 3311 5251 nobilissimam
3332 5195 3616 5248 materiam

2037 5285 2377 5354 imperatorii
2468 5285 2794 5342 diadematis
2873 5285 3326 5354 compositionem
3413 5299 3614 5355 opera-

2037 5385 2135 5433 tus
2163 5387 2266 5442 est,
2302 5378 2632 5450 praecipuam
2665 5379 2746 5433 sic
2797 5377 3018 5432 elevans
3061 5376 3377 5446 dignitatem
3429 5385 3485 5430 et
3518 5377 3617 5433 bas

2039 5485 2330 5541 generosas
2381 5485 2575 5526 manus
2629 5468 2890 5524 Romanae
2941 5467 3254 5522 celsitudini
3287 5469 3614 5539 adjungens,

2041 5579 2183 5636 quas
2209 5567 2393 5620 tendet
2420 5562 2641 5633 quando
2677 5576 2938 5616 manuum
2973 5561 3283 5630 pluralitate
3314 5577 3452 5633 opus
3493 5563 3615 5618 fuc-

2041 5659 2131 5714 rit.
2173 5657 2350 5728 Hujus
2385 5657 2543 5712 nobis
2585 5654 2789 5726 egregii
2847 5655 3082 5711 stolonis
3134 5655 3349 5712 fructus
3392 5664 3447 5710 et
3497 5670 3618 5725 qua:

2042 5751 2111 5807 ob
2140 5751 2330 5807 oculos
2365 5749 2506 5804 bona
2546 5754 2694 5815 sunt,
2726 5745 2837 5805 Deo
2864 5747 3089 5818 iuvante
3116 5747 3334 5820 reginae,
3382 5763 3616 5820 quarum
