3962 6242
319 299 430 396 983

1103 327 1502 394 MANUELIS
1540 333 1881 394 COMNEN!
1920 337 2303 399 LAUDATIO
2341 340 2749 401 FUNEBRIS.

3447 346 3555 409 986

323 448 571 525 (συχνοὺς
598 446 656 500 δέ
681 443 773 500 καὶ
801 446 1026 510 τούτους
1066 448 1205 517 αὐτη
1243 449 1586 512 πανδοκεύει,
1613 450 1710 503 καὶ
1738 449 1882 511 οἴους

1986 452 2239 507 dolebant
2271 455 2491 523 quidem
2524 456 2688 525 idque
2713 467 2952 524 tempore
2977 463 3286 525 opportuno
3307 456 3556 514 domina-

316 547 461 602 κατὰ
497 544 663 612 στίφη
693 541 790 594 καὶ
837 540 1024 609 λόχους
1077 541 1173 594 καὶ
1228 541 1416 609 στίχας
1469 539 1876 608 συντάξασθαι),

320 639 550 693 ἐλύπουν
587 635 686 706 μὲν
713 631 801 705 (ἦν
822 634 1018 704 καιρὸς
1047 634 1273 702 ἐκεῖνος)
1319 633 1381 686 τὸ
1415 633 1754 698 δεσποτικὸν,
1782 649 1880 700 μει-

321 729 586 802 μνημένοι
617 726 759 780 κατὰ
787 725 878 778 τὸν
921 724 1217 796 Ὁμηρικὸν
1247 725 1416 777 ἵππον
1463 727 1565 793 τῆς
1597 725 1878 794 ὲνῃτροφῇ

318 822 689 891 ἁκοστήσεως,
717 819 813 871 καὶ
854 818 1032 887 νομῶν
1071 818 1295 871 ἐκείνων
1330 815 1627 886 βαρϐάροις
1675 815 1878 880 καλῶν,

319 914 412 968 καὶ
435 912 543 965 τῶν
569 909 855 976 αὐτοφυῶν
885 909 980 962 καὶ
1012 909 1443 978 ἀπαραποιήτων
1464 905 1724 976 λοετρῶν,
1778 905 1880 957 ὅσα

315 1003 438 1064 τοὺς
468 999 838 1071 βαρϐαρικοὺς
879 996 1214 1068 στρατιώτας
1243 996 1378 1065 πρὸς
1399 994 1719 1062 ἀμὰλθακον
1747 1013 1881 1063 καρσ

313 1093 500 1162 τερίαν
523 1089 896 1160 ύγραίνουσιν.
921 1084 1032 1142 Ἦν
1061 1089 1117 1142 δέ
1154 1087 1337 1151 αὐτοῖς
1377 1087 1606 1158 θάτερος
1639 1087 1737 1158 μέν
1768 1088 1881 1139 τοῖν

313 1184 615 1254 ὀφθαλμοῖν
642 1181 780 1236 οἴκοι
797 1198 812 1213 ο
837 1183 865 1234 ὁ
902 1179 960 1234 δὲ
987 1179 1172 1242 λοιπὸς
1215 1181 1295 1242 είς
1341 1177 1638 1247 φυγαδείαν
1662 1179 1877 1231 ἐϐλεπε.

317 1278 422 1330 Καὶ
456 1275 578 1345 χεὶρ
611 1275 646 1343 ἠ
681 1273 778 1342 μὲν
806 1271 1156 1340 διεπράττετο
1185 1270 1253 1324 τὰ
1277 1269 1523 1335 δουλικὰ,
1547 1270 1581 1340 ὴ
1613 1269 1670 1322 δέ
1694 1270 1881 1338 ξίφους

315 1366 474 1438 ήθελε
527 1363 870 1435 δράττεσθαι,
915 1364 968 1415 εῖ
998 1361 1080 1425 τίς
1125 1378 1228 1414 που
1272 1361 1368 1414 καὶ
1400 1359 1744 1430 δριμύξεται,
1787 1360 1880 1412 καὶ

213 1519 226 1530 ,
315 1455 542 1525 ἐγκόψει
573 1454 634 1506 τὸ
665 1451 931 1506 ἐκούσιον.
961 1451 1070 1506 Kal
1095 1451 1144 1502 οί
1191 1450 1374 1520 κύριοι
1403 1449 1654 1502 ἐντεῦθεν
1682 1450 1783 1501 οὐκ
1814 1448 1880 1500 ἂν

317 1547 394 1618 μὴ
425 1547 520 1600 καὶ
553 1543 708 1599 αὐτοὶ
743 1542 942 1602 δοῦλοι,
988 1541 1246 1610 μενοῦνγε
1297 1541 1392 1594 καὶ
1412 1541 1486 1604 ὡς
1513 1540 1782 1610 τολμῆσαι
1807 1539 1881 1590 εἰ·

316 1641 440 1691 πεῖν
472 1638 830 1706 αἰχμάλωτοι,
861 1633 1119 1702 ἀγόμενοι
1150 1631 1250 1700 μὲν
1284 1632 1376 1685 καὶ
1401 1632 1712 1700 φερόμενοι,
1734 1629 1880 1699 ἀρώ-

319 1746 472 1798 μενοι
503 1728 580 1792 δέ,
599 1726 680 1779 ὅτι
705 1723 966 1786 τοιούτοις
991 1723 1181 1785 κακοῖς
1208 1720 1446 1792 ἔχονται,
1468 1721 1563 1774 καὶ
1590 1722 1880 1782 ποθοῦντες

313 1817 679 1887 ἀπογενέσθαι
709 1816 768 1867 τὸ
817 1813 1156 1882 δυστύχημα.
1197 1813 1546 1876 Ἐξακούεται
1573 1811 1666 1864 οὖν
1695 1811 1755 1864 τὸ
1789 1811 1882 1864 εὐ-

315 1915 524 1966 κταῖον.
553 1911 662 1962 Kal.
693 1906 856 1968 εὐθὺς
882 1905 1030 1968 ἔλεος
1057 1906 1122 1957 ἐκ
1156 1903 1418 1974 βασιλέως
1439 1903 1533 1956 ἐπὶ
1559 1904 1669 1965 τοῖς
1701 1902 1882 1972 ἀμφό-

314 2022 492 2075 τερον,
521 2006 612 2055 καῖ
636 2001 976 2065 δεσπόζουσι,
1013 1997 1105 2050 καὶ
1137 1995 1472 2060 δουλεύουσι,
1495 1996 1587 2048 καὶ
1619 1994 1886 2063 θησαυροὶ

317 2097 592 2169 βασιλικοὶ
645 2091 1034 2145 ἐκκενοῦνταιι⁶
1070 2089 1164 2143 καὶ
1205 2089 1254 2141 οἱ
1292 2088 1554 2141 δεσπόται
1600 2086 1886 2156 χαίρουσιν

316 2189 817 2257 ἀποσκευαζόμενοι
849 2188 908 2238 τὸ
935 2182 1136 2252 φαῦλον
1165 2180 1457 2234 οἰκετικόν.
1485 2179 1590 2232 Ka‘t
1613 2178 1674 2229 τὸ
1704 2174 1887 2228 ἐντεῦ-

317 2284 409 2335 θεν
446 2282 604 2334 αὐτοὶ
655 2279 752 2349 μὲν
805 2279 926 2331 ἀντί
981 2275 1078 2346 μὲν
1131 2273 1332 2326 δούλων
1378 2267 1518 2341 ἦσαν
1549 2270 1610 2322 τὸ
1643 2268 1889 2336 φυσικὸν,

314 2376 436 2429 ἀντὶ
460 2374 517 2426 δέ
536 2372 745 2441 ἀτίμων
769 2369 1121 2440 στρατιῶται,
1145 2366 1207 2420 τὸ
1229 2365 1384 2434 φίλον
1409 2362 1635 2424 ἐκείνοις
1659 2379 1672 2392 ο
1700 2362 1887 2414 οὐκέτι

312 2471 372 2524 δὲ
398 2467 492 2522 τοῦ
524 2465 736 2527 λοιποῦ,
768 2466 890 2517 ὅσον
920 2461 1160 2514 τοιοῦτον
1210 2459 1404 2528 ἀχθείη
1437 2455 1625 2526 φῦλον,
1665 2457 1724 2507 τὸ
1775 2455 1885 2506 πᾶν

314 2563 420 2616 ὐπὸ
483 2559 774 2620 δεσπόταις
828 2551 917 2625 ἦν.
977 2552 1119 2605 Ἀλλ’
1162 2552 1279 2606 ὅσοι
1332 2549 1432 2620 μὲν
1492 2549 1592 2602 οὐκ
1646 2546 1882 2613 εὐγενῶς

316 2651 601 2722 ἐφρόνουν,
638 2649 877 2718 ἔπασχον
925 2645 1089 2710 οὕτω,
1136 2643 1385 2697 δουλείαν
1423 2641 1688 2710 ἀτίμητον
1736 2640 1882 2710 ἥπερ

315 2746 418 2816 ζῇν
448 2745 585 2815 πρὸς
631 2741 787 2804 κλέος
819 2738 1080 2808 ἐλόμενοι,
1111 2737 1254 2805 τάχα
1297 2733 1399 2805 μὲν
1445 2733 1706 2799 ἀγεννῶς,
1740 2731 1884 2801 τάχα,

315 2839 374 2890 δὲ
403 2833 719 2905 προμηθείᾳ
749 2831 842 2885 τοῦ
881 2830 1028 2901 βιοῦν
1057 2825 1337 2897 ἀσφαλῶς.
1367 2820 1461 2888 Οἷς
1489 2824 1546 2877 δὲ
1594 2823 1885 2893 στρατεύε-

319 2928 442 2981 σθαι
475 2922 544 2998 ἦν
558 2923 868 2994 ἐπιθυμεῖν,
899 2923 978 2984 είς
1013 2921 1195 2990 ὅμοιον
1213 2916 1442 2980 ἐκείνοις
1457 2918 1568 2978 τοῖς
1593 2918 1654 2967 ἐκ
1681 2913 1884 2966 δούλων

317 3017 677 3088 στρατιώταις
706 3016 958 3086 ἡρχοντο,
1000 3013 1242 3082 χρήμασι
1291 3007 1570 3076 δημοσίοις
1607 3005 1882 3072 λυόμενοι,

316 3112 412 3164 καὶ
442 3108 587 3180 ζώνῃ
613 3107 899 3176 στρατείας
929 3100 1317 3172 κοσμούμενοι.
1343 3099 1454 3151 Καὶ
1479 3097 1662 3158 πόλεις
1719 3094 1886 3162 ἐπλή-

1989 543 2213 607 tionem,
2249 560 2519 600 memores
2553 547 2677 616 equi
2727 547 2997 602 Homerici
3048 546 3241 613 instar,
3277 550 3462 604 hordei
3500 563 3546 602 cl

1983 648 2328 702 pascuorum,
2368 645 2422 691 et
2457 637 2776 692 balneorum
2826 639 3178 703 naturalium,
3235 657 3340 695 non
3374 643 3548 696 artiﬁ-

1981 725 2200 780 cialium
2228 765 2243 788 ,
2289 727 2490 794 quibus
2523 728 2745 782 Barbari
2785 739 2846 782 ut
2895 721 3173 786 laboribus
3208 733 3552 799 perferendis

1980 820 2275 874 assueliant
2295 831 2539 876 utuntur.
2574 823 2702 876 Erat
2728 831 2907 876 autem
2940 823 3076 891 ipsis
3095 825 3379 878 oculorum
3408 841 3551 878 unus

1980 909 2166 973 domi,
2217 909 2354 963 alter
2392 907 2570 975 [ngam
2623 913 3140 982 circumspiciebat;
3193 929 3260 967 ex
3296 916 3550 970 manibus

1985 1017 2094 1057 una
2137 1003 2354 1057 servilia
2386 1003 2643 1069 faciebat,
2684 1006 2856 1060 altera
2892 1021 3078 1061 ensem
3118 1007 3337 1062 volebat
3380 1009 3550 1062 strin-

1981 1107 2106 1160 gere
2153 1099 2343 1147 contra
2396 1094 2835 1148 recalcitrantem
2891 1106 2946 1151 et
3005 1099 3373 1154 resistentem.
3429 1100 3548 1152 Huc

1981 1182 2119 1237 adde
2154 1184 2298 1253 quod
2325 1183 2556 1248 domini,
2582 1199 2692 1238 non
2720 1187 2884 1253 servi,
2907 1188 3108 1256 captivi
3137 1188 3244 1243 huc
3268 1189 3399 1244 illnc
3423 1205 3551 1245 cur-

1983 1284 2165 1331 rentes
2213 1285 2268 1331 et
2310 1277 2444 1332 diris
2481 1276 2707 1332 vocibus
2756 1287 3046 1347 querentes
3086 1281 3233 1349 quod
3278 1290 3358 1336 tot
3389 1282 3549 1339 malis

1980 1376 2332 1432 vexarentur,
2386 1369 2590 1438 quibus
2648 1368 2868 1424 liberari
2919 1370 3348 1441 desiderabant;
3399 1376 3546 1444 quod

1983 1464 2163 1510 votum
2211 1457 2408 1512 deinde
2457 1460 2785 1525 exauditur;
2835 1470 2889 1514 et
2934 1460 3222 1516 confestim
3272 1465 3554 1520 miseratio

1983 1548 2253 1616 utrisque,
2281 1549 2520 1602 dominis
2560 1563 2623 1605 ac
2666 1553 2864 1613 servis,
2899 1555 3168 1625 reginaque
3198 1554 3554 1610 liberalitates

1982 1639 2298 1703 aﬂluebant,
2321 1650 2376 1694 et
2401 1641 2607 1696 domini
2659 1642 2968 1711 gaudebant
3019 1647 3163 1712 quod
3195 1647 3370 1700 servis
3395 1648 3554 1702 malis

1985 1727 2196 1783 liberati
2244 1739 2451 1784 essent.
2500 1731 2688 1801 Itaque
2738 1733 3022 1790 servitutis
3073 1736 3194 1791 loco
3243 1740 3548 1792 secundum

1987 1830 2234 1873 naturam
2271 1829 2426 1874 erant
2457 1838 2522 1876 ex
2553 1821 2866 1880 hominibus
2901 1826 3104 1882 vilibus
3144 1826 3273 1882 facti
3322 1829 3546 1889 milites,

1986 1909 2127 1978 quod
2160 1910 2292 1979 ipsis
2318 1920 2531 1980 gratum
2565 1925 2706 1976 erat,
2736 1930 2843 1968 non
2872 1916 3105 1985 amplius
3139 1931 3334 1974 omnes
3366 1919 3421 1972 in
3454 1919 3552 1972 do-

1986 2003 2258 2056 minorum
2291 2013 2560 2072 potestate
2609 2005 2961 2074 languebant.
3012 2010 3212 2062 Omnes
3245 2020 3425 2068 autem
3459 2011 3553 2077 qui

1987 2107 2092 2146 non
2122 2093 2371 2148 liberales
2409 2111 2466 2149 se
2496 2095 2779 2166 gerebant,
2813 2097 2913 2150 ista
2939 2099 3280 2166 patiebantur
3311 2099 3554 2152 servitu-

1987 2192 2094 2237 tem
2121 2185 2239 2239 sine
2271 2185 2478 2240 honore
2505 2188 2623 2240 vilae
2656 2203 2776 2241 cum
2810 2189 2973 2255 gloria
3011 2199 3387 2260 praeponentes
3418 2191 3554 2249 forte

1998 2277 2180 2330 indole
2204 2291 2364 2345 prava
2387 2277 2560 2342 ducti,
2591 2277 2728 2333 forte
2752 2279 2876 2348 quia
2900 2280 3056 2334 aliter
3075 2282 3252 2336 vivere
3274 2299 3431 2351 posse
3461 2283 3557 2336 de-

1997 2369 2312 2438 sperabant.
2347 2369 2448 2436 Qui
2501 2381 2680 2425 autem
2736 2381 2913 2426 castra
2961 2374 3117 2442 sequi
3164 2375 3438 2440 volebant,
3496 2385 3555 2429 ut

1993 2463 2197 2516 milites
2231 2465 2324 2532 qui
2356 2471 2516 2518 antea
2553 2463 2695 2518 servi
2730 2461 2968 2528 fuerant,
3005 2464 3349 2530 obediebant,
3384 2482 3554 2536 pecu-

1997 2555 2085 2606 nia
2139 2554 2356 2624 publica
2399 2555 2663 2624 redempti
2710 2563 2766 2608 et
2820 2555 2996 2611 balteo
3047 2557 3270 2612 militari
3303 2559 3555 2616 accincti.

1994 2641 2222 2699 Urbium
2254 2645 2418 2711 igitur
2444 2644 2637 2700 incolae
2667 2646 2790 2700 vitae
2823 2647 3165 2702 conditiones
3202 2648 3416 2704 oblatas
3443 2665 3559 2704 ant-

1993 2721 2133 2805 ple'xi
2193 2729 2544 2790 successores
2599 2735 2872 2790 habebant
2918 2737 3230 2792 auctoritati
3280 2739 3441 2808 regia:
3499 2756 3560 2792 se

1990 2825 2400 2893 submittebant,
2455 2842 2562 2881 non
2606 2827 2748 2882 sicut
2779 2827 2959 2896 Sparti
2989 2828 3130 2882 inter
3181 2826 3398 2884 Graecos
3423 2829 3564 2884 cele-

1993 2915 2239 2980 berrimi,
2275 2931 2412 2984 quos
2445 2915 2628 2969 fabula
2670 2932 2700 2970 e
2744 2928 2888 2970 terra
2931 2928 3226 2985 prognatos
3255 2917 3425 2982 dicit;
3463 2919 3559 2972 sed

1991 3005 2165 3058 avulsi
2197 3020 2224 3057 a
2255 3005 2427 3074 patria
2463 3005 2518 3058 in
2546 3013 2784 3078 nostram
2847 3007 3119 3075 regionem
3159 3006 3556 3075 transplantati,

1992 3093 2201 3149 fructus
2229 3095 2477 3177 tulerunt
2506 3095 2796 3149 salutares.

319 3221 524 3278 ρωσαν,
574 3203 668 3256 καὶ
711 3198 908 3270 είρμῷο
937 3195 1353 3262 συνεπλάκησαν
1406 3189 1545 3260 βίου,
1569 3188 1662 3241 καὶ
1710 3187 1936 3256 δαδοχὰς
1967 3185 2315 3257 ἐπλήθυναν,
2362 3187 2463 3278 ,καὶ
2517 3187 2619 3257 τὴν
2681 3187 2963 3257 βασιλικὴν
3014 3188 3332 3258 προσθήκην
3387 3188 3558 3242 ἐθαυο

321 3305 640 3373 μάστωσαν,
686 3299 748 3351 οὐ
800 3295 940 3351 κατὰ
987 3295 1114 3355 τοὺς
1169 3289 1450 3358 Σπαρτοὺς
1512 3285 1814 3354 ἀναφύντας
1856 3283 2171 3353 αὐτόματοι,
2203 3283 2298 3353 ἀφ’
2333 3277 2402 3354 ἦς
2433 3284 2491 3339 δέ
2543 3284 2979 3356 ἐξεσπάσθησαν,
3036 3283 3545 3355 μεταφυτευθᾶντες

314 3399 395 3460 είς
427 3395 528 3465 τὴν
558 3393 679 3448 καθ’
710 3393 856 3462 ἡμᾶς
886 3390 1007 3459 γῆν,
1048 3388 1138 3439 καὶ
1170 3383 1379 3454 καρπὸν
1414 3379 1766 3440 ἐκδεδωκότες
1791 3376 2075 3450 τρόφιμον.

389 3565 478 3622 ιθ⁹.
530 3564 605 3619 Τὸ
650 3563 706 3616 δὲ
753 3559 1106 3628 καινότερον,
1159 3555 1254 3608 καὶ
1310 3552 1509 3623 ἄνδρας
1563 3551 1767 3603 τούτων
1802 3551 1881 3602 ἔτι

2002 3612 2006 3616 ,
2061 3549 2147 3604 l9.
2183 3546 2472 3617 lnterjecto
2503 3545 2703 3602 deinde
2732 3554 2976 3616 tempore
2997 3545 3151 3602 vivos
3176 3546 3360 3615 plures
3391 3559 3456 3601 ex
3486 3545 3556 3602 iis

322 3662 544 3721 πλείους
590 3658 688 3719 ,ἐκ
729 3655 856 3725 πρὶν
910 3649 1236 3721 ἀρχεκάκων
1293 3644 1622 3716 μεταγαγὼν
1671 3646 1880 3712 ἀμύνης

318 3758 465 3824 λόγῳ
495 3751 589 3804 ἐπὶ
615 3749 684 3802 τὰ
727 3744 1035 3814 Ῥωμαῖκὰ,
1061 3740 1138 3810 τῷ
1165 3739 1383 3792 ἐκείνων
1418 3737 1594 3808 ἀγρίῳ
1655 3737 1716 3788 τὸ
1759 3735 1880 3789 καθ’

319 3847 471 3918 ημᾶς
503 3845 712 3913 ἥμερον
744 3834 1339 3907 ἐνεκεντρισεν,καὶείς
1373 3832 1717 3918 χρηστότητα
1756 3847 1883 3896 μετ-

317 3917 597 4004 είποίησεν,
628 3931 696 4002 ἣν
757 3927 896 3989 θεῖος
930 3925 995 3978 ἂν
1022 3923 1348 3993 παράδεισος
1378 3917 1746 3986 οίκειώσηται.
1775 3918 1882 3970 Kal.

315 4028 379 4080 οὐ
415 4027 560 4092 λέγω
591 4023 782 4090 μόνους
810 4017 932 4076 τοὺς
954 4017 1017 4067 ἐκ
1046 4013 1143 4083 τῆς
1174 4013 1392 4083 χέρσου,
1414 4010 1541 4071 τοὺς
1564 4010 1660 4078 τῆς
1682 4011 1878 4078 ἰλγλρ,

314 4120 379 4172 τὸ
403 4113 694 4175 Σκυθικὸν,
736 4109 800 4162 τὸ
833 4106 1142 4172 Παιονικὸν,
1191 4106 1317 4167 τοὺς
1362 4103 1500 4182 ὺπέρ
1530 4103 1758 4171 Ἴστρον,
1800 4102 1882 4152 (αἱ

318 4211 468 4270 ὅσοις
517 4200 829 4274 ἀκραιφνὴς
863 4198 1063 4268 βορρᾶς
1104 4197 1360 4248 ἐπιπνεῖ*
1392 4192 1528 4246 ἀλλὰ
1581 4192 1676 4244 καὶ
1727 4193 1882 4252 ὅσους

317 4306 385 4355 ἐκ
425 4298 700 4364 θαλάσσης
742 4291 1097 4361 πολυτρόπως
1137 4289 1523 4357 ηγκίστρευσε.
1561 4286 1668 4337 Kal
1702 4299 1883 4335 συντε-

314 4393 472 4447 λοῦσι
513 4390 607 4443 καὶ
634 4384 789 4440 αὐτοὶ
823 4384 941 4444 ταῖς
986 4380 1280 4450 ἡμετέραις
1317 4377 1535 4429 πόλεσιν
1568 4378 1645 4436 είς
1671 4375 1884 4437 οἰκῆται-

320 4501 442 4554 ρας.
468 4481 580 4535 Kal.
611 4479 756 4532 ἐστιν
788 4473 1020 4527 ἐνταῦθα
1049 4466 1391 4522 πολλαπλοῦν
1419 4466 1478 4518 τὸ
1512 4465 1706 4554 σεμνὸν
1740 4463 1884 4532 ἢπερ

315 4553 378 4627 τὸ
403 4573 496 4626 ἐπὶ
526 4571 751 4636 Μάγνου
790 4561 1076 4633 Πομπηῖου
1131 4554 1641 4627 καθιστορούμενον,
1676 4553 1734 4615 ὃς
1761 4555 1883 4604 ἐπι.

313 4662 610 4730 λεξάμενος
657 4657 812 4709 πόλιν
865 4651 1029 4722 ἐῴαν,
1058 4649 1235 4702 ἐκεῖσε
1280 4647 1405 4710 τοὺς
1439 4643 1730 4715 περισσοὺς
1774 4641 1884 4693 τῶν

316 4753 597 4824 πειρατῶν
629 4745 952 4818 συνῴκισεν,
976 4745 1131 4805 ὅσους
1157 4741 1288 4804 δεῖν,
1326 4741 1508 4808 φασὶν,
1542 4739 1684 4806 ἔγνω
1719 4754 1887 4803 σωττπ

321 4847 444 4916 ρίας
483 4841 753 4913 ἠξιῶσθαι
795 4839 887 4891 καὶ
923 4834 1176 4905 προνοίας
1207 4831 1370 4893 τινός.
1397 4831 1458 4882 Et
1489 4829 1617 4897 γοῦν
1645 4831 1884 4894 ἱστορίας

1985 3647 2077 3711 qui
2108 3642 2258 3710 prius
2284 3641 2470 3696 hostes
2500 3641 2715 3693 fuerant
2745 3641 2996 3694 vindictae
3026 3653 3188 3695 causa
3213 3647 3406 3694 contra
3440 3637 3549 3692 Ro-

1985 3749 2149 3788 manos
2180 3732 2334 3787 duxit
2365 3743 2418 3786 et
2438 3747 2629 3786 eorum
2659 3732 2998 3786 ferocitatem
3031 3733 3082 3785 in
3113 3745 3230 3784 eam
3257 3745 3420 3799 quam
3455 3745 3555 3784 nos

1982 3838 2323 3888 exercemus,
2383 3825 2862 3878 mansuetudinem
2911 3824 3309 3887 commutavit,
3370 3831 3424 3877 et
3477 3824 3558 3875 sic

1985 3924 2184 3968 terram
2239 3924 2483 3970 nostram
2531 3918 2584 3969 in
2634 3917 2947 3986 paradisum
3005 3914 3435 3970 transformavit.
3491 3913 3557 3967 Et

1987 4024 2093 4062 non
2146 4009 2294 4063 solos
2341 4010 2674 4063 continentis
2713 4010 2961 4062 homines
3008 4007 3254 4070 nomino,
3305 4015 3555 4074 posteros

1983 4101 2146 4170 Agar,
2174 4099 2434 4170 Scythas,
2467 4100 2623 4154 Ponti
2657 4101 2886 4163 incolas,
2926 4099 3050 4153 lstri
3081 4099 3318 4161 accolas,
3354 4108 3404 4152 et
3427 4097 3554 4166 qui-

1985 4192 2086 4246 bus
2124 4191 2324 4247 Boreas
2357 4193 2589 4262 frigidus
2623 4193 2816 4259 spirat,
2855 4192 2949 4246 sed
2980 4205 3174 4246 omnes
3217 4188 3418 4245 Oceani
3469 4190 3554 4257 pi~

1984 4291 2244 4347 scatores,
2278 4282 2372 4350 qni
2402 4283 2659 4348 paulatim
2694 4283 2858 4336 urbes
2891 4295 3111 4350 quoque
3136 4291 3354 4335 nostras
3402 4280 3556 4334 inco-

1983 4371 2094 4425 lere
2132 4386 2433 4438 cmperunt.
2470 4373 2704 4426 Historia
2765 4374 2927 4424 multa
2971 4374 3213 4440 quidem,
3269 4370 3362 4426 sed
3414 4371 3556 4424 inter

1984 4465 2089 4516 alia
2115 4464 2167 4517 id
2199 4477 2412 4532 quoque
2447 4463 2631 4531 refert,
2681 4463 2998 4530 Pompeium
3030 4461 3302 4532 .Magnnm
3360 4462 3550 4516 urbem

1983 4551 2520 4622 Orientalempiratis
2540 4566 2679 4621 quos
2704 4566 2768 4608 eo
2804 4552 3066 4606 beneﬂcio
3101 4553 3295 4619 dignos
3343 4551 3554 4613 habuit,

1984 4643 2325 4698 iucolendatn
2393 4643 2708 4697 tradidisse.
2770 4640 2926 4708 Quod
2986 4642 3031 4698 si
3097 4641 3325 4695 historia
3385 4640 3552 4694 unius

1984 4738 2136 4792 urbis
2183 4737 2380 4792 bonam
2422 4735 2564 4789 hanc
2603 4734 2878 4788 fortunam
2909 4747 3212 4788 memorare
3257 4732 3556 4801 dignatur,

1985 4829 2112 4897 quis
2169 4843 2278 4883 non
2334 4841 2683 4896 rem,quatn
2737 4827 2922 4880 multm
2949 4825 3117 4880 urbes
3202 4825 3552 4894 participant,

315 4906 470 5005 ἀξιον
507 4906 580 4988 *τὸ
623 4933 751 5003 μιᾶς
787 4929 990 4991 πόλεως
1053 4922 1380 4994 ἁγαθὸν,τίς
1406 4922 1504 4975 οὐκ
1540 4921 1605 4973 ἂν
1643 4920 1882 4987 συγγρά-

1987 4921 2158 4975 relatu
2203 4919 2423 4988 dignam
2470 4918 2782 4990 putaverit?
2825 4916 3144 4972 Addiderim
3197 4917 3361 4970 etiam
3405 4917 3548 4981 quod

316 5032 483 5102 ψαιτο
508 5026 569 5079 τὸ
608 5023 870 5092 πολύχοον
897 5019 991 5073 καὶ
1019 5017 1242 5079 πολλαῖς
1268 5013 1625 5084 ἐπιμερισθέν
1660 5010 1880 5075 πόλεσι;

320 5122 387 5174 Τί
428 5118 506 5189 μὴ
537 5117 684 5184 λέγω
717 5115 779 5167 τὸ
815 5111 1025 5182 μεῖζον,
1080 5110 1153 5170 ὡς
1182 5106 1409 5175 οὐδεμία
1437 5105 1544 5157 τῶν
1575 5103 1670 5174 τῆς
1700 5104 1881 5155 οίκουο

320 5215 493 5282 μένης
549 5209 760 5260 πόλεων
792 5202 1145 5270 ἁνοργίαστος
1193 5197 1287 5250 τοῦ
1323 5198 1421 5267 τῆς
1451 5193 1894 5264 Μεγαλοπόλεως’

319 5304 611 5367 ἐξέπιπτεν
665 5298 890 5368 ἔρωτος,
931 5291 1023 5344 τοῦ
1062 5289 1226 5343 καλοῦ
1260 5289 1520 5358 βασιλέως
1545 5288 1753 5343 ἐκείνου
1784 5290 1882 5352 τὰς

318 5393 605 5464 φιλητικὰς
634 5386 960 5454 ἐπαφιέντος
997 5383 1236 5443 ἀπάσαις
1270 5383 1494 5447 ίυγγαςς
1527 5380 1629 5432 Kal
1655 5375 1722 5449 ἦν
1754 5380 1882 5432 ἑκά-

317 5501 418 5554 στῃ
451 5483 674 5552 φίλτρον
705 5478 1078 5544 ἐγκαθήμενον
1106 5472 1462 5541 ὑπερϐάλλον,
1490 5473 1646 5524 ποίαν
1674 5476 1700 5523 ό
1724 5473 1882 5523 αὐτο-

319 5577 540 5644 κράτωρ
567 5573 677 5626 τῶν
709 5570 919 5621 πόλεων
953 5565 1179 5632 στέρξας
1207 5566 1284 5624 εἰς
1327 5563 1653 5632 φιλουμὲνην
1677 5564 1881 5634 ἐγγρά-

315 5674 489 5742 ιξεται,
551 5665 661 5722 Ka‘t
715 5665 814 5716 ὅσα
853 5661 940 5712 καὶ
991 5655 1370 5726 μητροπόλεως
1425 5654 1749 5724 περιοικίδες
1787 5659 1885 5722 τῆς

1989 5011 2139 5066 nulla
2209 5021 2368 5066 terra:
2427 5012 2622 5066 civitas
2682 5025 2791 5066 non
2851 5009 3066 5064 initiata
3126 5021 3334 5076 magna
3402 5005 3554 5056 urhis

1989 5119 2224 5158 amorem
2247 5103 2600 5173 perdiditsub
2625 5117 2792 5172 regno
2816 5099 3184 5172 imperatoris,
3212 5092 3552 5148 blandissimi

1986 5196 2393 5264 gubernatoris.
2415 5194 2765 5265 Unaquaeque
2795 5193 2997 5248 amoris
3026 5186 3355 5243 incentivum
3389 5181 3555 5236 habe-

1989 5289 2104 5355 bat,
2132 5304 2296 5359 quam
2331 5290 2627 5358 imperator
2655 5302 2717 5343 ex
2769 5285 2984 5340 caeteris
3029 5275 3258 5332 urbibus
3287 5271 3388 5326 sibi
3419 5270 3556 5324 din

1989 5390 2132 5436 ctam
2166 5381 2444 5451 professus
2474 5393 2594 5444 eSt;
2628 5391 2818 5432 omnes
2844 5380 3047 5434 autem,
3077 5373 3138 5422 ut
3168 5363 3492 5418 suburbium
3519 5379 3551 5416 ιι

1992 5490 2183 5543 magna
2219 5475 2458 5536 civitate,
2488 5482 2695 5525 caetera:
2725 5481 2753 5518 a
2781 5474 2962 5518 nostra
2988 5455 3291 5530 pendebant
3315 5493 3331 5517 ,
3365 5455 3438 5506 ita
3471 5463 3552 5506 ta-

1995 5583 2115 5619 men
2147 5575 2202 5619 ut
2235 5566 2538 5618 subsistant
2560 5600 2574 5623 ,
2627 5565 2810 5609 nostra
2856 5565 3044 5608 autem
3079 5549 3238 5603 hodie
3270 5548 3552 5600 destructa

1989 5659 2193 5725 jaceat,
2225 5663 2279 5708 et
2312 5665 2541 5720 quorum
2571 5645 2712 5700 nulla
2745 5659 2885 5698 nunc
2920 5640 3143 5711 vestigia
3176 5641 3478 5692 remanent.
