3962 6242
407 240 516 304 987

1122 234 1478 296 EUSTATH
1491 232 1546 291 ll
1579 221 2340 290 TIIESSALONICENSIS
2382 226 2940 287 METROPOLlTiﬁ

3569 228 3671 292 988

405 349 534 404 καθ’
585 348 735 421 ἡμᾶς
786 345 1085 418 ἐξήρτηντο
1132 345 1366 400 ἅπασαι.
1415 346 1524 398 Καὶ
1577 344 1908 415 στεργθῑπναι
1961 341 2019 396 δὲ
2107 340 2243 394 ἀλλὰ
2289 339 2448 393 τοῦτο
2502 340 2980 410 ἀνασκευασθῆναι
3043 340 3138 392 καί
3189 337 3576 410 ἀφαντωθῆναε
3609 344 3671 392 ἐκ

406 446 532 517 γῆς·

485 604 578 659 90.
608 602 667 656 In
700 600 990 671 permultis
1019 616 1140 669 qua:
1169 601 1467 668 imperator
1491 594 1818 652 convocavit
1853 606 1978 645 con-

2164 603 2196 638 κ
2217 623 2232 638 .
2264 581 2368 637 Ἦν
2403 584 2494 638 οὖν
2531 588 2586 636 ἓν
2626 588 2850 655 μυρίαις
2870 603 2978 637 των
3010 587 3265 650 συνόδων,
3294 587 3427 647 ὅσας
3461 588 3667 658 ἀγείρει

406 695 576 757 ciliis,
611 689 817 761 legatos
847 689 1031 744 videre
1055 698 1276 758 pulcras
1308 703 1414 741 non
1447 688 1638 751 denos,
1671 684 1764 739 sed
1801 683 1990 736 multi-

409 784 656 839 tudinem
693 783 1055 852 undequaqne
1083 782 1187 834 huc
1211 781 1617 835 accurrentium
1647 788 1904 847 tanquam
1934 775 1987 829 in

415 877 692 947 regionem
727 889 1099 939 communem,
1134 884 1188 926 ut
1224 883 1461 942 systema
1493 871 1990 927 doctrinmmeteris

415 974 812 1038 proponerent.
839 965 986 1019 Vidit
1016 966 1182 1036 igitur
1213 981 1405 1034 magna
1437 966 1550 1018 hare
1583 963 1714 1018 urbs
1741 963 1989 1032 hospites

405 1071 646 1126 cxleros,
669 1073 901 1128 quorum
929 1072 1090 1112 nemo
1121 1073 1151 1112 e
1185 1057 1390 1112 nostris
1421 1072 1486 1110 ne
1511 1055 1732 1110 nomina
1762 1053 1986 1124 quidem

406 1160 670 1216 noverat;
709 1151 925 1206 diﬂicile
954 1166 1190 1220 namque
1227 1159 1345 1204 erat
1377 1150 1550 1203 virum
1579 1149 1877 1218 bilinguem
1905 1149 1988 1200 in-

404 1245 616 1309 venire,
641 1245 731 1313 qui
763 1259 827 1297 ex
859 1243 1103 1312 ipsorum
1135 1242 1318 1310 lingua
1351 1241 1404 1295 in
1443 1249 1686 1295 nostram
1724 1240 1985 1294 traduce-

406 1346 511 1392 ret.
548 1336 764 1389 Itineris
795 1345 848 1388 et
896 1333 1184 1402 legationis
1216 1347 1409 1388 eorum
1439 1333 1562 1387 linis
1586 1342 1704 1386 erat
1731 1342 1787 1386 ut
1820 1333 1990 1400 impe-

411 1429 618 1482 ratoris
654 1429 866 1480 vultum
907 1426 1178 1490 viderent,
1217 1441 1406 1480 vocem
1437 1427 1714 1489 audirent,
1753 1425 1808 1480 in
1843 1425 1986 1481 ludis

405 1520 674 1590 gymnicis
698 1533 818 1573 sese
839 1527 1188 1572 exercentem
1209 1518 1635 1584 admirarentur,
1659 1527 1714 1571 ut
1740 1519 1984 1588 quaedam

417 1613 487 1666 de
517 1611 609 1665 illo
643 1609 786 1664 dicta
828 1610 1166 1679 colligerent.
1193 1609 1285 1665 Sic
1329 1618 1382 1664 et
1425 1607 1737 1664 Salomonis
1769 1610 1988 1678 Sapien-

415 1709 489 1762 tia
541 1707 808 1777 pinrimos
857 1707 1106 1770 attraxit,
1166 1706 1266 1760 etsi
1303 1721 1409 1758 non
1451 1721 1641 1760 omnes
1672 1708 1724 1760 in
1763 1723 1826 1758 co
1863 1707 1985 1758 Ian-

409 1802 588 1852 dando
618 1797 993 1852 convenerint.
1048 1796 1154 1850 Sed
1215 1797 1270 1850 in
1323 1796 1428 1852 hoc
1463 1805 1654 1850 nostro
1687 1797 1807 1850 loco
1847 1796 1983 1850 mira

405 1889 580 1942 multa
626 1903 688 1942 se
735 1887 998 1943 eliciunt.
1033 1887 1108 1941 Ex
1145 1886 1336 1957 legatis
1376 1889 1583 1943 nostris
1612 1888 1702 1941 alii
1753 1888 1980 1958 proiecti

412 1991 540 2035 sunt
572 1981 643 2035 ob
661 1989 864 2036 metum
901 1997 970 2035 ne
997 1980 1124 2051 quid
1154 1991 1490 2050 paterentur,
1515 1992 1608 2034 aut
1630 1991 1850 2052 pr0pter
1873 1983 1984 2037 sol-
2015 1951 2055 2008 Β
2085 1959 2117 2050 Τ

404 2073 748 2129 licitudincm
774 2074 1041 2128 auxilium
1069 2075 1378 2142 reperiendi
1413 2073 1504 2128 ubi
1535 2091 1762 2131 necesse
1796 2075 1980 2140 fuerit,

403 2176 496 2219 aut
541 2174 786 2236 egestate
840 2165 1042 2230 coacti,
1091 2166 1249 2235 cujus
1295 2181 1400 2236 ope
1445 2169 1728 2237 proposita
1793 2167 1981 2238 perlici

402 2266 657 2326 possunt,
691 2267 786 2311 aut
811 2257 883 2312 ob
915 2257 1208 2311 sollicitam
1246 2257 1412 2312 futuri
1470 2259 1736 2330 temporis
1766 2275 1980 2326 curam;

405 2365 526 2417 qua:
561 2349 746 2402 omnia
778 2349 1020 2404 indicant
1064 2363 1156 2404 res
1206 2365 1432 2420 magnas
1471 2365 1534 2404 ac
1566 2350 1876 2420 splendidas
1911 2351 1982 2406 ab

399 2447 732 2510 imperatore
750 2442 889 2510 apud
926 2455 1027 2496 nos
1043 2451 1222 2510 gestas
1239 2451 1477 2498 exstare.
1499 2442 1604 2496 Sed
1627 2444 1738 2498 haec
1759 2453 1981 2500 externa

403 2539 533 2584 sunt
555 2571 570 2596 ,
609 2547 708 2586 nec
741 2531 904 2587 unius
936 2531 1282 2587 substantia.
1321 2532 1549 2588 Venisse
1587 2544 1768 2589 autem
1797 2550 1828 2591 e
1861 2536 1983 2590 lou-

404 2620 608 2691 ginquo
659 2623 812 2675 viros
849 2623 1043 2675 duram
1092 2633 1297 2677 sortem
1347 2623 1630 2681 subituros
1678 2627 1731 2678 in
1785 2625 1980 2682 itinere

403 2711 688 2782 spectandi
725 2727 892 2768 causa
945 2723 998 2768 et
1037 2713 1316 2769 fortunam
1363 2715 1608 2769 mutandi
1657 2732 1786 2786 ergo
1814 2755 1830 2782 ,
1875 2718 1978 2774 hoc

407 2819 515 2858 non
547 2813 632 2859 est
657 2805 990 2874 simpliciter
1024 2820 1281 2875 magnum
1304 2849 1318 2870 ,
1353 2805 1451 2861 sed
1482 2815 1708 2878 stupore
1737 2809 1981 2878 plenum.

402 2905 557 2961 Patet
589 2907 734 2985 enim
769 2921 1027 2976 magnum
1057 2907 1262 2962 tonitru
1304 2923 1471 2978 super
1494 2909 1756 2979 praclare
1783 2910 1852 2966 ab
1880 2910 1984 2966 lm-

401 3019 658 3076 peratore
703 3006 862 3064 factis
913 3023 1221 3078 resonans,
1279 3009 1517 3066 aliorum
1572 3011 1980 3071 aemulationem

405 3097 756 3154 excitavisse.

2093 675 2155 728 τὸ
2179 675 2470 744 βασίλειον,
2494 677 2750 748 πρέσϐεις
2774 678 2905 748 ὁρᾷν
2933 679 2996 729 οὐ
3024 677 3165 730 κατὰ
3185 677 3415 742 δεκάδας
3443 680 3668 748 μετρίας

2090 767 2244 830 τινὰς
2282 771 2348 821 ἐκ
2379 768 2488 820 τῶν
2513 768 2820 838 ἑκασταχοῦ
2848 769 3042 840 χωρῶν
3072 770 3407 840 συρρέοντας
3434 772 3666 826 ἐνταῦθα

2090 858 2166 920 ὡς
2197 860 2276 922 εἰς
2307 861 2504 930 δεκάδα
2535 861 2742 931 κοινὴν,
2793 863 2885 914 καὶ
2919 861 3172 932 σύστημα
3212 862 3506 928 ποιοῦντας
3541 866 3666 920 ἐαυ-

2091 947 2220 1011 τοὺς
2242 949 2531 1002 ἀλλόκοτον
2553 953 2661 1014 τοῖς
2693 968 2755 1018 γε
2783 950 3018 1007 πλείοσι.
3055 953 3164 1006 Καὶ
3187 953 3333 1022 ἐώρα
3365 955 3398 1024 η
3437 957 3665 1025 μεγίστη

2093 1040 2250 1103 πόλις
2277 1038 2417 1110 αὕτη
2446 1041 2648 1110 ἄνδρας
2697 1042 3069 1109 ἀλλογνώτους
3103 1043 3342 1115 ἀληθῶς,
3373 1041 3452 1100 ὧν
3492 1049 3666 1112 οὐδεὶς

2091 1129 2200 1180 τῶν
2241 1129 2362 1182 καθ’
2399 1130 2548 1200 ἡμᾶς
2589 1130 2700 1182 οὐδ’
2729 1132 2807 1193 είς
2836 1132 3008 1199 ὄνομα
3071 1132 3431 1204 πεπείραται,
3459 1135 3537 1198 ὡς
3575 1138 3666 1188 καὶ

2091 1217 2316 1271 πίπτειν
2355 1221 2415 1272 ἐν
2449 1219 2704 1289 δυσχερεϊ
2734 1221 2905 1290 ἄνδρα
2941 1222 3198 1293 εὑρέσθαι
3233 1224 3547 1292 δίγλωττον,
3572 1226 3664 1295 τὴν

2091 1309 2148 1361 ἐν
2182 1311 2370 1374 αὐτοῖς
2399 1311 2678 1364 διάλεκτον
2708 1315 2787 1375 εἰς
2809 1314 2872 1366 τὸ
2908 1316 3188 1384 ήμεδαπ¹ν
3237 1318 3661 1386 μεταϐάλλοντα.

2088 1395 2198 1452 Ἦν
2225 1401 2280 1453 δὲ
2317 1403 2552 1464 ἐκείνοις
2579 1402 2682 1472 τῆς
2725 1405 2846 1456 ὁδοῦ
2875 1408 3076 1469 σκοπὸς
3115 1408 3210 1460 καὶ
3237 1409 3339 1478 τῆς
3369 1410 3662 1479 πρεσϐείας
3737 1459 3740 1462 .

2089 1491 2152 1544 τδ
2179 1493 2564 1558 τελικώτατον,
2593 1495 2880 1565 ἱστορῆσαί
2909 1513 2967 1548 τε
2993 1499 3114 1550 κατ’
3133 1499 3257 1568 ὄψιν
3285 1501 3381 1552 τὸν
3408 1500 3655 1570 βασιλέα,

2089 1584 2182 1635 καὶ
2223 1585 2641 1654 ἀκουτισθῆναι,
2695 1581 2783 1639 οἷα
2817 1587 2988 1652 λαλεῖ,
3018 1589 3112 1642 καί
3156 1607 3267 1642 τισι
3317 1591 3426 1644 τῶν
3462 1608 3666 1660 γυμνα-

2091 1672 2296 1724 στικῶν
2355 1673 2534 1742 ἔργων
2584 1674 2714 1726 ἰδεῖν
2743 1676 3142 1746 ἑπιπρέποντα,
3200 1681 3562 1750 ἐρανίσασθαι
3611 1681 3666 1732 δὲ

2091 1757 2186 1812 καί
2212 1775 2334 1812 τινα
2361 1761 2472 1813 τῶν
2505 1763 2633 1833 περὶ
2666 1763 2832 1816 αὑτοῦ
2867 1767 3254 1836 ἀκουσμάτων,
3288 1769 3383 1822 καὶ
3409 1771 3486 1831 ὡς
3519 1771 3578 1823 ἓν
3598 1773 3663 1825 τά

2089 1850 2271 1906 πάντα
2323 1853 2498 1904 εἰπεῖν
2568 1853 2757 1924 θαῦμα
2824 1857 3278 1929 συλλεξαμένους,
3331 1862 3664 1932 κομίσασθαι

2122 1945 2204 2006 οῖς
2256 1944 2336 2006 είς
2386 1945 2688 2015 πρεσϐείαν
2718 1949 3212 2020 διαπεμψαμένοις.
3244 1951 3403 2007 Οὕτω
3437 1955 3535 2008 καὶ
3568 1957 3662 2008 Σο-

2085 2033 2440 2108 λομῶντοςη
2497 2039 2663 2108 σοφία
2721 2041 2956 2106 πολλοὺς
3007 2044 3311 2112 ἐφείλκετο,
3346 2048 3439 2100 καὶ
3496 2049 3545 2101 εί
3586 2049 3657 2117 μὴ

2085 2126 2400 2193 τοσούτους,
2423 2128 2539 2182 ἀλλ’
2557 2131 2650 2185 οὖν
2674 2133 2762 2202 ἐφ’
2785 2134 3099 2190 ὁποσονοῦν.
3122 2138 3230 2189 Καὶ
3255 2137 3404 2190 ἔστιν
3423 2138 3658 2193 ἐνταῦθα

2084 2215 2145 2268 τὸ
2179 2217 2275 2270 τοῦ
2306 2219 2616 2289 θαυμασίου
2647 2223 2804 2277 πολύ.
2831 2224 2951 2277 Δέει
2978 2227 3076 2296 μὲν
3103 2228 3211 2298 γὰρ
3237 2226 3332 2280 τοῦ
3367 2229 3443 2299 μή
3471 2247 3524 2282 τι
3555 2249 3660 2282 πα-

2085 2308 2198 2362 θεῖν
2229 2311 2631 2379 πρεσϐεύεσθαί
2665 2331 2840 2383 τινας,
2873 2317 2906 2388 ἢ
2963 2317 3163 2392 μελέτῃ
3195 2319 3287 2373 τοῦ
3324 2323 3534 2391 φθάσαι
3563 2324 3658 2392 ζή-

2089 2415 2250 2469 τησιν
2269 2404 2618 2475 ἐπικουρίας,
2638 2407 2692 2460 εί
2711 2425 2816 2461 που
2847 2411 2943 2463 καὶ
2974 2413 3288 2483 παραπέσοι
3309 2431 3396 2477 τις
3421 2416 3657 2484 ἀνάγκη,

2089 2489 2124 2560 ἢ
2153 2492 2248 2545 καὶ
2275 2497 2575 2566 χρημάτων
2609 2498 2809 2570 ἐνδείᾳ,
2839 2499 2930 2569 ὑφ’
2956 2494 3032 2556 ὧν
3086 2503 3237 2558 ἔσται
3270 2506 3662 2578 καταπραχθῇ.

2088 2599 2178 2636 ναι
2211 2584 2272 2638 τὸ
2304 2586 2394 2640 διὰ
2447 2590 2710 2658 σπουδῆς,
2759 2592 2792 2662 ἢ
2851 2594 2988 2657 ὅλως
3037 2599 3354 2670 προμηθείᾳ
3409 2603 3523 2653 τινὶ
3569 2601 3658 2654 τοῦ

2091 2675 2405 2744 μέλλοντος,
2448 2682 2705 2752 λαμπρὸν
2759 2683 2863 2753 μὲν
2915 2687 2996 2749 είς
3026 2687 3320 2758 ίκανὸτητα
3372 2691 3468 2743 τοῦ
3497 2692 3657 2758 δεῖξαι

2091 2768 2305 2836 μεγάλα
2335 2771 2432 2823 καὶ
2488 2773 2712 2845 ἀνενδεῆ
2743 2775 2839 2829 καὶ
2874 2777 3228 2849 πολύχρηστα
3256 2781 3325 2833 τὰ
3362 2782 3485 2835 καθ’
3516 2785 3660 2852 ἡμᾶς

2085 2855 2176 2911 διὰ
2203 2859 2296 2912 τὸν
2329 2863 2734 2936 αὐτοκράτορα.
2798 2867 3131 2941 Ἐξωτερικέι
3158 2871 3203 2924 δ’
3254 2873 3404 2942 ὅμως
3463 2877 3656 2942 ταῦτα,

2084 2949 2180 3000 καὶ
2210 2949 2271 3002 οὐ
2306 2951 2414 3004 τῶν
2451 2955 2570 3005 κατ’
2603 2955 2793 3023 αὑτὸν,
2823 2957 2900 3022 ὡς
2927 2961 3192 3030 καζῆκειν
3219 2962 3354 3032 πρός
3380 2980 3504 3015 τινα
3533 2981 3655 3016 συν-

2081 3039 2360 3094 ουσίωσιν.
2398 3043 2600 3097 Ἐλθεϊν
2626 3045 2682 3097 δὲ
2741 3046 2800 3111 ἐξ
2827 3048 3134 3121 ὑπερορίων
3157 3052 3408 3118 ἀγνῶτας
3435 3054 3654 3124 ἄνδρας,

2080 3130 2177 3182 καὶ
2205 3130 2427 3200 θελῆσαι
2483 3134 2633 3188 δεινά
2667 3139 2882 3205 παθεῖν,
2925 3142 3027 3194 ὅσα
3074 3140 3153 3212 τῷ
3200 3144 3299 3213 τῆς
3345 3145 3656 3215 ὁδοιπορίας

406 3213 604 3284 μακρῷ
631 3215 932 3285 συνδιήκει,
980 3233 1077 3270 και
1123 3215 1296 3270 ταῦτα
1334 3217 1471 3288 πρὸς
1523 3218 1686 3289 χάριν
1736 3219 1886 3286 θέας.
1932 3223 2030 3278 καὶ
2062 3225 2222 3292 μόνον
2270 3229 2361 3279 καὶ
2413 3229 2670 3300 ἐντυχίας
2731 3233 3013 3300 εὐκταίας,
3043 3237 3181 3291 ἀλλά
3214 3239 3374 3291 τοῦτο
3405 3240 3510 3291 οὐκ
3542 3213 3550 3215 7
3579 3242 3656 3303 είς

401 3308 611 3362 ἁπλοῦν
642 3311 818 3362 εἰπεῖν
868 3309 986 3362 ἔστι
1037 3309 1200 3378 μέγα,
1251 3311 1331 3374 είς
1391 3312 1563 3381 μυρία
1617 3313 1675 3366 δὲ
1715 3316 2042 3385 κατασχίσαι
2075 3313 2358 3384 θαύματα.
2389 3319 2560 3388 Δῆλον
2604 3323 2737 3392 γὰρ,
2783 3324 2867 3389 ὼς-
2897 3327 3070 3396 μέγας
3107 3329 3341 3400 βροντῆς
3379 3326 3515 3402 ἦχος
3565 3337 3653 3386 ἐπὶ

404 3403 702 3473 βασιλικοῖς
725 3406 1213 3476 ἁνδραγαθήμασιν
1251 3409 1330 3471 είς
1370 3407 1432 3461 τὺ
1461 3409 1604 3464 κατὰ
1642 3409 1880 3480 σπουδὴν
1920 3410 2281 3480 ἐπέστρεψεν.

471 3567 563 3629 21,
595 3568 698 3621 Sed
732 3583 832 3621 cur
863 3568 1070 3638 legatos
1093 3569 1214 3624 dico
1237 3579 1530 3626 stemmate
1553 3572 1820 3644 insignes.
1846 3588 1974 3629 eum

2151 3600 2256 3648 κα’.
2296 3595 2456 3650 Ἀλλὰ
2480 3597 2531 3650 τί
2556 3615 2646 3668 μοι
2673 3601 2932 3670 πρέσϐεις
2952 3605 3130 3676 λέγειν
3155 3613 3281 3676 τοὺς

405 3661 533 3714 licet
565 3675 814 3714 summos
842 3663 1194 3731 magistratus
1227 3664 1580 3720 considerare
1607 3666 1676 3721 ad
1707 3683 1808 3723 nos
1843 3668 1973 3722 mis-

405 3767 521 3818 sos,
549 3761 608 3806 ut
632 3752 948 3820 imperatori
973 3754 1241 3808 tributum
1287 3755 1568 3822 aﬂerrettt,
1596 3768 1691 3814 aut
1719 3770 1842 3830 post
1877 3776 1972 3815 ne-

402 3847 546 3917 getia
584 3856 826 3916 peracta,
861 3855 915 3900 et
964 3857 1255 3918 postquam
1313 3848 1660 3920 imperatoris
1711 3852 1970 3922 majesta-

400 3951 510 3994 tem
537 3940 710 3994 oculis
741 3940 1023 4005 vidissent,
1077 3950 1170 3993 aut
1225 3941 1507 3997 oculorum
1558 3945 1974 4000 curiositatisa-

402 4033 743 4098 tisfaeerent,
805 4041 862 4085 et
915 4032 1127 4086 civibus
1161 4033 1276 4089 suis
1306 4035 1420 4089 visa
1447 4034 1746 4105 auditaque
1777 4052 1970 4093 narra-

398 4134 544 4179 rent.
577 4123 752 4193 Hujus
776 4125 986 4180 ordinis
1031 4133 1161 4179 sunt
1224 4125 1510 4182 Persarum
1577 4131 1873 4186 monarcha
1919 4140 1975 4186 ct

399 4217 819 4272 Palaestinos-um
846 4233 977 4284 rex;
1007 4216 1406 4272 Germanorum
1438 4219 1758 4290 imperator,
1795 4223 1967 4279 totius

392 4310 708 4365 Germanias
757 4310 1034 4380 princeps,
1069 4320 1124 4364 et
1157 4311 1276 4377 alii,
1325 4315 1418 4382 qui
1477 4314 1544 4368 ad
1575 4331 1679 4371 nos
1731 4316 1969 4386 profecti

393 4411 572 4469 sunt,
631 4401 796 4457 dubio
869 4401 1107 4458 fortasse
1172 4417 1461 4460 successu.
1528 4406 1752 4465 Paeones
1819 4411 1963 4464 enim

391 4503 457 4546 .ct
524 4493 764 4563 Gepidas
811 4503 866 4549 et
898 4493 1130 4564 Scythas
1175 4504 1230 4548 et
1281 4502 1360 4549 tot
1421 4496 1560 4553 alios
1648 4514 1970 4570 nuncupare

395 4586 622 4651 longum
680 4594 786 4649 est,
827 4601 988 4655 quos,
1047 4594 1107 4640 ut
1156 4589 1473 4644 summatim
1497 4592 1699 4660 dicam,
1732 4602 1966 4663 stupor,

402 4686 583 4726 metus
641 4682 698 4728 et
736 4675 923 4728 auxilii
1010 4675 1326 4732 sollicitatio
1384 4679 1452 4735 ad
1517 4695 1618 4736 nos
1689 4683 1964 4752 perduxit.

397 4761 611 4830 διηνοι-
655 4763 728 4818 ob
787 4778 1034 4820 rumores
1071 4766 1466 4837 promulgatas,
1508 4778 1687 4825 metus
1748 4785 1820 4826 ne
1862 4769 1972 4826 lm-

400 4856 674 4928 peratoris
700 4855 942 4909 amicitia
971 4857 1171 4927 privati
1225 4859 1368 4914 mala
1437 4869 1794 4932 paterentur;
1859 4875 1972 4921 ter-

404 4951 506 5014 tio,
532 4956 623 5015 ne,
655 4962 782 5019 rege
804 4961 916 5003 non
945 4949 1251 5007 auxiliante
1270 4987 1288 5019 ,
1317 4951 1460 5010 male
1487 4955 1556 5010 ab
1582 4956 1828 5016 inimicis
1865 4959 1969 5015 Ita-

3324 3615 3432 3669 ὑπὸ
3491 3624 3650 3676 στέμ.

2151 3641 2256 3648 η--
2310 3641 2456 3650 --η-..-
2491 3641 2531 3650 η
2556 3641 2646 3668 ru-
2679 3641 2929 3670 εγω-νυν
2954 3641 3127 3676 ηςιευ
3155 3641 3278 3676 ww.
3324 3641 3432 3669 uno
3491 3641 3650 3692 στεμ.

2083 3704 2271 3758 μασιν,
2306 3689 2426 3753 ἐξὸν
2459 3690 2734 3763 θεωρῆσαι
2766 3701 3071 3766 κορυφαίας
3097 3701 3274 3772 ἀρχὰς
3319 3707 3650 3781 ἐσταλμένας

2081 3781 2244 3874 μέχρι
2271 3782 2365 3874 καὶ
2393 3782 2472 3874 είς
2495 3785 2666 3864 ἡμᾶς,
2689 3785 2787 3849 τὰς
2811 3787 2912 3858 μὲν
2944 3791 3084 3844 κατά
3105 3810 3157 3845 τι
3178 3795 3338 3865 ἔργον
3365 3799 3571 3874 ἕτερον,
3593 3799 3650 3858 οῦ

2081 3871 2220 3941 μετά
2247 3871 2348 3942 τὴν
2395 3871 2684 3946 βασιλικὴν
2724 3877 2854 3932 θέαν
2898 3881 3127 3947 γένοιντ’
3175 3886 3263 3954 ἂν,
3305 3871 3650 3967 πορισάμενοι

2078 3962 2354 4056 συμϐολὴν
2382 3965 2592 4036 ἱκανὴν,
2643 3970 2741 4032 τὰς
2789 3970 2848 4025 δὲ
2901 3973 2996 4026 καὶ
3041 3975 3201 4044 μόνον
3260 3962 3520 4056 ἐντυχεῖν-
3560 3993 3647 4045 καὶ

2073 4053 2208 4147 πρὸς
2248 4053 2456 4125 θάμϐος
2482 4059 2801 4127 ιθεάσασθαι
2837 4080 2852 4130 ;
2903 4066 3008 4119 Τοῦ
3045 4072 3286 4126 τοιούτου
3345 4053 3588 4147 ὁρμαθοῦ
3621 4086 3648 4136 ὁ

2073 4343 2168 4426 νος
2191 4330 2220 4382 ὁ
2250 4330 2445 4400 μέγας,
2483 4335 2626 4388 καὶὸ
2653 4337 2754 4406 τῆς
2792 4339 3141 4416 Γερμανικῖκ
3189 4349 3410 4422 ἀπάσης
3455 4355 3646 4426 ὑπερι-

2075 4421 2338 4492 στάμενος
2382 4426 2506 4495 γῆς,
2553 4429 2604 4481 oi
2650 4430 2749 4497 τὴν
2798 4435 2880 4497 εἰς
2945 4438 3095 4507 ἡμᾶς
3155 4421 3645 4511 θαυμαστώσαντες

2072 4513 2290 4608 ἐ-κείνην
2335 4517 2492 4572 ὁδόν
2528 4520 2671 4574 ὀκνῶ
2708 4524 2816 4594 γὰρ
2871 4529 3045 4581 εἰπεῖν
3100 4533 3394 4602 εὐμέθοδον
3439 4538 3640 4608 ἔφοδον.

2071 4605 2176 4659 Τὸν
2199 4607 2305 4698 γάρ
2334 4609 2536 4664 Παίονα
2567 4615 2772 4668 καὶτὸν
2802 4617 3050 4686 Γήπαιδα
3075 4626 3169 4676 καὶ
3193 4626 3284 4678 τὸν
3315 4605 3534 4698 Σκύθην
3558 4634 3645 4683 καὶ

2073 4697 2304 4790 συχνοὺς
2343 4703 2642 4790 ,τοιούτους
2684 4709 2881 4776 εἰπεῖν,
2927 4712 3121 4782 μυρίος
3168 4714 3293 4780 ὅσος
3348 4697 3645 4790 κατάλογος

2076 4784 2284 4880 ἕτερος,
2307 4788 2401 4854 οὓς
2429 4793 2515 4860 (τδ
2538 4796 2647 4848 πᾶν
2664 4797 2722 4850 ἐν
2755 4797 2946 4870 βραχεῖ
2989 4805 3281 4878 συντελεῖν)
3314 4809 3523 4880 θάμϐος

2079 4875 2357 4973 φόϐος-καὶ
2384 4881 2614 4973 ζήτησις
2643 4887 2960 4961 ἐπικουρίας
3000 4875 3286 4967 συνέλεγον
3339 4875 3424 4964 είς
3478 4875 3643 4973 ημᾶς.

2077 4967 2187 5062 Καὶ
2212 4969 2268 5062 *ἢ
2323 4972 2500 5026 πάντα
2527 4976 2716 5044 ταῦτα,
2749 4977 2855 5032 εἴτε
2887 4983 2979 5036 καὶ
3009 4987 3212 5042 τούτων
3241 4993 3385 5046 τινά.
3408 4967 3642 5062 Θάμϐσς,

2076 5055 2262 5128 ἐφόῒς
2304 5066 2665 5136 μανθάνοντες
2708 5072 2804 5125 καὶ
2860 5074 3304 5149 ἐκπεπληγμένοι
3357 5055 3643 5158 συνέρρεον

393 5137 481 5199 εἰς
509 5137 606 5253 τῂν
629 5139 848 5253 ἀκονήνᾷ
1102 5139 1312 5253 μήποτε
1337 5139 1599 5253 ⁹συμϐαίη
1632 5144 1844 5253 άλλως,
1896 5150 2365 5224 ἁναπεπτωκότας
2419 5164 2614 5228 αὐτοὺς
2643 5165 2748 5231 ἔξω
2795 5169 2906 5222 τῶν
2955 5137 3246 5240 pestilitas
3320 5137 3643 5253 σπλάξέ-ιξρν

398 5235 587 5287 πεσεῖν
614 5249 632 5268 ο
693 5236 754 5288 τὸ
796 5233 854 5288 δὲ
890 5235 1076 5292 λοιπὸν
1115 5239 1210 5291 καὶ
1260 5239 1463 5309 τρίτον,
1508 5239 1562 5294 εί
1591 5240 1644 5294 τί
1686 5259 1788 5296 που
1848 5249 2019 5303 κακὸν
2050 5253 2280 5318 ἐκείνοις
2323 5257 2598 5331 ἐπήρτητο
2655 5263 2837 5329 ποθεν,
2887 5233 2960 5330 ὡς

3009 5270 3083 5340 μὴ
3128 5271 3356 5340 εὐπετὲς
3394 5277 3453 5329 ὃν
3528 5296 3643 5332 σκο-

392 5329 625 5400 αρκίσαι
701 5333 765 5385 τὸ
819 5333 990 5388 κακὸν
1069 5335 1292 5407 ἑτέρως,
1363 5335 1440 5406 μὴ
1537 5340 2152 5418 συνεπιλαμϐανομένης
2174 5350 2354 5419 δεξιάς
2378 5329 2580 5426 ταύτης
2614 5357 2920 5432 βασιλικῆς.

463 5489 563 5549 22.
605 5494 802 5555 Mirum
833 5497 1018 5569 itaque
1051 5515 1158 5556 non
1190 5512 1331 5569 erat,
1365 5502 1416 5560 si
1440 5501 1538 5560 isti
1567 5519 1708 5562 nova
1734 5505 1913 5565 edocti
1945 5547 1960 5574 ,

2144 5513 2250 5585 κβθ.
2279 5511 2387 5574 Ἦν
2419 5518 2475 5573 δὲ
2498 5520 2598 5576 οὐκ
2619 5521 2796 5579 ἐκεῖνο
2825 5525 3126 5597 θαυμάζειν
3149 5535 3432 5600 ουτως,“·εί
3484 5536 3636 5594 καινὰ
