3962 6242
293 327 397 393 989

1071 329 1470 392 MANUELIS
1501 327 1848 392 COMNENI
1885 329 2276 394 LAUDA‘I‘IO
2316 332 2731 395 FUNEBRIS.

3429 335 3536 400 990

295 440 560 512 μαθόντες
581 441 634 496 οι
660 441 917 507 τοιοῦτοι,
941 445 1035 497 καὶ
1059 440 1146 498 οἶα
1176 442 1482 512 ἐπάγεσθαι
1532 443 1659 506 τοὺς
1715 441 1858 498 ἀκού

1976 458 2097 511 qua:
2121 444 2464 499 audientium
2499 462 2660 500 aures
2691 461 2911 500 movere
2949 453 3193 515 possent,
3230 461 3260 501 e
3284 445 3422 503 locis
3451 465 3538 504 re-

291 550 470 598 οντας,
511 534 740 588 κατόπιν
769 535 866 605 τῆς
901 536 1072 607 ἀκοῆς
1103 535 1161 603 ἐξ
1192 535 1334 589 οὕτω
1374 535 1727 607 πορρωτάτου
1789 533 1866 586 εῖ-

289 642 478 680 ποντο.
501 625 576 678 Ἥ
606 643 664 679 τε
688 627 796 696 γὰρ
829 627 986 699 φήμη
1034 627 1242 689 ἁνὲτοις
1294 628 1514 697 πτεροῖς
1565 626 1863 691 διίπταται,

291 719 387 772 καὶ
418 718 452 788 ἡ
481 717 781 788 παραδοξία
805 719 913 770 τῶν
946 717 1338 789 φημιζομένων
1370 717 1722 786 ἐπιστρέφειν
1755 711 1863 768 οἶδε

288 809 416 870 τοὺς
443 807 907 878 φιλακροάμονας.
945 811 1010 865 Ὃ
1040 809 1094 864 δὲ
1119 812 1218 880 τὴν
1246 809 1338 862 τοῦ
1369 807 1656 880 μεγαλείου
1689 806 1862 876 αὔξην

287 897 585 970 ικορύφου,
606 898 764 953 τοῦτο
791 895 881 972 ἦν.
924 901 1014 964 Ὦς
1046 900 1366 967 ἐληλυθότες
1399 901 1618 964 ἐκεῖνοι,
1669 897 1762 952 καὶ
1779 892 1862 960 οἷς

274 989 495 1060 ἔμαθον
538 990 1027 1061 περιτετυχηκότες
1053 991 1370 1044 ἐκϐαίνουσι
1403 990 1540 1060 πρὸς
1581 988 1862 1058 ἀλήθειαν,

287 1081 537 1151 ἀπῄεσαν
593 1083 907 1151 διαπρύσιοι
974 1083 1254 1154 κήρυκες,
1304 1079 1711 1151 ἁναὸοώμενοι,
1783 1079 1866 1134 ὃτι

288 1173 559 1242 Καθάπερ
588 1173 924 1244 ἠκούσαμεν,
951 1172 1093 1227 οὓτω
1115 1175 1209 1229 καὶ
1229 1173 1442 1242 εἴδομεν
1466 1185 1483 1204 ο
1535 1173 1631 1226 καὶ
1657 1171 1719 1224 ού
1761 1171 1862 1242 μό-

285 1281 396 1330 νον,
417 1264 555 1318 ἀλλὰ
589 1265 684 1318 καὶ
708 1267 970 1335 γέμοντες
1008 1264 1282 1336 θαύματος
1315 1265 1408 1318 ἐπὶ
1460 1263 1692 1335 μακρὸν,
1762 1264 1856 1316 καὶ

287 1357 355 1426 τῇ
383 1356 1103 1428 φαντασιώδειὰναπολήσει
1137 1356 1199 1410 τὸ
1251 1355 1554 1424 ικπλῆττον
1603 1353 1854 1424 παράμο-

1968 536 2134 589 motis
2166 543 2548 590 accurrerunt.
2576 534 2741 592 Laxis
2774 537 2918 591 enim
2952 537 3052 592 alis
3095 537 3237 592 fama
3279 541 3442 605 volat,
3483 550 3540 597 et

1966 624 2163 679 raritas
2195 639 2382 679 eorum
2412 641 2533 694 qua:
2562 641 2779 679 rumore
2807 634 3139 697 sparguntur
3165 629 3534 686 studiosorum

1967 713 2180 768 animos
2211 715 2489 771 attrahere
2523 717 2685 772 solet.
2715 716 2870 782 Quod
2921 728 3104 773 autem
3134 719 3253 788 ejus
3285 721 3538 776 auctori-

1967 810 2132 857 tatem
2175 804 2326 857 auxit
2357 805 2457 859 hoc
2487 816 2590 861 est.
2629 803 2730 861 Ubi
2763 807 2838 861 illi
2876 805 3099 861 advena:
3128 810 3532 876 perscrutanda

1967 895 2262 964 aliquando
2315 895 2596 951 veritatem
2649 899 2828 968 adepti
2879 911 3045 962 sunt,
3099 915 3377 968 praecones
3429 899 3534 956 ﬁde

1967 985 2111 1056 pleni
2143 985 2518 1041 clamaveruut
2555 1003 2569 1040 :
2607 988 2752 1043 sicut
2783 990 3113 1055 audivimus,
3150 991 3222 1045 ita
3258 991 3532 1060 vidimus;

1966 1078 2059 1133 sed
2095 1086 2150 1132 et
2177 1077 2461 1134 miraculis
2502 1079 2693 1134 conﬁsi
2734 1090 3009 1150 stuporem
3045 1083 3096 1136 in
3133 1084 3314 1139 animo
3347 1099 3536 1154 perpe-

1929 1209 1932 1213 η
1968 1179 2121 1225 tuum
2152 1178 2507 1238 conservant,
2541 1173 2840 1242 praesertim
2885 1176 3107 1242 quando
3139 1174 3531 1242 Imperatorem

1964 1263 2216 1317 laudibus
2249 1261 2502 1318 eli‘errent
2534 1263 2626 1333 qui
2663 1279 2769 1319 non
2807 1264 3136 1322 intrinsecus
3170 1267 3343 1322 solum
3376 1306 3392 1334 ,
3426 1266 3524 1322 sed

1960 1353 2303 1406 extrinsecus
2337 1368 2557 1422 quoque
2591 1354 2944 1424 splendescit.

284 1467 373 1506 νον
395 1449 668 1519 φέροντες,
704 1451 796 1504 καὶ
841 1450 1061 1520 μᾶλλον,
1091 1447 1181 1502 ὅτε
1226 1448 1319 1500 τὸν
1351 1447 1471 1501 ὅλον
1518 1445 1742 1516 βασιλέα
1794 1445 1853 1496 ὲν
1913 1443 2161 1514 καρδίαις
2195 1443 2512 1509 ἀνεϐίϐαζον
2543 1444 2990 1516 διαλογιζόμενοι,
3025 1447 3102 1512 ,ὃς
3127 1450 3188 1503 ού
3231 1452 3342 1516 τοῖς
3382 1452 3533 1515 ἐντὸς

289 1542 472 1613 μόνον,
495 1542 591 1595 καὶ⁵
619 1542 718 1594 ὅσα
770 1543 978 1612 καίρια,
1027 1542 1122 1593 καὶ
1175 1537 1272 1593 τοῦ
1323 1537 1496 1601 οὕτως
1549 1536 1860 1608 ἀνθρώπου,
1891 1534 2026 1589 ἀλλὰ
2057 1533 2149 1588 καὶ
2185 1537 2293 1598 τοῖς
2333 1536 2777 1606 ὲπιφαινομὲνοις
2805 1539 3145 1610 προέλαμπε.

354 1706 462 1766 κγ’.
493 1698 772 1768 Μεγέθυυς
805 1699 902 1770 μὲν
928 1700 1034 1772 γὰρ
1073 1700 1268 1771 ἐπέϐη,
1296 1701 1435 1772 ὅπερ
1457 1702 1510 1755 εί
1534 1718 1616 1765 τις
1644 1701 1855 1771 ὑπεραο

2031 1699 2126 1754 25.
2157 1697 2286 1753 Eam
2319 1699 2464 1753 enim
2501 1699 2934 1770 magnitudinem
2964 1701 3164 1772 attigit,
3201 1711 3258 1758 ut
3290 1705 3383 1774 qui
3414 1719 3532 1759 eam

283 1789 504 1860 ναΰαὶη,
529 1792 935 1860 ἐγγραφήσεται
957 1792 1032 1855 ὡς
1060 1793 1138 1856 είς
1168 1793 1403 1861 γίγαντα
1429 1809 1444 1824 ·
1498 1793 1596 1846 καὶ
1625 1794 1658 1863 η
1693 1791 1856 1862 φύσις

1968 1791 2378 1846 transcenderet
2426 1793 2579 1862 gigas
2618 1792 2936 1848 haberetur.
2972 1792 3107 1847 Eum
3154 1795 3300 1848 enim
3335 1806 3533 1851 natura

283 1881 461 1944 ἀλλ-ως
484 1883 705 1952 αύτὺνῆ
737 1885 876 1938 κατὰ
928 1885 1056 1949 τοὺς
1098 1885 1319 1949 λοιποὺς
1363 1885 1717 1956 ἐστερέωσεν,
1777 1887 1856 1948 είς

279 1971 546 2027 ὀστέωσιν
568 1973 738 2044 ἁδρὰν
766 1976 862 2030 καλ⁸
890 1975 964 2038 ὡς
985 1977 1161 2030 alr:sz
1199 1975 1461 2047 λεοντώδη
1498 1977 1856 2030 ἁπευθύνασα

281 2064 484 2135 ἑαυτήν
513 2081 528 2096 ο
558 2064 632 2129 ώς
668 2062 831 2131 εῖναι,
851 2068 963 2130 τοῖς
993 2067 1362 2139 ἀκρωτηρίοις
1394 2068 1859 2140 ἑπεντρανίσαντά

280 2171 407 2211 τινα
456 2157 660 2210 τοιαῦτ’
711 2155 850 2212 εἶναι
900 2158 1117 2230 ἀληθῶς
1163 2159 1568 2232 ἀποφήνασθαι,
1615 2163 1683 2214 τὰ
1716 2161 1858 2214 κατὰ

283 2247 552 2314 φυσικοὺς
590 2246 872 2318 γνώμονας
916 2249 1014 2318 τὴν
1059 2249 1322 2320 ἀνδρικὴν
1379 2251 1857 2321 χαρακτηρίζοντα

285 2337 680 2410 ῥωμαλεότητα
709 2356 722 2370 ·
751 2333 834 2403 οἷς
857 2341 1097 2411 ἀνάλογα
1119 2343 1213 2396 καὶ
1241 2343 1311 2395 τὰ
1331 2343 1439 2397 τῶν
1495 2343 1854 2400 διαστάσεων.

295 2425 577 2481 Ἐντεῦθεν
627 2427 746 2481 οὐδὲ
789 2429 1012 2500 σαρκῶν
1054 2430 1218 2485 αὐτὸν
1263 2431 1495 2502 ἐϐάρυνε
1549 2433 1857 2502 περιουσία,

282 2518 692 2591 ὲπκχθιζομένη
715 2521 852 2591 πρὸς
883 2523 1251 2594 περιττότητα
1299 2523 1377 2592 τῷ
1421 2540 1480 2578 τε
1528 2525 1613 2578 ἀεὶ
1653 2541 1861 2596 γυμνα-

285 2610 475 2680 σηκῷ,
493 2612 870 2683 ἀπερχομένου
905 2611 998 2668 τοῦ
1029 2613 1437 2680 πλεονάζοντος,
1473 2616 1566 2668 καὶ
1594 2615 1678 2668 ὅτι
1726 2618 1858 2688 περὶ

281 2703 376 2756 τὸν
413 2703 490 2766 ὡς
523 2703 738 2774 ἀληθῶς
755 2705 1044 2776 ἄνθρωπον
1069 2706 1336 2778 ἡσχόλητο
1365 2707 1437 2760 τὰ
1465 2708 1564 2778 τῆς
1617 2707 1860 2778 φύσεως.

285 2793 398 2847 Καὶ
431 2793 492 2848 τὸ
525 2794 623 2865 μὲν
650 2795 916 2868 πελώριον
937 2797 1261 2868 ᾠκειώσατο
1290 2798 1378 2852 ἐπ’
1407 2799 1556 2870 αύτῷ
1581 2817 1595 2832 ο
1632 2802 1860 2856 ἀπώσα-

283 2902 345 2939 οτ
378 2885 436 2940 δὲ
459 2888 521 2940 sb
558 2887 832 2956 βουγάῖον.
867 2889 1080 2945 Οὐκοῦν
1123 2891 1432 2956 ἀκολούθως
1459 2892 1581 2946 οὐδὲ
1627 2893 1727 2964 τὴν
1768 2894 1862 2948 κός

282 2994 394 3046 μην
423 2979 560 3047 πρὸς
596 2979 982 3050 τρυφερότητα
1019 2982 1262 3052 ησκητοο
1304 2981 1420 3036 ἀλλ’
1480 2983 1563 3045 είς
1620 2983 1862 3054 κεφαλὴν

283 3070 490 3137 κόσμου
524 3071 777 3140 τημελῶν
805 3071 1018 3135 ἑαυτὸν,
1047 3073 1144 3126 καὶ
1175 3073 1460 3142 τυγχάνων
1481 3072 1577 3126 τοῦ
1636 3073 1858 3142 ἐφετοῦ,

1965 1885 2129 1938 aliter
2171 1899 2332 1953 quam
2369 1894 2598 1939 caeteros
2631 1884 2908 1952 formavit,
2942 1900 3068 1939 ossa
3101 1885 3433 1942 validissima
3471 1905 3538 1944 ac

1958 1973 2074 2029 fore
2109 1975 2326 2030 leonina
2361 1976 2640 2039 tribuens,
2671 1976 3039 2031 membrorum
3068 1977 3233 2032 etiam
3265 1979 3530 2036 extremi-

1967 2075 2127 2132 tates,
2148 2075 2208 2121 ut
2235 2067 2313 2122 rei
2341 2068 2584 2138 physica:
2608 2077 2863 2138 expertes
2880 2067 3154 2137 judicent,
3184 2071 3353 2125 robur
3377 2071 3535 2126 virile

1958 2149 2241 2220 indicant;
2296 2159 2393 2213 sed
2433 2159 2766 2225 interpositae
2809 2174 3030 2230 quoque
3061 2161 3306 2230 corporis
3351 2169 3534 2230 partes

1957 2237 2101 2302 idem
2137 2246 2488 2303 conlirmaut.
2538 2247 2655 2303 lluc
2687 2250 2898 2303 accedit
2926 2251 3071 2319 quod
3106 2264 3308 2320 corpus
3345 2252 3534 2307 obesi-

1959 2348 2069 2393 tate
2097 2355 2204 2394 non
2243 2349 2504 2410 gravatur
2527 2341 2648 2410 ejus
2681 2341 2774 2410 qui
2807 2341 3107 2411 saepissime
3144 2345 3284 2398 vires
3310 2353 3533 2398 exercet

1962 2443 2021 2488 ut
2047 2434 2329 2489 crassitles
2353 2435 2422 2488 ab
2449 2435 2670 2489 homine
2693 2434 3372 2498 iutellectualisuperetur.
3394 2437 3530 2491 Mul-

1963 2535 2032 2581 tae
2069 2525 2290 2596 quidem
2326 2527 2379 2580 in
2413 2527 2532 2596 ipso
2558 2542 2646 2582 res
2674 2527 2862 2593 mirae,
2894 2534 3224 2596 portentosae
3267 2542 3373 2582 non
3417 2526 3536 2582 fue-

1960 2625 2112 2670 runt.
2151 2616 2372 2672 Comam
2411 2619 2576 2672 etiam
2610 2633 2718 2672 non
2769 2618 3049 2686 eleganter
3089 2617 3401 2682 circinavit,
3435 2618 3533 2673 sed

1961 2709 2200 2780 simplici
2226 2710 2424 2780 capitis
2471 2715 2798 2763 ornamento
2827 2715 3142 2772 contentus,
3169 2700 3396 2778 capillos
3426 2708 3532 2764 ho-

1963 2811 2302 2860 nestamento
2333 2799 2524 2870 majori
2553 2815 2660 2853 non
2697 2799 2894 2870 dignos
2920 2799 3175 2852 habebat.
3207 2799 3344 2854 Cum
3379 2801 3526 2855 enim

1965 2889 2236 2960 sapientia
2279 2888 2464 2942 divina
2493 2896 2702 2941 natura:
2751 2887 2920 2940 indita
2954 2887 3228 2941 creaturis
3272 2889 3537 2958 insignio-

1962 2982 2120 3036 ribus
2153 2980 2476 3035 nobiliorem
2509 2979 2790 3032 materiam
2843 2975 3162 3044 impertivit,
3197 2979 3377 3046 capilli
3407 2995 3533 3048 par-

1963 3086 2086 3128 vam
2132 3069 2323 3126 habuit
2370 3084 2560 3126 curam
2588 3105 2606 3130 .
2654 3083 2776 3139 quae
2814 3081 2916 3122 nec
2961 3068 3174 3123 leonem
3211 3069 3532 3124 animalium

281 3157 589 3225 εύθετιζειν
615 3163 814 3234 τρίχας
846 3164 1150 3233 ἐμέμφετο.
1185 3163 1329 3232 Ἤδη
1352 3165 1409 3216 δὲ
1443 3164 1537 3218 καὶ
1583 3163 1618 3230 ἡ
1672 3162 1858 3216 θεόθεν

1968 3178 2147 3234 regem
2207 3161 2456 3230 horrida,
2520 3160 2640 3261 plus
2692 3173 2856 3230 quam
2923 3172 3022 3228 par
3056 3167 3184 3228 est,
3227 3159 3357 3231 juba
3435 3165 3535 3218 do-

283 3251 449 3320 σοφία
487 3254 582 3324 τῆς
610 3255 828 3324 φύσεως
861 3255 923 3309 τὸ
967 3253 1202 3309 ἐνταῦθα
1229 3254 1362 3309 πολὺ
1384 3255 1483 3322 τῆς
1533 3254 1678 3320 ὕλης,
1725 3270 1860 3324 προ-

281 3345 614 3402 σδαπανῶσα
665 3348 777 3408 τοῖς
835 3345 1164 3417 κρείττοσιν,
1216 3345 1316 3400 οὐκ
1385 3345 1546 3417 ἤθελε
1598 3348 1664 3417 τῇ
1711 3346 1862 3420 κόμῃ

278 3439 501 3509 χοῖνεργ
550 3440 612 3492 τὸ
646 3437 974 3508 ὑπέρπλεον,
1030 3439 1064 3507 ἡ
1114 3438 1247 3509 μηδὲ
1293 3437 1386 3493 τὸν
1429 3436 1856 3508 βασιλικώτατον

278 3532 475 3586 λέοντα
507 3532 790 3588 πυκνοῦσα
815 3532 1018 3603 τριχῶν
1055 3531 1354 3603 λασιότητι.

360 3697 464 3752 κδ’.
500 3695 582 3766 Τῇ
614 3694 670 3748 δὲ
689 3691 922 3764 τοιαύτῃ
954 3691 1244 3762 σεμνότητι
1269 3689 1365 3745 καὶ⁵
1416 3689 1479 3744 τὸ
1534 3689 1633 3760 τῆς
1672 3689 1862 3760 χροιᾶς

286 3789 456 3846 καλὸν
479 3786 786 3856 συνδιῆκεν.
836 3786 912 3839 Οὐ
941 3784 1051 3854 γὰρ
1091 3779 1446 3853 θηλυπρεπὴς
1505 3780 1768 3851 λευκότης
1803 3779 1863 3832 τὸ

285 3886 580 3957 πρόσωπον
610 3881 870 3953 ἔγραφεν,
899 3878 1015 3932 ἀλλ’
1046 3876 1262 3946 εὐφυῶς
1280 3874 1590 3946 μιγνυμένη
1639 3872 1776 3944 πρὸς
1802 3871 1864 3924 τὸ

282 3974 855 4048 ἁνδρῶδεςὲκέκρατο,
873 3969 966 4024 καὶ
987 3969 1067 4043 (τὸ
1083 3970 1177 4041 τῆς
1195 3965 1429 4030 παλαιᾶς
1444 3966 1706 4038 ἱστορίας)
1725 3965 1864 4018 κατὰ

283 4067 598 4139 γυμνασίαν
629 4066 724 4117 καὶ
753 4063 973 4121 λοιποὺς
999 4061 1217 4125 πόνους,
1260 4059 1430 4128 ήλίοις
1475 4059 1568 4112 καὶ
1605 4057 1860 4129 μάλιστα.

282 4163 359 4216 οὐ
389 4160 499 4232 γὰρ
532 4156 896 4227 σκιατραφίαν
923 4151 1398 4223 ἐπραγματεύετο,
1427 4150 1549 4204 ἐπεὶ
1584 4147 1718 4218 μηδὲ
1747 4148 1862 4216 βίον

287 4249 572 4323 μαλθακὸν
602 4249 698 4303 καὶ
726 4245 896 4316 ἀργόν
925 4260 939 4276 ο
979 4243 1252 4314 αίθερίαις
1286 4242 1432 4314 [nam
1463 4241 1706 4308 αἰθρίαις
1727 4237 1774 4309 ἳ]
1805 4237 1861 4291 δὲ

282 4341 690 4416 παρεϐάλλετο,
745 4341 838 4409 ἀφ’
893 4333 970 4392 ὧν
1020 4338 1160 4406 πρὸς
1209 4337 1433 4406 ἀνδρίας
1481 4335 1862 4404 ἑζωγραφεῖτο

1965 3255 2139 3312 navit.

2039 3682 2131 3738 24.
2187 3681 2338 3738 Hanc
2384 3686 2722 3733 venustatem
2782 3672 2984 3728 coloris
3038 3668 3384 3742 pulchritudo
3437 3683 3506 3725 au

1969 3784 2234 3844 gmeutat.
2266 3770 2382 3827 Non
2417 3770 2562 3824 enim
2593 3766 2808 3834 albedo,
2840 3767 3022 3834 qualis
3053 3763 3308 3817 fortunam
3333 3761 3494 3816 decet
3517 3799 3532 3825 ,
3642 3779 3644 3781 ν

1971 3867 2093 3936 ejus
2125 3865 2321 3919 faciem
2354 3860 2568 3917 colorat
2596 3899 2610 3924 ,
2644 3858 2736 3912 sed
2771 3855 3035 3910 virilitate
3068 3859 3417 3921 temperatam
3450 3852 3535 3919 (ut

1972 3961 2116 4032 apud
2150 3958 2427 4028 antiquos)
2460 3953 2871 4017 certaminibus,
2903 3951 3132 4018 aliisque
3156 3947 3298 4001 ludis
3321 3946 3534 4017 gymni-

1970 4054 2073 4114 cis,
2131 4052 2372 4114 tuaxinte
2427 4046 2560 4102 solis
2606 4043 2788 4098 ardori
2841 4041 3082 4110 exponit.
3139 4037 3258 4093 Non
3298 4038 3441 4092 enim
3477 4037 3534 4090 in

1971 4143 2166 4198 umbra
2204 4142 2468 4196 educatus
2497 4145 2579 4192 est
2606 4172 2622 4198 ,
2649 4143 2704 4188 et
2731 4133 2837 4186 vita
2865 4131 2986 4194 eius
3033 4135 3242 4184 tantum
3297 4127 3449 4181 abest
3473 4136 3536 4183 ut

1973 4233 2344 4303 voluptatibus
2421 4227 2715 4296 pravisque
2769 4220 3162 4292 cupiditatibus
3217 4227 3534 4274 consecrata

1971 4333 2140 4385 esset,
2193 4329 2254 4374 ut
2302 4317 2573 4372 laboriosa
2623 4327 2839 4382 semper
2903 4325 3028 4366 cum
3067 4309 3301 4378 negotiis
3345 4307 3533 4374 fuerit,

282 4400 504 4506 χροιὰν,
533 4431 656 4502 δψιν
676 4400 1190 4499 ⁷ιιιιεφιλοτιμημένος
1225 4425 1286 4478 οὐ
1313 4400 1460 4478 κατὰ
1509 4400 1646 4486 τοὺς.
1672 4400 1858 4491 γυναι-

1968 4413 2062 4469 sed
2118 4411 2221 4466 sub
2265 4410 2379 4464 sole
2407 4407 2587 4462 vultus
2633 4419 2743 4459 non
2782 4403 3019 4472 speciem
3075 4400 3395 4456 femininum
3458 4401 3538 4456 le-

283 4526 411 4590 κίας
447 4527 546 4578 καὶ
580 4523 914 4592 μαλθακοὺς,
945 4518 1064 4574 ἀλλ’
1099 4515 1262 4570 ὁποία
1297 4513 1532 4584 κοσμοίη
1590 4513 1659 4568 ἂν
1693 4515 1860 4583 ἡρωϊ-

284 4621 393 4691 κὴν
455 4620 855 4690 στρυφνότητα.
883 4616 960 4669 Οὐ
995 4613 1106 4686 γὰρ
1159 4611 1297 4682 πρὸς
1349 4609 1675 4680 ἑτοιμότητα
1703 4609 1860 4677 διηυ-

285 4712 502 4764 θέτιστο
551 4708 788 4779 γέλωτος
812 4747 830 4774 ,
887 4707 1008 4760 οὐδὲ
1047 4703 1175 4776 ιμήν
1233 4701 1406 4766 ἄλλως
1459 4702 1521 4754 τὸ
1570 4699 1861 4762 λεοντῶδες

282 4802 584 4873 ἡκρίϐωτο.
636 4799 967 4871 Κεκραμένη
1023 4797 1132 4868 γὰρ
1160 4795 1225 4868 δὴ
1264 4795 1479 4866 χάρισιν
1525 4792 1861 4864 ἑρρύθμιστο

284 4898 358 4969 τῇ
381 4895 476 4950 τοῦ
510 4895 740 4956 κάλλους
770 4893 1049 4963 μεσότητι.

365 5069 469 5118 κε’.
501 5060 618 5116 Καὶ
673 5059 877 5130 δεῆσαν
927 5059 1030 5128 μὲν
1079 5056 1271 5112 ἑαυτὸν
1327 5056 1690 5128 καταστῆσαι,
1742 5055 1867 5109 ὅποι

290 5152 496 5224 χρεὼν,
517 5151 614 5205 καὶ
631 5148 921 5216 ἀνθολογία
941 5147 1170 5212 κάλλους
1197 5146 1422 5215 ποικίλη
1449 5147 1610 5201 αὐτὸν
1631 5145 1859 5217 ἠγαλλε.

291 5247 629 5314 Σεμνότερος
665 5241 766 5310 μὲν
798 5239 909 5308 γὰρ
962 5239 1342 5310 προέλαμπεν,
1397 5236 1669 5308 ὀφθαλμοὶ
1692 5237 1750 5290 δὲ
1763 5235 1865 5306 ςτῷ

290 5337 522 5410 χαροπῷ
561 5333 857 5406 ίλαρότητά
889 5349 949 5385 τε
975 5330 1314 5402 προῦφαινον
1350 5333 1446 5384 καὶ
1482 5328 1739 5401 ’Δρεῖκην
1765 5331 1862 5397 ιμ-

289 5429 542 5501 6ρίθειαν
563 5442 579 5458 ⁸
611 5426 692 5497 τῷ
718 5421 998 5495 προσώπῳ
1027 5422 1086 5475 δὲ
1116 5421 1306 5491 βαθεῖα
1332 5421 1540 5491 γαλήνη
1575 5419 1860 5489 ὲνεχόρευε

293 5523 425 5592 (καὶ
455 5518 526 5594 ἦν
567 5515 853 5573 κάνταῦθα
888 5513 952 5567 τὺ
1007 5512 1346 5584 σύμμετρον)
1380 5514 1474 5567 καὶ
1502 5514 1538 5582 ἡ
1571 5511 1852 5581 σύστοιχος

291 5615 540 5685 εῠχροια,
595 5610 694 5665 καὶ
726 5605 968 5675 λειμῶνα
1022 5603 1380 5672 συνεκρότουν
1431 5603 1765 5667 ἀξιοθέατον,
1797 5601 1859 5666 ἐξ

293 5706 356 5765 οὗ
382 5703 690 5780 δρέπεσθαι
721 5699 916 5774 ἡδονὴν
943 5699 1076 5768 ὅσην
1111 5695 1241 5767 ἐξῆν
1266 5697 1378 5758 τοίς
1418 5695 1791 5765 φιλοθεάμοσι.

1967 4503 2158 4564 rebat.
2210 4501 2324 4559 imo
2364 4500 2485 4554 viro
2553 4505 2780 4552 strenuo
2828 4494 3070 4565 dignam,
3119 4494 3249 4562 quia
3314 4505 3415 4546 nec
3463 4491 3533 4546 ad

1965 4598 2139 4652 risum
2159 4633 2176 4658 ,
2219 4594 2324 4650 ned
2357 4591 2422 4646 ad
2453 4589 2789 4644 alacritatem
2821 4601 3028 4658 pronus
3061 4595 3212 4652 erat,
3241 4583 3435 4656 gratiis
3475 4593 3536 4642 et

1968 4697 2253 4746 venustate
2286 4692 2661 4756 temperatam.

2040 5053 2134 5109 25.
2167 5051 2269 5109 Ubi
2292 5065 2414 5106 cum
2442 5049 2640 5105 decore
2671 5046 2725 5102 in
2753 5043 3029 5118 publicum
3060 5038 3280 5112 prodire
3315 5043 3536 5105 oporte-

1969 5147 2082 5212 hat,
2141 5143 2451 5201 venustatis
2517 5142 2616 5196 nos
2648 5152 2772 5195 eum
2833 5135 3134 5193 exornabat
3184 5141 3311 5183 cum
3353 5124 3539 5179 vultus

1970 5235 2238 5306 gravitate
2287 5242 2342 5288 et
2373 5234 2792 5286 honestamento
2821 5223 3148 5306 conspicuus
3185 5220 3358 5306 σεσειὶ
3383 5219 3540 5267 totus

1968 5301 2283 5396 eﬂulgebat,
2331 5325 2474 5379 oculi
2523 5322 2726 5376 hilares
2750 5317 3068 5387 gravitatem
3089 5305 3258 5396 Marte
3305 5301 3534 5396 dignane

1968 5391 2326 5482 emittebant;
2380 5417 2436 5470 in
2463 5415 2614 5468 vultu
2671 5408 2943 5464 serenitas
2999 5395 3316 5454 felicissima
3385 5391 3536 5462 prati

1969 5511 2170 5567 ammni
2227 5509 2502 5580 planitiem
2542 5497 2989 5570 repraeentabat,
3041 5487 3184 5544 unde
3208 5486 3402 5538 harum
3448 5495 3549 5536 ro-

1973 5620 2091 5659 rum
2137 5609 2384 5655 amantes
2415 5594 2741 5661 voluptatem
2773 5587 3058 5654 decerpere
3087 5581 3355 5650 poterant.
