3962 6242
416 281 518 344 991

1089 272 1510 336 EUSTATHII
1553 270 1975 333 THESSALOD

2090 272 2313 334 ENSlS
2362 275 2408 333 Μ
2420 271 2912 333 ΕΤΒΟΡΟΠΤΑΞ

3551 275 3656 339 9‘32

486 397 575 449 26.
610 393 756 450 Talis
786 401 904 447 crat
935 392 1268 461 imperator,
1299 392 1519 462 quando
1551 391 1693 443 intus
1725 387 1789 443 ab
1824 387 1975 441 undis

2158 385 2272 452 κς’.
2307 387 2414 440 Καὶ
2443 389 2684 450 τοιοῦτος
2725 387 2823 458 μὲν
2853 389 2880 440 ὁ
2903 385 3177 456 βασιλεὺς,
3198 387 3286 441 ὅτε
3316 389 3528 452 ἀθέτως
3549 387 3660 460 εἶχε

414 485 643 540 fervidis
675 484 1006 555 agitabatur,
1040 485 1185 537 sicut
1217 497 1368 536 mare
1395 481 1539 551 quod
1566 480 1796 536 Creator
1823 479 1980 533 nobis

414 577 778 646 implantavit.
808 576 1038 640 Quando
1068 585 1271 638 autent,
1305 588 1364 628 ut
1394 574 1716 642 plerumque
1744 573 1825 634 tit,
1853 587 1979 624 acu-

415 670 616 723 leatum
647 667 777 737 quid
812 667 1088 736 surgebat,
1120 676 1173 720 et
1203 667 1439 721 animam
1467 664 1670 718 muniri
1721 673 1775 717 et
1798 663 1978 716 vindi-

416 761 526 812 cari
562 758 844 828 oportebat
873 774 1149 814 armorum
1183 758 1406 823 auxilio,
1435 766 1549 810 tttm
1575 757 1789 809 animus
1823 754 1978 809 ebul-

413 853 557 906 lieus
598 853 775 922 ignem
828 853 922 905 im
958 852 1239 922 spirabat;
1287 853 1584 919 imperator
1630 857 1810 902 autent
1863 861 1984 901 sese

414 945 701 998 continens
730 954 780 998 et
816 945 1122 1014 reprimens
1153 944 1287 998 iram
1316 943 1526 1011 (severo
1559 941 1706 994 enim
1740 939 1850 993 tale
1878 939 1983 992 int-

413 1035 620 1102 perium
669 1035 1008 1089 committere
1054 1033 1136 1089 las
1166 1033 1303 1102 erat)
1333 1032 1446 1103 jam
1486 1047 1593 1087 nou
1632 1030 1774 1085 idem
1810 1033 1978 1085 homo

412 1135 550 1189 erat,
579 1125 676 1181 sed
702 1127 938 1182 indolem
967 1127 1190 1182 insitam
1228 1125 1536 1189 delineans,
1574 1122 1858 1193 prudentia
1890 1121 1984 1176 do-

411 1220 602 1274 ctorali
637 1221 910 1274 lenitatem
938 1219 1192 1288 deposuit
1215 1218 1278 1270 ad
1304 1216 1438 1270 nihil
1470 1223 1581 1269 tum
1614 1214 1799 1268 utilem
1824 1212 1986 1267 disci-

413 1313 580 1381 pulis,
607 1323 661 1364 et
691 1311 1013 1365 austeritate
1047 1325 1106 1365 se
1138 1309 1397 1373 accinxit,
1437 1323 1600 1376 quam
1629 1307 1733 1377 ipsi
1766 1307 1981 1376 ignavia

413 1419 512 1457 sua
552 1411 936 1471 provocarunt,
971 1403 1209 1456 cantet-ia
1233 1441 1247 1464 ,
1286 1415 1395 1455 non
1422 1401 1605 1455 dulcia
1637 1399 1874 1454 remedia
1907 1396 1987 1452 al-

415 1494 700 1548 fectanles.

2089 479 2227 550 πρός
2297 496 2349 532 τι
2400 478 2740 548 παρακινοῦν
2799 482 2892 531 καὶ
2926 477 3026 548 τὴν
3079 479 3230 542 έντδς
3288 481 3663 551 ὑποκυμαῖνωι

2089 569 2388 632 θάλασσαν,
2413 571 2478 639 ἦν
2507 571 2562 622 ἐν
2591 571 2723 639 ἡμῖν
2751 571 2780 623 6
2814 569 3025 634 πλάσας
3055 571 3225 626 ἔθετο.
3255 573 3386 625 Ὅτε
3408 572 3487 638 δὲ,
3506 575 3663 627 ὁποῖα

2090 662 2278 726 πολλὰ,
2317 662 2620 730 θυμοδακὲς
2654 677 2707 713 τι
2737 663 3119 732 παραφανθείη
3159 663 3444 732 ἀνακύψαν
3474 665 3660 727 ποθὲν,

2090 753 2184 806 καὶ
2213 753 2382 822 ἐχρῆν
2411 755 2476 821 τῇ
2500 753 2643 822 ψυχῇ
2671 753 2762 805 τὸν
2801 754 2968 822 αὐτῆς
2996 754 3295 823 δορυφόρον
3317 759 3662 826 παραστῆναι

2092 845 2183 897 καὶ
2222 843 2559 914 ἀμύνασθαι,
2599 843 2904 913 τηνικαῦτα
2940 846 3107 914 θυμὸ;
3146 846 3246 915 μὲν
3275 847 3513 912 ἐξέζεεν,
3546 850 3663 901 οὐδὲ

2089 935 2377 1006 καχλάζων
2416 936 2695 1005 άπὴφριζε
2727 939 2868 990 κατὰ
2897 937 3024 1001 τοὺς
3056 940 3135 999 είς
3161 940 3330 1008 ὀργὴν
3359 940 3616 1010 πυρίνους
3647 960 3659 972 ο

2092 1028 2414 1100 βιαζόμενος
2442 1027 2498 1080 δὲ
2529 1031 2556 1081 6
2591 1028 2951 1100 αὐτοκράτωρ
2991 1030 3203 1094 ἑαυτὸν,
3231 1031 3326 1084 καὶ
3358 1031 3662 1102 διαζωγρ-

2092 1121 2206 1189 φῶν
2229 1121 2305 1183 είς
2328 1119 2669 1189 θυμούμενον
2703 1117 2791 1192 (ἦν
2819 1123 2926 1192 γὰρ
2962 1123 3181 1190 ἀνάγκη
3204 1125 3376 1188 πᾶσα,
3408 1126 3488 1178 ὅτι
3526 1127 3656 1194 μηδέ

2093 1213 2173 1273 είς
2201 1213 2545 1280 παιγνήμονα
2573 1211 2755 1264 θετέον
2778 1213 2876 1281 τὴν
2907 1212 3049 1266 οὕτω
3078 1217 3415 1285 σεμνοτάτην
3439 1217 3656 1286 ἀρχὴν),

2091 1303 2270 1356 οὐκέτ’
2299 1302 2438 1374 ἀνὴρ
2468 1303 2542 1356 ὅδ’
2578 1303 2742 1367 αὐτὸς
2776 1298 2865 1374 ἦν,
2903 1305 3039 1358 ἀλλὰ
3075 1307 3414 1376 παρατυπῶν
3452 1309 3514 1360 τὺ
3567 1309 3658 1377 ἑμ-

2093 1411 2261 1463 φυτον
2292 1393 2662 1465 ζωγράφημα,
2692 1395 2938 1458 ὲξένευεν
2976 1398 3054 1459 είς
3084 1398 3183 1450 ὅσα
3217 1401 3311 1450 καὶ
3333 1398 3655 1460 διδάσκαλος

2094 1489 2342 1557 ἔμφρων,
2383 1488 2473 1539 τὸν
2515 1488 2614 1557 μὲν
2673 1490 2848 1558 πρᾶον
2899 1488 3312 1559 άποτιθέμενος,
3360 1485 3422 1544 οὗ
3464 1493 3656 1562 μηκέτι

412 1591 604 1659 καιρὸς
657 1593 771 1654 τοῖς
826 1589 1280 1656 διδασκομένοις,
1335 1588 1426 1642 τὸν
1467 1587 1525 1640 δὲ
1577 1583 1999 1657 ἐπιστρεπτικδν
2070 1580 2650 1653 μεταμφιεννύμενος,
2714 1581 2773 1636 ὃν
2839 1581 2994 1636 αὐτοὶ
3053 1584 3197 1637 κατὰ
3254 1584 3356 1654 τῆς
3414 1583 3652 1655 ἀμαθίας

415 1685 882 1755 προεκαλέσαντο,
917 1685 1220 1756 καυτῆρας,
1265 1685 1366 1739 οὐκ
1396 1685 1533 1755 ﬁmo.
1577 1683 1848 1754 φάρμακα
1893 1680 2160 1742 θέλοντες.

505 1892 596 1947 27.
631 1893 792 1948 Aliud
842 1893 916 1948 ibi
958 1895 1143 1949 videre
1174 1900 1294 1949 erat
1337 1892 1760 1963 pulchritudinis
1799 1891 1975 1960 speci-

2151 1893 2255 1954 x;’.
2285 1889 2394 1944 Καὶ
2421 1884 2490 1961 ἦν
2521 1887 2760 1943 ἐνταῦθα
2785 1889 3004 1960 βλέπειν
3020 1890 3150 1946 ἄλλο
3177 1893 3394 1962 κρᾶμα,
3425 1893 3652 1957 κάλλους

411 2001 554 2041 nten.
591 1984 848 2040 Hilaritas
889 1991 1035 2040 enim
1085 1997 1140 2041 et
1179 1988 1260 2043 sic
1305 2003 1413 2041 non
1451 1987 1708 2042 lusciosis
1731 1985 1976 2052 effulsit;

410 2077 576 2130 animi
623 2093 754 2131 vero
804 2078 1016 2134 indoles
1067 2079 1250 2133 vultus
1285 2079 1613 2133 lineamenta
1662 2078 1975 2142 coloravit,

411 2170 555 2224 sicut
605 2171 757 2226 intus
802 2170 982 2240 fulgor
1019 2171 1300 2236 recondit,
1343 2181 1398 2224 at
1439 2187 1545 2224 non
1583 2170 1804 2240 penitus
1856 2184 1982 2222 oeu-

411 2262 596 2316 lorum
633 2262 852 2316 obtutui
889 2263 1153 2318 detrahit.
1184 2262 1286 2329 Qui
1329 2272 1509 2317 autem
1546 2279 1728 2318 coram
1763 2274 1983 2330 Spet'lzt-

413 2354 542 2408 culo
571 2355 664 2408 illo
694 2357 842 2427 regio
876 2357 1110 2422 steterit,
1137 2357 1240 2411 sibi
1283 2357 1482 2413 timens
1528 2357 1670 2427 quod
1705 2372 1792 2411 res
1825 2357 1985 2410 aliter

413 2445 526 2499 licri
559 2461 665 2500 non
697 2455 909 2515 poterat
943 2446 1072 2517 (nisi
1116 2449 1516 2518 imperterritus
1555 2449 1755 2518 aliquis
1777 2449 1840 2501 ad
1870 2451 1977 2503 leo-

411 2550 535 2589 nem
573 2536 774 2591 clausis
819 2539 1125 2604 superciliis
1169 2541 1540 2609 quiescentem
1579 2541 1873 2610 accessit),
1928 2549 1983 2595 et

411 2626 652 2680 obscuro
679 2627 800 2680 visu
835 2635 1044 2682 tantum
1077 2632 1314 2698 speciem
1347 2640 1630 2684 externam
1659 2631 1843 2696 videt,
1873 2647 1980 2686 non

410 2724 588 2768 autem
627 2715 681 2768 in
707 2715 951 2770 intimam
987 2719 1160 2772 lucem
1196 2727 1440 2788 penetrat
1475 2721 1654 2791 (mens
1679 2720 1984 2790 stupefacta

421 2805 578 2857 timet
601 2806 938 2874 perscrutari
970 2807 1112 2875 quod
1159 2821 1300 2876 saepe
1333 2819 1569 2862 mentem
1603 2809 1762 2878 fugit,
1821 2816 1877 2863 et
1926 2808 1982 2862 in

410 2894 697 2962 stuperlicie
721 2895 913 2964 judicii
968 2897 1169 2965 manet)
1209 2900 1343 2953 ntori
1394 2898 1577 2954 mallet
1607 2914 1769 2970 quam
1798 2913 1980 2969 regem

409 2987 514 3040 sibi
549 2987 749 3041 iratum
780 2990 1000 3054 habere,
1029 2991 1172 3046 sicut
1201 3007 1378 3062 neque
1438 2992 1628 3060 Deum,
1680 2992 1837 3063 cujus
1900 2994 1983 3048 ira

414 3078 743 3134 mortalibus
771 3081 952 3148 gravis
985 3092 1108 3148 est,
1146 3083 1271 3138 licet
1331 3099 1529 3154 magno
1567 3099 1695 3156 erga
1732 3085 1983 3145 homines

2085 1982 2177 2035 καὶ
2207 1981 2362 2035 αὐτό.
2399 1981 2472 2034 Τὸ
2509 1979 2610 2051 μὲν
2659 1981 2771 2052 γὰρ
2830 1981 3017 2051 ἱλαρὸν
3069 1983 3164 2038 καὶ
3217 1982 3361 2037 οὕτω
3405 1988 3522 2047 τοῖς
3557 1986 3652 2038 οὐκ

2085 2072 2508 2142 άμῦλυωποῦσιν
2538 2073 2838 2143 ἐξέλαμπε,
2867 2075 2929 2127 τὸ
2958 2075 3015 2128 δὲ
3043 2075 3389 2144 θυμούμενον
3433 2077 3535 2144 τῆς
3557 2078 3652 2145 ψυ-

2084 2165 2186 2235 χῆς
2220 2165 2429 2234 ἔχρωζε
2460 2166 2554 2219 καὶ
2591 2165 2768 2226 ἄλλως
2795 2164 2856 2218 τὸ
2891 2167 3354 2236 προφαινόμενον,
3389 2167 3532 2221 καθά
3559 2185 3652 2220 που

2086 2257 2322 2327 κρύπτει
2359 2258 2461 2327 μὲν
2497 2257 2648 2320 ἐντὸς
2688 2257 2748 2310 τὸ
2795 2258 3102 2325 φωταυγὲς,
3161 2259 3422 2326 ἀφανίζει
3451 2259 3509 2310 δὲ
3559 2262 3654 2312 οὐκ

2084 2348 2338 2402 είσάπαν.
2375 2349 2483 2402 Καὶ
2504 2352 2531 2401 ὁ
2563 2348 2641 2419 τῷ
2671 2349 2936 2419 βασιλικῷ
2978 2351 3290 2420 περιτυχὼν
3310 2351 3506 2420 ἐκείνῳ
3528 2369 3655 2420 πρε-

2087 2440 2348 2511 σχήματι,
2383 2439 2604 2510 φρίξας,
2651 2441 2733 2493 ὅτι
2776 2441 2914 2510 μηδέ
2964 2437 3034 2509 ἦν
3084 2443 3258 2506 άλλως
3298 2443 3554 2510 γενέσθαι
3585 2445 3654 2511 (εἰ

2089 2530 2164 2600 μὴ
2192 2531 2286 2582 καὶ
2319 2530 2509 2583 λέοντά
2534 2548 2619 2594 τις
2648 2531 2830 2602 ἠρέμα
2863 2531 2924 2584 τὸ
2965 2531 3280 2586 ἐπισκύνιον
3314 2534 3652 2605 συνδήσαντα

2085 2621 2332 2692 παρῆλθέ
2372 2641 2474 2676 πον
2507 2625 2816 2696 ἄτρεστος),
2871 2625 3054 2680 καὶτὸ
3105 2626 3332 2678 ἁπτικὺν
3372 2627 3651 2695 συγχεθεὶς

2086 2711 2314 2776 ἐκεῖνος,
2343 2711 2418 2775 ὼς
2471 2713 2632 2783 μόνον
2684 2715 2926 2785 προορᾷν
2959 2714 3022 2767 τὸ
3055 2713 3347 2784 ἐπιπολῆς,
3385 2715 3461 2785 μὴ
3489 2714 3656 2784 ἐμϐα-

2086 2804 2270 2861 θύνειν
2300 2807 2358 2862 δὲ
2393 2807 2490 2860 καὶ
2523 2811 2601 2870 είς
2631 2807 2731 2879 τὴν
2766 2809 2914 2862 ἔνδον
2963 2809 3164 2879 φαῦσιν
3196 2809 3392 2878 (δεινὸν
3429 2810 3542 2880 γὰρ
3571 2809 3653 2862 λο-

2088 2896 2289 2966 γισμὸς
2349 2897 2668 2966 ὑποπτήξας
2723 2899 2797 2968 μὴ
2843 2896 3189 2965 ἐξακριϐοῦν,
3223 2900 3360 2953 ἀλλὰ
3399 2900 3496 2952 τοῦ
3527 2915 3655 2968 προ-

2087 2986 2414 3057 φαινομένου
2439 2987 2735 3057 γίνεσθαι),
2765 2989 2949 3043 θανεῖν
2973 2988 3190 3054 εὔξαιτο
3218 2989 3308 3056 ἂν,
3332 2991 3437 3059 ﬁne
3447 3009 3481 3060 9
3504 2991 3652 3060 βασι-

2082 3078 2182 3133 λέα
2214 3079 2396 3134 ἐνθεον
2424 3080 2574 3150 αὐτῷ
2617 3081 3034 3147 ἐπισκύςεσθαι,
3071 3082 3212 3136 καθά
3243 3084 3382 3152 μηδὲ
3412 3083 3566 3144 Θεὸν,
3592 3078 3650 3136 οὗ

410 3181 601 3224 amore
661 3171 963 3241 mitigetur.
1019 3173 1308 3244 Nunquam
1349 3190 1510 3231 antea
1569 3186 1752 3233 tantus
1801 3188 1975 3235 metus

2084 3173 2180 3225 καὶ
2205 3171 2372 3224 αὐτοῦ
2401 3172 2430 3223 ὁ
2456 3171 2628 3240 θυμὸς
2658 3172 2829 3244 βαρὺς
2855 3176 2966 3236 τοῖς
2995 3175 3122 3244 περὶ
3158 3174 3282 3244 γῆν,
3309 3179 3358 3228 εί
3391 3179 3486 3230 καὶ
3511 3179 3652 3248 ἄκρᾳ

414 3258 692 3312 hominem
744 3259 1040 3328 invaserat,
1082 3272 1136 3318 et
1170 3263 1485 3322 humanitas
1523 3267 1870 3337 imperatoris
1899 3270 1975 3324 in-

2086 3262 2472 3335 φιλανθρωπία
2531 3265 2932 3334 συγκέκραται.
3004 3265 3169 3320 Οὔπω
3241 3267 3486 3322 τοιοῦτον
3537 3269 3652 3332 δέος

413 3349 768 3404 tervenientis
797 3350 1069 3408 labentem
1107 3357 1283 3410 erexit
1321 3365 1375 3412 ct
1419 3357 1789 3412 amaritudine
1823 3359 1980 3414 edul-

411 3448 660 3494 curatum
696 3452 970 3510 sanasset,
1005 3445 1051 3500 si
1082 3447 1348 3503 sanabilis
1374 3447 1592 3504 fuisset.
1629 3449 1688 3504 In
1716 3451 1801 3506 his
1827 3453 1975 3506 enim

2084 3463 2265 3517 τρεχε,
2314 3447 2412 3500 καὶ
2465 3446 2811 3517 ἀνελάμϐανε
2886 3449 3317 3516 καταπέττοντα,
3369 3450 3464 3503 καὶ
3519 3451 3652 3520 μηδὲ

411 3531 576 3585 rebus
614 3532 856 3604 ineptum
897 3546 1043 3592 esset
1087 3552 1285 3594 sensus
1331 3541 1498 3594 animi
1539 3541 1766 3597 intimos
1799 3545 1975 3612 repri~

2084 3537 2482 3608 παραψάμενον
2515 3539 2832 3609 πικρασμοῦ
2889 3538 3206 3608 ἐγλύκαξεν,
3231 3541 3280 3594 εί
3311 3539 3388 3612 μὴ
3427 3540 3539 3612 ἄρα
3571 3543 3651 3600 εις

411 3630 582 3684 more,
641 3631 697 3675 et
748 3625 1086 3680 contrarium
1179 3628 1596 3698 amplectentem
1662 3631 1975 3686 humaniter

2084 3629 2142 3683 τὸ
2176 3630 2354 3699 πάντη
2384 3630 2602 3694 πάντως
2643 3630 2900 3698 ὲξήνεκτο
2940 3633 3332 3706 ἀθεράπευτον.
3354 3633 3444 3688 Ἐν
3505 3635 3647 3688 τοιού

2085 3354 2292 3409 ἔπαθεν
2321 3357 2350 3409 6
2391 3357 2700 3420 συσταλεὶς,
2728 3357 2824 3410 καὶ
2854 3357 2915 3410 τὸ
2947 3357 3227 3428 βασιλικὸν
3279 3357 3465 3431 ἱλαρὸν
3492 3361 3654 3430 προέ-
3742 3368 3748 3373 “

409 3712 712 3772 secundare
739 3723 901 3782 atque
929 3717 1000 3768 ita
1037 3729 1090 3771 et
1119 3733 1177 3774 se
1221 3728 1274 3775 et
1325 3721 1527 3776 multos
1564 3722 1699 3778 alios
1757 3726 1809 3778 in
1852 3739 1974 3795 per-

409 3800 603 3856 niciem
633 3805 1022 3874 praecipitasse.

485 4139 578 4193 28.
613 4141 876 4211 Equidem
916 4143 1076 4198 talem
1109 4147 1348 4200 animum
1380 4148 1562 4212 laudo,
1595 4150 1865 4222 siquidem
1890 4153 1972 4208 lex

411 4233 699 4298 normalis,
747 4250 911 4304 quam
945 4239 992 4290 si
1041 4239 1398 4307 Imperatores
1430 4253 1753 4299 exercerent
1785 4246 1974 4300 lauda-

402 4333 595 4378 rentur
623 4325 883 4395 quidem,
951 4327 1228 4386 abolentes
1281 4342 1460 4386 autem
1507 4341 1678 4388 totum
1746 4336 1969 4391 modum

402 4423 614 4470 tantum
662 4433 775 4473 non
824 4418 1228 4476 subverterent.
1257 4420 1431 4479 Homo
1462 4432 1644 4480 autem
1686 4435 1873 4482 noster
1907 4443 1971 4485 ea

403 4501 589 4556 indole
617 4513 672 4558 et
720 4506 907 4561 habitu
941 4509 1189 4576 corporis
1234 4520 1374 4578 erat,
1403 4514 1626 4581 quando
1654 4517 1706 4570 in
1732 4519 1971 4575 civitatis

405 4590 883 4652 administratione
922 4601 1149 4670 agitatio
1179 4603 1424 4672 quaedam
1457 4608 1599 4675 apud
1622 4622 1748 4662 eum
1780 4609 1970 4664 eluce-

401 4681 536 4742 bat;
567 4681 765 4739 bellum
815 4689 960 4742 enim
1010 4691 1063 4745 ei
1092 4691 1254 4746 alium
1291 4694 1458 4748 animi
1522 4695 1774 4753 aﬂ'ectum
1807 4713 1964 4754 crea-

401 4771 525 4838 bat,
565 4775 724 4844 cuius
755 4789 904 4846 gesta
946 4781 1000 4834 in
1029 4783 1330 4841 Annalibus
1361 4801 1391 4841 a
1417 4791 1758 4860 gravissimis
1783 4799 1968 4848 aucto-

401 4863 556 4918 ribus
587 4863 852 4923 confectts
873 4873 1176 4942 perscripta
1203 4883 1353 4932 sunt.

466 5030 560 5088 29.
595 5031 885 5105 Eleganter
905 5042 1262 5098 conversandi
1286 5053 1500 5116 tempus
1517 5058 1620 5104 est.
1636 5048 1805 5106 Nemo
1823 5066 1967 5108 entm

395 5140 494 5194 per
526 5135 696 5182 totam
729 5131 894 5186 vitam
931 5133 1094 5202 plane
1125 5136 1278 5192 rudis
1309 5146 1416 5203 est,
1465 5143 1570 5196 etsi
1603 5144 1738 5198 alter
1769 5144 1964 5200 Timon

392 5225 577 5281 esset;
613 5223 853 5278 amicitia
887 5233 1070 5281 autem
1102 5227 1469 5284 urbanitatem
1511 5247 1792 5305 nunquam
1833 5234 1964 5304 reji-

392 5309 491 5373 cit,
524 5319 582 5363 ut
629 5314 1095 5397 nec_gubernatio
1127 5319 1324 5375 civilis.
1358 5319 1481 5376 Fuit
1519 5326 1666 5379 enim
1697 5328 1962 5380 saeculum

393 5415 504 5469 quo
541 5404 841 5474 imperator
887 5410 1179 5467 nteilitluus
1208 5413 1389 5469 obviis
1419 5415 1844 5485 quibuscuuque
1875 5435 1963 5475 es-

395 5500 498 5544 set.
533 5493 955 5564 Itaque'mannn
987 5503 1206 5559 caelitus
1231 5506 1388 5574 pluit,
1411 5509 1538 5576 quia
1571 5523 1600 5562 a
1635 5510 1961 5567 celsitudine

396 5581 541 5648 regia
577 5599 686 5652 non
727 5589 808 5644 sic
838 5591 1105 5648 cadebant
1141 5597 1273 5665 regii
1322 5613 1630 5666 sermones,
1671 5602 1870 5670 quibus
1905 5615 1959 5659 ct

2076 3739 2190 3784 τοις
2219 3722 2328 3792 γάρ
2365 3724 2570 3793 ἠλίθιος
2601 3723 2668 3778 ἂν
2713 3725 2798 3794 εἴη
2839 3724 3286 3794 dicat-amyciva
3307 3728 3368 3779 τὸ
3399 3726 3647 3796 θυμικὸν,

2079 3816 2175 3867 καὶ
2204 3815 2281 3884 τῷ
2303 3815 2644 3886 ἀντιστρόφῳ
2673 3815 2856 3885 χώραν
2882 3815 3054 3879 διδοὺς
3078 3817 3493 3888 ἐκτραχηλίζειν
3515 3819 3649 3872 κατὰ

2081 3905 2355 3974 κρημνοῦ,
2411 3906 2508 3960 καὶ
2566 3909 3009 3977 συγκαταφέρειν
3059 3912 3125 3980 τῇ
3161 3911 3395 3980 μιμήσει
3424 3910 3650 3974 πολλοὺς

2077 3997 2156 4046 είς
2185 3993 2423 4064 ὀλεθρον.

2151 4155 2260 4227 κη’.
2298 4157 2540 4212 Ἐπαινῶ
2575 4161 2664 4213 τὸν
2699 4159 2942 4215 τοιοῦτον
2973 4161 3146 4232 θυμὸν
3179 4162 3312 4231 ἐγὼ,
3346 4167 3470 4218 ἐπεὶ
3507 4167 3597 4220 καὶ
3621 4167 3649 4218 6

2078 4248 2384 4322 διορθωτὴς
2422 4250 2606 4319 νόμος,
2637 4250 2696 4304 δν
2748 4252 2799 4305 oi
2831 4252 3293 4324 αὐτοκρατοῦντες
3323 4258 3650 4326 μετριάσαν-

2078 4357 2172 4405 τες
2205 4341 2307 4412 μὲν
2336 4343 2642 4396 ἐπαινοῖντο
2680 4343 2768 4408 ἂν,
2797 4344 3196 4415 άπαλείψαντες
3217 4345 3275 4398 δὲ
3299 4347 3401 4402 οὐκ
3428 4348 3496 4401 ἂν
3519 4351 3652 4416 φθά-

2079 4447 2222 4484 νοιεν
2254 4431 2354 4503 τὴν
2383 4432 2477 4485 τοῦ
2506 4433 2707 4497 παντὸς
2736 4435 2892 4501 τάξιν
2935 4435 3287 4505 συγχέαντες.
3317 4438 3430 4492 Καὶ
3451 4433 3522 4507 ἦν
3554 4438 3650 4506 μὲν

2075 4524 2103 4576 6
2130 4523 2528 4594 ἐπαινούμενος
2555 4524 2699 4578 οὕτω
2717 4528 3065 4598 χαρακτῆρος
3092 4528 3230 4599 ἔχων
3259 4529 3351 4581 καὶ
3368 4530 3647 4600 καταστή-

2075 4630 2246 4683 ματος
2296 4616 2392 4668 τοῦ
2445 4616 2569 4670 κατ’
2620 4617 2769 4687 δψιν,
2802 4619 2892 4672 ὅτε
2943 4617 3149 4689 θυμικὴ
3192 4619 3530 4693 παραδράμῃ
3568 4637 3648 4682 τις

2072 4707 2394 4777 περιπέτεια
2418 4710 2486 4764 τά
2507 4725 2568 4778 γε
2588 4709 2668 4773 είς
2683 4709 2745 4763 τὸ
2765 4709 3166 4765 πολιτεύεσθαι.
3197 4712 3257 4765 '0
3281 4711 3519 4781 πόλεμος
3543 4712 3646 4781 γὰρ

2069 4797 2218 4869 αὐτῷ
2247 4799 2491 4872 έτεροίαν
2523 4799 2636 4873 ε’ίχε
2667 4803 3034 4878 θυμομαχίαν,
3069 4808 3136 4878 ἦν
3191 4807 3250 4861 αι
3279 4807 3511 4878 πράξεις
3541 4809 3650 4862 δια-

2065 4888 2470 4962 ζωγραφοὼιν,
2523 4893 2588 4959 ἃς
2622 4895 2679 4948 αί
2713 4895 2989 4967 βιϐλιακαὶ
3033 4897 3236 4969 πτύχες
3285 4898 3644 4969 ἁμφιέπουσι.

2147 5058 2250 5113 κδ’.
2284 5060 2492 5132 Καιρδς
2520 5061 2584 5131 δή
2609 5078 2694 5126 τις
2737 5063 2832 5118 καὶ
2863 5064 3236 5121 άστεῖσασθαι.
3277 5063 3353 5120 Οὒ
3382 5065 3494 5136 γάρ
3522 5065 3648 5119 δυσ-

2071 5150 2341 5219 τράπελος
2395 5152 2483 5205 διὰ
2536 5152 2654 5223 βίου
2699 5155 2898 5220 παντὸς
2941 5157 3000 5209 ὲν
3031 5156 3341 5228 ἀνθρώποις
3377 5159 3578 5222 οὐδεὶς,
3601 5159 3651 5209 εί

2069 5256 2134 5310 γε
2159 5243 2254 5295 καὶ
2272 5242 2458 5312 Τίμων
2479 5244 2806 5313 ἐφιλιάζετοο
2831 5248 2986 5316 φιλία
3013 5247 3070 5302 δὲ
3100 5250 3325 5320 οὐδεμία
3344 5251 3406 5304 τὸ
3433 5253 3644 5305 ἀστεῖον

2065 5333 2359 5400 ἀπείπατο,
2391 5335 2644 5406 καθάπερ
2675 5337 2796 5391 οὐδὲ
2821 5339 3009 5409 ὁμιλία
3036 5341 3069 5409 ή
3102 5341 3476 5412 πολιτευτική.
3511 5343 3643 5395 Και-

2067 5425 2160 5494 ρὸς
2187 5426 2249 5494 δή
2270 5442 2356 5488 τις
2383 5429 2479 5482 καὶ
2501 5429 2743 5492 τοιοῦτός
2771 5448 2921 5496 ποτε,
2949 5434 3043 5487 καὶ
3069 5436 3094 5485 ὁ
3123 5432 3378 5501 βασιλεὺς
3401 5435 3638 5502 άπέῥιᾷεε

2067 5515 2280 5585 μέλιτος
2309 5521 2420 5583 τοῖς
2451 5521 2857 5591 ἐντυγχάνουσι.
2887 5523 3139 5577 Μάλιστα
3171 5524 3270 5592 μὲν
3301 5525 3396 5576 οὖν
3425 5525 3501 5586 ὡς
3553 5525 3641 5575 ;π’

2067 5607 2295 5677 οὐρανοῦ
2357 5611 2534 5680 μάννα
2588 5613 2830 5684 ἐὸρεχεν,
2863 5616 2943 5669 ὅτι
2987 5615 3082 5668 τοῦ
3114 5617 3171 5670 ἐν
3221 5615 3346 5682 ὕψει
3382 5614 3642 5685 μετέθους
