4026 6248
284 312 390 377 993

1056 320 1455 385 MANUELIS
1490 326 1836 391 COMNENI
1895 300 2283 395 impuro
2326 335 2732 399 FUNEBRIS.

3404 340 3511 431 sui

282 428 393 483 οὐδ’
415 425 558 480 οὕτω
595 431 928 485 κατέπιπτον
957 433 1008 486 oi
1041 433 1310 502 βασιλικοὶ
1338 438 1505 506 λόγοι,
1538 457 1619 505 οις
1659 442 1756 496 καὶ
1784 445 1846 496 τὸ

1961 444 2106 502 iaciei
2139 461 2402 505 constans
2430 451 2701 506 serenitas
2733 450 2896 506 aliam
2918 450 3267 508 dulcedinem
3295 463 3518 524 gustan-

283 519 378 573 τοῦ
402 520 695 589 προσώπου
716 521 971 591 γαλήνιον
991 527 1457 599 ωνδιατιθέμενον
1476 532 1667 601 ἑτέρας
1689 532 1847 601 ἔγευε

281 609 638 679 γλυκύτητος.
669 612 866 668 Μάννα
902 613 981 679 δὲ,
1011 616 1093 669 ὅτι
1122 634 1229 689 περ
1264 619 1343 683 είς
1386 621 1754 690 πολυτροπίαν
1778 624 1848 678 τὰ

282 703 378 772 τῆς
403 700 661 771 γλυκείας
692 704 908 772 ὁμιλίας
955 706 1210 773 διέϐαινε,
1244 713 1337 767 καὶ
1386 711 1682 777 πολυειδῶς
1731 715 1849 768 ἀνε-

284 788 668 861 ϐρωματίζετο
686 796 783 862 τῆς
810 794 1005 864 ἡδονῆς
1034 796 1063 848 ὁ
1095 798 1294 852 πεινῶν
1313 800 1375 854 τὸ
1406 802 1714 870 φιλόκαλον.
1742 805 1851 859 Καὶ

281 883 310 933 ὁ
343 883 442 951 μὲν
479 882 653 949 ἄλλως
705 886 836 956 ἡδὺς
872 886 968 940 τοῦ
998 891 1437 960 προφαινομένου
1486 887 1577 964 ἦν,
1605 895 1684 958 είς
1718 894 1849 962 γλυ-

281 975 437 1027 κεῖαν
466 974 596 1027 αὐτὸ
634 976 857 1045 βάπτων
903 976 1108 1034 ἔννοιαν
1131 995 1146 1010 '
1178 983 1207 1035 ό
1251 982 1307 1034 δὲ
1335 983 1513 1052 λόγιος
1543 986 1638 1039 καὶ
1680 988 1760 1050 είς
1788 987 1852 1040 τὸ

281 1064 430 1118 ἔνδον
484 1065 944 1137 φιλοσοφούμενον
1006 1069 1348 1136 ὲνεϐάθυνεν,
1404 1074 1745 1145 ὲκμυελίζων
1787 1077 1851 1129 τὸ

282 1158 483 1227 νόημα.
515 1159 627 1213 Καὶ
653 1160 751 1230 μὲν
774 1160 885 1216 οὐδ’
920 1162 1178 1229 ἒξέπιπτέ
1199 1181 1254 1219 τι
1276 1168 1384 1221 τῶν
1417 1167 1626 1222 ἐκείνου
1657 1170 1848 1240 ἀργὸν,

281 1247 376 1299 καὶ
405 1246 481 1310 ὡς
511 1240 622 1301 οἷον
658 1248 740 1312 είς
785 1249 1018 1314 ὀστῶδες
1063 1268 1116 1305 τι
1158 1252 1529 1323 ἐκλογίζεσθαι
1551 1274 1567 1289 ο
1594 1257 1763 1328 ἧρτυε
1793 1258 1850 1314 δδ

279 1338 371 1393 τὸν
395 1339 554 1408 λόγον
580 1340 740 1395 ἀλατι
776 1342 875 1412 μὲν
909 1342 1084 1398 διόλου
1122 1345 1197 1415 τῷ
1252 1346 1341 1400 διὰ
1372 1348 1577 1413 παντὸς
1612 1349 1850 1421 νοστίμῳ

280 1429 378 1497 τῆς
438 1431 884 1501 μεταχειρίσεως,
906 1434 999 1487 καὶ
1025 1433 1272 1504 βαθείαις
1321 1436 1379 1491 δὲ
1409 1437 1689 1509 θεωρίαις,
1729 1442 1852 1505 ταῖς

283 1518 403 1588 μὲν,
425 1519 555 1582 ὅσας
584 1522 633 1575 oi
659 1521 946 1576 ἀπόστολοι
972 1525 1212 1596 μαθηταὶ
1241 1528 1336 1582 καὶ
1355 1529 1383 1581 ό
1405 1528 1729 1594 ἀποστείλας
1757 1530 1854 1602 μέ-

280 1626 466 1677 γιστος
482 1610 799 1676 διδάσκαλος
820 1613 1145 1682 ἀνέπτυξαν,
1166 1619 1284 1683 ταῖς
1306 1618 1387 1686 δὲ,
1410 1620 1624 1686 ὁποίαις
1643 1622 1694 1676 οἱ
1719 1621 1851 1689 ἔξω·-

280 1703 489 1769 τερικοὶ
521 1703 898 1774 σεμνύνονται.
1007 1700 1015 1706 ’

1952 539 2076 593 datu
2125 543 2368 609 praebet:
2407 558 2603 598 manna
2659 554 2862 610 autem,
2904 547 3048 614 quod
3081 549 3516 606 conversationis

1951 629 2175 685 delicias
2204 633 2590 703 multiplicavit
2624 635 2671 690 is
2704 634 2795 705 qui
2826 635 3292 704 pulchritudinem
3340 640 3518 694 esurit

1951 719 2271 777 multimoda
2300 724 2584 794 voluptate
2614 724 2917 782 fruebatur.
2946 726 3013 781 Et
3043 726 3132 782 hic
3163 729 3385 796 quidem
3416 728 3518 781 ali-

1952 816 2033 863 ter
2064 825 2225 881 quam
2255 825 2351 880 per
2374 816 2610 883 speciem
2639 815 2916 883 iucundus
2946 822 3088 878 erat,
3119 825 3359 871 mentem
3390 834 3519 871 sua-

1952 914 2074 957 vem
2114 901 2439 970 haptizns;
2470 904 2561 972 qui
2615 919 2746 959 vero
2797 907 3025 963 rationis
3074 908 3351 977 particeps
3398 918 3520 965 erat

1954 992 2010 1047 in
2041 992 2292 1048 intimam
2325 994 2646 1062 penetrabat
2674 996 3108 1067 philosophiam,
3140 999 3343 1068 ingenii
3397 1014 3513 1054 me-

1952 1084 2161 1139 dullam
2195 1083 2489 1140 hauriens:
2524 1092 2573 1140 et
2624 1085 2761 1140 nihil
2794 1101 2985 1142 eorum
3018 1103 3137 1157 qua:
3170 1102 3233 1144 ex
3259 1088 3354 1143 illo
3387 1099 3518 1144 sunt

1952 1174 2009 1229 in
2041 1189 2239 1229 vanum
2268 1175 2486 1237 cecidit,
2516 1182 2572 1229 et
2596 1175 2767 1244 quod,
2799 1185 2859 1230 ut
2888 1178 2966 1231 ita
2990 1179 3192 1242 dicam,
3223 1177 3278 1233 in
3301 1192 3519 1233 osseam

1952 1276 2206 1321 naturam
2248 1267 2402 1321 abiit.
2451 1265 2681 1321 Omnem
2717 1266 2865 1320 enim
2902 1281 3206 1322 sermonem
3240 1269 3353 1323 sale
3381 1281 3518 1323 con.

1955 1354 2142 1411 diebat
2169 1355 2398 1422 usitato,
2440 1364 2493 1410 et
2530 1354 2795 1426 profunda
2822 1355 3151 1423 indagando,
3183 1366 3243 1410 ut
3285 1356 3520 1426 apostoli

1951 1445 2202 1516 discipuli
2225 1454 2281 1501 et
2313 1460 2565 1501 summus
2595 1447 2856 1515 magister
2884 1445 2979 1516 qui
3011 1459 3108 1502 eos
3154 1445 3304 1502 misit
3348 1445 3521 1515 expiio

1952 1553 2140 1601 cuere,
2172 1536 2370 1594 deinde
2397 1552 2547 1595 more
2574 1537 2807 1608 vulgari.

348 1790 419 1846 λ’.
449 1791 570 1847 Ἵνα
624 1794 734 1868 γὰρ
765 1798 860 1850 καὶ
917 1797 1012 1850 νῦν
1042 1798 1117 1863 ὡς
1161 1801 1219 1853 ὲν
1272 1800 1529 1872 θριάμϐῳ
1556 1803 1731 1874 τούτῳ
1755 1805 1851 1858 καὶ

2023 1799 2112 1855 30.
2153 1796 2219 1855 Ut
2250 1798 2416 1869 igitur
2449 1813 2597 1854 nunc
2630 1799 2684 1853 in
2719 1798 2915 1854 illustri
2952 1798 3233 1869 triumpho
3254 1805 3522 1868 quantum

281 1881 468 1954 σεμνῷ
492 1882 588 1938 καὶ
625 1884 865 1957 λαμπρῷ
895 1888 955 1940 τὸ
990 1890 1046 1943 ἑν
1086 1890 1210 1958 ἐμοὶ
1232 1892 1326 1944 τοῦ
1360 1890 1636 1964 θαύματος
1673 1893 1854 1946 οἰκου-

282 1968 413 2038 ροῦν
432 1973 764 2042 προαγαγὼν
790 1976 1077 2047 θεατρίσω,
1096 1979 1197 2032 οὐκ
1215 1974 1283 2050 ἦν
1303 1979 1701 2053 ὑποκινηθῆναί
1720 1997 1853 2035 ποτε

280 2062 496 2128 λαλιάν,
525 2065 582 2117 ὲν
610 2059 753 2139 ᾗπερ
793 2068 822 2121 ό
849 2067 1206 2142 αὐτοκράτωρ
1230 2072 1332 2125 οὐκ
1357 2071 1598 2139 ἐξελάλει
1625 2088 1682 2127 τι
1730 2090 1854 2127 και-

281 2154 372 2218 νδν
405 2155 503 2224 μὲν
531 2159 611 2217 εἰς
639 2157 828 2229 ἀκοὴν,
863 2158 1209 2229 θεόπεμπτον
1248 2161 1306 2216 δὲ
1334 2163 1416 2225 είς
1455 2165 1662 2233 νόησιν.
1708 2164 1853 2232 Ἐγὼ

281 2246 489 2310 τοίνυν,
517 2247 657 2317 ἀνὴρ
686 2248 812 2302 οὔτε
840 2250 1164 2322 ἀμφιλαφὴς
1189 2250 1287 2322 τὴν
1311 2251 1536 2320 γνῶσιν,
1560 2254 1654 2306 καὶ
1676 2253 1751 2317 ὡς
1778 2254 1854 2307 εί-

282 2340 408 2391 πεϊν
437 2338 793 2411 πολυϐενθὴς,
825 2340 886 2394 ού
920 2340 1026 2412 μὴν
1051 2341 1111 2396 δὲ
1131 2341 1242 2396 οὐδ’
1267 2343 1496 2412 είσάγαν
1523 2344 1732 2417 ἀϐαθὴς
1758 2347 1854 2400 καὶ

282 2427 441 2497 ψιλὸς
477 2426 791 2498 μαθήσεως,
813 2430 913 2484 οὐκ
934 2430 1000 2486 ἂν
1027 2431 1334 2503 αὐχήσαιμι
1363 2432 1702 2507 παραϐαλεῖν
1724 2449 1853 2487 ποτε

284 2518 387 2589 τὴν
413 2519 584 2588 ἀκοὴν
605 2519 867 2590 ἀκροάσει
892 2520 1168 2593 βασιλικῇ,
1189 2517 1298 2598 ὶνῇ
1324 2525 1400 2596 μή
1456 2542 1509 2579 τι
1533 2525 1736 2591 ξενίζον
1758 2525 1856 2580 καὶ

286 2608 586 2678 ἀρτιφανὲς
609 2608 789 2679 ἔμοιγ’
816 2605 911 2664 οὖν
943 2612 1023 2675 είς
1077 2613 1518 2683 χρηπομάθειαν
1563 2615 1855 2685 είσῳκισά-

288 2715 403 2769 μην
431 2699 570 2753 κατά
589 2699 733 2754 νοῦν.
771 2700 1036 2764 ’Δττικοῖς
1068 2702 1292 2775 ἀνδράσι
1323 2704 1383 2758 τὸ
1403 2703 1645 2758 τοιοῦτον
1669 2703 1856 2772 φίλτα-

286 2804 404 2853 τον,
443 2781 525 2851 οἷς
555 2789 826 2860 ἐπίσημον
853 2791 913 2844 τὸ
946 2792 1283 2861 φιλόκαινον,
1312 2792 1506 2848 ταυτδν
1552 2793 1610 2847 δὲ
1664 2793 1852 2864 φάναι,

286 2875 605 2947 ἀνθρώποις
651 2878 1020 2950 διεξεσμένοι;
1064 2885 1145 2946 είς
1178 2882 1373 2947 κάλλος
1423 2882 1756 2952 λογιότητος,
1803 2880 1854 2935 οἳ

288 2967 412 3029 τοῖς
442 2967 697 3031 παλαιοῖς
729 2967 1188 3041 προσεπιζητοῢσι
1216 2972 1312 3025 καὶ
1337 2971 1406 3025 τά
1440 2970 1754 3041 καινότερα,
1775 2968 1857 3021 λι·-

287 3056 608 3127 χνευόμενοι
660 3058 761 3128 τὴν
807 3060 1094 3129 ἀκρόασιν.
1148 3060 1257 3114 Καὶ
1304 3054 1374 3132 ἦν
1421 3060 1602 3129 λέγειν
1639 3059 1853 3128 καίριον

286 3148 597 3218 τηνικαῦτα
621 3150 795 3203 ἐκεῖνο
823 3148 884 3203 τὸ
912 3150 1008 3212 τῆς
1039 3151 1330 3221 ποιήσεως,
1351 3149 1430 3215 ὡς
1465 3151 1574 3222 ἄρα
1619 3149 1751 3212 Θεὸς
1778 3148 1857 3219 τῷ
1881 3132 1926 3196 c

291 3236 510 3309 βασιλεῖ
534 3240 632 3313 τὴν
666 3243 881 3312 μορφὴν
911 3241 1067 3296 ἔπεσι
1101 3241 1312 3313 στέφει,
1362 3241 1650 3297 κάλλιπον
1697 3239 1859 3296 τοῦτο

290 3334 827 3403 προσεπισυνάπτων
856 3336 932 3404 τῷ
965 3334 1227 3407 βασιλικῷ
1264 3335 1556 3406 στέμματι.

360 3489 468 3544 λα’.
508 3489 615 3543 Καὶ
643 3488 784 3546 οὕτω
816 3490 915 3562 μὲν
939 3492 1102 3547 καλὸν
1127 3494 1186 3548 τὸ
1215 3494 1271 3548 ὲν
1295 3494 1533 3566 ὁμιλίαις
1559 3493 1762 3565 γλυκύο
1789 3494 1851 3547 τδ

290 3582 346 3636 δὲ
372 3584 473 3637 καὶ
492 3584 693 3653 ἑτέρως
713 3584 1045 3656 ἐχρημάτιζε
1065 3587 1303 3643 κάλλιον.
1318 3589 1391 3641 Τὸ
1406 3588 1516 3660 γὰρ
1531 3588 1628 3658 τῆς
1649 3586 1854 3649 ἑννοίας

290 3674 506 3745 δχημα,
528 3674 589 3728 τὸ
628 3674 726 3728 τοῦ
759 3677 1171 3748 προφερομένου
1205 3677 1487 3749 βασιλικοῦ
1517 3678 1675 3748 λόγου
1699 3679 1858 3748 τορὸν

294 3766 399 3818 καὶ
429 3765 816 3837 τρανέστατον,
873 3768 1001 3824 ἀλλο
1059 3770 1216 3824 τοῦτο
1277 3769 1610 3842 γλυκύτητος
1640 3769 1860 3842 ἄρτυμα

294 3857 592 3924 ἐπαγωγὸν
619 3861 730 3938 τοῖς
758 3860 1068 3926 ἀκούουσιν,
1093 3859 1175 3925 οἷς
1204 3861 1299 3916 καὶ
1335 3862 1608 3933 ἐπήρχετο
1634 3860 1858 3934 μερίζε-

296 3945 431 3999 σθαι
457 3946 538 4009 είς
580 3962 640 4002 τε
676 3948 737 4002 τὸ
786 3950 1073 4021 νοούμενον
1125 3953 1346 4020 ἄριστον
1375 3951 1457 4018 ὂν,
1488 3953 1584 4007 καὶ
1623 3953 1704 4016 είς
1761 3952 1861 4022 τὴν

296 4037 654 4108 ἀπηχητικῆν
683 4041 986 4109 προφορὰν,
1025 4042 1540 4114 συνεπικοσμοῦσαν
1571 4043 1665 4098 καὶ
1695 4042 1865 4114 αὐτὴν

294 4126 359 4180 τὸ
386 4128 702 4198 νοούμενον.
743 4131 852 4185 Καὶ
884 4132 1182 4204 ὲξύμνηται
1225 4134 1320 4189 καὶ
1355 4133 1515 4188 τοῦτο
1550 4133 1613 4188 τὸ
1647 4132 1866 4205 βασιλι-

299 4214 405 4267 κὸν
437 4215 620 4282 καλὸν,
644 4221 737 4274 καὶ
766 4219 971 4289 βίϐλοις
1006 4219 1272 4289 ἔγκειται.
1303 4222 1378 4277 Τὸ
1415 4222 1473 4276 δὲ
1520 4225 1578 4277 ὲν
1608 4223 1865 4296 ἀντιρρή-

300 4323 459 4359 σεσιν
486 4308 724 4377 ἕτοιμον,
748 4311 809 4363 τὸ
835 4311 899 4365 δὲ
939 4314 1076 4382 ταχὺ
1119 4314 1217 4383 μὲν
1246 4313 1637 4384 προϐαλέσθαι,
1674 4315 1768 4381 ὀξὺ
1805 4313 1863 4367 δὲ

1955 1891 2009 1945 in
2049 1904 2134 1944 me
2165 1898 2268 1956 est,
2297 1905 2479 1943 rerum
2517 1889 2869 1944 miriﬁcarum
2905 1889 3134 1944 chorum
3164 1889 3383 1953 ducam,
3410 1905 3522 1946 non

1955 1979 2413 2034 introducendum
2442 1988 2559 2033 erat
2603 1978 2959 2046 colloquium,
2998 1978 3051 2031 in
3084 1992 3193 2047 quo
3227 1981 3526 2046 imperator

1953 2072 2089 2127 nihil
2120 2070 2242 2125 novi
2278 2070 2847 2138 audientiburstivina
2878 2078 3058 2124 autem
3092 2071 3259 2124 menti
3290 2085 3523 2139 sugges-

1953 2163 2021 2218 sit
2053 2163 2384 2218 meditauda.
2413 2162 2598 2231 itaque
2625 2175 2726 2234 ego
2754 2162 2850 2232 qui
2874 2177 2974 2217 nec
3001 2163 3250 2217 doctrina
3280 2161 3520 2226 abundo,

1954 2270 2133 2325 nequc
2160 2254 2377 2309 dicendi
2408 2255 2617 2323 peritus
2649 2268 2795 2316 sum.
2821 2254 2930 2310 imo
2953 2254 3060 2308 alta
3082 2253 3312 2310 scientia
3334 2268 3520 2315 careo,

1954 2364 2065 2404 non
2116 2356 2294 2402 tamen
2326 2347 2380 2402 id
2414 2346 2821 2402 committerem
2852 2353 2911 2401 ut
2947 2346 3100 2416 regio
3146 2347 3388 2402 sermoni
3423 2347 3523 2399 ob-

1956 2447 2353 2506 temperarem,
2394 2434 2538 2490 unde
2568 2435 2643 2490 nil
2693 2435 2967 2492 commodi
3019 2435 3072 2490 in
3124 2450 3286 2491 usum
3341 2448 3527 2490 meum

1957 2540 2177 2583 vertere
2207 2542 2446 2596 possem.
2473 2527 2608 2583 lllud
2645 2527 2867 2596 quidem
2910 2529 3043 2582 viris
3071 2528 3269 2581 Atticis
3299 2541 3519 2596 pergra-

1954 2629 2068 2673 tum
2101 2633 2180 2674 est
2214 2619 2413 2688 quibus
2447 2617 2720 2684 peculiare
2753 2628 2835 2673 est
2862 2633 2999 2672 nova
3043 2632 3257 2686 semper
3286 2617 3525 2680 discere,

1955 2713 2007 2768 id
2047 2725 2131 2769 est
2165 2713 2297 2769 viris
2346 2710 2415 2767 ad
2449 2710 2706 2767 dictionis
2729 2709 3061 2780 elegantiam
3098 2707 3372 2778 expolitis,
3429 2708 3524 2773 qui

1956 2806 2121 2860 rebus
2154 2804 2401 2873 antiquis
2444 2816 2582 2856 nova
2631 2800 2902 2871 adjiciunt
2951 2810 3008 2856 et
3051 2801 3133 2855 sic
3164 2814 3383 2871 set-iper
3425 2814 3529 2852 au-

1955 2897 2135 2952 diendi
2167 2895 2310 2950 avidi
2357 2902 2507 2950 sunt.
2539 2894 2602 2947 Et
2634 2893 2738 2948 hoc
2767 2894 2982 2962 quidem
3021 2891 3144 2947 loco
3181 2905 3307 2945 cum
3348 2897 3514 2959 poeta

1954 2985 2276 3048 dixerimus,
2313 2982 2460 3053 quod
2490 2981 2633 3037 Deus
2665 2983 2776 3051 regi
2809 2980 3038 3036 formam
3083 2979 3374 3036 verborum
3402 2980 3524 3048 glo-

1959 3079 2038 3132 ria
2075 3083 2258 3137 ornat,
2304 3075 2445 3128 hanc
2481 3073 2778 3145 pretiosam
2833 3071 3189 3145 margaritam
3230 3070 3526 3128 diademati

1963 3183 2068 3225 suo
2098 3165 2460 3237 coniungens.

2027 3486 2120 3542 5i.
2157 3481 2252 3540 Sic
2284 3484 2341 3538 in
2372 3481 2651 3552 colloquio
2677 3478 2947 3551 quidquid
2979 3479 3262 3551 pulchrum
3289 3518 3307 3547 ,
3351 3478 3404 3534 id
3442 3477 3530 3548 ju-

1953 3581 2195 3637 cundum
2236 3585 2344 3640 est,
2385 3577 2481 3633 sed
2513 3577 2665 3630 vario
2696 3575 2879 3630 modo.
2908 3573 3103 3629 Mentis
3127 3575 3270 3629 enim
3306 3573 3534 3628 vehicu-

1954 3671 2087 3737 lum,
2115 3669 2382 3726 sermonis
2409 3667 2542 3737 regii
2573 3665 3075 3736 splendidissimum
3103 3663 3253 3719 aliud
3284 3663 3533 3718 dulcedio

1957 3764 2044 3819 nis
2078 3763 2488 3829 condimentum
2539 3756 2881 3814 auditoribus
2900 3757 3076 3825 aﬂcrt,
3100 3757 3300 3829 quibus
3329 3756 3536 3827 incepit

1961 3855 2129 3909 dividi
2166 3855 2219 3908 in
2250 3853 2578 3924 cogitatum,
2620 3866 2729 3921 quo
2760 3851 2895 3905 nihil
2934 3850 3152 3916 melius.
3179 3860 3234 3906 et
3264 3850 3318 3904 in
3352 3864 3534 3904 enun-

1962 3947 2241 4000 tiationem
2292 3944 2520 4007 oralem,
2574 3956 2697 4011 quae
2733 3941 3164 4014 cogitationibus
3209 3949 3535 3997 ornamento

1963 4048 2066 4093 est.
2105 4035 2284 4092 llocce
2329 4050 2548 4106 quoque
2598 4036 2666 4091 de
2702 4035 3053 4105 imperatore
3100 4048 3223 4089 cum
3275 4032 3533 4086 laudibus

1964 4128 2198 4183 refertur
2230 4141 2293 4181 ac
2346 4127 2540 4180 litteris
2572 4124 2884 4178 mandatum
2917 4130 3038 4187 est,
3077 4120 3224 4191 quod
3275 4121 3328 4174 in
3371 4135 3533 4190 repo-

1967 4220 2151 4275 nendo
2185 4225 2240 4273 et
2281 4218 2338 4272 in
2392 4216 2751 4286 preponeudo
2796 4229 2860 4269 ac
2901 4209 3270 4283 concipiendo
3304 4210 3537 4265 aliorqu

1971 4309 2201 4380 cogitata
2228 4308 2481 4364 celeriter
2504 4321 2628 4362 cum
2664 4307 2860 4378 sagitta
2891 4304 3108 4360 volante
3142 4310 3238 4358 aut
3268 4317 3392 4358 cum
3430 4299 3538 4355 ful-

302 4395 714 4452 καταλαϐέσθαι
736 4398 806 4452 τά
831 4400 892 4452 ὲν
938 4399 1226 4470 νοήμασιν,
1253 4400 1356 4454 οὐκ
1386 4399 1500 4469 ἔχει
1544 4398 1860 4469 παραϐολὴν

1972 4402 2136 4465 mine,
2179 4409 2274 4454 aut
2305 4414 2433 4453 cum
2474 4398 2681 4454 volucri
2731 4413 2854 4463 mue
2895 4410 3081 4452 aerem
3124 4395 3311 4451 volatu
3345 4391 3524 4448 (indit.

299 4487 528 4556 τάχους,
558 4490 608 4542 εί
641 4491 716 4560 μή
771 4507 857 4555 τις
905 4493 985 4554 είς
1036 4491 1223 4561 βέλους
1275 4491 1524 4545 ἐπινεύσει
1562 4493 1860 4563 πετομένου

1974 4490 2129 4557 Quod
2164 4502 2329 4560 porro
2355 4489 2408 4543 in
2440 4487 2735 4556 colloquiis
2772 4488 3021 4542 strictum
3067 4493 3121 4541 et
3155 4485 3210 4539 in
3247 4497 3539 4553 argumen-

301 4575 589 4647 ὠκύτητα,
624 4579 658 4650 ἢ
687 4581 771 4643 είς
814 4583 1099 4654 ἀστραπῆς
1141 4582 1452 4653 ταχυτάτην
1482 4582 1869 4653 ἑκπυρήνισιν,

303 4667 338 4737 ἢ
363 4670 446 4732 είς
476 4670 767 4742 ὁμοιότητα
790 4673 996 4744 πτεροῦ
1024 4673 1313 4745 ροιζῶντος
1335 4676 1416 4738 είς
1436 4673 1635 4744 πτῆσιν
1662 4674 1869 4746 ἀέριον.

304 4759 387 4812 Τὸ
416 4758 475 4812 δὲ
508 4762 710 4815 πυκνὸν
751 4765 810 4818 ἒν
861 4763 1129 4829 διαλέξεσι
1167 4767 1261 4818 καὶ
1301 4764 1564 4820 πλουτοῦν
1595 4767 1877 4835 ἐπιχειρη-

307 4849 577 4919 ματικῶς,
603 4853 763 4906 τοῦτο
805 4855 861 4908 δὲ
892 4857 923 4924 ἠ
973 4857 1230 4926 ποιητικὴ
1280 4858 1537 4927 σεμνυνεῖ
1567 4855 1871 4925 Καλλιόπη,

304 4943 691 5013 παρομοιοῦσα
722 4947 781 5008 ἐς
809 4946 1045 5013 νιφάδων
1085 4948 1385 5011 πύκνωσιν,
1417 4948 1513 5002 καὶ
1547 4948 1760 5016 μάλισθ’
1782 4949 1870 5000 ὅτε

305 5034 635 5104 καταφοράν
665 5051 787 5088 τινα
838 5036 1070 5106 τοπικὴν
1107 5037 1140 5108 ἢ
1182 5038 1276 5091 καὶ
1312 5039 1485 5100 άλλως
1525 5038 1737 5109 βαρέως
1785 5041 1876 5092 ὲκ-

304 5125 722 5195 τραχυνομένην
762 5129 795 5198 ἡ
827 5127 922 5180 τοῦ
971 5129 1129 5198 λόγου
1169 5131 1522 5199 προκαλεῖται
1562 5130 1684 5200 ὕλη.
1741 5130 1876 5183 Τότε

305 5217 422 5284 γάρ
446 5216 506 5269 τὸ
534 5218 634 5288 τῆς
677 5221 899 5289 νιφάδος
946 5222 1232 5289 είκόνισμα
1267 5222 1359 5277 καὶ
1392 5221 1629 5293 μάλιστα
1654 5222 1878 5292 καιριώ-

306 5326 491 5364 τατον.
533 5312 741 5377 Πυκνὸς
776 5314 884 5384 γὰρ
917 5314 1173 5385 τηνικάδε
1213 5314 1408 5384 καιροῦ
1443 5317 1471 5369 ό
1508 5316 1876 5386 καταφορικὸς

306 5399 489 5467 λόγος,
525 5400 624 5454 ὅσα
656 5403 753 5455 καὶ
783 5404 1003 5471 νιφάδες
1058 5403 1203 5466 τινές
1229 5419 1242 5434 ·
1276 5405 1358 5458 ἔτι
1407 5406 1517 5477 μὴν
1546 5408 1643 5462 καὶ
1681 5424 1878 5478 φρικα-

1977 4582 2143 4638 tando
2175 4581 2454 4652 copiosum
2487 4588 2592 4646 est.
2651 4580 2704 4635 id
2738 4578 2979 4647 Calliope
3027 4577 3237 4647 poelria
3258 4584 3540 4658 operatur,

1978 4689 2098 4741 quae
2128 4671 2272 4728 sicut
2302 4672 2392 4726 nix
2424 4669 2611 4737 cadit,
2641 4669 2945 4740 praesertim
2980 4668 3071 4722 ubi
3103 4668 3377 4723 sermonis
3427 4682 3544 4721 ma-

1980 4767 2119 4820 teria
2176 4763 2572 4818 vehementiam
2606 4769 2699 4815 aut
2739 4761 3061 4830 gravitatem
3098 4758 3361 4827 postulat.
3386 4755 3545 4811 Tunc

1980 4856 2199 4927 quidem
2239 4854 2533 4908 admodum
2575 4851 2811 4922 quadrat
2848 4866 2973 4905 cum
3009 4851 3132 4905 nive
3178 4849 3540 4916 comparatio;

1981 4948 2237 5017 copiosus
2281 4960 2514 5016 namque
2562 4945 2667 4999 isto
2702 4951 2946 5012 tempore
2976 4957 3158 4998 sermo
3190 4951 3249 4995 ut
3282 4943 3372 4994 nix
3405 4940 3543 4992 labi-

1984 5052 2094 5105 tur,
2123 5054 2233 5095 non
2266 5036 2388 5094 sine
2417 5039 2647 5093 horrore
2674 5050 2738 5091 ac
2786 5035 3030 5099 fremitu,
3061 5043 3116 5090 et
3165 5049 3231 5089 ex
3278 5033 3389 5086 alto
3417 5047 3543 5084 cum

1982 5131 2271 5201 splendore
2300 5142 2363 5183 ac
2390 5125 2768 5199 magnitudine
2797 5128 2863 5180 ad
2896 5140 2997 5181 nos
3026 5124 3218 5177 fertur.
3250 5120 3344 5174 Sic
3372 5121 3545 5195 impc-

1985 5225 2186 5279 ratoris
2219 5221 2526 5287 eloquentia
2560 5217 2957 5289 experimentis
3008 5215 3142 5268 fulta
3192 5210 3451 5281 Optimam
3486 5224 3545 5264 se

1983 5315 2145 5370 nobis
2189 5314 2505 5384 magistram
2536 5313 2739 5383 praebet
2765 5351 2781 5377 ,
2830 5307 3000 5376 major
3034 5313 3219 5359 autem
3256 5311 3342 5357 est
3376 5315 3542 5372 quam

1973 5423 2093 5477 qua:
2122 5406 2396 5462 memoria
2427 5403 2564 5459 tradi
2598 5403 2794 5471 possit.

304 5492 452 5557 λέος,
499 5497 595 5550 καὶ
630 5488 720 5549 οἷά
757 5513 841 5560 τις
871 5496 1187 5569 ῥιγεδανόςο
1236 5499 1330 5552 καὶ
1365 5497 1442 5568 τῷ
1495 5498 1594 5570 τῆς
1623 5500 1920 5570 σαφηνείας
1975 5500 2074 5570 μὲν
2108 5496 2286 5568 λευκῷ
2337 5497 2679 5566 διαλάμπων,
2707 5494 2782 5555 ὠς
2829 5491 2886 5556 ἐξ
2940 5488 3108 5558 ὕψους
3160 5487 3217 5541 δὲ
3274 5488 3550 5556 κατασκήν

308 5603 466 5639 πτων
525 5588 604 5659 τῷ
640 5590 910 5663 μεγαλείῳ
945 5592 1038 5645 τοῦ
1096 5592 1360 5662 μεγέθους
1408 5593 1694 5665 ὲξάρματι.
1736 5596 1891 5649 Οὕτω
1924 5596 2057 5649 πολῦ
2090 5594 2151 5647 τὸ
2173 5594 2229 5647 ἐν
2262 5592 2442 5662 λόγοις
2466 5591 2542 5662 τῷ
2586 5587 2797 5653 βασιλεῖ
2834 5587 3088 5655 πόριμον,
3140 5578 3201 5639 οὗ
3240 5585 3403 5637 πεϊοτ
3453 5590 3547 5638 καὶ

315 5685 460 5756 μόνη
499 5685 842 5752 διδάσκαλος.
902 5688 1275 5759 Ἐξιστορῆσαι
1310 5691 1419 5759 γὰρ
1448 5674 1566 5742 ούῖῖ
1581 5689 1645 5743 ἂν
1675 5689 1783 5758 εῐη,
1812 5692 1871 5754 ἐς
1901 5691 2021 5743 ὅσον
2052 5688 2140 5741 καὶ
2175 5684 2302 5755 χρὴ.
