3962 6242
474 286 586 356 995

1191 282 1609 348 EUSTATI-Ill
1642 280 2399 345 TIIESSALONICENSIS
2431 279 2998 344 METROPOLITKE

3625 283 3728 346 996

547 397 638 456 32.
677 396 840 453 Liber
866 404 985 454 erat
1017 399 1354 454 memorialis
1388 399 1718 456 indelebilis.
1751 403 1892 453 stvlo
1931 414 2039 469 per-

2229 395 2330 468 λβ’.
2363 399 2444 451 Τὰ
2492 396 2548 450 δὲ
2576 397 2675 467 τῆς
2715 399 2938 467 μνήμης
2985 393 3172 464 βίϐλος
3199 411 3267 461 ην
3301 394 3727 461 ἀναπάλειπτος,

476 493 718 564 scriptus
757 492 853 548 Dei
888 494 1081 562 ipsius,
1127 493 1337 562 Spiritu
1368 495 1780 564 sanctodigitos
1807 502 2047 565 regente.

478 582 722 640 Historia
758 586 980 654 quidem
1018 585 1288 641 laetorum
1337 588 1714 642 censervatrix
1749 628 1764 651 .
1815 595 1870 642 et
1921 595 2052 641 ante

477 675 626 731 illam
678 687 874 730 natura
928 677 1081 732 novit
1140 677 1378 733 indolem
1432 677 1725 733 humanam
1781 679 2050 734 doctrinae

471 779 757 836 capacem.
790 766 1078 821 scientiam
1108 779 1312 823 temere
1340 783 1606 837 respuere
1641 780 1694 821 ut
1719 770 1928 825 canalis
1952 770 2046 838 qui

472 868 674 928 nquam
712 857 911 930 accipit
957 865 1012 913 et
1052 859 1264 928 repellit
1308 859 1610 922 continuo,
1648 859 1720 912 ita
1764 865 1947 912 tanien
1991 866 2050 912 ut

475 949 640 1005 homo
676 965 798 1005 cum
838 952 1196 1022 repugnantia
1238 952 1411 1006 discat
1437 959 1491 1005 et
1521 952 1705 1006 audita
1742 967 1885 1020 saepe
1913 951 2050 1006 obli-

475 1041 621 1096 vioni
657 1043 831 1097 tradat
861 1044 1087 1098 minime
1117 1043 1398 1106 curiosus,
1433 1053 1486 1095 ut
1518 1058 1614 1098 vas
1647 1044 1792 1112 quod
1845 1059 1942 1113 per
1987 1058 2049 1099 os

475 1143 770 1205 auguratum
817 1136 1085 1204 liquorem
1120 1136 1354 1205 recepit,
1402 1134 1694 1190 diliiculter
1727 1135 1927 1190 reddit.
1960 1135 2050 1190 Eat

473 1225 644 1296 igitur
663 1241 788 1281 cum
818 1225 928 1280 siut
955 1235 1166 1280 naturae
1195 1229 1414 1281 animus
1436 1241 1596 1296 quem
1629 1227 1795 1282 rebus
1817 1227 2047 1283 utilibus

472 1320 747 1384 instituis,
773 1317 956 1374 obr-dit
985 1327 1040 1376 et
1066 1321 1190 1376 item
1217 1319 1457 1391 negligit.
1477 1317 1568 1373 Sic
1585 1319 1778 1374 oculus
1809 1318 1944 1374 locis
1967 1319 2050 1373 lu-

474 1409 717 1465 strandis
740 1420 835 1464 aut
858 1411 970 1465 oris
1017 1410 1364 1466 lineamentis
1396 1410 1810 1479 perscrutandis
1842 1419 1894 1466 et
1921 1411 2047 1466 aliis

477 1503 755 1558 similibus
786 1519 1004 1573 operam
1034 1504 1148 1564 dat,
1189 1502 1425 1574 quorum
1472 1503 1740 1572 imagines
1769 1503 1823 1558 in
1867 1514 2048 1559 mente

470 1595 744 1664 deponere
766 1594 940 1664 juvnt.
971 1593 1033 1648 Et
1060 1595 1144 1650 liae
1168 1595 1390 1666 quidem
1420 1594 1578 1651 facile
1614 1597 1843 1662 intrant,
1873 1595 2046 1650 clavis

471 1693 655 1738 autem
687 1684 921 1753 depositi
949 1683 1187 1754 sigillum
1213 1683 1558 1740 inaccessum
1595 1695 1909 1750 conservm,
1940 1684 2043 1740 do-

2154 493 2410 561 γραφείῳ
2446 490 2908 560 ἱγκεκολαμμένη
2931 489 3082 559 θείῳ,
3109 488 3419 559 κινουμένῳ
3445 488 3730 554 δακτύλοις

2153 583 2496 653 πνεύματος.
2536 582 2646 635 Καὶ
2678 577 2788 635 οῐδε
2819 582 2918 652 μὲν
2947 581 2982 652 ή
3010 582 3110 651 τῆς
3144 581 3389 651 ἱστορίας
3411 581 3732 651 πολυπραγ-

2156 677 2389 745 μςσύνη,
2434 674 2541 744 πρδ
2571 673 2627 726 δὲ
2662 673 2869 742 ταύτης
2899 674 2932 742 ή
2974 673 3162 741 φύσις,
3203 672 3559 743 ἀνθρωπίνην
3596 673 3732 727 πλά-

2155 783 2262 830 σιν,
2291 767 2392 836 τὴν
2430 765 2532 835 μὲν
2563 766 2684 818 οῖαν
2719 765 2886 836 ῥᾴονα
2937 765 3040 835 μὲν
3081 763 3434 826 καταλαϐεῖν,
3474 765 3644 836 ῥᾴονα
3672 764 3730 816 δὲ

2153 857 2250 912 καὶ
2275 857 2570 912 ἀποϐαλεῖν
2599 856 2660 909 τὸ
2707 857 3144 927 μανθανόμενον,
3183 855 3372 909 ὁποῖόν
3402 873 3457 908 τι
3491 858 3588 909 καὶ
3624 873 3731 910 aw-

2151 949 2309 1021 λῆνος
2369 948 2565 1015 πάθος,
2608 950 2796 1019 είσροῇ
2861 965 2922 1001 τε
2985 949 3174 1018 ἀπόνῳ
3223 947 3594 1017 ὑποκειμένου
3635 947 3731 1000 καὶ

2149 1044 2346 1114 ἔκροῇο
2381 1041 2481 1113 τὴν
2513 1041 2572 1095 δὶ
2610 1040 2882 1112 δύσπορον
2912 1040 3012 1112 μὲν
3042 1039 3444 1094 είσοικίσασθαι
3475 1039 3540 1092 τὸ
3561 1039 3729 1093 ἀκουο

2151 1153 2286 1206 σμα,
2321 1134 2462 1207 λήθη
2496 1135 2551 1187 δὲ
2591 1133 2977 1204 ἀδυσώπητον.
3001 1133 3112 1186 Καὶ
3139 1133 3396 1202 ὁμοιότης
3445 1135 3508 1186 tv
3555 1131 3730 1199 τούτῳ

2149 1227 2293 1281 κατά
2313 1227 2371 1280 τὸ
2395 1225 2454 1279 tv
2481 1225 2728 1294 ἀγγείοις
2755 1224 3052 1295 σύστομον,
3076 1219 3162 1288 οῖς
3189 1224 3251 1277 τὸ
3277 1221 3617 1287 δυσδιὲξοδον
3641 1222 3728 1275 διά

2146 1319 2210 1373 τὸ
2239 1320 2298 1372 tv
2325 1321 2392 1390 τῇ
2423 1317 2613 1388 εἰσόδῳ
2649 1317 2938 1384 στεγανόν.
2975 1316 3086 1369 Καὶ
3130 1314 3380 1369 τοιαῦται
3433 1314 3538 1384 μὲν
3583 1330 3727 1376 τινες

2147 1412 2364 1480 φύσεις.
2413 1409 2682 1466 Ἐνταῦθα
2721 1411 2776 1464 6t
2807 1411 2902 1464 καὶ
2937 1409 3170 1480 δραμεῖν
3225 1410 3306 1472 είς
3352 1407 3536 1478 ψυχήν
3586 1406 3729 1461 πάνυ

2147 1503 2335 1558 εὔοδον
2356 1504 2479 1564 ταῖς
2515 1503 2596 1566 είς
2645 1501 2816 1572 αὐτὴν
2847 1501 3194 1572 πρεπούσαις
3227 1499 3726 1570 χρηστομαθείαις,

2147 1596 2244 1651 καὶ
2271 1595 2568 1665 ἐκδραμεῖν
2612 1592 2788 1656 οὕτως
2835 1595 2903 1647 ἂν
2944 1592 3183 1662 γένοιτο,
3216 1591 3363 1645 καθά
3392 1592 3491 1644 καὶ
3515 1590 3630 1653 τοῖς
3665 1591 3730 1642 ὲκ

2145 1689 2476 1762 λαϐυρίνθου
2527 1691 2721 1762 φυγεῖν
2773 1689 3118 1744 σπεύδουσιν.
3181 1686 3484 1740 Ἐπὲσαλεν
3529 1686 3568 1754 ή
3605 1684 3728 1752 ὄψις

470 1791 571 1830 nec
602 1785 818 1847 tempus
864 1778 1031 1830 animi
1081 1792 1242 1832 sensa
1288 1777 1596 1848 explicandi
1649 1777 1882 1831 vene-rit.
1935 1775 2036 1832 Ubi

2153 1777 2520 1847 τοπογραφίᾳ,
2562 1777 2696 1847 φέρε
2727 1777 2926 1841 εἰπεῖν,
2975 1777 3008 1848 ἦ
3043 1775 3141 1847 θέα
3174 1774 3512 1847 προσώπων,
3547 1775 3582 1845 ἢ
3635 1775 3732 1826 καί

468 1881 600 1920 vero
631 1866 801 1936 janua
830 1877 1066 1923 reserata
1090 1874 1194 1932 est,
1230 1868 1539 1922 recordatio
1561 1883 1625 1922 ex
1651 1868 2046 1939 imaginatione

468 1969 731 2014 renovata
765 1975 852 2016 res
885 1961 1201 2030 adaequatas
1230 1961 1460 2031 colligit,
1511 1977 1599 2017 res
1627 1963 1810 2016 minus
1855 1979 2047 2018 esseu-

471 2048 630 2103 tiales
657 2050 823 2103 menti
860 2061 1188 2116 occurrunt,
1215 2061 1268 2105 et
1292 2050 1534 2120 cognitio
1565 2049 1732 2106 semel
1773 2051 2043 2121 acquisita

467 2139 798 2206 illustratur,
825 2150 879 2195 et
908 2143 987 2196 sic
1019 2141 1249 2197 ﬁdeliter
1293 2141 1576 2197 imiuanet.
1607 2140 1674 2196 Ut
1703 2143 1847 2196 enim
1887 2141 2045 2212 sigil-

471 2229 584 2283 lum
653 2231 895 2284 divinum
955 2231 1157 2284 mentis
1218 2230 1544 2298 repositorio
1624 2230 1658 2284 ii
1727 2231 2044 2300 apponeba-

472 2331 562 2374 tur
601 2335 720 2389 quae
778 2336 914 2391 puer
953 2321 1144 2376 didicit
1191 2336 1221 2374 a
1263 2320 1500 2391 juvene,
1553 2322 1670 2376 loca
1720 2331 1887 2392 puta,
1948 2324 2047 2377 lio-

469 2413 670 2477 ntiues,
720 2421 956 2482 tempus,
1009 2413 1393 2478 conversatio,
1443 2427 1626 2467 rerum
1670 2415 1963 2483 qualitates
1994 2424 2047 2467 et

467 2503 701 2569 similia,
731 2519 968 2574 quorum
1021 2504 1321 2574 descriptio
1366 2511 1609 2560 veterem
1662 2505 1911 2560 notitiam
1958 2521 2046 2560 re-

465 2607 606 2650 nova
614 2605 654 2649 ι.

2145 1886 2291 1924 τισιν
2321 1871 2551 1944 ἑτέροις,
2609 1863 2685 1924 ῶν
2727 1869 2835 1923 ἔδει
2890 1871 3248 1940 μνημοσύνην
3287 1868 3591 1940 ’ἐντεθῆναι
3653 1868 3733 1931 είς

2145 1961 2345 2033 ψυχήν.
2374 1963 2486 2016 Καὶ
2515 1961 2656 2015 αὐτὰ
2683 1962 2783 2032 μὲν
2813 1963 3076 2033 εὐμαρῶς
3107 1961 3444 2032 παρεδύοντο
3468 1961 3550 2024 είς
3576 1958 3733 2013 ὲντύ-

2150 2069 2328 2106 τωσιν
2352 2069 2368 2084 °
2399 2053 2548 2116 κλεὶς
2582 2053 2639 2107 δὲ
2677 2053 3063 2124 συντηρήσεως
3099 2051 3413 2106 ὲπιτεθεῖσα
3447 2053 3730 2122 μνήμονος

2147 2143 2601 2199 ἀνεπιϐούλευτον
2655 2144 2923 2215 ἐφύλαττε
2975 2143 3076 2217 τὴν
3132 2143 3437 2215 σφραγῖδα,
3493 2143 3603 2206 ἕως
3659 2137 3727 2214 ἦν

2151 2238 2568 2309 ἀναπτυχοῆναι
2594 2237 2656 2292 τὸ
2679 2240 2775 2310 τῆς
2821 2240 3003 2310 ψυχῆς
3037 2242 3286 2309 ταμιεῖον
3325 2237 3545 2308 καιρός.
3592 2237 3731 2290 Τότε

2151 2329 2208 2382 δὲ
2253 2329 2504 2395 εὐπετῶς
2562 2330 2841 2401 ήνοίγετο·
2886 2331 2981 2386 καὶ
3027 2329 3331 2400 φαντασίας
3364 2327 3733 2396 ἁνακινούσης

2155 2420 2570 2494 ὲκαινουργεῖτο
2622 2427 2690 2493 τῇ
2737 2425 2928 2496 μνήμῃ
2964 2424 3144 2492 σαφής
3183 2424 3215 2493 ἡ
3260 2424 3592 2489 ἀνάγνωσις.
3641 2418 3735 2472 καὶ

2152 2511 2220 2564 τὰ
2253 2513 2436 2565 εἰκότα
2471 2514 2767 2585 συνήγετο,
2804 2518 2902 2568 καὶ
2949 2517 2982 2585 ή
3036 2515 3359 2584 περίστασις
3395 2511 3731 2583 διήρθρωτο,

2152 2604 2248 2655 καὶ
2277 2604 2308 2672 ἡ
2333 2604 2531 2672 γνῶσις
2563 2606 3027 2678 ἠκρίϐιι›το,ἀπαξ
3057 2607 3158 2678 μέν
3187 2624 3313 2659 ποτε
3339 2601 3732 2679 γνωρισθεῖσαν

467 2687 548 2758 τῷ
601 2687 659 2740 δὲ
719 2686 970 2758 ἀποθέτῳ
1025 2689 1124 2758 τῆς
1179 2689 1404 2760 μνήμης
1466 2689 1523 2752 ἒς
1575 2689 1784 2759 μακρὸν
1832 2689 1973 2745 οὕτω
2021 2710 2074 2747 τι
2137 2698 2548 2766 παραμείνασα.
2609 2699 2981 2771 Ἐσφρὰγιστο
3033 2701 3143 2772 γὰρ
3187 2701 3245 2753 tv
3302 2701 3417 2763 τοῖς
3472 2696 3732 2770 ψυχικοῖς

467 2781 766 2850 θησαυροῖς
797 2780 1104 2846 θειότερον·
1149 2782 1216 2836 τά
1265 2782 1442 2835 πολλά
1487 2782 1547 2837 δὲ
1600 2785 1694 2836 καὶ
1728 2784 1793 2837 ὲκ
1844 2785 2033 2849 παιδὸς
2071 2787 2232 2858 μέχρι
2265 2792 2358 2843 καὶ
2413 2791 2494 2853 είς
2548 2791 2609 2845 τὸ
2643 2793 2968 2863 ὑπέρακμον
3015 2791 3340 2856 διεσώζετο·
3394 2793 3562 2854 τόπος
3592 2790 3734 2842 ἐκεῖ·

469 2888 581 2935 νος,
621 2871 764 2944 ἀνὴρ
796 2872 1030 2938 ὲκεῖνος,
1079 2871 1271 2944 χρόνος
1314 2873 1401 2925 ὅδε
1453 2890 1559 2940 τις,
1612 2874 1796 2944 ὁμιλία
1831 2875 2034 2944 τοιάδε,
2071 2881 2356 2950 ποιότητες
2397 2881 2672 2952 πράξεων,
2719 2884 2813 2938 καὶ
2864 2883 3092 2938 τοιαῦτά
3131 2899 3276 2948 τινα,
3337 2877 3415 2937 ὧν
3445 2880 3720 2954 ήάναζω·

470 2963 749 3034 γράφησις
788 2965 1134 3037 ἐκαινούργει
1183 2965 1283 3037 τὴν
1339 2965 1686 3036 παλαιτάτην
1733 2967 2040 3024 ὲντύπωσιν
2073 2971 2168 3026 τοῦ
2202 2975 2472 3040 γνωστοῦ.

544 3131 638 3187 55.
678 3129 863 3186 Altera
898 3144 1065 3201 porro
1101 3144 1132 3184 e
1181 3131 1445 3185 memoria
1483 3130 1754 3186 insidebat
1797 3147 1916 3202 quze
1947 3148 2048 3201 prae

2229 3133 2329 3204 λγ’.
2363 3132 2473 3190 Ἦν
2497 3135 2555 3190 δὲ
2594 3136 2689 3191 καὶ
2721 3137 2882 3207 ἑτέρα
2927 3154 3010 3199 τις
3051 3135 3186 3205 παρ’
3211 3134 3362 3206 αύτῷ
3396 3134 3616 3207 μνήμη.
3657 3131 3732 3204 τῷ

469 3224 784 3280 recentibus
815 3224 1036 3292 antiqua
1069 3236 1134 3276 ac
1163 3222 1303 3276 mira
1335 3223 1545 3278 omittit
1566 3265 1580 3289 ,
1614 3233 1668 3278 et
1697 3240 1818 3294 quae
1853 3236 2048 3279 natura

2157 3230 2258 3301 μὲν
2289 3232 2594 3303 προσφάτῳ
2619 3230 2962 3300 διεκφεύγειν
2991 3229 3224 3284 δοκοῦσα
3255 3228 3317 3282 τὸ
3365 3225 3463 3281 τοῦ
3520 3228 3731 3300 μεμνή-

470 3332 574 3374 sua
602 3315 769 3370 animi
799 3316 1161 3371 attentionem
1189 3323 1446 3384 occupat.
1487 3314 1714 3370 Dicendi
1743 3318 1891 3370 enim
1941 3333 2048 3370 non

2155 3324 2280 3376 σθαι
2309 3327 2624 3394 τεράστιον,
2663 3323 2739 3393 τῷ
2775 3324 2831 3376 δὲ
2872 3323 2998 3376 καθ’
3029 3321 3220 3392 είρμδν
3275 3319 3497 3388 συνεχεῖ
3549 3335 3734 3372 καινο-

470 3409 656 3464 minus
696 3424 860 3479 quam
910 3408 1193 3464 scribendi
1227 3408 1476 3479 apprime
1513 3408 1719 3478 peritus
1768 3407 2044 3462 indefesso

2154 3417 2372 3487 πρεπὴς
2403 3417 2502 3488 οὐχ
2532 3417 2736 3488 ἥκιστα
2768 3415 2862 3470 καὶ
2901 3413 3208 3480 ξενίζουσα.
3243 3407 3354 3466 Ἦν
3393 3411 3496 3481 μὲν
3530 3411 3733 3470 ἐκεῖνος

471 3515 537 3556 ac
569 3503 937 3571 perseveranti
985 3501 1169 3556 studio
1224 3501 1436 3556 cunctis
1479 3516 1601 3570 quae
1648 3501 1695 3555 ei
1726 3501 2048 3554 demandata

2153 3507 2364 3573 δεξιῶς,
2397 3505 2587 3576 ῶσπερ
2625 3507 2808 3574 λέγειν
2853 3504 3208 3579 δημηγορῶν,
3253 3502 3400 3556 οὕτω
3454 3501 3554 3555 καὶ
3601 3499 3735 3572 πρὸς

474 3590 693 3644 fuerant
715 3593 944 3660 negotiis
963 3589 1456 3646 incumbebaLUbi
1485 3588 1864 3661 igituruieutis
1893 3590 2053 3659 regia:

475 3679 620 3734 fetus
665 3683 1036 3736 maturitatem
1093 3682 1388 3752 attigisset,
1422 3691 1476 3737 et
1533 3681 1646 3751 jam
1708 3680 1777 3736 ad
1835 3693 2048 3750 partum

475 3770 978 3841 appmpinquaret,
1031 3773 1330 3842 imperator
1361 3772 1579 3842 sapiens
1619 3774 1738 3842 (par
1783 3781 1865 3826 est
1901 3770 2048 3826 enim

476 3864 694 3919 novisse
751 3864 970 3934 quisic
1039 3865 1257 3934 ingenio
1300 3880 1366 3922 ac
1424 3865 1720 3921 virtutibus
1781 3865 1922 3918 inter
1949 3881 2052 3918 ca:-

475 3966 623 4011 teros
649 3956 943 4029 excellunt)
975 3957 1052 4012 sic
1095 3957 1274 4012 lacere
1329 3957 1609 4027 satagebat
1663 3958 1936 4024 talemque
1993 3972 2054 4013 se

478 4059 788 4104 monstrare
843 4051 930 4104 vel
981 4049 1048 4104 iis
1085 4050 1175 4120 qui
1210 4049 1330 4119 ejus
1360 4049 1598 4103 indolem
1633 4049 1906 4118 cognitam
1955 4048 2051 4103 ba-

475 4141 696 4198 bt-bant.
766 4141 938 4211 Igitur
997 4143 1261 4213 propositi
1304 4143 1386 4198 sui
1444 4142 1603 4198 linem
1656 4145 1877 4212 exponit
1912 4145 2053 4199 inte—

474 4251 656 4304 grum,
693 4235 816 4290 dein
847 4255 874 4288 ιι
895 4235 1087 4304 primis
1118 4237 1288 4291 initiis
1339 4240 1797 4308 arguIm-ntmnlo,
1836 4253 1901 4294 eo
1943 4253 2052 4307 quo

475 4325 592 4378 vult
615 4326 882 4394 procedit,
912 4326 1046 4380 nilnil
1073 4326 1218 4396 quod
1238 4327 1304 4380 ad
1335 4344 1445 4382 rem
1474 4329 1655 4383 facere
1692 4337 1868 4397 potest
1891 4328 2052 4381 omit-

474 4418 638 4472 tendo
669 4419 816 4489 (quis
845 4421 988 4474 enim
1022 4431 1311 4475 accusaret
1347 4436 1408 4476 ea
1439 4436 1558 4492 quae
1605 4421 1746 4476 levia
1785 4421 2043 4474 videntur

476 4512 964 4582 praetereuntem?)
1006 4521 1061 4566 et
1098 4512 1242 4568 aliud
1296 4527 1435 4583 opus
1485 4527 1845 4582 aggressurus
1878 4511 2046 4566 fetum

475 4605 580 4658 sub
603 4605 896 4660 voluminis
929 4606 1111 4667 specie
1142 4607 1194 4659 in
1230 4605 1407 4659 lucem
1435 4605 1604 4660 edidit
1629 4616 1683 4660 et
1709 4605 1902 4658 amicis
1934 4619 2048 4673 per-

476 4695 766 4764 legendum
793 4697 1012 4761 obtulit,
1045 4709 1096 4752 et
1129 4698 1427 4768 legentium
1455 4697 1669 4752 animos
1697 4697 2044 4763 delectabat,

477 4796 533 4842 et
565 4787 920 4841 metuendum
952 4803 1060 4842 non
1094 4801 1211 4844 erat
1237 4806 1305 4844 ne
1341 4807 1367 4844 a
1400 4790 1655 4845 manibus
1689 4791 1934 4860 profanis
1970 4791 2050 4843 al-

477 4886 771 4933 teraretur.
814 4876 904 4934 Sic
953 4879 1007 4932 in
1051 4882 1196 4934 omni
1237 4897 1295 4936 re
1331 4883 1616 4947 Iitteraria,
1650 4885 1716 4937 de
1743 4898 1854 4953 quo
1908 4884 2050 4936 inter

477 4971 668 5025 doctos
694 4980 932 5035 constat,
959 4971 1072 5024 lieri
1092 4971 1332 5038 deberet;
1352 4982 1406 5027 at
1425 4989 1530 5028 non
1559 4974 1636 5028 ﬁt.
1670 4974 1878 5029 Bonum
1907 4974 2050 5028 cnim

477 5079 703 5134 perraro
733 5073 788 5119 et
819 5064 871 5118 in
903 5065 1254 5135 paucissimis
1273 5069 1536 5121 occurrit.
1570 5067 1718 5121 Idem
1754 5067 1898 5122 enim
1935 5067 2054 5120 ani»

479 5177 601 5215 mus
631 5173 684 5215 et
718 5164 770 5215 in
816 5163 1036 5232 publico
1070 5172 1286 5217 oratore
1316 5163 1411 5232 qui
1438 5178 1548 5217 uno
1578 5171 1765 5217 tenore
1809 5164 2052 5233 loquitur

479 5263 533 5306 et
554 5253 606 5306 in
638 5254 819 5322 operis
851 5255 1039 5324 scripti
1068 5265 1294 5309 auctore
1319 5253 1646 5310 manifestus
1701 5264 1806 5307 est.
1839 5253 2053 5324 Ubique

481 5358 663 5402 autem
697 5349 896 5402 oblivio
944 5350 995 5403 id
1045 5349 1373 5402 incommodi
1413 5346 1574 5401 habet
1635 5355 1692 5400 ut
1745 5352 2050 5417 posteriora

478 5439 754 5507 prioribus
779 5441 1054 5493 contraria
1077 5441 1465 5509 producantur,
1488 5436 1558 5490 ita
1585 5446 1643 5491 ut
1666 5453 1784 5506 qua:
1815 5439 2052 5492 seettndo

477 5529 600 5586 loco
618 5540 747 5586 sunt
763 5532 959 5601 iisquae
974 5535 1204 5601 primum
1225 5540 1516 5602 occupant,
1539 5546 1646 5586 non
1667 5531 2051 5600 respondeant.

481 5623 630 5676 Bina
663 5635 842 5678 autem
877 5625 1138 5676 memoria
1170 5641 1350 5677 reruni
1375 5627 1872 5678 eonservndarum
1905 5624 2056 5678 ordi-

484 5726 605 5766 ιειιι
623 5714 891 5772 tnirumin
913 5713 1136 5770 modum
1159 5715 1436 5771 observat.
1460 5715 1626 5772 Nobis
1639 5715 1852 5786 quidem
1874 5715 1926 5771 id
1946 5716 2048 5771 ini-

2152 3599 2526 3671 λογογραφξαν
2557 3600 2764 3666 λαλεῖν,
2799 3601 2897 3655 καὶ
2925 3599 3132 3670 ταύτην
3169 3595 3370 3670 μικροῦ
3399 3597 3497 3650 καὶ
3536 3597 3734 3650 ἀπνευ-

2153 3693 2264 3762 στὶ,
2295 3692 2390 3744 καὶ
2422 3691 2560 3763 προς
2590 3689 2668 3762 τῷ
2703 3690 2898 3760 πυκνῷ
2927 3688 3039 3742 τῶν
3068 3687 3359 3760 νοημάτων
3394 3686 3493 3740 καὶ
3520 3683 3732 3739 ἀποτά-

2151 3782 2248 3854 δην
2283 3783 2662 3854 ἡρμοσμένην.
2705 3782 2793 3846 Ὠς
2827 3782 2885 3836 δὲ
2909 3777 3023 3852 εἶχε
3062 3779 3217 3844 τέλος
3251 3781 3280 3833 ὁ
3321 3778 3418 3832 τοῦ
3450 3775 3730 3848 βασιλικοῦ

2154 3878 2274 3940 νοὸς
2299 3878 2532 3951 εὐγενὴς
2558 3879 2742 3943 τόκος,
2778 3880 2871 3930 καὶ
2898 3877 3008 3930 εδει
3039 3877 3175 3948 πρὸς
3203 3875 3318 3944 φῶς
3341 3875 3508 3928 αὐτὸν
3537 3873 3730 3936 ἐλθεῖν,

2153 3971 2182 4022 ὁ
2213 3967 2377 4037 σοφὸς
2424 3967 2684 4039 βασιλεὺς
2733 3969 2838 4032 (δεῖ
2875 3966 2983 4037 γὰρ
3013 3967 3142 4029 τοὺς
3185 3965 3632 4034 μεγαλοπρεπεῖς
3659 3963 3731 4013 εἰ·

2152 4061 2302 4116 δὲναι
2338 4061 2614 4125 τοιούτους
2647 4060 2845 4126 ὄντας,
2891 4059 2984 4112 καὶ
3021 4056 3098 4128 τῷ
3140 4057 3392 4126 σφετέρῳ
3439 4053 3597 4124 καλῷ
3649 4052 3730 4104 ἑλ-

2154 4153 2491 4222 λάμπεσθαι)
2515 4151 2676 4223 ήθελε
2703 4154 2881 4205 ποιεῖν
2905 4149 3072 4216 οὕτω,
3102 4150 3195 4205 καὶ
3226 4147 3422 4202 ἑαυτὸν
3448 4147 3729 4215 ἐκφαίνειν

2153 4247 2268 4308 τοῖς
2302 4245 2426 4299 οὐδὲ
2459 4245 2634 4307 ἄλλως
2662 4243 2986 4314 ήγνοηκόσι.
3019 4242 3130 4296 Καὶ
3168 4238 3582 4310 προεκθέμενος
3613 4240 3726 4292 ὀλο-

2159 4337 2368 4408 σχερῶς
2416 4337 2506 4391 τὸν
2526 4335 2620 4390 τοῦ
2651 4336 2812 4406 λόγου
2845 4333 3068 4396 σκοπὸν,
3114 4327 3235 4385 εἶτα
3283 4332 3380 4385 καὶ
3426 4331 3606 4401 ἀρχῆς
3640 4327 3731 4383 ἀπ’

2158 4426 2337 4494 ἄκρης
2388 4428 2551 4496 μέχρι
2615 4424 2710 4478 καὶ
2760 4421 3084 4493 περατῶσαι
3131 4421 3245 4482 τοῖς
3300 4418 3729 4487 ἐπιχειρήμασιν

2157 4516 2413 4582 ἐπεξιὼν,
2445 4516 2542 4571 καὶ
2582 4516 2719 4570 πᾶσι
2755 4516 2868 4576 τοῖς
2901 4512 3293 4584 καιριωτάτοις
3325 4509 3638 4580 ἐνδραμὼν,
3661 4507 3728 4575 (τί

2155 4610 2236 4674 δὲ,
2277 4611 2440 4678 εἴπερ
2471 4607 2758 4679 βραχείαις
2821 4605 2966 4659 τισὶν
3002 4603 3220 4657 ἐνέλιπε
3265 4601 3482 4666 λέξεσιν
3498 4599 3537 4671 ς)
3577 4601 3728 4660 αὒτ“ς

2162 4703 2263 4773 μὲν
2293 4701 2487 4772 ἑτέρου
2519 4701 2731 4769 ἐγίνετο
2764 4697 2953 4767 ἔργου,
3002 4695 3096 4749 τὸν
3121 4695 3179 4748 δὲ
3222 4695 3537 4765 μηνυθέντα
3577 4695 3730 4746 τόκον

2159 4795 2402 4865 προῆγεν
2456 4791 2960 4862 ἐσπαργανωμένον
3022 4787 3214 4856 ῶσπερ
3264 4785 3342 4854 τῷ
3404 4787 3594 4854 τόμῳ,
3642 4783 3729 4835 καὶ

2159 4889 2446 4960 προφήνας
2471 4889 2582 4949 τοῖς
2607 4882 3017 4953 παρατυχοῦσιν
3047 4881 3218 4933 ἐδίδου
3241 4876 3726 4948 περιεργάζεσθαι.

2157 4978 2252 5030 καὶ
2303 4975 2604 5045 ἀνελιχθεὶς
2659 4975 2862 5044 ἤρχετο
2896 4973 2975 5032 εἰς
3014 4969 3399 5039 περιέλευσιν,
3456 4966 3635 5019 ἀκοῶν
3665 4963 3726 5014 δι’

2157 5067 2542 5137 ἀναγνώσεως.
2589 5066 2699 5120 Καὶ
2756 5060 2824 5134 ἦν
2859 5064 3069 5124 ἐκεῖνος
3123 5063 3152 5114 ό
3205 5059 3534 5128 ἐκλαληθεὶς
3582 5057 3727 5109 οὐδὲν

2160 5161 2591 5232 ὲτεροιούμενος.
2639 5156 2811 5211 Τοῦτο
2833 5158 2939 5227 χρὴ
2977 5155 3099 5225 μὲν,
3133 5153 3206 5217 ὡς
3247 5153 3314 5206 ἂν
3345 5153 3492 5206 εῖποι
3517 5168 3616 5214 τις,
3648 5145 3726 5213 ἐφ’

2157 5255 2395 5314 ἅπαντος
2435 5253 2596 5320 λόγου
2627 5249 2874 5320 γίνεσθαι
2908 5248 3140 5318 (γίνεται
3176 5248 3220 5300 δ’
3247 5248 3344 5300 ἐπὶ
3385 5248 3601 5299 πάντων
3635 5242 3726 5308 οὐχ

2155 5347 2320 5418 οὕτω)
2343 5364 2357 5379 ο
2393 5347 2620 5401 σπάνιον
2643 5344 2698 5396 δὲ
2727 5343 2823 5396 καὶ
2846 5344 2903 5395 tv
2931 5341 3227 5408 ὀλιγίστοις
3255 5338 3320 5391 τὸ
3338 5337 3565 5403 ἀγαθόν.
3587 5331 3726 5390 Νοῦς

2161 5441 2259 5512 μὲν
2291 5441 2400 5509 γὰρ
2431 5439 2458 5490 ό
2484 5437 2646 5500 αὐτὸς
2682 5439 2740 5489 ὲν
2770 5433 3056 5504 ἑκατέροις
3078 5431 3157 5502 τῷ
3186 5448 3248 5484 τε
3278 5433 3360 5493 εἰς
3385 5429 3542 5498 ὄχλον
3572 5425 3729 5476 ἐκλαο

2156 5532 2408 5601 λουμὲνῳ
2458 5529 2606 5600 λόγῳ
2640 5527 2777 5598 πρὸς
2817 5525 3008 5581 ἄνετον
3057 5522 3234 5595 χύμα,
3269 5524 3369 5575 καὶ
3399 5519 3480 5590 τῷ
3528 5515 3726 5587 βίελοις

2156 5626 2346 5678 ἑαυτὸν
2394 5623 2610 5694 ἀφιέντι
2652 5617 3163 5689 ὲγκατακλείεσθαι.
3215 5614 3373 5686 Λήθη
3422 5613 3485 5666 δὲ
3523 5610 3622 5664 οὐκ
3662 5607 3725 5659 ἄν

2154 5717 2446 5787 ἀνάσχοιτο
2483 5713 2764 5796 κάνταῦθα
2791 5712 2867 5784 μὴ
2895 5708 3356 5781 κατακαυχᾶσθαι
3396 5706 3510 5763 τῶν
3548 5698 3721 5758 πλει6ο
