4026 6248
301 348 410 416 997

1096 355 1494 418 MANUELIS
1533 355 1882 419 COMNENE'
1937 360 2324 427 LAUDATIO
2366 369 2776 436 FUNEBRIS.

3466 379 3578 446 998

301 485 436 534 νων,
485 465 564 534 ὥς
595 467 672 542 μὴ
721 471 834 535 τοῖς
881 469 1157 542 φθάσασιν
1205 473 1492 544 ὁμολογεῖν
1529 470 1597 525 τὰ
1637 469 1902 544 δεύτερα.

2017 478 2209 548 primis
2254 483 2454 539 mirum
2509 485 2727 541 videtur
2750 492 2966 558 (omnes
3009 490 3151 542 enim
3185 489 3401 548 virtutis
3430 493 3596 551 amici

307 564 417 617 Kal.
450 563 612 617 τοῦτο
640 567 742 631 μὲν
783 563 1015 632 εὐφυοῦς
1060 565 1280 637 μνήμης
1309 568 1502 638 εῖρμδς
1531 569 1642 635 οἷος
1684 573 1896 643 θαυμά-

307 655 438 719 ζεσο
452 673 533 710 αι.
575 655 742 727 Ἡμῖν
767 657 825 710 δὲ
856 656 1032 711 πλείω
1061 657 1131 712 τά
1163 658 1258 711 τοῦ
1284 659 1562 728 θαύματος
1589 664 1794 736 (φαμὲν
1825 664 1892 728 δ’,

305 745 393 800 ὅτι
450 747 547 802 καὶ
602 749 771 801 πᾶσιν
815 747 999 813 ἄλλοις
1027 749 1412 818 φιλοκαλοῦσιν
1451 755 1681 820 ἑαυτοὺς
1714 757 1792 819 είς
1839 755 1900 809 τὸ

311 839 452 909 πρὸς
485 842 597 901 τοῖς
627 839 968 906 ἀξιεπαίνοις
1011 839 1162 912 ἔχειν
1194 843 1288 895 τὸν
1333 842 1480 913 νοῦν)
1503 861 1519 875 ·
1555 845 1643 898 ὅτε
1693 845 1787 898 καὶ
1819 845 1904 915 βί-

314 927 443 982 ελον
467 931 619 1002 ὅλην,
654 930 686 1002 ἦ
713 931 876 994 αὐτὸς
899 931 1212 997 ἀναπτύξας
1239 935 1320 997 είς
1350 935 1668 1004 ἐπίγνωσιν,
1721 935 1754 1007 ἦ
1786 933 1902 988 ἀλλ’
1930 1010 1932 1012 ν

2001 571 2162 625 laude
2190 571 2351 644 drgna
2388 579 2716 649 sectantur),
2745 581 2964 648 quando
2994 590 3088 635 aut
3121 582 3238 652 ipse
3270 584 3467 639 librum
3514 585 3595 641 le-

2002 661 2162 732 gendi
2193 679 2323 733 ergo
2347 670 2580 734 aperuit,
2611 679 2704 724 aut
2725 671 2888 726 alicui
2910 672 3015 726 alta
3039 687 3174 728 voce
3198 673 3398 745 legenti
3427 689 3595 731 aures

2006 752 2239 822 prmbuit
2272 753 2420 809 brevi
2454 769 2602 826 post,
2629 760 2712 813 vel
2739 769 2863 830 post
2887 777 2996 815 non
3030 777 3236 832 paucos
3265 762 3384 818 dies
3407 763 3596 819 omnia

2011 842 2113 896 ista
2153 857 2252 910 pro
2278 843 2435 898 libito
2464 847 2740 917 recitavit,
2775 856 2831 904 et
2871 850 2952 907 sic
2997 853 3220 922 antiqua
3274 867 3400 907 cum
3435 853 3592 910 novis

2013 935 2297 990 miscendo
2347 939 2648 996 astantium
2699 943 2916 1000 animos
2967 945 3020 998 in
3051 954 3332 1016 stuporem
3390 946 3592 1015 rapuit.

317 1018 505 1093 ἐτέρου
537 1023 860 1093 περιιόντος,
907 1022 998 1075 καὶ
1039 1023 1331 1077 ἀκούεσθαι
1370 1025 1464 1078 τὸν
1491 1027 1550 1079 ἐν
1597 1026 1733 1096 αὐτῇ
1783 1026 1909 1079 νοῦν
1971 1026 2396 1097 ἀναλεξάμενος,
2461 1023 2581 1083 εἷτα
2616 1036 2959 1104 παρασχεδὸν
2998 1037 3196 1108 καιροῦ
3237 1038 3272 1109 ἢ
3319 1038 3415 1091 καὶ
3448 1038 3590 1106 μετά

321 1117 518 1186 συχνὰς
557 1116 773 1186 ἡμέρας
823 1117 904 1181 είς
962 1119 1021 1170 τὸ
1075 1119 1184 1172 πᾶν
1236 1119 1482 1189 συνεῖρεν
1533 1120 1882 1191 ἀπρόσκοπα,
1915 1121 2124 1190 ἐξάγων
2151 1123 2245 1176 τοῦ
2294 1124 2571 1198 θησαυροῦ
2624 1127 2790 1181 αὐτοῦ
2850 1130 2992 1184 αύτά
3025 1132 3124 1201 μὲν
3173 1132 3408 1197 παλαιὰ,
3437 1131 3591 1187 ἐκεί-ι

317 1226 431 1270 νοις
477 1207 533 1260 δέ
573 1212 758 1274 καινὰ,
806 1201 882 1262 ῶν
922 1211 950 1262 ό
999 1209 1156 1279 λόγος
1195 1209 1312 1264 οῦτι
1363 1228 1468 1266 που
1505 1214 1726 1284 μακρὰν
1757 1214 2058 1285 ἐμέμνητο.

605 1325 633 1354 ἢ

388 1399 485 1454 λδ’.
515 1403 656 1472 Πρὸς
677 1403 787 1473 γὰρ
809 1401 872 1472 δὴ
901 1404 1011 1468 τοῖς
1032 1402 1240 1468 ἄλλοις,
1261 1403 1350 1458 ὅτε
1377 1403 1682 1476 (συμπεσὸν
1705 1406 1899 1478 οὕτω),

323 1491 401 1562 μὴ
438 1493 552 1556 τοῖς
600 1497 800 1558 κοινοῖς
834 1494 1330 1566 ἐνασχολούμενος,
1385 1497 1582 1568 μικρόν
1628 1515 1681 1552 τι
1715 1499 1903 1564 ἀδείας

321 1583 565 1649 λάϐοιτο,
594 1585 779 1648 πόνοις
803 1583 1051 1638 παλαιῶν
1073 1590 1453 1658 προσανεῖχεν.
1475 1589 1524 1642 οἳ
1557 1589 1695 1659 πρὸς
1720 1590 1903 1660 λόγοις

321 1676 577 1746 ἐγένοντο
598 1692 613 1708 ·
647 1679 743 1731 καὶ
784 1678 845 1730 ού
875 1679 1021 1746 λέγω
1049 1684 1480 1750 τοπογραφικοῖς
1521 1683 1706 1752 μόνον,
1734 1685 1828 1737 καὶ
1851 1683 1901 1738 οἳ

2072 1415 2160 1469 ⁸54.
2197 1415 2463 1471 Praeterea
2493 1416 2715 1487 quando
2752 1433 2848 1487 pro
2880 1433 2940 1472 re
2969 1427 3094 1472 nata
3131 1417 3367 1486 publicis
3413 1433 3584 1489 nego-

2002 1507 2094 1561 tiis
2129 1507 2443 1563 valedicens
2469 1511 2752 1579 paululum
2785 1511 2880 1564 otii
2913 1509 3190 1579 capiebat,
3225 1509 3438 1578 magnis
3478 1524 3577 1563 au-

2001 1597 2277 1666 tiquorum
2303 1600 2620 1654 oratoribus
2648 1613 2860 1669 tempus
2889 1617 3049 1655 suum
3080 1602 3269 1665 dabat,
3300 1615 3404 1656 nec
3451 1617 3578 1670 geo-

2000 1689 2226 1760 graphis
2251 1699 2463 1744 tantum
2487 1701 2541 1747 et
2571 1693 2925 1764 chronologis
2943 1702 2998 1748 et
3021 1693 3259 1756 lacticis,
3288 1701 3346 1747 ut
3368 1693 3583 1759 dicunt,

323 1769 551 1840 χρόνους
582 1769 944 1840 ἀκριϐοῦνται
977 1772 1255 1841 πράξεων,
1294 1774 1390 1826 καὶ
1425 1774 1902 1849 μεθόδουςτακτι-

2007 1797 2104 1838 nec
2133 1784 2358 1838 omissis
2383 1785 2449 1840 iis
2478 1785 2570 1852 qui
2609 1796 2861 1838 naturam
2894 1784 3176 1840 subtiliter
3205 1785 3469 1845 indagant
3487 1794 3588 1840 aut

323 1861 429 1925 κάς
456 1861 838 1933 μηχανῶνται·
866 1864 925 1916 ού
953 1866 1058 1933 μὴν
1087 1864 1211 1918 οὐδὲ
1236 1865 1428 1919 ὀπόσοι
1460 1865 1625 1936 φύσιν
1645 1867 1902 1921 λεπτολο-

321 1951 504 2020 γοῦσι,
546 1954 640 2008 καὶ
682 1954 794 2006 ὅσοι
846 1956 981 2025 πρὸς
1027 1956 1474 2027 συλλογιστικοὺς
1529 1960 1901 2031 ἀπορθοῦνται

321 2046 579 2112 κανόνας,
630 2047 724 2100 καὶ
753 2046 898 2102 οὕτω
942 2049 1045 2120 τήν
1091 2066 1153 2103 τε
1198 2053 1257 2106 ἐν
1304 2055 1414 2115 τοῖς
1442 2047 1597 2108 οῦσιν
1637 2055 1903 2124 ἀλήθειαν

321 2138 640 2210 ἀκριϐοῦσι,
691 2140 792 2209 τήν
847 2157 908 2193 τε
953 2142 1010 2194 ἐν
1067 2144 1182 2204 τοῖς
1241 2145 1536 2214 πρακτέοις
1592 2145 1901 2216 εὐθύτητα·

323 2228 463 2282 ἀλλά
497 2231 594 2282 καὶ
633 2229 869 2285 μάλιστα
899 2231 999 2296 τὰς
1031 2234 1160 2304 περί
1191 2252 1250 2287 τε
1279 2236 1385 2288 τῶν
1412 2235 1572 2288 θείων
1607 2239 1701 2289 καὶ
1737 2237 1903 2292 αὐτοῦ

326 2321 492 2375 Θεοῦ.

393 2507 490 2564 λε’.
522 2509 634 2563 Καὶ
678 2503 747 2580 ἦν
787 2509 938 2579 αὐτῷ
992 2509 1110 2580 ἔρις
1159 2511 1322 2580 χερσὶ
1381 2509 1483 2580 μὲν
1540 2511 1634 2563 καὶ
1679 2509 1899 2580 βουλαῖς

327 2600 769 2670 κατεργάζεσθαι
802 2601 862 2652 τὸ
892 2600 1072 2664 ἄλλως
1104 2600 1387 2669 πολέμιον,
1423 2601 1582 2668 λόγου
1611 2600 1668 2653 δέ
1708 2600 1902 2653 πειθαο

328 2692 562 2761 νάγκαις
588 2690 914 2760 ἐφέλκεσθαι
943 2689 1005 2743 τὸ
1025 2689 1122 2743 τοῦ
1148 2689 1282 2742 Θεοῦ
1307 2690 1608 2761 ἀλλότριον.
1630 2690 1739 2744 Καὶ
1757 2685 1900 2760 εἶχεν

332 2785 366 2854 ὴ
411 2784 535 2852 ἱερὰ
568 2782 920 2854 κολυμϐήθρα
952 2783 1192 2853 συνεχῶς
1221 2783 1289 2836 δι’
1317 2781 1481 2836 αὐτοῦ
1507 2783 1639 2835 πολὺ
1668 2782 1728 2835 τὸ
1751 2784 1902 2852 ἐνερ-

327 2875 427 2945 γόν
448 2893 462 2907 ·
502 2877 594 2928 καὶ
621 2875 682 2928 τὸ
712 2875 1083 2946 προδρομικὺν
1113 2876 1140 2926 ὁ
1171 2875 1311 2937 θεῖος
1339 2876 1497 2945 ζῆλος
1524 2876 1581 2928 ἐν
1610 2874 1757 2944 αύτῴ
1791 2875 1901 2944 πῦρ

327 2968 572 3032 ἀνέκαιε,
608 2969 702 3021 καὶ
743 2970 771 3020 ὁ
802 2966 924 3020 καθ’
969 2967 1117 3036 ἡμᾶς
1160 2966 1426 3037 σωτήριος
1471 2967 1742 3036 Ἰορδάνης
1787 2967 1900 3028 τοῖς

331 3059 749 3130 βαπτιζομένους
796 3057 1034 3128 ἐπληθε·
1087 3059 1182 3110 καὶ
1219 3058 1330 3120 τοῖς
1373 3057 1606 3120 ἐθνικοῖς
1641 3057 1902 3111 διδασκά-

2007 1877 2157 1931 circa
2213 1877 2506 1933 ratiocinia
2545 1887 2600 1932 et
2641 1893 2864 1933 normas
2911 1894 2970 1934 se
3019 1887 3284 1933 exercent
3322 1886 3378 1933 et
3416 1878 3498 1933 sic
3529 1878 3587 1932 in

2005 1970 2256 2024 veritatis
2287 1971 2471 2025 studio
2506 1979 2558 2024 et
2589 1969 2642 2024 in
2675 1970 2912 2040 negotiis
2940 1969 3297 2040 capessendis
3326 1976 3590 2040 praestare

2007 2062 2275 2126 student,
2315 2061 2412 2116 sed
2462 2061 2734 2134 imprimis
2768 2063 2934 2118 rebus
2981 2062 3188 2120 divinis
3237 2070 3293 2119 et
3337 2059 3452 2117 Deo
3483 2060 3588 2131 ipsi

2006 2152 2400 2224 investigando
2434 2169 2658 2224 operam
2693 2155 2951 2214 navabat.

2075 2513 2166 2568 55.
2201 2513 2361 2568 Manu
2397 2521 2450 2568 et
2497 2513 2746 2568 consiliis
2777 2512 3122 2568 adversarios
3153 2512 3425 2583 subigere,
3457 2528 3582 2583 per-

2004 2607 2267 2662 suasione
2312 2606 2380 2660 ad
2429 2605 2600 2659 Deum
2640 2605 2906 2659 reducere
2937 2604 2990 2658 in
3023 2615 3208 2658 mente
3236 2605 3582 2674 propositmn

2004 2714 2130 2752 cum
2167 2699 2422 2761 haberet,
2454 2697 2762 2767 baptismus
2792 2698 3024 2751 multum
3053 2712 3148 2764 per
3177 2711 3301 2750 eum
3325 2696 3590 2759 invaluit,

2005 2799 2064 2846 ct
2112 2790 2262 2843 zelus
2310 2789 2532 2843 divinus
2582 2789 2761 2859 ignem
2801 2797 3055 2843 sanctum
3094 2787 3365 2850 accendit,
3416 2803 3591 2855 quare

2006 2879 2279 2936 Jordanes
2313 2893 2503 2935 uoster
2537 2881 2798 2934 salutaris
2833 2877 3178 2946 baptizandis
3223 2877 3539 2931 abundabat
3566 2912 3586 2940 ,

2007 2987 2062 3029 et
2083 2972 2366 3043 gentilium
2393 2971 2717 3026 doctoribus
2747 2985 2936 3038 parum
2972 2969 3176 3022 lahnris
3206 2969 3589 3032 incumbebat,

2007 3067 2166 3133 cujus
2200 3081 2294 3120 rex
2327 3065 2442 3133 ipse
2475 3065 2768 3117 maximam
2800 3071 3006 3130 partem
3031 3061 3373 3123 assumebat,
3397 3059 3585 3111 animo

327 3153 440 3216 λοις
489 3152 670 3220 ὀλίγον
697 3168 752 3205 τι
782 3150 876 3204 τοῦ
917 3149 1142 3221 μοχθεῖν
1187 3149 1453 3214 ἐλείπετο,
1488 3148 1583 3203 τοῦ
1634 3149 1899 3220 βασιλέως

2007 3173 2132 3212 vere
2161 3157 2325 3225 regali
2350 3156 2633 3221 dictitans,
2667 3171 2847 3223 regem
2881 3152 3023 3206 haud
3046 3151 3244 3205 decere
3267 3150 3321 3205 in
3350 3164 3586 3218 corpora

330 3245 608 3299 κάνταῦθα
638 3246 698 3298 τὸ
727 3243 823 3298 τοῦ
874 3244 1040 3297 πόνου
1074 3243 1259 3297 πλεῖον
1307 3243 1488 3314 ἐαυτῷ
1533 3240 1904 3314 ἀπομερίζον-

325 3355 442 3399 τος.
490 3337 770 3408 Λογισμδς
813 3337 922 3405 γὰρ
955 3337 1046 3390 καὶ
1083 3336 1232 3406 αὐτῷ
1267 3335 1550 3407 βασιλικὸς
1590 3335 1664 3406 μὴ
1703 3336 1904 3406 χρῆναι

331 3429 602 3499 σωμάτων
634 3430 733 3500 μὲν
762 3425 1054 3500 ὲγκρατῶς
1091 3427 1236 3498 ἐχειν
1283 3429 1374 3480 τὸν
1421 3427 1680 3497 ἄρχοντα,
1715 3427 1902 3498 ψυχῶν

333 3520 386 3572 δὲ
422 3519 498 3592 μὴ
547 3523 604 3583 ἐς
650 3521 769 3573 δέον
820 3519 1222 3590 περιγίνεσθαι.
1262 3517 1536 3587 Σκέψαιτο
1566 3520 1675 3587 γὰρ
1723 3519 1787 3572 ἀν
1820 3536 1905 3582 τις

343 3611 654 3678 ,ὺθυὸόλω;,
689 3613 829 3684 μήτε
851 3615 953 3682 γῆς
978 3611 1167 3680 ὄφελος
1195 3607 1357 3675 εἶναι,
1380 3606 1448 3682 ἦς
1473 3611 1678 3681 καρπὸς
1703 3609 1902 3676 οὐδεὶς,

345 3701 455 3756 ιῠτε
507 3702 761 3770 σώματος
813 3702 1184 3776 ἀνθρωπίνου,
1216 3695 1261 3770 ᾧ
1293 3702 1368 3773 μή
1416 3701 1565 3772 ψυχὴ
1620 3704 1902 3774 κάρπιμος

326 3793 540 3863 ἀγαθοῦ
568 3812 736 3859 τινος.
782 3793 941 3848 Ἔστι
982 3793 1040 3847 δέ
1085 3797 1179 3847 καὶ
1216 3793 1443 3863 ἀρίστου
1483 3793 1772 3863 οίκονὸμου
1796 3793 1905 3863 γῆν

329 3890 550 3960 ἐρήμην
603 3888 872 3943 οἰκεῖσθαι
925 3887 1182 3958 ποιῆσαι·
1227 3887 1322 3940 καὶ
1353 3886 1680 3940 διδασκάλου
1731 3885 1900 3951 σοφοῦ

331 3981 480 4034 κατά
530 3981 622 4035 τόν
678 3983 804 4052 ἄρτι
865 3978 1226 4049 ὑμνούμενον,
1269 3979 1398 4032 ἔνθα
1441 3980 1644 4042 παντὸς
1689 3978 1900 4048 ἀγαθοῦ

328 4072 561 4144 ἐρημία,
599 4073 714 4125 ἐκεῖ
755 4071 848 4123 τὸν
881 4071 1018 4123 Θεὸν
1041 4069 1274 4137 ἀγαγεῖν
1304 4069 1616 4138 οἰκήσοντα,
1649 4068 1742 4121 καὶ
1768 4084 1904 4138 προ-

331 4163 598 4236 νοητικῶς
629 4162 1177 4233 ἐμπεριπατήσοντα.
1211 4159 1277 4216 Oi
1307 4159 1529 4224 πλείους
1555 4159 1654 4229 μὲν
1679 4154 1773 4213 οῦν
1803 4157 1903 4230 τὴν

330 4253 498 4309 αὑτοῦ
524 4253 710 4324 φωνὴν
739 4253 1106 4322 ἡκουτίζοντο,
1133 4251 1229 4305 καὶ
1259 4253 1290 4304 ἀ
1300 4251 1482 4321 μέσως
1505 4249 1735 4305 αὐτόθεν
1756 4245 1902 4320 εἶχον

327 4347 392 4401 τὸ
422 4347 653 4416 ἀγαθόν·
687 4345 902 4408 πολλοῖς
930 4345 987 4398 δὲ
1026 4346 1123 4397 καὶ
1157 4343 1567 4410 ἀποστολιμαῖα
1593 4342 1663 4395 τά
1691 4343 1790 4410 τῆς
1820 4342 1904 4395 δι-

329 4438 652 4504 δασκαλίας,
682 4438 777 4492 καὶ
800 4436 1228 4508 ἐπεστρέφοντο.
1276 4434 1388 4489 Καὶ
1430 4434 1542 4488 τῶν
1587 4435 1902 4489 ἀποστόλων

2007 3249 2280 3305 dominari
2319 3248 2629 3302 animarum
2657 3245 2904 3300 dominio
2926 3245 3275 3299 destitutum.
3304 3241 3587 3296 Facillime

2006 3353 2139 3396 sane
2171 3355 2435 3403 senseris,
2457 3337 2600 3408 quod
2627 3352 2725 3390 nec
2757 3345 2922 3391 terra:
2955 3334 3431 3404 infrugil’erae'nec
3465 3349 3590 3387 cor-

2007 3431 2155 3501 poris
2209 3431 2429 3484 humani
2471 3429 2594 3484 sine
2639 3427 2822 3482 anima
2867 3426 3033 3480 fertili
3083 3426 3190 3479 ulla
3234 3425 3445 3480 utilitas
3479 3431 3584 3478 est.

2007 3522 2138 3577 Bnui
2166 3537 2326 3579 σοι-τυ
2350 3521 2809 3576 administratoris
2831 3533 2933 3584 est,
2961 3529 3162 3574 terram
3188 3519 3458 3572 desertam
3491 3516 3590 3567 hac

2005 3618 2282 3674 bitabilem
2315 3615 2567 3679 reddere,
2599 3624 2654 3670 et
2688 3615 2934 3684 magistri
2971 3613 3236 3682 sapientis
3269 3612 3412 3665 sicut
3440 3610 3486 3662 is
3517 3609 3590 3662 de

2005 3724 2118 3781 quo
2160 3709 2463 3782 loquimur,
2518 3707 2686 3762 Deum
2739 3706 3106 3761 habitatorem
3137 3712 3462 3773 perpetuum
3497 3699 3588 3754 in-

2007 3803 2306 3859 troducere
2357 3801 2411 3856 in
2455 3802 2569 3856 loca
2606 3803 2771 3856 rebus
2801 3799 2962 3853 bonis
2995 3814 3058 3852 ac
3090 3796 3342 3851 honestis
3384 3807 3583 3846 vacua.

2005 3892 2208 3949 Multos
2240 3901 2464 3950 constat
2489 3891 2611 3961 ejus
2640 3891 2792 3946 dicto
2817 3889 3108 3944 audientes
3153 3885 3346 3949 fuisse,
3400 3885 3588 3952 plures

2006 4001 2106 4056 per
2151 3985 2408 4040 mandata
2444 3983 2649 4052 scripta
2696 3981 2765 4035 ad
2803 3981 2982 4050 ipsum
3021 3992 3324 4034 conversos
3369 3989 3497 4029 esse
3531 3980 3588 4025 et

2007 4078 2211 4135 missos
2243 4078 2312 4132 ad
2347 4086 2536 4148 gentes
2565 4085 2804 4136 exteras,
2834 4087 2975 4140 quas
3004 4087 3036 4124 a
3065 4084 3278 4123 morum
3313 4067 3588 4136 pravitate

2005 4169 2074 4224 ad
2103 4169 2356 4224 virtutem
2375 4171 2733 4230 revocarunt;
2755 4163 2849 4216 alii
2878 4169 2998 4232 post
3013 4160 3331 4216 exautlatos
3363 4157 3584 4210 labores

2008 4276 2234 4332 peregre
2265 4259 2506 4314 defuncti
2548 4263 2700 4318 sunt,
2743 4253 2931 4309 felices
2965 4251 3038 4306 ob
3071 4252 3238 4312 viam,
3277 4249 3462 4304 felices
3509 4248 3585 4301 ob

2005 4353 2234 4414 exitum,
2290 4349 2432 4418 quod
2465 4360 2580 4417 post
2614 4347 2826 4400 animas
2859 4343 3095 4399 salvatus
3128 4339 3345 4411 nc‘gotio
3380 4338 3586 4392 valedi-

2005 4450 2204 4497 xerunt
2226 4445 2291 4496 'et
2315 4441 2448 4497 lucri
2485 4455 2590 4493 una
2623 4454 2746 4492 cmn
2787 4451 2912 4504 rege
2941 4433 3244 4504 participes
3263 4438 3580 4487 evaserunt.

328 4533 558 4586 ἐκείνων
587 4503 645 4584 οί
674 4532 773 4600 μὲν
801 4503 1198 4602 ἐπανήρχοντο,
1242 4527 1631 4598 κατισχύοντες
1663 4526 1766 4596 τῆς
1794 4544 1900 4580 πα-

2007 4533 2112 4588 Sed
2143 4543 2198 4588 et
2231 4535 2402 4589 sortis
2435 4532 2632 4586 futura:
2662 4503 2869 4582 indicia
2893 4503 2983 4581 hic
3013 4525 3218 4580 videris
3240 4531 3295 4579 et
3321 4538 3444 4578 cum
3485 4536 3584 4575 uo-

327 4625 490 4688 λαιᾶς
524 4621 860 4694 φαυλότητος
896 4621 1008 4676 τῶν
1050 4620 1558 4692 μαθητευσαμένων
1604 4621 1811 4675 ἐθνῶν·
1854 4623 1904 4676 οἱ

327 4716 406 4781 δὲ,
440 4715 518 4786 τῷ
546 4715 747 4787 μακρῷ
771 4715 866 4768 τοῦ
891 4715 1088 4786 χρόνου
1120 4715 1416 4784 καμόντες,
1443 4717 1812 4785 ἐηπὲμειναν
1838 4717 1904 4786 τῇ

329 4807 570 4878 ἐκδημίᾳ
622 4806 1093 4879 μεταταξάμενοι·
1133 4806 1400 4878 μακάριοι
1455 4807 1555 4876 μὲν
1606 4807 1709 4876 τῆς
1755 4807 1902 4875 ὁδοῦ,

331 4902 598 4973 μακάριοι
629 4900 688 4954 δὲ
721 4900 816 4954 καὶ
843 4898 942 4969 τῆς
975 4899 1180 4967 ἐξόδου,
1204 4899 1287 4952 ὅτι
1313 4897 1493 4969 ψυχὰς
1521 4897 1776 4968 ὀνάμενοι
1805 4899 1904 4968 τῆς

328 4994 607 5065 ἐμπορίας
656 4993 1032 5057 κατέπαυσαν,
1080 4990 1648 5061 συνεπιμερισάμενοι
1691 4990 1758 5044 τὰ
1808 4987 1902 5044 τοῦ

326 5087 555 5157 κέρδους
586 5086 664 5152 τῷ
695 5085 1082 5156 αὐτοκράτορι.
1116 5079 1225 5136 Ἦν
1259 5082 1351 5136 οῦν
1383 5081 1528 5135 κατὰ
1559 5099 1611 5134 τι
1638 5081 1781 5134 θεῖον
1814 5080 1903 5134 διὰ

324 5183 501 5237 ταῦτα
531 5183 626 5237 καὶ
658 5181 721 5235 τδ
746 5181 845 5252 τῆς
879 5178 1172 5248 ἐσύστερον
1199 5179 1474 5248 κλήσεως·
1515 5178 1612 5232 καὶ
1652 5176 1732 5246 τῷ
1766 5176 1904 5230 θεω-

325 5277 653 5346 νυμουμένῳ
703 5274 846 5328 πάνυ
877 5270 1176 5343 προσφυῶς
1229 5271 1325 5323 καί
1373 5270 1436 5322 τὸ
1485 5269 1581 5323 τοῦ
1634 5269 1902 5339 ὀνόματος

2005 4625 2152 4682 mine
2182 4627 2368 4680 divino
2419 4640 2617 4679 nomen
2649 4623 2885 4694 apostoli
2917 4620 3056 4674 mire
3092 4618 3371 4686 congruit,
3407 4615 3584 4682 siqni-

2003 4717 2128 4772 dem
2159 4733 2188 4772 a
2228 4719 2336 4772 Deo
2367 4716 2432 4770 ad
2470 4715 2695 4769 meliora
2735 4711 3040 4768 docendum
3078 4710 3281 4762 missus
3315 4714 3418 4764 est.
3464 4707 3584 4773 ipse

2004 4819 2186 4864 autem
2236 4825 2359 4863 cum
2409 4807 2646 4877 Spiritus
2695 4805 2876 4860 sancti
2919 4803 3096 4873 gratia
3155 4800 3305 4854 misit
3339 4797 3584 4866 ejusdem

2004 4903 2268 4955 doctrina:
2306 4908 2720 4970 propagatorcs.
2781 4895 2889 4952 Sed
2941 4904 2995 4950 et
3036 4893 3196 4948 aliter
3239 4890 3583 4960 apostolatus

2014 5008 2242 5047 munere
2276 4992 2496 5046 functus
2526 4999 2633 5058 est,
2657 5006 2764 5044 non
2807 5005 2902 5059 per
2933 4987 3069 5042 alios
3100 4987 3353 5056 dogmata
3387 4994 3587 5050 prona-

2012 5085 2211 5155 gaudo,
2257 5084 2368 5138 imo
2411 5099 2562 5139 suam
2601 5083 2775 5152 ipsius
2804 5096 2989 5136 vocem
3017 5077 3171 5131 libris
3205 5075 3580 5139 cnn'signatam

2013 5177 2161 5231 foras
2193 5177 2435 5239 mittens,
2457 5184 2612 5246 prout
2638 5172 2941 5244 apostolica
2958 5173 3041 5226 lex
3065 5168 3290 5221 Paulum
3316 5162 3580 5216 illustrem

2011 5269 2242 5323 reddidit
2255 5311 2268 5325 ,

326 5340 686 5423 ἀποστολικδν
749 5340 1204 5447 προσήρμοσται,
1265 5365 1518 5418 σταλέντι
1578 5365 1677 5435 μὲν
1735 5361 1884 5434 αὐτῷ
1943 5362 2130 5416 θεόθεν
2181 5363 2455 5417 διδάσκειν
2503 5360 2572 5414 τά
2622 5359 2929 5426 κρείττονα,
2993 5345 3367 5447 mild-0W9}?
3422 5340 3584 5447 αὖθις

329 5461 473 5534 μετά
497 5462 596 5532 τῆς
620 5460 716 5515 τοῦ
744 5436 1058 5530 Πνεύματος
1089 5458 1312 5529 χάριτος
1341 5459 1468 5520 τοὺς
1508 5459 1566 5510 ἐν
1605 5459 1886 5529 ὁμοιότητι
1939 5457 2288 5518 διδασκαλίας
2339 5456 2678 5523 λάμψοντας.
2725 5450 2784 5500 '0
2841 5446 2897 5499 δὲ
2928 5445 3020 5496 καὶ
3050 5441 3225 5503 ἄλλως
3267 5439 3488 5534 ἐνήργει
3512 5436 3580 5488 τὰ

325 5558 432 5624 τῆς
484 5555 870 5623 διδασκαλικῖκ
904 5553 1230 5622 ἀποστολῆς,
1285 5551 1348 5604 ού
1401 5553 1664 5620 στόμασιν
1710 5553 1914 5622 ἐτέρων
1948 5553 2264 5621 ἐπιτρέπων
2287 5545 2654 5603 διακονεῖσθαι
2709 5543 2823 5602 τοῖς
2870 5537 3216 5606 διδάγμασιν,
3249 5529 3581 5624 ἐπιπέμπων

326 5617 518 5715 δὲ’-τὴν
570 5645 782 5701 οίκείαν
828 5617 999 5707 ἀὐτὸς
1042 5617 1228 5714 φωνὴν
1274 5617 1763 5713 ἐνσεσημασμένττν
1804 5617 2040 5709 θίϐλοις.
2083 5617 2153 5706 ⁷ὃς
2207 5642 2302 5696 καὶ
2334 5639 2499 5702 αὐτὸς
2549 5635 2713 5705 νόμος
2743 5629 3126 5694 ἀποστολικδς,
3163 5628 3190 5680 ὅ
3236 5623 3334 5680 καὶ
3365 5617 3584 5675 Παῦλον

333 5743 630 5813 σεμνύνας,
666 5738 758 5794 τὸν
786 5738 888 5810 τῆς
923 5737 1251 5811 Ἑκκλησίας
1286 5737 1514 5809 ῥήτορα.
