4026 6248
442 281 551 344 999

1186 279 1604 339 EUSTATIIII
1643 275 2396 340 TIIESSALONICENSIS
2435 277 2994 339 METROPOLITJE

3529 281 3671 344 Ῑθλθ

505 395 572 450 36
632 393 702 446 Ex
743 407 909 462 parvo
943 391 1141 445 abhinc
1181 403 1424 460 tempore
1475 394 1639 461 lupus
1680 392 1996 451 Orientalis,

2177 391 2285 457 λς’.
2324 394 2526 463 Καιρὸς
2551 388 2643 446 οὖν
2686 395 2743 445 οὐ
2791 395 3023 463 μακρξς,
3057 394 3152 446 καὶ
3198 393 3357 454 λύκος
3388 398 3542 466 ἑῷος,
3579 417 3674 450 κα-

437 488 637 539 mnlum
688 486 1000 554 Assyricum
1026 527 1038 544 .
1075 485 1401 555 Babylonica
1437 487 1764 554 garrulitate
1801 493 1996 538 contra

432 579 574 631 ovile
605 577 848 630 divinum
886 576 1070 644 rngiit,
1100 590 1289 628 vocem
1323 575 1599 629 sinistram
1637 575 1828 637 edens,
1858 583 1910 628 et
1943 581 1999 627 ut

435 671 550 722 sine
584 677 740 735 tropo
782 667 984 730 dicam,
1019 669 1347 736 peregrinus
1399 666 1619 735 quidam
1648 707 1662 726 ,
1700 666 1921 735 sapiens
1952 666 1996 719 si

432 775 532 829 per
561 775 620 814 se
647 768 946 828 spectetur.
975 759 1043 813 de
1073 759 1274 814 nostris
1313 760 1480 814 rebus
1521 767 1577 812 ut
1607 759 1790 813 ebrius
1826 758 1997 812 blate-

433 866 584 913 rans,
617 867 810 904 canum
846 866 994 904 more
1039 850 1376 904 divinis-sima
1407 865 1632 919 quicque
1682 848 1954 902 allatravit
1980 887 1996 914 ,

435 955 490 995 ut
533 960 706 1012 equus
742 943 1069 1007 recalcitrat,
1133 943 1385 997 frendens
1436 951 1622 996 contra
1671 943 1994 1006 dominum,

430 1049 590 1102 quem
626 1050 733 1088 non
772 1044 1014 1097 never-st,
1049 1051 1228 1088 suum.
1251 1033 1436 1087 luania
1470 1032 1762 1088 meditatus
1786 1033 1995 1088 insulsa

432 1132 749 1192 argumenta
790 1125 1128 1177 coa--crvavit
1155 1166 1169 1188 ,
1203 1133 1254 1177 et
1287 1125 1410 1176 ilum
1447 1123 1581 1178 retia
1627 1132 1809 1178 texere
1845 1123 1994 1175 vitle-

435 1218 611 1278 batur,
654 1217 838 1269 omnia
868 1215 1129 1277 confudit,
1164 1225 1217 1269 et
1256 1216 1412 1284 quasi
1461 1229 1556 1283 per
1592 1215 1800 1281 repudii
1833 1213 1993 1266 libel-

431 1310 541 1361 lum
581 1307 887 1368 scientiam.
924 1321 1045 1374 quae
1083 1307 1357 1360 hominem
1390 1321 1512 1360 cum
1549 1305 1658 1359 Deo
1686 1314 1838 1358 arcte
1862 1304 1993 1374 jun-

433 1401 530 1466 git,
565 1401 791 1454 alteram
821 1407 1004 1452 autem
1044 1398 1508 1452 subintroducens
1550 1397 1860 1466 pestiferam
1896 1401 1996 1452 iiu-

432 1488 674 1558 peratori
708 1504 868 1544 manu
910 1490 1033 1542 forti
1072 1498 1235 1558 atque
1284 1490 1598 1558 eloquentia
1651 1490 1992 1558 praepollenti

432 1583 765 1635 demenstrat
785 1582 929 1651 quod
959 1590 1144 1636 contra
1174 1596 1380 1636 sacram
1409 1589 1650 1637 nostram
1679 1583 1996 1651 religionem

431 1672 701 1728 disserere
735 1681 952 1742 posset;
994 1683 1047 1726 et
1079 1687 1175 1726 sua
1201 1715 1216 1737 ,
1247 1681 1304 1725 ut
1337 1674 1556 1726 domum
1594 1688 1758 1741 super
1789 1687 1952 1727 arena
1978 1711 1994 1737 ,

2108 482 2202 534 κδν
2245 485 2298 535 Ἀ
2311 483 2550 553 σσύριον,
2577 484 2922 552 γλωσσαλγὲα
2951 484 3266 554 Βαϐυλωνίᾳ
3299 486 3510 554 ὠρύετο
3535 490 3674 541 κατά

2103 573 2198 626 τοῦ
2235 573 2380 625 θείου
2415 575 2687 642 ποιμνίου.
2716 575 2808 626 καὶ
2836 573 3019 643 φωνὴν
3050 575 3347 643 ἀπόφημον
3377 577 3671 643 ἡρεύξατο.

2104 664 2198 717 καὶ
2224 665 2426 735 τρόπου
2455 666 2577 734 δίχα
2609 668 2816 729 εἰπεῖν,
2865 665 3143 737 ἁλλότριός
3185 684 3267 728 τις
3305 667 3467 735 ἀνὴρ,
3508 669 3672 734 σοφὸς

2109 757 2208 827 μὲν
2238 757 2305 809 τὰ
2338 758 2556 822 ἑαυτοῦ,
2595 758 2663 811 τὰ
2713 759 2770 811 δὲ
2814 758 3062 829 ἡμέτερα
3107 760 3183 820 ὡς
3229 761 3285 810 ἐν
3323 760 3494 828 μέθης
3525 761 3670 829 λόγῳ

2104 848 2459 917 παραλαλῶν,
2504 848 2736 917 κυνηδὸν
2784 848 2926 901 κατὰ
2956 847 3060 900 τῶν
3100 848 3396 902 θειοτάτων
3430 850 3669 922 ὐλᾱικτη⁸

2105 955 2217 1004 σεν,
2245 938 2353 992 εἴτε
2399 941 2494 992 καὶ
2523 939 2594 1002 ὡς
2631 939 2795 1003 ἵππος
2838 939 3174 1004 ἐξελάκτισε,
3225 942 3672 1010 φριμασσόμενος

2103 1031 2244 1082 κατὰ
2281 1029 2372 1083 τοῦ
2407 1031 2598 1101 κυρίου
2628 1030 2792 1084 αὑτοῦ
2817 1072 2831 1094 ,
2872 1031 2933 1082 ὃν
2970 1031 3092 1084 οὐδὲ
3140 1031 3376 1099 ἐπέγνω.
3418 1033 3527 1084 Καὶ
3573 1050 3668 1101 με⁶

2101 1119 2334 1188 λετήσας
2365 1121 2521 1185 κενὰ,
2562 1121 2931 1192 ξυνεφόρησεν
2981 1123 3310 1187 ἀλλοκότους
3366 1124 3672 1194 παραλογι-

2104 1212 2310 1278 σμούςο
2371 1213 2468 1265 καὶ
2521 1213 2697 1266 δοκῶν
2751 1215 2935 1281 πάγας
2997 1213 3240 1280 πλέκειν,
3293 1219 3516 1283 συνέχεε
3576 1217 3672 1267 καὶ

2105 1303 2315 1373 βιϐλίον
2342 1298 2452 1356 οἷον
2493 1303 2823 1372 συνθέμενος
2848 1307 3206 1368 ἀποστασίου,
3257 1307 3537 1375 ἐξέπεμπε
3571 1308 3669 1376 μὲν

2099 1395 2199 1463 τὴν
2252 1394 2650 1464 συξευχθεῖσαν
2701 1397 2973 1467 ἀνθρώπῳ
3011 1402 3173 1450 παντὶ
3215 1399 3398 1450 θεόθεν
3443 1400 3666 1466 γνῶσιν,

2101 1486 2298 1556 ἑτέραν
2332 1487 2408 1549 δέ,
2445 1488 2511 1558 ἥν
2559 1488 2658 1540 οὐκ
2695 1489 2892 1556 ἐχρῆν,
2941 1490 3427 1559 εἰσποιησάμενος,
3479 1491 3668 1558 ἐδήλου

2101 1579 2204 1646 τὴν
2235 1580 2425 1632 ἄνοιαν
2450 1579 2526 1648 τῷ
2554 1581 2648 1632 καὶ
2675 1581 2832 1648 χερσὶ
2855 1581 3065 1650 δυνατῷ
3099 1582 3192 1634 καὶ
3219 1582 3398 1648 λόγοις
3422 1582 3668 1651 κραταιῷ

2105 1670 2333 1740 βασιλεῖ,
2361 1671 2770 1739 ἐνδεικνύμενος
2801 1671 3064 1726 δύνασθαί
3094 1691 3146 1726 τι
3173 1675 3312 1726 κατᾶ
3339 1675 3433 1743 τῆς
3459 1675 3518 1726 ἐν
3541 1678 3668 1745 ἡμῖν

433 1765 682 1828 fundare,
712 1774 956 1816 nosuam
985 1771 1188 1826 autem,
1236 1765 1484 1826 insanus,
1524 1780 1716 1818 eruere
1742 1765 1993 1828 tentavit,

2105 1761 2408 1831 ἱερωτάτης
2442 1762 2742 1832 θρησκείας
2791 1763 2995 1827 λαλεῖν,
3057 1766 3151 1818 καὶ
3205 1766 3274 1817 τὰ
3327 1767 3428 1834 μὲν
3475 1766 3669 1819 ἐαυτοῦ

430 1866 628 1908 contra
657 1871 777 1924 quae
807 1863 976 1924 portae
1010 1856 1168 1910 inl'eri
1201 1870 1308 1910 non
1339 1856 1731 1925 praevalebunt.
1759 1846 1996 1910 Rex‘an—
2029 1845 2032 1848 ί

435 1956 544 2000 tem
569 1947 842 2016 extemplo
864 1949 1252 2016 superveniens
1273 1948 1496 2016 (talibus
1517 1949 1660 2000 enim
1694 1949 1995 2002 indormire

432 2056 542 2092 non
575 2039 806 2111 poterat)
833 2041 1099 2096 intellexit
1120 2051 1171 2097 et
1206 2042 1566 2098 Barbarorum
1612 2043 1993 2112 procacitatem

432 2126 809 2182 refrenaturus
841 2128 894 2182 in
924 2131 1328 2185 controversias
1355 2131 1656 2186 immiscuit
1682 2131 1790 2185 dux
1819 2132 1995 2186 bonus

428 2227 484 2271 et
525 2233 680 2272 sacer
721 2219 986 2274 militibus
1019 2223 1110 2290 qui
1140 2229 1192 2276 et
1225 2222 1324 2291 ipsi
1359 2223 1411 2276 in
1449 2225 1655 2277 talibus
1689 2223 1824 2278 satis
1859 2238 1988 2278 ver-

431 2312 532 2365 sati
575 2319 752 2365 erant.
793 2311 1046 2368 Feliciter
1076 2314 1292 2384 quidem
1323 2316 1428 2369 tela
1459 2315 1513 2368 in
1545 2316 1776 2369 bestiam
1813 2316 1998 2386 conje-

430 2415 644 2468 cerunt,
679 2403 821 2459 inter
852 2421 988 2475 quos
1021 2414 1076 2459 et
1123 2408 1259 2462 bene
1293 2409 1638 2476 pharetratus
1678 2407 1994 2478 imperator,

431 2495 630 2551 multas
660 2497 834 2552 alata:
864 2498 1152 2567 possidens
1179 2500 1427 2570 sagittas;
1459 2501 1586 2555 dum
1611 2505 1794 2554 autem
1821 2499 1998 2555 bestia

431 2588 484 2639 in
514 2588 678 2642 corde
715 2604 822 2642 non
853 2590 1268 2656 vulnerabatur,
1303 2593 1394 2647 ille
1425 2593 1664 2647 medium
1695 2607 1791 2647 eor
1818 2599 2001 2646 trans-

434 2679 608 2741 fodit;
645 2679 788 2736 Deus
827 2689 1007 2735 autem
1040 2682 1204 2752 hujus
1236 2685 1546 2740 venationis
1594 2699 1796 2754 praeses
1837 2698 1990 2739 more

433 2770 738 2828 Psalmistaa
791 2789 910 2828 eam
971 2775 1262 2832 celebrans
1315 2777 1530 2834 laatatus
1588 2786 1708 2842 est;
1750 2785 1804 2833 et
1851 2791 1998 2832 nunc

429 2864 708 2933 egregium
758 2864 888 2919 illud
935 2866 1104 2921 telum
1141 2866 1196 2922 in
1245 2867 1492 2924 honestis
1535 2865 1789 2922 manibus
1835 2866 2002 2936 inque

434 2955 607 3010 oculis
633 2956 1140 3027 curiosisjversatur
1167 2967 1220 3014 et
1248 2959 1339 3029 qui
1371 2959 1606 3028 conjecit
1635 2957 1831 3012 beatus
1860 2953 2002 3010 diei-

430 3058 538 3101 tur.
592 3047 667 3102 En
731 3050 1106 3106 testimonium
1149 3053 1295 3121 quod
1337 3050 1404 3106 ad
1441 3049 1840 3122 philosophiam
1881 3048 1999 3119 eius

431 3141 742 3196 universam
777 3151 1008 3212 spectat.

2103 1855 2331 1924 ἀνιστᾷν
2361 1854 2578 1914 ἐθέλων,
2612 1855 2744 1907 ὡσεὶ
2772 1857 2866 1908 καί
2897 1872 3018 1908 τινα
3049 1856 3107 1919 ἐξ
3137 1856 3322 1925 ἄμμου
3355 1857 3664 1926 οἰκοδομὴί,

2103 1948 2502 2016 καταρῤιπτεῖν
2547 1945 2604 1998 δὲ
2661 1947 3004 2015 πειρώμενος
3055 1947 3123 1998 τὰ
3171 1947 3432 2016 ὴμεδαπὰ
3458 1951 3667 2014 νήπιος,

2101 2031 2176 2091 ὦν
2215 2038 2315 2090 οὐκ
2368 2039 2434 2090 ἂν
2474 2037 2595 2091 οὐδὲ
2631 2037 2800 2090 πύλαι
2857 2037 2982 2108 ᾅδου
3029 2040 3438 2108 κατισχύσαιεν.
3506 2041 3565 2092 '0
3613 2041 3668 2090 δὲ

2106 2130 2360 2200 βασιλεὺς
2413 2131 2551 2200 ταχὺ
2606 2129 2847 2183 ἐπελθὼν
2898 2132 2980 2200 (οὑ
3028 2132 3134 2201 γὰρ
3185 2127 3252 2201 ῆν
3301 2131 3512 2184 ἐκείνου
3559 2133 3666 2192 τοῖς

2101 2223 2368 2286 τοιούτοις
2409 2223 2836 2286 ἐπινυστάξειν),
2888 2223 2982 2276 καὶ
3017 2223 3327 2291 καταγνοὺς
3382 2223 3480 2276 καὶ
3535 2240 3666 2293 προ-

2101 2315 2580 2382 ϐληματισὰμενος
2612 2313 2790 2385 ἐαυτῷ
2835 2315 2905 2368 τὰ
2935 2315 3034 2385 τὴν
3072 2313 3416 2385 βαρϐαρικὴν
3446 2315 3668 2384 ἐρεσχε-

2100 2405 2220 2458 λίαν
2272 2404 2739 2472 κατασιγᾶσοντα,
2796 2398 2918 2458 εἶτα
2981 2408 3081 2458 καὶ
3135 2407 3249 2468 τοῖς
3321 2404 3667 2474 βουλομένοις

2102 2496 2396 2550 ἐκδέδωκεν
2424 2498 2504 2559 είς
2539 2496 2882 2568 ἀντίρρησιν,
2917 2496 3225 2566 στρατηγὸς
3255 2496 3462 2566 ἀγαθός
3491 2513 3550 2550 τε
3579 2502 3670 2548 καὶ

2103 2588 2269 2659 ίερὺς,
2295 2589 2660 2656 στρατιώταις
2694 2589 2894 2652 ἱκανῶς
2915 2589 3011 2642 καὶ
3039 2590 3226 2653 αὐτοῖς
3254 2591 3372 2652 ταῖς
3395 2590 3668 2648 τοιαύταις

2107 2678 2309 2748 μάχαις
2361 2679 2780 2750 ἐνησκημένοις.
2835 2679 2943 2732 Καὶ
2990 2679 3191 2741 πάντες
3245 2680 3343 2749 μὲν
3374 2681 3666 2746 κατετοξά-

2103 2770 2258 2836 ζοντο
2295 2769 2390 2823 τοῦ
2427 2769 2620 2841 θηρίου
2643 2770 2940 2840 ἐπιτυχῶς,
2983 2771 3040 2822 ἐν
3071 2771 3126 2824 δὲ
3171 2775 3282 2833 τοῖς
3318 2773 3411 2824 καὶ
3445 2774 3473 2824 6
3505 2772 3666 2840 εὐρυ-

2103 2862 2408 2934 φαρέτρας,
2445 2861 2541 2915 καλ⁸
2575 2861 2805 2926 πολλοὺς
2853 2863 3106 2918 πλουτῶν
3149 2864 3274 2926 τοὺς
3324 2865 3468 2916 κατὰ
3511 2864 3669 2931 λόγον

2104 2956 2434 3026 πτερόεντας
2466 2953 2758 3024 βασιλεύς·
2794 2957 3032 3018 καὶτοῖς
3071 2958 3172 3027 μὲν
3218 2957 3402 3016 ἄλλοις
3436 2958 3499 3008 οὐ
3532 2954 3670 3006 κατὰ

2103 3047 2333 3118 καρδίας
2381 3049 2410 3101 6
2465 3047 2571 3117 θὴρ
2633 3045 2910 3110 ἐϐάλλετο,
2946 3047 3109 3111 αὐτὸς
3151 3047 3196 3100 δ’
3227 3046 3365 3101 ἀλλὰ
3412 3043 3668 3112 τυγχάνει

2029 3130 2073 3189 C
2109 3139 2280 3210 μέσης
2326 3139 2518 3209 αὖτῆςο
2553 3139 2664 3195 Καὶ
2702 3138 2731 3191 ὃ
2762 3138 2862 3208 τῆς
2907 3138 3082 3209 θήρας
3115 3138 3323 3210 ταύτης
3361 3132 3668 3194 ἐπιστατῶν

429 3231 582 3296 Θεὸς.
635 3235 727 3288 ναὶ
788 3235 888 3305 μὲν
911 3236 1007 3291 καὶ
1033 3234 1329 3307 ψαλμικῶς
1374 3235 1613 3306 εὐλογῶν
1639 3235 1832 3306 αὐτὴν,
1861 3233 2070 3304 ἔχαιρε.
2114 3233 2223 3287 Καὶ
2255 3232 2352 3286 νῦν
2378 3237 2440 3286 τὺ
2473 3233 2730 3287 ἐκλεκτὸν
2761 3235 2939 3286 ἐκεῖνο
2966 3232 3122 3303 βέλος
3157 3231 3214 3285 ἐν
3251 3249 3310 3285 τε
3339 3232 3501 3302 χερσὶ
3531 3231 3654 3300 φιλο

430 3327 637 3396 κάλοις,
686 3331 743 3386 εν
782 3349 841 3386 τε
888 3333 1045 3404 ὂψεσι
1107 3333 1461 3404 φιλοθεάμοσι
1514 3333 1761 3405 φέρεται,
1821 3332 1916 3383 καὶ
1974 3333 2002 3384 6
2055 3329 2290 3400 ἐπαφεὶς
2349 3331 2652 3399 εὐλογεῖται
2719 3331 3176 3402 μακαριζόμενος.
3235 3331 3344 3382 Καὶ
3389 3331 3459 3400 τῇ
3507 3329 3668 3398 λοιπῇ

435 3423 720 3498 φιλοσοφίᾳ
735 3427 947 3482 ἐκείνου
969 3428 1240 3484 καὶτοῦτο
1265 3429 1549 3500 σύγκειται
1569 3430 1650 3491 είς
1667 3426 1987 3500 μαρτύριον.

505 3588 594 3644 57.
633 3589 810 3658 Hujus
842 3592 1123 3661 sapientiae
1147 3607 1275 3664 pars
1305 3609 1418 3648 non
1455 3593 1680 3648 minima
1715 3599 1840 3646 sunt
1879 3587 1994 3660 pri-

435 3680 575 3732 stina
603 3684 900 3736 certamina
932 3685 1303 3738 ecclesiastica
1325 3727 1341 3749 ,
1368 3689 1419 3740 iu
1451 3687 1649 3755 quibus
1684 3686 1842 3751 regis:
1869 3697 1991 3736 eum

437 3770 546 3823 Deo
579 3773 819 3828 victoriae
849 3783 903 3829 et
933 3775 1236 3844 linguarum
1266 3793 1386 3847 quae
1421 3779 1531 3832 Deo
1577 3778 1866 3841 insultant,
1895 3792 1994 3830 ex-

437 3861 711 3928 stirpatio,
777 3879 898 3934 qua:
949 3865 1278 3920 sacriﬁcium
1332 3882 1430 3936 pro
1491 3869 1678 3921 mundi
1733 3869 1907 3920 salute
1967 3880 1997 3918 a

439 3967 634 4020 magno
659 3954 1030 4009 saeriﬂcatore
1077 3954 1322 4010 oblatum
1356 3956 1724 4026 ’rejiciebant,
1763 3957 1870 4009 Deo
1901 3958 2006 4010 im-

436 4046 754 4114 pertieutes,
788 4049 944 4117 quasi
977 4048 1237 4118 scrupulo
1266 4051 1449 4105 vexati
1481 4065 1550 4104 ne
1584 4049 1788 4104 oblatio
1825 4049 2006 4104 Trini-

435 4137 535 4191 ιατί
582 4136 792 4191 coalein
853 4137 1205 4206 displiceret,
1263 4146 1318 4192 et
1391 4139 1518 4193 hinc
1570 4141 1894 4208 insipienter
1940 4140 2007 4194 ad

437 4227 653 4282 Patrem
703 4227 1003 4284 referentes
1059 4238 1114 4283 et
1185 4231 1379 4286 salutis
1432 4231 1756 4288 universalis
1803 4233 2004 4287 admit-

435 4329 612 4374 tentes
643 4319 961 4390 participem
984 4318 1206 4384 Filium,
1237 4325 1326 4391 (eo
1374 4330 1763 4393 pervenerunt)
1797 4335 1850 4377 et
1885 4326 2007 4394 Spi-

435 4409 600 4462 ritum
624 4418 871 4464 sanctum
905 4410 956 4463 in
1004 4411 1267 4466 nullitatis
1298 4411 1418 4466 loco
1449 4423 1768 4481 posuerunt.
1800 4413 2000 4467 Ibidem

2170 3584 2270 3648 λζ’.
2304 3583 2518 3652 Ταύτης
2565 3585 2666 3654 τῆς
2712 3585 2906 3654 σοφίας
2943 3587 3106 3657 μέρος
3138 3587 3335 3640 οῦκουν
3380 3588 3662 3659 ἐλάχιστον

2101 3677 2198 3729 καὶ
2236 3676 2286 3727 οἱ
2337 3674 2642 3742 φθάσαντες
2699 3676 3149 3745 ἐκκλησιαστικοὶ
3196 3676 3430 3744 ἀγῶνες,
3481 3682 3540 3730 ἐν
3585 3675 3664 3742 οἷς

2103 3770 2198 3823 καὶ
2231 3767 2413 3829 αὐτοῖς
2454 3767 2711 3837 βασιλικὰ
2751 3770 2848 3820 σὺν
2877 3768 2994 3835 Θεῷ
3023 3769 3390 3836 ἐκνικήματα,
3428 3772 3525 3823 καὶ
3553 3772 3667 3824 θεο-

2107 3863 2298 3929 μάχων
2319 3860 2581 3927 γλωσσῶν
2609 3858 2919 3926 ἐκρίζωσις,
2950 3861 3071 3910 ὅσαι
3097 3859 3192 3928 τὴν
3214 3862 3664 3932 κοσγιοσιοτήριον

2103 3952 2420 4024 προσφορὰν
2449 3952 2544 4004 τοῦ
2580 3951 2813 4020 μεγάλου
2846 3951 2938 4003 καὶ
2968 3951 3126 4006 θύτου
3170 3953 3264 4006 καὶ
3295 3955 3537 4024 θύματος
3564 3957 3667 4008 ἀπο

2104 4043 2388 4111 ενόσφιζον
2419 4043 2605 4106 αὑτοῦ,
2654 4043 2954 4107 ἰδιάζουσαι
2997 4047 3202 4114 ταύτην
3250 4046 3326 4116 τῷ
3359 4048 3558 4112 [Ia-:91,
3596 4049 3667 4107 ὡς

2105 4139 2265 4210 εἴπερ
2321 4138 2651 4192 εὐλαϐοῦντο
2702 4140 3112 4210 γλισχρότερον,
3160 4141 3234 4209 μή
3293 4157 3426 4193 ποτε
3470 4143 3541 4195 τὰ
3573 4142 3669 4206 τῆς

2108 4230 2477 4300 προσαγωγῆς
2510 4231 2609 4282 οὐκ
2632 4229 2716 4300 εἴη
2743 4233 2809 4300 τῇ
2841 4230 3094 4302 ὑπεροέῳ
3123 4231 3314 4300 Τριάδι
3345 4233 3664 4302 ἀρέσκοντα,

2107 4322 2401 4376 κάντεῦθεν
2431 4321 2606 4392 αὐτὴν
2636 4323 2890 4391 ἀφρόνως
2921 4324 3000 4384 είς
3031 4321 3122 4374 τὸν
3150 4323 3369 4391 Πατέρα
3407 4323 3670 4392 μονάζονο

2110 4429 2223 4476 σαι,
2270 4412 2366 4466 καὶ
2394 4411 2640 4464 τοιούτου
2670 4412 2970 4481 κεφαλαίου
3015 4415 3361 4481 παγκοσμίου
3397 4415 3669 4482 σωτηρίας

436 4514 575 4568 opus
621 4501 828 4571 regium
884 4513 1215 4571 perseverat,
1272 4503 1410 4560 liber
1456 4521 1634 4573 sacer,
1690 4522 1852 4575 quem
1907 4509 1998 4562 Ee-

2108 4502 2478 4574 ἀκοινώνητον
2504 4503 2596 4555 τόν
2628 4519 2690 4555 τε
2721 4503 2849 4557 Υίδν
2877 4505 3124 4571 ἀφιεῖσαι
3159 4504 3240 4569 (τό
3285 4521 3351 4572 γε
3390 4505 3472 4567 είς
3503 4505 3670 4565 αὑτὰς

437 4591 604 4645 clesia
633 4592 772 4647 inter
795 4593 1084 4650 thesauros
1112 4609 1301 4652 sacros
1338 4609 1600 4662 asservat,
1661 4601 1863 4669 regiam
1899 4601 1997 4654 de-

437 4677 1010 4750 claranszsapientiam
1039 4691 1094 4738 et
1112 4697 1210 4754 pro
1241 4683 1335 4740 Dei
1362 4687 1612 4744 ecclesiis
1666 4690 1998 4746 sollicitudi-

439 4782 588 4824 nem.

505 5117 597 5173 38.
655 5114 894 5174 Verbum
947 5135 1110 5177 omne
1154 5123 1290 5178 illud
1345 5123 1717 5192 dogmaticum
1761 5123 2004 5178 nontlum

441 5211 712 5274 prolatum
764 5225 900 5277 erat,
933 5229 1054 5268 cum
1108 5217 1281 5270 malus
1327 5217 1539 5269 dzcmon
1598 5216 2003 5281 invidissimus,

441 5301 566 5353 dum
609 5301 700 5354 Dei
741 5301 980 5357 Ecclesia
1036 5306 1087 5358 in
1145 5308 1407 5358 unitatem
1442 5305 1695 5362 conﬂata.
1734 5309 2003 5363 discordia

441 5389 589 5442 omni
633 5391 842 5443 sublata
898 5392 950 5445 in
995 5394 1349 5447 concordiam
1392 5394 1729 5460 spiritualem
1777 5398 2002 5463 coaluit,

442 5476 659 5531 Patrem
695 5479 830 5536 Filio
865 5483 1123 5550 majorem
1155 5483 1456 5537 secundum
1490 5485 1841 5554 Evangelium
1881 5503 2005 5555 pro-

445 5570 681 5620 nuntiat.
721 5569 793 5622 Ex
830 5571 954 5624 hinc
984 5572 1306 5627 offendicula
1345 5584 1397 5628 et
1431 5575 1669 5628 insolens
1728 5592 2007 5630 commen-

445 5661 560 5706 tum
596 5666 707 5710 tum
740 5676 926 5716 eorum
963 5665 1056 5733 qui
1089 5669 1266 5720 minus
1296 5667 1542 5735 religiose
1575 5666 1626 5720 in
1659 5670 1741 5721 via
1769 5667 2010 5738 Evange-

2106 4588 2264 4665 ἧκον)
2289 4594 2350 4648 τό
2382 4611 2442 4647 τε
2467 4594 2712 4664 Πνεῦμα,
2744 4593 2820 4657 ὡς
2853 4597 3018 4664 μηδὲν
3047 4595 3127 4661 ὃν,
3151 4596 3248 4650 καὶ
3275 4597 3460 4659 αὐτοῖς
3483 4597 3668 4650 τούτου

2110 4685 2293 4753 μετόν.
2340 4686 2451 4739 Καὶ
2499 4684 2790 4753 πρόκειται
2831 4686 2892 4738 τὸ
2943 4685 3223 4754 βασιλικὸν
3265 4689 3552 4744 κάνταῦθα
3579 4691 3670 4742 «vI-

2106 4798 2278 4851 νημα,
2335 4780 2526 4851 ὴίερὰ
2559 4780 2760 4850 βίϐλος,
2817 4782 2886 4852 ἢν
2943 4781 3005 4834 τὸ
3031 4783 3486 4854 ἐκκλησιαστικὸν
3547 4786 3670 4840 ἀνᾶ-

2105 4889 2296 4942 κτορον
2316 4871 2818 4944 ἐντεθησαύριτται,
2844 4874 2945 4942 τὴν
2963 4873 3247 4945 βασιλικὴν
3263 4877 3470 4946 μηνύον
3484 4879 3671 4946 φίασον

2101 4963 2197 5017 καὶ
2229 4962 2330 5034 τὴν
2351 4963 2492 5035 ὑπὲρ
2527 4965 2638 5018 τῶν
2661 4963 2754 5018 τοῦ
2783 4964 2918 5018 Θεοῦ
2949 4965 3259 5036 ἐκκλησιῶν
3305 4968 3602 5039 μέριμναν.

2176 5123 2267 5192 λή.
2315 5129 2480 5182 Οὔπω
2531 5124 2639 5182 πᾶν
2685 5129 2876 5196 εἴρητο
2907 5128 3036 5190 ἔπος
3087 5129 3264 5182 ἐκεῖνο
3294 5128 3357 5180 τὸ
3409 5129 3670 5197 δογματι-

2104 5217 2223 5281 κδν,
2269 5222 2361 5271 καὶ
2405 5225 2432 5274 6
2464 5218 2792 5284 αὐτοφθόνος
2846 5218 3054 5286 δαίμων
3082 5220 3382 5290 βασκήνας,
3433 5223 3592 5290 εἴπερ
3640 5221 3672 5287 ἡ

2103 5307 2198 5362 τοῦ
2229 5311 2347 5364 Θεο.
2389 5310 2687 5377 Ἐκκλησία
2719 5312 2799 5372 εἰς
2835 5312 3063 5382 ἑνότητα
3105 5312 3405 5381 ἥρμοσται,
3458 5314 3552 5365 καὶ
3579 5313 3673 5380 τὴν

2102 5402 2367 5469 διχόνοιαν
2413 5399 2662 5468 σχὰ-ςασα
2688 5399 2956 5467 συνῆκται
2993 5401 3074 5462 είς
3107 5399 3190 5460 ἓν,
3223 5401 3317 5452 καλ⁵
3354 5399 3491 5470 πρὸς
3516 5416 3673 5451 πνευ-

2118 5493 2352 5561 ματικὴν
2401 5493 2673 5560 συνῆπται
2707 5494 2986 5560 ὁμόνοιαν,
3034 5491 3462 5560 περιεγράζεται
3493 5492 3555 5544 τὸ
3582 5491 3672 5542 τοῦ

2114 5583 2324 5654 lla-:96;
2389 5585 2572 5654 μεῖζον
2604 5584 2740 5654 πρὸς
2766 5583 2853 5635 τὸν
2894 5583 3042 5646 Υῐδν,
3077 5583 3137 5634 τὸ
3187 5583 3563 5650 εύαγγελικῶς
3586 5585 3676 5633 ἐκο

2115 5675 2460 5744 λαλούμενον.
2505 5677 2614 5729 Καὶ⁸
2646 5677 3052 5742 προσκόμματα
3084 5676 3387 5742 κάνταῦθα,
3415 5680 3510 5729 καὶ
3546 5680 3672 5727 πολὺ
