4026 6248
410 305 546 374 1007
1114 304 1536 367 EUSTATHll
1571 301 2016 365 THESSALON

2127 303 2323 364 ENSIS
2372 303 2934 366 ΜΕΤΒΟΡΟΙᾸΤΕ
3515 305 3659 367 1008

405 417 648 474 cundum
680 415 859 474 Patris
888 417 1226 472 volttnlatem
1254 431 1444 485 agens.
1485 414 1602 469 Non
1633 419 1776 469 enim
1809 413 1980 471 humi,-
2010 446 2021 477 Α

2127 418 2177 468 πὶ
2211 418 2429 470 πάντων
2464 416 2620 482 Θεὸν,
2661 417 2752 469 τὸν
2808 418 2970 487 μόνον
3021 417 3182 486 σοφόν
3218 434 3230 447 ⁶
3286 409 3434 481 ὃςόὑ
3497 418 3659 487 μόνον

410 511 480 564 lia
513 518 567 565 et
598 510 963 579 superﬁcialia
999 509 1257 577 respicit,
1298 508 1391 563 sed
1428 509 1495 561 ad
1548 508 1655 561 ima
1690 514 1983 576 penetrans

2127 506 2186 575 ὴν
2219 507 2325 569 ’ἐως
2356 508 2451 560 καὶ
2489 509 2567 569 εἰς
2603 509 2754 576 ἡμᾶς
2802 507 2926 560 οὕτε
2949 508 3166 579 ὤκνησε
3217 509 3467 573 κάθοδον,
3510 511 3539 561 ό
3568 513 3662 564 καὶ

411 602 597 655 mundi
647 603 880 665 viscera,
915 615 1074 656 renes
1118 612 1170 654 et
1227 615 1321 654 cor
1367 610 1765 669 perscrutatur,
1812 607 1870 655 et
1914 598 1983 655 ad

2127 596 2431 665 ωματικῶς
2466 598 2637 668 αὐτὴν
2669 599 2735 669 (ὣ
2762 598 2855 652 τοῦ
2884 588 3230 671 θαύματοςῖ)
3266 600 3661 671 ποιησάμενος,

412 705 575 747 ιρι-ηε
606 693 823 749 radices
857 709 1031 762 usque
1062 693 1222 747 verba
1250 692 1483 763 benigna
1515 691 1701 747 mittit.

2127 686 2208 740 ire
2235 688 2339 756 μὴν
2371 690 2826 756 συγκαταϐαίνων
2853 689 3024 755 ὀκνεῖ,
3067 693 3435 762 ἐργαζόμενος
3496 695 3675 751 εἰσαεὶ

411 788 553 841 κατὰ
612 789 702 841 τὸν
737 789 954 857 Πατέρα
978 805 992 819 ·
1047 788 1143 842 καὶ
1170 787 1232 841 οὐ
1268 788 1429 857 μόνον
1478 788 1546 841 τὰ
1567 787 1801 840 ταπεινὰ
1833 784 2067 857 ἐφορῶν,
2098 783 2273 837 ταῦτα
2297 784 2362 854 δὴ
2386 786 2453 837 τὰ
2482 785 2833 852 ἑξεπιπολῆς,
2862 787 2999 841 ἀλλὰ
3036 790 3131 841 καὶ
3167 788 3276 840 τῶν
3306 788 3659 859 μυχαιτάτων

411 882 719 950 γινόμενος,
774 883 870 936 καὶ
917 883 1105 951 ὥσπερ
1150 885 1242 938 τοῦ
1285 886 1528 956 ἐμψύχου
1584 886 1791 954 κόσμου
1828 921 1843 947 ,
1891 883 1980 935 ὅτε
2026 877 2280 947 καρδίαις
2339 878 2636 947 ἐμϐατεύει
2687 882 2784 933 καὶ
2810 881 3204 952 διαλογισμοῖς,
3256 881 3400 935 οῦτω
3444 882 3664 936 καὶτοῦ

412 973 625 1036 λοιποῦ,
656 975 743 1027 ὅτε
782 975 947 1046 μέχρι
975 978 1069 1030 καὶ
1098 977 1177 1037 είς
1223 975 1379 1045 ῥίζας
1430 975 1534 1045 γῆς
1568 977 1693 1038 τοὺς
1738 971 2135 1042 προνοητικοὺς
2165 968 2359 1036 λόγους
2406 969 2623 1040 ἀφίησι.

487 1185 576 1239 45.
612 1184 785 1253 Hujus
808 1184 1039 1253 exempli
1065 1183 1340 1252 specimen
1372 1182 1621 1253 praebens
1653 1182 1775 1251 pius
1802 1191 1992 1235 noster

2175 1179 2277 1248 με’.
2315 1179 2521 1234 Τούτου
2550 1180 2833 1256 γινόμενος
2882 1182 2911 1235 ό
2947 1179 3131 1243 ἔνθεος
3170 1182 3377 1244 ἐκεῖνος
3421 1182 3677 1253 βασιλεὺς

420 1274 720 1344 Imperator
766 1289 873 1329 non
921 1283 1128 1327 tantum
1157 1273 1378 1327 selectis
1400 1281 1453 1326 et
1477 1272 1785 1342 magnillcis
1814 1271 1996 1326 verbis

2127 1268 2197 1321 λοῦ
2256 1268 2679 1338 ὑποδείγματος,
2729 1270 2789 1324 οὐ
2833 1269 2994 1338 μόνον
3044 1272 3158 1334 τοῖς
3197 1272 3391 1340 λογάσι
3448 1275 3543 1325 καὶ
3577 1292 3677 1343 με·

424 1379 606 1431 utcns,
637 1367 703 1421 iis
729 1381 944 1435 quoque
978 1366 1070 1435 qui
1106 1365 1169 1417 ad
1204 1364 1315 1418 ima
1341 1362 1751 1418 descendebant
1783 1361 1996 1417 sollici-

2127 1362 2341 1424 ἀλείοις
2393 1363 2502 1416 τῶν
2527 1365 2585 1416 ὲν
2616 1366 2737 1427 ταῖς
2769 1364 3004 1434 πράξεσι
3051 1364 3227 1433 λόγων
3275 1367 3472 1420 ἑαυτὸν
3501 1369 3679 1421 ἐπεδί-

424 1461 669 1514 tudinem
704 1474 859 1514 suam
896 1459 1212 1527 impertivit,
1250 1472 1357 1512 non
1406 1455 1705 1519 humiliter,
1747 1454 1842 1510 scd
1868 1496 1882 1519 ,
1938 1463 1998 1510 ut

2127 1461 2217 1517 ζου,
2273 1454 2411 1509 ἀλλὰ
2461 1456 2693 1520 καὶτοῖς
2743 1456 2825 1518 είς
2870 1456 2932 1511 τὸ
2982 1456 3205 1519 ύποδεὲς
3273 1458 3677 1528 πυθμενιζομέ-

425 1548 594 1615 Dens,
643 1548 1157 1604 condescendendo.
1212 1548 1367 1601 lllum
1416 1548 1466 1601 in
1521 1547 1681 1617 plena
1732 1547 1999 1604 concione

2127 1563 2216 1609 ιοις
2242 1545 2341 1615 τὴν
2371 1546 2699 1617 κηδεμονίαν
2724 1546 3000 1618 ἐμέριζεν,
3026 1549 3085 1601 οὗ
3113 1549 3461 1605 καταϐαίνων
3488 1568 3678 1604 ταπει-

425 1639 575 1710 gravi
607 1647 661 1694 et
691 1639 851 1694 docta
879 1640 1062 1695 verbis
1090 1647 1373 1693 sonantem
1402 1640 1592 1694 audire
1612 1648 1829 1709 poteras
1852 1653 1999 1693 nunc

2127 1637 2232 1702 πῶς,
2274 1638 2411 1691 ἀλλὰ
2475 1638 2931 1707 συγκαταϐαίνων
2969 1640 3174 1709 τρόπον
3196 1639 3421 1699 εένθεον.
3472 1641 3583 1693 Καὶ
3613 1636 3678 1709 ἧν

426 1733 672 1801 singulos
704 1733 1091 1801 alloquentem,
1127 1746 1275 1785 nunc
1305 1731 1643 1799 singulorum
1679 1730 2002 1800 quaestioni-

2127 1731 2332 1785 Ξλέπειν
2379 1731 2584 1784 ἐκεῖνον
2618 1732 2677 1784 ἑν
2727 1731 2843 1801 λαῷ
2899 1731 3057 1802 βαρεῖ
3114 1733 3208 1785 καὶ
3245 1733 3490 1802 συλλόγῳ
3537 1734 3676 1799 πλή-

425 1825 529 1878 bus
559 1824 1002 1892 respondentem,
1034 1832 1126 1878 aut
1152 1838 1249 1892 pro
1284 1822 1634 1892 imperatoria
1668 1821 2007 1879 auctoritate

2127 1824 2260 1878 iam
2303 1825 2364 1877 οὺ
2389 1823 2564 1893 ’μόνον
2624 1826 2706 1889 είς
2748 1823 2927 1879 κοινὸν
2985 1823 3297 1895 βροντῶντα
3343 1826 3549 1892 λόγοις,
3601 1820 3675 1878 ὧν

428 1915 591 1969 verba
644 1913 953 1971 facientem.
1017 1914 1167 1971 llanc
1212 1917 1407 1984 agendi
1469 1916 1735 1971 rationem
1799 1917 2002 1971 civitas

429 2014 619 2060 nostra
653 2008 807 2075 quasi
838 2008 1102 2073 caelestis,
1130 2016 1184 2062 et
1213 2008 1325 2062 loca
1366 2006 1547 2061 vicina
1586 2023 1728 2078 smpe
1769 2021 1999 2077 experta

430 2104 580 2163 sunt,
616 2105 674 2151 ut
705 2112 813 2151 non
847 2098 1028 2152 minus
1060 2098 1329 2173 exercitus
1353 2096 1605 2152 Romanis
1633 2108 1687 2151 et
1716 2106 1826 2151 tota
1856 2097 2005 2151 chri-

432 2188 719 2257 stianitas;
750 2191 800 2245 id
835 2192 1043 2260 experti
1076 2199 1205 2244 sunt
1232 2198 1499 2261 quotquot
1522 2206 1643 2245 cum
1668 2190 1845 2261 legum
1876 2191 2008 2245 obe-

434 2278 635 2334 dientia
665 2289 759 2335 aut
791 2282 1072 2336 rebellinum
1099 2297 1249 2337 more
1270 2282 1519 2336 vivebant
1550 2300 1563 2348 ;
1600 2296 1792 2337 omnes
1822 2291 2005 2336 autem

436 2370 501 2424 ad
542 2378 742 2424 statum
799 2372 936 2427 bene
982 2372 1292 2427 ordinatum
1329 2372 1585 2427 reductos
1625 2380 1719 2426 aut
1770 2372 2005 2427 vinculis

437 2473 527 2515 ant
560 2463 899 2519 humanitate
940 2464 1256 2520 refrenavit.

2113 1916 2284 1987 ἐχρῆν
2312 1917 2405 1973 ἐπὶ
2445 1917 2560 1970 ἴσου
2614 1917 2868 1987 μετέχειν
2931 1918 3200 1982 ἅπαντας,
3249 1918 3386 1972 ἀλλὰ
3434 1922 3530 1972 καὶ
3570 1923 3679 1982 τοῖς

2112 2006 2233 2061 κατ’
2261 2006 2430 2079 ἄνδρα
2458 2007 2895 2078 διομιλούμενον,
2948 2010 3069 2080 ἦτοι
3102 2009 3237 2079 πρὸς
3287 2010 3427 2080 ὅπερ
3451 2011 3519 2064 ἂν
3545 2011 3677 2063 ἔκα-

2114 2117 2238 2163 στος
2299 2099 2716 2172 προϐάλοιτο,ἢ
2766 2100 2896 2154 ἔνθα
2929 2101 3019 2154 τὸν
3073 2102 3453 2172 αὐτοκράτορα
3501 2104 3534 2171 ἡ
3565 2102 3683 2153 κατ’

2113 2192 2404 2260 ἄνθρωπον
2468 2191 2652 2252 ἔννους
2703 2193 3035 2261 περιπέτεια
3086 2194 3509 2263 προκαλέσεται.
3549 2192 3685 2245 Ταύσ

2113 2300 2214 2353 της
2244 2284 2346 2352 τῆς
2375 2284 2603 2355 μεθόδου
2641 2286 2673 2355 ἡ
2703 2285 2824 2339 καθ’
2856 2286 3003 2357 ἡμᾶς
3061 2286 3137 2349 ὡς
3170 2286 3460 2352 ἑκάστοτε,
3516 2285 3593 2348 ὡς
3620 2285 3683 2338 ἂν

2112 2376 2259 2428 εἴποι
2287 2394 2397 2441 τις,
2433 2376 2790 2447 οὐρανόπολις
2820 2380 3101 2448 ἐπειρᾶτο,
3134 2378 3339 2448 ταύτης
3372 2380 3431 2432 αί
3481 2395 3684 2448 περιοι-

2113 2468 2260 2534 κίδες
2291 2470 2525 2535 ἅπασαι,
2565 2472 2768 2542 ταύτης
2819 2473 2965 2527 ἅπαν
3031 2472 3342 2541 Ῥωμαϊκὸν
3393 2473 3684 2541 στρατόπε·

435 2555 545 2623 δον,
604 2559 698 2611 καὶ
753 2561 919 2628 φῦλον
976 2560 1123 2614 ἅπαν
1182 2561 1588 2633 Χριστιανικδν,
1654 2562 1747 2615 καὶ
1779 2562 1903 2615 ὅσον
1955 2560 2013 2614 δὲ
2066 2563 2392 2632 παράὐτόο
2424 2567 2486 2619 τὸ
2549 2567 2648 2633 μὲν
2678 2567 2941 2637 ὑπήκοον,
2998 2566 3060 2621 τὸ
3098 2567 3156 2619 δὲ
3188 2568 3236 2618 εἰ
3261 2567 3354 2619 καὶ
3383 2565 3681 2635 παρήκων,

438 2645 518 2714 οἷς
549 2652 860 2721 αύτονόμως
907 2653 1098 2723 ἤθελεν
1156 2653 1323 2724 ἔχειν,
1385 2654 1520 2707 ἀλλὰ
1580 2654 1778 2723 τρόπον
1833 2653 1995 2707 ἄλλον
2022 2653 2300 2709 ὑπακοῦον
2323 2658 2418 2710 καὶ
2453 2656 2607 2719 αὐτὸ,
2666 2652 2748 2720 οἷς
2794 2656 2992 2726 ἡγχετο
3040 2656 3139 2725 τὴν
3172 2657 3421 2724 σιαγόνα,
3466 2655 3567 2706 ὅσα
3595 2655 3685 2708 καὶ

439 2746 674 2817 χαλινοῖς
705 2749 797 2801 καὶ
828 2752 1023 2818 κημοῖς
1076 2752 1193 2811 ταῖς
1244 2749 1556 2819 βασιλικαῖς
1611 2749 1990 2818 ἀντιπράξεσι,
2051 2751 2155 2813 καὶ
2200 2752 2297 2821 τῆς
2330 2751 2569 2805 ἀτάκτου
2598 2752 2770 2821 φορᾶς
2796 2751 3139 2819 είργόμενον.
3194 2751 3289 2804 καὶ
3315 2750 3402 2820 ⁵ὡς
3424 2745 3538 2804 οἷον
3562 2751 3685 2804 ἁνα-

440 2843 837 2913 χαιτιζόμενον.
871 2844 968 2917 τῆς
1018 2844 1355 2917 θρασύτητος
1417 2845 1828 2917 ἀνεσειράζετο.

514 3091 604 3147 46.
642 3092 733 3148 Sic
763 3093 929 3165 igitur
952 3093 1007 3147 in
1034 3093 1292 3149 omnibus
1322 3091 1672 3162 imperatoris
1692 3089 2009 3148 sollicitudo

2189 3093 2315 3158 μς¹ο
2359 3087 2469 3141 Καὶ
2511 3082 2580 3160 ἦν
2618 3088 2710 3143 ἐπὶ
2743 3088 2876 3142 πᾶσι
2918 3085 2981 3141 τὸ
3032 3087 3312 3158 βασιλικὸν
3346 3089 3507 3143 τοῦτο
3548 3108 3677 3161 προ-

451 3184 519 3239 ad
550 3187 734 3238 omnia
768 3195 1067 3255 penetrans
1093 3199 1124 3239 a
1154 3200 1369 3241 summo
1401 3185 1467 3240 ad
1520 3186 1624 3239 ima
1659 3193 1714 3238 et
1746 3182 1799 3238 in
1831 3183 2012 3238 medio

2127 3178 2291 3251 μηθὲς
2331 3179 2536 3244 ἱκανὸν,
2566 3180 2663 3234 καὶ
2696 3179 2953 3250 συνδιῆκε
2983 3181 3095 3244 τοῖς
3125 3181 3288 3246 ὅλοις,
3319 3181 3417 3234 καὶ
3448 3182 3558 3235 ἀπὸ
3583 3182 3687 3235 τῶν

445 3275 616 3330 eﬂ'usa
631 3275 964 3331 sicutanima
984 3275 1183 3345 ubique
1195 3275 1389 3339 adfuit;
1408 3273 1541 3327 nihil
1555 3272 1705 3343 parvi
1721 3271 2016 3337 aestimans,

2115 3271 2323 3325 ἄνωθεν
2363 3272 2468 3334 ἕως
2514 3274 2607 3325 καὶ
2655 3272 2807 3326 κάτω
2855 3270 3248 3343 ίκανούμενον,
3288 3273 3542 3342 ἀνεχέετο
3590 3275 3681 3326 καὶ

447 3363 633 3417 omnia
659 3362 839 3417 divina
865 3363 1170 3430 reputabat,
1195 3364 1267 3416 ita
1292 3373 1349 3417 ut
1369 3363 1462 3432 qui
1488 3362 1604 3416 haec
1631 3361 2021 3416 omniavidcrtt

2127 3362 2197 3418 εἰς
2214 3359 2282 3412 τὰ
2300 3359 2505 3430 κύκλῳ,
2533 3360 2626 3412 καὶ
2648 3360 2826 3430 ψυχῆς
2855 3360 3013 3432 δίκην
3068 3363 3181 3424 τοῖς
3226 3361 3319 3414 τοῦ
3367 3362 3574 3426 παντὸς
3597 3365 3684 3430 ἑγ-

450 3455 833 3523 imperatorem
863 3454 1006 3508 nulla
1035 3470 1093 3509 re
1121 3464 1389 3524 egentem,
1410 3453 1514 3509 sibi
1534 3453 1638 3523 ipsi
1663 3453 2021 3508 sufficientem

452 3547 921 3613 pronuntiaverit;
961 3546 1040 3600 illi
1071 3554 1249 3601 autem
1300 3545 1368 3599 ab
1402 3560 1468 3600 eo
1511 3545 1624 3615 regi
1676 3559 1814 3616 opus
1859 3545 2025 3599 habe-

453 3639 583 3693 bant
613 3655 679 3693 co
710 3640 997 3707 regimine,
1017 3642 1157 3710 quod
1193 3638 1631 3710 illegitimitatem
1664 3653 1727 3693 ac
1760 3636 2016 3693 ferocita-

458 3740 563 3781 tem
589 3730 829 3798 expellit,
861 3746 1070 3784 morum
1102 3739 1280 3785 autem
1308 3730 1633 3801 probitatem
1664 3730 1894 3785 inducit.
1928 3727 2019 3782 Vi-

454 3833 549 3874 ros
579 3821 881 3891 praecipuos
928 3822 1127 3893 eligere
1171 3822 1364 3888 datur,
1399 3822 1710 3878 mediocres
1763 3821 2016 3891 seligere.

456 3921 579 3982 post
615 3913 713 3967 hos
743 3924 1064 3980 sexcentos,
1099 3914 1428 3985 quibuscum
1463 3915 1554 3969 ille
1593 3913 1898 3968 collocutus
1937 3920 2023 3966 est

457 4005 524 4058 de
569 4004 731 4060 rebus
768 4006 832 4059 ad
872 4005 1036 4060 vitam
1084 4005 1457 4076 quotidianam
1498 4002 1910 4074 spectantibus,
1952 4003 2021 4058 de

458 4096 705 4162 scientia,
759 4096 826 4152 de
884 4096 1099 4152 vivendi
1147 4104 1287 4161 arte,
1341 4096 1409 4151 de
1439 4093 1634 4151 studiis
1690 4092 2021 4147 litterarum.

2119 3451 2473 3521 κατέσπαρτο
2527 3449 2738 3520 μέρεσι,
2777 3451 2871 3503 καὶ
2922 3451 3281 3520 σμικρολόγον
3311 3447 3462 3522 εἶχεν
3515 3452 3685 3514 οὐδὲν,

2124 3542 2262 3595 ἀλλὰ
2300 3543 2367 3596 τὰ
2399 3542 2578 3595 πάντα
2603 3542 2741 3607 θεῖα,
2779 3543 2873 3595 καὶ
2908 3545 3069 3595 ὁποῖα
3102 3542 3318 3612 βλέπων
3354 3561 3439 3606 τις
3464 3545 3688 3615 ἀνενδεῆ

2128 3633 2354 3706 βασιλέα
2378 3634 2534 3687 τοῦτο
2572 3629 2691 3686 εἷπε
2730 3635 2825 3686 καὶ
2852 3635 3034 3703 μόνον,
3061 3635 3156 3688 καὶ
3186 3634 3364 3705 ἑαυτῷ
3394 3636 3487 3687 ἐπὶ
3524 3638 3688 3689 πᾶσιν

2126 3723 2425 3796 ἀρκοῦντα,
2464 3725 2558 3776 καὶ
2608 3724 2834 3793 μηδενὸς
2871 3723 2980 3777 τῶν
3030 3725 3291 3778 ἁπάντων
3319 3725 3688 3794 ὲπιδεόμενον,

2128 3818 2177 3869 εί
2216 3817 2291 3887 μὴ
2347 3815 2430 3867 ὅτι
2463 3831 2527 3882 γε
2569 3814 2650 3875 είς
2700 3813 2972 3876 τοσοῦτον,
3007 3816 3085 3878 είς
3136 3815 3262 3869 ὅσον
3292 3815 3492 3879 αὐτοὺς
3542 3816 3693 3887 βασι-

2128 3905 2403 3969 λεύεσθαι,
2438 3906 2531 3959 καὶ
2595 3905 2655 3957 τὸ
2707 3906 2867 3974 φύσει
2900 3906 3245 3960 δουλευτικδν
3298 3906 3691 3972 ἐνδείκνυσθαι,

2130 3999 2201 4052 δι’
2225 3991 2287 4051 οῦ
2323 3997 2382 4049 τὸ
2408 3995 2503 4049 τοῦ
2533 3996 2648 4067 βίου
2684 3998 2782 4066 μὲν
2813 3997 3013 4066 ἄνομον
3048 3999 3141 4050 καὶ
3175 3997 3440 4069 θηριῶδες
3478 3999 3690 4070 μακρὰν

2130 4089 2476 4163 ἀφορίζεται,
2528 4089 2589 4142 τὸ
2614 4090 2669 4143 δὲ
2699 4089 2976 4143 πολιτικὸν
3004 4090 3100 4142 καὶ
3134 4090 3369 4161 νόμιμον
3405 4088 3692 4153 είσοικίζε-

456 4208 563 4247 ται.
605 4192 793 4246 Ἔστιν
848 4192 1211 4259 ἀναλέξασθαι
1236 4191 1559 4261 λογαδικοῦς
1602 4189 1829 4261 ἄνδρας,
1866 4188 2015 4244 ἐστιν
2045 4186 2341 4242 ἀπολαϐεῖν
2398 4186 2619 4254 μέσους,
2677 4184 2827 4239 ἔστιν
2874 4184 3368 4256 ἀπαριθμήσασθαι
3420 4188 3548 4248 τοὺς
3597 4184 3694 4237 {mh

459 4287 670 4352 τούτοις
733 4288 962 4359 μυρίους
1007 4289 1201 4352 ὅσους,
1248 4282 1331 4351 οἷς
1373 4289 1580 4349 ἐκεῖνος
1631 4286 1732 4349 τὰς
1776 4285 1950 4338 εἰσαεὶ
1997 4283 2214 4354 ὁμιλίας
2263 4283 2514 4354 διένεμε·
2566 4279 2666 4345 τὰς
2722 4280 2821 4350 μὲν
2873 4280 3268 4352 ὲμπράκτους,
3321 4282 3449 4336 ὅποι
3497 4282 3691 4357 ἐχρῆν,

459 4381 574 4435 ἔστι
605 4380 659 4434 δὲ
706 4379 774 4444 ἃς
810 4379 903 4436 καὶ
941 4381 999 4433 ὲν
1042 4380 1240 4449 λόγοις,
1280 4380 1424 4444 ὅσοις
1472 4397 1530 4435 τε
1557 4378 1618 4433 τὸ
1652 4378 1750 4450 ζῇν
1781 4378 2099 4448 κληροῦται,
2133 4377 2366 4441 καὶτοῖς
2413 4378 2471 4430 ὲν
2502 4375 2849 4447 γράμμασιν.

531 4611 621 4665 47.
662 4609 922 4679 Equidem
970 4609 1075 4664 hoc
1111 4608 1232 4664 loco
1262 4607 1395 4664 solis
1436 4606 1743 4675 exemplum
1783 4602 2021 4660 sermoni

2203 4596 2312 4669 μί’.
2353 4596 2621 4652 Ἐνταῦθα
2651 4595 2709 4651 δὲ
2738 4596 2800 4650 οὐ
2831 4594 2975 4649 πάνυ
3008 4593 3149 4664 φιλῶ
3178 4594 3240 4647 τὸ
3270 4593 3412 4647 κατὰ
3428 4593 3634 4646 τὸνλιον
3660 4593 3693 4663 η

464 4700 725 4769 adaptare
762 4715 871 4755 non
902 4715 1027 4757 amo
1059 4698 1319 4771 fulgentis
1352 4710 1408 4756 et
1446 4698 1704 4754 omnibus
1741 4695 2033 4766 splendore

465 4810 567 4851 suo
595 4793 1053 4864 pulchritudinem
1084 4792 1415 4864 peculiarem
1445 4791 1773 4857 eminentis;
1799 4788 2035 4859 sapienti

465 4896 647 4942 autem
677 4886 956 4956 aequiparo
988 4885 1274 4957 magistro,
1302 4885 1464 4955 cujus
1501 4882 1791 4953 disciplina
1838 4882 1893 4935 in
1940 4881 2039 4936 bo-

465 4995 597 5037 num
626 4993 918 5035 commune
954 4978 1259 5044 confertur,
1304 4991 1415 5048 quo
1443 4989 1634 5031 omnes
1666 4974 1914 5044 indigent
1934 5010 1949 5037 ,
1983 4979 2039 5027 et

463 5074 625 5146 cujus
671 5072 904 5128 oﬂicium
957 5072 1258 5141 unicuique
1316 5069 1655 5139 provinciam
1707 5067 2031 5131 attribuere,

469 5168 769 5230 nmertitti
802 5175 986 5223 autem
1018 5164 1166 5234 quod
1203 5163 1411 5217 dictum
1442 5161 1739 5231 ascriptum
1792 5158 1904 5215 Deo
1948 5165 2036 5213 est

469 5260 655 5314 omnia
698 5260 957 5315 omnibus
1009 5257 1178 5321 facto,
1226 5252 1372 5323 quod
1410 5251 1615 5308 Paulus
1638 5266 1868 5323 magnus
1901 5264 2033 5321 apo—

473 5353 651 5408 stolus
693 5352 961 5406 imitando
991 5349 1302 5419 expressit,
1334 5346 1612 5403 communi
1662 5346 1788 5400 vitae
1833 5343 1957 5399 usui
2004 5356 2037 5396 e

474 5440 585 5499 Deo
613 5442 708 5512 qui
741 5443 986 5498 omnium
1018 5443 1229 5498 animas
1258 5441 1325 5497 ad
1365 5441 1595 5497 salutem
1631 5439 1801 5493 ducit.

2131 4690 2437 4759 ὑπόδειγμα
2497 4688 2883 4759 προσαρμόσαι
2925 4686 3003 4753 τῷ
3048 4685 3219 4755 λόγῳ,
3269 4685 3561 4754 λάμποντα
3605 4687 3694 4738 καὶ

2133 4781 2303 4834 πᾶσιν
2334 4779 2639 4849 ἔπαφιόντα
2682 4779 2796 4842 τοῖς
2853 4777 3369 4847 καταλαμπομένοις
3400 4778 3465 4829 τὸ
3507 4773 3695 4830 ἑαυτοῦ

2135 4870 2325 4925 καλόν·
2362 4869 2513 4939 σοφῷ
2546 4869 2604 4922 δὲ
2647 4867 2952 4937 διδασκάλῳ
3005 4868 3184 4920 ικεῖνο
3221 4866 3587 4937 παραϐάλλω.
3616 4862 3699 4922 οῦ-

2135 4976 2246 5031 περ
2289 4960 2497 5029 ἀγαθὸν
2530 4959 2668 5013 πᾶσί
2697 4976 2755 5011 τι
2803 4955 3118 5012 κοινοῦσθαι
3146 4957 3208 5010 ca
3237 4956 3607 5021 διδασκάλων,
3639 4949 3697 5009 οῦ

2144 5052 2346 5114 πάντες
2391 5051 2599 5104 δέοιντο
2650 5051 2740 5114 ἂν,
2799 5049 2894 5103 καὶ
2925 5046 2995 5101 αῦ
3026 5047 3211 5111 πάλιν,
3252 5041 3315 5102 οῦ
3355 5046 3556 5116 χρεὼν,
3582 5062 3702 5099 συν·

2138 5144 2440 5216 διασχίζιιν
2496 5146 2749 5206 ἑκαστοις
2791 5145 2890 5212 τὴν
2940 5140 3256 5212 μέριμναν·
3309 5139 3550 5209 μάλιστα
3608 5137 3700 5208 μὲν

2139 5233 2256 5301 οὖν,
2310 5235 2341 5288 δ
2391 5235 2489 5289 καὶ
2537 5235 2712 5288 εἰπεῖν
2759 5234 3066 5304 προσετέθη
3122 5231 3264 5301 Θεῷ,
3322 5232 3403 5301 τῷ
3454 5233 3587 5284 πᾶσι
3636 5228 3701 5281 τὰ

2146 5329 2346 5395 πάντα,
2374 5326 2402 5379 ὃ
2430 5328 2495 5398 δὴ
2535 5328 2629 5381 καὶ
2658 5325 2870 5390 Παῦλος
2911 5327 2939 5379 ὁ
2975 5325 3148 5395 μέγας
3179 5323 3388 5377 ἐκεῖθεν
3421 5324 3502 5385 είς
3534 5323 3700 5393 μίμη-

2148 5437 2234 5473 σιν
2261 5419 2595 5489 ἀνεμάξατο,
2641 5416 2719 5487 τῷ
2757 5421 2852 5472 καὶ
2882 5418 3063 5486 κοινῇ,
3103 5414 3198 5468 καὶ
3226 5416 3363 5486 πρὸς
3393 5413 3616 5485 μερίδας
3646 5409 3701 5462 δὲ

2148 5511 2298 5582 βίων,
2324 5508 2403 5562 ἔτι
2430 5507 2487 5562 δὲ
2529 5508 2624 5561 καὶ
2668 5506 2805 5573 πρδς
2834 5505 3013 5576 ψυχὰς
3051 5504 3289 5568 ἑκάστας
3343 5504 3705 5572 διοικονομου-

2151 5604 2297 5673 μένῳ
2329 5602 2392 5655 τὸ
2424 5601 2724 5671 σύμφορον.
