4026 6248
405 300 544 387 1009

1176 304 1575 369 MANUELIS
1616 282 1958 368 CO'MNENI
1997 307 2383 371 LAUDATIO
2417 310 2833 376 FUNEBRIS.
2910 360 2916 371 .

3505 323 3638 386 10'0

476 412 591 484 μη’.
633 414 740 466 Καὶ
785 412 988 483 ταύτης
1035 413 1093 468 δὲ
1139 415 1238 485 τῆς
1293 415 1583 487 βασιλικῆς
1639 418 1839 488 ἀρετῆς
1890 416 1951 470 τὰ

2134 419 2221 474 48.
2265 419 2446 492 Βεείεε
2469 423 2688 480 virtutis
2723 424 3049 480 mentionem
3084 428 3423 497 peculiarem
3455 431 3636 487 facere

402 506 527 562 καθ’
588 505 819 558 ἕκαστον
877 508 933 559 αἱ
990 507 1308 576 συγγραφαὶ
1366 507 1721 562 λαλείτωσαν.
1773 506 1964 575 Ἡμεῖς

400 599 512 667 γὰρ
572 596 672 649 οὐκ
724 598 803 658 είς
855 597 1159 667 ἀπέραντον
1214 597 1501 667 ἐξαγαγεῖν
1552 601 1617 652 τὰ
1666 598 1759 652 τοῦ
1800 598 1963 665 λόγου

400 687 891 759 προτεθυμήμεθα,
913 683 1012 751 ,οἷς
1060 704 1122 756 γε
1162 689 1257 742 καὶ
1292 690 1497 761 βραχέα
1532 691 1713 743 λαλεῖν
1742 688 1867 743 οὔτε
1904 690 1964 743 ὲν

400 779 554 847 καλῷ
581 776 774 848 καιροῦ
817 781 1020 843 κεῖται,
1055 767 1191 832 ὅπου
1236 781 1349 844 τοῖς
1386 780 1810 850 παθαινομένοις
1860 777 1962 832 οὐκ

400 871 637 943 εὔπορος
691 872 725 941 ἡ
762 870 927 940 ἀκοὴ.
959 868 1082 923 οὔτε
1110 871 1168 924 ὲν
1195 872 1431 944 εὐχερεί.
1460 872 1549 926 διὰ
1586 872 1649 924 τὸ
1698 872 1791 924 καὶ
1817 870 1962 925 οὕτω

400 963 743 1033 πολυπληθὲς
768 963 878 1017 τῶν
921 964 1140 1034 μνήμης
1175 961 1360 1027 ἀξίων·
1386 965 1444 1015 ἐν
1475 958 1557 1026 οἷς
1587 962 1681 1017 καὶ
1709 963 1786 1024 ὡς
1816 964 1959 1030 ἀγα-

396 1055 509 1110 θῶν
547 1052 923 1123 ὐπορῤεόντων
963 1047 1033 1123 ἧν
1062 1051 1381 1122 καινιστὴς¹,
1421 1052 1647 1117 ἀταξίας
1677 1047 1960 1120 ἁρμοστὴς

396 1145 683 1216 καιρικῆς,
714 1143 1124 1213 ὲπισκευαστὴς
1154 1142 1265 1196 τῶν
1290 1145 1367 1204 είς
1398 1142 1600 1212 ἀρετὴν
1637 1141 1957 1211 ἀφωρισμέ-

397 1255 505 1291 νων
531 1236 937 1305 ὲνδιαιτήσεων,
964 1234 1155 1304 χρόνου
1180 1234 1388 1303 φθορᾶς
1416 1232 1733 1295 ἀντίπαλος.
1773 1231 1834 1285 '0
1859 1230 1959 1299 μὲν

397 1327 507 1396 γὰρ
539 1327 716 1380 πάντα
745 1324 1007 1393 δαμάζειν
1036 1322 1259 1390 ἐθέλων,
1293 1322 1430 1392 βαθὺ
1488 1320 1689 1390 ἔχασκε
1734 1320 1879 1374 κατά
1900 1336 1961 1373 τε

395 1417 556 1471 θείων
579 1416 745 1469 ναῶν
774 1417 866 1468 καὶ
899 1416 1025 1471 ὅσον
1051 1414 1237 1476 αὐτοῖς
1275 1412 1386 1466 εἶτε
1433 1412 1682 1478 σύνναον,
1711 1411 1823 1464 εἴτε
1870 1410 1963 1464 καὶ

394 1508 571 1572 ἄλλως
622 1507 1020 1577 οίκειούμενον,
1051 1507 1080 1559 ὁ
1107 1506 1166 1558 δὲ
1196 1503 1556 1574 αὐτοκράτωρ
1600 1504 1680 1565 είς
1708 1501 1906 1565 κενὸν,
1934 1501 1963 1554 ὃ

392 1616 550 1668 φασι,
594 1598 799 1668 καίνειν
819 1597 979 1651 αὐτὴν
1013 1596 1197 1667 ἀφιεὶς
1217 1594 1604 1661 ἐπεσκεύαζεν,
1628 1595 1960 1660 ἐπεποιεττο,

391 1691 642 1759 ἐξήγειρε
664 1691 731 1742 τὰ
775 1687 1277 1752 καταπεπτωκότα,
1323 1686 1437 1740 ἰᾶτο
1480 1686 1547 1739 τά
1589 1684 1959 1756 πεπονηκότα,

392 1785 571 1836 πάντα
611 1782 806 1845 ἐποίει,
837 1782 933 1833 ὅσα
956 1778 1193 1854 χρονικῷ
1222 1779 1534 1833 ἀντιπίπτει
1557 1779 1782 1847 στόματι
1810 1779 1959 1831 ἀνοι-
1989 1754 2035 1815 Β

391 1878 610 1948 γομένῳ
655 1877 734 1935 είς
785 1875 990 1946 φθορὰν
1032 1873 1138 1966 τῶν
1169 1873 1268 1928 ὅσα
1303 1873 1379 1946 μὴ
1407 1872 1584 1944 χρεὼν
1620 1871 1959 1943 φθείρεσθαι.

462 2102 571 2174 μθ’.
626 2100 853 2171 Σεισμοί
913 2116 1043 2153 ποτε
1079 2098 1551 2167 ἀναταράττοντε;
1610 2098 1680 2150 τὰ
1734 2095 1959 2151 τοιαῦτα

390 2190 488 2244 καὶ
523 2188 881 2259 ἐκμοχλεύειν
928 2187 1165 2258 ἔχοντες,
1194 2189 1289 2241 καί⁵
1346 2189 1382 2256 ή
1412 2188 1483 2257 γῆ
1512 2188 1639 2248 τοὺς
1677 2185 1957 2254 θεμελίους

389 2284 657 2336 ἀνέπτυε·
699 2283 797 2336 καὶ
845 2283 880 2351 ἡ
932 2278 1190 2350 βασιλικὴ
1247 2278 1372 2348 χεὶρ
1437 2278 1632 2332 ἀνίστα
1701 2280 1772 2332 τὰ
1834 2278 1957 2349 ἱερά

392 2375 683 2443 πτώματα.
719 2373 781 2426 El
809 2373 866 2425 δὲ
907 2371 983 2442 μὴ
1006 2370 1277 2440 θεμελίοις
1306 2369 1635 2439 ἐπεϐούλευε
1666 2370 1727 2422 τὸ
1761 2370 1952 2436 κακὸν,

388 2463 509 2519 ἀλλ’
537 2464 676 2518 αὐτά
705 2462 804 2534 μὲν
829 2463 981 2532 ἀφίει
1004 2464 1431 2532 κατευμεγεθείν
1466 2460 1562 2515 τοῦ
1593 2462 1952 2531 βλάπτεσθαι,

384 2555 483 2610 τοῦ
531 2555 574 2609 δ’
610 2554 1081 2627 ὐπερφαινομένου
1139 2555 1543 2626 κατεπεχείρει,
1603 2555 1837 2609 ἐνταῦθα
1872 2574 1956 2626 μι-

387 2647 522 2718 κρὸν
571 2646 752 2701 ἐδόκει
796 2649 862 2717 τῇ
902 2644 1160 2714 βασιλικῇ
1217 2644 1605 2716 μεγαλοδωρεᾷ
1658 2646 1719 2700 τὸ
1773 2647 1952 2703 ἐνδέον

384 2738 779 2810 ἀναπληρῶσαι
834 2739 933 2807 τῆς
986 2739 1296 2807 οἰκοδομῆς,
1349 2740 1397 2791 εί
1447 2738 1521 2809 μὴ
1572 2741 1667 2793 καὶ
1699 2738 1766 2792 τὰ
1800 2739 1949 2803 ἐντὸς

384 2835 757 2904 ἀγαθοχυσίας
803 2833 1075 2904 ἐμπλήσει
1119 2836 1231 2894 τοῖς
1278 2833 1336 2885 ὲν
1378 2833 1728 2903 ἀναθήμασιν
1760 2836 1948 2906 ἱεροῖς.

385 2927 586 2996 Καιροί
616 2944 786 2992 τινες,
809 2927 904 2979 καὶ
932 2925 1148 2995 ἀνήφθη
1177 2925 1311 2994 πῦρ,
1337 2925 1370 2994 ἦ
1403 2926 1736 2996 αὐτόματον,
1778 2929 1810 2999 ἢ
1853 2929 1948 2982 καὶ

382 3016 561 3080 ἄλλως
593 3018 659 3070 ἐκ
700 3017 952 3087 μηχανῆς
992 3015 1299 3081 ὲπίόουλον,
1334 3015 1435 3068 κα)⁸
1465 3016 1534 3070 τὰ
1561 3017 1759 3070 ἑαυτοῦ
1799 3020 1949 3088 ὴναι-

2065 518 2350 566 auctorum
2377 521 2482 569 est.
2520 515 2687 571 Nobis
2718 517 2863 572 enim
2904 528 3169 589 perpetuo
3197 521 3266 576 de
3320 521 3425 577 hac
3470 540 3528 578 re
3561 526 3640 579 lo-

2065 600 2156 668 qui
2188 616 2293 656 non
2323 614 2406 658 est
2455 607 2795 677 propositum
2824 647 2840 673 ,
2874 609 3073 680 quibus
3108 626 3208 666 nec
3244 612 3486 669 breviter
3514 631 3637 670 ser-

2066 691 2328 747 mocinari
2362 695 2511 750 lubet
2556 698 2624 752 ad
2666 699 2946 757 auditores
2992 686 3105 757 non
3151 705 3312 775 plane
3360 715 3635 775 attentos;

2067 796 2169 835 nec
2203 780 2255 834 in
2289 794 2540 855 promptu
2569 798 2652 844 eet
2682 791 2737 844 in
2780 799 2929 846 tanta
2973 808 3158 848 rerum
3196 798 3632 851 memorabilium

2066 870 2435 928 multitudine.
2482 873 2608 930 Fuit
2637 887 2819 935 autem
2866 881 2954 937 ille
2994 892 3170 939 status
3204 885 3426 955 pristini
3472 903 3631 941 reno-

2068 966 2429 1034 vator,regui
2477 966 2679 1022 turbati
2733 978 3094 1039 restaurator,
3147 974 3379 1030 luxuriei
3431 993 3554 1048 quae
3604 996 3631 1031 a

2068 1052 2277 1108 virtute
2327 1055 2527 1110 alienat
2575 1060 2887 1127 coercitor,
2940 1066 3202 1133 temporis
3251 1082 3474 1137 parcus.
3526 1067 3629 1134 Qui

2063 1144 2210 1198 enim
2242 1147 2425 1200 omnia
2459 1149 2682 1204 domare
2713 1152 2906 1219 voluit,
2937 1155 3184 1211 ecclesiis
3215 1158 3417 1213 divinis
3444 1159 3591 1213 inhia

2068 1236 2159 1290 bat
2187 1248 2285 1292 aut
2318 1240 2362 1293 si
2398 1255 2521 1310 quae
2552 1241 2657 1296 alia
2692 1234 2924 1298 aediﬁcia
2956 1248 3113 1301 obvia
3139 1260 3337 1313 erant;
3395 1244 3630 1316 impera-

2063 1336 2150 1381 tor
2180 1338 2364 1386 autem
2392 1345 2545 1401 Spem
2578 1333 2728 1391 illius
2771 1333 3379 1415 frustratus'excitavit,
3440 1343 3631 1396 ruinas

2063 1424 2415 1490 restauravit,
2469 1425 2692 1481 morbos
2742 1428 2996 1493 curavit,
3038 1430 3224 1485 omnia
3291 1431 3418 1487 fecit
3473 1442 3532 1487 ut
3569 1449 3631 1489 os

2064 1513 2248 1568 smculi
2299 1516 2447 1585 quod
2500 1526 2701 1572 cuneta
2727 1526 2918 1574 contra
2983 1520 3067 1578 fas
3120 1522 3382 1579 devorare
3429 1525 3633 1595 gestit,

2065 1602 2364 1658 clauderet.

2132 2085 2222 2141 49.
2254 2083 2436 2142 Terra:
2459 2094 2640 2143 motus
2668 2089 2798 2144 olim
2821 2091 3236 2160 grassabantur,
3257 2096 3438 2150 omnia
3458 2098 3631 2156 eloco

2060 2185 2362 2241 moventes,
2392 2187 2445 2231 et
2471 2176 2646 2233 solum
2675 2177 3025 2234 fundamenta
3053 2181 3256 2251 rejecit,
3289 2185 3431 2255 regis
3451 2196 3629 2242 autem

2060 2267 2281 2322 dextera
2313 2284 2435 2338 quae
2464 2270 2613 2337 lapsa
2636 2279 2791 2325 erant
2820 2272 3394 2341 templarestauravit.
3424 2275 3478 2331 Si
3512 2277 3633 2334 fun-

2057 2355 2330 2412 damentis
2363 2358 2566 2411 malum
2591 2374 2697 2413 non
2724 2360 3044 2431 incubuiﬁet
3065 2363 3245 2418 omnia
3275 2368 3630 2425 restauratio-

2066 2461 2189 2501 nem
2251 2448 2676 2518 exspectabant,
2728 2450 3026 2520 imperator
3060 2453 3202 2509 infra
3250 2455 3628 2515 liberalitatem

2060 2538 2218 2593 duxit
2249 2553 2405 2594 suam
2433 2539 2899 2607 aediﬁciihdamna
2954 2558 3260 2613 reparasse,
3294 2548 3400 2603 nisi
3457 2551 3628 2607 sacris

2060 2629 2433 2687 oblationibus
2460 2631 2609 2687 intus
2634 2646 2852 2702 quoque
2877 2633 3168 2691 thesauros
3199 2652 3331 2693 suos
3377 2641 3628 2708 aperuis-

2055 2726 2159 2774 set.
2194 2718 2438 2786 Qnodam
2478 2729 2721 2791 tempore
2768 2722 2911 2795 ignis
2953 2732 3048 2778 aut
3081 2734 3275 2794 sponte
3300 2736 3396 2779 aut
3424 2729 3643 2784 malitia.

2053 2822 2343 2874 accensus,
2409 2810 2834 2866 destructionem
2896 2811 3088 2868 aﬂerre
3149 2816 3365 2885 sategit,
3413 2816 3626 2874 aedificii

2052 2900 2249 2957 molem
2283 2915 2642 2970 consumens,
2672 2914 2727 2959 et
2765 2903 2996 2972 plurima
3031 2908 3329 2975 depascens
3383 2910 3624 2964 multitu-

2051 2992 2166 3045 dini
2206 2993 2510 3048 iuaccessa.
2545 2991 2651 3048 Sed
2685 3004 2795 3048 tum
2828 3011 3044 3067 quoque
3096 3014 3226 3052 cura
3278 3000 3631 3070 imperatoris

380 3108 631 3176 δεύσατο,
665 3109 806 3179 μήτε
841 3106 951 3160 τῶν
995 3106 1195 3160 κοινῶν
1224 3105 1562 3174 φειδόμενον,
1602 3108 1946 3180 καταῦοσκησ-

2052 3084 2439 3138 canonicorum
2507 3087 2934 3141 sollicitudinem
3011 3091 3311 3159 praecessit,
3367 3099 3421 3146 et
3479 3093 3622 3162 quod

382 3203 473 3257 θὲν
495 3203 551 3256 δὲ
576 3204 673 3256 καὶ
695 3180 885 3269 πολλὰ,
905 3194 980 3255 ὧν
998 3195 1067 3271 ἦν
1086 3200 1147 3253 τὸ
1169 3200 1379 3261 πολλοῖς
1404 3197 1627 3254 ἄϐατον.
1659 3201 1768 3253 Καὶ
1788 3201 1952 3256 πάλιν

380 3296 661 3350 κάνταῦθα
701 3297 762 3349 τὸ
791 3295 1072 3365 βασιλικὸν
1114 3294 1397 3366 προμηθὲς
1420 3293 1819 3364 ἀντεπεξῆγετο
1837 3296 1950 3359 τοῖς

382 3386 823 3452 κανονικοῖς,καὶ
844 3386 907 3438 τὸ
935 3385 1170 3447 ἀπελθὸν
1198 3386 1363 3440 καλὸν
1397 3384 1820 3440 ἀποκαθίστατα
1838 3385 1949 3436 Καὶ

375 3478 480 3535 οὐκ
535 3480 600 3532 ἂν
646 3478 760 3550 ἔχοι
811 3496 895 3543 τις
932 3481 1107 3534 εἰπεῖν
1168 3479 1339 3533 κακὸν
1382 3477 1527 3533 οὕτω
1577 3476 1952 3547 φιλονεικηθὲν

376 3570 839 3641 ικκορυφωθῆναι
887 3571 970 3634 είς
1010 3572 1299 3641 μήκιστον,
1359 3570 1391 3622 ὃ
1436 3569 1512 3640 μὴ
1554 3569 1693 3639 ταχὺ
1745 3568 1950 3639 ἐξηφά-

380 3681 432 3717 νι
438 3679 553 3720 στο.

445 3826 512 3872 ν’.
565 3818 673 3881 Καὶ
731 3817 794 3869 οὗ
843 3817 1247 3886 περιεγράφετο
1296 3816 1355 3868 ἐν
1416 3816 1597 3886 μόνοις
1638 3817 1769 3886 ἡμῖν
1818 3816 1941 3871 οὐδὲ

381 3908 545 3964 ταυτὶ
593 3909 663 3961 τὰ
720 3907 919 3975 ἀγαθά*
950 3907 1015 3960 τά
1047 3907 1215 3960 πλείω
1243 3907 1300 3960 δὲ
1329 3910 1378 3959 ot
1412 3909 1510 3975 τῆς
1556 3906 1696 3978 ὲῴας
1740 3904 1948 3974 λήξεως

379 3998 732 4075 ἐκληροῦντο,
769 4000 864 4052 καὶ
915 4000 974 4051 τὸ
1031 3998 1349 4068 Ιίὐρωῖταῖον
1379 3999 1604 4063 πλάτος,
1662 3999 1755 4053 καὶ
1790 4000 1944 4071 νῆσοι

379 4092 822 4158 ὲγκαινιζὸμεναι
853 4091 945 4143 καὶ
975 4088 1119 4143 οὕτω
1145 4089 1522 4158 προφητικῶς,
1553 4085 1635 4152 οἷς
1658 4090 1722 4142 ὲκ
1746 4091 1943 4160 καινῆς

379 4179 443 4232 τὸ
477 4180 835 4248 ἀποιχόμενον
866 4179 924 4231 ὲν
955 4178 1117 4245 ίεροῖς
1151 4175 1344 4238 κάλλος
1390 4173 1798 4246 ἀνεκομίζοντο.
1830 4176 1940 4228 Καὶ

378 4273 408 4325 6
458 4268 692 4324 ἐνταῦθα
741 4269 1067 4337 κενούμενος
1124 4266 1356 4328 πλοῦτος
1413 4264 1581 4328 δόξειε
1640 4263 1738 4334 μὲν
1772 4265 1838 4316 ἂν
1877 4266 1942 4316 ἐκ

380 4362 579 4434 μέρους
611 4358 938 4430 ἐστοχάσθαι
988 4356 1079 4409 τοῦ
1135 4356 1468 4427 εὐεργετεῖν,
1512 4348 1594 4416 οἷς
1648 4354 1917 4424 ὲκερματί

377 4427 501 4518 ξεέο
530 4469 543 4482 ⁸
576 4452 636 4505 τὸ
676 4427 882 4521 πλῆθος
926 4449 982 4502 δέ
1042 4465 1126 4512 τις
1177 4446 1476 4509 καταλέξας
1526 4445 1637 4497 τῶν
1684 4445 1939 4513 ὲπιποιη-
1973 4427 2016 4481 Ῑ)

377 4543 580 4595 θέντων
608 4541 701 4595 καὶ
729 4539 994 4610 σεμνείων
1043 4537 1135 4590 καὶ
1165 4536 1325 4590 θείων
1355 4533 1521 4598 ναῶν,
1552 4533 1692 4588 πάνυ
1729 4533 1934 4597 πολλὰς

371 4632 637 4702 ὁλότητας
672 4631 769 4685 καὶ
808 4631 1071 4701 μεγίστας
1105 4627 1352 4694 δαπάνης
1403 4625 1808 4695 ἐκκορυφώσειε
1863 4624 1942 4694 τῷ

373 4724 657 4795 ἀδροτάτῳ
684 4722 783 4790 τῆς
816 4719 1116 4791 ὲκχύσεως.
1144 4719 1254 4772 Καὶ
1282 4719 1330 4770 οἱ
1363 4716 1461 4786 μὲν
1487 4715 1796 4785 φθάσαντες
1827 4717 1938 4768 τῶν

371 4810 434 4861 ὲν
466 4809 598 4878 ἡμῖν
630 4807 1052 4877 αὐτοκρατόρων
1108 4806 1238 4877 μίαν
1293 4805 1583 4874 δήπουθεν,
1630 4802 1664 4873 ἢ
1697 4806 1791 4856 καὶ
1820 4805 1940 4858 δευ-

367 4899 539 4968 τέραν
591 4897 852 4967 καλλονὴν
910 4897 1061 4949 θείαν
1122 4899 1261 4964 φωτὶ
1309 4894 1602 4958 δείξαντες,
1652 4897 1934 4963 νεοτήσιον

372 4988 576 5059 σεμνὸν
603 4989 697 5042 καὶ
732 4989 875 5057 μέγα
906 5004 959 5040 τι
990 4988 1214 5057 ποιῆσαι
1248 4986 1557 5057 κέκρινται,
1592 4986 1687 5039 καὶ
1716 4983 1932 5054 ἀληθῶς

370 5081 741 5151 πεποιήκασιν
764 5095 780 5111 ο
830 5080 859 5130 ὁ
909 5077 966 5130 δὲ
1003 5078 1436 5148 συννοησάμενος
1495 5077 1739 5145 κρεῖττον
1791 5070 1932 5126 εῖναι

366 5170 603 5240 φυλάξαι
633 5171 695 5224 τὸ
723 5166 865 5225 εἶναι
897 5172 1011 5233 τοῖς
1040 5166 1158 5223 οὖσι
1210 5172 1328 5235 μὲν,
1365 5168 1608 5223 κίνδυνον
1638 5166 1695 5219 δὲ
1728 5167 1935 5235 ὑπομέ-

364 5280 552 5317 νουσιν
577 5263 822 5329 ἀπιέναι,
872 5261 1012 5332 πρὺς
1044 5261 1128 5331 τῷ
1156 5262 1303 5331 ἔργῳ
1350 5260 1528 5330 τούτῳ
1558 5254 1672 5329 εἶχε
1702 5258 1763 5312 τὸ
1798 5258 1928 5324 πᾶν,

368 5353 826 5424 φιλοτιμούμενος
860 5352 1030 5423 μηδέν
1078 5370 1130 5405 τι
1169 5351 1274 5405 τῶν
1331 5341 1489 5422 ίερῶν
1522 5351 1701 5421 ἔργων
1733 5352 1937 5418 ἀπογε-

364 5444 579 5508 νέσθαι,
632 5443 769 5496 ἀλλά
801 5444 863 5496 τὸ
901 5441 1071 5495 πάλαι
1125 5446 1448 5511 κτητορικὸν
1502 5443 1684 5504 αὐτοῖς
1738 5441 1933 5494 ἐναπο-

371 5535 555 5604 μεῖναι
593 5534 759 5605 μέχρι
790 5533 979 5596 τέλους
1035 5531 1344 5601 ὲκφώνημα
1377 5533 1513 5599 πρὸς
1559 5535 1779 5602 μνήμην
1813 5535 1929 5596 τοῖς

364 5624 739 5696 ἀνεγείρασιν.
783 5622 1169 5694 Ἐπηκολούθει
1198 5621 1253 5675 δὲ
1285 5620 1390 5690 ἄρα
1423 5622 1498 5692 τῷ
1527 5621 1743 5691 βασιλεῖ
1774 5623 1934 5676 αὐτο-

2057 3182 2437 3243 consumptum
2483 3173 2663 3232 fuerat
2714 3178 3018 3246 templum,
3072 3181 3458 3238 reaediﬁcatum
3515 3192 3620 3239 est.

2058 3261 2166 3318 Nec
2197 3265 2370 3334 aliud,
2411 3268 2476 3322 de
2503 3282 2614 3338 quo
2653 3270 3023 3326 construendo
3068 3280 3149 3326 tot
3192 3273 3430 3329 aemulati
3455 3284 3582 3331 sunt
3606 3316 3626 3341 ,

2056 3365 2117 3412 ut
2152 3356 2374 3428 longum
2406 3358 2654 3427 duraret,
2690 3365 2801 3415 tam
2834 3371 3082 3432 prompte
3107 3361 3340 3420 interiit.

2128 3783 2220 3840 50.
2252 3780 2364 3838 Nec
2395 3783 2464 3838 ad
2491 3798 2592 3839 nos
2621 3782 2767 3837 solos
2786 3782 2900 3838 haec
2930 3784 3214 3840 commoda
3245 3788 3617 3857 spectabant;

2051 3877 2312 3947 pleraque
2340 3875 2490 3931 enim
2521 3875 2774 3946 regiones
2824 3875 3067 3933 Orientis
3113 3879 3322 3934 sortitae
3371 3891 3523 3946 sunt,
3565 3892 3619 3937 et

2050 3967 2335 4021 continens
2366 3965 2580 4036 Eumpa
2621 3975 2675 4020 et
2706 3966 2898 4021 insulae
2944 3969 3263 4037 prophetice
3292 3982 3570 4026 renovatae
3597 4013 3609 4032 .

2048 4060 2113 4112 ad
2145 4073 2280 4127 quas
2322 4058 2502 4112 denuo
2536 4058 2741 4113 cultum
2787 4058 3029 4112 divinum
3077 4060 3346 4114 labantem
3385 4061 3616 4116 reduxe-

2046 4159 2196 4202 runt.
2230 4148 2325 4203 Hic
2348 4147 2553 4201 divitia:
2585 4148 2888 4216 absumptae
2915 4164 2980 4202 ex
3017 4155 3170 4217 parte
3208 4151 3277 4204 ab
3309 4150 3374 4207 iis
3404 4152 3494 4221 qui
3522 4167 3615 4207 eas

2046 4240 2221 4293 sortiti
2244 4238 2482 4303 fuerant,
2509 4238 2575 4293 ad
2606 4239 2801 4307 stipem
2824 4240 3153 4308 erogandam
3184 4241 3439 4296 adhibita:
3462 4253 3609 4299 sunt.
3633 4271 3640 4278 -

2047 4328 2394 4383 Multitudine
2419 4345 2554 4385 vero
2573 4338 2890 4385 enumerata
2933 4333 3410 4399 monasteriorum,
3443 4335 3616 4390 eccle-

2045 4420 2358 4488 siarumque
2387 4433 2629 4474 summas
2664 4419 2890 4489 pecunia
2921 4423 3188 4476 maximas
3215 4422 3339 4491 quis
3374 4424 3615 4493 largitio-

2045 4511 2131 4563 nis
2170 4509 2288 4564 loco
2319 4510 2573 4577 profusas
2606 4509 2872 4564 inveniet.
2910 4507 3131 4564 Priores
3160 4513 3409 4579 equidem
3442 4513 3611 4581 impe-

2042 4613 2256 4657 ratores
2311 4601 2482 4655 nostri
2533 4617 2697 4656 unam
2747 4610 2840 4656 aut
2888 4604 3114 4656 alteram
3155 4604 3610 4671 pulchritudinem

2038 4691 2093 4746 in
2148 4691 2321 4746 lucem
2380 4691 2602 4746 edentes
2648 4708 2765 4746 rem
2811 4692 3069 4760 grandem
3097 4691 3295 4747 fecisse
3335 4692 3610 4751 videntur.

2037 4790 2092 4837 et
2124 4785 2304 4851 reipsa
2341 4782 2606 4837 fecerunt.
2638 4781 2741 4847 Qui
2773 4798 2900 4837 vero
2933 4782 3303 4838 consideravit
3335 4786 3482 4855 quod
3507 4801 3612 4841 me~

2039 4871 2147 4929 lius
2173 4881 2317 4929 esset
2341 4872 2707 4928 conJitionem
2724 4887 2972 4929 servasse
2986 4875 3286 4931 exsistendi
3305 4877 3372 4932 iis
3390 4878 3607 4947 quidem

2040 4962 2134 5032 qui
2179 4969 2329 5026 sunt,
2374 4976 2405 5015 a
2445 4963 2831 5029 superstitibus
2856 4979 2982 5021 vero
3011 4967 3313 5035 periculum
3359 4970 3606 5035 ejecisse,

2038 5064 2097 5107 et
2121 5063 2316 5121 praeter
2355 5068 2493 5123 opus
2532 5054 2661 5109 illud
2690 5055 3004 5112 universum
3051 5071 3171 5112 esse
3203 5057 3411 5121 habuit,
3456 5055 3607 5110 omni

2036 5157 2140 5212 ope
2180 5158 2421 5212 curaque
2449 5146 2686 5211 enitens,
2730 5154 2792 5201 ut
2838 5147 2974 5201 nihil
3022 5147 3087 5201 de
3130 5148 3304 5201 sacris
3343 5146 3606 5213 operibus

2037 5234 2311 5299 deﬁceret,
2359 5236 2454 5292 sed
2502 5237 2648 5307 quod
2697 5238 2998 5308 antiquitus
3046 5235 3324 5290 Dominica
3357 5250 3444 5292 res
3486 5247 3605 5291 erat

2036 5330 2169 5398 ipsis
2196 5340 2503 5385 remaneret
2523 5346 2696 5399 usque
2717 5330 2785 5385 ad
2805 5331 2987 5393 ﬁnem,
3011 5326 3447 5383 adhortationem
3470 5328 3601 5384 illud

2035 5425 2327 5481 habensad
2355 5425 2671 5480 memoriam
2703 5422 2811 5475 illis
2846 5422 2942 5489 qui
2967 5420 3282 5475 memoriam
3312 5422 3599 5479 suscitant.

2033 5512 2168 5586 Regi
2187 5517 2381 5573 exinde
2410 5517 2548 5570 hanc
2566 5511 2869 5583 praesertim
2895 5510 3478 5581 haereditassegratiam
3504 5528 3601 5583 pro

2032 5626 2093 5667 re
2155 5619 2280 5663 nuta
2343 5607 2652 5662 inhaerebat.
2713 5606 2779 5659 Et
2834 5604 3000 5674 priori
3071 5606 3290 5675 quidem
3326 5606 3417 5675 qui
3471 5619 3603 5677 pos.
