3962 6242
433 283 581 359 101:5~
1140 278 1561 343 EUSI‘ATHII
1600 276 2036 341 THESSALON
2052 276 2351 339 ICENSIS
2392 274 2956 339 METROPOLITA‘I
3531 278 3661 344 1016

424 419 553 464 nam
581 398 836 466 faciebat,
874 391 1166 450 insomniis
1194 407 1253 447 se
1275 388 1507 455 dedens,
1539 401 1641 443 nec
1665 400 1838 457 genua
1863 383 1992 440 ﬂec-

2137 387 2195 439 a’t
2226 384 2395 438 είσέτι
2435 384 2597 439 πλέον
2639 385 2975 440 ἐπετείνατο.
3011 384 3148 439 Μεθ’
3174 387 3394 456 ἡμέραν
3431 389 3532 459 μὲν
3559 392 3663 457 γὰρ

423 504 565 559 tells,
598 500 651 550 et
673 488 947 561 patientiae
967 488 1273 553 columnam
1301 481 1402 536 sibi
1435 480 1693 550 erigens;
1729 493 1837 547 quo
1868 490 1989 531 cer-

2136 477 2328 533 οιαῦτα
2368 473 2440 548 ἦν
2463 495 2479 509 ’
2514 480 2543 530 ό
2574 477 2630 531 δὲ
2666 476 3026 545 αὐτοκράτωρ
3053 477 3149 529 καὶ
3171 478 3271 547 τὴν
3306 478 3477 533 νύκτα
3505 481 3632 535 πολε
3652 515 3663 523 -

425 598 480 644 te
508 584 727 656 optimis
760 579 972 635 studuit
1000 573 1345 631 documentis
1377 586 1473 643 per
1515 573 1678 626 vitam
1710 570 1777 624 ad
1806 567 1992 623 omnia

2133 573 2292 635 ιικοτς
2324 570 2504 641 ἔργοις
2533 569 2731 635 ἐδίδου,
2759 569 2854 622 καὶ
2876 569 2975 638 τὴν
3008 568 3158 640 ὤραν
3182 572 3279 639 τῆς
3308 573 3665 635 ἀναπαύσεως

425 677 701 751 patienter
737 668 1019 728 toleranda
1053 682 1113 725 se
1148 677 1458 721 macerans.

2137 661 2288 732 αιρδν
2321 661 2555 714 ἐποιεῖτο
2582 662 2681 730 τῆς
2713 661 2791 723 τίς
2837 659 3094 726 τοιαύτην
3137 660 3287 726 ζέσιν
3335 661 3670 728 ὲκκαύσεως,

2103 754 2481 824 διακαρτερῶν
2518 756 2742 816 ἀῦπνος.
2798 754 2894 808 καὶ
2928 753 3061 824 μηδὲ
3100 754 3228 823 γόνυ
3258 754 3549 825 κάμπτων,
3579 762 3669 808 κοὶ

2107 844 2309 914 στήλην
2340 844 2484 899 οὕτω
2511 844 2803 915 καρτερίας
2836 844 3027 898 ἑαυτὸν
3054 846 3287 899 ἀνιστῶν
3306 863 3324 880 ο
3350 847 3377 900 ὃ
3404 847 3471 918 δὴ
3508 847 3667 917 stipa-

2105 933 2212 996 es;
2251 933 2591 1004 μεμελέτηκε
2631 935 2720 987 διὰ
2755 932 2893 1003 βίου,
2942 935 3022 996 είς
3060 934 3123 988 τὸ
3170 936 3441 1000 παντοίως
3467 939 3671 1007 ὑπομι-

2108 1023 2320 1076 νετικδν
2366 1022 2557 1075 ἑαυτὸν
2587 1023 3006 1094 ἐκπονούμειος.

496 1177 588 1233 55.
619 1176 756 1234 Nam
798 1177 993 1229 cuncta
1032 1176 1089 1223 ut
1116 1166 1385 1233 dicamus,
1414 1163 1468 1218 in
1499 1160 1654 1234 plura
1701 1159 1875 1215 divisa
1907 1172 2001 1228 pa-

427 1269 622 1327 tientia
649 1283 663 1322 :
697 1265 805 1320 alia
836 1261 1055 1332 quidem
1079 1257 1419 1329 quamcirca
1446 1267 1649 1323 corpus
1664 1262 2004 1314 exercemus,

431 1373 593 1430 quam
655 1356 901 1411 laborum
946 1349 1285 1406 tolerantiam
1320 1359 1516 1402 vocare
1558 1342 1949 1399 consuevimus
1985 1356 2000 1405 ;

434 1451 538 1505 alia
569 1449 626 1504 in
656 1445 1013 1517 cupiditatum
1038 1439 1432 1502 refrenatione,
1455 1452 1572 1507 qua:
1599 1443 1685 1490 est
1704 1444 2009 1503 temperan-

434 1543 509 1597 tia
536 1557 553 1609 ;
586 1540 692 1595 alia
720 1537 774 1592 in
798 1533 1136 1605 mgritudinis
1171 1531 1351 1586 omnis
1385 1527 1754 1598 mitigatione,
1786 1524 2005 1594 sapien-

434 1636 523 1692 tiae
550 1646 680 1688 sane
707 1638 761 1684 et
785 1626 1060 1699 patientia:
1083 1633 1192 1690 est,
1216 1621 1357 1692 quod
1379 1620 1556 1675 adhuc
1575 1618 1736 1672 etiam
1776 1625 1829 1669 et
1859 1627 2010 1668 man-

2179 1181 2273 1230 vs’.
2318 1175 2496 1240 Ὄλως
2524 1177 2629 1249 γὰρ
2658 1178 2853 1244 εἰπεῖν,
2884 1180 2965 1242 είς
3003 1178 3173 1231 πλείω
3209 1179 3545 1250 διῃρημένης
3577 1180 3670 1242 τῆς

2112 1267 2412 1339 ὑπομονῆς,
2455 1269 2550 1322 καὶ
2593 1269 2694 1338 τῆς
2734 1270 2834 1339 μὲν
2860 1270 2943 1332 είς
2982 1271 3048 1323 τὰ
3071 1273 3202 1340 περὶ
3236 1270 3394 1339 σῶμα
3425 1271 3671 1340 ὲχούτης,

2113 1360 2180 1429 ἢν
2213 1360 2545 1432 φερεπονίαν
2568 1362 2857 1431 ὀνομάζειν
2884 1361 3128 1431 οἴδαμεν,
3160 1363 3262 1433 τῆς
3293 1362 3350 1415 δὲ
3380 1363 3464 1425 είς
3493 1362 3675 1416 ἐπιθο-

2119 1450 2262 1519 μιῶν
2303 1452 2554 1521 συνοχὴν,
2610 1452 2639 1505 ὃ
2693 1452 2757 1521 δὴ
2809 1452 2958 1507 ἐστιν
3007 1453 3325 1523 ἐγκράτεια,
3367 1453 3469 1522 τῆς
3512 1453 3569 1506 δὲ
3602 1455 3675 1515 είς

2117 1545 2318 1608 παντὸς
2344 1543 2594 1616 λυπηροῦ
2628 1546 3044 1614 κατακέρασμα,
3072 1543 3233 1598 τοῦτο
3266 1545 3329 1613 δὴ
3358 1545 3422 1597 τὸ
3449 1544 3542 1598 καὶ
3574 1562 3675 1597 σωι

2117 1636 2396 1706 φροσύνης
2435 1637 2530 1691 καὶ
2567 1638 2898 1709 καρτερίας,
2948 1637 3029 1690 ἔτι
3084 1637 3191 1708 μὴν
3235 1639 3329 1691 καὶ
3375 1639 3678 1708 πραότητος

436 1723 742 1782 suetudinis
786 1722 900 1774 haec
935 1715 1184 1779 victoria,
1219 1728 1329 1767 non
1365 1720 1449 1765 est
1482 1711 1625 1763 circa
1678 1720 1840 1776 quam
1874 1718 2008 1775 pro-

503 1818 513 1820 “
752 1814 764 1820 ⁵
867 1812 878 1820 ⁵
1129 1808 1140 1820 ¹
1200 1806 1212 1820 ¹
1338 1804 1374 1820 Ἀ
1443 1814 1603 1820 -υ--υο
1637 1814 1704 1820 .-.-
1751 1797 1972 1820 ,ΛΑ-2--..

2133 1727 2410 1797 εκνίκημα,
2441 1727 2540 1780 οὐκ
2591 1727 2731 1793 ἐστι,
2788 1726 2919 1797 περὶ
2970 1727 3038 1798 ἢν
3098 1727 3236 1780 ίδίαν
3276 1728 3562 1796 ὑπομονῆς
3584 1728 3678 1779 οἰκ

435 1818 606 1889 priam
658 1812 930 1885 patientiae
985 1822 1095 1862 non
1129 1804 1379 1861 habuerit
1436 1814 1708 1857 summam
1748 1797 2004 1868 gloriam,

434 1923 533 1964 rex
574 1907 647 1962 ibi
698 1903 985 1974 suiipsius,
1020 1899 1148 1967 quia
1218 1900 1371 1954 nefas
1406 1900 1523 1950 erat
1568 1890 1704 1947 adeo
1755 1901 2012 1957 magnum

436 2001 745 2074 principem
818 1995 1175 2051 inferioribus
1253 2005 1436 2061 parem
1526 2001 1669 2043 esse.
1728 1983 2015 2039 Sustinen-

435 2095 522 2152 dis
567 2094 733 2163 igitur
778 2088 1056 2161 perstabat
1095 2087 1149 2141 in
1199 2083 1457 2140 omnibus
1501 2080 1807 2145 laboribus,
1847 2076 2018 2146 frigus

2116 1814 2263 1889 εἶχεν
2314 1820 2481 1889 ἀκρον
2515 1820 2575 1871 τὸ
2613 1819 2938 1889 εὐδόκιμον,
2974 1819 3230 1889 βασιλεὺς
3275 1820 3558 1874 κάνταῦθα
3607 1819 3678 1871 ὢν

2114 1913 2210 1964 καὶ
2243 1911 2460 1976 ἑαυτοῦ,
2510 1912 2592 1964 ὅτι
2640 1910 2775 1982 μηδὲ
2804 1912 2971 1982 ὲχρῆν
3009 1911 3099 1964 τον
3131 1909 3270 1963 οὕτω
3311 1909 3563 1979 μεγάλως
3593 1910 3680 1977 ἄρ-

2115 2023 2280 2077 χοντα
2329 2005 2499 2059 εῐκειν
2537 2005 2650 2066 τοῖς
2702 2001 2933 2073 χείροσι.
2984 2002 3208 2072 Διήρκει
3260 1995 3353 2053 οὖν
3404 2000 3483 2063 είς
3541 2000 3682 2053 ἅπαν

2119 2095 2455 2169 φερεπονῶν,
2486 2094 2658 2164 ψῦχος
2683 2095 2782 2163 μὲν
2808 2092 3122 2163 ὑπομένων,
3149 2091 3224 2154 ὡς
3256 2091 3350 2144 ἐὰν
3370 2092 3468 2143 καὶ
3500 2107 3685 2160 μεσαι-

438 2185 659 2256 quidcm
703 2183 947 2236 tolerans
980 2180 1137 2248 quasi
1197 2175 1362 2232 medii
1393 2183 1560 2229 aestus
1602 2170 1811 2226 urentis
1859 2168 2019 2223 ﬂatus

2133 2168 2282 2244 πάτου
2314 2188 2504 2259 θέρους
2536 2187 2835 2257 φρύγοντος
2859 2184 3172 2253 φιλοτιμίαν
3205 2182 3475 2255 εὐκράτου
3517 2181 3683 2250 πνοῆς

441 2285 589 2332 recte
617 2271 905 2342 compositi
935 2269 1244 2341 cupidinem
1270 2267 1565 2329 inveniret,
1598 2261 1804 2342 aestivis
1830 2260 2012 2313 denuo

437 2364 712 2423 caloribus
737 2340 1019 2433 expositus
1032 2370 1083 2416 et
1099 2359 1370 2430 patienter
1396 2340 1741 2425 ferensquasi
1771 2348 2023 2432 vitalibus

441 2457 594 2512 auris
647 2454 1108 2524 refrigeraretur;
1166 2450 1317 2507 sitim
1382 2461 1514 2503 vero
1574 2446 1721 2500 sicut
1778 2456 1880 2498 nec
1938 2436 2022 2494 illI

439 2549 630 2619 Adipsi
667 2548 722 2602 in
764 2547 992 2601 historia
1018 2542 1321 2602 memorati,
1355 2541 1663 2603 sustinens;
1694 2537 1890 2590 famem
1923 2547 2024 2587 au-

443 2650 553 2696 tem
608 2639 786 2693 otioso
835 2638 956 2691 viro
988 2636 1171 2690 utilem
1203 2648 1325 2689 esse
1377 2648 1485 2686 non
1543 2628 1777 2685 absurde
1810 2626 2023 2691 dicens,

445 2718 723 2788 laborioso
750 2744 877 2783 vero
907 2727 1115 2783 homini
1156 2741 1264 2781 non
1301 2738 1623 2793 congruam,
1656 2735 1817 2790 quem
1857 2732 2024 2772 nove-

445 2832 576 2878 runt
622 2820 832 2875 nutrire
877 2818 1065 2875 sedula
1098 2832 1285 2887 opera,
1346 2829 1467 2886 quae
1525 2813 1723 2867 animae
1773 2806 2027 2865 luctatio-

448 2930 570 2973 nem
612 2921 900 2969 renovant.

517 3075 606 3133 56.
652 3072 1003 3144 Compescnit
1062 3078 1118 3126 et
1173 3069 1380 3125 ventris
1428 3066 1757 3137 cupiditates
1803 3079 1821 3129 ;

449 3177 631 3224 statua
665 3181 787 3235 qua:
815 3164 869 3219 id
910 3172 1123 3217 tantum
1147 3160 1252 3215 sibi
1281 3159 1492 3214 infundi
1522 3157 1636 3212 vult
1662 3162 1930 3226 quantum
1959 3151 2026 3207 ad

452 3256 820 3328 impletionem
848 3255 984 3309 satis
1016 3252 1109 3309 sit.
1138 3250 1254 3307 Non
1303 3252 1449 3305 enim
1486 3249 1574 3303 ille
1629 3244 2030 3317 ingurgitatum

450 3344 878 3415 supercalcaret,
906 3357 1005 3396 nec
1030 3341 1201 3395 invito
1229 3339 1516 3395 stomacho
1544 3337 1698 3392 cibos
1718 3342 1773 3390 et
1818 3331 2027 3404 liquida

454 3440 597 3494 ultra
628 3453 789 3508 quam
824 3435 905 3489 fas
930 3443 1016 3489 est
1045 3435 1290 3502 ingerere
1308 3439 1621 3494 conaretur,
1650 3429 1793 3484 sicut
1825 3426 2035 3479 faciunt

454 3543 685 3595 quorum
749 3525 890 3579 Deus
932 3530 1121 3576 venter
1157 3531 1259 3577 est.
1326 3520 1465 3576 Ecce
1509 3520 1698 3581 eadem
1749 3522 2035 3578 amborum

456 3635 641 3675 causa.
695 3616 828 3670 Nam
889 3632 990 3669 nec
1042 3615 1184 3683 quod
1236 3615 1452 3684 plenum
1498 3620 1581 3667 est
1637 3611 1817 3668 adhuc
1890 3611 2036 3682 quod

457 3708 697 3778 injicitur
723 3706 978 3770 admittit,
1028 3721 1127 3759 nec
1170 3705 1279 3774 jam
1340 3719 1433 3759 ore
1483 3705 1727 3760 clausum
1780 3706 2036 3759 ulteriora

458 3800 589 3856 sinit
621 3799 768 3852 intus
797 3805 1104 3867 penetrare.

532 3951 625 4008 57.
651 3950 745 4006 Sic
800 3949 1151 4020 cupiditatem
1205 3949 1686 4004 vehementissime
1739 3950 2039 4003 nobismet-

460 4042 594 4113 ipsis
649 4040 860 4095 veniam
900 4040 1116 4095 dantem
1170 4039 1440 4094 domabat.
1487 4036 1850 4107 Cupiditatem
1895 4037 2038 4092 enim

464 4142 718 4201 tanquam
754 4146 846 4185 rex
899 4129 1003 4200 legi
1057 4131 1441 4200 obtemperans
1499 4129 1801 4198 expellebat
1848 4139 2032 4200 tyran-

469 4234 623 4274 num.
675 4218 990 4289 Stragulnm
1027 4219 1131 4290 ipsi
1165 4219 1231 4273 ad
1265 4227 1466 4273 terram
1506 4219 1869 4290 asperrimum
1921 4233 2029 4272 non

462 4325 492 4363 a
550 4310 742 4364 mediis
770 4309 1046 4381 tapetibus
1079 4309 1430 4379 explicatum,
1482 4311 1619 4363 adeo
1671 4310 2038 4363 aestimaverat

2120 2278 2362 2350 εὕρισκε,
2413 2278 2613 2349 θερινφ
2664 2277 2722 2330 δὲ
2769 2274 2966 2329 θάλπει
3003 2271 3159 2338 αὖθις
3194 2272 3683 2344 παραϐαλλόμενος

2121 2370 2219 2423 καὶ
2246 2367 2599 2439 ὲγκαρτερῶν
2623 2408 2637 2432 ,
2686 2365 2761 2430 ὡς
2794 2368 2844 2418 εἱ
2872 2366 2964 2419 καὶ
2988 2364 3279 2432 ζωογὸνοις
3319 2361 3518 2434 αὕραις
3558 2362 3685 2431 Edui-

2123 2476 2267 2532 χετοο
2297 2458 2459 2528 δίψαν
2493 2457 2572 2522 δὲ,
2601 2456 2677 2520 ὡς
2713 2455 2822 2509 οὐδ’
2857 2455 2924 2509 ἂν
2953 2455 3003 2508 oi
3039 2455 3137 2525 τῆς
3166 2453 3412 2523 ἱστορίας
3449 2452 3685 2522 Ἀδιψοι,

2125 2550 2448 2621 ἀνεχόμενος
2472 2566 2486 2582 ο
2518 2548 2677 2618 λιμὸν
2727 2547 2785 2601 δὲ
2844 2546 3028 2617 ἀεργῷ
3065 2546 3164 2614 μὲν
3202 2546 3355 2615 ἀνδρὶ
3409 2544 3690 2614 σύμφορον

2124 2636 2266 2695 εἶναι
2316 2640 2646 2710 φιλοσοφῶν,
2680 2636 2956 2707 ὲργατικῷ
3000 2636 3055 2689 δὲ
3087 2633 3361 2706 ἀνθρώπῳ
3410 2635 3689 2704 ἀπροσάρ-

2130 2750 2347 2805 μοστον,
2382 2732 2442 2785 ὃν
2479 2727 2589 2785 οἵδε
2617 2730 2842 2801 τρέφειν
2870 2731 2938 2784 τὰ
2974 2729 3241 2784 σπουδαῖα
3282 2728 3443 2799 ἔργα,
3480 2731 3688 2789 ἑαυτοῖς

2126 2823 2538 2896 ἀπασχολοῦντα
2561 2824 2622 2877 τὸ
2644 2825 2741 2895 τῆς
2762 2822 2942 2895 ψυχῆς
2968 2822 3283 2890 ἐναγώνιον.

1881 3061 2027 3171 Sic“:
2051 3111 2095 3171 α
2200 3079 2311 3143 νς⁹.
2350 3078 2570 3148 Ἀμέλει
2591 3077 2686 3129 καὶ
2707 3076 2891 3145 ἐπεῖχε
2909 3074 2979 3126 τὰ
3001 3072 3081 3134 είς
3108 3071 3355 3141 γαστρδς
3376 3070 3689 3141 θεραπείαν,

2129 3172 2227 3226 ὅσα
2255 3169 2350 3223 καί
2381 3186 2468 3231 τις
2500 3166 2744 3237 ἀνδριὰς,
2777 3167 2856 3228 είς
2884 3163 3138 3218 τοσοῦτον
3169 3161 3373 3216 ἐθέλων
3402 3163 3503 3231 τὴν
3551 3160 3697 3214 ἔνθε-

2133 3280 2239 3328 σιν,
2273 3262 2352 3325 είς
2379 3261 2504 3313 ὅσον
2529 3260 2625 3313 καὶ
2653 3261 2682 3312 ό
2709 3255 3117 3327 ὕπερπλησθείς
3135 3271 3149 3286 ·
3193 3253 3315 3307 οὕτε
3348 3252 3464 3322 γὰρ
3492 3255 3695 3316 ἐκεῖνος

2131 3354 2410 3410 ὲπισάττοι
2466 3353 2533 3406 ἂν
2575 3352 2634 3404 τὸ
2687 3350 3050 3420 ὕπέρφορτον,
3094 3346 3209 3400 οὔτ’
3238 3344 3403 3407 αὐτὸς
3440 3339 3556 3412 εἶχε
3600 3345 3695 3410 τὴν

2135 3445 2392 3510 καθάπαξ
2435 3442 2791 3514 σφιγχθεῖσαν
2832 3441 2972 3509 λόγῳ
3023 3438 3365 3491 συστέλλοντι
3404 3435 3696 3504 ἀνευρύνας

2134 3538 2213 3602 είς
2239 3535 2442 3606 βρῶσιν
2475 3535 2613 3587 κατὰ
2639 3532 2765 3594 τοὺς
2794 3527 3225 3599 κολιοδαίμονας.
3259 3527 3370 3580 Καὶ
3413 3526 3537 3578 ἐστι
3566 3542 3694 3578 ταυ-

2135 3629 2224 3681 τὸν
2250 3626 2340 3680 ἐπ’
2368 3625 2570 3696 ἀμφοῖν
2598 3623 2659 3675 τὸ
2691 3623 2887 3677 αἴτιον.
2924 3619 3064 3673 Οὔτε
3109 3620 3217 3689 γὰρ
3260 3617 3587 3688 ’τὺ-πλῆρες
3620 3618 3701 3689 ἔτι

2139 3716 2324 3784 στέγει
2363 3716 2423 3768 τὸ
2462 3712 2886 3785 ἐμϐαλλόμενον,
2925 3708 3049 3762 οὕτε
3074 3708 3133 3760 τὸ
3163 3709 3395 3775 είσᾶγαν
3430 3696 3697 3779 σύστᾶμον

2136 3807 2331 3877 ἀφίησί
2364 3824 2416 3860 τι
2449 3806 2555 3858 τῶν
2579 3802 2943 3873 ἐντιθεμένων
2972 3799 3312 3870 προκύπτειν
3344 3801 3524 3862 ἐντός.

2212 3962 2313 4027 νζ’.
2345 3961 2503 4016 Οὕτω
2535 3958 2844 4029 κατισχύων
2875 3953 2944 4021 ἦν
2980 3956 3302 4025 ἐπιθυμίας,
3346 3955 3445 4009 τοῦ
3469 3956 3699 4007 Gerund-

2138 4072 2231 4110 του
2269 4054 2520 4116 κόλακος.
2556 4053 2738 4121 Θυμδν
2769 4053 2899 4120 γὰρ.
2923 4051 3022 4102 ὅσα
3051 4048 3146 4101 καὶ
3175 4046 3432 4116 βασιλεὺς
3458 4047 3649 4112 ἒννθμο
3682 4084 3694 4096 .

2139 4147 2330 4215 ἐξώθει
2358 4146 2643 4217 τύραννον.
2669 4140 2934 4214 Στρωμνὴ
2978 4140 3035 4192 δὲ
3068 4140 3215 4209 αὑτῷ
3253 4140 3391 4206 πρὸς
3418 4138 3525 4207 γῆς
3580 4154 3698 4206 τρα-

2139 4240 2375 4311 χύτητα,
2412 4237 2697 4306 στρώμασι
2734 4234 3000 4305 μαλακοῖς
3031 4231 3464 4302 ἀμεσολάϐητος,
3494 4229 3633 4281 οὕτω
3653 4244 3701 4279 τι

2140 4330 2417 4399 λελόγιστο
2459 4326 2633 4395 φίλον,
2666 4326 2740 4389 ὡς
2768 4322 3218 4396 πραγματειῶδες
3265 4321 3419 4390 αὐτῷ
3448 4322 3507 4372 ὲν
3536 4337 3702 4386 καιρέηι

463 4399 708 4463 charum,
757 4399 963 4469 utjipsi
1010 4400 1065 4454 in
1111 4410 1354 4470 tempore
1417 4413 1539 4453 esse
1588 4414 1677 4453 res
1730 4407 2026 4468 opportuna

2147 4417 2305 4480 εἶναι.
2340 4418 2472 4490 μηδὲ
2507 4416 2584 4487 τῷ
2614 4416 2772 4471 παντὶ
2819 4415 2921 4468 τοῦ
2956 4413 3216 4481 μεγέθους
3258 4411 3702 4470 κατακλίνεσθαι,

466 4490 596 4557 quia
631 4488 743 4557 jam
772 4489 931 4558 genio
954 4489 1116 4543 simul
1150 4502 1215 4544 ac
1244 4496 1452 4543 natura:
1481 4489 1905 4544 necessitatibus
1938 4490 2035 4543 dc-

464 4578 637 4632 bitum
672 4579 884 4634 solvere
936 4590 1145 4649 posset.
1197 4578 1549 4635 Homericum
1592 4582 1811 4650 quidem
1845 4579 2034 4635 JOch

467 4680 692 4721 somnus
757 4669 1034 4738 quondam
1094 4670 1324 4725 insidias
1399 4672 1632 4726 tendens
1684 4671 2039 4724 circumvenit

470 4758 718 4825 invitum,
751 4770 805 4814 et
832 4760 1122 4829 conjicitur
1166 4762 1456 4817 ostendens
1491 4776 1671 4816 sermo
1708 4762 1886 4816 somni
1918 4763 2037 4832 {vim

471 4865 576 4906 non
607 4851 777 4905 solum
813 4853 866 4905 in
916 4855 983 4906 iis
1021 4853 1111 4921 qui
1142 4854 1302 4907 aliter
1351 4852 1516 4906 vitam
1569 4852 1887 4917 instituunt,
1945 4857 2038 4908 sed

468 4953 524 5000 et
558 4944 611 4998 in
637 4943 703 4999 iis
730 4944 823 5013 qui
851 4944 957 4998 late
990 4944 1360 4997 dominantur.
1387 4943 1493 5013 Ipsi
1524 4959 1649 4998 vero
1674 4954 1903 5000 vocatus
1933 4960 2039 4998 non

472 5034 654 5107 paruit
677 5051 903 5091 somnus
937 5053 951 5088 :
999 5038 1292 5105 prmstahat
1322 5035 1537 5087 utilium
1571 5035 1920 5100 sollicitudo,
1962 5034 2041 5089 iu-

473 5140 683 5196 susque
716 5126 826 5180 cito
858 5142 1153 5197 assurgens
1190 5136 1245 5182 et
1289 5125 1523 5195 quodam
1560 5127 1719 5180 modo
1745 5126 1939 5181 adesse
1973 5126 2041 5180 ti-

472 5232 628 5271 mens
677 5232 844 5287 prope
894 5219 1023 5272 huic
1071 5218 1162 5286 qui
1198 5230 1411 5284 semper
1473 5230 1596 5269 cum
1664 5226 1805 5271 metu
1887 5218 2040 5282 vivif,

472 5317 527 5362 et
558 5307 969 5364 immortalitate
1019 5309 1184 5380 digno
1236 5316 1463 5362 mortem
1496 5308 1785 5375 quamdam
1828 5312 2042 5378 operari

475 5411 733 5452 sensuum
762 5399 999 5468 pigritia,
1033 5411 1085 5454 et
1124 5399 1383 5466 operibus
1420 5396 1754 5453 ferventibus
1791 5400 2043 5454 obstacu-

475 5485 587 5541 lutn
611 5501 812 5556 ponere
845 5488 1132 5544 mundanae
1165 5487 1530 5546 ordinationis
1567 5488 1858 5545 artiﬁcem.

2143 4510 2280 4564 ἀλλὰ
2302 4508 2577 4577 καθῆσθαι
2608 4506 2958 4578 ὀρθούμενον,
2992 4505 3087 4557 καὶ
3118 4502 3290 4564 οὕτως
3320 4502 3595 4554 ἐκκλίνειν
3623 4501 3704 4551 τὸν

2144 4601 2307 4667 σοφὸν
2339 4594 2709 4663 κατευναστὴν
2751 4594 2917 4646 ὕπνον
2945 4593 3042 4657 τῆς
3073 4590 3308 4658 φύσεως.
3357 4590 3467 4643 Τὸν
3493 4588 3593 4656 μὲν
3618 4583 3704 4638 οὖν

2151 4688 2448 4760 Ὁμηρικὸν
2481 4686 2578 4739 Δία
2613 4685 2775 4748 ὕπνος
2807 4686 2938 4738 ποτε
2977 4683 3273 4753 περιεχύθη
3299 4681 3590 4743 ἐπίϐουλος
3614 4680 3705 4746 οὐχ

2139 4780 2351 4844 ἑκόντα,
2383 4777 2478 4831 καὶ
2503 4780 2529 4830 ὁ
2561 4776 2717 4843 λόγος
2747 4776 3054 4828 ὑπονοείται
3088 4771 3281 4842 δηλοῦν
3307 4772 3368 4823 τὸ
3398 4770 3499 4824 τοῦ
3545 4771 3703 4822 ὕπνον

2143 4871 2338 4943 βίαιον,
2398 4867 2472 4939 μὴ
2506 4867 2664 4938 μόνον
2715 4867 2771 4919 ὲν
2819 4868 2931 4928 τοῖς
2977 4865 3150 4925 ἄλλως
3195 4862 3384 4931 ἔχουσι
3416 4862 3511 4914 τοῦ
3541 4859 3704 4930 βιοῦν.

2140 4958 2278 5015 ἀλλὰ
2315 4958 2410 5011 καὶ
2443 4960 2499 5009 ὲν
2528 4959 2636 5019 τοῖς
2670 4956 2840 5009 πλατὺ
2891 4955 3139 5025 ἄρχουσι.
3174 4952 3265 5023 Τῷ
3293 4953 3350 5006 δὲ
3377 4954 3475 5005 καὶ
3510 4966 3701 5022 προκα-

2138 5047 2401 5117 λούμενος
2433 5044 2598 5109 ὕπνος
2630 5046 2730 5113 οὐχ
2771 5044 3013 5110 ὑπήκουε
3037 5059 3051 5074 ·
3104 5042 3165 5097 τὸ
3195 5042 3304 5110 γὰρ
3332 5042 3705 5110 φροντιστικὴν

2141 5139 2234 5193 τοῦ
2265 5138 2553 5209 χρειώδους
2581 5135 2957 5208 περιεγίνετο·
2986 5136 3083 5190 καὶ
3114 5135 3510 5196 ἐπιπετασθεὶς
3538 5134 3595 5186 δὲ
3623 5149 3707 5185 ται

2143 5230 2208 5300 χῦ
2230 5227 2504 5296 ἀπεπήδα,
2540 5226 2757 5296 μετρῶν
2799 5226 3010 5288 ἑαυτὸν,
3040 5225 3116 5287 ὡς
3145 5225 3173 5277 ὁ
3203 5223 3462 5293 βασιλεὺς
3490 5223 3699 5274 ἐπέτατ-

2143 5335 2222 5385 τε,
2254 5319 2344 5370 καὶ
2372 5320 2484 5379 τοῖς
2536 5317 2645 5369 τῶν
2678 5317 2853 5386 ἔργων
2884 5317 3093 5385 καιροῖς
3131 5314 3380 5367 ἐπιοῦσιν
3430 5311 3704 5377 ὑπεξιστά-

2149 5425 2330 5478 μενος,
2365 5407 2459 5460 καί
2488 5424 2604 5471 πως
2634 5406 2811 5459 ὀκνῶν
2835 5446 2849 5470 ,
2880 5407 2954 5473 τῷ
2985 5406 3282 5474 ἀεικινήτῳ
3312 5406 3591 5474 παρεῖναι,
3622 5402 3707 5453 καὶ

2146 5498 2222 5569 τῷ
2281 5497 2583 5561 ἀθανασίας
2632 5497 2837 5567 ἐπαξίῳ
2883 5496 3110 5551 θάνατον
3147 5491 3262 5550 οἷον
3313 5498 3609 5567 τεχνᾶσθαι
3645 5498 3703 5561 τῇ

2146 5587 2314 5659 ἀργίᾳ
2364 5588 2473 5642 τῶν
2524 5590 2847 5659 αἰσθήσεων,
2910 5588 3003 5641 καὶ
3034 5588 3144 5642 τῶν
3174 5590 3489 5643 σπουδαίων
3544 5591 3687 5662 ἔργω

2148 5679 2435 5747 ὲγκόπτειν
2464 5679 2554 5732 τὸν
2588 5679 2684 5750 τῆς
2718 5678 2987 5748 κοσμικῆς
3025 5679 3264 5748 Ξργάτην
3298 5682 3628 5745 συστάσεως.
3718 5746 3721 5753 λ
