3962 6242
276 306 410 373 1017

268 517 347 571 (τι
378 517 592 587 τρυφᾷν
622 516 732 569 δέει
763 517 901 587 πρός
926 535 1046 571 τινα
1073 519 1380 590 σκευωρίαν
1409 520 1606 591 ἡδονῆς
1639 521 1851 589 σώφρο-

268 626 354 672 να,
376 611 457 672 εἰς
487 609 557 679 ἢν
584 611 678 665 καὶ
709 611 738 664 ὁ
772 609 977 678 γλυκὺς
1005 610 1285 681 συμϐολήν
1318 629 1439 666 τινα
1467 612 1850 682 παραμίγνυσι

269 701 548 773 κάλαμος·
604 701 684 757 ῑτι
713 720 779 772 γε
832 706 940 776 μὴν
973 710 1065 759 καὶ
1107 709 1135 761 ό
1178 708 1399 774 στύφων
1425 705 1621 778 χυλός·
1658 703 1848 758 ἔστιδ’

267 796 401 849 ὅπου
459 794 555 847 καὶ
611 795 798 866 ἡρέμα
859 797 986 862 ὀξὺς
1018 799 1048 852 ό
1079 799 1344 869 κρίθινος.
1401 798 1464 852 El
1499 798 1557 851 δὲ
1595 797 1691 849 καὶ
1719 795 1850 866 οἴνῳ

270 888 596 959 προσδεήσει
626 892 957 961 χρήσασθαι,
988 892 1107 947 ἀλλ’
1150 895 1359 957 ἐκεῖνος
1388 891 1664 962 ἀγλευκής
1688 905 1705 922 ο
1751 890 1850 942 καὶ

268 980 449 1050 ὀξίνης
497 981 777 1052 ἐκίρνατο,
822 984 1057 1048 καὶτοῖς
1087 984 1332 1039 πλείοσιν
1361 984 1683 1055 ἀπρόσιτος.
1739 980 1852 1034 Καὶ

269 1069 335 1144 ἦν
363 1071 526 1126 τοῦτο
573 1073 856 1138 βασιλικοῦ
912 1076 1188 1146 κρατῆρος
1234 1074 1529 1146 ἐπίσημον,
1560 1075 1660 1142 οὐχ
1706 1070 1851 1125 οὕτω

267 1164 550 1235 χαίροντος
577 1163 670 1218 τοῦ
695 1163 960 1235 βασιλέως
989 1167 1066 1237 τῷ
1097 1167 1304 1236 πόματι
1327 1167 1410 1237 (οὐ
1440 1168 1547 1236 γὰρ
1574 1165 1674 1236 ἡδὺ
1695 1163 1758 1218 τὸ
1781 1165 1849 1234 τῇ

268 1259 453 1326 γεύσει
493 1257 568 1326 μὴ
600 1257 915 1329 προσηνὲς),
946 1259 1070 1312 ὅσον
1117 1254 1272 1328 οῐμαι
1303 1253 1851 1326 καταμηχανωμένου

267 1348 360 1420 τῆς
396 1349 538 1414 ἄγαν
568 1348 824 1417 ὀρέξεως.
857 1349 968 1404 Καὶ
1013 1347 1130 1403 οῖδα
1169 1349 1306 1420 πρὸς
1344 1347 1635 1417 ἀκρίόειαν
1678 1348 1854 1415 ἀσκη-

268 1442 367 1502 sit;
397 1441 600 1508 ἄνδρας
626 1438 873 1494 τοιοῦτον
902 1441 1120 1505 ἑαυτοῖς
1149 1439 1525 1510 οἱνοχοοῦντας
1570 1439 1851 1507 κέρασμα,

269 1533 343 1594 ὤς
373 1530 440 1585 ἂν
467 1530 916 1600 κατευμεγεθῶσι
945 1531 1042 1585 καὶ
1077 1531 1231 1586 αὐτοὶ
1259 1531 1354 1585 τοῦ
1386 1530 1534 1584 ἔνδον
1560 1527 1780 1598 ἐχθροῦ.

337 1622 438 1677 νθ’.
469 1624 667 1676 Στάσιν
697 1622 753 1674 δὲ
784 1622 994 1692 ὀρθίαν,
1047 1623 1076 1676 ὃ
1107 1624 1171 1692 δὴ
1195 1624 1290 1678 καὶ
1334 1621 1558 1696 ἐρῤἐθη,
1590 1620 1725 1673 ὡσεὶ
1759 1617 1854 1670 καὶ

269 1714 404 1767 κίων
434 1715 878 1784 ἐκπονησάμενος
925 1715 1204 1784 ἀστραϐὴς
1234 1715 1329 1767 καὶ
1371 1711 1692 1781 ἀναστηλῶν
1721 1712 1851 1763 ἐαυ-

1051 308 1453 374 MANUELIS
1483 309 1832 376 COMNENI
1872 308 2260 373 LAUDATIO
2300 309 2710 377 FUNEBRIS.

337 429 441 492 νη⁸.
473 423 664 493 ’Υδωρ
694 422 793 493 μὲν
823 422 972 495 αὐτῷ
1025 425 1181 494 φίλον
1211 444 1396 494 ποτον,
1431 427 1840 498 δελεαζόμενον,
1869 431 1920 492 Α

3407 322 3544 390 1013

2018 424 2105 480 58.
2131 425 2286 495 Aqua
2313 427 2418 496 ipsi
2455 437 2647 497 gratus
2677 436 2862 498 potus.
2901 430 3173 489 seducens
3202 435 3328 506 quia
3363 439 3414 492 iu
3447 443 3547 495 de-

1956 516 2098 570 liciis
2125 519 2308 573 virere
2336 528 2552 588 oportet
2575 523 2640 574 ad
2663 522 2954 590 quamdam
2988 528 3282 595 νοιιιμιιιιὶε
3320 529 3544 598 vigilan-

1953 609 2082 662 tiam
2099 610 2424 678 sapientem,
2440 627 2563 666 cum
2579 627 2682 682 qua
2700 613 2875 667 dulcis
2889 618 3335 685 compositionem
3356 636 3546 689 quam-

1953 700 2078 755 dam
2099 701 2292 758 miscet
2311 704 2588 771 calamus;
2609 706 2786 760 adhuc
2810 716 2864 761 et
2885 714 3194 778 astrlngens
3214 721 3298 765 est
3317 729 3536 780 SllCCIh;

1952 793 2252 862 aliquando
2315 796 2510 851 leviter
2548 799 2763 852 acidum
2821 801 3112 857 hordeum.
3153 803 3208 857 Si
3247 821 3374 860 vero
3410 811 3540 863 vino

1954 886 2030 938 uti
2050 885 2261 955 egebat,
2280 886 2414 940 illud
2429 889 2682 943 acerbum
2703 894 2952 964 sumpsit;
2973 903 3026 949 et
3045 910 3306 950 acesceus
3322 899 3542 953 mistum

1953 975 2132 1031 fuerat
2151 967 2492 1048 etplertsque
2520 980 2724 1036 idcirco
2743 997 3075 1054 repugnans.
3097 986 3248 1055 Regii
3273 1002 3456 1043 autem
3479 991 3547 1044 ii-

1953 1064 2046 1121 lud
2066 1069 2246 1136 poculi
2270 1067 2486 1137 insigne
2512 1079 2651 1134 erat,
2671 1084 2780 1124 non
2816 1082 2922 1126 tam
2939 1076 3224 1144 gaudentis
3253 1081 3398 1148 regis
3419 1090 3548 1148 potu

1953 1159 2101 1224 (non
2137 1160 2284 1215 enim
2337 1172 2423 1216 est
2475 1169 2694 1233 gratum
2745 1165 2888 1232 quod
2938 1169 3119 1234 palato
3155 1169 3548 1239 iniucundum)

1952 1254 2377 1323 quam,opinor,
2414 1262 2789 1325 temperanter
2816 1257 3158 1326 disponentis
3191 1265 3416 1318 nimium
3445 1280 3548 1334 ap-

1956 1345 2212 1412 petitum.
2267 1343 2404 1399 Novi
2442 1344 2511 1398 ad
2542 1346 2896 1401 severitatem
2930 1360 2990 1402 se
3040 1364 3361 1408 exercentes
3400 1355 3549 1411 viros

1955 1435 2119 1488 talem
2153 1435 2258 1490 sibi
2312 1436 2608 1492 infundere
2651 1438 2964 1505 miSIuram,
3004 1455 3109 1510 qua
3144 1442 3197 1496 in
3235 1443 3550 1502 interiorem

1956 1523 2169 1578 hostem
2203 1525 2478 1579 dominari
2506 1527 2744 1594 possint.

2027 1614 2118 1669 59.
2156 1615 2352 1672 Staudi
2378 1633 2509 1673 vero
2544 1619 2766 1673 modum
2810 1631 3112 1686 arrectum,
3155 1626 3303 1692 quod
3339 1625 3546 1681 dictum

1956 1714 2062 1770 est,
2102 1708 2247 1761 sicut
2297 1709 2557 1764 columna
2599 1710 2850 1765 retinens
2888 1712 3125 1778 directa,
3158 1715 3242 1769 sic
3285 1719 3351 1770 ad
3389 1722 3542 1773 nobi-

267 1808 359 1858 τὸν
401 1808 495 1858 καὶ
529 1805 674 1858 οὕτω
708 1806 844 1874 πρὸς
889 1805 1166 1871 εὔκλειαν,
1225 1801 1305 1869 οἷς
1353 1808 1563 1875 ἀνεῖχεν
1592 1803 1729 1876 ὑψοῦ
1785 1804 1853 1856 τὰ

1969 1799 2062 1851 lem
2093 1798 2341 1853 habitqu
2402 1815 2461 1854 se
2495 1816 2836 1870 componens
2898 1802 2951 1856 in
2991 1815 3260 1872 quantum
3292 1809 3345 1860 in
3376 1810 3547 1862 altum

271 1899 537 1968 ἡμέτερα,
565 1898 769 1965 γόνατα
799 1897 1074 1965 κάμπτειν
1103 1891 1262 1958 αὖθις
1317 1896 1437 1966 Θεῷ
1461 1896 1627 1965 εὐχῆς
1679 1896 1847 1964 λόγῳ,

269 1989 363 2043 καὶ
405 1987 553 2042 οὕτω
584 1990 905 2058 πρεπόντως
955 1988 1315 2057 ἀφοσιοῦσθαι
1360 1988 1423 2042 τὸ
1465 1985 1848 2056 γουνάζεσθαι,

268 2082 567 2152 ἀρχετύπῳ
593 2083 935 2153 παράμιλλος
957 2079 1024 2152 ἦν
1056 2081 1133 2151 τῷ
1164 2081 1387 2152 μεγάλῳ
1410 2079 1603 2149 ἐκείνῳ
1633 2077 1847 2145 δικαίῳ,

270 2163 440 2241 οὗπερ
495 2171 546 2224 οῖ
577 2169 688 2222 τῶν
738 2171 982 2238 γονάτων
1037 2169 1190 2223 τύλοι
1243 2170 1304 2222 τὸ
1346 2170 1519 2239 συχνά
1553 2165 1850 2236 γονυπετές

267 2264 552 2335 ὴγόρευον.
585 2262 688 2318 Καὶ
723 2262 868 2316 οὕτω
899 2262 960 2316 τὸ
1007 2262 1065 2314 ἐν
1119 2261 1518 2331 ἀριστεύμασιν
1558 2259 1851 2329 ἀνάστημα

267 2356 752 2427 πεπραγμάτευτο.
789 2353 924 2408 Οὑδέ
960 2355 1069 2423 γὰρ
1098 2355 1265 2424 ἐχρῆν
1294 2352 1388 2406 τὸν
1415 2353 1494 2415 εις
1524 2351 1655 2405 Θεὸν
1683 2366 1852 2404 καταο

267 2447 492 2502 νεύοντα
515 2448 596 2518 μὴ
649 2445 1138 2515 κατεξανίστασθαι
1164 2447 1276 2502 τῶν
1303 2445 1538 2518 ἐχθρῶν,
1579 2443 1714 2516 μηδέ
1743 2443 1851 2496 τῶν

268 2539 326 2607 ἒξ
354 2539 521 2609 ὕψους
547 2538 692 2593 οὕτω
738 2539 954 2611 μακροῦ
987 2543 1180 2596 ἑαυτὸν
1210 2539 1576 2595 ταπεινοῦντα
1631 2536 1706 2607 μὴ
1735 2535 1852 2588 θεό-

269 2631 360 2686 θεν
409 2631 696 2702 ὑψοῦσθαι,
749 2632 844 2685 καὶ
883 2632 978 2688 τοῦ
1011 2635 1174 2704 μέχρι
1215 2632 1312 2686 καὶ
1338 2632 1418 2694 εἰς
1461 2629 1566 2698 γῆν
1596 2643 1850 2682 ταπεινο-

267 2724 426 2779 ποιοῦ
452 2725 881 2796 ἀντιλαμϐάνειν
923 2725 1126 2797 ὕψωμα
1154 2724 1406 2787 εὐκλείας
1436 2721 1710 2790 οὐράνιον.

338 2991 403 3060 ξ’.
429 2993 505 3046 Τὺ
532 2993 590 3046 δὲ
629 2993 938 3064 βαδιστικδν
975 2992 1226 3045 ἐντεῦθεν
1260 2991 1660 3060 διαδεχόμενον,
1712 2987 1848 3042 ἀλλὰ

267 3087 366 3140 καὶ
404 3085 539 3140 αὐτὸ
583 3085 908 3155 καρτέρημα
933 3078 1022 3154 ἦν.
1055 3083 1130 3136 Οὐ
1161 3083 1271 3153 γὰρ
1303 3083 1540 3136 ἀνέπαυε
1585 3079 1852 3149 λιπαροὺς

1959 1897 2145 1942 nostra
2174 1891 2460 1957 sustinuit,
2496 1893 2690 1947 deinde
2727 1910 2902 1964 genua
2950 1894 3060 1950 Deo
3110 1897 3331 1953 ﬂectere
3362 1917 3555 1970 prera-

1961 1979 2170 2032 tiouum
2219 1983 2415 2050 gratia,
2448 1993 2503 2036 et
2541 1984 2624 2037 sic
2665 1989 2924 2040 decenter
2975 1993 3286 2044 consecrari
3329 1993 3549 2046 modum

1959 2073 2284 2140 suppliciter
2308 2089 2484 2144 genua
2515 2075 2788 2130 ﬂectendo
2823 2080 3040 2143 orandi,
3075 2082 3372 2154 archetypo
3407 2101 3549 2156 prae-

1960 2164 2168 2216 cellens
2218 2177 2339 2218 erat
2394 2181 2592 2237 magno
2627 2168 2917 2238 illojusto,
2961 2171 3121 2240 cujus
3151 2189 3388 2244 genuum
3419 2179 3548 2233 cadi

1963 2255 2405 2312 tcstilicabantur
2430 2261 2574 2328 quod
2604 2258 2925 2329 frequenter
2956 2279 3133 2333 genua
3155 2265 3428 2324 ﬂectebat.
3459 2269 3552 2326 Sic

1959 2347 2015 2400 in
2051 2349 2258 2417 optime
2281 2351 2450 2419 gestis
2485 2350 2850 2406 elevationem
2887 2366 3113 2411 servare
3134 2358 3404 2427 placebat.
3430 2360 3549 2417 Non

1958 2439 2106 2492 enim
2156 2442 2446 2511 oportebat
2483 2457 2608 2498 eum
2639 2444 2735 2514 qui
2765 2459 2824 2499 se
2855 2457 2980 2500 ante
3011 2446 3186 2502 Deum
3221 2450 3554 2507 humiliabat

1958 2546 2065 2584 ltuit
2117 2532 2404 2604 insurgere
2437 2534 2492 2588 in
2545 2535 2751 2600 hostes,
2791 2551 2892 2591 nec
2947 2553 3073 2594 eum
3112 2542 3206 2611 qui
3263 2552 3387 2611 post
3428 2554 3551 2599 tan-

1958 2631 2070 2675 tam
2103 2624 2462 2680 elevationem
2493 2626 2816 2682 liumiliatus
2843 2644 2950 2682 non
2972 2631 3040 2684 ad
3069 2632 3232 2686 Deum
3259 2637 3552 2698 exaltatur.

1955 2725 2010 2766 et
2038 2728 2136 2783 pro
2168 2715 2373 2771 virtute
2425 2732 2532 2787 qua
2570 2734 2630 2773 se
2686 2734 2863 2788 usque
2895 2720 2962 2774 ad
2997 2731 3199 2778 terrain
3255 2726 3554 2794 abjieiebat

1957 2808 2454 2876 remunerationem
2490 2811 2743 2879 accipere
2788 2813 3178 2868 exaltationem
3213 2817 3402 2886 gloriae
3434 2835 3523 2873 cu:

1960 2898 2174 2951 lestetn.

2029 2992 2121 3044 60.
2151 2991 2310 3057 Quod
2347 3007 2478 3046 vero
2521 2994 2663 3048 bene
2720 2993 3036 3060 incedebat,
3088 2996 3217 3050 inde
3266 3010 3550 3068 receptum

1961 3095 2078 3135 non
2113 3084 2304 3135 minus
2341 3082 2612 3151 sapientis
2634 3083 2739 3140 viri
2793 3083 3029 3140 ofﬁcium
3087 3096 3228 3141 erat.
3254 3086 3371 3142 Non
3407 3091 3552 3144 enim

267 3183 439 3246 πόδας
465 3153 854 3246 εἰλαπινάζων,
882 3153 1005 3233 οὐδὲ
1032 3179 1200 3233 ἵππου
1241 3178 1536 3248 κουφότητι
1559 3177 1851 3248 αἰρομένου

1969 3177 2207 3230 cessavit
2264 3175 2500 3245 pingues
2531 3177 2700 3246 pedes
2734 3177 2804 3231 ad
2851 3179 3103 3248 apricum
3137 3179 3420 3249 proferre,
3457 3197 3554 3237 nec

267 3275 407 3346 πρὸς
436 3275 600 3344 τάχος
648 3275 820 3327 εἰσαεὶ
872 3274 999 3336 τοὺς
1042 3273 1275 3342 δρόμους
1313 3273 1620 3325 ἐπίστευεν.
1690 3268 1855 3323 'Am

267 3367 472 3436 δεῆσαν
500 3369 626 3429 τοὺς
670 3365 1034 3437 πεζοδρομεῖν
1065 3363 1526 3436 ἐπιστημονικοῦς
1573 3361 1860 3432 παρήλαυ-

267 3476 384 3521 νεν,
414 3458 517 3511 οὐκ
559 3457 807 3521 ἀπαξιῶν
835 3456 896 3510 τὸ
921 3456 1087 3520 πεζὸν
1135 3455 1277 3508 κατὰ
1300 3455 1364 3509 τὸ
1391 3455 1560 3508 πάλαι
1590 3452 1858 3524 Περσικὸν

269 3549 584 3620 ὑψηλόφρον
604 3591 617 3614 ,
650 3543 731 3610 οἷς
758 3549 921 3618 ἤρεσε
952 3548 1451 3618 νομοθετῆσαιδίχα
1485 3546 1580 3599 τοῦ
1617 3545 1739 3598 κατ’
1785 3545 1863 3598 oi-

269 3643 398 3695 κίαν
427 3641 735 3709 περιπάτου
797 3642 991 3710 λοιπὴν
1016 3640 1244 3710 πορείαν
1265 3638 1350 3706 ἐφ’
1375 3640 1544 3690 ἵππου
1570 3635 1822 3690 τίθεσθαι
1841 3651 1856 3667 ⁸

268 3732 408 3786 ἀλλά
445 3735 566 3796 ταῖς
602 3734 703 3802 μὲν
737 3733 1026 3801 ἀνάγκαις,
1072 3734 1169 3784 καὶ
1211 3733 1301 3785 ὅτε
1338 3729 1396 3783 δέ
1427 3729 1711 3798 θρίαμϐοι,
1762 3727 1861 3795 τὴν

273 3827 543 3881 ῑππασίαν
570 3827 858 3897 ἐγκρίνων,
893 3825 986 3880 τοῦ
1017 3827 1073 3880 δέ
1103 3825 1292 3878 λοιποῦ
1323 3825 1448 3878 ποσὶ
1474 3822 1758 3893 χρώμενος
1781 3822 1863 3884 εἰς

268 3920 332 3974 τὸ
354 3920 645 3990 καρτερόν.

344 4096 448 4162 Eat'.
474 4096 632 4152 Οὕτω
654 4098 722 4150 τὰ
746 4099 871 4160 τοὺς
897 4095 1126 4161 πολλοὺς
1149 4096 1446 4160 λυποῦντα,
1490 4095 1586 4150 καὶ
1632 4094 1713 4166 τῷ
1746 4096 1872 4180 ἕνα.

270 4192 457 4260 γωνίῳ
491 4187 853 4259 πικράζοντα,
891 4188 1191 4258 κατεκίρνα
1220 4186 1606 4256 γλυκάσμασιν
1640 4188 1870 4272 ἀρετῆς,

271 4284 364 4352 ὑφ’
395 4278 464 4354 ἧς
495 4285 590 4336 καὶ
628 4284 691 4336 τὸ
722 4281 1048 4346 ἀνεξίκακον
1098 4282 1406 4351 ἐπορίζετο,
1461 4282 1875 4351 νωθρευόμενος

269 4374 396 4429 κατ’
433 4373 592 4445 ὀρθὸν
617 4374 779 4443 λόγον
805 4375 885 4436 είς
913 4373 1151 4443 ἄμυναν,
1173 4371 1270 4425 καὶ
1293 4371 1486 4441 καιρὸν
1516 4375 1597 4433 είς
1621 4373 1876 4441 ἐπιστρο-

1973 3282 2119 3336 equo
2181 3266 2443 3322 velociter
2503 3270 2749 3323 currenti
2808 3269 2880 3325 ob
2933 3270 3268 3327 celeritatem
3329 3289 3555 3343 semper

1955 3359 2312 3414 decursiones
2349 3360 2711 3429 praascripsit.
2734 3359 2838 3415 Sed
2872 3360 2964 3415 uli
3003 3364 3292 3431 oportebat
3318 3379 3414 3420 eos
3466 3383 3556 3435 qui

1959 3453 2168 3508 assueti
2193 3459 2349 3507 erant
2373 3451 2607 3521 pedibus
2633 3468 2861 3507 currere
2915 3454 3403 3524 prmgredicbatur,
3444 3473 3551 3512 non

1959 3543 2242 3613 indignum
2261 3545 2627 3614 iterpcdcstrc
2645 3548 3070 3617 reputansjuxta
3090 3557 3328 3602 veterem
3363 3551 3556 3605 Persa-

1961 3652 2082 3691 rum
2107 3653 2338 3702 morem,
2369 3641 2571 3702 quibus
2602 3639 2806 3707 placuit
2863 3640 3011 3695 domi
3066 3641 3282 3710 quidem
3331 3643 3559 3712 pedibus

1963 3731 2047 3785 uti
2076 3729 2146 3784 ad
2179 3731 2668 3797 deambulandnm,
2712 3733 2766 3787 in
2798 3738 3011 3789 ca'tet‘is
3045 3747 3225 3791 autem
3262 3736 3553 3793 itiner-ibus

1965 3836 2110 3894 equo
2149 3837 2365 3892 semper
2397 3822 2547 3886 vehi,
2583 3824 2676 3878 sed
2711 3825 2764 3878 in
2800 3829 3226 3883 necessitatibus
3254 3839 3308 3883 et
3335 3831 3558 3900 quando

1970 3915 2295 3985 triumphus
2314 3917 2711 3984 equitationem
2751 3919 3093 3984 admittebat,
3120 3920 3188 3976 de
3226 3931 3427 3977 caetero
3461 3937 3559 3992 pe-

1979 4004 2144 4060 dibus
2177 4013 2400 4059 strenue
2427 4005 2527 4058 uti.

2043 4098 2134 4152 61.
2163 4096 2254 4152 Sic
2274 4114 2395 4166 qua:
2417 4096 2604 4150 multis
2625 4110 2934 4148 azrumnosa
2955 4104 3083 4149 sunt
3107 4105 3162 4149 ct
3185 4101 3232 4149 el
3258 4095 3350 4165 qui
3388 4107 3534 4153 certa
3551 4128 3566 4139 -

1979 4189 2224 4243 minibus
2295 4185 2641 4241 assuefactus
2683 4194 2767 4239 est
2813 4201 2998 4239 amara
3046 4188 3382 4256 temperabat
3435 4190 3567 4244 mis-

1975 4292 2104 4333 cens
2161 4277 2380 4332 virtutis
2440 4276 2855 4342 dulcedinibus,
2923 4291 3034 4346 qua
3095 4277 3160 4330 ad
3225 4279 3564 4333 sanationem

1978 4370 2352 4440 perveniebat;
2389 4369 2775 4437 languescens,
2807 4368 2960 4438 juxta
3013 4383 3220 4425 rectam
3272 4372 3564 4439 rationem,

271 4467 382 4537 φὴν
412 4465 650 4529 ἐνδιδοὺς
697 4466 811 4528 τοῖς
841 4465 1070 4526 ἑαυτοὺς
1096 4462 1509 4533 ἀποστρέψασιν
1540 4466 1620 4524 είς
1669 4463 1856 4531 φαυλό-

1981 4463 2049 4516 ad
2117 4464 2414 4516 vindictam
2464 4469 2520 4514 et
2573 4470 2790 4531 tempus
2833 4460 2900 4515 ad
2947 4465 3368 4519 conversionem
3428 4464 3568 4518 dans

268 4576 450 4629 τητα,
505 4558 598 4612 τὸν
631 4560 860 4628 Σωτῆρα
907 4558 1144 4628 Χριστὸν
1175 4555 1357 4626 ἐαυτῷ
1395 4555 1676 4609 κάνταῦθα
1710 4560 1866 4625 προῖ-

274 4650 421 4703 στῶν
454 4650 536 4713 είς
564 4649 872 4719 ἀρχέτυπον
909 4649 1219 4719 μιμήσεως,
1252 4649 1346 4701 τὸν
1393 4649 1490 4700 καὶ
1524 4649 1618 4698 ἐπὶ
1647 4647 1866 4700 πάντων

269 4743 428 4806 ὖντα,
458 4744 553 4794 καὶ
610 4743 829 4795 πάντων
869 4739 1247 4810 προνοητικῶς
1277 4738 1608 4807 ἀνεχόμενον
1629 4753 1644 4767 ’
1681 4731 1742 4790 οὗ
1773 4737 1868 4790 καὶ

269 4834 334 4886 τὸ
360 4833 664 4904 αὐτουργὸν
692 4835 966 4904 ἐμιμεῖτο,
1003 4832 1101 4884 καὶ
1131 4831 1194 4884 τὸ
1231 4833 1290 4885 ἐν
1319 4830 1503 4900 ἔργοις
1550 4829 1868 4882 αὐτοδιακο-

271 4940 388 4988 νον,
422 4924 519 4977 καὶ
542 4924 780 4994 μάλιστα
813 4924 926 4985 τοῖς
958 4922 1254 4993 μεγίστοις.
1278 4922 1357 4974 Οὺ
1383 4922 1493 4990 γὰρ
1519 4919 1678 4990 ἤθελε
1708 4921 1864 4989 χερσὶ

275 5014 379 5084 μὲν
414 5014 634 5084 ἑτέραις
657 5013 1010 5067 ἐκπονεῖσθαι
1040 5015 1101 5068 τὸ
1130 5015 1314 5079 καλὸν,
1349 5014 1512 5066 αὑτὸν
1544 5012 1600 5064 δέ
1627 5014 1740 5074 τοῖς
1775 5012 1869 5064 ἀν-

270 5109 703 5179 δραγαθήμασιν
748 5105 1179 5177 ἐπιγράφεσθαι,
1222 5107 1334 5159 οὐδ’
1377 5105 1551 5168 ἀκοὰς
1578 5103 1865 5174 παραϐάλ-

269 5199 393 5250 λειν
435 5201 548 5260 τοῖς
585 5196 888 5267 βασιλικοῖς
916 5197 1236 5268 πρακτέοις,
1291 5196 1608 5266 ὀφθαλμοὺς
1643 5195 1690 5248 δ’
1739 5197 1864 5247 ἐπι-

271 5290 521 5354 ϐάλλειν,
568 5293 660 5343 καὶ
692 5291 849 5359 χερσὶ
901 5288 1262 5342 καταϐάλλειν
1300 5289 1360 5340 τὸ
1389 5290 1792 5359 ἀντικείμενον.

348 5473 451 5544 ξβ’.
519 5473 740 5544 ’Δμέλει
796 5472 891 5524 καὶ
939 5470 1204 5532 κινδύνοις
1256 5470 1448 5524 ἐαυτὸν
1473 5467 1864 5535 παρενετίθει,

267 5569 408 5625 ἔνθα
432 5587 512 5640 τῳ
544 5565 765 5638 στρατῷ
794 5565 967 5627 ἄλλως
991 5574 1059 5634 ην
1087 5576 1329 5630 ἀφυκτον
1351 5577 1366 5592 ·
1418 5563 1512 5617 καὶ
1539 5564 1713 5626 διδοὺς
1737 5563 1866 5615 ἐαυ-

265 5668 368 5720 τὸν
391 5667 496 5729 ἕως
517 5665 612 5717 καὶ
635 5663 716 5723 εἰς
748 5660 996 5724 Θάνατον,
1027 5657 1422 5726 κατηλλὰττετο
1447 5661 1558 5722 τοῖς
1576 5660 1782 5722 λοιποῖς
1809 5663 1869 5711 τὸ

269 5757 581 5823 σώζεσθαι.
621 5750 792 5808 Ὅθεν
829 5753 924 5808 καὶ
967 5752 1336 5824 ἐφιλοτιμεῖτο
1386 5756 1498 5816 τοῖς
1543 5754 1630 5808 διὰ
1663 5757 1864 5820 παντᾷ

1971 4556 2040 4611 iis
2113 4555 2306 4626 quiin
2370 4553 2638 4608 vilitatem
2693 4554 3150 4619 declinaverunt,
3217 4555 3564 4612 Salvatorem

1966 4645 2249 4701 Christum
2277 4645 2382 4700 sibi
2413 4644 2501 4698 hic
2532 4658 2844 4714 proponens
2884 4646 3216 4702 imitationis
3242 4652 3526 4719 exemplar
3547 4689 3565 4714 ,

1965 4752 2090 4794 eum
2129 4740 2221 4805 qui
2255 4752 2420 4806 super
2447 4751 2641 4791 omnes
2673 4744 2758 4792 est
2784 4745 2838 4792 et
2859 4739 3221 4808 'providentia
3249 4755 3351 4796 sua
3375 4757 3566 4797 omnes

1965 4829 2235 4891 continet,
2287 4827 2450 4896 cujus
2507 4828 2679 4881 vitam
2744 4829 3080 4885 laboriosam
3122 4832 3476 4901 exprimebat
3511 4843 3569 4885 ut

1967 4925 2204 4980 hominis
2225 4924 2320 4994 qui
2352 4923 2406 4978 in
2433 4927 2692 4994 operibus
2717 4963 2733 4988 ,
2797 4929 3102 4996 praesertim
3134 4927 3188 4980 in
3251 4926 3508 4981 maximis
3539 4940 3569 4978 a

1967 5017 2192 5072 nomine
2221 5017 2400 5086 juvari
2435 5017 2671 5072 volebat.
2721 5014 2911 5073 Noiuit
2943 5019 3086 5074 enim
3128 5019 3322 5073 alienis
3349 5015 3567 5086 quidem

1967 5111 2222 5167 manibus
2247 5110 2509 5182 pulchras
2543 5113 2789 5168 actiones
2823 5112 3093 5167 laboriose
3124 5111 3364 5179 operari,
3396 5122 3570 5176 seque

1976 5211 2161 5260 autem
2201 5205 2425 5274 ubique
2455 5205 2638 5258 virum
2678 5204 2876 5258 fortem
2908 5203 3170 5272 praebere,
3196 5216 3294 5254 nec
3323 5201 3568 5254 auditum

1970 5299 2139 5369 regiis
2198 5298 2462 5368 operibus
2516 5305 2794 5366 praestare,
2838 5293 3028 5348 oculos
3087 5305 3219 5346 vero
3267 5290 3494 5360 injicere
3514 5303 3573 5347 et

1972 5383 2230 5444 manibus
2281 5389 2599 5458 oppositum
2645 5385 2937 5453 projicere.

2042 5481 2134 5536 62.
2163 5482 2354 5550 itaque
2377 5479 2636 5549 periculis
2665 5490 2724 5527 se
2739 5473 3032 5540 objiciebat
3051 5474 3142 5524 ubi
3172 5472 3450 5527 exercitus
3470 5475 3573 5528 ali-

1982 5585 2062 5628 ter
2104 5573 2309 5628 salvari
2369 5585 2475 5624 non
2515 5573 2753 5637 poti-rat,
2785 5578 2958 5632 seque
2992 5579 3173 5633 usque
3222 5564 3287 5617 ad
3341 5575 3573 5620 mortem

1971 5680 2268 5735 exponens,
2299 5662 2540 5730 reliquos
2561 5657 3152 5725 salvari.permittcbat.
3182 5656 3391 5712 Exinde
3427 5659 3574 5716 inter

1971 5759 2174 5812 dilecta
2219 5764 2272 5810 ct
2327 5768 2486 5823 super
2525 5751 2706 5805 omnia
2768 5749 3004 5804 habt-bat
3060 5751 3312 5822 corporis
3339 5753 3566 5809 vulnera
