3962 6242
455 330 597 399 Ῑθὲθ
655 339 658 342 ’

1162 327 1588 389 EUSTATHII
1633 324 2046 388 THESSALOI

2153 307 2390 387 :‘ENSIS
2433 321 3010 385 METROPO-LITzE

3593 323 3732 386 ἱθὲί

455 457 636 499 mores
688 455 912 510 gerens,
979 454 1040 494 se
1097 453 1126 492 a
1183 446 1337 494 tanto
1388 436 1589 491 bellico
1629 432 1866 488 tumultu
1932 432 2042 489 sal-

2153 432 2296 488 οὕτω
2327 437 2423 487 καὶ
2442 432 2999 504 ἀνδραγαθιζόμενος,
3028 431 3222 483 ἑαυτὸν
3250 447 3310 483 τε
3336 431 3528 496 σώζων
3559 434 3620 498 ἐξ
3649 435 3741 486 οὖσ-

454 553 593 592 vans
618 543 673 590 et
705 535 948 602 reliquos
997 535 1052 585 in
1109 530 1291 585 sinum
1320 545 1483 584 suum
1544 529 1854 583 recondens
1909 535 2035 579 tan-

457 645 622 698 quam
658 629 712 682 in
755 626 952 683 salutis
983 635 1224 694 portum.
1260 621 1533 676 Mercurio
1555 619 1780 689 quidem
1804 617 2040 673 similem

457 722 629 774 videri
691 718 938 786 eumqui
994 715 1310 784 apostolicis
1343 711 1689 767 sermonibus
1747 709 2047 780 efl'u'gebat

457 813 762 867 Salvatoris
805 810 1012 864 Christi
1049 806 1386 876 discipulum
1418 805 1656 858 feliciter
1681 802 1886 855 accidit
1933 816 2042 856 non

459 913 679 974 propter
710 905 905 956 miram
961 906 1227 968 quantam
1280 912 1406 949 cum
1457 894 1695 962 imagine
1729 890 2046 945 similitudi-

458 1015 607 1060 nem,
645 995 740 1049 sed
779 994 908 1061 quia
947 1004 1107 1045 nemo
1139 990 1280 1042 inter
1329 985 1551 1040 Graecos
1599 984 1712 1046 fuit
1761 984 1814 1036 in
1870 983 2051 1036 bono-

459 1089 631 1142 rando
666 1082 922 1155 apostolo
971 1080 1298 1143 studiosior,
1352 1076 1659 1130 Barbarum
1709 1089 1840 1130 vero
1875 1088 2048 1143 genus

461 1191 593 1234 tunc
624 1177 871 1233 Graecam
905 1172 1234 1241 sapientiam
1293 1169 1575 1237 superavit
1605 1176 1662 1222 et
1714 1166 2045 1220 diviniorem

464 1275 606 1325 intra
649 1284 707 1322 se
741 1266 946 1320 eilinxit
977 1261 1420 1331 intelligentiam,
1458 1268 1514 1314 et
1580 1258 1760 1328 angeli
1791 1258 1913 1311 loco
1948 1257 2047 1308 im-

465 1370 772 1430 peratorem
800 1355 1071 1425 erigebat,
1102 1363 1157 1407 et
1181 1353 1362 1406 adhuc
1387 1352 1560 1405 altera
1583 1349 1799 1404 meliori
1824 1357 2045 1410 natura,

461 1453 620 1524 quiasi
652 1435 1024 1517 incongruum
1054 1445 1246 1498 fuisset
1297 1443 1556 1498 humanis
1593 1441 1855 1512 operibus
1881 1438 2051 1508 tequi-

464 1559 659 1614 [arare
719 1542 858 1594 facta
894 1547 1236 1608 portentosa.

542 1632 635 1686 68.
673 1628 795 1683 Nec
818 1627 893 1681 ibi
944 1624 1121 1693 magis
1174 1631 1427 1677 nostrum
1461 1630 1551 1677 est
1599 1629 1819 1690 tempus
1845 1633 2049 1674 consu-

463 1740 635 1788 mere,
668 1721 766 1776 sed
797 1721 931 1773 satis
958 1720 1031 1772 sit
1049 1717 1240 1770 saltem
1268 1713 1920 1769 auditorummemoriam
1944 1727 2043 1765 ex-

2149 545 2228 580 τω
2280 526 2518 595 μεγάλου
2566 527 2810 596 μαχίμου
2859 524 3151 588 κλύδωνος,
3213 524 3310 578 καὶ
3338 526 3470 588 τοὺς
3511 523 3737 587 λοιποὺς

2147 619 2227 680 είς
2262 618 2454 672 ἑαυτὸν
2497 616 2916 680 κατακολπίζων
2969 617 3044 680 ὡς
3080 619 3160 679 είς
3195 617 3393 688 λιμένα
3443 619 3736 688 σωτήριον.

2159 710 2338 782 Ἐρμῇ
2376 713 2474 781 μὲν
2495 710 2588 765 οὒν
2623 714 2844 764 εἰκάσαι
2875 710 2968 764 τὸν
3013 711 3393 774 ἀποστολικοῖς
3441 710 3621 778 λόγοις
3655 712 3744 763 ἑλ-

2147 803 2496 874 λαμπόμενον
2541 806 2635 857 τοῦ
2688 804 2938 875 Σωτῆρος
2978 803 3217 875 Χριστοῦ
3268 805 3522 874 μαθητὴν
3553 809 3742 858 ἐπιτυ-

2149 894 2258 964 χῶς
2304 894 2484 964 ἔσχεν,
2543 895 2604 948 ού
2653 895 2741 947 διὰ
2801 895 2862 946 τὸ
2912 895 3055 948 πάνυ
3089 894 3236 964 μέγα
3270 895 3366 948 τοῦ
3396 897 3496 964 τῆς
3528 895 3744 956 εἰκόνος

2148 985 2596 1056 ἀφομοιώματος,
2631 986 2746 1038 ἀλλ’
2774 987 2856 1039 ὅτι
2891 987 2968 1056 μὴ
3010 987 3106 1039 καὶ
3144 987 3240 1039 ἐπὶ
3291 987 3453 1039 πλέον
3479 989 3506 1039 ὀ
3535 987 3745 1059 Ἕλλην

2149 1074 2295 1146 εἶχεν
2353 1077 2681 1146 ὲμόαθύνων
2751 1077 3045 1146 σεμνύνειν
3105 1078 3196 1130 τὸν
3233 1079 3552 1133 ἀπόστολον.
3589 1079 3666 1133 Τὸ
3685 1082 3746 1133 δὲ

2151 1168 2432 1238 βάρϐαρον
2461 1167 2585 1220 τότε
2631 1168 2732 1237 τὴν
2785 1166 3114 1239 Ἑλληνικὴν
3167 1170 3364 1236 σοφίαν
3399 1170 3738 1240 ύπερανέϐη.

2151 1263 2248 1314 καὶ
2273 1261 2556 1330 θειοτέραν
2589 1260 2933 1331 ὲσχημάτιζε
2968 1261 3099 1329 παρ’
3137 1261 3317 1328 ἐαυτῷ
3361 1261 3596 1328 ἔννοιαν,
3649 1267 3745 1315 καὶ

2147 1353 2390 1420 ἀγγέλου
2414 1353 2563 1423 τόπῳ
2584 1352 2677 1405 τὸν
2700 1353 3079 1423 αὐτοκράτορα
3105 1352 3497 1422 προσεϐίϐαζε,
3530 1356 3627 1406 καὶ
3660 1356 3740 1405 ἔτι

2149 1444 2314 1516 ἑτέρᾳ
2335 1445 2604 1516 κρείττονι
2655 1444 2842 1515 φύσει,
2885 1447 2962 1507 ὡς
3030 1445 3389 1516 ἀσύμμετρον
3440 1445 3499 1498 ὃν
3530 1447 3742 1517 ἀνθριυ-

2151 1535 2331 1599 πίνοις
2365 1537 2549 1606 ἔργοις
2584 1535 2926 1606 παραϐαλεῖν
2948 1535 3017 1588 τὰ
3051 1539 3380 1605 φαινόμενα.

2222 1626 2324 1695 ξτγ.
2374 1628 2484 1678 Καὶ
2533 1625 2641 1679 οὐδ’
2673 1626 2908 1678 ἐνταῦθα
2959 1627 3147 1679 πλεῖον
3177 1628 3308 1694 ἡμῖν
3371 1626 3488 1676 ἔστι
3537 1623 3742 1693 διατρί-

2153 1718 2298 1782 ϐειν,
2334 1717 2451 1771 ἀλλ’
2486 1719 2519 1787 ἥ
2553 1720 2609 1779 ἐς
2664 1719 2788 1772 ὅσον
2832 1719 3163 1782 ἀνακινῆσαι
3209 1721 3320 1778 τοῖς
3359 1719 3739 1786 ἀκροωμένοις

463 1818 687 1879 citasse,
744 1830 855 1869 non
891 1813 1028 1866 alias
1059 1813 1316 1880 snpitam.
1353 1808 1530 1864 Nemo
1563 1811 1708 1864 enim
1757 1819 1866 1862 tam
1904 1824 2046 1864 som-

2154 1811 2252 1880 τὴν
2279 1811 2526 1881 μνήμην,
2559 1810 2680 1863 οὐδὲ
2734 1809 2909 1872 ἄλλως
2957 1809 3347 1865 καθεύδουσαν.
3409 1809 3598 1870 Οὐδεὶς
3630 1812 3739 1879 γὰρ

464 1909 718 1964 uolentus
749 1913 834 1960 est
864 1913 924 1957 ut
963 1903 1018 1956 in
1043 1902 1244 1955 talibus
1274 1915 1471 1955 somno
1501 1914 1610 1953 non
1646 1899 1908 1966 resiStat;
1948 1900 2046 1953 sed

467 2013 601 2056 tunc
640 1997 863 2069 quidem
921 2004 1082 2050 aetate
1111 1994 1440 2062 viribusque
1499 1992 1702 2046 florens
1727 2002 1868 2057 erat,
1913 2005 2048 2060 ope-

463 2109 633 2162 raque
667 2091 933 2155 Inarime,
959 2104 990 2142 a
1021 2103 1257 2157 corpore
1291 2102 1422 2140 vero
1454 2087 1570 2140 luce
1597 2086 1823 2140 robusto
1855 2091 1909 2140 et
1934 2085 2047 2140 ele-

463 2186 752 2238 Ineutarim
786 2181 1167 2250 temperantiae
1218 2180 1356 2233 bene
1385 2179 1665 2232 obedieuti
1695 2194 1710 2243 ;
1759 2192 1881 2246 quae
1915 2193 2048 2233 Vero

463 2277 729 2345 deinceps
761 2274 1056 2341 extemplo,
1093 2272 1296 2341 quibus
1323 2269 1538 2325 Claudii
1569 2277 1725 2323 vettts
1752 2270 1886 2324 urbs
1925 2269 2048 2338 pul-

463 2370 652 2422 cbrior
687 2363 1288 2437 apparuit,mirandum
1327 2361 1478 2415 aliud
1515 2360 1643 2430 quia
1683 2361 1841 2417 ducis
1881 2376 2048 2430 opera

459 2460 553 2514 illa
582 2475 691 2513 non
727 2471 992 2527 prospere
1041 2454 1305 2522 firmcque
1356 2453 1664 2516 constituti,
1698 2451 1792 2506 sed
1824 2452 1911 2505 cui
1938 2466 2052 2506 me-

460 2553 570 2605 rito
604 2547 958 2604 tribuendum
991 2546 1178 2600 curari
1211 2553 1264 2599 et
1296 2558 1496 2598 curare
1533 2545 1774 2612 seipsum
1800 2554 1852 2598 et
1892 2558 2052 2597 revo—

468 2656 602 2697 care
653 2643 802 2710 quod
835 2639 1092 2692 sanitatis
1128 2637 1394 2705 perierat,
1427 2638 1646 2705 quando
1673 2645 1792 2690 erat
1840 2649 2050 2692 natura

469 2742 526 2786 et
559 2731 729 2787 studii
765 2731 937 2794 lucta;
973 2728 1121 2782 illius
1153 2727 1463 2781 dictitantis
1491 2727 1636 2795 quod
1657 2727 1764 2782 sibi
1801 2743 2048 2795 parcere,

466 2822 636 2892 hujus
666 2822 827 2876 'vero
873 2821 1023 2891 quod
1081 2833 1184 2890 pro
1258 2820 1545 2888 republica
1611 2821 1749 2872 mori
1804 2819 2048 2875 deberet.

468 2914 586 2969 llnc
664 2914 918 2967 ultimum
991 2911 1223 2966 nimium
1287 2910 1604 2980 postulavit,
1655 2911 2052 2980 praevaluitqne

459 3015 654 3063 contra
691 3015 949 3059 naturam
989 3004 1264 3059 studium.
1304 3003 1508 3058 Lectus
1561 3003 1782 3072 quidem
1838 3005 1892 3058 in
1941 3020 2052 3074 quo

461 3097 764 3152 infirmitas
814 3095 961 3149 illius
1003 3093 1323 3159 curabatur,
1363 3093 1784 3163 conspiciendus
1816 3108 2053 3163 expone-

459 3191 627 3245 batur
699 3186 1170 3257 inspicientibus;
1244 3200 1422 3254 equus
1472 3200 1601 3240 vero
1656 3184 2041 3254 imperatorem

457 3281 691 3336 vehebat
717 3293 824 3334 non
846 3283 914 3332 ad
931 3277 1195 3333 exercitia
1233 3285 1415 3345 aptus,
1460 3289 1570 3346 quo
1603 3275 1722 3330 solo
1755 3291 1893 3345 opus
1924 3287 2045 3331 erat

458 3373 583 3426 viro
622 3371 761 3425 adeo
786 3369 961 3433 fesso,
1003 3369 1100 3424 sed
1133 3368 1197 3423 ad
1255 3371 1509 3437 pratlium
1571 3367 1834 3425 hinniens
1863 3378 1918 3424 et
1953 3386 2044 3423 as-

459 3479 746 3521 censorem
780 3463 844 3517 ad
887 3471 1168 3517 certamen
1207 3477 1582 3525 commovens,
1617 3470 1672 3517 et
1700 3463 1899 3518 iterum
1932 3479 2045 3532 pra:

468 3554 688 3608 cmteris
741 3557 1000 3607 currebat
1034 3554 1144 3606 dux
1181 3553 1483 3621 imperator
1510 3554 1765 3606 virtutem
1801 3555 2043 3623 spirans,

461 3645 623 3714 quasi
686 3659 798 3698 non
847 3658 877 3696 a
927 3644 1142 3708 morbo,
1191 3643 1288 3698 sed
1333 3658 1360 3696 ιι
1414 3645 1579 3714 longo
1624 3645 1738 3700 otio
1783 3647 2046 3715 procede-

461 3745 544 3790 ret
574 3745 623 3788 et
661 3735 884 3804 cognito
916 3736 1109 3803 paucis
1159 3737 1399 3788 catervis
1431 3736 1482 3788 in
1516 3742 1820 3790 turmarqu
1854 3737 2042 3792 decem

461 3825 633 3881 millia
666 3826 811 3879 viam
847 3825 1088 3893 aperire,
1115 3823 1357 3893 amplius
1392 3826 1450 3879 in
1492 3827 1745 3881 ardorem
1780 3827 2049 3896 processit

461 3917 518 3971 in
542 3916 711 3972 Deum
739 3924 924 3971 erecta
953 3914 1224 3970 fortitudo
1254 3930 1270 3981 ;
1298 3920 1387 3969 cui
1417 3915 1675 3985 adjuncta
1707 3918 1908 3972 bellica
1937 3920 2046 3971 vir-

464 4018 554 4068 tus
586 4023 730 4063 onus
783 4006 948 4062 nobis
978 4006 1295 4076 impositum
1353 4007 1518 4061 simul
1576 4009 1836 4075 portavit.
1869 4007 2046 4078 Igitur

465 4103 644 4172 primo
703 4116 980 4158 concursu
1044 4099 1344 4167 perfectum
1403 4109 1486 4156 est
1549 4100 1696 4171 quod
1748 4102 1956 4157 nemini
1989 4104 2041 4155 in

475 4204 716 4249 mentem
767 4196 1012 4248 venisset
1046 4204 1274 4247 toruum
1310 4193 1365 4247 in
1395 4207 1595 4263 pugna:
1617 4193 1802 4248 fronte
1853 4206 2040 4258 casus,

463 4286 588 4355 fuga
625 4285 846 4341 illorqu
891 4292 1171 4355 quotquot
1197 4288 1263 4339 de
1295 4286 1406 4339 vita
1439 4285 1616 4355 magis
1648 4287 2040 4356 providebant,

461 4379 761 4434 multorum
821 4379 1045 4448 quidem
1102 4377 1340 4432 milliqu
1405 4393 1697 4432 numerum
1751 4379 2043 4434 cumulan-

461 4479 586 4534 tes,‘
604 4471 844 4524 mutilati
877 4484 1006 4524 vero
1034 4469 1284 4538 plerique
1313 4469 1384 4524 ab
1419 4469 1686 4526 exercitu.
1714 4512 1718 4515 .

532 4559 623 4614 69.
655 4560 782 4614 Haec
818 4559 870 4612 in
892 4560 1077 4613 animo
1105 4558 1479 4628 recogitantes
1506 4567 1561 4613 et
1597 4575 1761 4628 quam
1788 4561 1960 4616 multa
1991 4562 2046 4616 in

466 4646 569 4701 bac
593 4649 737 4702 serie
783 4649 1178 4713 collata,causa
1215 4657 1298 4703 est
1337 4664 1437 4704 cur
1465 4649 1560 4704 diu
1613 4651 1924 4721 lugeamus;
1961 4665 2052 4707 tu-

461 4737 1091 4795 mulumcircumdantes
1113 4741 1384 4809 optimum
1417 4741 1598 4797 virum
1651 4746 2050 4810 includentem,

462 4827 769 4883 incitamur
826 4829 892 4882 ad
947 4829 1374 4888 lamentationes
1437 4834 1874 4891 consolationem
1928 4836 2052 4892 aliis

461 4919 748 4974 allaturas.
790 4919 999 4974 Deinde
1062 4921 1172 4974 ob!
1227 4921 1530 4992 inquimus,
1573 4940 1685 4996 quo
1753 4925 2047 4991 devcnisti,

458 5010 727 5065 bonorum
748 5018 1060 5065 nostrorum
1074 5014 1400 5067 commune?
1417 5012 1536 5080 Quo
1552 5017 1616 5070 ad
1637 5017 2050 5087 intellzgendum

459 5099 922 5170 circumscriptus
989 5114 1074 5164 es,
1125 5101 1221 5170 qui
1276 5102 1547 5160 mirandis
1610 5108 1792 5161 omnia
1847 5110 2047 5179 rcples,

463 5193 575 5261 qui
608 5193 842 5248 viriliter
883 5181 1273 5264 praeclareque
1335 5196 1507 5263 gestis
1538 5198 1854 5267 abundasti,
1892 5201 2048 5257 dein-

457 5299 585 5351 ceps
616 5283 996 5340 abundaturus
1023 5283 1046 5337 ?
1096 5281 1280 5338 Donec
1310 5285 1385 5340 sit
1432 5284 1578 5342 Deus
1608 5303 1861 5344 annuens
1921 5307 2044 5347 ser-

459 5375 743 5441 monibus,
781 5379 1028 5448 optimus
1068 5377 1246 5433 leonis
1279 5379 1584 5449 progenies
1639 5397 1733 5436 rex
1766 5385 2045 5454 unguibus

461 5469 704 5536 polleat,
764 5477 822 5522 ut
883 5471 1099 5527 belluas
1157 5486 1279 5541 qua:
1339 5472 1609 5530 adversus
1661 5490 1758 5531 nos
1813 5480 2046 5534 saeviunt

460 5560 716 5627 subigere
764 5561 966 5616 valeat.
1004 5564 1304 5634 {lucusque
1361 5565 1510 5620 enim
1548 5568 1700 5637 regio
1734 5570 1914 5639 rugitu
1949 5588 2045 5641 gn-

460 5647 868 5724 bernabantur,
898 5653 1051 5720 talia,
1081 5665 1133 5711 et
1164 5659 1364 5714 eximia
1395 5659 1666 5731 firtnaqne
1711 5677 1804 5733 spe
1845 5667 2034 5720 i'utut'i.

2077 4496 2124 4554 D

2148 1902 2318 1966 οὕτως
2341 1903 2597 1972 ὑπνηλὸς,
2629 1903 2702 1966 ὡς
2737 1903 3005 1956 ἀπολέσαι
3031 1902 3130 1972 τὴν
3155 1904 3211 1953 ἐν
3235 1901 3444 1964 τούεοις
3474 1903 3742 1972 ἐγρήγορ-

2150 2009 2256 2048 σιν.
2293 1993 2460 2048 ’Λλλὰ
2511 1995 2634 2047 τότε
2691 1995 2790 2066 μὲν
2842 1996 3081 2063 ἀκμαῖος
3133 1989 3202 2062 ἦν
3243 1994 3342 2063 τὴν
3377 1995 3596 2062 ῥώμην,
3645 1995 3737 2048 καὶ

2148 2086 2289 2157 ἔργα
2322 2086 2558 2156 μέγιστα
2596 2087 2719 2156 μὲν,
2776 2085 2884 2140 ἀπὸ
2917 2085 3171 2154 σώματος
3214 2085 3258 2138 δ’
3291 2086 3480 2138 ἐκεῖνα
3515 2087 3735 2140 εὐτόνου

2149 2179 2247 2232 κειί
2296 2178 2397 2245 τῆς
2447 2177 2798 2247 στοιχειακῆς
2855 2178 3108 2247 κράσεως
3154 2172 3212 2230 εὖ
3275 2177 3532 2246 ἔχοντος·
3585 2179 3657 2230 τὰ
3680 2179 3736 2230 δὲ

2150 2271 2317 2323 εἰσέτι
2344 2270 2597 2339 ἔναγχος,
2625 2267 2705 2331 οἷς
2732 2271 2765 2340 ἡ
2788 2271 2880 2322 τοῦ
2908 2269 3178 2322 Κλαυδίου
3235 2269 3414 2338 γραῦς
3439 2269 3596 2331 πόλις
3623 2271 3736 2322 ἐνε-

2149 2361 2558 2427 καλλωπίσατο,
2599 2361 2728 2414 ἄλλο
2750 2362 2909 2415 τοῦτο
2943 2360 3154 2432 θαῦμα,
3187 2364 3269 2414 ὅτι
3296 2364 3391 2414 καὶ
3426 2364 3735 2432 στρατηγοῦ

2151 2454 2288 2522 ἔργα
2319 2455 2502 2506 ἐκεῖνα
2531 2455 2630 2506 οὐκ
2659 2453 3064 2522 εὖθηνουμένου
3093 2454 3172 2516 είς
3206 2452 3443 2518 εὐεξίαν,
3479 2453 3594 2506 ἀλλ’
3622 2457 3734 2507 οἷον

2153 2546 2320 2610 ἀξίως
2357 2545 2502 2614 ἔχειν
2533 2545 2891 2615 τημελεῖσθαι
2923 2545 3018 2599 καὶ
3047 2547 3372 2614 νοσοκομεῖν
3399 2545 3613 2605 ἑαυτὸν,
3644 2550 3736 2600 καὶ

2152 2635 2542 2688 ἀνακαλεῖσθαι
2577 2637 2637 2687 τὸ
2667 2635 2764 2702 τῆς
2809 2635 3022 2702 ὑγιείας
3077 2634 3352 2687 ἀπελθόνο
3411 2636 3502 2687 ὅτε
3533 2638 3626 2688 καὶ
3667 2632 3733 2706 ἦν

2154 2727 2303 2796 ἀγὼν
2339 2726 2554 2797 φύσεώς
2582 2745 2640 2780 τε
2687 2729 2782 2782 καὶ¹
2809 2727 3045 2796 σπουδῆς
3070 2744 3083 2757 ·
3114 2727 3212 2796 τῆς
3252 2727 3354 2796 μὲν
3399 2722 3512 2780 οἷον
3537 2729 3732 2780 ὑπολα-

2153 2821 2352 2888 λούσης
2400 2820 2679 2890 φείδεσθαι
2725 2821 2942 2886 ἑαυτοῦ,
2973 2821 3070 2891 τῆς
3095 2820 3150 2873 δὲ
3182 2821 3440 2892 θνήσκειν
3476 2823 3616 2892 ὑπὲρ
3641 2823 3732 2876 τοῦ

2153 2915 2359 2966 κοινοῦ.
2417 2913 2528 2965 Καὶ
2556 2908 2712 2983 ἦντὸ
2764 2912 2950 2965 πλεῖον
3008 2914 3266 2975 ἐνταῦθα,
3312 2916 3406 2967 καὶ
3470 2917 3502 2984 ἡ
3536 2916 3736 2986 σπουδὴ

2155 3004 2372 3068 ἐξενίκα
2422 3004 2520 3074 τὴν
2551 3005 2732 3072 φύσιν.
2775 3004 2939 3074 Καὶή
2972 3005 3071 3073 μὲν
3101 3006 3348 3076 νοσήλιος
3372 3006 3532 3075 κλίνη
3553 3008 3736 3074 ἀςίετο

2155 3095 2234 3157 είς
2260 3094 2444 3165 θαῦμα.
2475 3099 2585 3155 τοῖς
2619 3095 2937 3165 βλέπουσιν,
2969 3096 3135 3160 ἵππος
3155 3097 3211 3150 δὲ
3240 3098 3330 3149 τὸν
3363 3097 3733 3168 αὐτοκράτορα

2154 3184 2351 3255 ἔφερεν
2383 3185 2445 3237 ού
2502 3186 2931 3255 γυμναστήριος,
2998 3183 3056 3240 οὗ
3087 3186 3187 3239 καὶ
3239 3187 3407 3257 μόνου
3463 3190 3629 3258 χρεία
3669 3185 3732 3259 ἦν

2153 3276 2310 3345 ἀνδρὶ
2333 3276 2474 3329 οὕτω
2521 3277 2835 3347 καταπόνῳ,
2871 3278 3010 3332 ἀλλὰ.
3041 3279 3282 3350 μάχιμον
3302 3283 3728 3351 φρυαττόμενος,

2153 3371 2247 3419 καὶ
2271 3369 2632 3422 διατινάσσων
2663 3371 2755 3422 τὸν
2803 3370 3068 3440 ἐπιϐάτην
3107 3372 3190 3434 είς
3245 3372 3548 3440 ἐναγώνιον
3577 3394 3591 3407 ο
3646 3377 3732 3429 καὶ

2153 3461 2381 3530 προέθεε
2409 3460 2514 3514 τῶν
2545 3461 2748 3514 λοιπῶν
2777 3463 2868 3514 κοιλ⁹
2898 3463 3060 3516 πάλιν
3082 3466 3109 3517 δ
3133 3467 3443 3534 στρατηγὸς
3466 3467 3730 3538 αὐτοκρά-

2150 3569 2264 3622 τωρ
2292 3553 2515 3623 ἀνδρίαν
2567 3555 2765 3619 πνέων,
2813 3555 2888 3616 ὡς
2940 3555 3100 3624 εἴπερ
3133 3556 3235 3608 οὐκ
3282 3557 3392 3609 ἀπὸ
3431 3559 3728 3628 νοσηλείας,

2152 3645 2288 3698 ἀλλὰ
2322 3646 2538 3714 μακρᾶς
2592 3647 2958 3709 ἀναπαύσεως
3009 3647 3248 3716 ἤλαυνε⁶
3297 3652 3392 3701 καὶ
3449 3652 3728 3721 μανθάνων

2151 3738 2340 3804 χερσὶν
2358 3736 2566 3804 ὀλίγαις
2588 3738 2724 3808 πρὸς
2753 3738 3112 3809 μυριόχειρας
3145 3739 3372 3810 ἀρτύειν
3398 3744 3501 3814 τὴν
3530 3745 3726 3812 ἔφοδον,

2152 3829 2246 3881 ἰπὶ
2282 3829 2483 3899 μᾶλλον
2528 3831 2608 3893 εἰς
2665 3831 2978 3901 προθυμίαν
3010 3833 3350 3904 προέκοπτε,
3381 3837 3445 3889 τὸ
3489 3840 3574 3902 είς
3611 3841 3729 3892 θεὸν

2153 3920 2595 3992 προϐεϐλημένος
2625 3921 2823 3991 θάρσος
2851 3939 2865 3953 ·
2896 3919 2938 3990 ᾧ
2969 3924 3240 3992 συζυγοῦν
3264 3928 3442 3980 καὶτὸ
3476 3931 3638 3999 μένος
3651 3931 3730 3984 τὸν

2153 4009 2295 4082 ὑπὲρ
2318 4013 2472 4082 ἡμῶν
2511 4016 2710 4083 φόρτον
2751 4015 3086 4086 συνδιέφερε.
3135 4019 3247 4070 Καὶ
3280 4021 3469 4073 τοίνυν
3513 4023 3729 4092 ἦνυσται

2151 4104 2427 4173 προσὸολῇ
2480 4103 2695 4176 πρώτῃ,
2745 4106 2772 4158 ὃ
2803 4124 2888 4170 τις
2927 4108 3050 4161 οὐδὲ
3108 4111 3200 4162 ἐπὶ
3241 4111 3366 4163 νοῦν
3424 4113 3624 4166 ἔλασεν
3652 4116 3728 4176 ἄν,

2152 4192 2360 4256 πτῶσις
2387 4193 2495 4246 τῶν
2536 4195 2931 4266 θαρρησάντων
2958 4198 3018 4252 τὸ
3045 4199 3148 4270 τῆς
3182 4203 3365 4272 μάχης
3396 4205 3731 4277 ἀντιπρόσωο

2151 4301 2271 4349 πον,
2302 4285 2451 4356 φυγὴ
2472 4286 2578 4340 τῶν
2617 4289 2731 4341 ὅσοι
2784 4283 3235 4362 προμηθέστερον
3265 4296 3430 4366 ἔσχον
3471 4297 3571 4350 τοῦ
3621 4298 3731 4368 ζῇν,

2149 4379 2228 4442 εἰς
2253 4378 2456 4438 πολλὰς
2484 4381 2582 4449 μὲν
2609 4381 2920 4450 χιλιοστύας
2945 4385 3376 4456 κορυφούμενοι,
3411 4389 3734 4444 κολοϐωθέν-

2149 4488 2242 4532 τες
2273 4469 2330 4522 δὲ
2355 4471 2432 4540 τῷ
2457 4470 2663 4525 πλείονι
2688 4475 2784 4543 τῆς
2811 4477 3091 4546 στρατιᾶς.

2225 4561 2322 4631 ξθ’.
2356 4564 2543 4618 Ταῦτα
2569 4567 2647 4630 εἰς
2678 4566 2920 4621 διάνοιαν
2945 4567 3403 4636 ἀνασκάλλοντες,
3439 4575 3652 4628 καὶόσα
3672 4577 3732 4643 τῇ

2156 4657 2440 4729 συστοιχίᾳ
2464 4662 2636 4731 ταύτῃ
2682 4660 2939 4725 σύνθετα,
2985 4663 3086 4715 οὐκ
3123 4663 3323 4734 ἔχομεν
3361 4666 3520 4731 ὅπως
3570 4669 3629 4720 οὐ
3656 4668 3734 4720 διὰ

2156 4749 2372 4817 μακροῦ
2410 4749 2628 4816 πενθεῖν
2652 4767 2667 4782 ·
2719 4753 2812 4805 καὶ
2837 4752 2930 4807 τὸν
2961 4754 3133 4822 τάφον
3171 4756 3618 4827 περιιστάμενοι,
3655 4759 3736 4811 τὸν

2152 4839 2411 4893 τοσούτου
2473 4841 2800 4913 καλυπτῆρα
2863 4846 3053 4911 καλοῦ,
3096 4845 3418 4918 ὲξαγόμεθα
3483 4854 3580 4904 καὶ
3612 4853 3734 4921 epit;

2154 4931 2372 4994 οῐκτους
2394 4932 2444 4985 oi
2481 4937 2923 5004 παραμυθεῖσθαι
2975 4941 3070 4991 καὶ
3100 4939 3322 5008 ἑτέρους
3346 4941 3631 5010 ὀφειλέται
3663 4944 3737 4996 δν-

2152 5039 2266 5086 τες.
2308 5023 2420 5076 Καὶ
2440 5021 2504 5090 ὣ,
2536 5026 2740 5094 φαμὲν,
2763 5029 2881 5080 ὅποι
2912 5031 3290 5102 κατήντησας,
3319 5033 3382 5086 τὸ
3412 5037 3596 5089 κοινὸν
3617 5038 3737 5104 ἡμῖν

2152 5116 2411 5185 ἀγαθῶν;
2453 5118 2622 5172 Ὅποι
2658 5121 2793 5190 πρὸς
2818 5123 3073 5195 αἴσθησιν
3118 5128 3562 5197 περιγέγραψαι,
3596 5132 3623 5182 ὁ
3655 5133 3738 5180 καὶ

2152 5207 2374 5278 πληρῶν
2403 5210 2469 5264 τὰ
2497 5211 2677 5265 πάντα
2710 5213 3013 5286 θαύματος,
3060 5211 3141 5282 οἷς
3187 5220 3622 5290 ἡνδραγαθὶζου,
3654 5223 3740 5274 καὶ

2153 5301 2458 5373 πληρώσων
2511 5305 2830 5374 εἰσέπειτα;
2879 5309 3022 5372 Ἕως
3059 5310 3144 5381 εἴη
3202 5313 3258 5364 δὲ
3291 5313 3432 5377 Θεὸς
3473 5314 3738 5367 ἐπινεύων

2149 5396 2260 5457 τοῖς
2295 5396 2502 5462 λόγοις,
2537 5398 2564 5451 δ
2600 5398 2764 5462 καλὸς
2794 5400 3067 5472 λεοντιδὴς
3125 5403 3388 5472 βασιλεὺς
3426 5405 3735 5476 κραταιωθῇ

2147 5486 2274 5549 τοὺς
2309 5487 2528 5558 ὄνυχας,
2565 5490 2640 5555 ὡς
2666 5494 2759 5545 καὶ
2790 5493 3074 5563 ἐμπείρειν
3099 5495 3244 5565 ἔχειν
3276 5499 3389 5560 τοῖς
3424 5497 3550 5550 καθ’
3590 5498 3738 5567 ἡμῶν

2147 5576 2352 5644 ὀργῶσι
2390 5579 2622 5651 θηρίοις.
2654 5584 2802 5648 Τέως
2837 5586 2946 5656 γὰρ
2999 5586 3307 5658 βρυχηθμῷ
3343 5588 3736 5658 διυικονομείτο

2147 5668 2214 5720 τὰ
2244 5671 2467 5725 τοιαῦτα
2512 5675 2778 5747 βασιλικῷ
2814 5681 2903 5731 καὶ
2937 5681 3231 5749 σταθεραῖς
3261 5682 3628 5749 ἐπαγγελίαις
3653 5679 3738 5731 τοῦ

2150 5775 2463 5827 μέλλοντος.
