4026 6248
310 322 460 396 1025

305 537 478 602 λείας,
513 540 606 591 καὶ
659 540 929 603 συνέσεως
979 541 1155 608 ἄκρας
1217 544 1465 611 μέτοχος,
1527 544 1623 595 καὶ
1662 543 1744 612 (τὸ
1775 545 1883 596 πᾶν

309 631 571 700 συνελεῖν)
612 630 825 700 βασιλεῖ
857 631 999 684 οὕτω
1033 632 1256 702 μεγάλῳ
1310 636 1392 696 εὶς
1427 634 1734 703 συμϐίωσιν
1761 635 1884 686 ἐπι-

306 722 618 790 πρέπουσα,
679 723 774 774 καὶ
813 724 1163 793 συμπάρεστι
1210 724 1288 794 τῷ
1327 728 1434 794 νέῳ
1493 726 1880 796 αὐτοκράτορι,

305 814 403 864 καὶ
456 812 634 866 πάντα
683 809 842 874 οἶδεν,
877 811 959 877 οἷς
998 816 1288 886 οἰκουμένη
1349 817 1728 886 κατορθοῦται,
1783 819 1883 886 τῆς

306 906 406 966 σῆς
435 903 748 972 ἀποναμένη
809 904 904 957 καὶ
944 905 1234 974 μαθήσεως
1277 909 1368 958 καὶ
1403 910 1724 975 μιμήσεως·
1788 907 1884 958 καὶ

303 995 370 1046 τὰ
397 995 721 1047 διδασκάλια
760 994 943 1064 ἔργοις
980 997 1372 1066 προῖσχομένη,
1429 998 1530 1049 οὐκ
1562 999 1628 1050 ἂν
1656 998 1770 1066 ἔχοι
1805 998 1881 1066 μὴ

305 1087 405 1138 οὐκ
431 1089 511 1149 είς
539 1089 598 1140 τδ
635 1089 744 1140 πᾶν
767 1091 1180 1157 κατευστοιχεῖν
1209 1089 1303 1141 τοῦ
1336 1089 1721 1157 κοινωφελοῦς.
1742 1089 1883 1143 Ἀλλ’

307 1179 471 1246 ἡμεῖς
505 1179 600 1231 καὶ
638 1177 763 1230 νοῦν
797 1178 895 1246 μὲν
931 1179 1208 1248 βασιλικὸν
1237 1180 1494 1248 ἐθέλομεν
1519 1181 1706 1233 καὶτὰ
1743 1183 1887 1234 ἐκεῖ-

307 1269 403 1320 θεν
453 1270 666 1336 ἀγαθάο
703 1269 978 1339 ποθοῦμεν
1007 1272 1061 1322 δὲ
1104 1273 1200 1324 καὶ
1226 1271 1448 1340 ὁπλίτην
1500 1273 1641 1324 κατὰ
1674 1272 1754 1338 σὲ,
1789 1273 1885 1326 καὶ

306 1365 496 1431 χεῖρας
517 1363 659 1415 οὕτω
699 1364 970 1428 γενναίας,
1020 1365 1113 1416 καὶ
1161 1365 1405 1432 Ἀρεῖκὺν
1443 1367 1712 1435 άτένισμα
1746 1368 1882 1434 πρὸς

305 1455 365 1506 τὸ
395 1454 714 1524 ἁντίμαχον,
756 1458 848 1508 καὶ
879 1455 1150 1526 ἀνδρῶδες
1178 1457 1410 1525 ἕξαλμα,
1452 1459 1547 1510 καὶ
1600 1458 1757 1527 χύσιν
1795 1461 1885 1512 αί-

309 1549 518 1615 μάτων,
551 1541 631 1609 οἷς
663 1548 868 1616 ἀνοίγει
897 1549 958 1600 τὸ
1006 1547 1188 1619 ῥεῦμα
1215 1549 1452 1620 σίδηρος,
1485 1552 1642 1620 χερσὶ
1677 1549 1888 1620 βασιλι-

306 1641 432 1701 καῖς
457 1640 842 1709 εύθυνόμενος.
879 1648 884 1654 ’

377 1730 476 1786 oa'.
507 1734 690 1797 Ἐδυς,
724 1727 768 1785 ὦ
797 1733 1020 1801 μέγιστε
1066 1733 1286 1802 βασιλεῦ
1326 1734 1470 1804 ἥλιε.
1505 1734 1614 1788 Καὶ
1649 1732 1747 1788 νῦν
1785 1734 1888 1804 μὲν

1084 329 1498 390 ’ΜΑΝΗΚΕΙὸ
1534 329 1881 390 CO‘MNENI
1927 332 2319 395 LAUDATIO
2361 333 2778 396 FUNEBRIS.

381 446 446 502 θ’.
479 444 592 498 Καὶ
649 444 754 518 μὴν
802 448 834 517 ἡ
896 449 1150 511 κοινωνός
1184 465 1269 500 σοι
1318 451 1411 502 καὶ
1447 450 1562 519 βίον
1606 452 1696 501 καὶ
1732 450 1882 519 βασιο
1924 460 1956 512 Α

3424 335 3568 402 1026

2061 452 2152 506 70.
2183 452 2248 505 Et
2273 462 2424 507 certe
2451 452 2761 507 communis
2796 451 2892 506 tibi
2928 454 3074 516 vitaz,
3133 468 3284 522 regni
3335 464 3386 507 et
3433 471 3572 523 pru-

1988 544 2192 598 dentia:
2246 561 2474 599 summa:
2517 550 2794 615 particeps
2849 560 2908 600 et
2962 549 3063 615 (ιιι
3110 546 3300 613 paucis
3347 545 3570 612 dicam)

1987 630 2098 697 regi
2137 640 2290 684 tanto
2324 635 2588 686 societate
2623 636 3173 696 convenientissima,
3221 635 3433 702 pariter
3477 636 3572 702 ju-

1989 721 2130 774 niori
2162 721 2356 774 adstat
2378 723 2722 788 imperatori,
2750 736 2804 779 et
2833 735 3028 780 cuneta
3065 733 3216 780 novit
3245 727 3448 794 quibus
3477 742 3563 778 re-

1987 809 2132 878 gitur
2161 810 2334 874 orbis,
2368 821 2456 866 tua
2487 812 2674 870 fruens
2715 816 3088 872 instructione
3119 826 3170 869 et
3203 816 3510 870 imitatione
3537 832 3553 880 ;

1989 911 2042 955 et
2089 905 2422 957 documenta
2481 907 2548 958 ab
2588 907 2850 974 operibus
2904 908 3195 970 exhibens,
3240 923 3346 962 non
3405 907 3571 960 babe—

1993 1000 2078 1048 rct
2109 1008 2214 1059 qua
2251 1010 2362 1048 non
2398 995 2450 1046 in
2478 998 2739 1052 erunibus
2768 1000 2970 1067 publici
3031 1001 3306 1054 commodi
3365 1000 3563 1052 lineam

1986 1085 2142 1152 sequi
2181 1096 2456 1154 pergeret.
2515 1085 2621 1141 Sed
2685 1104 2786 1144 nos
2821 1093 3064 1144 animum
3103 1091 3324 1158 quidem
3364 1092 3570 1158 regium

1989 1179 2264 1243 volumus,
2283 1188 2338 1233 et
2362 1179 2507 1234 bona
2533 1196 2654 1247 qua:
2683 1182 2810 1236 inde
2841 1182 3154 1250 proﬂuunt:
3187 1186 3446 1252 cupimus
3481 1199 3572 1235 vc-

1990 1283 2051 1322 ro
2087 1268 2412 1322 bellatorem
2435 1269 2582 1323 sicut
2612 1280 2682 1335 te,
2716 1279 2827 1324 tam
2847 1271 3018 1324 fortes
3056 1287 3271 1335 manus,
3307 1273 3568 1326 martium

1989 1361 2042 1414 in
2096 1360 2308 1416 hostem
2358 1361 2592 1422 vultum.
2628 1363 2840 1418 virilem
2889 1365 3149 1432 impetum
3181 1374 3236 1419 et
3289 1355 3572 1432 sanguinis

1988 1451 2344 1516 effusionem,
2385 1453 2550 1521 cujus
2579 1467 2803 1508 cursum
2835 1453 3013 1523 aperit
3052 1453 3259 1508 ferrum
3307 1445 3572 1508 manibus

1987 1543 2151 1613 regiis
2180 1543 2316 1598 scite
2347 1544 2617 1598 directum
2630 1583 2644 1597 .

2061 1711 2148 1766 71.
2181 1711 2466 1780 Occidisti,
2493 1729 2524 1768 ο
2556 1715 2796 1772 maxime
2823 1731 2918 1771 rex
2953 1717 3058 1772 sol.
3085 1716 3150 1772 Et
3178 1732 3328 1771 nunc
3353 1718 3572 1788 quidem

307 1827 339 1894 ἡ
375 1825 441 1895 σὴ
476 1795 985 1896 σελήνη-φωσφορεῖ
1005 1795 1115 1890 toi;
1147 1828 1277 1898 περὶ
1311 1795 1442 1896 γῆν,
1487 1827 1720 1895 μέλαινα
1785 1795 1885 1892 μὲν

1997 1804 2126 1860 luna
2151 1795 2242 1860 tua
2279 1806 2346 1862 iis
2369 1808 2464 1877 qui
2495 1817 2624 1862 sunt
2660 1821 2825 1878 super
2859 1820 3080 1871 terram,
3112 1809 3286 1864 lucem
3328 1812 3563 1880 spargit,

305 1916 383 1985 τῷ
409 1933 469 1967 τε
498 1917 746 1987 πενθίμῳ
771 1917 919 1987 ζόφῳ
945 1918 1038 1972 καὶ
1064 1917 1142 1987 τῷ
1171 1919 1591 1989 προφαινομένῳ
1619 1918 1696 1985 δὲ,
1722 1917 1885 1972 καλὸν

305 2008 363 2060 δὲ
391 2009 485 2062 καὶ
517 2009 793 2080 φεραυγὲς
817 2009 1292 2079 ἀπαστράπτουσα
1321 2012 1434 2072 τοῖς
1467 2010 1765 2080 βασιλείοις
1793 2013 1884 2065 ὲν·

306 2100 453 2162 θέοις
510 2100 753 2153 κάλλεσι.
793 2100 901 2153 Καὶ
959 2102 1317 2171 φωσφορήσοι
1374 2095 1432 2154 δὲ
1491 2102 1552 2154 οὐ
1590 2103 1730 2155 κατὰ
1758 2104 1884 2166 τοὺς

304 2193 403 2262 ὀψὲ
441 2194 684 2256 δύοντας,
716 2193 829 2246 ἀλλ’
865 2194 944 2256 είς
974 2194 1187 2260 ἄδυτον,
1220 2196 1382 2264 εἴπερ
1414 2195 1564 2247 ἔστιν
1601 2195 1882 2261 εὔξασθαι.

304 2285 435 2354 Δοίη
467 2285 524 2339 δὲ
554 2284 686 2346 Θεὸς
715 2285 810 2338 καὶ
863 2286 956 2337 τὶν
1001 2287 1154 2356 ἥλιον
1203 2287 1399 2340 τοῦτον
1450 2287 1624 2340 ἐλθεῖν
1653 2289 1731 2350 εἰς
1761 2290 1884 2341 ὅσον

309 2381 600 2449 μήκιστον,
633 2378 727 2430 καὶ
759 2379 818 2430 τὸ
849 2377 1014 2431 καλὸν
1039 2379 1171 2447 ἡμῖν
1195 2377 1337 2432 οὕτω
1365 2378 1766 2448 πληθυνθῆναι,
1791 2381 1884 2433 καὶ

307 2470 416 2522 ὑπὸ
451 2469 590 2537 φωτὶ
618 2469 830 2536 διάγειν
884 2469 1245 2539 ἑκατέρωθεν,
1307 2471 1336 2524 ὃ
1368 2471 1622 2540 διαδοχὴν
1683 2471 1882 2525 οὔκουν
1911 2481 1914 2486 ’

309 2561 502 2632 ἑτέραν
531 2556 728 2628 οἶδενῆ
761 2559 860 2630 τὴν
890 2560 1334 2631 εύτακτουμένην
1366 2561 1431 2614 ὲκ
1461 2560 1700 2630 φύσεως.

379 2741 477 2795 06'.
512 2743 576 2793 Ὦ
613 2741 802 2810 τάφος,
830 2741 888 2793 τὸ
918 2743 1017 2810 τῆς
1050 2740 1262 2807 φύσεως
1288 2741 1614 2812 ἀπάνθισμα
1643 2745 1747 2813 κρύ
1761 2744 1883 2810 Χίας,

307 2833 356 2886 ὣ
379 2833 438 2886 τδ
463 2834 564 2900 τῆς
599 2833 914 2902 φρονήσεως
945 2834 1148 2895 πλάτος
1201 2835 1511 2898 συστείλας,
1546 2835 1592 2888 ὣ
1636 2835 1890 2902 συγκλεί-

309 2943 412 2988 σας
439 2925 530 2978 τὸν
564 2926 912 2993 άεικίνητονί
966 2926 1066 2979 οὐκ
1093 2925 1202 2978 ἔδει
1252 2928 1516 2997 τοιαύτην
1547 2928 1625 2996 τῷ
1678 2928 1888 2998 βασιλεῖ

310 3018 809 3088 ἁποτελευτηθῆναι
845 3017 1024 3070 αὐτῶν
1057 3017 1284 3085 μακρῶν
1337 3019 1516 3070 πόνων
1545 3021 1882 3075 ἀνάπαυλαν.

316 3112 464 3164 Ἔδει
502 3113 628 3172 τοὺς
662 3111 906 3180 μακροὺς
937 3109 1218 3177 καμάτους
1247 3109 1535 3163 παύσαντα
1593 3111 1716 3163 καθ’
1749 3113 1884 3182 ἠσυ-

309 3209 439 3274 χιαν
468 3206 668 3273 μεῖναι,
727 3200 983 3259 καὶτοὺς
1031 3200 1263 3269 ἱδρῶτας
1317 3202 1731 3270 ἀποψήσασθαι,
1793 3203 1889 3256 καὶ

313 3297 430 3367 βίον
479 3295 785 3350 διατελέσαι
847 3295 1039 3364 ῥᾴονα,
1098 3289 1219 3346 εἶτα
1251 3295 1346 3348 καὶ
1375 3297 1453 3357 είς
1488 3296 1586 3364 τὴν
1642 3295 1890 3366 ἔμφρονα

312 3387 600 3460 ῥᾳστώνην
626 3387 720 3440 καὶ
754 3386 962 3439 ἄλυπον
993 3384 1421 3453 μετατάξασθαι.
1466 3385 1524 3437 '0
1545 3385 1601 3437 δὲ
1623 3385 1754 3456 χθές
1785 3404 1890 3439 που

311 3482 383 3536 τά
414 3479 649 3548 πολέμια
682 3475 1132 3546 παγκρατιάζων,
1167 3480 1263 3532 καὶ
1285 3475 1542 3529 τοσοῦτον
1574 3476 1785 3538 ἀνεθεῖς
1806 3478 1891 3543 ἐφ’

313 3573 437 3627 ὅσον
474 3567 1144 3638 στεφανώσασθαι,ἀφῆκε
1177 3567 1275 3636 μὲν
1305 3566 1402 3627 τὰς
1436 3569 1568 3636 περὶ
1591 3567 1696 3634 γῆν
1729 3584 1894 3635 στρα-

314 3667 437 3727 τιὰς
465 3664 561 3718 καὶ
591 3662 870 3732 δυνάμεις,
903 3662 1012 3715 τῶν
1043 3661 1100 3714 δὲ
1135 3661 1400 3715 ἀνωτάτω
1430 3659 1678 3729 γέγονεν.

385 3846 485 3906 ογῆ
549 3841 590 3892 Ω
622 3841 881 3909 κράτιστε
916 3839 1156 3908 βασιλεῦ,
1190 3836 1234 3893 ὦ
1260 3841 1518 3894 κάλλιστε
1549 3840 1647 3911 μὲν
1677 3856 1894 3910 προφα-

313 3935 494 3994 νῆναι,
534 3932 722 4000 ἄριστε
761 3932 816 3983 δὲ
873 3933 1102 4001 πρᾶξαι,
1160 3933 1336 3986 εἰπεῖν
1396 3933 1454 3985 δὲ
1483 3933 1706 4001 ἥδιστν
1741 3933 1796 3985 τί
1828 3932 1893 4003 δή

315 4038 453 4074 ποτε
485 4020 969 4088 ἀποκρυψάμενος,
997 4020 1226 4073 τοιαῦτα
1251 4022 1396 4074 καλὰ
1425 4021 1892 4090 συναπέκρυψαςς

318 4112 522 4173 Σεπτὸς
555 4113 582 4164 ὁ
613 4112 752 4164 κατὰ
813 4111 872 4162 σὲ
913 4110 1106 4178 τάφος,
1174 4111 1414 4164 τοιοῦτον
1463 4113 1575 4165 ἔσω
1633 4113 1896 4182 κρύπτων

318 4204 508 4272 ἄνδρα,
548 4196 608 4255 οὗ
639 4203 772 4273 μηδὲ
809 4205 914 4265 πᾶς
944 4205 972 4254 ὁ
1023 4203 1146 4256 καθ’
1176 4206 1324 4273 ἡμᾶς
1359 4205 1566 4274 κόσμος
1615 4205 1894 4271 ἀντάξιος.

320 4293 523 4364 Πικρδς
543 4293 570 4344 ὁ
595 4294 765 4361 τάφος
791 4286 965 4356 οὗτος,
998 4293 1260 4362 τοιαύτην
1291 4295 1596 4362 ἀπαγαγὼν
1625 4294 1685 4359 ἐξ
1716 4285 1909 4348 (in:va

317 4402 428 4439 των
459 4385 792 4454 γλυκύτητα.
825 4382 964 4452 Ἤδη
1003 4401 1086 4445 τις
1113 4383 1238 4437 ἰδὼν
1265 4385 1339 4446 ὡς
1389 4386 1480 4438 ἐπὶ
1512 4385 1739 4455 σίμϐλον
1765 4387 1899 4455 δρα-

1986 1901 2141 1969 nigra
2175 1899 2398 1970 quidem
2448 1901 2736 1974 luctuosis,
2776 1909 2830 1956 et
2890 1903 3352 1984 pr’ml'ulgentibus
3416 1913 3574 1958 tene-

1917 2005 1920 2010 '
1985 1990 2125 2054 bris,
2168 1992 2442 2060 speciosis
2489 2007 2620 2047 vero
2663 1992 2954 2063 fulgurans
3011 1994 3338 2060 luminibus,
3389 1997 3569 2064 regias

1983 2083 2307 2152 divinasque
2382 2085 2646 2147 emittens
2720 2093 3055 2144 venustates.
3114 2085 3379 2146 Cor-uscet
3457 2103 3568 2141 non

1984 2177 2288 2230 secundum
2319 2185 2467 2230 astra
2499 2191 2622 2246 quae
2648 2190 2772 2231 sero
2796 2177 3086 2242 occidunt,
3118 2178 3215 2232 sed
3265 2195 3383 2246 ante
3406 2194 3573 2233 occa-

1982 2281 2102 2320 sum
2146 2267 2415 2332 nesciant,
2449 2267 2496 2322 si
2541 2268 2622 2322 sic
2655 2268 2870 2336 precari
2906 2268 3088 2320 liceat.
3122 2268 3220 2322 Det
3240 2267 3382 2323 Deus
3402 2279 3456 2323 et
3487 2286 3575 2324 so-

1986 2356 2088 2408 lem
2127 2355 2290 2408 istum
2321 2355 2374 2408 in
2407 2370 2568 2426 quam
2621 2356 3004 2424 longissimum
3041 2365 3257 2426 tempus
3289 2358 3572 2427 progredi,

1984 2449 2300 2516 bonumque
2347 2449 2505 2502 nobis
2531 2449 2616 2504 sic
2648 2450 3038 2518 multiplicare,
3056 2461 3110 2504 et
3139 2452 3240 2506 sub
3270 2451 3390 2506 luce
3419 2460 3572 2504 utra-

1985 2554 2092 2608 que
2145 2541 2458 2607 traducere,
2524 2542 2670 2610 quod
2731 2543 3146 2596 successionem
3191 2543 3352 2596 aliam
3399 2545 3580 2600 nescit

1986 2645 2149 2698 quam
2183 2639 2344 2696 recte
2374 2646 2402 2683 a
2435 2642 2632 2685 natura
2663 2633 3052 2702 compositam.

2058 2721 2146 2774 7'2.
2174 2721 2218 2775 Ο
2254 2723 2485 2790 tumule,
2523 2735 2736 2778 natura;
2756 2725 2945 2778 ﬂorem
2981 2725 3190 2790 celans,
3211 2741 3244 2781 ο
3265 2727 3582 2794 prudentie

1986 2813 2332 2868 latitudinem
2349 2825 2664 2879 coarctans,
2683 2832 2922 2884 eumque
2941 2817 3034 2884 qui
3053 2832 3272 2883 semper
3292 2818 3346 2870 in
3364 2818 3582 2873 actione

1993 2913 2112 2960 erat
2149 2907 2432 2961 condens;
2465 2922 2576 2965 non
2614 2908 2772 2962 talem
2805 2907 2913 2977 regi
2944 2908 3236 2976 oportebat
3276 2909 3567 2978 longorum

1991 2994 2242 3050 laborum
2277 2998 2518 3066 requiem
2551 3013 2618 3052 ac
2646 2999 2806 3054 finem
2851 2999 3109 3066 praeberi.
3139 2999 3356 3069 Longas
3383 3000 3578 3071 fatiga-

1992 3088 2173 3142 tiones
2208 3089 2595 3142 terminantem
2630 3092 2918 3158 oportebat
2956 3095 3011 3144 in
3037 3093 3444 3160 tranquillitate
3489 3111 3581 3150 re.

1993 3178 2286 3243 mansisse,
2315 3177 2547 3234 sudores
2593 3181 2844 3244 tersisse,
2881 3181 3048 3236 vitam
3113 3183 3420 3238 dulciorem
3484 3185 3578 3239 de-

1992 3271 2376 3339 gisse,tleinde
2400 3273 2454 3326 in
2478 3273 2696 3341 sapiens
2717 3275 3151 3344 mgritudineque
3185 3277 3334 3332 omni
3370 3287 3573 3334 vacans

1992 3363 2162 3417 otium
2219 3373 2481 3418 mutatam
2542 3374 2769 3422 sortem.
2805 3376 3082 3436 gustasse.
3119 3371 3224 3435 Qui
3279 3385 3409 3426 vero
3465 3372 3567 3426 he-

1996 3455 2041 3508 ri
2081 3452 2314 3509 forsitan
2338 3471 2369 3510 e
2397 3457 2554 3510 bellis
2590 3457 3207 3534 vietorprocedebatet
3231 3472 3444 3518 tantum
3482 3479 3559 3518 re-

1997 3545 2287 3606 laxationis
2331 3545 2683 3614 obtinuerat,
2718 3558 2986 3616 quantum
3044 3553 3296 3606 coronari
3363 3552 3564 3623 dignus

1993 3645 2139 3700 esset
2163 3645 2452 3692 terrestres
2469 3639 2686 3707 quidem
2707 3641 2980 3696 exercitus
2999 3650 3410 3714 potestatesque
3427 3646 3584 3701 dere-

1994 3729 2178 3797 liquit,
2203 3745 2476 3799 supernas
2503 3748 2633 3788 vero
2664 3735 2903 3804 adeptus
2953 3745 3054 3792 est.

2069 3823 2157 3878 73.
2195 3820 2240 3878 0
2286 3823 2627 3884 validissimo
2657 3843 2774 3892 rex,
2807 3843 2841 3882 ο
2864 3830 3188 3897 praecellens
3218 3833 3435 3902 quidem
3482 3837 3580 3906 qui

1995 3929 2246 3986 appares,
2274 3918 2483 3987 optime
2529 3919 2624 3988 qui
2654 3921 2794 3990 agis,
2819 3921 2999 3976 dicam
3045 3924 3208 3986 etiam
3243 3925 3583 3992 iucundissi-

1999 4025 2116 4076 me,
2146 4026 2249 4083 cur
2281 4013 2640 4069 absconditus
2685 4025 2835 4069 tanta
2890 4017 3030 4071 bona
3087 4019 3428 4072 recoudisti?
3475 4018 3580 4072 Ve-

1998 4103 2276 4158 nerandus
2303 4105 2547 4158 tumulus
2583 4112 2799 4159 tantum
2829 4108 2979 4160 intus
3008 4109 3419 4174 tegensvirnm,
3486 4112 3578 4164 cui

2000 4209 2100 4250 nec
2151 4194 2332 4249 omnis
2363 4203 2636 4248 terrarum
2667 4195 2820 4250 orbis
2865 4197 3300 4264 mquiparabilis.
3342 4199 3581 4255 Amarus

1999 4290 2246 4340 tumulus
2277 4287 2380 4340 iste
2411 4286 2573 4340 talem
2603 4288 2670 4340 ab
2699 4288 2966 4342 omnibus
3013 4288 3273 4343 auferens
3331 4291 3579 4345 dulcedi-

2001 4391 2150 4430 nem.
2180 4373 2302 4429 Jam
2331 4375 2526 4431 videns
2570 4377 2774 4445 aliquis
2804 4377 2963 4446 quasi
3014 4379 3079 4432 ad
3114 4380 3327 4433 alveum
3358 4391 3573 4447 curret,

323 4476 509 4545 μεῖται
553 4473 766 4541 τοῦτον,
822 4474 1112 4544 τρυγήσων
1155 4474 1250 4526 τοῦ
1279 4474 1430 4528 ἔνδον
1467 4476 1684 4544 μελιτος
1711 4492 1724 4504 ·
1757 4477 1892 4530 ἀπε-

1998 4466 2272 4520 internum
2306 4467 2410 4520 mel
2441 4465 2800 4534 collecturus;
2841 4468 3052 4524 hausto.
3073 4484 3206 4524 vero
3245 4470 3407 4523 tredio
3439 4472 3583 4526 redi-

319 4566 572 4620 λεύσεται
599 4565 654 4618 δὲ
678 4565 839 4637 χολὴν
868 4565 1103 4629 σπάσας,
1135 4565 1363 4636 πικρίας
1395 4566 1490 4620 καὶ
1515 4567 1746 4637 θλίψεως
1771 4569 1906 4621 κέν-⁴

318 4673 438 4726 τρῳ
463 4649 648 4723 νύγεὶς
671 4672 684 4687 ο
721 4656 816 4712 καὶ
837 4655 1136 4726 ψωμιεῖται
1173 4656 1408 4726 δάκρυα.
1459 4657 1588 4720 Τοῖς
1632 4657 1676 4709 δ’
1711 4657 1898 4722 αὐτοῖς

317 4747 423 4800 οὐκ
448 4749 504 4800 ὲν
531 4748 716 4818 μέτρῳ
744 4748 839 4801 καὶ
867 4750 1050 4801 ποτιεϊ
1097 4747 1310 4802 ἑαυτόν.
1341 4748 1408 4799 Ὠ
1438 4747 1586 4809 λίθος
1612 4744 1770 4812 οὗτος
1799 4749 1898 4804 τά-

322 4854 448 4906 φου,
478 4839 569 4893 τὸν
600 4838 920 4910 παντάρϐην
945 4837 1055 4893 ἔσω
1078 4840 1226 4894 λίθον
1243 4893 1246 4896 ,
1264 4838 1653 4909 κρνψὰμενοςί

390 5015 485 5070 οδ’.
510 5010 619 5067 Ἦν
647 5015 758 5085 γὰρ
787 5016 1006 5086 άληθῶς
1053 5019 1165 5081 τοῖς
1199 5018 1410 5089 ἐχθροῖς
1445 5017 1740 5088 συντρέχον
1769 5017 1900 5099 ἰδεῖν

324 5108 446 5176 ἅμα
465 5107 673 5172 τοῦτον,
701 5108 796 5160 καὶ
812 5109 1105 5177 ταρϐἧσαι,
1128 5113 1224 5163 καὶ
1246 5111 1558 5179 τραπέσθαι
1588 5111 1668 5172 είς
1700 5111 1898 5180 φυγὴν,

323 5198 622 5268 ἐφιεμένην
667 5199 756 5252 ἀεὶ
791 5199 898 5252 τῶν
933 5199 1244 5271 ἔμπροσθεν
1267 5218 1280 5232 ·
1317 5205 1366 5256 εί
1411 5202 1467 5255 δὲ
1524 5207 1619 5255 καὶ
1650 5202 1896 5263 πίπτειν,

321 5291 461 5346 ἀλλὰ
498 5291 657 5344 τοῦτο
686 5291 870 5362 χειρὸς
926 5292 1216 5363 βασιλικῆς
1246 5293 1431 5360 ἔργον,
1465 5293 1897 5361 δρυοτομούσης,

321 5382 399 5444 ὡς
426 5383 483 5435 ὲν
506 5383 718 5446 ἀξίναις
762 5384 990 5452 λόχμην,
1023 5384 1085 5436 τὸ
1116 5386 1214 5451 τῆς
1249 5384 1595 5455 βαρόαρικῆς
1637 5387 1900 5454 στρπτιᾶς

323 5473 384 5527 ὲν
423 5475 719 5542 πυκνότητι
749 5475 937 5529 λάσιον
961 5492 974 5505 °
1019 5475 1068 5530 οἶ
1098 5478 1197 5528 καὶ
1232 5476 1402 5545 βραχύ
1443 5493 1494 5528 τι
1520 5476 1902 5547 ἀναψύχοντες

324 5559 550 5626 ἑαυτοῦς
580 5568 726 5636 ἄρτι,
761 5571 852 5620 κατ.
889 5568 1098 5636 βουλῶν
1153 5570 1242 5622 καὶ
1277 5569 1618 5638 ’τραυμάτων
1652 5569 1908 5638 ἀπηλλα-,

322 5655 542 5726 γμένοι,
575 5649 648 5709 ὧν
684 5659 763 5719 είς
795 5658 955 5728 βάθος
997 5653 1346 5727 ἑντετηκυίας
1376 5657 1475 5719 τὰς
1506 5657 1668 5721 οὐλὰς
1701 5659 1902 5729 φέρου·

328 5765 440 5813 σιν,
461 5748 612 5818 ὅμως
635 5747 754 5804 οὔτι
782 5767 883 5804 που
913 5752 1000 5806 διὰ
1021 5753 1207 5816 τέλους
1232 5749 1502 5823 χαίρουσι.
1533 5751 1898 5824 Παραιρεῖται

2003 4557 2083 4612 bit
2129 4557 2514 4613 amaritudinis
2546 4567 2601 4613 et
2623 4558 2943 4616 afﬂictionis
2983 4561 3178 4614 aculeo
3215 4571 3489 4629 punctus;
3523 4572 3581 4618 et

2004 4649 2272 4719 lacrymas
2315 4648 2544 4717 potabit.
2583 4648 2868 4720 Laerymis
2917 4651 3038 4707 istis
3077 4667 3182 4706 non
3215 4653 3268 4705 in
3317 4668 3572 4708 mensura

2002 4749 2188 4807 potum
2223 4751 2417 4793 usuum
2471 4737 2689 4792 miscet.
2737 4739 2781 4794 Ο
2815 4741 3013 4796 tumuli
3040 4751 3236 4797 sancte
3262 4743 3426 4813 lapis,
3483 4747 3577 4815 qui

1905 4881 1910 4884 .
2001 4829 2149 4887 intus
2181 4829 2417 4900 lapidem
2453 4829 2824 4896 sanctionem,
2845 4833 3104 4890 omnibus
3133 4834 3478 4891 formidinem
3503 4836 3584 4892 af-

2001 4924 2271 4980 ferentem‘
2302 4926 2557 4980 recondis
2581 4926 2594 4979 l

2073 5017 2160 5071 ⁵74.
2200 5014 2342 5072 Vere
2373 5017 2520 5072 enim
2557 5019 2609 5072 in
2644 5017 2834 5074 hostes
2861 5032 3174 5078 currentem
3233 5023 3399 5078 simul
3428 5023 3573 5076 vide-

2000 5121 2062 5161 re
2079 5121 2203 5162 eum
2229 5116 2473 5174 poteras,
2511 5120 2566 5164 et
2587 5110 2880 5170 confestim
2900 5113 3178 5178 timuisse,
3202 5121 3254 5167 et
3281 5127 3579 5168 conversos

2003 5201 2056 5254 in
2091 5200 2274 5268 fugam
2309 5199 2483 5258 fuisse
2533 5217 2747 5272 semper
2772 5205 2840 5258 ad
2871 5219 2967 5260 eos
2993 5205 3088 5274 qui
3119 5205 3171 5256 in
3208 5205 3387 5258 fronte
3416 5214 3578 5258 erant

2003 5293 2331 5350 tendentem.
2352 5292 2409 5347 Si
2436 5299 2566 5350 vero
2583 5295 2746 5349 etiam
2785 5296 3030 5352 caderet.
3055 5294 3188 5347 illud
3214 5308 3410 5348 inanus
3428 5309 3568 5362 opus

2000 5397 2118 5442 erat
2152 5387 2878 5457 regiae,quercus.seeantis,
2917 5386 3062 5440 sicut
3085 5386 3137 5438 in
3161 5386 3450 5441 securibus
3475 5388 3580 5458 syl-

1999 5495 2144 5544 vam,
2170 5480 2438 5536 barbarici
2471 5477 2747 5533 exercitus
2769 5478 2997 5530 densata
3014 5478 3230 5546 agmina
3263 5478 3576 5542 hominum,

2003 5570 2095 5639 qui
2126 5571 2407 5639 paululum
2435 5569 2503 5620 de
2534 5565 2932 5626 novoanimati
2956 5575 3011 5622 et
3044 5568 3290 5623 consiliis
3322 5569 3582 5621 immuta-

2003 5660 2076 5716 tis
2100 5661 2538 5725 vulneribusque
2575 5667 2810 5721 quorum
2858 5656 2911 5710 in
2946 5657 3279 5727 profundum
3323 5659 3461 5714 altas
3491 5660 3574 5715 ci-

2005 5751 2238 5808 catrices
2269 5755 2510 5820 gestant,
2540 5744 2802 5802 similiter
2853 5750 3168 5810 nullatenus
3201 5766 3375 5825 usque
3413 5753 3480 5809 ad
3503 5751 3575 5811 ﬁ-
