3962 6242
248 361 382 427 1023

1016 351 1421 415 MANUEHS
1463 347 1814 412 COMNENI
1857 344 2252 410 LAUDATIO
2290 345 2706 408 FUNEBRIS.

3349 341 3490 407 1030
3521 346 3544 365 ’

243 478 330 532 καὶ
359 471 654 529 ἀνελίττων
677 467 970 530 σπουδαίας
1016 467 1269 538 πράξεις,
1300 467 1400 528 τὰς
1434 469 1554 536 μὲν,
1581 464 1647 530 ἃς
1677 464 1799 525 νοῦς

1909 472 2162 518 strennas
2190 463 2453 527 actiones,
2479 464 2574 517 has
2598 459 2818 531 quidem
2849 473 2986 528 quas
3006 456 3128 528 ejus
3151 473 3298 528 regia
3329 473 3485 513 mens

243 569 509 642 βασιλικδς
547 566 758 619 ἐκείνου
791 563 1143 633 προεϐάλετο,
1183 563 1284 625 τὰς
1328 561 1384 613 δὲ
1415 560 1676 624 παλαιὰς,
1723 553 1812 621 αἷς

241 656 759 730 παραδειγματικῶς
813 653 908 716 τὰς
961 651 1152 706 ἑαυτοῦ
1203 651 1551 721 παρέϐαλλε’
1589 649 1813 704 διαιτῶν

243 757 566 814 ὑποθέσεσι,
593 754 663 805 δι’
693 745 766 806 ὦν
785 749 1185 805 ἁπευθύνονται
1213 750 1398 812 πόλεις
1421 768 1434 782 ο
1493 747 1763 803 διδάσκων
1791 782 1805 807 ,

238 850 326 903 iis:
356 850 418 912 δὴ
445 849 536 900 καὶ
567 847 708 916 ἀνὴρ
753 844 1146 908 ἁποστολικὸς,
1198 844 1252 896 εί
1304 861 1406 896 που
1448 842 1793 898 διδασκάλιόν

237 958 285 991 τι
340 937 676 1006 ἀπορηθείηο
741 936 799 986 ἐν
865 933 1200 1002 δικαιώμασι
1277 934 1412 986 Θεοῦ
1495 935 1806 1003 ἀδολεσχῶν

242 1027 372 1092 μετὰ
395 1025 485 1076 τοῦ
516 1023 699 1076 Astute“
732 1022 1034 1090 θεολογίαις
1070 1023 1395 1092 ἐμϐαθύνων
1436 1023 1621 1094 λεπτῷ
1655 1024 1805 1092 λογι-

237 1115 352 1184 σμῷ
375 1116 469 1167 καὶ
491 1116 666 1183 θυμῷ,
688 1116 778 1167 καὶ
796 1116 954 1182 ὀλίγα
979 1116 1260 1185 μετέχοντι
1283 1114 1559 1178 σώματος·
1581 1118 1804 1171 τάσσων

236 1207 519 1274 ἐμφρόνως
551 1208 619 1258 τὰ
644 1207 763 1260 κατ’
781 1207 962 1260 αὐτόν·
1006 1208 1316 1260 ἐπιτάσσων
1353 1207 1715 1278 μεγαλοφυῶς
1737 1211 1805 1262 τὰ

238 1297 350 1366 μετ’
377 1298 537 1350 αὐτόν
558 1314 572 1328 ·
601 1301 681 1362 εἰς
712 1299 864 1361 τέλος
890 1299 1168 1368 προάγων,
1202 1299 1236 1353 ἂ
1280 1300 1354 1370 μὴ
1393 1300 1606 1368 φθάσας
1648 1303 1805 1372 εὐερ-

233 1390 458 1454 γετικῶς
471 1392 546 1450 είς
573 1390 779 1451 ἐντελὲς
804 1391 978 1460 ἤγαγε
1000 1409 1015 1424 ο
1055 1391 1290 1461 δημοσίᾳ.
1315 1409 1373 1443 τε
1435 1393 1529 1445 καὶ
1556 1393 1677 1446 κατ’
1711 1394 1801 1446 ἄν·

229 1483 356 1550 δρας
383 1481 558 1545 ἀξίαις
591 1482 900 1550 ἐμϐιϐάζων
929 1499 941 1513 ο
961 1482 1224 1546 πλούτους
1242 1482 1548 1553 ὲπιϐρέχων
1569 1486 1679 1548 τοῖς
1698 1485 1798 1538 ὅσα

231 1575 320 1624 καὶ
353 1573 422 1640 γῆ
453 1572 662 1641 διψῶσα
687 1573 1300 1644 ὲπιδεομένοις·χρυσᾶς
1332 1577 1596 1641 ἐπιτιθεὶς
1620 1594 1796 1645 κορω-

232 1664 373 1725 νίδας
390 1663 691 1734 ίκετηρίοις
712 1663 1796 1740 γράμμασι,σφραγίξων,ὲπισφραγίζων

229 1754 292 1804 τὰ
310 1744 408 1821 μὲν
431 1754 495 1805 ὲκ
519 1757 734 1822 καινῆς,
754 1754 822 1808 τὰ
848 1755 892 1807 δ’
910 1756 989 1818 είς
1017 1756 1201 1810 πλεῖον
1242 1758 1554 1829 στερέωμα,
1608 1762 1665 1814 tv
1713 1755 1794 1824 οἷς

231 1846 368 1916 καὶὴ
390 1846 500 1897 τῶν
520 1847 874 1916 ὲκκλησιῶνλφ
884 1848 1061 1918 ροντ’ίς
1077 1849 1170 1902 καὶ
1189 1852 1523 1924 προμήθεια,
1540 1852 1605 1923 ἢν
1622 1853 1796 1924 ἀγχοῦ

230 1953 328 1988 που
359 1937 586 2006 ἡμερῶν
607 1940 639 2006 ἡ
663 1937 771 1992 τῶν
792 1939 1098 2008 ἐκκλησιῶν
1126 1941 1400 2010 κορυφαία
1419 1946 1802 2016 ἐκρότειπερι-

229 2027 619 2096 σαλπιχθεῖσαν
650 2030 986 2096 ὲξάκουστα·
1029 2033 1087 2086 τὸ
1130 2037 1236 2087 πᾶν
1278 2037 1475 2100 εἰπεῖν,
1514 2037 1799 2106 θεμελίους

226 2117 464 2184 ὑφιστῶν
495 2120 751 2190 στερεοὺς
803 2121 878 2190 τῷ
911 2121 1007 2192 τὴν
1049 2119 1452 2195 ὀἶκουμενικὴν
1506 2130 1799 2202 οἰκοδομὴν

226 2209 586 2278 διαδεξομένῳ
618 2210 720 2280 υἱῷ
753 2211 999 2280 βασιλεῖ·
1025 2214 1082 2278 ὃς
1115 2215 1230 2284 ἅμα
1258 2211 1324 2285 ἦν
1349 2219 1434 2270 ὅτε
1463 2222 1800 2290 σπαργάνοις

229 2302 591 2372 περιειλίχθη,
648 2304 740 2356 καὶ
780 2304 894 2373 ἅμα
946 2307 1239 2376 διαδήματι
1289 2311 1654 2382 περιελήφθη,
1705 2317 1798 2368 καὶ

228 2391 502 2460 στέμματι
541 2393 806 2463 βρεφόθεν
842 2395 1088 2465 ὼραῒσθη
1130 2398 1414 2468 βασιλικῷ,
1442 2403 1528 2457 ἴνα
1567 2403 1798 2457 διαπαν-

225 2481 312 2543 τὸς
330 2482 407 2535 ὢν
429 2483 708 2552 βασιλεὺς,
737 2487 1205 2558 συνδιῖκνούμενον
1236 2492 1374 2563 φέρῃ
1406 2495 1524 2557 ταῖς
1551 2496 1796 2564 ἡλικίαις

223 2574 466 2637 ἁπάσαις
496 2576 554 2628 τὺ
598 2580 709 2641 τοῖς
746 2578 1026 2646 βασιλεῦσι
1065 2582 1276 2649 πρέπον
1307 2585 1676 2654 εὐεργετικὸν,
1706 2589 1798 2641 καὶ

227 2667 622 2731 συνεπαυξάνοι
657 2669 719 2721 τὸ
749 2669 949 2734 ἔνθεον,
980 2673 1074 2725 καὶ
1103 2673 1194 2725 τὸν
1229 2675 1403 2742 μέγαν
1448 2675 1672 2744 βασιλέα
1702 2678 1797 2730 καὶ

225 2756 392 2808 παῖδα
418 2761 505 2820 εἰς
532 2759 700 2826 ἄνδρα
735 2761 1043 2814 τελειώσειε
1079 2764 1352 2830 μέγιστον,
1386 2765 1793 2834 βασιλεύτατον·

223 2846 355 2916 ὅπερ
389 2849 488 2902 καὶ
520 2849 934 2916 εὐαγγελίζεται
963 2853 1095 2920 ἡμῖν
1123 2855 1399 2923 τεκμήρια
1425 2859 1792 2925 παραφαῖνον,

221 2932 299 2997 οἷς
335 2939 572 2992 οὐκέστι
609 2941 833 2994 λύεσθαι
880 2941 912 3012 ἢ
947 2944 1238 2996 ἐκπίπτειν
1273 2946 1352 3009 είς
1373 2947 1432 2998 τὸ
1453 2947 1797 3019 δυστέκμαρ-

221 3045 327 3082 τον.

286 3209 386 3270 οην.
434 3203 599 3253 ’Λλλίι
630 3203 800 3255 ταῦτα
835 3203 933 3271 μέν
962 3221 1050 3274 μοι
1088 3205 1120 3272 ἡ
1151 3207 1208 3258 ὲν
1232 3206 1376 3276 λόγῳ
1396 3207 1668 3277 θερμότης
1691 3210 1796 3276 ἔξω

215 3292 306 3345 τοῦ
352 3294 726 3364 προκειμένου
768 3294 1062 3361 παρέθετο.
1113 3296 1350 3360 Ἐκεῖνος
1405 3298 1461 3350 δὲ
1502 3300 1617 3352 ἀλλ’
1671 3302 1795 3353 ἐπεὶ

214 3385 391 3436 πάντα
415 3386 596 3453 πέρας
629 3383 776 3453 αὐτῷ
827 3378 952 3454 εὗρε
1002 3385 1070 3438 τὰ
1143 3387 1410 3456 κρείττω,
1474 3392 1568 3442 καὶ
1619 3393 1796 3443 εἰπεῖν

212 3474 334 3544 ἔσχε
368 3476 466 3529 καὶ
516 3475 701 3537 αὐτὸς,
735 3475 922 3545 ώςῆδη
953 3476 1283 3543 τετέλεσται,
1311 3479 1408 3531 καὶ
1447 3479 1483 3533 ἃ
1519 3481 1618 3549 μὲν
1653 3483 1794 3535 κατὰ

212 3567 416 3619 σκοπδν
447 3567 549 3618 καὶ
580 3565 642 3617 τδ
684 3564 944 3634 βιώσιμον
974 3567 1053 3629 δὲ,
1085 3567 1424 3639 ἀαπορῤιπτετ
1456 3571 1562 3638 μὲν
1605 3575 1664 3622 τὸ
1691 3571 1794 3638 ἔμ-

213 3657 349 3724 ϐιον,
399 3659 622 3727 γίνεται
645 3658 701 3710 δὲ
731 3656 825 3709 τοῦ
875 3657 1054 3711 ἀϐίου.
1113 3661 1220 3712 Καὶ
1259 3661 1459 3730 χρυσὸς
1509 3662 1609 3728 μὲν
1642 3663 1794 3732 ἡλίου

207 3748 534 3817 ἀντίμιμος,
620 3746 717 3798 καὶ
783 3746 1066 3817 μάργαρος
1148 3749 1575 3818 ὑποκρινόμενος
1653 3751 1793 3818 φῶς,

208 3840 302 3889 καὶ
359 3838 505 3891 λίθοι
601 3837 924 3904 πυραυγεῖς,
1011 3836 1107 3888 καὶ
1181 3837 1297 3889 ὅσοι
1359 3836 1557 3900 κάλλος
1646 3840 1796 3894 ἅπαν

204 3930 415 3983 ἀνθέων
509 3927 1022 3997 παρευδοκιμοῦσι,
1104 3927 1412 3995 λογίζονται
1483 3929 1618 3982 ὡσεὶ
1705 3932 1798 3984 ou-

203 4024 312 4078 δέν.
359 4023 755 4092 Ἐπικρίνεται
837 4020 893 4074 δὲ
970 4021 1031 4072 τὸ
1088 4021 1350 4092 νύκτερον
1425 4021 1668 4090 ἄμφιον,
1765 4020 1796 4073 ὃ

205 4117 303 4184 τὴν
348 4116 650 4168 είσὲπειτα
699 4111 912 4182 ἡμέραν
971 4112 1422 4179 εὐαγγελίζεται,
1479 4109 1548 4183 ἦς
1595 4115 1642 4165 εί
1694 4115 1796 4182 μὲν

205 4205 402 4272 ὄρθρος
436 4202 666 4273 προηγή
678 4219 850 4264 σεται,
870 4195 1027 4270 λόγον
1051 4201 1117 4254 ἂν
1139 4202 1252 4270 ἔχοι
1273 4220 1288 4236 ’
1309 4204 1500 4266 νυκτὸς
1521 4205 1577 4256 δὲ
1607 4205 1708 4256 οὐκ
1729 4204 1794 4256 ἂν

204 4299 287 4364 εἴη
311 4297 572 4366 διαδοχή.
617 4295 728 4346 Καὶ
763 4295 1016 4362 συμϐὐλῳ
1047 4294 1272 4364 τοιούτῳ
1297 4293 1543 4356 δεδωκὼς
1575 4297 1790 4362 ἑαυτὸν,

204 4389 552 4456 ἀπολέγεται
593 4385 818 4455 μὲν,τὴν
853 4384 1064 4453 ὑψηλὴν
1096 4385 1190 4437 καὶ
1219 4388 1497 4455 τρυφερὰν
1529 4387 1754 4440 στιϐάδα
1773 4402 1790 4416 ·

1917 567 2293 626 proposuerat,
2344 557 2464 613 illas
2512 572 2640 610 vero
2691 564 2924 619 veteres,
2982 555 3182 624 quibus
3248 556 3479 623 exempli

1917 665 2079 702 causa
2111 664 2239 703 suas
2275 650 2674 718 aequiparabat;
2712 648 2976 716 principia
3006 647 3142 701 scite
3164 647 3481 700 discernens

1913 741 2113 810 quibus
2145 754 2286 795 recte
2303 743 2675 809 gubernantur
2699 743 2981 807 civitates;
3013 745 3213 795 docens
3236 741 3376 794 sient
3399 740 3482 792 vir

1912 832 2274 900 apostolicus,
2306 834 2348 884 si
2384 831 2520 884 forte
2544 831 2932 885 documentum
2968 831 3239 900 quoddam
3267 831 3479 882 exami-

1913 922 2151 976 nandum
2200 930 2366 986 esset;
2402 923 2455 974 in
2498 922 2722 990 judiciis
2747 922 2951 976 divinis
2980 922 3284 988 procedens
3315 921 3470 988 juxta

1913 1014 2076 1066 David
2114 1013 2360 1079 ;divinis
2409 1014 2654 1067 scientiis
2703 1014 3024 1069 incumbens
3070 1013 3252 1067 subtili
3316 1012 3479 1065 ratio-

1907 1109 2054 1158 cinio
2091 1114 2145 1159 ct
2205 1105 2420 1166 ardore,
2471 1114 2524 1157 et
2581 1120 2768 1170 parum
2832 1107 3080 1176 corporis
3115 1119 3215 1172 ope
3273 1104 3474 1171 egenti;

1905 1197 2204 1266 prudenter
2235 1211 2333 1248 sua
2364 1211 2590 1265 regens;
2622 1196 2960 1264 magnanime
3007 1212 3126 1265 quae
3175 1203 3304 1250 sunt
3333 1195 3476 1247 circa

1906 1291 2080 1353 ipsum
2143 1289 2425 1358 dirigens;
2472 1287 2538 1340 ad
2609 1286 2769 1340 linem
2821 1290 3119 1354 perducens
3151 1328 3164 1347 ,
3213 1303 3330 1354 qua:
3370 1303 3475 1339 non

1903 1381 1969 1434 ab
2025 1382 2178 1434 initio
2222 1390 2365 1434 recte
2418 1382 2483 1433 ad
2567 1381 2820 1432 ultimum
2885 1379 3043 1432 litium
3112 1379 3474 1446 perduxerat;

1905 1473 2137 1544 publicis
2187 1480 2238 1526 et
2289 1473 2514 1541 pl‘lleiS
2571 1471 2930 1539 dignitatibus
2985 1468 3312 1537 perfunctus
3345 1485 3358 1532 ;
3391 1468 3480 1518 die

1900 1565 2061 1619 vi‘tias
2082 1562 2369 1616 cumnlans
2394 1561 2448 1613 in
2471 1575 2565 1613 eos
2588 1561 2678 1628 qui
2709 1557 3024 1626 indigebant
3053 1559 3196 1610 sicut
3225 1564 3364 1608 terra
3395 1557 3482 1608 iu-

1899 1668 2146 1725 aquosa;
2179 1667 2374 1708 aureas
2409 1667 2686 1722 apponens
2732 1649 3118 1704 conclusiones
3147 1648 3483 1716 supplicibus

1897 1733 2124 1812 litteris,
2181 1747 2363 1817 sigillo
2396 1746 2643 1815 signans,
2689 1742 3010 1803 oblirmaus,
3071 1740 3175 1793 alia
3210 1741 3277 1792 de
3317 1734 3490 1795 novo.

1904 1841 2012 1894 alia
2061 1840 2115 1894 in
2169 1838 2488 1908 ampliorem
2541 1835 3011 1888 conlirmationem
3046 1872 3060 1895 ,
3109 1831 3163 1885 in
3198 1831 3394 1898 quibus
3431 1841 3484 1883 et

1903 1929 2264 1983 ecclesiarum
2329 1926 2643 1982 sollicitudo
2691 1933 2744 1977 et
2804 1921 3147 1992 providentia
3193 1937 3354 1991 quam
3397 1920 3486 1973 his

1904 2023 2115 2077 ultimis
2161 2020 2356 2075 diebus
2422 2017 2786 2072 ecclesiarum
2845 2016 3064 2085 fastigia
3145 2012 3480 2066 resonabant

1904 2115 2157 2169 tubarum
2207 2113 2422 2176 sonitu;
2458 2120 2516 2164 ut
2564 2109 2752 2164 omnia
2806 2109 3076 2170 dicamus,
3133 2105 3485 2160 fundationes

1902 2207 2106 2263 solidas
2135 2205 2424 2260 stabilieus
2483 2203 2593 2256 lilio
2648 2204 2704 2256 in
2764 2200 3126 2254 aediﬁcatione
3179 2198 3476 2250 universali

1902 2313 2231 2354 suecessuro
2277 2298 2414 2368 regi,
2477 2296 2570 2365 qui
2630 2295 2793 2350 simul
2841 2309 2905 2348 ac
2949 2292 3135 2347 fasciis
3186 2291 3472 2346 involutus

1903 2391 2028 2453 fuit,
2059 2389 2368 2442 diademate
2393 2387 2608 2440 cinctus
2639 2386 2897 2454 vittisque
2927 2384 2996 2438 ab
3027 2383 3257 2438 infantia
3308 2381 3480 2454 regiis

1900 2481 2191 2534 decoratus
2216 2488 2319 2538 est,
2353 2487 2410 2530 ut
2457 2477 2712 2531 omnibus
2763 2477 3006 2530 numeris
3042 2476 3331 2530 absolutus
3380 2490 3473 2529 rex

1899 2570 2190 2642 proﬁciens
2246 2569 2394 2623 omni
2446 2568 2590 2621 :etati
2657 2575 2892 2634 gestaret
2943 2565 3266 2620 beneﬁcium
3323 2579 3482 2632 reges

1901 2660 2126 2720 decens,
2145 2667 2366 2723 angeret
2385 2657 2564 2710 divine
2587 2656 2907 2724 inspiratam
2931 2656 3135 2720 dotem,
3153 2663 3204 2707 et
3225 2668 3479 2720 magnum

1901 2765 2082 2820 regem
2124 2757 2176 2803 et
2203 2765 2432 2818 puerum
2467 2749 2518 2800 in
2551 2748 2724 2800 virum
2759 2747 3053 2800 maximum
3079 2747 3229 2814 regio
3261 2746 3481 2798 nomine

1899 2842 2276 2911 dignissimmn
2300 2847 2742 2898 consummaret;
2765 2838 2906 2902 (μιοό
2925 2846 2977 2891 et
2995 2839 3196 2890 bonum
3227 2838 3480 2890 nuntium

1899 2939 1952 2984 et
1979 2933 2193 2999 signum
2231 2930 2386 2982 nobis
2420 2929 2656 2982 atterens
2676 2928 2862 2996 fulget,
2889 2943 3040 2998 aquo
3069 2943 3175 2982 non
3203 2937 3288 2981 est
3328 2927 3477 2995 quod

1900 3021 2177 3076 solvamur
2211 3028 2265 3072 et
2315 3021 2368 3071 in
2413 3019 2777 3073 infauStormn
2834 3021 3209 3084 conjecturam
3261 3018 3481 3072 decida-

1823 3123 1866 3182 c
1903 3123 2042 3164 Inus.

1971 3201 2064 3256 '78.
2123 3199 2248 3255 ﬂare
2303 3202 2522 3268 quidem
2577 3201 2709 3254 mihi
2754 3199 3027 3254 sermonis
3078 3201 3243 3253 ardor
3287 3207 3481 3269 praeter

1903 3305 2278 3361 argumentum
2313 3295 2567 3362 subjecit.
2634 3293 2724 3346 Ille
2757 3307 2884 3347 vero
2929 3308 3051 3346 cum
3105 3308 3329 3362 scopum
3375 3293 3478 3348 sibi

1902 3387 2080 3439 omnia
2125 3388 2332 3442 invenit
2390 3389 2636 3451 meliora,
2719 3394 2772 3440 et
2819 3386 3002 3440 dicere
3043 3387 3221 3454 potuit
3268 3396 3322 3439 et
3364 3387 3483 3454 ipse

1901 3479 2046 3546 quod
2082 3478 2195 3548 jam
2245 3489 2684 3533 ceasmnmatum
2740 3485 2844 3541 est,
2878 3478 3021 3547 quod
3049 3478 3346 3531 secundum
3377 3487 3483 3532 ler-

1903 3571 2108 3623 minum
2140 3579 2194 3622 et
2220 3571 2564 3632 vitalitatcm,
2587 3569 2772 3638 rejici!
2805 3571 2948 3639 quod
2974 3570 3142 3623 vitale
3187 3578 3272 3622 est
3334 3578 3386 3624 et
3419 3567 3482 3622 ﬁt

1902 3660 2026 3713 vita:
2089 3659 2312 3714 minime
2361 3661 2541 3713 vitalis
2594 3660 2884 3729 particeps.
2949 3659 3013 3713 Et
3069 3674 3261 3713 aurum
3309 3659 3479 3713 solem

1903 3751 2147 3811 imitans,
2198 3760 2257 3804 et
2313 3751 2610 3818 margarita
2635 3751 2808 3804 lucem
2846 3751 3116 3804 simulans
3149 3759 3202 3803 et
3255 3763 3484 3819 gemmm

1903 3841 2214 3909 ignicol'ora:
2243 3851 2301 3896 et
2347 3858 2475 3910 qua:
2507 3841 2700 3896 ﬂorum
2747 3842 3211 3912 pulchritudinem
3259 3857 3478 3894 omnem

1901 3941 2165 4002 superant
2237 3943 2504 4002 tanquam
2580 3934 2714 3986 nihil
2782 3935 3147 3987 restituantur.
3246 3933 3481 4002 Eligitur

1902 4040 2031 4078 vero
2062 4033 2390 4079 nocturnum
2426 4025 2811 4078 indumentum
2837 4026 2982 4092 quod
3011 4025 3152 4076 diem
3199 4035 3479 4091 posterum

1903 4117 2234 4180 annuntiat;
2279 4117 2438 4183 cujus
2489 4113 2532 4168 si
2571 4115 2874 4168 diluculum
2906 4114 3173 4179 praecedet
3202 4115 3324 4166 huic
3351 4127 3482 4165 cou-

1901 4215 2162 4259 sentanea
2211 4206 2336 4268 erit,
2367 4207 2548 4259 noctis
2599 4220 2726 4258 vero
2773 4205 2918 4256 nulla
2966 4206 3269 4259 successio.
3316 4204 3378 4256 Et
3414 4209 3480 4257 ad

1901 4299 2118 4366 signum
2141 4305 2354 4350 tantum
2381 4297 2473 4365 qui
2503 4312 2564 4352 se
2592 4297 2763 4360 dedit,
2799 4297 2976 4366 rejieit
3001 4297 3224 4365 quidem
3277 4297 3477 4350 elatum

1901 4397 1956 4440 et
1979 4389 2268 4442 delicatum
2303 4391 2498 4442 lectum
2537 4389 2885 4451 deliciosum,
2917 4397 3097 4442 crates
3126 4403 3257 4444 vero
3306 4389 3476 4442 sterni

203 4481 371 4548 ρίπας
415 4480 479 4532 δὲ
540 4479 1020 4547 ὑποστορεσθῆναι
1076 4476 1334 4547 θελήσας,
1389 4479 1647 4546 τυγχάνει
1702 4477 1798 4531 τοῦ

1908 4479 2114 4540 volens,
2148 4481 2292 4546 quod
2329 4481 2538 4548 cupivit
2563 4481 2799 4534 obtinet.
2866 4477 3114 4533 Stratum
3163 4479 3296 4532 illud
3351 4477 3479 4531 ulti-

203 4573 425 4642 ἐφετοῦ.
457 4573 574 4626 Καὶ
596 4569 888 4640 στρωμνὴν
911 4569 1150 4639 ἐσχάτην
1173 4568 1378 4639 ταύτην
1400 4569 1577 4638 ἑαυτῷ
1597 4569 1802 4624 τίθεται

200 4664 226 4716 ὁ
260 4662 541 4725 πολλάκις
561 4662 731 4730 ὅμοια
769 4659 1074 4723 πεπονθὼς,
1108 4653 1191 4722 οἷς
1219 4661 1530 4730 ὑπὲρήμῶν
1555 4661 1802 4729 ἑνήθλειο

199 4757 295 4806 καὶ
323 4753 596 4814 καταϐὰς
646 4752 746 4822 τὴν
779 4753 836 4803 ὲν
863 4752 1185 4804 ταπεινώσει
1225 4754 1430 4822 ταύτην
1477 4753 1799 4816 κατάϐασιν,

200 4847 588 4917 ἀναϐέϐηκεν,
609 4836 782 4912 οὗπερ
807 4843 1063 4912 ἀνωτέρω
1081 4843 1142 4896 οὐ
1169 4843 1324 4914 θέμις
1339 4845 1582 4896 ἀνελθεῖν
1598 4844 1805 4916 ἄνθρω-

202 4956 326 4996 πον,
357 4940 473 4992 Καὶ
505 4936 910 5005 φιλοσοφήσας,
940 4935 1038 4988 ὅσα
1065 4934 1214 5005 ψυχὴ
1247 4934 1464 5005 καθαρά
1496 4937 1590 4988 καὶ
1636 4935 1805 4988 θεοει-

195 5030 314 5101 δὴς,
349 5030 690 5101 μονάζουσα
731 5026 1006 5096 σώματος,
1038 5028 1130 5080 καὶ
1155 5025 1488 5098 ἐπιγνώμων
1515 5028 1802 5096 γενόμενος

195 5119 296 5186 τῆς
319 5116 690 5176 ἀναλύσεως.
725 5116 824 5168 καὶ
853 5115 1025 5167 εἰπὼν
1055 5116 1256 5185 ήσυχῆ,
1281 5117 1374 5169 καὶ
1398 5116 1638 5178 ἀκούσας
1665 5117 1816 5188 πρδς.

195 5211 304 5263 τῶν
333 5211 609 5279 ἔγγιστα,
643 5207 744 5259 ὅσα
774 5207 966 5275 ἐχρῆν,
994 5207 1241 5278 ἀπελύθη
1272 5207 1368 5262 τοῦ
1397 5210 1598 5278 δεσμοῦ
1623 5225 1636 5240 ·
1668 5210 1802 5278 μᾶλα

197 5303 287 5354 λον
323 5305 429 5372 μὲν
462 5303 566 5354 οὖν
593 5297 818 5365 ἀληθῶς
850 5299 1214 5367 ὲκδεδήμηκε,
1245 5301 1668 5369 συνταξάμενος,
1693 5301 1718 5352 ὃ
1738 5303 1800 5370 δὴ

199 5394 658 5466 μακαριώτατον
687 5387 922 5457 άληθῶς,
951 5389 1047 5441 καὶ
1069 5387 1377 5457 ἀνθρώποις
1393 5407 1461 5457 γε
1491 5390 1641 5444 οὖσιν
1670 5395 1804 5461 ἡμῖν

193 5485 406 5540 ἅπασιν
450 5478 880 5538 εὐκταιότατον.
919 5477 1146 5532 Κείσθαι
1175 5480 1286 5546 ,μὲν
1336 5483 1445 5550 γὰρ
1475 5483 1799 5550 ἐμπνέοντα,

191 5582 288 5633 καὶ
313 5581 512 5648 σιωπῇ
535 5573 906 5637 κατάσχετον.
925 5569 1620 5642 κιὲεοωὲφρονείνεὶδότα,
1643 5573 1804 5626 τοῦτο

193 5673 216 5722 ε
231 5675 463 5740 νήσκειν
487 5670 561 5720 Ξιν
587 5659 1049 5734 maneamne;-
1076 5662 1412 5732 μεταστῆσαι
1429 5663 1488 5716 δὲ
1505 5665 1798 5734 λαλοῦντα,

188 5757 261 5815 εῖν
295 5754 674 5834 μεμνήσεταί
707 5769 788 5813 τις
828 5755 905 5814 είς
955 5751 1175 5821 ἀγαθὸν,
1209 5753 1302 5806 καὶ
1333 5753 1445 5808 σῶα
1477 5756 1798 5825 φρονοῦντα,

1910 4583 2058 4620 mum
2120 4569 2224 4623 sibi
2265 4580 2416 4639 parat
2457 4573 2550 4639 qui
2587 4585 2728 4640 sape
2777 4571 2977 4624 similia
3033 4585 3325 4639 perpessus
3368 4578 3476 4634 est,

1899 4658 2231 4729 quibus‘pro
2259 4661 2422 4714 nobis
2469 4675 2530 4716 se
2559 4660 2876 4723 exercebat,
2926 4668 2981 4714 et
3033 4659 3374 4713 descendens
3411 4657 3479 4711 ad

1906 4751 2070 4804 talem
2103 4751 2158 4805 in
2195 4752 2500 4806 humilitate
2519 4751 3255 4822 depressionem,cxaltatus
3294 4758 3381 4805 est
3411 4750 3478 4804 ad

1903 4842 2123 4898 cuhnen
2149 4844 2296 4914 quod
2329 4858 2593 4914 superare
2625 4860 2798 4914 genus
2824 4843 3098 4896 hominum
3136 4842 3217 4896 fas
3242 4852 3473 4897 nonest.

1908 4931 1978 4990 Et
2008 4935 2389 5004 philosOphice
2419 4935 2714 4988 meditatus
2737 4944 2820 4988 est
2849 4942 3040 5002 utpote
3063 4934 3242 4986 anima
3275 4932 3476 4985 munda

1899 5040 1962 5086 et
2011 5027 2133 5096 Deo
2169 5026 2398 5090 similis.
2455 5039 2658 5098 corpus
2712 5025 3032 5094 relinquens
3094 5033 3148 5076 et
3190 5022 3475 5076 liberatio-

1903 5135 2029 5175 nem
2063 5121 2266 5183 sciens,
2295 5127 2362 5173 et'
2391 5117 2624 5173 audiens
2670 5118 2739 5173 ab
2771 5118 2865 5171 his
2889 5116 2984 5185 qui
3013 5112 3271 5166 astabant
3294 5123 3471 5176 quan-

1906 5223 2018 5267 tmu
2071 5212 2378 5283 oportebat,
2409 5227 2436 5264 a
2480 5211 2712 5264 vinculis
2737 5210 2952 5263 solutus
2979 5213 3060 5258 est
3083 5220 3096 5255 :
3120 5203 3251 5270 quin
3295 5199 3474 5252 verius

1909 5305 2159 5358 ultimam
2190 5303 2335 5356 viam
2373 5303 2607 5370 arripuit
2647 5299 2944 5354 ordinatim
3000 5294 3279 5354 incedens,
3327 5289 3474 5342 illam

1906 5409 2028 5463 qua:
2046 5391 2503 5448 verebeatissima
2543 5396 2627 5442 est
2679 5395 2731 5440 et
2757 5382 3067 5436 hominibus
3096 5378 3255 5432 nobis
3298 5375 3477 5430 omni-
3553 5443 3560 5448 _

1909 5487 2011 5540 bus
2065 5484 2303 5540 maxime
2365 5476 2774 5536 desiderabilis.
2820 5469 2954 5526 Nam
3009 5470 3195 5538 jacere
3255 5465 3472 5535 quidem

1906 5575 2207 5645 spirantem
2267 5579 2320 5624 et
2378 5570 2430 5620 in
2504 5563 2724 5618 silentio
2787 5559 3186 5628 praepeditum,
3225 5559 3480 5638 nesciens

1908 5677 2126 5734 temque
2188 5657 2547 5738 prudentiain,
2583 5652 2716 5706 illud
2761 5664 2888 5707 vere
2922 5649 3057 5703 mori
3100 5649 3328 5706 dicitur;
3374 5645 3472 5738 im-

1907 5755 2104 5808 mutari
2152 5762 2281 5805 vero
2329 5748 2637 5814 loquentem
2688 5742 2754 5799 de
2799 5742 2868 5796 iis
2886 5754 3120 5810 quorum
3160 5737 3476 5794 memineris
