  <div class='ocr_page' id='page_1' title='image "/cluster/home/n/w/nwhite01/storage/ocr_20150623/135/mdp.39015029921197/523.png"; bbox 0 0 4026 6248; ppageno 0'>
   <div class='ocr_carea' id='block_1_1' title="bbox 462 285 589 352">
    <p class='ocr_par' dir='ltr' id='par_1_1' title="bbox 462 285 589 352">
     <span class='ocr_line' id='line_1_1' title="bbox 462 285 589 352; baseline -0.031 0"><span class='ocrx_word' id='word_1_1' title='bbox 462 285 589 352; x_wconf 70' lang='lat'><strong>1031</strong></span> 
     </span>
    </p>
   </div>
   <div class='ocr_carea' id='block_1_2' title="bbox 1162 276 2989 345">
    <p class='ocr_par' dir='ltr' id='par_1_2' title="bbox 1162 276 2989 345">
     <span class='ocr_line' id='line_1_2' title="bbox 1162 276 2989 345; baseline -0.005 -1"><span class='ocrx_word' id='word_1_2' title='bbox 1162 282 1582 344; x_wconf 79' lang='lat' dir='ltr'><strong>EUSTATHH</strong></span> <span class='ocrx_word' id='word_1_3' title='bbox 1611 278 2381 345; x_wconf 76' lang='lat' dir='ltr'><strong>THESSALONICENSIS</strong></span> <span class='ocrx_word' id='word_1_4' title='bbox 2418 276 2989 339; x_wconf 63' lang='lat' dir='ltr'><strong>METROPOLITE</strong></span> 
     </span>
    </p>
   </div>
   <div class='ocr_carea' id='block_1_3' title="bbox 3569 276 3706 345">
    <p class='ocr_par' dir='ltr' id='par_1_3' title="bbox 3569 276 3706 345">
     <span class='ocr_line' id='line_1_3' title="bbox 3569 276 3706 345; baseline 0.015 -4"><span class='ocrx_word' id='word_1_5' title='bbox 3569 276 3706 345; x_wconf 75' lang='lat'><strong>103?.</strong></span> 
     </span>
    </p>
   </div>
   <div class='ocr_carea' id='block_1_4' title="bbox 462 389 2050 471">
    <p class='ocr_par' dir='ltr' id='par_1_4' title="bbox 462 393 2042 471">
     <span class='ocr_line' id='line_1_4' title="bbox 462 393 2042 471; baseline -0.006 -15"><span class='ocrx_word' id='word_1_6' title='bbox 462 402 643 471; x_wconf 89' lang='lat' dir='ltr'><strong>quivis</strong></span> <span class='ocrx_word' id='word_1_7' title='bbox 668 400 720 455; x_wconf 90' lang='lat' dir='ltr'><strong>in</strong></span> <span class='ocrx_word' id='word_1_8' title='bbox 746 399 949 453; x_wconf 74' lang='lat' dir='ltr'><strong>bonum</strong></span> <span class='ocrx_word' id='word_1_9' title='bbox 978 406 1032 451; x_wconf 90' lang='lat' dir='ltr'><strong>et</strong></span> <span class='ocrx_word' id='word_1_10' title='bbox 1081 397 1340 451; x_wconf 81' lang='lat' dir='ltr'><strong>salutaria</strong></span> <span class='ocrx_word' id='word_1_11' title='bbox 1388 397 1722 468; x_wconf 83' lang='lat' dir='ltr'><strong>cngitantem</strong></span> <span class='ocrx_word' id='word_1_12' title='bbox 1778 393 1908 447; x_wconf 87' lang='lat' dir='ltr'><strong>illud</strong></span> <span class='ocrx_word' id='word_1_13' title='bbox 1948 408 2042 464; x_wconf 85' lang='lat' dir='ltr'><strong>po-</strong></span> 
     </span>
    </p>
   </div>
   <div class='ocr_carea' id='block_1_5' title="bbox 2154 389 3726 471">
    <p class='ocr_par' dir='ltr' id='par_1_5' title="bbox 2154 389 3726 463">
     <span class='ocr_line' id='line_1_5' title="bbox 2154 389 3726 463; baseline -0.003 -15"><span class='ocrx_word' id='word_1_14' title='bbox 2154 394 2303 449; x_wconf 80' lang='grc' dir='ltr'>τοῦτο</span> <span class='ocrx_word' id='word_1_15' title='bbox 2356 393 2411 448; x_wconf 71' lang='grc' dir='ltr'><strong>δὲ</strong></span> <span class='ocrx_word' id='word_1_16' title='bbox 2453 392 2736 463; x_wconf 77' lang='grc' dir='ltr'><strong>ἀποδημία</strong></span> <span class='ocrx_word' id='word_1_17' title='bbox 2792 389 2993 458; x_wconf 81' lang='grc' dir='ltr'>λέγοιτ’</span> <span class='ocrx_word' id='word_1_18' title='bbox 3040 390 3106 445; x_wconf 78' lang='grc' dir='ltr'><strong>ἂν</strong></span> <span class='ocrx_word' id='word_1_19' title='bbox 3148 390 3425 459; x_wconf 75' lang='grc' dir='ltr'>μάλιστα,</span> <span class='ocrx_word' id='word_1_20' title='bbox 3461 392 3552 445; x_wconf 57' lang='grc' dir='ltr'>καὶ</span> <span class='ocrx_word' id='word_1_21' title='bbox 3586 392 3726 463; x_wconf 81' lang='grc' dir='ltr'>αὐτη</span> 
     </span>
    </p>
   </div>
   <div class='ocr_carea' id='block_1_6' title="bbox 461 487 2042 553">
    <p class='ocr_par' dir='ltr' id='par_1_6' title="bbox 461 487 2042 553">
     <span class='ocr_line' id='line_1_6' title="bbox 461 487 2042 553; baseline -0.005 -6"><span class='ocrx_word' id='word_1_22' title='bbox 461 495 569 547; x_wconf 86' lang='lat' dir='ltr'><strong>tius</strong></span> <span class='ocrx_word' id='word_1_23' title='bbox 603 492 868 545; x_wconf 86' lang='lat' dir='ltr'><strong>transitus</strong></span> <span class='ocrx_word' id='word_1_24' title='bbox 899 490 1139 553; x_wconf 85' lang='lat' dir='ltr'><strong>dicetur,</strong></span> <span class='ocrx_word' id='word_1_25' title='bbox 1165 500 1220 543; x_wconf 85' lang='lat' dir='ltr'><strong>et</strong></span> <span class='ocrx_word' id='word_1_26' title='bbox 1251 491 1523 543; x_wconf 79' lang='lat' dir='ltr'><strong>transitus</strong></span> <span class='ocrx_word' id='word_1_27' title='bbox 1558 487 1708 542; x_wconf 76' lang='lat' dir='ltr'><strong>felix.</strong></span> <span class='ocrx_word' id='word_1_28' title='bbox 1740 487 1796 543; x_wconf 88' lang='lat' dir='ltr'><strong>Si</strong></span> <span class='ocrx_word' id='word_1_29' title='bbox 1836 502 1966 547; x_wconf 84' lang='lat' dir='ltr'><strong>vero</strong></span> <span class='ocrx_word' id='word_1_30' title='bbox 1988 494 2042 540; x_wconf 89' lang='lat' dir='ltr'><strong>et</strong></span> 
     </span>
    </p>
   </div>
   <div class='ocr_carea' id='block_1_7' title="bbox 461 581 2041 651">
    <p class='ocr_par' dir='ltr' id='par_1_7' title="bbox 461 581 2041 651">
     <span class='ocr_line' id='line_1_7' title="bbox 461 581 2041 651; baseline -0.005 -12"><span class='ocrx_word' id='word_1_31' title='bbox 461 586 833 649; x_wconf 86' lang='lat' dir='ltr'><strong>mors,sedea</strong></span> <span class='ocrx_word' id='word_1_32' title='bbox 868 596 987 651; x_wconf 68' lang='lat' dir='ltr'><strong>qua:</strong></span> <span class='ocrx_word' id='word_1_33' title='bbox 1019 582 1152 635; x_wconf 85' lang='lat' dir='ltr'><strong>nihil</strong></span> <span class='ocrx_word' id='word_1_34' title='bbox 1201 592 1464 651; x_wconf 66' lang='lat' dir='ltr'><strong>praeterea</strong></span> <span class='ocrx_word' id='word_1_35' title='bbox 1514 581 1798 651; x_wconf 83' lang='lat' dir='ltr'><strong>spirituale</strong></span> <span class='ocrx_word' id='word_1_36' title='bbox 1846 596 2041 651; x_wconf 83' lang='lat' dir='ltr'><strong>super-</strong></span> 
     </span>
    </p>
   </div>
   <div class='ocr_carea' id='block_1_8' title="bbox 461 670 2045 738">
    <p class='ocr_par' dir='ltr' id='par_1_8' title="bbox 461 670 2045 738">
     <span class='ocr_line' id='line_1_8' title="bbox 461 670 2045 738; baseline -0.005 -11"><span class='ocrx_word' id='word_1_37' title='bbox 461 673 678 727; x_wconf 81' lang='lat' dir='ltr'><strong>lucrata</strong></span> <span class='ocrx_word' id='word_1_38' title='bbox 711 684 813 734; x_wconf 71' lang='lat' dir='ltr'><strong>est,</strong></span> <span class='ocrx_word' id='word_1_39' title='bbox 832 686 930 724; x_wconf 87' lang='lat' dir='ltr'><strong>nec</strong></span> <span class='ocrx_word' id='word_1_40' title='bbox 948 670 1077 738; x_wconf 90' lang='lat' dir='ltr'><strong>quid</strong></span> <span class='ocrx_word' id='word_1_41' title='bbox 1098 670 1165 724; x_wconf 89' lang='lat' dir='ltr'><strong>de</strong></span> <span class='ocrx_word' id='word_1_42' title='bbox 1190 671 1313 725; x_wconf 67' lang='lat' dir='ltr'><strong>vitae</strong></span> <span class='ocrx_word' id='word_1_43' title='bbox 1345 679 1590 738; x_wconf 83' lang='lat' dir='ltr'><strong>tempore</strong></span> <span class='ocrx_word' id='word_1_44' title='bbox 1610 682 1916 733; x_wconf 78' lang='lat' dir='ltr'><strong>reservans,</strong></span> <span class='ocrx_word' id='word_1_45' title='bbox 1941 680 2045 719; x_wconf 83' lang='lat' dir='ltr'><strong>nec</strong></span> 
     </span>
    </p>
   </div>
   <div class='ocr_carea' id='block_1_9' title="bbox 462 758 2044 830">
    <p class='ocr_par' dir='ltr' id='par_1_9' title="bbox 462 758 2044 830">
     <span class='ocr_line' id='line_1_9' title="bbox 462 758 2044 830; baseline -0.004 -15"><span class='ocrx_word' id='word_1_46' title='bbox 462 762 850 830; x_wconf 75' lang='lat' dir='ltr'><strong>cogitationem</strong></span> <span class='ocrx_word' id='word_1_47' title='bbox 888 761 941 814; x_wconf 92' lang='lat' dir='ltr'><strong>in</strong></span> <span class='ocrx_word' id='word_1_48' title='bbox 999 761 1229 815; x_wconf 87' lang='lat' dir='ltr'><strong>actionis</strong></span> <span class='ocrx_word' id='word_1_49' title='bbox 1281 761 1600 830; x_wconf 83' lang='lat' dir='ltr'><strong>impotentia</strong></span> <span class='ocrx_word' id='word_1_50' title='bbox 1630 758 1964 813; x_wconf 75' lang='lat' dir='ltr'><strong>concludens</strong></span> <span class='ocrx_word' id='word_1_51' title='bbox 1989 763 2044 809; x_wconf 81' lang='lat' dir='ltr'><strong>et</strong></span> 
     </span>
    </p>
   </div>
   <div class='ocr_carea' id='block_1_10' title="bbox 464 849 2040 911">
    <p class='ocr_par' dir='ltr' id='par_1_10' title="bbox 464 849 2040 911">
     <span class='ocr_line' id='line_1_10' title="bbox 464 849 2040 911; baseline -0.004 -3"><span class='ocrx_word' id='word_1_52' title='bbox 464 854 761 908; x_wconf 81' lang='lat' dir='ltr'><strong>ratiocinio</strong></span> <span class='ocrx_word' id='word_1_53' title='bbox 794 853 1230 906; x_wconf 80' lang='lat' dir='ltr'><strong>dominationem</strong></span> <span class='ocrx_word' id='word_1_54' title='bbox 1257 853 1496 905; x_wconf 86' lang='lat' dir='ltr'><strong>servanti</strong></span> <span class='ocrx_word' id='word_1_55' title='bbox 1521 851 1753 906; x_wconf 84' lang='lat' dir='ltr'><strong>insidias</strong></span> <span class='ocrx_word' id='word_1_56' title='bbox 1785 849 2040 911; x_wconf 86' lang='lat' dir='ltr'><strong>tendens,</strong></span> 
     </span>
    </p>
   </div>
   <div class='ocr_carea' id='block_1_11' title="bbox 462 943 2045 1000">
    <p class='ocr_par' dir='ltr' id='par_1_11' title="bbox 462 943 2045 1000">
     <span class='ocr_line' id='line_1_11' title="bbox 462 943 2045 1000; baseline -0.001 -4"><span class='ocrx_word' id='word_1_57' title='bbox 462 944 777 1000; x_wconf 82' lang='lat' dir='ltr'><strong>decedentis</strong></span> <span class='ocrx_word' id='word_1_58' title='bbox 804 959 932 1000; x_wconf 80' lang='lat' dir='ltr'><strong>vero</strong></span> <span class='ocrx_word' id='word_1_59' title='bbox 961 943 1342 997; x_wconf 85' lang='lat' dir='ltr'><strong>inhabitationi</strong></span> <span class='ocrx_word' id='word_1_60' title='bbox 1369 953 1575 998; x_wconf 89' lang='lat' dir='ltr'><strong>tantum</strong></span> <span class='ocrx_word' id='word_1_61' title='bbox 1602 943 1812 998; x_wconf 67' lang='lat' dir='ltr'><strong>haerens</strong></span> <span class='ocrx_word' id='word_1_62' title='bbox 1831 948 1887 996; x_wconf 91' lang='lat' dir='ltr'><strong>et</strong></span> <span class='ocrx_word' id='word_1_63' title='bbox 1909 956 2045 995; x_wconf 90' lang='lat' dir='ltr'><strong>cou-</strong></span> 
     </span>
    </p>
   </div>
   <div class='ocr_carea' id='block_1_12' title="bbox 464 1038 988 1108">
    <p class='ocr_par' dir='ltr' id='par_1_12' title="bbox 464 1038 988 1108">
     <span class='ocr_line' id='line_1_12' title="bbox 464 1038 988 1108; baseline 0 -18"><span class='ocrx_word' id='word_1_64' title='bbox 464 1045 545 1090; x_wconf 86' lang='lat' dir='ltr'><strong>tra</strong></span> <span class='ocrx_word' id='word_1_65' title='bbox 584 1038 761 1107; x_wconf 87' lang='lat' dir='ltr'><strong>ipsum</strong></span> <span class='ocrx_word' id='word_1_66' title='bbox 798 1052 988 1108; x_wconf 85' lang='lat' dir='ltr'><strong>agens.</strong></span> 
     </span>
    </p>
   </div>
   <div class='ocr_carea' id='block_1_13' title="bbox 537 1127 2043 1197">
    <p class='ocr_par' dir='ltr' id='par_1_13' title="bbox 537 1127 2043 1197">
     <span class='ocr_line' id='line_1_13' title="bbox 537 1127 2043 1197; baseline 0.007 -18"><span class='ocrx_word' id='word_1_67' title='bbox 537 1127 625 1183; x_wconf 88' lang='lat'><strong>79.</strong></span> <span class='ocrx_word' id='word_1_68' title='bbox 662 1128 753 1181; x_wconf 70' lang='lat' dir='ltr'><strong>Sic</strong></span> <span class='ocrx_word' id='word_1_69' title='bbox 816 1129 1034 1197; x_wconf 85' lang='lat' dir='ltr'><strong>quidem</strong></span> <span class='ocrx_word' id='word_1_70' title='bbox 1094 1145 1189 1183; x_wconf 86' lang='lat' dir='ltr'><strong>rex</strong></span> <span class='ocrx_word' id='word_1_71' title='bbox 1247 1128 1873 1191; x_wconf 63' lang='lat' dir='ltr'><strong>benedictionetdivina</strong></span> <span class='ocrx_word' id='word_1_72' title='bbox 1915 1132 2043 1189; x_wconf 90' lang='lat' dir='ltr'><strong>reli-</strong></span> 
     </span>
    </p>
   </div>
   <div class='ocr_carea' id='block_1_14' title="bbox 464 1220 2045 1296">
    <p class='ocr_par' dir='ltr' id='par_1_14' title="bbox 464 1220 2045 1296">
     <span class='ocr_line' id='line_1_14' title="bbox 464 1220 2045 1296; baseline 0.004 -22"><span class='ocrx_word' id='word_1_73' title='bbox 464 1227 551 1274; x_wconf 88' lang='lat' dir='ltr'><strong>cta</strong></span> <span class='ocrx_word' id='word_1_74' title='bbox 616 1220 820 1291; x_wconf 75' lang='lat' dir='ltr'><strong>regina:</strong></span> <span class='ocrx_word' id='word_1_75' title='bbox 875 1221 1121 1291; x_wconf 82' lang='lat' dir='ltr'><strong>conjugi,</strong></span> <span class='ocrx_word' id='word_1_76' title='bbox 1192 1229 1245 1276; x_wconf 90' lang='lat' dir='ltr'><strong>et</strong></span> <span class='ocrx_word' id='word_1_77' title='bbox 1270 1222 1382 1294; x_wconf 90' lang='lat' dir='ltr'><strong>regi</strong></span> <span class='ocrx_word' id='word_1_78' title='bbox 1411 1222 1523 1276; x_wconf 83' lang='lat' dir='ltr'><strong>ﬁlio</strong></span> <span class='ocrx_word' id='word_1_79' title='bbox 1547 1233 1600 1277; x_wconf 91' lang='lat' dir='ltr'><strong>et</strong></span> <span class='ocrx_word' id='word_1_80' title='bbox 1626 1223 1751 1278; x_wconf 89' lang='lat' dir='ltr'><strong>aliis</strong></span> <span class='ocrx_word' id='word_1_81' title='bbox 1774 1234 2045 1296; x_wconf 84' lang='lat' dir='ltr'><strong>quotquot</strong></span> 
     </span>
    </p>
   </div>
   <div class='ocr_carea' id='block_1_15' title="bbox 465 1313 2046 1387">
    <p class='ocr_par' dir='ltr' id='par_1_15' title="bbox 465 1313 2046 1387">
     <span class='ocr_line' id='line_1_15' title="bbox 465 1313 2046 1387; baseline 0.006 -21"><span class='ocrx_word' id='word_1_82' title='bbox 465 1327 683 1368; x_wconf 89' lang='lat' dir='ltr'><strong>sacrum</strong></span> <span class='ocrx_word' id='word_1_83' title='bbox 763 1315 1180 1368; x_wconf 79' lang='lat' dir='ltr'><strong>tabernaculum</strong></span> <span class='ocrx_word' id='word_1_84' title='bbox 1253 1315 1693 1379; x_wconf 84' lang='lat' dir='ltr'><strong>circumdabant,</strong></span> <span class='ocrx_word' id='word_1_85' title='bbox 1751 1313 2046 1387; x_wconf 79' lang='lat' dir='ltr'><strong>adjunctus</strong></span> 
     </span>
    </p>
   </div>
   <div class='ocr_carea' id='block_1_16' title="bbox 464 1406 2047 1481">
    <p class='ocr_par' dir='ltr' id='par_1_16' title="bbox 464 1406 2047 1481">
     <span class='ocr_line' id='line_1_16' title="bbox 464 1406 2047 1481; baseline 0.004 -23"><span class='ocrx_word' id='word_1_86' title='bbox 464 1412 586 1458; x_wconf 87' lang='lat' dir='ltr'><strong>erat</strong></span> <span class='ocrx_word' id='word_1_87' title='bbox 619 1406 870 1473; x_wconf 76' lang='lat' dir='ltr'><strong>Supernis</strong></span> <span class='ocrx_word' id='word_1_88' title='bbox 903 1407 1235 1476; x_wconf 78' lang='lat' dir='ltr'><strong>agminibus,</strong></span> <span class='ocrx_word' id='word_1_89' title='bbox 1271 1414 1326 1461; x_wconf 89' lang='lat' dir='ltr'><strong>et</strong></span> <span class='ocrx_word' id='word_1_90' title='bbox 1354 1421 1543 1474; x_wconf 79' lang='lat' dir='ltr'><strong>regum</strong></span> <span class='ocrx_word' id='word_1_91' title='bbox 1578 1407 1738 1476; x_wconf 82' lang='lat' dir='ltr'><strong>Regi,</strong></span> <span class='ocrx_word' id='word_1_92' title='bbox 1759 1407 1891 1474; x_wconf 90' lang='lat' dir='ltr'><strong>Deo,</strong></span> <span class='ocrx_word' id='word_1_93' title='bbox 1912 1425 2047 1481; x_wconf 88' lang='lat' dir='ltr'><strong>pro-</strong></span> 
     </span>
    </p>
   </div>
   <div class='ocr_carea' id='block_1_17' title="bbox 465 1495 2046 1570">
    <p class='ocr_par' dir='ltr' id='par_1_17' title="bbox 465 1495 2046 1570">
     <span class='ocr_line' id='line_1_17' title="bbox 465 1495 2046 1570; baseline 0.004 -21"><span class='ocrx_word' id='word_1_94' title='bbox 465 1497 645 1550; x_wconf 82' lang='lat' dir='ltr'><strong>ximus</strong></span> <span class='ocrx_word' id='word_1_95' title='bbox 666 1497 940 1558; x_wconf 87' lang='lat' dir='ltr'><strong>astiterat,</strong></span> <span class='ocrx_word' id='word_1_96' title='bbox 961 1497 1028 1551; x_wconf 92' lang='lat' dir='ltr'><strong>ad</strong></span> <span class='ocrx_word' id='word_1_97' title='bbox 1065 1496 1223 1567; x_wconf 88' lang='lat' dir='ltr'><strong>cujus</strong></span> <span class='ocrx_word' id='word_1_98' title='bbox 1250 1495 1539 1551; x_wconf 86' lang='lat' dir='ltr'><strong>servitium</strong></span> <span class='ocrx_word' id='word_1_99' title='bbox 1575 1514 1800 1569; x_wconf 84' lang='lat' dir='ltr'><strong>regnum</strong></span> <span class='ocrx_word' id='word_1_100' title='bbox 1828 1515 2046 1570; x_wconf 90' lang='lat' dir='ltr'><strong>semper</strong></span> 
     </span>
    </p>
   </div>
   <div class='ocr_carea' id='block_1_18' title="bbox 465 1586 2046 1648">
    <p class='ocr_par' dir='ltr' id='par_1_18' title="bbox 465 1586 2046 1648">
     <span class='ocr_line' id='line_1_18' title="bbox 465 1586 2046 1648; baseline 0.004 -7"><span class='ocrx_word' id='word_1_101' title='bbox 465 1586 688 1641; x_wconf 82' lang='lat' dir='ltr'><strong>direxit.</strong></span> <span class='ocrx_word' id='word_1_102' title='bbox 730 1589 1020 1642; x_wconf 79' lang='lat' dir='ltr'><strong>Civitatem</strong></span> <span class='ocrx_word' id='word_1_103' title='bbox 1049 1602 1179 1642; x_wconf 84' lang='lat' dir='ltr'><strong>vero</strong></span> <span class='ocrx_word' id='word_1_104' title='bbox 1229 1604 1339 1643; x_wconf 91' lang='lat' dir='ltr'><strong>non</strong></span> <span class='ocrx_word' id='word_1_105' title='bbox 1385 1591 1596 1648; x_wconf 85' lang='lat' dir='ltr'><strong>diceres</strong></span> <span class='ocrx_word' id='word_1_106' title='bbox 1627 1591 1915 1647; x_wconf 89' lang='lat' dir='ltr'><strong>hominum</strong></span> <span class='ocrx_word' id='word_1_107' title='bbox 1950 1607 2046 1648; x_wconf 85' lang='lat' dir='ltr'><strong>vo-</strong></span> 
     </span>
    </p>
   </div>
   <div class='ocr_carea' id='block_1_19' title="bbox 464 1678 2044 1754">
    <p class='ocr_par' dir='ltr' id='par_1_19' title="bbox 464 1678 2044 1754">
     <span class='ocr_line' id='line_1_19' title="bbox 464 1678 2044 1754; baseline 0.004 -21"><span class='ocrx_word' id='word_1_108' title='bbox 464 1693 584 1733; x_wconf 86' lang='lat' dir='ltr'><strong>cem</strong></span> <span class='ocrx_word' id='word_1_109' title='bbox 626 1678 943 1734; x_wconf 86' lang='lat' dir='ltr'><strong>habentium</strong></span> <span class='ocrx_word' id='word_1_110' title='bbox 999 1679 1393 1735; x_wconf 87' lang='lat' dir='ltr'><strong>habitationem</strong></span> <span class='ocrx_word' id='word_1_111' title='bbox 1427 1698 1575 1751; x_wconf 84' lang='lat' dir='ltr'><strong>esse;</strong></span> <span class='ocrx_word' id='word_1_112' title='bbox 1609 1684 1703 1739; x_wconf 91' lang='lat' dir='ltr'><strong>sed</strong></span> <span class='ocrx_word' id='word_1_113' title='bbox 1746 1685 2044 1754; x_wconf 89' lang='lat' dir='ltr'><strong>cupiebant</strong></span> 
     </span>
    </p>
   </div>
   <div class='ocr_carea' id='block_1_20' title="bbox 2152 472 3728 558">
    <p class='ocr_par' dir='ltr' id='par_1_20' title="bbox 2152 472 3728 558">
     <span class='ocr_line' id='line_1_20' title="bbox 2152 472 3728 558; baseline -0.003 -18"><span class='ocrx_word' id='word_1_114' title='bbox 2152 482 2521 558; x_wconf 78' lang='grc' dir='ltr'>μακαριστέα.</span> <span class='ocrx_word' id='word_1_115' title='bbox 2558 483 2621 537; x_wconf 88' lang='grc' dir='ltr'>Εἰ</span> <span class='ocrx_word' id='word_1_116' title='bbox 2650 482 2707 535; x_wconf 84' lang='grc' dir='ltr'><strong>δὲ</strong></span> <span class='ocrx_word' id='word_1_117' title='bbox 2736 483 2828 534; x_wconf 73' lang='grc' dir='ltr'><strong>καὶ</strong></span> <span class='ocrx_word' id='word_1_118' title='bbox 2855 481 3109 545; x_wconf 75' lang='grc' dir='ltr'><strong>Θάνατος,</strong></span> <span class='ocrx_word' id='word_1_119' title='bbox 3148 479 3268 533; x_wconf 79' lang='grc' dir='ltr'>ἀλλ’</span> <span class='ocrx_word' id='word_1_120' title='bbox 3298 472 3454 543; x_wconf 72' lang='grc' dir='ltr'>οὗτος</span> <span class='ocrx_word' id='word_1_121' title='bbox 3481 481 3637 534; x_wconf 82' lang='grc' dir='ltr'>οὐδέν</span> <span class='ocrx_word' id='word_1_122' title='bbox 3677 501 3728 537; x_wconf 83' lang='grc' dir='ltr'><strong>τι</strong></span> 
     </span>
    </p>
   </div>
   <div class='ocr_carea' id='block_1_21' title="bbox 2151 571 3731 646">
    <p class='ocr_par' dir='ltr' id='par_1_21' title="bbox 2151 571 3731 646">
     <span class='ocr_line' id='line_1_21' title="bbox 2151 571 3731 646; baseline -0.003 -16"><span class='ocrx_word' id='word_1_123' title='bbox 2151 577 2244 630; x_wconf 80' lang='grc' dir='ltr'>τοῦ</span> <span class='ocrx_word' id='word_1_124' title='bbox 2277 572 2470 646; x_wconf 83' lang='grc' dir='ltr'>νοεροῦ</span> <span class='ocrx_word' id='word_1_125' title='bbox 2516 573 2974 646; x_wconf 81' lang='grc' dir='ltr'>παρακερδήσας,</span> <span class='ocrx_word' id='word_1_126' title='bbox 3003 573 3127 625; x_wconf 82' lang='grc' dir='ltr'>οὐδὲ</span> <span class='ocrx_word' id='word_1_127' title='bbox 3159 571 3257 627; x_wconf 79' lang='grc' dir='ltr'>τοῦ</span> <span class='ocrx_word' id='word_1_128' title='bbox 3300 574 3401 643; x_wconf 80' lang='grc' dir='ltr'>τῆς</span> <span class='ocrx_word' id='word_1_129' title='bbox 3432 572 3582 641; x_wconf 78' lang='grc' dir='ltr'>ζωῆς</span> <span class='ocrx_word' id='word_1_130' title='bbox 3609 590 3731 626; x_wconf 80' lang='grc' dir='ltr'><strong>και⁴</strong></span> 
     </span>
    </p>
   </div>
   <div class='ocr_carea' id='block_1_22' title="bbox 2150 663 3729 738">
    <p class='ocr_par' dir='ltr' id='par_1_22' title="bbox 2150 663 3729 738">
     <span class='ocr_line' id='line_1_22' title="bbox 2150 663 3729 738; baseline -0.003 -17"><span class='ocrx_word' id='word_1_131' title='bbox 2150 667 2247 738; x_wconf 79' lang='grc' dir='ltr'>ροῦ</span> <span class='ocrx_word' id='word_1_132' title='bbox 2279 667 2700 737; x_wconf 86' lang='grc' dir='ltr'>νοσφισάμενος,</span> <span class='ocrx_word' id='word_1_133' title='bbox 2730 665 2856 719; x_wconf 83' lang='grc' dir='ltr'>οὐτε</span> <span class='ocrx_word' id='word_1_134' title='bbox 2889 667 2995 736; x_wconf 83' lang='grc' dir='ltr'><strong>μὴν</strong></span> <span class='ocrx_word' id='word_1_135' title='bbox 3022 663 3387 728; x_wconf 77' lang='grc' dir='ltr'><strong>κατακλείσας</strong></span> <span class='ocrx_word' id='word_1_136' title='bbox 3411 664 3471 716; x_wconf 77' lang='grc' dir='ltr'>τὸ</span> <span class='ocrx_word' id='word_1_137' title='bbox 3493 665 3729 734; x_wconf 76' lang='grc' dir='ltr'>φρονοῦν</span> 
     </span>
    </p>
   </div>
   <div class='ocr_carea' id='block_1_23' title="bbox 2148 755 3731 830">
    <p class='ocr_par' dir='ltr' id='par_1_23' title="bbox 2148 755 3731 830">
     <span class='ocr_line' id='line_1_23' title="bbox 2148 755 3731 830; baseline -0.003 -17"><span class='ocrx_word' id='word_1_138' title='bbox 2148 763 2228 825; x_wconf 88' lang='grc' dir='ltr'>εἰς</span> <span class='ocrx_word' id='word_1_139' title='bbox 2255 761 2562 830; x_wconf 80' lang='grc' dir='ltr'>ἄπρακτον,</span> <span class='ocrx_word' id='word_1_140' title='bbox 2597 762 2691 813; x_wconf 78' lang='grc' dir='ltr'><strong>καὶ</strong></span> <span class='ocrx_word' id='word_1_141' title='bbox 2722 759 2798 827; x_wconf 84' lang='grc' dir='ltr'><strong>τῷ</strong></span> <span class='ocrx_word' id='word_1_142' title='bbox 2826 756 3297 812; x_wconf 85' lang='grc' dir='ltr'>οίκοδεσποτοῦντι</span> <span class='ocrx_word' id='word_1_143' title='bbox 3328 755 3582 826; x_wconf 77' lang='grc' dir='ltr'><strong>λογισμῷ</strong></span> <span class='ocrx_word' id='word_1_144' title='bbox 3612 758 3731 809; x_wconf 64' lang='grc' dir='ltr'>ἐπιδ</span> 
     </span>
    </p>
   </div>
   <div class='ocr_carea' id='block_1_24' title="bbox 2148 849 3730 923">
    <p class='ocr_par' dir='ltr' id='par_1_24' title="bbox 2148 849 3730 923">
     <span class='ocr_line' id='line_1_24' title="bbox 2148 849 3730 923; baseline -0.004 -15"><span class='ocrx_word' id='word_1_145' title='bbox 2148 854 2609 923; x_wconf 76' lang='grc' dir='ltr'>ϐουλευσάμενος,</span> <span class='ocrx_word' id='word_1_146' title='bbox 2651 851 2982 911; x_wconf 79' lang='grc' dir='ltr'><strong>ἀπελθόντος</strong></span> <span class='ocrx_word' id='word_1_147' title='bbox 3012 850 3068 903; x_wconf 83' lang='grc' dir='ltr'><strong>δὲ</strong></span> <span class='ocrx_word' id='word_1_148' title='bbox 3098 850 3178 920; x_wconf 86' lang='grc' dir='ltr'>τῷ</span> <span class='ocrx_word' id='word_1_149' title='bbox 3207 849 3437 919; x_wconf 85' lang='grc' dir='ltr'>οἰκίσκῳ</span> <span class='ocrx_word' id='word_1_150' title='bbox 3481 849 3730 919; x_wconf 79' lang='grc' dir='ltr'>καταμό-</span> 
     </span>
    </p>
   </div>
   <div class='ocr_carea' id='block_1_25' title="bbox 2148 941 3510 1014">
    <p class='ocr_par' dir='ltr' id='par_1_25' title="bbox 2148 941 3510 1014">
     <span class='ocr_line' id='line_1_25' title="bbox 2148 941 3510 1014; baseline -0.001 -17"><span class='ocrx_word' id='word_1_151' title='bbox 2148 962 2247 1009; x_wconf 88' lang='grc' dir='ltr'><strong>νας</strong></span> <span class='ocrx_word' id='word_1_152' title='bbox 2278 946 2628 1014; x_wconf 78' lang='grc' dir='ltr'><strong>ἐπιθέμενος,</strong></span> <span class='ocrx_word' id='word_1_153' title='bbox 2665 944 2760 998; x_wconf 77' lang='grc' dir='ltr'><strong>καὶ</strong></span> <span class='ocrx_word' id='word_1_154' title='bbox 2806 943 2954 997; x_wconf 80' lang='grc' dir='ltr'>κατὰ</span> <span class='ocrx_word' id='word_1_155' title='bbox 2979 942 3179 996; x_wconf 74' lang='grc' dir='ltr'>ἑαυτοῦ</span> <span class='ocrx_word' id='word_1_156' title='bbox 3208 941 3510 1009; x_wconf 82' lang='grc' dir='ltr'>δεδρακώς.</span> 
     </span>
    </p>
   </div>
   <div class='ocr_carea' id='block_1_26' title="bbox 2217 1123 3728 1198">
    <p class='ocr_par' dir='ltr' id='par_1_26' title="bbox 2217 1123 3728 1198">
     <span class='ocr_line' id='line_1_26' title="bbox 2217 1123 3728 1198; baseline -0.006 -12"><span class='ocrx_word' id='word_1_157' title='bbox 2217 1131 2316 1188; x_wconf 85' lang='grc' dir='ltr'>οθ¹.</span> <span class='ocrx_word' id='word_1_158' title='bbox 2366 1130 2477 1185; x_wconf 73' lang='grc' dir='ltr'><strong>Καὶ</strong></span> <span class='ocrx_word' id='word_1_159' title='bbox 2507 1128 2680 1193; x_wconf 77' lang='grc' dir='ltr'>οὕτως</span> <span class='ocrx_word' id='word_1_160' title='bbox 2724 1129 2753 1182; x_wconf 85' lang='grc' dir='ltr'><strong>ὁ</strong></span> <span class='ocrx_word' id='word_1_161' title='bbox 2792 1128 2907 1198; x_wconf 77' lang='grc' dir='ltr'>ομὲν</span> <span class='ocrx_word' id='word_1_162' title='bbox 2939 1125 3192 1198; x_wconf 78' lang='grc' dir='ltr'>βασιλεὺς</span> <span class='ocrx_word' id='word_1_163' title='bbox 3237 1125 3489 1192; x_wconf 76' lang='grc' dir='ltr'>εὐλογίαν</span> <span class='ocrx_word' id='word_1_164' title='bbox 3535 1123 3636 1193; x_wconf 81' lang='grc' dir='ltr'><strong>τὴν</strong></span> <span class='ocrx_word' id='word_1_165' title='bbox 3668 1125 3728 1177; x_wconf 82' lang='grc' dir='ltr'>ἐκ</span> 
     </span>
    </p>
   </div>
   <div class='ocr_carea' id='block_1_27' title="bbox 2146 1217 3730 1293">
    <p class='ocr_par' dir='ltr' id='par_1_27' title="bbox 2146 1217 3730 1293">
     <span class='ocr_line' id='line_1_27' title="bbox 2146 1217 3730 1293; baseline -0.006 -14"><span class='ocrx_word' id='word_1_166' title='bbox 2146 1225 2284 1280; x_wconf 77' lang='grc' dir='ltr'>Θεοῦ</span> <span class='ocrx_word' id='word_1_167' title='bbox 2300 1222 2564 1286; x_wconf 85' lang='grc' dir='ltr'>λελοιπὼς</span> <span class='ocrx_word' id='word_1_168' title='bbox 2587 1225 2652 1293; x_wconf 80' lang='grc' dir='ltr'>τῇ</span> <span class='ocrx_word' id='word_1_169' title='bbox 2679 1239 2737 1275; x_wconf 87' lang='grc' dir='ltr'><strong>τε</strong></span> <span class='ocrx_word' id='word_1_170' title='bbox 2760 1219 3016 1290; x_wconf 79' lang='grc' dir='ltr'>ὁμοζύγῳ</span> <span class='ocrx_word' id='word_1_171' title='bbox 3040 1219 3317 1290; x_wconf 83' lang='grc' dir='ltr'>δεσποίνῃ,</span> <span class='ocrx_word' id='word_1_172' title='bbox 3353 1220 3442 1270; x_wconf 75' lang='grc' dir='ltr'><strong>καὶ</strong></span> <span class='ocrx_word' id='word_1_173' title='bbox 3475 1217 3554 1287; x_wconf 84' lang='grc' dir='ltr'>τῷ</span> <span class='ocrx_word' id='word_1_174' title='bbox 3579 1217 3730 1287; x_wconf 75' lang='grc' dir='ltr'>βασι-</span> 
     </span>
    </p>
   </div>
   <div class='ocr_carea' id='block_1_28' title="bbox 2147 1310 3728 1386">
    <p class='ocr_par' dir='ltr' id='par_1_28' title="bbox 2147 1310 3728 1386">
     <span class='ocr_line' id='line_1_28' title="bbox 2147 1310 3728 1386; baseline -0.006 -14"><span class='ocrx_word' id='word_1_175' title='bbox 2147 1310 2232 1372; x_wconf 79' lang='grc' dir='ltr'><strong>λεῖ</strong></span> <span class='ocrx_word' id='word_1_176' title='bbox 2260 1318 2461 1386; x_wconf 76' lang='grc' dir='ltr'>τέκνῳ,</span> <span class='ocrx_word' id='word_1_177' title='bbox 2494 1316 2588 1371; x_wconf 76' lang='grc' dir='ltr'>καὶ</span> <span class='ocrx_word' id='word_1_178' title='bbox 2620 1317 2734 1378; x_wconf 88' lang='grc' dir='ltr'>τοῖς</span> <span class='ocrx_word' id='word_1_179' title='bbox 2786 1314 2970 1376; x_wconf 79' lang='grc' dir='ltr'>ἄλλοις</span> <span class='ocrx_word' id='word_1_180' title='bbox 3004 1313 3061 1366; x_wconf 74' lang='grc' dir='ltr'><strong>δὲ</strong></span> <span class='ocrx_word' id='word_1_181' title='bbox 3123 1313 3241 1366; x_wconf 81' lang='grc' dir='ltr'>ὅσοι</span> <span class='ocrx_word' id='word_1_182' title='bbox 3271 1312 3331 1364; x_wconf 49' lang='lat' dir='ltr'><strong>re.</strong></span> <span class='ocrx_word' id='word_1_183' title='bbox 3374 1312 3523 1380; x_wconf 70' lang='grc' dir='ltr'>ἱερὸν</span> <span class='ocrx_word' id='word_1_184' title='bbox 3555 1310 3728 1379; x_wconf 73' lang='grc' dir='ltr'>περιτ-</span> 
     </span>
    </p>
   </div>
   <div class='ocr_carea' id='block_1_29' title="bbox 2148 1403 3728 1479">
    <p class='ocr_par' dir='ltr' id='par_1_29' title="bbox 2148 1403 3728 1479">
     <span class='ocr_line' id='line_1_29' title="bbox 2148 1403 3728 1479; baseline -0.008 -14"><span class='ocrx_word' id='word_1_185' title='bbox 2148 1429 2345 1466; x_wconf 88' lang='grc' dir='ltr'>σταντο</span> <span class='ocrx_word' id='word_1_186' title='bbox 2392 1409 2693 1479; x_wconf 81' lang='grc' dir='ltr'>σκήνωμα,</span> <span class='ocrx_word' id='word_1_187' title='bbox 2736 1408 2978 1474; x_wconf 83' lang='grc' dir='ltr'>συνῆπτο</span> <span class='ocrx_word' id='word_1_188' title='bbox 3012 1406 3124 1467; x_wconf 87' lang='grc' dir='ltr'>τοῖς</span> <span class='ocrx_word' id='word_1_189' title='bbox 3160 1403 3424 1459; x_wconf 76' lang='grc' dir='ltr'>ἀνωτάτω</span> <span class='ocrx_word' id='word_1_190' title='bbox 3461 1404 3728 1472; x_wconf 81' lang='grc' dir='ltr'>τάγμασι,</span> 
     </span>
    </p>
   </div>
   <div class='ocr_carea' id='block_1_30' title="bbox 2148 1490 3731 1573">
    <p class='ocr_par' dir='ltr' id='par_1_30' title="bbox 2148 1490 3731 1573">
     <span class='ocr_line' id='line_1_30' title="bbox 2148 1490 3731 1573; baseline -0.008 -16"><span class='ocrx_word' id='word_1_191' title='bbox 2148 1503 2242 1557; x_wconf 75' lang='grc' dir='ltr'><strong>καὶ</strong></span> <span class='ocrx_word' id='word_1_192' title='bbox 2263 1502 2340 1573; x_wconf 79' lang='grc' dir='ltr'>τῷ</span> <span class='ocrx_word' id='word_1_193' title='bbox 2364 1500 2710 1571; x_wconf 77' lang='grc' dir='ltr'>παμϐασιλεῖ</span> <span class='ocrx_word' id='word_1_194' title='bbox 2736 1499 2984 1569; x_wconf 79' lang='grc' dir='ltr'>παρέστη</span> <span class='ocrx_word' id='word_1_195' title='bbox 3009 1496 3151 1567; x_wconf 81' lang='grc' dir='ltr'>Θεῷ,</span> <span class='ocrx_word' id='word_1_196' title='bbox 3175 1490 3236 1551; x_wconf 73' lang='grc' dir='ltr'>οὗ</span> <span class='ocrx_word' id='word_1_197' title='bbox 3266 1497 3399 1566; x_wconf 78' lang='grc' dir='ltr'>πρὸς</span> <span class='ocrx_word' id='word_1_198' title='bbox 3431 1494 3731 1565; x_wconf 75' lang='grc' dir='ltr'>θεραπείαν</span> 
     </span>
    </p>
   </div>
   <div class='ocr_carea' id='block_1_31' title="bbox 2146 1583 3736 1668">
    <p class='ocr_par' dir='ltr' id='par_1_31' title="bbox 2146 1583 3736 1668">
     <span class='ocr_line' id='line_1_31' title="bbox 2146 1583 3736 1668; baseline -0.008 -16"><span class='ocrx_word' id='word_1_199' title='bbox 2146 1599 2233 1652; x_wconf 70' lang='grc' dir='ltr'>ἀεὶ</span> <span class='ocrx_word' id='word_1_200' title='bbox 2262 1597 2359 1668; x_wconf 83' lang='grc' dir='ltr'><strong>τὴν</strong></span> <span class='ocrx_word' id='word_1_201' title='bbox 2389 1595 2669 1666; x_wconf 85' lang='grc' dir='ltr'>βασιλείαν</span> <span class='ocrx_word' id='word_1_202' title='bbox 2703 1592 3031 1657; x_wconf 82' lang='grc' dir='ltr'>ἀπεύθυνεν.</span> <span class='ocrx_word' id='word_1_203' title='bbox 3065 1592 3134 1644; x_wconf 86' lang='grc' dir='ltr'><strong><em>Ἦ</em></strong></span> <span class='ocrx_word' id='word_1_204' title='bbox 3162 1591 3219 1644; x_wconf 78' lang='grc' dir='ltr'><strong>δὲ</strong></span> <span class='ocrx_word' id='word_1_205' title='bbox 3250 1590 3403 1651; x_wconf 75' lang='grc' dir='ltr'>πόλις</span> <span class='ocrx_word' id='word_1_206' title='bbox 3437 1589 3539 1642; x_wconf 76' lang='grc' dir='ltr'><strong>οὐκ</strong></span> <span class='ocrx_word' id='word_1_207' title='bbox 3568 1589 3633 1642; x_wconf 80' lang='grc' dir='ltr'><strong>ἂν</strong></span> <span class='ocrx_word' id='word_1_208' title='bbox 3658 1583 3736 1641; x_wconf 82' lang='grc' dir='ltr'><strong>εἷ-</strong></span> 
     </span>
    </p>
   </div>
   <div class='ocr_carea' id='block_1_32' title="bbox 2146 1678 3724 1759">
    <p class='ocr_par' dir='ltr' id='par_1_32' title="bbox 2146 1678 3724 1759">
     <span class='ocr_line' id='line_1_32' title="bbox 2146 1678 3724 1759; baseline -0.007 -17"><span class='ocrx_word' id='word_1_209' title='bbox 2146 1707 2249 1753; x_wconf 85' lang='grc' dir='ltr'><strong>πες</strong></span> <span class='ocrx_word' id='word_1_210' title='bbox 2288 1689 2503 1759; x_wconf 80' lang='grc' dir='ltr'>οἴκησιν</span> <span class='ocrx_word' id='word_1_211' title='bbox 2533 1687 2703 1756; x_wconf 81' lang='grc' dir='ltr'>αὐτὴν</span> <span class='ocrx_word' id='word_1_212' title='bbox 2734 1683 3040 1754; x_wconf 79' lang='grc' dir='ltr'>ἀνθρώπων</span> <span class='ocrx_word' id='word_1_213' title='bbox 3072 1678 3212 1736; x_wconf 82' lang='grc' dir='ltr'>εἷναι</span> <span class='ocrx_word' id='word_1_214' title='bbox 3248 1679 3432 1752; x_wconf 80' lang='grc' dir='ltr'>φωνὴν</span> <span class='ocrx_word' id='word_1_215' title='bbox 3464 1680 3724 1750; x_wconf 79' lang='grc' dir='ltr'>ἐχόντων·</span> 
     </span>
    </p>
   </div>
   <div class='ocr_carea' id='block_1_33' title="bbox 468 1756 2050 1853">
    <p class='ocr_par' dir='ltr' id='par_1_33' title="bbox 468 1771 2038 1847">
     <span class='ocr_line' id='line_1_33' title="bbox 468 1771 2038 1847; baseline 0.006 -24"><span class='ocrx_word' id='word_1_216' title='bbox 468 1785 577 1824; x_wconf 91' lang='lat' dir='ltr'><strong>non</strong></span> <span class='ocrx_word' id='word_1_217' title='bbox 612 1771 849 1840; x_wconf 89' lang='lat' dir='ltr'><strong>amplius</strong></span> <span class='ocrx_word' id='word_1_218' title='bbox 877 1787 1190 1841; x_wconf 83' lang='lat' dir='ltr'><strong>superesse.</strong></span> <span class='ocrx_word' id='word_1_219' title='bbox 1228 1773 1292 1826; x_wconf 85' lang='lat' dir='ltr'><strong>Et</strong></span> <span class='ocrx_word' id='word_1_220' title='bbox 1321 1774 1516 1829; x_wconf 91' lang='lat' dir='ltr'><strong>avulso</strong></span> <span class='ocrx_word' id='word_1_221' title='bbox 1551 1774 1910 1831; x_wconf 89' lang='lat' dir='ltr'><strong>fundamento</strong></span> <span class='ocrx_word' id='word_1_222' title='bbox 1932 1777 2038 1847; x_wconf 88' lang='lat' dir='ltr'><strong>ipsi</strong></span> 
     </span>
    </p>
   </div>
   <div class='ocr_carea' id='block_1_34' title="bbox 2154 1756 3732 1853">
    <p class='ocr_par' dir='ltr' id='par_1_34' title="bbox 2154 1756 3732 1853">
     <span class='ocr_line' id='line_1_34' title="bbox 2154 1756 3732 1853; baseline -0.008 -18"><span class='ocrx_word' id='word_1_223' title='bbox 2154 1782 2260 1835; x_wconf 64' lang='grc' dir='ltr'>ἀλλ’</span> <span class='ocrx_word' id='word_1_224' title='bbox 2286 1756 2480 1853; x_wconf 73' lang='grc' dir='ltr'>ἤθελον</span> <span class='ocrx_word' id='word_1_225' title='bbox 2511 1778 2707 1851; x_wconf 76' lang='grc' dir='ltr'>μηκέτ’</span> <span class='ocrx_word' id='word_1_226' title='bbox 2732 1773 2896 1831; x_wconf 78' lang='grc' dir='ltr'>εἶναι.</span> <span class='ocrx_word' id='word_1_227' title='bbox 2935 1776 3046 1829; x_wconf 74' lang='grc' dir='ltr'>Καὶ</span> <span class='ocrx_word' id='word_1_228' title='bbox 3079 1772 3173 1828; x_wconf 82' lang='grc' dir='ltr'>τοῦ</span> <span class='ocrx_word' id='word_1_229' title='bbox 3202 1773 3460 1844; x_wconf 85' lang='grc' dir='ltr'>θεμελίου</span> <span class='ocrx_word' id='word_1_230' title='bbox 3480 1772 3732 1824; x_wconf 67' lang='grc' dir='ltr'>ὑποσκα-</span> 
     </span>
    </p>
   </div>
   <div class='ocr_carea' id='block_1_35' title="bbox 465 1854 2069 1929">
    <p class='ocr_par' dir='ltr' id='par_1_35' title="bbox 465 1854 2069 1929">
     <span class='ocr_line' id='line_1_35' title="bbox 465 1854 2069 1929; baseline 0.007 -25"><span class='ocrx_word' id='word_1_231' title='bbox 465 1868 685 1923; x_wconf 89' lang='lat' dir='ltr'><strong>qnoque</strong></span> <span class='ocrx_word' id='word_1_232' title='bbox 719 1870 825 1908; x_wconf 86' lang='lat' dir='ltr'><strong>una</strong></span> <span class='ocrx_word' id='word_1_233' title='bbox 853 1854 1177 1923; x_wconf 85' lang='lat' dir='ltr'><strong>jacuerunt;</strong></span> <span class='ocrx_word' id='word_1_234' title='bbox 1206 1870 1270 1911; x_wconf 92' lang='lat' dir='ltr'><strong>ac</strong></span> <span class='ocrx_word' id='word_1_235' title='bbox 1301 1859 1424 1912; x_wconf 61' lang='lat' dir='ltr'><strong>vita;</strong></span> <span class='ocrx_word' id='word_1_236' title='bbox 1447 1859 1632 1914; x_wconf 90' lang='lat' dir='ltr'><strong>lumen</strong></span> <span class='ocrx_word' id='word_1_237' title='bbox 1658 1861 1750 1929; x_wconf 88' lang='lat' dir='ltr'><strong>qui</strong></span> <span class='ocrx_word' id='word_1_238' title='bbox 1784 1856 2069 1928; x_wconf 44' lang='lat' dir='ltr'><strong>perdideJ</strong></span> 
     </span>
    </p>
   </div>
   <div class='ocr_carea' id='block_1_36' title="bbox 466 1946 2042 2021">
    <p class='ocr_par' dir='ltr' id='par_1_36' title="bbox 466 1946 2042 2021">
     <span class='ocr_line' id='line_1_36' title="bbox 466 1946 2042 2021; baseline 0.005 -22"><span class='ocrx_word' id='word_1_239' title='bbox 466 1956 592 2000; x_wconf 79' lang='lat' dir='ltr'><strong>rant</strong></span> <span class='ocrx_word' id='word_1_240' title='bbox 634 1946 891 2002; x_wconf 82' lang='lat' dir='ltr'><strong>tenebras</strong></span> <span class='ocrx_word' id='word_1_241' title='bbox 923 1950 1173 2003; x_wconf 86' lang='lat' dir='ltr'><strong>internas</strong></span> <span class='ocrx_word' id='word_1_242' title='bbox 1204 1951 1556 2005; x_wconf 76' lang='lat' dir='ltr'><strong>extrinsecus</strong></span> <span class='ocrx_word' id='word_1_243' title='bbox 1608 1950 1936 2021; x_wconf 83' lang='lat' dir='ltr'><strong>prodebant,</strong></span> <span class='ocrx_word' id='word_1_244' title='bbox 1981 1967 2042 2007; x_wconf 89' lang='lat' dir='ltr'><strong>se</strong></span> 
     </span>
    </p>
   </div>
   <div class='ocr_carea' id='block_1_37' title="bbox 464 2040 2039 2098">
    <p class='ocr_par' dir='ltr' id='par_1_37' title="bbox 464 2040 2039 2098">
     <span class='ocr_line' id='line_1_37' title="bbox 464 2040 2039 2098; baseline 0.003 -5"><span class='ocrx_word' id='word_1_245' title='bbox 464 2041 898 2095; x_wconf 82' lang='lat' dir='ltr'><strong>obtencbrantes</strong></span> <span class='ocrx_word' id='word_1_246' title='bbox 943 2048 998 2095; x_wconf 89' lang='lat' dir='ltr'><strong>et</strong></span> <span class='ocrx_word' id='word_1_247' title='bbox 1034 2048 1145 2094; x_wconf 85' lang='lat' dir='ltr'><strong>tam</strong></span> <span class='ocrx_word' id='word_1_248' title='bbox 1177 2040 1432 2096; x_wconf 59' lang='lat' dir='ltr'><strong>obscura</strong></span> <span class='ocrx_word' id='word_1_249' title='bbox 1459 2041 1591 2096; x_wconf 88' lang='lat' dir='ltr'><strong>nubi</strong></span> <span class='ocrx_word' id='word_1_250' title='bbox 1617 2043 2039 2098; x_wconf 83' lang='lat' dir='ltr'><strong>convenientem</strong></span> 
     </span>
    </p>
   </div>
   <div class='ocr_carea' id='block_1_38' title="bbox 465 2130 2069 2205">
    <p class='ocr_par' dir='ltr' id='par_1_38' title="bbox 465 2130 2069 2205">
     <span class='ocr_line' id='line_1_38' title="bbox 465 2130 2069 2205; baseline 0.002 -19"><span class='ocrx_word' id='word_1_251' title='bbox 465 2132 721 2193; x_wconf 73' lang='lat' dir='ltr'><strong>imbrem,</strong></span> <span class='ocrx_word' id='word_1_252' title='bbox 771 2133 1043 2202; x_wconf 86' lang='lat' dir='ltr'><strong>plurimas</strong></span> <span class='ocrx_word' id='word_1_253' title='bbox 1075 2134 1353 2205; x_wconf 85' lang='lat' dir='ltr'><strong>lacrymas</strong></span> <span class='ocrx_word' id='word_1_254' title='bbox 1387 2134 1756 2190; x_wconf 88' lang='lat' dir='ltr'><strong>effundentes.</strong></span> <span class='ocrx_word' id='word_1_255' title='bbox 1806 2130 2069 2190; x_wconf 32' lang='lat' dir='ltr'><strong>Omnino‘</strong></span> 
     </span>
    </p>
   </div>
   <div class='ocr_carea' id='block_1_39' title="bbox 465 2225 2043 2297">
    <p class='ocr_par' dir='ltr' id='par_1_39' title="bbox 465 2225 2043 2297">
     <span class='ocr_line' id='line_1_39' title="bbox 465 2225 2043 2297; baseline 0.003 -19"><span class='ocrx_word' id='word_1_256' title='bbox 465 2225 728 2280; x_wconf 87' lang='lat' dir='ltr'><strong>oblivioni</strong></span> <span class='ocrx_word' id='word_1_257' title='bbox 761 2225 1051 2290; x_wconf 86' lang='lat' dir='ltr'><strong>dederunt,</strong></span> <span class='ocrx_word' id='word_1_258' title='bbox 1107 2229 1199 2297; x_wconf 91' lang='lat' dir='ltr'><strong>qui</strong></span> <span class='ocrx_word' id='word_1_259' title='bbox 1249 2228 1588 2283; x_wconf 81' lang='lat' dir='ltr'><strong>fundamenti</strong></span> <span class='ocrx_word' id='word_1_260' title='bbox 1640 2226 1820 2283; x_wconf 84' lang='lat' dir='ltr'><strong>locum</strong></span> <span class='ocrx_word' id='word_1_261' title='bbox 1889 2228 2043 2283; x_wconf 86' lang='lat' dir='ltr'><strong>illum</strong></span> 
     </span>
    </p>
   </div>
   <div class='ocr_carea' id='block_1_40' title="bbox 464 2310 2037 2391">
    <p class='ocr_par' dir='ltr' id='par_1_40' title="bbox 464 2310 2037 2391">
     <span class='ocr_line' id='line_1_40' title="bbox 464 2310 2037 2391; baseline 0.003 -19"><span class='ocrx_word' id='word_1_262' title='bbox 464 2328 715 2374; x_wconf 83' lang='lat' dir='ltr'><strong>recenter</strong></span> <span class='ocrx_word' id='word_1_263' title='bbox 749 2329 1071 2388; x_wconf 65' lang='lat' dir='ltr'><strong>praesentem</strong></span> <span class='ocrx_word' id='word_1_264' title='bbox 1107 2334 1212 2373; x_wconf 92' lang='lat' dir='ltr'><strong>non</strong></span> <span class='ocrx_word' id='word_1_265' title='bbox 1249 2310 1489 2391; x_wconf 84' lang='lat' dir='ltr'><strong>amplius</strong></span> <span class='ocrx_word' id='word_1_266' title='bbox 1558 2322 1847 2385; x_wconf 86' lang='lat' dir='ltr'><strong>videbant,</strong></span> <span class='ocrx_word' id='word_1_267' title='bbox 1878 2336 2037 2390; x_wconf 85' lang='lat' dir='ltr'><strong>reges</strong></span> 
     </span>
    </p>
   </div>
   <div class='ocr_carea' id='block_1_41' title="bbox 469 2411 2045 2483">
    <p class='ocr_par' dir='ltr' id='par_1_41' title="bbox 469 2411 2045 2483">
     <span class='ocr_line' id='line_1_41' title="bbox 469 2411 2045 2483; baseline 0.003 -19"><span class='ocrx_word' id='word_1_268' title='bbox 469 2420 718 2477; x_wconf 84' lang='lat' dir='ltr'><strong>nostros,</strong></span> <span class='ocrx_word' id='word_1_269' title='bbox 747 2411 1157 2467; x_wconf 86' lang='lat' dir='ltr'><strong>divinissitnum</strong></span> <span class='ocrx_word' id='word_1_270' title='bbox 1206 2412 1509 2483; x_wconf 78' lang='lat' dir='ltr'><strong>fastigium,</strong></span> <span class='ocrx_word' id='word_1_271' title='bbox 1537 2415 1631 2482; x_wconf 91' lang='lat' dir='ltr'><strong>qui</strong></span> <span class='ocrx_word' id='word_1_272' title='bbox 1683 2414 2045 2470; x_wconf 86' lang='lat' dir='ltr'><strong>dominationi</strong></span> 
     </span>
    </p>
   </div>
   <div class='ocr_carea' id='block_1_42' title="bbox 476 2504 2051 2573">
    <p class='ocr_par' dir='ltr' id='par_1_42' title="bbox 476 2504 2051 2573">
     <span class='ocr_line' id='line_1_42' title="bbox 476 2504 2051 2573; baseline 0.004 -18"><span class='ocrx_word' id='word_1_273' title='bbox 476 2504 703 2558; x_wconf 89' lang='lat' dir='ltr'><strong>domum</strong></span> <span class='ocrx_word' id='word_1_274' title='bbox 761 2505 922 2558; x_wconf 72' lang='lat' dir='ltr'><strong>nobis</strong></span> <span class='ocrx_word' id='word_1_275' title='bbox 950 2520 1245 2573; x_wconf 80' lang='lat' dir='ltr'><strong>assurgere</strong></span> <span class='ocrx_word' id='word_1_276' title='bbox 1274 2504 1506 2561; x_wconf 88' lang='lat' dir='ltr'><strong>faciunt.</strong></span> <span class='ocrx_word' id='word_1_277' title='bbox 1538 2507 1691 2572; x_wconf 81' lang='lat' dir='ltr'><strong>Quos</strong></span> <span class='ocrx_word' id='word_1_278' title='bbox 1717 2509 1790 2562; x_wconf 85' lang='lat' dir='ltr'><strong>sit</strong></span> <span class='ocrx_word' id='word_1_279' title='bbox 1822 2522 2051 2563; x_wconf 87' lang='lat' dir='ltr'><strong>servans</strong></span> 
     </span>
    </p>
   </div>
   <div class='ocr_carea' id='block_1_43' title="bbox 468 2597 2050 2666">
    <p class='ocr_par' dir='ltr' id='par_1_43' title="bbox 468 2597 2050 2666">
     <span class='ocr_line' id='line_1_43' title="bbox 468 2597 2050 2666; baseline 0.003 -17"><span class='ocrx_word' id='word_1_280' title='bbox 468 2597 698 2650; x_wconf 87' lang='lat' dir='ltr'><strong>firmiter</strong></span> <span class='ocrx_word' id='word_1_281' title='bbox 765 2597 1079 2652; x_wconf 87' lang='lat' dir='ltr'><strong>incedentes</strong></span> <span class='ocrx_word' id='word_1_282' title='bbox 1165 2614 1397 2666; x_wconf 68' lang='lat' dir='ltr'><strong>magnus</strong></span> <span class='ocrx_word' id='word_1_283' title='bbox 1456 2600 1657 2654; x_wconf 87' lang='lat' dir='ltr'><strong>domus</strong></span> <span class='ocrx_word' id='word_1_284' title='bbox 1744 2601 2050 2655; x_wconf 71' lang='lat' dir='ltr'><strong>aediﬁcator</strong></span> 
     </span>
    </p>
   </div>
   <div class='ocr_carea' id='block_1_44' title="bbox 470 2688 2051 2764">
    <p class='ocr_par' dir='ltr' id='par_1_44' title="bbox 470 2688 2051 2764">
     <span class='ocr_line' id='line_1_44' title="bbox 470 2688 2051 2764; baseline 0.004 -23"><span class='ocrx_word' id='word_1_285' title='bbox 470 2688 637 2749; x_wconf 85' lang='lat' dir='ltr'><strong>Deus.</strong></span> <span class='ocrx_word' id='word_1_286' title='bbox 668 2688 760 2758; x_wconf 90' lang='lat' dir='ltr'><strong>qui</strong></span> <span class='ocrx_word' id='word_1_287' title='bbox 795 2705 901 2743; x_wconf 85' lang='lat' dir='ltr'><strong>non</strong></span> <span class='ocrx_word' id='word_1_288' title='bbox 937 2690 1115 2743; x_wconf 89' lang='lat' dir='ltr'><strong>solum</strong></span> <span class='ocrx_word' id='word_1_289' title='bbox 1150 2692 1405 2746; x_wconf 78' lang='lat' dir='ltr'><strong>civitates</strong></span> <span class='ocrx_word' id='word_1_290' title='bbox 1450 2694 1700 2759; x_wconf 63' lang='lat' dir='ltr'><strong>aedificat,</strong></span> <span class='ocrx_word' id='word_1_291' title='bbox 1754 2710 1894 2764; x_wconf 86' lang='lat' dir='ltr'><strong>quas</strong></span> <span class='ocrx_word' id='word_1_292' title='bbox 1944 2695 2051 2751; x_wconf 87' lang='lat' dir='ltr'><strong>nisi</strong></span> 
     </span>
    </p>
   </div>
   <div class='ocr_carea' id='block_1_45' title="bbox 468 2781 2054 2856">
    <p class='ocr_par' dir='ltr' id='par_1_45' title="bbox 468 2781 2054 2856">
     <span class='ocr_line' id='line_1_45' title="bbox 468 2781 2054 2856; baseline 0.006 -22"><span class='ocrx_word' id='word_1_293' title='bbox 468 2781 793 2837; x_wconf 86' lang='lat' dir='ltr'><strong>custodierit</strong></span> <span class='ocrx_word' id='word_1_294' title='bbox 849 2781 987 2852; x_wconf 90' lang='lat' dir='ltr'><strong>ipse,</strong></span> <span class='ocrx_word' id='word_1_295' title='bbox 1032 2781 1240 2838; x_wconf 87' lang='lat' dir='ltr'><strong>frustra</strong></span> <span class='ocrx_word' id='word_1_296' title='bbox 1288 2785 1475 2854; x_wconf 83' lang='lat' dir='ltr'><strong>vigilat</strong></span> <span class='ocrx_word' id='word_1_297' title='bbox 1512 2787 1604 2856; x_wconf 91' lang='lat' dir='ltr'><strong>qui</strong></span> <span class='ocrx_word' id='word_1_298' title='bbox 1648 2788 1914 2854; x_wconf 80' lang='lat' dir='ltr'><strong>custodit;</strong></span> <span class='ocrx_word' id='word_1_299' title='bbox 1957 2787 2054 2844; x_wconf 84' lang='lat' dir='ltr'><strong>sed</strong></span> 
     </span>
    </p>
   </div>
   <div class='ocr_carea' id='block_1_46' title="bbox 471 2872 2056 2949">
    <p class='ocr_par' dir='ltr' id='par_1_46' title="bbox 471 2872 2056 2949">
     <span class='ocr_line' id='line_1_46' title="bbox 471 2872 2056 2949; baseline 0.008 -24"><span class='ocrx_word' id='word_1_300' title='bbox 471 2879 527 2926; x_wconf 85' lang='lat' dir='ltr'><strong>et</strong></span> <span class='ocrx_word' id='word_1_301' title='bbox 577 2872 762 2926; x_wconf 89' lang='lat' dir='ltr'><strong>limum</strong></span> <span class='ocrx_word' id='word_1_302' title='bbox 817 2875 1103 2944; x_wconf 81' lang='lat' dir='ltr'><strong>plasmans</strong></span> <span class='ocrx_word' id='word_1_303' title='bbox 1151 2874 1207 2931; x_wconf 91' lang='lat' dir='ltr'><strong>in</strong></span> <span class='ocrx_word' id='word_1_304' title='bbox 1246 2877 1484 2932; x_wconf 89' lang='lat' dir='ltr'><strong>solidum</strong></span> <span class='ocrx_word' id='word_1_305' title='bbox 1534 2894 1695 2949; x_wconf 86' lang='lat' dir='ltr'><strong>opus,</strong></span> <span class='ocrx_word' id='word_1_306' title='bbox 1751 2889 1807 2935; x_wconf 88' lang='lat' dir='ltr'><strong>et</strong></span> <span class='ocrx_word' id='word_1_307' title='bbox 1859 2880 2056 2937; x_wconf 77' lang='lat' dir='ltr'><strong>domos</strong></span> 
     </span>
    </p>
   </div>
   <div class='ocr_carea' id='block_1_47' title="bbox 2147 1865 3730 1940">
    <p class='ocr_par' dir='ltr' id='par_1_47' title="bbox 2147 1865 3730 1940">
     <span class='ocr_line' id='line_1_47' title="bbox 2147 1865 3730 1940; baseline -0.008 -12"><span class='ocrx_word' id='word_1_308' title='bbox 2147 1874 2388 1939; x_wconf 80' lang='grc' dir='ltr'>σθέντος,</span> <span class='ocrx_word' id='word_1_309' title='bbox 2435 1875 2531 1929; x_wconf 79' lang='grc' dir='ltr'><strong>καὶ</strong></span> <span class='ocrx_word' id='word_1_310' title='bbox 2559 1873 2714 1926; x_wconf 70' lang='grc' dir='ltr'>αὐτοὶ</span> <span class='ocrx_word' id='word_1_311' title='bbox 2746 1870 3195 1940; x_wconf 82' lang='grc' dir='ltr'>συγκατέπιπτον</span> <span class='ocrx_word' id='word_1_312' title='bbox 3215 1884 3230 1899; x_wconf 77' lang='grc' dir='ltr'><strong><em>ο</em></strong></span> <span class='ocrx_word' id='word_1_313' title='bbox 3261 1868 3356 1921; x_wconf 74' lang='grc' dir='ltr'><strong>καὶ</strong></span> <span class='ocrx_word' id='word_1_314' title='bbox 3388 1867 3449 1920; x_wconf 77' lang='grc' dir='ltr'>τὸ</span> <span class='ocrx_word' id='word_1_315' title='bbox 3486 1865 3586 1919; x_wconf 82' lang='grc' dir='ltr'>τοῦ</span> <span class='ocrx_word' id='word_1_316' title='bbox 3621 1865 3730 1934; x_wconf 85' lang='grc' dir='ltr'>βίου</span> 
     </span>
    </p>
   </div>
   <div class='ocr_carea' id='block_1_48' title="bbox 2146 1957 3732 2041">
    <p class='ocr_par' dir='ltr' id='par_1_48' title="bbox 2146 1957 3732 2041">
     <span class='ocr_line' id='line_1_48' title="bbox 2146 1957 3732 2041; baseline -0.01 -18"><span class='ocrx_word' id='word_1_317' title='bbox 2146 1970 2261 2041; x_wconf 84' lang='grc' dir='ltr'><strong>φῶς</strong></span> <span class='ocrx_word' id='word_1_318' title='bbox 2284 1964 2712 2030; x_wconf 81' lang='grc' dir='ltr'>ἀπολωλεκότες,</span> <span class='ocrx_word' id='word_1_319' title='bbox 2735 1963 2835 2034; x_wconf 81' lang='grc' dir='ltr'>τὴν</span> <span class='ocrx_word' id='word_1_320' title='bbox 2858 1961 3006 2024; x_wconf 79' lang='grc' dir='ltr'>ὲντὺς</span> <span class='ocrx_word' id='word_1_321' title='bbox 3031 1958 3190 2024; x_wconf 58' lang='lat' dir='ltr'><strong>sub;</strong></span> <span class='ocrx_word' id='word_1_322' title='bbox 3213 1960 3515 2028; x_wconf 79' lang='grc' dir='ltr'>ὑπέφαινον</span> <span class='ocrx_word' id='word_1_323' title='bbox 3540 1957 3732 2027; x_wconf 79' lang='grc' dir='ltr'>μέλαν’</span> 
     </span>
    </p>
   </div>
   <div class='ocr_carea' id='block_1_49' title="bbox 2148 2051 3732 2129">
    <p class='ocr_par' dir='ltr' id='par_1_49' title="bbox 2148 2051 3732 2129">
     <span class='ocr_line' id='line_1_49' title="bbox 2148 2051 3732 2129; baseline -0.009 -13"><span class='ocrx_word' id='word_1_324' title='bbox 2148 2080 2254 2126; x_wconf 83' lang='grc' dir='ltr'>σιν,</span> <span class='ocrx_word' id='word_1_325' title='bbox 2278 2059 2624 2129; x_wconf 59' lang='grc' dir='ltr'>ζοφώσαντες</span> <span class='ocrx_word' id='word_1_326' title='bbox 2645 2057 2891 2121; x_wconf 78' lang='grc' dir='ltr'>ἑαυτοὺς,</span> <span class='ocrx_word' id='word_1_327' title='bbox 2913 2056 3005 2109; x_wconf 75' lang='grc' dir='ltr'>καὶ</span> <span class='ocrx_word' id='word_1_328' title='bbox 3025 2052 3103 2124; x_wconf 84' lang='grc' dir='ltr'>τῷ</span> <span class='ocrx_word' id='word_1_329' title='bbox 3122 2052 3350 2120; x_wconf 84' lang='grc' dir='ltr'>τοιούτῳ</span> <span class='ocrx_word' id='word_1_330' title='bbox 3368 2051 3526 2120; x_wconf 83' lang='grc' dir='ltr'>νέφει</span> <span class='ocrx_word' id='word_1_331' title='bbox 3546 2051 3732 2120; x_wconf 76' lang='grc' dir='ltr'>ὁμόλο-</span> 
     </span>
    </p>
   </div>
   <div class='ocr_carea' id='block_1_50' title="bbox 2146 2143 3730 2223">
    <p class='ocr_par' dir='ltr' id='par_1_50' title="bbox 2146 2143 3730 2223">
     <span class='ocr_line' id='line_1_50' title="bbox 2146 2143 3730 2223; baseline -0.008 -17"><span class='ocrx_word' id='word_1_332' title='bbox 2146 2172 2241 2223; x_wconf 85' lang='grc' dir='ltr'>γον</span> <span class='ocrx_word' id='word_1_333' title='bbox 2260 2154 2433 2217; x_wconf 75' lang='grc' dir='ltr'>ὑετὸν,</span> <span class='ocrx_word' id='word_1_334' title='bbox 2450 2153 2508 2205; x_wconf 66' lang='grc' dir='ltr'>τὸ</span> <span class='ocrx_word' id='word_1_335' title='bbox 2528 2151 2747 2221; x_wconf 65' lang='grc' dir='ltr'>δαψιλὲς</span> <span class='ocrx_word' id='word_1_336' title='bbox 2765 2150 2961 2219; x_wconf 80' lang='grc' dir='ltr'>δάκρυ,</span> <span class='ocrx_word' id='word_1_337' title='bbox 2979 2146 3331 2214; x_wconf 82' lang='grc' dir='ltr'>κατάγοντες.</span> <span class='ocrx_word' id='word_1_338' title='bbox 3347 2144 3469 2196; x_wconf 79' lang='grc' dir='ltr'><strong>Κᾶν</strong></span> <span class='ocrx_word' id='word_1_339' title='bbox 3490 2143 3730 2207; x_wconf 78' lang='grc' dir='ltr'>ἐξέλιπον</span> 
     </span>
    </p>
   </div>
   <div class='ocr_carea' id='block_1_51' title="bbox 2150 2236 3731 2314">
    <p class='ocr_par' dir='ltr' id='par_1_51' title="bbox 2150 2236 3731 2314">
     <span class='ocr_line' id='line_1_51' title="bbox 2150 2236 3731 2314; baseline -0.009 -13"><span class='ocrx_word' id='word_1_340' title='bbox 2150 2249 2229 2311; x_wconf 86' lang='grc' dir='ltr'><strong>εἰς</strong></span> <span class='ocrx_word' id='word_1_341' title='bbox 2266 2247 2326 2300; x_wconf 83' lang='grc' dir='ltr'>τὸ</span> <span class='ocrx_word' id='word_1_342' title='bbox 2357 2244 2643 2313; x_wconf 79' lang='grc' dir='ltr'>παντελὲς,</span> <span class='ocrx_word' id='word_1_343' title='bbox 2680 2246 2728 2297; x_wconf 89' lang='grc' dir='ltr'>εἰ</span> <span class='ocrx_word' id='word_1_344' title='bbox 2765 2242 2841 2314; x_wconf 81' lang='grc' dir='ltr'>μὴ</span> <span class='ocrx_word' id='word_1_345' title='bbox 2870 2242 2960 2295; x_wconf 82' lang='grc' dir='ltr'><strong>τὸν</strong></span> <span class='ocrx_word' id='word_1_346' title='bbox 2983 2239 3080 2293; x_wconf 82' lang='grc' dir='ltr'>τοῦ</span> <span class='ocrx_word' id='word_1_347' title='bbox 3107 2238 3365 2308; x_wconf 83' lang='grc' dir='ltr'>θεμελίου</span> <span class='ocrx_word' id='word_1_348' title='bbox 3392 2237 3563 2290; x_wconf 80' lang='grc' dir='ltr'>τόπον</span> <span class='ocrx_word' id='word_1_349' title='bbox 3589 2236 3731 2287; x_wconf 78' lang='grc' dir='ltr'>ὲκεῖο</span> 
     </span>
    </p>
   </div>
   <div class='ocr_carea' id='block_1_52' title="bbox 2151 2326 3731 2404">
    <p class='ocr_par' dir='ltr' id='par_1_52' title="bbox 2151 2326 3731 2404">
     <span class='ocr_line' id='line_1_52' title="bbox 2151 2326 3731 2404; baseline -0.007 -17"><span class='ocrx_word' id='word_1_350' title='bbox 2151 2351 2239 2387; x_wconf 87' lang='grc' dir='ltr'><strong>νον</strong></span> <span class='ocrx_word' id='word_1_351' title='bbox 2266 2333 2532 2404; x_wconf 80' lang='grc' dir='ltr'>ἀρτιωθέν</span> <span class='ocrx_word' id='word_1_352' title='bbox 2545 2350 2605 2387; x_wconf 74' lang='grc' dir='ltr'><strong>εα</strong></span> <span class='ocrx_word' id='word_1_353' title='bbox 2630 2328 2792 2396; x_wconf 79' lang='grc' dir='ltr'>εἶδον,</span> <span class='ocrx_word' id='word_1_354' title='bbox 2829 2330 2954 2395; x_wconf 80' lang='grc' dir='ltr'>τοὺς</span> <span class='ocrx_word' id='word_1_355' title='bbox 2989 2330 3227 2399; x_wconf 76' lang='grc' dir='ltr'>βασιλεῖς</span> <span class='ocrx_word' id='word_1_356' title='bbox 3261 2327 3440 2398; x_wconf 77' lang='grc' dir='ltr'>ἡμῶν,</span> <span class='ocrx_word' id='word_1_357' title='bbox 3467 2327 3567 2397; x_wconf 76' lang='grc' dir='ltr'>τὴν</span> <span class='ocrx_word' id='word_1_358' title='bbox 3597 2326 3731 2378; x_wconf 73' lang='lat' dir='ltr'><strong>Osto-</strong></span> 
     </span>
    </p>
   </div>
   <div class='ocr_carea' id='block_1_53' title="bbox 2151 2419 3730 2496">
    <p class='ocr_par' dir='ltr' id='par_1_53' title="bbox 2151 2419 3730 2496">
     <span class='ocr_line' id='line_1_53' title="bbox 2151 2419 3730 2496; baseline -0.008 -16"><span class='ocrx_word' id='word_1_359' title='bbox 2151 2427 2321 2495; x_wconf 71' lang='grc' dir='ltr'>τάτην</span> <span class='ocrx_word' id='word_1_360' title='bbox 2377 2425 2646 2496; x_wconf 78' lang='grc' dir='ltr'>κορυφὴν,</span> <span class='ocrx_word' id='word_1_361' title='bbox 2697 2426 2747 2479; x_wconf 82' lang='grc' dir='ltr'>οἳ</span> <span class='ocrx_word' id='word_1_362' title='bbox 2795 2424 2891 2494; x_wconf 80' lang='grc' dir='ltr'><strong>τὴν</strong></span> <span class='ocrx_word' id='word_1_363' title='bbox 2945 2423 3040 2476; x_wconf 80' lang='grc' dir='ltr'><strong>τοῦ</strong></span> <span class='ocrx_word' id='word_1_364' title='bbox 3072 2422 3310 2492; x_wconf 78' lang='grc' dir='ltr'>κράτους</span> <span class='ocrx_word' id='word_1_365' title='bbox 3365 2420 3573 2491; x_wconf 62' lang='grc' dir='ltr'>ὀροφὴν</span> <span class='ocrx_word' id='word_1_366' title='bbox 3605 2419 3730 2488; x_wconf 75' lang='grc' dir='ltr'>ἡμῖν</span> 
     </span>
    </p>
   </div>
   <div class='ocr_carea' id='block_1_54' title="bbox 2154 2512 3730 2589">
    <p class='ocr_par' dir='ltr' id='par_1_54' title="bbox 2154 2512 3730 2589">
     <span class='ocr_line' id='line_1_54' title="bbox 2154 2512 3730 2589; baseline -0.007 -16"><span class='ocrx_word' id='word_1_367' title='bbox 2154 2517 2540 2589; x_wconf 78' lang='grc' dir='ltr'>ὑπανέχουσιν.</span> <span class='ocrx_word' id='word_1_368' title='bbox 2569 2516 2674 2581; x_wconf 84' lang='grc' dir='ltr'>Οὒς</span> <span class='ocrx_word' id='word_1_369' title='bbox 2706 2519 2801 2571; x_wconf 73' lang='grc' dir='ltr'>καὶ</span> <span class='ocrx_word' id='word_1_370' title='bbox 2830 2516 2916 2588; x_wconf 74' lang='grc' dir='ltr'>εἴη</span> <span class='ocrx_word' id='word_1_371' title='bbox 2975 2514 3259 2586; x_wconf 75' lang='grc' dir='ltr'>συντηρῶν</span> <span class='ocrx_word' id='word_1_372' title='bbox 3315 2513 3531 2581; x_wconf 78' lang='grc' dir='ltr'>παγίως</span> <span class='ocrx_word' id='word_1_373' title='bbox 3571 2512 3730 2582; x_wconf 74' lang='grc' dir='ltr'>βεϐη-</span> 
     </span>
    </p>
   </div>
   <div class='ocr_carea' id='block_1_55' title="bbox 2155 2605 3730 2682">
    <p class='ocr_par' dir='ltr' id='par_1_55' title="bbox 2155 2605 3730 2682">
     <span class='ocr_line' id='line_1_55' title="bbox 2155 2605 3730 2682; baseline -0.008 -15"><span class='ocrx_word' id='word_1_374' title='bbox 2155 2614 2320 2675; x_wconf 87' lang='grc' dir='ltr'>κότας</span> <span class='ocrx_word' id='word_1_375' title='bbox 2354 2614 2383 2665; x_wconf 76' lang='grc' dir='ltr'>ὁ</span> <span class='ocrx_word' id='word_1_376' title='bbox 2441 2612 2612 2682; x_wconf 82' lang='grc' dir='ltr'>μέγας</span> <span class='ocrx_word' id='word_1_377' title='bbox 2642 2610 2925 2679; x_wconf 83' lang='grc' dir='ltr'>οἰκοδόμος</span> <span class='ocrx_word' id='word_1_378' title='bbox 2974 2610 3131 2674; x_wconf 80' lang='grc' dir='ltr'>Θεὸς,</span> <span class='ocrx_word' id='word_1_379' title='bbox 3168 2611 3195 2661; x_wconf 83' lang='grc' dir='ltr'><strong>ό</strong></span> <span class='ocrx_word' id='word_1_380' title='bbox 3233 2607 3309 2678; x_wconf 84' lang='grc' dir='ltr'>μὴ</span> <span class='ocrx_word' id='word_1_381' title='bbox 3339 2608 3499 2677; x_wconf 88' lang='grc' dir='ltr'>μόνον</span> <span class='ocrx_word' id='word_1_382' title='bbox 3554 2605 3730 2665; x_wconf 81' lang='grc' dir='ltr'>πόλεις</span> 
     </span>
    </p>
   </div>
   <div class='ocr_carea' id='block_1_56' title="bbox 2155 2698 3731 2773">
    <p class='ocr_par' dir='ltr' id='par_1_56' title="bbox 2155 2698 3731 2773">
     <span class='ocr_line' id='line_1_56' title="bbox 2155 2698 3731 2773; baseline 0.001 -25"><span class='ocrx_word' id='word_1_383' title='bbox 2155 2701 2572 2773; x_wconf 60' lang='grc' dir='ltr'>οἰκοδομῶνηᾶς</span> <span class='ocrx_word' id='word_1_384' title='bbox 2597 2703 2646 2754; x_wconf 91' lang='grc' dir='ltr'><strong>εἰ</strong></span> <span class='ocrx_word' id='word_1_385' title='bbox 2678 2701 2753 2769; x_wconf 76' lang='grc' dir='ltr'>μὴ</span> <span class='ocrx_word' id='word_1_386' title='bbox 2784 2699 3010 2768; x_wconf 81' lang='grc' dir='ltr'>φυλάξει</span> <span class='ocrx_word' id='word_1_387' title='bbox 3035 2700 3219 2764; x_wconf 80' lang='grc' dir='ltr'>αὐτὸς,</span> <span class='ocrx_word' id='word_1_388' title='bbox 3246 2701 3328 2763; x_wconf 85' lang='grc' dir='ltr'><strong>είς</strong></span> <span class='ocrx_word' id='word_1_389' title='bbox 3355 2698 3537 2769; x_wconf 79' lang='grc' dir='ltr'>μάτην</span> <span class='ocrx_word' id='word_1_390' title='bbox 3568 2699 3731 2765; x_wconf 77' lang='grc' dir='ltr'>ἀγρυ-</span> 
     </span>
    </p>
   </div>
   <div class='ocr_carea' id='block_1_57' title="bbox 2157 2788 3730 2867">
    <p class='ocr_par' dir='ltr' id='par_1_57' title="bbox 2157 2788 3730 2867">
     <span class='ocr_line' id='line_1_57' title="bbox 2157 2788 3730 2867; baseline -0.006 -18"><span class='ocrx_word' id='word_1_391' title='bbox 2157 2795 2497 2867; x_wconf 79' lang='grc' dir='ltr'>πνηθήσεται</span> <span class='ocrx_word' id='word_1_392' title='bbox 2526 2795 2557 2862; x_wconf 81' lang='grc' dir='ltr'><strong>ἡ</strong></span> <span class='ocrx_word' id='word_1_393' title='bbox 2593 2792 2807 2863; x_wconf 86' lang='grc' dir='ltr'>φυλακή</span> <span class='ocrx_word' id='word_1_394' title='bbox 2834 2809 2847 2822; x_wconf 86' lang='grc'><strong>·</strong></span> <span class='ocrx_word' id='word_1_395' title='bbox 2881 2792 3016 2844; x_wconf 77' lang='grc' dir='ltr'>ἀλλὰ</span> <span class='ocrx_word' id='word_1_396' title='bbox 3053 2794 3146 2844; x_wconf 75' lang='grc' dir='ltr'><strong>καὶ</strong></span> <span class='ocrx_word' id='word_1_397' title='bbox 3178 2790 3511 2861; x_wconf 81' lang='grc' dir='ltr'>πηλοποιῖαν</span> <span class='ocrx_word' id='word_1_398' title='bbox 3566 2788 3730 2841; x_wconf 85' lang='grc' dir='ltr'><strong>πλάτ⁴</strong></span> 
     </span>
    </p>
   </div>
   <div class='ocr_carea' id='block_1_58' title="bbox 2156 2880 3727 2956">
    <p class='ocr_par' dir='ltr' id='par_1_58' title="bbox 2156 2880 3727 2956">
     <span class='ocr_line' id='line_1_58' title="bbox 2156 2880 3727 2956; baseline -0.004 -16"><span class='ocrx_word' id='word_1_399' title='bbox 2156 2904 2266 2942; x_wconf 88' lang='grc' dir='ltr'><strong>των</strong></span> <span class='ocrx_word' id='word_1_400' title='bbox 2314 2887 2397 2950; x_wconf 85' lang='grc' dir='ltr'><strong>είς</strong></span> <span class='ocrx_word' id='word_1_401' title='bbox 2434 2884 2497 2939; x_wconf 78' lang='grc' dir='ltr'><strong>τὸ</strong></span> <span class='ocrx_word' id='word_1_402' title='bbox 2528 2885 2866 2956; x_wconf 78' lang='grc' dir='ltr'>στερέμνιον,</span> <span class='ocrx_word' id='word_1_403' title='bbox 2922 2884 3018 2937; x_wconf 80' lang='grc' dir='ltr'>καὶ</span> <span class='ocrx_word' id='word_1_404' title='bbox 3067 2884 3253 2946; x_wconf 86' lang='grc' dir='ltr'>οίκους</span> <span class='ocrx_word' id='word_1_405' title='bbox 3282 2880 3460 2944; x_wconf 77' lang='grc' dir='ltr'>οὕτως</span> <span class='ocrx_word' id='word_1_406' title='bbox 3521 2880 3727 2935; x_wconf 82' lang='grc' dir='ltr'>οίκοδοο</span> 
     </span>
    </p>
   </div>
   <div class='ocr_carea' id='block_1_59' title="bbox 465 2963 2050 3048">
    <p class='ocr_par' dir='ltr' id='par_1_59' title="bbox 465 2963 2050 3041">
     <span class='ocr_line' id='line_1_59' title="bbox 465 2963 2050 3041; baseline 0.007 -26"><span class='ocrx_word' id='word_1_407' title='bbox 465 2963 548 3018; x_wconf 88' lang='lat' dir='ltr'><strong>sic</strong></span> <span class='ocrx_word' id='word_1_408' title='bbox 596 2964 876 3023; x_wconf 60' lang='lat' dir='ltr'><strong>aedificanti</strong></span> <span class='ocrx_word' id='word_1_409' title='bbox 910 3007 926 3033; x_wconf 95' lang='lat'><strong>,</strong></span> <span class='ocrx_word' id='word_1_410' title='bbox 980 2965 1116 3022; x_wconf 87' lang='lat' dir='ltr'><strong>alias</strong></span> <span class='ocrx_word' id='word_1_411' title='bbox 1169 2968 1223 3022; x_wconf 91' lang='lat' dir='ltr'><strong>in</strong></span> <span class='ocrx_word' id='word_1_412' title='bbox 1279 2968 1622 3037; x_wconf 88' lang='lat' dir='ltr'><strong>hominibus,</strong></span> <span class='ocrx_word' id='word_1_413' title='bbox 1647 2979 1701 3024; x_wconf 91' lang='lat' dir='ltr'><strong>et</strong></span> <span class='ocrx_word' id='word_1_414' title='bbox 1749 2972 2050 3041; x_wconf 74' lang='lat' dir='ltr'><strong>praesertim</strong></span> 
     </span>
    </p>
   </div>
   <div class='ocr_carea' id='block_1_60' title="bbox 2154 2963 3730 3048">
    <p class='ocr_par' dir='ltr' id='par_1_60' title="bbox 2163 2970 3730 3048">
     <span class='ocr_line' id='line_1_60' title="bbox 2163 2970 3730 3048; baseline -0.006 -16"><span class='ocrx_word' id='word_1_415' title='bbox 2163 2980 2303 3048; x_wconf 84' lang='grc' dir='ltr'>μῶν,</span> <span class='ocrx_word' id='word_1_416' title='bbox 2334 2976 2460 3040; x_wconf 84' lang='grc' dir='ltr'>τούς</span> <span class='ocrx_word' id='word_1_417' title='bbox 2488 2994 2549 3030; x_wconf 90' lang='grc' dir='ltr'><strong>τε</strong></span> <span class='ocrx_word' id='word_1_418' title='bbox 2572 2975 2767 3037; x_wconf 81' lang='grc' dir='ltr'>ἄλλους</span> <span class='ocrx_word' id='word_1_419' title='bbox 2786 2975 2912 3036; x_wconf 82' lang='grc' dir='ltr'>τοὺς</span> <span class='ocrx_word' id='word_1_420' title='bbox 2938 2974 2998 3026; x_wconf 84' lang='grc' dir='ltr'>ὲν</span> <span class='ocrx_word' id='word_1_421' title='bbox 3016 2970 3355 3042; x_wconf 76' lang='grc' dir='ltr'>ἀνθρώποις,</span> <span class='ocrx_word' id='word_1_422' title='bbox 3374 2973 3471 3022; x_wconf 86' lang='grc' dir='ltr'>καὶ</span> <span class='ocrx_word' id='word_1_423' title='bbox 3500 2970 3730 3041; x_wconf 82' lang='grc' dir='ltr'>μάλιστα</span> 
     </span>
    </p>
   </div>
   <div class='ocr_carea' id='block_1_61' title="bbox 470 3056 2050 3162">
    <p class='ocr_par' dir='ltr' id='par_1_61' title="bbox 470 3059 2050 3134">
     <span class='ocr_line' id='line_1_61' title="bbox 470 3059 2050 3134; baseline 0.005 -23"><span class='ocrx_word' id='word_1_424' title='bbox 470 3059 762 3124; x_wconf 79' lang='lat' dir='ltr'><strong>maximas,</strong></span> <span class='ocrx_word' id='word_1_425' title='bbox 798 3074 921 3129; x_wconf 60' lang='lat' dir='ltr'><strong>quae</strong></span> <span class='ocrx_word' id='word_1_426' title='bbox 958 3059 1025 3114; x_wconf 87' lang='lat' dir='ltr'><strong>ad</strong></span> <span class='ocrx_word' id='word_1_427' title='bbox 1057 3059 1431 3117; x_wconf 84' lang='lat' dir='ltr'><strong>defensionem</strong></span> <span class='ocrx_word' id='word_1_428' title='bbox 1464 3062 1532 3117; x_wconf 88' lang='lat' dir='ltr'><strong>ab</strong></span> <span class='ocrx_word' id='word_1_429' title='bbox 1551 3063 1697 3117; x_wconf 91' lang='lat' dir='ltr'><strong>omni</strong></span> <span class='ocrx_word' id='word_1_430' title='bbox 1728 3062 1872 3118; x_wconf 89' lang='lat' dir='ltr'><strong>malo</strong></span> <span class='ocrx_word' id='word_1_431' title='bbox 1905 3063 2050 3134; x_wconf 90' lang='lat' dir='ltr'><strong>quod</strong></span> 
     </span>
    </p>
   </div>
   <div class='ocr_carea' id='block_1_62' title="bbox 2154 3056 3727 3162">
    <p class='ocr_par' dir='ltr' id='par_1_62' title="bbox 2162 3056 3727 3139">
     <span class='ocr_line' id='line_1_62' title="bbox 2162 3056 3727 3139; baseline -0.008 -16"><span class='ocrx_word' id='word_1_432' title='bbox 2162 3069 2288 3133; x_wconf 78' lang='grc' dir='ltr'>τοὺς</span> <span class='ocrx_word' id='word_1_433' title='bbox 2320 3069 2635 3139; x_wconf 85' lang='grc' dir='ltr'>μεγίστους,</span> <span class='ocrx_word' id='word_1_434' title='bbox 2666 3065 2714 3118; x_wconf 82' lang='grc' dir='ltr'>οἳ</span> <span class='ocrx_word' id='word_1_435' title='bbox 2753 3064 2890 3134; x_wconf 83' lang='grc' dir='ltr'>πρὸς</span> <span class='ocrx_word' id='word_1_436' title='bbox 2920 3063 3168 3134; x_wconf 83' lang='grc' dir='ltr'>ἀλεωρὴν</span> <span class='ocrx_word' id='word_1_437' title='bbox 3200 3061 3399 3125; x_wconf 75' lang='grc' dir='ltr'>παντὸς</span> <span class='ocrx_word' id='word_1_438' title='bbox 3433 3059 3609 3114; x_wconf 84' lang='grc' dir='ltr'>κακοῦ</span> <span class='ocrx_word' id='word_1_439' title='bbox 3638 3056 3727 3112; x_wconf 82' lang='grc' dir='ltr'>τοῦ</span> 
     </span>
    </p>
   </div>
   <div class='ocr_carea' id='block_1_63' title="bbox 475 3151 2050 3231">
    <p class='ocr_par' dir='ltr' id='par_1_63' title="bbox 475 3151 2050 3225">
     <span class='ocr_line' id='line_1_63' title="bbox 475 3151 2050 3225; baseline 0.006 -22"><span class='ocrx_word' id='word_1_440' title='bbox 475 3151 531 3204; x_wconf 90' lang='lat' dir='ltr'><strong>in</strong></span> <span class='ocrx_word' id='word_1_441' title='bbox 556 3151 762 3206; x_wconf 88' lang='lat' dir='ltr'><strong>mundo</strong></span> <span class='ocrx_word' id='word_1_442' title='bbox 793 3166 914 3211; x_wconf 83' lang='lat' dir='ltr'><strong>esse</strong></span> <span class='ocrx_word' id='word_1_443' title='bbox 944 3159 1153 3222; x_wconf 84' lang='lat' dir='ltr'><strong>potest,</strong></span> <span class='ocrx_word' id='word_1_444' title='bbox 1175 3170 1228 3208; x_wconf 81' lang='lat' dir='ltr'><strong>in</strong></span> <span class='ocrx_word' id='word_1_445' title='bbox 1262 3157 1376 3210; x_wconf 84' lang='lat' dir='ltr'><strong>alto</strong></span> <span class='ocrx_word' id='word_1_446' title='bbox 1409 3155 1581 3225; x_wconf 89' lang='lat' dir='ltr'><strong>gradu</strong></span> <span class='ocrx_word' id='word_1_447' title='bbox 1608 3156 1893 3212; x_wconf 77' lang='lat' dir='ltr'><strong>aedificatae</strong></span> <span class='ocrx_word' id='word_1_448' title='bbox 1925 3166 2050 3214; x_wconf 87' lang='lat' dir='ltr'><strong>sunt</strong></span> 
     </span>
    </p>
   </div>
   <div class='ocr_carea' id='block_1_64' title="bbox 2154 3151 3729 3231">
    <p class='ocr_par' dir='ltr' id='par_1_64' title="bbox 2162 3151 3729 3231">
     <span class='ocr_line' id='line_1_64' title="bbox 2162 3151 3729 3231; baseline -0.008 -17"><span class='ocrx_word' id='word_1_449' title='bbox 2162 3161 2219 3214; x_wconf 76' lang='grc' dir='ltr'>ἐν</span> <span class='ocrx_word' id='word_1_450' title='bbox 2245 3161 2437 3231; x_wconf 84' lang='grc' dir='ltr'>κόσμῳ</span> <span class='ocrx_word' id='word_1_451' title='bbox 2497 3157 2947 3228; x_wconf 79' lang='grc' dir='ltr'>άνῳκοδόμηνται</span> <span class='ocrx_word' id='word_1_452' title='bbox 3003 3152 3153 3226; x_wconf 82' lang='grc' dir='ltr'>(τοὺς</span> <span class='ocrx_word' id='word_1_453' title='bbox 3207 3152 3452 3221; x_wconf 77' lang='grc' dir='ltr'>βασιλεῖς</span> <span class='ocrx_word' id='word_1_454' title='bbox 3478 3151 3645 3218; x_wconf 82' lang='grc' dir='ltr'>λέγω,</span> <span class='ocrx_word' id='word_1_455' title='bbox 3674 3152 3729 3202; x_wconf 73' lang='grc' dir='ltr'>ἐν</span> 
     </span>
    </p>
   </div>
   <div class='ocr_carea' id='block_1_65' title="bbox 473 3239 2055 3318">
    <p class='ocr_par' dir='ltr' id='par_1_65' title="bbox 473 3239 2055 3318">
     <span class='ocr_line' id='line_1_65' title="bbox 473 3239 2055 3318; baseline 0.005 -24"><span class='ocrx_word' id='word_1_456' title='bbox 473 3239 651 3313; x_wconf 88' lang='lat' dir='ltr'><strong>(reges</strong></span> <span class='ocrx_word' id='word_1_457' title='bbox 673 3251 857 3298; x_wconf 87' lang='lat' dir='ltr'><strong>autem</strong></span> <span class='ocrx_word' id='word_1_458' title='bbox 875 3243 1002 3300; x_wconf 86' lang='lat' dir='ltr'><strong>dico</strong></span> <span class='ocrx_word' id='word_1_459' title='bbox 1023 3245 1078 3298; x_wconf 91' lang='lat' dir='ltr'><strong>in</strong></span> <span class='ocrx_word' id='word_1_460' title='bbox 1103 3244 1306 3314; x_wconf 84' lang='lat' dir='ltr'><strong>quibus</strong></span> <span class='ocrx_word' id='word_1_461' title='bbox 1332 3245 1613 3317; x_wconf 78' lang='lat' dir='ltr'><strong>fastigium</strong></span> <span class='ocrx_word' id='word_1_462' title='bbox 1636 3247 1939 3315; x_wconf 85' lang='lat' dir='ltr'><strong>consistit),</strong></span> <span class='ocrx_word' id='word_1_463' title='bbox 1960 3249 2055 3318; x_wconf 89' lang='lat' dir='ltr'><strong>qui</strong></span> 
     </span>
    </p>
   </div>
   <div class='ocr_carea' id='block_1_66' title="bbox 477 3336 2055 3409">
    <p class='ocr_par' dir='ltr' id='par_1_66' title="bbox 477 3336 2055 3409">
     <span class='ocr_line' id='line_1_66' title="bbox 477 3336 2055 3409; baseline 0.006 -21"><span class='ocrx_word' id='word_1_464' title='bbox 477 3351 637 3404; x_wconf 88' lang='lat' dir='ltr'><strong>reges</strong></span> <span class='ocrx_word' id='word_1_465' title='bbox 669 3336 977 3392; x_wconf 85' lang='lat' dir='ltr'><strong>secundum</strong></span> <span class='ocrx_word' id='word_1_466' title='bbox 1010 3351 1137 3402; x_wconf 85' lang='lat' dir='ltr'><strong>nos,</strong></span> <span class='ocrx_word' id='word_1_467' title='bbox 1167 3353 1402 3406; x_wconf 91' lang='lat' dir='ltr'><strong>quorum</strong></span> <span class='ocrx_word' id='word_1_468' title='bbox 1452 3339 1592 3395; x_wconf 87' lang='lat' dir='ltr'><strong>bene</strong></span> <span class='ocrx_word' id='word_1_469' title='bbox 1638 3342 1808 3409; x_wconf 81' lang='lat' dir='ltr'><strong>gestis</strong></span> <span class='ocrx_word' id='word_1_470' title='bbox 1840 3341 1948 3409; x_wconf 85' lang='lat' dir='ltr'><strong>iam</strong></span> <span class='ocrx_word' id='word_1_471' title='bbox 1986 3342 2055 3397; x_wconf 87' lang='lat' dir='ltr'><strong>ab</strong></span> 
     </span>
    </p>
   </div>
   <div class='ocr_carea' id='block_1_67' title="bbox 472 3416 2059 3501">
    <p class='ocr_par' dir='ltr' id='par_1_67' title="bbox 472 3416 2059 3501">
     <span class='ocr_line' id='line_1_67' title="bbox 472 3416 2059 3501; baseline 0.003 -18"><span class='ocrx_word' id='word_1_472' title='bbox 472 3429 702 3483; x_wconf 77' lang='lat' dir='ltr'><strong>exordio</strong></span> <span class='ocrx_word' id='word_1_473' title='bbox 732 3446 932 3487; x_wconf 91' lang='lat' dir='ltr'><strong>cursus</strong></span> <span class='ocrx_word' id='word_1_474' title='bbox 984 3429 1323 3501; x_wconf 85' lang='lat' dir='ltr'><strong>imperatorii</strong></span> <span class='ocrx_word' id='word_1_475' title='bbox 1373 3416 1637 3489; x_wconf 75' lang='lat' dir='ltr'><strong>cumulati</strong></span> <span class='ocrx_word' id='word_1_476' title='bbox 1694 3449 1889 3489; x_wconf 81' lang='lat' dir='ltr'><strong>sumus</strong></span> <span class='ocrx_word' id='word_1_477' title='bbox 1921 3450 1937 3488; x_wconf 90' lang='lat'>:</span> <span class='ocrx_word' id='word_1_478' title='bbox 1967 3449 2059 3488; x_wconf 87' lang='lat' dir='ltr'><strong>ca-</strong></span> 
     </span>
    </p>
   </div>
   <div class='ocr_carea' id='block_1_68' title="bbox 477 3522 2058 3592">
    <p class='ocr_par' dir='ltr' id='par_1_68' title="bbox 477 3522 2058 3592">
     <span class='ocr_line' id='line_1_68' title="bbox 477 3522 2058 3592; baseline 0.007 -20"><span class='ocrx_word' id='word_1_479' title='bbox 477 3523 632 3591; x_wconf 88' lang='lat' dir='ltr'><strong>piant</strong></span> <span class='ocrx_word' id='word_1_480' title='bbox 692 3522 915 3592; x_wconf 90' lang='lat' dir='ltr'><strong>quidem</strong></span> <span class='ocrx_word' id='word_1_481' title='bbox 969 3524 1099 3579; x_wconf 88' lang='lat' dir='ltr'><strong>inde</strong></span> <span class='ocrx_word' id='word_1_482' title='bbox 1143 3527 1326 3581; x_wconf 82' lang='lat' dir='ltr'><strong>omnis</strong></span> <span class='ocrx_word' id='word_1_483' title='bbox 1380 3525 1460 3580; x_wconf 90' lang='lat' dir='ltr'><strong>rei</strong></span> <span class='ocrx_word' id='word_1_484' title='bbox 1497 3527 1780 3581; x_wconf 74' lang='lat' dir='ltr'><strong>exordium</strong></span> <span class='ocrx_word' id='word_1_485' title='bbox 1812 3566 1827 3589; x_wconf 83' lang='lat'><strong>,</strong></span> <span class='ocrx_word' id='word_1_486' title='bbox 1876 3527 2058 3583; x_wconf 86' lang='lat' dir='ltr'><strong>adhuc</strong></span> 
     </span>
    </p>
   </div>
   <div class='ocr_carea' id='block_1_69' title="bbox 476 3616 2056 3684">
    <p class='ocr_par' dir='ltr' id='par_1_69' title="bbox 476 3616 2056 3684">
     <span class='ocr_line' id='line_1_69' title="bbox 476 3616 2056 3684; baseline 0.006 -19"><span class='ocrx_word' id='word_1_487' title='bbox 476 3629 607 3670; x_wconf 88' lang='lat' dir='ltr'><strong>vero</strong></span> <span class='ocrx_word' id='word_1_488' title='bbox 653 3616 893 3684; x_wconf 79' lang='lat' dir='ltr'><strong>amplius</strong></span> <span class='ocrx_word' id='word_1_489' title='bbox 942 3618 1336 3673; x_wconf 84' lang='lat' dir='ltr'><strong>incrementum</strong></span> <span class='ocrx_word' id='word_1_490' title='bbox 1385 3629 1620 3675; x_wconf 81' lang='lat' dir='ltr'><strong>curante</strong></span> <span class='ocrx_word' id='word_1_491' title='bbox 1674 3619 2056 3676; x_wconf 82' lang='lat' dir='ltr'><strong>similitudinis</strong></span> 
     </span>
    </p>
   </div>
   <div class='ocr_carea' id='block_1_70' title="bbox 475 3704 2055 3783">
    <p class='ocr_par' dir='ltr' id='par_1_70' title="bbox 475 3704 2055 3783">
     <span class='ocr_line' id='line_1_70' title="bbox 475 3704 2055 3783; baseline 0.007 -26"><span class='ocrx_word' id='word_1_492' title='bbox 475 3717 602 3759; x_wconf 87' lang='lat' dir='ltr'><strong>cum</strong></span> <span class='ocrx_word' id='word_1_493' title='bbox 666 3704 776 3760; x_wconf 86' lang='lat' dir='ltr'><strong>Deo</strong></span> <span class='ocrx_word' id='word_1_494' title='bbox 831 3722 928 3776; x_wconf 91' lang='lat' dir='ltr'><strong>per</strong></span> <span class='ocrx_word' id='word_1_495' title='bbox 961 3707 1335 3767; x_wconf 77' lang='lat' dir='ltr'><strong>beneficentiae</strong></span> <span class='ocrx_word' id='word_1_496' title='bbox 1377 3712 1671 3780; x_wconf 84' lang='lat' dir='ltr'><strong>talentum;</strong></span> <span class='ocrx_word' id='word_1_497' title='bbox 1713 3713 1863 3783; x_wconf 91' lang='lat' dir='ltr'><strong>quod</strong></span> <span class='ocrx_word' id='word_1_498' title='bbox 1917 3713 2055 3783; x_wconf 85' lang='lat' dir='ltr'><strong>ipsis</strong></span> 
     </span>
    </p>
   </div>
   <div class='ocr_carea' id='block_1_71' title="bbox 477 3794 2050 3875">
    <p class='ocr_par' dir='ltr' id='par_1_71' title="bbox 477 3794 2050 3875">
     <span class='ocr_line' id='line_1_71' title="bbox 477 3794 2050 3875; baseline 0.008 -26"><span class='ocrx_word' id='word_1_499' title='bbox 477 3794 568 3850; x_wconf 87' lang='lat' dir='ltr'><strong>illa</strong></span> <span class='ocrx_word' id='word_1_500' title='bbox 605 3803 867 3867; x_wconf 87' lang='lat' dir='ltr'><strong>tanquam</strong></span> <span class='ocrx_word' id='word_1_501' title='bbox 900 3800 1058 3855; x_wconf 91' lang='lat' dir='ltr'><strong>bonis</strong></span> <span class='ocrx_word' id='word_1_502' title='bbox 1080 3802 1284 3858; x_wconf 84' lang='lat' dir='ltr'><strong>villicis</strong></span> <span class='ocrx_word' id='word_1_503' title='bbox 1319 3806 1633 3874; x_wconf 88' lang='lat' dir='ltr'><strong>proposuit,</strong></span> <span class='ocrx_word' id='word_1_504' title='bbox 1668 3805 1912 3875; x_wconf 80' lang='lat' dir='ltr'><strong>amplius</strong></span> <span class='ocrx_word' id='word_1_505' title='bbox 1941 3805 2050 3861; x_wconf 88' lang='lat' dir='ltr'><strong>dif-</strong></span> 
     </span>
    </p>
   </div>
   <div class='ocr_carea' id='block_1_72' title="bbox 478 3886 2053 3957">
    <p class='ocr_par' dir='ltr' id='par_1_72' title="bbox 478 3886 2053 3957">
     <span class='ocr_line' id='line_1_72' title="bbox 478 3886 2053 3957; baseline 0.007 -18"><span class='ocrx_word' id='word_1_506' title='bbox 478 3886 636 3942; x_wconf 86' lang='lat' dir='ltr'><strong>fundi</strong></span> <span class='ocrx_word' id='word_1_507' title='bbox 662 3888 857 3957; x_wconf 83' lang='lat' dir='ltr'><strong>volens</strong></span> <span class='ocrx_word' id='word_1_508' title='bbox 881 3889 1085 3944; x_wconf 82' lang='lat' dir='ltr'><strong>bonum</strong></span> <span class='ocrx_word' id='word_1_509' title='bbox 1110 3892 1416 3947; x_wconf 86' lang='lat' dir='ltr'><strong>secundum</strong></span> <span class='ocrx_word' id='word_1_510' title='bbox 1439 3894 1660 3950; x_wconf 77' lang='lat' dir='ltr'><strong>divnam</strong></span> <span class='ocrx_word' id='word_1_511' title='bbox 1689 3895 2053 3953; x_wconf 83' lang='lat' dir='ltr'><strong>imitationem</strong></span> 
     </span>
    </p>
   </div>
   <div class='ocr_carea' id='block_1_73' title="bbox 473 3980 1749 4055">
    <p class='ocr_par' dir='ltr' id='par_1_73' title="bbox 473 3980 1749 4055">
     <span class='ocr_line' id='line_1_73' title="bbox 473 3980 1749 4055; baseline 0.009 -21"><span class='ocrx_word' id='word_1_512' title='bbox 473 3988 528 4034; x_wconf 84' lang='lat' dir='ltr'><strong>et</strong></span> <span class='ocrx_word' id='word_1_513' title='bbox 552 3980 709 4050; x_wconf 83' lang='lat' dir='ltr'><strong>plura</strong></span> <span class='ocrx_word' id='word_1_514' title='bbox 740 3997 866 4039; x_wconf 80' lang='lat' dir='ltr'><strong>esse</strong></span> <span class='ocrx_word' id='word_1_515' title='bbox 892 3983 1159 4038; x_wconf 77' lang='lat' dir='ltr'><strong>beneficia</strong></span> <span class='ocrx_word' id='word_1_516' title='bbox 1186 3996 1406 4055; x_wconf 88' lang='lat' dir='ltr'><strong>recepta</strong></span> <span class='ocrx_word' id='word_1_517' title='bbox 1436 3995 1491 4042; x_wconf 88' lang='lat' dir='ltr'><strong>et</strong></span> <span class='ocrx_word' id='word_1_518' title='bbox 1526 3988 1749 4045; x_wconf 87' lang='lat' dir='ltr'><strong>collata.</strong></span> 
     </span>
    </p>
   </div>
   <div class='ocr_carea' id='block_1_74' title="bbox 547 4070 2056 4149">
    <p class='ocr_par' dir='ltr' id='par_1_74' title="bbox 547 4070 2056 4149">
     <span class='ocr_line' id='line_1_74' title="bbox 547 4070 2056 4149; baseline 0.004 -22"><span class='ocrx_word' id='word_1_519' title='bbox 547 4070 636 4127; x_wconf 90' lang='lat'><strong>80.</strong></span> <span class='ocrx_word' id='word_1_520' title='bbox 658 4071 976 4129; x_wconf 84' lang='lat' dir='ltr'><strong>Sermonem</strong></span> <span class='ocrx_word' id='word_1_521' title='bbox 1000 4075 1261 4144; x_wconf 73' lang='lat' dir='ltr'><strong>produxi,</strong></span> <span class='ocrx_word' id='word_1_522' title='bbox 1280 4091 1314 4132; x_wconf 90' lang='grc' dir='ltr'><strong>ο</strong></span> <span class='ocrx_word' id='word_1_523' title='bbox 1334 4077 1489 4132; x_wconf 86' lang='lat' dir='ltr'><strong>beate</strong></span> <span class='ocrx_word' id='word_1_524' title='bbox 1509 4093 1625 4141; x_wconf 78' lang='lat' dir='ltr'><strong>rex,</strong></span> <span class='ocrx_word' id='word_1_525' title='bbox 1649 4087 1912 4147; x_wconf 86' lang='lat' dir='ltr'><strong>quantum</strong></span> <span class='ocrx_word' id='word_1_526' title='bbox 1931 4093 2056 4149; x_wconf 82' lang='lat' dir='ltr'><strong>per-</strong></span> 
     </span>
    </p>
   </div>
   <div class='ocr_carea' id='block_1_75' title="bbox 482 4163 2059 4238">
    <p class='ocr_par' dir='ltr' id='par_1_75' title="bbox 482 4163 2059 4238">
     <span class='ocr_line' id='line_1_75' title="bbox 482 4163 2059 4238; baseline 0.006 -23"><span class='ocrx_word' id='word_1_527' title='bbox 482 4163 735 4218; x_wconf 88' lang='lat' dir='ltr'><strong>mittebat</strong></span> <span class='ocrx_word' id='word_1_528' title='bbox 781 4174 1015 4235; x_wconf 89' lang='lat' dir='ltr'><strong>tempus.</strong></span> <span class='ocrx_word' id='word_1_529' title='bbox 1041 4167 1260 4225; x_wconf 76' lang='lat' dir='ltr'><strong>Dixisso</strong></span> <span class='ocrx_word' id='word_1_530' title='bbox 1287 4169 1453 4236; x_wconf 87' lang='lat' dir='ltr'><strong>enim,</strong></span> <span class='ocrx_word' id='word_1_531' title='bbox 1489 4178 1757 4238; x_wconf 87' lang='lat' dir='ltr'><strong>quantum</strong></span> <span class='ocrx_word' id='word_1_532' title='bbox 1800 4168 2059 4236; x_wconf 77' lang='lat' dir='ltr'><strong>facultas,</strong></span> 
     </span>
    </p>
   </div>
   <div class='ocr_carea' id='block_1_76' title="bbox 2156 3238 3729 3321">
    <p class='ocr_par' dir='ltr' id='par_1_76' title="bbox 2156 3238 3729 3321">
     <span class='ocr_line' id='line_1_76' title="bbox 2156 3238 3729 3321; baseline -0.008 -16"><span class='ocrx_word' id='word_1_533' title='bbox 2156 3248 2239 3315; x_wconf 80' lang='grc' dir='ltr'>οἷς</span> <span class='ocrx_word' id='word_1_534' title='bbox 2267 3251 2327 3304; x_wconf 78' lang='grc' dir='ltr'><strong>τὸ</strong></span> <span class='ocrx_word' id='word_1_535' title='bbox 2350 3249 2696 3321; x_wconf 84' lang='grc' dir='ltr'>κορυφαῖον),</span> <span class='ocrx_word' id='word_1_536' title='bbox 2727 3249 2776 3301; x_wconf 90' lang='grc' dir='ltr'><strong>οἰ</strong></span> <span class='ocrx_word' id='word_1_537' title='bbox 2817 3247 2941 3301; x_wconf 86' lang='grc' dir='ltr'>καθ’</span> <span class='ocrx_word' id='word_1_538' title='bbox 2980 3247 3153 3316; x_wconf 83' lang='grc' dir='ltr'>ἡμᾶς,</span> <span class='ocrx_word' id='word_1_539' title='bbox 3178 3238 3253 3298; x_wconf 84' lang='grc' dir='ltr'>ὧν</span> <span class='ocrx_word' id='word_1_540' title='bbox 3278 3245 3378 3313; x_wconf 86' lang='grc' dir='ltr'><strong>τῆς</strong></span> <span class='ocrx_word' id='word_1_541' title='bbox 3408 3243 3729 3312; x_wconf 81' lang='grc' dir='ltr'>εὐεργεσίας</span> 
     </span>
    </p>
   </div>
   <div class='ocr_carea' id='block_1_77' title="bbox 2157 3336 3733 3413">
    <p class='ocr_par' dir='ltr' id='par_1_77' title="bbox 2157 3336 3733 3413">
     <span class='ocr_line' id='line_1_77' title="bbox 2157 3336 3733 3413; baseline -0.007 -16"><span class='ocrx_word' id='word_1_542' title='bbox 2157 3345 2217 3408; x_wconf 70' lang='grc' dir='ltr'><strong>ἐξ</strong></span> <span class='ocrx_word' id='word_1_543' title='bbox 2242 3344 2424 3397; x_wconf 84' lang='grc' dir='ltr'>αὐτῶν</span> <span class='ocrx_word' id='word_1_544' title='bbox 2451 3343 2549 3413; x_wconf 75' lang='grc' dir='ltr'><strong>ἥδη</strong></span> <span class='ocrx_word' id='word_1_545' title='bbox 2586 3341 2855 3411; x_wconf 79' lang='grc' dir='ltr'>βαλϐίδων</span> <span class='ocrx_word' id='word_1_546' title='bbox 2878 3339 2974 3393; x_wconf 74' lang='grc' dir='ltr'>τοῦ</span> <span class='ocrx_word' id='word_1_547' title='bbox 3004 3339 3108 3409; x_wconf 81' lang='grc' dir='ltr'>τῆς</span> <span class='ocrx_word' id='word_1_548' title='bbox 3140 3336 3578 3407; x_wconf 79' lang='grc' dir='ltr'>αὐτοκρατορίας</span> <span class='ocrx_word' id='word_1_549' title='bbox 3617 3336 3733 3404; x_wconf 74' lang='grc' dir='ltr'>δρό-</span> 
     </span>
    </p>
   </div>
   <div class='ocr_carea' id='block_1_78' title="bbox 2160 3424 3731 3506">
    <p class='ocr_par' dir='ltr' id='par_1_78' title="bbox 2160 3424 3731 3506">
     <span class='ocr_line' id='line_1_78' title="bbox 2160 3424 3731 3506; baseline -0.006 -18"><span class='ocrx_word' id='word_1_550' title='bbox 2160 3452 2264 3506; x_wconf 91' lang='grc' dir='ltr'><strong>μου</strong></span> <span class='ocrx_word' id='word_1_551' title='bbox 2313 3432 2800 3504; x_wconf 78' lang='grc' dir='ltr'>άνεπιμπλάμεθα.</span> <span class='ocrx_word' id='word_1_552' title='bbox 2834 3431 3126 3487; x_wconf 77' lang='grc' dir='ltr'>Δαδόντων</span> <span class='ocrx_word' id='word_1_553' title='bbox 3158 3430 3259 3499; x_wconf 73' lang='grc' dir='ltr'><strong>μὲν</strong></span> <span class='ocrx_word' id='word_1_554' title='bbox 3293 3428 3506 3482; x_wconf 77' lang='grc' dir='ltr'>ἐκεῖθεν</span> <span class='ocrx_word' id='word_1_555' title='bbox 3538 3427 3599 3480; x_wconf 76' lang='grc' dir='ltr'><strong>τὸ</strong></span> <span class='ocrx_word' id='word_1_556' title='bbox 3641 3424 3731 3479; x_wconf 81' lang='grc' dir='ltr'>τοῦ</span> 
     </span>
    </p>
   </div>
   <div class='ocr_carea' id='block_1_79' title="bbox 2158 3520 3734 3597">
    <p class='ocr_par' dir='ltr' id='par_1_79' title="bbox 2158 3520 3734 3597">
     <span class='ocr_line' id='line_1_79' title="bbox 2158 3520 3734 3597; baseline -0.008 -15"><span class='ocrx_word' id='word_1_557' title='bbox 2158 3527 2361 3591; x_wconf 84' lang='grc' dir='ltr'>παντὸς</span> <span class='ocrx_word' id='word_1_558' title='bbox 2399 3527 2703 3596; x_wconf 74' lang='grc' dir='ltr'>ἐνδόσιμον,</span> <span class='ocrx_word' id='word_1_559' title='bbox 2757 3522 3325 3597; x_wconf 80' lang='grc' dir='ltr'>προσεπαυξανόντων</span> <span class='ocrx_word' id='word_1_560' title='bbox 3378 3521 3436 3574; x_wconf 77' lang='grc' dir='ltr'><strong>δὲ</strong></span> <span class='ocrx_word' id='word_1_561' title='bbox 3487 3524 3587 3572; x_wconf 83' lang='grc' dir='ltr'>καὶ</span> <span class='ocrx_word' id='word_1_562' title='bbox 3647 3520 3734 3571; x_wconf 75' lang='grc' dir='ltr'>ἐπὶ</span> 
     </span>
    </p>
   </div>
   <div class='ocr_carea' id='block_1_80' title="bbox 2156 3609 3735 3691">
    <p class='ocr_par' dir='ltr' id='par_1_80' title="bbox 2156 3609 3735 3691">
     <span class='ocr_line' id='line_1_80' title="bbox 2156 3609 3735 3691; baseline -0.009 -16"><span class='ocrx_word' id='word_1_563' title='bbox 2156 3621 2324 3676; x_wconf 84' lang='grc' dir='ltr'>πλέον</span> <span class='ocrx_word' id='word_1_564' title='bbox 2342 3621 2404 3673; x_wconf 77' lang='grc' dir='ltr'>τὸ</span> <span class='ocrx_word' id='word_1_565' title='bbox 2425 3619 2709 3691; x_wconf 70' lang='grc' dir='ltr'>ἐξομοιοῦν</span> <span class='ocrx_word' id='word_1_566' title='bbox 2742 3618 2867 3687; x_wconf 77' lang='grc' dir='ltr'><strong>θεῷ</strong></span> <span class='ocrx_word' id='word_1_567' title='bbox 2892 3620 2993 3687; x_wconf 85' lang='grc' dir='ltr'>τῆς</span> <span class='ocrx_word' id='word_1_568' title='bbox 3022 3615 3350 3685; x_wconf 74' lang='grc' dir='ltr'>εὐεργεσίας</span> <span class='ocrx_word' id='word_1_569' title='bbox 3374 3611 3644 3665; x_wconf 85' lang='grc' dir='ltr'>τάλαντον</span> <span class='ocrx_word' id='word_1_570' title='bbox 3665 3628 3678 3642; x_wconf 91' lang='grc'><strong>·</strong></span> <span class='ocrx_word' id='word_1_571' title='bbox 3708 3609 3735 3661; x_wconf 84' lang='grc' dir='ltr'><strong>ὃ</strong></span> 
     </span>
    </p>
   </div>
   <div class='ocr_carea' id='block_1_81' title="bbox 2155 3704 3734 3784">
    <p class='ocr_par' dir='ltr' id='par_1_81' title="bbox 2155 3704 3734 3784">
     <span class='ocr_line' id='line_1_81' title="bbox 2155 3704 3734 3784; baseline -0.008 -16"><span class='ocrx_word' id='word_1_572' title='bbox 2155 3714 2222 3784; x_wconf 83' lang='grc' dir='ltr'><strong>δὴ</strong></span> <span class='ocrx_word' id='word_1_573' title='bbox 2249 3714 2432 3778; x_wconf 78' lang='grc' dir='ltr'>αὐτοῖς</span> <span class='ocrx_word' id='word_1_574' title='bbox 2471 3714 2679 3776; x_wconf 69' lang='grc' dir='ltr'>ἐκεῖνος</span> <span class='ocrx_word' id='word_1_575' title='bbox 2727 3710 2803 3774; x_wconf 79' lang='grc' dir='ltr'><strong>ὡς</strong></span> <span class='ocrx_word' id='word_1_576' title='bbox 2826 3709 3051 3777; x_wconf 85' lang='grc' dir='ltr'>ἀγαθοῖς</span> <span class='ocrx_word' id='word_1_577' title='bbox 3088 3706 3393 3776; x_wconf 74' lang='grc' dir='ltr'>οἰκονόμοις</span> <span class='ocrx_word' id='word_1_578' title='bbox 3438 3704 3734 3772; x_wconf 77' lang='grc' dir='ltr'>παρέθετο,</span> 
     </span>
    </p>
   </div>
   <div class='ocr_carea' id='block_1_82' title="bbox 2158 3794 3733 3874">
    <p class='ocr_par' dir='ltr' id='par_1_82' title="bbox 2158 3794 3733 3874">
     <span class='ocr_line' id='line_1_82' title="bbox 2158 3794 3733 3874; baseline -0.01 -13"><span class='ocrx_word' id='word_1_579' title='bbox 2158 3805 2330 3861; x_wconf 76' lang='grc' dir='ltr'>θέλων</span> <span class='ocrx_word' id='word_1_580' title='bbox 2367 3805 2464 3860; x_wconf 73' lang='grc' dir='ltr'><strong>ἐπὶ</strong></span> <span class='ocrx_word' id='word_1_581' title='bbox 2490 3802 2653 3859; x_wconf 70' lang='grc' dir='ltr'>πλέον</span> <span class='ocrx_word' id='word_1_582' title='bbox 2686 3803 2914 3874; x_wconf 77' lang='grc' dir='ltr'>χεθῆναι</span> <span class='ocrx_word' id='word_1_583' title='bbox 2941 3802 3003 3853; x_wconf 82' lang='grc' dir='ltr'><strong>τὸ</strong></span> <span class='ocrx_word' id='word_1_584' title='bbox 3025 3799 3230 3867; x_wconf 74' lang='grc' dir='ltr'>ἀγαθὸν</span> <span class='ocrx_word' id='word_1_585' title='bbox 3261 3795 3406 3850; x_wconf 75' lang='grc' dir='ltr'>κατὰ</span> <span class='ocrx_word' id='word_1_586' title='bbox 3462 3794 3617 3849; x_wconf 86' lang='grc' dir='ltr'>θείαν</span> <span class='ocrx_word' id='word_1_587' title='bbox 3652 3795 3733 3866; x_wconf 76' lang='grc' dir='ltr'>μί·</span> 
     </span>
    </p>
   </div>
   <div class='ocr_carea' id='block_1_83' title="bbox 2157 3884 3734 3967">
    <p class='ocr_par' dir='ltr' id='par_1_83' title="bbox 2157 3884 3734 3967">
     <span class='ocr_line' id='line_1_83' title="bbox 2157 3884 3734 3967; baseline -0.008 -16"><span class='ocrx_word' id='word_1_588' title='bbox 2157 3912 2345 3967; x_wconf 81' lang='grc' dir='ltr'>μησιν,</span> <span class='ocrx_word' id='word_1_589' title='bbox 2367 3896 2463 3948; x_wconf 80' lang='grc' dir='ltr'>καὶ</span> <span class='ocrx_word' id='word_1_590' title='bbox 2490 3891 2630 3947; x_wconf 76' lang='grc' dir='ltr'>εἶναι</span> <span class='ocrx_word' id='word_1_591' title='bbox 2662 3892 2835 3947; x_wconf 87' lang='grc' dir='ltr'>πλείω</span> <span class='ocrx_word' id='word_1_592' title='bbox 2867 3893 2936 3945; x_wconf 79' lang='grc' dir='ltr'>τὰ</span> <span class='ocrx_word' id='word_1_593' title='bbox 2963 3889 3426 3960; x_wconf 84' lang='grc' dir='ltr'>εὐεργετούμενα,</span> <span class='ocrx_word' id='word_1_594' title='bbox 3452 3885 3549 3938; x_wconf 85' lang='grc' dir='ltr'><strong>καί</strong></span> <span class='ocrx_word' id='word_1_595' title='bbox 3576 3901 3641 3954; x_wconf 80' lang='grc' dir='ltr'><strong>γε</strong></span> <span class='ocrx_word' id='word_1_596' title='bbox 3670 3884 3734 3939; x_wconf 69' lang='grc' dir='ltr'>τὰ</span> 
     </span>
    </p>
   </div>
   <div class='ocr_carea' id='block_1_84' title="bbox 2155 3984 2597 4053">
    <p class='ocr_par' dir='ltr' id='par_1_84' title="bbox 2155 3984 2597 4053">
     <span class='ocr_line' id='line_1_84' title="bbox 2155 3984 2597 4053; baseline 0 -16"><span class='ocrx_word' id='word_1_597' title='bbox 2155 3984 2597 4053; x_wconf 77' lang='grc' dir='ltr'>εὐεργετήματα.</span> 
     </span>
    </p>
   </div>
   <div class='ocr_carea' id='block_1_85' title="bbox 2227 4065 3728 4146">
    <p class='ocr_par' dir='ltr' id='par_1_85' title="bbox 2227 4065 3728 4146">
     <span class='ocr_line' id='line_1_85' title="bbox 2227 4065 3728 4146; baseline -0.007 -18"><span class='ocrx_word' id='word_1_598' title='bbox 2227 4082 2305 4129; x_wconf 85' lang='grc' dir='ltr'>π’.</span> <span class='ocrx_word' id='word_1_599' title='bbox 2351 4073 2704 4146; x_wconf 80' lang='grc' dir='ltr'>Ὢσιωσάμην</span> <span class='ocrx_word' id='word_1_600' title='bbox 2734 4072 2826 4129; x_wconf 79' lang='grc' dir='ltr'>τὸν</span> <span class='ocrx_word' id='word_1_601' title='bbox 2853 4073 3032 4141; x_wconf 86' lang='grc' dir='ltr'>λόγον,</span> <span class='ocrx_word' id='word_1_602' title='bbox 3060 4065 3107 4125; x_wconf 80' lang='grc' dir='ltr'><strong>ὦ</strong></span> <span class='ocrx_word' id='word_1_603' title='bbox 3141 4070 3451 4140; x_wconf 81' lang='grc' dir='ltr'>μακαριστὲ</span> <span class='ocrx_word' id='word_1_604' title='bbox 3483 4065 3728 4139; x_wconf 80' lang='grc' dir='ltr'>βασιλεῦ,</span> 
     </span>
    </p>
   </div>
   <div class='ocr_carea' id='block_1_86' title="bbox 2156 4158 3732 4237">
    <p class='ocr_par' dir='ltr' id='par_1_86' title="bbox 2156 4158 3732 4237">
     <span class='ocr_line' id='line_1_86' title="bbox 2156 4158 3732 4237; baseline -0.007 -17"><span class='ocrx_word' id='word_1_605' title='bbox 2156 4168 2240 4231; x_wconf 85' lang='grc' dir='ltr'><strong>εἰς</strong></span> <span class='ocrx_word' id='word_1_606' title='bbox 2259 4169 2384 4221; x_wconf 80' lang='grc' dir='ltr'>ὅσον</span> <span class='ocrx_word' id='word_1_607' title='bbox 2413 4166 2712 4237; x_wconf 76' lang='grc' dir='ltr'>ὲπεμέτρει</span> <span class='ocrx_word' id='word_1_608' title='bbox 2744 4167 2958 4237; x_wconf 84' lang='grc' dir='ltr'>καιρός.</span> <span class='ocrx_word' id='word_1_609' title='bbox 2989 4165 3178 4218; x_wconf 80' lang='grc' dir='ltr'>Είπεῖν</span> <span class='ocrx_word' id='word_1_610' title='bbox 3205 4164 3336 4234; x_wconf 69' lang='grc' dir='ltr'>γὰρ,</span> <span class='ocrx_word' id='word_1_611' title='bbox 3359 4164 3444 4224; x_wconf 86' lang='grc' dir='ltr'><strong>εἰς</strong></span> <span class='ocrx_word' id='word_1_612' title='bbox 3470 4162 3597 4214; x_wconf 84' lang='grc' dir='ltr'>ὅσον</span> <span class='ocrx_word' id='word_1_613' title='bbox 3646 4158 3732 4211; x_wconf 70' lang='grc' dir='ltr'>καὶ</span> 
     </span>
    </p>
   </div>
   <div class='ocr_carea' id='block_1_87' title="bbox 479 4254 2057 4331">
    <p class='ocr_par' dir='ltr' id='par_1_87' title="bbox 479 4254 2057 4331">
     <span class='ocr_line' id='line_1_87' title="bbox 479 4254 2057 4331; baseline 0.004 -25"><span class='ocrx_word' id='word_1_614' title='bbox 479 4257 547 4308; x_wconf 87' lang='lat' dir='ltr'><strong>de</strong></span> <span class='ocrx_word' id='word_1_615' title='bbox 570 4254 673 4310; x_wconf 92' lang='lat' dir='ltr'><strong>hoc</strong></span> <span class='ocrx_word' id='word_1_616' title='bbox 706 4271 835 4312; x_wconf 88' lang='lat' dir='ltr'><strong>vero</strong></span> <span class='ocrx_word' id='word_1_617' title='bbox 867 4258 1196 4328; x_wconf 79' lang='lat' dir='ltr'><strong>vituperatio</strong></span> <span class='ocrx_word' id='word_1_618' title='bbox 1230 4275 1299 4316; x_wconf 89' lang='lat' dir='ltr'><strong>ne</strong></span> <span class='ocrx_word' id='word_1_619' title='bbox 1322 4260 1375 4315; x_wconf 87' lang='lat' dir='ltr'><strong>in</strong></span> <span class='ocrx_word' id='word_1_620' title='bbox 1408 4276 1492 4314; x_wconf 83' lang='lat' dir='ltr'><strong>nte</strong></span> <span class='ocrx_word' id='word_1_621' title='bbox 1523 4260 1683 4317; x_wconf 84' lang='lat' dir='ltr'><strong>cadat</strong></span> <span class='ocrx_word' id='word_1_622' title='bbox 1704 4261 1796 4331; x_wconf 89' lang='lat' dir='ltr'><strong>qui</strong></span> <span class='ocrx_word' id='word_1_623' title='bbox 1824 4261 2057 4330; x_wconf 88' lang='lat' dir='ltr'><strong>tempori</strong></span> 
     </span>
    </p>
   </div>
   <div class='ocr_carea' id='block_1_88' title="bbox 478 4347 2057 4416">
    <p class='ocr_par' dir='ltr' id='par_1_88' title="bbox 478 4347 2057 4416">
     <span class='ocr_line' id='line_1_88' title="bbox 478 4347 2057 4416; baseline 0.007 -17"><span class='ocrx_word' id='word_1_624' title='bbox 478 4347 760 4416; x_wconf 83' lang='lat' dir='ltr'><strong>parcendo</strong></span> <span class='ocrx_word' id='word_1_625' title='bbox 819 4348 874 4404; x_wconf 91' lang='lat' dir='ltr'><strong>in</strong></span> <span class='ocrx_word' id='word_1_626' title='bbox 933 4364 1192 4409; x_wconf 83' lang='lat' dir='ltr'><strong>sermone</strong></span> <span class='ocrx_word' id='word_1_627' title='bbox 1240 4366 1365 4409; x_wconf 84' lang='lat' dir='ltr'><strong>meo</strong></span> <span class='ocrx_word' id='word_1_628' title='bbox 1426 4352 1689 4411; x_wconf 84' lang='lat' dir='ltr'><strong>decorum</strong></span> <span class='ocrx_word' id='word_1_629' title='bbox 1742 4353 2057 4410; x_wconf 84' lang='lat' dir='ltr'><strong>observari.</strong></span> 
     </span>
    </p>
   </div>
   <div class='ocr_carea' id='block_1_89' title="bbox 478 4437 1117 4511">
    <p class='ocr_par' dir='ltr' id='par_1_89' title="bbox 478 4437 1117 4511">
     <span class='ocr_line' id='line_1_89' title="bbox 478 4437 1117 4511; baseline 0.014 -20"><span class='ocrx_word' id='word_1_630' title='bbox 478 4437 634 4494; x_wconf 76' lang='lat' dir='ltr'><strong>Absit</strong></span> <span class='ocrx_word' id='word_1_631' title='bbox 657 4439 829 4511; x_wconf 85' lang='lat' dir='ltr'><strong>igitur</strong></span> <span class='ocrx_word' id='word_1_632' title='bbox 853 4445 1117 4500; x_wconf 77' lang='lat' dir='ltr'><strong>nentesis.</strong></span> 
     </span>
    </p>
   </div>
   <div class='ocr_carea' id='block_1_90' title="bbox 2157 4252 3729 4337">
    <p class='ocr_par' dir='ltr' id='par_1_90' title="bbox 2157 4252 3729 4337">
     <span class='ocr_line' id='line_1_90' title="bbox 2157 4252 3729 4337; baseline -0.009 -22"><span class='ocrx_word' id='word_1_633' title='bbox 2157 4259 2410 4330; x_wconf 83' lang='grc' dir='ltr'>δύναμις,</span> <span class='ocrx_word' id='word_1_634' title='bbox 2443 4259 2545 4313; x_wconf 90' lang='grc' dir='ltr'><strong>οὐκ</strong></span> <span class='ocrx_word' id='word_1_635' title='bbox 2565 4258 2633 4312; x_wconf 80' lang='grc' dir='ltr'><strong>ἂν</strong></span> <span class='ocrx_word' id='word_1_636' title='bbox 2653 4257 2851 4337; x_wconf 71' lang='grc' dir='ltr'>ἀληθὲς</span> <span class='ocrx_word' id='word_1_637' title='bbox 2875 4255 3244 4326; x_wconf 77' lang='grc' dir='ltr'>ἀπελεγχθείη</span> <span class='ocrx_word' id='word_1_638' title='bbox 3273 4272 3387 4325; x_wconf 86' lang='grc' dir='ltr'>μοι,</span> <span class='ocrx_word' id='word_1_639' title='bbox 3416 4252 3729 4322; x_wconf 75' lang='grc' dir='ltr'>ἐνδαψιλευ-</span> 
     </span>
    </p>
   </div>
   <div class='ocr_carea' id='block_1_91' title="bbox 2162 4340 3730 4424">
    <p class='ocr_par' dir='ltr' id='par_1_91' title="bbox 2162 4340 3730 4424">
     <span class='ocr_line' id='line_1_91' title="bbox 2162 4340 3730 4424; baseline -0.009 -16"><span class='ocrx_word' id='word_1_640' title='bbox 2162 4354 2382 4424; x_wconf 83' lang='grc' dir='ltr'>σαμένῳ</span> <span class='ocrx_word' id='word_1_641' title='bbox 2414 4351 2512 4404; x_wconf 71' lang='grc' dir='ltr'><strong>καὶ</strong></span> <span class='ocrx_word' id='word_1_642' title='bbox 2544 4350 2738 4423; x_wconf 85' lang='grc' dir='ltr'>χρόνον</span> <span class='ocrx_word' id='word_1_643' title='bbox 2767 4349 2988 4405; x_wconf 68' lang='grc' dir='ltr'>ἐοικότα</span> <span class='ocrx_word' id='word_1_644' title='bbox 3015 4349 3110 4402; x_wconf 83' lang='grc' dir='ltr'>καὶ</span> <span class='ocrx_word' id='word_1_645' title='bbox 3138 4347 3200 4401; x_wconf 79' lang='grc' dir='ltr'>τὸ</span> <span class='ocrx_word' id='word_1_646' title='bbox 3217 4348 3318 4416; x_wconf 82' lang='grc' dir='ltr'><strong>τῆς</strong></span> <span class='ocrx_word' id='word_1_647' title='bbox 3338 4343 3529 4406; x_wconf 79' lang='grc' dir='ltr'>ἁδείας</span> <span class='ocrx_word' id='word_1_648' title='bbox 3552 4340 3730 4396; x_wconf 85' lang='grc' dir='ltr'>καλόν.</span> 
     </span>
    </p>
   </div>
   <div class='ocr_carea' id='block_1_92' title="bbox 2084 4439 2776 4513">
    <p class='ocr_par' dir='ltr' id='par_1_92' title="bbox 2084 4439 2776 4513">
     <span class='ocr_line' id='line_1_92' title="bbox 2084 4439 2776 4513; baseline -0.004 -14"><span class='ocrx_word' id='word_1_649' title='bbox 2084 4439 2137 4499; x_wconf 85' lang='lat' dir='ltr'><strong>D</strong></span> <span class='ocrx_word' id='word_1_650' title='bbox 2175 4443 2426 4499; x_wconf 68' lang='grc' dir='ltr'>’Ἀπέστω</span> <span class='ocrx_word' id='word_1_651' title='bbox 2447 4444 2502 4496; x_wconf 70' lang='grc' dir='ltr'><strong>δὲ</strong></span> <span class='ocrx_word' id='word_1_652' title='bbox 2528 4445 2776 4513; x_wconf 75' lang='grc' dir='ltr'>νέμεσις.</span> 
     </span>
    </p>
   </div>
   <div class='ocr_carea' id='block_1_93' title="bbox 1796 4790 2430 4908">
    <p class='ocr_par' dir='ltr' id='par_1_93' title="bbox 1796 4790 2430 4908">
     <span class='ocr_line' id='line_1_93' title="bbox 1796 4790 2430 4908; baseline -0.006 -1"><span class='ocrx_word' id='word_1_653' title='bbox 1796 4790 2430 4908; x_wconf 89' lang='lat' dir='ltr'><strong>EJUSDEM</strong></span> 
     </span>
    </p>
   </div>
   <div class='ocr_carea' id='block_1_94' title="bbox 1036 5038 3175 5138">
    <p class='ocr_par' dir='ltr' id='par_1_94' title="bbox 1036 5038 3175 5138">
     <span class='ocr_line' id='line_1_94' title="bbox 1036 5038 3175 5138; baseline -0.001 -7"><span class='ocrx_word' id='word_1_654' title='bbox 1036 5038 1641 5136; x_wconf 80' lang='lat' dir='ltr'><strong>EPISTOLA</strong></span> <span class='ocrx_word' id='word_1_655' title='bbox 1706 5041 1857 5133; x_wconf 81' lang='lat' dir='ltr'><strong>AD</strong></span> <span class='ocrx_word' id='word_1_656' title='bbox 1932 5041 3175 5138; x_wconf 80' lang='lat' dir='ltr'><strong>THESSALONICENSES.</strong></span> 
     </span>
    </p>
   </div>
   <div class='ocr_carea' id='block_1_95' title="bbox 555 5388 2050 5471">
    <p class='ocr_par' dir='ltr' id='par_1_95' title="bbox 555 5393 2050 5471">
     <span class='ocr_line' id='line_1_95' title="bbox 555 5393 2050 5471; baseline -0.006 -15"><span class='ocrx_word' id='word_1_657' title='bbox 555 5401 606 5456; x_wconf 75' lang='grc' dir='ltr'><strong>ί.</strong></span> <span class='ocrx_word' id='word_1_658' title='bbox 638 5398 697 5455; x_wconf 88' lang='lat' dir='ltr'><strong>Si</strong></span> <span class='ocrx_word' id='word_1_659' title='bbox 737 5414 839 5471; x_wconf 88' lang='lat' dir='ltr'><strong>ego</strong></span> <span class='ocrx_word' id='word_1_660' title='bbox 888 5398 1096 5471; x_wconf 87' lang='lat' dir='ltr'><strong>primus</strong></span> <span class='ocrx_word' id='word_1_661' title='bbox 1130 5401 1276 5456; x_wconf 88' lang='lat' dir='ltr'><strong>hanc</strong></span> <span class='ocrx_word' id='word_1_662' title='bbox 1327 5393 1734 5451; x_wconf 83' lang='lat' dir='ltr'><strong>institutionem</strong></span> <span class='ocrx_word' id='word_1_663' title='bbox 1781 5393 2050 5463; x_wconf 84' lang='lat' dir='ltr'><strong>epistola-</strong></span> 
     </span>
    </p>
   </div>
   <div class='ocr_carea' id='block_1_96' title="bbox 2154 5388 3727 5471">
    <p class='ocr_par' dir='ltr' id='par_1_96' title="bbox 2240 5388 3727 5461">
     <span class='ocr_line' id='line_1_96' title="bbox 2240 5388 3727 5461; baseline -0.002 -16"><span class='ocrx_word' id='word_1_664' title='bbox 2240 5396 2311 5445; x_wconf 83' lang='grc' dir='ltr'>α’.</span> <span class='ocrx_word' id='word_1_665' title='bbox 2341 5390 2407 5444; x_wconf 80' lang='lat' dir='ltr'><strong>Ei</strong></span> <span class='ocrx_word' id='word_1_666' title='bbox 2445 5390 2546 5460; x_wconf 79' lang='grc' dir='ltr'>μὲν</span> <span class='ocrx_word' id='word_1_667' title='bbox 2573 5388 2685 5457; x_wconf 74' lang='grc' dir='ltr'><strong>ἐγὼ</strong></span> <span class='ocrx_word' id='word_1_668' title='bbox 2711 5388 2935 5461; x_wconf 86' lang='grc' dir='ltr'>πρῶτος</span> <span class='ocrx_word' id='word_1_669' title='bbox 2958 5389 3343 5461; x_wconf 79' lang='grc' dir='ltr'>διαπόμπιμον</span> <span class='ocrx_word' id='word_1_670' title='bbox 3364 5390 3727 5452; x_wconf 78' lang='grc' dir='ltr'>διδασκαλίαν,</span> 
     </span>
    </p>
   </div>
   <div class='ocr_carea' id='block_1_97' title="bbox 486 5475 2050 5557">
    <p class='ocr_par' dir='ltr' id='par_1_97' title="bbox 486 5483 2050 5557">
     <span class='ocr_line' id='line_1_97' title="bbox 486 5483 2050 5557; baseline -0.003 -13"><span class='ocrx_word' id='word_1_671' title='bbox 486 5505 624 5554; x_wconf 85' lang='lat' dir='ltr'><strong>rem,</strong></span> <span class='ocrx_word' id='word_1_672' title='bbox 658 5505 691 5545; x_wconf 92' lang='grc' dir='ltr'><strong>ο</strong></span> <span class='ocrx_word' id='word_1_673' title='bbox 724 5491 944 5554; x_wconf 84' lang='lat' dir='ltr'><strong>fratres,</strong></span> <span class='ocrx_word' id='word_1_674' title='bbox 979 5490 1047 5545; x_wconf 88' lang='lat' dir='ltr'><strong>ad</strong></span> <span class='ocrx_word' id='word_1_675' title='bbox 1091 5504 1190 5546; x_wconf 79' lang='lat' dir='ltr'><strong>vos</strong></span> <span class='ocrx_word' id='word_1_676' title='bbox 1236 5486 1540 5553; x_wconf 85' lang='lat' dir='ltr'><strong>misissem,</strong></span> <span class='ocrx_word' id='word_1_677' title='bbox 1571 5484 1702 5541; x_wconf 85' lang='lat' dir='ltr'><strong>novi</strong></span> <span class='ocrx_word' id='word_1_678' title='bbox 1737 5483 1869 5557; x_wconf 85' lang='lat' dir='ltr'><strong>quid</strong></span> <span class='ocrx_word' id='word_1_679' title='bbox 1898 5499 2050 5556; x_wconf 79' lang='lat' dir='ltr'><strong>agere</strong></span> 
     </span>
    </p>
   </div>
   <div class='ocr_carea' id='block_1_98' title="bbox 2154 5475 3732 5557">
    <p class='ocr_par' dir='ltr' id='par_1_98' title="bbox 2168 5475 3732 5550">
     <span class='ocr_line' id='line_1_98' title="bbox 2168 5475 3732 5550; baseline -0.003 -15"><span class='ocrx_word' id='word_1_680' title='bbox 2168 5475 2214 5535; x_wconf 79' lang='grc' dir='ltr'>ὦ</span> <span class='ocrx_word' id='word_1_681' title='bbox 2245 5480 2492 5549; x_wconf 71' lang='grc' dir='ltr'>ἀδελφοὶ,</span> <span class='ocrx_word' id='word_1_682' title='bbox 2528 5478 2811 5544; x_wconf 69' lang='grc' dir='ltr'>ἐξέστειλα</span> <span class='ocrx_word' id='word_1_683' title='bbox 2841 5477 3068 5549; x_wconf 76' lang='grc' dir='ltr'>ταύτην,</span> <span class='ocrx_word' id='word_1_684' title='bbox 3101 5478 3394 5550; x_wconf 78' lang='grc' dir='ltr'>ἐνέτρεψεν</span> <span class='ocrx_word' id='word_1_685' title='bbox 3423 5479 3494 5533; x_wconf 75' lang='grc' dir='ltr'>ἄν</span> <span class='ocrx_word' id='word_1_686' title='bbox 3525 5496 3609 5541; x_wconf 78' lang='grc' dir='ltr'><strong>τις</strong></span> <span class='ocrx_word' id='word_1_687' title='bbox 3639 5480 3732 5546; x_wconf 78' lang='grc' dir='ltr'><strong>ἐμὲ</strong></span> 
     </span>
    </p>
   </div>
   <div class='ocr_carea' id='block_1_99' title="bbox 489 5567 2050 5648">
    <p class='ocr_par' dir='ltr' id='par_1_99' title="bbox 489 5575 2050 5648">
     <span class='ocr_line' id='line_1_99' title="bbox 489 5575 2050 5648; baseline -0.001 -17"><span class='ocrx_word' id='word_1_688' title='bbox 489 5578 722 5634; x_wconf 84' lang='lat' dir='ltr'><strong>tortasse</strong></span> <span class='ocrx_word' id='word_1_689' title='bbox 748 5594 1059 5634; x_wconf 84' lang='lat' dir='ltr'><strong>accusarer.</strong></span> <span class='ocrx_word' id='word_1_690' title='bbox 1091 5579 1228 5633; x_wconf 88' lang='lat' dir='ltr'><strong>Cum</strong></span> <span class='ocrx_word' id='word_1_691' title='bbox 1257 5588 1436 5634; x_wconf 89' lang='lat' dir='ltr'><strong>autem</strong></span> <span class='ocrx_word' id='word_1_692' title='bbox 1471 5594 1580 5634; x_wconf 90' lang='lat' dir='ltr'><strong>non</strong></span> <span class='ocrx_word' id='word_1_693' title='bbox 1608 5576 1820 5648; x_wconf 79' lang='lat' dir='ltr'><strong>primus</strong></span> <span class='ocrx_word' id='word_1_694' title='bbox 1843 5575 1947 5631; x_wconf 88' lang='lat' dir='ltr'><strong>hac</strong></span> <span class='ocrx_word' id='word_1_695' title='bbox 1970 5575 2050 5630; x_wconf 86' lang='lat' dir='ltr'><strong>via</strong></span> 
     </span>
    </p>
   </div>
   <div class='ocr_carea' id='block_1_100' title="bbox 2154 5567 3734 5648">
    <p class='ocr_par' dir='ltr' id='par_1_100' title="bbox 2167 5567 3734 5644">
     <span class='ocr_line' id='line_1_100' title="bbox 2167 5567 3734 5644; baseline -0.015 -4"><span class='ocrx_word' id='word_1_696' title='bbox 2167 5573 2270 5644; x_wconf 80' lang='grc' dir='ltr'>τῆς</span> <span class='ocrx_word' id='word_1_697' title='bbox 2299 5570 2697 5642; x_wconf 76' lang='grc' dir='ltr'>καινοπραξῖας</span> <span class='ocrx_word' id='word_1_698' title='bbox 2748 5571 2899 5635; x_wconf 74' lang='grc' dir='ltr'>ἴσως.</span> <span class='ocrx_word' id='word_1_699' title='bbox 2933 5571 3061 5624; x_wconf 86' lang='grc' dir='ltr'>Ὅτι</span> <span class='ocrx_word' id='word_1_700' title='bbox 3097 5571 3154 5624; x_wconf 73' lang='grc' dir='ltr'><strong>δὲ</strong></span> <span class='ocrx_word' id='word_1_701' title='bbox 3199 5572 3261 5623; x_wconf 89' lang='grc' dir='ltr'><strong>οὐ</strong></span> <span class='ocrx_word' id='word_1_702' title='bbox 3305 5569 3542 5641; x_wconf 84' lang='grc' dir='ltr'>προάγω</span> <span class='ocrx_word' id='word_1_703' title='bbox 3581 5567 3734 5639; x_wconf 80' lang='grc' dir='ltr'>ἀρχό-</span> 
     </span>
    </p>
   </div>
   <div class='ocr_carea' id='block_1_101' title="bbox 490 5660 2050 5747">
    <p class='ocr_par' dir='ltr' id='par_1_101' title="bbox 490 5669 2050 5747">
     <span class='ocr_line' id='line_1_101' title="bbox 490 5669 2050 5747; baseline 0.003 -30"><span class='ocrx_word' id='word_1_704' title='bbox 490 5669 812 5747; x_wconf 75' lang='lat' dir='ltr'><strong>procedam,</strong></span> <span class='ocrx_word' id='word_1_705' title='bbox 835 5669 930 5724; x_wconf 89' lang='lat' dir='ltr'><strong>sed</strong></span> <span class='ocrx_word' id='word_1_706' title='bbox 951 5670 1334 5739; x_wconf 88' lang='lat' dir='ltr'><strong>perantiquam</strong></span> <span class='ocrx_word' id='word_1_707' title='bbox 1367 5669 1829 5727; x_wconf 88' lang='lat' dir='ltr'><strong>consuetudinem</strong></span> <span class='ocrx_word' id='word_1_708' title='bbox 1858 5682 2050 5740; x_wconf 76' lang='lat' dir='ltr'><strong>sequar</strong></span> 
     </span>
    </p>
   </div>
   <div class='ocr_carea' id='block_1_102' title="bbox 2154 5660 3729 5747">
    <p class='ocr_par' dir='ltr' id='par_1_102' title="bbox 2170 5660 3729 5736">
     <span class='ocr_line' id='line_1_102' title="bbox 2170 5660 3729 5736; baseline -0.005 -15"><span class='ocrx_word' id='word_1_709' title='bbox 2170 5682 2352 5736; x_wconf 68' lang='grc' dir='ltr'>μενος,</span> <span class='ocrx_word' id='word_1_710' title='bbox 2386 5664 2501 5720; x_wconf 76' lang='grc' dir='ltr'>ἀλλ’</span> <span class='ocrx_word' id='word_1_711' title='bbox 2530 5661 2890 5719; x_wconf 64' lang='grc' dir='ltr'>ἐπακολουθεῖ)</span> <span class='ocrx_word' id='word_1_712' title='bbox 2911 5662 3224 5734; x_wconf 77' lang='grc' dir='ltr'>παλαιτάτῃ</span> <span class='ocrx_word' id='word_1_713' title='bbox 3258 5660 3475 5734; x_wconf 84' lang='grc' dir='ltr'>μεθόδῳ</span> <span class='ocrx_word' id='word_1_714' title='bbox 3492 5661 3729 5730; x_wconf 60' lang='grc' dir='ltr'>τοιαύτῃ,</span> 
     </span>
    </p>
   </div>
  </div>
