4026 6248
392 256 529 321 1033

1312 262 1688 324 EPISTULA
1733 266 1834 326 AD
1890 264 2189 329 TllESSA
2203 272 2713 336 LONICENSES.

3528 278 3663 345 ιιιιιι

389 372 485 426 καὶ
522 371 670 442 ζήλῳ
707 372 817 425 τῶν
852 376 1333 446 προηγησαμένων
1376 379 1647 450 ὲνάγομαι
1690 382 1770 442 είς
1808 380 1958 452 ἕργοι

2077 388 2129 435 et
2165 388 2418 452 exetnplo
2455 397 2727 457 IIHIJOI'IHII
2778 390 2843 441 ad
2877 388 3018 444 idem
3062 390 3373 447 iaciendum
3410 394 3661 460 inducar,

388 466 597 535 ὅμοιον,
634 464 691 518 εὖ
748 465 856 537 ἔχω
896 467 1299 536 πεποιθήσεως,
1343 472 1601 542 εὑρέσθαι
1635 473 1974 542 συγγνώμην

386 559 486 624 τῆς
516 558 828 628 μιμήσεως,
858 559 927 613 τά
952 578 1007 613 τε
1031 561 1187 628 ἄλλα,
1223 563 1317 615 καὶ
1352 563 1491 617 διότι
1522 564 1667 636 λόγῳ
1704 567 1800 619 καὶ
1824 566 1974 637 νόμῳ

386 653 618 720 τοιούτῳ
636 651 733 704 καὶ
753 652 799 703 οί
821 652 995 716 ἄλλως
1022 654 1430 722 ὲπιστολιμαῖοι
1454 657 1604 726 λόγοι
1627 657 1969 728 ἐξεύρηνται.

389 743 639 812 Λαλητὸν
668 745 778 815 γὰρ
809 744 949 809 ζῶον
982 746 1135 808 ὄντες
1162 748 1211 800 oi
1238 745 1543 819 ἄνθρωποι,
1588 755 1683 803 καὶ
1726 751 1794 804 δι’
1837 751 1971 803 αὐτὸ

390 837 699 906 φιλολόγον,
733 840 831 892 καὶ
857 834 1004 892 ὀὕτω
1045 840 1395 911 φιλάλληλον,
1432 843 1686 906 συνόντες
1719 844 1818 913 μὲν
1847 845 1970 913 ὁμι-

387 931 544 984 λοῦσι
572 930 641 984 τὰ
671 933 826 1001 σφίσι
854 933 981 1000 φίλα
1002 950 1016 964 ο
1045 936 1132 987 ὅτε
1160 937 1215 989 δὲ
1244 936 1333 989 καὶ
1353 938 1591 990 δισταῖεν
1620 936 1760 989 κατά
1782 936 1968 999 τόπον,

387 1025 671 1078 ὁσιοῦνται
707 1025 775 1078 τὰ
805 1027 906 1094 τῆς
936 1024 1133 1090 λαλιᾶς
1172 1027 1518 1090 ἀποστόλοις,
1558 1026 1637 1096 πῆ
1671 1027 1771 1098 μὲν
1803 1026 1972 1088 ζῶσιν

335 1114 718 1189 ,ὲλλογίμως,
760 1120 836 1188 πῆ
883 1116 941 1170 δὲ
968 1116 1201 1191 ἀψύχοις
1245 1119 1367 1189 μὲν,
1413 1119 1757 1191 ἠσκημένοις
1794 1120 1851 1172 δὲ
1891 1121 1971 1179 εἰς

390 1210 787 1281 προσφώνησις]
822 1213 1119 1281 γραμμαίς
1145 1215 1448 1282 τεχκιικαῖς,
1478 1217 1600 1275 ταῖς
1623 1213 1710 1267 διά
1741 1213 1972 1283 μέλανος

388 1301 692 1374 γραφικοῦ.
729 1303 838 1358 Καὶ
865 1300 1314 1374 τοίνυν⁶’ἐννόμιος
1344 1303 1487 1359 οὕτω
1503 1304 1777 1360 διδάσκων
1804 1306 1969 1374 ὑμᾶς,

385 1394 487 1445 ὅσα
523 1394 622 1444 καὶ
653 1393 839 1462 πατὴρ
873 1390 1039 1455 θεῖος,
1066 1391 1235 1445 τέκνα
1268 1394 1620 1463 πνευματικά
1653 1395 1715 1446 ὲκ
1745 1395 1977 1459 διαστή-·

388 1500 560 1551 ματος
588 1478 767 1548 τοῦδε,
806 1483 834 1535 ὅ
872 1484 1126 1538 mia-51:6
1162 1484 1293 1546 Θεὸς
1329 1485 1465 1555 ἡμῖν
1504 1486 1581 1549 ὼς
1623 1487 1970 1559 ὲφαμάρτοες

383 1576 629 1644 διώρισε,
666 1575 862 1647 πρῶτα
907 1577 1008 1645 μὲν
1041 1576 1209 1647 εὐχὰς
1242 1578 1408 1642 αὑτός
1443 1594 1501 1631 τε
1535 1578 1822 1649 ποιοῦμαι,
1874 1581 1969 1631 καὶ

384 1669 445 1734 ἐξ
481 1667 639 1737 ὑμῶν
667 1666 1075 1739 προκαλοῦμαι,
1117 1668 1193 1739 μὴ
1237 1670 1320 1732 είς
1361 1668 1522 1723 κενὸν
1559 1669 1818 1740 λαλῆσαι,
1852 1667 1971 1724 ἀλλ’

382 1760 576 1832 ὥσπερ
592 1761 649 1814 ὲν
666 1759 742 1831 τῷ
766 1765 1044 1831 παρεῖναι,
1069 1762 1213 1815 οὕτω
1233 1763 1327 1815 καὶ
1349 1761 1560 1816 ἀπόντα
1583 1760 1766 1833 χώραν
1785 1763 1965 1833 εὑρεῖν

386 1869 452 1924 με
484 1853 646 1923 φίλης
675 1853 995 1923 ἀκροάσεως
1037 1853 1172 1924 παρ’
1210 1853 1339 1922 ὑμῖν
1361 1873 1372 1885 ·
1410 1846 1531 1907 εἶτα
1556 1856 1653 1907 καὶ
1685 1852 1833 1907 λαλῶ
1862 1857 1965 1908 οὐκ

381 1945 718 2013 ἀσύμφωνα,
779 1938 862 2008 οἷς
930 1944 1147 2013 φθάσας
1206 1943 1656 2016 βιϐλιοφυλακεῖν
1716 1946 1851 2016 ύμῖν
1906 1947 1964 2000 ἐν

380 2034 639 2107 καρδίαις
682 2034 899 2105 ἀφῆκα,
934 2036 1174 2108 ἐχόμενα
1222 2037 1280 2091 δὲ
1319 2036 1541 2101 πάντως
1588 2037 1836 2104 ἐκείνων,
1871 2042 1965 2093 καὶ

381 2130 729 2202 στρεφόμενα
758 2131 815 2184 ὲν
834 2133 949 2193 τοῖς
972 2132 1179 2194 αὐτοῖς.
1199 2133 1311 2185 Καὶ
1336 2131 1452 2185 ἔστι
1477 2132 1639 2185 τοῦτο
1657 2133 1965 2196 Δαυῖτικῶς

379 2222 475 2276 καὶ
509 2224 564 2275 ὲν
596 2224 720 2293 ἐμοὶ
748 2223 1099 2293 saeuoan
1133 2225 1191 2277 ὲν
1220 2222 1808 2295 δικαιώμασιΚυρίου,
1828 2227 1965 2278 ταύ-

377 2317 472 2369 τὸν
505 2316 552 2370 δ’
585 2319 785 2384 εἰπεῖν,
828 2318 886 2370 ὲν
917 2319 1244 2388 διδάγμασιν
1269 2318 1568 2387 ἀρέσκουσι
1595 2318 1674 2389 τῷ
1714 2320 1852 2389 Θεῷ.
1887 2320 1961 2373 Ού

377 2406 488 2476 γὰρ
529 2407 596 2461 ἄν
652 2424 735 2471 τις
776 2407 1121 2477 δυσπραγοίη
1173 2407 1344 2477 ψόγον
1400 2408 1549 2472 τινὰ,
1614 2408 1964 2478 δικαιώματα

378 2500 586 2571 Κυρίου
618 2501 712 2554 καὶ
750 2499 890 2554 νοῶν
923 2501 1020 2554 καὶ
1061 2501 1384 2571 προφέρων,
1412 2500 1480 2554 τὰ
1530 2503 1587 2553 ὲν
1615 2503 1693 2572 τῷ
1730 2502 1961 2557 καθόλου

372 2591 692 2647 δικαιοῦντα
718 2592 811 2644 καὶ
843 2594 934 2645 τὶν
959 2592 1281 2644 διδάσκοντα
1302 2594 1397 2646 καὶ
1417 2592 1508 2646 τὸν
1531 2591 1920 2660 διδασκόμενον
1946 2613 1960 2627 ο

377 2686 473 2738 τὸν
508 2683 628 2754 μὲν,
662 2683 737 2747 ὡς
767 2685 835 2736 τὰ
875 2684 971 2736 τοῦ
1022 2683 1161 2737 Θεοῦ
1196 2683 1490 2750 λαλοῦντα,
1523 2685 1616 2738 τὸν
1657 2684 1736 2749 δὲ,
1771 2686 1845 2749 ὡς
1888 2686 1962 2754 μὴ

375 2778 682 2846 παρήκοον.
706 2777 814 2829 Καὶ
842 2775 988 2831 οὕτω
1025 2775 1124 2845 μὲν
1154 2776 1263 2844 ἐγὼ
1284 2776 1430 2830 λαλῶ
1460 2776 1586 2847 ἄρτι
1619 2776 1758 2849 πρὸς
1791 2778 1959 2848 ὑμᾶς,

372 2873 437 2924 ού
470 2869 591 2925 κατ’
625 2870 749 2940 ὄψιν
783 2872 1011 2940 ἀμέσως
1046 2870 1192 2925 καθά
1220 2872 1325 2942 πρὸ
1356 2872 1584 2936 τούτων,
1611 2872 1693 2934 ὡς
1730 2872 1832 2942 ἐμὲ
1863 2872 1962 2942 μὲν

373 2961 676 3028 διδάσκειν,
714 2962 860 3031 ὑμᾶς
883 2961 942 3014 δὲ
971 2961 1197 3016 ἀκούειν
1234 2964 1297 3016 ὲκ
1332 2962 1425 3014 τοῦ
1466 2962 1836 3031 παραχρῆμα,
1866 2960 1963 3014 καί

2080 477 2568 539 persuasissimum
2623 478 2799 535 balteo
2875 479 2993 537 fore
3049 489 3109 536 ut
3164 483 3331 553 hujus
3387 484 3659 541 imitatio-

2080 565 2168 619 nis
2205 570 2361 624 venia
2399 572 2739 628 concedatur
2777 586 2829 628 et
2864 576 3111 641 omnino,
3143 588 3197 631 ct
3224 579 3350 648 quia
3392 579 3494 634 alia
3528 581 3664 635 scri-

2078 670 2166 729 pta
2203 663 2521 731 epistolaris
2555 669 2752 736 partim
2788 668 2960 724 forma
2993 672 3187 739 partim
3214 681 3539 741 argumento
3562 690 3661 729 eo-

2080 752 2202 807 dem
2241 756 2406 809 modo
2439 770 2663 814 exarata
2715 772 2864 815 Sunt.
2910 765 3046 816 Cum
3096 765 3240 818 enim
3286 764 3540 823 homines
3581 770 3660 821 lo-

2080 848 2283 915 quendi
2345 848 2607 906 lamultute
2648 856 2860 921 praediti
2895 857 3005 909 siut.
3029 898 3043 919 ,
3076 872 3185 926 quo
3223 856 3280 911 lit
3313 868 3371 913 ut
3407 860 3662 914 lubenter

2084 940 2479 1008 colloquantur
2512 954 2563 994 et
2597 960 2720 997 sese
2751 946 2980 1017 diligant
3013 949 3270 1011 invicem,
3304 951 3525 1021 quando
3556 968 3657 1006 eo-

2077 1034 2200 1083 dem
2238 1033 2358 1085 loco
2395 1032 2624 1103 degunt,
2659 1036 2723 1087 de
2773 1034 2938 1092 rebus
2970 1040 3073 1093 sibi
3105 1040 3288 1096 charis
3320 1057 3655 1097 conversan-

2076 1129 2164 1175 tur
2198 1139 2213 1173 :
2248 1123 2466 1194 quando
2516 1133 2698 1180 autem
2753 1126 2888 1183 locis
2925 1143 3272 1198 separantur,
3307 1135 3656 1188 conversatio

2078 1215 2476 1269 transmittitur
2529 1234 2623 1285 per
2674 1219 2924 1284 nuntios,
2977 1236 3123 1276 nunc
3176 1224 3332 1280 vivos
3364 1224 3654 1280 etdiscrte

2078 1306 2390 1373 loquentes,
2442 1322 2585 1360 nunc
2631 1317 2882 1364 mortuos
2912 1310 3154 1380 quidem,
3199 1315 3293 1369 sed
3332 1315 3397 1369 ad
3438 1316 3656 1370 allocu-

2079 1396 2281 1450 tionem
2316 1407 2474 1467 nptos
2506 1400 2680 1469 signis
2710 1402 3026 1459 artificiosis
3057 1414 3363 1461 atramento
3391 1411 3652 1464 exaratis.

2078 1486 2169 1541 Sic
2218 1490 2388 1560 igitur
2444 1491 2688 1563 legitime
2745 1510 2837 1552 vos
2879 1498 3162 1564 erudiens,
3214 1498 3293 1553 uti
3333 1511 3485 1567 pater
3520 1502 3659 1556 divi-

2078 1586 2198 1648 uu's,
2231 1582 2474 1640 infantes
2510 1588 2826 1657 spirituales
2864 1607 2892 1645 e
2917 1590 3241 1664 longinquo,
3267 1593 3333 1648 ad
3368 1596 3512 1664 quod
3541 1613 3658 1651 mu-

2076 1690 2179 1730 nus
2217 1690 2317 1732 nos
2352 1687 2674 1744 peccatores
2731 1679 2876 1735 Deus
2924 1681 3262 1751 destinavit,
3313 1695 3440 1740 ante
3470 1686 3653 1740 omnia

2072 1784 2265 1838 precor
2282 1777 2334 1825 et
2359 1780 2415 1824 ut
2436 1773 2646 1826 mecum
2674 1774 2971 1843 precemiui
2989 1774 3269 1843 exhortor,
3287 1793 3356 1833 ne
3372 1768 3651 1834 incassum

2071 1865 2234 1917 νιττιιιι
2270 1862 2487 1928 facium,
2524 1864 2620 1919 sed
2660 1874 2742 1931 ιιι,
2775 1867 3241 1936 quemadmodum
3274 1886 3544 1940 praesens,
3575 1873 3651 1931 ita

2070 1958 2232 2009 etiam
2288 1958 2486 2012 absens
2528 1958 2767 2015 libenter
2817 1967 3144 2033 attenteque
3172 1978 3202 2016 a
3237 1963 3397 2018 vobis
3434 1966 3650 2029 audiar,

2070 2050 2344 2117 siquidem
2379 2054 2573 2119 loquor
2617 2067 2727 2106 non
2761 2052 2980 2109 diversa
3020 2054 3091 2109 ab
3138 2056 3207 2111 iis
3240 2057 3381 2125 ‘quae
3412 2057 3567 2113 vobis
3596 2059 3649 2113 iu

2068 2142 2279 2197 intimis
2319 2143 2570 2198 cordium
2608 2144 2920 2199 recessibus
2954 2149 3329 2202 conservanda
3346 2149 3510 2219 prius
3541 2158 3654 2204 tra-

2068 2234 2204 2300 didi,
2243 2235 2337 2291 sed
2374 2251 2493 2304 «tua:
2538 2252 2767 2306 prorsus
2804 2253 2929 2292 cum
2986 2238 3095 2293 illis
3144 2242 3457 2296 cohaereant
3502 2252 3555 2298 et
3595 2242 3648 2297 iu

2067 2327 2259 2383 eodem
2293 2338 2585 2381 versentur
2616 2338 2965 2398 argumento.
3005 2328 3249 2387 Vertitur
3303 2342 3490 2387 autem
3528 2348 3651 2385 ora-

2069 2421 2142 2473 tio
2174 2433 2314 2484 mra,
2355 2429 2414 2472 ut
2442 2436 2565 2472 eum
2598 2420 2801 2476 Davide
2832 2422 3044 2492 loquar,
3079 2425 3133 2478 in
3161 2424 3651 2494 justilicationibus

2070 2510 2307 2572 Dmuini.
2342 2511 2446 2565 hoc
2480 2523 2563 2566 est
2594 2512 2649 2565 in
2675 2512 2945 2568 doctrinis
2978 2531 3100 2583 quae
3132 2512 3243 2569 Deo
3271 2519 3509 2585 placent.
3543 2515 3649 2570 Ne—

2066 2621 2171 2674 que
2196 2606 2350 2658 enim
2378 2605 2653 2675 vitupesio
2691 2605 2893 2675 dignus
2927 2606 3093 2665 fuerit
3126 2609 3220 2677 qui
3256 2617 3437 2663 mente
3468 2620 3651 2663 versat

2062 2707 2120 2750 et
2161 2696 2344 2752 verbis
2390 2697 2598 2767 profert
2630 2696 3059 2767 jusﬁlicutiones
3096 2697 3335 2764 Domini,
3374 2705 3429 2754 et
3473 2700 3651 2768 magi-

2068 2799 2245 2844 strum
2294 2799 2349 2843 et
2383 2790 2718 2861 discipulum
2771 2790 3001 2846 omnino
3046 2788 3445 2860 iustiﬁcantes,
3497 2790 3650 2846 illum

2066 2883 2287 2952 quidem
2333 2882 2517 2952 utqui
2562 2899 2685 2952 quin
2745 2880 2840 2936 Dei
2885 2893 3016 2939 sunt
3060 2884 3344 2952 loquatur,
3379 2884 3525 2938 hunc
3557 2900 3655 2938 au-

2069 2985 2199 3036 tem,
2240 2974 2418 3044 utqui
2454 2988 2563 3026 non
2596 2973 2924 3030 inobediens
2957 2975 3048 3028 sit.
3082 2972 3146 3027 Et
3171 2974 3249 3029 sic
3275 2989 3376 3044 ego
3412 2990 3557 3029 nunc
3580 2972 3647 3029 ad

373 3072 480 3109 που
528 3054 676 3126 ἔχειν
732 3055 935 3108 αὐτίκα
985 3054 1222 3126 ἐρωτᾷν,
1265 3054 1318 3106 εἴ
1372 3054 1425 3107 τί
1478 3072 1582 3108 που
1642 3054 1958 3123 παραπέσοι

2067 3080 2164 3120 vos
2191 3065 2405 3137 loquar,
2452 3080 2558 3119 non
2593 3065 2906 3121 immediate
2956 3084 2986 3119 e
3039 3076 3338 3137 conspectu
3385 3069 3650 3138 quemad-

304 3212 315 3218 η
372 3146 612 3218 ἀπορίας
643 3146 823 3214 ἀξιον,
864 3145 962 3199 καὶ
993 3148 1094 3215 τὴν
1140 3145 1298 3199 λύσιν
1333 3145 1393 3212 ἐξ
1426 3144 1584 3217 ἡμῶν
1621 3144 1829 3216 ζητεῖν,
1866 3147 1959 3199 καὶ

371 3237 651 3309 δέχεσθαι,
682 3239 711 3292 ὃ
737 3239 801 3309 δὴ
843 3239 940 3293 καὶ
983 3237 1118 3292 αὐτὸ
1159 3237 1514 3308 νομοθέτημα
1545 3234 1850 3306 διεξοδικῆς
1883 3237 1960 3290 δι-

371 3331 672 3395 δασκαλίας
688 3326 760 3404 ἦν
782 3348 916 3385 ποτε
940 3345 953 3362 ⁸
976 3331 1092 3384 ἀλλ’
1118 3330 1501 3395 ἐξαποστέλλω
1524 3331 1585 3384 τὸ
1614 3328 1959 3384 διδασκάλων

371 3427 716 3497 ἀναγκαίως,
751 3428 848 3482 καὶ
873 3428 906 3497 ἠ
936 3426 1154 3498 ἀνάγκη
1184 3425 1324 3496 αὕτη
1350 3425 1533 3495 διπλῆ,
1570 3441 1958 3495 πραγματςυο-

374 3522 514 3591 μὲνη
539 3520 634 3573 καὶ
659 3520 731 3573 τὰ
758 3519 902 3591 ὑπὲρ
933 3518 1090 3589 ὑμῶν
1120 3521 1215 3572 καὶ
1245 3518 1305 3572 τὸ
1324 3520 1446 3572 κατ’
1478 3519 1601 3589 ἐμὲ,
1638 3519 1727 3572 ἵνα
1767 3517 1957 3582 σωζονῖ-

373 3611 520 3684 μεθα
553 3610 614 3678 ἐξ
640 3612 757 3666 ἴσου
800 3613 1138 3683 ίσοταλάντῳ
1174 3614 1352 3684 ῥοπῇ·
1393 3611 1506 3681 ἐγὼ
1543 3611 1665 3682 μὲν,
1705 3611 1779 3675 ὡς
1809 3611 1956 3665 διδά-

372 3722 523 3759 σκων
563 3704 626 3758 τὸ
671 3706 906 3774 ἀγαθὸν,
937 3705 1099 3777 ὑμεῖς
1130 3706 1207 3771 δὲ,
1260 3707 1336 3770 ὡς
1366 3705 1760 3770 ὑπακούοντες,
1799 3705 1827 3757 δ
1862 3705 1958 3759 καὶ

370 3801 430 3851 ὲν
472 3801 588 3862 τοῖς
627 3797 825 3870 πρώην
881 3798 1156 3862 ἐνιαυτοῖς
1205 3798 1662 3869 εύπραγούμενον
1710 3801 1768 3851 ἐν
1825 3800 1956 3869 ύμῖν

366 3889 693 3957 διεφαίνετο.
751 3890 887 3943 Τίνα
939 3888 997 3943 δέ
1059 3906 1150 3961 μοι
1202 3889 1270 3943 τὰ
1325 3890 1428 3944 οὐκ
1470 3889 1781 3960 ἀσύμφωνα
1841 3892 1955 3956 τοῖς

368 3983 669 4051 ἐφθακόσιν
718 3981 875 4052 ἐμοῖς
919 3981 1103 4049 λόγοις
1152 3982 1525 4047 διδασκάλιας
1573 3982 1646 4036 Τὸ
1692 3983 1814 4037 ὅλον
1854 3982 1955 4053 τῆς

367 4074 663 4145 ἐπιστολῆς
692 4075 902 4144 ταύτης
925 4075 1168 4145 ὲδάςριον,
1197 4076 1255 4129 ἐν
1276 4069 1321 4145 ᾧ
1346 4075 1442 4129 κα)⁸
1464 4076 1612 4150 αύτῷ
1636 4076 1954 4149 δικαιοσύνη

367 4171 571 4233 κεῖται,
597 4169 710 4222 εῐθε
737 4169 813 4239 μὴ
838 4168 1249 4241 κοιμωμένηὲς
1277 4168 1583 4240 ἄπρακτον,
1606 4170 1724 4225 ἀλλ’
1750 4170 1956 4225 ἐπανα-

367 4263 682 4332 παυομένη,
714 4262 857 4315 κατά
887 4262 1011 4314 νοῦν
1035 4262 1334 4332 γραφικόν,
1370 4262 1469 4317 καὶ
1502 4262 1781 4335 γρήγορος
1813 4265 1955 4336 αὐτὴ

364 4356 795 4425 προσφερομένη
830 4354 1198 4424 ἐγρηγορόσιν
1239 4355 1399 4424 ύμῖν.

2068 3155 2291 3213 modum
2324 3169 2511 3224 antea,
2543 3173 2666 3214 cum
2696 3174 2796 3229 ego
2831 3159 3084 3214 docerem
3107 3199 3122 3221 ,
3153 3174 3253 3215 vos
3284 3166 3469 3215 autent
3496 3159 3650 3213 auri-

2064 3251 2164 3306 bus
2191 3267 2277 3306 me
2304 3251 2631 3322 exciperctis
2666 3261 2741 3317 et,
2786 3252 2832 3306 si
2858 3251 2989 3322 quid
3015 3263 3163 3309 esset
3194 3253 3376 3309 minus
3411 3251 3647 3317 clarum,

2064 3344 2215 3398 illico
2250 3360 2333 3398 me
2361 3344 2702 3416 interrogare
2732 3354 2780 3400 et
2823 3344 3156 3400 solutionem
3195 3361 3261 3399 ex
3290 3361 3373 3401 me
3399 3361 3648 3413 quaerere

2062 3444 2117 3487 et
2157 3433 2408 3502 accipere
2458 3435 2720 3505 possetis,
2748 3449 2914 3505 quam
2949 3435 3393 3491 conversationis
3440 3443 3647 3492 nostra:

2062 3524 2233 3594 legem
2267 3524 2361 3580 illo
2391 3533 2640 3595 tempore
2676 3527 2834 3582 nobis
2874 3537 3251 3584 statueramus
3293 3544 3307 3581 :
3350 3528 3449 3583 sed
3484 3528 3642 3587 mitto

2063 3617 2217 3673 vobis
2258 3618 2570 3673 doctrinam
2628 3620 2960 3676 neressitate
3006 3628 3257 3675 coactus.
3313 3618 3410 3677 Est
3454 3628 3641 3674 autem

2061 3710 2365 3767 necessitas
2410 3711 2526 3765 haec
2557 3710 2785 3782 duplex,
2825 3721 2884 3766 ut
2914 3727 3038 3782 quae
3068 3720 3123 3767 et
3157 3713 3224 3767 ad
3252 3728 3348 3767 vos
3375 3718 3430 3766 et
3456 3711 3524 3766 ad
3558 3728 3645 3764 me

2060 3805 2365 3875 pertineat,
2410 3814 2470 3860 ut
2502 3807 2711 3876 pariter
2745 3806 2940 3861 eadetu
2978 3805 3194 3863 ratione
3239 3806 3437 3863 salutis
3471 3804 3645 3878 parti—

2058 3899 2209 3970 cipes
2253 3898 2450 3955 fiamus
2482 3917 2496 3953 :
2533 3916 2632 3972 ego
2674 3898 2896 3971 quidem
2937 3906 2993 3954 ut
3027 3900 3234 3955 bonum
3280 3899 3509 3960 docens,
3540 3912 3647 3953 vos

2058 4003 2241 4048 autem
2273 4005 2330 4047 ut
2367 4009 2576 4049 morem
2607 4000 2882 4063 gerentes,
2916 4009 3025 4064 qua
3059 3994 3263 4047 virtute
3291 3991 3452 4045 anuis
3503 4006 3642 4059 prte-

2059 4085 2313 4155 terlapsis
2345 4086 2617 4155 insignem
2652 4085 2810 4139 vobis
2837 4081 3069 4156 gloriam
3117 4082 3427 4154 peperistis.
3473 4085 3641 4148 ρυω-

2058 4188 2183 4230 nam
2216 4182 2399 4232 autem
2436 4189 2567 4234 sunt
2593 4187 2864 4247 praecepta
2898 4191 3016 4232 mea
3047 4190 3078 4231 a
3115 4173 3393 4247 prioribus
3423 4192 3533 4231 non
3561 4175 3645 4229 di-

2060 4271 2260 4323 versa?
2288 4267 2488 4325 Totum
2522 4270 2690 4342 hujus
2720 4270 2967 4340 epistolas
2998 4281 3406 4343 argumentum,
3440 4271 3493 4324 in
3531 4284 3643 4342 quo

2057 4366 2113 4412 et
2147 4360 2506 4430 ipsojustitia
2540 4369 2816 4424 versatur,
2850 4377 2973 4431 quze
3001 4363 3209 4417 utinam
3242 4361 3389 4417 baud
3420 4369 3642 4431 torpore

364 4447 636 4502 inefﬁcaci
687 4448 1033 4513 cohibeatur,
1085 4446 1205 4514 sed,
1257 4456 1319 4505 ιιι
1365 4447 1650 4518 Scriptura
1704 4448 1802 4511 ait,
1851 4448 2258 4519 aliquantulum
2294 4457 2673 4525 requiescens,
2703 4453 2816 4524 jam
2884 4455 3137 4526 evigilata
3209 4454 3275 4509 ad
3335 4471 3433 4510 vos
3500 4453 3640 4526 vigi-

363 4545 444 4599 les
477 4541 779 4610 perferatur
798 4540 810 4592 ι

439 4632 506 4705 β’.
546 4632 683 4700 ’Λγε
715 4628 802 4703 δὴ,
833 4625 879 4684 ὦ
907 4628 1142 4704 φιλτάτη
1168 4630 1246 4703 τῷ
1276 4634 1399 4705 θεῷ
1425 4632 1639 4706 ἀγάπη,
1668 4653 1713 4689 ω
1746 4636 1955 4707 κόσμου

306 4730 311 4735 ’
363 4724 570 4788 παντὸς
604 4722 920 4788 ’σύστασις,
982 4716 1028 4776 ὦ
1081 4725 1303 4779 πάντων
1353 4726 1464 4780 τῶν
1518 4731 1576 4780 ὲν
1637 4727 1953 4798 ἀνθρώποις

363 4816 590 4886 ἀγαθῶν
622 4815 796 4879 αἰτία,
823 4809 867 4870 ὦ
886 4815 1105 4885 φύσεως
1122 4816 1220 4886 τῆς
1242 4816 1365 4870 καθ’
1392 4820 1541 4888 ἡμᾶς
1560 4816 1948 4888 ὲπικόσμημα,

362 4904 410 4964 ὦ
446 4908 623 4979 μῆτερ
645 4907 736 4961 καὶ
765 4907 993 4981 εἰρήνης
1015 4907 1110 4961 καὶ
1135 4909 1573 4982 ἀπραγμοσύνης
1596 4912 1689 4963 καὶ
1713 4908 1948 4981 ἡσυχίας

361 4999 671 5071 θεοφιλοῦς,
714 4990 760 5054 ὦ
805 5002 921 5062 τοῖς
954 5000 1267 5070 φιλοκάλοις
1309 5003 1405 5058 καὶ
1439 5003 1708 5073 φιλοθέοις
1758 5005 1944 5074 ἀπρα-

359 5093 678 5161 γμάτευτον
708 5090 807 5146 καὶ
840 5091 1169 5161 εὐπόριστον
1218 5092 1446 5161 ἀγαθὸν,
1477 5093 1547 5147 δι’
1572 5092 1639 5165 ἢν
1666 5092 1761 5147 xui.
1786 5094 1942 5163 νόμοι

354 5184 655 5249 τέθεινται,
706 5184 803 5236 καὶ
848 5184 1120 5238 πολιτεῖαι
1151 5186 1504 5256 ὲξεύρηνται,
1544 5190 1639 5240 καὶ
1672 5187 1941 5240 συναλλά-

356 5292 553 5344 γματα
607 5270 1017 5342 ὲπινενόηνται,
1074 5276 1170 5328 καὶ
1216 5274 1278 5328 τὸ
1334 5277 1456 5329 ὅλον
1484 5276 1682 5341 εἰπεῖν,
1725 5275 1792 5330 δι’
1824 5271 1943 5349 ἦςό

357 5369 479 5442 βίος
500 5364 650 5433 ἅπας
668 5367 1035 5439 ὲῤῥύθμισται
1053 5383 1068 5398 ⁸
1095 5364 1140 5422 ὦ
1166 5369 1347 5422 τοίνυν
1369 5370 1559 5442 ἀγάπη
1586 5370 1939 5443 μελιτόεσσα,

353 5462 425 5532 ἣν
456 5462 485 5515 ὁ
525 5462 601 5532 μὴ
633 5461 775 5531 ἔχων
805 5458 1093 5531 ἄνθρωπος
1120 5462 1200 5524 εἰς
1234 5460 1424 5532 θηρίον
1455 5463 1841 5534 ἀποκέκριται,
1872 5462 1940 5537 ἢν

350 5554 383 5607 ὁ
435 5550 513 5623 μὴ
562 5550 862 5623 προφέρων
907 5549 1226 5615 διδάσκαλος
1260 5553 1453 5622 μίσους
1484 5554 1601 5607 ἐστὶ
1640 5554 1935 5620 κατάξιος·

360 5644 566 5714 πάρεσό
610 5660 702 5715 μοι
726 5645 820 5697 καὶ
838 5643 933 5697 νῦν
963 5644 1182 5716 ἄρτυμα
1199 5649 1575 5717 πνευματικὸν
1607 5649 1931 5712 ’πανδαισίας

347 5735 586 5809 ταύτης,
637 5737 706 5811 ἣν
731 5736 1047 5791 δαιταλεῦσι
1101 5738 1279 5806 φίλοις
1304 5738 1713 5811 διαπέμπομαι.
1764 5738 1827 5794 Et
1867 5742 1926 5795 δὲ

667 5832 938 5896 ΡΑτιιοι,
982 5834 1100 5895 Gn.
1151 5833 1443 5895 CXXXV

2136 4631 2193 4684 2.
2227 4630 2343 4699 Age
2375 4626 2563 4697 igitur,
2594 4646 2627 4683 ο
2652 4631 2893 4687 cbaritas
2914 4638 3199 4704 tantopere
3229 4649 3258 4689 a
3281 4634 3391 4690 Deo
3413 4634 3635 4696 dilecta,

2060 4739 2093 4778 o
2138 4723 2328 4778 mundi
2372 4724 2615 4779 universi
2662 4740 2978 4800 cmupages,
3019 4742 3053 4781 ο
3091 4729 3337 4783 omnium
3390 4745 3514 4799 qua:
3545 4728 3642 4784 bo-

2000 4840 2015 4849 κ
2056 4814 2303 4870 minibus
2328 4814 2592 4869 eveniunt
2619 4816 2884 4871 bonorum
2911 4830 3101 4885 causa,
3124 4830 3158 4873 ο
3190 4828 3400 4875 natura:
3433 4830 3638 4877 nostra:

2054 4907 2253 4971 decus,
2289 4923 2323 4963 ο
2357 4917 2533 4962 mater
2563 4909 2714 4977 pacis
2746 4918 2801 4963 et
2837 4904 2933 4964 otii
2966 4916 3021 4965 et
3056 4912 3263 4980 quietis
3308 4913 3416 4968 Deo
3441 4922 3630 4983 grata»,

2050 5013 2083 5053 ο
2116 4999 2320 5062 bonum
2360 4999 2581 5055 virtutis
2614 5001 2881 5057 studiosis
2914 5001 3122 5073 Deique
3169 5006 3481 5058 amantibus
3510 5003 3630 5056 sine

2050 5106 2249 5162 magno
2280 5093 2466 5146 labore
2512 5094 2910 5162 comparabile,
2946 5110 2981 5148 ο
3008 5094 3252 5150 charitas
3281 5110 3295 5158 ;
3331 5107 3425 5161 per
3458 5107 3621 5161 quam

2051 5188 2200 5258 leges
2250 5189 2373 5243 latae
2399 5228 2415 5252 ,
2463 5198 2519 5243 et
2548 5188 2806 5244 civitates
2843 5189 3103 5250 fundatis,
3145 5197 3202 5239 et
3246 5185 3453 5239 readers
3486 5187 3622 5240 inita

2049 5284 2200 5344 sunt,
2230 5293 2330 5349 per
2361 5294 2525 5350 quam
2552 5320 2567 5345 ,
2615 5288 2678 5333 ut
2715 5294 2827 5333 uno
2858 5276 3026 5331 verbo
3057 5276 3331 5336 dicamus,
3367 5275 3621 5328 universa

2048 5372 2160 5426 vita
2189 5372 2442 5428 ordinata
2473 5382 2558 5428 est
2588 5391 2600 5425 :
2633 5389 2665 5427 ο
2696 5372 2937 5426 charitas
2969 5366 3319 5430 dulcissima,
3361 5370 3480 5423 sine
3515 5382 3623 5437 qun

2051 5466 2214 5521 homo
2243 5466 2310 5518 ad
2337 5467 2525 5521 bestiae
2541 5461 2953 5518 similitudinem
2982 5457 3328 5528 deprimitur;
3364 5459 3484 5513 sine
3516 5476 3623 5529 qua

2047 5558 2310 5628 magister
2364 5556 2493 5611 odio
2528 5572 2589 5610 se
2633 5554 2859 5623 dignum
2898 5552 3119 5617 reddit,
3168 5550 3304 5608 ades
3345 5542 3473 5608 mibi
3508 5555 3620 5625 jam

2043 5650 2212 5705 veluti
2253 5649 2668 5704 condimentum
2725 5644 3017 5716 spirituale
3076 5645 3275 5701 harum
3331 5633 3621 5718 epularum

2036 5757 2173 5814 quas
2203 5739 2387 5796 charis
2415 5736 2661 5795 convivis
2694 5738 3035 5794 transmitte.
3091 5737 3149 5792 Si
3196 5755 3331 5797 vero
3363 5742 3620 5811 reliquus

3174 5831 3252 5889 33
