4026 6248
412 194 555 261 ιθῧδ

1122 198 1553 259 EUSTATIIII
1598 196 1991 257 THESSALO

2099 196 2351 257 IENSIS
2391 192 2953 256 METROPOLITKE

3528 193 3662 258 1036

405 329 623 385 quoque
643 315 908 370 virtutum
937 323 1141 378 curtus,
1173 315 1501 383 ancillarum
1534 313 1858 368 dilectarum
1888 312 1975 366 do

2099 312 2178 365 tati.
2227 311 2413 373 λοιπὸς
2457 309 2702 388 ὅρμαθδς
2746 309 2963 379 ἀρετῶν
2996 309 3400 377 ἀμφιπέννινταί
3441 327 3525 372 σε,
3561 314 3659 365 ὅσα

407 411 609 461 utinam
647 407 979 464 sectantium
1031 406 1225 472 instar,
1262 414 1317 462 te
1364 406 1680 470 comitatur,
1718 405 1982 459 assistant

405 507 460 553 ct
488 499 618 569 ipsa:
648 501 904 557 convivio
935 510 990 556 et
1035 516 1156 571 qua:
1184 500 1341 556 decet
1387 498 1698 573 perﬁciant,
1730 506 1789 554 ιιι
1824 498 1980 554 cibus

405 589 495 646 hic
518 593 818 663 spiritualis
846 609 1032 648 verum
1061 593 1218 649 nobis
1243 593 1445 648 bonutn
1477 591 1980 663 praebeat,omnino

408 685 937 755 excellentiusquam
971 684 1118 741 illius
1150 685 1367 740 molarii
1400 684 1660 747 Eunosti,
1711 699 1870 755 quem
1889 698 1981 738 ve-

411 784 496 829 tns
526 774 710 829 fabula
748 792 944 846 magno
981 776 1192 832 honore
1228 776 1455 847 dignum
1487 776 1698 831 habuit.

477 864 531 919 5.
565 866 821 921 Animum
876 868 1065 937 igitur,
1096 884 1130 923 ο
1164 868 1387 935 fratres,
1430 868 1697 924 advertite
1744 868 1813 923 iis
1861 882 1982 937 quae

410 956 658 1013 dicturus
686 975 828 1015 sum.
866 961 932 1016 Et
969 962 1236 1032 quoniam
1264 962 1567 1032 spiritualis
1597 962 1710 1015 haec
1734 975 1921 1016 mensa
1952 976 1980 1013 a

412 1053 666 1106 manibus
699 1053 984 1109 charitatis
1010 1054 1383 1110 dilectissime
1415 1055 1580 1109 veluti
1623 1070 1653 1108 a
1694 1053 1982 1123 prudenti-

413 1144 517 1200 bus
545 1146 735 1215 coquis
775 1147 929 1202 vobis
953 1148 1267 1218 apponitur,
1299 1147 1606 1202 accumbite
1637 1146 1702 1201 ad
1729 1161 1851 1203 eam
1882 1161 1982 1217 per

413 1237 605 1301 Deum,
639 1240 727 1292 cui
755 1240 982 1303 assidet,
1032 1247 1086 1294 et
1134 1241 1313 1309 epulis
1336 1239 1609 1304 fruimini,
1656 1251 1713 1294 ut
1749 1240 1983 1295 sincera:

414 1329 777 1400 genuinaaque
806 1331 1093 1386 charitatis
1125 1332 1420 1402 participes
1461 1332 1604 1386 fialis
1635 1346 1650 1384 :
1686 1332 1853 1388 nolite
1885 1348 1985 1389 au-

415 1428 522 1475 tem
574 1428 862 1492 propterea
893 1422 1040 1492 quod
1087 1423 1372 1492 sapientiae
1401 1423 1642 1479 libamen
1675 1423 1833 1480 vobis
1872 1438 1980 1479 non

416 1510 679 1577 affertur,
716 1514 1053 1567 stomachari
1094 1521 1187 1565 aut
1234 1513 1432 1583 jocari.
1471 1513 1586 1569 Etsi
1624 1515 1771 1571 enim
1809 1517 1983 1585 magi»

415 1609 531 1655 stcr
569 1603 849 1673 sapientia:
909 1614 1228 1674 expersaut
1257 1604 1419 1660 etiam
1478 1605 1812 1673 iniucundus
1857 1618 1980 1668 est.

2087 406 2180 457 καὶ
2202 404 2394 457 ὀπαδοὶ
2416 403 2569 473 φίλαι
2592 401 2948 475 θεράπαιναι,
2978 403 3344 474 παρέστωσαν
3372 402 3449 474 τῷ
3474 420 3661 457 συσσι-

2085 495 2185 566 τίῳ
2228 495 2322 549 καὶ
2360 496 2544 560 αὐταὶ,
2581 494 3007 548 συντελέσουσαι
3050 493 3118 548 τά
3150 495 3465 566 πρόσφορα,
3494 495 3569 556 ὡς
3598 495 3661 548 ἂν

2082 589 2218 658 ἡμῖν
2245 584 2389 639 οὕτω
2418 585 2676 654 νόστιμον
2702 586 2863 640 καλὸν
2893 588 2927 651 ἡ
2959 584 3313 657 πνευματικὴ
3341 585 3483 654 αὕτη
3509 587 3659 656 σχοίη

2085 680 2282 751 τροφὴ,
2301 680 2379 750 τῷ
2401 680 2569 734 παντὶ
2591 681 2921 752 σεμνότερον
2942 679 3036 734 τοῦ
3055 680 3350 750 ὲπιμυλίου
3374 681 3656 745 Εὐνόστου,

2082 773 2141 826 δν
2169 773 2327 841 λόγος
2376 773 2608 836 παλαιὸς
2648 773 2737 828 διά
2771 773 3121 843 σεϐάσματος
3150 773 3353 842 ἤγαγε.

2153 865 2224 934 Υ.
2268 866 2571 938 Προσέχετε
2604 866 2691 937 δὴ,
2724 860 2769 920 ὧ
2799 865 3042 935 ἀδελφοὶ,
3072 867 3187 929 τοῖς
3236 864 3655 936 ῥηθησομένοις.

2085 961 2195 1014 Καὶ
2227 961 2349 1013 ἐπεὶ
2388 963 2573 1032 χεῖρες
2603 959 2830 1031 ἀγάπης
2857 959 2956 1030 τῆς
2992 959 3353 1028 παμφιλήτου
3379 959 3477 1029 τὴν
3508 958 3655 1024 λογι-

2085 1053 2187 1122 κὴν
2217 1053 2425 1124 ταύτην
2456 1055 2550 1108 καὶ
2581 1053 2864 1125 τράπεζαν
2897 1053 2993 1106 καὶ
3027 1052 3238 1123 τροφὴν
3283 1053 3382 1105 ὅσα
3412 1051 3508 1104 καὶ
3552 1051 3655 1104 sdi-

2084 1161 2281 1215 φρονες
2314 1145 2564 1216 ὀψοποιοὶ
2599 1143 3014 1215 καταρτίζουσι,
3051 1143 3311 1213 γίγνεσθε
3350 1144 3484 1213 πρὸς
3514 1144 3647 1212 αὐτῇ

2083 1238 2173 1292 διά
2203 1238 2293 1292 τὸν
2335 1238 2491 1303 Θεὸν,
2522 1230 2567 1306 ᾧ
2612 1236 2978 1311 παρεδρεύει·
3030 1237 3129 1290 καὶ
3163 1237 3298 1308 πρὸς
3341 1235 3521 1308 ἀληθῆ
3562 1237 3655 1288 καὶ

2084 1330 2558 1403 ἀπαραχάρακτον
2583 1330 2864 1401 ἀγάπησιν
2896 1329 3167 1394 σιτίζεσθε
3197 1330 3265 1382 τὰ
3322 1324 3656 1400 προτεθησό-

2089 1437 2225 1490 μενα
2245 1436 2259 1450 ·
2296 1419 2389 1473 καὶ
2419 1419 2515 1491 μὴ,
2547 1418 2683 1473 διότι
2711 1420 2904 1488 σοφίας
2932 1420 2993 1473 οὐ
3025 1419 3420 1491 παρατέθειται
3466 1420 3654 1492 κράμα

2086 1513 2240 1583 ύμῖν,
2273 1510 2600 1584 σικχάξεσθε
2628 1512 2997 1582 ἀηδιζόμενοι.
3028 1513 3091 1566 Ei
3122 1513 3231 1582 γάρ
3253 1512 3348 1566 καὶ
3387 1513 3592 1582 ἀσοφος
3632 1516 3659 1565 ὁ

2088 1605 2432 1670 διδάσκαλος,
2460 1605 2553 1659 καὶ
2583 1605 2662 1668 είς
2686 1606 2839 1659 ούδὲν
2866 1604 3093 1677 γλυκὺς,
3119 1604 3256 1657 ἀ).λά
3286 1604 3319 1674 ἠ
3350 1605 3565 1675 ἀγάπη,
3592 1604 3656 1657 δι’

416 1700 657 1748 attamen
687 1695 952 1760 charitas,
987 1711 1094 1766 qua
1126 1695 1291 1779 etiam
1341 1698 1579 1767 imperiti
1617 1709 1983 1772 praeceptores

2099 1696 2159 1767 ἢν
2215 1696 2307 1750 καὶ
2369 1696 2581 1750 ἰδιῶται
2608 1696 2922 1750 διδάσκαλοι
2966 1698 3216 1767 προσιτοὶ
3268 1695 3510 1765 γίνονται
3549 1697 3659 1759 τοῖς

418 1785 486 1838 ah
516 1784 582 1841 iis
631 1787 722 1855 qui
770 1786 989 1843 edoceri
1043 1788 1293 1859 cupiunt,
1343 1789 1802 1859 frequentantur,
1839 1792 1986 1850 hunc

416 1876 644 1932 calicem
679 1877 897 1935 dulcem
933 1880 1143 1947 reddet,
1178 1881 1591 1952 hilaritatisque
1619 1899 1827 1939 merum
1854 1900 1986 1955 pro-

416 1967 661 2037 pinando
688 1985 811 2041 qua:
849 1972 916 2027 ad
943 1973 1267 2043 sapientiam
1295 1973 1656 2029 hauriendam
1689 1974 1986 2040 sufficiant.

417 2058 634 2115 abunde
661 2062 1054 2131 suppeditabit,
1081 2063 1216 2120 adeo
1244 2075 1302 2119 ut
1329 2080 1459 2134 quasi
1482 2067 1724 2122 mundus
1756 2069 1984 2133 evomit,

418 2153 645 2208 omnino
658 2156 771 2208 etvi
794 2164 1017 2211 careant
1037 2166 1089 2212 et
1105 2156 1451 2228 ignorentur,
1467 2158 1775 2214 moderatio
1802 2169 1986 2216 autent

418 2256 475 2300 et
518 2248 873 2318 temperantia
915 2250 1149 2305 animam
1205 2251 1443 2307 evehant
1480 2252 1548 2306 ad
1600 2253 1766 2307 vitam
1821 2268 1989 2323 ange-

420 2337 603 2394 licam.

490 2431 546 2488 4.
580 2430 857 2499 Charitas,
908 2448 942 2488 ο
968 2433 1168 2491 fratres
1201 2436 1503 2508 (nunquam
1535 2438 1681 2493 enim
1710 2439 1777 2493 ab
1803 2454 1864 2494 ea
1894 2440 1992 2493 de-

423 2522 794 2590 sistam,imo,
823 2525 949 2582 licet
1000 2528 1270 2585 molestus
1312 2529 1441 2594 sim,
1487 2544 1703 2599 semper
1754 2530 1991 2598 citabo),

424 2614 470 2671 si
500 2618 720 2701 quantio
753 2618 808 2672 in
840 2619 1001 2674 vol-is
1032 2620 1259 2690 largiter
1302 2621 1596 2688 inhabitat,
1633 2631 1758 2677 ante
1805 2624 1991 2678 omnia

424 2706 677 2775 requirit,
714 2714 775 2762 ut
814 2710 908 2779 qui
948 2725 1073 2765 vere
1108 2710 1271 2764 homo
1319 2711 1433 2765 vult
1464 2728 1611 2776 esse,
1646 2718 1786 2783 apud
1818 2713 1990 2768 Deum

424 2800 496 2853 sit
517 2805 571 2854 et
600 2799 796 2870 eosqui
829 2801 933 2872 ipsi
959 2801 1415 2867 adstant,dcinde
1441 2804 1584 2874 apud
1615 2820 1819 2875 regem.
1850 2803 1989 2860 Num

422 2908 590 2965 porro
619 2894 784 2949 etiam
824 2893 1068 2965 episcopi
1099 2895 1252 2967 diligi
1295 2897 1529 2953 debeant
1561 2912 1590 2951 a
1623 2898 1990 2967 presbyteris,

2091 1787 2400 1857 ἐφιεμένοις
2450 1787 2668 1857 μαθεῖν,
2699 1788 2967 1857 γλυκανεῖ
3016 1789 3109 1842 τὸν
3148 1789 3403 1861 κρατῆρι
3447 1788 3660 1856 τοῦτον,

2090 1879 2184 1931 καὶ
2223 1879 2540 1950 ίλαρότητος
2582 1879 2720 1951 μέθυ
2764 1881 3203 1954 προϐαλλομένη,
3246 1881 3663 1954 ἔμϐρωματίσει

2089 1989 2147 2025 τε
2174 1974 2268 2025 καὶ
2303 1975 2484 2026 ποτιεί
2527 1972 2595 2026 τά
2643 1975 2725 2038 είς
2759 1974 2921 2046 κόρον
2953 1974 3248 2046 σώφροναο
3285 1974 3353 2027 δι’
3378 1970 3443 2030 οὗ
3486 1979 3514 2030 ὁ
3564 1978 3663 2047 μὲν

2091 2063 2233 2117 κατὰ
2256 2064 2463 2131 κόσμον
2483 2065 2679 2137 ἔμετος
2700 2067 2999 2137 ἀπρακτεῖ,
3017 2067 3094 2130 ὡς
3119 2068 3254 2139 μηδὲ
3274 2068 3662 2137 γινώσκεσθαι,

2089 2156 2149 2207 τὸ
2168 2156 2225 2209 δὲ
2247 2158 2506 2227 νηφάλιον
2530 2159 2872 2229 δραξάμενον
2894 2158 2994 2228 τῆς
3010 2160 3193 2231 ψυχῆς
3214 2162 3482 2231 ἀναφέρει
3499 2161 3665 2232 αὐτὴν

2091 2249 2172 2310 είς
2198 2248 2477 2304 πολιτείαν
2505 2251 2830 2322 ἀγγελικὴν.

2160 2424 2203 2479 δ’
2209 2468 2225 2482 .
2255 2427 2321 2479 Ἥ
2350 2427 2562 2494 ἀγάπη,
2590 2421 2635 2481 ὦ
2660 2428 2882 2498 ἀδελφοί⁵
2905 2430 2988 2501 (ού
3013 2432 3122 2502 γὰρ
3145 2429 3316 2485 ἐθέλω
3333 2432 3666 2503 ἀποσχέσθαι

2092 2520 2224 2571 ποτὲ
2253 2519 2443 2588 αὐτῆς,
2471 2519 2588 2572 ἀλλ’
2619 2514 2730 2573 οἷον
2756 2522 3102 2592 παρενοχλῶ,
3147 2524 3282 2593 πρὸς
3330 2524 3455 2593 βίαν
3497 2525 3667 2595 αὐτὴν

2092 2612 2522 2682 ἐπισπώμενος),
2548 2615 2600 2667 εἴ
2621 2631 2737 2677 πως
2760 2615 2890 2685 ὑμῖν
2914 2619 2994 2679 είς
3016 2617 3213 2681 πλάτος
3231 2620 3665 2688 ὲμπολιτεύοιτο,

2093 2703 2413 2773 πάμπρωτα
2447 2706 2547 2774 μὲν
2578 2707 2821 2771 ἀπαιτεῖ,
2876 2709 2967 2761 τὸν
2998 2711 3072 2773 ὡς
3124 2711 3343 2780 ἀληθῶς
3380 2712 3667 2784 ἄνθρωπον

2098 2799 2231 2867 πρὸς
2263 2797 2339 2869 τῷ
2373 2799 2494 2868 Θεῷ
2526 2795 2667 2852 εἶναι
2696 2803 2788 2854 καὶ
2823 2805 2934 2866 τοῖς
2963 2805 3112 2873 αἰτῷ
3143 2806 3520 2874 παρεστῶσιν,
3550 2804 3667 2859 εἶτα

2096 2893 2193 2943 καὶ
2227 2891 2363 2962 πρὸς
2393 2892 2470 2961 τῷ
2499 2892 2733 2962 βασιλεῖ.
2770 2894 2831 2947 Εἰ
2866 2894 2920 2948 δὲ
2955 2898 3048 2948 καὶ
3069 2897 3117 2948 οἱ
3148 2898 3429 2967 ἀρχιερεῖς
3455 2900 3669 2968 ἀγαπη-

420 2993 475 3043 et
508 2986 760 3043 diaconis
783 2986 1113 3043 Christianis
1145 2997 1199 3044 et
1235 2990 1302 3044 ab
1331 2990 1591 3045 universo
1620 2990 1770 3046 clero
1798 3005 1863 3045 ac
1898 3006 1992 3062 po-

2099 2983 2359 3056 θήσονται
2417 2987 2553 3056 πρός
2609 3003 2668 3038 τε
2723 2986 2818 3040 τοῦ
2876 2989 3296 3059 πρεσϐυτερίου,
3330 2990 3428 3044 καὶ
3472 2992 3574 3062 τῆς
3615 2994 3670 3043 ἐν

428 3081 578 3150 pulo,
610 3094 706 3136 vos
735 3081 932 3145 nostis,
972 3081 1066 3150 qui
1099 3095 1130 3136 e
1159 3096 1321 3137 sacro
1349 3092 1609 3152 suggestu
1655 3082 1709 3136 in
1754 3083 1994 3138 ecclesia

423 3172 523 3225 hac
555 3170 623 3225 de
659 3186 719 3227 re
756 3171 936 3226 edocti
969 3172 1126 3228 estis.
1162 3172 1226 3227 Et
1253 3172 1337 3227 sic
1366 3180 1778 3243 consequenter
1814 3173 1997 3230 charia

424 3267 508 3315 tas
536 3261 781 3337 omnium
813 3263 976 3316 etiam
1010 3261 1272 3332 proximis
1301 3261 1557 3323 debetur.

652 3340 672 3361 ν

493 3547 547 3601 5.
579 3548 710 3614 Quae
738 3547 957 3617 quidem
991 3563 1114 3603 cum
1159 3548 1231 3602 ita
1277 3564 1337 3604 se
1366 3549 1605 3604 habeant
1635 3550 1711 3618 (cl
1746 3564 1880 3605 vere
1918 3549 2000 3606 sic

426 3655 486 3695 se
531 3639 756 3707 habent,
799 3642 1155 3710 quantumvis
1203 3642 1503 3696 adversarii
1540 3652 1817 3711 augentur
1849 3643 1991 3697 etin

427 3733 729 3786 contrarias
756 3742 937 3802 partes
965 3732 1329 3802 abeant),5vos
1356 3734 1461 3804 ipsi
1486 3734 1804 3790 meditando
1838 3733 1999 3790 facile

428 3820 763 3894 intelligetis,
795 3824 953 3879 vobis
985 3826 1103 3879 haec
1135 3825 1316 3879 omnia
1369 3826 1665 3895 diligenter
1699 3828 2000 3882 observan-

429 3915 573 3970 tibus
602 3930 751 3985 spem
783 3916 977 3971 salutis
1008 3917 1372 3972 certissimam
1427 3916 1554 3972 inde
1586 3918 1795 3972 enasci.
1827 3917 2004 3970 Caete-

431 4025 548 4063 rum
606 4009 652 4065 si
686 4009 826 4066 forte
862 4009 915 4064 in
947 4025 1058 4064 uno
1091 4009 1372 4066 charitatis
1412 4018 1682 4081 prmeepto
1723 4009 2008 4079 deliqueri-

428 4103 518 4165 tis,
554 4105 720 4159 nolite
748 4104 932 4160 statim
963 4118 1116 4175 spem
1146 4104 1293 4158 illam
1326 4104 1585 4175 abjicere,
1629 4101 1723 4159 sed
1758 4118 1856 4173 per
1887 4118 2003 4171 pte-

430 4196 717 4251 nilentiam
751 4199 1107 4252 corroborarc
1128 4196 1309 4251 denuo
1343 4196 1589 4251 eamdem
1626 4196 1863 4250 studctc.
1888 4193 2004 4247 Jam

2102 3076 2324 3148 Χριστῷ
2342 3078 2647 3143 διακονίας,
2684 3081 2780 3133 καλ⁸
2808 3082 3013 3143 παντὸς
3044 3080 3137 3134 τοῦ
3171 3082 3405 3153 κλήρου,
3446 3086 3543 3138 καὶ
3577 3086 3670 3138 τοῦ

2099 3169 2257 3232 λαοῦ,
2296 3170 2454 3239 ὑμεῖς
2487 3170 2689 3239 οἷδατε,
2728 3172 3097 3242 μανθάνοντες
3131 3175 3265 3229 αὐτὸ
3294 3176 3361 3228 ἐκ
3388 3176 3484 3229 τοῦ
3522 3178 3671 3248 ίεροῦ

2101 3262 2450 3333 ἀναστάθμου
2485 3263 2580 3317 τοῦ
2607 3266 2750 3319 κατά
2776 3266 2876 3336 τὴν
2922 3268 3085 3335 ἁγίαν
3113 3268 3414 3339 ἐκκλησίαν
3447 3271 3673 3342 ἐξηκού-

2104 3371 2265 3424 μενον
2304 3357 2383 3419 είς
2420 3356 2587 3427 ὑμᾶς.
2630 3358 3010 3428 Ἐποφείλεται
3055 3358 3111 3413 δὲ
3148 3360 3460 3425 ἀκολούθως
3485 3364 3677 3434 ἀγάπη

2103 3449 2240 3519 πρὸς
2274 3450 2495 3505 πάντων
2527 3450 2622 3504 καὶ
2650 3453 2761 3514 τοῖς
2794 3452 3048 3522 πλησίον.

2172 3539 2235 3595 ε’.
2266 3539 2487 3597 Τούτων
2524 3542 2588 3613 δὴ
2619 3541 2793 3607 οὕτως
2841 3545 3079 3614 ἐχόντων
3105 3547 3313 3617 (ἔχουσι
3362 3548 3419 3602 δὲ
3453 3549 3555 3604 οὐκ
3585 3550 3679 3604 ἀλε-

2101 3632 2229 3700 λως,
2265 3635 2367 3688 κᾶν
2394 3636 2443 3687 εί
2476 3636 2648 3690 πολλά
2678 3654 2761 3700 τις
2787 3638 3092 3711 πτερυγίζῃ
3125 3641 3557 3713 ἀντιφερόμενος
3581 3645 3678 3696 καὶ

2101 3725 2456 3797 ἀδολεσχῶν),
2516 3730 2646 3797 ὑμῖν
2684 3730 2891 3800 ἀφίημι
2936 3732 3356 3788 διασκοπεῖσθαι
3411 3736 3508 3788 καὶ
3536 3736 3680 3804 λογιο

2105 3816 2317 3873 στεύειν
2351 3820 2417 3872 τὰ
2476 3821 2596 3873 καθ’
2624 3820 2767 3891 ὑμᾶς
2820 3824 3057 3889 αὐτοὺς,⁴
3088 3825 3162 3889 ὼς
3195 3824 3286 3891 ἂν,
3323 3828 3371 3879 εί
3407 3828 3510 3897 μὲν
3542 3829 3680 3882 αὐτὰ

2105 3912 2285 3965 πάντα
2342 3913 2682 3981 φυλάττεσθε
2742 3917 2820 3980 είς
2886 3918 3137 3991 ἀκριὸὲς,
3195 3919 3479 3982 εὐέλπιδες
3530 3921 3676 3991 εἴητε

2107 4002 2455 4072 σωθήσεσθαι
2480 4021 2493 4034 ·
2532 4007 2579 4057 εί
2611 4005 2669 4057 δέ
2696 4023 2748 4057 τι
2782 4005 3084 4073 σφάλλεσθε
3102 4005 3208 4066 ,τοῦ
3234 4008 3376 4060 κατὰ
3404 4009 3505 4078 τὴν
3546 4011 3682 4078 ἀγά-

2107 4111 2216 4164 πην
2271 4096 2390 4148 ὅλου
2433 4096 2677 4160 κανόνος.
2708 4098 2801 4151 ἀπ’
2831 4099 3044 4163 ἐλπίδος
3100 4100 3197 4169 μὲν
3239 4100 3374 4171 μηδὲ
3427 4101 3571 4154 οὕτω
3600 4099 3682 4169 γί-

2107 4186 2310 4249 νοισθε,
2345 4186 2630 4240 σπεύδοιτε
2660 4188 2716 4242 δὲ
2751 4189 3241 4259 πραγματεύεσθαι
3269 4190 3354 4244 διὰ
3389 4192 3679 4260 μετανοίας

430 4304 562 4344 vero
597 4288 868 4358 ejusmodi
919 4289 1255 4359 paenitentia
1308 4303 1417 4342 non
1473 4286 1799 4356 simpliciter
1840 4289 1893 4341 in
1940 4301 1994 4338 ea

2110 4278 2293 4348 τὸτῆς
2334 4278 2547 4341 ἐλπίδος
2593 4282 2800 4352 ταύτης
2840 4281 3298 4353 ἀκαταίσχυντον.
3327 4282 3598 4353 Θεωροῖτο
3624 4283 3679 4334 δὲ

429 4378 685 4435 consistit
720 4385 777 4433 ut
811 4380 982 4433 animi
1013 4377 1261 4433 dolerent
1295 4377 1570 4440 sentiatis,
1605 4377 1699 4431 sed
1726 4383 1783 4430 ut
1820 4374 2003 4428 chari-

431 4464 562 4527 tatis
595 4469 867 4526 defectum
915 4468 1259 4540 compleatis,
1296 4478 1350 4523 et
1388 4467 1532 4537 quod
1560 4468 1715 4522 vobis
1747 4467 1813 4520 ad
1850 4467 1998 4521 illam

432 4562 588 4618 deest
611 4562 932 4633 perfleiatis,
961 4562 1099 4616 adeo
1129 4568 1188 4615 ut
1221 4573 1361 4628 quos
1409 4573 1594 4613 amare
1627 4557 1863 4621 debetis,
1891 4571 2001 4611 non

435 4658 594 4712 aliter
613 4659 829 4726 ametis,
852 4674 1017 4729 quam
1051 4658 1130 4711 uti
1147 4655 1291 4712 Deus
1323 4656 1605 4727 praecepit,
1648 4654 1702 4708 in
1738 4661 1851 4708 toto
1888 4652 2009 4705 ani-

437 4768 523 4808 mo
554 4762 610 4807 et
637 4767 706 4808 ex
733 4763 846 4809 toto
871 4754 1074 4817 animo,
1106 4752 1161 4807 in
1186 4761 1299 4807 toto
1323 4753 1489 4806 corde
1509 4757 1564 4805 et
1585 4763 1649 4803 ex
1680 4755 1798 4802 toto
1817 4745 2006 4810 corde,

441 4844 496 4898 in
529 4854 640 4898 tota
672 4845 1001 4916 cogitatione
1046 4854 1101 4898 et
1133 4860 1200 4899 ex
1240 4851 1353 4899 tota
1402 4839 1763 4913 cogitatione.
1803 4837 1895 4893 Sic
1922 4837 2007 4891 ni-

439 4938 637 4991 mirum
671 4938 900 5006 diligere
933 4935 1001 4990 ab
1034 4951 1098 4992 eo
1126 4935 1407 5005 iubemur.

514 5224 567 5278 θ.
601 5224 856 5278 Animam
888 5231 1072 5275 autem
1103 5220 1228 5275 dico
1260 5215 1395 5271 illud
1428 5215 1572 5285 quod
1607 5227 1840 5285 prorsus
1872 5212 2013 5266 intra

440 5330 545 5372 nos
581 5322 689 5376 est,
733 5312 974 5368 animam
1004 5326 1112 5367 non
1143 5310 1212 5365 de
1254 5318 1396 5363 terra
1431 5316 1638 5369 natam,
1682 5319 1858 5371 neque
1894 5304 2014 5357 ideo

443 5408 510 5462 ad
539 5417 738 5460 terram
758 5418 1128 5469 reversuram,
1157 5402 1251 5457 sed
1277 5416 1398 5472 qua:
1425 5411 1546 5453 orta
1578 5406 1751 5453 estex
1781 5395 2018 5449 insuffla-

444 5499 597 5552 tione
627 5496 747 5562 Dei,
774 5495 843 5551 ad
872 5510 1035 5565 quem
1063 5496 1226 5553 etiam
1268 5494 1430 5556 redit,
1462 5491 1506 5546 si
1548 5497 1756 5544 rectum
1784 5486 1974 5541 lecerit
2000 5503 2015 5550 ;

447 5588 710 5651 animam,
764 5589 1010 5657 inquam,
1043 5601 1150 5655 qua
1192 5585 1319 5640 licet
1359 5585 1426 5639 ad
1475 5584 1567 5638 Dei
1621 5588 1871 5636 naturam
1909 5594 2019 5633 non

434 5660 684 5745 'prorsus
723 5679 1051 5742 accedente,
1095 5687 1272 5731 tamen
1306 5675 1724 5737 similitudinem
1778 5672 2018 5727 divinam

2114 4370 2180 4423 ἂν
2212 4370 2244 4439 ἡ
2275 4368 2501 4439 τοιαύτη
2543 4370 2804 4438 μετάνοια
2855 4372 2953 4422 ούκ
2986 4372 3044 4421 ὲν
3072 4370 3150 4439 τῷ
3200 4369 3387 4432 ἁπλῶς
3441 4370 3681 4439 μεταμὲο

2109 4461 2317 4527 λεσθαι,
2365 4462 2504 4516 ἀλλὰ
2551 4462 2645 4515 καὶ
2691 4461 3042 4534 ἀναπληροῦν
3089 4462 3147 4516 τὸ
3200 4464 3301 4530 τῆς
3354 4462 3577 4532 ἀγάπης
3627 4464 3684 4513 ἐν

2109 4554 2239 4622 ὑμῖν
2285 4554 2558 4620 ἐλλεῖπον,
2594 4557 2689 4607 καὶ
2727 4554 3085 4609 τελειοποιεῖν
3132 4557 3194 4609 τὸ
3240 4557 3362 4611 κατ’
3396 4558 3567 4626 αὐτὴν
3600 4560 3684 4611 ὲν-

2108 4646 2226 4707 δεές
2253 4663 2267 4677 ο
2296 4646 2381 4699 ἴνα
2436 4646 2510 4717 μὴ
2569 4647 2745 4711 ἄλλως
2776 4647 3092 4719 ἀγαπῴητε,
3125 4648 3219 4713 οὓς
3262 4650 3484 4721 ἀγαπᾷν
3513 4668 3684 4722 χρεω-

2113 4741 2311 4805 στεῖτε,
2342 4739 2477 4794 ἀλλὰ
2499 4738 2575 4803 ὡς
2604 4740 2633 4790 ὁ
2659 4739 2791 4801 Θεὸς
2828 4742 3132 4805 ὲκανόνισε,
3162 4741 3581 4812 διαταξάμενος,
3627 4745 3682 4797 ιν

2111 4831 2207 4902 ὅλῃ
2259 4830 2405 4902 ψυχῇ
2434 4874 2448 4899 ,
2490 4832 2586 4885 καὶ
2641 4832 2700 4899 ἐξ
2753 4831 2880 4902 ὅλης
2924 4833 3137 4903 ψυχῆς,
3174 4836 3270 4887 καὶ
3307 4833 3405 4905 ὅλῃ
3465 4833 3683 4905 καρδία,

2114 4926 2210 4978 καὶ
2266 4923 2326 4989 ἐξ
2358 4924 2488 4994 ὅλης
2554 4923 2814 4994 καρδίας,
2866 4924 2960 4978 καὶ
3000 4927 3060 4978 ἐν
3097 4923 3194 4997 ὅλῃ
3226 4925 3455 4995 διανοίᾳ,
3488 4928 3586 4978 καὶ
3629 4925 3688 4988 ἑξ

2113 5018 2241 5089 ὅλης
2295 5018 2533 5081 διανοίας
2594 5018 2851 5087 ἀγαπᾷν,
2883 5014 2977 5080 οὓς
3020 5017 3198 5086 φιλεῖν
3233 5015 3301 5069 δι’
3331 5014 3499 5078 αὐτοῦ
3539 5019 3686 5069 ἐντε-

2114 5111 2381 5183 τάλμεθα.

2190 5212 2267 5270 ς’.
2301 5204 2459 5271 Λέγω
2484 5203 2539 5255 δὲ
2564 5201 2743 5272 ψυχὴν
2789 5203 2888 5272 μὲν
2936 5201 3031 5270 τὴν
3059 5201 3119 5253 τὸ
3151 5202 3261 5255 πᾶν
3316 5201 3376 5254 ὲν
3412 5202 3570 5270 ἡμῖν,
3590 5200 3687 5269 τὴν

2122 5298 2201 5368 μὴ
2226 5297 2291 5351 ἐκ
2312 5296 2436 5364 γῆς,
2478 5294 2557 5346 διὸ
2591 5281 2729 5363 μηδὲ
2757 5289 3185 5346 παλινοστοῦσαν
3214 5292 3297 5352 είς
3322 5289 3426 5360 γῆν
3444 5306 3461 5323 ’
3489 5291 3608 5343 ἀλλ’
3633 5291 3688 5347 ἐξ

2121 5388 2518 5459 ἑμφυσήματος
2567 5383 2727 5447 Θεοῦ,
2771 5386 2850 5446 εἰς
2874 5383 2936 5437 ὃν
2972 5383 3069 5435 καὶ
3107 5379 3389 5445 καταλύει,
3447 5380 3513 5433 ἂν
3554 5380 3693 5450 δρθά

2124 5479 2461 5551 πορεύηται·
2492 5476 2560 5530 δι’
2589 5469 2679 5549 ἧς,
2707 5470 2843 5528 Θεοῦ
2895 5474 2993 5543 μὲν
3024 5472 3100 5542 μὴ
3131 5470 3298 5541 οὔσης
3344 5470 3688 5541 αὐτόχρημα,

2125 5572 2405 5627 θειοτάτου
2430 5571 2484 5625 δὲ
2518 5572 2823 5641 χρήματος,
2859 5563 3289 5635 ἀποθειούμεθα,
3321 5564 3481 5633 εῖπερ
3514 5562 3694 5616 ἐθέλο-

2133 5682 2252 5737 μεν,
2285 5664 2377 5716 κού⁹
2409 5663 2512 5741 υἱοί
2536 5659 2800 5732 γινόμεθα
2840 5658 3100 5730 Ὑψίστου
3133 5658 3332 5720 πάντες
3357 5672 3372 5687 ·
3401 5655 3497 5709 καὶ
3520 5654 3569 5709 εί
3600 5655 3693 5709 καὶ
