3962 6242
246 305 374 368 103'!

1179 318 1556 380 EPISTOLA
1610 325 1652 378 Α
1666 323 1712 382 D
1753 317 2045 385 THES’SA
2062 325 2561 391 LONICENSES.

3375 339 3515 408 1038

248 422 577 490 θνῄσκομεν,
615 422 732 475 ἀλλ’
773 422 850 486 ὡς
883 423 1127 477 τοιοῦτοι
1154 426 1486 499 θνήσκομεν,
1523 430 1598 493 ὡς
1626 431 1814 502 δηλαδὶν

1933 435 2229 503 referente,
2262 440 2327 494 ad
2358 442 2612 505 deorum,
2659 443 2703 498 si
2736 444 2994 509 velimus,
3027 446 3357 518 dignitatem
3388 470 3517 515 cve-

250 513 710 583 προσει).ημμένοι
742 515 892 585 αὐτῷ
926 518 1006 579 εἰς
1052 518 1276 589 υἱότητα
1305 538 1319 551 ⁸
1352 523 1412 575 ού
1448 523 1557 593 μὴν
1608 525 1683 588 ὡς
1716 526 1823 581 υἱοὶ

247 605 768 690 ἀνθρώπωνκοῦδὲ,
828 611 1116 678 ἀπολύτως
1166 618 1364 682 εἰπεῖν,
1412 619 1491 683 ὡς·
1540 621 1821 692 ἄνθρωποι

247 699 430 754 ἀδίκου
477 699 724 767 δηλονότι
774 702 1031 765 πλούτου.
1066 707 1098 778 ῆ
1133 708 1354 777 φαύλων
1411 711 1746 781 ἐπιθυμιῶν,
1784 716 1815 786 ἦ

244 792 433 862 ὀργῆς,
460 793 492 862 ἢ
519 794 793 862 αἱμάτων,
824 797 856 866 ἢ
890 799 1095 853 τοιοῦδέ
1134 817 1282 865 τινος
1322 803 1515 856 κακοῦ.
1552 807 1821 873 Καρδίαν

245 883 297 936 δέ
322 900 384 951 γε
407 885 576 953 φημὶ,
614 888 701 954 ἐφ’
724 886 792 957 ἢν
822 888 1169 961 διαλογισμοὶ
1193 894 1566 960 εὐαγγελικῶς
1592 898 1819 950 ἀναϐαί-

243 994 408 1040 νουσι,
438 978 536 1031 καὶ
560 979 715 1031 αὐτοὶ
741 981 994 1053 διάφοροι
1024 985 1174 1038 ἔστιν
1195 986 1308 1052 ὅτε,
1339 990 1433 1040 καὶ
1460 988 1580 1041 οὐδὲ
1610 990 1818 1061 εὐσύμ-

243 1065 390 1119 6ατοι
410 1083 427 1097 ·
457 1066 736 1122 διάνοιαν
764 1071 845 1135 δὲ,
887 1073 1010 1125 καθ’
1037 1075 1126 1145 ἣν,
1158 1078 1209 1128 εί
1260 1075 1358 1145 μὲν
1387 1080 1709 1147 σεσόφισταί
1736 1098 1820 1144 τις

241 1156 446 1224 θεόθεν,
477 1160 660 1228 ἀγαθὰ
695 1162 1101 1231 συλλογίζεται.
1156 1167 1252 1219 καὶ
1284 1173 1652 1241 συμπεραίνει
1692 1174 1818 1236 τοὺς

240 1249 427 1318 λόγους
459 1254 596 1321 πρὸς
627 1254 777 1319 θείας
820 1258 997 1329 ἀρχὰς
1025 1259 1125 1323 τὰς
1158 1260 1376 1314 ἐκεῖθεν
1400 1277 1414 1292 ο
1447 1266 1495 1315 εί
1543 1265 1602 1316 δὲ
1632 1267 1819 1335 ἦμάρ.

238 1360 418 1411 τηται,
448 1348 736 1414 σοφίζεται
773 1351 867 1404 καὶ
895 1352 1090 1404 ἑαυτὸν
1118 1354 1213 1406 καὶ
1247 1355 1372 1417 τοὺς
1397 1357 1694 1424 ἀκροατὰς,
1725 1361 1821 1414 καὶ

238 1437 407 1503 οὕτως
436 1441 497 1492 οὐ
532 1443 633 1513 τῆς
676 1444 1012 1513 αὐτοσοφίας
1050 1445 1328 1512 λογίζεται
1376 1449 1647 1520 μαθητὴς,
1681 1452 1818 1504 ἀ).λὰ

236 1530 326 1583 τοῦ
358 1535 622 1603 σοφιστοῦ
650 1537 752 1605 τῆς
774 1539 975 1601 κακίας
1009 1540 1387 1611 ῦποδρηστήρ.

1932 530 2117 584 himur
2147 542 2201 588 et
2238 535 2425 589 cuncti
2462 536 2746 591 reddimur
2781 538 2877 593 lilii
2922 539 3218 606 Altissimi,
3256 545 3332 598 ita
3381 548 3515 617 qni-

1927 622 2050 675 dem
2092 634 2167 684 ut,
2200 626 2419 679 etiamsi
2455 628 2743 695 morimur,
2781 638 2969 688 tamen
3002 647 3110 687 non
3143 642 3408 707 tanquam
3437 648 3517 695 ta-

1929 716 2009 768 les
2040 716 2365 779 moriamur,
2404 729 2593 789 utpote
2628 720 2735 789 jam
2766 734 2925 778 antea
2959 727 3011 778 in
3049 727 3284 784 ﬁliorum
3329 747 3518 787 nume-

1925 821 2044 858 rum
2088 809 2352 875 adoptati,
2401 826 2579 877 neque
2613 822 2872 883 tanquam
2915 816 3011 870 ﬁlii
3063 818 3366 885 hominum,
3417 839 3514 879 ne-

1928 915 2059 966 que,
2096 907 2153 951 ut
2183 900 2425 955 breviter
2459 904 2665 970 dicam,
2695 918 2955 977 tanquam
2993 910 3243 968 homines
3275 914 3511 984 injusta-

1928 1007 2049 1044 rutn
2103 993 2421 1049 divitiarum
2447 1037 2460 1059 ,
2501 1006 2596 1049 aut
2644 1012 2937 1066 pravarum
2974 1004 3369 1072 cupiditatum.
3411 1016 3512 1061 aut

1927 1088 2045 1149 irae,
2084 1096 2177 1141 aut
2208 1090 2562 1159 sanguinnm,
2594 1103 2688 1146 aut
2726 1095 2924 1152 similis
2952 1098 3353 1167 improbitatis.
3402 1100 3515 1157 Cor

1930 1194 2099 1249 porro
2128 1180 2272 1243 dico,
2307 1183 2359 1234 in
2393 1198 2524 1251 quo,
2556 1193 2615 1237 ut
2654 1199 2779 1239 cum
2815 1186 3110 1259 Evangelia
3145 1192 3362 1259 loquar,
3390 1204 3510 1249 ‘co-

1928 1272 2227 1341 gitationes
2259 1285 2570 1344 exsurgunt
2603 1276 2839 1333 diversa:
2887 1280 3169 1337 interdum
3200 1293 3255 1338 ct
3283 1286 3511 1342 illicilzc.

1926 1362 2332 1434 Cogitationem
2365 1368 2625 1436 denique,
2651 1385 2758 1439 qua
2792 1372 2918 1441 quis
2945 1374 3209 1431 divinitus
3241 1378 3511 1446 sapientia

1928 1455 2238 1513 instructus
2267 1460 2333 1514 de
2360 1463 2531 1515 rebus
2565 1464 2729 1517 bonis
2754 1465 3054 1520 meditatur
3073 1475 3129 1522 et
3161 1469 3511 1539 disciplinam

1929 1549 1998 1602 ab
2038 1550 2195 1605 initio
2233 1566 2522 1623 acceptam
2555 1556 2622 1611 ad
2663 1557 2874 1625 iustum
2922 1558 3085 1614 linem
3145 1561 3408 1632 perducit
3456 1571 3514 1616 et

235 1638 564 1726 conservat;
600 1631 690 1688 ubi
722 1648 853 1688 vero
882 1644 1170 1703 peceatum
1213 1644 1319 1702 est,
1360 1653 1422 1693 se
1456 1648 1626 1709 atque
1656 1641 1938 1698 auditores
1974 1646 2192 1711 edocet,
2266 1664 2449 1719 neque
2522 1652 2762 1720 prpprize
2820 1654 3106 1723 sapientiae
3188 1656 3510 1726 discipulus,

232 1721 326 1777 sed
365 1725 618 1794 magistri
653 1729 1034 1794 perversitatis
1066 1745 1263 1786 servus
1288 1739 1604 1800 reputatur.

300 1817 367 1880 ζ’.
415 1818 575 1887 Ἐμοὶ
609 1821 667 1874 δὲ
701 1823 797 1875 καὶ
828 1822 1063 1877 ἐνταῦθα
1098 1825 1258 1892 λόγου
1289 1828 1348 1879 τὸ
1373 1827 1445 1880 ἐν
1480 1828 1595 1900 ὅλῃ
1633 1832 1726 1884 καὶ
1756 1833 1816 1884 τὸ
1851 1835 1893 1892 Β

230 1909 297 1973 ἐξ
323 1908 476 1977 ὅλης
502 1912 602 1965 οῦκ
630 1912 988 1984 ἀπροσφυῶς,
1014 1911 1193 1983 οἶμαι,
1223 1917 1373 1971 δοκεῖ
1399 1921 1473 1990 μὴ
1504 1923 1817 1992 συντρέχειν

230 2003 308 2067 είς
336 2003 550 2061 ἔννοιαν
579 2006 679 2077 τὴν
706 2009 898 2079 αὐτὴν,
932 2010 1030 2063 καὶ
1066 2011 1250 2083 πάντη
1278 2014 1499 2078 πάντως
1523 2016 1819 2081 meme-

230 2111 379 2160 κτον,
412 2098 554 2152 ἀλλὰ
600 2101 1006 2170 προφαίνεσθαι
1037 2103 1138 2173 μὲν
1169 2107 1438 2177 διαφοράν
1472 2126 1593 2163 τινα
1619 2111 1678 2161 ὲν
1715 2112 1816 2164 αὖ·

226 2190 357 2255 τοῖς,
390 2188 454 2241 οὐ
510 2190 620 2260 μὴν
665 2192 1007 2265 ἀσύντροχον
1035 2199 1101 2267 τῇ
1151 2198 1431 2268 ὀρθότητι,
1470 2196 1559 2254 οἷα
1606 2203 1666 2256 ὲν
1694 2204 1809 2256 δίαο

228 2281 378 2351 φὸρῳ
419 2281 582 2353 λαλιᾷ
643 2283 1052 2354 ξυμϐαίνουσαν
1098 2289 1180 2353 εἰς
1210 2289 1270 2342 ἓν
1323 2292 1532 2360 ἀγαθόν
1559 2311 1573 2325 ·
1628 2296 1815 2365 ὅμοιον

225 2371 298 2435 ὡς
328 2374 424 2426 καὶ
481 2374 537 2427 εἴ
567 2392 714 2439 τινες
773 2376 868 2430 δύο
898 2380 1259 2451 πορευόμενοι
1307 2384 1367 2446 ἐς
1398 2384 1559 2455 ὀρθὸν
1591 2388 1674 2440 ’ἐν
1709 2387 1814 2458 ὁδῷ

228 2468 530 2539 σχιζομένη
567 2469 715 2539 διχῆ,
750 2469 902 2540 ὅμως
936 2471 1246 2539 εύθυϐόλως
1277 2477 1360 2540 εἰς
1387 2476 1444 2530 ἓν
1477 2477 1649 2549 πέρας
1678 2481 1816 2546 ἁγα-

226 2559 318 2612 [δν
350 2561 715 2616 καταλύουσι.

293 2648 367 2721 η’.
398 2651 511 2706 Καί
546 2671 639 2721 μοι
675 2656 905 2725 ἀρέσκει
941 2659 1002 2712 τὸ
1039 2660 1139 2727 μὲν
1173 2660 1241 2714 ἐν
1268 2661 1383 2731 ὅλῃ
1411 2664 1475 2716 τὸ
1522 2665 1814 2737 ἐνδόμυχον

222 2742 321 2811 τῆς
350 2745 585 2814 ἀγάπης
609 2747 1034 2816 ὑποσημαίνειν,
1052 2752 1112 2805 τὴ
1135 2755 1452 2822 καταμόνας
1482 2756 1631 2810 ἔνδον
1661 2759 1718 2809 ἐν
1747 2760 1811 2827 τῇ

227 2833 398 2906 ψυχῇ,
429 2837 494 2891 τὸ
546 2839 673 2901 τοὺς
717 2840 947 2905 πολλοὺς
980 2842 1242 2897 λανθάνον
1294 2844 1487 2907 εἰσέτι,
1524 2846 1587 2898 τὸ
1644 2848 1815 2917 μήπω

226 2931 567 3001 ὲκπεφηνὸς,
615 2932 679 2984 τὸ
720 2933 968 2987 ἐνοικοῦν
998 2938 1062 3004 τῇ
1101 2935 1273 3005 ψυχῇ,
1315 2934 1377 2988 τὸ
1419 2937 1480 2989 ὲν
1530 2938 1607 3006 τῷ
1662 2942 1812 3003 me;

216 3024 619 3093 κεκρυμμένον
643 3023 933 3093 οἰκουρίας
953 3026 1097 3087 τινὸς
1118 3026 1298 3094 δίκην,
1328 3029 1389 3080 οὑ
1421 3029 1528 3099 μὴν
1556 3031 1651 3083 καὶ
1683 3048 1815 3099 προ-

214 3118 561 3186 φαινόμενον
591 3118 672 3181 είς
703 3118 1022 3188 ἐνάργειαν.
1060 3119 1231 3171 Ἔνθα
1272 3124 1657 3190 προσεπινοείν
1690 3126 1812 3178 ἐνά-

213 3223 408 3279 γομαι,
444 3211 546 3264 καὶ
586 3211 664 3270 ὡς
720 3214 777 3265 ἐν
811 3214 959 3281 τρισὶ
986 3212 1197 3275 τούτοις
1249 3214 1454 3278 καλοῖς,
1488 3215 1565 3283 τῇ
1615 3220 1809 3287 ψυχῇ,

210 3304 287 3372 τῇ
320 3307 553 3375 καρδίᾳ
589 3308 686 3359 καὶ
716 3306 792 3375 τῇ
840 3306 1077 3374 διανοίᾳ
1131 3309 1193 3360 τὸ
1245 3311 1302 3362 ἐν
1333 3311 1466 3379 ἡμῖν
1502 3311 1611 3363 πᾶν
1661 3312 1814 3374 ἐντὸς

209 3398 419 3465 ἀγαθὸν
451 3399 698 3461 ἐντελῶς
726 3400 1130 3470 ὑπογράφεται.
1167 3418 1227 3453 ου
1257 3400 1575 3470 μεμνῆσθαι
1602 3403 1695 3455 καὶ
1724 3402 1812 3455 τὸν

208 3493 386 3563 μέγαν
423 3492 621 3556 Δαυῒδ,
667 3494 802 3547 ὅπου
829 3493 1005 3547 ὲθέλει
1036 3494 1212 3547 πάντα
1242 3496 1311 3548 τὰ
1340 3496 1492 3558 ἐντὸς
1526 3495 1691 3548 αὑτοῦ
1728 3513 1813 3549 κι-

204 3589 564 3649 νεῖσθαι-εἰς
613 3587 676 3639 τὸ
717 3587 965 3654 εὐλογεῖν
994 3588 1054 3640 τὸ
1086 3587 1178 3641 τοῦ
1220 3586 1358 3641 Θεοῦ
1405 3588 1562 3655 ἀγὼν
1613 3589 1810 3657 ὄνομα.

202 3677 444 3743 Τούτοις
471 3680 593 3749 γὰρ
612 3681 727 3741 τοῖς
760 3680 933 3745 ἐντὸς,
958 3681 1070 3742 τοῖς
1092 3679 1275 3749 τρισὶν
1293 3722 1307 3745 ,
1335 3681 1426 3751 ὑφ’
1449 3674 1525 3735 ὧν
1552 3682 1585 3751 ἡ
1620 3681 1809 3748 ἀγάπη

200 3773 606 3837 διαπλέκετσιι,
640 3772 696 3823 εί
745 3790 828 3834 ⁴ιτις
867 3773 1135 3843 λογισμοῦ
1167 3771 1226 3828 εὖ
1278 3774 1414 3845 ἔχοι,
1452 3773 1671 3842 εύλογεί
1718 3776 1809 3827 τὸν

201 3869 303 3939 τῆς
342 3867 591 3939 ἀγάπης
629 3864 858 3934 Κύριον,
895 3864 1066 3933 ὕμνον
1096 3866 1427 3936 ἀναμέλπων
1459 3864 1516 3920 ἐν
1548 3869 1625 3938 τῷ
1655 3885 1814 3921 πνευ-

201 3962 463 4029 ματικῶς
489 3957 776 4031 ἡρμόσθαι
812 3959 953 4013 κατά
984 3958 1045 4012 τὸ
1068 3958 1128 4012 ἐν
1158 3960 1349 4032 ἀγάπῃ
1399 3960 1692 4030 σύμφωνον
1712 3962 1808 4015 τοῦ

195 4052 511 4126 τριμεροῦς
536 4052 644 4120 τῆς
658 4051 863 4121 ψυχῆς.
888 4052 996 4104 Καὶ
1022 4052 1261 4106 τοιοῦτον
1283 4055 1384 4120 μὲν
1415 4054 1476 4105 τὸ
1496 4056 1554 4107 ἐν
1573 4054 1669 4125 ὅλῃ
1713 4055 1811 4123 ψυε

198 4148 269 4217 χῇ
299 4164 360 4199 τε
412 4147 515 4200 καὶ
539 4144 747 4215 καρδίᾳ
775 4145 870 4198 καὶ
899 4145 1148 4215 διυνοίᾳ¹,
1169 4147 1243 4207 ὡς
1297 4147 1534 4215 εἴρηται,
1559 4148 1804 4217 ἀγαπᾷν.

265 4236 334 4293 θ’.
365 4240 446 4292 Τὸ
494 4239 560 4292 δὲ
591 4237 663 4298 ἐξ
699 4237 851 4301 ὅλης
887 4235 965 4305 τῷ
998 4236 1228 4306 ἑτεροίῳ
1274 4238 1377 4306 τῆς
1426 4239 1680 4306 φράσεως
1716 4247 1809 4294 καὶ

190 4332 292 4397 τὴν
326 4330 565 4385 ἔννοιαν
598 4327 1051 4394 συνεξαλ).οἱττειν
1083 4329 1252 4382 δοκεῖ.
1285 4330 1541 4383 Φαίνεται
1578 4331 1685 4398 γὰρ
1714 4332 1810 4400 δτι-

192 4424 323 4479 λοῦν
372 4425 623 4502 ἀγάπην
668 4422 702 4489 ἠ
758 4423 957 4489 φράσις
993 4421 1132 4490 αὕτη
1166 4422 1459 4491 πρόοπτον,
1500 4424 1595 4475 καὶ
1632 4422 1805 4485 οὕτως

1996 1834 2046 1885 7.
2081 1831 2199 1886 Jam
2243 1834 2329 1888 hic
2359 1849 2492 1889 vero
2531 1837 2674 1889 haud
2707 1838 3137 1907 inopportnnum
3171 1838 3389 1894 videtur
3425 1841 3514 1896 di‘

1921 1940 2068 1990 cere,
2096 1926 2241 1995 quod
2275 1926 2366 1980 illa
2399 1935 2562 1981 verba
2597 1930 2650 1982 in
2679 1938 2792 1983 toto
2823 1939 2880 1984 et
2907 1945 2972 1983 ex
2999 1939 3110 1983 toto
3133 1945 3246 1983 non
3275 1945 3510 2001 prorsus

1919 2018 2258 2074 adeumdem
2287 2021 2515 2076 redeant
2538 2037 2788 2089 sensum,
2832 2037 2934 2078 nec
2969 2023 3081 2077 ullo
3112 2025 3274 2078 modo
3307 2012 3511 2079 discre-

1920 2119 2163 2178 pantem,
2206 2110 2300 2165 sed
2342 2111 2642 2167 discrimen
2673 2114 2953 2182 quoddam
2996 2113 3080 2168 eis
3132 2113 3341 2177 inesse,
3395 2124 3506 2168 non

1919 2203 2028 2257 tale
2056 2203 2277 2273 quidem
2312 2205 2456 2273 quod
2503 2214 2669 2259 recta:
2711 2205 2834 2260 lidei
2870 2214 3180 2276 repugnet,
3230 2206 3325 2261 sed
3357 2208 3505 2276 quod

1919 2295 2143 2351 diverso
2180 2295 2442 2364 loquendi
2473 2310 2676 2365 genere
2707 2297 2774 2351 ad
2809 2312 2977 2351 unum
3009 2297 3265 2368 idemque
3297 2298 3505 2353 bonum

1918 2386 2179 2451 deducat,
2221 2387 2370 2441 velut
2399 2389 2444 2441 si
2492 2387 2601 2442 duo
2629 2388 2717 2440 via
2762 2398 2935 2451 recta,
2966 2389 3095 2443 licet
3133 2387 3391 2443 bifariam
3423 2388 3507 2443 di~

1918 2480 2076 2546 visa,
2139 2480 2574 2550 proﬁciscentes,
2627 2483 2693 2534 ad
2744 2481 2904 2536 ﬁnem
2958 2490 3214 2549 optatum
3263 2480 3505 2537 feliciter

1920 2575 2265 2642 perveniunt.

1988 2666 2044 2720 8.
2076 2665 2256 2721 Verba
2303 2667 2393 2720 illa
2442 2669 2497 2720 in
2544 2675 2674 2731 toto,
2714 2676 2773 2720 ut
2808 2666 2942 2719 mihi
2992 2664 3218 2735 quidem
3257 2664 3499 2729 videtur,

1918 2760 2163 2815 iudicant
2188 2761 2532 2816 reconditum
2560 2759 2875 2822 eharitatis,
2899 2758 2952 2813 id
2977 2758 3123 2827 quod
3148 2758 3328 2813 solum
3355 2759 3504 2812 intra

1918 2856 2159 2908 animam
2190 2865 2294 2919 est,
2328 2855 2475 2923 quod
2501 2853 2917 2908 multitudinem
2953 2853 3137 2907 adhuc
3168 2852 3323 2913 latet,
3355 2853 3501 2920 quod

1917 2946 2163 3000 nondum
2209 2947 2480 3014 apparuit.
2525 2945 2673 3013 quod
2710 2945 2909 2999 anima:
2955 2944 3187 3007 insidet,
3241 2943 3388 3013 quod
3447 2945 3501 2997 iu

1917 3037 2191 3100 interiori,
2217 3039 2365 3105 velut
2398 3038 2453 3090 in
2489 3038 2652 3093 domo
2681 3039 2919 3105 quadam
2956 3035 3319 3092 absconditur
3366 3050 3502 3091 nec-

1915 3128 2047 3182 dum
2102 3131 2170 3183 ad
2222 3129 2564 3184 activitatem
2607 3131 2908 3199 processit.
2960 3128 3083 3184 Jam
3135 3130 3225 3185 hic
3255 3130 3503 3184 animad-

1916 3230 2093 3287 verto,
2134 3222 2363 3292 pulchra
2414 3223 2519 3277 ista
2562 3223 2827 3287 trinitate,
2882 3223 3067 3278 anima
3125 3224 3389 3278 nimirum
3447 3232 3503 3280 ct

1915 3316 2082 3371 corde
2124 3324 2178 3369 et
2207 3316 2563 3386 cogitatione,
2598 3331 2761 3371 omne
2792 3315 2996 3370 bonum
3029 3317 3175 3371 intra
3210 3330 3312 3372 nos
3338 3332 3503 3373 accu-

1916 3417 2034 3464 rate
2060 3409 2360 3480 designari,
2394 3409 2554 3478 cujus
2592 3411 2666 3464 rei
2700 3409 2864 3464 etiam
2910 3425 3146 3481 magnus
3176 3410 3346 3465 David
3382 3426 3499 3465 mc-

1916 3502 2095 3566 minit,
2133 3501 2354 3571 quando
2379 3504 2496 3554 vult
2524 3510 2579 3555 ut
2608 3502 2793 3557 omnia
2824 3517 2944 3572 qua:
2982 3502 3124 3555 intra
3156 3501 3338 3572 ipsum
3367 3510 3497 3559 sunt

1913 3597 1980 3651 ad
2013 3596 2446 3652 benedicendum
2475 3606 2670 3652 sancto
2691 3595 2782 3650 Dei
2809 3596 3017 3650 nomini
3047 3604 3494 3666 permoveantur.

1915 3687 2011 3743 His
2045 3689 2193 3742 enim
2229 3689 2406 3742 tribus
2439 3687 2824 3751 interioribus,
2874 3688 3078 3757 quibus
3121 3688 3369 3742 cbaritas
3416 3688 3500 3741 ir.-

1913 3782 2105 3844 hazret,
2142 3780 2187 3836 si
2216 3781 2340 3849 quis
2376 3782 2514 3835 bene
2564 3779 2827 3843 senserit,
2864 3779 3144 3835 benedicit
3196 3780 3492 3835 cba’ritatis

1914 3874 2232 3934 Dominum,
2271 3874 2399 3927 dum
2436 3876 2728 3946 hymnum,
2775 3874 3140 3943 spiritualiter
3183 3873 3253 3927 ad
3284 3874 3503 3927 harmo-

1914 3967 2061 4021 niam
2108 3967 2327 4020 illarum
2372 3967 2539 4020 trium
2584 3966 2786 4020 animae
2837 3967 3078 4034 partium
3128 3966 3184 4019 in
3233 3963 3502 4019 charitate

1913 4058 2310 4127 compositum,
2337 4056 2682 4110 modulatur.
2714 4054 2782 4108 Et
2811 4055 2916 4108 hoc
2946 4065 3057 4119 est,
3087 4055 3141 4107 in
3170 4062 3285 4108 tota
3319 4052 3498 4107 anima

1911 4160 1966 4207 et
2001 4149 2173 4204 corde
2199 4157 2256 4202 et
2281 4147 2618 4215 cogitatione
2646 4159 2855 4205 amare,
2894 4144 2971 4196 uti
3019 4145 3282 4199 diximus.

1982 4242 2038 4295 9.
2079 4241 2216 4293 Illud
2273 4248 2456 4291 autem
2514 4251 2579 4290 ex
2617 4244 2747 4298 toto,
2796 4237 2873 4288 uti
2913 4232 3178 4299 dictione,
3226 4236 3298 4289 ita
3330 4235 3497 4290 etiam

1912 4351 2080 4390 sensu
2109 4332 2335 4386 dilTerre
2366 4330 2606 4384 videtur.
2641 4329 2720 4383 Ex
2748 4343 2870 4383 mea
2904 4329 3053 4385 enim
3087 4328 3362 4383 sententia
3393 4329 3497 4383 ista

1913 4425 2131 4494 phrasis
2156 4423 2336 4477 innuit
2367 4421 2700 4475 charitatem
2723 4418 3096 4481 manifestam,
3122 4421 3188 4473 ad
3218 4420 3496 4475 exteriora

189 4520 574 4589 ὲξωτερικὴν,
638 4515 1008 4569 ὲκπιδύουσαν
1050 4515 1159 4567 τῶν
1204 4516 1356 4578 ἐντὸς
1390 4517 1484 4569 καὶ
1532 4517 1673 4570 κατὰ
1702 4516 1806 4585 ψυ-

1922 4520 2383 4580 μτοτυηιρσιιιεῐη.
2415 4525 2484 4565 ex
2534 4508 2746 4563 intimis
2770 4509 2940 4564 animi
2993 4510 3331 4573 recessibus,
3378 4518 3499 4564 tan-

188 4614 313 4686 χὴν,
349 4614 460 4667 ὅσα
487 4613 598 4664 καὶ
630 4608 821 4677 πηγῆς
852 4608 1081 4676 ἀγαθῆς,
1114 4608 1294 4678 ῥεῦμά
1326 4627 1379 4661 τι
1407 4610 1645 4680 χρηστὸν
1676 4609 1803 4674 ἔξω,

186 4705 284 4758 καὶ
324 4698 851 4765 ὲκκαλυπτομένην
892 4698 991 4750 καὶ
1031 4700 1478 4769 προφαινομένην
1511 4702 1575 4753 ἐκ
1607 4700 1703 4754 τοῦ
1731 4702 1807 4763 ὡς

186 4798 372 4850 εἰπεῖν
399 4793 658 4860 δυνάμει
701 4791 842 4843 κατά
874 4790 1161 4861 ἐνέργειαν
1187 4808 1203 4822 ⁸
1233 4786 1347 4845 οἷον
1374 4795 1402 4843 ὁ
1454 4793 1554 4859 μὲν
1591 4793 1805 4860 λογιζόα

185 4905 355 4955 μενος
389 4889 455 4939 ἐν
482 4884 672 4954 ψυχῇ,
708 4882 803 4934 καὶ
831 4880 1236 4949 διανοούμενος,
1274 4885 1370 4936 καὶ
1394 4880 1538 4933 οὕτω
1563 4882 1810 4948 συλλογι-

182 4977 429 5047 ζόμενος
480 4972 679 5045 ὀρθῶς
723 4972 792 5024 τὰ
845 4971 987 5040 ὑπὲρ
1019 4971 1230 5039 ἀγαθοῦ
1286 4972 1465 5040 φίλου,
1495 4974 1589 5025 καὶ
1648 4975 1809 5040 μεθοε

180 5070 389 5135 δεύων,
422 5072 531 5124 καὶ
573 5064 777 5119 ἑαυτὸν
804 5063 1024 5118 εὔθετον
1057 5065 1228 5118 ποιῶν
1256 5067 1338 5128 εἰς
1368 5064 1439 5118 τὰ
1477 5073 1617 5135 πρὸς
1645 5064 1809 5133 χάριν

179 5164 430 5224 ἐκείνου,
452 5160 565 5215 καὶ
604 5155 1024 5227 βυσσοῑομεύων
1051 5156 1193 5210 καλά
1220 5157 1537 5210 συνοίσοντα
1566 5155 1648 5224 τῷ
1673 5157 1812 5222 ἀγα-

180 5256 480 5326 πωμένῳ,
522 5253 593 5304 ὲν
642 5246 792 5316 ψυχῇ
829 5249 924 5301 καὶ
972 5248 1032 5299 ὲν
1090 5248 1290 5318 καρδίᾳ
1334 5251 1429 5303 καὶ
1485 5249 1545 5300 ὲν
1602 5246 1811 5317 διανοίᾳ

176 5344 300 5415 ὅλῃ,
319 5346 556 5399 ἐκεῖνον
599 5339 819 5409 ἀγαπᾷ,
848 5337 999 5402 ἐντὸς
1030 5338 1129 5407 μὲν
1159 5338 1344 5407 φέρων
1371 5338 1636 5403 anteme
1666 5355 1812 5407 παρ-

177 5441 457 5509 αυγάζων
491 5436 559 5489 δὲ
627 5433 693 5483 ’τὸ
723 5430 900 5499 φίλιον
928 5433 1020 5485 καὶ
1063 5431 1351 5500 ἐμφανῶς,
1379 5432 1499 5487 οὐδὲ
1541 5433 1811 5504 ἐξαπρά.

175 5548 336 5588 now
367 5531 522 5586 αὐτὸ
546 5526 667 5591 ἔξω
700 5528 779 5588 εἰς
808 5526 1061 5596 ἐναργές.
1100 5527 1196 5587 ’⁸ος
1229 5524 1286 5577 δὲ
1333 5526 1531 5596 καιροῦ
1558 5542 1812 5597 παραπε-

171 5629 372 5692 σόντος
410 5627 520 5679 καὶ
553 5618 929 5683 ἀπαιτοῦντος
981 5618 1203 5687 ἀγάπης
1234 5618 1495 5684 ἐπίδειξιν
1523 5620 1810 5691 ὲκπορίζει

170 5720 254 5791 τῷ
279 5720 438 5791 φίλῳ
499 5716 580 5768 τὰ
612 5711 828 5776 δέοντα,
886 5711 1162 5781 πράττων,
1218 5709 1331 5761 εῐτε
1370 5710 1715 5780 ὑπερλαλῶν,
1772 5713 1806 5782 ἢ

169 5813 306 5869 ἄλλο
339 5830 398 5868 τι
436 5802 839 5878 τεχνώμενος,
880 5801 949 5858 δι’
978 5796 1040 5858 οῦ
1079 5802 1471 5871 πανηγυρίζει,
1513 5802 1807 5870 πομπικῶς

1912 4619 2079 4674 quam
2111 4620 2143 4659 e
2170 4603 2319 4659 bono
2351 4604 2526 4667 fonte,
2556 4600 2881 4657 excellentis
2910 4601 3094 4658 laticis
3124 4603 3306 4656 instar
3336 4601 3498 4656 ebul-

1913 4699 2161 4763 lientem,
2189 4706 2438 4766 apertam
2466 4704 2521 4749 et
2540 4709 2604 4749 ex
2633 4693 3142 4765 potentialitate,ut
3185 4695 3261 4748 ita
3291 4693 3498 4755 (licam,

1915 4791 1982 4845 ad
2019 4790 2361 4846 activitatem
2390 4789 2654 4843 alacriter
2680 4788 3087 4857 prosilientem,
3128 4788 3259 4843 dum
3305 4797 3501 4844 contra

1915 4889 1960 4939 is
2012 4884 2109 4954 qui
2148 4884 2334 4937 animo
2381 4891 2603 4951 reputat
2645 4891 2702 4937 et
2743 4882 3065 4947 meditatur,
3102 4890 3158 4936 et
3208 4881 3290 4936 sic
3328 4882 3501 4950 probe

1913 4992 2035 5045 quite
2084 4976 2263 5029 amico
2318 4975 2469 5029 utilia
2527 4976 2641 5030 sint
2696 4974 2992 5039 deliberat,
3042 4984 3096 5029 et
3132 4982 3413 5029 scrutatur
3442 4980 3502 5024 et

1914 5078 2090 5125 semet
2120 5069 2185 5121 ad
2214 5066 2291 5121 illi
2319 5076 2475 5137 grata
2502 5069 2816 5124 exhibenda
2846 5074 3147 5139 praeparat,
3178 5073 3233 5118 et
3262 5076 3385 5130 qua:
3407 5059 3498 5114 di-

1917 5162 2060 5215 lecto
2092 5159 2364 5229 prodesse
2413 5160 2649 5228 possint,
2711 5160 2971 5221 rimatur,
3026 5157 3074 5208 is
3107 5155 3177 5212 in
3211 5152 3395 5204 anima
3444 5158 3499 5203 et

1914 5252 2080 5308 corde
2104 5260 2159 5307 et
2189 5251 2527 5323 cogitatione
2558 5253 2715 5306 illum
2737 5252 2937 5317 diligit,
2968 5247 3117 5299 intus
3134 5259 3263 5297 eum
3289 5242 3495 5303 ferens,

1917 5359 2027 5399 non
2062 5352 2242 5399 autem
2293 5345 2592 5399 manifesto
2646 5343 2899 5397 revelans
2932 5335 3264 5397 amicitiam,
3315 5349 3498 5403 neque

1914 5437 1983 5492 ad
2034 5438 2374 5493 activitatem
2426 5436 2727 5490 deducens.
2780 5430 2884 5495 Qui
2940 5435 3147 5490 autem,
3200 5428 3496 5483 occasione

1915 5531 2099 5586 oblata
2131 5537 2186 5585 et
2221 5538 2471 5597 tempore
2497 5522 2784 5579 charitatis
2827 5519 3362 5574 demonstrationem
3399 5535 3492 5572 re-

1916 5623 2190 5692 quirente,
2222 5621 2399 5674 amico
2443 5613 2756 5669 trecessaria
2785 5611 3125 5682 suppeditat,
3154 5611 3277 5665 sive
3307 5609 3493 5673 laetis,

1914 5714 2031 5767 sive
2061 5710 2266 5771 verbis,
2305 5708 2423 5762 sive
2480 5720 2538 5760 re
2594 5704 2700 5758 alia
2746 5717 3099 5774 quacunque,
3145 5711 3203 5756 et
3236 5701 3312 5756 ita
3344 5701 3495 5757 clare

1916 5805 2154 5860 ostendit
2202 5813 2257 5858 et
2306 5816 2491 5860 coram
2535 5801 2794 5857 omnibus
2835 5808 3024 5873 aperte
3068 5795 3287 5868 probat,
3337 5796 3490 5869 quali
