3962 6242
269 511 451 581 μένην,
486 510 579 562 καὶ.
627 511 1028 580 μεθοδεύουσαν
1072 512 1312 581 ἀπάγειν
1363 511 1528 566 αὖτδν
1579 510 1636 576 ἐξ
1669 510 1846 581 ήμῶν,

264 600 610 669 ἀντειστάγει
644 603 706 655 τὸ
760 605 1036 657 σκοτεινὶν
1088 606 1266 675 μῖσος,
1321 607 1417 659 καὶ
1471 601 1850 676 παρρησιάζει

266 693 571 763 καθ’ήμῶν
611 695 764 762 αὐτὸ,
813 697 908 751 καὶ
971 696 1149 762 οὕτως
1190 696 1433 768 ἑντρίϐει
1485 696 1691 758 πάντας
1721 696 1849 759 τοὺς

267 785 387 839 καθ’
415 787 588 856 ἡμᾶς.
640 789 754 842 Καὶ
805 782 896 844 οἷα
939 789 1041 860 μὲν
1091 791 1221 855 τοὺς
1274 788 1474 854 ἄλλους
1519 788 1845 851 διατίθεται,

266 878 470 931 οἴδασιν
494 880 545 933 οῖ
572 878 911 952 πειρώμενοι
935 898 951 916 ο
977 882 1077 954 ἐμὲ
1108 883 1166 937 δὲ
1191 883 1490 953 φιλονεικεῖ
1512 881 1608 935 καὶ
1628 880 1848 950 θανάτῳ

269 971 637 1042 προπέμψαιο
685 971 783 1028 καὶ
830 974 899 1028 ἂν
950 974 1251 1047 ἐξέπραξεν
1290 975 1425 1029 αὐτὸ
1468 974 1662 1040 παλαι,
1688 974 1735 1026 εί
1773 972 1849 1045 μὴ

266 1063 516 1136 φανερῶς
550 1065 689 1137 πρὸς
731 1065 868 1135 ἐμοῦ
899 1067 929 1119 6
981 1065 1136 1134 Θεὸς,
1184 1067 1512 1137 ἀνεχόμενος
1540 1065 1637 1120 καὶ
1677 1067 1847 1119 εἰσέτι

267 1156 536 1227 περιεῖναί
561 1173 630 1227 με
660 1157 740 1228 τῷ
768 1157 890 1228 βίῳ,
915 1159 969 1212 εί
995 1176 1115 1223 πως
1140 1159 1382 1230 ἐμαυτοῦ
1411 1158 1706 1231 γενόμενος
1731 1159 1849 1212 ἔπι-

266 1250 566 1323 στραφείην
625 1253 706 1316 είς
753 1252 939 1319 αὐτὸν,
1000 1247 1178 1327 οὗπερ
1241 1254 1514 1330 ὁσημέραι
1570 1254 1850 1326 ἀφορίζων

264 1340 499 1412 ὲμαυτδν
531 1343 634 1397 οὐκ
660 1345 1023 1417 ἐντρέπομαι.

335 1436 425 1499 ιγ’.
476 1431 613 1485 Ἰδοὺ
650 1428 746 1487 οὖν
778 1435 1021 1508 σήμερον
1052 1435 1458 1509 ξενηλατοῦμαι
1486 1438 1591 1493 ὑπὸ
1626 1438 1723 1492 τοῦ
1761 1438 1850 1510 μί-

266 1540 415 1588 σους,
444 1525 538 1578 καὶ
564 1526 731 1578 αὐτοῦ
762 1527 875 1580 εἴθε
911 1527 1012 1597 μὲν
1041 1530 1106 1582 ἐκ
1137 1528 1352 1583 πολλῶν
1378 1549 1540 1585 τινων
1568 1533 1661 1586 καὶ
1694 1549 1848 1604 περι·

263 1613 531 1683 ϐλὲπτων,
562 1616 653 1672 ἵνα
675 1619 869 1688 μαθὼν
894 1621 1252 1693 παμμίσητος
1286 1618 1429 1677 εἶναι
1470 1623 1504 1693 ἦ
1528 1623 1848 1696 διωρθωσάο

263 1725 393 1780 μην,
426 1709 460 1780 ἤ
515 1708 836 1780 διεξὲφυγον
889 1713 955 1766 ὲκ
989 1713 1156 1785 μέσου
1189 1713 1388 1782 λαθὼν,
1442 1720 1626 1790 μήπου
1668 1719 1725 1775 δὲ
1755 1719 1849 1772 καὶ

261 1801 533 1870 ἀμφαδόν.
582 1802 700 1857 Νῦν
729 1803 787 1857 δὲ
839 1804 1123 1877 ἄνθρωποι
1182 1807 1399 1874 οὐδένες
1448 1810 1847 1865 ἐπανίστανται

260 1895 349 1945 ἐπ’
379 1894 502 1965 ἐμὲ,
535 1898 629 1950 καὶ
665 1895 885 1964 λέγουσι
920 1901 986 1971 τῇ
1043 1899 1192 1972 ψυχῇ
1237 1916 1372 1971 μου’
1434 1903 1547 1957 Οὐκ
1593 1903 1710 1957 ἐστι
1742 1922 1848 1958 σω-

257 1985 423 2056 τηρία
471 1985 643 2056 αὐτῷ,
707 1988 835 2042 οὔτε
868 1990 928 2043 ὲν
965 1989 1044 2063 τῷ
1091 1990 1211 2063 Θεῷ
1250 1993 1441 2064 αὑτοῦ,
1507 1996 1634 2049 οὔτε
1668 2000 1726 2051 ὲν
1770 1998 1848 2070 τῷ

258 2078 495 2164 βασιλεῖ.
541 2080 818 2147 Ἀκούετε,
859 2083 889 2137 6
921 2081 1178 2155 βασιλεύς
1210 2103 1318 2157 μου
1353 2090 1448 2141 καὶ
1492 2089 1522 2142 6
1554 2090 1686 2155 Θεός
1719 2109 1845 2164 μου,

255 2160 337 2231 οἷς
369 2166 483 2237 ἐγὼ
517 2169 779 2237 πέποιθα,
814 2172 892 2241 τῷ
932 2173 1034 2244 μὲν
1084 2175 1228 2229 κατά
1282 2176 1504 2246 πρῶτον
1544 2160 1849 2248 λόγοννκαὶ

254 2262 380 2317 καθ’
412 2264 549 2317 αὐτὸ
574 2268 669 2319 καὶ
700 2267 888 2336 φύσει,
910 2267 988 2340 τῷ
1013 2267 1070 2324 δὲ
1102 2271 1226 2340 μετ’
1248 2270 1414 2325 αὐτὸν
1446 2274 1543 2327 καὶ
1570 2273 1640 2327 δι’
1661 2275 1845 2333 αὐτόν.

216 2358 223 2363 ”
255 2352 374 2409 Καὶ
410 2355 543 2427 μὴν,
584 2349 629 2410 ὧ
668 2356 860 2429 ἐχθροί
891 2377 1019 2430 μου,
1050 2363 1079 2414 6
1130 2355 1216 2425 εἷς
1249 2361 1346 2415 καὶ
1372 2365 1422 2417 οἰ
1461 2362 1575 2429 δύο,
1602 2365 1653 2418 et
1708 2368 1847 2438 πρό-

255 2464 417 2501 οπτοι
452 2448 657 2516 λαῖκοὶ,
702 2452 756 2505 οῖ
784 2452 1064 2520 γεννάδαι,
1113 2454 1209 2508 καὶ
1255 2454 1391 2525 ἱεροὶ
1431 2456 1488 2510 δὲ
1542 2457 1762 2528 ἄνδρες,
1796 2460 1846 2514 οί

251 2543 349 2595 καὶ
374 2543 512 2613 ῥᾷον
547 2542 867 2616 ἀριθμητοὶ,
920 2545 1018 2600 καὶ
1054 2545 1177 2601 οὐδὲ
1210 2549 1269 2602 ὲν
1302 2548 1448 2621 λόγῳ
1494 2550 1678 2620 πολλῷ
1726 2553 1846 2605 κεί-

254 2650 412 2705 μενοι
436 2650 451 2665 °
485 2635 830 2707 παράλληλοι
853 2638 1131 2706 τεθέντες,
1164 2639 1278 2708 ἰγώ
1305 2657 1368 2694 τε
1406 2642 1501 2696 καὶ
1530 2643 1711 2714 ὑμεῖς,
1745 2645 1846 2700 οὐκ

250 2728 321 2782 ἂν
353 2730 439 2794 εἰς
483 2729 659 2802 ῥοπὴν
686 2729 810 2802 ῖσην
845 2731 1428 2804 ταλαντευθησόμεθα.

321 2822 412 2877 ιδ’.
446 2822 563 2877 Καὶ
619 2821 764 2878 οὕτω
819 2824 920 2895 μὲν
970 2822 1083 2893 ιγὼ
1135 2826 1564 2900 ξενηλατοῦμαι,
1623 2830 1702 2893 ὡς
1741 2831 1844 2884 οὐκ

246 2912 449 2984 ἐχρῆν,
484 2913 576 2968 διὰ
628 2917 789 2985 μῖσος
821 2916 927 2970 οὐκ
977 2915 1204 2984 ἀγαθῶν
1248 2918 1482 2990 ἀνδρῶν,
1515 2921 1584 2973 τὰ
1616 2920 1718 2990 μὲν
1764 2923 1845 2985 είς

245 3005 620 3078 ἀνθρωπικήν
674 3006 919 3063 διάθεσιν
953 3009 1251 3078 ἀγροίκων,
1301 3013 1639 3080 σοφωτάτων
1685 3015 1743 3068 δὲ
1775 3016 1843 3068 τὰ

242 3110 327 3172 είς
364 3106 649 3179 θηριακὴν
683 3107 781 3162 καὶ
823 3107 945 3162 οἷαν
991 3107 1298 3178 φεύγεσθαι
1351 3109 1507 3181 παρὰ
1556 3110 1665 3163 τῶν
1720 3111 1844 3165 κατ’

243 3200 350 3270 ἐμὲ
373 3200 615 3255 δειλῶν·
645 3199 705 3264 ὃς
731 3200 826 3255 καὶ
855 3199 1047 3254 ἄλλοτε
1074 3200 1376 3273 καρχὶροις
1395 3199 1612 3264 τούτοις
1637 3203 1847 3273 θηρίοις

241 3293 738 3367 περιτετυχηκὼς,
795 3293 1088 3366 ἀπήλλαξα
1124 3294 1427 3366 δυστυχῶς.
1468 3295 1662 3368 Ὑμεῖς
1697 3296 1777 3361 δὲ,
1804 3292 1850 3351 ὦ

236 3389 497 3457 ἀδελφοὶ,
534 3387 661 3441 ἐπεὶ
697 3386 906 3452 ἔξεστιν
941 3387 1074 3457 ὑμῖν
1096 3385 1409 3459 ἀνθρώποις
1450 3383 1614 3456 εἶναι,
1654 3391 1749 3442 καὶ
1785 3390 1848 3443 οὐ

239 3482 494 3554 θηρίοις,
527 3483 628 3536 καὶ
650 3480 847 3551 φίλοις,
877 3478 1077 3534 οὔκουν
1108 3480 1166 3533 δὲ
1193 3481 1432 3552 ἐχθροῖς,
1460 3482 1553 3535 καὶ
1582 3482 1717 3536 Θεοῦ
1751 3485 1851 3550 ἀγ-

235 3574 457 3645 γέλοις,
488 3575 558 3630 οὐ
594 3573 703 3645 μὴν
745 3576 1025 3646 πονηροῖς,
1058 3573 1214 3644 ἔχετε
1246 3574 1339 3627 τὸν
1377 3573 1502 3626 νοῦν
1547 3577 1684 3646 πρὶς
1720 3577 1851 3647 ὑμῖν

233 3666 459 3734 αὐτοῖς,
496 3665 602 3720 καὶ
639 3665 936 3719 ὲκκλίνατε
989 3666 1093 3729 τὰς
1125 3663 1349 3735 τρίϐους
1397 3665 1582 3721 αὐτῶν
1624 3666 1852 3738 τρεχόνα

232 3777 348 3815 των
384 3762 476 3825 εἰς
505 3758 736 3826 κακίαν,
783 3758 880 3813 καὶ
917 3756 992 3830 μὴ
1040 3757 1517 3829 εὐθυπορούντων,
1570 3758 1851 3829 ἐσομένων

228 3854 291 3910 δὲ
322 3850 611 3909 τοιούτων
639 3858 735 3905 καὶ
763 3851 963 3918 εἰσαεὶ,
994 3851 1069 3921 ὡς
1103 3850 1221 3904 ἔστι
1254 3850 1659 3923 τεκμαίρεσθαι
1684 3853 1851 3921 ἀκρι-

229 3946 372 4011 ϐῶς.
408 3945 533 4010 Οὓς
566 3944 677 4016 γὰρ
700 3945 733 4014 ή
767 3943 1037 4012 πολυετὴς
1062 3943 1385 3998 διδασκαλία
1409 3945 1504 3999 καὶ
1535 3944 1568 4015 ή
1596 3943 1685 3998 ἐπ’
1708 3945 1848 4017 αὐτῇ

229 4036 631 4112 πραγματικὴ
672 4033 896 4105 μέθοδος
923 4034 1026 4088 οὑκ
1058 4035 1330 4106 ἐνήγαγεν
1368 4035 1451 4098 είς
1479 4034 1540 4088 τὸ
1571 4035 1851 4107 ποθούμε-

226 4152 326 4188 νον
382 4133 534 4202 ἡμῖν
602 4126 906 4201 (ποθοῦμεν
961 4126 1019 4179 δὲ
1051 4128 1150 4181 σὺν
1181 4126 1301 4195 θεῷ
1348 4127 1447 4199 τὴν
1495 4126 1617 4181 κατ’
1642 4129 1853 4184 ἐκεῖνον

224 4227 474 4299 ἀγάπην
503 4226 553 4295 ),
588 4224 673 4286 τίς
702 4221 768 4275 ἂν
794 4220 1161 4291 ὲγγυήσηται,
1201 4220 1392 4291 ἀκαρῆ
1421 4218 1849 4291 μεταϐαλέσθαι,

219 4321 303 4385 ὡς
332 4321 449 4391 τῆς
495 4314 870 4387 πολυχρονίου
909 4312 1116 4375 κακίας
1155 4312 1596 4383 ἀποστήσεσθαι,
1633 4314 1851 4385 ἀνθρώ-

224 4433 372 4481 πους
409 4413 637 4474 αὐτοὺς
691 4406 1172 4477 ὲλλαμπομένους,
1207 4405 1258 4457 εί
1310 4405 1479 4460 κακοὶ
1516 4406 1849 4477 προφαίνον-

216 4525 339 4574 sat,
377 4506 490 4560 καὶ
544 4503 633 4565 είς
663 4500 783 4572 βίου
835 4497 966 4552 αὐτὸ
994 4496 1276 4568 ἁϐρότητα
1307 4496 1688 4568 ἐγγράφοντες
1709 4514 1724 4531 .
1769 4492 1850 4561 οἷς

216 4600 312 4654 διὰ
381 4595 650 4664 σπουδῆς
709 4588 1132 4661 ἀνυπερϐλήτου
1191 4588 1430 4659 γίνεται,
1490 4590 1586 4645 καὶ
1624 4591 1850 4661 ἑτέρους

214 4689 609 4755 ἐπισπᾶσθαι
644 4684 783 4755 πρὸς
812 4681 1201 4753 ἁμαρτητικὴν
1230 4682 1530 4753 ὁμοιότητα
1553 4698 1569 4717 ο
1599 4682 1688 4736 ῖνα
1716 4700 1849 4753 συγ.

214 4784 629 4859 κρατηθέντες
655 4778 732 4844 ὡς
760 4780 843 4842 είς
888 4777 1157 4846 λεγεῶνα,
1186 4779 1518 4831 κατασταῖεν
1554 4776 1850 4847 ἀπρόσμα-

211 4900 332 4954 xm,
392 4876 634 4949 φαῦλαι
681 4870 937 4942 κεφαλαὶ,
984 4870 1085 4923 οὐκ
1129 4868 1358 4936 ἀγαθοῖς
1416 4868 1852 4937 ὲπιστησόμεναι

213 4977 487 5048 σώμασι,
519 4965 933 5040 φαλαγγάρχαι
967 4964 1230 5036 στρατιᾶς
1258 4963 1319 5016 οὐ
1357 4960 1478 5033 Θεῷ
1512 4960 1697 5031 φίλης,
1741 4960 1851 5015 οὐδ’

208 5067 385 5125 αὐτοὶ
442 5058 700 5131 ἀγαθοὶ,
745 5049 827 5119 οἷς
861 5055 890 5107 6
952 5056 1027 5127 μὴ
1085 5053 1523 5123 συνταττόμενος
1565 5050 1854 5123 ἄνθρωπός

208 5166 339 5217 ἐστι
366 5156 482 5213 τοῦ
535 5147 715 5207 Θεοῦ.
745 5148 838 5202 Διὸ
880 5147 1151 5216 φευκτέον
1192 5149 1289 5203 καὶ
1319 5149 1466 5218 ὑμᾶς
1502 5145 1612 5203 ἀπὸ
1651 5145 1854 5209 παντὸς

203 5256 485 5313 τοιούτου
526 5247 854 5314 τάγματος,
898 5240 1219 5310 ὀφείλοντας
1268 5241 1495 5307 εἰδέναι,
1530 5239 1607 5303 ὡς
1657 5239 1852 5308 δαιμο-

204 5352 395 5408 νῶσιν
471 5343 535 5397 οἱ
628 5336 774 5391 κατὰ
821 5336 920 5406 τῆς
980 5336 1203 5405 ἀγάπης
1259 5333 1566 5388 ἀντίπαλοι.
1625 5335 1853 5402 Μήποτε

203 5446 269 5501 δὲ
305 5443 415 5499 καὶ
456 5430 863 5504 ὑπερπαίουσι
895 5429 995 5498 τὴν
1031 5427 1313 5497 δαιμόνιον
1356 5426 1575 5482 κακίαν.
1616 5425 1695 5481 Ob
1747 5425 1857 5496 γὰρ

204 5536 397 5598 κακὸς
453 5522 680 5587 ἁπλῶς
723 5520 752 5574 6
801 5519 944 5573 οὕτω
990 5520 1159 5579 κακὸς
1208 5516 1514 5589 ἄνθρωπος,
1564 5518 1698 5572 ἀλλά
1753 5536 1856 5572 που

1216 389 1593 453 EPlSTOLA
1643 389 1743 449 AD
1776 376 2609 475 THESSALONICENSES,

3399 388 3539 455 1012

1883 515 1919 567 Α
1957 508 2294 562 habitantem
2341 524 2581 577 cumque
2612 522 2643 563 ο
2676 507 2836 563 nobis
2877 507 3156 579 expellere
3197 519 3535 582 stringentem

1954 615 2062 653 non
2122 601 2513 664 auimadverit,
2565 601 2921 658 tenebrosum
2950 602 3138 658 odium
3182 611 3421 659 conatur
3451 608 3538 659 in-

1955 692 2264 757 troducere,
2302 695 2683 764 depra'dicans
2717 696 2864 752 istud
2900 705 3161 767 tanquam
3199 699 3540 766 acceptabile

1951 782 2105 854 quid,
2149 794 2202 838 ct
2233 785 2315 840 sic
2345 787 2504 841 nobis
2541 787 2800 844 omnibus
2835 787 3053 858 negotia
3074 787 3377 854 lacessens.
3410 787 3528 841 Jztlll

1952 875 2232 945 quomodo
2280 878 2420 933 alios
2452 878 2760 945 adoriatur,
2807 881 2992 934 sciunt
3026 880 3063 934 ii
3117 881 3211 949 qtti
3263 894 3387 934 eum
3439 894 3536 932 ex-

1953 969 2091 1039 perti
2128 977 2276 1021 sunt.
2311 967 2394 1023 Ille
2437 977 2618 1024 autem
2650 973 2816 1025 etiam
2864 972 3027 1025 morti
3066 971 3284 1027 tradere
3315 973 3533 1035 studet;

1953 1068 2011 1115 ct
2039 1059 2249 1115 dudum
2281 1059 2391 1128 iam
2438 1060 2540 1115 hoc
2570 1061 2912 1130 perfecisset,
2958 1065 3066 1120 nisi
3096 1072 3281 1134 apert'
3311 1079 3535 1120 causam

1952 1167 2130 1206 tiu-am
2162 1151 2478 1207 defenderet
2526 1151 2693 1213 Deus,
2726 1155 2820 1225 qui
2865 1156 3152 1225 hucusque
3204 1172 3288 1226 me
3337 1172 3536 1226 supcr-

1952 1245 2137 1300 SIitetu
2159 1244 2351 1309 voluit,
2371 1243 2415 1299 si
2438 1243 2578 1300 forte
2598 1246 2701 1300 ntci
2718 1249 2977 1303 conscius
2997 1221 3328 1304 revertar'ad
3351 1251 3531 1320 ipsum

1951 1355 2114 1411 quem
2140 1340 2391 1411 quotidie
2406 1340 2843 1413 deserere.prob
2863 1343 3054 1398 dolor!
3090 1359 3199 1398 non
3241 1345 3535 1399 erubesco.

2024 1435 2116 1490 l5.
2160 1435 2300 1490 Ecce
2348 1433 2516 1503 igitur
2564 1435 2729 1489 hodie
2780 1435 3099 1505 proscribor
3151 1437 3221 1490 ab
3280 1441 3429 1501 odio,
3479 1447 3538 1493 et

1951 1525 2158 1580 utinam
2188 1525 2258 1580 ab
2288 1526 2415 1579 odio
2446 1526 2745 1579 multorum
2782 1535 2837 1581 et
2874 1526 3208 1582 illustrium!
3252 1536 3310 1582 ut
3353 1529 3537 1583 sciens

1952 1634 2039 1675 tne
2070 1618 2327 1673 omnibus
2354 1619 2590 1672 invisum
2617 1632 2765 1680 esse,
2803 1628 2895 1672 aut
2927 1618 3277 1674 defenderem
3311 1635 3417 1685 me,
3444 1629 3540 1675 aut

1950 1729 1982 1768 e
2014 1712 2193 1767 medio
2216 1712 2500 1781 digressus
2526 1711 2747 1767 laterem
2793 1727 2898 1767 nec
2944 1712 3146 1768 alicubi
3190 1727 3536 1784 apparerent.

1952 1804 2110 1861 Nunc
2143 1821 2270 1861 vero
2305 1805 2559 1860 homines
2592 1806 2801 1861 nullius
2845 1804 2987 1875 frugi
3021 1805 3076 1861 in
3117 1821 3204 1861 me
3236 1816 3539 1877 assurgunt

1949 1909 2007 1956 et
2039 1901 2237 1954 anima:
2267 1914 2403 1955 mea:
2436 1899 2672 1954 dicunt:
2711 1896 2831 1953 Non
2859 1907 2945 1954 est
2978 1899 3130 1954 salus
3164 1900 3237 1964 ei,
3271 1914 3447 1970 neque
3481 1900 3535 1954 in

1950 1992 2066 2049 Deo
2091 1994 2234 2064 ejus.
2267 2009 2448 2064 neque
2492 1995 2546 2049 in
2588 2009 2737 2064 rege.
2781 1994 3006 2063 Audite,
3050 1994 3121 2049 nti
3171 1993 3314 2052 Deus
3351 2004 3407 2051 et
3461 1995 3535 2049 mi

1950 2104 2070 2152 rex,
2109 2087 2165 2145 in
2206 2086 2411 2156 quibus
2442 2085 2702 2142 fiduciam
2738 2086 3028 2155 collocavi,
3080 2087 3134 2141 in
3166 2088 3263 2143 illo
3315 2085 3536 2159 quidem

1952 2178 2019 2233 ab
2050 2177 2211 2234 initio
2238 2186 2292 2235 et
2325 2194 2421 2249 per
2456 2194 2517 2234 se
2547 2186 2603 2234 et
2648 2188 2861 2235 natura:
2890 2179 3310 2249 convenienter,
3347 2183 3402 2238 in
3434 2184 3536 2240 hoc

1950 2281 2133 2329 autem
2179 2283 2303 2345 post
2351 2273 2507 2328 illum
2552 2280 2607 2329 et
2640 2283 2869 2345 propter
2909 2275 3087 2332 illum.
3116 2274 3231 2334 Vos
3263 2289 3467 2341 autem,
3504 2292 3543 2332 ο

1949 2365 2161 2422 inimici
2180 2366 2423 2437 mei,qui
2455 2366 2544 2420 vix
2584 2367 2860 2421 bittarium
2909 2383 3201 2424 numerum
3241 2368 3536 2435 exceditis,

1953 2475 2051 2516 vos
2080 2459 2206 2515 laici
2238 2460 2392 2530 probi
2427 2475 2571 2530 quos
2594 2470 2755 2515 antea
2785 2461 2938 2527 novi,
2963 2470 3019 2516 et
3054 2461 3155 2518 viri
3199 2463 3345 2519 sacri
3380 2463 3540 2519 facile

1950 2552 2280 2607 numerandi
2312 2565 2411 2606 nec
2443 2551 2624 2622 magni
2674 2552 2933 2620 faciendi,
2967 2551 3013 2607 si
3051 2567 3153 2607 nos
3184 2567 3373 2608 coram
3404 2568 3541 2609 conv

1948 2646 2268 2711 stituetnur,
2319 2658 2422 2716 ego
2464 2644 2723 2699 nimirum
2773 2654 2831 2701 et
2879 2660 3003 2714 vos,
3049 2660 3160 2701 non
3210 2646 3333 2718 parl
3383 2647 3542 2705 lance

1948 2739 2365 2795 trutinahitnur.

2024 2835 2121 2891 14.
2159 2834 2226 2889 Et
2259 2836 2346 2891 sic
2372 2835 2627 2904 equidem
2664 2836 2714 2888 in
2762 2834 3021 2891 exsilium
3053 2834 3270 2901 mittor,
3311 2838 3391 2891 uli
3430 2851 3541 2893 non

1951 2927 2203 2990 decebat,
2230 2940 2327 2995 per
2346 2925 2533 2983 odium
2563 2925 2809 2978 virorum
2831 2924 2978 2978 haud
2995 2923 3292 2987 bonorum.
3315 2924 3409 2995 qui
3444 2926 3543 2981 ltu-

1952 3018 2230 3073 ntattltatis
2271 3032 2502 3086 prorsus
2534 3029 2792 3087 expertes
2825 3016 3170 3087 propendent
3203 3016 3258 3071 in
3292 3015 3536 3073 ferarum

1950 3121 2226 3174 naturam,
2250 3120 2305 3164 et
2327 3123 2561 3180 quorum
2590 3109 2990 3163 immanitatem
3014 3109 3176 3165 amici
3208 3111 3313 3164 mei
3342 3110 3541 3167 timore

1878 3219 1918 3274 ε
1951 3202 2191 3275 perculsi
2218 3202 2471 3273 fugiunt;
2501 3217 2624 3272 ego,
2658 3203 2906 3272 inquam,
2927 3202 3018 3271 qui
3048 3202 3163 3270 jam
3194 3203 3385 3269 semel,
3411 3219 3536 3258 cum

1959 3299 2012 3351 in
2056 3298 2180 3352 illas
2217 3295 2363 3351 feras
2413 3296 2616 3352 bestias
2664 3295 3006 3360 incidissem,
3039 3309 3185 3365 aegre
3222 3309 3320 3351 eas
3347 3293 3537 3365 effugi.

1958 3387 2066 3444 Vos
2085 3396 2289 3452 autem,
2318 3403 2352 3443 ο
2378 3390 2600 3451 fratres,
2627 3384 3076 3456 quandoquidem
3104 3383 3263 3439 vobis
3292 3384 3420 3439 licet
3445 3386 3544 3439 lm-

1957 3486 2132 3539 ntincs
2174 3498 2320 3548 esse,
2366 3499 2476 3537 non
2510 3481 2660 3548 ferte,
2711 3480 2900 3547 amici,
2942 3495 3049 3536 non
3084 3480 3319 3546 inimici,
3352 3483 3535 3550 angeli

1955 3576 2150 3640 divini,
2183 3590 2291 3630 non
2342 3576 2494 3638 mali,
2529 3574 2800 3630 vobismet
2832 3573 2970 3645 ipsis
3004 3574 3295 3641 attendite,
3338 3582 3395 3631 et
3447 3575 3542 3632 dc-

1955 3673 2156 3728 clinate
2192 3687 2220 3725 ο
2256 3671 2453 3727 semita
2496 3670 2718 3726 illorum
2754 3669 2848 3739 qui
2882 3683 3075 3725 versus
3117 3666 3382 3722 malitiam
3414 3675 3542 3725 teu-

1956 3767 2097 3822 dunt
2139 3780 2243 3822 nec
2281 3772 2428 3820 recta
2463 3764 2550 3819 via
2598 3763 2928 3834 procedunt,
2970 3761 3064 3831 qui
3111 3768 3277 3817 erunt
3325 3773 3545 3830 semper

1954 3860 2143 3927 iidem,
2177 3867 2238 3914 ut
2269 3858 2531 3928 augurari
2568 3857 2719 3913 licet.
2765 3853 2919 3922 Quos
2956 3855 3107 3910 enim
3133 3856 3334 3911 diurna
3367 3853 3542 3909 disci.

1959 3952 2109 4025 plina
2164 3952 2330 4023 eique
2360 3950 2666 4007 conformis
2699 3949 2983 4005 institutio
3027 3963 3132 4002 non
3174 3946 3423 4017 perduxit
3471 3945 3540 3999 ad

1954 4047 2009 4102 id
2040 4046 2186 4118 quod
2218 4060 2319 4101 nos
2350 4043 2727 4098 desideramus
2759 4041 3166 4112 (deslderamus
3198 4046 3379 4091 autem
3410 4051 3538 4091 cum

1955 4138 2067 4194 Deo
2103 4137 2265 4192 simul
2311 4135 2636 4191 cltaritatem
2668 4130 2966 4204 divinam),
3015 4131 3140 4200 quis
3184 4127 3541 4199 spoponderit

1953 4244 2051 4286 eos
2081 4242 2193 4283 uno
2230 4225 2498 4296 temporis
2534 4230 2819 4280 momento
2851 4224 2924 4277 ita
2959 4222 3310 4277 immutatum
3358 4220 3448 4285 iri,
3481 4230 3542 4274 ut

1955 4322 2024 4375 ah
2069 4319 2377 4374 inveterata
2422 4314 2771 4387 malignitate
2810 4313 3110 4378 desistant,
3144 4311 3415 4380 siquidem
3448 4309 3541 4363 ubi

1955 4411 2086 4467 tnali
2117 4416 2405 4480 apparent,
2443 4423 2572 4463 sese
2602 4405 2879 4462 excellere
2911 4413 2966 4460 et
2993 4405 3226 4476 gloriam
3266 4402 3396 4458 inde
3421 4402 3545 4457 adi-

1957 4503 2093 4578 pisci
2144 4498 2485 4573 opinantur?
2531 4499 2679 4556 Saue
2718 4498 3183 4554 maximo-studio
3215 4496 3269 4550 in
3305 4497 3409 4551 hoc
3454 4495 3541 4549 itt-

1885 4568 1934 4625 θ
1957 4568 2243 4660 comburit,
2286 4604 2349 4648 ut
2379 4594 2520 4649 alios
2571 4606 2797 4663 quoque
2849 4591 2907 4645 in
2957 4590 3173 4661 peccati
3218 4588 3545 4645 societatem

1959 4687 2260 4761 pelliciant,
2281 4696 2341 4741 ttt
2360 4685 2509 4740 velut
2528 4685 2584 4739 in
2603 4685 2870 4755 legionem
2891 4682 3291 4753 conglomerati
3310 4681 3549 4737 invictos

1959 4797 2019 4839 se
2035 4782 2351 4847 exhibeant,
2372 4781 2513 4834 mala
2532 4779 2735 4848 capita,
2753 4777 2914 4833 malis
2928 4777 3185 4848 imposita
3198 4775 3545 4847 corporibus,

1959 4876 2127 4931 duces
2151 4876 2425 4930 exercitus
2444 4872 2553 4928 Deo
2576 4887 2684 4927 non
2703 4870 2911 4940 dilecti,
2931 4871 3106 4942 et-ipsi
3122 4869 3266 4925 haud
3285 4868 3439 4936 boni,
3457 4876 3547 4919 ut-

1963 4977 2087 5042 pote
2105 4969 2437 5039 quibuscum
2450 4969 2616 5022 homo
2634 4966 2724 5022 Dei
2745 4966 2823 5021 nil
2840 4979 3139 5021 commune
3160 4966 3343 5018 habet.
3360 4959 3547 5024 Quare

1963 5077 2060 5118 vos
2081 5076 2299 5132 quoque
2317 5075 2537 5117 omnem
2558 5060 2827 5132 ejusmodi
2846 5060 3167 5116 societatem
3190 5053 3428 5109 aversari
3452 5051 3548 5104 ἀρα

1964 5155 2126 5223 betis,
2174 5156 2313 5210 bene
2346 5154 2609 5221 scientes,
2656 5154 2946 5210 cbaritatis
2978 5149 3230 5205 inimicos
3269 5159 3297 5197 a
3330 5143 3548 5197 diabolo

1963 5246 2219 5301 obsessos
2275 5246 2470 5300 teneri.
2512 5246 2592 5299 Ac
2626 5243 3020 5315 propemodum
3066 5234 3337 5290 daemonis
3387 5231 3545 5284 mali-

1964 5340 2095 5396 tiam
2132 5349 2414 5410 supcranl.
2446 5336 2621 5393 Homo
2646 5336 2791 5390 enim
2816 5333 2899 5387 sic
2920 5329 3099 5385 malus
3128 5342 3235 5381 nou
3269 5324 3511 5393 simplici

1966 5442 2051 5488 ter
2078 5435 2254 5487 malus
2279 5440 2383 5496 est,
2417 5431 2512 5487 sed
2548 5430 2700 5497 pejor
2735 5427 2856 5493 ipso
2905 5424 3178 5476 daemone.
3219 5416 3363 5472 Sunt
3397 5414 3543 5469 enim

1966 5541 2150 5595 pravae
2173 5524 2535 5595 cogitationes
2561 5533 2722 5590 quas,
2751 5516 2878 5570 licet
2910 5514 3125 5569 daemon
3158 5526 3266 5566 non
3302 5508 3520 5580 protule

202 5633 308 5689 καὶ
350 5624 522 5694 ὑπὲρ
592 5611 770 5669 αὐτὸν
825 5612 1070 5682 δαίμονα.
1135 5609 1411 5679 Εὕρηνται
1460 5605 1553 5664 οὖν
1614 5611 1848 5683 ).ογισμο“

1970 5620 2040 5674 rit
2095 5632 2294 5698 pravus
2327 5625 2508 5670 tamen
2548 5613 2715 5668 homo
2760 5610 3009 5681 proferre
3044 5607 3191 5662 haud
3233 5612 3472 5663 recusat.

202 5716 495 5789 πονηροὶ,
548 5705 662 5771 οὓς
697 5702 908 5772 δαίμων
952 5703 1050 5773 μὲν
1106 5701 1207 5752 οὐκ
1271 5699 1411 5770 ἔφθη
1468 5702 1865 5765 ποοϐαλέσθαι,

199 5813 535 5884 ἄνθρωπος
561 5797 635 5856 δὲ
682 5792 919 5864 πονηρὸς
948 5791 1287 5864 προύϐάλετο
1319 5792 1404 5847 ἄν.
