4026 6248
496 358 638 426 1043

490 560 804 627 Tlteodora,
824 576 946 631 qum
971 576 1030 616 sc
1046 575 1170 616 esse
1193 558 1498 614 masculum
1536 555 1815 612 simulavit
1838 567 1890 610 et
1924 556 2066 623 apud

490 665 712 710 sanctos
743 652 891 707 viros
937 651 1095 715 vixit,
1129 652 1542 718 monasticaque
1575 651 1628 702 in
1661 649 1766 702 vita
1809 647 2064 702 decessit.

491 747 669 813 Ipsam
705 744 850 798 enim
909 753 963 797 et
993 743 1129 797 alias
1157 750 1428 812 quotquot
1460 756 1666 795 morem
1702 740 1950 794 eumdem
1979 754 2067 792 se-

492 819 979 904 quuntur‘(muitte
1002 845 1185 887 autent
1213 832 1341 902 illis)
1367 832 1589 901 iniquus
1643 833 1809 885 homo
1839 830 2070 883 faciliter

502 925 828 980 avertendus
857 939 886 978 a
930 934 1122 980 sancto
1152 926 1365 994 agmine
1388 925 1441 977 in
1473 933 1653 978 mente
1683 923 1890 982 habuit.
1923 922 1967 976 si
2001 922 2070 974 ab

500 1017 608 1070 ista
626 1018 905 1072 communi
937 1017 1041 1071 vita
1072 1027 1125 1071 et
1155 1018 1445 1071 virtutibus
1474 1014 1956 1084 qumibiﬁcnlnnlnr
1976 1027 2069 1065 eas

499 1108 825 1164 deterreret.
884 1109 1146 1163 l'erverse
1223 1108 1368 1162 enim
1432 1114 1774 1174 compertum
1838 1103 2067 1166 habens,

498 1200 757 1254 mulieres
804 1215 924 1268 qua:
957 1200 1058 1252 viri
1105 1214 1302 1252 nomen
1365 1214 1473 1265 pra:
1538 1211 1596 1250 se
1650 1194 1867 1255 ferunt,
1924 1191 2069 1260 apud

499 1291 652 1347 solos
714 1290 918 1346 versnri
983 1297 1221 1353 ascetas,
1259 1290 1401 1344 sicut
1452 1288 1776 1357 etjnvenca:
1807 1286 1862 1339 in
1888 1284 2069 1338 medio

503 1384 692 1443 Ιιοιιιιι,
726 1382 777 1433 in
807 1392 1026 1435 sanctas
1062 1380 1389 1435 mulieresin
1447 1380 1665 1431 ruinam
1699 1378 1841 1432 vires
1878 1390 2071 1444 sump-

498 1474 595 1526 sit.
628 1470 743 1525 Non
774 1472 919 1525 enim
957 1472 1050 1541 qui
1090 1471 1344 1524 mulieres
1376 1486 1493 1538 qua:
1528 1472 1607 1523 sic
1648 1469 1906 1522 vixerunt
1947 1474 2070 1535 post

501 1563 1145 1622 iaortemlaudaverunt.
1192 1562 1342 1615 vivas
1397 1560 1713 1631 permittere
1776 1557 1893 1612 ausi
1944 1566 2074 1610 sunt

496 1653 642 1725 apud
666 1655 817 1724 ipsos
847 1670 1089 1708 manere.
1129 1654 1191 1707 Et
1228 1654 1359 1732 talia
1421 1653 1641 1723 quidem
1675 1651 1898 1718 iniquus
1925 1650 2071 1720 cogi-

496 1746 650 1799 tavit.
693 1744 896 1799 Malitia
940 1760 1069 1798 vero
1120 1745 1496 1813 peritissimus
1543 1744 1643 1798 iste
1704 1743 1839 1797 inibi
1893 1743 2071 1796 simile

1207 353 1627 415 EUSTATHII
1663 349 1951 412 THESSA
1964 347 2109 408 ΕΘΝ
2124 348 2414 407 lCENSIS
2441 346 3009 408 METROPOLITJE

566 471 654 526 l5.
680 470 746 525 Et
776 468 866 523 liic
905 465 1216 522 meditanda
1275 480 1393 534 quae
1450 474 1743 519 narrantur
1802 464 1865 517 de
1904 464 2059 517 beata
2098 465 2144 521 Α

3616 347 3745 412 ίθίί

2247 466 2330 514 ιε’.
2359 459 2468 511 Καὶ
2500 458 2834 530 ἐνθυμητέον
2875 458 3111 514 ἐνταῦθα
3144 461 3212 514 τὰ
3254 461 3394 515 κατὰ
3433 462 3535 532 τὴν
3565 481 3745 533 μακα-

2170 553 2295 619 ρίαν
2319 552 2625 622 Θεοδώραν,
2656 552 2755 623 τὴν
2797 553 3242 625 ὑποκριναμένην
3273 555 3365 608 τὸν
3393 556 3621 628 ἄρρενα,
3655 560 3746 611 καὶ

2170 646 2424 715 ἀνδράσιν
2454 646 2632 713 ἁγίοις
2681 646 3174 712 συμϐιοτεύσασαν,
3204 647 3295 699 καὶ
3343 649 3744 703 συντελειωθεῖ-

2174 753 2270 788 σαν
2328 738 2660 807 μοναχικῶς.
2711 738 2958 807 Ἐκείνην
2992 738 3100 807 γάρ
3140 738 3233 790 καὶ
3278 739 3377 800 τας
3411 738 3601 806 ἄλλας,
3628 742 3744 794 661:

2175 828 2297 880 κατ’
2328 830 2496 897 αὐτὴν
2516 829 2734 898 (πολλαὶ
2760 830 2813 881 δὲ
2856 830 3116 894 ἐκεῖναι),
3140 829 3310 892 κακὸς
3340 832 3439 899 μὲν
3462 832 3747 902 ἄνθρωπος

2174 916 2318 989 εἶχεν
2339 921 2403 974 ἂν
2436 920 2631 992 ῥᾳδίως
2660 922 2971 991 ἀποστῆσαι
2995 924 3090 989 τῆς
3121 923 3273 991 ἱερᾶς
3303 922 3527 993 ἀγέλης,
3558 926 3606 976 εἰ
3648 925 3746 992 τῆς

2177 1011 2297 1080 μετ’
2326 1011 2554 1063 ἐκείνων
2590 1012 2949 1081 συμϐιώσεως
2978 1013 3071 1064 καὶ
3117 1013 3211 1082 τῆς
3265 1012 3516 1066 ἐντεῦθεν
3546 1015 3745 1084 ἀρετῆς

2174 1103 2364 1167 αὐταῖς
2398 1104 2661 1158 ἐνεκότει.
2717 1105 3129 1173 Καταμηνύσας
3162 1104 3272 1173 γὰρ
3304 1104 3609 1174 δυσμενῶς,
3668 1106 3743 1158 ὅτι

2175 1196 2456 1262 γυναῖκες,
2481 1195 2673 1265 ἀνδρὸς
2706 1194 3149 1265 προϐεϐλημέναι
3173 1196 3365 1263 ὄνομα,
3393 1196 3523 1265 περὶ
3557 1197 3743 1265 μόνους

2173 1283 2439 1338 είλοῦνται
2472 1285 2598 1347 τοὺς
2625 1284 2892 1353 ἀσκητάς,
2924 1285 3059 1337 ὡσεὶ
3089 1285 3179 1337 καὶ
3213 1286 3476 1353 δαμάλεις
3508 1288 3567 1339 ἐν
3600 1288 3744 1355 μέστρ

2176 1374 2406 1445 θατέρου
2439 1376 2629 1443 γένους
2661 1375 2816 1439 βοῶν,
2837 1376 3162 1445 ἠρίστευσεν
3178 1376 3244 1429 ἂν
3275 1375 3415 1430 κατὰ
3447 1376 3555 1428 τῶν
3583 1378 3744 1444 ἁγίων

2174 1465 2453 1533 γυναικῶν
2488 1467 2567 1527 είς
2618 1465 2916 1519 ἀπώλειαν.
2972 1465 3046 1518 Οὐ
3086 1466 3195 1535 γὰρ
3230 1467 3279 1518 οἱ
3319 1466 3459 1535 μετὰ
3517 1466 3742 1519 Θάνατον

2175 1558 2389 1620 ἐκείνας
2446 1557 2971 1627 ὑπερθαυμάσαντες
3025 1556 3170 1609 οὕτω
3222 1557 3578 1627 βεϐιωκυίας,
3628 1558 3744 1621 ἠνέ-

2178 1666 2366 1720 σχοντο
2403 1649 2467 1701 ἂν
2526 1648 2704 1712 ζώσας
2766 1651 2983 1716 ἀφεῖναι
3015 1649 3197 1717 μένειν
3227 1648 3588 1718 παράὖτοῖς.
3642 1649 3747 1701 Καὶ

2176 1740 2318 1793 οὕτω
2357 1741 2453 1811 μὲν
2478 1741 2715 1811 πονηρός
2746 1758 2831 1803 τις
2859 1741 2923 1793 ἂν
2955 1742 3295 1809 μεθώδευσεν
3321 1757 3336 1771 ο
3376 1744 3402 1794 ὁ
3438 1742 3493 1793 δέ
3524 1743 3621 1809 τὴν
3648 1758 3747 1794 xa-

497 1833 698 1903 aliquid
729 1834 1128 1903 proliciendum
1160 1849 1268 1886 non
1292 1832 1502 1887 habuit.
1532 1833 1789 1883 Attamen
1816 1830 1919 1882 alia
1941 1829 2069 1883 abs-

2182 1833 2303 1886 κίαν
2343 1834 2917 1903 ἐπιστημονικιὶιτατος
2951 1832 3186 1886 ἐνταῦθα
3223 1850 3288 1901 γε
3313 1834 3412 1887 οὐκ
3440 1833 3568 1904 ἔσχε
3597 1833 3746 1902 σοφί-

496 1939 604 1995 que
637 1923 1025 1979 adinventione
1056 1924 1266 1977 curavit
1295 1922 1565 1978 somnium
1602 1922 1797 1975 saltem
1838 1934 2068 1975 venera-

497 2015 902 2070 bilissimorum
942 2023 1248 2071 ascetarum
1297 2015 1511 2084 quidem
1570 2014 1948 2081 supervenire,
2012 2021 2067 2065 et

502 2107 759 2177 improbe
794 2122 1090 2178 suggerere
1128 2108 1275 2160 circa
1328 2107 1470 2160 hanc
1523 2106 1749 2161 etillam
1787 2117 1841 2160 et
1901 2106 2066 2158 aliam

497 2211 746 2253 sanctam
804 2197 1187 2267 cogitationes,
1224 2197 1685 2267 quemadmodum
1729 2198 1855 2251 olim
1911 2195 2068 2250 Pilati

496 2303 723 2343 uxorem
758 2288 966 2353 docuit,
994 2294 1305 2359 suggerens
1327 2290 1587 2358 pessima,
1627 2289 1753 2343 licet
1804 2289 2069 2357 perlicere

496 2391 602 2431 non
625 2377 877 2431 valuerit.
904 2375 1013 2432 Nec
1035 2377 1115 2431 sic
1141 2377 1283 2446 quod
1320 2375 1507 2438 voluit,
1535 2387 1819 2430 assecutus
1845 2386 1946 2442 est,
1976 2376 2069 2430 sed

500 2470 679 2535 latuit,
717 2477 776 2522 ut
834 2470 907 2522 ita
948 2468 1150 2533 dicam,
1203 2471 1347 2523 inter
1408 2480 1627 2523 sanctas
1661 2470 1899 2539 virgines
1950 2469 2072 2523 illas

496 2559 664 2613 electa
696 2559 825 2622 ista,
853 2569 965 2612 tum
1001 2561 1298 2615 monachos
1340 2561 1429 2629 qui
1471 2577 1574 2613 una
1630 2561 1919 2628 degebant,
1959 2569 2071 2614 tum

497 2649 798 2701 daemonem
832 2649 1154 2719 malignum.

574 2821 657 2877 16.
689 2821 748 2875 Et
770 2822 966 2877 exinde
991 2825 1261 2893 suspicari
1290 2835 1397 2888 est,
1427 2827 1567 2879 sicut
1596 2844 1659 2880 ex
1689 2827 1811 2880 aliis
1861 2826 2067 2893 m'ultis,

493 2913 638 2982 quod
658 2913 881 2980 iniquus
900 2914 1063 2969 homo
1088 2916 1379 2985 aliquando
1394 2917 1760 2973 etdaemonem
1782 2918 1960 2986 ipsum
1986 2934 2078 2973 su-

494 3012 643 3072 peret
669 3003 724 3058 in
758 3005 1144 3071 machinando,
1174 3009 1249 3062 ita
1277 3019 1331 3062 ιιι
1362 3011 1545 3064 dicere
1569 3010 1749 3078 possis
1772 3010 1825 3062 iu
1863 3010 1984 3065 istis
2007 3010 2074 3063 ab

494 3096 682 3165 iniquo
719 3097 937 3151 nomine
958 3098 1256 3155 daemonem
1307 3102 1578 3172 superari.
1607 3104 1786 3167 Quare
1815 3119 1944 3172 ergo
1964 3118 2071 3156 non

494 3187 755 3243 vitandus
792 3188 864 3241 sit
895 3189 988 3259 qui
1018 3190 1326 3247 istiusmodi
1358 3170 1442 3247 est
1462 3206 1516 3248 et
1536 3194 1603 3247 de
1636 3194 1855 3248 diabolo
1884 3170 2069 3250 iusul-
2104 3170 2148 3226 (ἶ

493 3277 723 3331 tandum
743 3277 792 3329 ?¢
820 3277 925 3342 Tu,
952 3278 1152 3347 inquit,
1188 3291 1441 3337 conteres
1467 3290 1651 3351 caput,
1683 3283 1802 3351 ejus
1826 3285 1840 3310 ί
1875 3302 1893 3334 ι
1917 3284 1967 3336 id
1993 3293 2078 3339 est

488 3367 781 3436 serpentis,
802 3378 856 3423 et
878 3368 986 3437 ille,
1012 3372 1568 3439 oliomo,calcaneum
1587 3384 1759 3428 tuum.
1785 3375 2076 3445 Ltimquus

494 3461 1019 3526 liomo,ealcaneum
1061 3462 1313 3517 sortitum
1359 3464 1580 3533 quidem
1622 3466 1893 3534 respicere
1932 3468 2075 3531 sino,

492 3550 582 3604 sed
595 3551 754 3620 cujus
772 3553 839 3606 ad
856 3561 1021 3622 caput
1034 3554 1147 3608 vult
1165 3554 1403 3618 tendere,
1425 3556 1702 3625 ipsiusque
1720 3558 1875 3613 elalae
1896 3560 2078 3613 divine

496 3641 661 3696 dictis
705 3643 977 3707 laudibus,
999 3651 1056 3697 ut
1096 3646 1150 3698 in
1204 3648 1626 3701 ostentationem
1667 3664 1726 3704 se
1762 3660 2074 3718 componat.

502 3729 687 3787 Fuerit
711 3746 841 3801 ergo
881 3749 1136 3804 magnum
1174 3735 1309 3789 illud
1361 3751 1523 3805 caput
1554 3754 1749 3793 sanum
1795 3742 2074 3795 cerebrum

494 3836 606 3877 non
633 3823 911 3887 sortitum,
940 3823 1047 3877 nisi
1082 3825 1369 3882 declinans
1395 3829 1463 3881 ab
1488 3829 1675 3899 iniquo
1699 3833 1805 3885 isto
1824 3843 2077 3901 serpente

489 3913 1028 3983 caverensiqnidezu
1069 3924 1122 3966 et
1170 3926 1490 3971 constantes
1542 3920 1725 3972 animo
1769 3920 2077 3989 viti,quot-

489 4012 623 4073 quot
645 4005 859 4073 experti
883 4014 1016 4061 sunt
1040 4018 1323 4075 serpentes
1350 4010 1489 4064 saltu
1513 4011 1692 4079 primo
1719 4015 1873 4081 quasi
1897 4014 2079 4068 volan-

490 4106 573 4150 tes
592 4098 802 4167 sagitta
834 4098 1010 4152 instar
1037 4108 1092 4154 et
1128 4102 1180 4153 in
1240 4101 1437 4157 faciem
1476 4107 1914 4166 irruentes,cum
1966 4107 2075 4160 tale

491 4186 694 4240 animal
725 4190 933 4244 aerium
990 4193 1172 4246 vident
1229 4205 1287 4247 ut
1334 4195 1568 4263 pessime
1592 4202 1731 4251 solet
1777 4197 2072 4262 volantem,

489 4280 756 4335 excubias
783 4284 987 4337 habent
1012 4295 1064 4338 et
1093 4300 1192 4354 pro
1219 4285 1355 4341 facie
1384 4297 1438 4341 et
1489 4303 1588 4356 pro
1631 4290 1843 4358 reliquo
1872 4293 2071 4361 capite,

492 4385 593 4424 nec
609 4374 866 4428 manibus
897 4382 1133 4440 tantum,
1156 4378 1251 4431 sed
1283 4385 1339 4431 et
1379 4379 1644 4435 districtis
1672 4394 1844 4437 aruns
1873 4384 2075 4451 quibus

489 4468 543 4512 et
574 4463 1027 4533 appropinquans
1071 4467 1249 4522 bestia
1292 4469 1345 4522 in
1379 4473 1555 4525 lrusta
1603 4485 1843 4530 secatur.
1878 4474 1944 4528 Et
1969 4476 2074 4530 ista

492 4552 710 4618 quidem
749 4554 818 4609 ab
847 4556 1157 4626 integritate
1215 4574 1318 4613 una
1344 4561 1397 4614 in
1438 4572 1619 4631 partes
1648 4566 1949 4631 scinditur,
1979 4566 2073 4637 qu'i

508 4650 693 4695 autem
764 4644 998 4715 vigilans
1047 4649 1148 4702 luit
1195 4659 1249 4703 et
1307 4652 1491 4708 salvus
1524 4666 1769 4710 remanet
1817 4669 1873 4711 et
1933 4659 2075 4713 inter

494 4734 792 4800 prudentes
828 4737 1180 4807 inscribitur,
1211 4742 1264 4795 in
1308 4745 1516 4800 salvato
1573 4748 1752 4815 capite
1804 4750 2109 4819 serpentis

496 4837 647 4879 more
685 4824 929 4884 lucratus
977 4831 1215 4887 salutare
1239 4837 1512 4903 quoddam
1539 4840 1865 4895 antidotum.

2182 1922 2735 1976 σασθαίτιτοιοῦτον.
2775 1925 2883 1976 Καὶ
2917 1924 2992 1992 μὴ
3017 1920 3130 1993 εἶχε
3162 1923 3285 1992 δίχα
3320 1925 3765 1994 καταμηνύσεωςν

2181 2014 2427 2085 ἑτεροίας
2475 2016 2609 2086 δναρ
2646 2015 2778 2083 γοῦν
2808 2016 3096 2084 ἐπιστῆναι
3119 2015 3227 2068 τῶν
3270 2034 3375 2068 τινι
3413 2017 3750 2085 σεμνοτέρων

2180 2106 2457 2177 ἀσκητῶν,
2483 2108 2575 2160 καὶ
2613 2110 2994 2177 περιπονήρως
3019 2107 3309 2160 ὑποδαλεῖν
3336 2107 3395 2160 τὸ
3427 2109 3568 2160 κατὰ
3592 2107 3751 2177 τῆσδε

2183 2200 2276 2250 καὶ
2310 2200 2527 2267 ἐκείνης
2556 2204 2650 2252 καὶ
2676 2199 2841 2270 ἄλλης
2872 2201 2969 2267 τῆς
2997 2199 3156 2266 ἁγίας
3188 2202 3387 2268 νόημα,
3411 2199 3603 2270 ὥσπερ
3628 2202 3750 2251 ποτὲ

2183 2291 2276 2343 καὶ
2304 2291 2401 2359 τὴν
2431 2293 2665 2358 γυναῖκα
2692 2292 2784 2343 τοῦ
2822 2292 3052 2345 Πιλάτου
3079 2291 3359 2361 κατήχησε
3386 2292 3603 2361 πονηρὰ
3638 2290 3753 2361 βου-

2180 2381 2537 2452 λευσάμενος,
2554 2383 2601 2434 εί
2625 2382 2716 2434 καὶ
2738 2383 2904 2451 μηδὲν
2925 2383 3147 2453 ἴσχυσεν
3175 2382 3516 2452 ἔμπρακτον.
3537 2384 3755 2453 Ἐποίη-

2185 2489 2243 2523 σε
2273 2473 2327 2524 δέ
2368 2473 2515 2542 ὅμως
2563 2472 2712 2524 οὐδὲν
2744 2472 3009 2539 τοιοῦτον,
3044 2472 3181 2526 ἀλλὰ
3228 2472 3438 2539 ἔλαθεν,
3478 2473 3552 2535 ὡς
3585 2472 3754 2535 οὕτως

2183 2566 2381 2630 εἰπεῖν,
2411 2566 2443 2633 ὴ
2472 2566 2578 2616 τῶν
2607 2565 2776 2633 ἁγίων
2804 2564 3029 2618 ἐκείνων
3052 2567 3329 2633 γυναικῶν
3358 2565 3550 2633 λογὰς,
3571 2564 3754 2635 ὥσπερ

2182 2657 2306 2718 τοὺς
2335 2657 2806 2726 συμμονάξοντας,
2844 2654 2986 2709 οὕτω
3015 2656 3109 2709 καὶ
3138 2658 3229 2709 τὶν
3259 2659 3360 2727 τῆς
3392 2657 3599 2719 κακίας
3630 2657 3753 2708 sui-

2184 2766 2326 2819 πτην
2364 2749 2618 2817 δαίμονα.

2256 2848 2354 2907 ις’.
2384 2843 2493 2893 Kal.
2526 2842 2635 2895 ἰδοὺ
2665 2841 2782 2894 ἐστι
2812 2842 3126 2913 κάντεῦθεν,
3159 2842 3348 2912 ὥσπερ
3369 2843 3466 2895 καὶ
3499 2842 3557 2909 ἐξ
3583 2842 3755 2897 ἄλλων
3801 2916 3805 2917 ί

2183 2934 2436 2999 πολλῶν,
2493 2935 2927 3005 ὑπονοήσασθαι,
2976 2933 3051 2994 ὡς
3100 2935 3128 2986 δ
3178 2935 3418 3005 πονηρὸς
3473 2935 3756 3005 ἄνθρωπος

2184 3024 2399 3095 ἐνιαχοῦ
2448 3026 2543 3078 καὶ
2573 3025 2714 3095 ὑπὲρ
2765 3026 2926 3078 αὑτὸν
2974 3025 3206 3095 δαίμονα
3255 3025 3536 3078 ἐπιϐάλλει
3573 3029 3758 3095 τεχνᾶ-

2186 3119 2334 3181 σθαι,
2369 3118 2456 3170 ἵνα
2509 3136 2594 3181 τις
2642 3119 2921 3190 τολμήσας
2961 3120 3095 3190 ἐρεῖ,
3132 3120 3207 3183 ὡς
3259 3122 3318 3172 ἐν
3354 3122 3467 3184 τοῖς
3494 3120 3759 3183 τοιούτοις

2187 3210 2359 3281 βραχύ
2390 3229 2443 3265 τι
2482 3214 2509 3265 ὁ
2543 3212 2753 3281 δαίμων
2779 3212 2872 3264 τοῦ
2896 3213 3134 3283 πονηροῦ
3176 3212 3469 3284 ἀνθρώπου
3513 3212 3755 3282 ἠλάττω-

2183 3321 2295 3360 ται.
2328 3304 2483 3357 Διατί
2510 3300 2604 3358 οὖν
2630 3306 2704 3375 μὴ
2728 3307 2994 3373 φευκτέον
3027 3307 3120 3359 τἰν
3151 3305 3293 3359 οὓτω
3327 3308 3422 3359 καὶ
3450 3306 3548 3359 τοῦ
3578 3304 3756 3358 διαϐο-

2185 3397 2278 3448 λου
2318 3397 2464 3450 ἔστιν
2497 3391 2558 3450 οὗ
2590 3400 3126 3469 κατακαυχὼμενονς
3165 3416 3183 3449 ι
3221 3399 3318 3465 Σὺ,
3348 3421 3365 3451 ι
3413 3401 3571 3469 φησὶ,
3613 3417 3633 3449 ι
3662 3415 3757 3467 τη-

2188 3491 2375 3558 ρήσεις
2408 3491 2650 3559 κεφαλὴν
2678 3491 2868 3557 αὐτοῦ,
2906 3510 2923 3543 ι
2968 3491 3062 3544 τοῦ
3092 3493 3267 3560 ὄφεως
3323 3491 3548 3561 δηλαδή.
3589 3491 3654 3544 Ὀ
3680 3492 3754 3555 δὲ,

2188 3576 2231 3632 ῶ
2266 3581 2541 3653 ἄνθρωπε,
2574 3585 2816 3649 πτέρναν
2870 3583 2970 3653 τὴν
3001 3588 3120 3655 σήν.
3170 3584 3231 3637 Ὀ
3268 3584 3324 3637 δέ
3355 3584 3527 3646 κακὸς
3550 3584 3757 3651 ἄνθρωο

2187 3689 2305 3734 ποςν
2337 3673 2435 3734 ’τὰς
2473 3673 2707 3743 πτέρναις
2743 3675 2841 3745 μὲν
2869 3676 3074 3746 ἀφίημι
3096 3677 3486 3739 καταϐλέπειν,
3521 3678 3759 3746 κεφαλῆς

2184 3761 2239 3816 δέ
2264 3780 2415 3827 τινος
2446 3764 2622 3818 ἐθέλει
2644 3769 3171 3838 καταστοχάζεσθαι,
3198 3771 3292 3821 καὶ
3322 3768 3493 3838 αὐτῆς
3514 3769 3759 3839 ἠρμένης

2186 3856 2321 3927 ὑψοῦ
2345 3861 2532 3928 τιμαῖς
2557 3858 2756 3924 θείαις,
2778 3860 2865 3913 ἴνα
2882 3861 3027 3913 οὓτω
3056 3861 3410 3931 σεμνύνηται.
3449 3863 3548 3932 Εῖη
3573 3862 3639 3915 ἂν
3667 3856 3757 3915 οὖν

2183 3951 2216 4019 ἠ
2252 3950 2462 4021 μεγάλη
2500 3952 2713 4022 κεφαλὴ
2772 3953 2955 4025 ἐκείνη
2996 3954 3071 4025 μὴ
3116 3955 3423 4008 πλουτοῦσα
3460 3955 3757 4024 ἐγκέφαλον

2185 4041 2336 4106 ὑγιᾶ,
2365 4045 2412 4094 εἰ
2452 4042 2527 4111 μὴ
2560 4043 2885 4098 ἐκκλίνουσα
2935 4047 3267 4114 φυλάττεται
3315 4047 3560 4100 τοιοῦτον
3596 4064 3758 4117 πονη-

2188 4134 2278 4203 ρὸν
2309 4134 2434 4203 ὅφιν
2462 4151 2476 4166 ’
2514 4136 2637 4188 ἐπεί
2680 4153 2761 4190 τοι
2796 4140 2890 4190 καὶ
2947 4138 3053 4191 τῶν
3087 4139 3349 4208 ἀσφαλῶν
3381 4140 3618 4209 ἀνδρῶν,
3646 4140 3753 4192 ὅσοι

2184 4226 2549 4296 πεπείρανται
2579 4228 2758 4296 ὄφεων
2775 4230 3158 4301 ὲκπετομένων
3180 4234 3291 4294 τοῖς
3314 4231 3576 4300 ἅλμασιν,
3599 4233 3758 4284 ὁποῖα

2183 4322 2277 4372 καὶ
2306 4320 2525 4381 ὀϊστῶν,
2558 4323 2815 4374 καὶκατὰ
2846 4322 3138 4392 προσώπου
3168 4323 3516 4393 χωρούντων,
3540 4323 3758 4376 ἐπειδὰν

2186 4411 2333 4464 ίδωσι
2360 4412 2603 4464 τοιοῦτον
2633 4413 2771 4475 ζῶον
2795 4412 2979 4482 ἀέριον
3010 4418 3462 4484 καταπετόμενον
3482 4418 3578 4468 ἐπὶ
3610 4414 3757 4484 κακῷ

2185 4503 2424 4572 συνήθει,
2460 4504 2819 4573 φυλάττονται
2856 4508 2918 4558 τό
2938 4524 2997 4558 τε
3032 4507 3327 4578 πρόσωπον
3358 4510 3452 4561 καὶ
3478 4508 3542 4561 τὸ
3572 4508 3754 4560 λοιπὸν
3783 4537 3791 4547 ~

2181 4597 2281 4662 τῆς
2322 4595 2591 4665 κεφαλῆς,
2623 4599 2720 4649 καὶ
2747 4598 2809 4649 οὑ
2837 4599 2996 4668 χερσὶ
3023 4598 3207 4667 μόνον,
3252 4596 3391 4651 ἀλλὰ
3436 4601 3534 4650 καὶ
3564 4599 3759 4669 προϐο-

2183 4685 2304 4749 λαῖς
2335 4686 2508 4756 ξιφῶν
2561 4689 3030 4758 γεγυμνωμένων,
3084 4684 3168 4753 οἷς
3216 4690 3315 4743 καὶ
3362 4689 3756 4762 ἑμπελάζοντὺ

2184 4779 2377 4848 θηρίον
2400 4782 2830 4838 κατακόπτεται.
2866 4782 2975 4834 Καὶ
3005 4782 3139 4834 αὐτὸ
3166 4782 3265 4851 μὲν
3307 4784 3372 4835 ἐκ
3406 4784 3541 4853 μιᾶς
3577 4783 3756 4851 ὁλότη-

2182 4889 2273 4933 τος
2308 4873 2527 4943 μερίδες
2558 4873 2772 4941 γίνεται
2793 4888 2807 4904 °
2835 4874 2863 4926 ὁ
2893 4874 2950 4926 δέ
2973 4874 3355 4943 φυλαξάμενος
3379 4877 3562 4929 ἐκεῖνο
3591 4879 3685 4930 καὶ
3702 4877 3755 4927 ἐν

491 4941 847 5043 ἀκεραὶδτητι
883 4946 1057 5043 μένει,
1091 4951 1188 5003 καὶ
1216 4969 1505 5024 φρονιμοις
1543 4960 1905 5028 ἐγγράφεται,
1933 4963 2207 5033 κερδήσας
2229 4968 2360 5021 αὐτὸ
2383 4941 2447 5023 ἐκ
2502 4970 2599 5022 τοῦ
2640 4969 2740 5041 τὴν
2797 4969 3041 5039 κεφαλὴν
3094 4941 3509 5042 φυλαττομένου
3562 4975 3753 5043 δςρεως,

492 5029 584 5090 οἷα
621 5035 716 5088 καί
747 5052 857 5091 τινι
892 5040 1164 5110 σωτήριον
1203 5045 1503 5100 ἀντίδοτον.

568 5129 653 5183 l7.
693 5130 805 5185 llos
824 5147 955 5202 ergo
981 5133 1064 5189 sic
1086 5135 1276 5208 fugite,
1305 5149 1364 5193 ut
1396 5157 1673 5210 nunquam
1707 5146 1952 5215 vestigiis
1988 5148 2073 5202 in-

493 5217 704 5273 sistatis
736 5219 955 5276 illorum
980 5222 1096 5278 sive
1126 5227 1328 5280 nullius
1357 5229 1472 5283 sive
1497 5232 1812 5287 mentientis
1845 5238 2073 5305 amoris,

498 5320 555 5363 et
609 5325 639 5363 a
695 5311 993 5370 diabolicis
1048 5319 1548 5382 obtrectationibus
1583 5335 1792 5390 cavete,
1840 5344 1963 5396 quae
2015 5341 2074 5385 ut

501 5403 800 5469 plurimum
836 5416 891 5460 et
920 5410 1263 5475 gravissima:
1293 5424 1423 5466 sunt
1457 5424 1514 5469 et
1553 5420 1757 5485 multae,
1789 5434 1927 5488 quas
1974 5437 2073 5477 nec

494 5496 787 5559 oportebat
810 5498 1111 5565 nominari,
1171 5516 1237 5555 eo
1284 5505 1430 5573 quod
1467 5507 1591 5561 talia
1623 5508 1861 5567 nefanda
1931 5514 2064 5569 sint.

498 5581 709 5645 Quibus
777 5587 967 5641 inutile
1016 5591 1075 5641 lit
1139 5607 1402 5663 organum
1466 5598 1581 5666 Dei,
1641 5605 1928 5671 pulchrum
1986 5624 2069 5675 os,

561 5750 591 5834 ⁵⁸
632 5751 772 5810 Gen.
827 5772 913 5826 ιιι,
948 5758 1041 5813 15.

2262 5149 2345 5213 ιζ’.
2383 5149 2606 5212 Τούτοις
2630 5167 2688 5201 τε
2718 5145 2815 5203 οὖν
2849 5149 2992 5203 οὕτω
3015 5149 3363 5219 φεύγετε,ὡς
3399 5151 3477 5221 μὴ
3499 5153 3621 5205 κατ’
3639 5153 3750 5223 ἴχνη

2185 5241 2388 5310 βαίνειν
2421 5242 2519 5310 τῆς
2570 5242 2752 5296 αὐτῶν
2785 5244 2817 5313 ἢ
2845 5244 3077 5307 οὐδόλως
3121 5245 3366 5312 ἀγάπης,
3404 5245 3437 5314 ἢ
3479 5245 3750 5315 ψευδαγα-

2184 5334 2428 5402 πήσεως,
2463 5335 2561 5386 καὶ
2615 5334 2726 5386 τῶν
2772 5336 3039 5389 διαϐόλων
3068 5335 3432 5406 βλασφημιῶν
3483 5337 3749 5409 ἀπέχεσθε

2180 5426 2288 5477 τῶν
2317 5427 2375 5476 ἐν
2403 5428 2517 5488 τοῐς
2539 5426 2751 5478 πλείοσι
2778 5428 2871 5479 καὶ
2904 5426 3224 5497 βαρυτάτων
3269 5429 3364 5481 καὶ
3405 5430 3645 5499 συχνῶν,
3688 5428 3750 5491 ἃς

2182 5514 2350 5586 ἐχρῆν
2380 5518 2651 5588 ἀρρήτους
2685 5514 2824 5572 εἶναι
2843 5520 2933 5572 διὰ
2967 5521 3030 5573 τὸ
3049 5522 3169 5574 κατ’
3187 5508 3389 5585 aurei};
3414 5524 3713 5594 ἐπίρῤητον
3733 5536 3747 5552 ⁸

2184 5608 2251 5660 δι’
2291 5601 2365 5661 ὧν
2420 5609 2738 5678 ἁχρειοῦται
2787 5614 2846 5663 τὸ
2899 5612 3060 5681 σοφὸν
3108 5614 3345 5684 ὄργανον
3380 5613 3475 5668 τοῦ
3508 5613 3671 5683 Θεοῦ,
3693 5611 3750 5665 τὸ
