3962 6242
366 380 508 450 11)ιὸ

1301 383 1668 445 EPISTOLA
1708 383 1807 442 AD
1841 380 2636 444 THESSALONICENSES.

3475 378 3632 445 i046"

367 505 536 557 καλὸν
560 503 756 574 στόμα,
777 502 804 556 ὁ
825 502 914 557 τοῦ
943 502 1061 566 νοὸς
1091 501 1410 570 ἐξάγγελος,
1437 502 1504 554 δι’
1533 493 1593 554 οῦ
1625 501 1684 554 τὸ
1711 499 1939 571 λαλητὸν

2066 501 2558 571 uentisinterpres,
2605 515 2714 569 quo
2744 500 2976 568 loquens
3007 498 3220 553 animal‘
3260 497 3354 552 Dei
3410 497 3609 553 distin-

366 594 505 659 ζῶον
531 595 625 647 τοῦ
659 592 793 647 Θεοῦ
829 591 1316 666 χαρακτηρίζεται.
1350 592 1471 662 Χρὴ
1493 592 1547 644 δὲ
1583 590 1930 659 ἐνθυμεῖσθαι

368 688 510 755 ὑμᾶς
538 683 797 751 ἐνταῦθα,
820 684 902 738 ὅτι
924 702 983 737 τε
1007 683 1267 754 βόρϐορον
1298 684 1678 753 δυσαπόφορον
1702 682 1933 752 ἐγκλείει

366 772 442 847 τῷ
482 777 713 843 στόματι
740 775 767 828 ὁ
797 776 1120 846 βλάσφημος
1149 774 1458 844 ἄνθρωπος,
1480 774 1576 828 καὶ
1602 775 1685 828 ὅτι
1710 774 1935 846 πικρίας

371 868 471 937 μὲν
499 867 721 923 οίασοῦν
753 866 1095 937 γευσάμενός
1134 884 1217 931 τις
1261 867 1431 934 ὑγιῶς
1483 866 1622 937 ἔχων
1656 867 1749 919 τοῦ
1782 867 1936 934 γεύεα

368 959 513 1025 σθαι,
571 961 666 1013 καὶ
726 958 1028 1031 μυσαχθεὶς
1085 959 1144 1011 τὺ
1177 959 1433 1028 πρᾶγμα,
1476 960 1535 1010 ού
1570 958 1733 1027 μόνον
1766 959 1935 1028 συχνὰ

366 1049 591 1103 ὲκπτύει
619 1050 996 1105 συνεκϐάλλων
1016 1050 1093 1120 τῷ
1124 1050 1286 1119 σιέλῳ
1313 1049 1409 1120 τὴν
1432 1048 1649 1119 ἀηδίαν,
1682 1048 1817 1103 ἀλλὰ
1841 1048 1935 1104 καῖ

368 1139 521 1194 ὕδατι
553 1142 649 1194 καὶ
686 1142 879 1213 χυμῶν
910 1142 1212 1211 γλυκύτητι
1259 1140 1520 1196 ἐκπλύνει
1550 1142 1614 1195 τὸ
1649 1144 1814 1198 καλὸν
1847 1144 1936 1196 δο-

365 1235 514 1304 χεῖον
536 1234 732 1288 ἐκεῖνο.

442 1331 533 1393 ιη’.
566 1325 634 1378 Τί
665 1325 750 1396 δὴ,
782 1320 826 1379 ὦ
857 1325 1290 1401 δαιμονοῳόρητε
1323 1329 1575 1398 ύόριστὰ,
1632 1328 1936 1399 παρασύεις

365 1415 443 1485 τῷ
465 1417 697 1486 στόματι
725 1418 1083 1490 βλασφήμους
1125 1422 1374 1493 πικρίας,
1407 1415 1482 1477 ὧν
1513 1420 1576 1474 τὸ
1601 1421 1762 1491 ἀηδὲς
1802 1437 1938 1490 μαν-

367 1504 548 1568 θάνεις
573 1508 672 1574 μὲν
704 1507 931 1579 ὕστερόν
954 1527 1085 1563 ποτε
1117 1513 1211 1565 καὶ
1242 1511 1441 1577 αύτός;
1475 1513 1602 1565 Ὅτε
1633 1513 1741 1582 γὰρ
1768 1511 1938 1582 βλασ-

369 1600 592 1667 φημεῖς,
624 1601 725 1654 ούκ
780 1601 1013 1673 αἰσθάνῃ
1048 1601 1123 1665 ὠς
1165 1599 1275 1657 οἷον
1298 1602 1629 1674 ἐξεστηκὼς.
1688 1604 1939 1658 Μάλιστα

366 1689 424 1743 δὲ
480 1685 591 1743 οἶδε
626 1691 728 1762 τὴν
783 1691 995 1745 ἐκεῖθεν
1047 1693 1277 1764 πικρίαν
1332 1697 1360 1747 ὁ
1416 1680 1936 1765 βλασφημούμενος,

367 1782 532 1851 εἰπερ
595 1782 669 1851 μὴ
721 1782 1002 1854 ὀλιγώρως
1049 1786 1168 1849 ταῖς
1226 1784 1417 1856 ὕϐρεσι
1454 1789 1850 1859 προσφέρεται.
1874 1789 1941 1841 Τί

2042 594 2248 659 guitur.
2280 593 2538 649 Nostrum
2562 602 2645 646 est
2704 596 2771 646 de
2804 592 2983 645 hocin
3020 601 3203 645 mente
3226 591 3428 644 habere
3461 590 3605 658 quod

2042 684 2214 740 lutum
2242 687 2521 741 horridum
2549 687 2599 739 in
2628 700 2688 739 Os
2726 685 2974 739 recondit
3002 685 3358 747 obtrectator,
3388 683 3606 750 etquod

2044 789 2228 829 amara
2281 776 2537 844 quaelibet
2595 776 2898 846 degusrans
2953 773 3208 843 quisquis
3257 786 3393 827 sano
3448 782 3610 841 gustu

2041 868 2187 921 Valet
2216 876 2269 921 et
2295 879 2352 921 re
2379 867 2635 932 foedatus,
2667 884 2771 921 nou
2828 870 3003 922 solum
3040 875 3226 936 spulat
3265 880 3388 919 cum
3437 864 3609 917 saliva

2042 958 2292 1013 faetorem
2333 957 2584 1027 ejiciens,
2648 959 2741 1012 scd
2807 960 2972 1013 etiam
3038 972 3177 1027 aqua
3243 956 3615 1023 suavibusquc

2044 1048 2368 1119 potionibus
2408 1047 2704 1118 pulchrum
2744 1048 2845 1104 hoc
2876 1049 3159 1118 penetrale
3190 1046 3444 1101 mundat.

2118 1324 2203 1380 18.
2230 1322 2360 1387 Cur,
2396 1335 2428 1374 o
2462 1320 2753 1389 impudens
2800 1335 2828 1373 a
2862 1319 3110 1375 daemone
3167 1319 3390 1390 agitate,
3439 1321 3491 1374 in
3553 1332 3614 1370 os

2047 1416 2294 1472 admittis
2376 1411 2799 1468 obtrectationis
2878 1411 3282 1466 amaritudiues
3370 1428 3611 1481 quarum

2050 1508 2360 1564 moleStiam
2388 1505 2621 1561 ultimus
2649 1504 2838 1559 noscis
2869 1512 2922 1560 et
2944 1504 3104 1573 ipse?
3133 1504 3267 1559 Cum
3324 1505 3467 1558 οιιίιιι
3506 1520 3618 1558 ma-

2049 1602 2373 1659 ledicentias
2455 1598 2711 1669 profers,
2768 1598 2926 1668 quasi
3001 1605 3183 1652 mente
3257 1606 3451 1668 captus
3503 1612 3612 1651 non

2055 1693 2350 1764 intelligis.
2412 1689 2633 1761 Optime
2679 1687 2915 1744 istarum
2979 1688 3401 1742 amaritudinem
3463 1690 3617 1741 norit

2049 1788 2141 1857 qui
2172 1785 2282 1841 tuis
2311 1799 2340 1839 a
2360 1780 2765 1838 maledicentiis
2794 1782 3102 1851 impetitur,
3144 1779 3246 1835 nisi
3280 1782 3616 1849 contemptui

367 1872 740 1937 ἀναπτύσσεις
774 1874 842 1926 τὰ
867 1875 1045 1946 χείλη,
1086 1877 1178 1929 καὶ
1205 1876 1434 1946 χαίνεις,
1472 1877 1571 1948 οὐχ
1603 1876 1745 1931 ὥστε
1775 1878 1809 1949 ἢ
1840 1896 1944 1947 φα-

2058 1879 2419 1936 contumelias
2453 1885 2578 1931 tuas
2612 1864 2838 1932 lia-beat.
2866 1874 2981 1929 Cur
3018 1873 3161 1928 labia
3194 1873 3379 1942 aperis
3413 1881 3468 1927 ct
3495 1872 3617 1928 hias

368 1962 511 2032 γεῖν,
566 1965 600 2036 ἦ
633 1965 871 2036 λαλῆσαι
902 1968 1113 2033 ἁπλῶς,
1148 1968 1180 2037 ἦ
1211 1971 1306 2023 καὶ
1337 1969 1547 2037 διδάξαι
1575 1972 1669 2025 καὶ
1705 1971 1945 2042 ὑμνῆσαι

367 2056 525 2123 θεὸν,
559 2060 653 2110 καὶ
693 2058 867 2123 οὕτως
894 2060 1154 2130 ἐξεμέσαι
1181 2063 1410 2132 χυμοὺς,
1442 2063 1508 2116 δι’
1538 2056 1613 2117 ὧν
1642 2063 1946 2134 θανατηφό-

370 2166 466 2220 ρον
492 2151 525 2221 ή
555 2150 704 2220 ψυχὴ
731 2150 1028 2223 πληθώραν
1056 2155 1256 2225 πάσχει
1277 2171 1292 2187 ’
1325 2156 1443 2210 ἀλλ’
1472 2156 1616 2210 ὥστε
1643 2156 1945 2228 καταισχῦ-

369 2257 460 2295 ναι
492 2248 741 2309 σεαυτὸν,
793 2243 884 2297 τὸν
915 2244 1009 2297 τοῦ
1043 2245 1179 2297 Θεοῦ
1228 2245 1539 2315 ἄνθρωπον,
1575 2246 1653 2310 ὡς
1684 2247 1948 2316 Χριστια-

369 2333 484 2397 νὸν,
514 2333 601 2386 διὰ
627 2334 724 2387 τοῦ
767 2338 861 2388 καὶ
908 2335 1126 2390 δάκνειν
1168 2338 1262 2392 καὶ
1294 2338 1647 2403 κατεσθίειν;
1706 2339 1768 2391 ού
1802 2337 1948 2405 λέγω

366 2426 461 2478 civ
493 2441 571 2476 σοι
601 2425 808 2493 ὅμοιον,
861 2424 978 2479 ἀλλ’
1009 2426 1339 2496 ὑπερφερῶς
1363 2428 1618 2482 καλλίονα
1650 2447 1664 2491 ;
1702 2428 1948 2493 ’Λνοιξόν

374 2532 468 2567 σου
501 2515 560 2568 τὸ
588 2515 764 2585 στόμα
791 2516 1102 2585 γραφικῶς,
1138 2520 1234 2571 καὶ
1284 2519 1511 2573 ἕλκυσον
1546 2519 1773 2589 Πνεῦμα
1806 2518 1949 2572 θεῖον

371 2605 612 2671 πάντως,
644 2607 706 2658 οὐ
741 2606 848 2677 μὴν
872 2608 1112 2679 πονηρόν
1132 2624 1148 2639 ο
1172 2609 1250 2679 τῷ
1274 2610 1384 2684 γᾴρ
1409 2611 1638 2680 τοιούτῳ
1673 2611 1949 2663 κλειστέον

372 2693 618 2764 ἀκριϐῶς
656 2697 841 2749 πᾶσαν
863 2695 1142 2768 αἴσθησιν.
1187 2717 1206 2751 ι
1243 2699 1549 2765 Πλάτυνον,
1591 2719 1609 2751 ι
1647 2702 1802 2771 φησὶ,
1841 2718 1861 2751 ι
1887 2701 1946 2753 τὸ

374 2784 554 2856 στόμα
577 2803 697 2853 σου,
734 2790 829 2842 καὶ
856 2789 1138 2859 πληρώσω
1160 2791 1315 2846 αὑτό.
1355 2810 1374 2844 ι
1431 2792 1507 2846 Οὐ
1543 2793 1807 2863 δεήσομαι
1835 2809 1953 2861 τρι-

374 2877 477 2949 ϐῆς
508 2879 704 2949 χρόνου
755 2880 925 2945 τινὸς,
979 2882 1039 2934 ού
1072 2882 1332 2954 μέλλησιν
1376 2884 1717 2954 ἐνδείξομαι·
1754 2885 1951 2937 αὐτίκα

373 2970 453 3035 δὲ,
482 2970 675 3042 ὥσπερ
695 2971 773 3025 ἔτι
796 2971 1088 3036 λαλοῦντός
1116 2990 1210 3028 σου
1232 2974 1300 3029 τὰ
1320 2975 1525 3044 ἀγαθὰ,
1550 2976 1947 3046 παραγίνομαι.

377 3061 535 3115 Οὕτω
566 3064 662 3116 καὶ
689 3064 999 3127 ἀνοίξαντος
1031 3064 1306 3136 πληρώσω
1348 3067 1486 3120 Πνεύ
1496 3084 1685 3137 ματος,
1719 3068 1817 3121 καὶ
1868 3083 1956 3120 σο-

2050 1987 2159 2026 non
2193 1968 2259 2025 ad
2294 1965 2762 2029 manducandum,
2797 1979 2897 2019 nec
2921 1965 2985 2018 ad
3019 1963 3343 2032 simpliciter
3392 1963 3619 2031 loquen-

2046 2066 2198 2129 dum,
2228 2076 2330 2117 nec
2363 2061 2429 2115 ad
2464 2057 2774 2115 docendum
2802 2066 2899 2112 aut
2934 2057 3129 2111 laudes
3154 2056 3263 2111 Deo
3296 2055 3617 2125 persolven-

2047 2159 2199 2221 dum,
2227 2165 2283 2211 et
2301 2155 2385 2211 sic
2421 2155 2487 2209 ad
2534 2153 2798 2207 humores
2830 2150 3034 2220 quibus
3061 2149 3313 2204 lethifera
3368 2148 3616 2218 piethora

2049 2250 2263 2304 laborat
2299 2248 2486 2302 anima
2533 2244 2937 2310 evomendum;
2966 2242 3062 2297 sed
3114 2241 3269 2296 itaut
3315 2239 3618 2311 ignominia

2051 2338 2282 2406 teipsum
2315 2335 2540 2399 allicias,
2563 2332 2653 2389 Dei
2683 2332 3183 2401 hominem,utpote
3221 2330 3618 2395 Christianum,

2049 2447 2113 2487 eo
2140 2430 2287 2501 quod
2315 2431 2507 2500 iniquo
2545 2430 2706 2485 dente
2737 2429 2957 2484 mordes
2978 2438 3032 2484 et
3064 2428 3299 2491 laceras,
3352 2442 3457 2483 non
3496 2428 3622 2483 dico

2051 2540 2258 2594 parem,
2314 2523 2408 2578 sed
2453 2523 2546 2579 tibi
2581 2523 2734 2597 valde
2783 2521 3162 2591 superiorem?
3185 2521 3348 2590 Aperi
3377 2536 3440 2577 os
3471 2529 3621 2575 tuum

2052 2619 2355 2673 secundum
2412 2617 2746 2687 Seripturas,
2776 2628 2828 2673 et
2864 2616 3127 2688 Spiritum
3160 2617 3407 2672 divinum
3469 2616 3622 2670 hauri

2051 2711 2299 2777 omnino,
2336 2724 2445 2764 non
2480 2725 2610 2765 vero
2647 2709 2877 2774 malum,
2901 2708 2990 2764 cui
3036 2718 3292 2765 accurate
3321 2707 3623 2763 claudenda

2054 2809 2167 2855 tota
2212 2815 2390 2856 meus.
2432 2819 2450 2851 ι
2493 2798 2690 2863 Dilata,
2720 2799 2919 2869 inquit,
2961 2813 3024 2854 os
3065 2807 3243 2864 tuum,
3278 2806 3333 2854 et
3387 2799 3633 2869 implebo

2052 2893 2250 2947 illud’.
2292 2912 2310 2943 ι
2341 2892 2460 2947 Non
2499 2893 2765 2962 temporis
2788 2892 3048 2946 dilatione
3093 2902 3232 2960 opus
3282 2901 3390 2957 est,
3451 2906 3621 2946 morte

2056 2979 2306 3052 perfugio
2324 2996 2431 3036 non
2450 2987 2610 3045 utar;
2639 2980 2953 3045 confestim,
2973 2981 3128 3051 quasi
3158 2981 3341 3036 adhuc
3368 2981 3625 3051 loquente

2058 3085 2107 3129 te
2136 3074 2300 3139 bona,
2343 3073 2560 3127 adsum.
2605 3072 2698 3128 Sic
2726 3079 2781 3128 et
2819 3071 3153 3143 aperientem
3205 3071 3413 3144 Spiritu
3445 3075 3624 3145 reple-

375 3153 508 3223 φίαν
530 3153 766 3223 ψωμίσω
802 3155 891 3209 διὰ⁵
919 3154 1149 3226 βιϐλίου,
1187 3157 1358 3228 ὁποίῳ
1404 3159 1499 3210 καὶ
1536 3159 1813 3228 προφῆται
1846 3175 1947 3228 μυ-

2058 3167 2146 3227 bo,
2188 3172 2240 3220 et
2267 3165 2592 3235 sapientiam
2626 3179 2810 3221 escam
2865 3163 3010 3219 dabo
3063 3179 3160 3236 per
3217 3164 3417 3220 librum
3478 3166 3629 3223 sicut

375 3245 788 3314 atqp:d‘,ovrat.
824 3248 898 3301 Οὐ
947 3250 1054 3318 γὰρ
1089 3248 1210 3302 οὔτε
1247 3250 1412 3318 ὀκνῶ,
1442 3248 1567 3303 οὔτε
1594 3250 1793 3319 φθονῶ,
1825 3250 1949 3303 οὔτε

378 3335 622 3406 μελετῶν
655 3338 983 3409 σκέπτομαι.
1028 3338 1190 3392 Ἀλλὰ
1218 3339 1460 3408 ἀνοίγεις
1484 3338 1623 3408 ἅμα,
1659 3340 1749 3392 καὶ
1775 3339 1954 3409 εἰσέρ-

375 3445 569 3496 χομαι.
601 3427 761 3481 Οὕτω
790 3428 884 3481 καὶ
915 3427 1028 3498 ἐγὼ
1055 3430 1156 3501 τὴν
1177 3430 1318 3501 ἐμὴν
1357 3430 1595 3497 ἀνοίγων
1617 3429 1789 3500 θύραν
1815 3446 1951 3501 προς

376 3519 651 3588 καλοῦμαι
677 3521 771 3573 καὶ
796 3521 855 3572 σὲ
884 3521 978 3573 καὶ
1013 3523 1220 3584 πάντας
1251 3520 1538 3575 εἰσελθεῖν.
1564 3522 1640 3574 Ού
1676 3520 1949 3591 μεριμνῶ,

377 3611 498 3674 πῶς
536 3611 811 3683 πληρώσω
842 3614 902 3665 τὸ
930 3613 1106 3683 στόμα
1139 3630 1233 3666 σου
1263 3613 1592 3669 πλατυνθέν.
1632 3612 1743 3665 Καὶ
1764 3611 1954 3683 δηλοῦ-

377 3721 467 3758 σιν
501 3704 634 3757 αὐτὸ
684 3703 780 3757 καὶ
831 3705 881 3756 οἱ
916 3703 1092 3767 ἄλλως
1142 3705 1271 3774 ἐμοὶ
1305 3705 1568 3776 μαθηταὶ,
1631 3704 1726 3757 καὶ
1752 3705 1867 3757 ὅσοι
1898 3704 1954 3757 δὲ

375 3796 666 3867 τυράννοις
716 3797 1118 3866 παραστάντες,
1160 3797 1223 3850 ού
1256 3797 1346 3850 διὰ
1389 3799 1604 3868 χρόνου,
1644 3797 1782 3851 ἀλλὰ
1811 3797 1948 3867 αὐτῇ

375 3891 446 3958 τῇ
477 3888 597 3961 ὥρᾳ
627 3886 964 3955 λαμϐανουσι
989 3888 1163 3957 στόμα
1191 3889 1289 3943 καὶ
1321 3888 1514 3957 σοφίαν
1534 3906 1549 3920 ο
1583 3884 1663 3952 οἷς
1693 3887 1755 3941 οὐ
1786 3888 1951 3943 δύνα-

375 3998 471 4035 νται
502 3982 779 4034 ἀντειπεῖν
829 3979 1006 4042 οὐδεὶς
1063 3979 1607 4049 ἀντικαθιστάμενος.
1662 3981 1846 4051 Στόμα
1896 3980 1954 4034 δὲ

376 4069 619 4125 ἐνταῦθα
668 4071 763 4125 καὶ
818 4071 1011 4141 σοφίαν
1045 4072 1303 4138 ἀκούσας,
1368 4072 1443 4144 μὴ
1500 4073 1955 4144 ἀπεριμερίμνως

376 4162 649 4233 ὲπιὸἁλῃς
672 4166 737 4233 τῇ
761 4165 919 4233 ἀκοῇ,
961 4162 1074 4217 ἀλλ’
1107 4162 1417 4235 ὲμὸἀθυνον
1443 4181 1460 4199 ο
1494 4167 1578 4219 ὅτι
1606 4168 1634 4219 ὀ
1677 4167 1753 4236 μὴ
1814 4166 1956 4220 κατὰ

375 4256 507 4318 τοὺς
558 4254 751 4322 λόγους
802 4254 1025 4317 τούτους
1073 4254 1429 4324 διακείμενος
1484 4255 1757 4326 θειότερον
1789 4258 1848 4309 ὲν
1876 4256 1955 4326 τῷ

376 4350 645 4402 ἀναπνεῖν
695 4347 790 4401 καὶ
823 4345 1005 4400 λαλεῖν
1037 4344 1161 4398 οὔτε
1192 4347 1370 4416 στόμα
1411 4347 1550 4416 ἔχει,
1578 4345 1705 4399 οὔτε
1738 4347 1952 4416 σοφίαν,

377 4440 520 4495 ἀλλά
569 4442 662 4492 καὶ
721 4440 957 4509 ἂστομός
1013 4440 1130 4491 ὲστι
1165 4440 1425 4508 χειρόνως
1470 4439 1615 4509 ἥπερ
1641 4437 1749 4492 τῶν
1776 4438 1956 4492 ἵππων

2058 3268 2114 3314 et
2165 3259 2396 3330 mystice
2472 3257 2658 3311 dicunt
2725 3255 3024 3328 prophetae.
3098 3255 3234 3310 Nam
3315 3270 3417 3312 nec
3473 3256 3627 3327 piger

2057 3366 2222 3416 sum,
2284 3365 2383 3407 nec
2462 3351 2724 3414 invideo,
2798 3363 2895 3404 nec
2943 3348 3371 3420 cogitationibus
3429 3351 3628 3406 immo-

2057 3457 2171 3507 ror,
2204 3441 2297 3497 sed
2333 3441 2514 3511 aperis
2561 3450 2616 3496 et
2647 3442 2812 3495 intro.
2854 3438 2948 3495 Sic
2980 3449 3033 3496 et
3059 3454 3164 3510 ego
3192 3439 3417 3510 ianuam
3447 3454 3624 3495 meam

2056 3534 2331 3604 aperiens,
2363 3542 2415 3590 te
2436 3544 2491 3588 et
2514 3548 2709 3589 omnes
2738 3541 2795 3589 ut
2817 3533 3038 3590 intretis
3064 3532 3257 3588 invito.
3284 3532 3404 3588 Non
3429 3533 3626 3590 anxius

2057 3641 2204 3689 sum,
2240 3624 2518 3697 quomodo
2563 3628 2627 3681 bs
2679 3635 2829 3681 tuum
2894 3624 3145 3697 implebo
3198 3626 3509 3682 dilatatum.
3563 3625 3631 3681 Et

2058 3716 2110 3770 id
2143 3716 2437 3772 ostendunt
2485 3716 2651 3772 etiam
2696 3715 2806 3772 alio
2842 3716 3006 3772 modo
3075 3715 3333 3787 discipuli
3391 3719 3522 3785 mei,
3574 3732 3631 3773 et

2057 3815 2326 3878 quotquot
2349 3816 2474 3861 ante
2499 3815 2766 3876 tyrannos
2795 3807 2949 3861 ducti
2988 3815 3154 3873 sunt;
3188 3822 3298 3863 non
3322 3809 3376 3862 in
3416 3816 3628 3877 tempo-

2057 3899 2136 3953 ris
2164 3897 2474 3959 interVaIIo.
2505 3896 2599 3952 sed
2635 3897 2752 3966 ipsa
2783 3895 2919 3952 liora
2943 3911 3039 3952 ore
3068 3907 3122 3950 et
3143 3898 3413 3967 sapientia
3440 3897 3626 3951 valent

2060 3990 2265 4061 quibus
2293 3990 2483 4045 nullus
2513 3989 2892 4044 contradicere
2919 3995 3099 4059 potest
3126 3988 3505 4043 adversarius.
3551 3986 3627 4042 Os

2060 4084 2151 4140 hic
2182 4093 2231 4138 et
2265 4081 2592 4153 sapientiam
2628 4081 2856 4135 audiens
2884 4096 2953 4136 ne
2982 4079 3396 4135 inconsiderate
3430 4092 3622 4134 vocem

2058 4183 2346 4232 sonantem
2378 4173 2592 4241 excipe,
2618 4172 2711 4227 sed
2745 4171 2910 4227 altius
2966 4170 3255 4227 considera
3294 4188 3309 4225 :
3367 4171 3499 4240 quia
3556 4170 3625 4226 ad

2061 4268 2157 4322 illa
2190 4266 2353 4321 verba
2385 4265 2479 4335 qui
2508 4279 2617 4319 non
2654 4273 2739 4320 est
2773 4262 2958 4318 animo
2982 4261 3239 4317 diviniori
3299 4262 3623 4331 dispositus,

2058 4360 2126 4415 ad
2160 4355 2527 4413 hauriendum
2548 4355 2804 4426 spiritum
2829 4365 2882 4409 et
2897 4353 3229 4425 loquendum
3247 4367 3347 4408 nec
3371 4367 3434 4408 os
3461 4353 3629 4408 habet

2061 4467 2160 4507 nec
2195 4450 2544 4521 sapientiam,
2606 4448 2701 4505 sed
2734 4449 2896 4504 etiam
2925 4449 3041 4505 oris
3075 4447 3200 4503 duri
3226 4457 3311 4504 est
3340 4446 3623 4504 infelicius

376 4536 499 4588 ὅσοι
534 4533 780 4599 λέγονται
809 4530 1058 4602 ἄστομοι,
1104 4534 1192 4585 ναὶ
1239 4530 1345 4601 μὴν
1372 4531 1468 4584 καὶ
1498 4533 1725 4602 harpag,
1772 4534 1950 4602 μήπου

2063 4558 2227 4616 quam
2253 4544 2345 4615 qui
2381 4543 2527 4599 inter
2555 4557 2728 4612 equos
2764 4542 2877 4599 oris
2900 4542 3021 4597 duri
3053 4542 3349 4609 dicuntur,
3408 4542 3544 4613 quin
3575 4553 3639 4600 et.

376 4626 439 4679 δὲ
481 4626 576 4678 καὶ
605 4625 822 4692 ἄλογος.

454 4716 544 4773 ιθ’.
586 4717 695 4770 Καὶ
721 4716 951 4770 τοιαῦτα
971 4716 1071 4786 μέν
1106 4732 1190 4769 σοι
1224 4715 1365 4779 λέξει
1397 4716 1424 4768 ὸ
1453 4714 1513 4769 τὸ
1545 4715 1724 4786 στόμα
1757 4714 1964 4769 πλατύ-

379 4828 499 4866 νειν
545 4809 968 4879 ἐγκελευόμενος
1027 4809 1119 4862 ἐπὶ
1170 4807 1455 4879 πληρώσει
1511 4808 1714 4870 παντὸς
1763 4807 1969 4879 δηλαδὴ

381 4903 622 4972 ἀγαθοῦ,
663 4903 732 4956 δι’
773 4895 835 4955 οῦ
865 4902 959 4954 καὶ
1002 4901 1512 4973 ὲμὸρωματίζεται.
1566 4901 1674 4954 Καὶ
1701 4899 1880 4963 ἄλλως
1908 4900 1967 4952 δὲ

380 5002 453 5071 ζῇ
478 5002 506 5054 ὁ
544 4998 684 5068 πρὸς
728 4995 990 5065 ἀλήθειαν
1024 4995 1332 5067 ἄνθρωπος.
1405 4995 1467 5048 ’0
1503 4995 1691 5065 μέντοι
1730 4994 1808 5064 τῷ
1839 4993 1960 5063 Θεῷ

377 5092 765 5158 ἀντικείμενος
812 5087 988 5150 ἄλλως
1053 5087 1188 5140 αὐτὸ
1249 5087 1469 5158 πληροῖ,
1530 5086 1730 5156 μεστὸν
1786 5088 1960 5143 ποιῶν

381 5182 609 5250 ἁπάσης
667 5177 1023 5247 φαυλότητος.
1094 5177 1253 5231 Οὕτω
1286 5178 1486 5249 πληροῖ
1511 5180 1583 5232 τὰ
1610 5177 1722 5233 τῶν
1753 5179 1960 5249 αίρετι·

380 5279 590 5344 ζόντων
624 5276 895 5343 στόματα,
932 5270 1107 5335 οὕτως
1139 5270 1429 5341 ἐπλήρωσε
1462 5275 1531 5326 τὰ
1570 5273 1679 5326 τῶν
1713 5289 1961 5345 σταυρω-

379 5369 494 5424 τῶν
528 5367 624 5437 τοῦ
665 5365 905 5436 μεγάλου
937 5363 1076 5416 Θεοῦ
1127 5364 1223 5417 καὶ⁵
1268 5363 1528 5434 Σωτῆρος
1580 5364 1738 5437 ἡμῶν
1779 5364 1957 5436 Ἰησοῦ

381 5460 663 5533 Χριστοῦ·
695 5452 771 5513 ὧν
792 5459 854 5511 τὸ
885 5457 1059 5527 στόμα
1083 5456 1250 5525 ἔγεμε
1282 5457 1362 5527 τῷ
1409 5458 1588 5530 καιρῷ
1620 5460 1812 5527 ἐκείνῳ
1864 5457 1959 5512 τοῦ

391 5572 411 5607 ι
445 5554 560 5607 θύκ
613 5552 813 5621 ἔχομεν
846 5548 1094 5621 βασιλέα,
1124 5550 1174 5601 εί
1206 5547 1282 5618 μὴ
1303 5549 1595 5620 Καίσαρα·
1630 5568 1649 5602 ι
1684 5551 1810 5617 καὶ,
1839 5568 1858 5603 ί
1898 5551 1961 5604 Ei

368 5644 471 5716 ’μὴ
494 5639 716 5714 σταυρώ
726 5656 818 5715 ιῃς
836 5640 1017 5706 αὐτὸν,
1038 5633 1084 5695 ὦ
1108 5638 1327 5707 Πιλάτε,
1347 5639 1448 5693 οὐκ
1464 5636 1513 5693 εἴ
1528 5639 1681 5710 φίλος
1703 5642 1799 5695 τοῦ
1824 5642 1961 5697 Καί-

469 5822 492 5857 ²
536 5819 684 5879 Psal.
742 5836 908 5893 Lux,
940 5821 1047 5897 ,il.
1126 5823 1146 5856 ³
1183 5819 1342 5889 Joau.
1375 5837 1490 5892 xix,
1524 5823 1611 5881 15.
1689 5820 1867 5881 ‘ibid.
1897 5820 1987 5876 l2.

2060 4636 2331 4706 insipiens
2358 4646 2414 4690 et
2442 4627 2850 4691 irratibnabilis
2874 4641 2979 4690 est.

2137 4726 2228 4782 19.
2256 4724 2416 4781 Talia
2447 4724 2674 4794 quidem
2713 4722 2813 4778 tibi
2843 4722 2993 4779 dicet
3008 4723 3101 4794 qui
3123 4736 3184 4779 os
3207 4724 3429 4796 aperire
3454 4724 3631 4792 jubet,

2065 4818 2279 4876 scilicet
2306 4825 2367 4873 ut
2404 4815 2560 4872 omni
2592 4815 2745 4871 bono
2775 4816 3112 4887 repleamur,
3147 4830 3258 4886 quo
3290 4826 3346 4873 et
3395 4818 3630 4872 alamur.

2066 4910 2239 4964 Aliter
2280 4923 2411 4964 vero
2447 4906 2587 4963 vivit
2656 4906 2752 4977 qui
2801 4907 3102 4963 secundmn
3150 4910 3439 4963 veritatem
3497 4906 3636 4959 vivit

2068 5002 2255 5058 homo.
2289 5001 2394 5068 Qui
2431 5010 2610 5057 autem
2641 5000 2751 5057 Deo
2778 5000 3131 5057 adversarius
3156 5008 3357 5061 manet,
3388 5012 3452 5051 os
3475 4996 3634 5051 aliter

2068 5094 2272 5165 replet,
2306 5092 2572 5149 refertum
2601 5092 2842 5149 reddens
2862 5094 3011 5148 omni
3041 5090 3333 5160 pravitate,
3365 5088 3447 5143 sic
3471 5088 3634 5155 plena

2068 5194 2199 5242 sunt
2223 5185 2473 5241 haeresim
2507 5183 2954 5255 amplectentituu
2993 5195 3112 5242 ora.
3144 5179 3226 5233 sic
3257 5177 3464 5248 repleta
3501 5190 3635 5235 sunt

2067 5292 2165 5333 ora
2203 5265 2662 5347 crucifigentium
2701 5288 2960 5343 magnum
2995 5271 3168 5325 Deum
3199 5279 3257 5326 et
3290 5270 3630 5327 Salvatorem

2068 5380 2318 5427 nostrum
2344 5370 2532 5426 Iesum
2569 5368 2848 5423 tlhristum
2878 5380 2893 5430 ;
2931 5377 3168 5433 quorum
3196 5377 3259 5418 os
3314 5363 3635 5422 redundans

2067 5476 2201 5523 tunc
2238 5464 2430 5523 cﬂ‘udit
2464 5481 2479 5518 :
2512 5480 2530 5512 ι
2578 5457 2696 5515 Non
2750 5457 3015 5513 habemus
3063 5471 3246 5528 regem
3313 5458 3419 5512 nisi
3454 5458 3637 5513 Casa-

2067 5573 2183 5615 rem
2221 5559 2262 5624 ⁸,
2302 5575 2321 5609 ι
2372 5565 2448 5617 et,
2490 5570 2510 5603 ι
2556 5551 2613 5604 Si
2646 5565 2755 5606 non
2799 5549 3148 5606 cruciﬁxeris
3206 5563 3358 5615 eum,
3415 5563 3527 5605 non
3566 5565 3631 5606 es

2070 5648 2280 5705 amicus
2338 5642 2571 5703 Caesaris
2596 5644 2638 5709 δ,
2676 5660 2699 5693 ι
2744 5653 2836 5698 et:
2875 5659 2894 5694 ι
2923 5641 3097 5709 Τοιιο,
3164 5641 3314 5708 tolle,
3374 5640 3636 5714 cruciﬁge
