4026 6248
411 361 543 429 1051

404 476 724 540 aestimaturi
774 473 963 528 talium
1015 468 1377 538 cogitationes
1410 455 1754 515 attendamus
1784 447 1847 504 ad
1879 444 1971 499 Jo-

405 592 530 631 nam
551 573 644 642 qui
663 568 885 625 exitium
909 560 1167 621 Ninivitis
1191 555 1663 628 prmdixitmtpote
1697 542 1966 616 pessimis,

407 677 462 721 et
491 679 614 720 cum
647 676 742 716 eos
772 655 1080 713 invenisset
1112 650 1448 721 pmnitentes
1498 651 1554 699 ct
1620 642 1787 694 Deum
1844 647 1969 703 pro-

410 758 603 828 pitium
658 767 781 806 esse
834 744 1213 817 supplicantes
1279 747 1334 794 et
1402 736 1469 790 ad
1507 725 1969 826 misericordiam,

412 816 813 906 sollicitantes,
870 816 1000 890 licet
1062 832 1245 887 exitus
1299 825 1551 883 fefellerit
1616 816 1976 906 prophetiam,

417 936 553 991 nihil
583 944 761 987 tamen
790 902 891 982 hoc
918 925 1058 995 apud
1116 922 1284 975 Deum
1346 926 1482 973 erat.
1540 910 1681 977 Quid
1736 905 1880 961 enim
1934 902 1979 956 si

414 1029 652 1084 alllictus
682 1022 906 1093 quidem
968 1016 1137 1072 fuerit
1193 1019 1438 1072 sanctus,
1474 1019 1617 1059 unus
1690 1012 1813 1054 cum
1886 995 1977 1093 sit,

415 1120 625 1173 salvata
674 1084 804 1168 vero
846 1108 958 1164 sint
1021 1105 1190 1159 multa
1235 1099 1516 1153 hominum
1568 1091 1738 1146 millia
1795 1095 1851 1141 et
1904 1084 1985 1139 sic

415 1207 759 1264 sanctitatem
782 1198 1148 1268 multiplicent
1171 1192 1194 1245 ’ἓ
1220 1189 1457 1245 Omnino
1486 1199 1613 1256 ergo
1644 1175 1988 1268 gaudeat

418 1300 731 1370 progenitor
783 1266 1266 1354 Davidv,quamvis
1325 1272 1778 1334 erubescentibus
1830 1266 1990 1322 nobis

417 1362 484 1447 eo
517 1362 664 1459 quod
735 1379 1020 1452 splendide
1052 1374 1267 1431 mentiti
1299 1384 1509 1434 sumus,
1543 1362 1929 1430 mundatisque
1962 1373 1990 1411 a

418 1451 713 1536 tenebroso
750 1451 876 1527 fuco
904 1485 1014 1540 quo
1051 1463 1398 1521 mendacium
1435 1458 1611 1513 inlicit
1665 1457 1718 1509 in
1750 1451 1994 1522 angelice

420 1569 730 1623 flarnmeam
767 1539 1081 1620 veritatem,
1126 1554 1367 1608 falsitate
1416 1555 1684 1618 arguatur
1714 1553 1768 1596 et
1819 1539 1996 1610 ipsius

421 1658 730 1733 pr0phetia,
763 1662 817 1707 et
862 1661 1088 1721 quoquo
1145 1645 1311 1698 modo
1370 1638 1599 1693 mendax
1656 1645 1710 1689 et
1757 1634 1873 1702 ipse
1923 1628 1997 1682 ibi

425 1721 684 1821 tanquam
735 1749 899 1800 homo
947 1740 1278 1796 inveniatur.
1309 1734 1477 1789 Vobis
1503 1739 1677 1785 autem
1704 1728 1829 1782 dico
1851 1721 1998 1794 quod

423 1846 505 1900 sic
536 1818 701 1897 etiam
755 1838 824 1892 de
880 1835 1039 1888 nobis
1104 1844 1231 1885 vera
1287 1828 1477 1882 dicens
1537 1820 1700 1876 David
1762 1818 2077 1896 clantareB

428 1942 611 2006 potest
639 1949 654 1986 :
685 1929 775 1983 Va:
807 1925 965 1981 vobis
992 1924 1073 1993 de,
1095 1921 1295 1991 quibus
1331 1932 1497 1972 verax
1540 1914 1634 1967 lio.

498 2178 590 2231 2i.
620 2173 727 2229 Sed
765 2172 830 2226 ad
860 2180 1169 2225 sermonem
1202 2159 1543 2217 redeundmn
1575 2167 1655 2211 est
1707 2170 1734 2206 a
1774 2168 1879 2222 quo
1924 2152 2006 2206 di-

424 2252 656 2340 .gtessus
683 2277 827 2326 sum,
865 2268 920 2314 et
948 2254 1276 2326 objurgandi
1309 2252 1399 2322 qui
1431 2251 1482 2303 in
1509 2248 1766 2304 omnibus
1786 2244 2009 2300 menda-

434 2374 530 2413 ces
568 2363 966 2423 sunt,quorum
996 2359 1050 2404 et
1078 2356 1262 2402 motus
1285 2353 1338 2399 et
1372 2343 1693 2399 reverentiae
1756 2341 1910 2407 signa
1953 2347 2009 2395 et.

436 2447 726 2502 oculorum
789 2443 972 2496 uictus
1028 2445 1084 2493 et
1135 2435 1433 2506 respiratio
1491 2434 1608 2501 ipsa
1664 2430 1899 2494 fallunt,
1955 2437 2011 2482 et

438 2539 606 2592 etiam
673 2531 1058 2592 beneficentia,
1091 2528 1252 2596 cujus
1318 2525 1593 2580 mendacii
1636 2525 1826 2577 nescio
1883 2520 2009 2590 quis

441 2641 691 2683 nostrum
722 2623 984 2677 immunis
1035 2620 1125 2673 sit.
1183 2616 1400 2671 Etenim
1469 2617 1732 2667 virtutum
1788 2612 2011 2680 quidem

443 2722 499 2773 in
531 2720 639 2771 vita
695 2714 968 2785 praecipua
999 2720 1083 2789 est
1113 2710 1306 2778 egenis
1361 2720 1709 2769 succurerre,
1733 2703 2017 2766 auxiliari,

446 2808 783 2876 consulat-ﬂet
809 2802 1082 2874 superflua
1102 2811 1217 2855 tum
1235 2800 1360 2854 aliis
1372 2799 1676 2853 rationibus
1700 2807 1809 2850 tum
1833 2806 2021 2850 mutuo

446 2901 627 2957 dando
663 2896 1095 2954 communicare.
1137 2893 1284 2947 Lacte
1314 2907 1377 2946 ea
1417 2890 1679 2945 faciams.
1711 2889 1820 2944 Nec
1845 2890 2021 2944 solum

386 2976 392 2979 l
448 2992 642 3049 obvios
667 2990 874 3044 fratres
928 2985 996 3039 ad
1033 2982 1357 3054 huiusmodi
1407 2982 1825 3050 eleemosynam
1871 2977 2025 3034 exci-

453 3084 652 3153 pimus,
685 3080 779 3137 sed
804 3079 969 3133 etiam
994 3077 1228 3131 obscure
1252 3081 1551 3145 egestatem
1582 3072 1821 3126 ferentes
1850 3084 2026 3139 quan-

1117 339 1542 410 EUSTATHlI
1574 321 2328 397 THESSALONICENSIS
2378 311 2934 379 METROI’OLlT/E

2001 441 2054 501 Δ
2091 438 2461 509 γνωμάτευμα
2489 477 2505 501 ,
2560 434 2635 497 ὡς
2690 433 2777 486 διὰ
2813 430 2969 485 τοῦτο
3013 428 3445 499 ἠναγκασμένως
3509 422 3662 480 εἷναι

3511 303 3670 370 1052

2072 529 2314 592 ψεύστας
2337 527 2511 597 ἡμᾶς.
2537 524 2661 578 Ὀτι
2685 524 2741 576 δὲ
2763 521 3038 594 ληροῦμεν
3060 523 3110 573 of.
3131 521 3274 574 οὕτω
3297 518 3659 590 φρονοῦντες,

2076 617 2405 691 προσεκτέον
2431 618 2528 670 καὶ
2556 618 2668 679 τοῖς
2700 613 2846 667 κατά
2873 613 2966 666 τὸν
3007 613 3220 677 Ὶωνᾶν,
3267 610 3325 674 ὃς
3381 610 3495 672 τοῖς
3549 609 3657 661 Νι-

2077 709 2314 769 νευῖταις
2342 704 2760 776 ἀποφηνάμενος
2793 702 3013 772 ὄλεθρον
3047 701 3125 763 ὼς
3170 701 3311 753 πάνυ
3346 697 3653 759 κακίστοις,

2081 803 2177 855 καὶ
2213 797 2472 869 εὑρηκὼς
2504 796 2752 858 ἐκείνους
2783 791 3282 864 μεταμεληθέντας,
3315 790 3411 843 καὶ
3433 788 3657 855 ἐξιλεω·

2085 890 2355 961 σαμένους
2413 889 2506 941 τὸν
2564 888 2794 957 Κύριον,
2858 888 2952 940 καὶ
3000 882 3526 954 προκαλεσαμένους
3572 882 3658 942 είς

2086 983 2256 1047 ἔλεον,
2310 982 2358 1033 εί
2392 982 2488 1034 καὶ
2521 978 2793 1047 ἐψεύσατο
2839 975 2938 1048 τὴν
2975 974 3356 1044 ἠπειλημένην
3409 970 3656 1025 πανωλε-

2088 1076 2272 1146 θρίαν,
2299 1071 2414 1127 ἀλλ’
2449 1067 2516 1141 ἦν
2574 1069 2712 1122 αὐτὸ
2746 1068 2899 1121 οὐδὲν
2935 1067 3072 1137 πρὸς
3119 1065 3212 1118 τὸν
3243 1063 3398 1117 Θεόν.
3432 1061 3499 1115 Τί
3524 1061 3658 1131 γὰρ,

2089 1168 2185 1220 ἐὰν
2217 1163 2466 1235 ἐλυπήθη
2518 1161 2619 1231 μὲν
2652 1162 2681 1215 ό
2712 1160 2892 1228 ἀγιος,
2931 1155 3012 1221 εἷς
3043 1157 3205 1218 αὐτὸς
3233 1154 3331 1218 ὣν,
3371 1153 3661 1222 ἐσώθησαν

2090 1259 2146 1313 δὲ
2179 1257 2440 1329 μυριάδες
2470 1255 2706 1326 ἀνδρῶν,
2744 1255 2839 1307 καὶ
2862 1253 3003 1307 οὕτω
3029 1250 3127 1321 τὴν
3155 1248 3470 1318 ἁγιωσύνην
3491 1248 3661 1316 ἐπλή-

2094 1351 2300 1418 θυναν;
2357 1349 2552 1419 Χαίροι
2603 1342 2697 1401 οὖν
2752 1347 2972 1407 πάντως
3018 1344 3084 1398 ἂν
3135 1342 3229 1395 καὶ
3294 1343 3321 1393 ὁ
3374 1339 3663 1409 θεοπάτωρ

2096 1437 2283 1503 Δαυτδ,
2326 1438 2505 1506 εἴπερ,
2538 1437 2696 1505 ἡμῶν
2731 1433 3090 1487 αἰδεσθέντων
3138 1432 3226 1502 ἐφ’
3259 1425 3343 1492 οἷς
3394 1428 3665 1498 λαμπρῶς

2096 1530 2435 1601 ψευδόμεθα,
2466 1529 2563 1583 καὶ
2590 1527 3020 1599 μεταϐαφέντων
3048 1527 3156 1578 ἀπὸ
3182 1524 3489 1585 σκοτώδους
3525 1524 3670 1591 χρώ-

2104 1640 2275 1695 ματος
2305 1622 2401 1676 τοῦ
2433 1621 2575 1676 κατά
2600 1621 2660 1674 τὸ
2688 1620 2884 1690 ψεῦδος
2917 1621 2996 1682 εἰς
3021 1618 3080 1671 τὸ
3105 1616 3413 1684 ἀγγελικῶς
3442 1615 3669 1681 φλόγεον

2103 1714 2325 1785 ἀληθὲς,
2388 1714 2676 1785 ἐλεγχθείη
2730 1714 2825 1765 καὶ
2888 1713 2921 1782 ή
2977 1709 3141 1764 αὑτοῦ
3201 1709 3531 1780 προφητεία,
3573 1705 3670 1760 καὶ

2103 1805 2366 1876 ψευσθείη
2400 1823 2514 1868 πως
2568 1806 2664 1858 καὶ
2699 1804 2861 1865 αὐτὸς
2900 1802 3163 1866 ἐνταῦθα,
3195 1797 3285 1854 οἶα
3337 1802 3432 1853 καὶ
3465 1797 3671 1865 ἀνθρω-

2104 1916 2226 1960 πος.
2259 1898 2419 1962 Λέγω
2452 1897 2507 1950 δὲ
2537 1897 2667 1966 ὑμῖν
2696 1896 2790 1948 καὶ
2817 1895 2899 1947 ὅτι
2930 1896 2956 1949 ὁ
2988 1894 3152 1946 Δαυῒδ
3178 1891 3321 1946 οὓτω
3349 1890 3475 1945 καθ’
3517 1889 3673 1958 ἡμῶν

2105 1989 2412 2057 ἀληθεύων,
2445 1988 2672 2042 δύναται
2723 1987 2921 2050 εἰπεῖν,
2952 1986 3025 2048 ὡς
3081 1984 3218 2038 Οὐαὶ
3269 1984 3417 2052 ὑμῖν,
3468 1982 3551 2048 ἐφ’
3591 1975 3673 2044 οἷς

2104 2081 2312 2150 ἀληθὴς
2335 2081 2582 2148 γίνομαι.

2176 2171 2277 2225 κδ’.
2309 2171 2449 2223 Ἀλλ’
2466 2169 2807 2225 ἐπανακτέον
2826 2167 2917 2222 τὸν
2939 2168 3122 2235 λόγον,
3141 2165 3263 2219 ὅθεν
3282 2182 3359 2217 πα
3367 2163 3677 2235 ρεξένευσε,

2108 2262 2204 2316 καὶ
2231 2260 2550 2315 ὀνειδιστέον
2583 2261 2704 2322 τοὺς
2746 2259 2835 2312 διὰ
2866 2259 3085 2312 πάντων
3128 2256 3368 2328 ψευδεῖς,
3396 2249 3469 2309 ὧν
3500 2255 3593 2308 καὶ
3621 2256 3676 2307 al

2111 2355 2382 2425 κινήσεις,
2401 2352 2493 2406 καὶ
2519 2355 2575 2407 αἱ
2596 2353 3019 2422 προσκυνήσεις,
3055 2353 3149 2405 καὶ
3171 2352 3225 2404 αἱ
3253 2350 3361 2402 τῶν
3382 2348 3679 2418 ὀφθαλμῶν

2114 2442 2440 2511 ἀναμύσεις,
2475 2441 2570 2492 καὶ
2602 2440 2734 2493 αὐτὸ
2778 2440 2834 2492 δὲ
2866 2440 2927 2492 τὸ
2965 2442 3227 2493 ἀναπνεῖν
3258 2439 3549 2508 ψεύδονται
3590 2438 3680 2491 καί

2116 2548 2178 2597 γε
2208 2532 2267 2584 τὸ
2305 2532 2636 2601 εὐεργετεῖν,
2686 2524 2748 2585 οὗ
2798 2529 2863 2600 δὴ
2907 2529 3002 2584 καὶ
3032 2530 3193 2583 αὐτοῦ
3235 2530 3553 2599 ψεύσματος
3584 2528 3682 2581 οὐκ

2116 2619 2234 2677 οἶδα
2259 2624 2404 2686 τίνες
2421 2622 2839 2693 ἀπηλλάγμεθα.
2867 2623 3021 2675 Ἔστι
3056 2620 3155 2691 μὲν
3178 2621 3284 2691 γὰρ
3315 2621 3373 2673 ἐν
3400 2622 3515 2683 τοῖς
3540 2617 3687 2688 πρώ-

2119 2732 2233 2778 τοις
2267 2715 2375 2768 τῶν
2403 2715 2546 2768 κατά
2583 2717 2697 2785 βίον
2734 2716 2961 2784 ἀγαθῶν
2989 2716 3051 2770 τὸ
3091 2716 3309 2786 βοηθεῖν
3344 2716 3458 2775 τοῖς
3494 2712 3683 2775 ἐνδεῶς

2122 2808 2325 2877 ἔχουσι,
2367 2810 2458 2859 καὶ
2514 2809 2917 2877 προσλιπαρεῖν
2950 2808 3161 2873 αὐτοῖς,
3209 2806 3305 2860 καὶ
3339 2803 3685 2880 παραμυθεῖ-

2125 2899 2272 2962 σθαι,
2310 2900 2405 2951 καὶ
2435 2898 2504 2951 τὰ
2537 2898 2854 2953 ἐλλείποντα
2900 2896 3384 2968 ἐπιδαψιλεύεσθαι
3419 2897 3602 2961 ἄλλοις
3631 2914 3688 2950 τε

2125 2992 2373 3062 τρόποις,
2423 2993 2517 3044 καὶ
2546 2992 2634 3044 διὰ
2679 2991 2775 3045 τοῦ
2832 2991 3190 3055 ἐκδανείζειν.
3253 2992 3365 3045 Καὶ
3430 2990 3689 3061 ποιοῦμεν

2127 3083 2297 3153 ἡδέως
2319 3083 2470 3138 αὑτό.
2502 3083 2614 3137 Καὶ
2633 3083 2694 3136 ού
2728 3083 2892 3153 μόνον
2923 3083 3249 3154 προσιόντας
3280 3084 3405 3146 τοὺς
3431 3082 3689 3152 ἀδελφοὺς

455 3186 569 3229 tum
616 3186 911 3244 possumus
970 3168 1234 3239 indagare
1274 3166 1893 3236 satagimus;inventos
1915 3177 2021 3216 am-

2130 3176 2563 3246 παραδεχόμεθα
2643 3179 2725 3239 εἰς
2789 3175 3166 3245 ἐλεημοσύνην
3222 3175 3503 3243 τοιαύτην,
3563 3173 3693 3229 ἀλλά

456 3270 744 3339 plexamur
786 3274 839 3320 et
887 3265 941 3319 in
976 3263 1125 3333 ipsos
1154 3275 1286 3317 sane
1322 3259 1761 3317 miscricordiam
1787 3254 2020 3313 effundi-

459 3372 603 3412 mus.
668 3355 1073 3410 lntruisericors
1135 3367 1265 3407 vero
1325 3362 1413 3407 est
1473 3351 1566 3404 illa
1630 3348 2026 3417 strangulatio.

460 3449 582 3504 Non
615 3449 760 3503 enim
833 3448 1181 3517 eleemosyna
1244 3445 1482 3527 sinimus
1552 3442 1660 3496 frui
1724 3444 1884 3507 istos,
1930 3455 2032 3494 nec

462 3543 797 3596 manducare
852 3548 906 3595 et
961 3539 1148 3593 bibere
1215 3536 1406 3592 datum
1463 3537 1530 3589 ad
1566 3535 1694 3589 vitae
1740 3535 2035 3588 necessita-

464 3647 611 3699 tem,
672 3634 767 3689 sed
825 3632 1165 3686 dimittentes
1223 3631 1398 3685 donec
1468 3628 1675 3683 donum
1732 3627 2034 3682 absorbue-

463 3729 593 3786 rint,
628 3738 753 3778 mox
781 3724 847 3776 ad
885 3723 1247 3776 evomendum
1280 3735 1542 3775 vocamus
1594 3734 1688 3774 eos
1736 3718 1831 3787 qui
1884 3732 2039 3772 man-

464 3819 840 3877 ducaverunt,
906 3814 980 3867 ita
1055 3824 1108 3867 ut
1180 3816 1325 3883 quod
1405 3814 1749 3868 stomachum
1802 3813 2041 3866 intrave-

468 3921 553 3964 rat
619 3907 751 3962 inde
819 3905 1199 3960 cxtrahamus.
1238 3903 1354 3959 Hoc
1410 3919 1673 3959 vocamus
1734 3904 2043 3971 κους,ηο-

471 4000 617 4055 mine
676 3998 911 4052 honesto
960 4006 1120 4065 turpe
1190 3996 1467 4066 negotium
1526 3996 1886 4051 adornantes.
1931 3994 2046 4050 Fit-

467 4109 577 4161 que
625 4091 753 4146 talis
823 4089 1210 4143 alimentorum
1273 4088 1713 4144 subministratio
1742 4088 1904 4145 famis
1932 4103 2045 4144 ma-

472 4195 574 4247 ter,
602 4190 653 4238 et
681 4182 810 4235 inde
849 4181 1142 4236 nutricatio
1192 4181 1500 4247 eraeuatio,
1565 4188 1621 4234 et
1675 4182 1916 4251 expletio
1950 4197 2043 4237 co-

474 4285 651 4328 actum
673 4273 966 4344 jejunium.
1000 4270 1065 4323 Et
1092 4286 1195 4326 nos
1243 4271 1469 4326 fratrem
1522 4272 1773 4329 videntes
1830 4288 2046 4329 marcev

474 4375 714 4420 seentem
744 4364 945 4434 quibus
973 4363 1185 4418 artibus
1221 4378 1346 4418 eum
1379 4364 1762 4420 fraudulenter
1807 4366 2043 4421 nutrivi-

477 4474 615 4523 mus,
648 4456 942 4511 iucrassati
1012 4450 1318 4524 gaudemus
1365 4458 1525 4525 quasi
1561 4456 1694 4525 quid
1725 4458 1920 4512 lucrati
1956 4458 2044 4513 his

475 4566 597 4618 qua:
669 4552 774 4604 iste
823 4549 1084 4603 evomuit.
1145 4547 1485 4603 Lethil'erum
1533 4552 1801 4605 auxilium
1859 4551 2038 4616 istud,

478 4639 565 4690 via
625 4638 680 4691 in
738 4638 996 4707 abyssus,
1057 4639 1429 4708 perniciosum
1492 4643 1794 4706 nutrimen,
1857 4659 2047 4699 susce-

480 4729 590 4797 ptio
611 4730 664 4782 in
697 4729 910 4783 ruinam
937 4746 1188 4801 vergens,
1216 4731 1565 4801 hospitalitas
1590 4735 1936 4790 latrocinium
1964 4752 2049 4792 re-

476 4820 691 4884 dolens,
744 4821 882 4875 dura
919 4821 1299 4888 beneﬁcentia,
1324 4825 1523 4879 donum
1558 4841 1589 4880 a
1621 4827 1763 4882 dono
1810 4828 2047 4883 alienum

480 4930 582 4969 nee
633 4912 740 4968 Deo
793 4914 1023 4967 charum
1073 4913 1168 4982 qui
1225 4923 1373 4969 amat
1422 4934 1548 4972 eum
1601 4920 1696 4990 qui
1757 4924 2045 4990 pecuniam

477 5019 632 5060 suam
694 5020 801 5058 non
861 5005 1008 5060 dedit
1052 5005 1118 5060 ad
1170 5021 1416 5078 usuram,
1455 5025 1559 5067 nec
1609 5013 1677 5067 ab
1737 5016 2050 5073 hominibus

477 5103 744 5147 amatum.

547 5204 639 5259 25.
696 5205 887 5262 Pereat
911 5206 981 5262 ab
1009 5209 1146 5265 orbe
1182 5208 1322 5265 falso
1399 5213 1623 5270 nomine
1689 5215 2050 5275 beneficentia

478 5296 607 5361 ista,
631 5297 943 5353 adulterino
980 5301 1139 5356 titulo
1174 5305 1492 5375 pulchrum,
1532 5306 1641 5361 Deo
1661 5310 1847 5365 odiosa
1875 5314 2056 5381 probi-

480 5396 587 5450 tas,
621 5387 1161 5475 hominumoinimica
1186 5397 1444 5464 societas,
1484 5398 1794 5455 civitatibus
1825 5404 2054 5459 exitiosa

444 5479 746 5563 'donorum
800 5483 1066 5550 acceptio,
1137 5484 1485 5544 fraudulenta
1568 5493 1834 5559 amicitia,
1898 5497 2059 5550 dulce

480 5570 547 5622 ab
573 5570 730 5623 initio
758 5576 1107 5640 saccharum,
1138 5578 1190 5629 in
1219 5580 1325 5635 line
1358 5598 1486 5637 vero
1519 5585 1880 5642 intoleranter
1907 5608 2059 5644 ama-

481 5669 623 5718 rum,
779 5658 1053 5751 infernum
1088 5674 1215 5719 ante
1246 5675 1460 5736 tempus
1484 5679 1821 5742 praemittens
1850 5682 2058 5751 empla-

484 5754 680 5809 strum,
711 5744 1050 5804 llnimentum
1106 5759 1619 5832 venenoimbutum,
1656 5773 1857 5828 mellita
1879 5744 2062 5830 stran-

2132 3268 2225 3320 καὶ
2255 3266 2661 3338 κρυπτομένους
2684 3266 2758 3331 ὡς
2788 3261 2899 3319 οἷον
2924 3264 3329 3338 διερευνώμεθα
3365 3263 3690 3336 ἐξιχνιάζον-

2130 3374 2261 3422 τες·
2311 3360 2405 3412 καὶ
2458 3358 2712 3429 εὑρόντες
2770 3359 3210 3429 ἀκγαλιζόμεθα,
3277 3360 3372 3413 καὶ
3436 3360 3695 3430 ἐκχέομεν

2133 3448 2221 3502 ἐπ’
2283 3451 2475 3513 αὐτοὺς
2514 3451 2604 3504 τὸν
2638 3449 2800 3521 δῆθεν
2847 3450 3017 3504 ἔλεον.
3062 3449 3128 3503 'H
3182 3449 3241 3502 δέ
3294 3451 3442 3503 ἔστιν
3499 3451 3697 3520 ἀγχόνη

2135 3542 2390 3613 ἀνηλεής.
2433 3542 2509 3596 Οὐ
2562 3542 2669 3614 γὰρ
2723 3541 2955 3612 ἀφίεμεν
2985 3541 3281 3595 ἀπολαύειν
3330 3541 3698 3611 ἐλεημοσύνης

2137 3633 2359 3702 αὐτοὺς,
2390 3634 2513 3687 οὐδὲ
2549 3634 2751 3688 ἐσθίειν
2809 3635 2906 3690 καὶ
2937 3635 3114 3689 πίνειν
3176 3634 3237 3688 τὸ
3288 3633 3573 3704 δεδομένον
3625 3633 3700 3696 είς

2139 3740 2337 3806 κερδος
2375 3736 2643 3805 τρόφιμον
2668 3748 2683 3762 ο
2737 3729 2876 3784 ἀλλά
2903 3730 3353 3801 συγχωρηθέντες
3399 3727 3701 3799 καταϐροχο

2142 3826 2294 3880 θίσαι
2330 3825 2429 3896 τὴν
2474 3823 2705 3893 δωρεὰν,
2739 3818 2859 3878 εἶτα
2911 3825 2994 3886 είς
3030 3824 3224 3892 ἔμετον
3277 3819 3697 3892 προκαλούμεθα

2141 3918 2270 3982 τοὺς
2323 3917 2617 3987 φαγόντας,
2649 3915 2725 3979 ὼς
2769 3916 2866 3971 καὶ
2900 3914 3033 3969 αὐτὸ
3066 3913 3322 3984 ἐξερᾶσαι
3354 3915 3414 3966 τὸ
3475 3910 3703 3980 ὲντεθέν,

2144 4011 2239 4065 καί
2262 4028 2316 4063 τι
2345 4009 2626 4081 περιττὸν,
2657 4009 2753 4063 καὶ
2777 4008 2840 4062 τὸ
2866 4006 3050 4063 πλέον.
3083 4007 3256 4060 Τοῦτο
3304 4004 3586 4069 καλοῦμεν
3621 4003 3704 4056 τό-

2147 4118 2265 4167 κον,
2297 4101 2525 4170 ὀνόματι
2558 4099 2740 4170 σεμνῷ
2774 4098 3127 4162 καλλύνοντες
3153 4098 3387 4168 πρᾶγμα
3414 4097 3702 4166 αἴσχιστον.

2149 4196 2260 4249 Καὶ
2292 4194 2503 4263 γίνεται
2551 4196 2584 4264 ἡ
2613 4193 2835 4263 τοιαύτη
2890 4190 3066 4262 τροφὴ
3099 4193 3280 4262 μήτηρ
3319 4187 3503 4260 λιμοῦ,
3530 4188 3627 4242 καὶ
3652 4187 3708 4239 τὸ

2151 4285 2406 4340 ἐντεῦθεν
2437 4288 2725 4357 χόρτατμα
2755 4286 3006 4356 κένωμα,
3076 4285 3170 4337 καὶ
3208 4284 3236 4336 ό
3267 4283 3430 4353 κόρος
3491 4281 3709 4353 νηστεία

2154 4379 2329 4452 βιαία.
2360 4381 2470 4434 Καὶ
2497 4379 2659 4450 ἡμεῖς
2686 4377 2921 4448 ὁρῶντες
2958 4377 3053 4431 τὸν
3083 4375 3313 4446 ἀδελφὸν
3375 4375 3711 4446 ίσχναινόμε·

2153 4491 2264 4539 νον,
2301 4468 2383 4536 οἷς
2419 4473 2583 4525 αὑτὸν
2643 4468 2952 4539 ἐθρέψαμεν
3007 4468 3362 4538 πανούργως,
3394 4468 3709 4529 λιπάναντες

2153 4567 2441 4639 χαίρομεν,
2473 4565 2546 4629 ὥς
2575 4583 2628 4619 τι
2681 4564 3066 4634 κερδήσαντες,
3102 4562 3195 4631 ἀφ’
3228 4556 3305 4616 ὧν
3332 4565 3542 4625 ἐκεῖνος
3594 4562 3709 4632 ἐξή-

2156 4676 2312 4729 μεσε.
2349 4659 2668 4730 Θανατηρὸν
2730 4656 2986 4727 βοήθημα
3044 4655 3220 4721 τοῦτο,
3281 4655 3517 4725 ποδηγία
3569 4655 3704 4708 κατά

2156 4753 2477 4824 βαράθρων,
2499 4750 2675 4822 τροφὴ
2696 4749 3131 4822 δηλητηριὼδης,
3158 4747 3426 4818 ὑπόληψις
3445 4748 3709 4818 ριπτοῦσα

2152 4845 2234 4906 είς
2256 4843 2502 4913 ὄλεθρον,
2528 4842 2676 4909 ξενία
2698 4840 3056 4912 λῃστεύοντα,
3073 4841 3375 4911 ἐμπόνιμος
3408 4839 3709 4910 εὐεργεσία,

2152 4936 2328 5009 δῶρον
2368 4937 2594 5007 ἄδωρον,
2650 4935 2775 4988 οὒτε
2810 4933 2930 5004 Θεῷ
2971 4935 3148 5002 φίλον,
3179 4934 3238 4996 ὃς
3282 4934 3474 5003 ἀγαπᾷ
3528 4933 3620 4986 τὸν
3646 4931 3713 5002 μὴ

2154 5030 2249 5081 ἐπὶ
2295 5030 2439 5096 τόκῳ
2499 5030 2710 5083 διδόντα
2762 5030 2824 5082 τὸ
2880 5026 3043 5083 αὐτοῦ
3100 5028 3388 5098 ἀργύριον,
3438 5027 3560 5081 οὐδὲ
3617 5028 3714 5100 μὴν

2155 5119 2338 5191 ἀνθρώ
2349 5138 2467 5183 ποις
2528 5120 2837 5191 ἀγαπητόν.

2229 5234 2328 5282 κε’.
2367 5230 2649 5282 ’Λπόλοιτο
2676 5231 2740 5283 ἐκ
2782 5229 2897 5300 βίου
2941 5232 2974 5299 ἢ
3001 5231 3357 5302 ψευδώνυμος
3413 5230 3553 5303 αὕτη
3585 5233 3714 5299 ἀγα-

2161 5320 2402 5382 θοποιία,
2435 5323 2494 5374 τὸ
2533 5321 2984 5392 ψευδεπίγραφον
3012 5322 3197 5384 καλὸν.
3222 5326 3255 5393 ἡ
3285 5322 3550 5394 θεομισὴς
3591 5340 3715 5393 χρη-

2163 5414 2379 5482 στότης,
2413 5414 2445 5479 ἡ
2491 5413 2865 5484 ἀπάνθρωπος
2914 5416 3191 5480 κοινωνία,
3224 5417 3275 5486 -ή
3311 5416 3716 5481 δυσπολίτευτος

2162 5503 2480 5573 δοσοληψία,
2530 5506 2591 5558 τὸ
2643 5505 2814 5561 δ,λιον
2865 5509 3099 5577 φίλημα,
3151 5510 3213 5561 τὸ
3263 5509 3435 5577 γλυκὺ
3480 5510 3580 5577 μὲν
3631 5512 3718 5578 τὴν

2164 5597 2338 5665 ἀρχὴν
2365 5597 2599 5666 σάκχαρ,
2635 5598 2924 5669 ἐσύστερον
2951 5600 3006 5651 δὲ
3033 5601 3327 5670 ἀπώσιτον
3355 5603 3420 5669 τῇ
3455 5601 3717 5671 πικρίᾳ,ἠ

2167 5688 2548 5757 προῖάπτουσα
2578 5691 2658 5752 εἰς
2687 5690 2820 5761 ᾆδην
2874 5692 3251 5763 ἐμπλαστρος,
3323 5694 3384 5745 τὸ
3415 5694 3718 5762 φαρμάττον

2173 5781 2448 5857 μοτάρεον,
2498 5784 2533 5853 ή
2586 5783 2827 5854 μελιτίνη
2877 5785 3105 5854 ἀγχόνη,
3133 5788 3159 5840 ό
3200 5785 3446 5849 ἑκούσιος
3486 5785 3717 5856 ὀλεθρος,
