4026 6248
389 361 525 426 1053

1371 358 1738 420 EPISTOLA
1784 361 1882 421 AD
1918 361 2019 420 ΤΠ
2032 361 2698 426 ESSALONICENSES.

3480 360 3617 430 1054

388 472 854 549 πραγματειώδης
879 472 1131 537 Θάνατος,
1156 474 1184 526 6
1234 471 1512 535 ἀσπαστὺς
1547 472 1812 536 κίνδυνος.
1853 473 1953 541 μά-
1984 524 1985 529 η

2086 476 2294 541 ςιιιιιιῑο,
2320 477 2625 532 voluntaria
2653 474 3240 546 pernicies,elaborata
3261 492 3431 547 mors,
3468 498 3633 540 oscu-

386 569 543 619 λιστα
601 565 701 635 μὲν
754 565 846 619 οὖν
876 568 910 636 ἡ
940 566 1278 636 ἀπροόρατος
1318 565 1586 630 ἀπώλεια,
1621 567 1682 619 τὸ
1733 565 1956 635 λεληθὸς

384 661 538 729 χάος,
572 660 605 730 ἡ
637 659 994 729 κεκρυμμένη
1020 658 1206 727 παγὶς,
1241 658 1303 710 τὸ
1337 660 1442 711 πᾶν
1476 659 1533 711 δὲ
1569 659 1957 729 συνῃρημένως

390 753 584 819 φάναι,
618 751 680 804 τὸ
711 749 971 804 δύστοκον
1002 750 1273 819 γέννημα,
1301 751 1424 804 ἐπεὶ
1465 750 1557 803 καὶ
1588 751 1839 818 δαίμονος
1869 750 1960 802 τό-

390 859 486 905 κος
512 842 665 906 αὐτὸ,
705 842 799 895 τοῦ
825 842 921 897 καὶ
967 842 1290 913 σπείραντος
1321 842 1416 894 καὶ
1440 840 1843 909 συλλαϐομένου
1869 844 1961 894 καὶ

392 933 826 1004 ἀποκυήσαντος
855 937 934 998 είς
969 934 1151 987 κοινὸν
1176 934 1368 988 κακόν.

467 1120 581 1178 ιιςδ,
621 1113 785 1166 Ἀλλά
803 1130 976 1167 ταυτα
1028 1114 1128 1183 μὲν
1162 1113 1385 1167 τοιαῦτα
1427 1112 1722 1183 ψεύσματα
1765 1114 1822 1164 ὲν
1850 1112 1961 1173 τοῖς

393 1209 495 1264 οὑκ
524 1205 749 1275 ἀγαθοῖς
805 1202 1138 1274 ἀνθρώποις,
1172 1197 1254 1265 οἷς
1282 1204 1308 1256 6
1333 1203 1464 1265 Θεὸς
1497 1203 1595 1271 μὲν
1650 1200 1740 1253 ἐπ’
1771 1200 1961 1271 ἀγαθῴ

393 1300 579 1353 δίδωσι
639 1292 1149 1364 περιουσιάζεσθαι,
1209 1294 1243 1362 ἠ
1295 1292 1352 1344 δὲ
1410 1292 1589 1361 φαύλη
1642 1291 1960 1361 προαίρεσις

395 1388 652 1460 ἐμποδὼν
684 1389 860 1440 κεῖται
892 1388 958 1456 τῇ
990 1386 1128 1437 κατά
1181 1384 1297 1453 βίον
1355 1382 1685 1453 εὐθυπορίᾳ,
1730 1384 1794 1451 τῇ
1827 1381 1962 1451 πρὶς

393 1482 456 1535 τὸ
484 1480 696 1550 θέλημα
722 1477 813 1530 τοῦ
841 1476 996 1528 Θεοῦ.
1031 1476 1168 1545 Φέρε
1199 1475 1254 1527 δὲ
1283 1476 1374 1527 xui.
1406 1474 1536 1528 ἄλλο
1583 1473 1753 1527 κακὸν
1774 1474 1963 1542 ὅμοιον

395 1571 634 1643 ἐργῶδες
669 1573 787 1631 ταῖς
840 1569 1172 1637 δαιμονῶσιν
1200 1565 1484 1635 ἐκλαλήσω
1534 1565 1682 1634 ὑμῖν,
1714 1564 1850 1633 ὅπερ
1889 1565 1966 1624 ὡς

395 1663 463 1716 τὰ
499 1661 674 1716 πολλὰ
708 1661 808 1729 μὲν
837 1660 1015 1726 λόγοις
1048 1659 1140 1711 καὶ
1168 1658 1300 1710 αὑτὸ
1328 1657 1703 1726 ἐνθεωρεῖται,
1743 1654 1978 1708 ἀκολοὺ-”
2013 1711 2050 1738 .

397 1751 504 1812 θως
529 1751 586 1804 δέ
643 1766 771 1802 ποτε
807 1749 902 1801 καὶ
951 1747 1017 1800 δι’
1052 1748 1231 1817 ἔργων
1277 1748 1620 1815 ὲκφαίνεται.
1675 1746 1966 1816 Ἀρχιερέα

398 1840 544 1909 ἔχειν
572 1839 756 1906 λέγετε
812 1837 901 1889 τὸν
963 1836 1111 1906 ἄρτι,
1142 1838 1240 1905 ἐμὲ
1271 1836 1471 1906 δηλαδὴ
1499 1850 1512 1864 ⁸
1548 1837 1640 1888 καὶ
1673 1836 1852 1895 καλῶς
1880 1834 1966 1887 λέ·
1997 1817 2041 1874 Β

398 1952 545 2001 γετε.
583 1934 713 2000 Εἰμὶ
742 1933 849 2002 γὰρ
871 1931 972 1995 ἔτι,
996 1932 1108 1983 ειῧν
1148 1933 1220 2000 μὴ
1253 1930 1545 1999 ἐπιπρὲπω
1571 1929 1645 1998 τῷ
1670 1930 1967 1997 ἀξιώματι.

400 2025 515 2078 Καὶ
548 2025 695 2087 ὅπως
729 2024 824 2093 μὲν
857 2022 1125 2076 διέκεισθε
1156 2022 1289 2091 περὶ
1310 2021 1436 2084 τοὺς
1471 2021 1809 2086 φθάσαντας,
1837 2019 1973 2090 ἔμαθ-

400 2116 493 2170 οον
534 2117 634 2184 μὲν
675 2117 893 2181 ἐκεῖνοι,
952 2114 1236 2184 μέμνησθε
1260 2114 1316 2165 δὲ
1350 2114 1507 2183 ὑμεῖς
1539 2129 1554 2144 ⁸
1621 2112 1712 2165 τὸν
1761 2112 1819 2165 δὲ
1879 2112 1975 2165 νῦν

401 2207 583 2273 ζῶντα
626 2207 702 2278 μὴ
761 2208 965 2277 ἁφήσοι
991 2209 1016 2259 6
1051 2207 1183 2269 Θεὸς
1235 2205 1481 2259 τοιοῦτον
1510 2201 1672 2269 εἶναι,
1728 2204 1908 2256 ὁποῖον

401 2298 617 2353 νοοῦσιν
650 2298 682 2369 ἢ
719 2299 1085 2367 παρανοοῦσιν
1115 2298 1164 2350 οἱ
1197 2298 1261 2350 ὲκ
1291 2297 1488 2365 καινῆς
1539 2296 1814 2366 διαιτηταὶ
1865 2294 1973 2349 τῶν

402 2390 573 2459 ἐμῶν,
599 2392 626 2442 6
650 2388 884 2459 πτωχὸς,
918 2390 1079 2457 φημὶ,
1099 2389 1272 2455 Λέων,
1293 2388 1367 2451 ὡς
1390 2388 1552 2451 αὑτὸς
1581 2389 1970 2459 ἐπιγράφεται,

403 2478 461 2532 δν
489 2480 537 2530 εί
578 2480 652 2549 μὴ
686 2480 713 2531 6
769 2478 1226 2548 ὲκκλησιαστικὸς
1259 2477 1449 2540 ἀλετὸς
1477 2478 1779 2548 ἀπέτρεφε,
1830 2477 1973 2547 λιμῷ

404 2570 470 2623 ἂν
504 2569 754 2623 ἀπώλετο
778 2586 790 2598 ’
822 2569 1244 2639 μυρμηκολέων,
1285 2571 1358 2639 μὴ
1390 2569 1529 2637 ἔχων
1557 2571 1766 2641 τροφήν
1792 2569 1973 2639 ’.πρὸς

403 2663 459 2716 δὲ
490 2664 585 2716 καὶ
615 2665 642 2715 6
696 2661 839 2714 κατὰ
875 2662 1185 2729 σύμπνοιαν
1238 2654 1347 2712 εἴτε
1382 2660 1570 2712 θεόθεν
1599 2660 1751 2721 δοτὸς
1799 2658 1969 2725 αὑτῷ,

406 2756 518 2808 εἴτε
552 2755 645 2807 κα)⁸
668 2753 893 2807 ἄλλοθεν
921 2768 933 2781 ·
968 2751 1018 2803 οἳ
1042 2752 1182 2803 κατά
1214 2752 1308 2803 τοῦ
1341 2750 1741 2819 Θεσσαλονίκης
1788 2750 1975 2819 ἀρχιε-

408 2847 699 2918 ρατεὺουσι
753 2843 1250 2914 λογοπραγοῦντες,
1315 2844 1404 2895 τὸν
1450 2843 1834 2910 ἀνεκλόγιστον
1878 2841 1973 2895 καὶ

411 2939 522 3009 βίον
569 2934 732 2990 αὑτοῦ
767 2938 861 2987 καὶ
891 2935 1050 3003 λόγον
1096 2935 1191 2985 καὶ
1244 2933 1421 3002 νεῦμα
1470 2934 1566 2986 καὶ
1619 2934 1826 3002 κίνημα
1879 2932 1974 2986 καὶ

409 3033 593 3084 πᾶσαν
646 3025 892 3081 διάθεσιν
932 3028 1169 3093 φυσικὴν
1205 3024 1647 3091 λογιστεύοντες.
1710 3026 1817 3076 Καὶ
1877 3025 1976 3092 οὐχ

2060 568 2168 619 lunt
2195 569 2331 624 dans
2368 569 2691 638 periculum,
2726 570 3026 639 praesertim
3057 577 3238 627 autem
3274 572 3637 642 improvidum

2059 659 2314 725 exitium,
2376 662 2552 716 latens
2591 661 2786 729 chaos,
2823 662 3053 733 laqueus
3111 662 3439 729 absconsus,
3504 677 3558 722 et
3590 670 3637 724 si

2059 764 2170 804 uno
2202 749 2367 804 ret-bo
2437 752 2620 806 omnia
2678 752 3134 822 complectamur,
3173 764 3368 823 partus
3416 756 3633 822 infelix,

2060 840 2261 910 quippe
2313 856 2341 892 a
2386 842 2632 898 daemone
2687 843 2924 912 genitus,
2972 860 3004 898 a
3056 859 3168 915 quo
3222 848 3527 903 semiustus
3577 860 3638 904 et

2062 940 2367 1001 conceptus
2426 941 2480 986 et
2511 934 2670 1002 quasi
2709 943 2872 1004 partu
2904 936 3089 991 editus
3116 944 3203 992 est
3239 938 3305 993 ad
3341 953 3637 995 commune

2063 1021 2289 1079 malum.

2133 1115 2224 1172 26.
2266 1115 2371 1172 Sed
2402 1117 2529 1171 talia
2561 1116 2849 1171 mendacia
2875 1117 2935 1171 in
2986 1116 3304 1175 hominibus
3367 1120 3478 1175 sint
3527 1136 3637 1178 non

2064 1206 2243 1270 bonis,
2268 1207 2468 1277 quibus
2497 1208 2644 1262 Deus
2668 1207 2808 1262 bene
2845 1207 3079 1263 faciendi
3115 1210 3432 1267 facultatem
3464 1214 3637 1280 dedit,
3731 1267 3734 1270 .

2064 1310 2319 1364 perversa
2353 1311 2485 1352 vero
2511 1298 2768 1351 voluntas
2799 1296 3124 1351 oﬂ'endicula
3145 1301 3299 1367 ponit
3329 1316 3396 1356 ne
3433 1303 3637 1357 bonum

2068 1386 2338 1440 tramitem
2403 1387 2457 1439 in
2510 1387 2616 1442 vita
2701 1386 3006 1442 secundum
3088 1386 3180 1441 Dei
3241 1379 3636 1460 beueplacitum

2068 1486 2307 1532 servent.
2339 1479 2587 1546 Agedum
2616 1487 2670 1533 et
2696 1479 2844 1533 aliud
2879 1479 3079 1533 malum
3107 1480 3290 1535 simile
3323 1497 3350 1534 a
3378 1483 3642 1541 daemoni-

2068 1569 2167 1623 bus
2202 1576 2559 1638 prmparatum
2616 1570 2773 1625 vobis
2802 1585 3096 1639 exponam,
3116 1573 3260 1641 quod
3286 1574 3505 1642 quidem
3532 1592 3645 1631 ma-

2070 1662 2212 1715 xime
2240 1662 2425 1717 verbis
2452 1661 2697 1732 cllulget,
2735 1673 3138 1732 consequenter
3186 1680 3317 1719 vero
3352 1681 3450 1736 per
3479 1682 3643 1738 opera

2045 1741 2426 1823 conspicitur.
2447 1752 2765 1809 Pontiliccm
2793 1771 2887 1808 vos
2916 1755 3413 1824 impraesentiarum
3444 1759 3647 1815 habere

2076 1844 2285 1911 dicitis,
2341 1860 2536 1913 nempe
2581 1861 2690 1911 me,
2732 1855 2785 1900 et
2810 1846 2949 1900 bene
2992 1848 3205 1913 dicitis;
3242 1863 3360 1902 sum
3417 1851 3645 1911 etenim.

2076 1938 2202 1993 licet
2224 1939 2472 2009 dignitati
2534 1941 2729 2007 impar.
2764 1940 2830 1992 Et
2854 1953 2995 2007 quos
3023 1939 3075 1991 in
3105 1950 3487 1995 antecessores
3520 1957 3645 2011 ges-

2076 2030 2228 2086 sistis
2258 2031 2491 2094 animos,
2524 2038 2792 2084 noverunt
2819 2032 3035 2100 quidem
3066 2031 3143 2097 hi,
3166 2034 3494 2088 meministis
3520 2050 3648 2089 vero

2075 2136 2191 2176 vos.
2231 2122 2365 2176 Eum
2403 2132 2579 2176 autem
2609 2123 2702 2192 qui
2730 2137 2876 2177 nunc
2925 2108 3082 2186 vivit,
3149 2122 3283 2176 faxit
3341 2124 3483 2179 Deus
3537 2142 3645 2180 non

2077 2215 2246 2267 talem
2285 2229 2439 2278 esse,
2475 2214 2691 2281 qualem
2755 2222 2849 2267 aut
2897 2221 3126 2268 censent
3183 2210 3289 2268 aut'
3324 2214 3649 2285 insipienter

2078 2304 2354 2359 somniant
2391 2305 2480 2360 isti
2534 2305 2602 2358 de
2631 2319 2774 2358 noro
2836 2304 3027 2358 arbitri
3090 2304 3220 2371 mei,
3251 2305 3462 2359 scilicet
3517 2320 3654 2375 pan-

2075 2409 2170 2462 per
2197 2392 2326 2459 Leo,
2362 2394 2505 2448 sicut
2537 2393 2651 2462 ipse
2685 2408 2745 2448 se
2773 2379 3048 2456 inscribit,
3069 2407 3229 2458 quem
3291 2393 3398 2448 nisi
3463 2393 3651 2448 Eccle-

2076 2485 2169 2540 sia;
2195 2486 2444 2538 molitura
2475 2484 2728 2548 nutriret,
2759 2483 2900 2538 fame
2926 2483 3229 2539 interiisset
3251 2524 3264 2548 ,
3288 2483 3610 2540 formicaleo
3635 2526 3647 2549 ,

2077 2574 2282 2625 victum
2310 2574 2419 2625 no‘n
2449 2569 2677 2634 habens,
2714 2570 2938 2637 insuper
3006 2570 3100 2637 qui
3150 2569 3452 2622 secundum
3515 2586 3655 2624 con-

2075 2663 2426 2732 Spirationem
2471 2662 2588 2716 sive
2614 2676 2642 2713 a
2674 2659 2782 2714 Deo
2805 2661 2966 2715 datus
2996 2670 3081 2713 est
3111 2661 3236 2727 ipsi,
3264 2660 3378 2712 sive
3398 2662 3652 2726 aliunde;

2088 2752 2182 2821 qui
2213 2751 2280 2806 de
2305 2749 2727 2804 Thessaloniccs
2784 2750 3137 2819 pontilicibus
3179 2749 3362 2804 verbis
3424 2752 3654 2819 negotia

2089 2853 2276 2912 agunt,
2304 2842 2369 2894 de
2395 2841 2595 2910 quibus
2629 2839 2776 2893 nulla
2802 2841 2940 2894 ratio
2963 2839 3105 2908 apud
3146 2842 3296 2909 ipsos
3321 2843 3653 2909 reposcenda

2077 2946 2181 3001 est,
2219 2936 2431 2991 scilicet
2487 2934 2676 2993 vitam,
2709 2947 2958 2998 sensum,
3011 2931 3390 3001 agitationem,
3434 2946 3651 2986 omnem

2078 3027 2353 3097 physicam
2381 3024 2832 3094 compositionem
2878 3032 3277 3090 computantes.
3332 3021 3441 3076 Nec
3471 3023 3542 3078 ita
3568 3038 3661 3079 ac-

410 3120 580 3182 οῦτως
612 3117 970 3190 ἁκριὸοῦνται
999 3116 1068 3168 τὰ
1127 3115 1249 3167 κατ’
1279 3114 1460 3177 οἴκους
1515 3114 1667 3168 αὐτοί
1695 3132 1754 3166 τε
1794 3114 1887 3166 καὶ
1915 3114 1975 3166 τὸ

2086 3128 2265 3174 curate
2295 3119 2362 3173 de
2387 3119 2550 3172 domo
2582 3132 2681 3172 sua
2710 3132 2770 3171 se
2810 3123 3007 3185 gerunt
3068 3114 3170 3183 ipsi
3227 3122 3282 3170 et
3329 3114 3398 3169 de
3448 3115 3658 3171 familia

413 3214 542 3283 περὶ
586 3213 784 3272 αὐτοὺς
836 3207 1200 3280 φρατορικδν,
1238 3205 1313 3269 ὡς
1369 3207 1468 3275 τὴν
1525 3204 1621 3258 τοῦ
1664 3201 1969 3256 Εὑσταθίου

411 3307 602 3359 τούτου
657 3301 934 3354 πολιτείαν
994 3296 1474 3367 πολυπραγμόνως
1547 3294 1972 3360 ἀνασκάλλονσι,

413 3395 531 3458 πῶς
592 3393 689 3463 μὲν
721 3390 811 3463 ζῇ,
847 3388 1332 3459 φυλλοκρινοῦντες
1379 3380 1469 3437 οἷα
1496 3384 1555 3438 δὲ
1606 3383 1776 3449 λαλεῖ,
1831 3386 1976 3445 ὅπως

412 3487 472 3540 δὲ
500 3487 613 3547 τοῖς
645 3482 1069 3552 ὲντυγχάνουσ.ν
1103 3478 1304 3549 ὁμιλεῖ,
1344 3478 1504 3531 ὁποῖα
1569 3478 1626 3530 δὲ
1662 3476 1864 3544 κρίνει.
1893 3474 1981 3530 Ἑ-

415 3580 630 3633 Οέλουσι
652 3579 730 3643 δὲ,
762 3573 937 3646 οἶμαι,
974 3575 1152 3643 εἰπερ,
1192 3566 1305 3623 οἷόν
1358 3588 1438 3634 τε,
1468 3568 1562 3621 καὶ
1593 3568 1661 3621 τά
1697 3565 1818 3620 κατ’
1849 3567 1979 3637 ὄναρ

417 3669 565 3739 αὐτῷ
623 3662 1246 3728 συνδιοπτάνεσθαι,κα“ι
1271 3655 1358 3713 οἷα
1410 3655 1823 3728 φαντασιοῦται.
1874 3657 1983 3709 Καὶ

417 3763 507 3816 τὸν
532 3760 702 3828 θυμὸν
734 3757 790 3810 δὲ
819 3755 967 3826 αὑτῷ
993 3758 1086 3808 καὶ
1110 3755 1208 3823 τὴν
1240 3753 1540 3821 ἐπιθυμίαν
1563 3748 1983 3822 ἀκριϐολογοῦν-

419 3870 530 3917 ται,
562 3854 611 3904 εί
634 3852 770 3919 np‘);
820 3848 1021 3901 κανόνα
1051 3846 1085 3915 ἢ
1126 3846 1224 3898 καὶ
1254 3843 1430 3908 ἄλλως
1476 3843 1716 3913 ἑκάτερα
1774 3839 1985 3895 διευθε-

420 3952 615 4002 τεῖται.
646 3947 756 4001 Καὶ
788 3945 925 4007 ὅλως
950 3944 1041 3996 τὸν
1063 3942 1434 4014 (θαρρούντως
1461 3930 1625 4011 λέγω)
1651 3938 1794 3994 κατὰ
1825 3937 1989 3992 πνεῦ-

427 4059 503 4111 μα
537 4039 771 4108 πατέρα,
800 4039 1053 4091 εὐκταῖον
1106 4037 1227 4107 μὲν,
1258 4036 1416 4104 εἴπερ
1449 4037 1528 4097 είς
1553 4035 1669 4087 υἱὸν
1702 4032 1942 4087 τίθενται
1968 4047 1984 4064 ⁸

427 4131 583 4187 αὐτοὶ
613 4130 669 4183 δὲ
718 4130 832 4183 ἀλλ’
863 4129 939 4192 ὡς
992 4131 1071 4192 είς
1101 4127 1306 4191 δοῦλον,
1339 4127 1436 4179 καὶ
1489 4125 1654 4178 αὑτὸν
1681 4123 1987 4193 ἐλάχιστον,

424 4226 733 4288 τάττουσιν,
764 4223 1035 4284 αὑθεντῶς
1063 4221 1211 4292 αὑτῷ
1242 4218 1702 4289 προσφερόμενοι,
1736 4217 1990 4282 ἐκλογισ-

430 4320 550 4390 μοῑς
604 4316 1021 4380 ὑποϐάλλοντες,
1078 4312 1439 4374 ἀπαιτοῦντες
1486 4311 1613 4364 τάδε
1676 4311 1772 4362 καὶ
1806 4311 1989 4369 ἐκεῖνα

427 4410 628 4476 ποιεῖν,
664 4408 739 4471 ὡς
768 4408 956 4468 αὑτοῖς
1009 4404 1366 4474 παρίσταται,
1401 4398 1739 4467 ἀναγκάζειν
1781 4397 1993 4451 ἐθέλον-

2083 3218 2271 3273 sua,ut
2299 3209 2365 3263 de
2390 3208 2664 3263 Eustathii
2695 3208 2847 3261 illius
2890 3206 3389 3261 administratione
3418 3208 3662 3263 cllodere

2085 3304 2539 3371 satagant,vitam
2572 3300 2746 3367 ipsius
2771 3300 3003 3370 maligne
3033 3298 3358 3370 indagantes
3380 3315 3659 3370 :quaznam

2090 3394 2253 3448 verba
2282 3393 2549 3462 loquitur,
2572 3391 2851 3462 quomodo
2890 3407 3016 3445 cum
3045 3392 3225 3447 obviis
3283 3401 3661 3453 conversatur.

2088 3500 2337 3554 quamam
2369 3484 2557 3540 sentit.
2588 3482 2808 3547 Volunt,
2833 3491 2890 3536 ut
2924 3491 3076 3551 puto,
3098 3484 3143 3536 si
3171 3482 3438 3552 possibile
3471 3490 3575 3546 est,
3611 3491 3664 3536 et

2091 3592 2211 3646 qum
2230 3578 2468 3633 somniat
2499 3583 2552 3630 et
2581 3591 2701 3645 quae
2731 3575 2936 3646 cogitat
2975 3575 3306 3644 perscrutari
3343 3574 3409 3628 Et
3433 3588 3529 3629 cor
3558 3573 3661 3643 ipsi

2093 3680 2147 3725 et
2196 3670 2469 3724 desideria
2523 3676 2776 3722 accurate
2804 3667 3175 3736 perpendunt,
3219 3668 3265 3722 si
3308 3666 3462 3737 juxta
3501 3680 3670 3721 cano-

2094 3779 2192 3819 nes
2240 3775 2337 3817 aut
2368 3762 2496 3817 hinc
2536 3760 2729 3816 indeve
2787 3760 2925 3819 bene
2958 3759 3307 3815 ordinentur.
3350 3758 3416 3812 Et.
3451 3758 3668 3827 penitus

2099 3864 2310 3924 patrem
2375 3853 2740 3924 (conﬁdenter
2810 3850 2958 3920 dico)
3030 3851 3335 3907 secundum
3390 3850 3669 3917 spiritum,

2095 3947 2393 4018 optandum
2453 3942 2698 4014 quidem,
2743 3943 2872 3996 licet
2934 3941 3106 3996 lilium
3141 3941 3499 4006 constituant,
3563 3940 3667 4010 ipsi

2097 4041 2255 4110 quasi
2281 4038 2336 4093 in
2385 4052 2601 4093 servum
2650 4034 2906 4103 huncque
2928 4048 3092 4101 quam
3123 4032 3408 4085 minimum
3434 4038 3670 4098 mutant,

2098 4132 2267 4188 nimio
2300 4129 2528 4200 imperio
2585 4140 2708 4179 cum
2759 4139 2826 4178 eo
2868 4133 3110 4192 agentes,
3159 4121 3486 4176 ratiunculis
3536 4124 3672 4178 sub-

2095 4225 2368 4294 jicientes,
2421 4218 2700 4287 exigentes
2757 4223 2815 4267 ut
2864 4215 2979 4266 haec
3033 4225 3087 4266 ct
3130 4212 3223 4265 illa
3287 4209 3453 4265 faciat
3512 4219 3675 4280 prout

2099 4316 2236 4386 ipsis
2308 4313 2613 4380 complacet
2646 4350 2662 4375 ,
2709 4322 2909 4376 cegere
2976 4308 3219 4359 volentes
3252 4343 3266 4369 ,
3324 4303 3674 4356 contumeliis

2103 4406 2424 4468 allicientes,
2469 4412 2622 4457 torve
2684 4401 2989 4464 intuentes,
3054 4396 3393 4458 minitantes,
3444 4394 3499 4449 iu
3546 4408 3672 4449 eum

427 4518 542 4567 τες,
570 4498 1044 4569 περιυϐρίξοντες,
1100 4495 1292 4563 ἄγριον
1325 4491 1714 4559 ἐμϐλέποντες,
1744 4486 1985 4542 ἀπειλοὺ-

2098 4495 2413 4559 frementes,
2455 4492 2522 4546 ad
2568 4499 2799 4553 terram,
2831 4495 2886 4543 et
2939 4494 3000 4541 ut
3030 4487 3215 4549 aiunt,
3244 4485 3456 4555 capillis
3487 4485 3551 4540 ad
3583 4499 3677 4539 so-

435 4610 609 4666 μενοι,
657 4589 1093 4662 ὲμὸριμώμενοι,
1139 4586 1290 4639 κάτω
1336 4580 1587 4651 ἐδάφους,
1639 4581 1752 4646 καὶ,
1784 4579 1812 4631 ὅ
1841 4595 1996 4646 φασι,

432 4683 624 4754 κουρὶξ
652 4684 708 4736 ὲν
752 4681 964 4750 δαπέδῳ
1012 4676 1322 4747 περιέλκειν
1360 4669 1776 4743 ἐπιθυμοῦντες,
1826 4671 2004 4724 πάντα

433 4775 712 4835 ποιοῦντες
735 4771 800 4825 δι’
833 4765 906 4824 ὧν
940 4770 1055 4831 υίὸς
1089 4770 1117 4821 6
1146 4766 1349 4836 πατὴρ,
1370 4764 1467 4817 καὶ
1494 4762 1780 4826 παιδίσκος
1802 4763 1831 4815 6
1858 4761 2005 4815 ὲλεύο

433 4868 614 4937 θερος,
648 4868 740 4918 καὶ
769 4861 1040 4933 βάρὸαρος
1063 4859 1090 4910 6
1115 4857 1339 4927 Ἕλλην,
1360 4855 1539 4909 αὐτῶν
1567 4853 2006 4924 μεταπεποιηκό-

433 4976 564 5026 των,
591 4956 844 5026 γένηται,
881 4953 977 5005 καὶ
1014 4949 1234 5022 ἀμαθὴς
1266 4950 1360 5001 καὶ
1391 4946 1661 5016 εὐμαθὴς,
1713 4945 1774 4998 τὸ
1802 4945 1859 4998 δὲ
1880 4945 2011 4999 πάν-

433 5069 543 5104 των
582 5052 786 5121 χεῖρον,
844 5047 1026 5108 κοινὸς
1086 5044 1371 5113 ἅνθρωπος
1421 5044 1448 5095 6
1481 5041 1656 5111 μέγας
1695 5037 2009 5111 ἀρχιερεὺς.

437 5146 533 5198 καὶ
555 5141 739 5205 λαῐκὸς
763 5142 790 5194 6
816 5138 910 5191 τοῦ
935 5135 1170 5190 ἐνταῦθα
1209 5134 1366 5200 λαοῦ,
1409 5133 1458 5185 εἰ
1511 5132 1604 5184 καὶ
1651 5129 1726 5199 μὴ
1754 5127 2010 5199 ὕπερθεν,

438 5238 552 5294 ἀλλ’
579 5237 701 5290 οὑδὲ
719 5236 970 5296 ὕστατος.

513 5328 618 5392 κζ’.
655 5325 814 5380 Οὑτω
841 5318 1123 5376 κάνταῦθα
1154 5317 1444 5388 ψεύδονται
1475 5316 1523 5368 οἱ
1558 5312 1856 5389 ἄνθρωποι,
1918 5313 2015 5380 ἀρ-

440 5421 633 5492 χιερέα
657 5418 932 5486 λέγοντες,
955 5414 1014 5468 δν
1040 5415 1119 5475 εἰς
1145 5411 1358 5466 ἀνοσίου
1376 5411 1573 5479 μοῖραν
1599 5404 2014 5466 ἁποτάττονται,

443 5514 539 5569 καὶ
561 5512 619 5566 ὃν
683 5507 1141 5579 εὑκτηριάζοντες
1162 5503 1300 5556 οἴκοι
1318 5500 1637 5568 εὐλογοῦσιν
1665 5498 1739 5560 ὡς
1772 5494 2017 5565 ἀρχιεπί-

447 5619 673 5669 σκοπον,
698 5601 791 5654 ἐπὶ
814 5599 924 5651 τῶν
949 5594 1243 5663 λεωφόρων
1264 5590 1496 5661 ὑμνοῦσι
1523 5587 1799 5658 φροιμὶοις
1822 5584 2020 5655 πο).υρ-

449 5691 630 5764 ῥόθοις
666 5689 893 5760 χραγδν,
923 5686 952 5738 ὅ
1003 5685 1069 5756 δὴ
1117 5683 1354 5750 λέγεται,
1414 5677 1850 5747 ἀνακράζοντες·
1898 5674 2018 5727 ὅθεν

458 5781 644 5846 καλῶς
678 5780 773 5836 καὶ
789 5780 817 5833 6
841 5779 1066 5849 κόσμος,
1090 5778 1158 5831 τὰ
1188 5774 1329 5828 κατὰ
1357 5771 1458 5842 γῆν
1477 5768 1676 5841 δηλαδὴ
1696 5768 1792 5822 καὶ
1821 5765 2021 5822 θάλασ-

2106 4589 2219 4643 lum
2251 4586 2455 4640 ducere
2478 4582 2790 4652 cupientes,
2819 4579 3003 4633 omnia
3040 4588 3270 4648 agentes
3331 4576 3535 4647 quibus
3581 4574 3676 4629 lilii

2107 4680 2254 4733 vices
2275 4685 2450 4747 pater,
2476 4684 2533 4728 et
2555 4671 2698 4728 servi
2731 4672 2870 4725 liber
2896 4678 2970 4736 et,
3006 4668 3223 4723 barbari
3247 4666 3477 4722 Graecus
3514 4666 3679 4736 gerit,

2108 4768 2448 4824 mutantibus
2479 4763 2634 4834 ipsis.
2654 4762 2770 4819 sive
2805 4762 2978 4832 ignari
3008 4760 3121 4815 sive
3139 4760 3281 4814 docti
3304 4759 3434 4825 sint,
3460 4767 3514 4812 ct
3536 4757 3682 4828 quod

2110 4859 2352 4915 omnium
2382 4857 2699 4926 pessimum,
2753 4852 2956 4921 quibus
3009 4851 3191 4906 tenuis
3252 4850 3497 4904 hominis
3561 4848 3684 4901 loco

2115 4950 2351 5006 habetur
2388 4956 2623 5015 magnus
2657 4943 2928 5013 pontifex,
2958 4950 3012 4996 ct
3046 4942 3174 4997 laici
3200 4942 3340 5004 loco,
3377 4943 3460 4993 vir
3494 4937 3681 5006 populi

2114 5041 2206 5110 qui
2244 5040 2330 5093 hic
2368 5045 2575 5103 exstat,
2604 5037 2650 5092 si
2686 5051 2795 5090 non
2828 5034 3037 5090 eximio
3075 5035 3261 5097 modo,
3295 5038 3536 5085 attamen
3569 5042 3680 5081 non

2117 5131 2367 5186 ultimus.

2185 5306 2276 5358 ‘27.
2316 5304 2409 5359 Sic
2432 5303 2599 5373 hujus
2619 5301 2726 5356 loci
2754 5299 3094 5354 mentiuntur
3138 5294 3386 5347 homines
3414 5293 3481 5348 de
3502 5306 3691 5349 sacer-

2119 5397 2247 5450 dote
2278 5411 2496 5451 summo
2526 5395 2809 5462 loquentes
2828 5403 2987 5459 quem
3027 5387 3081 5440 in
3109 5386 3256 5454 impii
3287 5395 3488 5440 sortem
3520 5400 3686 5456 repo-

2122 5496 2284 5552 nunt,
2315 5494 2371 5539 et
2399 5500 2558 5554 quem
2589 5484 2639 5534 in
2663 5481 2827 5534 domo
2859 5476 3129 5530 orationis
3188 5474 3516 5529 benedicuut
3568 5482 3695 5528 tan-

2120 5593 2284 5650 quam
2318 5573 2818 5642 arcbiepiscOpum,
2855 5568 2921 5622 de
2950 5582 3016 5621 eo
3058 5566 3431 5622 celeberrimis
3476 5567 3534 5619 iu
3586 5568 3695 5621 viis

2124 5671 2344 5738 fragosa
2389 5664 2616 5720 exordia
2650 5671 2897 5724 cantant,
2931 5661 3190 5725 clamore,
3225 5671 3282 5714 ut
3342 5660 3514 5726 aiunt,
3547 5659 3697 5716 voci-

2125 5762 2386 5827 furantes,
2429 5755 2574 5811 unde
2620 5754 2757 5809 bene
2789 5756 2845 5807 lit
2898 5761 2955 5813 ut
3006 5753 3177 5820 orbis,
3206 5752 3415 5810 scilicet
3468 5768 3591 5825 quae
3638 5751 3697 5810 in
