4026 6248
380 314 523 383 1055

1085 304 1504 369 EUSTATHII
1542 293 2294 364 THESSALONICENSIS
2333 288 2891 355 METBOPOLITIE

3457 282 3599 351 1056

376 440 523 487 terra
551 435 608 485 et
656 425 795 479 mari
824 430 879 478 et
943 436 1093 485 acre,
1134 436 1237 476 nos
1267 421 1490 475 fallaces
1522 427 1578 473 et
1616 417 1937 484 dect-plores

2062 428 2139 465 παν
2164 410 2256 463 καὶ
2276 408 2436 477 ἀέρα,
2466 405 2723 477 ψεύδουσι
2751 408 2876 468 τοὺς
2896 404 3133 475 ψεύστας
3169 404 3316 474 ἡμᾶς
3347 404 3442 458 καὶ
3458 405 3600 456 ἀπα-

376 522 546 579 fallat.
572 516 881 581 .Etinhoc,
928 512 1073 582 quod
1128 512 1265 567 alias
1322 519 1566 580 tempore
1627 513 1936 576 opportuno

377 623 433 671 et
467 622 724 669 sermone
754 612 812 660 et
846 618 944 659 ore
966 602 1318 674 protulimus,
1352 615 1447 655 sua
1472 614 1580 653 non
1625 596 1756 651 facit
1793 592 1938 648 ordi-

376 708 508 758 nata
547 693 896 756 constitutio,
950 692 1048 747 sed
1102 692 1350 746 vicissim
1382 699 1627 758 tempora
1667 683 1936 739 variantia

380 801 480 847 aut
508 790 739 850 faciunt,
779 795 877 839 aut
918 786 1251 857 patiuntur;
1280 788 1698 842 convertuntur,
1741 773 1940 829 deinde

376 881 445 937 ad
475 880 662 936 odium
695 877 992 947 pristinum
1027 872 1277 932 redeunt,
1328 879 1379 921 et
1411 867 1491 921 sic
1522 879 1622 919 nos
1655 878 1753 932 spe
1793 859 1937 914 inani

379 970 448 1025 de
467 982 677 1035 eorum_
705 968 759 1020 in
799 979 907 1019 nos
943 959 1320 1017 benevolentia
1361 956 1580 1009 fallunt.
1620 953 1712 1008 Sic
1739 960 1794 1005 et
1842 963 1942 1003 nos

381 1057 634 1127 improbe
656 1055 746 1111 alii
768 1068 897 1122 erga
928 1052 1067 1105 alios
1097 1049 1413 1103 animamur
1441 1051 1501 1097 ut
1535 1056 1645 1097 non
1687 1039 1938 1095 decebat.

381 1149 520 1206 Inibi
551 1147 681 1202 dico
724 1154 785 1200 ut
828 1159 929 1199 non
960 1140 1194 1204 decebat,
1254 1134 1518 1206 quoniam
1574 1130 1719 1186 haud
1768 1143 1941 1199 pauca

383 1239 794 1298 mendaciorum
876 1247 984 1287 non
1046 1230 1253 1299 absque
1331 1227 1535 1281 virtute
1609 1227 1944 1290 coniponunt

382 1332 658 1390 homines,
678 1324 929 1381 consulto
959 1320 1299 1376 mendacium
1330 1325 1737 1387 praestruentes.
1761 1315 1945 1384 itaque

384 1423 657 1480 interdum
711 1417 1011 1473 laudantur
1074 1412 1297 1483 quidam
1341 1410 1387 1464 si
1420 1424 1542 1464 cum
1572 1407 1944 1465 benevolentia

384 1511 594 1567 mentiti
629 1509 742 1565 sint
770 1546 786 1571 ,
810 1515 863 1559 et
894 1506 1092 1559 iterum
1133 1501 1516 1570 vituperantur
1559 1499 1607 1553 si
1659 1512 1944 1567 perperam

383 1602 668 1657 veritatem
699 1596 964 1654 dixerint.
1001 1594 1067 1649 Et
1090 1594 1223 1648 huic
1247 1590 1543 1647 ratiocinio
1573 1590 1946 1644 testimonium

384 1694 566 1749 reddit
628 1690 723 1760 qui
782 1686 998 1756 primus
1040 1685 1207 1741 hocce
1266 1692 1595 1752 praeceptum
1667 1681 1943 1736 tradidit:

385 1783 617 1849 Quando
650 1784 865 1848 oportet
895 1775 1238 1833 mendacium
1289 1772 1556 1844 proferre,
1596 1772 1801 1841 profer.
1823 1772 1952 1852 _Sed

388 1884 442 1930 ut
470 1885 655 1927 rarum
695 1869 851 1935 illud,
882 1877 936 1923 et
986 1866 1307 1936 cogitationi
1359 1873 1414 1920 et
1453 1863 1697 1934 aequitati
1729 1864 1948 1934 penitus

387 1972 679 2036 repugnat.

455 2057 546 2111 28.
568 2053 732 2110 Aliud
765 2066 1044 2108 summum
1073 2064 1344 2122 exponam
1374 2048 1716 2104 mendacium
1749 2046 1895 2118 quod
1925 2061 1956 2102 e

388 2147 596 2205 mundo
624 2145 809 2200 deleat
843 2143 1011 2208 Deus,
1066 2155 1264 2210 nempe
1319 2148 1512 2196 contra
1558 2141 1739 2210 ipsum
1785 2140 1955 2195 Deum

390 2238 681 2293 mentiens.
716 2235 1041 2290 Pactionem
1089 2234 1238 2287 enim
1293 2231 1564 2287 facientes
1620 2233 1960 2287 irrevocabi-

392 2330 497 2383 lem
515 2340 680 2397 quam
718 2338 783 2379 ne
806 2325 970 2379 liceat
994 2323 1343 2378 adulterare:
1368 2341 1387 2374 ι
1420 2322 1479 2376 In
1514 2322 1732 2377 nomine
1754 2322 1956 2386 Patris,

391 2421 697 2489 inquimus,
726 2423 781 2471 et
830 2415 957 2470 Filii
988 2423 1039 2470 et
1092 2413 1270 2469 sancti
1307 2412 1567 2484 Spiritus,
1599 2433 1619 2465 ι
1651 2431 1754 2470 nec
1780 2417 1955 2470 solum

395 2512 445 2566 id
484 2510 741 2581 dicimus,
765 2505 861 2563 sed
889 2507 1055 2561 etiam
1090 2506 1284 2560 horum
1338 2508 1393 2560 in
1423 2508 1600 2576 capite
1626 2508 1957 2576 scriptorum

395 2602 597 2665 crucis,
615 2599 800 2653 mundi
832 2597 1053 2661 salutis,
1071 2597 1285 2666 signum
1324 2597 1664 2651 adorandum
1694 2599 1960 2668 superad-

394 2693 600 2757 dimus,
634 2689 894 2744 manibus
923 2689 1164 2760 propriis
1201 2689 1333 2743 illud
1371 2690 1731 2746 delineantes.
1762 2691 1962 2746 Deinde

395 2798 520 2837 cum
575 2780 884 2851 oportuerit
930 2781 984 2834 in
1014 2795 1152 2850 opus
1198 2781 1470 2835 deducere
1517 2782 1662 2851 quod
1699 2783 1959 2837 selectum

395 2875 595 2939 fuerat,
655 2873 873 2928 inihiet
906 2881 1098 2928 contra
1133 2883 1471 2938 scrutamur,
1528 2875 1573 2930 si
1622 2876 1837 2929 lucrum
1891 2876 1963 2930 sit

397 2967 670 3038 quoddam
706 2976 804 3020 aut
835 2966 985 3021 aliud
1025 2965 1311 3037 eﬂ'ugium,
1349 2969 1658 3036 pactionem
1689 2969 1820 3023 ludo
1844 2986 1964 3024 vcr-

2037 502 2267 564 τεῶνας.
2293 501 2404 554 Καὶ
2432 499 2592 551 τοῦτο
2622 497 2710 569 δὴ,
2734 497 2763 551 ὃ
2793 498 2886 550 καὶ
2934 496 3124 551 ἄλλοτε
3173 494 3370 566 καιροῦ
3414 495 3607 548 πλατεί

2040 593 2138 648 καὶ
2158 593 2302 662 λόγῳ
2331 592 2422 644 καὶ
2455 590 2688 660 στόματι
2717 587 2948 656 ἔφαμεν,
2984 589 3044 641 οὔ
3070 588 3215 641 ποιεῖ
3243 586 3311 639 τὰ
3339 586 3539 654 ἑαυτῆς
3565 588 3598 653 ἡ

2041 684 2358 755 στοιχειακὴ
2372 685 2707 745 κατάστασις
2732 696 2747 711 ⁸
2768 681 2903 736 ἀλλά
2922 680 3151 747 ἐναλλὰξ
3166 681 3235 734 τά
3281 679 3530 750 ἀλλήλων
3555 682 3603 731 οἱ

2041 778 2225 846 καιροὶ
2272 774 2660 843 ἀμείϐοντεςῆ
2712 772 2959 827 ποιοῦσιν
3009 772 3041 842 ἢ
3094 771 3426 841 πάσχουσιν,
3467 770 3600 823 ἀνα-

2044 869 2394 941 στραφέντες,
2432 868 2533 921 εἴτ’
2564 865 2659 920 οὖν
2687 866 3094 938 ἀνατραπέντες
3140 867 3222 929 εἱς
3251 864 3312 919 τὸ
3342 864 3579 931 παλίγκο

2042 978 2158 1025 τον,
2196 961 2294 1014 καὶ
2320 959 2466 1012 οὕτω
2489 957 2782 1027 ψεύδοντες
2806 958 2956 1026 ἡμᾶς
2987 957 3096 1008 τῶν
3138 953 3227 1008 ἐπ’
3252 954 3426 1023 αὐτῆς
3457 952 3606 1004 ἐλπί-

2043 1050 2150 1105 δων
2210 1049 2346 1122 πρὸς
2388 1049 2688 1119 ὁμοιότητα
2726 1046 2825 1117 τὴν
2865 1048 2924 1099 ἐν
2982 1048 3140 1116 ἡμῖν.
3180 1045 3295 1098 Καὶ
3348 1044 3458 1114 γὰρ
3514 1044 3604 1095 καὶ

2046 1143 2211 1212 ἡμεῖς
2245 1140 2388 1194 οὕτω
2424 1139 2614 1203 κακῶς
2643 1139 2911 1209 ἀλλήλους
2936 1137 3310 1207 διατιθέμεθα,
3340 1136 3484 1189 καθά
3509 1134 3607 1189 οὐκ

2046 1236 2234 1305 ἐχρῆν.
2269 1237 2430 1301 Λέγω
2468 1234 2526 1287 δὲ
2579 1232 2818 1288 ἐνταῦθα
2858 1232 2919 1286 τὸ
2945 1232 3057 1287 οὐκ
3092 1228 3304 1299 ἐχρῆν,
3334 1228 3469 1281 διότι
3509 1229 3608 1281 οὐκ

2045 1326 2203 1395 ὀλίγα
2237 1325 2348 1380 τῶν
2384 1324 2718 1395 ψευσμάτων
2749 1324 2852 1376 οὐκ
2878 1323 2986 1390 ἔξω
3029 1322 3229 1391 ἀρετῆς
3259 1318 3610 1389 ἐπιτηδεύον-
3718 1343 3733 1359 ι

2046 1434 2138 1471 ται
2168 1418 2470 1488 ἄνθρωποι,
2506 1414 2888 1487 μεθοδεύοντες
2935 1410 3293 1480 οἰκονομικῶς
3326 1409 3389 1463 τὸ
3417 1409 3609 1479 ψεύδε-

2053 1509 2201 1563 σθαι.
2234 1508 2326 1562 Διὸ
2361 1510 2455 1561 καὶ
2483 1506 2837 1560 ἐπαινοῦνται
2873 1503 2969 1575 μέν
3015 1520 3161 1565 τινες
3193 1501 3338 1555 ἔστιν
3374 1502 3530 1567 ὅπου,
3562 1500 3610 1553 ti

2049 1601 2138 1652 ἐπ’
2175 1597 2362 1669 ἀγαθῷ
2388 1597 2682 1667 ψεύσονται
2708 1611 2724 1627 ο
2754 1595 3013 1665 ψέγονται
3045 1593 3103 1645 δέ
3127 1592 3195 1646 αὖ
3232 1591 3416 1656 πάλιν,
3469 1590 3521 1642 ετ
3551 1606 3611 1657 γε

2057 1690 2133 1760 μὴ
2159 1690 2486 1758 πρεπόντως
2530 1684 2958 1753 ἐπαληθεύουσι.
3004 1684 3113 1737 Καὶ
3158 1681 3499 1753 μαρτύρεται
3537 1678 3613 1749 τῷ

2054 1779 2197 1848 λόγῳ
2219 1777 2395 1847 τούτῳ
2427 1776 2523 1830 καὶ
2543 1778 2572 1828 ὁ
2602 1774 3044 1846 γνωμοδοτήσας,
3073 1772 3148 1837 ὡς
3193 1771 3365 1826 Ἔνθα
3410 1788 3466 1823 τι
3508 1771 3613 1841 χρὴ

2053 1870 2249 1940 ψεῦδος
2297 1868 2592 1933 λεγέσθαι,
2659 1865 2926 1934 λέγεσθω.
2983 1865 3124 1919 Ἀλλ’
3181 1866 3315 1919 αὐτὸ
3379 1863 3479 1934 μὲν
3526 1863 3616 1915 ml.

2057 1961 2302 2026 σπάνιον,
2334 1960 2430 2012 καὶ⁸
2458 1957 2855 2029 δυσθεώρητον,
2892 1956 2987 2010 καὶ
3014 1956 3140 2009 ούδέ
3183 1955 3543 2025 εύδιάκριτον.

2125 2058 2234 2123 κη’.
2274 2047 2418 2119 Ἐγὼ
2444 2049 2502 2103 δὲ
2532 2049 2626 2103 καὶ
2664 2048 2795 2103 ἄλλο
2823 2049 3125 2119 κορυφαῖον
3158 2046 3465 2118 ἐκθήσομαι
3488 2043 3617 2114 deii-

2057 2161 2192 2215 σμα,
2223 2144 2364 2214 ὅπερ
2391 2140 2680 2210 ἀπαλείψοι
2719 2142 2747 2195 ὁ
2785 2140 2920 2203 Θεὸς
2951 2141 3016 2193 ἐκ
3044 2138 3140 2192 τοῦ
3164 2139 3394 2208 κόσμου,
3428 2137 3506 2201 ὡς
3528 2138 3618 2191 καὶ

2056 2235 2178 2288 κατ’
2248 2231 2416 2286 αὐτοῦ
2474 2232 2685 2285 ἐκείνου
2748 2229 3101 2299 ψευδόμενον.
3157 2226 3618 2290 Συναλλάττοντες

2058 2326 2167 2396 γὰρ
2234 2323 2533 2395 ἀσφαλῶς,
2583 2323 2660 2386 ὡς
2712 2321 2787 2393 μὴ
2835 2322 3036 2387 ἐξεῖναι
3093 2320 3475 2392 παραποιῆσαι
3525 2318 3620 2387 τήν

2061 2418 2402 2489 συναλλαγὴν
2426 2457 2441 2481 ,
2475 2437 2494 2470 ι
2536 2417 2627 2472 Ἐν
2651 2417 2874 2487 ὀνόματι
2897 2458 2911 2483 ,
2968 2414 3170 2484 φαμὲν,
3239 2414 3334 2467 τοῦ
3407 2413 3618 2481 Πατρδς

2061 2514 2155 2564 καὶ
2185 2510 2280 2564 τοῦ
2326 2508 2459 2563 Υἱοῦ
2493 2513 2586 2562 καὶ
2630 2507 2727 2561 τοῦ
2772 2508 2929 2574 ἁγίου
2983 2506 3334 2575 Πνεύματος*
3382 2522 3403 2555 ι
3438 2504 3533 2557 καὶ⁸
3560 2505 3621 2557 ού

2066 2603 2227 2673 μόνον
2289 2599 2522 2671 λέγομεν
2570 2599 2738 2663 αὐτὸ,
2792 2599 2928 2651 ἀλλά
2973 2600 3069 2651 καὶ
3120 2597 3489 2667 προτιθέαμεν
3515 2595 3623 2649 τῶν

2063 2696 2382 2767 γραφέντων
2430 2693 2635 2746 τούτων
2660 2690 2756 2745 τοῦ
2787 2691 3234 2761 κοσμοσωτηρὶου
3267 2688 3500 2759 σταυροῦ
3528 2687 3619 2741 τύ·-

2063 2804 2165 2839 πον
2217 2787 2601 2856 προσκυνητδν
2625 2827 2639 2852 ,
2674 2785 2861 2856 χερσὶν
2900 2785 3059 2847 ἰδίαις
3092 2782 3259 2837 αὐτὸν
3309 2781 3622 2853 προχαράσ·

2067 2892 2277 2938 σοντες.
2331 2871 2462 2927 Εἶτα
2519 2876 2716 2943 δεῆσαν
2773 2872 3003 2942 ἐκϐῆναι
3035 2872 3097 2925 τὸ
3134 2870 3353 2942 αἱρεθὲν
3400 2873 3492 2924 καὶ
3547 2870 3624 2933 εἰς

2065 2965 2265 3036 ἔργον,
2322 2965 2439 3018 ἀλλ’
2476 2964 2708 3019 ἐνταῦθα
2758 2964 3083 3035 ζητούμενοι
3131 2962 3342 3015 δάνειον
3390 2961 3620 3033 τυχδνῆ

398 3069 488 3114 ten
500 3069 602 3123 tes,
618 3074 737 3128 quae
755 3068 864 3112 tam
893 3059 1200 3114 venerando
1216 3059 1372 3127 signo
1396 3058 1740 3128 inscribitur,
1760 3063 1959 3131 jureju-

2072 3057 2321 3127 ἑτεροῖαν
2354 3056 2712 3125 ὀφειλομένην
2764 3056 3078 3122 ἀπόϐασιν,
3146 3053 3238 3108 τοῦ
3296 3054 3623 3125 συμϐολαίου

399 3152 573 3205 rando
599 3152 902 3215 ﬁrmamus,
924 3164 1024 3204 nec
1047 3165 1266 3205 crucem
1293 3151 1673 3218 insculpsisse,
1695 3169 1794 3206 nec
1822 3154 1962 3209 scri-

400 3242 581 3311 psisse
627 3241 961 3311 pactionem,
1000 3241 1201 3295 ultimo
1238 3241 1557 3309 iuramento
1603 3242 1877 3299 solventes
1911 3253 1965 3299 et

402 3337 805 3405 praetiguratam
861 3347 1085 3386 crucem
1109 3343 1165 3386 et
1203 3322 1572 3386 venerandam
1637 3333 1783 3387 illam
1816 3334 1968 3404 jura-

404 3435 593 3482 mento
669 3423 1084 3494 superadditam
1159 3421 1570 3492 cogitationem.
1638 3423 1772 3480 Inde
1833 3425 1964 3479 mihi

404 3515 705 3569 meditandi
738 3523 790 3567 et
822 3511 1109 3567 reverendi
1165 3526 1354 3578 causa,
1411 3514 1682 3585 siquidem
1725 3530 1966 3571 commu-

406 3607 493 3661 nis
525 3604 791 3657 Dominus
827 3610 1037 3667 noster,
1071 3617 1233 3671 quem
1267 3605 1321 3658 in
1355 3605 1530 3674 pactis
1564 3605 1967 3674 adiuravimus,

406 3704 628 3763 portare
673 3709 775 3747 nos
807 3693 924 3747 vult
951 3707 1169 3748 crucem
1203 3693 1353 3746 illam
1404 3695 1853 3763 cruciﬁxumque
1882 3712 1968 3750 se-

406 3786 522 3856 qui,
553 3793 604 3838 et
628 3785 707 3839 sic
738 3765 1281 3853 οιιιοίιιοεοῑοιαοεξδῐ
1320 3785 1401 3840 sic
1431 3787 1614 3839 vocari
1658 3787 1806 3855 licet,
1867 3802 1967 3844 nos

406 3878 747 3941 ostendimus
805 3887 861 3930 et
914 3877 1179 3943 perimus.
1239 3875 1415 3932 llomo
1453 3878 1788 3946 Christiane,
1843 3896 1970 3935 ver-

406 3973 535 4027 bum
570 3971 797 4039 simplex
830 3971 876 4023 si
908 3970 1065 4035 elicis,
1137 3986 1245 4027 non
1294 3971 1488 4026 inutile
1519 3971 1746 4027 reddere
1783 3974 1968 4041 debes,

408 4071 463 4116 et
505 4062 702 4130 jurans
759 4061 1010 4115 mentiris
1043 4062 1055 4113 l
1112 4078 1131 4112 ι
1172 4060 1359 4116 Juravi
1385 4100 1401 4127 ,
1429 4062 1538 4128 ait,
1575 4071 1628 4117 et
1665 4064 1827 4120 statui
1858 4065 1901 4119 ⁸.
1946 4082 1965 4116 ι

413 4155 477 4208 lit
511 4164 566 4206 tu
594 4153 758 4221 juras
795 4161 851 4207 et
879 4152 1035 4224 quasi
1098 4153 1333 4207 nihilum
1368 4153 1564 4223 abjicis
1609 4156 1621 4208 ι
1653 4157 1802 4211 lletis
1850 4157 1971 4213 loco

414 4245 582 4298 habrs
609 4244 1012 4311 juramentum,
1048 4244 1199 4298 sicut
1235 4245 1435 4301 illiccm
1469 4246 1521 4299 id
1555 4248 1837 4316 producis,
1877 4264 1972 4321 per

410 4337 552 4405 quod
610 4345 831 4407 captare
880 4337 961 4391 vis
1016 4350 1122 4390 non
1180 4337 1355 4390 solum
1405 4337 1813 4408 simpliciores,
1875 4342 1968 4397 sed

410 4438 466 4481 et
509 4428 601 4497 qui
635 4404 700 4480 ad
744 4428 965 4482 intimos
1002 4429 1246 4483 srientia
1282 4404 1534 4485 recessus
1593 4404 1968 4501 penetrarunt.
2001 4404 2049 4465 Β

412 4516 479 4573 Et
549 4519 677 4587 quid
737 4520 883 4572 ultra
944 4519 1077 4572 facit
1127 4520 1382 4576 diabolus
1449 4524 1714 4578 mendacii
1784 4525 1973 4593 pater?

413 4609 570 4676 cuius
627 4620 752 4664 sunt
808 4610 925 4672 lilii,
984 4621 1043 4665 ut
1105 4612 1178 4666 ita
1243 4613 1457 4680 dicam,
1525 4616 1616 4685 qui
1663 4617 1850 4685 juraut
1914 4620 1970 4673 in

412 4701 557 4763 dolo,
613 4702 813 4769 quippe
856 4702 949 4769 qui
986 4703 1332 4757 mendacium
1368 4713 1422 4758 et
1478 4707 1580 4775 ipsi
1641 4708 1841 4762 diaboli
1890 4712 1972 4764 in-

413 4800 527 4845 star
587 4790 838 4857 pariunt,
883 4792 1017 4845 solis
1059 4795 1408 4849 sermonibus
1451 4797 1841 4855 ahirmatioues
1888 4816 1974 4856 re-

413 4900 467 4941 τε
477 4891 718 4939 rvautcs.

481 5154 572 5209 9.9.
592 5153 730 5207 Sunt
788 5152 942 5206 multi
974 5139 1156 5208 etiam
1216 5154 1358 5209 inter
1391 5157 1552 5226 hujus
1588 5162 1848 5230 temporis
1885 5165 1980 5218 ho-

415 5249 585 5301 mines
635 5245 974 5314 gloriabundi
1016 5255 1070 5302 et
1123 5247 1366 5305 dit-entes
1432 5254 1802 5323 unusquisque
1849 5258 1975 5326 quia

413 5338 566 5394 Meus
599 5353 783 5393 sermo
808 5353 936 5394 vere
968 5355 1151 5396 sermo
1186 5353 1286 5398 est.
1318 5345 1389 5398 lle
1420 5345 1616 5413 quibus
1658 5363 1757 5416 ego
1792 5350 1974 5405 ridens

415 5431 536 5485 volo
589 5446 737 5485 meos
768 5430 989 5498 gloriari
1066 5449 1505 5505 unumquemque
1593 5438 1643 5490 in
1707 5438 1972 5505 Domino,

414 5521 542 5588 quia
605 5520 757 5574 Meus
818 5538 1003 5576 sermo
1056 5540 1163 5579 non
1220 5542 1397 5584 sermo
1456 5530 1815 5599 simpliciter,
1877 5534 1972 5589 sed

490 5691 510 5723 ⁸
564 5692 711 5753 Psal.
761 5709 953 5762 cum,
994 5695 1118 5749 106.

2067 3148 2523 3219 κατορχούμενοι,
2556 3142 2620 3201 οὗ
2653 3148 2881 3201 τοιαῦτα
2922 3147 3127 3219 φρικτά
3157 3151 3626 3218 προγεγράφαται,

2066 3241 2424 3311 ἐπομνύμεθα
2482 3242 2619 3310 μήτε
2665 3241 2896 3310 σταυρὸν
2950 3240 3296 3312 προγράξιαι,
3361 3241 3503 3309 μήτε
3534 3257 3626 3290 τυ-

2068 3331 2358 3385 πώσασθαι
2400 3332 2782 3401 συνάλλαγμα,
2827 3333 2975 3403 ὅρκῳ
3013 3333 3187 3401 τούτῳ
3217 3332 3427 3400 ὑστέρῳ
3457 3345 3627 3382 κατα-

2069 3423 2290 3486 λύοντες
2336 3425 2430 3476 καὶ
2489 3425 2582 3476 τὸν
2633 3422 3091 3492 προηγησάμενον
3135 3421 3371 3491 σταυρὸν
3418 3422 3511 3472 καὶ
3534 3420 3628 3489 τὴν

2069 3515 2305 3586 φρικτὴν
2340 3515 2560 3584 ἐκείνην
2610 3514 2831 3584 ἔνορκον
2861 3515 3093 3567 ἔννοιαν.
3143 3512 3436 3566 Κάνταῦθα
3485 3512 3629 3565 ἐστιν

2068 3608 2245 3679 ἔμοιγ’
2276 3603 2369 3661 οὖν
2414 3607 2751 3660 συννοεῖσθαι
2808 3607 2900 3660 καὶ
2953 3608 3219 3678 φρίττειν,
3252 3604 3415 3673 εἰπερ
3459 3605 3487 3656 ὁ
3533 3603 3630 3673 μέν

2070 3701 2246 3765 κοινὸς
2282 3703 2560 3771 Δεσπότης
2599 3701 2776 3770 ἡμῶν,
2809 3699 2867 3751 ὃν
2915 3700 2972 3750 ἐν
3020 3701 3132 3761 τοῖς
3185 3697 3629 3763 συναλλάγμασιν

2068 3794 2515 3866 ὁρκωμοτοῦμεν,
2570 3792 2748 3862 αἴρειν
2813 3789 2908 3843 καὶ
2960 3790 3194 3858 σταυρὸν
3246 3788 3433 3840 τοῦτον
3485 3789 3627 3856 ἡμᾶς

2068 3886 2263 3951 ἐθέλει,
2296 3886 2392 3938 καὶ
2437 3883 2751 3937 ἀκολουθεῖν
2782 3881 2860 3950 τῷ
2894 3881 3278 3950 ἀντικειμένῳ,
3311 3881 3406 3932 καὶ
3457 3879 3630 3940 οὕτως

2069 3978 2527 4049 ἀρνησίσταυροι,
2591 3975 2668 4037 ὡς
2720 3972 2893 4038 οὕτως
2942 3973 3239 4042 ὀνομάσαι,
3293 3969 3629 4037 δεικνύμενοι

2070 4068 2442 4138 ἀπολλύμεθα.
2472 4066 2765 4137 ’Ἄνθρωπε
2800 4064 3116 4133 Χριστιανέ,
3147 4062 3303 4130 λόγον
3351 4060 3508 4129 ψιλὸν
3540 4061 3631 4113 ἐὰν

2069 4163 2252 4232 εἴπῃς,
2302 4160 2403 4213 οὐκ
2452 4160 2689 4228 ὀφείλεις
2722 4158 2986 4227 ἀθετῆσαι
3044 4156 3226 4208 αὐτόν·
3272 4156 3367 4207 καὶ
3419 4152 3631 4224 ὀμνύων

2067 4250 2443 4323 ψευδολογεῖςς
2483 4266 2501 4299 ι
2528 4249 2757 4318 Ὤμοσα,
2780 4248 2964 4317 φησὶν,
2992 4245 3084 4299 καὶ
3109 4243 3332 4323 ἐστῃσα.
3382 4258 3399 4292 ι
3441 4242 3548 4293 Καὶ
3569 4240 3631 4291 σὺ

2072 4316 2312 4413 δμνύειςν
2336 4341 2433 4393 καὶ
2467 4316 2888 4410 καταρῤιπτεῐς.
2933 4338 3078 4389 Ἀντι
3104 4316 3329 4400 παγῖδος
3364 4333 3473 4402 ἄρα
3495 4331 3635 4399 ἔχεις

2075 4433 2169 4485 τὸν
2198 4431 2381 4502 ὅρκον,
2407 4430 2482 4493 ὡς
2527 4428 2717 4500 δέλεαρ
2748 4428 2912 4482 αὐτὸν
2939 4424 3239 4497 προϐάλλῃ,
3268 4423 3363 4476 καὶ
3396 4423 3635 4475 ἀλίσκειν

2074 4521 2145 4574 δι’
2172 4520 2336 4574 αὑτοῦ
2390 4520 2613 4583 ἐθέλεις,
2653 4520 2727 4590 μὴ
2779 4518 2860 4571 ὅτι
2911 4534 2974 4586 γε
3024 4517 3150 4578 τοὺς
3208 4513 3634 4581 ἁπλουστέρους,

2078 4611 2214 4667 ἀλλά
2243 4613 2333 4664 καὶ
2363 4608 2584 4680 μᾶλλον,
2620 4611 2734 4663 ὅσοι
2779 4610 2836 4671 ἐς
2869 4606 3004 4677 βαθὺ
3046 4608 3316 4678 νοήματος
3352 4604 3635 4675 βάπτουσι.

2077 4705 2187 4758 Καὶ
2221 4703 2276 4756 τί
2313 4703 2494 4758 πλεῖον
2542 4704 2738 4756 ποιεῖὸ
2766 4700 3033 4765 διάϐολος,
3074 4699 3102 4751 ὁ
3141 4699 3236 4752 τοῦ
3276 4696 3504 4766 ψεύδους
3534 4712 3637 4747 πα-

2077 4798 2216 4867 τήρς
2249 4789 2310 4850 οὗ
2364 4794 2667 4860 σύντεκνοι,
2710 4792 2785 4857 ὡς
2830 4791 3001 4855 οὕτως
3056 4792 3251 4856 εἰπεῖν,
3296 4790 3392 4843 καὶ
3425 4790 3475 4840 οἱ
3512 4785 3641 4857 ψεύ-

2080 4889 2285 4958 δορκοι,
2324 4886 2515 4940 καθότι
2551 4885 2720 4955 ψεύδη
2765 4888 2861 4937 καὶ
2906 4883 3064 4936 αύτοὶ¹
3107 4883 3228 4936 κατ’
3261 4881 3473 4933 ἐκεῖνον
3502 4880 3639 4932 ἀπο·

2080 4980 2421 5045 κυῖσκουσιν,
2454 4981 2512 5032 ἐν
2546 4978 2727 5047 μόνοις
2759 4977 2939 5045 λόγοις
2987 4974 3374 5046 περιιστῶντες
3424 4973 3494 5025 τὰ
3535 4971 3643 5024 τῶν

2081 5069 2448 5124 καταθέσεων.

2154 5163 2256 5217 κθ’.
2293 5164 2402 5217 Καὶ
2430 5162 2536 5214 εἱσι
2588 5162 2685 5231 μὲν
2721 5160 2903 5214 πολλοὶ
2928 5158 3089 5228 μέχρι
3123 5160 3218 5210 καὶ
3254 5158 3313 5211 ἐν
3352 5160 3467 5221 τοῖς
3494 5158 3640 5228 ἄρτι,

2083 5256 2375 5327 αὐχοῦντες
2399 5255 2628 5315 ἕκαστος
2680 5253 2737 5305 ἐν
2763 5251 2840 5321 τῷ
2879 5251 3079 5318 λέγειν,
3114 5249 3196 5302 δτι
3233 5248 3294 5302 Ὀ
3326 5251 3457 5320 ἐμὸς
3487 5251 3643 5316 λόγος

2083 5350 2239 5416 λόγος
2300 5346 2468 5399 ἐστίν.
2522 5343 2661 5396 Ἀλλ’
2711 5342 2822 5411 ἐγὼ
2870 5342 3182 5410 καταγελῶν
3212 5344 3320 5396 τῶν
3363 5339 3642 5406 τοιούτων,

2083 5439 2252 5491 ἐθέλω
2300 5436 2426 5500 τοὺς
2463 5436 2632 5504 ἐμοὺς
2674 5434 2766 5487 τὸν
2797 5420 2917 5487 καθ’
2946 5433 3044 5487 ἕνα
3072 5434 3383 5503 καυχᾶσθαι
3425 5433 3486 5484 ἐν
3538 5432 3646 5484 Ku-

2088 5532 2208 5603 ρίῳ,
2246 5531 2326 5585 ὅτι
2365 5530 2425 5584 '0
2455 5529 2587 5601 ἐμὸς
2618 5526 2779 5598 λόγος
2815 5527 2876 5581 ού
2924 5527 3080 5596 λόγος
3108 5527 3315 5594 ἁπλῶς,
3343 5524 3459 5580 ἀλλ’
3485 5524 3647 5595 ἔργον
