3962 6242
346 279 489 346 1057

1297 287 1670 350 EPISTOLA
1694 291 1796 351 AD
1821 290 2615 357 THESSALONICENSES.

3454 297 3588 366 1058

346 394 483 460 ἐστὶ,
515 393 694 460 πολλῷ
722 395 788 465 δὴ
816 396 1000 462 πλέον,
1042 400 1069 451 ό
1098 399 1191 451 καὶ
1216 399 1357 469 μετᾶ
1384 402 1571 473 ὅρκου.
1603 403 1777 473 Λόγος
1810 406 1908 473 μὲν

2018 419 2157 477 opus
2214 415 2335 472 est;
2368 423 2397 461 a
2454 407 2666 462 fortiori
2731 407 2775 461 si
2835 414 3023 462 sermo
3085 406 3413 463 adhibeatur
3468 425 3590 464 cum

343 489 453 557 γὰρ
486 487 632 550 ἄπας
676 488 814 559 ἀέρα
847 491 1076 559 πλήξας,
1110 494 1202 545 καὶ
1232 492 1405 557 οὕτως
1443 495 1605 550 αὐτὸν
1648 496 1906 569 ὀχλήσας,

346 580 731 650 συγκατελύθη
759 582 838 653 τῷ
880 582 1209 655 ἁκούσματι·
1234 589 1261 642 ὁ
1286 587 1344 640 δὲ
1385 589 1483 642 καὶ
1508 587 1783 658 ἔγγραφος
1808 591 1909 661 οὐχ

339 673 527 736 ἁπλῶς
584 672 744 742 ἀέρος
776 674 892 727 ἐστὶ
934 674 1308 745 διατιναγμὸς,
1340 679 1455 733 ἀλλ’
1497 682 1598 751 ἤδη
1654 683 1908 752 σεσωμα-

338 781 530 829 τωται,
573 766 668 816 καὶ
721 768 827 818 ἀπὸ
857 767 1027 834 ἀκοῆς
1055 769 1136 831 εἰς
1161 768 1289 822 θέαν
1336 772 1561 839 μετέϐη,
1595 773 1690 826 καὶ
1720 773 1911 842 βλεπό-

343 870 503 922 μενος
529 854 933 925 δημοσιεύεται,
966 856 1061 910 καὶ
1092 858 1195 910 ὅσα
1246 861 1342 912 καὶ
1381 860 1549 930 στήλη
1597 864 1656 915 ἐν
1684 862 1761 931 τῷ
1790 862 1910 917 ἐδά-

342 961 431 1011 φει
470 946 563 998 τοῦ
607 947 862 1001 πινακίου
896 950 1245 1018 ἐμφαίνεται·
1283 951 1379 1004 καὶ
1404 952 1494 1004 τὸν
1530 953 1632 1022 μὲν
1676 952 1905 1023 εὔορκον

340 1036 733 1108 ἀποσεμνύνει,
774 1041 1157 1095 κατάπτυστον
1203 1043 1261 1097 δὲ
1300 1044 1553 1098 ἀποτελεῖ
1589 1045 1680 1097 τὸν
1713 1047 1906 1116 ἐπίορ-

337 1147 430 1183 κον

407 1224 471 1280 λ’.
505 1227 573 1279 Τί
599 1221 692 1280 οὖν
723 1226 798 1298 μὴ
844 1228 942 1294 τῆς
984 1227 1298 1300 κρείττονος
1332 1218 1555 1297 μεᾷίδος
1600 1229 1902 1301 γινόμεθας

338 1316 404 1367 Τί
462 1320 556 1373 τὸν
594 1318 751 1385 λόγον
781 1320 1119 1390 αίσχύνομεν
1147 1321 1240 1373 τὸν
1277 1322 1337 1374 ἐν
1391 1321 1544 1391 ἡμῖν,
1592 1324 1684 1374 καὶ
1722 1320 1788 1375 δι’
1810 1323 1909 1375 αύ-

335 1407 429 1460 τοῦ
462 1409 555 1461 καὶ
581 1408 676 1459 τὸν
710 1409 885 1476 μέγαν
910 1410 1005 1461 καὶ
1035 1409 1341 1479 πρώτιστον
1372 1410 1545 1479 Λόγον
1577 1412 1909 1482 παροργίξοο

343 1516 466 1568 μεν,
492 1500 561 1553 δι’
586 1494 649 1552 οὗ
682 1501 741 1553 τὸ
770 1501 866 1556 καὶ
898 1502 998 1571 ζῇν
1039 1503 1132 1556 καὶ
1167 1502 1349 1556 λαλεῖν
1380 1505 1471 1556 καὶ
1506 1506 1648 1556 νοεῖν
1671 1504 1906 1573 ἐσχήκα-

342 1607 483 1659 μεν;
526 1593 659 1646 ἔνθα
711 1595 1015 1648 κινδυνεύει
1059 1597 1120 1649 τὸ
1159 1598 1301 1668 μέγα
1333 1598 1546 1652 ἐκεῖθεν
1593 1599 1797 1666 ἀγαθὸν
1826 1600 1908 1661 είς

339 1682 509 1736 κακὸν
538 1684 666 1753 ἡμῖν
692 1685 1087 1756 ἀποτελευτᾷν.
1127 1686 1188 1738 El
1229 1686 1338 1757 γὰρ
1367 1685 1662 1746 λαλοῦντες
1697 1687 1772 1757 μὴ
1812 1686 1906 1739 καὶ

2012 496 2347 566 iuramento.
2376 496 2511 553 Nam
2543 510 2727 553 sermo
2777 497 2994 567 quidem
3027 497 3206 552 omnis
3250 504 3430 550 aerem
3469 511 3593 550 ver-

2016 587 2178 644 berat
2204 599 2259 644 et
2294 591 2378 646 sic
2425 590 2668 660 agitatus
2700 590 2883 643 statim
2909 602 2973 643 ac
3000 589 3217 642 auditus
3240 596 3322 643 est
3346 590 3588 643 evanuit.

2015 679 2117 747 Qui
2149 696 2278 735 vero
2309 693 2422 745 ,_est
2462 682 2725 750 scriptus,
2766 678 2892 735 non.
2919 681 3243 750 simpliciter
3305 693 3390 734 est
3440 685 3589 733 aeris

2014 775 2333 835 commodo.
2364 773 2459 827 sed
2490 774 2601 841 jam
2631 786 2833 842 corpus
2873 773 3194 840 assumpsit,
3231 779 3286 823 ct
3309 772 3375 822 ab
3401 771 3586 823 attziiitt

2015 861 2070 915 in
2108 864 2485 932 spectaculum
2531 867 2756 931 transit,
2776 874 2831 919 et
2870 866 2951 918 sic
2984 865 3232 934 publicus
3259 864 3337 924 lit,
3364 873 3416 915 et
3470 873 3589 914 tau-

2013 965 2174 1020 quam
2201 952 2454 1005 columna
2488 953 2542 1005 in
2574 954 2770 1009 tabulae
2800 955 2917 1009 basi
2962 962 3270 1023 apparetmt
3305 952 3589 1021 jusjuran-

2014 1042 2143 1096 dum
2191 1053 2477 1098 servantes
2532 1045 2693 1100 laude
2720 1046 2943 1116 dignos,
2975 1045 3423 1115 contemptibiles
3451 1056 3584 1096 vero

2016 1136 2266 1204 pet-jurus
2296 1136 2494 1191 reddit.

2066 1230 2158 1286 ὅθ.
2188 1227 2374 1293 Quare
2403 1244 2538 1298 ergo
2579 1242 2686 1281 non
2718 1229 2980 1295 optimam
3036 1236 3252 1298 partem
3282 1226 3582 1297 eligimus?

2012 1334 2183 1389 quare
2208 1332 2519 1373 sermonem
2550 1319 2602 1369 is:
2638 1317 2796 1371 nobis
2859 1317 3230 1383 itedainns,et
3280 1319 3411 1372 inde
3463 1334 3582 1371 mu-

2015 1426 2178 1477 gnum
2209 1417 2264 1464 et
2297 1409 2534 1475 primum
2568 1409 2803 1463 Verbum
2840 1408 2907 1461 ad
2928 1408 3068 1461 iram
3100 1408 3462 1471 concitamus,
3488 1420 3584 1475 per

2014 1502 2160 1574 quod
2202 1512 2256 1557 et
2287 1503 2471 1557 vivere
2501 1512 2555 1556 et
2581 1502 2727 1570 loqui
2759 1507 2815 1555 et
2840 1502 3085 1570 cogitare
3120 1501 3386 1554 habemus
3430 1542 3445 1565 ,
3471 1514 3583 1569 quo

2017 1595 2394 1667 periclitamur
2427 1608 2676 1662 maguum
2704 1593 2903 1646 bonum
2934 1592 2986 1644 in
3032 1590 3235 1645 malum
3280 1590 3438 1645 nobis
3491 1588 3611 1644 cx;

2015 1687 2336 1756 stinguere?
2369 1686 2429 1741 Si
2461 1684 2605 1739 enim
2639 1684 2931 1753 loquentes
2968 1683 3309 1735 intellectum
3340 1697 3446 1735 non
3483 1684 3581 1734 hn-

336 1774 463 1827 νοῦν
499 1777 741 1845 είχομεν,
771 1777 872 1829 οὐκ
907 1776 974 1830 ἂν
1011 1779 1143 1848 ἡμῖν
1172 1781 1425 1848 πταῖσμα
1457 1774 1524 1850 ἦν
1552 1779 1724 1843 οὐδὲν,
1765 1776 1908 1831 καθὰ

2018 1780 2287 1841 heremus,
2321 1776 2459 1830 nihil
2484 1775 2641 1829 nobis
2661 1775 2815 1828 casui
2842 1781 3013 1837 esset,
3046 1773 3189 1827 sicut.
3224 1786 3325 1825 nec
3360 1772 3414 1825 in
3445 1772 3586 1823 irra-

336 1867 459 1919 οὐδὲ
484 1870 594 1929 τοῖς
623 1868 841 1936 ἀλόγοις
871 1870 981 1924 τῶν
1012 1870 1187 1936 ζώων.
1222 1872 1331 1926 Καί
1363 1889 1467 1925 που
1495 1873 1523 1924 ό
1557 1872 1632 1943 μὴ
1656 1871 1907 1942 ἐχέφρων

338 1957 706 2028 κακολογήσει
733 1958 794 2012 τὸ
820 1961 877 2013 ὲν
901 1961 1214 2033 ἀνθρώποις
1240 1962 1483 2033 ἄριστον,
1514 1962 1574 2016 τὸ
1596 1963 1803 2032 νοερὸν,
1830 1961 1907 2024 ὡς

334 2044 421 2102 οἷα
454 2050 729 2119 χείριστον
744 2089 760 2104 .

404 2139 508 2193 λα’.
545 2141 618 2193 Τὸ
640 2140 696 2193 δὲ
725 2141 788 2210 δὴ
823 2145 1004 2211 χεῖρον
1042 2143 1101 2195 ἐν
1130 2143 1561 2207 τοίς.τοιούτοις,
1598 2145 1677 2198 ὅτι
1707 2145 1910 2215 ψευσά-

335 2250 489 2302 μενοι
517 2234 616 2304 μέν
639 2250 770 2287 ποτε
787 2237 848 2288 ού
876 2236 1001 2290 καθ’
1030 2237 1299 2301 ἑκούσιον,
1333 2238 1653 2309 αἰδούμεθα,
1682 2241 1778 2293 καὶ
1812 2258 1906 2309 μευ

333 2325 710 2395 ταμελόμεθα,
763 2329 858 2380 καὶ
885 2327 1307 2398 ἀπολογούμεθα
1353 2329 1495 2400 ὑπὲρ
1538 2331 1699 2401 ἡμῶν
1726 2331 1908 2385 αὐτῶν

332 2416 568 2486 ότιμάλα
597 2418 924 2481 σπουδαίως,
949 2421 1043 2474 καὶ
1074 2421 1407 2492 συγγνώμην
1429 2422 1808 2493 ἐξαιτούμεθα,
1834 2425 1910 2494 μὴ

333 2509 428 2562 καὶ
451 2508 670 2579 ἁλῶμεν
690 2509 784 2563 τοῦ
803 2510 1121 2579 ψεύδεσθαι.
1145 2512 1353 2576 ’Δλλως
1374 2514 1430 2566 δὲ
1449 2513 1768 2585 ψευδόμενοι
1787 2515 1910 2568 κατ’

334 2602 653 2667 ἐπίγνωσιν,
687 2604 782 2656 καὶ
822 2604 1157 2674 τεχνώμενοι
1194 2603 1298 2675 τὴν
1324 2605 1703 2674 ψευδολογίαν,
1747 2609 1908 2661 όποῖα

334 2693 429 2745 καί
459 2711 513 2745 τι
541 2693 797 2763 λαμπρὸν
818 2697 1184 2766 ἐπιτήδευμα,
1208 2696 1352 2750 κατὰ
1377 2697 1484 2750 τῶν
1513 2699 1669 2752 οὐδὲν
1718 2700 1910 2754 αίτίων

333 2783 705 2853 ἁδρυνόμεθα,
745 2787 821 2850 ὡς
848 2787 959 2841 οὐδ’
1002 2787 1068 2842 ἂν
1101 2790 1492 2859 τρισαριστεὺς
1525 2791 1669 2843 κατὰ
1717 2791 1908 2860 ὁμοίου

331 2876 502 2941 τινὸς,
521 2878 677 2949 νίκης
696 2880 838 2949 μίγα
861 2880 1020 2943 κῦδος
1035 2881 1333 2951 ἀράμενος,
1353 2884 1448 2935 καὶ
1465 2883 1575 2935 οὐδ’
1599 2883 1665 2936 ἂν
1681 2884 1710 2936 ό
1734 2883 1908 2952 μέγας

335 2969 508 3025 Δαυῖδ
559 2968 731 3037 οὕτως
766 2971 1141 3042 ἠγαλλιάσατο
1171 2973 1204 3043 ἢ
1250 2975 1622 3043 ἐκαυχήσατο,
1656 2973 1749 3026 τὸν
1790 2975 1907 3027 ἀλιι

332 3064 526 3134 τήριον
546 3062 719 3117 Σαοὺλ
751 3065 1120 3135 καταρῤίψας,
1148 3066 1223 3128 ὡς
1253 3068 1416 3136 ἡμεῖς
1440 3065 1653 3136 μεγάλα
1681 3066 1909 3137 φρονοῦο

336 3172 462 3226 μεν,
498 3157 587 3209 ὅτε
615 3156 705 3210 διὰ
732 3157 1011 3228 περινοίας
1048 3159 1433 3228 ὁρκωμοτικῆς
1472 3157 1907 3231 περιεγενόμεθά

332 3263 483 3310 τινος
510 3247 769 3318 ἀδελφοῦ,
800 3251 937 3305 ὅπου
981 3267 1046 3318 γε
1078 3250 1200 3304 οὐδὲ
1245 3251 1529 3321 ἀλλοτρίου
1575 3250 1724 3313 τινὸς
1765 3250 1908 3304 οὕτω

331 3340 841 3409 καταστοχάζεσθαι
864 3343 992 3412 χρὴ,
1020 3341 1096 3414 μὴ
1126 3342 1210 3395 ὅτι
1237 3359 1303 3410 γε
1334 3340 1691 3412 Χριστιανοῦ,
1719 3341 1907 3411 ὁμοίου

334 3434 493 3503 ἡμῖν.

405 3522 506 3578 16'.
528 3524 716 3581 ἰἀῦτα
742 3526 805 3595 δὴ
834 3527 1032 3592 πάντα,
1068 3527 1166 3580 καὶ
1196 3521 1295 3582 ὅσα
1318 3525 1553 3583 τοιαῦτα
1578 3528 1909 3598 χαρακτῆρα

330 3614 566 3684 ψεῦδους
599 3616 934 3688 ὑπογράφει,
974 3618 1196 3687 ψευδεῖς
1230 3613 1373 3671 εἶναι
1409 3616 1705 3682 δείκνυσιν,
1739 3617 1787 3670 εί
1815 3616 1911 3670 καὶ

338 3704 417 3776 μὴ
449 3705 661 3771 πάντας
688 3707 1034 3778 ἀνθρώπους,
1067 3708 1204 3763 ἀλλὰ
1246 3707 1383 3778 γοῦν
1418 3708 1566 3780 ἡμᾶς
1607 3709 1734 3771 τοὺς
1765 3706 1911 3761 οὕτω

331 3799 720 3868 διακειμένους
743 3818 810 3855 πε
820 3802 873 3872 pl.
898 3800 999 3871 τὴν
1022 3800 1306 3872 ἀλήθειαν.
1357 3801 1572 3856 Ἐκεῖνο
1599 3802 1657 3856 δὲ
1687 3799 1808 3864 πῶς
1841 3800 1910 3853 ἂν

334 3889 426 3961 εἴη
458 3892 824 3960 ἀνθρώπινον,
869 3895 901 3964 η
937 3895 1010 3963 μὴ
1046 3893 1340 3962 ψευστικδν
1382 3893 1828 3965 ἀνθρωπότητος,
1862 3895 1910 3945 εί

334 3982 448 4035 τῶν
471 3985 912 4055 σπουδαιοτέρων
955 3986 1134 4055 ἔργων
1168 3985 1458 4055 ἀφέμενοι,
1487 3984 1777 4056 καθήμεθα
1809 3981 1915 4054 μά·-

332 4091 436 4143 την
459 4074 603 4129 οὕτω
639 4077 769 4146 περὶ
798 4077 1026 4146 ζήτησιν
1060 4076 1157 4130 τοῦ
1202 4079 1325 4131 κατ’
1356 4076 1624 4148 ἀλλήλους
1664 4075 1783 4146 βίον
1816 4091 1913 4126 πο-

330 4165 588 4236 νούμενοι
614 4169 708 4221 καὶ
731 4168 1177 4237 διερευνώμενοι,
1194 4169 1256 4222 οὐ
1313 4169 1395 4232 τίς
1418 4168 1643 4237 ἀγαθὸς,
1678 4167 1762 4230 τίς
1789 4166 1913 4221 ἐνά-

335 4275 517 4328 ρετος,
562 4257 646 4322 τίς
692 4259 960 4327 φιλόθεος,
1002 4260 1139 4314 ἀλλὰ
1185 4260 1271 4321 τίς
1313 4259 1681 4329 ὲφάμαρτοςς
1715 4259 1806 4314 ἵνα
1854 4259 1910 4312 τί

333 4350 589 4406 ἐντεῦθεν
607 4354 984 4423 κερδήσωμεν;
1003 4353 1063 4405 τὸ
1081 4352 1480 4422 καταγράφειν,
1499 4353 1561 4404 τὸ
1581 4351 1907 4420 καταγελᾷν,

2007 3892 2108 3943 aut
2138 3903 2247 3944 non
2279 3888 2641 3944 humanitatis
2670 3886 2967 3951 mentiens,

2013 1870 2372 1925 tionabilibus
2461 1867 2819 1922 animalibus.
2869 1863 2934 1919 Et
2983 1864 3125 1918 forte
3192 1865 3284 1932 qui
3333 1880 3438 1916 nou
3497 1871 3583 1915 est

2010 1974 2205 2017 scusus
2270 1968 2495 2027 compos
2544 1959 2685 2011 maia
2741 1958 2887 2011 dicet
2911 1954 2979 2008 de
3035 1956 3245 2025 optimo
3296 1952 3582 2008 hominum

2010 2054 2174 2117 dono,
2210 2051 2591 2121 intelligentia,
2632 2051 2791 2120 quasi
2825 2048 3063 2117 pessima
3126 2057 3298 2102 esset.

2082 2147 2171 2200 51.
2203 2143 2359 2210 Quod
2402 2144 2758 2214 praeteream
2816 2140 3027 2214 talibus
3081 2139 3240 2209 pejus
3294 2147 3399 2200 cet,
3459 2150 3580 2191 νυνι

2013 2235 2153 2289 forte
2179 2248 2301 2304 post
2331 2236 2562 2289 invitum
2600 2233 2967 2297 mendacium,
2989 2232 3387 2296 erubescimus,
3407 2241 3459 2285 et
3484 2244 3585 2283 nos

2013 2328 2234 2395 pmnilet
2257 2336 2306 2381 et
2333 2342 2496 2396 quam
2532 2323 2958 2393 diligentissime
2985 2337 3209 2378 causam
3238 2322 3583 2376 defendimus

2015 2428 2257 2472 nostram
2322 2427 2485 2488 atque
2540 2418 2756 2472 veniam
2790 2414 3167 2486 postulamus,
3203 2430 3270 2470 ne
3318 2413 3583 2468 mendacii

2012 2509 2425 2565 convincamur.
2489 2509 2532 2563 E
2606 2521 2800 2565 contra
2845 2508 2891 2565 si
2947 2508 3190 2564 scienter
3265 2500 3583 2562 mentiendo

2010 2613 2322 2657 commenta
2356 2603 2658 2658 machinati
2686 2619 2902 2669 sumus,
2928 2611 3063 2657 tunc
3092 2602 3248 2671 quasi
3282 2602 3351 2656 de
3385 2596 3583 2670 agendi

2016 2696 2227 2749 ratione
2253 2694 2631 2758 meritissima,
2676 2711 2802 2751 eum
2865 2695 3121 2750 absolute
3191 2692 3584 2749 innocentibus

2014 2787 2332 2857 gloriamur,
2357 2785 2502 2841 sicut
2562 2802 2663 2842 nec
2718 2788 2987 2856 gloriatur
3035 2794 3119 2841 ter
3168 2792 3466 2838 coronatus
3517 2780 3587 2835 de

2010 2869 2267 2936 similiter
2286 2880 2549 2947 praeclare
2586 2878 2750 2944 facto,
2785 2879 3026 2933 victoriae
3052 2891 3309 2945 magnum
3334 2873 3580 2928 bravium

2014 2969 2296 3035 referens;
2359 2986 2459 3025 nec
2516 2971 2599 3024 sic
2649 2971 2867 3025 laetatus
2900 2979 2985 3024 est
3012 2983 3245 3037 magnus
3272 2963 3445 3019 David
3485 2969 3582 3016 aut

2012 3078 2070 3118 se
2103 3061 2300 3118 extulit
2362 3076 2483 3117 cum
2527 3063 2669 3115 hanc
2722 3068 2930 3129 pestem
2973 3054 3397 3127 Saul(Goliath)
3450 3066 3583 3123 pro-

2013 3153 2233 3217 Stravit,
2266 3152 2414 3207 sicut
2466 3166 2570 3207 nos
2640 3152 2839 3221 magna
2886 3150 2954 3205 de
3002 3150 3161 3204 nobis
3208 3147 3474 3202 sentimus
3517 3159 3584 3197 eo

2011 3245 2156 3315 quod
2184 3244 2389 3299 astutia
2410 3244 2732 3313 iuramento
2761 3243 2974 3296 [innata
3008 3240 3234 3295 fratrem
3261 3239 3577 3293 circumve«

2013 3335 2218 3397 nimus,
2251 3335 2380 3388 dum
2416 3348 2516 3389 nec
2544 3335 2782 3388 alienum
2816 3347 3146 3404 quemquam
3172 3339 3426 3402 appetere
3446 3326 3584 3383 lice-

2013 3437 2117 3491 ret,
2143 3424 2341 3482 nedum
2370 3427 2741 3482 Christianum
2783 3427 2942 3481 nobis
2972 3425 3228 3480 similem.

2083 3518 2175 3575 3‘2.
2209 3519 2334 3575 Ilaec
2370 3519 2554 3574 omnia
2609 3530 2664 3575 et
2730 3532 3072 3589 quacunque
3118 3516 3260 3570 tales
3314 3511 3581 3567 mendacii

2015 3623 2160 3667 nota:
2190 3611 2503 3682 designant,
2544 3611 2839 3666 memiaees
2880 3625 3002 3665 esse
3046 3608 3349 3664 ostendunt
3380 3604 3427 3659 si
3469 3617 3577 3658 non

2012 3714 2241 3761 cunctos
2286 3704 2561 3772 homines,
2611 3705 2804 3759 saltem
2852 3718 2953 3759 nos
2990 3702 3070 3757 sic
3109 3715 3238 3771 erga
3290 3696 3574 3753 veritatem

2013 3796 2312 3853 animatos.
2369 3794 2509 3853 illud
2553 3808 2687 3851 vero
2741 3796 3015 3865 quomodo
3065 3794 3367 3848 humanum
3413 3800 3579 3851 esset,

3062 3886 3109 3939 si
3161 3884 3347 3941 studio
3380 3881 3582 3953 dignas

2011 3996 2209 4050 cperas
2238 3982 2746 4055 praetermittentes,
2784 3993 2923 4034 vane
2952 3978 3209 4033 sedentes
3261 3976 3316 4029 in
3343 3975 3576 4027 aliorum

2016 4073 2139 4127 vitae
2187 4072 2592 4144 indagationem
2630 4070 2850 4126 solliciti
2898 4076 2953 4123 et
2997 4066 3340 4136 inquirentes
3385 4078 3580 4117 sumus

2014 4179 2121 4219 non
2150 4164 2276 4233 quis
2303 4165 2502 4228 bonus,
2546 4163 2672 4232 quis
2709 4158 3023 4221 laudabilis,
3071 4156 3198 4225 quis
3259 4153 3430 4209 Deum
3458 4152 3583 4207 dili-

2011 4269 2170 4324 gens.
2198 4256 2294 4309 sed
2322 4255 2447 4322 quis
2472 4252 2770 4322 peccator?
2801 4252 2868 4305 Et
2895 4249 3027 4317 quid
3082 4248 3222 4303 lucri
3259 4246 3462 4301 exinde
3490 4261 3580 4300 re.

2014 4344 2354 4414 portabimus
2384 4344 2407 4397 ?
2444 4358 2740 4407 accusare,
2781 4341 3035 4402 irridere,
3070 4337 3267 4392 acerbe
3301 4336 3580 4394 cavillari.

330 4443 398 4496 τὸ
421 4441 719 4508 σκώπτειν,
750 4446 810 4498 τὸ
833 4444 1168 4509 διαϐάλλειν,
1196 4443 1259 4496 τὸ
1284 4442 1665 4510 συκοφαντεῖν,
1699 4440 1795 4493 καὶ
1817 4439 1906 4493 διὰ

2018 4437 2356 4501 insimulare,
2389 4435 2737 4498 calumniari,
2763 4432 3134 4499 omnibusque
3194 4428 3315 4483 istis
3379 4428 3580 4483 rodere

333 4535 562 4590 πάντων
582 4536 790 4590 τούτων
813 4536 1288 4608 ἀνθρωποφαγεϊνο
1313 4528 1377 4588 οὗ
1405 4533 1458 4586 τί
1491 4533 1558 4586 ἂν
1581 4534 1669 4601 είη
1707 4531 1910 4602 μιαρώι

331 4646 497 4699 τερον
521 4629 618 4682 καὶ
648 4628 1098 4700 θεομισέστερον;

404 4722 512 4789 λγ’.
544 4721 610 4775 Ei
632 4721 689 4775 δὲ
718 4720 813 4774 καλ⁴
836 4719 1013 4782 ἄλλως
1038 4716 1398 4772 ὲπελευστὲον
1425 4718 1495 4771 τὰ
1525 4716 1619 4770 τοῦ
1649 4716 1905 4786 ψεύδους,

331 4812 652 4884 ψευδόμεθα
681 4811 783 4883 τὴν
813 4810 1062 4881 πορείαν,
1090 4811 1221 4863 ὅταν
1249 4809 1298 4862 oi
1329 4807 1489 4870 πόδες
1517 4806 1674 4877 ἡμῶν
1704 4809 1785 4870 είς
1813 4824 1911 4860 κα-

333 4904 466 4959 κίαν
485 4902 780 4973 τρέχωσιν.
817 4902 930 4956 Οὐκ
965 4899 1367 4970 ἐπαληθεύεται
1401 4900 1537 4969 ἡμῖν
1571 4897 1748 4969 οὐδὲή
1783 4898 1910 4952 στά-

334 5012 446 5061 σις,
472 4996 560 5048 ὅτε
593 4992 1006 5063 ύπενδιδόαμεν,
1031 4991 1133 5063 τῆς
1168 4989 1567 5060 σταθερότητος
1597 4989 1660 5039 τὸ
1689 4989 1748 5040 ὲν
1774 4993 1910 5055 ἁγα-

335 5088 455 5150 θοῖς
477 5086 872 5154 ἀπολεγόμενοι
903 5084 1188 5149 στάσιμον.
1210 5080 1535 5151 Ψευδόμεθα
1562 5079 1664 5143 τὰς
1692 5078 1904 5150 ἡδονὰς,

336 5177 432 5230 ὅτε
464 5174 953 5245 παρεξηυλημέναι
988 5173 1089 5226 οὐκ
1118 5172 1407 5244 εὐρύθμως
1448 5173 1505 5226 ἐν
1543 5173 1675 5241 ἡμῖν
1700 5170 1908 5243 ἁρμότ-

332 5281 549 5319 τονται.
582 5263 911 5334 Ψευδόμεθα
939 5263 1039 5326 τὰς
1062 5262 1261 5328 λύπας,
1286 5263 1453 5333 ἡνίκα
1482 5264 1567 5331 ἐφ’
1599 5257 1683 5324 οἷς
1710 5264 1770 5315 οὐ
1803 5262 1910 5332 χρὴ

335 5357 747 5427 παθαινόμεθα.
773 5354 1098 5425 Ψευδόμεθα
1127 5355 1187 5407 τὸ
1212 5354 1440 5417 κλαίειν,
1470 5357 1560 5409 ὅτε
1590 5354 1685 5406 καὶ
1716 5372 1913 5426 κροκο·

334 5450 669 5522 δειλίζομεν,
709 5451 797 5519 ἐφ’
846 5442 937 5511 αἷς
975 5448 1052 5517 μὴ
1099 5445 1299 5516 ἔχομεν
1326 5447 1638 5500 κατεσθίειν
1680 5446 1910 5517 ὁλοκλή-

339 5564 454 5620 ρως
485 5547 610 5609 τοῦς
634 5541 921 5613 ἀδελφούς.
950 5541 1061 5594 Καὶ
1086 5539 1192 5610 γάρ
1218 5556 1299 5593 τοι
1326 5540 1419 5592 καὶ
1450 5538 1790 5608 κροκόδειλος
1814 5555 1911 5591 ποι

336 5638 540 5710 τάμιος
570 5634 858 5707 ἀνθρώπου
887 5632 1330 5705 περιγενόμενος,
1359 5631 1452 5684 καὶ
1476 5630 1566 5682 τὸν
1591 5630 1712 5683 ὅλον
1741 5648 1912 5684 κατα-

337 5733 557 5797 σπάσας
577 5730 708 5802 ᾶχρι
741 5729 833 5784 καί
866 5728 946 5791 εἰς
988 5724 1255 5795 κεφαλὴν,
1287 5720 1403 5776 εἶτα
1453 5720 1644 5790 μαθὼν
1669 5722 1909 5792 ἄσαρκόν

2013 4528 2262 4582 homines
2295 4542 2310 4591 ;
2358 4541 2465 4596 quo
2491 4526 2620 4595 quid
2645 4524 2939 4579 scelestius
2974 4560 2991 4586 ,
3019 4521 3154 4592 quid
3206 4519 3405 4591 majori
3451 4520 3581 4576 odio

2012 4633 2196 4673 coram
2248 4617 2398 4672 Deo?

2082 4711 2172 4765 55.
2207 4708 2264 4765 Si
2286 4724 2339 4765 et
2360 4710 2581 4766 aliunde
2606 4709 2813 4765 mentio
2857 4708 2926 4764 de
2966 4709 3254 4765 mendacio
3301 4707 3580 4774 habenda,

2014 4804 2131 4856 vias
2154 4812 2373 4858 nostras
2395 4801 2948 4873 meptinmr,quando
2975 4801 3137 4870 pedes
3164 4800 3339 4855 nostri
3366 4801 3581 4855 veloces

2014 4892 2068 4949 in
2099 4895 2304 4948 malum
2338 4903 2593 4949 currunt.
2627 4891 2739 4948 Nec
2768 4893 2972 4949 veritas
3011 4905 3097 4948 est
3150 4894 3295 4963 apud
3322 4906 3425 4947 nos
3465 4898 3581 4945 sta-

2013 4988 2111 5053 tio,
2154 4988 2376 5060 quando
2406 4996 2555 5044 retro
2581 4988 2849 5047 cedimus.
2879 4986 3201 5042 recedentes
3227 5000 3256 5038 a
3281 4981 3580 5038 stabilitate

2012 5099 2109 5154 per
2165 5087 2458 5140 stationem
2518 5084 2572 5138 in
2618 5084 2801 5139 bonis.
2855 5080 3153 5136 Mentimur
3224 5076 3574 5144 voluptates,

2015 5177 2238 5245 quando
2270 5179 2561 5233 exstinette
2610 5191 2721 5230 non
2769 5174 2934 5228 nobis
2967 5167 3327 5224 concordant.
3382 5162 3578 5218 Menti-
3613 5174 3625 5186 θ

2015 5283 2139 5322 mur
2196 5283 2463 5323 mterores
2523 5264 2743 5333 quando
2804 5263 2871 5315 de
2925 5259 3129 5327 quibus
3196 5269 3306 5308 non
3359 5258 3578 5322 oportet

2014 5360 2183 5415 corde
2249 5358 2559 5426 amigimur.
2592 5354 2884 5409 Mentimur
2949 5344 3324 5417 lacrymaudo,
3354 5343 3577 5414 quando

2014 5453 2286 5508 malitiose
2317 5450 2509 5505 ﬂemus
2536 5440 2793 5499 crocodili
2834 5452 3008 5502 more,
3035 5451 3100 5490 eo
3127 5435 3270 5504 quod
3304 5432 3463 5488 nobis
3485 5433 3580 5489 dc-

2016 5541 2087 5595 sit
2125 5538 2351 5593 omnino
2383 5537 2582 5587 fratres
2625 5525 2924 5582 devorandi
2957 5524 3222 5578 lacultas.
3287 5520 3382 5576 Sic
3427 5521 3576 5576 enim

2015 5626 2399 5685 eterocodilus
2455 5618 2736 5676 ﬂuviatilis
2794 5625 3019 5685 arrepto
3075 5613 3319 5674 homine,
3353 5619 3581 5683 totoque

2014 5729 2209 5776 vorato
2257 5729 2435 5787 usque
2457 5714 2525 5770 ad
2555 5717 2719 5782 caput
2742 5707 2975 5778 ;deinde
2996 5705 3349 5763 macilentum
3370 5719 3493 5763 esse
3517 5712 3577 5763 et
