4026 6248
384 224 523 289 1059

1091 219 1503 281 EUSTATIIII
1543 217 1903 281 EPISTOLA
1949 218 2047 277 AD
2111 220 2891 283 THESSALONICENSES.

3465 211 3600 276 1060

379 332 450 385 ad
507 329 930 386 nutricatiouem
986 328 1177 383 inutile
1239 340 1403 397 caput
1450 329 1716 398 cogitans,
1766 328 1941 394 lacry-

2057 331 2214 400 ιὺτὴν
2249 325 2388 383 εἶναι
2417 331 2511 383 καὶ
2540 331 2764 399 ἀχρείαν
2796 331 2877 391 εἰς
2909 325 3138 397 βρῶσιν,
3170 323 3380 378 κλαίειν
3409 323 3602 386 ἐθέλει,

382 437 532 477 mare
586 422 720 487 vult,
781 438 890 477 non
930 437 1040 491 prae
1092 420 1463 475 misericordia
1507 421 1598 474 sed
1649 419 1777 486 quia
1805 417 1939 470 lucri

382 526 574 581 parum
609 520 731 567 erat
766 514 819 566 in
860 513 1093 581 reliquo.
1148 511 1443 566 Mentimur
1495 521 1705 579 portam
1746 508 1838 562 Dei
1886 507 1939 559 in

383 603 544 657 nobis
573 603 914 668 claudentes,
949 604 1002 657 in
1050 603 1251 672 quibus
1272 602 1560 658 dissoluta
1585 599 1786 654 ostium
1827 611 1942 651 ma-

385 708 551 761 gnum
606 693 812 747 habent
866 706 1062 750 euntes
1121 705 1175 749 et
1224 695 1517 748 redeuntes
1573 690 1940 745 sensationes.

385 784 731 852 Aspicientcs
758 799 865 839 non
895 785 1220 853 aspicimus,
1273 800 1370 838 uec
1396 783 1650 839 novimus
1698 780 1943 850 quidem.

387 874 590 943 Dignos
636 875 781 929 enim
835 874 1197 944 contemplari
1257 874 1643 944 dedignamur.
1709 872 1946 926 Hebeta-

390 980 512 1018 mur
534 965 667 1019 boni
711 965 900 1021 odoris
924 968 1219 1034 incapaccs
1270 964 1321 1017 in
1359 964 1485 1018 vitae
1524 964 1639 1017 luto
1685 962 1942 1027 volutati,

390 1070 489 1109 nec
513 1070 614 1109 nos
673 1055 825 1125 ipsos
849 1056 1183 1110 inclinantes
1216 1054 1283 1107 ad
1311 1054 1403 1107 Dei
1442 1054 1646 1108 bonum
1675 1055 1900 1108 odorem
1928 1091 1943 1117 ,

390 1143 457 1197 ad
488 1143 756 1198 altissima
802 1130 1117 1198 tendentem
1150 1143 1310 1210 quasi
1367 1142 1691 1212 thymiama.
1740 1141 1943 1195 Auditu

390 1233 646 1288 audimus
672 1244 727 1288 et
753 1249 862 1288 nou
889 1233 1270 1301 intelligimus.
1320 1233 1611 1286 Mentimur
1642 1242 1696 1285 et
1721 1241 1944 1301 gustum

391 1327 611 1395 quando
633 1342 740 1380 non
768 1336 1051 1395 gustamus
1079 1325 1218 1378 adeo
1248 1334 1303 1377 ut
1337 1324 1622 1377 videamus
1668 1328 1794 1392 quia
1826 1340 1950 1378 sua-

392 1417 474 1470 vis
497 1417 778 1470 Dominus.
813 1408 1206 1484 Tactus‘porro
1226 1413 1462 1482 peccatis
1492 1413 1607 1482 ipse
1631 1427 1736 1466 non
1768 1426 1947 1481 caret,

392 1507 521 1576 quia
587 1507 848 1561 omnibus
917 1507 1174 1559 sensibus
1267 1504 1563 1570 arripimus
1637 1521 1759 1574 quae
1839 1522 1948 1561 non

393 1607 629 1669 oportet.
658 1600 786 1653 Dico
821 1607 876 1652 et
923 1611 1123 1651 novum
1162 1597 1362 1664 aliquid
1406 1612 1505 1665 pro
1537 1597 1754 1651 multis:
1794 1614 1943 1652 men-

391 1689 561 1742 timur
617 1690 673 1741 in
731 1687 975 1742 amicitia
1034 1696 1089 1742 et
1141 1687 1498 1749 inimicitias,
1536 1702 1643 1741 non
1710 1688 1834 1743 ideo
1894 1698 1954 1744 ut

391 1780 679 1834 laudemur
709 1780 779 1833 ob
837 1779 963 1833 mali
1015 1777 1308 1843 defectum,
1355 1780 1450 1834 sed
1503 1781 1632 1849 quia
1653 1796 1756 1836 nec
1820 1782 1952 1836 illud

390 1878 546 1923 reeta
586 1868 774 1938 regula
816 1866 1072 1933 facimus,
1127 1884 1229 1923 nec
1263 1870 1390 1925 odio
1438 1870 1705 1924 habemus
1726 1887 1823 1927 eos
1862 1873 1951 1942 qui

392 1960 552 2015 nobis
606 1960 733 2014 odio
787 1972 910 2015 esse
958 1958 1172 2014 debent.
1210 1960 1352 2014 Sunt
1410 1962 1751 2025 cuim,sunt
1816 1980 1956 2033 quos

394 2051 520 2106 odio
543 2051 653 2107 Deo
670 2053 823 2106 suavi
843 2052 1060 2108 odimus
1081 2060 1136 2105 et
1157 2052 1510 2119 implacabili,
1535 2068 1675 2123 quos
1703 2066 1756 2108 et
1789 2054 1955 2109 David

396 2144 721 2214 insipienter
751 2146 1004 2200 odientes
1028 2145 1339 2201 detestatur
1371 2146 1497 2201 odio
1534 2161 1820 2217 supremo.

463 2236 554 2291 54.
591 2236 698 2292 Sed
729 2237 864 2291 inibi
898 2236 1213 2293 necessario
1243 2236 1405 2291 tinem
1443 2237 1662 2306 impono
1691 2254 1798 2306 pra:
1832 2240 1957 2294 lior-

395 2343 521 2384 rore
539 2329 881 2398 (exsecratus
905 2344 1025 2384 sum
1044 2329 1188 2384 enim
1211 2329 1505 2384 immanem
1532 2330 1671 2384 hanc
1695 2330 1955 2395 belluam,

396 2421 762 2487 inimicitiam,
785 2428 1045 2490 tanquam
1074 2430 1128 2475 et
1149 2421 1451 2475 daamonem
1477 2421 1657 2489 ipsum
1687 2422 1779 2491 qui
1808 2423 1955 2476 illam

401 2511 541 2564 intra
571 2498 723 2580 septa
751 2512 1051 2578 continet),
1089 2510 1142 2564 in
1176 2511 1348 2579 ipsam
1400 2525 1552 2564 arma
1590 2526 1805 2565 sumam
1850 2513 1957 2567 alio

399 2614 670 2661 sermone.
719 2616 829 2667 quo
863 2603 1091 2670 sagittas
1150 2602 1408 2654 emittens
1438 2606 1603 2669 prout
1632 2611 1857 2656 sanctus
1879 2604 1958 2656 di-

400 2691 540 2767 riget
611 2690 847 2760 Spiritus
913 2691 1007 2758 qui
1059 2688 1324 2744 adversus
1380 2689 1650 2758 ejusmodi
1681 2692 1821 2746 mala
1854 2694 1956 2748 tela

400 2780 572 2846 cudit,
609 2780 943 2850 vosjudices
967 2780 1034 2834 de
1071 2788 1225 2833 tanto
1256 2794 1423 2849 opere
1464 2796 1700 2836 sumam.
1733 2780 1953 2837 Interim

401 2870 671 2927 auxilium
702 2871 829 2924 mihi
867 2871 922 2922 in
954 2869 1240 2924 molitione
1270 2870 1375 2926 ista
1422 2871 1670 2940 praebere
1722 2872 1954 2943 incipite

2042 423 2101 475 οὐ
2134 424 2271 493 πρὸς
2321 420 2526 485 οἶκτον,
2554 422 2671 475 ἀλλ’
2703 422 2784 474 ὅτι
2817 419 2990 489 μικρὰ
3018 417 3296 486 κερδαίνει
3323 414 3419 469 τοῦ
3444 415 3609 484 ἐγκα-

2042 513 2434 581 ταλείμματος.
2492 510 2822 579 Ψευδόμεθα
2871 510 2930 561 τδ
2978 507 3327 575 τεθυρῶσθαι
3373 506 3465 558 τδν
3514 503 3606 559 τοῦ

2044 605 2178 656 Θεοῦ
2214 607 2271 656 ἐν
2297 606 2431 672 ἡμῖν
2462 600 2634 664 οἷκον,
2659 598 2742 664 οἷς
2770 601 2952 655 ἄνετοι
2975 599 3368 667 διαχάσκουσιν
3398 600 3453 650 αἱ
3489 596 3608 650 κατ’

2044 698 2208 748 αὑτὸν
2241 694 2614 758 εἰσοδοέξοδοι,
2648 696 2703 746 αἱ
2746 693 2834 745 διὰ
2862 691 2971 745 τῶν
3022 691 3351 760 αἰσθήσεων.
3381 688 3612 741 Βλέπον-

2044 805 2135 850 τις
2172 789 2234 840 οὐ
2269 786 2560 857 βλέπομεν,
2595 786 2706 840 οὐδ’
2748 786 2809 838 οὐ
2843 786 2917 853 μὴ
2959 783 3183 852 ἴδωμεν.
3233 780 3611 851 Παρορὼμεθα

2046 879 2155 950 γὰρ
2183 880 2311 940 τοὺς
2341 879 2528 943 ἀξίους
2550 875 3009 947 προσδλέπεσθαι.
3041 873 3520 940 Δυσαισθητοῠμεν
3544 872 3610 924 τὰ

2049 972 2128 1032 εἰς
2157 969 2369 1035 ἀγαθὴν
2417 968 2651 1036 ὅσφραν,
2699 965 2982 1036 βορϐόροις
3040 964 3157 1033 βίου
3210 961 3607 1030 ὲγκυλιόμενοι,

2049 1058 2145 1111 καὶ
2179 1059 2239 1110 οὐ
2271 1057 2629 1121 σκευάζοντες
2655 1056 2802 1125 ἡμᾶς
2833 1054 3031 1116 αὐτοὺς
3060 1055 3140 1115 εἰς
3178 1050 3410 1104 εὐωδίαν
3440 1050 3610 1111 θείαν,

2051 1146 2525 1216 κατευθυνομένην
2548 1148 2627 1207 εἰς
2655 1147 2743 1197 τὸν
2767 1143 3031 1212 ’Ὕψιστον
3051 1143 3123 1204 ὥς
3147 1142 3420 1211 θυμίαμα.
3449 1142 3611 1208 ’Ᾱκοῇ

2051 1236 2345 1305 ἀκούομεν,
2371 1236 2463 1288 καὶ
2491 1236 2552 1287 οὐ
2588 1234 2856 1302 συνίεμεν,
2896 1231 3220 1301 Ψευδόμεθα
3251 1232 3344 1285 καὶ
3372 1231 3474 1300 τὴν
3501 1229 3615 1297 γεῦ-

2054 1344 2159 1392 σιν,
2187 1331 2276 1382 ὅτε
2312 1328 2384 1396 μὴ
2415 1326 2710 1395 γευόμεθσ,
2743 1325 2883 1378 ὥστε
2907 1326 3003 1376 καὶ
3039 1326 3186 1383 ἰδεῖν,
3219 1324 3300 1376 ὅτι
3332 1321 3568 1392 χρηστὸς
3589 1323 3615 1374 ὁ

2053 1419 2277 1489 Κύριος.
2329 1420 2390 1471 Ἠ
2430 1420 2486 1473 δὲ
2517 1419 2651 1487 ἁφὴ,
2692 1417 2806 1472 ἀλλ’
2845 1418 2984 1486 αὐτὴ
3025 1415 3504 1485 πολυαμάρτητος,
3534 1414 3599 1481 ἐφ

2052 1509 2133 1574 οἷς
2169 1512 2516 1581 δραττόμεθα
2546 1512 2688 1563 κατὰ
2722 1512 2903 1563 πᾶσαν
2954 1510 3232 1575 αἴσθησιν.
3259 1501 3334 1563 ὧν
3386 1507 3460 1575 μὴ
3487 1507 3613 1576 χρή.

2058 1603 2211 1656 Εἴπω
2236 1604 2326 1656 καί
2349 1622 2400 1656 τι
2451 1604 2659 1668 ξενίζον
2684 1604 2808 1662 τοὺς
2834 1600 3089 1663 πολλοὺς.
3122 1599 3454 1668 Ψευδόμεθα
3484 1597 3617 1667 πρὸς

2055 1699 2121 1765 τῇ
2150 1696 2302 1764 φιλίᾳ
2330 1698 2423 1747 καὶ
2454 1694 2625 1763 αὐτὴν
2653 1694 2752 1763 τὴν
2784 1693 3005 1762 ἔχθραν,
3037 1692 3136 1761 οὐχ
3163 1690 3307 1743 ὥστε
3336 1690 3443 1760 μὴν
3468 1690 3621 1741 ἐπαι-

2056 1785 2264 1838 νεῖσθαι
2306 1784 2395 1837 διὰ
2435 1784 2532 1853 τὴν
2561 1782 2656 1834 τοῦ
2706 1783 2878 1835 κακοῦ
2928 1784 3205 1849 στέρησιν,
3257 1777 3374 1831 ἀλλ’
3412 1778 3498 1829 ὅτι
3547 1775 3622 1846 μὴ

2055 1872 2366 1944 ποιούμεθα
2394 1872 2515 1941 μηδ’
2541 1871 2674 1924 αὐτὸ
2695 1871 2841 1941 ὀρθῷ
2869 1869 3073 1931 κανόνι,
3093 1868 3212 1922 οὐδὲ
3242 1866 3619 1936 ἑχθραίνομεν,

2057 1963 2137 2029 οἷς
2166 1964 2565 2034 ἀπαιτούμεθα.
2602 1964 2723 2015 Εἰσὶ
2758 1963 2887 2032 γὰρ,
2922 1964 3083 2025 εἰσιν,
3112 1956 3194 2022 οἷς
3222 1958 3490 2025 θεοιριλῶς
3532 1958 3623 2024 ἔχ-

2059 2055 2363 2126 θρανοῦμεν
2389 2053 2797 2117 ἀκατάλλακτα,
2835 2051 2927 2114 οὓς
2962 2051 3056 2103 καὶ
3082 2051 3110 2102 ὁ
3158 2047 3321 2101 Δαυῖδ
3375 2045 3623 2116 ματαίως

2058 2146 2440 2219 ἐχθραίνοντας
2470 2146 2620 2214 μισεῖ
2651 2147 2806 2213 μῖσος
2834 2144 3061 2195 τέλειον.

2126 2238 2222 2293 λδ’.
2266 2237 2406 2291 Ἀλλ’
2431 2236 2666 2289 ἐνταῦθα
2700 2235 3050 2304 καταστήσας
3082 2233 3401 2300 ἀναγκαίως
3429 2232 3625 2285 τὸν-λό-

2060 2347 2153 2398 γον
2175 2328 2266 2383 διὰ
2285 2328 2382 2397 τὴν
2409 2327 2608 2397 φρεκην
2632 2326 2907 2394 (πέφρικα
2936 2324 3045 2394 γὰρ
3064 2324 3124 2375 τὸ
3158 2325 3439 2392 κᾶρχαρον
3470 2321 3627 2375 τοῦτο

2060 2420 2266 2490 θηρίον,
2293 2417 2392 2487 τὴν
2427 2416 2646 2486 ἔχθραν,
2685 2416 2825 2469 καθὰ
2853 2416 2947 2468 καὶ
2972 2415 3135 2468 αὐτὸν
3163 2415 3419 2483 δαίμονα,
3450 2414 3509 2475 ὃς
3534 2418 3630 2466 αὑ-

2059 2510 2157 2578 τὴν
2182 2508 2585 2575 λεοντοκομεί),
2622 2505 3031 2572 συσκευάσομαι
3060 2507 3180 2557 κατ’
3208 2505 3381 2573 αὐτῆς
3415 2505 3483 2557 δι’
3513 2505 3631 2558 ἑτέ·-

2061 2617 2153 2671 pou
2167 2600 2349 2668 λόγου,
2370 2600 2426 2650 ὲν
2439 2591 2480 2664 ᾧ
2496 2597 3028 2666 κατατοξασὰμενος,
3045 2597 3120 2658 ὡς
3139 2596 3201 2649 τὸ
3221 2595 3377 2662 ἅγιον
3401 2595 3626 2664 Πνεῦμα

2058 2693 2378 2764 χορηγήσει,
2398 2692 2425 2742 ὃ
2448 2690 2717 2760 βελοποιεί
2735 2691 2875 2744 κατὰ
2895 2690 3002 2743 τῶν
3022 2688 3281 2742 τοιούτων
3301 2687 3513 2754 κακῶν,
3529 2703 3631 2740 πα-

2062 2783 2270 2853 ραλήψο
2277 2799 2376 2852 μαι
2393 2781 2535 2850 ὑμᾶς
2552 2781 2936 2850 ἐπιγνώμονας
2952 2781 3049 2834 καὶ
3069 2778 3162 2832 τοῦ
3178 2779 3325 2832 τοιού
3335 2796 3426 2831 του
3442 2778 3626 2848 ἔργου.

2059 2874 2150 2944 Τῷ
2165 2874 2302 2937 τέως
2319 2872 2376 2926 δὲ
2390 2873 2624 2940 ἄρξασθέ
2646 2891 2734 2942 μοι
2759 2872 3323 2936 συνεπιλαμϐάνεσθαι
3339 2870 3439 2938 τῆς
3452 2871 3630 2939 ἐγχει-

400 2979 499 3037 per
518 2980 708 3034 preces
736 2974 789 3020 et
827 2965 1258 3034 supplicationes
1293 2966 1361 3020 ad
1394 2967 1566 3021 Deum
1590 2966 1952 3034 faltissimum,

2061 2970 2274 3038 ρήσεως
2292 2966 2505 3034 ἐκείνης
2540 2966 2630 3018 διὰ
2657 2965 2858 3034 χειρῶν
2891 2966 3145 3016 ἱκετικών
3177 2964 3255 3024 si;
3278 2962 3372 3013 τὸν
3409 2960 3629 3029 ὕψιστον

401 3072 541 3128 quas
563 3059 838 3127 erigentes
872 3058 937 3111 ad
977 3056 1150 3112 Deum
1188 3066 1243 3111 et
1294 3072 1392 3112 vos
1439 3073 1787 3113 communem
1862 3059 1960 3113 lto-

402 3157 538 3204 stem
567 3145 873 3216 conﬁgetis.
929 3149 1199 3218 Assurgat
1231 3163 1361 3218 ergo
1390 3149 1544 3205 vobis
1591 3150 1778 3204 intima
1807 3165 1959 3219 spes,

403 3252 513 3292 non
576 3239 798 3306 longum
854 3253 1150 3293 evasurum
1210 3247 1425 3309 tempus
1478 3240 1609 3309 quin
1645 3255 1957 3297 sermonem

407 3330 595 3391 alium,
630 3329 741 3385 Deo
767 3333 953 3397 dante,
976 3331 1229 3385 doctrina
1265 3332 1484 3400 plenum
1533 3332 1688 3386 vobis
1723 3332 1965 3401 protule-

407 3421 531 3485 rim,
564 3420 638 3474 ita
666 3430 724 3474 ut
757 3421 836 3475 sic
862 3421 953 3475 alii
984 3422 1109 3476 aliis
1133 3422 1437 3477 concordes
1471 3422 1668 3485 simus,
1717 3423 1845 3476 licet
1877 3424 1961 3476 lo-

406 3528 596 3567 corum
659 3511 866 3567 ﬁnibus
920 3513 1477 3577 circumscribamur,
1520 3523 1575 3567 et
1624 3515 1965 3569 disserentes

405 3596 475 3650 de
517 3598 682 3654 rebus
724 3601 837 3655 Deo
878 3602 1020 3656 caris
1059 3613 1112 3658 et
1142 3605 1400 3667 exauditi,
1433 3610 1488 3657 et
1543 3604 1625 3658 sic
1685 3603 1965 3667 deleCLati,

410 3689 635 3754 gloriam
660 3691 914 3747 dabimus
942 3693 1124 3747 Verbo
1153 3695 1243 3763 qui
1285 3694 1351 3747 ab
1388 3694 1544 3750 initio
1571 3705 1626 3749 et
1684 3704 1811 3749 ante
1861 3709 1965 3750 sa:-

412 3780 532 3834 cula
559 3790 664 3848 est,
713 3783 873 3852 cujus
903 3785 1089 3854 {gloria
1121 3785 1172 3838 in
1236 3786 1562 3841 saeculorum
1618 3788 1817 3841 saecula
1876 3803 1970 3841 ει-

414 3883 582 3939 tenta,
618 3875 774 3931 tinent
816 3878 1014 3933 habere
1041 3892 1148 3931 non
1170 3885 1346 3948 potest
1385 3892 1648 3948 unquam.
1669 3880 1864 3934 Amen.

2067 3060 2290 3131 Κύριον,
2309 3059 2374 3122 ἃς
2391 3058 2763 3118 ἀνατείνοντες
2780 3058 2856 3118 εἰς
2875 3058 3077 3108 ἐκεῖνον
3097 3052 3521 3117 κατατοξεύσετε
3542 3053 3632 3104 καὶ

2066 3152 2217 3204 αὐτοὶ
2250 3150 2392 3203 οὕτω
2417 3150 2508 3202 τὸν
2537 3149 2715 3201 κοινὸν
2746 3146 2961 3215 ἐχθρόν.
3008 3144 3431 3215 ’Υποτρεφέσθω
3450 3143 3632 3196 τοίνυν

2068 3244 2197 3313 ὑμῖν
2230 3242 2407 3307 ἐλπὶς,
2437 3241 2511 3304 ὡς
2541 3241 2600 3292 οὐ
2634 3238 2801 3300 πολὺς
2835 3235 3137 3304 παρελάσει
3174 3238 3389 3304 χρόνος,
3426 3233 3523 3285 καὶ
3552 3233 3635 3286 λό-

2068 3349 2161 3401 γον
2179 3333 2386 3402 ἓτερον,
2401 3330 2536 3383 Θεοῦ
2553 3330 2607 3380 δὲ
2628 3329 2804 3389 δόντος
2821 3326 3216 3389 διδασκαλικὸν,
3240 3327 3369 3393 ὑμῖν
3391 3324 3633 3393 ἐκφωνή-

2070 3441 2255 3493 σομεν,
2279 3423 2364 3473 ἵνα
2381 3420 2477 3474 κα)⁵
2491 3418 2633 3471 οὕτω
2652 3417 2905 3483 συνῶμεν
2932 3415 3199 3484 ἀλλήλοις,
3217 3414 3266 3466 εἰ
3284 3413 3379 3465 καὶ
3396 3412 3538 3464 κατὰ
3552 3412 3639 3463 τό·-

2073 3530 2175 3567 πον
2190 3512 2570 3583 ἁφωρίσμεθα,
2593 3509 2686 3561 καὶ
2706 3508 3020 3576 ὁμιλοῦντες
3038 3505 3105 3558 τὰ
3125 3502 3203 3573 τῷ
3222 3503 3346 3575 Θεῷ
3370 3505 3526 3572 φίλα,
3545 3502 3637 3555 καὶ

2071 3601 2322 3657 εἰσακουό
2329 3618 2480 3671 μενοι
2492 3602 2585 3653 καὶ
2601 3598 2743 3652 οὕτω
2758 3597 3106 3668 τερπόμενοι,
3123 3596 3282 3660 δόξαν
3297 3594 3640 3661 ἁναπὲμποι-

2075 3713 2175 3767 μεν
2193 3694 2270 3765 τῷ
2287 3697 2346 3749 ἐν
2358 3696 2499 3765 ἀρχῇ
2522 3693 2627 3762 πρὸ
2641 3690 2750 3744 τῶν
2767 3688 2979 3743 αἰώνων
2994 3689 3171 3758 Λόγῳ,
3191 3682 3360 3755 οὗπερ
3379 3687 3413 3755 ἡ
3426 3684 3639 3748 δόξαεις

2073 3786 2274 3849 αἰῶνας
2293 3785 2503 3839 αἰώνων
2544 3780 3012 3852 παρεκτεινομένη
3054 3779 3226 3848 πέρας
3269 3774 3450 3829 οὐκᾶν
3486 3772 3637 3842 σχοίη

2072 3879 2223 3933 ποτέ.
2271 3878 2328 3928 Ἀ
2340 3879 2466 3945 μήν.

1139 4207 1283 4269 Alia
1314 4206 1638 4268 Eustathit'
1676 4206 1916 4284 scripta
1948 4213 2145 4265 tomus
2173 4222 2429 4286 sequens
2456 4203 2900 4282 complectitur.
