4142 6378
1317 397 2034 490 TRADI'I‘IO
2161 395 3060 492 CATHOLICA.

1571 558 1976 626 SECULUM
2009 559 2142 637 XII,
2189 557 2390 623 ANNI
2419 555 2794 622 1190-1200.

1831 739 2558 846 ELENCHUS

597 945 1159 1022 auem-onum
1182 947 1318 1018 ειι·
1336 944 1760 1020 omnum
1783 945 1959 1040 om
1986 946 2106 1018 IN
2121 943 2331 1020 Hoc
2357 942 2654 1018 TOMO
2673 942 3006 1017 oxxxv
3025 923 3789 1020 cOmnsmnn.

2005 1137 2364 1158 “w-

1811 1272 2154 1376 {OANNES
2195 1269 2569 1336 ZONARAS.

595 1376 856 1438 Annales
899 1373 1371 1454 (Continuatio).
1835 1373 1844 1376 “
3434 1373 3548 1432 col.
3740 1373 3794 1432 .9

591 1471 872 1552 Epitome
897 1488 1200 1534 annorum
1229 1469 1303 1533 ab
1331 1469 1526 1533 Adam
1552 1486 1738 1549 usque
1767 1470 1844 1533 ad
1872 1487 2107 1532 annum
2133 1467 2314 1544 6589,
2350 1468 2461 1530 hoc
2487 1471 2575 1530 est
2603 1464 2686 1529 ad
2715 1466 2962 1529 initium
2989 1465 3196 1530 Atexii
3232 1467 3547 1531 Comneni.
3674 1469 3794 1532 327

591 1571 971 1650 Argumenta
1009 1586 1218 1632 rerum
1260 1585 1392 1650 qua:
1431 1570 1500 1630 in
1538 1568 1798 1631 Joannis
1838 1569 2098 1632 Zonaras
2141 1565 2480 1630 Annalibus
2520 1567 2933 1628 continentur.
3674 1566 3794 1628 333

593 1666 682 1729 De
722 1666 1022 1730 Hebdomo
1069 1665 1391 1748 Cpolitano
1433 1665 1532 1729 Du
1577 1665 1798 1748 Cangii
1838 1667 2198 1748 Disquisitio
2243 1664 2698 1747 topographica.
3675 1666 3792 1725 387

594 1763 797 1828 Canon
841 1769 904 1826 in
947 1763 1052 1826 SS.
1102 1763 1438 1841 Deiparam.
3675 1761 3794 1825 413

593 1861 895 1940 Expositio
938 1861 1245 1925 Canonum
1282 1862 1796 1926 Anastasimorum
1837 1862 2220 1939 Damasceni,
2267 1881 2336 1923 ex
2377 1864 2636 1923 editione
2689 1858 2980 1935 Romana,
3027 1876 3160 1920 cum
3207 1861 3553 1935 interpreta-

671 1965 832 2022 tione
872 1971 1094 2024 nostra.

3673 1957 3785 2020 421

590 2055 762 2130 Quod
804 2077 926 2121 non
970 2063 1224 2122 debeant
1264 2063 1383 2122 duo
1427 2062 1656 2122 sobrini
1699 2063 1967 2122 eamdem
2011 2063 2072 2120 in
2119 2060 2566 2120 matrimonium
2611 2060 2904 2134 accipere.
3673 2055 3793 2120 4‘29

591 2155 678 2218 De
719 2159 1097 2220 seminiﬂuis.
3672 2154 3790 2217 437

589 2253 896 2332 Epistolas.
3633 2252 3786 2315 Ibid.

719 2377 956 2439 (Joannis
974 2379 1186 2428 Zonarw
1198 2377 1602 2430 Commentarios
1621 2377 1678 2428 in
1699 2377 1928 2430 Canones
1949 2377 2303 2438 conciliorum,
2326 2380 2378 2427 et
2397 2377 2453 2427 in
2475 2375 2743 2439 Epistolas
2763 2376 3032 2427 canonicas
3045 2374 3138 2425 SS.
3154 2375 3377 2428 Patrum
3394 2389 3507 2428 cum

630 2513 633 2515 ί
657 2458 1052 2509 Commentariis
1078 2458 1258 2509 Theod.
1282 2457 1626 2523 Balsamonis,
1645 2459 1828 2523 quibus
1846 2460 1900 2508 in
1920 2459 2177 2510 codicibus
2197 2471 2312 2508 mss.
2334 2457 2704 2520 subjiciuntur,
2723 2455 2871 2518 infra
2888 2457 3088 2507 edimus
3107 2460 3226 2508 tom.
3251 2455 3564 2520 CXXXVII.)
3593 2531 3596 2536 Ι

1201 2573 1586 2652 GEORGIUS
1639 2573 2078 2677 QSIPHILINUS
2131 2571 2605 2636 CPOLITANUS
2661 2571 3173 2636 PATRIARCHA.

592 2703 902 2769 Decretum
947 2709 1019 2769 de
1054 2709 1290 2784 juribus
1331 2709 1785 2770 territoriorum.
3635 2708 3784 2772 Ibid.

1399 2839 1750 2928 [SAACIUS
1804 2837 2162 2902 ANGELUS
2217 2837 2690 2902 CPOLITANUS
2745 2838 2903 2905 IMP.

590 2972 850 3036 Novella:
893 2973 1384 3038 Constitutiones.
1431 2947 1436 2954 Ι
3671 2973 3790 3038 439

1699 3106 2154 3196 ῌΕΟΡΗΥΤΠΞ
2208 3105 2678 3170 PRESBYTER.

587 3237 673 3301 De
714 3243 1154 3304 calamitatibus
1197 3245 1410 3305 insulae
1453 3240 1633 3320 Cypri
1675 3207 2108 3319 imperantibus
2149 3240 2398 3304 Latinis.
3668 3242 3788 3306 495

1373 3376 1716 3439 JOANNES
1771 3376 2047 3480 QHILAS
2102 3375 2373 3439 EPHESI
2431 3374 2998 3440 METROPOLITA.

586 3505 846 3585 Notitia,
892 3508 992 3570 cui
1016 3509 1247 3572 'insunt
1286 3511 1639 3591 fragmenta
1682 3510 2042 3592 dogmatica.
3666 3511 3782 3576 501

585 3603 672 3667 De
711 3609 1090 3682 processione
1133 3605 1391 3684 Spiritus
1434 3611 1624 3671 sancti
1667 3613 1741 3670 ad
1785 3613 1931 3686 imp.
1979 3608 2394 3670 Andronicum
2436 3609 2756 3672 seniorem.
3667 3611 3787 3675 506

1025 3737 1404 3826 lleOLAUS
1457 3739 1995 3804 METHONENSIS
2047 3739 2128 3802 IN
2181 3739 2734 3804 PELOPONNESO
2788 3739 3345 3806 METROPOLITA.

587 3869 672 3932 De
713 3889 962 3949 corpore
1003 3842 1062 3934 et
1104 3877 1394 3952 sanguine
1433 3873 1676 3940 Christi.
3454 3891 3462 3897 '
3664 3877 3784 3941 509

681 3986 944 4048 (Consulto
974 3988 1252 4047 omisimus,
1285 3992 1347 4041 ut
1377 3989 1442 4040 ab
1462 3991 1706 4042 instituto
1735 3993 1917 4042 nostra
1953 3989 2176 4054 alienas,
2213 3989 2424 4043 Nicolai
2461 3989 2848 4054 Refutationem
2882 3991 3242 4043 lnstitutionis
3272 3993 3572 4058 theologica:

647 4065 842 4130 Procli,
860 4081 1010 4132 quam
1025 4069 1369 4132 Francofurti
1388 4072 1512 4122 1825
1531 4072 1810 4122 ediderunt
1833 4071 2054 4123 Crutzer
2070 4076 2125 4122 et
2161 4071 2363 4124 Voemel
2381 4084 2402 4133 ;
2419 4072 2544 4122 item
2564 4072 2788 4134 ejusdem
2810 4071 3128 4134 Quaestione:
3147 4077 3197 4124 et
3213 4074 3572 4137 responsiones

646 4147 706 4199 in
732 4154 1113 4213 programmate
1153 4150 1458 4202 Academico
1492 4151 1702 4214 ibidem,
1737 4165 1826 4202 an.
1864 4154 1986 4202 1825
2017 4156 2072 4203 et
2105 4153 2184 4214 26,
2220 4151 2286 4203 ab
2320 4152 2426 4215 ipso
2469 4151 2668 4204 Voemel
2700 4153 2908 4217 editas.)

1241 4267 1715 4371 EUSTATHIUS
1769 4267 2505 4333 THESSALONICENSIS
2557 4267 3114 4332 METROPOLITA.

581 4399 845 4466 Notitia.
3663 4407 3781 4470 517

583 4496 785 4560 Oratio
827 4499 891 4560 in
931 4495 1237 4560 Psalmum
1278 4493 1538 4558 XLVIII.
3661 4505 3781 4569 519

581 4593 784 4658 Oratio
825 4613 982 4658 anno
1025 4597 1392 4672 auspicando
1435 4597 1655 4657 habita.
3659 4602 3782 4666 539

581 4691 892 4757 Orationes
933 4703 1188 4772 quatuor
1228 4695 1291 4754 in
1333 4690 1395 4754 S.
1441 4690 1992 4772 Quadragesimam.
3659 4701 3774 4764 561

580 4788 667 4853 De
707 4795 1077 4854 emendanda
1117 4794 1240 4852 vita
1280 4793 1654 4854 monachica.
3207 4795 3218 4803 “
3659 4795 3779 4862 729

577 4887 864 4968 Dialogus
903 4887 1272 4968 Theophilus
1311 4897 1372 4952 et
1423 4887 1728 4952 Hierocles
1784 4893 2128 4969 inscriptus.
3656 4895 3778 4960 909

578 4985 947 5066 Supplicatio
1000 4985 1259 5050 Manueli
1313 4985 1616 5050 Comneno
1669 4991 1844 5068 imp.,
1905 4990 2148 5052 nomine
2201 4992 2458 5053 civitatis
2502 4989 3094 5070 Constantinopoleos
3145 4995 3342 5054 oblata
3395 5011 3532 5056 cum

661 5087 924 5148 siccitate
977 5087 1291 5148 laboraret.
3654 5089 3776 5156 925

579 5183 884 5245 Allocutio
939 5186 1015 5245 ad
1070 5185 1220 5260 imp.
1275 5181 1609 5246 Manuelem
1657 5184 2051 5263 Comnenum,
2117 5205 2256 5249 cum
2310 5197 2465 5250 esset
2509 5186 2812 5267 Myrorum
2861 5191 3234 5268 metropolita
3288 5191 3528 5252 electus.
3653 5189 3774 5254 933

579 5279 868 5344 Laudatio
925 5282 1195 5343 funebris
1247 5281 1539 5345 Manuelis
1591 5281 1900 5349 Comneni.
3653 5285 3773 5351 973

579 5375 851 5456 Epistola
901 5383 979 5442 ad
1033 5377 1616 5444 Thessalonicenses.
1707 5413 1710 5418 -
3619 5383 3769 5448 1031

662 5475 944 5560 (Reliqua
985 5479 1057 5542 in
1099 5483 1259 5544 tomo
1301 5481 1579 5562 sequenti
1619 5482 2102 5564 continuantur.)

579 5573 762 5638 Index
816 5579 1150 5657 analyticus
1201 5581 1266 5642 in
1316 5578 1563 5642 Joannis
1617 5579 1861 5644 Zonaras
1915 5581 2202 5645 Annales.
3621 5578 3770 5644 1061
