4142 6398
427 331 501 394 ﬂ
1768 327 1905 387 JOA
1918 323 2099 386 NNIS
2142 323 2484 386 ZONARE
3767 333 3844 390 ﬂ

425 463 626 519 rarent
653 476 670 517 :
701 459 860 532 quod
889 474 1027 516 cum
1079 459 1166 515 illi
1214 458 1575 516 ferventibus
1633 456 1850 514 animis
1907 454 2068 512 fecis-

2187 453 2464 527 πωμάτων
2527 452 2608 520 εΐς
2658 451 2966 532 τούμφανὶς
3035 453 3408 531 προσκύνησίς
3458 477 3520 513 τε
3569 456 3660 512 καὶ
3717 457 3850 514 ἀνα-

428 549 772 620 sent,Deum
787 565 990 620 preces
1007 565 1312 605 servorum
1334 564 1577 604 suorum
1602 563 1716 602 nou
1729 561 1860 602 esse
1879 559 2080 616 asper-

429 642 659 706 natum,
713 639 818 694 sed
877 638 1176 710 ignovisse
1205 637 1542 710 imperatori
1587 634 1939 708 Theophilo.
1975 635 2080 690 Ce-

429 727 734 784 lebrantur
783 728 925 796 haec,
955 732 1008 783 et
1041 727 1114 782 ab
1147 727 1233 784 eis
1264 727 1364 798 qui
1395 725 1498 781 Dei
1529 723 1958 781 humanitatem
1988 723 2081 778 in-

433 820 697 885 tuentur;
724 823 782 872 et
815 815 1202 886 recipiuntur,
1235 821 1292 871 et
1338 815 1678 870 creduntur.
1711 813 1912 884 Neque
1943 827 2081 868 vero

430 906 744 978 quisquam
777 905 862 961 eis
919 905 1094 960 fidem
1151 905 1470 976 abrogarit,
1533 903 1648 958 nisi
1705 903 1807 975 qui
1872 917 2080 974 parum

431 1012 605 1068 posse
634 993 1088 1051 intercessiones
1137 1000 1478 1050 sanctorum
1533 993 1687 1065 apud
1723 992 1908 1048 lleum
1943 1006 2083 1046 sen-

433 1083 601 1152 serit,
629 1087 688 1140 et
716 1083 817 1138 Dei
850 1083 1172 1138 bonitatem
1203 1098 1338 1137 cum
1373 1081 1654 1137 humanis
1684 1079 1896 1136 erratis
1925 1095 2082 1135 com-

435 1189 650 1244 ponere
671 1171 1069 1244 ignorarit.Ita
1086 1169 1269 1244 igitur
1286 1186 1462 1226 sacris
1483 1170 1774 1243 imagines
1801 1169 2084 1225 restituta

433 1265 593 1318 sunt.
625 1261 880 1317 Joannes
911 1276 1046 1316 vero
1077 1258 1414 1332 patriarcha
1443 1260 1665 1330 ejectus
1705 1263 1808 1315 aut
1863 1259 2085 1314 Jannes

439 1351 658 1423 potius,
700 1355 757 1406 et
811 1349 870 1404 in
929 1349 1353 1405 monasterium
1413 1349 1710 1420 quoddam
1768 1347 2087 1420 relegatus,

438 1455 574 1494 cum
604 1436 726 1493 illic
756 1437 971 1494 Christi
1006 1439 1163 1496 154
1187 1437 1529 1510 imaginem,
1559 1441 1616 1492 et
1646 1439 1775 1508 ejus
1805 1453 1930 1508 quae
1953 1451 2086 1492 eum

440 1529 569 1583 sine
623 1526 846 1582 semine
879 1527 1124 1598 peperit,
1158 1527 1494 1598 reperisset,
1529 1525 1730 1581 oculos
1789 1541 2087 1580 sacrarum

439 1615 772 1688 imaginum
803 1616 1023 1671 eii‘odit.
1057 1618 1180 1681 Quo
1210 1615 1556 1688 imperatrix
1587 1614 1844 1687 cognito,
1887 1619 2088 1670 sancto

438 1703 562 1761 zelo
593 1703 856 1774 incitata,
891 1705 1074 1775 impio
1107 1705 1329 1760 homini
1362 1704 1566 1760 oculos
1595 1705 1719 1760 erni
1745 1704 1950 1774 jussit,
1985 1702 2088 1759 sed

2188 543 2470 614 στήλωσις
2519 586 2534 601 .
2592 544 2724 600 "Ore
2797 542 2924 622 φασὶ
3004 543 3097 600 καὶ
3171 546 3284 618 (37)
3353 546 3452 614 τὴν
3531 545 3852 622 βασίλισσαν

2190 632 2498 707 θερμότατα
2556 630 2812 704 δεηθῆναι
2885 637 2984 689 τοῦ
3060 653 3120 689 τε
3188 633 3534 711 πατριάρχου
3598 639 3692 692 καί
3742 641 3852 693 τῶν

2190 719 2378 777 ἄλλων
2437 721 2738 798 ἀρχιερέων
2796 722 2886 777 καὶ
2937 726 3198 799 μοναχῶν
3246 726 3435 794 κοινὴν
3465 730 3854 802 προσενεγκεῖν

2193 807 2378 882 δέησιν
2406 813 2516 886 (38)
2547 816 2626 884 τῷ
2665 816 2784 884 Θεῷ
2837 811 2976 867 ὥστε
3021 813 3298 888 σωτηρίας
3351 819 3544 891 τυχεῖν
3601 816 3694 870 τὸν
3759 817 3860 890 βα-

2191 899 2348 956 σιλέα
2403 900 2493 955 καὶ
2552 899 2868 972 ξυνευνὲτην
2915 900 3106 971 αὐτῆςο
3157 901 3248 957 καὶ
3309 903 3494 976 μέντοι
3543 905 3852 979 Θερμότατα

2193 986 2455 1060 δεηθῆναι
2511 988 2708 1053 αὐτοὺς
2763 995 2863 1045 τοῦ
2919 994 3054 1046 Θεοῦ
3083 1032 3098 1059 ,
3155 990 3247 1046 καὶ
3303 992 3394 1048 τὸν
3467 993 3542 1066 μή
3597 991 3848 1068 παριδεῖν

2189 1079 2288 1148 τὴν
2349 1076 2561 1150 αἳτησιν
2621 1083 2728 1134 τῶν
2785 1075 3124 1156 θεραπόντων
3171 1081 3378 1155 αὐτοῦ,
3430 1081 3560 1138 ἀλλ’
3619 1082 3844 1154 ἀξιῶσαι

2196 1169 2525 1244 συγγνώμης
2580 1168 2674 1224 τὸν
2749 1166 2975 1242 βασιλέα
3029 1167 3294 1248 Θεόφιλον
3331 1211 3345 1226 .
3400 1167 3622 1242 ’ᾼδεται
3679 1175 3850 1227 ταῦτα

2193 1257 2286 1312 καὶ
2335 1262 2454 1320 τοῖς
2507 1256 2754 1336 ἀφορῶσι
2808 1258 2946 1329 πρὸς
2999 1257 3064 1313 τὸ
3116 1257 3502 1336 φιλάνθρωπον
3558 1264 3656 1316 τοῦ
3687 1264 3844 1334 Θεοῦ,

2193 1345 2284 1400 καὶ
2341 1343 2580 1422 δέχεται,
2640 1346 2731 1401 καὶ
2787 1345 3116 1402 πιστεύεται.
3177 1348 3489 1420 ’Λπιστήσει
3544 1345 3592 1403 δ’
3649 1347 3850 1423 οὐδεὶς,

2195 1433 2230 1504 ἢ
2265 1433 2413 1498 ὅστις
2445 1433 2507 1489 οὐ
2543 1433 2676 1510 μέγα
2729 1431 2898 1490 οἷέται
2957 1432 3214 1500 δύνασθαι
3265 1437 3361 1500 τὰς
3419 1441 3528 1492 τῶν
3567 1436 3744 1514 ἁγίων
3778 1438 3858 1494 ἐν·

2194 1522 2396 1596 τεύξεις
2450 1523 2546 1586 τὰς
2605 1525 2742 1600 πρὸς
2797 1525 2891 1579 τὸν
2949 1523 3102 1594 Θεὸν,
3162 1521 3277 1580 οὐδ’
3343 1525 3683 1602 ἀντιμετρεῖν
3741 1525 3857 1584 οἵδε

2195 1613 2294 1682 τήν
2338 1617 2436 1668 τοῦ
2487 1611 2622 1667 Θεοῦ
2661 1613 2971 1688 ἀγαθότητα
3011 1613 3148 1690 πρὸς
3191 1615 3259 1669 τὰ
3304 1615 3618 1692 ἀνθρώπινα
3661 1616 3861 1692 ἀγνοή-

2203 1723 2364 1774 ματα.
2397 1702 2458 1756 Ἡ
2503 1701 2598 1774 μὲν
2649 1700 2741 1756 οὖν
2785 1699 2896 1756 τῶν
2946 1702 3119 1776 ἁγίων
3167 1700 3387 1758 εῗκόνων
3439 1703 3584 1758 οὕτω
3631 1704 3851 1781 γέγονεν

441 1793 785 1850 mandatum
817 1794 947 1864 ejus
983 1809 1098 1848 non
1131 1799 1221 1849 est
1250 1799 1577 1864 peractum,
1619 1795 1786 1864 justa
1812 1792 1972 1848 illius
2003 1794 2068 1848 iri

2201 1787 2597 1860 ἀναστήλωσις.
2657 1791 2718 1847 Ὁ
2765 1787 2824 1844 δὲ
2864 1790 3203 1864 καθαιρεθεὶς
3259 1793 3611 1868 πατριάρχης
3669 1793 3854 1849 Ἰωάν-

442 1899 476 1938 a
529 1881 836 1938 nonnullis
897 1882 1168 1954 mitigata
1221 1881 1660 1938 :nibilominus
1706 1887 1904 1938 tamen
1956 1897 2094 1936 eum

446 1971 650 2043 ﬂagris
681 1970 824 2026 caedi
857 1970 1056 2042 jussit,
1110 1970 1302 2043 plagis
1345 1971 1618 2026 ducentis
1647 1969 1849 2027 illatis.
1883 1970 1994 2026 Sed
2027 1987 2094 2027 eo

447 2075 686 2132 quoque
698 2063 853 2115 statu
869 2059 946 2114 im
955 2064 1157 2132 postor
1169 2059 1421 2131 ejusque
1443 2060 2094 2131 suii'ragatores,eodem

449 2163 564 2220 que
592 2149 766 2205 modo
799 2148 927 2205 suis
957 2149 1168 2220 privati
1200 2149 1618 2221 dignitatibus,
1651 2148 1952 2220 quiescere
1977 2165 2094 2204 non

447 2240 788 2308 potuerunt,
815 2238 916 2294 sed
947 2238 1176 2292 facinus
1204 2241 1408 2293 contra
1435 2242 1704 2293 sanctum
1733 2236 2092 2294 Methodium

447 2324 767 2382 machinati
847 2331 1007 2394 sunt,
1066 2342 1176 2382 sua
1253 2326 1662 2398 desperatione
1713 2331 1772 2381 et
1825 2326 2092 2382 vecordia

2203 1900 2322 1948 νης,
2353 1877 2389 1946 ἢ
2423 1879 2654 1948 Ἱάννης,
2703 1876 2758 1932 ἐν
2811 1881 2954 1952 μονῇ
2997 1898 3102 1932 τινι
3149 1881 3534 1956 περιορισθεὶς,
3579 1881 3670 1936 καὶ
3701 1881 3859 1959 εὕρη-

2200 1966 2313 2030 κὼς
2341 1966 2452 2021 ἐκεῖ
2481 1961 2663 2021 εἰκόνα
2712 1970 2808 2020 τοῦ
2855 1972 3118 2042 Σωτῆρος
3167 1973 3428 2044 Χριστοῦ,
3455 1969 3546 2024 καὶ
3587 1978 3688 2040 τῆς
3720 1973 3855 2028 αὐτὸ

2203 2055 2458 2132 ἀσπόρως
2515 2055 2802 2125 τεκούσης,
2851 2057 2919 2110 τὰ
2976 2051 3201 2128 ὄμματα
3249 2061 3359 2112 τῶν
3411 2053 3726 2134 σεϐασμίων
3768 2060 3853 2116 ἐκ·

2199 2146 2546 2218 τυπωμάτων
2601 2143 2882 2218 ἐξώρυξεν.
2930 2146 2997 2202 Ὃ
3057 2149 3306 2217 μαθοῦσα
3354 2149 3390 2216 ἡ
3452 2147 3696 2223 βασιλὶς,
3759 2155 3852 2206 καῖ

2205 2233 2370 2302 ζῆλον
2431 2234 2572 2288 θεῖον
2635 2233 2968 2303 ζηλώσασα,
3024 2233 3156 2297 τοὺς
3211 2239 3310 2290 τοῦ
3361 2230 3588 2300 ἀσεϐοῦς
3643 2237 3848 2294 ἐκείνου

2199 2321 2494 2392 ἐκκοπῆναι
2547 2320 2863 2398 προσέταξεν
2924 2319 3270 2400 ὀφθαλμούςσ
3319 2323 3448 2380 ἀλλ’
3505 2325 3606 2381 οὐκ
3647 2325 3726 2389 εἷς
3771 2326 3858 2402 ἔρ-

439 2413 710 2486 dignum.
743 2413 1144 2472 Mulierculam
1203 2415 1526 2488 quamdam
1575 2415 1759 2470 multo
1788 2431 1932 2470 auro
1960 2431 2068 2470 cor

2197 2432 2293 2484 γον
2327 2405 2482 2482 ἐξέϐη
2539 2412 2602 2466 τὸ
2657 2410 3003 2487 πρόσταγμα,
3049 2415 3120 2486 τῇ
3181 2409 3428 2486 βασιλίδι
3471 2414 3575 2482 τήν
3635 2411 3850 2472 δικαίαν

437 2509 674 2576 ruptam
731 2504 1158 2573 subornarunt,
1191 2520 1320 2576 qua:
1360 2520 1424 2559 se
1455 2509 1792 2575 corruptam
1843 2519 1974 2559 esse
2013 2504 2068 2560 al

2197 2499 2362 2576 ὀργήν
2403 2501 2892 2576 καταπραϋνάντων
2939 2502 3121 2555 τινῶν.
3177 2499 3442 2575 Πὲμψασα
3498 2499 3556 2556 δὲ
3604 2504 3847 2581 σκυτάλῃ

431 2589 650 2665 inclyto
705 2591 805 2647 illo
862 2591 982 2648 viro
1041 2597 1404 2663 quereretur.
1467 2592 1608 2663 Ejus
1689 2592 2068 2648 accusationi:

2190 2593 2384 2644 τοῦτον
2415 2588 2667 2664 ᾐκίσατο,
2716 2593 2824 2644 τῶν
2877 2588 3148 2662 αἰκισμῶν
3197 2592 3610 2665 παραταθέντων
3645 2591 3847 2670 μέχρις

428 2679 728 2752 principes
749 2684 990 2736 senatus
1011 2680 1360 2752 quaesitores
1390 2680 1551 2737 fuere
1575 2698 1588 2737 :
1622 2680 1812 2736 astitit
1841 2681 2068 2737 mulier-

2191 2675 2548 2740 ἑκατοντάδος
2605 2675 2810 2746 διπλῆς
2854 2680 2996 2751 (39).
3040 2675 3220 2734 Ἀλλά
3265 2679 3356 2732 καὶ
3415 2679 3589 2743 οὕτως
3633 2676 3778 2757 ἔχων
3812 2684 3842 2738 ὁ

425 2767 580 2836 cula,
612 2785 798 2840 eaque
829 2769 997 2835 dixit,
1045 2785 1176 2840 quae
1209 2769 1282 2825 ab
1315 2769 1517 2840 impiis
1545 2769 1664 2826 illis
1696 2769 2068 2843 sycophantis

2187 2763 2325 2844 γόης
2355 2767 2444 2824 καὶ
2471 2769 2525 2822 οἱ
2555 2765 2942 2838 ὁποδοξοῦντες
2987 2767 3156 2840 αὐτῷ,
3205 2767 3295 2822 καὶ
3341 2771 3410 2841 τῇ
3455 2768 3620 2824 αὐτοῦ
3649 2783 3842 2836 καθαι-

423 2857 630 2914 edocta
657 2857 868 2926 fuerat,
891 2851 1196 2930 virumque
1227 2863 1498 2914 sanetum
1530 2859 1590 2914 in
1616 2859 1823 2916 faciem
1851 2859 2068 2916 scilicet

2187 2858 2328 2933 ρέσει
2385 2851 2784 2926 ὑποϐληθέντες
2817 2899 2832 2926 ,
2891 2854 2990 2911 οὐκ
3061 2855 3352 2932 ἠνείχοντο
3422 2859 3672 2930 ἠρεμεῖν.
3733 2867 3838 2915 Συ-

423 2945 638 3019 arguit.
689 2947 764 3003 At
793 2945 893 3002 ille
949 2947 1020 3003 ad
1053 2951 1289 3019 tempus
1342 2948 1604 3019 quietus,
1633 2964 1769 3004 cum
1801 2947 2068 3005 Ecclesia

2187 2947 2500 3016 σκευάζουσι
2531 2949 2642 3020 (40)
2701 2942 2759 3000 δὲ
2805 2944 2943 3000 κατὰ
2996 2949 3092 2999 τοῦ
3124 2945 3278 3018 ἱεροῦ
3323 2942 3594 3001 Μεθοδίου
3628 2949 3833 3004 σκαιώ-

421 3034 814 3108 frequentiam
871 3035 1102 3092 tristem
1157 3035 1400 3104 videret,
1433 3053 1500 3092 ac
1555 3054 1672 3110 prta
1703 3039 1924 3095 cateris
1952 3041 2068 3094 Ma-

2187 3055 2356 3112 ρημα,
2411 3042 2514 3105 τῆς
2591 3035 2770 3090 αὐτῶν
2842 3032 3102 3096 ἀπονοίας
3159 3032 3196 3102 ἢ
3254 3032 3543 3097 κακονοίας
3617 3035 3833 3109 μᾶλλον

421 3123 655 3181 nuelem
689 3123 1066 3197 magistrum,
1095 3125 1306 3197 surgit,
1340 3131 1396 3181 et
1449 3126 1507 3182 in
1565 3132 1888 3200 conspectu
1945 3144 2068 3184 om-

2187 3126 2416 3195 ἑπαξιον.
2468 3122 2692 3178 Γύναιον
2742 3121 2842 3198 γάρ
2890 3142 2946 3176 τι
2996 3119 3230 3196 χρυσίου
3261 3117 3409 3174 δόσει
3445 3119 3663 3178 πολλοῦ
3699 3125 3832 3182 ὑπο-

417 3211 586 3269 nium
616 3191 852 3268 ﬁmbria
879 3213 1058 3270 vestis
1090 3191 1344 3281 sublata,
1376 3215 1652 3286 pudenda
1680 3191 1914 3287 detegit,
1935 3233 2064 3288 qua

2187 3191 2486 3288 φθείραντες
2518 3253 2534 3278 ,
2590 3191 2962 3284 κατηγορῆσαι
2999 3191 3320 3262 ηπεπείκασι
3392 3213 3490 3264 τοῦ
3572 3209 3830 3288 ἀοιδίμου

415 3301 657 3356 omnino
685 3307 854 3357 erant
890 3301 1194 3374 frigefacta
1223 3307 1279 3358 et
1309 3304 1736 3360 contabuerant
1779 3321 1793 3360 :
1818 3311 1886 3359 ut
1919 3305 2063 3360 satis

2187 3300 2378 3355 ἐκείνου
2448 3295 2640 3369 ἀνδρὸς
2718 3297 2794 3361 ὡς
2873 3294 3279 3372 συμφθαρέντος
3349 3297 3509 3373 αὐτῇ.
3568 3301 3670 3356 Καὶ
3726 3310 3828 3372 τῆς

411 3394 738 3462 appareret,
771 3405 841 3446 ea
867 3389 1107 3446 inutilia
1161 3405 1292 3446 esse
1341 3391 1413 3446 ad
1457 3390 1541 3446 rei
1571 3408 1825 3448 venerea
1859 3409 2059 3449 usum.

2187 3388 2499 3464 ιατηγορίας
2546 3389 2601 3442 oi
2641 3381 2982 3462 προύχοντες
3045 3387 3142 3454 τῆς
3198 3384 3514 3461 συγκλήτου
3569 3397 3818 3466 παρῆσαν

409 3477 488 3534 Ea
521 3495 614 3534 res
645 3481 802 3535 recte
857 3477 1256 3536 sentientibus
1285 3477 1500 3535 laetitiae
1531 3483 1590 3536 et
1643 3479 1872 3552 stupori
1922 3480 2054 3552 fuit,

2187 3475 2437 3551 ξετασταί
2472 3521 2486 3534 .
2545 3475 2649 3532 Καὶ
2717 3481 2968 3550 παρῆκτο
3024 3474 3088 3528 τὸ
3144 3472 3366 3550 γύναιον
3402 3519 3416 3546 ,
3478 3475 3639 3552 λέγον
3717 3477 3818 3534 ὅσα

407 3567 788 3640 sycoPhanlis
832 3567 1042 3639 pudori
1073 3572 1130 3623 et
1187 3567 1581 3639 desperationi
1635 3585 1882 3641 magna.
1910 3573 2053 3626 Cum

2187 3568 2310 3643 ταρὰ
2333 3570 2443 3622 τῶν
2474 3559 2682 3620 ἀσεϐῶν
2731 3561 2947 3618 ἐκείνων
3005 3568 3352 3642 συκοφαντῶν
3393 3569 3816 3644 προκατήχητο,

402 3662 599 3713 autem
625 3656 716 3712 vir
744 3661 986 3713 sanctus
1016 3665 1340 3728 rogaretur,
1385 3657 1542 3712 unde
1572 3659 1822 3714 verenda
1851 3663 2051 3714 conta-

2187 3655 2250 3712 Lal
2309 3655 2389 3718 εἰς
2445 3655 2736 3731 πρόσωπον
2796 3651 3024 3728 ἐλέγχον
3081 3649 3240 3723 δῆθεν
3289 3655 3380 3709 τὸν
3421 3655 3594 3731 ἅγιον.
3641 3657 3703 3714 Ὁ
3753 3654 3812 3714 δὲ

398 3745 692 3812 buissent,
726 3763 926 3802 revera
983 3746 1274 3801 verendus
1330 3743 1428 3802 ille
1459 3747 1530 3802 ad
1590 3746 1750 3803 hunc
1801 3749 2046 3804 modum

2190 3745 2292 3808 ἐως
2329 3745 2424 3818 μὲν
2479 3741 2719 3818 ἡσυχίαν
2775 3741 2926 3818 ἦγεν·
2983 3741 3057 3804 ὡς
3116 3738 3174 3796 δὲ
3231 3743 3617 3818 σκυθρωπάζον
3663 3744 3807 3820 ἑώρα

395 3834 750 3909 respondit:
779 3837 1068 3906 Profectus
1124 3835 1433 3905 aliquando
1489 3851 1612 3891 sum
1667 3837 1914 3908 Romam,
1943 3854 2042 3892 ne-

2187 3842 2251 3905 ῆς
2307 3831 2634 3904 Ἐκκλησίας
2689 3831 2752 3886 τὸ
2803 3828 3108 3905 πλήρωμα,
3157 3831 3248 3886 καὶ
3299 3831 3406 3906 πρὸ
3453 3835 3560 3886 τῶν
3607 3819 3793 3888 ἄλλων

392 3925 534 3994 gotii
557 3924 854 3996 cujusdam
883 3923 1216 3995 conﬁciendi
1243 3940 1411 3979 causa
1439 3942 1462 3978 .·
1505 3925 1586 3981 ibi
1635 3925 1847 3997 degenti
1900 3928 2044 3983 mihi

2187 3924 2241 3980 ὸν
2281 3923 2537 3998 μάγιστον
2600 3917 2890 3989 Μανουήλ,
2947 3917 3226 3974 ἀνίσταται
3287 3919 3404 3992 μὲν,
3464 3918 3604 3993 αἶ’ρει
3635 3917 3682 3975 δ’
3714 3919 3798 3976 ἐπ’

391 4015 578 4070 carnis
605 4013 1102 4083 inﬂammationem
1127 4013 1322 4069 intulit
1349 4012 1585 4084 daemon,
1603 4017 1655 4070 et
1679 4017 1795 4086 fuit
1815 4015 2039 4087 affectu:

2187 4017 2269 4088 ψει
2301 4011 2517 4067 πάντων
2549 4014 2668 4072 ταῖς
2699 4007 2858 4084 χερσὶ
2887 4008 2950 4063 τὸ
2987 4005 3288 4084 κράσπεδον
3337 4015 3438 4078 τῆς
3459 4004 3797 4084 περιϐολῆς,

386 4103 485 4158 ille
511 4101 1044 4168 vehementissimus,
1074 4118 1248 4174 neque
1263 4103 1508 4160 armaris
1529 4103 1812 4160 desinebat
1843 4106 2034 4173 ardor,

2187 4101 2234 4158 αἱ
2292 4101 2602 4175 ἀπογυμνοῖ
2675 4100 2776 4166 τὴν
2847 4093 3005 4152 etiam“
3063 4099 3098 4166 ἡ
3152 4093 3211 4151 δὲ
3283 4096 3350 4165 ἦν
3409 4100 3790 4174 κατεψυγμένη

379 4191 475 4249 sed
502 4195 562 4249 in
594 4191 710 4248 dies
740 4191 1114 4249 vehementius
1144 4193 1556 4250 incendebatur.
1589 4195 1768 4265 Igitur
1794 4194 1864 4250 de
1890 4211 2032 4252 sana

2187 4190 2339 4264 άντη,
2369 4189 2460 4245 καὶ
2508 4187 2793 4262 μαρασμὸν
2841 4185 2946 4242 ἀπό
2975 4206 3124 4248 τινος
3174 4179 3532 4258 συμϐάματος
3560 4185 3792 4260 ὑπομεί-

377 4285 564 4338 mente
591 4281 884 4349 sollicitus,
914 4298 984 4338 ne
1009 4282 1160 4354 forte
1186 4285 1512 4338 necessitate
1539 4285 1724 4338 carnis
1744 4285 2030 4355 opprime-

2187 4301 2292 4349 ισα,
2353 4280 2428 4341 ὡς
2489 4274 2658 4346 δῆλον
2717 4277 2876 4344 εἶναι,
2937 4277 3014 4350 μὴ
3087 4272 3598 4358 δύνασθαι-ταύτην
3653 4277 3792 4352 πρὸς

375 4373 552 4440 retur,
581 4372 862 4443 principes
898 4371 1257 4442 apostolorum
1284 4371 1516 4426 Petrum
1543 4377 1594 4427 et
1626 4373 1859 4428 Paulum
1885 4375 2028 4431 adeo

2187 4368 2430 4448 ρροδίσια
2489 4367 2742 4442 ἐνεργεῖν.
2805 4370 2973 4421 Τοῦτο
3026 4371 3145 4428 τοῖς
3203 4367 3298 4437 μὲν
3361 4366 3615 4443 θεόφροσι
3649 4387 3789 4444 χαρ-

367 4460 543 4528 oravi,
575 4467 636 4514 ut
687 4459 832 4516 mihi
883 4460 1223 4532 periclitanti
1273 4469 1610 4516 seacurraut.
1660 4464 1838 4517 Noctu
1891 4461 2026 4518 dor-

2187 4465 2314 4528 ονῆς
2368 4459 2456 4512 καὶ
2517 4451 2760 4531 Θάμϐους
2817 4454 3023 4530 ἐγένετο
3081 4451 3283 4525 α’ίτιον,
3341 4459 3457 4517 τοῖς
3518 4451 3576 4510 δὲ
3633 4477 3788 4512 συκο-

366 4549 566 4619 miens,
598 4549 724 4604 illa:
772 4554 1006 4605 astantes
1037 4549 1172 4615 vidi,
1226 4566 1290 4605 ac
1327 4551 1526 4604 Petrus
1555 4550 1698 4605 mihi
1753 4551 1906 4605 visus
1952 4559 2068 4627 est}

2187 4546 2361 4612 ἐνταις
2389 4545 2658 4623 αῗσχύνης
2712 4544 2804 4600 καὶ
2861 4542 3094 4617 ἀθυμίας
3151 4540 3394 4612 πολλῆς.
3428 4545 3516 4609 Ὦς
3563 4541 3610 4600 δ’
3641 4548 3788 4618 ἠρω.

361 4636 618 4708 pudenda
648 4655 766 4695 mea
816 4644 1162 4695 contrectare
1188 4639 1400 4708 digitis,
1432 4640 1680 4710 mihique
1716 4639 1914 4706 dicere,
1949 4655 2021 4695 ne

2187 4639 2503 4713 ἱτοὸἅγιος
2561 4635 2679 4691 ὅθεν
2739 4635 2768 4688 ὁ
2817 4637 2926 4689 τῶν
2981 4629 3204 4688 αἶδοίων
3261 4632 3412 4706 αὐτῷ
3472 4634 3781 4708 μαρασμὸς,

363 4735 608 4784 terrerer
630 4744 643 4785 :
669 4744 766 4798 ego
794 4743 923 4785 vero
948 4727 1216 4800 putabam
1245 4729 1366 4800 igni
1391 4729 1578 4783 virilia
1608 4745 1730 4784 mea
1752 4731 2022 4798 consumi,

2192 4724 2370 4783 αἰδοῖο
2401 4722 2574 4788 ὅντως
2632 4724 2854 4793 ἐκεῖνος,
2901 4719 3192 4792 Ἐστάλην,
3255 4720 3391 4790 εἶπε,
3450 4722 3589 4776 ποτὶ
3645 4722 3784 4778 κατὰ

1583 4890 1786 4952 Variae
1826 4891 2128 4954 lectiones
2157 4898 2220 4954 et
2247 4897 2415 4954 notae.

355 5025 436 5104 τῷ
463 5025 595 5104 Otii)“
640 5027 744 5092 ζῶν
795 5019 1060 5104 Μεθόδιος
1113 5019 1664 5104 ἤσχαλλενηὴνιᾶτο,
1695 5024 1835 5104 uti)!
1875 5045 2006 5104 καρ-

2204 5027 2264 5082 in
2295 5024 2558 5104 peccatis
2584 5019 2858 5104 mortuis“,
2876 5035 3078 5104 preces
3111 5024 3454 5104 sanctorum
3485 5018 3780 5104 proﬁcuas

356 5089 471 5150 δίαν
503 5089 780 5172 ἐκόπτετο,
823 5095 914 5172 τὸν
971 5089 1301 5172 μεγαν’.τοῖς
1347 5089 1485 5172 ὡσξν
1527 5089 1743 5172 ἐνηχεῖν
1777 5089 2006 5172 ξΠαῦλον

2187 5115 2270 5154 se.
2297 5089 2446 5152 Vide
2477 5095 2776 5172 silanum,
2940 5092 3100 5148 libris
3138 5093 3342 5148 Ecclee.
3377 5089 3616 5149 Graécor.
3653 5093 3775 5148 dis-

357 5169 656 5243 μονονουχὶ
699 5163 928 5243 τοιαῦτα
971 5163 1562 5243 φθξγγόμενονιαῷστε
1607 5163 1706 5223 καὶ
1765 5167 2008 5243 ἀνάθεμα
2118 5176 2440 5243 εθτίεμιλρ.
2477 5165 2757 5243 123,.125,

357 5186 656 5292 μονονουχι
701 5187 925 5222 τοιαυτα
975 5186 1369 5259 «ξυεγγομενον,
1423 5186 1562 5222 ωστε
1617 5189 1706 5223 και
1765 5186 2008 5242 αναθεμα
2118 5186 2258 5226 sort.
2286 5186 2348 5236 ιι,
2428 5207 2440 5221 .
2477 5186 2598 5237 ιῖω,
2635 5186 2757 5234 ιω,
2795 5186 2914 5250 1e9-

351 5257 484 5318 ειναι
533 5237 621 5318 ἀπΔ
699 5240 936 5314 Χριστοῦ
989 5238 1121 5315 υπέρ
1177 5243 1286 5294 τῶν
1361 5235 1610 5318 ἀδελφῶν
1684 5261 1794 5315 μου
1869 5241 2006 5297 κατά
2120 5311 2154 5318 __
2186 5241 2300 5318 (39)
2345 5186 2569 5318 ΙξιᾷχριςΔ
2604 5233 2956 5318 tua-503mg“
3009 5229 3241 5318 διπλῆςί
3282 5238 3532 5318 §ymeon
3570 5235 3771 5318 ’βρεοῖ

349 5311 540 5382 σάρκα,
574 5315 711 5382 etc._
749 5303 758 5314 ’
841 5380 850 5382 _
1092 5303 1102 5315 ’
1507 5303 1519 5318 ’
1685 5303 1696 5315 ’

2187 5303 2320 5368 ἐΐ8’;
2356 5303 2615 5378 Μάᾶίτίζει
2657 5306 2820 5382 αὐτὸν
2873 5303 3177 5382 διακοσίοις
3221 5303 3446 5382 λώροις,
3479 5303 3773 5382 _Solebant

2115 5399 2326 5456 nempe
2375 5373 2672 5464 numerari
2729 5379 3093 5462 flagellorum
3144 5373 3322 5446 ictus,
3379 5377 3538 5459 ut_in
3583 5373 3764 5456 .Glose.

2115 5457 2252 5512 med.
2285 5458 2402 5512 Lat.
2457 5457 2790 5511 docuimus.
2841 5453 3073 5508 Contin.
3129 5445 3658 5512 Theophams,l1b.
3687 5461 3764 5512 iv,

2111 5466 2252 5512 med.
2285 5466 2402 5512 Lat.
2457 5466 2790 5511 docuimus.
2841 5466 3073 5508 Uontln.
3129 5466 3525 5523 'l'neopnanls,
3555 5466 3658 5500 un.
3687 5466 3767 5516 ιν,

2112 5527 2588 5605 ηοὲἓεΈτύφεὶη
2625 5517 3243 5605 μαγκέέϐὶαὲξῆκῖἳτῆ·

2179 5600 2288 5672 (40)
2323 5591 2739 5668 Συσκεῦάξουσί.
2771 5596 2947 5652 Varia
3087 5591 3418 5672 _Me_thodii_
3431 5591 3766 5672 certamina

2105 5663 2300 5748 attigit
2323 5675 2504 5730 etiam
2536 5663 2760 5742 auctor,
2797 5673 2875 5726 De
2908 5665 3260 5736 orthodoxia,
3293 5681 3350 5737 p.
3381 5663 3510 5720 718.

439 5381 528 5448 37)
578 5379 718 5435 Φασὶ
767 5380 880 5449 καὶ,
930 5387 1042 5439 etc.
1096 5383 1156 5455 Id
1205 5385 1380 5438 etiam
1429 5384 1703 5455 pluribus
1748 5401 2000 5441 comme-

343 5459 532 5508 morat
563 5461 766 5510 auctor
785 5456 1079 5512 Orationis
1095 5454 1461 5512 historictsin
1493 5459 1707 5512 festum
1739 5457 1996 5514 Restitu-

340 5523 518 5600 tionis
549 5525 874 5600 imaginum
910 5547 944 5584 ιι
972 5526 1565 5600 Combelisio_editus,
1598 5546 1654 5600 p.
1695 5529 1819 5594 732,
1865 5530 1992 5584 735.

410 5596 520 5668 (38)
582 5593 791 5673 Κοῖνὴν
847 5593 1507 5673 *προσενεγκεῖν-δέησιν
1553 5593 1852 5673 .-Nempe
1929 5616 1997 5658 ea

335 5667 668 5728 Grecorum
699 5667 1039 5743 opinio'est,
1072 5667 1440 5740 infidelibus,
1463 5667 1994 5743 impmnitentibus,
