  <div class='ocr_page' id='page_1' title='image "/cluster/home/n/w/nwhite01/storage/ocr_20150623/135:no.2/coo.31924054870401/012.png"; bbox 0 0 4142 6374; ppageno 0'>
   <div class='ocr_carea' id='block_1_1' title="bbox 336 265 414 328">
    <p class='ocr_par' dir='ltr' id='par_1_1' title="bbox 336 265 414 328">
     <span class='ocr_line' id='line_1_1' title="bbox 336 265 414 328; baseline 0.013 -1"><span class='ocrx_word' id='word_1_1' title='bbox 336 265 414 328; x_wconf 78' lang='grc'><strong>13</strong></span> 
     </span>
    </p>
   </div>
   <div class='ocr_carea' id='block_1_2' title="bbox 1638 260 2459 325">
    <p class='ocr_par' dir='ltr' id='par_1_2' title="bbox 1638 260 2459 325">
     <span class='ocr_line' id='line_1_2' title="bbox 1638 260 2459 325; baseline -0.001 -2"><span class='ocrx_word' id='word_1_2' title='bbox 1638 261 2056 325; x_wconf 82' lang='lat' dir='ltr'><strong>ANNALIUM</strong></span> <span class='ocrx_word' id='word_1_3' title='bbox 2098 261 2248 322; x_wconf 86' lang='lat' dir='ltr'>LIB.</span> <span class='ocrx_word' id='word_1_4' title='bbox 2292 260 2459 322; x_wconf 78' lang='lat' dir='ltr'>XVI.</span> 
     </span>
    </p>
   </div>
   <div class='ocr_carea' id='block_1_3' title="bbox 3680 264 3758 323">
    <p class='ocr_par' dir='ltr' id='par_1_3' title="bbox 3680 264 3758 323">
     <span class='ocr_line' id='line_1_3' title="bbox 3680 264 3758 323; baseline 0 0"><span class='ocrx_word' id='word_1_5' title='bbox 3680 264 3758 323; x_wconf 64' lang='grc'>14</span> 
     </span>
    </p>
   </div>
   <div class='ocr_carea' id='block_1_4' title="bbox 325 390 2015 472">
    <p class='ocr_par' dir='ltr' id='par_1_4' title="bbox 325 390 1991 472">
     <span class='ocr_line' id='line_1_4' title="bbox 325 390 1991 472; baseline -0.005 -18"><span class='ocrx_word' id='word_1_6' title='bbox 325 417 454 455; x_wconf 86' lang='grc' dir='ltr'>τινα</span> <span class='ocrx_word' id='word_1_7' title='bbox 506 393 698 472; x_wconf 84' lang='grc' dir='ltr'>χρείαν</span> <span class='ocrx_word' id='word_1_8' title='bbox 772 394 849 457; x_wconf 80' lang='grc' dir='ltr'>εἰς</span> <span class='ocrx_word' id='word_1_9' title='bbox 907 395 1152 467; x_wconf 82' lang='grc' dir='ltr'>Ῥώμην,</span> <span class='ocrx_word' id='word_1_10' title='bbox 1206 394 1304 449; x_wconf 84' lang='grc' dir='ltr'>κάν</span> <span class='ocrx_word' id='word_1_11' title='bbox 1360 391 1529 469; x_wconf 81' lang='grc' dir='ltr'>ταύτῃ</span> <span class='ocrx_word' id='word_1_12' title='bbox 1593 390 1838 468; x_wconf 82' lang='grc' dir='ltr'>διάγοντι</span> <span class='ocrx_word' id='word_1_13' title='bbox 1890 393 1991 447; x_wconf 81' lang='grc' dir='ltr'>πύ-</span> 
     </span>
    </p>
   </div>
   <div class='ocr_carea' id='block_1_5' title="bbox 2127 390 3761 472">
    <p class='ocr_par' dir='ltr' id='par_1_5' title="bbox 2127 394 3761 469">
     <span class='ocr_line' id='line_1_5' title="bbox 2127 394 3761 469; baseline 0.003 -19"><span class='ocrx_word' id='word_1_14' title='bbox 2127 394 2240 450; x_wconf 76' lang='grc' dir='ltr'>ιάεο</span> <span class='ocrx_word' id='word_1_15' title='bbox 2283 402 2346 450; x_wconf 82' lang='grc' dir='ltr'>ιιι</span> <span class='ocrx_word' id='word_1_16' title='bbox 2388 409 2511 466; x_wconf 59' lang='lat' dir='ltr'>pra</span> <span class='ocrx_word' id='word_1_17' title='bbox 2554 394 2740 451; x_wconf 79' lang='lat' dir='ltr'>dolore</span> <span class='ocrx_word' id='word_1_18' title='bbox 2780 396 3196 466; x_wconf 56' lang='lat' dir='ltr'>expergiscar”.</span> <span class='ocrx_word' id='word_1_19' title='bbox 3256 397 3334 452; x_wconf 83' lang='lat' dir='ltr'>Ab</span> <span class='ocrx_word' id='word_1_20' title='bbox 3391 412 3453 453; x_wconf 84' lang='lat' dir='ltr'>eo</span> <span class='ocrx_word' id='word_1_21' title='bbox 3512 401 3761 469; x_wconf 77' lang='lat' dir='ltr'>tempore</span> 
     </span>
    </p>
   </div>
   <div class='ocr_carea' id='block_1_6' title="bbox 327 480 1987 565">
    <p class='ocr_par' dir='ltr' id='par_1_6' title="bbox 327 480 1987 565">
     <span class='ocr_line' id='line_1_6' title="bbox 327 480 1987 565; baseline -0.003 -23"><span class='ocrx_word' id='word_1_22' title='bbox 327 485 493 565; x_wconf 83' lang='grc' dir='ltr'>ρωσίν</span> <span class='ocrx_word' id='word_1_23' title='bbox 573 506 667 558; x_wconf 74' lang='grc' dir='ltr'>μοι</span> <span class='ocrx_word' id='word_1_24' title='bbox 745 490 847 553; x_wconf 78' lang='grc' dir='ltr'>τῆς</span> <span class='ocrx_word' id='word_1_25' title='bbox 925 484 1121 560; x_wconf 87' lang='grc' dir='ltr'>σαρκὸς</span> <span class='ocrx_word' id='word_1_26' title='bbox 1196 484 1224 538; x_wconf 99' lang='lat'>6</span> <span class='ocrx_word' id='word_1_27' title='bbox 1296 480 1507 555; x_wconf 85' lang='grc' dir='ltr'>δαίμων</span> <span class='ocrx_word' id='word_1_28' title='bbox 1562 480 1845 557; x_wconf 71' lang='grc' dir='ltr'>ἐπήνεγκε,</span> <span class='ocrx_word' id='word_1_29' title='bbox 1897 483 1987 537; x_wconf 86' lang='grc' dir='ltr'>καὶ</span> 
     </span>
    </p>
   </div>
   <div class='ocr_carea' id='block_1_7' title="bbox 330 569 1995 650">
    <p class='ocr_par' dir='ltr' id='par_1_7' title="bbox 330 569 1995 650">
     <span class='ocr_line' id='line_1_7' title="bbox 330 569 1995 650; baseline -0.003 -18"><span class='ocrx_word' id='word_1_30' title='bbox 330 577 396 647; x_wconf 72' lang='grc' dir='ltr'>ἦν</span> <span class='ocrx_word' id='word_1_31' title='bbox 448 576 512 631; x_wconf 92' lang='grc' dir='ltr'>τὸ</span> <span class='ocrx_word' id='word_1_32' title='bbox 568 573 741 635; x_wconf 88' lang='grc' dir='ltr'>πάθος</span> <span class='ocrx_word' id='word_1_33' title='bbox 797 569 1190 650; x_wconf 87' lang='grc' dir='ltr'>σφοδρότατον,</span> <span class='ocrx_word' id='word_1_34' title='bbox 1247 571 1337 627; x_wconf 80' lang='grc' dir='ltr'>καὶ</span> <span class='ocrx_word' id='word_1_35' title='bbox 1395 575 1430 641; x_wconf 86' lang='grc' dir='ltr'><strong>ἡ</strong></span> <span class='ocrx_word' id='word_1_36' title='bbox 1487 576 1585 627; x_wconf 75' lang='grc' dir='ltr'>τοῦ</span> <span class='ocrx_word' id='word_1_37' title='bbox 1639 570 1840 647; x_wconf 84' lang='grc' dir='ltr'>ἔρωτος</span> <span class='ocrx_word' id='word_1_38' title='bbox 1893 572 1995 627; x_wconf 79' lang='grc' dir='ltr'>οὐκ</span> 
     </span>
    </p>
   </div>
   <div class='ocr_carea' id='block_1_8' title="bbox 335 652 1991 742">
    <p class='ocr_par' dir='ltr' id='par_1_8' title="bbox 335 652 1991 742">
     <span class='ocr_line' id='line_1_8' title="bbox 335 652 1991 742; baseline -0.005 -20"><span class='ocrx_word' id='word_1_39' title='bbox 335 665 502 742; x_wconf 80' lang='grc' dir='ltr'>ἔληγε</span> <span class='ocrx_word' id='word_1_40' title='bbox 602 663 894 741; x_wconf 78' lang='grc' dir='ltr'>φλεγμονὴ</span> <span class='ocrx_word' id='word_1_41' title='bbox 930 705 944 732; x_wconf 90' lang='grc'>,</span> <span class='ocrx_word' id='word_1_42' title='bbox 1046 660 1173 717; x_wconf 84' lang='grc' dir='ltr'>ἀλλ’</span> <span class='ocrx_word' id='word_1_43' title='bbox 1270 662 1541 737; x_wconf 70' lang='grc' dir='ltr'>ὁσημέραι</span> <span class='ocrx_word' id='word_1_44' title='bbox 1639 652 1991 736; x_wconf 81' lang='grc' dir='ltr'>ἀκράιότερον</span> 
     </span>
    </p>
   </div>
   <div class='ocr_carea' id='block_1_9' title="bbox 338 748 1993 827">
    <p class='ocr_par' dir='ltr' id='par_1_9' title="bbox 338 748 1993 827">
     <span class='ocr_line' id='line_1_9' title="bbox 338 748 1993 827; baseline -0.005 -16"><span class='ocrx_word' id='word_1_45' title='bbox 338 753 619 827; x_wconf 63' lang='grc' dir='ltr'>ἐξεκαίετο.</span> <span class='ocrx_word' id='word_1_46' title='bbox 679 752 866 815; x_wconf 87' lang='grc' dir='ltr'>Δείσας</span> <span class='ocrx_word' id='word_1_47' title='bbox 940 749 1031 807; x_wconf 77' lang='grc' dir='ltr'>οὖν</span> <span class='ocrx_word' id='word_1_48' title='bbox 1091 753 1216 826; x_wconf 85' lang='grc' dir='ltr'>περὶ</span> <span class='ocrx_word' id='word_1_49' title='bbox 1274 757 1354 824; x_wconf 77' lang='grc' dir='ltr'>τῷ</span> <span class='ocrx_word' id='word_1_50' title='bbox 1410 749 1651 825; x_wconf 83' lang='grc' dir='ltr'>σώφρονι</span> <span class='ocrx_word' id='word_1_51' title='bbox 1711 748 1993 824; x_wconf 89' lang='grc' dir='ltr'>λογισμῶ,</span> 
     </span>
    </p>
   </div>
   <div class='ocr_carea' id='block_1_10' title="bbox 350 838 1993 921">
    <p class='ocr_par' dir='ltr' id='par_1_10' title="bbox 350 838 1993 921">
     <span class='ocr_line' id='line_1_10' title="bbox 350 838 1993 921; baseline -0.005 -21"><span class='ocrx_word' id='word_1_52' title='bbox 350 848 560 921; x_wconf 72' lang='grc' dir='ltr'>μήποτε</span> <span class='ocrx_word' id='word_1_53' title='bbox 638 849 742 913; x_wconf 79' lang='grc' dir='ltr'>τῆς</span> <span class='ocrx_word' id='word_1_54' title='bbox 824 841 1022 917; x_wconf 86' lang='grc' dir='ltr'>σαρκὸς</span> <span class='ocrx_word' id='word_1_55' title='bbox 1112 840 1319 914; x_wconf 80' lang='grc' dir='ltr'>ἀνάγκῃ</span> <span class='ocrx_word' id='word_1_56' title='bbox 1401 840 1667 914; x_wconf 77' lang='grc' dir='ltr'>ὑποσυρῇ,</span> <span class='ocrx_word' id='word_1_57' title='bbox 1735 838 1993 913; x_wconf 81' lang='grc' dir='ltr'>πρόσειμι</span> 
     </span>
    </p>
   </div>
   <div class='ocr_carea' id='block_1_11' title="bbox 347 926 1995 1011">
    <p class='ocr_par' dir='ltr' id='par_1_11' title="bbox 347 926 1995 1011">
     <span class='ocr_line' id='line_1_11' title="bbox 347 926 1995 1011; baseline -0.005 -21"><span class='ocrx_word' id='word_1_58' title='bbox 347 940 412 1010; x_wconf 80' lang='grc' dir='ltr'>τῇ</span> <span class='ocrx_word' id='word_1_59' title='bbox 486 931 752 1011; x_wconf 75' lang='grc' dir='ltr'>κορυφαίᾳ</span> <span class='ocrx_word' id='word_1_60' title='bbox 819 935 929 986; x_wconf 88' lang='grc' dir='ltr'>τῶν</span> <span class='ocrx_word' id='word_1_61' title='bbox 1004 928 1329 985; x_wconf 75' lang='grc' dir='ltr'>ἀποστόλων</span> <span class='ocrx_word' id='word_1_62' title='bbox 1396 926 1574 1000; x_wconf 82' lang='grc' dir='ltr'>δυάδι,</span> <span class='ocrx_word' id='word_1_63' title='bbox 1656 928 1847 1003; x_wconf 71' lang='grc' dir='ltr'>Πέτρῳ</span> <span class='ocrx_word' id='word_1_64' title='bbox 1904 927 1995 982; x_wconf 86' lang='grc' dir='ltr'>καὶ</span> 
     </span>
    </p>
   </div>
   <div class='ocr_carea' id='block_1_12' title="bbox 346 1014 1993 1096">
    <p class='ocr_par' dir='ltr' id='par_1_12' title="bbox 346 1014 1993 1096">
     <span class='ocr_line' id='line_1_12' title="bbox 346 1014 1993 1096; baseline -0.004 -16"><span class='ocrx_word' id='word_1_65' title='bbox 346 1023 569 1096; x_wconf 82' lang='grc' dir='ltr'>Παύλῳ,</span> <span class='ocrx_word' id='word_1_66' title='bbox 636 1021 724 1077; x_wconf 82' lang='grc' dir='ltr'>καὶ</span> <span class='ocrx_word' id='word_1_67' title='bbox 792 1017 1027 1093; x_wconf 80' lang='grc' dir='ltr'>ἐδεόμην</span> <span class='ocrx_word' id='word_1_68' title='bbox 1103 1018 1304 1091; x_wconf 76' lang='grc' dir='ltr'>ἀμῦναί</span> <span class='ocrx_word' id='word_1_69' title='bbox 1410 1039 1502 1092; x_wconf 89' lang='grc' dir='ltr'>μοι</span> <span class='ocrx_word' id='word_1_70' title='bbox 1604 1014 1993 1073; x_wconf 77' lang='grc' dir='ltr'>κινδυνεύοντι.</span> 
     </span>
    </p>
   </div>
   <div class='ocr_carea' id='block_1_13' title="bbox 340 1103 1996 1183">
    <p class='ocr_par' dir='ltr' id='par_1_13' title="bbox 340 1103 1996 1183">
     <span class='ocr_line' id='line_1_13' title="bbox 340 1103 1996 1183; baseline -0.006 -14"><span class='ocrx_word' id='word_1_71' title='bbox 340 1113 659 1169; x_wconf 82' lang='grc' dir='ltr'>Ὑπνώττων</span> <span class='ocrx_word' id='word_1_72' title='bbox 749 1110 928 1165; x_wconf 82' lang='grc' dir='ltr'>τοίνυν</span> <span class='ocrx_word' id='word_1_73' title='bbox 1013 1109 1229 1177; x_wconf 87' lang='grc' dir='ltr'>νυκτὸς,</span> <span class='ocrx_word' id='word_1_74' title='bbox 1302 1109 1414 1183; x_wconf 88' lang='grc' dir='ltr'>ὁρῶ</span> <span class='ocrx_word' id='word_1_75' title='bbox 1498 1108 1577 1162; x_wconf 88' lang='grc' dir='ltr'>τὼ</span> <span class='ocrx_word' id='word_1_76' title='bbox 1666 1103 1822 1182; x_wconf 74' lang='grc' dir='ltr'>ἄνδρε</span> <span class='ocrx_word' id='word_1_77' title='bbox 1877 1107 1996 1169; x_wconf 90' lang='grc' dir='ltr'>καθ’</span> 
     </span>
    </p>
   </div>
   <div class='ocr_carea' id='block_1_14' title="bbox 343 1193 1995 1277">
    <p class='ocr_par' dir='ltr' id='par_1_14' title="bbox 343 1193 1995 1277">
     <span class='ocr_line' id='line_1_14' title="bbox 343 1193 1995 1277; baseline -0.007 -18"><span class='ocrx_word' id='word_1_78' title='bbox 343 1203 544 1264; x_wconf 80' lang='grc' dir='ltr'>ὕπνους</span> <span class='ocrx_word' id='word_1_79' title='bbox 625 1221 720 1275; x_wconf 90' lang='grc' dir='ltr'>μοι</span> <span class='ocrx_word' id='word_1_80' title='bbox 790 1199 1074 1277; x_wconf 71' lang='grc' dir='ltr'>ἐφεστῶτε,</span> <span class='ocrx_word' id='word_1_81' title='bbox 1151 1197 1241 1253; x_wconf 91' lang='grc' dir='ltr'>καὶ</span> <span class='ocrx_word' id='word_1_82' title='bbox 1312 1198 1340 1251; x_wconf 87' lang='grc' dir='ltr'>ὁ</span> <span class='ocrx_word' id='word_1_83' title='bbox 1415 1198 1620 1273; x_wconf 65' lang='grc' dir='ltr'>Πέτρος</span> <span class='ocrx_word' id='word_1_84' title='bbox 1689 1193 1837 1265; x_wconf 79' lang='grc' dir='ltr'>ἔδοξέ</span> <span class='ocrx_word' id='word_1_85' title='bbox 1898 1215 1995 1267; x_wconf 90' lang='grc' dir='ltr'>μοι</span> 
     </span>
    </p>
   </div>
   <div class='ocr_carea' id='block_1_15' title="bbox 338 1284 1992 1364">
    <p class='ocr_par' dir='ltr' id='par_1_15' title="bbox 338 1284 1992 1364">
     <span class='ocr_line' id='line_1_15' title="bbox 338 1284 1992 1364; baseline -0.007 -13"><span class='ocrx_word' id='word_1_86' title='bbox 338 1301 457 1358; x_wconf 89' lang='grc' dir='ltr'>τοῖς</span> <span class='ocrx_word' id='word_1_87' title='bbox 541 1289 831 1353; x_wconf 76' lang='grc' dir='ltr'>δακτύλοις</span> <span class='ocrx_word' id='word_1_88' title='bbox 888 1291 1117 1364; x_wconf 78' lang='grc' dir='ltr'>ἅψασθαι</span> <span class='ocrx_word' id='word_1_89' title='bbox 1175 1296 1276 1359; x_wconf 79' lang='grc' dir='ltr'>τῆς</span> <span class='ocrx_word' id='word_1_90' title='bbox 1348 1286 1535 1350; x_wconf 75' lang='grc' dir='ltr'>αἲδοῦς</span> <span class='ocrx_word' id='word_1_91' title='bbox 1571 1330 1584 1356; x_wconf 90' lang='grc'>,</span> <span class='ocrx_word' id='word_1_92' title='bbox 1649 1287 1740 1341; x_wconf 83' lang='grc' dir='ltr'>καὶ</span> <span class='ocrx_word' id='word_1_93' title='bbox 1817 1284 1992 1360; x_wconf 69' lang='grc' dir='ltr'>λέγειν</span> 
     </span>
    </p>
   </div>
   <div class='ocr_carea' id='block_1_16' title="bbox 343 1372 1996 1460">
    <p class='ocr_par' dir='ltr' id='par_1_16' title="bbox 343 1372 1996 1460">
     <span class='ocr_line' id='line_1_16' title="bbox 343 1372 1996 1460; baseline -0.007 -20"><span class='ocrx_word' id='word_1_94' title='bbox 343 1407 439 1460; x_wconf 89' lang='grc' dir='ltr'>μοι</span> <span class='ocrx_word' id='word_1_95' title='bbox 499 1384 576 1457; x_wconf 83' lang='grc' dir='ltr'>μή</span> <span class='ocrx_word' id='word_1_96' title='bbox 630 1385 959 1449; x_wconf 88' lang='grc' dir='ltr'>πτοεῖσθαι,</span> <span class='ocrx_word' id='word_1_97' title='bbox 1013 1376 1120 1453; x_wconf 72' lang='grc' dir='ltr'>πῦρ</span> <span class='ocrx_word' id='word_1_98' title='bbox 1182 1376 1240 1433; x_wconf 77' lang='grc' dir='ltr'>δέ</span> <span class='ocrx_word' id='word_1_99' title='bbox 1295 1399 1389 1452; x_wconf 90' lang='grc' dir='ltr'>μοι</span> <span class='ocrx_word' id='word_1_100' title='bbox 1448 1374 1623 1432; x_wconf 84' lang='grc' dir='ltr'>ἐδόκει</span> <span class='ocrx_word' id='word_1_101' title='bbox 1680 1377 1748 1429; x_wconf 76' lang='grc' dir='ltr'>τά</span> <span class='ocrx_word' id='word_1_102' title='bbox 1802 1372 1996 1429; x_wconf 81' lang='grc' dir='ltr'>παιδο-</span> 
     </span>
    </p>
   </div>
   <div class='ocr_carea' id='block_1_17' title="bbox 336 1462 1995 1552">
    <p class='ocr_par' dir='ltr' id='par_1_17' title="bbox 336 1462 1995 1552">
     <span class='ocr_line' id='line_1_17' title="bbox 336 1462 1995 1552; baseline -0.008 -22"><span class='ocrx_word' id='word_1_103' title='bbox 336 1475 472 1552; x_wconf 91' lang='grc' dir='ltr'>γόνα</span> <span class='ocrx_word' id='word_1_104' title='bbox 568 1473 736 1545; x_wconf 86' lang='grc' dir='ltr'>μόρια</span> <span class='ocrx_word' id='word_1_105' title='bbox 821 1470 1132 1545; x_wconf 84' lang='grc' dir='ltr'>βόσκεσθαι,</span> <span class='ocrx_word' id='word_1_106' title='bbox 1218 1468 1294 1531; x_wconf 83' lang='grc' dir='ltr'>ὡς</span> <span class='ocrx_word' id='word_1_107' title='bbox 1378 1467 1437 1523; x_wconf 74' lang='grc' dir='ltr'>ἐκ</span> <span class='ocrx_word' id='word_1_108' title='bbox 1510 1473 1611 1535; x_wconf 84' lang='grc' dir='ltr'>τῆς</span> <span class='ocrx_word' id='word_1_109' title='bbox 1687 1462 1995 1540; x_wconf 80' lang='grc' dir='ltr'>ἀλγηδόνος</span> 
     </span>
    </p>
   </div>
   <div class='ocr_carea' id='block_1_18' title="bbox 337 1553 1997 1631">
    <p class='ocr_par' dir='ltr' id='par_1_18' title="bbox 337 1553 1997 1631">
     <span class='ocr_line' id='line_1_18' title="bbox 337 1553 1997 1631; baseline -0.008 -11"><span class='ocrx_word' id='word_1_110' title='bbox 337 1567 427 1620; x_wconf 83' lang='grc' dir='ltr'>καὶ</span> <span class='ocrx_word' id='word_1_111' title='bbox 486 1563 550 1618; x_wconf 82' lang='grc' dir='ltr'>τὸ</span> <span class='ocrx_word' id='word_1_112' title='bbox 608 1557 774 1615; x_wconf 77' lang='grc' dir='ltr'>ὕπνον</span> <span class='ocrx_word' id='word_1_113' title='bbox 832 1557 1036 1613; x_wconf 85' lang='grc' dir='ltr'>άνεῖταί</span> <span class='ocrx_word' id='word_1_114' title='bbox 1099 1578 1186 1631; x_wconf 87' lang='grc' dir='ltr'>με.</span> <span class='ocrx_word' id='word_1_115' title='bbox 1248 1558 1341 1611; x_wconf 88' lang='grc' dir='ltr'>Ἐκ</span> <span class='ocrx_word' id='word_1_116' title='bbox 1397 1555 1522 1611; x_wconf 90' lang='grc' dir='ltr'>τότε</span> <span class='ocrx_word' id='word_1_117' title='bbox 1580 1559 1712 1630; x_wconf 80' lang='grc' dir='ltr'>γοῦν</span> <span class='ocrx_word' id='word_1_118' title='bbox 1776 1575 1869 1626; x_wconf 91' lang='grc' dir='ltr'>μοι</span> <span class='ocrx_word' id='word_1_119' title='bbox 1929 1553 1997 1607; x_wconf 82' lang='grc' dir='ltr'>τὰ</span> 
     </span>
    </p>
   </div>
   <div class='ocr_carea' id='block_1_19' title="bbox 2096 484 3755 557">
    <p class='ocr_par' dir='ltr' id='par_1_19' title="bbox 2096 484 3755 557">
     <span class='ocr_line' id='line_1_19' title="bbox 2096 484 3755 557; baseline 0.004 -19"><span class='ocrx_word' id='word_1_120' title='bbox 2096 486 2239 539; x_wconf 81' lang='lat' dir='ltr'>mihi</span> <span class='ocrx_word' id='word_1_121' title='bbox 2261 488 2449 555; x_wconf 69' lang='lat' dir='ltr'>partes</span> <span class='ocrx_word' id='word_1_122' title='bbox 2470 484 2587 540; x_wconf 66' lang='lat' dir='ltr'>haec</span> <span class='ocrx_word' id='word_1_123' title='bbox 2602 487 2732 538; x_wconf 73' lang='lat' dir='ltr'>sunt</span> <span class='ocrx_word' id='word_1_124' title='bbox 2750 490 3000 554; x_wconf 66' lang='lat' dir='ltr'>mortem,</span> <span class='ocrx_word' id='word_1_125' title='bbox 3016 502 3190 557; x_wconf 81' lang='lat' dir='ltr'>neque</span> <span class='ocrx_word' id='word_1_126' title='bbox 3208 486 3334 541; x_wconf 82' lang='lat' dir='ltr'>ulla</span> <span class='ocrx_word' id='word_1_127' title='bbox 3356 486 3504 542; x_wconf 80' lang='lat' dir='ltr'>mihi</span> <span class='ocrx_word' id='word_1_128' title='bbox 3521 489 3755 557; x_wconf 83' lang='lat' dir='ltr'>ﬂamma</span> 
     </span>
    </p>
   </div>
   <div class='ocr_carea' id='block_1_20' title="bbox 2104 573 3764 646">
    <p class='ocr_par' dir='ltr' id='par_1_20' title="bbox 2104 573 3764 646">
     <span class='ocr_line' id='line_1_20' title="bbox 2104 573 3764 646; baseline 0.004 -19"><span class='ocrx_word' id='word_1_129' title='bbox 2104 573 2357 627; x_wconf 77' lang='lat' dir='ltr'>libidinis</span> <span class='ocrx_word' id='word_1_130' title='bbox 2386 575 2613 628; x_wconf 77' lang='lat' dir='ltr'>nwlesta</span> <span class='ocrx_word' id='word_1_131' title='bbox 2662 576 2790 643; x_wconf 72' lang='lat' dir='ltr'>fuit.</span> <span class='ocrx_word' id='word_1_132' title='bbox 2820 574 3050 629; x_wconf 89' lang='lat' dir='ltr'>Manuel</span> <span class='ocrx_word' id='word_1_133' title='bbox 3095 575 3380 646; x_wconf 78' lang='lat' dir='ltr'>magister</span> <span class='ocrx_word' id='word_1_134' title='bbox 3409 575 3503 631; x_wconf 92' lang='lat' dir='ltr'>his</span> <span class='ocrx_word' id='word_1_135' title='bbox 3530 576 3675 632; x_wconf 87' lang='lat' dir='ltr'>visis</span> <span class='ocrx_word' id='word_1_136' title='bbox 3706 580 3764 633; x_wconf 83' lang='lat' dir='ltr'>et</span> 
     </span>
    </p>
   </div>
   <div class='ocr_carea' id='block_1_21' title="bbox 2106 662 3762 737">
    <p class='ocr_par' dir='ltr' id='par_1_21' title="bbox 2106 662 3762 737">
     <span class='ocr_line' id='line_1_21' title="bbox 2106 662 3762 737; baseline 0.002 -19"><span class='ocrx_word' id='word_1_137' title='bbox 2106 662 2342 731; x_wconf 76' lang='lat' dir='ltr'>auditis,</span> <span class='ocrx_word' id='word_1_138' title='bbox 2393 662 2593 717; x_wconf 80' lang='lat' dir='ltr'>statim</span> <span class='ocrx_word' id='word_1_139' title='bbox 2655 662 2959 718; x_wconf 88' lang='lat' dir='ltr'>mulierem</span> <span class='ocrx_word' id='word_1_140' title='bbox 3000 664 3058 717; x_wconf 87' lang='lat' dir='ltr'>in</span> <span class='ocrx_word' id='word_1_141' title='bbox 3102 666 3358 720; x_wconf 85' lang='lat' dir='ltr'>medium</span> <span class='ocrx_word' id='word_1_142' title='bbox 3406 666 3762 737; x_wconf 87' lang='lat' dir='ltr'>productam</span> 
     </span>
    </p>
   </div>
   <div class='ocr_carea' id='block_1_22' title="bbox 2105 751 3758 823">
    <p class='ocr_par' dir='ltr' id='par_1_22' title="bbox 2105 751 3758 823">
     <span class='ocr_line' id='line_1_22' title="bbox 2105 751 3758 823; baseline 0.003 -18"><span class='ocrx_word' id='word_1_143' title='bbox 2105 751 2446 823; x_wconf 79' lang='lat' dir='ltr'>interrogat,</span> <span class='ocrx_word' id='word_1_144' title='bbox 2466 753 2621 806; x_wconf 92' lang='lat' dir='ltr'>unde</span> <span class='ocrx_word' id='word_1_145' title='bbox 2651 753 2721 807; x_wconf 88' lang='lat' dir='ltr'>ad</span> <span class='ocrx_word' id='word_1_146' title='bbox 2750 752 2938 807; x_wconf 90' lang='lat' dir='ltr'>virum</span> <span class='ocrx_word' id='word_1_147' title='bbox 2963 759 3234 808; x_wconf 87' lang='lat' dir='ltr'>sanctum</span> <span class='ocrx_word' id='word_1_148' title='bbox 3265 754 3758 811; x_wconf 88' lang='lat' dir='ltr'>calumniandum</span> 
     </span>
    </p>
   </div>
   <div class='ocr_carea' id='block_1_23' title="bbox 2103 840 3758 913">
    <p class='ocr_par' dir='ltr' id='par_1_23' title="bbox 2103 840 3758 913">
     <span class='ocr_line' id='line_1_23' title="bbox 2103 840 3758 913; baseline 0.003 -19"><span class='ocrx_word' id='word_1_149' title='bbox 2103 840 2362 913; x_wconf 89' lang='lat' dir='ltr'>impulsa</span> <span class='ocrx_word' id='word_1_150' title='bbox 2402 840 2599 896; x_wconf 83' lang='lat' dir='ltr'>esset?</span> <span class='ocrx_word' id='word_1_151' title='bbox 2631 842 3045 909; x_wconf 83' lang='lat' dir='ltr'>comminatus,</span> <span class='ocrx_word' id='word_1_152' title='bbox 3078 843 3191 898; x_wconf 85' lang='lat' dir='ltr'>nisi</span> <span class='ocrx_word' id='word_1_153' title='bbox 3224 843 3526 899; x_wconf 82' lang='lat' dir='ltr'>veritatem</span> <span class='ocrx_word' id='word_1_154' title='bbox 3558 860 3758 900; x_wconf 87' lang='lat' dir='ltr'>coram</span> 
     </span>
    </p>
   </div>
   <div class='ocr_carea' id='block_1_24' title="bbox 2106 930 3762 1005">
    <p class='ocr_par' dir='ltr' id='par_1_24' title="bbox 2106 930 3762 1005">
     <span class='ocr_line' id='line_1_24' title="bbox 2106 930 3762 1005; baseline 0.002 -20"><span class='ocrx_word' id='word_1_155' title='bbox 2106 930 2382 985; x_wconf 83' lang='lat' dir='ltr'>omnibus</span> <span class='ocrx_word' id='word_1_156' title='bbox 2422 930 2814 1000; x_wconf 86' lang='lat' dir='ltr'>proﬁteretur,</span> <span class='ocrx_word' id='word_1_157' title='bbox 2851 946 2913 986; x_wconf 93' lang='lat' dir='ltr'>se</span> <span class='ocrx_word' id='word_1_158' title='bbox 2960 947 3096 986; x_wconf 83' lang='lat' dir='ltr'>mox</span> <span class='ocrx_word' id='word_1_159' title='bbox 3144 948 3271 987; x_wconf 90' lang='lat' dir='ltr'>eam</span> <span class='ocrx_word' id='word_1_160' title='bbox 3305 932 3455 990; x_wconf 73' lang='lat'>155</span> <span class='ocrx_word' id='word_1_161' title='bbox 3492 933 3565 988; x_wconf 89' lang='lat' dir='ltr'>iis</span> <span class='ocrx_word' id='word_1_162' title='bbox 3597 950 3762 1005; x_wconf 72' lang='lat' dir='ltr'>quaa-</span> 
     </span>
    </p>
   </div>
   <div class='ocr_carea' id='block_1_25' title="bbox 2107 1018 3761 1095">
    <p class='ocr_par' dir='ltr' id='par_1_25' title="bbox 2107 1018 3761 1095">
     <span class='ocr_line' id='line_1_25' title="bbox 2107 1018 3761 1095; baseline 0.002 -20"><span class='ocrx_word' id='word_1_163' title='bbox 2107 1018 2399 1075; x_wconf 91' lang='lat' dir='ltr'>stionibus</span> <span class='ocrx_word' id='word_1_164' title='bbox 2447 1018 2872 1081; x_wconf 86' lang='lat' dir='ltr'>adhibiturum,</span> <span class='ocrx_word' id='word_1_165' title='bbox 2920 1021 3139 1090; x_wconf 84' lang='lat' dir='ltr'>quibus</span> <span class='ocrx_word' id='word_1_166' title='bbox 3165 1026 3567 1077; x_wconf 89' lang='lat' dir='ltr'>commentum</span> <span class='ocrx_word' id='word_1_167' title='bbox 3597 1039 3761 1095; x_wconf 85' lang='lat' dir='ltr'>pers-</span> 
     </span>
    </p>
   </div>
   <div class='ocr_carea' id='block_1_26' title="bbox 2106 1108 3763 1181">
    <p class='ocr_par' dir='ltr' id='par_1_26' title="bbox 2106 1108 3763 1181">
     <span class='ocr_line' id='line_1_26' title="bbox 2106 1108 3763 1181; baseline 0.003 -18"><span class='ocrx_word' id='word_1_168' title='bbox 2106 1110 2309 1179; x_wconf 90' lang='lat' dir='ltr'>spicue</span> <span class='ocrx_word' id='word_1_169' title='bbox 2348 1108 2644 1162; x_wconf 83' lang='lat' dir='ltr'>declarare</span> <span class='ocrx_word' id='word_1_170' title='bbox 2674 1112 2997 1178; x_wconf 84' lang='lat' dir='ltr'>cogeretur.</span> <span class='ocrx_word' id='word_1_171' title='bbox 3031 1108 3135 1164; x_wconf 87' lang='lat' dir='ltr'>Illa</span> <span class='ocrx_word' id='word_1_172' title='bbox 3181 1109 3364 1181; x_wconf 85' lang='lat' dir='ltr'>igitur</span> <span class='ocrx_word' id='word_1_173' title='bbox 3411 1110 3559 1167; x_wconf 88' lang='lat' dir='ltr'>nihil</span> <span class='ocrx_word' id='word_1_174' title='bbox 3590 1111 3763 1181; x_wconf 87' lang='lat' dir='ltr'>celat,</span> 
     </span>
    </p>
   </div>
   <div class='ocr_carea' id='block_1_27' title="bbox 2107 1196 3765 1273">
    <p class='ocr_par' dir='ltr' id='par_1_27' title="bbox 2107 1196 3765 1273">
     <span class='ocr_line' id='line_1_27' title="bbox 2107 1196 3765 1273; baseline 0.002 -20"><span class='ocrx_word' id='word_1_175' title='bbox 2107 1198 2208 1253; x_wconf 89' lang='lat' dir='ltr'>sed</span> <span class='ocrx_word' id='word_1_176' title='bbox 2258 1202 2317 1252; x_wconf 88' lang='lat' dir='ltr'>et</span> <span class='ocrx_word' id='word_1_177' title='bbox 2366 1196 2572 1252; x_wconf 67' lang='lat' dir='ltr'>fabulae</span> <span class='ocrx_word' id='word_1_178' title='bbox 2603 1196 2821 1267; x_wconf 89' lang='lat' dir='ltr'>primos</span> <span class='ocrx_word' id='word_1_179' title='bbox 2862 1197 3217 1264; x_wconf 85' lang='lat' dir='ltr'>inventores,</span> <span class='ocrx_word' id='word_1_180' title='bbox 3250 1203 3307 1254; x_wconf 91' lang='lat' dir='ltr'>et</span> <span class='ocrx_word' id='word_1_181' title='bbox 3352 1215 3519 1255; x_wconf 89' lang='lat' dir='ltr'>suam</span> <span class='ocrx_word' id='word_1_182' title='bbox 3572 1200 3765 1273; x_wconf 90' lang='lat' dir='ltr'>impo-</span> 
     </span>
    </p>
   </div>
   <div class='ocr_carea' id='block_1_28' title="bbox 2107 1286 3767 1362">
    <p class='ocr_par' dir='ltr' id='par_1_28' title="bbox 2107 1286 3767 1362">
     <span class='ocr_line' id='line_1_28' title="bbox 2107 1286 3767 1362; baseline 0.003 -21"><span class='ocrx_word' id='word_1_183' title='bbox 2107 1295 2358 1353; x_wconf 88' lang='lat' dir='ltr'>sluram,</span> <span class='ocrx_word' id='word_1_184' title='bbox 2390 1290 2447 1341; x_wconf 90' lang='lat' dir='ltr'>et</span> <span class='ocrx_word' id='word_1_185' title='bbox 2476 1301 2687 1341; x_wconf 90' lang='lat' dir='ltr'>aurum</span> <span class='ocrx_word' id='word_1_186' title='bbox 2736 1286 2948 1358; x_wconf 83' lang='lat' dir='ltr'>partim</span> <span class='ocrx_word' id='word_1_187' title='bbox 3000 1293 3325 1357; x_wconf 85' lang='lat' dir='ltr'>acceptum,</span> <span class='ocrx_word' id='word_1_188' title='bbox 3358 1289 3569 1359; x_wconf 84' lang='lat' dir='ltr'>partim</span> <span class='ocrx_word' id='word_1_189' title='bbox 3621 1307 3767 1362; x_wconf 83' lang='lat' dir='ltr'>pro-</span> 
     </span>
    </p>
   </div>
   <div class='ocr_carea' id='block_1_29' title="bbox 2109 1376 3767 1451">
    <p class='ocr_par' dir='ltr' id='par_1_29' title="bbox 2109 1376 3767 1451">
     <span class='ocr_line' id='line_1_29' title="bbox 2109 1376 3767 1451; baseline 0.005 -22"><span class='ocrx_word' id='word_1_190' title='bbox 2109 1376 2357 1430; x_wconf 90' lang='lat' dir='ltr'>missum</span> <span class='ocrx_word' id='word_1_191' title='bbox 2399 1379 2680 1431; x_wconf 82' lang='lat' dir='ltr'>recenset.</span> <span class='ocrx_word' id='word_1_192' title='bbox 2717 1381 2920 1447; x_wconf 86' lang='lat' dir='ltr'>Itaque</span> <span class='ocrx_word' id='word_1_193' title='bbox 2952 1376 3222 1432; x_wconf 85' lang='lat' dir='ltr'>homines</span> <span class='ocrx_word' id='word_1_194' title='bbox 3263 1377 3511 1434; x_wconf 90' lang='lat' dir='ltr'>maleﬁci</span> <span class='ocrx_word' id='word_1_195' title='bbox 3560 1396 3767 1451; x_wconf 80' lang='lat' dir='ltr'>prenas</span> 
     </span>
    </p>
   </div>
   <div class='ocr_carea' id='block_1_30' title="bbox 2109 1464 3769 1538">
    <p class='ocr_par' dir='ltr' id='par_1_30' title="bbox 2109 1464 3769 1538">
     <span class='ocr_line' id='line_1_30' title="bbox 2109 1464 3769 1538; baseline 0.003 -19"><span class='ocrx_word' id='word_1_196' title='bbox 2109 1468 2328 1520; x_wconf 88' lang='lat' dir='ltr'>temere</span> <span class='ocrx_word' id='word_1_197' title='bbox 2359 1464 2718 1533; x_wconf 75' lang='lat' dir='ltr'>litigantium</span> <span class='ocrx_word' id='word_1_198' title='bbox 2745 1465 3089 1532; x_wconf 89' lang='lat' dir='ltr'>subiissent,</span> <span class='ocrx_word' id='word_1_199' title='bbox 3115 1465 3226 1520; x_wconf 89' lang='lat' dir='ltr'>nisi</span> <span class='ocrx_word' id='word_1_200' title='bbox 3259 1483 3512 1538; x_wconf 87' lang='lat' dir='ltr'>magnus</span> <span class='ocrx_word' id='word_1_201' title='bbox 3545 1468 3769 1523; x_wconf 85' lang='lat' dir='ltr'>Metho-</span> 
     </span>
    </p>
   </div>
   <div class='ocr_carea' id='block_1_31' title="bbox 2110 1553 3770 1626">
    <p class='ocr_par' dir='ltr' id='par_1_31' title="bbox 2110 1553 3770 1626">
     <span class='ocr_line' id='line_1_31' title="bbox 2110 1553 3770 1626; baseline 0.002 -19"><span class='ocrx_word' id='word_1_202' title='bbox 2110 1554 2244 1608; x_wconf 90' lang='lat' dir='ltr'>dius</span> <span class='ocrx_word' id='word_1_203' title='bbox 2267 1570 2370 1625; x_wconf 92' lang='lat' dir='ltr'>pro</span> <span class='ocrx_word' id='word_1_204' title='bbox 2392 1554 2477 1607; x_wconf 91' lang='lat' dir='ltr'>eis</span> <span class='ocrx_word' id='word_1_205' title='bbox 2502 1553 2957 1621; x_wconf 83' lang='lat' dir='ltr'>intercessisset;</span> <span class='ocrx_word' id='word_1_206' title='bbox 2982 1560 3159 1626; x_wconf 88' lang='lat' dir='ltr'>atque</span> <span class='ocrx_word' id='word_1_207' title='bbox 3189 1555 3310 1610; x_wconf 68' lang='lat' dir='ltr'>haec</span> <span class='ocrx_word' id='word_1_208' title='bbox 3340 1555 3422 1611; x_wconf 90' lang='lat' dir='ltr'>ita</span> <span class='ocrx_word' id='word_1_209' title='bbox 3455 1560 3584 1612; x_wconf 87' lang='lat' dir='ltr'>acta</span> <span class='ocrx_word' id='word_1_210' title='bbox 3607 1561 3770 1612; x_wconf 90' lang='lat' dir='ltr'>sunt.</span> 
     </span>
    </p>
   </div>
   <div class='ocr_carea' id='block_1_32' title="bbox 343 1632 3777 1729">
    <p class='ocr_par' dir='ltr' id='par_1_32' title="bbox 343 1632 3777 1729">
     <span class='ocr_line' id='line_1_32' title="bbox 343 1632 3777 1729; baseline -0.002 -22"><span class='ocrx_word' id='word_1_211' title='bbox 343 1655 514 1729; x_wconf 89' lang='grc' dir='ltr'>μόρια</span> <span class='ocrx_word' id='word_1_212' title='bbox 566 1654 736 1706; x_wconf 80' lang='grc' dir='ltr'>ταῦτα</span> <span class='ocrx_word' id='word_1_213' title='bbox 788 1647 1133 1721; x_wconf 79' lang='grc' dir='ltr'>νενέκρωται,</span> <span class='ocrx_word' id='word_1_214' title='bbox 1193 1647 1283 1701; x_wconf 88' lang='grc' dir='ltr'>καὶ</span> <span class='ocrx_word' id='word_1_215' title='bbox 1339 1646 1586 1720; x_wconf 81' lang='grc' dir='ltr'>πύρωσις</span> <span class='ocrx_word' id='word_1_216' title='bbox 1664 1642 1847 1709; x_wconf 70' lang='grc' dir='ltr'>οὐκετι</span> <span class='ocrx_word' id='word_1_217' title='bbox 1918 1662 2012 1715; x_wconf 89' lang='grc' dir='ltr'>μοι</span> <span class='ocrx_word' id='word_1_218' title='bbox 2091 1639 2508 1716; x_wconf 81' lang='grc' dir='ltr'>παρηνώχλησε</span> <span class='ocrx_word' id='word_1_219' title='bbox 2543 1683 2554 1694; x_wconf 95' lang='grc'>.</span> <span class='ocrx_word' id='word_1_220' title='bbox 2614 1642 2792 1695; x_wconf 70' lang='grc' dir='ltr'>Ταῦτα</span> <span class='ocrx_word' id='word_1_221' title='bbox 2867 1643 2895 1695; x_wconf 80' lang='grc' dir='ltr'><strong>ὁ</strong></span> <span class='ocrx_word' id='word_1_222' title='bbox 2979 1662 3271 1719; x_wconf 81' lang='grc' dir='ltr'>μαγιστρος</span> <span class='ocrx_word' id='word_1_223' title='bbox 3351 1642 3620 1712; x_wconf 78' lang='grc' dir='ltr'>Μανουὴλ</span> <span class='ocrx_word' id='word_1_224' title='bbox 3678 1632 3777 1700; x_wconf 75' lang='grc' dir='ltr'>καἲ</span> 
     </span>
    </p>
   </div>
   <div class='ocr_carea' id='block_1_33' title="bbox 342 1729 3768 1815">
    <p class='ocr_par' dir='ltr' id='par_1_33' title="bbox 342 1729 3768 1815">
     <span class='ocr_line' id='line_1_33' title="bbox 342 1729 3768 1815; baseline -0.004 -16"><span class='ocrx_word' id='word_1_225' title='bbox 342 1741 674 1815; x_wconf 82' lang='grc' dir='ltr'>θεασάμενος</span> <span class='ocrx_word' id='word_1_226' title='bbox 731 1739 819 1793; x_wconf 86' lang='grc' dir='ltr'>καὶ</span> <span class='ocrx_word' id='word_1_227' title='bbox 876 1736 1207 1808; x_wconf 85' lang='grc' dir='ltr'>πυθόμενος,</span> <span class='ocrx_word' id='word_1_228' title='bbox 1268 1734 1458 1789; x_wconf 82' lang='grc' dir='ltr'>αὐτίκα</span> <span class='ocrx_word' id='word_1_229' title='bbox 1512 1735 1613 1802; x_wconf 74' lang='grc' dir='ltr'>τὴν</span> <span class='ocrx_word' id='word_1_230' title='bbox 1671 1737 1901 1808; x_wconf 82' lang='grc' dir='ltr'>γυναῖκα</span> <span class='ocrx_word' id='word_1_231' title='bbox 1956 1729 2460 1807; x_wconf 83' lang='grc' dir='ltr'>παραστησάμενος,</span> <span class='ocrx_word' id='word_1_232' title='bbox 2517 1730 2706 1803; x_wconf 78' lang='grc' dir='ltr'>ἠρώτα</span> <span class='ocrx_word' id='word_1_233' title='bbox 2765 1730 2883 1785; x_wconf 75' lang='grc' dir='ltr'>ὅθεν</span> <span class='ocrx_word' id='word_1_234' title='bbox 2940 1730 3016 1792; x_wconf 79' lang='grc' dir='ltr'>εἷς</span> <span class='ocrx_word' id='word_1_235' title='bbox 3072 1731 3168 1800; x_wconf 79' lang='grc' dir='ltr'>τήν</span> <span class='ocrx_word' id='word_1_236' title='bbox 3245 1734 3382 1787; x_wconf 85' lang='grc' dir='ltr'>κατά</span> <span class='ocrx_word' id='word_1_237' title='bbox 3454 1737 3551 1788; x_wconf 73' lang='grc' dir='ltr'>τοῦ</span> <span class='ocrx_word' id='word_1_238' title='bbox 3608 1732 3768 1809; x_wconf 82' lang='grc' dir='ltr'>ἁγίου</span> 
     </span>
    </p>
   </div>
   <div class='ocr_carea' id='block_1_34' title="bbox 342 1813 3769 1910">
    <p class='ocr_par' dir='ltr' id='par_1_34' title="bbox 342 1813 3769 1910">
     <span class='ocr_line' id='line_1_34' title="bbox 342 1813 3769 1910; baseline -0.003 -21"><span class='ocrx_word' id='word_1_239' title='bbox 342 1813 704 1910; x_wconf 74' lang='grc' dir='ltr'>συκοφαντίαν</span> <span class='ocrx_word' id='word_1_240' title='bbox 766 1828 1045 1902; x_wconf 80' lang='grc' dir='ltr'>ὥρμηται,</span> <span class='ocrx_word' id='word_1_241' title='bbox 1099 1826 1189 1881; x_wconf 85' lang='grc' dir='ltr'>καὶ</span> <span class='ocrx_word' id='word_1_242' title='bbox 1246 1823 1485 1895; x_wconf 85' lang='grc' dir='ltr'>ἠπείλει,</span> <span class='ocrx_word' id='word_1_243' title='bbox 1557 1823 1605 1878; x_wconf 79' lang='grc' dir='ltr'>εἰ</span> <span class='ocrx_word' id='word_1_244' title='bbox 1664 1823 1740 1895; x_wconf 76' lang='grc' dir='ltr'>μὴ</span> <span class='ocrx_word' id='word_1_245' title='bbox 1798 1827 1927 1876; x_wconf 76' lang='grc' dir='ltr'>πᾶσι</span> <span class='ocrx_word' id='word_1_246' title='bbox 1989 1825 2133 1883; x_wconf 82' lang='grc' dir='ltr'>θεῖτο</span> <span class='ocrx_word' id='word_1_247' title='bbox 2188 1822 2290 1887; x_wconf 79' lang='grc' dir='ltr'>τὴν</span> <span class='ocrx_word' id='word_1_248' title='bbox 2348 1817 2607 1888; x_wconf 77' lang='grc' dir='ltr'>ἀλήθειαν</span> <span class='ocrx_word' id='word_1_249' title='bbox 2668 1813 2943 1889; x_wconf 79' lang='grc' dir='ltr'>ἔκδηλον,</span> <span class='ocrx_word' id='word_1_250' title='bbox 3002 1819 3193 1874; x_wconf 78' lang='grc' dir='ltr'>αὐτίκα</span> <span class='ocrx_word' id='word_1_251' title='bbox 3271 1822 3525 1897; x_wconf 85' lang='grc' dir='ltr'>βασάνοις</span> <span class='ocrx_word' id='word_1_252' title='bbox 3601 1822 3769 1894; x_wconf 76' lang='grc' dir='ltr'>αὐτὴν</span> 
     </span>
    </p>
   </div>
   <div class='ocr_carea' id='block_1_35' title="bbox 345 1904 3771 1997">
    <p class='ocr_par' dir='ltr' id='par_1_35' title="bbox 345 1904 3771 1997">
     <span class='ocr_line' id='line_1_35' title="bbox 345 1904 3771 1997; baseline -0.003 -22"><span class='ocrx_word' id='word_1_253' title='bbox 345 1904 706 1997; x_wconf 72' lang='grc' dir='ltr'>παραδοῦναι,</span> <span class='ocrx_word' id='word_1_254' title='bbox 768 1912 837 1970; x_wconf 84' lang='grc' dir='ltr'>δι’</span> <span class='ocrx_word' id='word_1_255' title='bbox 892 1914 966 1968; x_wconf 83' lang='grc' dir='ltr'>ὧν</span> <span class='ocrx_word' id='word_1_256' title='bbox 1016 1908 1326 1982; x_wconf 76' lang='grc' dir='ltr'>ἐκϐιασθείη</span> <span class='ocrx_word' id='word_1_257' title='bbox 1386 1909 1755 1983; x_wconf 77' lang='grc' dir='ltr'>ἀνεκκαλύψαι</span> <span class='ocrx_word' id='word_1_258' title='bbox 1808 1906 2080 1981; x_wconf 79' lang='grc' dir='ltr'>λαμπρῶς</span> <span class='ocrx_word' id='word_1_259' title='bbox 2155 1907 2217 1960; x_wconf 87' lang='grc' dir='ltr'>τὸ</span> <span class='ocrx_word' id='word_1_260' title='bbox 2254 1996 2257 1997; x_wconf 10' lang='grc' dir='ltr'><em>ν</em></span> <span class='ocrx_word' id='word_1_261' title='bbox 2294 1907 2657 1997; x_wconf 82' lang='grc' dir='ltr'>σκαιώρημα.</span> <span class='ocrx_word' id='word_1_262' title='bbox 2716 1906 2775 1961; x_wconf 88' lang='grc' dir='ltr'><em>Ἣ</em></span> <span class='ocrx_word' id='word_1_263' title='bbox 2838 1904 2896 1960; x_wconf 71' lang='grc' dir='ltr'>δὲ</span> <span class='ocrx_word' id='word_1_264' title='bbox 2952 1905 3111 1961; x_wconf 74' lang='grc' dir='ltr'>οὐδὲν</span> <span class='ocrx_word' id='word_1_265' title='bbox 3174 1907 3559 1984; x_wconf 77' lang='grc' dir='ltr'>ἀπεκρύψατο,</span> <span class='ocrx_word' id='word_1_266' title='bbox 3624 1909 3771 1966; x_wconf 77' lang='grc' dir='ltr'>ἀλλὰ</span> 
     </span>
    </p>
   </div>
   <div class='ocr_carea' id='block_1_36' title="bbox 346 1995 3773 2080">
    <p class='ocr_par' dir='ltr' id='par_1_36' title="bbox 346 1995 3773 2080">
     <span class='ocr_line' id='line_1_36' title="bbox 346 1995 3773 2080; baseline -0.004 -13"><span class='ocrx_word' id='word_1_267' title='bbox 346 1995 439 2067; x_wconf 69' lang='grc' dir='ltr'>καῖ</span> <span class='ocrx_word' id='word_1_268' title='bbox 466 2007 595 2069; x_wconf 82' lang='grc' dir='ltr'>τοὺς</span> <span class='ocrx_word' id='word_1_269' title='bbox 628 2009 726 2061; x_wconf 77' lang='grc' dir='ltr'>τοῦ</span> <span class='ocrx_word' id='word_1_270' title='bbox 786 2001 1063 2080; x_wconf 84' lang='grc' dir='ltr'>δράματος</span> <span class='ocrx_word' id='word_1_271' title='bbox 1122 2000 1427 2077; x_wconf 74' lang='grc' dir='ltr'>ἀπήγγειλε</span> <span class='ocrx_word' id='word_1_272' title='bbox 1476 1998 1885 2075; x_wconf 83' lang='grc' dir='ltr'>πρωτουργοὺς,</span> <span class='ocrx_word' id='word_1_273' title='bbox 1941 1998 2029 2051; x_wconf 81' lang='grc' dir='ltr'>καὶ</span> <span class='ocrx_word' id='word_1_274' title='bbox 2088 1997 2187 2065; x_wconf 85' lang='grc' dir='ltr'>τήν</span> <span class='ocrx_word' id='word_1_275' title='bbox 2247 1996 2440 2065; x_wconf 73' lang='grc' dir='ltr'>ἑαυτῆς</span> <span class='ocrx_word' id='word_1_276' title='bbox 2498 1995 2730 2066; x_wconf 88' lang='grc' dir='ltr'>ἀπάτην,</span> <span class='ocrx_word' id='word_1_277' title='bbox 2788 1997 2878 2051; x_wconf 81' lang='grc' dir='ltr'>καὶ</span> <span class='ocrx_word' id='word_1_278' title='bbox 2934 2001 3031 2051; x_wconf 78' lang='grc' dir='ltr'>τοῦ</span> <span class='ocrx_word' id='word_1_279' title='bbox 3090 1997 3321 2072; x_wconf 81' lang='grc' dir='ltr'>χρυσίου</span> <span class='ocrx_word' id='word_1_280' title='bbox 3372 2002 3468 2053; x_wconf 80' lang='grc' dir='ltr'>τοῦ</span> <span class='ocrx_word' id='word_1_281' title='bbox 3525 2000 3619 2072; x_wconf 72' lang='grc' dir='ltr'>μὲν</span> <span class='ocrx_word' id='word_1_282' title='bbox 3670 2002 3773 2070; x_wconf 80' lang='grc' dir='ltr'>τὴν</span> 
     </span>
    </p>
   </div>
   <div class='ocr_carea' id='block_1_37' title="bbox 349 2080 3774 2171">
    <p class='ocr_par' dir='ltr' id='par_1_37' title="bbox 349 2080 3774 2171">
     <span class='ocr_line' id='line_1_37' title="bbox 349 2080 3774 2171; baseline -0.003 -16"><span class='ocrx_word' id='word_1_283' title='bbox 349 2098 526 2171; x_wconf 88' lang='grc' dir='ltr'>δόσιν,</span> <span class='ocrx_word' id='word_1_284' title='bbox 556 2099 653 2151; x_wconf 79' lang='grc' dir='ltr'>τοῦ</span> <span class='ocrx_word' id='word_1_285' title='bbox 685 2092 745 2149; x_wconf 72' lang='grc' dir='ltr'>δὲ</span> <span class='ocrx_word' id='word_1_286' title='bbox 772 2095 870 2162; x_wconf 84' lang='grc' dir='ltr'>τήν</span> <span class='ocrx_word' id='word_1_287' title='bbox 919 2091 1236 2168; x_wconf 84' lang='grc' dir='ltr'>ὑπόσχεσιν.</span> <span class='ocrx_word' id='word_1_288' title='bbox 1272 2088 1547 2165; x_wconf 73' lang='grc' dir='ltr'>Ἐμελλον</span> <span class='ocrx_word' id='word_1_289' title='bbox 1602 2087 1693 2143; x_wconf 78' lang='grc' dir='ltr'>οὖν</span> <span class='ocrx_word' id='word_1_290' title='bbox 1744 2089 1798 2142; x_wconf 79' lang='grc' dir='ltr'>οἱ</span> <span class='ocrx_word' id='word_1_291' title='bbox 1847 2091 2140 2162; x_wconf 78' lang='grc' dir='ltr'>κακοῦργοι</span> <span class='ocrx_word' id='word_1_292' title='bbox 2194 2091 2312 2149; x_wconf 84' lang='grc' dir='ltr'>ταῖς</span> <span class='ocrx_word' id='word_1_293' title='bbox 2346 2089 2455 2139; x_wconf 89' lang='grc' dir='ltr'>τῶν</span> <span class='ocrx_word' id='word_1_294' title='bbox 2501 2090 2842 2164; x_wconf 75' lang='grc' dir='ltr'>συκοφαντῶν</span> <span class='ocrx_word' id='word_1_295' title='bbox 2886 2080 3271 2158; x_wconf 78' lang='grc' dir='ltr'>ὑποϐληθῆναι</span> <span class='ocrx_word' id='word_1_296' title='bbox 3318 2093 3555 2160; x_wconf 82' lang='grc' dir='ltr'>ποιναῖς,</span> <span class='ocrx_word' id='word_1_297' title='bbox 3585 2088 3712 2145; x_wconf 85' lang='grc' dir='ltr'>ἀλλ’</span> <span class='ocrx_word' id='word_1_298' title='bbox 3745 2090 3774 2144; x_wconf 89' lang='grc' dir='ltr'><strong>ὁ</strong></span> 
     </span>
    </p>
   </div>
   <div class='ocr_carea' id='block_1_38' title="bbox 350 2174 2674 2268">
    <p class='ocr_par' dir='ltr' id='par_1_38' title="bbox 350 2174 2674 2268">
     <span class='ocr_line' id='line_1_38' title="bbox 350 2174 2674 2268; baseline -0.006 -21"><span class='ocrx_word' id='word_1_299' title='bbox 350 2191 519 2268; x_wconf 78' lang='grc' dir='ltr'>μέγας</span> <span class='ocrx_word' id='word_1_300' title='bbox 553 2183 820 2252; x_wconf 83' lang='grc' dir='ltr'>Μεθόδιος</span> <span class='ocrx_word' id='word_1_301' title='bbox 850 2183 1044 2246; x_wconf 79' lang='grc' dir='ltr'>αὐτοὺς</span> <span class='ocrx_word' id='word_1_302' title='bbox 1071 2190 1173 2253; x_wconf 85' lang='grc' dir='ltr'>τῆς</span> <span class='ocrx_word' id='word_1_303' title='bbox 1197 2181 1468 2258; x_wconf 83' lang='grc' dir='ltr'>τιμωρίας</span> <span class='ocrx_word' id='word_1_304' title='bbox 1501 2180 1781 2257; x_wconf 77' lang='grc' dir='ltr'>ἐρῥύσατο·</span> <span class='ocrx_word' id='word_1_305' title='bbox 1815 2179 1905 2233; x_wconf 90' lang='grc' dir='ltr'>καὶ</span> <span class='ocrx_word' id='word_1_306' title='bbox 1933 2180 2101 2233; x_wconf 79' lang='grc' dir='ltr'>ταῦτα</span> <span class='ocrx_word' id='word_1_307' title='bbox 2133 2177 2229 2252; x_wconf 74' lang='grc' dir='ltr'>μὲν</span> <span class='ocrx_word' id='word_1_308' title='bbox 2264 2174 2406 2232; x_wconf 72' lang='grc' dir='ltr'>οὕτω</span> <span class='ocrx_word' id='word_1_309' title='bbox 2432 2178 2674 2252; x_wconf 73' lang='grc' dir='ltr'>γέγονεν.</span> 
     </span>
    </p>
   </div>
   <div class='ocr_carea' id='block_1_39' title="bbox 419 2302 2015 2383">
    <p class='ocr_par' dir='ltr' id='par_1_39' title="bbox 419 2303 1999 2383">
     <span class='ocr_line' id='line_1_39' title="bbox 419 2303 1999 2383; baseline -0.01 -11"><span class='ocrx_word' id='word_1_310' title='bbox 419 2316 501 2372; x_wconf 89' lang='grc' dir='ltr'>Β’.</span> <span class='ocrx_word' id='word_1_311' title='bbox 553 2314 611 2366; x_wconf 70' lang='grc' dir='ltr'>Ὀ</span> <span class='ocrx_word' id='word_1_312' title='bbox 670 2309 728 2366; x_wconf 73' lang='grc' dir='ltr'>δὲ</span> <span class='ocrx_word' id='word_1_313' title='bbox 782 2313 892 2365; x_wconf 91' lang='grc' dir='ltr'>τῶν</span> <span class='ocrx_word' id='word_1_314' title='bbox 972 2306 1302 2383; x_wconf 82' lang='grc' dir='ltr'>Βουλγάρων</span> <span class='ocrx_word' id='word_1_315' title='bbox 1380 2304 1566 2382; x_wconf 75' lang='grc' dir='ltr'>ἅρχων</span> <span class='ocrx_word' id='word_1_316' title='bbox 1628 2303 1842 2380; x_wconf 84' lang='grc' dir='ltr'>γυναικὶ</span> <span class='ocrx_word' id='word_1_317' title='bbox 1898 2304 1999 2371; x_wconf 79' lang='grc' dir='ltr'>τήν</span> 
     </span>
    </p>
   </div>
   <div class='ocr_carea' id='block_1_40' title="bbox 2127 2302 3773 2383">
    <p class='ocr_par' dir='ltr' id='par_1_40' title="bbox 2180 2302 3773 2378">
     <span class='ocr_line' id='line_1_40' title="bbox 2180 2302 3773 2378; baseline 0.004 -21"><span class='ocrx_word' id='word_1_318' title='bbox 2180 2302 2249 2357; x_wconf 87' lang='grc' dir='ltr'>ΙΙ.</span> <span class='ocrx_word' id='word_1_319' title='bbox 2274 2302 2659 2374; x_wconf 78' lang='lat' dir='ltr'>Bulgarorum</span> <span class='ocrx_word' id='word_1_320' title='bbox 2682 2306 2878 2360; x_wconf 89' lang='lat' dir='ltr'>autem</span> <span class='ocrx_word' id='word_1_321' title='bbox 2902 2305 3177 2378; x_wconf 85' lang='lat' dir='ltr'>princeps</span> <span class='ocrx_word' id='word_1_322' title='bbox 3208 2323 3342 2362; x_wconf 91' lang='lat' dir='ltr'>cum</span> <span class='ocrx_word' id='word_1_323' title='bbox 3371 2307 3773 2363; x_wconf 83' lang='lat' dir='ltr'>Romanorum</span> 
     </span>
    </p>
   </div>
   <div class='ocr_carea' id='block_1_41' title="bbox 344 2393 2012 2474">
    <p class='ocr_par' dir='ltr' id='par_1_41' title="bbox 344 2393 2012 2474">
     <span class='ocr_line' id='line_1_41' title="bbox 344 2393 2012 2474; baseline -0.009 -14"><span class='ocrx_word' id='word_1_324' title='bbox 344 2409 454 2461; x_wconf 88' lang='grc' dir='ltr'>τῶν</span> <span class='ocrx_word' id='word_1_325' title='bbox 525 2400 815 2474; x_wconf 84' lang='grc' dir='ltr'>Ῥωμαίων</span> <span class='ocrx_word' id='word_1_326' title='bbox 901 2396 1177 2474; x_wconf 85' lang='grc' dir='ltr'>βασιλείαν</span> <span class='ocrx_word' id='word_1_327' title='bbox 1266 2395 1355 2451; x_wconf 76' lang='grc' dir='ltr'>καὶ</span> <span class='ocrx_word' id='word_1_328' title='bbox 1440 2393 1594 2470; x_wconf 78' lang='grc' dir='ltr'>ῃαιδὶ</span> <span class='ocrx_word' id='word_1_329' title='bbox 1677 2396 1851 2469; x_wconf 77' lang='grc' dir='ltr'>νεαρῷ</span> <span class='ocrx_word' id='word_1_330' title='bbox 1920 2412 2012 2446; x_wconf 83' lang='grc' dir='ltr'>κυ-</span> 
     </span>
    </p>
   </div>
   <div class='ocr_carea' id='block_1_42' title="bbox 346 2480 2009 2565">
    <p class='ocr_par' dir='ltr' id='par_1_42' title="bbox 346 2480 2009 2565">
     <span class='ocr_line' id='line_1_42' title="bbox 346 2480 2009 2565; baseline -0.008 -16"><span class='ocrx_word' id='word_1_331' title='bbox 346 2490 699 2565; x_wconf 68' lang='grc' dir='ltr'>ϐερνωμίνην</span> <span class='ocrx_word' id='word_1_332' title='bbox 792 2487 1018 2561; x_wconf 86' lang='grc' dir='ltr'>μαθὼν,</span> <span class='ocrx_word' id='word_1_333' title='bbox 1094 2484 1310 2541; x_wconf 74' lang='grc' dir='ltr'>στέλλει</span> <span class='ocrx_word' id='word_1_334' title='bbox 1395 2485 1545 2546; x_wconf 73' lang='grc' dir='ltr'>τινάς</span> <span class='ocrx_word' id='word_1_335' title='bbox 1628 2487 1737 2538; x_wconf 90' lang='grc' dir='ltr'>τῶν</span> <span class='ocrx_word' id='word_1_336' title='bbox 1818 2480 2009 2550; x_wconf 76' lang='grc' dir='ltr'>αὐτοῦ,</span> 
     </span>
    </p>
   </div>
   <div class='ocr_carea' id='block_1_43' title="bbox 347 2569 2013 2653">
    <p class='ocr_par' dir='ltr' id='par_1_43' title="bbox 347 2569 2013 2653">
     <span class='ocr_line' id='line_1_43' title="bbox 347 2569 2013 2653; baseline -0.008 -14"><span class='ocrx_word' id='word_1_337' title='bbox 347 2581 615 2648; x_wconf 79' lang='grc' dir='ltr'>ἀπειλῶν,</span> <span class='ocrx_word' id='word_1_338' title='bbox 675 2576 995 2653; x_wconf 81' lang='grc' dir='ltr'>ἀφίστασθαι</span> <span class='ocrx_word' id='word_1_339' title='bbox 1044 2579 1151 2629; x_wconf 90' lang='grc' dir='ltr'>τῶν</span> <span class='ocrx_word' id='word_1_340' title='bbox 1211 2570 1481 2643; x_wconf 84' lang='grc' dir='ltr'>σπονδῶν,</span> <span class='ocrx_word' id='word_1_341' title='bbox 1542 2573 1633 2628; x_wconf 85' lang='grc' dir='ltr'>καὶ</span> <span class='ocrx_word' id='word_1_342' title='bbox 1692 2574 1815 2646; x_wconf 78' lang='grc' dir='ltr'>ἇραι</span> <span class='ocrx_word' id='word_1_343' title='bbox 1866 2569 2013 2626; x_wconf 80' lang='grc' dir='ltr'>ὅπλα</span> 
     </span>
    </p>
   </div>
   <div class='ocr_carea' id='block_1_44' title="bbox 338 2654 2009 2741">
    <p class='ocr_par' dir='ltr' id='par_1_44' title="bbox 338 2654 2009 2741">
     <span class='ocr_line' id='line_1_44' title="bbox 338 2654 2009 2741; baseline -0.008 -13"><span class='ocrx_word' id='word_1_344' title='bbox 338 2654 492 2728; x_wconf 42' lang='grc' dir='ltr'>’κατᾶ</span> <span class='ocrx_word' id='word_1_345' title='bbox 564 2675 666 2737; x_wconf 83' lang='grc' dir='ltr'>τῆς</span> <span class='ocrx_word' id='word_1_346' title='bbox 738 2665 1023 2738; x_wconf 82' lang='grc' dir='ltr'>Ῥωμαίων</span> <span class='ocrx_word' id='word_1_347' title='bbox 1101 2664 1301 2741; x_wconf 85' lang='grc' dir='ltr'>ἀρχῆς.</span> <span class='ocrx_word' id='word_1_348' title='bbox 1384 2656 1527 2738; x_wconf 79' lang='grc' dir='ltr'>Πρὸς</span> <span class='ocrx_word' id='word_1_349' title='bbox 1606 2666 1775 2717; x_wconf 78' lang='grc' dir='ltr'>ταῦτα</span> <span class='ocrx_word' id='word_1_350' title='bbox 1829 2659 2009 2715; x_wconf 87' lang='grc' dir='ltr'>τοίνυν</span> 
     </span>
    </p>
   </div>
   <div class='ocr_carea' id='block_1_45' title="bbox 357 2749 2013 2832">
    <p class='ocr_par' dir='ltr' id='par_1_45' title="bbox 357 2749 2013 2832">
     <span class='ocr_line' id='line_1_45' title="bbox 357 2749 2013 2832; baseline -0.008 -15"><span class='ocrx_word' id='word_1_351' title='bbox 357 2759 529 2831; x_wconf 87' lang='grc' dir='ltr'>δηλοῖ</span> <span class='ocrx_word' id='word_1_352' title='bbox 554 2758 702 2829; x_wconf 77' lang='grc' dir='ltr'>αὐτῷ</span> <span class='ocrx_word' id='word_1_353' title='bbox 728 2758 765 2826; x_wconf 75' lang='grc' dir='ltr'>ἡ</span> <span class='ocrx_word' id='word_1_354' title='bbox 803 2754 1116 2832; x_wconf 83' lang='grc' dir='ltr'>βασίλισσα,</span> <span class='ocrx_word' id='word_1_355' title='bbox 1151 2755 1224 2817; x_wconf 86' lang='grc' dir='ltr'>ὡς</span> <span class='ocrx_word' id='word_1_356' title='bbox 1255 2749 1636 2826; x_wconf 82' lang='grc' dir='ltr'>Ἀντιτάξομαί</span> <span class='ocrx_word' id='word_1_357' title='bbox 1664 2772 1747 2805; x_wconf 92' lang='grc' dir='ltr'>σοι</span> <span class='ocrx_word' id='word_1_358' title='bbox 1798 2750 2013 2812; x_wconf 88' lang='grc' dir='ltr'>πάντως</span> 
     </span>
    </p>
   </div>
   <div class='ocr_carea' id='block_1_46' title="bbox 354 2836 2010 2924">
    <p class='ocr_par' dir='ltr' id='par_1_46' title="bbox 354 2836 2010 2924">
     <span class='ocr_line' id='line_1_46' title="bbox 354 2836 2010 2924; baseline -0.007 -21"><span class='ocrx_word' id='word_1_359' title='bbox 354 2850 532 2924; x_wconf 74' lang='grc' dir='ltr'>κάγὼ,</span> <span class='ocrx_word' id='word_1_360' title='bbox 605 2846 696 2902; x_wconf 85' lang='grc' dir='ltr'>καὶ</span> <span class='ocrx_word' id='word_1_361' title='bbox 768 2845 814 2900; x_wconf 82' lang='grc' dir='ltr'>εί</span> <span class='ocrx_word' id='word_1_362' title='bbox 899 2845 994 2917; x_wconf 77' lang='grc' dir='ltr'>μὲν</span> <span class='ocrx_word' id='word_1_363' title='bbox 1079 2847 1211 2899; x_wconf 78' lang='grc' dir='ltr'>Θεοῦ</span> <span class='ocrx_word' id='word_1_364' title='bbox 1284 2839 1530 2906; x_wconf 84' lang='grc' dir='ltr'>διδόντος</span> <span class='ocrx_word' id='word_1_365' title='bbox 1605 2840 1867 2916; x_wconf 78' lang='grc' dir='ltr'>ὑπερὲξω,</span> <span class='ocrx_word' id='word_1_366' title='bbox 1915 2836 2010 2912; x_wconf 82' lang='grc' dir='ltr'>ἔσῃ</span> 
     </span>
    </p>
   </div>
   <div class='ocr_carea' id='block_1_47' title="bbox 366 2926 2012 3009">
    <p class='ocr_par' dir='ltr' id='par_1_47' title="bbox 366 2926 2012 3009">
     <span class='ocr_line' id='line_1_47' title="bbox 366 2926 2012 3009; baseline -0.009 -15"><span class='ocrx_word' id='word_1_367' title='bbox 366 2938 597 3008; x_wconf 77' lang='grc' dir='ltr'>νικηθεὶς</span> <span class='ocrx_word' id='word_1_368' title='bbox 657 2935 761 2990; x_wconf 83' lang='grc' dir='ltr'>ὑπὸ</span> <span class='ocrx_word' id='word_1_369' title='bbox 818 2933 1095 3009; x_wconf 86' lang='grc' dir='ltr'>γυναικὸς,</span> <span class='ocrx_word' id='word_1_370' title='bbox 1154 2933 1244 2988; x_wconf 86' lang='grc' dir='ltr'>καὶ</span> <span class='ocrx_word' id='word_1_371' title='bbox 1302 2931 1426 2987; x_wconf 74' lang='grc' dir='ltr'>ὅσον</span> <span class='ocrx_word' id='word_1_372' title='bbox 1461 2952 1544 2986; x_wconf 90' lang='grc' dir='ltr'>σοι</span> <span class='ocrx_word' id='word_1_373' title='bbox 1602 2930 1661 2984; x_wconf 86' lang='grc' dir='ltr'>τὸ</span> <span class='ocrx_word' id='word_1_374' title='bbox 1690 2936 1791 2999; x_wconf 77' lang='grc' dir='ltr'>τῆς</span> <span class='ocrx_word' id='word_1_375' title='bbox 1814 2926 2012 3002; x_wconf 73' lang='grc' dir='ltr'>αἰσχύ-</span> 
     </span>
    </p>
   </div>
   <div class='ocr_carea' id='block_1_48' title="bbox 369 3014 2012 3101">
    <p class='ocr_par' dir='ltr' id='par_1_48' title="bbox 369 3014 2012 3101">
     <span class='ocr_line' id='line_1_48' title="bbox 369 3014 2012 3101; baseline -0.008 -19"><span class='ocrx_word' id='word_1_376' title='bbox 369 3047 469 3098; x_wconf 88' lang='grc' dir='ltr'>νης</span> <span class='ocrx_word' id='word_1_377' title='bbox 522 3025 776 3101; x_wconf 83' lang='grc' dir='ltr'>ὑπόγυιον</span> <span class='ocrx_word' id='word_1_378' title='bbox 835 3020 1075 3099; x_wconf 88' lang='grc' dir='ltr'>λόγισαι·</span> <span class='ocrx_word' id='word_1_379' title='bbox 1154 3021 1199 3077; x_wconf 78' lang='grc' dir='ltr'>εί</span> <span class='ocrx_word' id='word_1_380' title='bbox 1279 3019 1335 3076; x_wconf 72' lang='grc' dir='ltr'>δὲ</span> <span class='ocrx_word' id='word_1_381' title='bbox 1408 3019 1496 3075; x_wconf 82' lang='grc' dir='ltr'>καὶ</span> <span class='ocrx_word' id='word_1_382' title='bbox 1572 3020 1811 3089; x_wconf 71' lang='grc' dir='ltr'>νικήσεις</span> <span class='ocrx_word' id='word_1_383' title='bbox 1874 3014 2012 3077; x_wconf 62' lang='grc' dir='ltr'>*ίσως</span> 
     </span>
    </p>
   </div>
   <div class='ocr_carea' id='block_1_49' title="bbox 365 3108 2015 3185">
    <p class='ocr_par' dir='ltr' id='par_1_49' title="bbox 365 3108 2015 3185">
     <span class='ocr_line' id='line_1_49' title="bbox 365 3108 2015 3185; baseline -0.009 -12"><span class='ocrx_word' id='word_1_384' title='bbox 365 3116 545 3184; x_wconf 78' lang='grc' dir='ltr'>αὐτὸς,</span> <span class='ocrx_word' id='word_1_385' title='bbox 578 3114 678 3170; x_wconf 76' lang='grc' dir='ltr'>οὐκ</span> <span class='ocrx_word' id='word_1_386' title='bbox 725 3110 873 3168; x_wconf 78' lang='grc' dir='ltr'>ἔσται</span> <span class='ocrx_word' id='word_1_387' title='bbox 930 3132 1015 3166; x_wconf 88' lang='grc' dir='ltr'>σοι</span> <span class='ocrx_word' id='word_1_388' title='bbox 1045 3112 1239 3185; x_wconf 88' lang='grc' dir='ltr'>σεμνὸν</span> <span class='ocrx_word' id='word_1_389' title='bbox 1298 3111 1361 3165; x_wconf 81' lang='grc' dir='ltr'>τὸ</span> <span class='ocrx_word' id='word_1_390' title='bbox 1421 3108 1727 3185; x_wconf 74' lang='grc' dir='ltr'>εὐτύχημα,</span> <span class='ocrx_word' id='word_1_391' title='bbox 1785 3109 2015 3181; x_wconf 87' lang='grc' dir='ltr'>γυναῖκα</span> 
     </span>
    </p>
   </div>
   <div class='ocr_carea' id='block_1_50' title="bbox 360 3193 2014 3276">
    <p class='ocr_par' dir='ltr' id='par_1_50' title="bbox 360 3193 2014 3276">
     <span class='ocr_line' id='line_1_50' title="bbox 360 3193 2014 3276; baseline -0.009 -14"><span class='ocrx_word' id='word_1_392' title='bbox 360 3207 664 3276; x_wconf 71' lang='grc' dir='ltr'>νικήσαντι.</span> <span class='ocrx_word' id='word_1_393' title='bbox 696 3204 787 3265; x_wconf 75' lang='grc' dir='ltr'>Ὠς</span> <span class='ocrx_word' id='word_1_394' title='bbox 838 3200 931 3257; x_wconf 77' lang='grc' dir='ltr'>οὖν</span> <span class='ocrx_word' id='word_1_395' title='bbox 978 3205 1148 3256; x_wconf 76' lang='grc' dir='ltr'>ταῦτα</span> <span class='ocrx_word' id='word_1_396' title='bbox 1191 3204 1271 3273; x_wconf 78' lang='grc' dir='ltr'>τῷ</span> <span class='ocrx_word' id='word_1_397' title='bbox 1331 3194 1593 3276; x_wconf 73' lang='grc' dir='ltr'>βαρϐάρῳ</span> <span class='ocrx_word' id='word_1_398' title='bbox 1640 3193 2014 3273; x_wconf 65' lang='grc' dir='ltr'>ἠγγέλθησαν,</span> 
     </span>
    </p>
   </div>
   <div class='ocr_carea' id='block_1_51' title="bbox 359 3285 2009 3367">
    <p class='ocr_par' dir='ltr' id='par_1_51' title="bbox 359 3285 2009 3367">
     <span class='ocr_line' id='line_1_51' title="bbox 359 3285 2009 3367; baseline -0.009 -15"><span class='ocrx_word' id='word_1_399' title='bbox 359 3293 670 3352; x_wconf 67' lang='grc' dir='ltr'>ἀνέστειλαν</span> <span class='ocrx_word' id='word_1_400' title='bbox 757 3290 906 3364; x_wconf 80' lang='grc' dir='ltr'>αύτῷ</span> <span class='ocrx_word' id='word_1_401' title='bbox 972 3291 1073 3360; x_wconf 74' lang='grc' dir='ltr'>τὴν</span> <span class='ocrx_word' id='word_1_402' title='bbox 1155 3290 1361 3367; x_wconf 78' lang='grc' dir='ltr'>ὁρμὴν,</span> <span class='ocrx_word' id='word_1_403' title='bbox 1439 3288 1529 3345; x_wconf 85' lang='grc' dir='ltr'>καὶ</span> <span class='ocrx_word' id='word_1_404' title='bbox 1607 3288 1658 3343; x_wconf 72' lang='grc' dir='ltr'>οἳ</span> <span class='ocrx_word' id='word_1_405' title='bbox 1738 3285 2009 3363; x_wconf 68' lang='grc' dir='ltr'>συμφέρον</span> 
     </span>
    </p>
   </div>
   <div class='ocr_carea' id='block_1_52' title="bbox 352 3375 2012 3462">
    <p class='ocr_par' dir='ltr' id='par_1_52' title="bbox 352 3375 2012 3462">
     <span class='ocr_line' id='line_1_52' title="bbox 352 3375 2012 3462; baseline -0.009 -20"><span class='ocrx_word' id='word_1_406' title='bbox 352 3386 548 3462; x_wconf 76' lang='grc' dir='ltr'>ἐκρίθη</span> <span class='ocrx_word' id='word_1_407' title='bbox 601 3381 998 3445; x_wconf 81' lang='grc' dir='ltr'>ἀνανεώσασθαι</span> <span class='ocrx_word' id='word_1_408' title='bbox 1064 3379 1161 3441; x_wconf 77' lang='grc' dir='ltr'>τάς</span> <span class='ocrx_word' id='word_1_409' title='bbox 1218 3376 1475 3444; x_wconf 75' lang='grc' dir='ltr'>σπονδὰς,</span> <span class='ocrx_word' id='word_1_410' title='bbox 1529 3379 1617 3433; x_wconf 78' lang='grc' dir='ltr'>καὶ</span> <span class='ocrx_word' id='word_1_411' title='bbox 1675 3377 1827 3431; x_wconf 76' lang='grc' dir='ltr'>αὗται</span> <span class='ocrx_word' id='word_1_412' title='bbox 1888 3375 2012 3429; x_wconf 66' lang='grc' dir='ltr'>ἆνε-</span> 
     </span>
    </p>
   </div>
   <div class='ocr_carea' id='block_1_53' title="bbox 348 3462 2013 3547">
    <p class='ocr_par' dir='ltr' id='par_1_53' title="bbox 348 3462 2013 3547">
     <span class='ocr_line' id='line_1_53' title="bbox 348 3462 2013 3547; baseline -0.01 -15"><span class='ocrx_word' id='word_1_413' title='bbox 348 3474 729 3542; x_wconf 84' lang='grc' dir='ltr'>καινίσθησαν.</span> <span class='ocrx_word' id='word_1_414' title='bbox 790 3467 1033 3547; x_wconf 79' lang='grc' dir='ltr'>Ἀδελφὴ</span> <span class='ocrx_word' id='word_1_415' title='bbox 1087 3466 1145 3524; x_wconf 79' lang='grc' dir='ltr'>δὲ</span> <span class='ocrx_word' id='word_1_416' title='bbox 1191 3473 1285 3523; x_wconf 81' lang='grc' dir='ltr'>τοῦ</span> <span class='ocrx_word' id='word_1_417' title='bbox 1344 3467 1611 3545; x_wconf 78' lang='grc' dir='ltr'>ἄρχοντος</span> <span class='ocrx_word' id='word_1_418' title='bbox 1674 3462 2013 3539; x_wconf 89' lang='grc' dir='ltr'>Βουλγαρίας</span> 
     </span>
    </p>
   </div>
   <div class='ocr_carea' id='block_1_54' title="bbox 348 3552 2013 3641">
    <p class='ocr_par' dir='ltr' id='par_1_54' title="bbox 348 3552 2013 3641">
     <span class='ocr_line' id='line_1_54' title="bbox 348 3552 2013 3641; baseline -0.008 -20"><span class='ocrx_word' id='word_1_419' title='bbox 348 3560 867 3641; x_wconf 78' lang='grc' dir='ltr'>αἰχμαλωτισθεῖσά</span> <span class='ocrx_word' id='word_1_420' title='bbox 933 3579 1067 3614; x_wconf 89' lang='grc' dir='ltr'>ποτε</span> <span class='ocrx_word' id='word_1_421' title='bbox 1120 3558 1211 3613; x_wconf 82' lang='grc' dir='ltr'>καὶ</span> <span class='ocrx_word' id='word_1_422' title='bbox 1264 3557 1317 3612; x_wconf 82' lang='grc' dir='ltr'>ἐν</span> <span class='ocrx_word' id='word_1_423' title='bbox 1394 3555 1693 3633; x_wconf 81' lang='grc' dir='ltr'>βασιλείοις</span> <span class='ocrx_word' id='word_1_424' title='bbox 1750 3552 2013 3630; x_wconf 85' lang='grc' dir='ltr'>διάγουσα</span> 
     </span>
    </p>
   </div>
   <div class='ocr_carea' id='block_1_55' title="bbox 341 3644 2004 3727">
    <p class='ocr_par' dir='ltr' id='par_1_55' title="bbox 341 3644 2004 3727">
     <span class='ocr_line' id='line_1_55' title="bbox 341 3644 2004 3727; baseline -0.008 -17"><span class='ocrx_word' id='word_1_425' title='bbox 341 3660 432 3727; x_wconf 79' lang='grc' dir='ltr'>τῷ</span> <span class='ocrx_word' id='word_1_426' title='bbox 493 3652 622 3726; x_wconf 85' lang='grc' dir='ltr'>θείῳ</span> <span class='ocrx_word' id='word_1_427' title='bbox 677 3671 734 3706; x_wconf 90' lang='grc' dir='ltr'>τε</span> <span class='ocrx_word' id='word_1_428' title='bbox 775 3647 1029 3720; x_wconf 67' lang='grc' dir='ltr'>ἐτελέσθη</span> <span class='ocrx_word' id='word_1_429' title='bbox 1088 3647 1456 3722; x_wconf 87' lang='grc' dir='ltr'>βαπτίσματι,</span> <span class='ocrx_word' id='word_1_430' title='bbox 1516 3646 1608 3702; x_wconf 82' lang='grc' dir='ltr'>καὶ</span> <span class='ocrx_word' id='word_1_431' title='bbox 1664 3644 2004 3722; x_wconf 81' lang='grc' dir='ltr'>γραμμάτων</span> 
     </span>
    </p>
   </div>
   <div class='ocr_carea' id='block_1_56' title="bbox 347 3731 2006 3816">
    <p class='ocr_par' dir='ltr' id='par_1_56' title="bbox 347 3731 2006 3816">
     <span class='ocr_line' id='line_1_56' title="bbox 347 3731 2006 3816; baseline -0.01 -15"><span class='ocrx_word' id='word_1_432' title='bbox 347 3744 405 3801; x_wconf 66' lang='grc' dir='ltr'>ἓν</span> <span class='ocrx_word' id='word_1_433' title='bbox 473 3744 670 3816; x_wconf 70' lang='grc' dir='ltr'>μυήσει</span> <span class='ocrx_word' id='word_1_434' title='bbox 723 3737 952 3816; x_wconf 66' lang='grc' dir='ltr'>ἐγένετο.</span> <span class='ocrx_word' id='word_1_435' title='bbox 1012 3737 1221 3808; x_wconf 81' lang='grc' dir='ltr'>Ταύτην</span> <span class='ocrx_word' id='word_1_436' title='bbox 1277 3739 1305 3792; x_wconf 92' lang='lat'>6</span> <span class='ocrx_word' id='word_1_437' title='bbox 1376 3734 1609 3815; x_wconf 81' lang='grc' dir='ltr'>ἀδελφὸς</span> <span class='ocrx_word' id='word_1_438' title='bbox 1678 3731 2006 3802; x_wconf 77' lang='grc' dir='ltr'>ἀναδοθῆναί</span> 
     </span>
    </p>
   </div>
   <div class='ocr_carea' id='block_1_57' title="bbox 351 3820 2010 3901">
    <p class='ocr_par' dir='ltr' id='par_1_57' title="bbox 351 3820 2010 3901">
     <span class='ocr_line' id='line_1_57' title="bbox 351 3820 2010 3901; baseline -0.01 -12"><span class='ocrx_word' id='word_1_439' title='bbox 351 3834 409 3889; x_wconf 74' lang='grc' dir='ltr'>οἳ</span> <span class='ocrx_word' id='word_1_440' title='bbox 440 3832 666 3901; x_wconf 78' lang='grc' dir='ltr'>ἠξίωσε,</span> <span class='ocrx_word' id='word_1_441' title='bbox 697 3828 785 3883; x_wconf 81' lang='grc' dir='ltr'>καὶ</span> <span class='ocrx_word' id='word_1_442' title='bbox 820 3830 855 3898; x_wconf 80' lang='grc' dir='ltr'><strong>ἡ</strong></span> <span class='ocrx_word' id='word_1_443' title='bbox 909 3827 1004 3900; x_wconf 70' lang='grc' dir='ltr'>μὲν</span> <span class='ocrx_word' id='word_1_444' title='bbox 1066 3823 1228 3897; x_wconf 66' lang='grc' dir='ltr'>ἐδόθη</span> <span class='ocrx_word' id='word_1_445' title='bbox 1262 3825 1456 3899; x_wconf 71' lang='grc' dir='ltr'>αὐτῷ’</span> <span class='ocrx_word' id='word_1_446' title='bbox 1498 3826 1526 3879; x_wconf 91' lang='lat'>6</span> <span class='ocrx_word' id='word_1_447' title='bbox 1588 3823 1658 3880; x_wconf 88' lang='grc' dir='ltr'>δι’</span> <span class='ocrx_word' id='word_1_448' title='bbox 1714 3820 2010 3878; x_wconf 76' lang='grc' dir='ltr'>ἀντέδωκεν</span> 
     </span>
    </p>
   </div>
   <div class='ocr_carea' id='block_1_58' title="bbox 357 3910 2014 3996">
    <p class='ocr_par' dir='ltr' id='par_1_58' title="bbox 357 3910 2014 3996">
     <span class='ocr_line' id='line_1_58' title="bbox 357 3910 2014 3996; baseline -0.004 -20"><span class='ocrx_word' id='word_1_449' title='bbox 357 3918 534 3996; x_wconf 75' lang='grc' dir='ltr'>ἄνδρα</span> <span class='ocrx_word' id='word_1_450' title='bbox 608 3924 716 3974; x_wconf 90' lang='grc' dir='ltr'>τῶν</span> <span class='ocrx_word' id='word_1_451' title='bbox 806 3914 1097 3992; x_wconf 85' lang='grc' dir='ltr'>λογίμων,</span> <span class='ocrx_word' id='word_1_452' title='bbox 1171 3910 1450 3987; x_wconf 76' lang='grc' dir='ltr'>Θεόδωρον</span> <span class='ocrx_word' id='word_1_453' title='bbox 1526 3913 1617 3969; x_wconf 89' lang='grc' dir='ltr'>τὸν</span> <span class='ocrx_word' id='word_1_454' title='bbox 1704 3915 2014 3990; x_wconf 79' lang='grc' dir='ltr'>Κουφαρᾶν.</span> 
     </span>
    </p>
   </div>
   <div class='ocr_carea' id='block_1_59' title="bbox 355 4000 2021 4082">
    <p class='ocr_par' dir='ltr' id='par_1_59' title="bbox 355 4000 2021 4082">
     <span class='ocr_line' id='line_1_59' title="bbox 355 4000 2021 4082; baseline -0.007 -15"><span class='ocrx_word' id='word_1_455' title='bbox 355 4012 429 4068; x_wconf 85' lang='grc' dir='ltr'>Ἣ</span> <span class='ocrx_word' id='word_1_456' title='bbox 490 4007 549 4064; x_wconf 78' lang='grc' dir='ltr'>δὶ</span> <span class='ocrx_word' id='word_1_457' title='bbox 601 4011 700 4063; x_wconf 76' lang='grc' dir='ltr'>τοῦ</span> <span class='ocrx_word' id='word_1_458' title='bbox 755 4010 863 4061; x_wconf 91' lang='grc' dir='ltr'>τῶν</span> <span class='ocrx_word' id='word_1_459' title='bbox 920 4003 1250 4082; x_wconf 84' lang='grc' dir='ltr'>Βουλγάρων</span> <span class='ocrx_word' id='word_1_460' title='bbox 1282 4006 1548 4081; x_wconf 81' lang='grc' dir='ltr'>ἄρχοντος</span> <span class='ocrx_word' id='word_1_461' title='bbox 1582 4000 1789 4072; x_wconf 84' lang='grc' dir='ltr'>ἀδελφή</span> <span class='ocrx_word' id='word_1_462' title='bbox 1833 4002 2021 4079; x_wconf 77' lang='grc' dir='ltr'>ἀφικο-</span> 
     </span>
    </p>
   </div>
   <div class='ocr_carea' id='block_1_60' title="bbox 369 4092 2016 4173">
    <p class='ocr_par' dir='ltr' id='par_1_60' title="bbox 369 4092 2016 4173">
     <span class='ocr_line' id='line_1_60' title="bbox 369 4092 2016 4173; baseline -0.004 -20"><span class='ocrx_word' id='word_1_463' title='bbox 369 4098 505 4173; x_wconf 68' lang='grc' dir='ltr'>μένη</span> <span class='ocrx_word' id='word_1_464' title='bbox 538 4098 674 4173; x_wconf 84' lang='grc' dir='ltr'>πρὸς</span> <span class='ocrx_word' id='word_1_465' title='bbox 703 4094 797 4152; x_wconf 78' lang='grc' dir='ltr'>τὸν</span> <span class='ocrx_word' id='word_1_466' title='bbox 832 4093 1130 4168; x_wconf 86' lang='grc' dir='ltr'>ὁμαίμονα,</span> <span class='ocrx_word' id='word_1_467' title='bbox 1190 4093 1380 4170; x_wconf 84' lang='grc' dir='ltr'>ἐνῆγεν</span> <span class='ocrx_word' id='word_1_468' title='bbox 1441 4094 1605 4149; x_wconf 78' lang='grc' dir='ltr'>αὐτὸν</span> <span class='ocrx_word' id='word_1_469' title='bbox 1666 4092 1742 4154; x_wconf 73' lang='grc' dir='ltr'>εἷς</span> <span class='ocrx_word' id='word_1_470' title='bbox 1772 4092 1872 4162; x_wconf 79' lang='grc' dir='ltr'>τήν</span> <span class='ocrx_word' id='word_1_471' title='bbox 1906 4095 2016 4147; x_wconf 89' lang='grc' dir='ltr'>τῶν</span> 
     </span>
    </p>
   </div>
   <div class='ocr_carea' id='block_1_61' title="bbox 361 4180 2022 4263">
    <p class='ocr_par' dir='ltr' id='par_1_61' title="bbox 361 4180 2022 4263">
     <span class='ocr_line' id='line_1_61' title="bbox 361 4180 2022 4263; baseline -0.005 -20"><span class='ocrx_word' id='word_1_472' title='bbox 361 4190 704 4263; x_wconf 83' lang='grc' dir='ltr'>Χριστιανῶν</span> <span class='ocrx_word' id='word_1_473' title='bbox 788 4185 1119 4261; x_wconf 84' lang='grc' dir='ltr'>θρησκείαν,</span> <span class='ocrx_word' id='word_1_474' title='bbox 1219 4182 1309 4239; x_wconf 73' lang='grc' dir='ltr'>διὰ</span> <span class='ocrx_word' id='word_1_475' title='bbox 1384 4182 1585 4243; x_wconf 86' lang='grc' dir='ltr'>παντὸς</span> <span class='ocrx_word' id='word_1_476' title='bbox 1673 4181 1818 4253; x_wconf 82' lang='grc' dir='ltr'>αὐτῷ</span> <span class='ocrx_word' id='word_1_477' title='bbox 1896 4180 2022 4256; x_wconf 90' lang='grc' dir='ltr'>περὶ</span> 
     </span>
    </p>
   </div>
   <div class='ocr_carea' id='block_1_62' title="bbox 372 4271 2025 4350">
    <p class='ocr_par' dir='ltr' id='par_1_62' title="bbox 372 4271 2025 4350">
     <span class='ocr_line' id='line_1_62' title="bbox 372 4271 2025 4350; baseline -0.005 -18"><span class='ocrx_word' id='word_1_478' title='bbox 372 4274 539 4346; x_wconf 70' lang='grc' dir='ltr'>αυτ-ῆς</span> <span class='ocrx_word' id='word_1_479' title='bbox 594 4274 987 4350; x_wconf 79' lang='grc' dir='ltr'>διαλεγομένη,</span> <span class='ocrx_word' id='word_1_480' title='bbox 1045 4272 1136 4328; x_wconf 85' lang='grc' dir='ltr'>καὶ</span> <span class='ocrx_word' id='word_1_481' title='bbox 1201 4273 1269 4327; x_wconf 81' lang='grc' dir='ltr'>τὰ</span> <span class='ocrx_word' id='word_1_482' title='bbox 1341 4275 1681 4349; x_wconf 87' lang='grc' dir='ltr'>Χριστιανῶν</span> <span class='ocrx_word' id='word_1_483' title='bbox 1754 4271 2025 4345; x_wconf 74' lang='grc' dir='ltr'>μυστήρια</span> 
     </span>
    </p>
   </div>
   <div class='ocr_carea' id='block_1_63' title="bbox 370 4361 2029 4436">
    <p class='ocr_par' dir='ltr' id='par_1_63' title="bbox 370 4361 2029 4436">
     <span class='ocr_line' id='line_1_63' title="bbox 370 4361 2029 4436; baseline -0.005 -14"><span class='ocrx_word' id='word_1_484' title='bbox 370 4366 760 4436; x_wconf 63' lang='grc' dir='ltr'>ἐπιθειάζουσα.</span> <span class='ocrx_word' id='word_1_485' title='bbox 820 4365 879 4419; x_wconf 78' lang='grc' dir='ltr'><strong>Ὀ</strong></span> <span class='ocrx_word' id='word_1_486' title='bbox 941 4361 1001 4419; x_wconf 75' lang='grc' dir='ltr'>δὲ</span> <span class='ocrx_word' id='word_1_487' title='bbox 1055 4366 1223 4418; x_wconf 82' lang='grc' dir='ltr'>ταῦτα</span> <span class='ocrx_word' id='word_1_488' title='bbox 1281 4363 1370 4417; x_wconf 80' lang='grc' dir='ltr'>καὶ</span> <span class='ocrx_word' id='word_1_489' title='bbox 1422 4362 1559 4435; x_wconf 83' lang='grc' dir='ltr'>πρὸς</span> <span class='ocrx_word' id='word_1_490' title='bbox 1616 4365 1712 4416; x_wconf 73' lang='grc' dir='ltr'>τοῦ</span> <span class='ocrx_word' id='word_1_491' title='bbox 1770 4363 2029 4435; x_wconf 85' lang='grc' dir='ltr'>Κουφαρᾶ</span> 
     </span>
    </p>
   </div>
   <div class='ocr_carea' id='block_1_64' title="bbox 361 4449 2028 4531">
    <p class='ocr_par' dir='ltr' id='par_1_64' title="bbox 361 4449 2028 4531">
     <span class='ocr_line' id='line_1_64' title="bbox 361 4449 2028 4531; baseline -0.005 -20"><span class='ocrx_word' id='word_1_492' title='bbox 361 4457 812 4531; x_wconf 73' lang='grc' dir='ltr'>προκατήχητο,</span> <span class='ocrx_word' id='word_1_493' title='bbox 873 4450 1005 4509; x_wconf 80' lang='grc' dir='ltr'>ἀλλ’</span> <span class='ocrx_word' id='word_1_494' title='bbox 1065 4450 1220 4507; x_wconf 68' lang='grc' dir='ltr'>οὔπω</span> <span class='ocrx_word' id='word_1_495' title='bbox 1276 4451 1560 4508; x_wconf 69' lang='grc' dir='ltr'>ἐπέπειστο</span> <span class='ocrx_word' id='word_1_496' title='bbox 1616 4455 1725 4506; x_wconf 84' lang='grc' dir='ltr'>τῶν</span> <span class='ocrx_word' id='word_1_497' title='bbox 1784 4449 2028 4525; x_wconf 86' lang='grc' dir='ltr'>πατρίων</span> 
     </span>
    </p>
   </div>
   <div class='ocr_carea' id='block_1_65' title="bbox 358 4534 2030 4618">
    <p class='ocr_par' dir='ltr' id='par_1_65' title="bbox 358 4534 2030 4618">
     <span class='ocr_line' id='line_1_65' title="bbox 358 4534 2030 4618; baseline -0.008 -15"><span class='ocrx_word' id='word_1_498' title='bbox 358 4547 673 4615; x_wconf 83' lang='grc' dir='ltr'>ἀποστῆναι</span> <span class='ocrx_word' id='word_1_499' title='bbox 703 4543 858 4608; x_wconf 78' lang='grc' dir='ltr'>ἐθῶν.</span> <span class='ocrx_word' id='word_1_500' title='bbox 919 4542 1097 4614; x_wconf 83' lang='grc' dir='ltr'>Λιμὸς</span> <span class='ocrx_word' id='word_1_501' title='bbox 1156 4538 1215 4596; x_wconf 70' lang='grc' dir='ltr'>δὲ</span> <span class='ocrx_word' id='word_1_502' title='bbox 1264 4548 1381 4604; x_wconf 89' lang='grc' dir='ltr'>τοῖς</span> <span class='ocrx_word' id='word_1_503' title='bbox 1430 4540 1768 4618; x_wconf 84' lang='grc' dir='ltr'>Βουλγάροις</span> <span class='ocrx_word' id='word_1_504' title='bbox 1798 4534 2030 4614; x_wconf 70' lang='grc' dir='ltr'>συμϐὰς,</span> 
     </span>
    </p>
   </div>
   <div class='ocr_carea' id='block_1_66' title="bbox 370 4626 2034 4706">
    <p class='ocr_par' dir='ltr' id='par_1_66' title="bbox 370 4626 2034 4706">
     <span class='ocr_line' id='line_1_66' title="bbox 370 4626 2034 4706; baseline -0.006 -14"><span class='ocrx_word' id='word_1_505' title='bbox 370 4635 467 4692; x_wconf 81' lang='grc' dir='ltr'>καὶ</span> <span class='ocrx_word' id='word_1_506' title='bbox 497 4633 660 4690; x_wconf 77' lang='grc' dir='ltr'>αὐτὸν</span> <span class='ocrx_word' id='word_1_507' title='bbox 712 4633 805 4688; x_wconf 88' lang='grc' dir='ltr'>καὶ</span> <span class='ocrx_word' id='word_1_508' title='bbox 854 4633 917 4687; x_wconf 90' lang='grc' dir='ltr'>τὸ</span> <span class='ocrx_word' id='word_1_509' title='bbox 966 4626 1118 4695; x_wconf 77' lang='grc' dir='ltr'>ἔθνος</span> <span class='ocrx_word' id='word_1_510' title='bbox 1173 4631 1251 4693; x_wconf 88' lang='grc' dir='ltr'>εἷς</span> <span class='ocrx_word' id='word_1_511' title='bbox 1309 4626 1616 4686; x_wconf 75' lang='grc' dir='ltr'>θεοσέϐειαν</span> <span class='ocrx_word' id='word_1_512' title='bbox 1677 4629 2034 4706; x_wconf 60' lang='grc' dir='ltr'>μετερρύθμι-</span> 
     </span>
    </p>
   </div>
   <div class='ocr_carea' id='block_1_67' title="bbox 381 4717 2043 4798">
    <p class='ocr_par' dir='ltr' id='par_1_67' title="bbox 381 4717 2043 4798">
     <span class='ocr_line' id='line_1_67' title="bbox 381 4717 2043 4798; baseline -0.004 -18"><span class='ocrx_word' id='word_1_513' title='bbox 381 4745 473 4780; x_wconf 81' lang='grc' dir='ltr'>σεν</span> <span class='ocrx_word' id='word_1_514' title='bbox 510 4768 525 4782; x_wconf 91' lang='grc'><strong>.</strong></span> <span class='ocrx_word' id='word_1_515' title='bbox 584 4724 647 4780; x_wconf 88' lang='grc' dir='ltr'>Ὁ</span> <span class='ocrx_word' id='word_1_516' title='bbox 707 4724 803 4795; x_wconf 79' lang='grc' dir='ltr'>μὶν</span> <span class='ocrx_word' id='word_1_517' title='bbox 862 4720 964 4798; x_wconf 82' lang='grc' dir='ltr'>γὰρ</span> <span class='ocrx_word' id='word_1_518' title='bbox 1020 4723 1086 4777; x_wconf 90' lang='grc' dir='ltr'>τὸ</span> <span class='ocrx_word' id='word_1_519' title='bbox 1142 4717 1295 4783; x_wconf 80' lang='grc' dir='ltr'>ἔθνος</span> <span class='ocrx_word' id='word_1_520' title='bbox 1352 4722 1486 4776; x_wconf 82' lang='grc' dir='ltr'>ἅπαν</span> <span class='ocrx_word' id='word_1_521' title='bbox 1546 4719 1742 4790; x_wconf 80' lang='grc' dir='ltr'>ἐπίεζε,</span> <span class='ocrx_word' id='word_1_522' title='bbox 1792 4720 1881 4774; x_wconf 83' lang='grc' dir='ltr'>καὶ</span> <span class='ocrx_word' id='word_1_523' title='bbox 1943 4718 2043 4773; x_wconf 80' lang='grc' dir='ltr'>οὐκ</span> 
     </span>
    </p>
   </div>
   <div class='ocr_carea' id='block_1_68' title="bbox 378 4805 2040 4889">
    <p class='ocr_par' dir='ltr' id='par_1_68' title="bbox 378 4805 2040 4889">
     <span class='ocr_line' id='line_1_68' title="bbox 378 4805 2040 4889; baseline -0.004 -20"><span class='ocrx_word' id='word_1_524' title='bbox 378 4817 448 4884; x_wconf 72' lang='grc' dir='ltr'>ἦν</span> <span class='ocrx_word' id='word_1_525' title='bbox 524 4811 776 4889; x_wconf 79' lang='grc' dir='ltr'>ἀποφυγὴ</span> <span class='ocrx_word' id='word_1_526' title='bbox 827 4815 926 4866; x_wconf 77' lang='grc' dir='ltr'>τοῦ</span> <span class='ocrx_word' id='word_1_527' title='bbox 982 4814 1171 4879; x_wconf 81' lang='grc' dir='ltr'>κακοῦ,</span> <span class='ocrx_word' id='word_1_528' title='bbox 1231 4811 1407 4888; x_wconf 81' lang='grc' dir='ltr'>φθορὰ</span> <span class='ocrx_word' id='word_1_529' title='bbox 1463 4808 1521 4866; x_wconf 72' lang='grc' dir='ltr'>δὲ</span> <span class='ocrx_word' id='word_1_530' title='bbox 1548 4814 1645 4865; x_wconf 69' lang='grc' dir='ltr'>τοῦ</span> <span class='ocrx_word' id='word_1_531' title='bbox 1698 4805 1883 4873; x_wconf 79' lang='grc' dir='ltr'>ἔθνους</span> <span class='ocrx_word' id='word_1_532' title='bbox 1933 4807 2040 4883; x_wconf 75' lang='grc' dir='ltr'>ἐγί-</span> 
     </span>
    </p>
   </div>
   <div class='ocr_carea' id='block_1_69' title="bbox 376 4896 2043 4978">
    <p class='ocr_par' dir='ltr' id='par_1_69' title="bbox 376 4896 2043 4978">
     <span class='ocr_line' id='line_1_69' title="bbox 376 4896 2043 4978; baseline -0.004 -22"><span class='ocrx_word' id='word_1_533' title='bbox 376 4923 527 4972; x_wconf 88' lang='grc' dir='ltr'>νετο,</span> <span class='ocrx_word' id='word_1_534' title='bbox 559 4900 650 4956; x_wconf 83' lang='grc' dir='ltr'>καὶ</span> <span class='ocrx_word' id='word_1_535' title='bbox 704 4903 737 4956; x_wconf 86' lang='grc' dir='ltr'><strong><em>ἁ</em></strong></span> <span class='ocrx_word' id='word_1_536' title='bbox 792 4904 942 4978; x_wconf 85' lang='grc' dir='ltr'>σφῶν</span> <span class='ocrx_word' id='word_1_537' title='bbox 983 4899 1237 4976; x_wconf 86' lang='grc' dir='ltr'>ἀρχηγὸς</span> <span class='ocrx_word' id='word_1_538' title='bbox 1262 4900 1329 4969; x_wconf 82' lang='grc' dir='ltr'>ἦν</span> <span class='ocrx_word' id='word_1_539' title='bbox 1386 4899 1476 4955; x_wconf 83' lang='grc' dir='ltr'>διὰ</span> <span class='ocrx_word' id='word_1_540' title='bbox 1514 4898 1677 4955; x_wconf 81' lang='grc' dir='ltr'>τοῦτο</span> <span class='ocrx_word' id='word_1_541' title='bbox 1707 4896 2043 4974; x_wconf 74' lang='grc' dir='ltr'>περιαλγὴς,</span> 
     </span>
    </p>
   </div>
   <div class='ocr_carea' id='block_1_70' title="bbox 385 4986 2046 5067">
    <p class='ocr_par' dir='ltr' id='par_1_70' title="bbox 385 4986 2046 5067">
     <span class='ocr_line' id='line_1_70' title="bbox 385 4986 2046 5067; baseline -0.002 -20"><span class='ocrx_word' id='word_1_542' title='bbox 385 4992 483 5048; x_wconf 81' lang='grc' dir='ltr'>καὶ</span> <span class='ocrx_word' id='word_1_543' title='bbox 559 4989 864 5065; x_wconf 79' lang='grc' dir='ltr'>ἀπορήσας,</span> <span class='ocrx_word' id='word_1_544' title='bbox 937 4988 1015 5051; x_wconf 83' lang='grc' dir='ltr'>εἰς</span> <span class='ocrx_word' id='word_1_545' title='bbox 1090 4990 1184 5044; x_wconf 87' lang='grc' dir='ltr'>τὸν</span> <span class='ocrx_word' id='word_1_546' title='bbox 1248 4989 1394 5065; x_wconf 86' lang='grc' dir='ltr'>παρά</span> <span class='ocrx_word' id='word_1_547' title='bbox 1445 4996 1546 5059; x_wconf 84' lang='grc' dir='ltr'>τῆς</span> <span class='ocrx_word' id='word_1_548' title='bbox 1602 4986 1845 5067; x_wconf 78' lang='grc' dir='ltr'>ἀδελφῆς</span> <span class='ocrx_word' id='word_1_549' title='bbox 1900 4988 2046 5060; x_wconf 82' lang='grc' dir='ltr'>αὐτῷ</span> 
     </span>
    </p>
   </div>
   <div class='ocr_carea' id='block_1_71' title="bbox 2117 2392 3779 2469">
    <p class='ocr_par' dir='ltr' id='par_1_71' title="bbox 2117 2392 3779 2469">
     <span class='ocr_line' id='line_1_71' title="bbox 2117 2392 3779 2469; baseline 0.002 -21"><span class='ocrx_word' id='word_1_550' title='bbox 2117 2393 2430 2465; x_wconf 89' lang='lat' dir='ltr'>imperium</span> <span class='ocrx_word' id='word_1_551' title='bbox 2472 2410 2507 2448; x_wconf 90' lang='lat' dir='ltr'>a</span> <span class='ocrx_word' id='word_1_552' title='bbox 2549 2392 2796 2449; x_wconf 87' lang='lat' dir='ltr'>muliere</span> <span class='ocrx_word' id='word_1_553' title='bbox 2845 2398 2903 2449; x_wconf 91' lang='lat' dir='ltr'>et</span> <span class='ocrx_word' id='word_1_554' title='bbox 2950 2395 3164 2451; x_wconf 90' lang='lat' dir='ltr'>tenello</span> <span class='ocrx_word' id='word_1_555' title='bbox 3223 2412 3403 2468; x_wconf 91' lang='lat' dir='ltr'>puero</span> <span class='ocrx_word' id='word_1_556' title='bbox 3461 2395 3779 2469; x_wconf 86' lang='lat' dir='ltr'>gubernari</span> 
     </span>
    </p>
   </div>
   <div class='ocr_carea' id='block_1_72' title="bbox 2119 2483 3777 2556">
    <p class='ocr_par' dir='ltr' id='par_1_72' title="bbox 2119 2483 3777 2556">
     <span class='ocr_line' id='line_1_72' title="bbox 2119 2483 3777 2556; baseline 0.001 -17"><span class='ocrx_word' id='word_1_557' title='bbox 2119 2483 2516 2552; x_wconf 81' lang='lat' dir='ltr'>cognovisset,</span> <span class='ocrx_word' id='word_1_558' title='bbox 2573 2499 2817 2538; x_wconf 89' lang='lat' dir='ltr'>suorum</span> <span class='ocrx_word' id='word_1_559' title='bbox 2878 2484 3164 2555; x_wconf 85' lang='lat' dir='ltr'>quosdam</span> <span class='ocrx_word' id='word_1_560' title='bbox 3223 2484 3428 2553; x_wconf 86' lang='lat' dir='ltr'>misit,</span> <span class='ocrx_word' id='word_1_561' title='bbox 3485 2502 3547 2540; x_wconf 87' lang='lat' dir='ltr'>se</span> <span class='ocrx_word' id='word_1_562' title='bbox 3604 2487 3777 2556; x_wconf 88' lang='lat' dir='ltr'>rupto</span> 
     </span>
    </p>
   </div>
   <div class='ocr_carea' id='block_1_73' title="bbox 2122 2570 3777 2630">
    <p class='ocr_par' dir='ltr' id='par_1_73' title="bbox 2122 2570 3777 2630">
     <span class='ocr_line' id='line_1_73' title="bbox 2122 2570 3777 2630; baseline 0.001 -3"><span class='ocrx_word' id='word_1_563' title='bbox 2122 2573 2335 2628; x_wconf 84' lang='lat' dir='ltr'>foedere</span> <span class='ocrx_word' id='word_1_564' title='bbox 2400 2589 2565 2629; x_wconf 88' lang='lat' dir='ltr'>arma</span> <span class='ocrx_word' id='word_1_565' title='bbox 2629 2570 2931 2628; x_wconf 88' lang='lat' dir='ltr'>illaturum</span> <span class='ocrx_word' id='word_1_566' title='bbox 3001 2574 3284 2630; x_wconf 84' lang='lat' dir='ltr'>Romanis</span> <span class='ocrx_word' id='word_1_567' title='bbox 3346 2574 3650 2629; x_wconf 86' lang='lat' dir='ltr'>minitans.</span> <span class='ocrx_word' id='word_1_568' title='bbox 3712 2574 3777 2629; x_wconf 89' lang='lat' dir='ltr'>Ei</span> 
     </span>
    </p>
   </div>
   <div class='ocr_carea' id='block_1_74' title="bbox 2120 2661 3779 2734">
    <p class='ocr_par' dir='ltr' id='par_1_74' title="bbox 2120 2661 3779 2734">
     <span class='ocr_line' id='line_1_74' title="bbox 2120 2661 3779 2734; baseline 0.002 -17"><span class='ocrx_word' id='word_1_569' title='bbox 2120 2662 2387 2717; x_wconf 87' lang='lat' dir='ltr'>rescribit</span> <span class='ocrx_word' id='word_1_570' title='bbox 2430 2661 2791 2734; x_wconf 83' lang='lat' dir='ltr'>imperatrix,</span> <span class='ocrx_word' id='word_1_571' title='bbox 2825 2680 2886 2718; x_wconf 91' lang='lat' dir='ltr'>se</span> <span class='ocrx_word' id='word_1_572' title='bbox 2916 2662 3155 2718; x_wconf 90' lang='lat' dir='ltr'>omnino</span> <span class='ocrx_word' id='word_1_573' title='bbox 3186 2664 3238 2718; x_wconf 92' lang='lat' dir='ltr'>ei</span> <span class='ocrx_word' id='word_1_574' title='bbox 3280 2663 3554 2719; x_wconf 84' lang='lat' dir='ltr'>resistere</span> <span class='ocrx_word' id='word_1_575' title='bbox 3582 2662 3728 2719; x_wconf 87' lang='lat' dir='ltr'>velle</span> <span class='ocrx_word' id='word_1_576' title='bbox 3762 2678 3779 2721; x_wconf 89' lang='lat'><strong>:</strong></span> 
     </span>
    </p>
   </div>
   <div class='ocr_carea' id='block_1_75' title="bbox 2122 2751 3779 2825">
    <p class='ocr_par' dir='ltr' id='par_1_75' title="bbox 2122 2751 3779 2825">
     <span class='ocr_line' id='line_1_75' title="bbox 2122 2751 3779 2825; baseline 0.001 -19"><span class='ocrx_word' id='word_1_577' title='bbox 2122 2753 2276 2824; x_wconf 91' lang='lat' dir='ltr'>quod</span> <span class='ocrx_word' id='word_1_578' title='bbox 2310 2751 2359 2807; x_wconf 88' lang='lat' dir='ltr'>si</span> <span class='ocrx_word' id='word_1_579' title='bbox 2390 2751 2505 2807; x_wconf 92' lang='lat' dir='ltr'>Deo</span> <span class='ocrx_word' id='word_1_580' title='bbox 2537 2756 2832 2807; x_wconf 87' lang='lat' dir='ltr'>annuente</span> <span class='ocrx_word' id='word_1_581' title='bbox 2874 2752 3145 2825; x_wconf 90' lang='lat' dir='ltr'>superior</span> <span class='ocrx_word' id='word_1_582' title='bbox 3188 2752 3382 2824; x_wconf 85' lang='lat' dir='ltr'>fuerit,</span> <span class='ocrx_word' id='word_1_583' title='bbox 3416 2768 3552 2808; x_wconf 91' lang='lat' dir='ltr'>eum</span> <span class='ocrx_word' id='word_1_584' title='bbox 3583 2769 3617 2808; x_wconf 91' lang='lat' dir='ltr'>a</span> <span class='ocrx_word' id='word_1_585' title='bbox 3647 2769 3779 2808; x_wconf 91' lang='lat' dir='ltr'>mu-</span> 
     </span>
    </p>
   </div>
   <div class='ocr_carea' id='block_1_76' title="bbox 2123 2840 3779 2914">
    <p class='ocr_par' dir='ltr' id='par_1_76' title="bbox 2123 2840 3779 2914">
     <span class='ocr_line' id='line_1_76' title="bbox 2123 2840 3779 2914; baseline 0.001 -19"><span class='ocrx_word' id='word_1_586' title='bbox 2123 2842 2263 2897; x_wconf 90' lang='lat' dir='ltr'>liere</span> <span class='ocrx_word' id='word_1_587' title='bbox 2313 2841 2430 2896; x_wconf 83' lang='lat' dir='ltr'>fore</span> <span class='ocrx_word' id='word_1_588' title='bbox 2479 2841 2697 2896; x_wconf 89' lang='lat' dir='ltr'>victum</span> <span class='ocrx_word' id='word_1_589' title='bbox 2731 2858 2744 2895; x_wconf 91' lang='lat'>:</span> <span class='ocrx_word' id='word_1_590' title='bbox 2780 2842 2935 2911; x_wconf 84' lang='lat' dir='ltr'>quod</span> <span class='ocrx_word' id='word_1_591' title='bbox 2987 2858 3164 2913; x_wconf 85' lang='lat' dir='ltr'>quam</span> <span class='ocrx_word' id='word_1_592' title='bbox 3213 2842 3676 2914; x_wconf 86' lang='lat' dir='ltr'>ignominiosum</span> <span class='ocrx_word' id='word_1_593' title='bbox 3725 2840 3779 2898; x_wconf 92' lang='lat' dir='ltr'>ei</span> 
     </span>
    </p>
   </div>
   <div class='ocr_carea' id='block_1_77' title="bbox 2122 2929 3780 3002">
    <p class='ocr_par' dir='ltr' id='par_1_77' title="bbox 2122 2929 3780 3002">
     <span class='ocr_line' id='line_1_77' title="bbox 2122 2929 3780 3002; baseline 0.002 -18"><span class='ocrx_word' id='word_1_594' title='bbox 2122 2932 2386 2985; x_wconf 84' lang='lat' dir='ltr'>futurum</span> <span class='ocrx_word' id='word_1_595' title='bbox 2437 2929 2534 3001; x_wconf 90' lang='lat' dir='ltr'>sit,</span> <span class='ocrx_word' id='word_1_596' title='bbox 2583 2930 2962 3002; x_wconf 90' lang='lat' dir='ltr'>cogitandum</span> <span class='ocrx_word' id='word_1_597' title='bbox 3013 2948 3188 2986; x_wconf 89' lang='lat' dir='ltr'>esse:</span> <span class='ocrx_word' id='word_1_598' title='bbox 3239 2931 3330 2987; x_wconf 89' lang='lat' dir='ltr'>sin</span> <span class='ocrx_word' id='word_1_599' title='bbox 3380 2931 3532 2986; x_wconf 90' lang='lat' dir='ltr'>victa</span> <span class='ocrx_word' id='word_1_600' title='bbox 3582 2930 3780 3002; x_wconf 76' lang='lat' dir='ltr'>fuerit,</span> 
     </span>
    </p>
   </div>
   <div class='ocr_carea' id='block_1_78' title="bbox 2122 3018 3782 3101">
    <p class='ocr_par' dir='ltr' id='par_1_78' title="bbox 2122 3018 3782 3101">
     <span class='ocr_line' id='line_1_78' title="bbox 2122 3018 3782 3101; baseline 0.001 -26"><span class='ocrx_word' id='word_1_601' title='bbox 2122 3035 2463 3075; x_wconf 81' lang='lat' dir='ltr'>successum</span> <span class='ocrx_word' id='word_1_602' title='bbox 2515 3018 2682 3075; x_wconf 89' lang='lat' dir='ltr'>illum</span> <span class='ocrx_word' id='word_1_603' title='bbox 2731 3036 2938 3092; x_wconf 89' lang='lat' dir='ltr'>parum</span> <span class='ocrx_word' id='word_1_604' title='bbox 2991 3019 3110 3076; x_wconf 84' lang='lat' dir='ltr'>fore</span> <span class='ocrx_word' id='word_1_605' title='bbox 3166 3021 3497 3088; x_wconf 87' lang='lat' dir='ltr'>honestum,</span> <span class='ocrx_word' id='word_1_606' title='bbox 3533 3019 3782 3101; x_wconf 74' lang='lat' dir='ltr'>muliere</span> 
     </span>
    </p>
   </div>
   <div class='ocr_carea' id='block_1_79' title="bbox 2123 3108 3784 3182">
    <p class='ocr_par' dir='ltr' id='par_1_79' title="bbox 2123 3108 3784 3182">
     <span class='ocr_line' id='line_1_79' title="bbox 2123 3108 3784 3182; baseline 0.001 -18"><span class='ocrx_word' id='word_1_607' title='bbox 2123 3113 2414 3180; x_wconf 89' lang='lat' dir='ltr'>superata.</span> <span class='ocrx_word' id='word_1_608' title='bbox 2483 3108 2614 3163; x_wconf 63' lang='lat' dir='ltr'>Haec</span> <span class='ocrx_word' id='word_1_609' title='bbox 2689 3108 2960 3165; x_wconf 85' lang='lat' dir='ltr'>nuntiata</span> <span class='ocrx_word' id='word_1_610' title='bbox 3024 3109 3314 3182; x_wconf 79' lang='lat' dir='ltr'>impetum</span> <span class='ocrx_word' id='word_1_611' title='bbox 3397 3109 3630 3166; x_wconf 89' lang='lat' dir='ltr'>barbari</span> <span class='ocrx_word' id='word_1_612' title='bbox 3700 3109 3784 3166; x_wconf 86' lang='lat' dir='ltr'>ita</span> 
     </span>
    </p>
   </div>
   <div class='ocr_carea' id='block_1_80' title="bbox 2125 3196 3784 3271">
    <p class='ocr_par' dir='ltr' id='par_1_80' title="bbox 2125 3196 3784 3271">
     <span class='ocr_line' id='line_1_80' title="bbox 2125 3196 3784 3271; baseline 0.001 -17"><span class='ocrx_word' id='word_1_613' title='bbox 2125 3200 2552 3271; x_wconf 86' lang='lat' dir='ltr'>represserunt,</span> <span class='ocrx_word' id='word_1_614' title='bbox 2614 3202 2679 3252; x_wconf 91' lang='lat' dir='ltr'>ut</span> <span class='ocrx_word' id='word_1_615' title='bbox 2737 3196 2942 3254; x_wconf 85' lang='lat' dir='ltr'>utilius</span> <span class='ocrx_word' id='word_1_616' title='bbox 2999 3198 3111 3254; x_wconf 89' lang='lat' dir='ltr'>sibi</span> <span class='ocrx_word' id='word_1_617' title='bbox 3172 3198 3447 3271; x_wconf 79' lang='lat' dir='ltr'>iudicarit</span> <span class='ocrx_word' id='word_1_618' title='bbox 3503 3215 3784 3256; x_wconf 87' lang='lat' dir='ltr'>renovare</span> 
     </span>
    </p>
   </div>
   <div class='ocr_carea' id='block_1_81' title="bbox 2123 3287 3783 3361">
    <p class='ocr_par' dir='ltr' id='par_1_81' title="bbox 2123 3287 3783 3361">
     <span class='ocr_line' id='line_1_81' title="bbox 2123 3287 3783 3361; baseline 0 -17"><span class='ocrx_word' id='word_1_619' title='bbox 2123 3289 2332 3356; x_wconf 78' lang='lat' dir='ltr'>fcedus,</span> <span class='ocrx_word' id='word_1_620' title='bbox 2368 3287 2640 3359; x_wconf 89' lang='lat' dir='ltr'>idemque</span> <span class='ocrx_word' id='word_1_621' title='bbox 2674 3287 2890 3343; x_wconf 81' lang='lat' dir='ltr'>factum</span> <span class='ocrx_word' id='word_1_622' title='bbox 2941 3296 3045 3342; x_wconf 86' lang='lat' dir='ltr'>est.</span> <span class='ocrx_word' id='word_1_623' title='bbox 3077 3289 3253 3344; x_wconf 87' lang='lat' dir='ltr'>Soror</span> <span class='ocrx_word' id='word_1_624' title='bbox 3283 3305 3454 3361; x_wconf 91' lang='lat' dir='ltr'>porro</span> <span class='ocrx_word' id='word_1_625' title='bbox 3500 3288 3783 3360; x_wconf 68' lang='lat' dir='ltr'>Bulgaria</span> 
     </span>
    </p>
   </div>
   <div class='ocr_carea' id='block_1_82' title="bbox 2122 3374 3783 3450">
    <p class='ocr_par' dir='ltr' id='par_1_82' title="bbox 2122 3374 3783 3450">
     <span class='ocr_line' id='line_1_82' title="bbox 2122 3374 3783 3450; baseline 0.001 -18"><span class='ocrx_word' id='word_1_626' title='bbox 2122 3376 2407 3450; x_wconf 89' lang='lat' dir='ltr'>principis</span> <span class='ocrx_word' id='word_1_627' title='bbox 2467 3376 2782 3448; x_wconf 83' lang='lat' dir='ltr'>aliquando</span> <span class='ocrx_word' id='word_1_628' title='bbox 2842 3381 3034 3449; x_wconf 86' lang='lat' dir='ltr'>capta,</span> <span class='ocrx_word' id='word_1_629' title='bbox 3082 3378 3225 3433; x_wconf 90' lang='lat' dir='ltr'>dum</span> <span class='ocrx_word' id='word_1_630' title='bbox 3286 3377 3346 3433; x_wconf 91' lang='lat' dir='ltr'>in</span> <span class='ocrx_word' id='word_1_631' title='bbox 3405 3378 3541 3434; x_wconf 88' lang='lat' dir='ltr'>aula</span> <span class='ocrx_word' id='word_1_632' title='bbox 3596 3374 3783 3450; x_wconf 81' lang='lat' dir='ltr'>degit,</span> 
     </span>
    </p>
   </div>
   <div class='ocr_carea' id='block_1_83' title="bbox 2122 3465 3778 3539">
    <p class='ocr_par' dir='ltr' id='par_1_83' title="bbox 2122 3465 3778 3539">
     <span class='ocr_line' id='line_1_83' title="bbox 2122 3465 3778 3539; baseline -0.002 -14"><span class='ocrx_word' id='word_1_633' title='bbox 2122 3483 2288 3525; x_wconf 88' lang='lat' dir='ltr'>sacro</span> <span class='ocrx_word' id='word_1_634' title='bbox 2328 3465 2686 3539; x_wconf 84' lang='lat' dir='ltr'>baptismate</span> <span class='ocrx_word' id='word_1_635' title='bbox 2736 3469 2827 3521; x_wconf 86' lang='lat' dir='ltr'>est</span> <span class='ocrx_word' id='word_1_636' title='bbox 2875 3466 3128 3535; x_wconf 86' lang='lat' dir='ltr'>initiata,</span> <span class='ocrx_word' id='word_1_637' title='bbox 3160 3472 3217 3522; x_wconf 93' lang='lat' dir='ltr'>et</span> <span class='ocrx_word' id='word_1_638' title='bbox 3262 3467 3475 3523; x_wconf 79' lang='lat' dir='ltr'>litteris</span> <span class='ocrx_word' id='word_1_639' title='bbox 3524 3467 3778 3525; x_wconf 89' lang='lat' dir='ltr'>erudita.</span> 
     </span>
    </p>
   </div>
   <div class='ocr_carea' id='block_1_84' title="bbox 2121 3556 3778 3628">
    <p class='ocr_par' dir='ltr' id='par_1_84' title="bbox 2121 3556 3778 3628">
     <span class='ocr_line' id='line_1_84' title="bbox 2121 3556 3778 3628; baseline 0 -15"><span class='ocrx_word' id='word_1_640' title='bbox 2121 3558 2264 3613; x_wconf 88' lang='lat' dir='ltr'>Eam</span> <span class='ocrx_word' id='word_1_641' title='bbox 2315 3556 2492 3611; x_wconf 85' lang='lat' dir='ltr'>frater</span> <span class='ocrx_word' id='word_1_642' title='bbox 2548 3556 2855 3627; x_wconf 86' lang='lat' dir='ltr'>repetitam</span> <span class='ocrx_word' id='word_1_643' title='bbox 2908 3556 3146 3628; x_wconf 86' lang='lat' dir='ltr'>recepit,</span> <span class='ocrx_word' id='word_1_644' title='bbox 3197 3558 3326 3628; x_wconf 86' lang='lat' dir='ltr'>ejus</span> <span class='ocrx_word' id='word_1_645' title='bbox 3374 3556 3499 3613; x_wconf 90' lang='lat' dir='ltr'>loco</span> <span class='ocrx_word' id='word_1_646' title='bbox 3548 3556 3778 3613; x_wconf 89' lang='lat' dir='ltr'>reddito</span> 
     </span>
    </p>
   </div>
   <div class='ocr_carea' id='block_1_85' title="bbox 2123 3645 3776 3717">
    <p class='ocr_par' dir='ltr' id='par_1_85' title="bbox 2123 3645 3776 3717">
     <span class='ocr_line' id='line_1_85' title="bbox 2123 3645 3776 3717; baseline 0.002 -17"><span class='ocrx_word' id='word_1_647' title='bbox 2123 3647 2244 3702; x_wconf 89' lang='lat' dir='ltr'>viro</span> <span class='ocrx_word' id='word_1_648' title='bbox 2276 3645 2507 3701; x_wconf 90' lang='lat' dir='ltr'>erudito</span> <span class='ocrx_word' id='word_1_649' title='bbox 2546 3645 2848 3701; x_wconf 91' lang='lat' dir='ltr'>Theodoro</span> <span class='ocrx_word' id='word_1_650' title='bbox 2880 3646 3147 3717; x_wconf 88' lang='lat' dir='ltr'>Cuphara</span> <span class='ocrx_word' id='word_1_651' title='bbox 3196 3647 3334 3711; x_wconf 60' lang='lat' dir='ltr'>Quae</span> <span class='ocrx_word' id='word_1_652' title='bbox 3375 3662 3510 3703; x_wconf 87' lang='lat' dir='ltr'>cum</span> <span class='ocrx_word' id='word_1_653' title='bbox 3542 3646 3602 3702; x_wconf 91' lang='lat' dir='ltr'>in</span> <span class='ocrx_word' id='word_1_654' title='bbox 3636 3647 3776 3703; x_wconf 90' lang='lat' dir='ltr'>Bul-</span> 
     </span>
    </p>
   </div>
   <div class='ocr_carea' id='block_1_86' title="bbox 2121 3734 3774 3811">
    <p class='ocr_par' dir='ltr' id='par_1_86' title="bbox 2121 3734 3774 3811">
     <span class='ocr_line' id='line_1_86' title="bbox 2121 3734 3774 3811; baseline -0.001 -19"><span class='ocrx_word' id='word_1_655' title='bbox 2121 3736 2345 3811; x_wconf 86' lang='lat' dir='ltr'>gariam</span> <span class='ocrx_word' id='word_1_656' title='bbox 2404 3734 2693 3803; x_wconf 88' lang='lat' dir='ltr'>rediisset,</span> <span class='ocrx_word' id='word_1_657' title='bbox 2750 3736 2989 3789; x_wconf 83' lang='lat' dir='ltr'>fratrem</span> <span class='ocrx_word' id='word_1_658' title='bbox 3051 3737 3123 3790; x_wconf 89' lang='lat' dir='ltr'>ad</span> <span class='ocrx_word' id='word_1_659' title='bbox 3184 3736 3577 3791; x_wconf 88' lang='lat' dir='ltr'>Christianam</span> <span class='ocrx_word' id='word_1_660' title='bbox 3635 3735 3774 3791; x_wconf 88' lang='lat' dir='ltr'>reli-</span> 
     </span>
    </p>
   </div>
   <div class='ocr_carea' id='block_1_87' title="bbox 2124 3823 3782 3899">
    <p class='ocr_par' dir='ltr' id='par_1_87' title="bbox 2124 3823 3782 3899">
     <span class='ocr_line' id='line_1_87' title="bbox 2124 3823 3782 3899; baseline 0 -18"><span class='ocrx_word' id='word_1_661' title='bbox 2124 3827 2355 3899; x_wconf 86' lang='lat' dir='ltr'>gionem</span> <span class='ocrx_word' id='word_1_662' title='bbox 2404 3824 2721 3896; x_wconf 88' lang='lat' dir='ltr'>perducere</span> <span class='ocrx_word' id='word_1_663' title='bbox 2771 3823 3018 3893; x_wconf 89' lang='lat' dir='ltr'>studuit,</span> <span class='ocrx_word' id='word_1_664' title='bbox 3052 3824 3287 3881; x_wconf 89' lang='lat' dir='ltr'>assidue</span> <span class='ocrx_word' id='word_1_665' title='bbox 3319 3827 3387 3880; x_wconf 81' lang='lat' dir='ltr'>de</span> <span class='ocrx_word' id='word_1_666' title='bbox 3417 3841 3486 3880; x_wconf 88' lang='lat' dir='ltr'>ea</span> <span class='ocrx_word' id='word_1_667' title='bbox 3516 3841 3649 3880; x_wconf 91' lang='lat' dir='ltr'>cum</span> <span class='ocrx_word' id='word_1_668' title='bbox 3679 3823 3782 3881; x_wconf 90' lang='lat' dir='ltr'>illo</span> 
     </span>
    </p>
   </div>
   <div class='ocr_carea' id='block_1_88' title="bbox 2128 3912 3785 3986">
    <p class='ocr_par' dir='ltr' id='par_1_88' title="bbox 2128 3912 3785 3986">
     <span class='ocr_line' id='line_1_88' title="bbox 2128 3912 3785 3986; baseline 0 -17"><span class='ocrx_word' id='word_1_669' title='bbox 2128 3914 2445 3980; x_wconf 83' lang='lat' dir='ltr'>disserens,</span> <span class='ocrx_word' id='word_1_670' title='bbox 2481 3917 2539 3968; x_wconf 88' lang='lat' dir='ltr'>et</span> <span class='ocrx_word' id='word_1_671' title='bbox 2596 3912 3064 3969; x_wconf 85' lang='lat' dir='ltr'>Christianorum</span> <span class='ocrx_word' id='word_1_672' title='bbox 3117 3914 3419 3986; x_wconf 80' lang='lat' dir='ltr'>mysteria,</span> <span class='ocrx_word' id='word_1_673' title='bbox 3473 3920 3536 3969; x_wconf 91' lang='lat' dir='ltr'>ut</span> <span class='ocrx_word' id='word_1_674' title='bbox 3583 3914 3785 3970; x_wconf 88' lang='lat' dir='ltr'>divina</span> 
     </span>
    </p>
   </div>
   <div class='ocr_carea' id='block_1_89' title="bbox 2130 4001 3790 4076">
    <p class='ocr_par' dir='ltr' id='par_1_89' title="bbox 2130 4001 3790 4076">
     <span class='ocr_line' id='line_1_89' title="bbox 2130 4001 3790 4076; baseline 0 -16"><span class='ocrx_word' id='word_1_675' title='bbox 2130 4004 2451 4060; x_wconf 73' lang='lat' dir='ltr'>celebrans.</span> <span class='ocrx_word' id='word_1_676' title='bbox 2486 4001 2762 4066; x_wconf 86' lang='lat' dir='ltr'>Quamvis</span> <span class='ocrx_word' id='word_1_677' title='bbox 2814 4006 3010 4058; x_wconf 87' lang='lat' dir='ltr'>autem</span> <span class='ocrx_word' id='word_1_678' title='bbox 3060 4003 3159 4059; x_wconf 91' lang='lat' dir='ltr'>ille</span> <span class='ocrx_word' id='word_1_679' title='bbox 3206 4004 3411 4060; x_wconf 86' lang='lat' dir='ltr'>eadem</span> <span class='ocrx_word' id='word_1_680' title='bbox 3456 4020 3487 4060; x_wconf 93' lang='lat' dir='ltr'>e</span> <span class='ocrx_word' id='word_1_681' title='bbox 3517 4003 3790 4076; x_wconf 84' lang='lat' dir='ltr'>Cuphara</span> 
     </span>
    </p>
   </div>
   <div class='ocr_carea' id='block_1_90' title="bbox 2132 4090 3792 4167">
    <p class='ocr_par' dir='ltr' id='par_1_90' title="bbox 2132 4090 3792 4167">
     <span class='ocr_line' id='line_1_90' title="bbox 2132 4090 3792 4167; baseline -0.001 -18"><span class='ocrx_word' id='word_1_682' title='bbox 2132 4108 2366 4167; x_wconf 90' lang='lat' dir='ltr'>quoque</span> <span class='ocrx_word' id='word_1_683' title='bbox 2397 4090 2739 4157; x_wconf 83' lang='lat' dir='ltr'>audivisset,</span> <span class='ocrx_word' id='word_1_684' title='bbox 2774 4109 2889 4147; x_wconf 91' lang='lat' dir='ltr'>non</span> <span class='ocrx_word' id='word_1_685' title='bbox 2932 4092 3097 4164; x_wconf 91' lang='lat' dir='ltr'>prius</span> <span class='ocrx_word' id='word_1_686' title='bbox 3126 4096 3326 4148; x_wconf 86' lang='lat' dir='ltr'>tamen</span> <span class='ocrx_word' id='word_1_687' title='bbox 3364 4111 3398 4148; x_wconf 84' lang='lat' dir='ltr'>a</span> <span class='ocrx_word' id='word_1_688' title='bbox 3428 4092 3634 4165; x_wconf 90' lang='lat' dir='ltr'>patriis</span> <span class='ocrx_word' id='word_1_689' title='bbox 3667 4109 3792 4147; x_wconf 86' lang='lat' dir='ltr'>mo-</span> 
     </span>
    </p>
   </div>
   <div class='ocr_carea' id='block_1_91' title="bbox 2133 4180 3796 4254">
    <p class='ocr_par' dir='ltr' id='par_1_91' title="bbox 2133 4180 3796 4254">
     <span class='ocr_line' id='line_1_91' title="bbox 2133 4180 3796 4254; baseline -0.001 -15"><span class='ocrx_word' id='word_1_690' title='bbox 2133 4184 2299 4239; x_wconf 91' lang='lat' dir='ltr'>ribus</span> <span class='ocrx_word' id='word_1_691' title='bbox 2348 4182 2615 4236; x_wconf 87' lang='lat' dir='ltr'>recedere</span> <span class='ocrx_word' id='word_1_692' title='bbox 2661 4180 2846 4236; x_wconf 89' lang='lat' dir='ltr'>voluit</span> <span class='ocrx_word' id='word_1_693' title='bbox 2890 4198 3069 4253; x_wconf 88' lang='lat' dir='ltr'>quam</span> <span class='ocrx_word' id='word_1_694' title='bbox 3121 4181 3479 4254; x_wconf 86' lang='lat' dir='ltr'>pestilentia,</span> <span class='ocrx_word' id='word_1_695' title='bbox 3514 4182 3700 4238; x_wconf 80' lang='lat' dir='ltr'>fames</span> <span class='ocrx_word' id='word_1_696' title='bbox 3738 4188 3796 4238; x_wconf 88' lang='lat' dir='ltr'>et</span> 
     </span>
    </p>
   </div>
   <div class='ocr_carea' id='block_1_92' title="bbox 2137 4270 3796 4346">
    <p class='ocr_par' dir='ltr' id='par_1_92' title="bbox 2137 4270 3796 4346">
     <span class='ocr_line' id='line_1_92' title="bbox 2137 4270 3796 4346; baseline -0.001 -18"><span class='ocrx_word' id='word_1_697' title='bbox 2137 4274 2333 4346; x_wconf 90' lang='lat' dir='ltr'>ipsum</span> <span class='ocrx_word' id='word_1_698' title='bbox 2364 4274 2420 4326; x_wconf 87' lang='lat' dir='ltr'>et</span> <span class='ocrx_word' id='word_1_699' title='bbox 2450 4276 2681 4344; x_wconf 87' lang='lat' dir='ltr'>gentem</span> <span class='ocrx_word' id='word_1_700' title='bbox 2714 4272 2785 4326; x_wconf 87' lang='lat' dir='ltr'>ad</span> <span class='ocrx_word' id='word_1_701' title='bbox 2836 4270 3109 4343; x_wconf 88' lang='lat' dir='ltr'>pietatem</span> <span class='ocrx_word' id='word_1_702' title='bbox 3164 4272 3458 4345; x_wconf 83' lang='lat' dir='ltr'>perduxit.</span> <span class='ocrx_word' id='word_1_703' title='bbox 3495 4274 3628 4338; x_wconf 70' lang='lat' dir='ltr'>Quae</span> <span class='ocrx_word' id='word_1_704' title='bbox 3662 4288 3796 4327; x_wconf 91' lang='lat' dir='ltr'>cum</span> 
     </span>
    </p>
   </div>
   <div class='ocr_carea' id='block_1_93' title="bbox 2140 4360 3803 4435">
    <p class='ocr_par' dir='ltr' id='par_1_93' title="bbox 2140 4360 3803 4435">
     <span class='ocr_line' id='line_1_93' title="bbox 2140 4360 3803 4435; baseline 0 -17"><span class='ocrx_word' id='word_1_705' title='bbox 2140 4361 2422 4435; x_wconf 90' lang='lat' dir='ltr'>populum</span> <span class='ocrx_word' id='word_1_706' title='bbox 2458 4360 2797 4417; x_wconf 89' lang='lat' dir='ltr'>universum</span> <span class='ocrx_word' id='word_1_707' title='bbox 2842 4365 3153 4433; x_wconf 90' lang='lat' dir='ltr'>premeret,</span> <span class='ocrx_word' id='word_1_708' title='bbox 3188 4379 3380 4434; x_wconf 90' lang='lat' dir='ltr'>neque</span> <span class='ocrx_word' id='word_1_709' title='bbox 3428 4362 3612 4417; x_wconf 89' lang='lat' dir='ltr'>ullum</span> <span class='ocrx_word' id='word_1_710' title='bbox 3646 4367 3803 4418; x_wconf 88' lang='lat' dir='ltr'>esset</span> 
     </span>
    </p>
   </div>
   <div class='ocr_carea' id='block_1_94' title="bbox 2144 4449 3801 4524">
    <p class='ocr_par' dir='ltr' id='par_1_94' title="bbox 2144 4449 3801 4524">
     <span class='ocr_line' id='line_1_94' title="bbox 2144 4449 3801 4524; baseline -0.001 -15"><span class='ocrx_word' id='word_1_711' title='bbox 2144 4452 2283 4509; x_wconf 85' lang='lat' dir='ltr'>mali</span> <span class='ocrx_word' id='word_1_712' title='bbox 2332 4450 2654 4523; x_wconf 85' lang='lat' dir='ltr'>ell&#39;ugium,</span> <span class='ocrx_word' id='word_1_713' title='bbox 2704 4449 2976 4523; x_wconf 88' lang='lat' dir='ltr'>plurimis</span> <span class='ocrx_word' id='word_1_714' title='bbox 3024 4453 3409 4523; x_wconf 86' lang='lat' dir='ltr'>pereuntibus</span> <span class='ocrx_word' id='word_1_715' title='bbox 3461 4468 3475 4507; x_wconf 89' lang='lat'><strong>:</strong></span> <span class='ocrx_word' id='word_1_716' title='bbox 3528 4452 3801 4524; x_wconf 89' lang='lat' dir='ltr'>princeps</span> 
     </span>
    </p>
   </div>
   <div class='ocr_carea' id='block_1_95' title="bbox 2145 4540 3801 4612">
    <p class='ocr_par' dir='ltr' id='par_1_95' title="bbox 2145 4540 3801 4612">
     <span class='ocr_line' id='line_1_95' title="bbox 2145 4540 3801 4612; baseline -0.001 -14"><span class='ocrx_word' id='word_1_717' title='bbox 2145 4559 2213 4598; x_wconf 87' lang='lat' dir='ltr'>ea</span> <span class='ocrx_word' id='word_1_718' title='bbox 2242 4543 2313 4597; x_wconf 90' lang='lat' dir='ltr'>de</span> <span class='ocrx_word' id='word_1_719' title='bbox 2345 4558 2516 4597; x_wconf 82' lang='lat' dir='ltr'>causa</span> <span class='ocrx_word' id='word_1_720' title='bbox 2551 4557 2701 4612; x_wconf 68' lang='lat' dir='ltr'>aeger</span> <span class='ocrx_word' id='word_1_721' title='bbox 2729 4544 2786 4595; x_wconf 91' lang='lat' dir='ltr'>et</span> <span class='ocrx_word' id='word_1_722' title='bbox 2825 4540 3009 4596; x_wconf 91' lang='lat' dir='ltr'>animi</span> <span class='ocrx_word' id='word_1_723' title='bbox 3051 4540 3291 4611; x_wconf 87' lang='lat' dir='ltr'>dubius,</span> <span class='ocrx_word' id='word_1_724' title='bbox 3325 4542 3396 4596; x_wconf 87' lang='lat' dir='ltr'>ad</span> <span class='ocrx_word' id='word_1_725' title='bbox 3428 4558 3562 4596; x_wconf 92' lang='lat' dir='ltr'>eum</span> <span class='ocrx_word' id='word_1_726' title='bbox 3593 4541 3801 4597; x_wconf 84' lang='lat' dir='ltr'>confu-</span> 
     </span>
    </p>
   </div>
   <div class='ocr_carea' id='block_1_96' title="bbox 2149 4629 3804 4704">
    <p class='ocr_par' dir='ltr' id='par_1_96' title="bbox 2149 4629 3804 4704">
     <span class='ocr_line' id='line_1_96' title="bbox 2149 4629 3804 4704; baseline 0 -18"><span class='ocrx_word' id='word_1_727' title='bbox 2149 4631 2253 4704; x_wconf 88' lang='lat' dir='ltr'>git,</span> <span class='ocrx_word' id='word_1_728' title='bbox 2286 4631 2386 4703; x_wconf 92' lang='lat' dir='ltr'>qui</span> <span class='ocrx_word' id='word_1_729' title='bbox 2433 4629 2544 4685; x_wconf 90' lang='lat' dir='ltr'>sibi</span> <span class='ocrx_word' id='word_1_730' title='bbox 2579 4647 2611 4683; x_wconf 88' lang='lat' dir='ltr'>a</span> <span class='ocrx_word' id='word_1_731' title='bbox 2644 4646 2844 4685; x_wconf 89' lang='lat' dir='ltr'>sorore</span> <span class='ocrx_word' id='word_1_732' title='bbox 2893 4630 3377 4700; x_wconf 87' lang='lat' dir='ltr'>annuntiabatur,</span> <span class='ocrx_word' id='word_1_733' title='bbox 3409 4633 3804 4703; x_wconf 88' lang='lat' dir='ltr'>eumdemque</span> 
     </span>
    </p>
   </div>
   <div class='ocr_carea' id='block_1_97' title="bbox 2152 4718 3806 4792">
    <p class='ocr_par' dir='ltr' id='par_1_97' title="bbox 2152 4718 3806 4792">
     <span class='ocr_line' id='line_1_97' title="bbox 2152 4718 3806 4792; baseline 0 -17"><span class='ocrx_word' id='word_1_734' title='bbox 2152 4719 2523 4792; x_wconf 86' lang='lat' dir='ltr'>depulsorem</span> <span class='ocrx_word' id='word_1_735' title='bbox 2558 4718 2732 4773; x_wconf 82' lang='lat' dir='ltr'>famis</span> <span class='ocrx_word' id='word_1_736' title='bbox 2763 4723 2821 4774; x_wconf 90' lang='lat' dir='ltr'>et</span> <span class='ocrx_word' id='word_1_737' title='bbox 2864 4719 3136 4775; x_wconf 89' lang='lat' dir='ltr'>interitus</span> <span class='ocrx_word' id='word_1_738' title='bbox 3167 4720 3368 4792; x_wconf 86' lang='lat' dir='ltr'>populi</span> <span class='ocrx_word' id='word_1_739' title='bbox 3400 4720 3647 4776; x_wconf 86' lang='lat' dir='ltr'>invocat.</span> <span class='ocrx_word' id='word_1_740' title='bbox 3671 4724 3806 4785; x_wconf 65' lang='lat' dir='ltr'>Qum</span> 
     </span>
    </p>
   </div>
   <div class='ocr_carea' id='block_1_98' title="bbox 2152 4807 3809 4880">
    <p class='ocr_par' dir='ltr' id='par_1_98' title="bbox 2152 4807 3809 4880">
     <span class='ocr_line' id='line_1_98' title="bbox 2152 4807 3809 4880; baseline 0.001 -16"><span class='ocrx_word' id='word_1_741' title='bbox 2152 4809 2441 4865; x_wconf 86' lang='lat' dir='ltr'>invocatio</span> <span class='ocrx_word' id='word_1_742' title='bbox 2495 4824 2628 4863; x_wconf 89' lang='lat' dir='ltr'>cum</span> <span class='ocrx_word' id='word_1_743' title='bbox 2679 4807 2946 4880; x_wconf 87' lang='lat' dir='ltr'>depulsis</span> <span class='ocrx_word' id='word_1_744' title='bbox 3005 4809 3177 4864; x_wconf 91' lang='lat' dir='ltr'>malis</span> <span class='ocrx_word' id='word_1_745' title='bbox 3224 4809 3431 4864; x_wconf 82' lang='lat' dir='ltr'>efﬁcax</span> <span class='ocrx_word' id='word_1_746' title='bbox 3477 4814 3679 4865; x_wconf 91' lang='lat' dir='ltr'>esset:</span> <span class='ocrx_word' id='word_1_747' title='bbox 3714 4826 3809 4865; x_wconf 87' lang='lat' dir='ltr'>co-</span> 
     </span>
    </p>
   </div>
   <div class='ocr_carea' id='block_1_99' title="bbox 2155 4897 3812 4971">
    <p class='ocr_par' dir='ltr' id='par_1_99' title="bbox 2155 4897 3812 4971">
     <span class='ocr_line' id='line_1_99' title="bbox 2155 4897 3812 4971; baseline -0.001 -17"><span class='ocrx_word' id='word_1_748' title='bbox 2155 4898 2319 4971; x_wconf 89' lang='lat' dir='ltr'>gnita</span> <span class='ocrx_word' id='word_1_749' title='bbox 2348 4898 2597 4954; x_wconf 86' lang='lat' dir='ltr'>invocati</span> <span class='ocrx_word' id='word_1_750' title='bbox 2649 4897 2916 4953; x_wconf 89' lang='lat' dir='ltr'>numinis</span> <span class='ocrx_word' id='word_1_751' title='bbox 2963 4897 3244 4970; x_wconf 88' lang='lat' dir='ltr'>potentia,</span> <span class='ocrx_word' id='word_1_752' title='bbox 3280 4898 3447 4967; x_wconf 83' lang='lat' dir='ltr'>petiit</span> <span class='ocrx_word' id='word_1_753' title='bbox 3494 4898 3645 4953; x_wconf 89' lang='lat' dir='ltr'>mitti</span> <span class='ocrx_word' id='word_1_754' title='bbox 3698 4897 3812 4953; x_wconf 91' lang='lat' dir='ltr'>sibi</span> 
     </span>
    </p>
   </div>
   <div class='ocr_carea' id='block_1_100' title="bbox 2158 4986 3813 5060">
    <p class='ocr_par' dir='ltr' id='par_1_100' title="bbox 2158 4986 3813 5060">
     <span class='ocr_line' id='line_1_100' title="bbox 2158 4986 3813 5060; baseline -0.001 -17"><span class='ocrx_word' id='word_1_755' title='bbox 2158 4988 2436 5059; x_wconf 87' lang='lat' dir='ltr'>aliquem,</span> <span class='ocrx_word' id='word_1_756' title='bbox 2469 5005 2502 5043; x_wconf 85' lang='lat' dir='ltr'>a</span> <span class='ocrx_word' id='word_1_757' title='bbox 2534 5004 2647 5060; x_wconf 91' lang='lat' dir='ltr'>quo</span> <span class='ocrx_word' id='word_1_758' title='bbox 2697 4988 2929 5043; x_wconf 81' lang='lat' dir='ltr'>arcanis</span> <span class='ocrx_word' id='word_1_759' title='bbox 2960 4986 3303 5042; x_wconf 67' lang='lat' dir='ltr'>Christiana:</span> <span class='ocrx_word' id='word_1_760' title='bbox 3348 4986 3649 5060; x_wconf 85' lang='lat' dir='ltr'>religionis</span> <span class='ocrx_word' id='word_1_761' title='bbox 3679 5004 3813 5042; x_wconf 90' lang='lat' dir='ltr'>eru-</span> 
     </span>
    </p>
   </div>
   <div class='ocr_carea' id='block_1_101' title="bbox 395 5063 2015 5157">
    <p class='ocr_par' dir='ltr' id='par_1_101' title="bbox 395 5075 2012 5157">
     <span class='ocr_line' id='line_1_101' title="bbox 395 5075 2012 5157; baseline -0.003 -20"><span class='ocrx_word' id='word_1_762' title='bbox 395 5077 917 5156; x_wconf 83' lang='grc' dir='ltr'>καταγγελλόμενον</span> <span class='ocrx_word' id='word_1_763' title='bbox 946 5078 1290 5157; x_wconf 85' lang='grc' dir='ltr'>καταφεύγει,</span> <span class='ocrx_word' id='word_1_764' title='bbox 1330 5079 1421 5133; x_wconf 86' lang='grc' dir='ltr'>καὶ</span> <span class='ocrx_word' id='word_1_765' title='bbox 1476 5075 1664 5133; x_wconf 69' lang='grc' dir='ltr'>τοῦτον</span> <span class='ocrx_word' id='word_1_766' title='bbox 1724 5081 1822 5132; x_wconf 80' lang='grc' dir='ltr'>τοῦ</span> <span class='ocrx_word' id='word_1_767' title='bbox 1877 5076 2012 5150; x_wconf 84' lang='grc' dir='ltr'>λιμο</span> 
     </span>
    </p>
   </div>
   <div class='ocr_carea' id='block_1_102' title="bbox 2127 5063 3817 5157">
    <p class='ocr_par' dir='ltr' id='par_1_102' title="bbox 2158 5076 3817 5149">
     <span class='ocr_line' id='line_1_102' title="bbox 2158 5076 3817 5149; baseline -0.001 -16"><span class='ocrx_word' id='word_1_768' title='bbox 2158 5079 2402 5145; x_wconf 87' lang='lat' dir='ltr'>diretur,</span> <span class='ocrx_word' id='word_1_769' title='bbox 2463 5082 2518 5133; x_wconf 88' lang='lat' dir='ltr'>ct</span> <span class='ocrx_word' id='word_1_770' title='bbox 2575 5093 2740 5133; x_wconf 90' lang='lat' dir='ltr'>sacro</span> <span class='ocrx_word' id='word_1_771' title='bbox 2800 5076 3154 5148; x_wconf 86' lang='lat' dir='ltr'>baptismate</span> <span class='ocrx_word' id='word_1_772' title='bbox 3214 5076 3570 5133; x_wconf 86' lang='lat' dir='ltr'>initiaretur.</span> <span class='ocrx_word' id='word_1_773' title='bbox 3630 5077 3817 5149; x_wconf 89' lang='lat' dir='ltr'>quue</span> 
     </span>
    </p>
   </div>
   <div class='ocr_carea' id='block_1_103' title="bbox 386 5163 2046 5245">
    <p class='ocr_par' dir='ltr' id='par_1_103' title="bbox 386 5163 2046 5245">
     <span class='ocr_line' id='line_1_103' title="bbox 386 5163 2046 5245; baseline -0.002 -19"><span class='ocrx_word' id='word_1_774' title='bbox 386 5169 606 5245; x_wconf 82' lang='grc' dir='ltr'>λυτῆρα</span> <span class='ocrx_word' id='word_1_775' title='bbox 672 5168 763 5223; x_wconf 81' lang='grc' dir='ltr'>καὶ</span> <span class='ocrx_word' id='word_1_776' title='bbox 840 5174 942 5237; x_wconf 84' lang='grc' dir='ltr'>τῆς</span> <span class='ocrx_word' id='word_1_777' title='bbox 1020 5172 1116 5223; x_wconf 79' lang='grc' dir='ltr'>τοῦ</span> <span class='ocrx_word' id='word_1_778' title='bbox 1190 5163 1376 5233; x_wconf 76' lang='grc' dir='ltr'>ἔθνους</span> <span class='ocrx_word' id='word_1_779' title='bbox 1430 5172 1633 5244; x_wconf 82' lang='grc' dir='ltr'>φθορᾶς</span> <span class='ocrx_word' id='word_1_780' title='bbox 1688 5164 2046 5237; x_wconf 70' lang='grc' dir='ltr'>ἐπεκέκλητο.</span> 
     </span>
    </p>
   </div>
   <div class='ocr_carea' id='block_1_104' title="bbox 377 5254 2044 5333">
    <p class='ocr_par' dir='ltr' id='par_1_104' title="bbox 377 5254 2044 5333">
     <span class='ocr_line' id='line_1_104' title="bbox 377 5254 2044 5333; baseline -0.001 -18"><span class='ocrx_word' id='word_1_781' title='bbox 377 5268 471 5322; x_wconf 82' lang='grc' dir='ltr'>Ὠς</span> <span class='ocrx_word' id='word_1_782' title='bbox 530 5257 577 5313; x_wconf 86' lang='grc' dir='ltr'>δ’</span> <span class='ocrx_word' id='word_1_783' title='bbox 657 5257 886 5333; x_wconf 77' lang='grc' dir='ltr'>ἐνεργὴς</span> <span class='ocrx_word' id='word_1_784' title='bbox 954 5256 1021 5327; x_wconf 79' lang='grc' dir='ltr'>ἦν</span> <span class='ocrx_word' id='word_1_785' title='bbox 1097 5259 1132 5327; x_wconf 77' lang='grc' dir='ltr'>ἠ</span> <span class='ocrx_word' id='word_1_786' title='bbox 1201 5254 1510 5329; x_wconf 78' lang='grc' dir='ltr'>ἐπίκλησις,</span> <span class='ocrx_word' id='word_1_787' title='bbox 1563 5256 1653 5313; x_wconf 85' lang='grc' dir='ltr'>καὶ</span> <span class='ocrx_word' id='word_1_788' title='bbox 1709 5254 1815 5312; x_wconf 77' lang='grc' dir='ltr'>τῶν</span> <span class='ocrx_word' id='word_1_789' title='bbox 1865 5260 2044 5313; x_wconf 89' lang='grc' dir='ltr'>κακῶν</span> 
     </span>
    </p>
   </div>
   <div class='ocr_carea' id='block_1_105' title="bbox 377 5343 2045 5423">
    <p class='ocr_par' dir='ltr' id='par_1_105' title="bbox 377 5343 2045 5423">
     <span class='ocr_line' id='line_1_105' title="bbox 377 5343 2045 5423; baseline -0.002 -18"><span class='ocrx_word' id='word_1_790' title='bbox 377 5345 792 5423; x_wconf 80' lang='grc' dir='ltr'>ἀπηλλάγησαν</span> <span class='ocrx_word' id='word_1_791' title='bbox 852 5343 994 5421; x_wconf 78' lang='grc' dir='ltr'>ἔγνω</span> <span class='ocrx_word' id='word_1_792' title='bbox 1052 5351 1149 5402; x_wconf 75' lang='grc' dir='ltr'>τοῦ</span> <span class='ocrx_word' id='word_1_793' title='bbox 1208 5346 1597 5417; x_wconf 73' lang='grc' dir='ltr'>ἐπικληθέντος</span> <span class='ocrx_word' id='word_1_794' title='bbox 1652 5347 1752 5416; x_wconf 83' lang='grc' dir='ltr'>τήν</span> <span class='ocrx_word' id='word_1_795' title='bbox 1799 5343 2045 5420; x_wconf 88' lang='grc' dir='ltr'>δύναμιν,</span> 
     </span>
    </p>
   </div>
   <div class='ocr_carea' id='block_1_106' title="bbox 380 5433 2045 5512">
    <p class='ocr_par' dir='ltr' id='par_1_106' title="bbox 380 5433 2045 5512">
     <span class='ocr_line' id='line_1_106' title="bbox 380 5433 2045 5512; baseline -0.002 -19"><span class='ocrx_word' id='word_1_796' title='bbox 380 5438 477 5494; x_wconf 80' lang='grc' dir='ltr'>καὶ</span> <span class='ocrx_word' id='word_1_797' title='bbox 536 5435 683 5508; x_wconf 79' lang='grc' dir='ltr'>ἀξιοῖ</span> <span class='ocrx_word' id='word_1_798' title='bbox 758 5433 1020 5507; x_wconf 88' lang='grc' dir='ltr'>σταλῆναι</span> <span class='ocrx_word' id='word_1_799' title='bbox 1093 5436 1240 5510; x_wconf 81' lang='grc' dir='ltr'>αὐτῷ</span> <span class='ocrx_word' id='word_1_800' title='bbox 1308 5458 1430 5493; x_wconf 87' lang='grc' dir='ltr'>τινα</span> <span class='ocrx_word' id='word_1_801' title='bbox 1483 5439 1571 5493; x_wconf 87' lang='grc' dir='ltr'>τὸν</span> <span class='ocrx_word' id='word_1_802' title='bbox 1625 5437 1687 5492; x_wconf 86' lang='grc' dir='ltr'>τὸ</span> <span class='ocrx_word' id='word_1_803' title='bbox 1748 5438 2045 5512; x_wconf 82' lang='grc' dir='ltr'>μυστήριον</span> 
     </span>
    </p>
   </div>
   <div class='ocr_carea' id='block_1_107' title="bbox 382 5524 2050 5601">
    <p class='ocr_par' dir='ltr' id='par_1_107' title="bbox 382 5524 2050 5601">
     <span class='ocr_line' id='line_1_107' title="bbox 382 5524 2050 5601; baseline -0.002 -18"><span class='ocrx_word' id='word_1_804' title='bbox 382 5526 552 5583; x_wconf 74' lang='grc' dir='ltr'>αὐτὸν</span> <span class='ocrx_word' id='word_1_805' title='bbox 633 5526 914 5598; x_wconf 76' lang='grc' dir='ltr'>μυήσοντα</span> <span class='ocrx_word' id='word_1_806' title='bbox 983 5529 1090 5581; x_wconf 88' lang='grc' dir='ltr'>τῶν</span> <span class='ocrx_word' id='word_1_807' title='bbox 1158 5531 1523 5601; x_wconf 85' lang='grc' dir='ltr'>Χριστιανῶν,</span> <span class='ocrx_word' id='word_1_808' title='bbox 1594 5526 1685 5582; x_wconf 82' lang='grc' dir='ltr'>καὶ</span> <span class='ocrx_word' id='word_1_809' title='bbox 1759 5524 2050 5582; x_wconf 82' lang='grc' dir='ltr'>τελέσοντα</span> 
     </span>
    </p>
   </div>
   <div class='ocr_carea' id='block_1_108' title="bbox 384 5614 2052 5694">
    <p class='ocr_par' dir='ltr' id='par_1_108' title="bbox 384 5614 2052 5694">
     <span class='ocr_line' id='line_1_108' title="bbox 384 5614 2052 5694; baseline -0.002 -19"><span class='ocrx_word' id='word_1_810' title='bbox 384 5621 471 5688; x_wconf 74' lang='grc' dir='ltr'>τῷ</span> <span class='ocrx_word' id='word_1_811' title='bbox 515 5616 650 5688; x_wconf 86' lang='grc' dir='ltr'>θείῳ</span> <span class='ocrx_word' id='word_1_812' title='bbox 708 5614 1063 5690; x_wconf 83' lang='grc' dir='ltr'>βαπτίσματι.</span> <span class='ocrx_word' id='word_1_813' title='bbox 1123 5617 1223 5675; x_wconf 88' lang='grc' dir='ltr'>Καὶ</span> <span class='ocrx_word' id='word_1_814' title='bbox 1286 5614 1566 5688; x_wconf 82' lang='grc' dir='ltr'>ἀπεστάλη</span> <span class='ocrx_word' id='word_1_815' title='bbox 1621 5618 1714 5692; x_wconf 74' lang='grc' dir='ltr'>μὲν</span> <span class='ocrx_word' id='word_1_816' title='bbox 1764 5614 2052 5694; x_wconf 77' lang='grc' dir='ltr'>ἀρχιερεὺς</span> 
     </span>
    </p>
   </div>
   <div class='ocr_carea' id='block_1_109' title="bbox 2159 5166 3814 5239">
    <p class='ocr_par' dir='ltr' id='par_1_109' title="bbox 2159 5166 3814 5239">
     <span class='ocr_line' id='line_1_109' title="bbox 2159 5166 3814 5239; baseline -0.001 -16"><span class='ocrx_word' id='word_1_817' title='bbox 2159 5167 2340 5223; x_wconf 88' lang='lat' dir='ltr'>misso</span> <span class='ocrx_word' id='word_1_818' title='bbox 2374 5167 2647 5239; x_wconf 84' lang='lat' dir='ltr'>pontiﬁce</span> <span class='ocrx_word' id='word_1_819' title='bbox 2694 5166 2914 5223; x_wconf 84' lang='lat' dir='ltr'>factum</span> <span class='ocrx_word' id='word_1_820' title='bbox 2945 5171 3053 5222; x_wconf 89' lang='lat' dir='ltr'>est.</span> <span class='ocrx_word' id='word_1_821' title='bbox 3086 5167 3228 5223; x_wconf 87' lang='lat' dir='ltr'>Cum</span> <span class='ocrx_word' id='word_1_822' title='bbox 3279 5171 3477 5222; x_wconf 87' lang='lat' dir='ltr'>autem</span> <span class='ocrx_word' id='word_1_823' title='bbox 3509 5183 3645 5223; x_wconf 90' lang='lat' dir='ltr'>eum</span> <span class='ocrx_word' id='word_1_824' title='bbox 3676 5166 3814 5222; x_wconf 90' lang='lat' dir='ltr'>Bul-</span> 
     </span>
    </p>
   </div>
   <div class='ocr_carea' id='block_1_110' title="bbox 2160 5255 3815 5330">
    <p class='ocr_par' dir='ltr' id='par_1_110' title="bbox 2160 5255 3815 5330">
     <span class='ocr_line' id='line_1_110' title="bbox 2160 5255 3815 5330; baseline 0 -18"><span class='ocrx_word' id='word_1_825' title='bbox 2160 5257 2286 5330; x_wconf 88' lang='lat' dir='ltr'>gari</span> <span class='ocrx_word' id='word_1_826' title='bbox 2317 5258 2389 5313; x_wconf 90' lang='lat' dir='ltr'>ob</span> <span class='ocrx_word' id='word_1_827' title='bbox 2422 5257 2651 5312; x_wconf 87' lang='lat' dir='ltr'>deserta</span> <span class='ocrx_word' id='word_1_828' title='bbox 2683 5258 2972 5326; x_wconf 83' lang='lat' dir='ltr'>majorum</span> <span class='ocrx_word' id='word_1_829' title='bbox 3008 5255 3302 5326; x_wconf 84' lang='lat' dir='ltr'>instituta,</span> <span class='ocrx_word' id='word_1_830' title='bbox 3332 5271 3435 5328; x_wconf 90' lang='lat' dir='ltr'>per</span> <span class='ocrx_word' id='word_1_831' title='bbox 3463 5255 3815 5312; x_wconf 86' lang='lat' dir='ltr'>seditionem</span> 
     </span>
    </p>
   </div>
   <div class='ocr_carea' id='block_1_111' title="bbox 2158 5344 3820 5417">
    <p class='ocr_par' dir='ltr' id='par_1_111' title="bbox 2158 5344 3820 5417">
     <span class='ocr_line' id='line_1_111' title="bbox 2158 5344 3820 5417; baseline -0.001 -13"><span class='ocrx_word' id='word_1_832' title='bbox 2158 5364 2188 5404; x_wconf 92' lang='lat' dir='ltr'>e</span> <span class='ocrx_word' id='word_1_833' title='bbox 2226 5346 2416 5403; x_wconf 91' lang='lat' dir='ltr'>medio</span> <span class='ocrx_word' id='word_1_834' title='bbox 2463 5344 2665 5401; x_wconf 85' lang='lat' dir='ltr'>tollere</span> <span class='ocrx_word' id='word_1_835' title='bbox 2696 5351 3049 5401; x_wconf 89' lang='lat' dir='ltr'>conarentur</span> <span class='ocrx_word' id='word_1_836' title='bbox 3072 5362 3085 5400; x_wconf 90' lang='lat'><strong>:</strong></span> <span class='ocrx_word' id='word_1_837' title='bbox 3112 5344 3208 5400; x_wconf 91' lang='lat' dir='ltr'>ille</span> <span class='ocrx_word' id='word_1_838' title='bbox 3240 5345 3601 5417; x_wconf 83' lang='lat' dir='ltr'>praecedente</span> <span class='ocrx_word' id='word_1_839' title='bbox 3628 5346 3820 5403; x_wconf 87' lang='lat' dir='ltr'>crucis</span> 
     </span>
    </p>
   </div>
   <div class='ocr_carea' id='block_1_112' title="bbox 2159 5434 3821 5509">
    <p class='ocr_par' dir='ltr' id='par_1_112' title="bbox 2159 5434 3821 5509">
     <span class='ocr_line' id='line_1_112' title="bbox 2159 5434 3821 5509; baseline 0 -17"><span class='ocrx_word' id='word_1_840' title='bbox 2159 5437 2328 5509; x_wconf 89' lang='lat' dir='ltr'>signo</span> <span class='ocrx_word' id='word_1_841' title='bbox 2374 5436 2580 5502; x_wconf 85' lang='lat' dir='ltr'>fretus,</span> <span class='ocrx_word' id='word_1_842' title='bbox 2612 5435 2782 5490; x_wconf 85' lang='lat' dir='ltr'>victis</span> <span class='ocrx_word' id='word_1_843' title='bbox 2831 5434 3203 5506; x_wconf 87' lang='lat' dir='ltr'>adversariis,</span> <span class='ocrx_word' id='word_1_844' title='bbox 3253 5434 3453 5502; x_wconf 89' lang='lat' dir='ltr'>efﬁcit,</span> <span class='ocrx_word' id='word_1_845' title='bbox 3502 5440 3564 5491; x_wconf 87' lang='lat' dir='ltr'>ut</span> <span class='ocrx_word' id='word_1_846' title='bbox 3613 5452 3821 5492; x_wconf 88' lang='lat' dir='ltr'>omnes</span> 
     </span>
    </p>
   </div>
   <div class='ocr_carea' id='block_1_113' title="bbox 2159 5523 3822 5598">
    <p class='ocr_par' dir='ltr' id='par_1_113' title="bbox 2159 5523 3822 5598">
     <span class='ocr_line' id='line_1_113' title="bbox 2159 5523 3822 5598; baseline -0.001 -16"><span class='ocrx_word' id='word_1_847' title='bbox 2159 5524 2676 5583; x_wconf 85' lang='lat' dir='ltr'>Christianismum</span> <span class='ocrx_word' id='word_1_848' title='bbox 2709 5523 3221 5595; x_wconf 88' lang='lat' dir='ltr'>amplecterentur.</span> <span class='ocrx_word' id='word_1_849' title='bbox 3262 5526 3417 5582; x_wconf 73' lang='lat' dir='ltr'>I56</span> <span class='ocrx_word' id='word_1_850' title='bbox 3466 5524 3687 5582; x_wconf 89' lang='lat' dir='ltr'>Deinde</span> <span class='ocrx_word' id='word_1_851' title='bbox 3719 5540 3822 5598; x_wconf 89' lang='lat' dir='ltr'>per</span> 
     </span>
    </p>
   </div>
   <div class='ocr_carea' id='block_1_114' title="bbox 2159 5614 3820 5690">
    <p class='ocr_par' dir='ltr' id='par_1_114' title="bbox 2159 5614 3820 5690">
     <span class='ocr_line' id='line_1_114' title="bbox 2159 5614 3820 5690; baseline 0 -19"><span class='ocrx_word' id='word_1_852' title='bbox 2159 5615 2384 5690; x_wconf 86' lang='lat' dir='ltr'>legatos</span> <span class='ocrx_word' id='word_1_853' title='bbox 2430 5615 2502 5672; x_wconf 88' lang='lat' dir='ltr'>ab</span> <span class='ocrx_word' id='word_1_854' title='bbox 2561 5614 2936 5688; x_wconf 86' lang='lat' dir='ltr'>imperatrice</span> <span class='ocrx_word' id='word_1_855' title='bbox 2983 5614 3172 5687; x_wconf 87' lang='lat' dir='ltr'>petiit,</span> <span class='ocrx_word' id='word_1_856' title='bbox 3208 5618 3290 5686; x_wconf 89' lang='lat' dir='ltr'>ut,</span> <span class='ocrx_word' id='word_1_857' title='bbox 3325 5614 3464 5686; x_wconf 88' lang='lat' dir='ltr'>quia</span> <span class='ocrx_word' id='word_1_858' title='bbox 3515 5631 3659 5688; x_wconf 86' lang='lat' dir='ltr'>gens</span> <span class='ocrx_word' id='word_1_859' title='bbox 3710 5631 3820 5672; x_wconf 87' lang='lat' dir='ltr'>sua</span> 
     </span>
    </p>
   </div>
  </div>
