4142 6390
421 412 503 477 15

1776 402 2063 467 JOANNL

2173 404 2485 468 ΞΟΝΑΗιΕ
3760 407 3834 470 16

422 546 686 604 locorum
718 542 985 616 angustis
1008 542 1390 615 premeretur,
1415 537 1662 595 Romani
1693 535 1815 611 agri
1851 535 2063 609 aliquid

2188 536 2324 608 πρὸς
2377 536 2559 594 αὐτόν⁹
2619 540 2648 595 6
2706 536 2764 597 δὲ
2818 540 2910 596 καὶ
2968 536 3184 615 ἆμυήθη
3241 537 3333 596 καὶ
3390 534 3710 611 ἰὸαπτίσθη.
3761 539 3829 614 οἱ

427 637 540 694 sibi
590 633 1029 701 concederetur,
1062 634 1407 703 perpetuam
1459 643 1660 700 pacem
1708 629 1765 683 et
1806 624 1942 681 belli
1982 642 2077 681 so-

427 726 698 782 cietatem
753 726 979 795 pactus.
1027 719 1249 776 Annuit
1292 716 1654 789 imperatrix,
1688 719 1744 772 et
1792 713 2076 785 quidquid

427 816 583 871 inter
622 813 944 886 regionem,
975 826 1103 882 quas
1156 810 1357 863 Ferrea
1387 807 1622 871 dicitur,
1655 823 1721 861 ac
1770 805 1935 877 prius
1966 803 2077 858 Ro-

427 921 633 963 manos
664 908 720 960 et
762 900 1099 974 Bulgaricos
1149 900 1295 953 ﬁnes
1324 895 1744 967 distinguebat,
1778 910 1843 950 ac
1870 893 2076 950 Debel—

424 1000 553 1052 tum
603 994 928 1063 interjacet,
959 988 1043 1045 eis
1072 987 1382 1043 concessit.
1416 987 1555 1041 Eam
1597 985 1893 1057 regionem
1941 981 2078 1037 Bul-

425 1085 550 1159 gari
590 1098 723 1139 cum
770 1078 1152 1151 accepissent,
1186 1077 1466 1147 Zagoram
1507 1072 1899 1146 appellarunt.
1931 1071 2077 1127 Hinc

422 1190 536 1245 pax
563 1173 621 1228 in
653 1169 968 1227 Occidente
1011 1166 1332 1222 constituta
1362 1168 1469 1220 est.
1502 1167 1719 1218 Verum
1751 1163 1811 1217 in
1842 1161 2077 1217 Oriente

422 1275 637 1334 magna
666 1259 777 1314 fuit
818 1255 1274 1313 Manichaeorum
1306 1252 1645 1323 multitudo,
1678 1252 1775 1323 qui
1826 1255 1881 1307 et
1930 1251 2076 1307 Pau-

418 1348 620 1408 liciani
662 1347 836 1420 vulgo
883 1344 1220 1419 imperitius
1268 1341 1657 1417 appellantur,
1686 1339 1969 1397 vocabulo
2009 1356 2078 1396 ex

421 1438 604 1497 Paulo
633 1441 692 1494 et
719 1438 945 1493 Joanne
974 1432 1318 1506 composito,
1356 1432 1455 1505 qui
1492 1431 1602 1487 etsi
1631 1430 1787 1503 apud
1820 1429 1952 1485 illos
1985 1445 2075 1486 ce-

423 1529 637 1600 lebres,
668 1524 1069 1583 haeresiarchas
1111 1527 1309 1579 tamen
1354 1526 1411 1577 et
1453 1535 1734 1594 perversae
1780 1518 2077 1592 opinionis

426 1621 695 1676 auctores
729 1632 839 1671 non
873 1614 1130 1684 fuerunt,
1165 1613 1266 1667 sed
1309 1612 1437 1682 ejus
1485 1614 1801 1665 sectatores
1848 1613 1906 1664 et
1950 1613 2074 1663 stu-

424 1707 574 1765 diosi
612 1721 793 1779 supra
822 1703 1087 1767 modum,
1120 1705 1177 1758 et
1224 1716 1540 1773 praecones.
1576 1703 1684 1754 Eos
1735 1698 2078 1771 imperatrix

425 1811 560 1852 cum
590 1793 651 1849 in
682 1791 881 1849 animo
910 1790 1153 1846 haberet
1200 1790 1271 1844 ab
1320 1787 1525 1844 haeresi
1577 1786 1649 1841 ad
1694 1802 1889 1842 veram
1940 1785 2075 1841 reli-

418 1884 652 1958 gionem
701 1880 1018 1945 retrahere,
1048 1879 1204 1935 viros
1252 1877 1514 1933 illustres
1559 1875 1759 1944 mittit,
1792 1874 1893 1947 qui
1940 1891 2072 1931 cum

421 1972 723 2044 negotium
757 1968 919 2026 nulla
939 1967 1283 2024 dexteritate
1306 1964 1589 2038 nulloque
1619 1964 1857 2037 ingenio
1886 1963 2074 2019 admi-

419 2063 797 2128 nistrassent,
829 2074 943 2113 non
990 2057 1164 2113 modo
1210 2055 1445 2113 inanem
1478 2053 1737 2110 laborem
1771 2058 2072 2126 ceperunt,

419 2151 523 2208 sed
582 2154 641 2207 et
698 2149 769 2206 ad
828 2148 1210 2204 defectionem
1269 2144 1553 2217 populum
1608 2159 1862 2211 omnem,
1903 2143 2075 2215 cujus

418 2239 609 2297 multa
647 2237 834 2294 millia
876 2236 1362 2301 numerabantur,
1396 2231 1763 2306 impulerunt
1793 2250 1806 2289 :
1841 2237 1907 2287 ut
1937 2248 2073 2288 cum

416 2327 736 2386 Ismaelitis
787 2327 1174 2397 conjunctus,
1225 2326 1283 2379 et
1333 2322 1633 2378 Romanos
1688 2325 2073 2394 oppugnaret,

416 2419 617 2491 eisque
636 2418 856 2473 multas
878 2414 1073 2470 clades
1095 2413 1355 2469 inferret.
1374 2413 1446 2468 At
1466 2411 1789 2485 imperator
1807 2409 2072 2475 Michael,

416 2525 605 2565 annos
636 2506 902 2580 pueritiae
933 2519 1224 2576 egressus,
1248 2505 1305 2558 et
1327 2502 1449 2572 jam
1482 2500 1845 2568 adolescens,
1874 2500 2073 2571 iniquo

415 2597 641 2654 ferebat
669 2595 867 2651 animo
916 2592 1078 2666 regni
1113 2589 1685 2667 administrationem
1734 2605 1865 2645 esse
1893 2604 2072 2662 penes

417 2686 586 2754 alios,
618 2682 915 2756 simulque
973 2682 1045 2737 ab
1104 2679 1391 2737 avunculo
1446 2679 1655 2747 Barda,
1702 2695 1819 2734 uno
1866 2695 1897 2733 e
1946 2678 2073 2734 suis

416 2775 742 2841 tutoribus,
792 2773 863 2829 ad
916 2770 1301 2843 principatus,
1337 2787 1443 2826 sun
1492 2769 1801 2839 arbitratu,
1834 2767 2072 2842 gerendi

417 2863 803 2937 cupiditatem
869 2859 1245 2917 incitabatur.
1306 2858 1539 2914 Manuel
1608 2873 1744 2914 vero
1814 2859 2069 2930 quodam

413 2958 681 3027 tempore
722 2954 855 3007 orta
907 2965 1042 3005 cum
1093 2947 1411 3021 Logotheta
1466 2962 1678 3003 cursus
1734 2947 2070 3003 Theoctisto

417 3039 814 3100 controversia
843 3039 1030 3113 (erant
1057 3041 1115 3095 et
1152 3037 1212 3093 hi
1263 3037 1435 3094 ambo
1482 3040 1706 3094 tutores
1752 3035 2070 3109 imperato-

416 3131 523 3200 ris)
552 3130 734 3203 regia,
765 3130 825 3185 in
884 3143 1002 3201 qua
1056 3132 1182 3185 tum
1236 3126 1504 3201 degebat,
1540 3125 1764 3195 relicta,
1811 3125 1871 3181 in
1930 3142 2071 3183 suas

416 3221 571 3278 (edes
619 3220 921 3293 remigret,
965 3222 1142 3290 atque
1198 3216 1336 3273 inde
1389 3216 1607 3287 regiam
1664 3216 2068 3287 frequentans,

2107 1925 2154 1991 B

2186 624 2489 702 Βούλγαροι
2564 626 2622 685 δὲ
2697 631 2770 693 ὡς
2848 636 2950 700 τῆς
3007 630 3240 707 πατρίου
3297 632 3465 704 τιμῆς
3520 626 3611 684 καὶ
3672 624 3833 700 δόξης

2186 714 2539 789 ἀποστάντος,
2622 718 3086 793 κατεξανίστανται
3161 724 3258 774 τοῦ
3337 724 3484 798 σφῶν
3565 719 3833 794 ἀρχηγοῦ,

2184 806 2275 860 καὶ
2353 806 2578 879 ἑζητουν
2652 808 2813 865 αὐτὸν
2868 807 3079 864 ἀνελεῖν
3112 852 3126 868 .
3183 810 3243 866 Ὁ
3322 805 3380 864 δὲ
3451 813 3531 881 τῷ
3607 810 3836 883 σταυροῦ

2187 896 2400 970 σημείῳ
2485 898 2757 975 θαρρήσας
2845 897 3311 976 προπορευομένῳ
3393 896 3559 953 αὐτοῦ
3593 942 3607 969 ,
3715 900 3837 968 νικᾷ

2183 984 2312 1048 τοὺς
2377 986 2720 1051 ἀντισταντας
2793 987 2942 1061 αὐτῷ
3014 987 3104 1043 καὶ
3174 987 3317 1043 οὕτω
3370 988 3567 1050 πάντες
3624 984 3837 1042 εἶ’λοντο

2184 1075 2252 1129 τὰ
2319 1078 2655 1154 Χριστιανῶν
2684 1121 2698 1136 .
2775 1077 2909 1135 Εἶτα
2991 1071 3441 1153 διεπρεσϐεύσατο
3521 1077 3549 1132 6
3628 1075 3836 1132 τούτων

2185 1164 2428 1242 ἐξάρχων
2505 1167 2642 1244 πρὸς
2706 1168 2805 1237 τὴν
2883 1166 3223 1243 βασίλισσαν,
3292 1165 3459 1222 αῗτῶν
3532 1171 3638 1241 γῆς
3696 1165 3841 1239 αὖτῷ

2184 1263 2658 1333 παραχωρηθῆναι
2737 1258 3094 1330 Ῥωμαϊκῆς,
3186 1257 3641 1332 στενογωρεῖσθαι
3735 1256 3835 1332 γὰρ

2183 1345 2246 1400 τὸ
2303 1341 2454 1407 ἔθνος
2478 1345 2666 1414 αὐτοῦ,
2697 1345 2788 1401 καὶ
2820 1344 3029 1409 ἀϊδίους
3062 1343 3292 1408 σπονδὰς
3349 1345 3485 1422 πρὸς
3534 1344 3665 1408 τοὺς
3704 1346 3839 1399 'Pm-

2190 1434 2404 1506 μαίους,
2437 1433 2525 1489 καὶ
2558 1434 2865 1512 ὁμαιχμίαν
2916 1433 3414 1511 ἐπαγγελλόμενος.
3462 1435 3565 1492 Καὶ
3620 1436 3648 1504 ἢ
3686 1434 3843 1511 βασι-

2186 1520 2273 1586 λὶς
2306 1523 2577 1596 αὐτῷτὴν
2631 1522 2845 1596 αἴτησιν
2907 1523 3274 1599 ἐξεπλήρωσε,
3328 1524 3418 1578 καὶ
3476 1524 3532 1578 οἱ
3590 1530 3693 1594 τῆς
3734 1522 3842 1578 ἀπὸ

2182 1619 2283 1682 τῆς
2369 1612 2674 1690 λεγομένης
2755 1611 2996 1689 Σιδηρᾶς
3071 1614 3439 1690 παρεχώρησε
3523 1613 3738 1689 χώρας,
3801 1610 3838 1681 ἢ

2182 1701 2251 1757 τὰ
2305 1702 2590 1775 Ῥωμαίων
2647 1702 2738 1758 καὶ
2796 1700 3129 1779 Βουλγάρων
3190 1699 3412 1778 διώριζε
3467 1701 3616 1777 πρὶν,
3672 1702 3843 1777 μέχρι

2184 1798 2284 1861 τῆς
2326 1787 2614 1847 Δεϐελτοῦσ
2674 1795 2740 1863 ἦν
2799 1787 3059 1854 λαϐόντες
3120 1791 3173 1845 οἳ
3231 1790 3566 1867 Βούλγαροι,
3630 1788 3845 1862 κεκλή-

2185 1901 2307 1935 κασι
2366 1880 2603 1958 Ζαγοράν
2665 1884 2815 1955 (41).
2878 1881 3171 1937 Κάντεῦθεν
3227 1880 3418 1957 εῗρήνη
3471 1878 3664 1956 γέγονε
3714 1880 3837 1957 περὶ

2183 1971 2251 2025 τὰ
2306 1972 2598 2047 Ἑσπέρια.
2660 1972 2804 2026 Κατᾶ
2867 1970 2965 2039 τὴν
3020 1970 3191 2042 Ἐῴαν
3270 1967 3327 2025 δὲ
3398 1970 3461 2025 τὸ
3512 1970 3622 2025 τῶν
3677 1976 3843 2025 Μανι-

2185 2057 2359 2135 χαίων
2406 2057 2629 2130 »πλῆθος
2684 2060 2750 2129 ἦν
2804 2057 2970 2130 πολὺ,
3030 2059 3083 2115 οἳ
3123 2061 3211 2114 καὶ
3261 2059 3844 2137 Παυλικιάνοιάγροι-

2182 2147 2403 2225 κότερον
2451 2149 2598 2224 παρᾶ
2653 2152 2748 2203 τοῦ
2811 2144 3107 2223 δημώδους
3166 2144 3344 2224 ὄχλου
3400 2146 3731 2218 καλοῦνται,
3783 2148 3842 2205 ἐκ

2183 2236 2406 2293 Παύλου
2469 2238 2560 2293 καὶ
2642 2238 2893 2296 Ἰωάννου
2958 2244 3058 2309 τῆς
3140 2235 3393 2310 κλήσεως
3469 2239 3842 2313 συγκειμένης

2185 2327 2388 2389 αὐτοῖς·
2446 2329 2525 2383 τὼ
2600 2324 2647 2383 δ’
2703 2325 2862 2406 ἄνδρε
2917 2326 3096 2382 τούτω
3152 2328 3301 2405 παρὰ
3354 2326 3689 2403 Μανιχαίοις
3721 2326 3840 2405 ἐγε-

2182 2415 2377 2486 νέσθητ
2436 2417 2762 2491 ὀνομαστὼ,
2822 2417 2868 2473 εἰ
2943 2416 3033 2472 καὶ
3096 2417 3171 2490 μὴ
3239 2414 3411 2487 ἤστην
3482 2415 3836 2494 αἶρεσίάρχα,

2180 2506 2272 2561 καὶ
2327 2512 2428 2576 τῆς
2481 2503 2802 2577 κακοδοξίας
2866 2508 3181 2583 γεννήτορε,
3251 2504 3475 2577 ζηλωτὰ
3526 2502 3586 2561 δὲ
3634 2506 3842 2578 ταύτης

2180 2595 2271 2650 καὶ
2323 2592 2632 2651 σπουδαστά
2688 2593 3073 2672 διαφερόντως,
3132 2594 3222 2650 καὶ
3274 2596 3495 2669 κήρυκε.
3559 2595 3662 2651 Καὶ
3708 2595 3839 2652 τού-

2179 2705 2306 2748 τους
2336 2684 2515 2739 τοίνυν
2576 2687 2610 2756 ἡ
2666 2684 2883 2761 βασιλὶς
2933 2684 3011 2747 εἰς
3058 2688 3183 2740 νοῦν
3228 2679 3452 2740 ἐϐάλετο
3514 2690 3840 2762 μεταγαγεῖν

2181 2772 2258 2836 εἷς
2312 2771 2623 2851 ὀρθοδοξίαν
2684 2772 2745 2830 ἐκ
2791 2781 2890 2845 τῆς
2949 2775 3231 2851 αἱρέσεως,
3288 2773 3377 2829 καὶ
3436 2772 3655 2830 στέλλει
3705 2773 3840 2838 τοὺς

2179 2867 2345 2919 τοῦτο
2404 2864 2732 2927 σπεύσοντας
2791 2862 2991 2939 ἄνδρας
3046 2868 3157 2919 τῶν
3236 2863 3692 2942 έπιφανεστέρων.
3773 2864 3842 2922 Οἳ

2181 2950 2241 3008 δὲ
2295 2952 2519 3025 ἀδεξίως
2593 2954 2656 3010 τὸ
2730 2959 2957 3032 πρᾶγμα
3030 2952 3121 3009 καὶ
3203 2952 3387 3033 ἀφυῶς
3447 2953 3838 3030 μεταχειρισά-

2184 3065 2358 3119 μενοι,
2415 3044 2477 3099 οὖ
2514 3044 2674 3117 μόνον
2704 3044 2963 3116 ἀνήνυτον
3007 3039 3189 3098 ἔθεντο
3225 3044 3325 3112 τήν
3360 3039 3629 3115 σπουδὴν,
3694 3041 3844 3101 ἀλλὰ

2178 3134 2269 3190 καὶ
2331 3133 2407 3196 εἷς
2483 3132 2815 3189 ἀποστασίαν
2889 3131 3130 3207 ὁρμῆσαι
3205 3132 3268 3185 τὸ
3339 3130 3495 3204 γένος
3565 3128 3703 3187 ὅλον
3766 3132 3842 3194 εἷς

2184 3220 2449 3299 μυριάδας
2524 3219 2740 3282 πολλὰς
2811 3219 3215 3295 ἀριθμούμενον
3265 3213 3569 3274 ἐϐιάσαντο.
3632 3225 3701 3275 "0
3751 3221 3839 3278 καὶ

417 3325 617 3366 rerum
667 3307 1239 3365 administrationem
1289 3306 1562 3378 capessit.
1593 3305 1675 3360 Ea
1725 3321 1820 3360 res
1867 3306 2063 3359 Barda

2179 3297 2297 3373 τοῖς
2364 3309 2416 3379 ἐξ
2487 3307 2721 3383 ’Ῑσμαήλ
2800 3308 3267 3384 συμμιγνύμενον,
3342 3306 3479 3362 κατᾶ
3543 3310 3838 3384 Ῥωμαίων

420 3397 708 3472 singulari
728 3396 1015 3468 voluptati
1046 3394 1176 3465 fuit,
1198 3398 1256 3451 et
1273 3393 1670 3450 Tbeoctistum
1702 3393 1877 3449 etiam
1911 3408 2070 3449 amo-

417 3502 556 3547 vere
585 3486 836 3543 studuit.
866 3486 1014 3541 Nam
1046 3500 1178 3540 cum
1224 3481 1388 3554 regni
1427 3483 1747 3554 cupiditate
1774 3481 2068 3555 ﬂagraret,

410 3576 730 3645 metuebat,
759 3591 831 3631 ne
860 3574 932 3631 ab
963 3572 1061 3629 illo
1091 3572 1495 3644 impediretur.
1522 3571 1863 3643 Imperatori
1894 3588 2066 3644 porro

407 3667 761 3739 paedagogus
792 3668 917 3720 erat
963 3660 1280 3719 homuncio
1309 3660 1445 3716 vilis
1497 3666 1554 3716 et
1601 3661 1929 3733 improbus,
1962 3662 2063 3717 sed

405 3754 763 3813 adolescenti
796 3754 940 3809 adeo
980 3756 1206 3822 gratus,
1241 3754 1306 3806 ut
1335 3766 1470 3805 eum
1515 3749 1834 3806 illustriore
1865 3750 2060 3824 digni-

400 3850 522 3902 tate
581 3848 854 3901 ornatum
912 3842 1103 3913 vellet,
1145 3855 1395 3912 eamque
1448 3855 1566 3895 rem
1627 3856 1660 3895 a
1719 3845 1904 3896 matre
1961 3856 2061 3913 pe-

401 3938 570 3992 teret.
601 3933 819 3989 Verum
868 3931 1245 3988 Theoctistus
1289 3929 1542 4001 negabat
1588 3929 1903 4003 paedagogo
1954 3931 2058 3986 tri-

398 4024 696 4080 buendam
730 4023 1101 4095 dignitatem,
1133 4036 1261 4093 quae
1310 4018 1474 4076 illius
1524 4020 1921 4076 conditionem
1953 4037 2057 4077 su-

282 4164 285 4167 .
398 4116 651 4186 peraret,
684 4128 757 4169 ne
788 4110 1104 4183 dignitates
1150 4108 1502 4180 indignitate
1550 4109 1943 4166 afﬁcerentur.
1979 4110 2058 4166 Ex

396 4220 466 4260 eo
496 4202 866 4260 Theoctistus
911 4201 1225 4273 paedagogo
1257 4198 1481 4254 invisus
1530 4198 1660 4269 fuit,
1691 4198 1868 4271 idque
1916 4204 2054 4255 Bar-

396 4294 483 4347 das
523 4292 675 4350 157
730 4293 1232 4363 peropportunum
1292 4287 1508 4343 accidit
1563 4289 1632 4343 ad
1693 4289 2051 4345 desiderium

394 4397 572 4437 suum
603 4379 1064 4451 exsequendum.
1099 4376 1206 4431 Per
1239 4376 1619 4447 paedagogum
1652 4375 1834 4448 igitur
1862 4381 2054 4435 varias

394 4474 601 4527 contra
616 4468 1013 4525 Theoctistum
1049 4464 1377 4521 calumnias
1406 4463 1778 4536 imperatoris
1808 4467 2052 4524 auribus

391 4558 674 4629 instillat,
740 4560 988 4630 ejusque
1042 4554 1379 4612 facilitatem
1434 4553 1494 4608 in
1549 4553 1717 4610 illum
1776 4557 2048 4630 concitat,

2181 3398 2273 3454 σὺν
2331 3398 2521 3461 αὑτοῖς
2575 3396 2939 3470 ἐστρατεύετο,
2993 3397 3083 3452 καὶ
3122 3393 3350 3452 πολλῶν
3405 3394 3581 3453 αἶ’τιον
3644 3399 3835 3461 αὐτοῖς

2176 3489 2364 3566 γέγονε
2413 3491 2749 3566 συμφορῶν.
2796 3488 2852 3540 Ὀ
2903 3483 2960 3541 δέ
3016 3507 3080 3563 γε
3139 3484 3391 3560 βασιλεὺς
3444 3487 3681 3565 Μιχαὴλ
3739 3488 3831 3542 τὸν

2182 3578 2411 3654 μείρακα
2482 3574 2811 3653 παρελάσας,
2892 3575 2982 3631 καὶ
3056 3575 3357 3639 νεανίσκοις
3415 3574 3537 3653 ἄρτι
3598 3575 3831 3633 καταλι-

2171 3668 2424 3744 γόμενος,
2474 3664 2693 3742 ἤσχαλε
2755 3666 2883 3742 παρ’
2955 3663 3147 3727 ἄλλοις
3219 3666 3318 3735 τὴν
3386 3671 3489 3735 τῆς
3546 3664 3837 3740 βασιλείας

2176 3755 2396 3833 βλέπων
2429 3753 2721 3827 διοίκησιν,
2772 3753 3026 3830 ἠρέθιστο
3084 3751 3142 3810 δὲ
3196 3755 3284 3809 καὶ
3344 3754 3476 3829 πρὸς
3530 3757 3631 3808 τοῦ
3690 3755 3833 3826 πρὸς

2176 3844 2383 3919 μητρὸς
2460 3845 2607 3909 θείου
2690 3847 2787 3898 τοῦ
2854 3839 3037 3918 Βάρδα
3125 3848 3224 3912 τῆς
3309 3839 3614 3916 αὐταρχίας
3690 3840 3832 3916 πρὸς

2169 3932 2384 4009 ἔρωτα·
2446 3935 2525 3994 εἷς
2584 3929 2629 3987 δ’
2702 3933 2769 4001 ἦν
2836 3931 2926 3987 καὶ
2981 3932 3139 3993 οὗτος
3194 3934 3302 3986 τῶν
3363 3928 3677 4001 ἐπιτρόπων
3733 3933 3835 3984 τοῦ

2168 4020 2426 4100 Μιχαήλ,
2462 4026 2730 4100 Διαφορᾶς
2783 4018 2840 4076 δέ
2894 4042 3028 4077 ποτε
3082 4025 3160 4093 τῷ
3209 4017 3491 4095 μαγίστρῳ
3551 4017 3835 4089 Μανουήλ

2163 4110 2464 4189 γενομένης
2518 4111 2653 4187 πρὸς
2707 4112 2799 4166 τὸν
2859 4108 3160 4185 λογοθέτην
3212 4111 3311 4161 τοῦ
3358 4103 3570 4181 δρόμου
3602 4108 3834 4164 Θεόκτι-

2166 4222 2291 4257 στον
2369 4202 2479 4275 (καὶ
2559 4199 2724 4279 ἄμφω
2796 4197 2854 4255 δὲ
2925 4197 3299 4275 συνεπιτρόπω
3370 4197 3469 4250 τοῦ
3550 4195 3833 4271 βασιλέως

2163 4290 2573 4367 έτυγχανέτην),
2607 4292 2635 4345 ὁ
2679 4286 2945 4359 Μανουὴλ
2998 4292 3105 4343 τῶν
3158 4286 3468 4361 ἀνακτόρων
3527 4284 3833 4364 ὖποχωρεῖ

2161 4381 2250 4453 (ἧν
2309 4380 2412 4456 γὰρ
2469 4379 2582 4434 ἐκεῖ
2610 4376 2991 4453 διαιτώμενος)
3020 4375 3112 4431 καὶ
3144 4373 3224 4437 εἷς
3264 4374 3357 4429 τὸν
3415 4372 3622 4430 οἰκεῖον
3683 4375 3832 4430 εἶκον

2165 4474 2499 4545 μεταχωρεῖ,
2564 4468 2807 4524 κάκεῖθεν
2885 4465 2962 4528 εἷς
3010 4464 3077 4520 τὰ
3137 4462 3386 4540 βασίλεια
3443 4461 3652 4532 ἀπιὼν,
3710 4468 3822 4518 τῶν

2161 4556 2485 4629 διοικήσεων
2544 4554 2747 4635 εἴχετο.
2804 4559 2972 4611 Τοῦτο
3029 4557 3108 4626 τῷ
3160 4549 3337 4627 Βάρδᾳ
3405 4554 3830 4630 θυμηρέστατον

391 4649 647 4721 denique
676 4650 806 4720 ejus
850 4645 1026 4703 etiam
1061 4643 1368 4699 amovendi
1428 4644 1493 4698 fit
1548 4648 1771 4700 auctor.
1826 4646 1884 4702 Id
1915 4663 2049 4703 vero

2173 4646 2354 4721 ἔδοξεν,
2432 4647 2896 4710 ἀποσκευάσασθαι
2974 4646 3102 4720 γοῦν
3168 4641 3260 4697 καὶ
3332 4642 3424 4696 τὸν
3490 4644 3824 4699 Θεόκτιστον

390 4737 563 4794 aliter
609 4755 782 4809 posse
830 4736 954 4791 ﬁeri
1017 4734 1285 4805 negabat,
1319 4749 1496 4804 quam
1557 4734 1607 4788 si
1666 4735 2046 4794 occideretur.

387 4827 535 4884 Nam
587 4843 719 4884 eum
771 4827 1055 4881 viventem
1089 4824 1160 4878 ab
1193 4821 1563 4894 imperatrice
1594 4824 1898 4881 defensum
1951 4826 2044 4895 iri,

387 4922 446 4975 et
474 4916 821 4974 auctoritate
848 4914 1190 4970 valiturum.
1218 4913 1457 4967 Decreta
1487 4913 1591 4966 viri
1638 4914 1812 4977 caede.
1846 4916 2043 4972 obser-

384 5011 556 5064 vatur
584 5009 714 5079 ejus
745 5025 777 5064 e
806 5006 1067 5063 thalamo
1117 5002 1507 5076 imperati-isis
1558 5021 1850 5078 egressus.
1893 5008 2038 5064 Nam

384 5098 456 5153 ad
489 5114 620 5155 eam
669 5101 726 5153 et
774 5096 912 5167 quid
971 5098 1191 5160 actum,
1226 5095 1283 5148 et
1314 5092 1453 5164 quid
1512 5097 1803 5168 agendum
1863 5103 2041 5170 esset,

380 5186 690 5243 referebat.
721 5183 1054 5258 Egredienti
1116 5198 1426 5255 percussor
1480 5182 1844 5241 immittitur.
1890 5186 2035 5243 Cum

381 5280 579 5332 autem
610 5275 708 5332 ille
738 5274 1008 5331 strictum
1044 5288 1244 5329 ensem
1270 5276 1471 5328 contra
1501 5290 1562 5328 se
1587 5273 1805 5330 elatum
1839 5292 2036 5333 ρει-πιθα

377 5369 488 5435 ret,
522 5381 829 5421 scamnum
879 5363 1084 5427 subiit,
1117 5377 1427 5435 percussor
1474 5378 1673 5420 ensem
1725 5364 1784 5419 in
1834 5370 2037 5422 ventre

376 5457 507 5526 ejus
537 5454 759 5527 deﬁgit,
786 5455 974 5509 Barda
1004 5452 1182 5508 etiam
1217 5450 1486 5507 strictum
1511 5469 1710 5508 ensem
1744 5452 2031 5526 vibrante,

374 5546 433 5599 et
462 5559 664 5601 necem
686 5544 738 5601 ei
761 5544 1091 5611 minitante,
1116 5541 1213 5614 qui
1238 5541 1509 5597 morienti
1532 5541 1612 5596 illi
1640 5558 1809 5614 Opem
1834 5544 2028 5601 ferret.

2159 4735 2248 4794 διὰ
2319 4735 2560 4807 σπουδῆς
2638 4736 2783 4807 αὐτῷ
2855 4734 2945 4803 ἦν’
3027 4730 3318 4807 βασιλειῶν
3379 4729 3483 4806 γὰρ
3553 4730 3825 4790 ἐδεδοίκει

2153 4832 2365 4883 τοῦτονί
2430 4827 2505 4891 ὡς
2561 4828 2613 4881 οἱ
2672 4825 2807 4901 πρὸς
2880 4823 3109 4900 τοῦργον
3182 4820 3671 4893 ἀντιστησόμενον.
3731 4829 3830 4898 Τῷ

2161 4916 2377 4995 βασιλεῖ
2399 4917 2581 4972 τοίνυν
2632 4913 2984 4990 παιδαγωγὸς
3009 4916 3100 4984 ἦν,
3159 4908 3444 4986 ἀνδράριόν
3502 4931 3556 4965 τι
3607 4913 3826 4991 φαῦλον

2151 5005 2239 5062 καὶ
2266 5003 2525 5080 πονηρόν·
2584 5004 2642 5059 ’ὸν
2692 5001 2760 5057 δι’
2792 5000 3024 5080 ἐφέσεως
3086 5000 3229 5077 εἶχεν
3276 5000 3304 5054 6
3366 4995 3627 5075 βασιλεὺς
3661 5001 3831 5073 ἀξιώ-

2154 5115 2284 5169 ματι
2330 5097 2438 5148 τῶν
2491 5091 2887 5166 λαμπροτέρων
2935 5088 3168 5164 τιμῆσαί
3226 5109 3354 5157 τινι,
3414 5087 3503 5141 καὶ
3565 5086 3820 5146 ἐποιεῖτο

2147 5186 2272 5261 περὶ
2325 5182 2522 5238 τούτου
2577 5182 2676 5251 τὴν
2731 5181 2868 5257 πρὸς
2917 5180 3016 5249 τὴν
3073 5176 3282 5255 μητέρα
3328 5175 3571 5248 ἀξίωσιν,
3630 5179 3698 5236 Ὁ
3761 5178 3822 5236 δὲ

2147 5273 2465 5334 Θεόκτιστος
2529 5272 2604 5345 μὴ
2661 5267 2769 5327 δεῖν
2830 5268 2988 5346 ἔλεγε
3047 5268 3253 5343 μείζονι
3300 5266 3391 5323 τὸν
3449 5263 3815 5345 παιδαγωγὸν

2145 5371 2247 5434 τῆς
2295 5363 2487 5418 ἑαυτοῦ
2540 5362 2917 5424 καταστάσεως
2992 5360 3295 5434 τιμηθῆναι
3349 5359 3513 5429 τιμῇ,
3582 5352 3682 5411 ’ίνα
3734 5360 3814 5432 μὴ

2147 5454 2431 5526 ἀτιμοῖντο
2512 5451 2580 5506 τὰ
2644 5450 2946 5525 ἀξιώματα.
3024 5449 3294 5506 Ἐντεῦθεν
3355 5442 3424 5500 δι’
3477 5438 3687 5520 ἔχθρας
3744 5449 3813 5516 ἧν

2141 5546 2222 5616 τῷ
2280 5538 2616 5617 παιδαγωγῷ
2670 5541 2698 5596 6
2743 5541 3083 5603 Θεόκτιστος.
3142 5540 3312 5593 Τοῦτο
3371 5532 3552 5591 τοίνυν
3587 5534 3618 5590 6
3680 5537 3818 5613 Βάρ-

1636 5659 1839 5720 Varias
1882 5660 2185 5723 lectiones
2228 5666 2292 5723 et
2333 5666 2527 5722 notaa.

442 5757 701 5833 Ζαγοράν.
736 5759 880 5815 Vide
910 5757 1254 5825 Cedrenum,
1288 5770 1346 5826 p.
1377 5754 1505 5822 746,
1539 5758 1596 5810 et
1621 5756 1891 5815 Familia:
1921 5759 2063 5815 Daln

2173 5775 2282 5829 cas,
2318 5776 2376 5832 p.
2408 5757 2534 5815 310.
