4142 6370
390 546 468 608 19
1744 550 2070 614 JOANNIS
2113 551 2458 612 ZONARE

3729 548 3811 610 20

388 680 550 740 illius
593 683 899 739 interitum
949 685 1194 757 imperio
1245 687 1466 758 potitus
1510 686 1760 742 Basilius
1804 687 2044 759 recepit,

2177 685 2220 739 τὸ
2267 691 2500 754 κοπῆναι
2549 685 2796 758 νόμισμα
2856 681 2931 740 δι’
2984 683 3184 741 αὐτῶν.
3247 682 3422 740 Ἀλλὰ
3477 685 3662 758 μέντοι
3719 683 3810 738 καὶ

387 771 581 828 tribus
604 773 919 829 duntaxtat
940 776 1294 830 centenariis
1317 777 1388 830 de
1409 781 1571 832 tanta
1595 793 1830 833 summa
1860 792 2048 845 reper-

389 863 489 916 tis.
523 863 767 918 Matrem
801 879 933 920 vero
987 881 1155 919 suam
1210 865 1458 920 Michael
1509 866 1666 936 regis
1719 867 2046 937 digressam

393 951 696 1021 quiescere
726 969 843 1008 non
874 958 962 1008 est
993 970 1228 1024 passus,
1260 956 1362 1009 sed
1411 955 1613 1010 Bardaa
1657 955 1960 1020 instinctu,
1993 957 2054 1009 et

393 1037 584 1111 ipsam
617 1045 675 1096 et
703 1057 934 1097 sorores
966 1041 1196 1113 capillis
1233 1044 1444 1109 tonsis,
1477 1044 1537 1098 in
1567 1043 1792 1099 aedibus
1821 1043 2049 1099 Cariani

395 1127 666 1196 includit,
699 1130 992 1202 ademptis
1023 1133 1300 1188 omnibus
1331 1149 1458 1204 quas
1492 1133 1838 1188 habuerant.
1859 1132 2048 1188 Theo-

396 1217 540 1274 dora
583 1217 674 1274 his
707 1219 882 1274 rebus
913 1220 1110 1276 animo
1140 1220 1424 1286 sauciato,
1459 1221 1516 1276 in
1549 1221 1708 1276 illius
1761 1222 1870 1277 loci
1919 1238 2051 1277 mo-

395 1306 718 1362 nasterium
734 1308 1301 1380 commigrat,neque
1313 1309 1415 1364 diu
1434 1315 1608 1364 tanta
1622 1308 1942 1364 calamitati
1957 1326 2051 1364 su-

394 1400 620 1466 perstes
653 1402 869 1452 manet.
895 1397 1034 1467 Ejus
1057 1414 1190 1453 vero
1222 1398 1372 1466 ﬁliae,
1395 1399 1766 1471 imperatoris
1797 1415 2048 1462 sorores,

395 1485 554 1540 mala
585 1485 642 1540 in
677 1502 806 1556 quae
837 1488 1110 1558 conjecta:
1133 1493 1319 1557 erant,
1343 1488 1705 1544 tolerabant:
1738 1490 1922 1544 donec
1951 1504 2050 1543 eas

395 1573 652 1629 Basilius
683 1575 922 1631 Macedo
978 1593 1172 1632 rerum
1234 1578 1477 1649 potitus,
1511 1578 1569 1632 in
1623 1577 2049 1634 monasterium

398 1661 537 1718 aviae
597 1668 897 1730 maternae,
945 1666 1102 1736 quod
1153 1666 1518 1723 Gastriorum
1577 1683 1792 1723 nomen
1850 1666 2047 1734 habet,

400 1751 658 1807 deduxit.
693 1753 878 1808 Matre
920 1753 1292 1826 imperatoris
1340 1772 1372 1811 e
1418 1757 1579 1828 regia
1621 1762 1816 1812 amota
1846 1761 1932 1824 (ut
1962 1755 2050 1810 di-

401 1844 563 1896 ctum
593 1841 703 1913 est)
731 1843 913 1898 totius
958 1844 1190 1916 imperii
1233 1845 1665 1902 administratio
1695 1845 1768 1902 ad
1804 1845 2050 1901 Bardam

399 1929 584 1996 venit,
617 1930 711 1985 cui
742 1947 923 2003 nepos
953 1933 1302 2004 curopalatie
1339 1934 1620 1990 honorem
1653 1934 1880 1991 detulit.
1915 1934 2054 1990 Post

2158 773 2242 828 ἐπὶ
2309 771 2618 848 βασιλικαῖς
2676 773 2901 836 στολαῖς
2954 778 3116 829 τοῦτο
3175 773 3472 846 ἐποίησεν,
3550 771 3624 826 ὧν
3693 792 3814 826 τινα

2158 862 2363 917 ἐκείνου
2421 864 2714 940 φθαρέντος
2763 861 2839 918 ἔτι
2898 863 3336 936 περισωζόμενα,
3389 861 3416 916 6
3479 862 3596 935 μετ’
3643 859 3803 916 αὑτὸν

2162 950 2482 1026 βασιλεύσας
2544 950 2825 1016 Βασίλειος
2881 951 3261 1025 ἀνεκομίσατο,
3318 950 3443 1028 τρία
3502 949 3643 1034 μόνα
3691 970 3813 1004 κεν-

2154 1042 2387 1118 τηνάρια
2464 1042 2712 1117 εὑρηκὼς
2787 1041 2847 1096 ἐκ
2925 1048 3026 1111 τῆς
3101 1041 3569 1115 ἀπηριθμημένης
3641 1037 3810 1094 ποσό-

2155 1152 2344 1202 τητος.
2434 1133 2548 1201 Τὴν
2613 1133 2805 1188 ἑαυτοῦ
2881 1129 2938 1187 δὲ
3017 1131 3226 1206 μητέρα
3302 1131 3331 1186 6
3388 1127 3642 1206 βατιλεὺς
3697 1133 3808 1184 τῶν

2162 1221 2451 1296 βασιλείων
2550 1223 2988 1299 ὑποχωρήσασαν
3089 1221 3188 1276 οὐκ
3282 1216 3454 1276 εἷάσεν
3557 1221 3810 1294 ἠρεμεῖν,

2156 1307 2284 1363 ἀλλ’
2338 1310 2637 1381 ὑποθήκαις
2689 1315 2786 1365 τοῦ
2860 1307 3043 1386 Βάρδα
3105 1308 3325 1383 πέμψας
3381 1308 3660 1384 ἀποκείρει
3719 1306 3813 1362 καὶ

2157 1398 2324 1468 αὐτὴν
2371 1401 2459 1454 καὶ
2512 1400 2606 1462 τὰς
2658 1396 2916 1474 ἀδελφὰς,
2975 1399 3066 1454 καὶ
3123 1398 3174 1453 ἐν
3218 1403 3298 1470 τῷ
3350 1396 3486 1470 οἷϐιῳ
3539 1400 3639 1451 τοῦ
3699 1403 3814 1451 Ka-

2160 1493 2346 1566 ριανοῦ
2404 1490 2515 1563 (46)
2576 1489 2923 1564 περιορίζει,
2995 1488 3086 1543 καὶ
3161 1485 3260 1542 ὅσα
3335 1493 3546 1563 προσῆν
3621 1484 3810 1548 αὐταῖς

2159 1579 2485 1656 ἀφαιρεῖται.
2569 1577 2802 1641 Τούτοις
2887 1580 2922 1647 ἡ
3011 1576 3266 1653 Θεοδώρα
3347 1577 3627 1650 πληγεῖσα
3709 1575 3812 1644 τὴν

2158 1668 2345 1744 ψυχὴν
2401 1672 2714 1743 μεταχωρεῖ
2770 1668 2904 1743 πρὸς
2975 1667 3071 1728 τὰς
3144 1665 3316 1721 ἐκεῖσε
3377 1665 3566 1738 μονὰς,
3623 1662 3813 1739 ὀλίγον

2157 1761 2228 1832 τῇ
2305 1762 2558 1835 συμφορᾷ
2629 1755 2950 1827 ἐπιζήσασα.
3013 1757 3082 1811 Αἱ
3154 1752 3213 1810 δὲ
3281 1754 3571 1830 Θυγατέρες
3645 1751 3818 1821 αὐτῆς

2159 1848 2249 1903 καὶ
2321 1851 2418 1901 τοῦ
2493 1844 2762 1922 βασιλέως
2839 1845 3138 1919 ὁμαίμονες
3204 1841 3438 1913 ἤντλουν
3490 1843 3559 1898 τὰ
3621 1841 3814 1904 αὐταῖς

2163 1935 2558 2012 ἐπενηνεγμένα
2632 1937 2789 2003 κακὰ,
2863 1932 2922 1996 ἃς
2996 1935 3026 1990 6
3098 1930 3358 1990 Μακεδὼν
3443 1953 3580 2006 μετα
3644 1934 3817 1986 ταῦτα.

401 2018 526 2075 haec
553 2018 798 2076 Michael
842 2020 1032 2093 prima
1061 2028 1464 2079 succrescente
1508 2024 1784 2094 lanugine
1830 2023 2052 2080 bellum

2177 2024 2439 2087 Βασίλειος
2510 2031 2611 2095 τῆς
2692 2022 2970 2100 βασιλείας
3045 2017 3443 2096 ἰπιλαϐόμενος
3512 2021 3656 2097 πρὸς
3710 2020 3815 2122 τῆν

400 2107 687 2180 Agarenis
742 2108 940 2180 infert,
985 2127 1307 2184 eorumque
1363 2113 1568 2168 urbem
1617 2113 1923 2169 Samosata
1977 2113 2050 2169 ad

399 2195 760 2269 Euphratem
793 2199 970 2255 sitam
1017 2199 1288 2257 obsidere
1329 2203 1689 2274 aggreditur.
1724 2201 2050 2274 lsmaelitae,

400 2286 590 2357 portis
647 2287 912 2344 vectibus
973 2288 1256 2356 occlusis,
1319 2291 1471 2347 intra
1527 2293 1732 2348 urbem
1791 2296 2052 2362 manent,

399 2373 673 2432 hostibus
702 2376 1038 2448 opinionem
1085 2380 1414 2446 afferentes,
1447 2381 1618 2453 quasi
1661 2383 1956 2451 timerent,
1988 2399 2054 2438 eo

401 2465 558 2536 quod
601 2482 663 2521 se
707 2467 896 2523 muris
945 2472 1270 2525 tuerentur.
1302 2471 1381 2525 Ea
1428 2487 1520 2527 res
1566 2471 1846 2527 Romanis
1897 2471 2058 2526 auxit

399 2555 733 2622 audaciam,
765 2561 832 2612 ut
881 2562 938 2612 et
967 2557 1456 2631 incircumspecte
1503 2561 1758 2616 tentoria
1787 2561 2054 2632 figerent,

401 2646 460 2699 et
488 2643 723 2700 incaute
773 2643 1061 2716 palarent.
1093 2649 1342 2718 Agareni
1380 2665 1514 2704 vero
1547 2650 1758 2705 timore
1806 2667 1908 2722 per
1952 2649 2058 2705 tri—

403 2733 587 2788 duum
622 2733 921 2802 simulato,
945 2737 1184 2791 tandem
1219 2738 1400 2809 portis
1433 2739 1628 2794 subito
1659 2740 1896 2810 apertis,
1923 2755 2058 2794 cum

405 2819 633 2892 impetu
666 2823 998 2878 vehementi
1041 2829 1098 2879 et
1139 2823 1392 2882 clamore
1439 2831 1838 2884 Romanorum
1869 2833 2062 2884 castra

406 2913 547 2976 sunt
576 2912 860 2983 aggressi.
893 2911 1094 2984 Neque
1125 2931 1258 2970 vero
1288 2915 1602 2988 quisquam
1635 2933 1835 2972 eorum
1875 2917 2061 2988 impe-

405 3001 534 3054 tum
565 2999 871 3071 sustinuit,
895 3001 996 3056 sed
1030 3002 1230 3074 fugam
1252 3004 1516 3061 fecerunt
1536 3022 1762 3074 omnes,
1785 3011 1960 3078 atque
1989 3006 2060 3062 ab

411 3087 687 3144 hostibus
743 3091 1030 3161 oppressi,
1064 3093 1275 3163 partim
1325 3095 1653 3164 czeduntur,
1701 3097 1914 3168 partim
1965 3112 2061 3152 ca-

406 3177 673 3250 piuntur.
694 3178 996 3234 Manichwi
1016 3198 1251 3252 quoque
1269 3183 1582 3240 Ismaelitis
1599 3201 1768 3257 opem
1788 3187 2060 3254 ferentes,

409 3268 632 3323 multos
663 3267 926 3324 illustres
955 3270 1134 3326 duces
1165 3276 1367 3344 captos
1405 3289 1620 3345 magna
1650 3275 1896 3346 pecunia
1923 3291 2062 3330 ven-

409 3355 712 3412 diderunt.
745 3357 860 3412 Nec
903 3357 1157 3414 multum
1189 3361 1376 3417 abfuit
1405 3363 1546 3433 quin
1592 3362 1912 3434 imperator
1939 3363 2065 3433 ipse

2159 2123 2261 2186 τῆς
2313 2116 2450 2190 πρὸς
2487 2115 2694 2190 μητρὸς
2731 2113 2917 2178 αὐταῖς
2971 2112 3206 2188 μάμμης
3263 2113 3436 2186 μονὴν
3489 2110 3526 2180 ἢ
3581 2108 3823 2186 Γαστρία

2160 2204 2407 2261 καλεῖται
2462 2204 2726 2280 ἀπήγαγε.
2794 2205 2907 2273 Τῆς
2989 2200 3046 2257 δὲ
3093 2207 3190 2257 τοῦ
3249 2198 3520 2277 βασιλέως
3580 2199 3818 2274 μητρὸς,

2163 2296 2237 2357 ὡς
2297 2289 2547 2368 εἷ’ρηται,
2622 2297 2731 2348 τῶν
2797 2291 3107 2364 ἀνακτόρων
3183 2288 3485 2359 ἐκστάσης,
3556 2291 3591 2358 ἡ
3669 2292 3820 2342 πᾶσα

2160 2392 2261 2455 τῆς
2320 2382 2598 2460 βασιλείας
2660 2380 2928 2453 διοίκησις
3002 2381 3104 2436 ὑπὸ
3159 2379 3254 2436 τὸν
3311 2376 3526 2455 Βάρδαν
3584 2376 3820 2455 ἐγένετο,

2162 2473 2463 2548 τιμηθέντα
2536 2469 2955 2544 κουροπαλάτην
3009 2470 3148 2546 πρὸς
3217 2472 3314 2524 τοῦ
3387 2471 3630 2542 ἀνεψιοῦ.
3684 2469 3822 2522 Εἶτα

2165 2562 2500 2637 έκστρατεύει
2562 2563 2590 2616 6
2648 2558 2880 2638 Μιχαὴλ
2940 2560 3076 2614 κατὰ
3122 2559 3212 2613 τὸν
3273 2558 3590 2634 ’Δγαρηνῶν
3627 2599 3642 2624 ,
3695 2553 3822 2631 ἄρτι

2164 2653 2401 2726 πρώτως
2457 2650 2743 2722 ύπηνήτης
2801 2648 3109 2726 γινόμενος,
3168 2647 3258 2704 καὶ
3316 2645 3486 2702 πόλιΛ
3543 2645 3720 2700 αὐτῶν
3751 2645 3824 2700 τὰ

2169 2724 2463 2814 Σαμόσατα
2533 2738 2718 2814 (αὕτη
2805 2724 2862 2794 δὲ
2936 2724 3064 2793 τῶν-
3127 2732 3598 2816 παρευφρατιδίων
3680 2731 3823 2808 ἐστὶ)

2167 2830 2484 2907 πολιορκεῖν
2515 2827 2885 2904 ἐπεχείρησεν.
2946 2828 3008 2882 Οἱ
3069 2824 3114 2882 δ’
3161 2824 3531 2901 Ἰσμαηλῖται,
3583 2829 3686 2893 τῆς
3715 2822 3823 2877 πό-

2169 2918 2310 2983 λεως
2367 2920 2462 2982 τὰς
2511 2916 2690 2981 πύλας
2740 2923 2858 2980 τοῖς
2922 2915 3314 2990 πολιορκοῦσιν
3371 2913 3825 2990 ἐπιζυγώσαντες,

2169 3009 2314 3073 ἐντός
2371 3006 2584 3082 ἓμενον,
2645 3003 2868 3078 δόκησιν
2919 3001 3154 3069 διδόντες
3216 3005 3426 3075 αὐτοῖς,
3485 3005 3560 3065 ὡς
3617 2999 3826 3058 δειλαι-

2169 3099 2412 3172 νόμενοι,
2476 3095 2628 3154 ἔνδον
2685 3101 2784 3151 τοῦ
2831 3090 3132 3169 περιϐόλου
3189 3091 3534 3148 συνέκλεισαν
3578 3091 3822 3152 ἑαυτούς.

2171 3192 2350 3247 Τοῦτο
2407 3185 2534 3248 τοὺς
2590 3184 2898 3259 Ῥωμαίους
2949 3182 3025 3245 εἷς
3060 3183 3256 3258 θράσος
3313 3179 3492 3250 ἐνῆκε,
3551 3180 3642 3234 καὶ
3696 3179 3826 3234 ἀπε-

2175 3278 2474 3354 ρισκέπτως
2541 3274 2892 3344 ἐσκηνῶντο,
2965 3270 3057 3326 καὶ
3119 3268 3445 3348 ἀφυλάκτως
3503 3265 3827 3325 ἐσκίδναντι.

2175 3367 2296 3424 Ἐπὶ
2383 3364 2527 3436 τρισὶ
2606 3361 2653 3417 δ’
2728 3361 2962 3436 ἡμέραις
3041 3359 3420 3436 ὑποκριθέντες
3495 3355 3700 3414 δειλίαν
3773 3359 3827 3412 οἱ

408 3449 741 3517 caperetur,
791 3445 906 3501 nisi
953 3447 1089 3518 equi
1137 3429 1442 3506 velocitate
1489 3429 2062 3530 hostib-us‘evitatis,

2177 3429 2494 3530 Ἀγαρηνοὶ,
2554 3451 2750 3528 ἀθρόον
2806 3452 2901 3513 τὰς
2955 3447 3133 3514 πύλας
3186 3448 3628 3516 ἀναπετάσαντες,
3693 3448 3831 3520 μετᾶ

409 3533 712 3590 evasisset.
761 3537 964 3592 Castra
1015 3542 1070 3592 et
1122 3537 1566 3610 imperatorium
1615 3525 2066 3596 tabernaculum

410 3638 547 3678 cum
579 3623 740 3679 omni
771 3623 1165 3682 instrumento
1215 3633 1383 3698 capta
1429 3633 1592 3699 sunt,
1627 3633 1950 3702 caeteraque
1980 3627 2068 3682 di-

408 3715 580 3784 repta
627 3712 844 3768 omnia.
880 3717 959 3769 Ac
1005 3718 1132 3770 tum
1169 3717 1411 3772 recessit
1438 3716 1704 3773 Michael.
1737 3718 1882 3773 Cum
1932 3733 2070 3774 vero

409 3802 711 3874 Agarenos
740 3801 932 3858 denuo
961 3807 1256 3861 Romanas
1289 3805 1616 3877 provincias
1661 3805 1946 3864 invasisse
1977 3823 2069 3862 co-

415 3890 715 3962 gnovisset
747 3909 760 3946 :
795 3908 929 3948 cum
979 3895 1304 3966 majoribus
1345 3895 1529 3967 copiis
1576 3900 1781 3952 contra
1809 3913 1907 3954 eos
1940 3913 2071 3968 pro-

422 3978 724 4035 ﬁciscitur.
767 3979 857 4036 llli
910 3999 1046 4039 vero
1102 4000 1206 4055 per
1268 3984 1425 4039 invia
1476 3985 1823 4057 compendia
1878 3987 2075 4042 subito

425 4069 722 4127 Romanos
777 4073 1062 4144 aggressi,
1103 4074 1160 4128 in
1225 4073 1422 4145 fugam
1472 4079 1788 4148 verterunt,
1840 4095 1906 4133 ac
1953 4079 2078 4149 ipse

427 4167 635 4232 captus
664 4166 820 4218 esset
844 4163 1178 4234 imperator,
1204 4163 1316 4219 nisi
1343 4165 1572 4221 Manuel
1607 4167 1882 4240 magister
1909 4167 2080 4238 legio-

425 4263 569 4304 num
622 4251 1006 4318 domesticus,
1051 4267 1185 4307 eum
1236 4261 1655 4311 conservasset.
1689 4260 1832 4312 Cum
1881 4261 2078 4312 autem

425 4337 628 4394 hostes
659 4339 954 4396 Romanas
984 4339 1236 4398 ditiones
1265 4348 1494 4398 vastare
1540 4361 1652 4400 non
1705 4347 2080 4417 desisterent,

425 4429 712 4484 Petronas
771 4428 1100 4486 avunculus
1159 4430 1566 4502 imperatoris,
1617 4449 1750 4489 cum
1804 4435 2086 4490 Romanis

429 4516 614 4588 copiis
647 4524 852 4574 contra
880 4535 980 4576 eos
1013 4519 1308 4576 mittitur:
1334 4521 1434 4586 qui
1467 4537 1598 4576 cum
1633 4523 1783 4579 I59
1820 4523 2084 4594 praelium

428 4606 800 4665 committere
848 4625 965 4664 non
1020 4609 1284 4676 auderet,
1319 4610 1420 4664 sed
1465 4627 1497 4664 a
1529 4609 1680 4666 bello
1727 4611 2088 4678 abhorreret,

2177 3543 2356 3620 ῥύμης
2416 3539 2652 3620 σφοδρᾶς
2708 3541 2797 3596 καὶ
2859 3536 3184 3616 ἀλαλαγμοῦ
3247 3542 3327 3611 τῷ
3369 3541 3478 3592 τῶν
3535 3535 3824 3608 Ῥωμαίων

2175 3632 2352 3688 ἐπίασι
2411 3633 2634 3707 χάρακι,
2691 3629 2781 3686 καὶ
2842 3626 3019 3691 οὐδεὶς
3055 3627 3255 3698 ὑπέστη
3314 3629 3414 3697 τὴν
3465 3625 3673 3682 τούτων
3730 3625 3826 3699 ὁρ-

2181 3724 2312 3795 μήνο
2387 3721 2524 3793 πρὸς
2603 3717 2842 3795 δρασμὸν
2919 3715 2990 3772 δι’
3056 3717 3113 3772 οἳ
3192 3716 3388 3781 πάντες
3443 3711 3686 3782 ἀπεῖδον,
3735 3711 3829 3767 καὶ

2177 3803 2770 3883 καταλαμϐανόμενοι,
2829 3807 2882 3861 οἱ
2940 3807 3036 3880 μὶν
3085 3807 3433 3882 ἀνῃροῦντο,
3492 3803 3545 3858 οἱ
3593 3799 3640 3856 δ’
3698 3799 3828 3870 ἐζω-

2181 3904 2430 3977 γροῦντο·
2485 3900 2615 3956 ’Ότε
2676 3897 2767 3952 καὶ
2827 3897 2878 3950 οἱ
2934 3901 3233 3973 Μανιχαῖοι
3287 3899 3406 3955 τοῖς
3458 3889 3837 3966 Ἰσμαηλίταις

2184 3993 2607 4064 συμμαχοῦντες
2681 3984 2930 4050 πολλοὺς
3003 3991 3112 4040 τῶν
3185 3983 3460 4062 ἐπιφανῶν
3530 3981 3844 4056 ἐζώργησαν

2186 4083 2526 4155 στρατηγῶν,
2587 4079 2676 4132 καὶ
2756 4074 3062 4152 χρημάτων
3132 4071 3328 4134 αὐτοὺς
3385 4068 3642 4146 μεγάλων
3698 4068 3837 4124 ἀπέ-

2189 4166 2362 4224 δοντο.
2420 4167 2557 4225 Τότε
2627 4166 2809 4222 τοίνυν
2893 4168 3093 4240 μικροῦ
3163 4162 3253 4218 καὶ
3325 4162 3354 4216 6
3433 4157 3690 4236 βασιλεὺς
3769 4155 3830 4213 ἃν

2187 4257 2402 4335 ἐλήφθη
2433 4257 2619 4327 αὐτὸς,
2679 4255 2728 4310 εἴ
2788 4256 2864 4329 μή
2925 4257 2993 4329 τῇ
3042 4259 3310 4328 ταχυτῆτι
3363 4254 3460 4308 τοῦ
3503 4247 3679 4305 ’ίππου
3707 4246 3836 4335 τους

2188 4332 2493 4417 πολεμίους
2573 4339 2934 4418 ὑπεκδραμὼν
3016 4337 3368 4396 διασέσωστο.
3447 4337 3692 4416 Ἐλήφθη
3781 4332 3841 4388 δὲ

2187 4434 2252 4487 τὸ
2310 4427 2696 4507 στρατόπεδον,
2768 4431 2860 4486 καὶ
2935 4432 2971 4500 ἡ
3049 4425 3309 4506 βασιλικὴ
3391 4428 3590 4498 σκηνὴ,
3653 4423 3743 4480 καὶ
3801 4425 3838 4494 ἡ

2192 4520 2332 4596 πρὸς
2391 4519 2682 4597 ὑπηρεσίαν
2740 4524 2837 4576 τοῦ
2873 4515 3144 4596 βασιλέως
3205 4515 3507 4586 ἀποσκευῇ
3545 4515 3633 4571 καὶ
3665 4510 3847 4569 τᾶλλα

2195 4611 2365 4664 πάντα
2433 4606 2756 4687 διήρπαστο.
2801 4608 2962 4664 ’Τότε
3041 4607 3136 4682 μὲν
3213 4606 3302 4662 οὗν
3401 4603 3728 4681 ὑπέστρεψεν
3815 4603 3844 4658 6

429 4696 790 4753 monachum
823 4698 1141 4768 quemdam
1186 4697 1247 4752 in
1289 4703 1488 4753 monte
1517 4699 1848 4771 degentem,
1879 4699 2067 4756 virtut:

2197 4696 2448 4775 Μιχαήλ.
2509 4701 2675 4764 Αὖθις
2733 4697 2792 4754 δὲ
2844 4697 2973 4760 τοὺς
3032 4695 3374 4773 Ἀγαρηνοὺς
3424 4693 3674 4756 ἐπιόντας
3721 4698 3849 4756 ταῖς

431 4789 490 4840 et
525 4801 722 4841 rerum
754 4784 1086 4842 futurarum
1119 4787 1466 4860 praevisione
1497 4787 1781 4845 celebrem
1813 4788 2067 4846 consulit

2195 4793 2300 4844 τῶν
2377 4789 2666 4862 Ῥωμαίων
2739 4787 2954 4865 χώραις
3017 4786 3226 4860 μαθὼν,
3282 4778 3441 4855 ἔξεισι
3497 4784 3616 4838 κατ’
3672 4782 3850 4838 αὐτῶν

430 4889 504 4930 an
525 4873 728 4932 Martis
749 4873 936 4932 aleam
957 4876 1206 4948 experiri
1224 4875 1472 4932 debeat?
1495 4877 1602 4942 Qui
1623 4894 1758 4934 cum
1782 4883 2086 4948 annueret,

431 4963 605 5035 eique
632 4964 937 5020 victoriam
961 4965 1335 5037 polliceretur
1360 4982 1373 5020 :
1399 4982 1532 5021 cum
1560 4965 1826 5026 hostibus
1849 4985 2088 5041 congre-

433 5053 612 5122 ditur,
651 5055 1054 5126 Agarenorum
1103 5055 1392 5111 exercitus
1440 5057 1794 5127 succumbit,
1843 5059 2088 5132 ejusque

2201 4878 2336 4952 μετά
2395 4879 2690 4955 βαρύτερας
2731 4874 3033 4949 δυνάμεως.
3092 4875 3160 4932 Οἳ
3221 4871 3311 4929 διὰ
3367 4870 3609 4928 δυσόδων
3639 4871 3848 4944 τόπων,

2199 4967 2476 5042 ἐπιτόμων
2546 4965 2626 5035 δὲ,
2699 4961 3006 5030 διελθόντες
3092 4961 3500 5040 ἀπροσδόκητοι
3572 4966 3652 5034 τῷ
3713 4964 3858 5020 Ῥω-

2205 5057 2376 5130 μαίων
2463 5057 2705 5128 ἐπῆλθον
2799 5057 3034 5131 στρατῷ,
3119 5052 3210 5108 καὶ
3293 5053 3578 5129 τρέπονται
3647 5053 3860 5108 τοῦτον.

1705 5159 1909 5220 Variae
1950 5157 2253 5220 lectiones
2295 5165 2358 5220 et
2400 5165 2591 5219 notae.

437 5249 676 5324 publica
691 5250 1099 5324 benemeritis
1121 5251 1259 5307 olim
1274 5253 1738 5309 decernebantur
1768 5256 1825 5311 in
1858 5262 2086 5324 senatu,

445 5325 548 5396 aut
595 5321 739 5378 locis
787 5323 942 5390 aliis,
995 5341 1109 5378 non
1154 5342 1354 5380 revera
1395 5343 1464 5381 ex
1507 5344 1649 5382 auro
1685 5329 1872 5383 solido
1903 5321 2090 5396 erant,

446 5393 548 5468 sed
581 5409 740 5468 tersae
783 5411 924 5452 auro
965 5399 1291 5468 superfusae,
1342 5405 1407 5452 ut
1454 5405 1544 5453 est
1582 5399 1640 5453 in
1673 5401 1848 5455 veteri
1884 5393 2091 5456 inscrié

446 5464 646 5540 ptione
694 5467 819 5540 353,
879 5469 931 5538 4,
979 5464 1133 5524 aitro
1166 5470 1430 5535 illustres,
1482 5475 1547 5525 ut
1593 5471 1652 5525 in
1703 5473 1817 5528 alia
1865 5474 1988 5540 370,
2017 5475 2088 5528 3:

447 5538 602 5619 quod
661 5539 824 5619 satis,
862 5546 1159 5619 praeterea
1207 5542 1403 5598 innuit
1447 5543 1721 5619 .Isidorns
1777 5538 2092 5619 Pelusiota,

447 5608 550 5686 lib_.
582 5625 623 5673 Ῑ,
682 5608 1045 5686 epist—395;
1100 5613 1199 5686 lib.
1254 5612 1540 5686 n,repist.
1585 5616 1712 5680 286,
1763 5621 1815 5670 et
1866 5616 1966 5672 lib.
2003 5608 2089 5686 In,

447 5681 644 5758 epist.
672 5681 920 5758 4l_l._ln_
962 5685 1269 5758 Antholog.
1313 5681 1539 5758 Ιὶὺῖ-ιν,Δ
1587 5688 1885 5758 Βεδιίιιιια
1914 5681 2092 5744 aurati

444 5753 1050 5830 i_-l_t_tre_l_i_tmt':¥Xp'50'soc
1089 5753 1310 5826 ἕστηκεν
1368 5753 1736 5830 Αὐρηλιανός.
1789 5761 2090 5826 Quomodo

445 5823 750 5897 Virgilius,
785 5823 978 5900 Eclog.
1008 5845 1088 5886 vn
1115 5846 1129 5884 :

520 5915 670 5973 Nunc
692 5925 742 5974 te
762 5933 1140 5978 marmoreum
1161 5932 1264 5991 pro
1293 5919 1542 5991 tempore
1567 5918 1841 5990 fecimus:
1888 5926 1950 5979 at
2003 5927 2092 5994 tu,

2272 5257 2338 5313 Si
2360 5259 2591 5327 fortuna
2623 5270 2836 5328 gregem
2864 5252 3229 5326 suppleverit,
3259 5267 3463 5308 aureus
3494 5254 3624 5308 esto.

2201 5347 2293 5416 Ita
2319 5345 2473 5416 apud
2506 5343 3156 5416 Harpocrationem,_de
3183 5341 3439 5416 quodam
3469 5338 3859 5416 Epicrate,“Q<

2201 5361 2289 5400 ua
2319 5361 2473 5416 apud
2506 5361 2622 5400 nar
2666 5361 3050 5411 ocrauonem,
3085 5361 3156 5398 ae
3183 5361 3439 5414 quonam
3469 5361 3755 5412 bplCPﬂtO,
3784 5361 3854 5397 υς

2246 5413 2446 5480 αλκοὺς
2498 5361 2688 5485 έστάὲη
2741 5413 2830 5471 διὰ
2873 5413 2966 5470 τὸν
3015 5412 3182 5485 νόμον
3237 5411 3330 5466 τὸν
3387 5410 3512 5487 περὶ
3568 5414 3678 5466 τῶν
3720 5408 3854 5486 ἐφή-

2201 5433 2336 5543 ἒων.
2371 5491 2425 5543 id
2461 5495 2571 5543 est.
2601 5505 2744 5543 arca
2771 5492 2963 5543 statua
3004 5487 3246 5542 donatus
3271 5489 3471 5543 fuerat.
3506 5485 3653 5540 Vide
3681 5483 3851 5541 Chro-

2241 5483 2336 5558 ων,
2371 5491 2425 5544 id
2461 5495 2571 5558 est,
2601 5483 2744 5545 arta
2771 5492 2963 5544 statua
3004 5483 3246 5558 donatus
3268 5483 3471 5558 fuerat;
3500 5485 3653 5558 fVide
3681 5483 3851 5558 Chi-9:

2199 5555 2364 5618 nicoh
2395 5555 2855 5629 Alexandrinum,
2890 5577 2985 5616 an.
3020 5560 3087 5614 10
3114 5555 3431 5614 Theodosii
3463 5557 3536 5613 Μ.
3569 5561 3629 5612 et
3657 5571 3754 5612 an.
3783 5555 3855 5610 36

2203 5633 2520 5692 Theodosii
2549 5635 2686 5689 Jun.

2276 5706 2385 5777 (4’16)
2420 5706 2504 5761 Ἐν
2536 5709 2616 5777 τῷ
2649 5701 2785 5777 οἴκῳ
2812 5703 3233 5777 τοῦ-Καριανοῦξ.
3265 5700 3500 5757 Nicetas
3533 5699 3858 5777 Paphlago,

2201 5775 2253 5830 ἐν
2282 5772 2409 5852 τοῖς
2432 5772 2700 5852 Καριανοῦ
2731 5772 3077 5852 λεγομένοις.
3104 5773 3251 5830 Vide
3289 5777 3554 5830 nostram
3597 5772 3860 5829 Constan-

2200 5849 2521 5923 tinopolim.
2539 5849 2747 5906 Christ.
