4142 6422
439 504 514 563 21
1752 506 2072 566 ANNALI]

2217 505 2364 566 LIB.
2412 505 2573 567 XVI.
3787 506 3864 564 22

426 633 592 691 ’Ἠλω
624 630 674 688 δ’
728 632 789 687 ἂν
846 633 939 688 καὶ
1001 633 1030 687 6
1086 631 1362 710 βασιλεὺς.
1416 634 1461 689 εί
1509 635 1585 708 μή
1618 635 1918 710 μάγιστρος
1974 639 2072 691 Μαι

2211 637 2482 709 princeps
2515 642 2693 693 Amer
2733 637 2910 693 cadit.
2944 637 3127 708 Cujus
3159 636 3321 691 filius
3369 634 3469 707 qui
3517 634 3714 707 praelio
3745 651 3861 691 non

426 723 645 795 νουὴλ,
700 726 811 777 τῶν
874 722 1101 799 σχολῶν
1157 724 1443 798 τυγχάνων
1507 721 1827 797 δομέστικος
1860 770 1873 784 .
1935 723 2094 779 αὐτὸν

444 810 755 869 διέσωσατο.
817 813 888 869 Οἱ
947 810 995 866 δ’
1045 812 1272 867 ἐναντίοι
1324 817 1616 875 κακοῦντες
1671 813 1740 868 τὰ
1792 818 1901 868 τῶν
1961 815 2093 868 Ῥως

445 903 612 977 μαίων
675 900 777 957 οὐκ
833 899 1077 978 ἐληγον.
1138 900 1433 958 Στὲλλεται
1490 907 1622 979 γοόν
1663 903 1779 958 κατ’
1828 902 2002 958 αὐτῶν
2064 904 2092 957 6

326 1066 335 1073 .
437 996 532 1046 τοῦ
586 989 854 1065 βασιλέως
917 989 1304 1070 μητράδελφος
1355 993 1383 1047 6
1438 997 1725 1068 Πετρωνᾶς
1777 994 1913 1065 μετά
1962 999 2091 1047 Ῥω-

436 1085 646 1155 μαϊκῶν
697 1077 980 1155 δυνάμεων
1049 1080 1234 1143 αὐτοῖς
1310 1080 1703 1152 ἀντιτάξασθαι.
1765 1084 1828 1139 Ὁ
1878 1079 1935 1136 δὲ
1992 1081 2092 1136 οὐκ

428 1169 643 1247 ἐθάρρει
694 1170 795 1239 τὴν
855 1165 1167 1244 συμϐολὴν,
1229 1168 1357 1225 ἀλλ’
1422 1168 1629 1227 ἐδειλία
1673 1172 1767 1226 τὸν
1820 1171 2086 1243 πόλεμον.

425 1260 625 1323 Μαθὼν
683 1257 777 1314 οὖν
833 1259 885 1314 ἐν
943 1254 1056 1337 ὄρει
1115 1259 1220 1315 τινὶ
1283 1260 1527 1336 μοναχὸν
1569 1260 1927 1333 ἀσκούμενον,
1986 1262 2086 1330 τήν

424 1349 625 1425 ἀρετὴν
706 1346 1029 1421 διαϐόητον,
1099 1349 1190 1404 καὶ
1274 1354 1599 1426 προορῶντα
1664 1350 1731 1421 τά
1790 1348 2084 1422 μέλλοντα,

423 1435 604 1497 ἄπεισι
668 1439 805 1514 πρὸς
865 1439 1054 1509 αὐτὸν,
1102 1439 1191 1493 καὶ
1247 1438 1424 1514 ἐρωτᾳ
1471 1438 1626 1512 εἰτῷ
1662 1437 1899 1512 πολέμῳ
1967 1439 2085 1494 ἐπι-

426 1528 748 1604 χειρ·ιςσειε;
779 1528 869 1582 καὶ
896 1527 954 1589 ὃς
1006 1527 1306 1603 ἐπιτρέπει,
1352 1529 1442 1583 καὶ
1490 1528 1643 1599 νίκην
1710 1529 1861 1601 αύτῷ
1916 1527 2085 1604 ἐπαγ-

422 1613 705 1690 γέλλεται.
743 1616 990 1687 Ἀπῆλθε
1024 1614 1205 1671 τοίνυν
1234 1618 1262 1672 ὁ
1303 1617 1609 1690 Ηετρωνάς,
1640 1617 1729 1672 καὶ
1783 1621 1901 1681 τοῖς
1930 1617 2083 1673 ἐναν-

2207 725 2491 781 intererat
2523 727 2867 797 (praedatum
2892 727 3047 783 enim
3072 725 3330 796 exierat),
3363 724 3529 779 clado
3558 724 3876 796 patrisque

2207 815 2449 870 interitu
2484 817 2740 889 cognito,
2773 816 2975 888 fugam
3015 815 3292 886 capessit,
3325 830 3357 869 e
3385 828 3503 885 qua
3531 816 3730 867 tamen
3765 828 3861 868 re-

2202 907 2431 960 tractus
2462 910 2570 972 est,
2606 910 2663 960 et
2709 905 2844 961 duci
2881 904 3158 960 traditus.
3198 904 3399 959 Fertur
3438 905 3637 957 autem
3682 908 3861 958 Amer

2202 996 2335 1049 ante
2366 1010 2624 1067 pugnam
2660 994 2811 1051 hanc
2840 1011 2871 1051 e
2918 993 3143 1065 captivo
3176 992 3430 1064 quodam
3461 994 3856 1062 percontatus,

2200 1084 2497 1154 quomodo
2547 1088 2874 1140 castrorum
2935 1082 3100 1138 locus
3151 1079 3501 1137 vocaretur?
3539 1084 3607 1135 ut
3662 1080 3856 1136 amnis

2200 1171 2600 1244 praeterﬂuens
2630 1173 2923 1229 diceretur
2946 1171 2974 1227 ?
3019 1187 3147 1243 quae
3186 1171 3292 1226 toti
3325 1169 3376 1225 ei
3409 1168 3633 1241 regioni
3666 1169 3858 1226 indita

2197 1278 2327 1318 esse
2375 1261 2692 1334 appellatio
2730 1263 2758 1317 ‘P
2813 1265 2955 1317 Cum
3016 1265 3216 1316 autem
3274 1260 3373 1315 ille
3429 1257 3856 1330 respondisset,

2197 1351 2497 1424 regionem
2568 1351 2971 1420 Lalacaonem,
3032 1349 3171 1406 valli
3234 1350 3428 1406 locum
3487 1351 3853 1419 Ptosantem,

2195 1440 2441 1495 ﬂuvium
2503 1441 2714 1513 Gyrem
2775 1440 3107 1513 appellari:
3166 1439 3362 1493 omine
3420 1452 3451 1492 e
3508 1436 3855 1492 nominibus

2196 1533 2434 1602 sumpto
2465 1529 2708 1596 dixisse,
2740 1530 3181 1602 inauspicatum
3213 1527 3325 1583 sibi
3353 1524 3491 1581 belli
3535 1525 3757 1581 exitum
3777 1525 3852 1581 iis

2192 1617 2494 1675 vocabulis
2525 1618 2812 1689 portendi.
2848 1618 2995 1673 Nam
3045 1615 3448 1684 Lalacaonem,
3479 1616 3672 1686 populi
3697 1614 3849 1685 afﬂi-

415 1703 562 1767 τίοις
610 1699 942 1781 προσέϐαλε,
974 1705 1064 1760 καὶ
1094 1707 1321 1775 ἡττᾶται
1369 1706 1465 1779 μὲν
1512 1709 1546 1776 ἡ
1594 1711 1703 1762 τῶν
1759 1707 2072 1781 Ἀγαρηνῶν

2192 1709 2470 1763 clionem:
2550 1708 2908 1775 Ptosantem,
2963 1722 3151 1762 casum
3216 1704 3760 1776 interpretabatur:
3818 1719 3850 1759 ο

422 1794 673 1869 στρατιὰ,
705 1793 889 1849 πίπτει
951 1791 1011 1849 δὲ
1065 1796 1093 1848 6
1150 1794 1350 1865 ταύτης
1404 1794 1696 1871 κατάρχων
1756 1800 1952 1876 ’¹Αμερ.
2022 1795 2072 1852 Ἐ

2192 1796 2353 1852 ﬂuvii
2384 1801 2581 1852 autem
2615 1796 2852 1852 nomine
2883 1812 3023 1851 suos
3055 1796 3126 1851 ab
3175 1794 3446 1849 hostibus
3477 1791 3847 1848 circumven-

418 1881 482 1939 δὲ
531 1884 730 1939 τούτου
806 1885 924 1947 υἱός
1002 1883 1061 1940 ἐκ
1131 1889 1229 1940 τοῦ
1300 1883 1551 1959 πολέμου
1622 1886 1775 1940 ἀπών
1827 1884 1926 1958 (εἷς
1975 1884 2072 1961 γὰρ

2189 1890 2317 1943 tum
2349 1888 2421 1942 iri
2471 1887 2790 1943 divinabat.
2827 1888 3103 1943 Petronas
3133 1885 3378 1942 victoria
3423 1887 3591 1958 parta
3631 1882 3849 1939 trium-

425 1972 577 2030 λείαν
657 1972 953 2050 ἐτύγχανεν
1038 1971 1503 2050 ἀποδεδημηκὼς)
1569 1976 1668 2044 τὴν
1750 1977 1914 2044 ἧτταν
1990 1976 2072 2029 καί

2195 1976 2384 2048 phans
2417 1975 2761 2049 Byzantium
2794 1992 3083 2044 reversus,
3117 1975 3437 2032 honoriﬁce
3458 1973 3765 2046 excipitur,
3790 1977 3848 2030 et

425 2018 573 2030 ην.-.
657 2018 951 2050 -.-ιχ-..η
1038 2018 1502 2050 -..νηυηηηηυνη
1581 2018 1664 2044 ..μ
1757 2018 1910 2044 .,....,
1993 2018 2072 2029 η...

414 2063 521 2132 τήν
585 2063 787 2140 φθορὰν
853 2064 1036 2138 μαθών
1103 2068 1200 2119 τοῖ’)
1230 2065 1456 2139 πατρὸς,
1486 2061 1898 2138 ἀπεδίδρασκεν,
1932 2060 2072 2118 ἀλλᾶ

2197 2018 2384 2048 ,κωκυ
2417 2018 2761 2049 Ἵππην...
2795 2018 3083 2044 unum“,
3118 2018 3437 2032 ..νηυυηνν
3459 2018 3765 2046 ν-ν.,......,
3790 2018 3844 2030 ν.

2189 2065 2484 2135 legionum
2515 2066 2872 2122 domesticus
2893 2066 3256 2137 designatur.
3279 2065 3308 2129 J
3318 2080 3412 2120 am
3426 2063 3583 2119 enim
3609 2061 3844 2119 Manuel

414 2153 508 2208 κοὶ
567 2151 724 2215 οὗτος
785 2153 838 2208 ἐν
890 2158 971 2225 τῷ
1002 2150 1231 2231 δρασμῷ
1289 2152 1625 2228 συλληφθεὶς
1672 2151 1943 2229 παρεδόθη
1996 2156 2072 2225 τῷ

2192 2155 2475 2227 magister
2518 2154 2578 2209 in
2610 2154 2756 2211 vivis
2788 2171 2918 2210 esse
2950 2154 3225 2210 desierat.
3258 2153 3460 2224 Neque
3490 2151 3678 2209 multo
3710 2156 3844 2225 post

421 2246 732 2318 στρατηγῷ.
806 2242 1032 2318 Λέγεται
1100 2240 1158 2298 δὲ
1219 2243 1327 2319 πρὸ
1395 2247 1492 2297 τοῦ
1560 2241 1814 2316 πολέμου
1880 2241 2072 2297 τούτου

2189 2248 2246 2301 et
2274 2245 2399 2317 ipse
2428 2248 2650 2300 natura
2681 2244 2944 2300 debitum
2969 2242 3266 2316 persolvit.

366 2402 374 2411 _
419 2332 450 2386 6
483 2333 660 2407 Ἂμερ
698 2335 806 2386 τῶν
842 2330 1218 2407 αῗχμαλώτων
1252 2332 1507 2387 πυθέσθαι
1539 2332 1683 2394 τινὸς
1715 2336 1832 2394 πῶς
1866 2332 1893 2386 ὁ
1916 2330 2085 2394 τόπος
2126 2329 2180 2387 ἐν
2208 2332 2254 2405 ᾧ
2301 2334 2337 2402 ἡ
2386 2327 2713 2409 παρεμϐολὴ
2763 2330 3012 2400 καλοῖτο,
3056 2329 3145 2386 καί
3202 2331 3352 2392 ὅπως
3438 2329 3467 2384 6
3520 2327 3840 2406 παραρῥέων

423 2418 640 2495 λέγεται
698 2420 962 2494 ποταμός·
1024 2423 1111 2477 καὶ
1161 2422 1308 2483 τίνος
1359 2423 1395 2491 ἡ
1429 2420 1533 2491 ὅλη
1567 2419 1744 2492 ἐκείνη
1802 2421 1963 2497 χώρα
2019 2415 2182 2497 ἔτυχε
2230 2418 2504 2492 κλήσεως,
2556 2422 2647 2484 Ὡς
2699 2419 2758 2477 δὲ
2810 2423 2910 2491 τὴν
2970 2420 3064 2495 μὲν
3117 2420 3307 2496 χώραν
3360 2417 3701 2476 Λαλακάωνα
3730 2420 3841 2493 (47)

426 2509 575 2565 εἶπεν
635 2509 839 2572 ἐκεῖνος
892 2509 1212 2581 κεκλῆσθαι.
1270 2511 1567 2566 Ητώσαντα
1625 2507 1682 2565 δὲ
1736 2510 1825 2564 τὸν
1886 2508 2053 2564 τόπον
2094 2513 2191 2565 τοῦ
2264 2512 2529 2588 χάρακος,
2612 2509 2701 2566 καὶ
2776 2510 2953 2587 Γύρην
3028 2510 3121 2565 τὸν
3192 2509 3463 2581 ποταμὸν,
3539 2506 3742 2570 ἐκεῖνος
3786 2508 3846 2563 ἐκ

422 2602 534 2671 τῶν
591 2597 879 2672 ὀνομάτων
938 2598 1144 2654 τούτων
1204 2599 1594 2673 οἰωνισάμενος
1644 2594 1745 2677 ἔφη
1802 2598 1897 2661 τὰς
1951 2596 2177 2668 κλήσεις
2230 2598 2428 2664 ταύτας
2484 2599 2583 2656 οὐκ
2650 2597 2824 2654 αἶ’σιον
2890 2599 3036 2672 αὐτῷ
3105 2598 3168 2654 τὸ
3222 2601 3321 2654 τοῦ
3375 2597 3628 2671 πολέμου
3683 2595 3847 2659 τέλος

426 2684 808 2763 παραδηλοῦν.
871 2692 1017 2743 Λαοῦ
1073 2689 1168 2762 μὶν
1254 2689 1357 2764 γὰρ
1437 2690 1673 2744 κάκωσιν
1761 2686 1941 2744 ἐκάλει
2012 2687 2104 2743 τὸν
2177 2685 2541 2758 Λαλακάωνα,
2610 2692 2816 2743 πτῶσιν
2891 2685 2948 2743 δὲ
3023 2688 3308 2762 σημαίνειν
3373 2686 3463 2741 τὸν
3528 2686 3842 2741 Πτώσαντα’

427 2780 745 2854 κυρωθῆναι
814 2775 872 2832 δὲ
929 2775 1151 2851 μέλλειν
1214 2778 1316 2833 ὑπὸ
1370 2782 1478 2834 τῶν
1538 2776 1792 2833 ἐναντίων
1845 2776 2040 2839 αὐτοὺς
2099 2776 2159 2832 ἐκ
2219 2784 2320 2847 τῆς
2377 2781 2473 2833 τοῦ
2542 2782 2794 2851 ποταμοῦ
2864 2776 3112 2844 κλήσεως
3184 2774 3530 2851 ἐμαντεύετο.
3602 2774 3681 2829 Τὰ
3749 2774 3842 2847 μὶν

429 2865 491 2922 ἐκ
542 2874 642 2936 τῆς
698 2866 861 2938 νίκης
919 2866 1093 2930 οὕτως
1146 2867 1296 2943 εἶχον
1350 2872 1430 2941 τῷ
1487 2870 1760 2940 Πετρωνᾷ·
1822 2868 1850 2921 6
1909 2865 1966 2921 δὲ
2012 2867 2415 2946 τροπαιοφόρος
2467 2866 2731 2938 ἐπανῆκεν
2792 2866 2869 2929 εἷς
2923 2868 2986 2923 τὸ
3046 2868 3358 2942 Βυζάντιον,
3415 2868 3507 2924 καὶ
3568 2865 3840 2944 ὑπεδέχθη
3895 2876 3899 2881 “

439 2956 571 3029 μετὰ
595 2960 788 3029 τιμῆς,
821 2955 912 3010 καὶ
942 2960 1051 3010 τῶν
1083 2954 1308 3032 σχολῶν
1339 2952 1634 3032 προϐλήθη
1668 2953 2011 3029 δομέστικος.
2039 2952 2181 3027 ’Ἤδη
2212 2957 2314 3033 γὰρ
2345 2957 2373 3011 6
2404 2958 2702 3035 μάγιστρος
2740 2954 3003 3027 Μανουὴλ
3053 2952 3281 3016 ἀπεϐίω.
3333 2958 3486 3015 Μετὰ
3536 2955 3716 3034 βραχὺ
3785 2953 3844 3012 δὲ

433 3045 520 3099 καὶ
554 3044 707 3108 αὐτὸς
741 3047 964 3101 ἀπέτισε
1004 3045 1067 3100 τὸ
1093 3047 1291 3122 χριών.

492 3135 562 3188 Δ’.
613 3133 854 3196 Τούτους
912 3131 969 3189 δὲ
1011 3136 1210 3197 πάντας
1272 3136 1300 3189 6
1348 3132 1560 3208 Βάρδας
1618 3133 2069 3206 ἀποσεισάμενος,

413 3223 522 3291 τήν
560 3223 653 3295 μὲν
683 3228 793 3278 τῶν
834 3222 1167 3299 πραγμάτῶν
1198 3221 1466 3294 διοίκησιν
1515 3224 1589 3286 ὡς
1639 3219 1912 3294 ἠϐούλετο
1963 3219 2073 3277 διε-

410 3311 615 3368 τίθετο.
673 3313 736 3371 Ὀ
792 3312 892 3389 γὰρ
952 3311 1182 3389 Μιχαὴλ
1254 3311 1467 3375 οὐδενὸς
1518 3314 1891 3392 ἐπεστρέφετο,
1968 3310 2073 3385 μό-

413 3423 533 3464 νοις
592 3398 651 3457 δὲ
704 3403 951 3478 θεάτροις
1007 3402 1099 3457 καὶ
1151 3401 1516 3472 ἱππηλασίαις
1590 3400 1911 3478 ἐσχόλαζεν,
1972 3400 2072 3456 οὐκ

411 3490 606 3549 ἄλλων
636 3489 1036 3567 ἡνιοχούντων,
1096 3490 1261 3547 αύτοῦ
1293 3489 1362 3546 δι’
1414 3490 1619 3548 ἐκείνου
1664 3497 1761 3547 τοῦ
1801 3489 2067 3567 αὐτοκρά-

410 3600 583 3656 τορος
661 3578 751 3635 καὶ
825 3579 1350 3657 ἀφματηλατοῦντος
1404 3585 1502 3636 τοῦ
1581 3580 1922 3657 Αὐγούστου,
1980 3579 2071 3634 καὶ

411 3664 823 3745 ἀγωνιζοπένου
850 3673 949 3725 τοῦ
984 3667 1276 3744 βασιλέως,
1308 3669 1397 3726 καὶ
1456 3669 1573 3727 ἀντὶ
1627 3677 1755 3741 τῆς·
1791 3667 2070 3747 βασιλείου

416 3756 627 3827 στολῆς
676 3755 1024 3820 ἐνδεδυκότος
1077 3759 1311 3835 ἡνιόχου
1377 3758 1601 3830 στολην·
1664 3759 1742 3817 Οὐ
1803 3763 1963 3814 τοῦτο
2012 3755 2070 3812 δὶ

414 3847 588 3921 μόνον
618 3849 684 3916 ἦν
714 3848 777 3903 τὸ
836 3844 1031 3917 δεινὸν,
1092 3846 1216 3903 ἀλλ’
1270 3847 1355 3903 ὅτι
1410 3849 1501 3902 καὶ
1554 3848 1681 3911 τοὺς
1713 3847 1765 3903 ἐν
1798 3848 2068 3920 ἀξιώμασι

409 3936 509 3992 καὶ
553 3941 741 4009 τιμαῖς
803 3937 1164 4013 ὑπερέχοντας
1221 3935 1349 4002 τοὺς
1411 3938 1506 4010 μὲν
1564 3936 1711 4010 αύτῷ
1768 3935 2069 4012 συναγωνί-

415 4028 624 4095 ζεσθαι,
671 4024 800 4087 τοὺς
843 4022 893 4080 δ’
948 4024 1401 4102 ἀνταγωνίζεσθαι
1461 4024 1512 4080 ἐν
1567 4032 1686 4089 ταῖς
1715 4029 1823 4081 τῶν
1882 4025 2065 4080 ἵππων

408 4114 685 4189 ἁμίλλαις
767 4113 857 4169 καὶ
936 4113 1343 4192 ὁρματηλατεῖν
1418 4116 1831 4190 κατηνάγκαζε.
1931 4114 2069 4171 Ποτὶ

409 4203 591 4260 τοίνυν
641 4204 803 4266 αὐτὸς
865 4204 958 4277 μὲν
1003 4202 1277 4283 ἠμφίεστο
1335 4204 1397 4259 τὸ
1440 4205 1645 4280 χρῶμα
1695 4205 1758 4259 τὸ
1818 4204 2063 4274 Βὲνετον,

418 4294 447 4346 6
475 4290 529 4347 δὶ
556 4298 653 4348 τοῦ
684 4288 894 4368 δρόμου
943 4292 1247 4369 λογοθέτης
1301 4294 1364 4349 τὸ
1410 4292 1693 4367 πράσινον,
1746 4294 1836 4348 καὶ
1888 4290 2063 4369 ἕτεροι

409 4386 521 4437 τῶν
570 4381 1001 4461 ἐπιφανεστέρων
1049 4383 1118 4438 τὰ
1172 4380 1347 4460 ’ἐτεραο
1416 4384 1508 4438 καὶ
1556 4379 1666 4454 ἤδη
1717 4387 1825 4438 τῶν
1882 4380 2065 4458 ἁρμά-

407 4493 521 4527 των
555 4467 846 4544 ἐπέϐησαν,
880 4473 970 4527 καὶ
1014 4475 1149 4541 ἦσαν
1190 4473 1329 4548 πρὸς
1358 4472 1422 4528 16
1453 4469 1699 4549 δραμεῖν.
1769 4473 1857 4530 Ἐν
1889 4471 2066 4546 τούτῳ

408 4559 472 4617 δὲ
511 4562 808 4638 γράμματα
860 4565 943 4634 τῷ
1006 4562 1437 4637 πρωτονοταρίῳ
1492 4572 1589 4617 τοῦ
1649 4559 1862 4639 δρόμου
1919 4561 2066 4639 παρά

405 4655 511 4706 τοῦ
578 4650 913 4729 πεφθακότος
981 4651 1101 4727 ἄρτι
1176 4650 1634 4728 ἐνεχειρίσθησαν,
1692 4652 1767 4714 ὡς
1831 4651 1882 4707 ἐν
1946 4657 2065 4714 τοῖς

408 4739 779 4816 Μελαγγείοις
812 4738 1360 4816 ἐστρατοπεδεύσαντο
1394 4741 1445 4795 οἳ
1481 4742 1786 4819 Σαρακηνοὶ
1814 4739 2066 4818 διαγγέλ-

2254 3135 2350 3191 IV.
2375 3136 2590 3191 Bardas
2637 3141 2833 3192 autem
2882 3136 2975 3193 his
3034 3137 3310 3193 omnibus
3361 3136 3594 3209 amotis,
3629 3139 3838 3208 suopte

2182 3224 2468 3280 arbitratu
2500 3225 2950 3281 administrabat
2971 3225 3187 3281 omnia.
3221 3224 3463 3282 Michael
3484 3225 3642 3281 enim
3682 3224 3835 3281 nihil

2183 3315 2446 3381 curabat,
2506 3315 2607 3370 sed
2660 3314 2910 3370 theatris
2965 3318 3194 3370 tantum
3255 3319 3314 3370 et
3368 3313 3832 3386 equitationibus

2181 3404 2446 3470 vacabat,
2480 3420 2595 3458 non
2629 3402 2761 3459 aliis
2793 3403 3051 3459 habenas
3084 3403 3547 3472 moderantibus,
3581 3404 3681 3459 sed
3703 3403 3832 3475 ipso

2180 3492 2534 3566 imperatore
2567 3496 2827 3563 Augusto
2851 3496 3085 3563 regente
3107 3509 3366 3562 currum,
3391 3498 3448 3549 et
3476 3493 3832 3561 decertante,

2181 3597 2246 3638 ac
2302 3597 2405 3653 pro
2462 3582 2623 3654 regia
2677 3581 2981 3655 chlamyde
3038 3582 3254 3654 aurigae
3327 3581 3539 3638 vestitu
3598 3580 3830 3637 induto.

2178 3670 2378 3742 Neque
2424 3686 2557 3726 vero
2610 3669 2831 3726 malum
2886 3670 2967 3725 ibi
3013 3670 3278 3735 sistebat,
3314 3671 3415 3727 sed
3467 3671 3622 3726 viros
3652 3669 3831 3725 etiam

2179 3759 2568 3833 dignitatibus
2599 3764 2656 3814 et
2685 3759 3009 3815 honoribus
3040 3763 3409 3831 praestantes,
3436 3758 3649 3831 partim
3683 3775 3716 3813 a
3745 3772 3831 3825 se,

2179 3848 2392 3921 partim
2425 3855 2631 3903 contra
2656 3864 2718 3903 se
2757 3853 2914 3903 stare
2957 3846 3017 3901 in
3066 3864 3350 3919 equorum
3382 3846 3829 3913 certaminibus,

2178 3941 2235 3993 et
2264 3953 2474 3993 currus
2530 3937 2751 4008 agitare
2806 3936 3068 4009 cogebat.
3128 3939 3271 3992 Cum
3321 3953 3454 3993 vero
3511 3936 3829 4008 aliquando

2176 4027 2305 4098 ipse
2338 4026 2527 4082 colore
2546 4025 2786 4093 Veneto,
2813 4041 3023 4080 cursus
3052 4023 3351 4098 logotbeta
3378 4026 3829 4096 Prasino,atque

2178 4115 2277 4171 alii
2332 4114 2442 4170 viri
2483 4113 2768 4184 illustres,
2817 4113 3040 4169 caeteris
3091 4114 3288 4170 vestiti
3341 4115 3660 4184 coloribus,
3697 4115 3825 4187 jam

2177 4221 2389 4260 currus
2410 4203 2710 4259 ascensuri
2744 4207 2800 4259 et
2821 4203 3124 4259 decursuri
3157 4208 3391 4261 essent:
3422 4204 3825 4276 protonotario

2177 4309 2408 4362 cursus,
2438 4310 2472 4349 a
2527 4293 2784 4365 quodam
2837 4291 2937 4364 qui
2988 4307 3189 4347 recens
3228 4292 3580 4362 "advenerat,
3621 4291 3824 4348 litteras

2175 4384 2522 4451 afferuntur,
2584 4381 2799 4453 quibus
2871 4380 3304 4449 continebatur,
3381 4383 3700 4438 Saracenos
3763 4381 3825 4437 in

2172 4470 2489 4545 Melangeis
2544 4475 2739 4526 castra
2796 4470 3108 4543 posuisse:
3163 4487 3232 4527 ea
3286 4475 3427 4527 sunt
3483 4487 3610 4542 quae
3668 4487 3827 4527 nunc

2176 4562 2375 4618 minus
2405 4561 2703 4633 eleganter
2729 4558 3024 4632 Malagina
3057 4560 3353 4616 dicuntur.
3390 4560 3827 4617 Protonotarius

2175 4652 2359 4725 igitur
2396 4650 2470 4706 ob
2503 4666 2631 4706 eum
2686 4649 2961 4705 nuntium
3002 4648 3161 4706 tristi
3207 4649 3370 4705 vultu
3415 4649 3827 4722 imperatorem

2176 4743 2319 4809 adit,
2352 4756 2474 4797 rem
2499 4738 2758 4811 exponit,
2799 4742 2857 4794 et
2889 4738 3114 4795 litteras
3145 4740 3301 4795 160
3334 4740 3606 4796 ostendit.
3631 4741 3700 4796 At
3729 4739 3829 4794 ille

409 4829 606 4886 λοντα·
636 4834 804 4885 ταῦτα
822 4827 889 4885 δι’
914 4828 1045 4885 εἰσὶν
1080 4828 1113 4885 ἃ
1140 4835 1230 4885 νῦν
1264 4830 1648 4907 ἀγροικότερον
1680 4827 1928 4886 καλεῖται
1950 4837 2065 4887 Μα-

2185 4831 2458 4887 iracunde
2480 4833 2536 4885 et
2552 4834 2711 4885 torve
2731 4844 2864 4885 eum
2889 4827 3146 4885 intuitus
3170 4845 3184 4885 :
3210 4828 3364 4897 Cum,
3396 4830 3610 4901 inquit,
3635 4831 3694 4884 in
3724 4829 3832 4885 tali

411 4918 635 4994 λάγινα.
665 4920 732 4976 ’0
776 4923 905 4995 γοῦν
950 4918 1392 4996 πρωτονοτάρίος
1439 4917 1830 4996 σκυθρωπάσας
1879 4919 1967 4976 ἐπὶ
1995 4925 2064 4996 τῇ

406 5007 666 5085 ἀγγελίᾳ,
696 5006 980 5085 προσῆλθε
1016 5012 1096 5081 τῷ
1139 5008 1374 5084 βασιλεῖ,
1423 5009 1514 5065 καὶ
1567 5014 1739 5066 ταῦτα
1798 5007 2064 5082 ἐδίδασκε,

405 5096 501 5152 καὶ
538 5095 821 5153 ὑπεδείκνυ
862 5097 931 5152 τὰ
978 5099 1298 5173 γράμματα.
1358 5098 1419 5155 Ὁ
1472 5095 1550 5171 δὲ,
1610 5098 1829 5176 ὀργίλον
1875 5122 1928 5155 τι
1974 5101 2065 5155 καὶ

411 5185 643 5261 μανικὸν
672 5184 821 5260 αὖτῷ
867 5182 1080 5256 ἐνιδὼν,
1137 5185 1222 5242 Ἐν
1279 5183 1517 5259 τοιούτῳ
1580 5207 1698 5261 μοι,
1766 5183 1892 5265 ἔφη,
1950 5182 2064 5243 ὄντι

2180 4921 2481 4977 certamine
2533 4920 2662 4989 sim,
2692 4923 2746 4975 ct
2798 4918 2895 4989 qui
2948 4919 3169 4973 medius
3214 4922 3315 4984 est,
3364 4934 3489 4975 eum
3528 4917 3599 4973 ad
3630 4920 3829 4975 laevam

2174 5009 2483 5082 propellere
2511 5023 2833 5080 properem:
2876 5015 2957 5075 lu,
3011 5008 3213 5079 inepte,
3273 5007 3340 5064 de
3379 5008 3829 5065 Sarracenorum

2176 5100 2496 5155 incursione
2541 5097 2706 5155 verba
2747 5096 2895 5152 mihi
2939 5097 3126 5169 facis?
3169 5095 3326 5153 Talis
3372 5097 3484 5153 fuit
3512 5095 3826 5169 praeclarus

2177 5188 2516 5262 imperator,
2538 5187 2735 5260 itaque
2755 5187 2827 5244 de
2846 5186 3263 5243 communibus
3295 5186 3471 5243 rebus
3502 5190 3558 5242 et
3579 5186 3827 5259 imperio

1697 5363 1904 5425 Variaa
1931 5363 2231 5426 lectiones
2260 5369 2322 5426 et
2353 5367 2544 5425 notis.

484 5495 596 5572 (47)
644 5491 1009 5572 [ξοιλακάωνοιἔ
1069 5494 1179 5549 Leo
1235 5494 1706 5572 Grammaticus:
1782 5497 2069 5572 Λοχήσαν-

406 5562 503 5626 τες
531 5565 639 5642 τῄα
672 5562 795 5642 ὁδὸν
833 5571 934 5642 τῆς
982 5565 1337 5642 ὑποστροφῆς
1384 5567 1549 5642 αύτορ
1585 5562 1941 5642 Δσυναντῶσίἶί
1973 5569 2068 5624 αό-

408 5642 502 5717 τῷ.
552 5637 629 5700 εἷς
679 5639 775 5693 τὸν
803 5634 1196 5717 .Λριλακάωνά,
1238 5634 1353 5717 ’καὶη
1402 5635 2067 5717 συμϐολῆς-γενομένης,

408 5707 705 5786 τρέπουσιν
760 5707 943 5786 «616v.
998 5707 1511 5786 Zo_naram__longe
1571 5707 1769 5786 magis.
1808 5707 2070 5770 illustrat

415 5783 809 5839 Continuator
863 5780 1242 5853 TheOphanis
1271 5782 1374 5840 lib.
1406 5780 1483 5850 n7,
1517 5802 1576 5840 n.
1611 5780 1699 5853 15',
1730 5786 1870 5842 licet
1898 5787 1969 5842 ab
2000 5802 2065 5842 eo

418 5855 737 5914 dissentiat
765 5854 959 5928 quoad
1014 5853 1277 5914 locorum
1335 5856 1626 5917 nomine:
1684 5856 2067 5918 Lalacaonem

2179 5498 2335 5555 enim
2369 5498 2554 5564 ﬂuvii,
2579 5496 2757 5571 Gryrin
2802 5494 2975 5571 prati,
3022 5496 3598 5571 Ptosontis'denique
3645 5496 3832 5570 regio-

2178 5571 2272 5627 nis
2303 5567 2735 5643 nomen‘fuisse
2763 5567 2985 5624 scribit.
3012 5569 3122 5625 Sed
3153 5570 3347 5643 potior
3373 5567 3626 5643 videtur,
3647 5567 3832 5643 Zo'naf

2178 5660 2275 5699 ras
2306 5644 2407 5716 qui
2441 5638 2783 5716 Λαλακάωνα
2814 5656 3040 5716 nomen
3077 5638 3206 5716 esse
3263 5643 3519 5716 regionis
3563 5642 3683 5716 ait,
3724 5640 3832 5716 cui

2178 5711 2537 5789 astipulatur
2569 5713 2809 5769 Photius
2839 5711 2897 5766 in
2951 5712 3201 5789 epistola
3250 5711 3360 5789 147'
3400 5732 3528 5789 quae
3559 5713 3832 5789 inscribi-

2175 5791 2276 5844 tur
2298 5778 2582 5858 ’Θεοδότῳ
2614 5778 3163 5860 σπαθαροκανδίδάτῳ
3212 5786 3348 5842 κατὰ
3375 5778 3506 5850 τὸὺς
3563 5781 3832 5841 Λαλάκω-

2175 5877 2291 5922 νας.

3088 6078 3119 6111 κῖε

4130 5402 4135 5467 ί

4128 5524 4131 5623 l

4126 5642 4131 5773 ἰ
