4142 6380
331 423 410 488 23
1683 415 2000 482 JOANNIS

2108 419 2405 482 ΟΝΔΒιΕ
3679 423 3756 482 24

334 553 650 612 sollicitus.
683 557 762 609 Eo
813 557 1012 611 autem
1057 553 1143 610 sic
1181 554 1416 623 .ali‘ecto,
1449 553 1670 610 Bardas
1717 554 1991 611 versabat

2108 551 2298 624 ἀγῶνι,
2375 553 2464 608 καὶ
2539 553 2631 608 τὸν
2711 551 2872 626 μέσον
2954 551 3233 626 εὐώνυμον
3322 553 3756 623 καταστήσασθαι

336 643 558 710 omnia,
599 660 784 716 eoque
814 643 1210 716 pertrahebat,
1241 661 1357 716 quo
1393 648 1518 701 erat
1546 643 1804 711 libitum,
1836 651 1893 702 et
1922 645 1994 700 ad

340 732 585 790 Caesaris
634 732 940 804 fastigium
1001 739 1256 802 evectus,
1287 733 1520 806 imperii
1550 733 1862 789 invadendi
1892 751 1994 806 op-

338 821 762 895 portunitatem
793 822 1167 894 quaeritabat.
1213 823 1368 878 Nihil
1416 827 1614 879 autem
1663 823 1802 879 fecit
1831 823 1993 891 boni,

339 911 456 969 nisi
471 913 631 984 quod
649 911 1002 968 eruditionis
1026 911 1406 984 provehendae
1425 928 1707 984 magnum
1729 913 1996 968 studium

339 999 571 1057 habuit.
593 999 739 1056 Nam
766 999 1139 1073 philosophia
1157 1000 1422 1073 neglecta
1441 1001 1698 1072 jacebat,
1731 1017 1798 1057 ac
1816 1017 1997 1073 prope

340 1092 584 1146 omnino
606 1090 899 1146 exstincta
929 1095 1073 1156 erat,
1107 1094 1174 1145 ut
1203 1106 1277 1146 ne
1305 1089 1564 1147 scintilla
1593 1091 1834 1162 quidem
1865 1092 1996 1161 ejus

339 1182 716 1251 superesset:
749 1178 808 1234 in
859 1195 1040 1234 causa
1068 1179 1260 1235 fuerat
1284 1179 1706 1252 imperatorum
1738 1178 1994 1236 inscitia.

337 1269 452 1324 Sed
514 1267 610 1324 hic
670 1267 880 1340 cuique
938 1267 1270 1340 discipline
1323 1268 1557 1326 scholas
1587 1268 1912 1340 constituit,
1940 1273 1999 1324 et

339 1357 609 1412 doctores
659 1356 1012 1430 designavit,
1062 1361 1121 1414 et
1159 1357 1409 1430 singulis
1441 1356 1676 1430 publica
1704 1357 1999 1430 stipendia

339 1445 612 1516 decrevit,
647 1449 706 1502 et
734 1445 1011 1504 omnibus
1059 1461 1342 1520 magnum
1389 1452 1448 1503 et
1487 1462 1863 1504 communem
1895 1447 1997 1503 do-

341 1539 564 1592 ctorem
623 1536 880 1607 prefecit
925 1539 1174 1592 Leonem
1213 1534 1657 1609 philosophum,
1691 1536 1861 1608 cujus
1891 1537 1996 1592 do-

342 1624 550 1682 ctrinm
607 1623 824 1697 inclyta
881 1624 1040 1682 fama
1085 1631 1227 1697 erat,
1285 1625 1465 1682 etiam
1517 1626 1590 1682 ab
1644 1626 1998 1698 imperatore

343 1712 670 1785 TheOphilo
701 1712 1076 1781 honoratum,
1101 1714 1209 1771 hac
1240 1718 1564 1772 occasione.
1597 1718 1744 1771 Cum
1778 1715 2000 1772 multos

343 1802 586 1859 haberet
630 1801 976 1874 discipulos,
1009 1803 1221 1860 accidit
1278 1808 1344 1859 ut
1391 1820 1594 1860 eorum
1627 1805 1871 1877 quidam
1897 1820 1998 1860 ac-

2105 637 2412 710 σπεύδοντι,
2492 640 2676 714 αὐτὸς,
2755 641 2972 714 μάταιε,
3050 641 3174 718 περὶ
3246 645 3579 717 Σαρακηνῶν
3639 639 3757 696 ἐπι-

2104 726 2318 805 δρομῆς
2377 727 2620 806 διαλέγει
2653 749 2786 803 μοι;
2852 728 3117 795 Τοιοῦτος
3167 731 3196 786 6
3227 733 3527 804 θαυμάσιος
3554 731 3759 794 ἐκεῖνος

2102 818 2169 887 ἧν
2208 817 2481 894 βασιλεὺς,
2511 819 2602 874 καὶ
2651 817 2794 874 οὕτω
2843 819 2968 891 περὶ
3015 824 3124 875 τῶν
3173 824 3370 876 κοινῶν
3417 819 3754 896 πραγμάτων

2102 908 2191 962 καὶ
2241 915 2344 978 τῆς
2401 906 2678 984 βασιλείας
2739 905 3066 986 ἐφρόντιζεν.
3146 909 3388 965 Ἐκείνου
3460 907 3519 964 δὶ
3562 914 3756 965 τοῦτον

2105 993 2449 1080 διακειμένου
2492 998 2585 1054 τὸν
2625 999 2852 1075 τρόπον,
2905 999 2934 1054 6
2980 997 3188 1076 Βάρδας
3236 997 3458 1077 ἔστρεφε
3484 1000 3553 1054 τὰ
3583 999 3759 1075 πράγ-

2107 1107 2269 1160 ματα,
2300 1089 2389 1142 καὶ
2457 1090 2561 1163 ἦγε
2608 1088 2677 1143 τὰ
2725 1087 2901 1144 πάντα
2948 1087 3056 1160 ὅπη
3121 1091 3186 1158 ἦν
3236 1089 3389 1161 αύτῷ
3436 1088 3574 1162 πρὸς
3633 1089 3760 1164 βοῦ-

2107 1174 2234 1246 λῆς,
2281 1177 2368 1232 καὶ
2425 1176 2501 1241 εἰς
2552 1177 2653 1247 τήν
2703 1182 2803 1233 τοῦ
2861 1177 3130 1253 Καίσαρος
3188 1173 3512 1248 ἀναϐεϐήκει
3563 1179 3758 1252 τιμήν,

2103 1266 2192 1320 καὶ
2242 1267 2416 1338 ἑαυτῷ
2487 1267 2586 1336 τὴν
2669 1265 2949 1341 βασιλείαν
3025 1265 3248 1341 ἐμνᾶτο,
3323 1267 3415 1322 καὶ
3481 1267 3758 1340 εὐκαιρίαν

2105 1353 2305 1429 ἐζήτει,
2332 1355 2406 1410 ἵν’
2463 1356 2631 1426 αὐτῆς
2681 1354 3036 1430 ἐπιτεύξοιτο.
3084 1354 3254 1414 Οὐδὲν
3310 1355 3367 1412 δέ
3412 1357 3465 1412 οἱ
3505 1355 3760 1432 εἷ’ργαστο

2105 1443 2328 1518 ἀγαθὸν,
2386 1443 2422 1515 ἢ
2473 1445 2536 1500 τὸ
2592 1449 2699 1502 τῶν
2754 1443 2932 1521 λόγων
2975 1443 3234 1523 φροντίδα
3281 1446 3462 1511 θέσθαι
3515 1444 3760 1516 πολλήν.

2107 1532 2388 1605 Ἠμέλητο
2424 1533 2526 1609 γὰρ
2555 1533 2623 1589 τὰ
2645 1541 2744 1604 τῆς
2775 1532 3123 1612 φιλοσοφίας,
3162 1533 3252 1590 καὶ
3299 1529 3508 1605 ἀπέσϐη
3560 1531 3760 1609 σχεδὸν

2107 1621 2183 1684 εἷς
2236 1622 2299 1677 τὸ
2363 1621 2648 1692 παντελὲς,
2706 1623 2784 1686 ὡς
2823 1621 2952 1696 μηδ’
2983 1622 3225 1698 ἔναυσμά
3245 1645 3298 1680 τι
3339 1623 3758 1700 περιλειφθῆναι

2107 1711 2296 1785 αὐτῇς.
2329 1714 2506 1768 Τοῦτο
2534 1709 2592 1767 δὲ
2619 1715 2655 1782 ἡ
2699 1716 2806 1767 τῶν
2857 1711 3200 1788 κρατούντων
3247 1711 3494 1790 εἴργαστο
3541 1711 3759 1790 ἀλογία.

2107 1801 2169 1858 Ὀ
2223 1797 2282 1856 δὲ
2345 1799 2436 1856 καὶ
2477 1795 2756 1874 διατριϐὰς
2828 1800 3025 1878 ἑκάστῃ
3082 1801 3322 1880 ἀφώρισε
3370 1806 3478 1858 τῶν
3535 1800 3762 1872 ἐπιστη-

343 1896 544 1949 ourate
571 1893 632 1947 in
662 1890 984 1965 geometria
1029 1893 1319 1963 eruditus,
1361 1894 1504 1950 dum
1534 1893 1596 1950 in
1626 1893 1862 1950 Oriente
1893 1911 1996 1966 pe-

2113 1891 2252 1965 μῶν,
2281 1891 2372 1944 καὶ
2404 1887 2764 1954 διδασκάλους
2790 1890 3196 1966 προύστήσατο,
3236 1893 3326 1947 καὶ
3378 1893 3616 1962 σιτήσεις
3666 1887 3764 1962 δη-

344 1981 701 2054 regrinatur,
760 1999 796 2038 a
853 1982 1158 2040 Saracenis
1213 1989 1445 2056 captus,
1530 1983 1766 2040 cuidam
1846 1985 2000 2040 inter

345 2071 634 2128 barbaros
661 2069 880 2128 illustri
919 2071 980 2128 in
1011 2073 1354 2129 servitutem
1403 2073 1752 2130 traderetur.
1783 2075 2000 2147 Agere-

342 2175 558 2216 norum
590 2175 760 2233 porro
791 2161 1067 2235 princeps
1106 2162 1472 2220 theoremata
1518 2163 1750 2220 erudita
1777 2167 1835 2220 et
1861 2163 2000 2236 phi-

341 2248 646 2321 losophica
701 2250 968 2308 studiose
1023 2252 1320 2322 audiebat,
1355 2269 1471 2325 pras
1528 2253 1752 2310 caateris
1799 2259 1998 2309 tamen

344 2338 716 2412 geometricis
773 2340 1067 2397 methodis
1124 2347 1251 2398 erat
1301 2343 1559 2398 deditus.
1609 2348 1750 2399 Cum
1803 2347 2000 2398 autem

346 2425 562 2498 captivi
609 2427 788 2484 herus
834 2429 1195 2486 auditorium
1241 2431 1652 2501 frequentaret,
1683 2430 1999 2504 aliquando

348 2518 407 2570 et
439 2513 570 2587 ipse
626 2531 762 2572 eum
818 2517 1157 2588 comitatus,
1207 2519 1448 2588 auditis,
1507 2521 1864 2589 doctoribus,
1899 2520 2001 2590 qui

351 2602 574 2674 ﬁguras
629 2605 1016 2675 geometricas
1073 2605 1458 2675 delinearant,
1513 2614 1571 2664 et
1637 2608 2001 2682 triangulum

349 2691 545 2748 omnis
575 2691 772 2763 ﬁguras
801 2693 1160 2767 principium
1189 2711 1321 2753 esse
1348 2696 1656 2767 docebant,
1679 2713 2002 2770 omnesque

355 2779 580 2852 ﬁguras
609 2797 680 2837 ex
707 2797 775 2838 eo
805 2785 864 2838 et
909 2783 1070 2851 oriri,
1102 2788 1160 2840 et
1215 2783 1274 2840 in
1331 2787 1605 2842 eumdem
1655 2785 1886 2856 resolvi,
1946 2793 2004 2844 et

357 2868 647 2926 circulum
689 2871 956 2928 omnium
1005 2873 1327 2945 ﬁgurarum
1375 2891 1508 2946 quae
1537 2875 1764 2932 ambitu
1795 2876 2002 2948 aequali

360 2960 794 3031 contineantur,
817 2977 947 3016 esse
976 2962 1454 3034 capacissimum,
1495 2971 1552 3021 et
1599 2967 1730 3037 ejus
1771 2966 2003 3039 generis

350 3047 506 3104 alia:
539 3050 768 3122 rogavit
797 3051 1126 3120 dominum,
1159 3069 1232 3108 an
1262 3051 1465 3110 liceret
1493 3055 1808 3128 magistros
1837 3057 1908 3112 de
1929 3056 2002 3113 iis

349 3153 479 3210 quas
509 3141 800 3209 docerent,
853 3141 1232 3213 percontari?
1287 3145 1449 3208 Quod
1489 3161 1624 3200 cum
1655 3144 1755 3202 ille
1787 3133 2003 3218 permi-

2111 1979 2304 2053 μοσίας
2329 1978 2536 2036 τούτων
2565 1979 2776 2054 ἑκάστῳ
2824 1980 3130 2054 ἀπένειμενο
3173 1979 3262 2036 ἰπὶ
3309 1986 3441 2036 πᾶσι
3490 1977 3548 2036 δέ
3589 1979 3758 2055 μέγαν

2107 2067 2198 2123 καὶ
2255 2070 2439 2125 κοινὸν
2488 2072 2630 2144 (47¹)
2677 2066 3002 2126 διδάσκαλον
3047 2067 3398 2145 ἐγκατέστησε
3442 2069 3534 2125 τὸν
3590 2067 3755 2140 φιλό-

2109 2179 2275 2237 σοφον
2320 2159 2542 2230 Λέοντα,
2597 2157 2660 2214 οὗ
2707 2157 2868 2224 κλέος
2919 2158 3006 2214 ἐπὶ
3055 2158 3219 2238 σοφίᾳ
3262 2159 3428 2228 πολὺ,
3471 2159 3531 2222 ὃς
3557 2157 3757 2230 καὶτῷ

2113 2245 2329 2323 βασιλεῖ
2366 2247 2620 2323 Θεοφίλῳ
2649 2249 2867 2325 γέγονεν
2902 2245 3119 2322 ἔντιμος
3161 2246 3222 2303 ἐκ
3268 2247 3474 2324 τρόπου
3519 2244 3757 2304 τοιοῦδε.

2109 2335 2348 2394 Πολλῶν
2403 2336 2552 2410 αύτῷ
2609 2341 2884 2408 φοιτητῶν
2932 2333 3124 2407 ὄντων,
3182 2334 3278 2410 ἕνα
3325 2331 3520 2408 συνέϐη
3551 2335 3762 2391 τούτων

2108 2427 2246 2482 κατᾶ
2273 2428 2374 2497 τὴν
2405 2426 2575 2499 Ἑῴαν
2623 2423 3062 2499 ἀποδημήσαντα
3114 2431 3232 2491 τοῖς
3287 2430 3624 2504 Σαρακηνοῖς
3670 2445 3762 2500 γε-

2108 2516 2287 2580 νέσθαι
2347 2515 2656 2588 ἁλώσιμον,
2713 2515 2772 2579 ὃς
2829 2516 2897 2570 τὰ
2958 2522 3058 2586 τῆς
3112 2515 3448 2593 γεωμετρίας
3511 2513 3765 2589 μεμύητο

2109 2599 2374 2682 ἀκριϐῶς,
2425 2607 2514 2660 καί
2567 2603 2724 2668 οὗτος
2776 2609 2884 2660 τῶν
2944 2604 3091 2679 παρὰ
3135 2609 3254 2668 τοῖς
3317 2599 3614 2682 βαρϐάροις
3644 2603 3766 2660 ἐπι-

2112 2697 2304 2770 σήμων
2352 2695 2461 2750 τινὶ
2519 2691 2797 2749 δουλεύειν
2856 2693 3251 2769 ἀπονενέμητο.
3302 2696 3404 2752 Ἦν
3464 2691 3511 2750 δ’
3559 2695 3588 2750 6
3633 2695 3762 2750 τότε

2108 2789 2216 2840 τῶν
2253 2783 2315 2840 ἐκ
2357 2791 2458 2854 τῆς
2501 2785 2676 2861 ’Ἅγαρ
2722 2785 3073 2858 προεστηκὼς
3123 2782 3462 2863 φιλολογων,
3527 2783 3618 2838 καὶ
3677 2803 3764 2862 φιμ-

2111 2873 2365 2954 λοσόφων
2413 2871 2784 2950 θεωρημάτων
2831 2871 3110 2946 ἐπιμελῶς
3153 2873 3532 2947 ἀκροώμενος,
3583 2869 3757 2928 πλέον

2113 2961 2170 3020 δὶ
2197 2968 2305 3021 τῶν
2353 2961 2538 3020 ἄλλων
2570 2968 2690 3024 ταῖς
2741 2968 3134 3039 γεωμετρικαῖς
3189 2959 3442 3037 μεθόδοις
3501 2961 3759 3038 προσκεί-

2115 3074 2298 3127 μενος.
2327 3051 2551 3132 Ἐφοίτα
2599 3049 2658 3107 δὲ
2711 3053 2803 3106 καὶ
2855 3053 2883 3106 6
2931 3055 3028 3107 τοῦ
3075 3050 3441 3128 αἰχμαλώτου
3494 3047 3763 3120 δεσπότης

2110 3143 2257 3220 παρὰ
2304 3142 2370 3199 τὸ
2417 3141 2800 3217 ἀκροατήριον,
2849 3140 2938 3196 καί
2984 3161 3118 3196 ποτε
3171 3138 3320 3212 αὐτῷ
3363 3138 3510 3195 καὶὸ
3549 3139 3760 3216 αἰχμά·

350 3227 550 3299 sisset,
583 3228 772 3301 petiit,
803 3230 1062 3287 rationes
1109 3248 1306 3288 eorum
1337 3249 1464 3304 quae
1493 3235 1854 3302 docuissent,
1887 3235 1998 3291 sibi

2112 3231 2292 3293 λωτος
2350 3228 2555 3298 sistere,
2607 3229 2699 3285 καὶ
2779 3233 2890 3285 τῶν
2961 3225 3324 3284 διδασκόντων
3374 3227 3628 3301 ἀκούσας,
3672 3228 3764 3284 καὶ

357 3300 662 3374 declarari.
718 3317 938 3375 Verum
992 3319 1108 3376 illis
1165 3322 1322 3392 quod
1352 3300 1848 3395 iesponderent,‘
1880 3340 1996 3379 non

2113 3323 2376 3396 σχήματα
2416 3319 2642 3381 τούτους
2694 3315 2822 3374 ἰδὼν
2875 3315 3334 3394 διαχαράττοντας
3395 3300 3763 3394 γεωμετρικὰ,

349 3403 723 3479 habentibus,
755 3410 1154 3480 Agarenorum
1201 3409 1474 3482 princeps
1531 3411 1756 3484 captivo
1812 3428 2004 3469 accer-

352 3493 487 3562 sito,
522 3511 662 3552 num
694 3497 821 3568 ipse
849 3497 906 3553 id
939 3503 1138 3570 posset
1165 3501 1192 3554 ‘I
1229 3498 1625 3570 interrogavit,
1657 3517 1910 3572 eumque
1939 3519 2002 3559 se

353 3582 504 3640 scire
533 3585 950 3656 afﬁrmantem,
973 3587 1180 3644 alferre
1209 3588 1268 3643 in
1301 3589 1563 3646 medium
1585 3591 1792 3662 jussit.
1815 3591 2002 3663 Capti-

354 3688 464 3731 vus
514 3673 695 3747 igitur
731 3675 805 3732 ab
853 3675 1023 3733 initio
1081 3677 1340 3734 declarat
1384 3679 1640 3752 singula,
1672 3681 2002 3738 rationibus

356 3762 629 3820 adductis
661 3769 720 3821 et
749 3765 944 3822 causis
975 3767 1276 3838 expositis.
1310 3767 1620 3825 Auditores
1647 3771 1843 3827 verbis
1872 3772 2002 3843 ejus

354 3850 692 3920 intellectis,
725 3853 1089 3912 theoremata
1117 3846 1350 3913 acutius
1381 3861 2003 3932 perspexerunt,quasi

353 3939 615 3998 dilatatis
671 3942 951 4016 ingeniis,
1007 3945 1317 4016 virumque
1368 3946 1644 4004 admirati
1695 3955 2000 4022 rogarunt,

351 4029 454 4086 16
469 4031 502 4086 Ι
538 4047 613 4087 an
633 4032 1171 4106 Constantinopolis
1192 4034 1340 4092 alios
1359 4035 1584 4094 similes
1612 4037 1901 4095 haberet?
1931 4045 2005 4096 At

349 4117 500 4176 ille:
551 4119 792 4190 Multos,
820 4122 1037 4196 inquit,
1067 4140 1156 4179 me
1205 4127 1620 4197 praestantiore:
1676 4125 1857 4193 habet,
1911 4129 2002 4185 sed

349 4223 528 4265 unum
581 4212 908 4284 magistrum
962 4215 1234 4283 omnium,
1295 4215 1480 4271 virum
1517 4218 1577 4272 in
1614 4215 2004 4290 philosophias

353 4300 662 4356 rationibus
676 4303 1194 4374 incwnpambitem.
1219 4303 1320 4358 His
1339 4303 1577 4373 auditis,
1601 4309 2002 4380 Agarenorum

351 4385 629 4460 princeps
676 4405 877 4446 amore
906 4389 1070 4446 illius
1106 4393 1376 4464 magistri
1407 4400 1636 4464 captus,
1667 4411 1804 4450 eum
1832 4400 1890 4452 et
1914 4397 2003 4452 vi-

353 4474 494 4532 dere
522 4481 582 4534 et
611 4477 814 4534 audire
845 4478 1220 4548 desideravit,
1254 4496 1319 4536 ac
1348 4479 1595 4549 litteras,
1628 4483 1847 4554 quibus
1868 4484 2002 4541 hor-

351 4565 594 4622 tabatur
620 4571 686 4622 ut
713 4567 787 4623 ad
819 4583 881 4624 se
911 4569 1152 4639 veniret,
1193 4585 1483 4642 suamque
1507 4571 1858 4643 sapientiam
1888 4574 2004 4630 sibi

2110 3411 2290 3486 ἀρχήν
2354 3429 2414 3464 τε
2489 3408 2686 3470 παντὸς
2762 3407 2826 3463 τὸ
2875 3405 3138 3482 τρίγωνον
3218 3405 3348 3460 εἶναι
3411 3401 3762 3467 διδάσκοντας

2111 3500 2424 3576 σχήματος,
2478 3497 2615 3552 ὥστε
2663 3495 2712 3569 ἐξ
2766 3494 2931 3550 αὐτοῦ
2979 3495 3115 3549 ἅπαν
3165 3500 3361 3570 σχῆμα
3390 3491 3761 3564 συνίστασθαι,

2109 3589 2198 3644 καὶ
2235 3587 2311 3652 είς
2361 3585 2492 3663 αὐτὸ
2539 3583 2884 3658 ἀναλύεσθαι,
2943 3585 3033 3639 καί
3084 3583 3160 3645 ὡς
3206 3582 3420 3638 πάντων
3473 3582 3502 3637 6
3559 3578 3764 3644 κύκλος

2110 3684 2216 3735 τῶν
2246 3676 2674 3753 ίσοπεριμέτρων
2707 3674 2856 3747 αὐτῷ
2882 3673 2973 3728 καὶ
3023 3671 3364 3747 ἷσοπλεύρων
3417 3670 3528 3728 ἐστὶ
3584 3669 3761 3726 πολυ-

2110 3766 2518 3844 χωρητότερος,
2572 3763 2663 3819 καὶ
2718 3761 2865 3819 ἀλλὰ
2917 3765 3160 3818 τοιαῦταο
3221 3758 3388 3838 ἤρετο
3414 3762 3503 3816 τὸν
3564 3758 3756 3813 ἑαυτοῦ

2109 3856 2296 3932 κύριον
2331 3857 2359 3911 6
2419 3852 2801 3930 αἰχμάλωτος,
2856 3850 2903 3907 εί
2947 3851 3176 3906 πύθοιτο
3229 3854 3338 3905 τῶν
3393 3845 3756 3915 διδασκάλων,

2110 3946 2235 4021 περὶ
2265 3946 2338 4000 ὧν
2377 3941 2707 3998 διδάσκουσι·
2760 3940 2854 3996 καὶ
2917 3941 2978 4004 ὃς
3033 3939 3338 4016 ἐπέτρεψεν.
3399 3941 3458 3998 Ὁ
3515 3936 3573 3994 δὶ
3632 3935 3761 3998 τοὺς

2112 4033 2311 4110 λόγους
2356 4037 2465 4088 τῶν
2523 4029 2924 4105 διδασκομένων
2997 4030 3256 4102 ἐζήτησεν
3317 4027 3607 4107 σαφηνίσαι
3670 4025 3764 4082 αύ-

2109 4123 2258 4186 τούς.
2291 4121 2360 4182 Οἳ
2389 4119 2434 4178 δ’
2463 4119 2708 4198 ἠπόρουν
2737 4121 2874 4196 πρὸς
2904 4123 3089 4189 τοῦτο,
3133 4119 3224 4175 καὶ
3266 4119 3295 4174 6
3343 4116 3594 4195 ἀρχηγὸς
3647 4119 3758 4171 τῶν

2069 4215 2449 4290 ”Αγαρηνῶν,
2501 4207 3018 4288 προσκαλεσάμενος
3073 4209 3165 4264 τὸν
3224 4205 3626 4284 αἰχμάλωτον,
3684 4205 3761 4260 Σὺ

2113 4301 2182 4359 δι’
2215 4299 2341 4377 ἔφη,
2375 4299 2560 4356 δύναιο
2593 4298 2653 4354 ἂν
2709 4296 3008 4354 ἀποδοῦναι
3051 4297 3182 4362 τοὺς
3235 4295 3437 4373 λόγους
3499 4295 3760 4364 τούτους;

2109 4391 2357 4453 κάκεῖνος
2407 4390 2681 4454 κατέθετο.
2747 4388 2956 4446 Οὐκοῦν
3018 4386 3194 4459 λέξον,
3249 4387 3392 4445 εἶπε.
3443 4385 3547 4444 Καὶ
3603 4386 3761 4460 ἀρξά-

2115 4502 2276 4555 μενος
2303 4481 2332 4536 6
2358 4476 2717 4556 αἰχμάλωτος
2757 4477 3072 4558 ἐσαφήνιζεν
3117 4473 3364 4545 ἵκαστον,
3413 4477 3504 4532 καὶ
3559 4473 3762 4550 λόγους

2112 4568 2390 4638 ἀπεδίδου,
2422 4567 2512 4624 καὶ
2567 4567 2663 4630 τὰς
2719 4566 2896 4630 αἰτίας
2945 4565 3221 4644 κατέλεγε.
3277 4564 3377 4621 Καὶ
3431 4565 3484 4620 οἱ
3536 4563 3759 4620 ἀκούον-

351 4653 836 4726 communicaret,
865 4657 1091 4729 captivo
1147 4657 1469 4716 liberaliter
1506 4667 1565 4717 et
1603 4661 1853 4735 benigne
1882 4668 2000 4719 tra-

2109 4680 2196 4722 τες
2229 4658 2282 4714 ἐν
2313 4658 2517 4714 συνέσει
2548 4661 2656 4712 τῶν
2704 4654 3016 4732 λεγομένων
3059 4655 3324 4733 ἐγίνοντο,
3368 4653 3458 4710 καὶ
3509 4653 3757 4728 ὀξύτερον

352 4745 530 4813 ctato,
565 4744 637 4800 ad
669 4743 839 4801 illum
887 4746 1267 4818 perferendas
1309 4749 1505 4806 tradit.
1539 4754 1612 4806 At
1643 4751 1754 4808 Leo
1784 4753 2004 4810 veritus

351 4848 424 4888 ne
448 4831 510 4888 in
559 4833 782 4890 crimen
811 4835 1056 4906 veniret,
1090 4836 1164 4892 ob
1212 4837 1428 4894 missas
1459 4839 1530 4894 ab
1561 4839 1730 4898 hoste
1757 4841 2002 4912 litteras,

350 4921 667 4994 epistolam
721 4940 932 4981 cursus
986 4922 1296 4997 logothetae
1336 4929 1536 4995 tradit,
1569 4929 1794 5002 captivo
1825 4932 2003 4989 etiam

347 5011 625 5081 adducto,
657 5012 768 5085 qui
813 5019 1230 5086 argumentum
1261 5016 1389 5087 ejus
1419 5025 1752 5090 exponeret.
1786 5024 1867 5077 Ex
1897 5023 2004 5078 hoc

348 5099 672 5173 Theophila
720 5101 998 5172 innotuit,
1031 5107 1090 5158 et
1137 5103 1440 5161 beneﬁciis
1470 5107 1728 5179 allectus,
1771 5110 2004 5181 publice

348 5189 556 5245 docere
577 5191 788 5260 jussus
821 5195 912 5246 est
936 5208 948 5246 :
976 5196 1110 5262 post
1139 5192 1313 5248 etiam
1347 5192 1776 5251 Thessalonicae
1809 5197 2002 5269 ponti-

346 5276 440 5331 fex
486 5277 856 5350 designatus.
915 5279 1132 5336 Verum
1183 5281 1508 5354 Theophilo
1556 5290 1811 5356 mortuo,
1850 5287 2005 5344 inter

349 5369 587 5423 caeteros
618 5369 1037 5427 lconomachos
1059 5371 1451 5443 pontiﬁces,et
1473 5373 1602 5446 ipse
1621 5377 1694 5432 ob
1717 5376 2003 5434 honorem

2115 4745 2416 4804 ἐπέϐαλλον
2474 4752 2591 4810 τοῖς
2649 4748 2988 4822 Θεωρήμασι,
3047 4745 3138 4801 καὶ
3195 4743 3370 4824 σφίσιν
3402 4741 3671 4819 ηὐρύνετο
3721 4741 3758 4812 ἡ

2114 4836 2346 4909 διάνοια,
2377 4838 2465 4892 καὶ
2524 4837 2615 4892 τὸν
2673 4833 2840 4913 ἄνθρα
2897 4833 3224 4908 ἐθαύμαζον,
3283 4833 3514 4910 ἠρώτων
3573 4851 3654 4906 τε,
3712 4829 3760 4887 εἰ

2111 4927 2202 4983 καὶ
2233 4925 2436 4988 ἄλλους
2470 4924 2584 5002 ἔχει
2611 4927 2647 4994 ἡ
2686 4921 3262 4986 Κωνσταντινούπολις
3320 4921 3645 4992 τοιούτους;
3699 4921 3760 4978 Ὀ

2114 5016 2192 5086 δὲ,
2253 5014 2536 5086 Πολλοὺς,
2613 5013 2740 5092 ἔφη,
2806 5012 3084 5090 κρείντους
3144 5011 3282 5086 ἐμοῦ
3337 5010 3614 5083 κέκτηται,
3671 5007 3764 5066 ενα

2115 5105 2171 5162 δὲ
2226 5111 2333 5162 τῶν
2407 5105 2658 5159 ἀπάντων
2718 5099 3082 5158 διδάσκαλον·
3156 5098 3324 5180 ἄνδρα
3380 5101 3432 5157 ἐν
3487 5104 3606 5162 τοῖς
3659 5104 3762 5168 τῆς

2113 5194 2442 5276 φιλοσοφίας
2523 5193 2717 5268 λόγοις
2797 5192 2955 5248 παντὶ
3041 5188 3475 5269 ἀπαράμιλλον.
3559 5190 3766 5266 Ἔρωτι

2110 5286 2291 5343 τοίνυν
2347 5283 2580 5345 ἀκούσας
2631 5281 2801 5338 ταύτα
2871 5283 2899 5337 6
2969 5285 3080 5337 τῶν
3147 5282 3466 5358 Ἀγαρηνῶν
3520 5278 3766 5356 ἀρχηγὸς

2118 5375 2265 5432 ἐάλω
2319 5377 2417 5430 τοῦ
2470 5369 2796 5428 διδασκάλου
2851 5369 3080 5444 ἐκείνου,
3139 5370 3231 5427 καὶ
3288 5368 3463 5426 ἐλθεῖν
3523 5366 3766 5444 ἱμείρετο

1628 5503 1834 5567 Variae
1862 5505 2166 5570 lectiones
2196 5513 2260 5569 et
2287 5509 2476 5568 notae.

423 5613 566 5686 (47f)
598 5612 812 5686 Kotvo’v,
849 5615 1006 5686 Infra
1037 5617 1107 5674 de
1137 5619 1341 5674 eodem
1393 5619 1576 5677 Leone
1602 5637 1614 5676 :
1670 5620 1878 5676 Τοῦτον
1909 5620 2000 5676 οὖν

349 5683 378 5737 6
412 5681 622 5761 Bgip6a;
675 5683 1027 5761 _cxo7ta't§ov'ra
1085 5686 1354 5761 εύρηκὼς,
1411 5695 1520 5745 τῶν
1581 5689 1792 5746 λοιπῶν
1855 5689 2000 5748 διδα-

349 5753 564 5813 σκάλων
599 5753 846 5814 ἐπέκὲινα
875 5755 1042 5832 ἔταξε.
1095 5753 1214 5818 Chr
1253 5753 1388 5820 vero
1415 5764 1508 5837 .ita
1557 5763 1810 5838 dicatur,
1868 5767 2000 5826 vide

2111 5624 2266 5697 apud
2299 5621 2694 5680 continuator.
2726 5620 3104 5706 Theophanis
3131 5619 3236 5678 lib.
3269 5636 3357 5702 ιν,
3396 5635 3456 5674 n.
3513 5617 3606 5687 29,
3666 5614 3767 5670 ubi

2112 5697 2300 5746 multa
2328 5695 2400 5746 de
2431 5693 2538 5746 hoc
2572 5693 2777 5746 Leone.
2808 5709 2983 5746 cuius
3012 5709 3190 5746 onera
3237 5705 3400 5746 varia
3435 5689 3766 5746 mathema-

2112 5693 2300 5753 multa
2328 5695 2400 5750 de
2431 5693 2538 5749 hoc
2572 5693 2777 5761 Leone,
2808 5693 2983 5766 cujus
3012 5709 3190 5768 opera
3237 5693 3400 5748 varia
3435 5693 3766 5747 mathema-

2110 5768 2230 5828 tica
2257 5765 2553 5824 habentur
2572 5763 2634 5822 in
2661 5763 2810 5822 Bibl.
2845 5765 3166 5824 Colbertea.
