4142 6404
370 432 450 492 25
1683 436 2104 500 ANNALIUM
2148 437 2296 499 LIB.
2342 439 2511 503 XVI.
3719 442 3801 500 26

376 560 459 625 εἲς
554 562 674 617 θέαν
744 560 951 619 τούτου
1020 562 1109 619 καὶ
1180 564 1258 628 εἷς
1336 565 1616 641 ἀκρόασιν,
1691 568 1782 624 καὶ
1863 567 2015 645 ἐγχα·

2148 570 2335 627 sacris
2384 570 2747 644 imaginibus
2804 587 2920 627 non
2981 570 3264 640 delatum,
3324 576 3475 628 esta
3520 569 3808 642 dignitate

378 653 540 728 ράξας
632 649 931 722 ἐπιστολὴν
1026 652 1165 729 πρὸς
1256 654 1351 710 τὸν
1443 657 1611 733 ἄνθρει
1682 655 2033 734 παρακαλοῦ-

380 762 475 797 σαν
562 740 862 818 ἀφικέσθαι,
950 743 1039 797 καὶ
1134 742 1457 817 μεταδοῦναι
1544 745 1691 819 αὐτῷ
1765 750 1864 817 τῆς
1940 769 2032 803 σο-

385 830 510 905 φίας
569 829 750 899 αὐτοῦ,
812 828 907 886 διὰ
951 836 1050 887 τοῦ
1108 831 1478 909 αἰχμαλώτου
1548 835 1765 892 στέλλει
1839 836 2031 906 αὐτὴν,

385 920 690 996 φιλοτίμως
738 923 929 975 τοῦτον
990 917 1418 997 δεξιωσάμενος.
1464 929 1551 987 Ὡς
1604 922 1662 979 δὲ
1712 929 1794 997 τῷ
1839 924 2031 981 Λέοντι

378 1007 666 1082 κεκόμιστο
742 1012 778 1079 ἡ
858 1010 1083 1088 γραφὴ,
1171 1008 1349 1074 δείσας
1431 1015 1506 1086 μὴ
1602 1012 1870 1086 αἰτιαθείη
1958 1013 2033 1077 ὡς

374 1099 606 1175 γράμμα
659 1094 949 1172 δεξάμενος
996 1098 1047 1171 ἐξ
1098 1099 1313 1178 ἐχθρῶν
1376 1101 1671 1180 ἐγχειρίζει
1730 1108 1810 1177 τῷ
1868 1100 2031 1179 λογο-

368 1187 496 1262 θέτῃ
541 1191 639 1243 τοῦ
688 1182 897 1262 δρόμου
946 1189 1009 1244 τὸ
1057 1188 1392 1264 ἐπιπόλιον,
1451 1193 1539 1247 καὶ
1593 1192 1891 1270 παρίστησι
1940 1193 2031 1248 τὸν

373 1274 738 1352 αἰχμάλωτον
770 1319 785 1345 ,
863 1277 1114 1342 κάκεῖνος
1193 1281 1292 1351 τὴν
1376 1281 1625 1346 ὑπόθεσιν
1704 1279 2027 1359 διηγήσατο.

372 1367 646 1423 Ἐντεῦθεν
682 1366 965 1443 γνώριμος
1017 1369 1046 1424 6
1104 1368 1403 1449 φιλόσοφος
1456 1371 1608 1426 Λέων
1646 1375 1727 1445 τῷ
1777 1370 2030 1448 Θεοφίλῳ

370 1453 603 1531 ἐγένετο,
670 1456 761 1511 καὶ
838 1457 1228 1534 οῦεργετεῖται,
1302 1459 1395 1515 καὶ
1453 1457 1695 1534 δημοσίᾳ
1756 1457 2028 1517 διδάσκειν

367 1543 756 1620 προτρέπεται,
841 1545 955 1601 εἶτα
1042 1547 1133 1603 καὶ
1243 1549 1534 1625 ἀρχιερεὺς
1632 1556 2027 1626 χειροτονεῖται

366 1631 796 1703 Θεσσαλονίκης.
831 1634 1096 1700 Θανόντος
1126 1637 1310 1711 μέντοι
1339 1643 1436 1694 τοῦ
1467 1639 1738 1718 Θεοφίλου
1785 1640 1875 1695 καὶ
1921 1645 2029 1696 τῶν

368 1722 775 1798 Εἰκονομάχων
842 1723 1146 1801 ἀρχιερέων
1219 1729 1526 1805 καθαιρέσει
1582 1726 2025 1800 ὑποϐληθέντων,

365 1813 459 1867 καὶ
491 1813 522 1867 6
559 1812 712 1869 Λέων
742 1813 945 1869 οὕτωσὶ
988 1815 1397 1891 συγκαθῄρητο,
1447 1816 1531 1873 ὅτι
1582 1819 1659 1892 μὴ
1707 1820 1876 1893 τιμὴν
1905 1825 2027 1882 ταῖς

367 1899 539 1963 θείαις
592 1900 795 1957 είκόσιν
841 1903 1118 1979 ἀπένειμε.
1168 1909 1367 1962 Τοῦτον
1419 1907 1509 1961 οὗν
1557 1908 1585 1963 6
1635 1905 1843 1983 Βάρδας
1883 1928 2023 1984 σχο-

2142 660 2423 732 privatus.
2460 660 2625 717 Hunc
2650 661 2831 733 igitur
2860 661 3077 718 Bardas
3109 678 3242 718 cum
3298 662 3484 718 otium
3531 666 3803 733 agentem

2143 749 2489 816 invenisset,
2559 752 2782 821 caeteris
2839 750 3143 824 magistris
3192 750 3530 822 praeposuit,
3593 750 3809 822 itaque

2141 838 2331 894 effecit
2365 844 2428 895 ut
2457 839 2661 895 litterae
2695 840 3155 910 reﬂorescerent,
3182 840 3512 912 exiguoque
3538 844 3803 911 tempore

2140 927 2508 985 incrementa
2559 934 2850 1001 caperent.
2908 929 3069 985 Idem
3117 929 3292 985 etiam
3355 928 3513 1000 leges
3572 928 3798 993 civiles,

2142 1034 2394 1089 quarum
2445 1018 2700 1090 cognitio
2744 1020 2869 1089 jam
2921 1035 3069 1091 pene
3127 1018 3369 1074 omnino
3416 1017 3799 1087 obsoleverat,

2141 1106 2452 1173 revocavit,
2486 1123 2618 1162 cum
2654 1107 3026 1179 ipsejudicia
3059 1106 3476 1178 frequentaret.
3512 1106 3594 1163 0b
3636 1108 3794 1179 quod

2138 1193 2588 1267 disciplinarum
2619 1200 2677 1251 et
2706 1196 3055 1251 eruditionis
3088 1195 3351 1251 studium
3386 1200 3450 1251 ut
3480 1195 3672 1268 laude.
3707 1196 3794 1251 di-

2139 1300 2294 1356 gnus
2319 1289 2429 1340 est:
2454 1284 2541 1340 sic
2562 1285 2637 1341 ob
2668 1285 2781 1340 alia
2812 1301 2993 1359 supra
3013 1285 3253 1341 modum
3285 1284 3713 1357 vituperandus
3740 1290 3798 1341 et

2139 1373 2538 1445 despuendus.
2571 1374 2717 1429 Nam
2751 1391 2885 1430 cum
2908 1377 3148 1429 sanctus
3179 1374 3795 1440 Methodius,Ecclcsia

2139 1463 2313 1518 annis
2344 1479 2400 1518 ιν
2420 1464 2765 1535 gubernata,
2796 1462 2855 1517 in
2892 1462 3156 1519 caelestes
3189 1463 3523 1519 mansiones
3552 1462 3797 1534 migras-

2137 1556 2263 1607 set:
2328 1551 2591 1623 Ignatius
2645 1552 3003 1618 monachus,
3057 1552 3423 1623 imperatoris
3480 1549 3792 1624 Nicephori

2135 1639 2445 1712 generalis,
2469 1658 2537 1696 ex
2566 1641 2687 1696 {ilia
2711 1658 2912 1713 nepos,
2947 1640 3248 1697 Michaelis
3280 1639 3575 1714 Rangabis
3608 1641 3787 1709 filius,

2136 1746 2251 1800 quo
2273 1746 2451 1802 regno
2475 1730 2709 1802 pulso,a
2735 1732 2920 1786 Leone
2939 1735 3473 1786 castratuscomam
3501 1730 3787 1796 detondit,

2135 1823 2191 1873 et
2212 1817 2384 1891 longo
2416 1822 2681 1890 tempore
2728 1818 2996 1874 asceticis
3047 1819 3365 1875 sudoribus
3408 1834 3645 1873 carnem
3693 1819 3793 1876 do-

2137 1907 2306 1977 muit,
2338 1908 2410 1963 ab
2444 1907 2818 1980 imperatrice
2875 1908 3181 1963 Theodore.
3238 1924 3435 1963 rerum
3503 1907 3787 1981 potiente,

367 1987 608 2059 λάζοντα
660 1989 928 2065 εὖρηκὼς,
979 1970 1087 2049 τῶν
1134 1992 1351 2051 λοιπῶν
1394 1970 1734 2053 διδασκάλων
1784 1970 2015 2053 ἐπέκέίνο

2136 1997 2192 2050 in
2227 1996 2585 2068 pontiﬁciam
2619 1996 3210 2069 Constantinopoleos
3241 1997 3438 2053 sedem
3517 2001 3608 2053 est
3663 2014 3791 2053 eve-

367 2074 543 2149 ἔταξε,
592 2079 684 2134 καὶ
743 2079 921 2144 οὕτως
963 2080 1298 2154 ἀναθαλῆσαι
1356 2084 1484 2149 τοὺς
1534 2082 1733 2163 λόγους
1782 2085 2025 2159 ἐποίησε,

364 2166 460 2221 καὶ
518 2167 596 2231 εἰς
655 2166 899 2224 ἐπίδοσιν
956 2174 1317 2248 προήνεγκεν,
1378 2173 1441 2228 οὗ
1501 2171 1589 2229 διὰ
1649 2180 1879 2250 μακροῦ.
1925 2174 2025 2231 Καὶ

362 2254 493 2317 τοὺς
522 2256 729 2331 νόμους
778 2256 836 2314 δὲ
882 2259 1010 2323 τοὺς
1051 2260 1374 2326 πολιτικοὺς
1422 2258 1692 2335 ἀνηϐῆσαι
1732 2263 2021 2335 πεποίηκε,

361 2350 571 2422 φοιτῶν
621 2347 789 2410 αὐτὸς
844 2348 921 2413 είς
966 2349 1035 2405 τὰ
1073 2347 1417 2428 δικαστήρια,
1466 2350 1577 2424 ἤδη
1627 2353 1717 2409 καὶ
1763 2361 1863 2425 τῆς
1892 2354 2020 2410 τού-

357 2454 471 2490 των
501 2436 756 2510 γνώσεως
799 2435 994 2514 σχεδὸν
1051 2438 1111 2495 ἐκ
1157 2438 1478 2505 λελοιπυίας
1531 2441 1892 2502 παντάπασιν.
1958 2447 2017 2502 Ἠ

370 2523 469 2597 μὲν
502 2521 594 2579 οὖν
638 2525 765 2602 περὶ
813 2527 911 2590 τὰς
958 2526 1262 2603 ἐπιστήμας
1311 2530 1402 2586 καὶ
1457 2532 1524 2586 τὰ
1585 2534 1880 2606 μαθήματα
1923 2538 2018 2589 τοῦ

360 2609 547 2687 Βάρδα
620 2612 831 2684 σπουδὴ
912 2615 1238 2690 ἀξιέπαινος,
1314 2621 1384 2675 τὰ
1458 2618 1506 2675 δ’
1559 2619 1703 2677 ἄλλα
1753 2623 1842 2678 καὶ
1895 2621 2014 2680 λίαν

354 2702 528 2774 ψεκτὰ
560 2703 650 2757 καὶ
681 2705 1048 2761 κατάπτυστα.
1095 2708 1208 2763 Τοῦ
1259 2705 1359 2782 γὰρ
1405 2707 1553 2785 ἱεροῦ
1604 2706 1869 2765 Μεθοδίου
1920 2704 2012 2781 ἔτη
2060 2780 2063 2785 ν

363 2791 465 2859 τὴν
519 2790 844 2863 Ἐκκλησίαν
901 2792 1178 2858 ἰθύναντος
1238 2796 1493 2871 τέσσαρα,
1566 2800 1658 2853 καὶ
1712 2799 1849 2874 πρὸς
1918 2801 2013 2863 τὰς

377 2877 578 2942 ἀιδίους
614 2881 972 2953 μεταστάντος
1008 2884 1201 2957 μονὰς,
1243 2885 1272 2939 6
1300 2884 1544 2961 γοναχὸς
1604 2886 1861 2962 Ἰγνάτιος
1912 2895 2012 2958 τῆς

372 2966 694 3038 Ἐκκλησίας
724 2971 995 3048 προέστη,
1022 2972 1082 3037 ὃς
1111 2971 1467 3049 θυγατριδοῦς
1502 2975 1596 3048 μὲν
1644 2976 1708 3045 ἦν
1758 2976 2012 3055 Νικηφό-

368 3075 470 3132 ρου
510 3062 601 3113 τοῦ
631 3059 900 3135 βασιλέως
942 3065 1040 3117 τοῦ
1085 3062 1448 3138 ἀπογενικῶν,
1507 3064 1623 3127 υίὸς
1682 3061 1740 3120 δὲ
1776 3064 2010 3142 Μιχαὴλ

363 3143 636 3229 βασιλέως
683 3153 782 3205 τοῦ
830 3145 1118 3227 Ῥαγγαϐὲ,
1164 3152 1255 3207 καὶ
1305 3154 1441 3226 μετὰ
1465 3153 1565 3223 τὴν
1595 3160 1697 3224 τῆς
1732 3153 2012 3229 βασιλείας

352 3228 626 3292 ἔκπτωσιν
694 3242 792 3293 τοῦ
867 3239 1071 3317 πατρὸς
1143 3241 1333 3315 αὐτοῦ,
1408 3243 1554 3318 παρὰ
1618 3228 1741 3299 τοῦ
1780 3244 2009 3308 Λέοντος

2137 2093 2288 2141 ctus.
2320 2085 2372 2141 Is
2424 2090 2666 2142 sanctus
2719 2086 2979 2159 lgnatius
3025 2086 3267 2142 Bardam
3315 2090 3623 2155 Caesarem,
3672 2085 3776 2158 qui

2135 2190 2373 2231 uxorem
2406 2175 2532 2231 sine
2561 2192 2739 2232 causa
2796 2175 3123 2243 dimiserat,
3185 2183 3239 2231 et
3270 2191 3405 2231 cum
3454 2191 3564 2230 sua
3618 2192 3781 2230 nuru

2134 2265 2509 2321 consuevisse
2536 2265 2858 2335 dicebatur,
2884 2281 3113 2320 sacram
3167 2264 3346 2319 eadem
3407 2262 3634 2336 ingredi
3686 2280 3779 2319 ve-

2128 2353 2264 2409 tuit.
2298 2359 2372 2408 At
2400 2352 2500 2409 ille
2526 2354 2863 2426 pontiﬁcem
2887 2370 2955 2410 ea
2984 2355 3055 2410 de
3087 2369 3267 2409 causa
3298 2351 3559 2409 Ecclesia
3591 2352 3777 2427 pellit,

2130 2446 2189 2498 et
2220 2442 2421 2499 multis
2445 2443 2616 2500 malis
2645 2444 3006 2517 exagitatum
3032 2441 3301 2515 sepulcro
3323 2442 3559 2498 tandem
3593 2440 3783 2498 inclu-

2128 2531 2232 2589 dit.
2268 2537 2407 2588 Post
2455 2533 2594 2590 inde
2625 2537 2983 2590 exstractum
3030 2532 3088 2588 in
3123 2531 3461 2605 Mitylenem
3521 2530 3779 2588 insulam

2128 2620 2367 2693 relegat.
2400 2620 2597 2694 Neque
2627 2639 2762 2678 vero
2791 2622 2947 2677 hunc
2981 2620 3175 2678 solum
3202 2621 3284 2676 ita
3331 2620 3623 2687 tractavit,
3674 2620 3777 2676 sed

2127 2708 2273 2766 alios
2302 2710 2481 2768 etiam
2515 2712 2839 2783 pontiﬁces,
2870 2711 2968 2783 qui
3019 2715 3222 2768 sancto
3275 2709 3524 2782 Ignatio,
3570 2727 3604 2765 a
3657 2726 3773 2781 quo

2124 2799 2308 2855 sacris
2338 2800 2685 2857 interdictus
2744 2804 2953 2870 fuerat,
3028 2799 3551 2857 assentiebantur:
3598 2803 3656 2854 et
3715 2799 3773 2855 in

2123 2888 2252 2960 ejus
2283 2888 2472 2945 locum
2505 2890 3035 2956 suﬂ‘ecitPhotium
3059 2890 3254 2945 virum
3303 2888 3618 2961 insignem,
3652 2888 3769 2960 pri-

2123 2977 2377 3033 marium
2438 2996 2472 3033 a
2520 2979 2787 3047 secretis,
2848 2984 2906 3037 et
2948 2978 3276 3036 eruditonis
3325 2977 3562 3033 nomine
3612 2977 3767 3035 162

2120 3065 2586 3124 celeberrimum.
2622 3069 2767 3125 Cum
2813 3073 3011 3125 autem
3060 3073 3229 3139 Papae
3289 3066 3537 3122 Romani
3592 3065 3769 3139 legati

2119 3160 2322 3211 contra
2350 3156 2767 3213 Iconomacbos
2795 3157 2959 3213 missi
2994 3157 3287 3227 adessent,
3321 3155 3590 3211 iisetiam
3623 3156 3769 3210 Bar-

2118 3246 2225 3301 das
2256 3245 2568 3318 persuasit,
2595 3245 2745 3302 utin
2774 3262 2943 3302 suam
2984 3245 3340 3301 sententiam
3373 3244 3546 3299 irent.
3582 3242 3769 3316 Igitur

347 3321 614 3399 ἐκτομίας
664 3327 978 3403 γενόμενος,
1024 3328 1263 3407 ἐκείρατό
1290 3352 1350 3388 τε
1375 3332 1475 3401 τήν
1506 3331 1695 3409 τρίχα,
1748 3332 1839 3389 καὶ
1914 3332 2003 3389 ἐπὶ

2127 3335 2252 3390 inde
2268 3336 2387 3391 aede
2399 3336 2749 3391 Sanctorum
2762 3334 3173 3407 Apostolorum
3195 3331 3765 3407 congregati,sancto

346 3415 565 3492 μακρὸν
597 3416 919 3486 ἀπητικοῖς
974 3415 1167 3495 ἱδρῶσι
1210 3422 1273 3476 τὸ
1326 3421 1548 3496 σαρκίον
1599 3420 1885 3496 ἐδάμασεν,
1945 3424 2003 3479 ὃν

341 3505 382 3575 ἠ
441 3502 665 3580 βασιλὶς
715 3504 973 3585 Θεοδωρα
1016 3508 1084 3564 τὰ
1126 3516 1229 3579 τῆς
1282 3509 1560 3587 βασιλείας
1617 3511 1871 3569 ἰθύνουσα
1928 3513 2004 3576 εἰς

2116 3425 2340 3497 Ignatio
2398 3426 2472 3482 ab
2526 3425 2728 3482 exsilio
2761 3426 3026 3496 reducto,
3060 3424 3409 3497 dignitatem
3450 3423 3757 3497 abrogant.

2113 3518 2304 3588 Atque
2336 3515 2458 3572 haec
2488 3515 2560 3571 ad
2592 3514 2749 3571 hunc
2771 3516 2888 3571 fere
2921 3514 3165 3570 modum
3197 3518 3328 3569 acta
3356 3518 3515 3570 sunt.

336 3604 437 3660 τὸν
471 3603 857 3683 ἀρχιερατικὸν
888 3611 990 3674 τῆς
1021 3608 1644 3675 Κωνσταντινουπόλεως
1669 3611 1902 3690 ἀνήγαγε
1930 3613 2146 3689 θρόνον.
2180 3612 2354 3676 Οὗτος
2379 3612 2560 3670 τοίνυδ
2593 3614 2622 3668 6
2654 3614 2799 3676 θεῖος
2853 3613 3117 3688 Ἰγνάτιος
3144 3609 3236 3667 τὸν
3268 3611 3507 3688 Καίσαρα
3530 3607 3768 3689 Βάρδαν,

336 3694 446 3763 τήν
474 3697 723 3771 γαμετὴν
747 3695 1001 3761 ἀναιτίως
1026 3697 1515 3773 ἀποπεμψάμενον,
1550 3699 1969 3778 συμφθείρεσθαι
2021 3698 2080 3758 δὲ
2137 3701 2435 3777 λεγόμενον
2466 3704 2535 3776 τῇ
2593 3701 2780 3779 νύμφῃ
2837 3704 2905 3776 τῇ
2938 3702 3148 3771 ἑαυτοῦ,
3182 3705 3289 3756 τῶν
3358 3701 3516 3775 ἱερῶν
3565 3694 3768 3769 ἐπιϐῆ-

339 3805 434 3839 ναι
465 3781 783 3861 περιϐόλων
812 3784 1071 3843 ἐκώλυεν.
1106 3790 1168 3847 Ὁ
1198 3786 1257 3845 δὲ
1286 3787 1377 3845 διὰ
1404 3795 1564 3846 τοῦτο
1597 3794 1694 3861 τῆς
1726 3790 2057 3863 Ἐκκλησίας
2117 3792 2398 3867 μεθίστησι
2439 3792 2529 3848 τὸν
2590 3792 2869 3869 ἀρχιερέα,
2925 3792 3015 3847 καὶ
3055 3791 3242 3847 πολλά
3292 3792 3564 3859 κακώσας,
3608 3788 3768 3853 τέλος

339 3870 580 3947 ἐγκλείει
608 3873 765 3950 τάφῳ
794 3877 928 3949 (48).
961 3876 1073 3931 Εἶτ’
1104 3874 1304 3942 ἐκεῖθεν
1339 3877 1622 3955 ἐξενεγκὼν
1656 3878 1732 3941 εἰς
1758 3879 2081 3952 Μιτυλήνην
2109 3881 2202 3936 τὸν
2234 3888 2394 3952 νῆσον
2429 3880 2753 3955 ὑπερορίζει.
2787 3880 2887 3934 Καὶ
2918 3878 2979 3935 οὖ
3009 3884 3200 3936 τοῦτον
3253 3878 3417 3953 μόνον
3466 3878 3608 3936 οὕτω
3667 3876 3774 3934 διέ-

342 3971 494 4031 θετο,
529 3960 675 4018 ἀλλὰ
698 3963 785 4018 καὶ
819 3960 1043 4027 πλείους
1095 3960 1303 4031 ἄλλους
1328 3970 1439 4022 τῶν
1470 3967 1796 4044 ἀρχιερέων,
1823 3970 1942 4023 ὅσοι
1970 3973 2051 4042 τῷ
2082 3969 2324 4046 Ἰγνατίῳ
2351 3969 2605 4046 γεγόνασι
2637 3968 2945 4045 σύμψηφοι,
2980 3969 3140 4023 αὐτὸν
3172 3967 3509 4046 ἀφορίσαντι·
3537 3987 3769 4043 προχει-

343 4049 555 4126 ρίζεται
590 4046 649 4107 δὲ
675 4051 1023 4129 πατριάρχην
1053 4054 1146 4110 τὸν
1198 4056 1412 4111 Φώτιον
1444 4058 1580 4131 (48⁵)
1638 4053 1807 4134 ἄνδρα
1832 4061 1939 4112 τῶν
1972 4056 2260 4132 ἐπισήμων
2289 4062 2782 4134 πρωτοασηκρῆτις
2810 4057 2934 4111 τότε
2961 4057 3322 4132 τυγχάνοντα,
3352 4055 3443 4110 καὶ
3477 4056 3527 4110 ἐν
3583 4053 3771 4130 λόγοις

343 4139 813 4213 ὀνομαστότατον.
846 4143 934 4206 Ὡς
967 4139 1013 4198 δ’
1043 4138 1206 4221 ἔτυχε
1234 4149 1484 4219 παρεῖναι
1514 4146 1605 4201 καὶ
1631 4148 2013 4224 τοποτηρητὰς
2041 4150 2137 4203 τοῦ
2168 4147 2320 4202 πάπα
2348 4145 2564 4219 Ῥώμης
2591 4147 2727 4201 κατὰ
2753 4149 2861 4200 τῶν
2895 4145 3274 4222 εἷ’κονομάχων
3307 4147 3419 4219 (49)
3451 4143 3766 4218 σταλέντας,

350 4226 632 4315 κάκείοιους
664 4231 693 4285 6
718 4228 935 4309 Βάρδας
982 4232 1282 4315 πείθειοτῆς
1312 4232 1504 4289 ἑαυτοῦ
1536 4232 1783 4310 γενέσθαι
1814 4235 2064 4309 γνώμης.
2126 4237 2212 4292 ’Ev
2271 4238 2402 4310 γοῦν
2429 4238 2510 4308 τῷ
2557 4238 2667 4289 τῶν
2696 4232 2888 4309 Ἁγίων
2922 4232 3267 4291 Ἀποστόλων
3301 4237 3414 4307 ναῷ
3458 4233 3768 4310 ἀθροισθέν-

346 4335 439 4379 τες
468 4314 656 4395 ἄγουσι
684 4320 776 4376 καὶ
827 4322 918 4376 τὸν
949 4314 1242 4400 ἱερώτατον
1276 4321 1533 4399 Ἰγνάτιον
1566 4322 1618 4379 ἐν
1647 4330 1749 4395 τῆς
1784 4324 2071 4401 ὑπερορίας
2095 4323 2187 4381 καί
2214 4329 2496 4381 ποιοῦνται
2538 4328 2729 4380 τοῦτον
2766 4323 2867 4379 ὑπὸ
2906 4324 3237 4400 καθαίρεσιν.
3293 4323 3394 4380 Καὶ
3447 4328 3615 4379 ταῦτα
3670 4323 3766 4397 μὶν

339 4401 451 4461 ὧδέ
478 4428 597 4471 πως
632 4404 877 4484 συμκέϐη
886 4430 965 4467 κε.

411 4499 491 4554 Ε’.
515 4498 587 4552 Τὸ
634 4494 680 4553 δ’
727 4493 880 4563 ἔθνος
926 4504 1039 4557 τῶν
1077 4501 1210 4565 Ῥὼς
1259 4501 1523 4559 Σκυθικὸν
1741 4502 1824 4574 ὃν,
1887 4506 1994 4558 τῶν

324 4584 463 4661 περὶ
493 4586 587 4642 τὸν
614 4588 817 4666 Ταῦρον
866 4588 1058 4665 ἐθνῶν,
1111 4587 1298 4665 στόλῳ
1342 4591 1411 4647 τὰ
1453 4595 1552 4647 τοῦ
1584 4590 1839 4664 Εὐξείνου
1865 4591 1994 4649 πόν-

2177 4504 2250 4561 V.
2308 4504 2462 4563 Gens
2531 4508 2728 4562 autem
2784 4504 3055 4579 Scythica
3078 4504 3274 4572 Russi,
3306 4504 3483 4561 Tauri
3542 4503 3762 4561 montis

2107 4594 2325 4664 accola,
2358 4594 2547 4652 classe
2573 4593 2865 4665 Euxinum
2896 4598 3145 4651 Pontum
3178 4610 3478 4668 aggressa,
3510 4593 3621 4666 ipsi
3655 4594 3761 4668 By-

1040 4806 1043 4807 ν
1638 4742 1835 4803 Varias
1864 4742 2160 4805 lectiones
2188 4748 2249 4804 et
2288 4747 2479 4805 notaz.

412 4842 533 4927 (48)
565 4841 838 4927 ᾚγκλείει
865 4845 1043 4927 Ξᾴφῳ.
1064 4848 1142 4927 .In
1182 4847 1532 4927 Capronymi
1585 4866 1752 4927 urna,
1787 4854 1851 4906 ut
1880 4854 1997 4927 tra-

2155 4849 2293 4927 ·(49)
2324 4847 2475 4927 Κατᾷ
2516 4845 3069 4927 τῶνεῖκονο-μάχων.
3120 4850 3236 4927 Hoc
3292 4848 3417 4927 10:09
3473 4849 3547 4905 ad
3604 4865 3762 4927 mar-

328 4916 431 4970 dit
459 4916 837 4993 continuator
864 4916 1391 4993 Th'ebpbanisflib.
1412 4916 1500 4989 ἰν,
1534 4938 1661 4993 cap.
1692 4922 1756 4977 3i
1782 4938 1795 4989 ;
1825 4926 1881 4978 et
1910 4924 1998 4978 Si-

327 5003 520 5065 mepn
551 4988 872 5065 Logotheta
896 4992 963 5065 in
1013 4988 1310 5065 Micb‘aele,
1356 5010 1416 5048 ιι.
1463 4988 2001 5065 A28._1§Iicetasgcap-

326 5058 537 5136 pud?!
567 5058 871 5136 in'lgnatii
896 5063 1066 5120 Vita:
1100 5062 1188 5136 06
1234 5058 1398 5136 μόνον
1458 5060 1536 5136 δέ,
1570 5061 1715 5120 ἀλλὰ
1767 5063 1855 5136 καὶ
1913 5058 1995 5120 ἐπ’

325 5129 530 5229 ἐότῆἒ
557 5129 750 5229 αέτὲξν
771 5136 868 5188 τοῦ
926 5129 1306 5224 Κοπρωνύμόυ
1361 5141 1462 5229 ἰῆς
1508 5129 1779 5229 λάρνακος
1812 5135 2003 5229 ’ἐκάιθι-

325 5208 429 5274 ζον
469 5197 934 5274 νᾶναϐιϐάζοντας,
994 5197 1085 5262 καὶ
1140 5197 1247 5262 τῶν
1295 5197 1480 5263 ποδῶν
1540 5197 1705 5263 αῦτοῦ
1762 5206 2001 5263 κάτωθεν

324 5272 531 5356 λίβους
560 5272 884 5356 ἐξαρτῶντες
919 5272 1103 5356 βαρεῖς
1156 5278 1247 5334 καὶ
1277 5277 1381 5356 ἐπὶ,
1404 5278 1597 5356 πλεῖον
1629 5286 1716 5356 τῆ-
1729 5283 1826 5356 τοῦ
1862 5301 2000 5356 μαρ-

394 5345 521 5432 ἱρευ
741 5345 1164 5432 ἕδραν’ὀξύτητι
1214 5355 1428 5432 πικρῶς
1468 5352 1595 5432 ἄγαν
1655 5345 1996 5432 πλήσσοντες

322 5366 521 5476 ἓιαρου
744 5366 902 5423 εοραν
946 5366 1164 5421 οξυτητι
1214 5371 1428 5425 πικρως
1468 5366 1500 5406 α
1536 5374 1595 5407 αν
1655 5366 1732 5407 πΛ
1781 5372 1996 5416 σσοντες

350 5411 582 5492 τριϐον.
654 5423 750 5504 ιρθ
778 5428 1063 5479 Zonaram
1095 5430 1153 5480 et
1181 5424 1336 5508 alius
1381 5426 1442 5480 in
1490 5366 1836 5499 'l‘beophilo,
1896 5426 1998 5483 ubi

325 5492 410 5549 de
434 5490 730 5549 Methodio
761 5500 913 5552 patr.
952 5495 1460 5552 Constantinonol.

866 5513 913 5550 ι’.
952 5513 1460 5553 υοηειυιιιιιιοοοι.

408 5511 730 5549 κωϐιοοαιο
761 5511 913 5566 patr.
952 5511 1460 5568 uonstununopm.

408 5563 685 5641 (48*)7T46v
716 5564 954 5641 Φώτιον.
1001 5566 1245 5641 Photius
1276 5568 1458 5641 igitur
1501 5567 1703 5625 Bardre
1754 5567 1998 5625 Caesaris

329 5649 453 5706 ope
482 5639 829 5708 patriarchae
863 5639 1210 5714 dignitatem
1240 5639 1491 5714 adeptus
1521 5645 1632 5709 est,
1665 5654 1858 5714 quem
1892 5645 1996 5714 Ata-

330 5721 475 5762 men
507 5725 701 5768 causa
754 5727 877 5769 sum
912 5710 1110 5770 minus
1140 5710 1371 5770 favisse
1386 5718 1632 5771 testatur
1661 5710 1818 5770 idem
1845 5711 1996 5770 Pho-

330 5778 481 5852 tius,
511 5782 688 5855 epist.
717 5797 774 5842 ν.

2110 4921 2307 4994 ginem
2340 4923 2657 4995 scripserat
2684 4921 3155 4995 quﬁusL'Papae
3187 4923 3363 4994 legati
3390 4922 3763 4995 monomachia

2108 4996 2526 5062 assentiuntur;
2561 4994 2743 5049 immo
2775 4994 2995 5051 Bardas
3019 4994 3127 5051 hos
3157 4996 3215 5050 in
3246 5012 3413 5050 suam
3447 4994 3519 5049 de
3550 4994 3761 5063 lgnatii

2111 5066 2479 5123 abdicatione
2508 5067 2862 5138 sententiam
2895 5068 3201 5138 pertrahit,
3254 5072 3318 5123 ut
3347 5066 3525 5122 tradit
3571 5067 3758 5121 conti-

2108 5144 2323 5221 nu‘ator
2347 5137 2723 5221 Theophanis
2754 5137 2855 5221 lib.
2881 5137 2956 5221 iv,
2982 5156 3041 5194 n.
3178 5156 3356 5221 quam
3389 5138 3625 5221 quidem
3656 5153 3760 5221 no-

2107 5210 2322 5265 vatoris
2356 5209 2633 5284 ineptiam
2669 5211 2855 5284 carpit
2908 5215 3014 5266 Leo
3073 5209 3341 5277 Allatius,
3392 5209 3495 5284 lib.
3552 5226 3637 5280 ιιι,
3686 5210 3763 5265 De

2107 5283 2693 5356 consensuutgjiusgue
2717 5283 3002 5356 Ecclesia,
3030 5298 3160 5356 cap.
3192 5285 3284 5350 20,
3317 5300 3387 5356 n._
3412 5283 3498 5336 14.

2179 5325 3757 5426 ('So'fr'raméimé‘9333"EES‘WMZ"TLEAEZLSQ."chroni-

2109 5422 2217 5481 con
2251 5422 2362 5482 ms.
2393 5426 2703 5499 Symeonis
2734 5425 3106 5499 Logotbetzs:
3137 5429 3268 5491 Ῥῶς
3297 5423 3436 5499 δὲ,οὶ
3480 5422 3571 5499 καί
3620 5432 3756 5499 apo-

2112 5499 2300 5573 μῖταὶ,
2328 5491 2673 5573 φερώνυμον,
2723 5491 2849 5573 ἀπξῖ
2878 5500 3010 5559 Ῥῶς
3059 5517 3202 5573 τινος
3257 5493 3497 5573 σφοδροῦ
3546 5491 3759 5573 διέδρα-

2112 5588 2223 5661 ιλιενῆ
2277 5567 2672 5661 ἀπηχήματος,
2747 5571 2873 5657 τῶν¹
2932 5567 3313 5661 χρησαμένων
3358 5567 3440 5657 ἐξ,
3474 5567 3755 5661 ὑποθήκης

2112 5588 2205 5640 μεν
2277 5588 2672 5697 απηχίηματος,
2747 5589 2853 5622 των
2932 5588 3301 5661 χρησαμενων
3358 5588 3410 5638 εξ
3474 5588 3755 5638 υπουςκης

2105 5638 2161 5717 ἢ.
2195 5639 2422 5697 θεοκλυτ
2452 5662 2511 5703 ας
2569 5659 2736 5717 τινος,
2778 5638 2897 5717 καὶ.
2951 5643 3328 5717 υπερεχόντων
3383 5637 3578 5717 αὐτοὺς
3616 5637 3759 5717 ’ἐπι-

2106 5663 2141 5710 η
2195 5663 2511 5703 υεοκΛυτιας
2569 5663 2736 5705 τινος,
2786 5663 2877 5694 και
2951 5663 3131 5717 υπερελ
3158 5663 3328 5698 οντων
3383 5663 3578 5701 αυτους
3646 5663 3759 5695 επι-

2106 5711 2421 5784 κέκκηνται.
2457 5716 2721 5788 Δρομῖται
2774 5708 2831 5766 δὲ
2873 5709 2978 5769 ἀπὸ
3006 5718 3103 5769 τοῦ
3120 5663 3300 5843 i65km;
3326 5713 3541 5789 τρέχειν
3572 5707 3760 5775 αὐτοῖς

2106 5782 2485 5843 προσεγένετο·
2520 5784 2581 5841 ἐκ
2607 5780 2794 5843 γένους
2842 5779 2899 5841 δὲ
2921 5788 3030 5843 τῶν
3077 5790 3158 5843 Φο
3197 5806 3340 5843 γγων
3387 5781 3754 5841 καθίστανται.

2106 5779 2581 5864 προσεγένετοο’ἐκ
2607 5780 2794 5861 γένους
2842 5779 2899 5841 δὲ
2921 5788 3030 5843 τῶν
3077 5779 3340 5867 Φράγγων
3361 5779 3754 5841 ’κᾶθίστανταμ

3744 6176 3967 6341 ,μ

3660 6316 3669 6355 ς
3696 6340 3701 6345 .
3732 6310 3765 6355 es
