4142 6380
385 382 457 440 31
1747 393 2073 456 JOANNIS
2115 394 2461 458 ZONARIE

3724 387 3804 449 32

392 512 615 570 bonum
655 517 969 589 augurium
1002 534 1131 577 esse
1154 521 1464 593 judicavit.
1491 524 1633 581 Cum
1679 526 1804 597 jam
1848 526 2030 583 adole-

2158 527 2309 583 ἀετὸν
2365 531 2446 600 τῷ
2488 522 2643 582 παιδὶ
2691 525 3137 601 προσεγγιζοντα,
3183 518 3286 595 ἧρὲ
3331 537 3390 574 τε
3430 517 3530 587 τὴν
3592 516 3801 596 φωνὴν,

389 603 601 673 visset,
636 610 799 677 pater
828 608 957 680 ejus
1003 610 1169 682 obiit,
1225 617 1412 669 mater
1468 614 1623 671 ultra
1678 616 2042 688 paupertatis

386 690 785 765 incommoda,
817 697 1123 755 viduitatis
1171 700 1346 758 etiam
1404 703 1577 760 malis
1626 706 2038 776 premebatur:

388 780 539 853 ipse,
579 783 678 854 qui
704 802 818 841 non
852 786 1091 843 haberet
1122 791 1275 846 unde
1325 792 1560 861 viveret,
1594 794 1848 851 decrevit
1904 810 2041 867 0pc-

383 888 511 927 ram
543 890 712 929 suam
747 874 922 931 alicui
959 880 1225 936 mercede
1254 880 1461 938 locare.
1509 883 1813 941 Profectus
1857 885 2040 958 igitur

386 959 446 1014 in
480 977 753 1034 magnam
789 966 1019 1033 urbem,
1045 973 1101 1023 et
1132 970 1357 1042 vesperi
1394 988 1496 1043 per
1524 974 1777 1030 Auream
1810 979 2038 1046 portam

384 1048 712 1121 ingressus,
729 1055 900 1125 juxta
924 1058 1078 1113 164
1102 1059 1282 1115 aedem
1312 1060 1370 1116 S.
1388 1062 1685 1119 Diomedis
1708 1068 2038 1137 prostratus

385 1139 755 1198 obdormivit.
792 1144 975 1201 Noctu
1009 1147 1220 1205 aedituo
1253 1150 1382 1217 (nec
1412 1151 1552 1208 dum
1587 1152 1743 1208 enim
1778 1152 1860 1207 ibi
1915 1156 2041 1209 erat

386 1233 834 1303 monasterium)
866 1242 1088 1310 martyr
1116 1245 1383 1312 apparet,
1417 1246 1475 1298 et
1508 1243 1918 1314 imperatorem
1949 1242 2039 1298 in-

384 1320 688 1377 troducere
713 1323 904 1394 jubet.
941 1326 1049 1390 Qui
1080 1344 1355 1400 egressus
1386 1347 1520 1387 cum
1554 1332 1840 1388 Basiliam
1872 1330 2040 1388 humi

380 1407 635 1465 dormire
660 1412 1210 1482 videret,somnium
1235 1436 1423 1493 nugas
1437 1438 1568 1478 esse
1590 1427 1753 1478 ratus
1775 1422 2039 1478 est.Cum

381 1501 625 1555 sanctus
658 1499 814 1557 idem
846 1503 1265 1577 denuojubere
1288 1509 1817 1579 videretur,rursus
1842 1527 2038 1583 egres-

383 1588 751 1656 sus,nemine
764 1596 974 1663 prazter
988 1596 1269 1653 Basilium
1284 1597 1751 1665 invento,eadem
1766 1599 2041 1672 Opinione

384 1676 577 1733 rediit.
613 1678 724 1735 Sed
758 1687 977 1755 martyr
1006 1686 1245 1742 tertium
1270 1689 1482 1744 mdituo
1511 1695 2037 1761 apparet,eumque

391 1764 690 1822 introduci
714 1769 904 1841 jubet,
938 1773 1037 1843 qui
1069 1774 1209 1831 foris
1230 1776 1444 1847 jaceat,
1505 1794 1639 1833 eum
1699 1778 1857 1834 enim
1914 1794 2042 1833 esse

380 1857 818 1925 imperatorem.
880 1861 1162 1933 Egressus
1222 1865 1403 1937 igitur
1458 1866 1739 1924 Basilium
1786 1868 2019 1935 excitat,

381 1949 800 1971 Λιηηλι.-.ν...---
836 1948 1085 1971 ι.--..3ιε,
1126 1970 1147 1971 η
1326 1955 1337 1967 ι
1510 1957 1541 1967 ι·
1639 1962 1647 1971 ι
1766 1961 1776 1971 .
1836 1962 1844 1971 Δ
1890 1957 1929 1971 n
2003 1962 2013 1971 .

2152 1867 2279 1932 δους
2339 1867 2626 1925 κατέλυσεν
2663 1887 2675 1900 ·

379 1949 804 2019 exceptumque
836 1948 1092 2023 hospitio
1122 1970 1226 2025 pro
1248 1955 1373 2010 suis
1395 1957 1601 2028 ecpiis,
1634 1961 1872 2013 tractat.
1890 1957 2023 2012 Erat

375 2037 574 2088 autem
601 2036 810 2093 aedituo
842 2039 1019 2096 frater
1048 2043 1334 2115 medicus,
1396 2046 1787 2119 TheOphilitzi
1835 2047 2023 2103 inser-

374 2121 563 2196 viens,
596 2128 694 2196 qui
725 2127 935 2186 Caesari
995 2132 1189 2190 Barda:
1248 2141 1307 2190 et
1354 2136 1689 2208 imperatori
1749 2136 2023 2193 Michaeli

374 2226 586 2283 genere
634 2217 984 2288 conjunctus
1014 2225 1157 2288 erat,
1191 2226 1248 2279 et
1277 2224 1348 2280 ob
1404 2230 1693 2282 staturam
1743 2225 2025 2283 brevissi-

380 2317 561 2369 mam,
595 2320 698 2375 per
727 2306 1176 2368 diminutionem
1209 2310 1639 2387 Theophilitzes
1688 2316 2020 2372 vocabatur.

379 2392 656 2449 Edituus
690 2395 855 2452 fratri
889 2416 996 2455 suo
1030 2399 1230 2473 igitur,
1254 2419 1466 2460 arcano
1497 2405 1726 2462 somnio
1777 2406 2025 2475 detecto,

381 2482 550 2552 petit,
581 2487 646 2537 ut
674 2483 973 2545 hominem
1006 2491 1255 2565 principi
1287 2493 1463 2550 alicui
1494 2497 1564 2551 ad
1624 2496 2023 2552 ministerium

378 2574 769 2631 commendet.
807 2577 860 2632 Is
893 2593 1025 2635 eum
1059 2582 1131 2636 ad
1175 2600 1349 2639 suum
1404 2585 1715 2641 dominum
1767 2586 2022 2642 deducit.

381 2659 491 2715 Sed
524 2662 583 2717 in
619 2664 826 2736 primis
859 2668 1031 2724 ambo
1068 2670 1275 2728 fratres
1304 2673 1610 2742 Basilium,
1659 2674 1758 2731 illo
1810 2674 2025 2732 somnii

377 2751 612 2807 oraculo
646 2759 1099 2828 communicato,
1125 2760 1514 2833 jurejurando
1548 2762 1943 2837 obstringunt,
1964 2766 2029 2819 ut

381 2838 630 2913 imperio
661 2845 882 2916 potitus
902 2847 1163 2918 ipsorum
1188 2851 1574 2908 meminisset.
1598 2852 2025 2925 Theophilitzes

388 2929 600 2988 Basilio
632 2932 958 2991 delectatus
990 2937 1138 3008 (erat
1166 2939 1323 2995 enim
1355 2958 1658 3013 procerus,
1705 2943 2022 3011 formosus,

381 3035 560 3106 manu
594 3028 900 3095 promptus
931 3030 989 3080 et
1017 3027 1212 3100 agilis,
1246 3031 1722 3105 promissumque
1742 3031 2023 3106 capillum

381 3105 596 3177 alebat,
646 3127 893 3182 cumque
937 3114 1224 3188 crispum)
1271 3120 1398 3176 suis
1453 3121 1839 3193 equisonibus
1887 3137 2022 3178 eum

381 3198 656 3270 praefecit,
688 3218 805 3272 quo
837 3220 1080 3262 munere
1111 3206 1212 3278 qui
1263 3208 1548 3282 fungitur,
1599 3210 1772 3284 vulgo
1830 3216 2023 3283 proto-

380 3290 598 3343 strator
627 3290 859 3347 dicitur.
894 3294 1194 3358 Quaerebat
1222 3307 1279 3356 et
1311 3299 1628 3371 imperator
1681 3301 2026 3373 equisonem
2057 3286 2101 3355 C

342 3394 343 3397 η
384 3379 691 3434 strenuum
724 3385 781 3436 et
810 3381 1107 3440 solertem.
1169 3386 1471 3444 Adductus
1528 3391 1683 3445 enim
1741 3391 1792 3446 ei
1842 3391 2030 3446 fuerat

382 3479 593 3537 equus,
618 3469 893 3526 omnibus
917 3471 1015 3528 ille
1036 3474 1272 3546 quidem
1304 3478 1439 3549 equi
1471 3479 1786 3535 virtutibus
1818 3480 2027 3552 praedi-

380 3558 500 3625 tus,
534 3557 636 3612 sed
667 3560 1047 3631 praefractior,
1082 3570 1139 3620 et
1168 3581 1457 3622 sessorem
1484 3585 1635 3641 aegre
1666 3568 1915 3641 patiens.
1941 3570 2028 3625 Ad

383 3659 557 3715 quem
580 3650 968 3719 spectandum
988 3651 1068 3708 im
1078 3658 1453 3725 peratorcum
1470 3658 1749 3727 venisset,
1771 3657 2027 3731 aliquem

381 3737 771 3795 conscendere
794 3740 1058 3811 jubebat.
1093 3743 1257 3808 Quod
1290 3762 1425 3801 cum
1456 3746 1655 3819 plures
1714 3754 2028 3817 tentarent,

383 3823 482 3881 ille
514 3827 674 3883 ferox
713 3833 890 3902 atque
946 3830 1229 3906 insolens,
1289 3835 1621 3893 excutiebat
1676 3854 1903 3895 omnes.
1965 3839 2029 3894 Id

384 3913 725 3987 imperatori
756 3920 1069 3977 molestum
1102 3922 1231 3994 fuit,
1265 3939 1327 3979 se
1356 3924 1565 3983 idoneo
1596 3929 1881 4000 equisone
1928 3945 2028 3984 ca-

382 4021 511 4060 rere
541 4005 895 4080 indignanti.
931 4009 1015 4066 Ibi
1072 4011 1503 4084 TheOphilitzes
1554 4014 1682 4090 ipse
1731 4016 1910 4074 talem
1967 4031 2030 4074 se

383 4094 598 4152 habere
629 4096 730 4166 ait,
781 4115 1057 4172 eumque,
1104 4100 1153 4157 si
1211 4102 1385 4159 vellet
1430 4104 1768 4178 imperator,
1828 4108 2028 4165 affore.

384 4181 550 4241 Illius
583 4184 962 4258 igiturjussu
991 4189 1247 4246 Basilius
1296 4193 1636 4263 accersitus,
1690 4195 1852 4253 freno
1903 4213 2032 4268 pre-

382 4272 590 4343 henso,
612 4291 830 4348 equum
854 4293 989 4333 cum
1013 4294 1336 4351 pOppysmo
1358 4281 1808 4353 demulcet,sese
1829 4284 2035 4342 leviter

382 4361 640 4420 allevans
669 4366 1034 4438 conscendit,
1067 4383 1135 4422 ac
1164 4384 1230 4424 eo
1288 4368 1574 4444 principio
1628 4389 1836 4444 parum
1885 4374 2035 4431 exci-

382 4456 531 4520 tato,
563 4458 695 4525 post
724 4454 901 4510 etiam
955 4459 1075 4512 toto
1106 4457 1336 4530 ﬂagello
1385 4461 1695 4533 concitato,
1750 4464 2031 4521 excurrit.

390 4541 468 4597 Ea
498 4558 559 4598 re
592 4542 914 4600 delectatus
949 4546 1289 4619 imperator,
1323 4548 1608 4606 Basilium
1641 4551 1795 4609 inter
1852 4553 2033 4625 impe-

2153 617 2242 671 καὶ
2301 614 2647 693 προσέδραμε
2699 619 2780 688 τῷ
2836 614 2959 686 υἱῷ,
2989 609 3081 667 καί
3136 607 3314 674 λίθοις
3344 607 3438 663 τὸν
3468 605 3623 663 ἀετὸν
3671 605 3802 662 ἀπε-

2152 692 2476 773 δίωκεξΤῆς
2535 703 2593 761 δὲ
2649 704 2786 781 πρὸς
2843 703 2905 757 τὸ
2962 695 3118 778 ἔργον
3168 698 3527 775 χωρησάσης,
3580 692 3728 759 αὖθις
3774 694 3802 751 6

2153 794 2304 858 ἀετὸς
2352 788 2583 871 προσῄει
2627 799 2708 868 τῷ
2765 793 2949 870 βρέφει
2999 789 3356 863 κοιμωμένῳ,
3408 783 3674 871 ἐπιτελῶν
3735 785 3798 840 τὸ

2150 870 2567 962 λειτούργημα.-
2600 884 2698 940 Καὶ
2745 886 2780 953 ἡ
2839 884 3024 958 μήτηρ
3083 878 3245 935 πάλιν
3298 870 3656 950 τεθορύϐητο,
3712 874 3805 930 καὶ

2152 974 2312 1031 αὐτὸν
2346 974 2665 1031 ἀπεδίωκεν.
2699 975 2789 1037 Ὠς
2820 970 2879 1028 δὶ
2926 968 3197 1031 πολλάκις
3246 971 3407 1023 τοῦτο
3456 964 3664 1041 ἐγένετο
3724 962 3803 1027 εἷς

2153 1064 2501 1137 συθαίσθησιν
2549 1064 2671 1137 ἧκε,
2700 1062 2789 1120 καὶ
2840 1061 3082 1139 χρηστὸν
3136 1057 3404 1135 ὑπείληφε
3459 1055 3520 1111 τὸ
3573 1060 3806 1130 πρᾶγμα

2151 1154 2444 1230 οἰώνισμα.
2500 1151 2643 1227 Ἤδη
2696 1152 2754 1209 δὲ
2808 1152 2974 1209 αὐτοῦ
3032 1142 3471 1226 ὑπερϐεϐηκότος
3526 1144 3618 1199 τὸν
3683 1142 3802 1218 μείο

2151 1264 2309 1317 ρακα,
2357 1246 2385 1300 6
2432 1245 2611 1321 πατὴρ
2666 1245 2761 1318 μὲν
2810 1241 3073 1299 κατέλυσε
3125 1240 3225 1309 τὴν
3279 1237 3449 1308 ζωὴν,
3497 1235 3534 1305 ἡ
3584 1230 3641 1288 δὲ
3693 1233 3803 1306 μή·

2149 1355 2253 1409 τηρ
2284 1335 2452 1390 αὐτοῦ
2481 1336 2720 1411 πρὸςετῇ
2752 1332 2908 1405 πενίᾳ
2953 1333 3041 1387 καὶ
3094 1333 3212 1392 τοῖς
3261 1334 3363 1398 τῆς
3416 1323 3648 1401 χηρείας
3704 1341 3802 1411 καέ

2150 1428 2270 1487 κοῖς
2300 1422 2561 1514 ἐπιέζετο.
2588 1428 2647 1482 Ὁ
2678 1420 2736 1478 δὲ
2780 1426 2890 1478 τῶν
2928 1421 3072 1514 ,πρὸς
3112 1419 3175 1475 τὸ
3224 1420 3319 1514 ζῇν
3373 1411 3701 1514 ᾀναγξιαίιίυχ
3720 1410 3801 1514 ίξή

2151 1511 2420 1586 εὐπορῶν,
2457 1507 2593 1590 ἔγνω
2628 1513 2805 1586 μισθῷ
2845 1496 2983 1586 πρὸς
3036 1506 3329 1584 ὑπηρεσίαν
3376 1502 3563 1559 ἑαυτὸν
3609 1496 3805 1590 6x605-

2149 1600 2237 1655 ναί
2290 1623 2435 1656 τινι·
2495 1587 2585 1657 καὶ
2640 1598 2773 1677 ἄρας
2830 1597 3046 1676 ἔρχεται
3100 1596 3237 1673 πρὸς
3304 1595 3404 1664 τὴν
3473 1587 3803 1677 Μεγαλόπο-

2153 1688 2260 1749 λιν.
2307 1691 2495 1766 Ὀψίας
2554 1688 2612 1746 δὲ
2676 1674 2780 1760 τὴν
2996 1684 3214 1746 πόλεως
3273 1681 3531 1740 εἰσελθὼν
3587 1674 3797 1749 πύλην,

2150 1779 2186 1849 ἢ
2217 1779 2467 1836 καλεῖται
2498 1780 2748 1856 Χρυσεία,
2780 1779 2929 1854 παρὰ
2952 1782 3034 1850 τῷ
3075 1780 3191 1849 ναῷ
3234 1773 3331 1831 τοῦ
3378 1770 3532 1847 ἁγίου
3582 1768 3803 1840 Διομή-

2743 1867 2833 1923 καὶ
2917 1868 3092 1923 πεσὼν
3177 1862 3278 1936 ἔξω
3352 1864 3449 1916 τοῦ
3510 1856 3799 1932 τεμένους,

2141 1955 2451 2033 κατέδαρθε.
2487 1959 2692 2021 Νυκτὸς
2752 1955 2810 2012 δὲ
2837 1960 2916 2029 τῷ
2971 1960 3068 2011 τοῦ
3125 1956 3257 2011 ναοῦ
3314 1940 3792 2033 νεωκόρῳγ(οὕπω

2125 2050 2229 2125 γὰρ
2306 2032 2373 2118 ἦν
2448 2048 2739 2125 γενόμενος
2828 2049 3108 2122 μοναστῶν
3191 2041 3497 2117 εύκτήριον)
3557 2032 3681 2108 ὄναρ
3757 2035 3790 2088 ὁ

2133 2139 2337 2214 μάρτυς
2395 2136 2694 2217 ἐφίσταται,
2726 2137 2817 2192 καὶ
2858 2137 2949 2192 τὸν
2996 2130 3223 2212 βασιλέα
3270 2131 3416 2193 ἐντὸς
3469 2125 3778 2231 εἷ’σαγαγεῖν

2130 2214 2493 2303 έγκελεύεται.
2526 2228 2587 2286 Ὁ
2614 2224 2671 2282 δὶ
2708 2224 2937 2298 ἐξελθὼν
2987 2221 3076 2279 καὶ
3120 2223 3211 2277 τὸν
3259 2216 3545 2279 Βασίλειον
3601 2214 3776 2303 εὑρὼν

2130 2302 2219 2372 ἐπὶ
2267 2315 2433 2391 ψιλοῦ
2480 2320 2576 2371 τοῦ
2625 2313 2853 2394 ἐδάφους
2906 2314 3272 2385 ὑπνώττοντα,
3307 2309 3592 2394 φάντασμα
3646 2302 3781 2394 εἶναι

2129 2407 2222 2462 τὸν
2254 2401 2462 2481 ὄνειρον
2490 2390 2757 2483 ὑπείληφε
2820 2404 3068 2478 μάταιον.
3129 2403 3217 2457 Ὠς
3278 2397 3335 2455 δὲ
3381 2397 3472 2454 καὶ
3520 2390 3784 2483 αὗθις-τὸ

2133 2496 2263 2551 αὐτὸ
2322 2479 2498 2551 ἐδόκει
2543 2496 2570 2550 6
2621 2479 2775 2570 ἅγιος
2834 2490 3236 2568 ἐγκελεύεσθαι,
3268 2489 3295 2544 ὁ
3353 2484 3413 2542 δὲ
3466 2485 3555 2541 καὶ
3614 2479 3781 2537 πάλιν

2133 2582 2364 2657 ἐξελθὼν
2420 2584 2528 2661 οὐχ
2572 2581 2755 2660 ἕτερον
2788 2582 2935 2659 εὗρεν
2968 2580 3004 2651 ἢ
3035 2582 3126 2636 τὸν
3179 2576 3491 2647 Βασίλειον,
3526 2571 3787 2647 ὑπέστρε-

2134 2677 2230 2749 ψεν
2265 2672 2584 2752 ὑπειληφὼς
2602 2674 2669 2729 τὰ
2725 2672 2875 2729 αὐτά.
2909 2672 3005 2730 Ἐκ
3030 2671 3217 2746 τρίτου
3255 2665 3435 2724 τοίνυν
3488 2665 3516 2719 ὁ
3579 2662 3788 2767 μάρτυς

2132 2769 2215 2837 τῷ
2296 2749 2554 2841 νεωκόρῳ
2631 2761 2929 2842 ἐφίσταται,
3012 2761 3102 2816 καὶ
3177 2755 3537 2836 προτρέπεται
3618 2749 3778 2842 αὐτον

2137 2852 2436 2930 εἷσαγαγεῖν
2475 2839 2606 2909 -τὸν
2672 2839 2851 2914 ⁷ἐκτὸς
2946 2845 3366 2923 κατακείμενον.
3424 2844 3598 2906 Οὗτος
3674 2839 3779 2916 γάρ

2137 2940 2296 3012 ἐστιν,
2349 2939 2474 3022 ἔφη,
2534 2944 2563 2998 6
2624 2940 2901 3019 βασιλεύς.
2957 2936 3222 3010 Ἐξελθὼν
3283 2933 3374 2991 οὗν
3434 2935 3461 2989 ὁ
3513 2930 3783 3034 νεωκόρος

2137 3030 2381 3103 ἀνίστησι
2437 3033 2527 3088 τὸν
2586 3029 2894 3103 Βασίλειον,
2925 3029 3014 3085 καὶ
3073 3028 3257 3102 ξενίζει
3295 3029 3484 3082 τοῦτον
3515 3021 3662 3098 παρὰ
3711 3022 3781 3095 τῇ

2137 3122 2386 3195 κατοικία
2436 3122 2621 3195 αὐτοῦ,
2680 3122 2772 3177 καὶ
2833 3116 3190 3194 μεταδίδωσιν
3252 3117 3324 3171 ὧν
3385 3112 3621 3217 εὐπόρει.
3683 3111 3781 3217 Ἦν

2140 3209 2197 3267 δὲ
2249 3216 2331 3286 τῷ
2381 3210 2638 3285 νεωκόρῳ
2698 3210 2955 3283 ὁμαίμων
2999 3209 3097 3278 τὴν
3159 3205 3407 3284 ἴατρικήν
3447 3201 3666 3277 μετιὼν,
3693 3201 3784 3253 καὶ

2137 3305 2218 3375 τῷ
2266 3301 2591 3374 Θεοφιλίτζῃ
2640 3300 2943 3374 ὑπηρετῶν.
2978 3299 3039 3356 Ὁ
3095 3295 3153 3353 δὲ
3210 3291 3571 3373 Θεοφιλίτζης
3631 3290 3791 3353 οὗτος

2138 3395 2215 3464 τῷ
2273 3391 2494 3465 Καίσαρι
2554 3387 2731 3467 Βάρδᾳ
2781 3388 2871 3444 καὶ
2928 3392 3008 3461 τῷ
3075 3387 3291 3464 βασιλεῖ
3345 3379 3577 3459 Μιχαὴλ
3652 3379 3793 3435 κατᾶ

2136 3482 2289 3557 γένος
2328 3481 2601 3554 ᾠκείωτο,
2634 3476 2723 3534 διὰ
2762 3480 2824 3535 τὸ
2871 3485 2971 3549 τῆς
3016 3475 3237 3549 ἡλικίας
3295 3475 3589 3552 βράχιστον
3650 3469 3792 3525 ὑπο-

2137 3570 2513 3646 κοριζόμενος,
2575 3568 2665 3626 καὶ
2735 3565 3095 3646 Θεοφιλίτζης
3167 3562 3534 3638 καλούμενος.
3595 3558 3790 3632 Τούτῳ

2138 3659 2316 3715 τοίνυν
2349 3663 2427 3732 τῷ
2457 3656 2640 3733 ἀδελῷ
2692 3660 2720 3715 6
2771 3658 3041 3733 νεωκόρος
3079 3657 3142 3712 τὸ
3193 3652 3502 3731 ἀπόρρητον
3563 3646 3791 3706 ἐκκαλύ-

2138 3752 2242 3824 ψας
2302 3747 2571 3817 ἐνύπνιον,
2618 3747 2818 3820 ἠξίωσε
2900 3753 3158 3817 συστῆσαι
3230 3741 3420 3800 τοῦτόν
3489 3761 3595 3797 τινι
3674 3740 3785 3792 τῶν

2137 3837 2420 3913 ἀρχόντων
2478 3837 2556 3902 εἰς
2618 3838 2990 3912 ὑπηρέτησιν·
3037 3837 3065 3891 6
3123 3832 3179 3891 δὲ
3235 3838 3314 3907 τῷ
3374 3831 3559 3905 οἰκείῳ
3615 3827 3787 3901 κυρίῳ

2137 3932 2328 3983 τοῦτον
2362 3928 2658 4000 συνίστησι.
2685 3926 2953 4003 Πρότερον
2988 3922 3046 3980 δὲ
3072 3924 3135 3980 τὸ
3165 3923 3290 3998 περὶ
3342 3928 3442 3992 τῆς
3506 3916 3791 3997 βασιλείας

2141 4014 2209 4072 δι’
2245 4016 2534 4093 ὀνειράτων
2566 4013 2967 4094 χρησμῴδημα
3018 4019 3099 4087 τῷ
3129 4012 3400 4086 Βασιλείῳ
3447 4006 3788 4083 ἀνεκάλυψαν

2140 4108 2307 4184 ἄμφω
2336 4108 2415 4162 τὼ
2447 4103 2689 4182 ἀδελφὼ,
2722 4104 2812 4161 καὶ
2848 4110 3156 4179 μεμνῆσθαι
3202 4106 3350 4181 σφῶν
3401 4100 3453 4155 ἐν
3501 4102 3571 4174 τῇ
3636 4099 3789 4175 βασι-

2143 4194 2267 4268 λείᾳ
2342 4196 2506 4252 αύτοῢ
2580 4192 2766 4269 ὅρκοις
2851 4194 3009 4251 αὐτὸν
3086 4185 3524 4269 προκατέλαϐον.
3580 4185 3793 4253 Ἡσθεὶς

2143 4284 2235 4353 οὖν
2268 4286 2295 4340 6
2327 4282 2692 4361 Θεοφιλίτζης
2745 4283 2834 4340 ἐπὶ
2881 4288 2961 4358 τῷ
3010 4281 3284 4357 Βασιλείῳ
3317 4282 3405 4356 (ἦν
3451 4279 3552 4357 γὰρ
3584 4273 3797 4348 εὐειδής

2140 4396 2200 4431 τε
2245 4375 2334 4431 καὶ
2386 4375 2658 4448 εὐμήκης,
2690 4375 2777 4429 καὶ
2833 4375 2931 4444 τὴν
2992 4377 3154 4449 χεῖρα
3209 4375 3453 4449 γενναῖος
3498 4364 3592 4424 καὶ
3638 4385 3794 4439 περι-

2145 4461 2341 4535 δέξιος,
2379 4463 2594 4539 βαθεῖαν
2624 4483 2684 4518 τε
2724 4463 2936 4542 τρέφων
2980 4463 3181 4536 κόμην,
3213 4460 3302 4517 καὶ
3348 4457 3550 4531 ταύτην
3597 4451 3794 4528 οὔλην)

2142 4558 2259 4616 τοῖς
2321 4552 2546 4630 οἰκείοις
2595 4552 2935 4627 ἱπποκόμοις
2986 4555 3178 4607 τοῦτον
3241 4548 3521 4620 ἐπέστησε·
3573 4564 3796 4622 πρωτο-

384 4631 632 4688 ratorios
663 4632 974 4705 equisones
1000 4636 1194 4706 refert,
1254 4654 1321 4693 ac
1378 4655 1695 4713 progressu
1752 4643 2030 4714 temporis

2147 4641 2414 4719 στράτορα
2441 4645 2632 4698 τοῦτον
2666 4639 2807 4698 οἶδεν
2840 4642 3128 4717 ὀνομάζειν
3164 4642 3200 4711 ἡ
3233 4637 3519 4728 διάλεκτὺς
3547 4638 3583 4707 ἡ
3614 4635 3792 4728 κοινή,

385 4725 869 4793 protostratorem
900 4724 1193 4798 designat,
1220 4726 1321 4799 qui
1348 4726 1534 4785 honos
1564 4729 1816 4802 insignis
1839 4736 1949 4804 est,
1978 4737 2030 4788 et

2148 4733 2423 4804 Έζητήθη
2460 4729 2517 4787 δὲ
2545 4731 2635 4789 καὶ
2664 4736 2744 4805 τῷ
2775 4728 2992 4809 βασιλεῖ
3022 4730 3268 4807 γενναῖός
3316 4748 3398 4790 τις
3456 4723 3795 4797 ἱπποκόμος,

386 4826 421 4866 a
450 4810 850 4869 familiaritate
880 4814 1254 4886 imperatoris
1315 4833 1431 4873 non
1479 4817 1728 4876 alienus.
1780 4822 2030 4879 Tantum

2145 4822 2236 4878 καὶ
2268 4823 2389 4899 περὶ
2421 4824 2520 4893 τὴν
2576 4821 2863 4899 ὲπηρεσίαν
2904 4818 3106 4892 ταύτην
3158 4819 3373 4897 εὐφυῶς
3430 4812 3797 4887 διακείμενος.

386 4903 582 4956 autem
607 4900 983 4975 imperatoris
1015 4904 1417 4961 benevolentia
1439 4924 1579 4981 erga
1607 4908 1775 4967 illum
1806 4911 1866 4967 in
1912 4912 2030 4969 dies

2147 4913 2454 4987 Κεκόμιστο
2481 4911 2581 4989 γάρ
2625 4922 2788 4977 ποθεν
2814 4908 2985 4973 ’ίππος
3028 4914 3106 4984 τῷ
3154 4906 3369 4985 βασιλεῖ
3424 4902 3684 4982 Μιχαὴλ,
3719 4900 3799 4963 εἷς

387 4991 737 5063 augebatur,
762 4996 838 5075 ‘ut
867 4998 923 5048 et
947 4993 1159 5050 Caesari
1190 4995 1524 5053 invidiosus
1545 5004 1718 5055 esset.

2145 5008 2320 5058 πᾶσαν
2382 5003 2477 5077 μὲν
2561 5002 2754 5077 ἀρετὴν
2835 4998 2993 5073 ’ίππῳ
3070 4997 3379 5073 πρέπουσαν
3464 4990 3798 5064 ἐπιτήδειος,

387 5070 769 5156 σκληραύχην
809 5076 868 5135 δὲ
923 5081 1015 5135 καῖ
1067 5082 1142 5155 μὴ
1198 5080 1396 5156 ρᾳδίως
1453 5081 1898 5162 ἀναϐαινόμενος.
1958 5089 2164 5148 Τούτου
2225 5092 2302 5155 εἷς
2361 5070 2482 5157 δέαν
2527 5070 2677 5162 ἥκων
2714 5070 2761 5145 r6
2825 5070 3123 5167 βασιλεὺς,
3156 5084 3415 5158 ἀναϐῆναί
3451 5105 3555 5139 τινι
3608 5084 3802 5137 τοῦτον

389 5175 694 5252 ἐπέτρεπεν.
751 5176 1024 5234 Πλειόνων
1085 5177 1131 5234 δ’
1184 5178 1632 5256 ἐπιχειρούντων,
1696 5184 1895 5251 ἐκεῖνος
1956 5188 2272 5265 ἐθρασύνετό
2323 5210 2383 5245 τε
2447 5188 2538 5244 καὶ
2616 5188 2854 5264 ἐγαυρία,
2906 5187 2996 5243 καὶ
3069 5187 3160 5242 τὸν
3237 5181 3594 5242 ἀναϐαίνοντα
3668 5181 3803 5235 ἀπε-

391 5265 580 5323 σείετο.
634 5265 1010 5341 Ἐχαλέπηνεν
1071 5268 1157 5323 ἐπὶ
1213 5270 1429 5334 τούτοις
1486 5275 1514 5328 6
1577 5275 1851 5351 βασιλεὺς,
1908 5278 1999 5333 καὶ
2056 5278 2139 5334 δτι
2203 5280 2278 5353 μὴ
2358 5277 2474 5355 ἔχει
2550 5278 2868 5351 ἱπποκόμον
2942 5275 3242 5353 περιδέξιον
3309 5273 3548 5351 ἤσχαλε.
3606 5269 3800 5347 Παρὼν

391 5360 447 5418 δὲ
501 5366 529 5418 6
586 5365 966 5442 Θεοφιλίτζης,
1025 5362 1172 5443 ἔχειν
1224 5369 1364 5426 εἶπεν
1422 5371 1581 5437 αὐτὸς
1637 5380 1909 5446 τοιοῦτον,
1941 5376 2052 5446 καὶ,
2103 5377 2168 5435 El
2221 5375 2430 5455 βούλει,
2463 5377 2619 5456 φησί,
2657 5376 2902 5453 βασιλεῦ,
2958 5376 3190 5452 παρίτω.
3251 5374 3353 5432 Καὶ
3410 5375 3470 5437 ὃς
3524 5371 3801 5445 ἐπέτρεψε,

388 5454 480 5507 καὶ
538 5454 565 5507 6
626 5452 911 5519 Βασίλειος
968 5458 1353 5532 μετεκέκλητο,
1385 5462 1474 5517 καὶ
1532 5469 1626 5518 τοῦ
1677 5465 1910 5541 χαλινοῦ
1968 5471 2065 5522 τοῦ
2116 5464 2291 5523 ’ίππου
2341 5462 2672 5542 λαϐόμενος,
2724 5466 2816 5523 καὶ
2873 5464 3293 5543 περιποππύσας
3342 5463 3433 5519 καὶ
3490 5461 3804 5534 καταψήσας

392 5549 573 5624 αὐτὸν,
632 5552 855 5630 κούφως
910 5577 967 5612 τε
1027 5557 1356 5634 μετεωρίσας
1414 5560 1599 5618 ἑαυτὸν
1652 5559 1966 5637 ἐπιϐέϐηκε,
2018 5565 2108 5621 καὶ
2191 5564 2599 5642 περικαλπάσας
2662 5567 2874 5643 μικρὸν,
2917 5566 3029 5622 εἶτα
3102 5564 3193 5620 καὶ
3271 5562 3401 5620 ὅλον
3479 5560 3628 5632 αὐτῷ
3707 5556 3802 5611 τὸν

392 5638 598 5714 ῥυτῆρα
654 5639 916 5699 ἐνδεδωκέ
967 5667 1027 5702 τε
1068 5648 1155 5703 καὶ
1218 5648 1567 5720 ἐξιππάσατο.
1599 5654 1775 5724 Ἥσθη
1834 5653 2019 5709 τούτοι
2069 5654 2099 5709 6
2152 5638 2430 5731 βασιλεὺς,
2475 5655 2567 5710 καὶ
2623 5638 2714 5710 τὸν
2763 5638 3052 5711 Βασίλειον
3105 5647 3500 5727 προσελάϐετο,
3531 5646 3624 5704 καὶ
3678 5647 3801 5706 τοῖς

393 5736 702 5815 βασιλικοῖς
761 5740 1096 5820 ἱπποκόμοις
1164 5748 1430 5823 συνέταξε,
1480 5749 1571 5805 καὶ
1638 5750 1847 5825 προϊὼν
1897 5751 1990 5807 καὶ
2045 5751 2505 5831 πρωτοστράτορα
2554 5751 2646 5810 τὸν
2704 5749 2873 5832 ἄνδρα
2954 5750 3248 5829 ἐτίμησενο
3304 5755 3340 5826 ἡ
3401 5749 3460 5810 Si
3512 5750 3633 5824 ἀξία
3694 5748 3802 5802 τῶν
