  <div class='ocr_page' id='page_1' title='image "/cluster/home/n/w/nwhite01/storage/ocr_20150623/135:no.2/coo.31924054870401/022.png"; bbox 0 0 4142 6398; ppageno 0'>
   <div class='ocr_carea' id='block_1_1' title="bbox 401 420 483 479">
    <p class='ocr_par' dir='ltr' id='par_1_1' title="bbox 401 420 483 479">
     <span class='ocr_line' id='line_1_1' title="bbox 401 420 483 479; baseline -0.037 0"><span class='ocrx_word' id='word_1_1' title='bbox 401 420 483 479; x_wconf 80' lang='lat'><strong>33</strong></span> 
     </span>
    </p>
   </div>
   <div class='ocr_carea' id='block_1_2' title="bbox 1712 401 2524 466">
    <p class='ocr_par' dir='ltr' id='par_1_2' title="bbox 1712 401 2524 466">
     <span class='ocr_line' id='line_1_2' title="bbox 1712 401 2524 466; baseline 0.001 -2"><span class='ocrx_word' id='word_1_2' title='bbox 1712 401 2131 466; x_wconf 83' lang='lat' dir='ltr'><strong>ANNALIUM</strong></span> <span class='ocrx_word' id='word_1_3' title='bbox 2175 402 2323 464; x_wconf 88' lang='lat' dir='ltr'>LIB.</span> <span class='ocrx_word' id='word_1_4' title='bbox 2367 403 2524 465; x_wconf 85' lang='lat' dir='ltr'>XVI.</span> 
     </span>
    </p>
   </div>
   <div class='ocr_carea' id='block_1_3' title="bbox 3747 423 3823 482">
    <p class='ocr_par' dir='ltr' id='par_1_3' title="bbox 3747 423 3823 482">
     <span class='ocr_line' id='line_1_3' title="bbox 3747 423 3823 482; baseline -0.013 0"><span class='ocrx_word' id='word_1_5' title='bbox 3747 423 3823 482; x_wconf 73' lang='grc'>34</span> 
     </span>
    </p>
   </div>
   <div class='ocr_carea' id='block_1_4' title="bbox 406 530 3820 626">
    <p class='ocr_par' dir='ltr' id='par_1_4' title="bbox 406 530 3820 626">
     <span class='ocr_line' id='line_1_4' title="bbox 406 530 3820 626; baseline -0.001 -21"><span class='ocrx_word' id='word_1_6' title='bbox 406 548 694 621; x_wconf 73' lang='grc' dir='ltr'>ἐπισήμων</span> <span class='ocrx_word' id='word_1_7' title='bbox 725 546 819 601; x_wconf 80' lang='grc' dir='ltr'>καὶ</span> <span class='ocrx_word' id='word_1_8' title='bbox 860 546 969 599; x_wconf 86' lang='grc' dir='ltr'>τῶν</span> <span class='ocrx_word' id='word_1_9' title='bbox 1001 541 1364 617; x_wconf 75' lang='grc' dir='ltr'>ᾠκειωμένων</span> <span class='ocrx_word' id='word_1_10' title='bbox 1395 541 1475 611; x_wconf 83' lang='grc' dir='ltr'>τῷ</span> <span class='ocrx_word' id='word_1_11' title='bbox 1508 536 1745 615; x_wconf 84' lang='grc' dir='ltr'>βασιλεῖ,</span> <span class='ocrx_word' id='word_1_12' title='bbox 1794 536 1882 591; x_wconf 78' lang='grc' dir='ltr'>καὶ</span> <span class='ocrx_word' id='word_1_13' title='bbox 1933 530 2182 626; x_wconf 75' lang='grc' dir='ltr'>ἐπεδίδου</span> <span class='ocrx_word' id='word_1_14' title='bbox 2232 535 2349 590; x_wconf 86' lang='grc' dir='ltr'>καθ’</span> <span class='ocrx_word' id='word_1_15' title='bbox 2396 534 2622 608; x_wconf 67' lang='grc' dir='ltr'>ἑκάστην</span> <span class='ocrx_word' id='word_1_16' title='bbox 2674 539 2710 608; x_wconf 80' lang='grc' dir='ltr'>ὴ</span> <span class='ocrx_word' id='word_1_17' title='bbox 2759 539 2880 615; x_wconf 75' lang='grc' dir='ltr'>περὶ</span> <span class='ocrx_word' id='word_1_18' title='bbox 2925 540 3019 595; x_wconf 84' lang='grc' dir='ltr'>τὸν</span> <span class='ocrx_word' id='word_1_19' title='bbox 3068 541 3353 600; x_wconf 76' lang='grc' dir='ltr'>Βασίλειον</span> <span class='ocrx_word' id='word_1_20' title='bbox 3400 551 3497 603; x_wconf 80' lang='grc' dir='ltr'>τοῦ</span> <span class='ocrx_word' id='word_1_21' title='bbox 3552 551 3820 626; x_wconf 53' lang='lat' dir='ltr'>ﬂuctum)</span> 
     </span>
    </p>
   </div>
   <div class='ocr_carea' id='block_1_5' title="bbox 408 622 2360 707">
    <p class='ocr_par' dir='ltr' id='par_1_5' title="bbox 408 622 2360 707">
     <span class='ocr_line' id='line_1_5' title="bbox 408 622 2360 707; baseline -0.006 -12"><span class='ocrx_word' id='word_1_22' title='bbox 408 636 671 705; x_wconf 72' lang='grc' dir='ltr'>διάθεσις,</span> <span class='ocrx_word' id='word_1_23' title='bbox 698 634 792 691; x_wconf 81' lang='grc' dir='ltr'>καὶ</span> <span class='ocrx_word' id='word_1_24' title='bbox 822 636 1103 704; x_wconf 82' lang='grc' dir='ltr'>τοσοῦτον,</span> <span class='ocrx_word' id='word_1_25' title='bbox 1135 631 1209 695; x_wconf 84' lang='grc' dir='ltr'>ὡς</span> <span class='ocrx_word' id='word_1_26' title='bbox 1237 629 1326 686; x_wconf 82' lang='grc' dir='ltr'>καὶ</span> <span class='ocrx_word' id='word_1_27' title='bbox 1358 629 1436 692; x_wconf 76' lang='grc' dir='ltr'>εἷς</span> <span class='ocrx_word' id='word_1_28' title='bbox 1468 627 1665 707; x_wconf 78' lang='grc' dir='ltr'>φθόνον</span> <span class='ocrx_word' id='word_1_29' title='bbox 1693 632 1911 697; x_wconf 80' lang='grc' dir='ltr'>κινῆσαι</span> <span class='ocrx_word' id='word_1_30' title='bbox 1942 624 2033 680; x_wconf 88' lang='grc' dir='ltr'>τὸν</span> <span class='ocrx_word' id='word_1_31' title='bbox 2067 622 2360 701; x_wconf 71' lang='grc' dir='ltr'>Καίσαρα..</span> 
     </span>
    </p>
   </div>
   <div class='ocr_carea' id='block_1_6' title="bbox 483 716 2061 798">
    <p class='ocr_par' dir='ltr' id='par_1_6' title="bbox 483 717 2060 797">
     <span class='ocr_line' id='line_1_6' title="bbox 483 717 2060 797; baseline -0.01 -12"><span class='ocrx_word' id='word_1_32' title='bbox 483 725 723 785; x_wconf 78' lang='grc' dir='ltr'>Ζ’.ΙΙοτῖ-;</span> <span class='ocrx_word' id='word_1_33' title='bbox 773 722 833 780; x_wconf 77' lang='grc' dir='ltr'>δὲ</span> <span class='ocrx_word' id='word_1_34' title='bbox 878 729 980 793; x_wconf 86' lang='grc' dir='ltr'>τῆς</span> <span class='ocrx_word' id='word_1_35' title='bbox 1028 725 1126 776; x_wconf 93' lang='grc' dir='ltr'>τοῦ</span> <span class='ocrx_word' id='word_1_36' title='bbox 1191 717 1459 797; x_wconf 70' lang='grc' dir='ltr'>βασιλέως</span> <span class='ocrx_word' id='word_1_37' title='bbox 1519 717 1727 792; x_wconf 83' lang='grc' dir='ltr'>μητρὸς</span> <span class='ocrx_word' id='word_1_38' title='bbox 1780 735 2060 771; x_wconf 85' lang='grc' dir='ltr'>συνεστιω-</span> 
     </span>
    </p>
   </div>
   <div class='ocr_carea' id='block_1_7' title="bbox 2172 716 3823 798">
    <p class='ocr_par' dir='ltr' id='par_1_7' title="bbox 2248 716 3823 798">
     <span class='ocr_line' id='line_1_7' title="bbox 2248 716 3823 798; baseline 0.015 -28"><span class='ocrx_word' id='word_1_39' title='bbox 2248 716 2367 772; x_wconf 87' lang='lat' dir='ltr'>VII.</span> <span class='ocrx_word' id='word_1_40' title='bbox 2400 716 2543 773; x_wconf 86' lang='lat' dir='ltr'>Cum</span> <span class='ocrx_word' id='word_1_41' title='bbox 2603 735 2735 775; x_wconf 90' lang='lat' dir='ltr'>vero</span> <span class='ocrx_word' id='word_1_42' title='bbox 2793 718 3113 792; x_wconf 83' lang='lat' dir='ltr'>imperator</span> <span class='ocrx_word' id='word_1_43' title='bbox 3166 724 3481 798; x_wconf 82' lang='lat' dir='ltr'>aliquando</span> <span class='ocrx_word' id='word_1_44' title='bbox 3514 733 3663 791; x_wconf 73' lang='lat'>165</span> <span class='ocrx_word' id='word_1_45' title='bbox 3700 753 3823 793; x_wconf 83' lang='lat' dir='ltr'>ma-</span> 
     </span>
    </p>
   </div>
   <div class='ocr_carea' id='block_1_8' title="bbox 419 803 2063 893">
    <p class='ocr_par' dir='ltr' id='par_1_8' title="bbox 419 803 2063 893">
     <span class='ocr_line' id='line_1_8' title="bbox 419 803 2063 893; baseline -0.01 -19"><span class='ocrx_word' id='word_1_46' title='bbox 419 819 583 893; x_wconf 73' lang='grc' dir='ltr'>μὲνης</span> <span class='ocrx_word' id='word_1_47' title='bbox 626 819 703 887; x_wconf 79' lang='grc' dir='ltr'>τῷ</span> <span class='ocrx_word' id='word_1_48' title='bbox 758 811 996 891; x_wconf 78' lang='grc' dir='ltr'>βασιλεῖ,</span> <span class='ocrx_word' id='word_1_49' title='bbox 1032 812 1059 866; x_wconf 95' lang='lat'>6</span> <span class='ocrx_word' id='word_1_50' title='bbox 1089 811 1531 885; x_wconf 83' lang='grc' dir='ltr'>πρωτοστράτωρ</span> <span class='ocrx_word' id='word_1_51' title='bbox 1573 803 1869 877; x_wconf 75' lang='grc' dir='ltr'>εἷσεκλήθη</span> <span class='ocrx_word' id='word_1_52' title='bbox 1905 803 2063 893; x_wconf 80' lang='grc' dir='ltr'>Βασί·</span> 
     </span>
    </p>
   </div>
   <div class='ocr_carea' id='block_1_9' title="bbox 417 892 2063 979">
    <p class='ocr_par' dir='ltr' id='par_1_9' title="bbox 417 892 2063 979">
     <span class='ocr_line' id='line_1_9' title="bbox 417 892 2063 979; baseline -0.01 -15"><span class='ocrx_word' id='word_1_53' title='bbox 417 907 559 969; x_wconf 86' lang='grc' dir='ltr'>λειος</span> <span class='ocrx_word' id='word_1_54' title='bbox 584 910 746 961; x_wconf 87' lang='grc' dir='ltr'>τοῦτο</span> <span class='ocrx_word' id='word_1_55' title='bbox 790 900 889 959; x_wconf 84' lang='grc' dir='ltr'>τοῦ</span> <span class='ocrx_word' id='word_1_56' title='bbox 940 900 1211 979; x_wconf 69' lang='grc' dir='ltr'>βασιλέως</span> <span class='ocrx_word' id='word_1_57' title='bbox 1252 896 1629 960; x_wconf 77' lang='grc' dir='ltr'>κελεύσαντος.</span> <span class='ocrx_word' id='word_1_58' title='bbox 1677 895 1780 952; x_wconf 84' lang='grc' dir='ltr'>Καὶ</span> <span class='ocrx_word' id='word_1_59' title='bbox 1825 897 1860 965; x_wconf 79' lang='grc' dir='ltr'><strong>ἡ</strong></span> <span class='ocrx_word' id='word_1_60' title='bbox 1907 892 2063 970; x_wconf 84' lang='grc' dir='ltr'>βασί-</span> 
     </span>
    </p>
   </div>
   <div class='ocr_carea' id='block_1_10' title="bbox 415 980 2065 1070">
    <p class='ocr_par' dir='ltr' id='par_1_10' title="bbox 415 980 2065 1070">
     <span class='ocr_line' id='line_1_10' title="bbox 415 980 2065 1070; baseline -0.009 -18"><span class='ocrx_word' id='word_1_61' title='bbox 415 996 573 1052; x_wconf 89' lang='grc' dir='ltr'>λισσα</span> <span class='ocrx_word' id='word_1_62' title='bbox 622 997 866 1070; x_wconf 77' lang='grc' dir='ltr'>συνεχῶς</span> <span class='ocrx_word' id='word_1_63' title='bbox 916 990 1063 1063; x_wconf 75' lang='grc' dir='ltr'>αὐτῷ</span> <span class='ocrx_word' id='word_1_64' title='bbox 1110 988 1401 1060; x_wconf 78' lang='grc' dir='ltr'>ἐνητὲνιζε,</span> <span class='ocrx_word' id='word_1_65' title='bbox 1451 986 1541 1042; x_wconf 76' lang='grc' dir='ltr'>καὶ</span> <span class='ocrx_word' id='word_1_66' title='bbox 1590 986 1736 1060; x_wconf 68' lang='grc' dir='ltr'>ἑώρα</span> <span class='ocrx_word' id='word_1_67' title='bbox 1775 985 1866 1039; x_wconf 82' lang='grc' dir='ltr'>τὸν</span> <span class='ocrx_word' id='word_1_68' title='bbox 1897 980 2065 1058; x_wconf 82' lang='grc' dir='ltr'>ἄνδρα</span> 
     </span>
    </p>
   </div>
   <div class='ocr_carea' id='block_1_11' title="bbox 409 1071 2062 1162">
    <p class='ocr_par' dir='ltr' id='par_1_11' title="bbox 409 1071 2062 1162">
     <span class='ocr_line' id='line_1_11' title="bbox 409 1071 2062 1162; baseline -0.01 -20"><span class='ocrx_word' id='word_1_69' title='bbox 409 1084 844 1162; x_wconf 78' lang='grc' dir='ltr'>περιεργότερον,</span> <span class='ocrx_word' id='word_1_70' title='bbox 921 1081 1035 1136; x_wconf 76' lang='grc' dir='ltr'>εἶτα</span> <span class='ocrx_word' id='word_1_71' title='bbox 1106 1078 1197 1135; x_wconf 77' lang='grc' dir='ltr'>καὶ</span> <span class='ocrx_word' id='word_1_72' title='bbox 1275 1071 1609 1156; x_wconf 72' lang='grc' dir='ltr'>ἀπεφοίϐασε</span> <span class='ocrx_word' id='word_1_73' title='bbox 1676 1078 1869 1131; x_wconf 88' lang='grc' dir='ltr'>τοῦτον</span> <span class='ocrx_word' id='word_1_74' title='bbox 1932 1073 2062 1128; x_wconf 71' lang='grc' dir='ltr'>εἶναι</span> 
     </span>
    </p>
   </div>
   <div class='ocr_carea' id='block_1_12' title="bbox 409 1161 2065 1248">
    <p class='ocr_par' dir='ltr' id='par_1_12' title="bbox 409 1161 2065 1248">
     <span class='ocr_line' id='line_1_12' title="bbox 409 1161 2065 1248; baseline -0.01 -17"><span class='ocrx_word' id='word_1_75' title='bbox 409 1176 505 1231; x_wconf 80' lang='grc' dir='ltr'>τὸν</span> <span class='ocrx_word' id='word_1_76' title='bbox 548 1161 786 1248; x_wconf 68' lang='grc' dir='ltr'>ὀλετῆρα</span> <span class='ocrx_word' id='word_1_77' title='bbox 842 1174 939 1226; x_wconf 90' lang='grc' dir='ltr'>τοῦ</span> <span class='ocrx_word' id='word_1_78' title='bbox 992 1170 1181 1246; x_wconf 71' lang='grc' dir='ltr'>γένους</span> <span class='ocrx_word' id='word_1_79' title='bbox 1232 1166 1425 1237; x_wconf 79' lang='grc' dir='ltr'>αὐτῆς,</span> <span class='ocrx_word' id='word_1_80' title='bbox 1484 1163 1546 1221; x_wconf 78' lang='grc' dir='ltr'>ἔκ</span> <span class='ocrx_word' id='word_1_81' title='bbox 1599 1186 1762 1221; x_wconf 88' lang='grc' dir='ltr'>τινων</span> <span class='ocrx_word' id='word_1_82' title='bbox 1824 1161 2065 1237; x_wconf 77' lang='grc' dir='ltr'>σημείων</span> 
     </span>
    </p>
   </div>
   <div class='ocr_carea' id='block_1_13' title="bbox 410 1253 2061 1339">
    <p class='ocr_par' dir='ltr' id='par_1_13' title="bbox 410 1253 2061 1339">
     <span class='ocr_line' id='line_1_13' title="bbox 410 1253 2061 1339; baseline -0.008 -19"><span class='ocrx_word' id='word_1_83' title='bbox 410 1266 574 1320; x_wconf 83' lang='grc' dir='ltr'>τοῦτο</span> <span class='ocrx_word' id='word_1_84' title='bbox 622 1266 852 1339; x_wconf 87' lang='grc' dir='ltr'>γνοῦσα,</span> <span class='ocrx_word' id='word_1_85' title='bbox 900 1259 976 1324; x_wconf 87' lang='grc' dir='ltr'>ὡς</span> <span class='ocrx_word' id='word_1_86' title='bbox 1022 1254 1200 1334; x_wconf 84' lang='grc' dir='ltr'>ἔλεγε,</span> <span class='ocrx_word' id='word_1_87' title='bbox 1245 1255 1419 1313; x_wconf 88' lang='grc' dir='ltr'>πάλαι</span> <span class='ocrx_word' id='word_1_88' title='bbox 1464 1253 1601 1330; x_wconf 77' lang='grc' dir='ltr'>αὐτῇ</span> <span class='ocrx_word' id='word_1_89' title='bbox 1651 1254 2061 1330; x_wconf 70' lang='grc' dir='ltr'>γνωρισθέντων</span> 
     </span>
    </p>
   </div>
   <div class='ocr_carea' id='block_1_14' title="bbox 412 1340 2061 1425">
    <p class='ocr_par' dir='ltr' id='par_1_14' title="bbox 412 1340 2061 1425">
     <span class='ocr_line' id='line_1_14' title="bbox 412 1340 2061 1425; baseline -0.008 -16"><span class='ocrx_word' id='word_1_90' title='bbox 412 1351 476 1409; x_wconf 78' lang='grc' dir='ltr'>ἐκ</span> <span class='ocrx_word' id='word_1_91' title='bbox 503 1357 599 1408; x_wconf 91' lang='grc' dir='ltr'>τοῦ</span> <span class='ocrx_word' id='word_1_92' title='bbox 629 1349 835 1407; x_wconf 73' lang='grc' dir='ltr'>οἰκείου</span> <span class='ocrx_word' id='word_1_93' title='bbox 866 1347 1081 1425; x_wconf 82' lang='grc' dir='ltr'>ἀνδρός.</span> <span class='ocrx_word' id='word_1_94' title='bbox 1118 1344 1300 1403; x_wconf 82' lang='grc' dir='ltr'>Ἀλλὰ</span> <span class='ocrx_word' id='word_1_95' title='bbox 1348 1350 1428 1418; x_wconf 84' lang='grc' dir='ltr'>τῷ</span> <span class='ocrx_word' id='word_1_96' title='bbox 1478 1344 1710 1420; x_wconf 77' lang='grc' dir='ltr'>Μιχαὴλ</span> <span class='ocrx_word' id='word_1_97' title='bbox 1761 1347 1929 1398; x_wconf 86' lang='grc' dir='ltr'>ταῦτα</span> <span class='ocrx_word' id='word_1_98' title='bbox 1958 1340 2061 1411; x_wconf 87' lang='grc' dir='ltr'>λῆ-</span> 
     </span>
    </p>
   </div>
   <div class='ocr_carea' id='block_1_15' title="bbox 413 1432 2065 1517">
    <p class='ocr_par' dir='ltr' id='par_1_15' title="bbox 413 1432 2065 1517">
     <span class='ocr_line' id='line_1_15' title="bbox 413 1432 2065 1517; baseline -0.007 -19"><span class='ocrx_word' id='word_1_99' title='bbox 413 1463 508 1517; x_wconf 88' lang='grc' dir='ltr'>ρος</span> <span class='ocrx_word' id='word_1_100' title='bbox 534 1439 735 1511; x_wconf 78' lang='grc' dir='ltr'>ἐδόκει,</span> <span class='ocrx_word' id='word_1_101' title='bbox 767 1440 857 1495; x_wconf 83' lang='grc' dir='ltr'>καὶ</span> <span class='ocrx_word' id='word_1_102' title='bbox 905 1437 1058 1494; x_wconf 76' lang='grc' dir='ltr'>οὐδὲν</span> <span class='ocrx_word' id='word_1_103' title='bbox 1105 1436 1312 1511; x_wconf 78' lang='grc' dir='ltr'>ἀπῆγεν</span> <span class='ocrx_word' id='word_1_104' title='bbox 1360 1434 1520 1490; x_wconf 78' lang='grc' dir='ltr'>αὐτὸν</span> <span class='ocrx_word' id='word_1_105' title='bbox 1569 1440 1672 1504; x_wconf 89' lang='grc' dir='ltr'>τῆς</span> <span class='ocrx_word' id='word_1_106' title='bbox 1718 1432 1926 1495; x_wconf 75' lang='grc' dir='ltr'>εὐνοίας</span> <span class='ocrx_word' id='word_1_107' title='bbox 1966 1433 2065 1501; x_wconf 72' lang='grc' dir='ltr'>τῆς</span> 
     </span>
    </p>
   </div>
   <div class='ocr_carea' id='block_1_16' title="bbox 409 1522 2061 1606">
    <p class='ocr_par' dir='ltr' id='par_1_16' title="bbox 409 1522 2061 1606">
     <span class='ocr_line' id='line_1_16' title="bbox 409 1522 2061 1606; baseline -0.006 -18"><span class='ocrx_word' id='word_1_108' title='bbox 409 1531 537 1606; x_wconf 84' lang='grc' dir='ltr'>περὶ</span> <span class='ocrx_word' id='word_1_109' title='bbox 589 1531 679 1586; x_wconf 85' lang='grc' dir='ltr'>τὸν</span> <span class='ocrx_word' id='word_1_110' title='bbox 740 1528 1024 1586; x_wconf 77' lang='grc' dir='ltr'>Βασίλειον</span> <span class='ocrx_word' id='word_1_111' title='bbox 1059 1570 1072 1596; x_wconf 88' lang='grc'><strong><em>,</em></strong></span> <span class='ocrx_word' id='word_1_112' title='bbox 1131 1524 1241 1596; x_wconf 76' lang='grc' dir='ltr'>ἤδη</span> <span class='ocrx_word' id='word_1_113' title='bbox 1302 1522 1360 1581; x_wconf 71' lang='grc' dir='ltr'>δὲ</span> <span class='ocrx_word' id='word_1_114' title='bbox 1415 1525 1505 1579; x_wconf 78' lang='grc' dir='ltr'>καὶ</span> <span class='ocrx_word' id='word_1_115' title='bbox 1563 1524 2061 1600; x_wconf 81' lang='grc' dir='ltr'>παρακοιμώμενον</span> 
     </span>
    </p>
   </div>
   <div class='ocr_carea' id='block_1_17' title="bbox 408 1612 2063 1696">
    <p class='ocr_par' dir='ltr' id='par_1_17' title="bbox 408 1612 2063 1696">
     <span class='ocr_line' id='line_1_17' title="bbox 408 1612 2063 1696; baseline -0.005 -21"><span class='ocrx_word' id='word_1_116' title='bbox 408 1621 572 1676; x_wconf 79' lang='grc' dir='ltr'>αὐτὸν</span> <span class='ocrx_word' id='word_1_117' title='bbox 601 1614 959 1696; x_wconf 76' lang='grc' dir='ltr'>προεϐάλετο.</span> <span class='ocrx_word' id='word_1_118' title='bbox 1010 1615 1115 1673; x_wconf 76' lang='grc' dir='ltr'>Καὶ</span> <span class='ocrx_word' id='word_1_119' title='bbox 1164 1619 1324 1670; x_wconf 86' lang='grc' dir='ltr'>τοῦτο</span> <span class='ocrx_word' id='word_1_120' title='bbox 1358 1612 1414 1669; x_wconf 72' lang='grc' dir='ltr'>δὲ</span> <span class='ocrx_word' id='word_1_121' title='bbox 1460 1620 1561 1684; x_wconf 88' lang='grc' dir='ltr'>τῆς</span> <span class='ocrx_word' id='word_1_122' title='bbox 1613 1613 1751 1668; x_wconf 76' lang='grc' dir='ltr'>κατὰ</span> <span class='ocrx_word' id='word_1_123' title='bbox 1778 1617 1875 1668; x_wconf 88' lang='grc' dir='ltr'>τοῦ</span> <span class='ocrx_word' id='word_1_124' title='bbox 1904 1620 2063 1668; x_wconf 87' lang='grc' dir='ltr'>Βασι-</span> 
     </span>
    </p>
   </div>
   <div class='ocr_carea' id='block_1_18' title="bbox 407 1701 2064 1785">
    <p class='ocr_par' dir='ltr' id='par_1_18' title="bbox 407 1701 2064 1785">
     <span class='ocr_line' id='line_1_18' title="bbox 407 1701 2064 1785; baseline -0.005 -20"><span class='ocrx_word' id='word_1_125' title='bbox 407 1709 562 1767; x_wconf 78' lang='grc' dir='ltr'>λείου</span> <span class='ocrx_word' id='word_1_126' title='bbox 625 1706 914 1785; x_wconf 78' lang='grc' dir='ltr'>βασκανίας</span> <span class='ocrx_word' id='word_1_127' title='bbox 970 1702 1217 1768; x_wconf 82' lang='grc' dir='ltr'>ἐπίδοσις</span> <span class='ocrx_word' id='word_1_128' title='bbox 1273 1708 1354 1777; x_wconf 78' lang='grc' dir='ltr'>τῷ</span> <span class='ocrx_word' id='word_1_129' title='bbox 1412 1702 1636 1779; x_wconf 83' lang='grc' dir='ltr'>Καίσαρι</span> <span class='ocrx_word' id='word_1_130' title='bbox 1690 1701 1914 1780; x_wconf 71' lang='grc' dir='ltr'>γέγονε,</span> <span class='ocrx_word' id='word_1_131' title='bbox 1974 1702 2064 1756; x_wconf 78' lang='grc' dir='ltr'>καὶ</span> 
     </span>
    </p>
   </div>
   <div class='ocr_carea' id='block_1_19' title="bbox 407 1786 2063 1870">
    <p class='ocr_par' dir='ltr' id='par_1_19' title="bbox 407 1786 2063 1870">
     <span class='ocr_line' id='line_1_19' title="bbox 407 1786 2063 1870; baseline -0.004 -17"><span class='ocrx_word' id='word_1_132' title='bbox 407 1792 742 1853; x_wconf 72' lang='grc' dir='ltr'>ἐπεϐούλευε</span> <span class='ocrx_word' id='word_1_133' title='bbox 794 1799 874 1868; x_wconf 80' lang='grc' dir='ltr'>τῷ</span> <span class='ocrx_word' id='word_1_134' title='bbox 935 1792 1131 1870; x_wconf 77' lang='grc' dir='ltr'>ἀνδρὶ,</span> <span class='ocrx_word' id='word_1_135' title='bbox 1190 1792 1281 1849; x_wconf 83' lang='grc' dir='ltr'>καὶ</span> <span class='ocrx_word' id='word_1_136' title='bbox 1334 1794 1460 1869; x_wconf 89' lang='grc' dir='ltr'>παρ’</span> <span class='ocrx_word' id='word_1_137' title='bbox 1520 1791 1684 1847; x_wconf 78' lang='grc' dir='ltr'>αὐτοῦ</span> <span class='ocrx_word' id='word_1_138' title='bbox 1740 1786 2063 1847; x_wconf 76' lang='grc' dir='ltr'>ἀντεπεϐου-</span> 
     </span>
    </p>
   </div>
   <div class='ocr_carea' id='block_1_20' title="bbox 408 1880 2064 1961">
    <p class='ocr_par' dir='ltr' id='par_1_20' title="bbox 408 1880 2064 1961">
     <span class='ocr_line' id='line_1_20' title="bbox 408 1880 2064 1961; baseline -0.004 -19"><span class='ocrx_word' id='word_1_139' title='bbox 408 1883 1020 1961; x_wconf 74' lang='grc' dir='ltr'>λεύετο.Ἐκστρατείας</span> <span class='ocrx_word' id='word_1_140' title='bbox 1069 1880 1126 1939; x_wconf 76' lang='grc' dir='ltr'>δὲ</span> <span class='ocrx_word' id='word_1_141' title='bbox 1171 1882 1308 1939; x_wconf 78' lang='grc' dir='ltr'>κατὰ</span> <span class='ocrx_word' id='word_1_142' title='bbox 1350 1886 1459 1937; x_wconf 86' lang='grc' dir='ltr'>τῶν</span> <span class='ocrx_word' id='word_1_143' title='bbox 1513 1882 1612 1950; x_wconf 87' lang='grc' dir='ltr'>τὴν</span> <span class='ocrx_word' id='word_1_144' title='bbox 1659 1882 1876 1959; x_wconf 74' lang='grc' dir='ltr'>Κρήτην</span> <span class='ocrx_word' id='word_1_145' title='bbox 1909 1880 2064 1959; x_wconf 79' lang='grc' dir='ltr'>ἐχόν-</span> 
     </span>
    </p>
   </div>
   <div class='ocr_carea' id='block_1_21' title="bbox 407 1969 2063 2052">
    <p class='ocr_par' dir='ltr' id='par_1_21' title="bbox 407 1969 2063 2052">
     <span class='ocr_line' id='line_1_21' title="bbox 407 1969 2063 2052; baseline -0.004 -20"><span class='ocrx_word' id='word_1_146' title='bbox 407 1998 521 2032; x_wconf 86' lang='grc' dir='ltr'>των</span> <span class='ocrx_word' id='word_1_147' title='bbox 572 1977 891 2052; x_wconf 81' lang='grc' dir='ltr'>Ἀγαρηνῶν</span> <span class='ocrx_word' id='word_1_148' title='bbox 939 1973 1314 2048; x_wconf 86' lang='grc' dir='ltr'>κηρυχθείσης</span> <span class='ocrx_word' id='word_1_149' title='bbox 1366 1975 1445 2044; x_wconf 79' lang='grc' dir='ltr'>τῷ</span> <span class='ocrx_word' id='word_1_150' title='bbox 1488 1969 1743 2047; x_wconf 77' lang='grc' dir='ltr'>Μιχαὴλ,</span> <span class='ocrx_word' id='word_1_151' title='bbox 1795 1972 1823 2026; x_wconf 99' lang='lat'>6</span> <span class='ocrx_word' id='word_1_152' title='bbox 1861 1976 2063 2046; x_wconf 86' lang='grc' dir='ltr'>Καῖσαρ</span> 
     </span>
    </p>
   </div>
   <div class='ocr_carea' id='block_1_22' title="bbox 2172 808 3825 886">
    <p class='ocr_par' dir='ltr' id='par_1_22' title="bbox 2172 808 3825 886">
     <span class='ocr_line' id='line_1_22' title="bbox 2172 808 3825 886; baseline 0.013 -26"><span class='ocrx_word' id='word_1_153' title='bbox 2172 809 2321 861; x_wconf 84' lang='lat' dir='ltr'>trem</span> <span class='ocrx_word' id='word_1_154' title='bbox 2354 822 2517 861; x_wconf 89' lang='lat' dir='ltr'>suam</span> <span class='ocrx_word' id='word_1_155' title='bbox 2548 808 2811 866; x_wconf 91' lang='lat' dir='ltr'>convivio</span> <span class='ocrx_word' id='word_1_156' title='bbox 2874 811 3214 884; x_wconf 83' lang='lat' dir='ltr'>excepisset,</span> <span class='ocrx_word' id='word_1_157' title='bbox 3241 814 3416 886; x_wconf 84' lang='lat' dir='ltr'>jussu</span> <span class='ocrx_word' id='word_1_158' title='bbox 3463 818 3624 877; x_wconf 91' lang='lat' dir='ltr'>illius</span> <span class='ocrx_word' id='word_1_159' title='bbox 3648 823 3825 881; x_wconf 86' lang='lat' dir='ltr'>etiam</span> 
     </span>
    </p>
   </div>
   <div class='ocr_carea' id='block_1_23' title="bbox 2172 895 3822 985">
    <p class='ocr_par' dir='ltr' id='par_1_23' title="bbox 2172 895 3822 985">
     <span class='ocr_line' id='line_1_23' title="bbox 2172 895 3822 985; baseline 0.013 -36"><span class='ocrx_word' id='word_1_160' title='bbox 2172 895 2427 951; x_wconf 76' lang='lat' dir='ltr'>Basilius</span> <span class='ocrx_word' id='word_1_161' title='bbox 2459 899 2848 968; x_wconf 89' lang='lat' dir='ltr'>protostrator</span> <span class='ocrx_word' id='word_1_162' title='bbox 2886 902 2976 956; x_wconf 87' lang='lat' dir='ltr'>est</span> <span class='ocrx_word' id='word_1_163' title='bbox 3022 901 3357 961; x_wconf 84' lang='lat' dir='ltr'>advocatus.</span> <span class='ocrx_word' id='word_1_164' title='bbox 3392 911 3538 966; x_wconf 88' lang='lat' dir='ltr'>Eum</span> <span class='ocrx_word' id='word_1_165' title='bbox 3571 911 3822 985; x_wconf 89' lang='lat' dir='ltr'>impera-</span> 
     </span>
    </p>
   </div>
   <div class='ocr_carea' id='block_1_24' title="bbox 2173 986 3824 1077">
    <p class='ocr_par' dir='ltr' id='par_1_24' title="bbox 2173 986 3824 1077">
     <span class='ocr_line' id='line_1_24' title="bbox 2173 986 3824 1077; baseline 0.013 -36"><span class='ocrx_word' id='word_1_166' title='bbox 2173 986 2289 1041; x_wconf 87' lang='lat' dir='ltr'>trix</span> <span class='ocrx_word' id='word_1_167' title='bbox 2320 988 2684 1045; x_wconf 79' lang='lat' dir='ltr'>continenter</span> <span class='ocrx_word' id='word_1_168' title='bbox 2731 990 2935 1047; x_wconf 84' lang='lat' dir='ltr'>deﬁxis</span> <span class='ocrx_word' id='word_1_169' title='bbox 2992 994 3179 1051; x_wconf 90' lang='lat' dir='ltr'>oculis</span> <span class='ocrx_word' id='word_1_170' title='bbox 3224 1000 3314 1053; x_wconf 91' lang='lat' dir='ltr'>est</span> <span class='ocrx_word' id='word_1_171' title='bbox 3370 1000 3604 1073; x_wconf 88' lang='lat' dir='ltr'>intuita,</span> <span class='ocrx_word' id='word_1_172' title='bbox 3640 1021 3824 1077; x_wconf 89' lang='lat' dir='ltr'>eoque</span> 
     </span>
    </p>
   </div>
   <div class='ocr_carea' id='block_1_25' title="bbox 2175 1077 3824 1161">
    <p class='ocr_par' dir='ltr' id='par_1_25' title="bbox 2175 1077 3824 1161">
     <span class='ocr_line' id='line_1_25' title="bbox 2175 1077 3824 1161; baseline 0.012 -29"><span class='ocrx_word' id='word_1_173' title='bbox 2175 1077 2467 1134; x_wconf 77' lang='lat' dir='ltr'>curiosius</span> <span class='ocrx_word' id='word_1_174' title='bbox 2519 1085 2845 1154; x_wconf 88' lang='lat' dir='ltr'>perspecto,</span> <span class='ocrx_word' id='word_1_175' title='bbox 2895 1081 3074 1139; x_wconf 90' lang='lat' dir='ltr'>veluti</span> <span class='ocrx_word' id='word_1_176' title='bbox 3133 1088 3375 1145; x_wconf 90' lang='lat' dir='ltr'>numine</span> <span class='ocrx_word' id='word_1_177' title='bbox 3430 1092 3643 1161; x_wconf 84' lang='lat' dir='ltr'>afﬂata,</span> <span class='ocrx_word' id='word_1_178' title='bbox 3677 1096 3824 1152; x_wconf 83' lang='lat' dir='ltr'>dixit</span> 
     </span>
    </p>
   </div>
   <div class='ocr_carea' id='block_1_26' title="bbox 2174 1165 3826 1250">
    <p class='ocr_par' dir='ltr' id='par_1_26' title="bbox 2174 1165 3826 1250">
     <span class='ocr_line' id='line_1_26' title="bbox 2174 1165 3826 1250; baseline 0.013 -28"><span class='ocrx_word' id='word_1_179' title='bbox 2174 1165 2345 1223; x_wconf 90' lang='lat' dir='ltr'>illum</span> <span class='ocrx_word' id='word_1_180' title='bbox 2378 1185 2506 1225; x_wconf 90' lang='lat' dir='ltr'>esse</span> <span class='ocrx_word' id='word_1_181' title='bbox 2538 1175 2760 1242; x_wconf 87' lang='lat' dir='ltr'><strong>pestem</strong></span> <span class='ocrx_word' id='word_1_182' title='bbox 2794 1171 3031 1230; x_wconf 60' lang='lat' dir='ltr'>familia</span> <span class='ocrx_word' id='word_1_183' title='bbox 3061 1192 3178 1230; x_wconf 80' lang='lat' dir='ltr'>suae</span> <span class='ocrx_word' id='word_1_184' title='bbox 3205 1194 3218 1233; x_wconf 92' lang='lat'><strong>:</strong></span> <span class='ocrx_word' id='word_1_185' title='bbox 3247 1176 3424 1250; x_wconf 88' lang='lat' dir='ltr'>idque</span> <span class='ocrx_word' id='word_1_186' title='bbox 3456 1199 3519 1238; x_wconf 89' lang='lat' dir='ltr'>se</span> <span class='ocrx_word' id='word_1_187' title='bbox 3550 1200 3723 1241; x_wconf 85' lang='lat' dir='ltr'>nosse</span> <span class='ocrx_word' id='word_1_188' title='bbox 3754 1187 3826 1241; x_wconf 90' lang='lat' dir='ltr'>de</span> 
     </span>
    </p>
   </div>
   <div class='ocr_carea' id='block_1_27' title="bbox 2175 1256 3822 1330">
    <p class='ocr_par' dir='ltr' id='par_1_27' title="bbox 2175 1256 3822 1330">
     <span class='ocr_line' id='line_1_27' title="bbox 2175 1256 3822 1330; baseline 0.011 -18"><span class='ocrx_word' id='word_1_189' title='bbox 2175 1256 2363 1330; x_wconf 82' lang='lat' dir='ltr'>signis</span> <span class='ocrx_word' id='word_1_190' title='bbox 2396 1257 2753 1330; x_wconf 90' lang='lat' dir='ltr'>quibusdam</span> <span class='ocrx_word' id='word_1_191' title='bbox 2787 1261 2901 1317; x_wconf 89' lang='lat' dir='ltr'>sibi</span> <span class='ocrx_word' id='word_1_192' title='bbox 2931 1262 3068 1319; x_wconf 87' lang='lat' dir='ltr'>olim</span> <span class='ocrx_word' id='word_1_193' title='bbox 3102 1281 3135 1320; x_wconf 90' lang='lat' dir='ltr'>a</span> <span class='ocrx_word' id='word_1_194' title='bbox 3168 1268 3376 1323; x_wconf 88' lang='lat' dir='ltr'>marito</span> <span class='ocrx_word' id='word_1_195' title='bbox 3410 1269 3822 1330; x_wconf 88' lang='lat' dir='ltr'>indicatis.Ve-</span> 
     </span>
    </p>
   </div>
   <div class='ocr_carea' id='block_1_28' title="bbox 2175 1347 3824 1424">
    <p class='ocr_par' dir='ltr' id='par_1_28' title="bbox 2175 1347 3824 1424">
     <span class='ocr_line' id='line_1_28' title="bbox 2175 1347 3824 1424; baseline 0.012 -23"><span class='ocrx_word' id='word_1_196' title='bbox 2175 1362 2307 1401; x_wconf 92' lang='lat' dir='ltr'>rum</span> <span class='ocrx_word' id='word_1_197' title='bbox 2339 1347 2583 1405; x_wconf 86' lang='lat' dir='ltr'>Michael</span> <span class='ocrx_word' id='word_1_198' title='bbox 2617 1366 2720 1420; x_wconf 89' lang='lat' dir='ltr'>pro</span> <span class='ocrx_word' id='word_1_199' title='bbox 2753 1351 2925 1423; x_wconf 87' lang='lat' dir='ltr'>nugis</span> <span class='ocrx_word' id='word_1_200' title='bbox 2954 1352 3012 1407; x_wconf 92' lang='lat' dir='ltr'>id</span> <span class='ocrx_word' id='word_1_201' title='bbox 3047 1352 3271 1424; x_wconf 89' lang='lat' dir='ltr'>habuit,</span> <span class='ocrx_word' id='word_1_202' title='bbox 3301 1357 3465 1414; x_wconf 88' lang='lat' dir='ltr'>nulla</span> <span class='ocrx_word' id='word_1_203' title='bbox 3494 1376 3552 1416; x_wconf 90' lang='lat' dir='ltr'>re</span> <span class='ocrx_word' id='word_1_204' title='bbox 3585 1378 3619 1417; x_wconf 91' lang='lat' dir='ltr'>a</span> <span class='ocrx_word' id='word_1_205' title='bbox 3648 1362 3824 1419; x_wconf 88' lang='lat' dir='ltr'>bene-</span> 
     </span>
    </p>
   </div>
   <div class='ocr_carea' id='block_1_29' title="bbox 2173 1433 3825 1524">
    <p class='ocr_par' dir='ltr' id='par_1_29' title="bbox 2173 1433 3825 1524">
     <span class='ocr_line' id='line_1_29' title="bbox 2173 1433 3825 1524; baseline 0.012 -35"><span class='ocrx_word' id='word_1_206' title='bbox 2173 1433 2425 1491; x_wconf 82' lang='lat' dir='ltr'>volentia</span> <span class='ocrx_word' id='word_1_207' title='bbox 2455 1454 2592 1511; x_wconf 86' lang='lat' dir='ltr'>erga</span> <span class='ocrx_word' id='word_1_208' title='bbox 2621 1439 2903 1496; x_wconf 88' lang='lat' dir='ltr'>Basilium</span> <span class='ocrx_word' id='word_1_209' title='bbox 2952 1459 3019 1498; x_wconf 90' lang='lat' dir='ltr'>se</span> <span class='ocrx_word' id='word_1_210' title='bbox 3063 1443 3272 1500; x_wconf 87' lang='lat' dir='ltr'>abduci</span> <span class='ocrx_word' id='word_1_211' title='bbox 3306 1463 3538 1519; x_wconf 89' lang='lat' dir='ltr'>passus,</span> <span class='ocrx_word' id='word_1_212' title='bbox 3571 1467 3825 1524; x_wconf 89' lang='lat' dir='ltr'>eumque</span> 
     </span>
    </p>
   </div>
   <div class='ocr_carea' id='block_1_30' title="bbox 2174 1525 3827 1614">
    <p class='ocr_par' dir='ltr' id='par_1_30' title="bbox 2174 1525 3827 1614">
     <span class='ocr_line' id='line_1_30' title="bbox 2174 1525 3827 1614; baseline 0.011 -35"><span class='ocrx_word' id='word_1_213' title='bbox 2174 1525 2410 1581; x_wconf 87' lang='lat' dir='ltr'>tandem</span> <span class='ocrx_word' id='word_1_214' title='bbox 2437 1526 2612 1582; x_wconf 90' lang='lat' dir='ltr'>etiam</span> <span class='ocrx_word' id='word_1_215' title='bbox 2638 1529 3063 1587; x_wconf 85' lang='lat' dir='ltr'>cubicularium</span> <span class='ocrx_word' id='word_1_216' title='bbox 3089 1533 3258 1590; x_wconf 75' lang='lat' dir='ltr'>fecit:</span> <span class='ocrx_word' id='word_1_217' title='bbox 3286 1552 3402 1608; x_wconf 89' lang='lat' dir='ltr'>quo</span> <span class='ocrx_word' id='word_1_218' title='bbox 3423 1539 3664 1596; x_wconf 61' lang='lat' dir='ltr'>Casaris</span> <span class='ocrx_word' id='word_1_219' title='bbox 3687 1556 3827 1614; x_wconf 87' lang='lat' dir='ltr'>erga</span> 
     </span>
    </p>
   </div>
   <div class='ocr_carea' id='block_1_31' title="bbox 2176 1613 3821 1703">
    <p class='ocr_par' dir='ltr' id='par_1_31' title="bbox 2176 1613 3821 1703">
     <span class='ocr_line' id='line_1_31' title="bbox 2176 1613 3821 1703; baseline 0.013 -35"><span class='ocrx_word' id='word_1_220' title='bbox 2176 1613 2453 1671; x_wconf 89' lang='lat' dir='ltr'>Basilium</span> <span class='ocrx_word' id='word_1_221' title='bbox 2486 1615 2704 1673; x_wconf 88' lang='lat' dir='ltr'>invidia</span> <span class='ocrx_word' id='word_1_222' title='bbox 2737 1624 2909 1674; x_wconf 86' lang='lat' dir='ltr'>aucta</span> <span class='ocrx_word' id='word_1_223' title='bbox 2938 1624 3046 1692; x_wconf 85' lang='lat' dir='ltr'>est,</span> <span class='ocrx_word' id='word_1_224' title='bbox 3081 1626 3145 1677; x_wconf 91' lang='lat' dir='ltr'>ut</span> <span class='ocrx_word' id='word_1_225' title='bbox 3171 1622 3359 1681; x_wconf 88' lang='lat' dir='ltr'>virum</span> <span class='ocrx_word' id='word_1_226' title='bbox 3383 1625 3617 1684; x_wconf 88' lang='lat' dir='ltr'>insidiis</span> <span class='ocrx_word' id='word_1_227' title='bbox 3646 1613 3821 1703; x_wconf 81' lang='lat' dir='ltr'>appe-</span> 
     </span>
    </p>
   </div>
   <div class='ocr_carea' id='block_1_32' title="bbox 2175 1705 3821 1783">
    <p class='ocr_par' dir='ltr' id='par_1_32' title="bbox 2175 1705 3821 1783">
     <span class='ocr_line' id='line_1_32' title="bbox 2175 1705 3821 1783; baseline 0.012 -26"><span class='ocrx_word' id='word_1_228' title='bbox 2175 1706 2341 1773; x_wconf 81' lang='lat' dir='ltr'><strong>teret,</strong></span> <span class='ocrx_word' id='word_1_229' title='bbox 2375 1705 2447 1761; x_wconf 89' lang='lat' dir='ltr'>ab</span> <span class='ocrx_word' id='word_1_230' title='bbox 2479 1722 2665 1779; x_wconf 90' lang='lat' dir='ltr'>eoque</span> <span class='ocrx_word' id='word_1_231' title='bbox 2718 1706 2972 1764; x_wconf 89' lang='lat' dir='ltr'>vicissim</span> <span class='ocrx_word' id='word_1_232' title='bbox 3027 1715 3417 1783; x_wconf 87' lang='lat' dir='ltr'>appeteretur.</span> <span class='ocrx_word' id='word_1_233' title='bbox 3452 1720 3593 1773; x_wconf 87' lang='lat' dir='ltr'>Cum</span> <span class='ocrx_word' id='word_1_234' title='bbox 3627 1725 3821 1777; x_wconf 89' lang='lat' dir='ltr'>autem</span> 
     </span>
    </p>
   </div>
   <div class='ocr_carea' id='block_1_33' title="bbox 2174 1792 3828 1869">
    <p class='ocr_par' dir='ltr' id='par_1_33' title="bbox 2174 1792 3828 1869">
     <span class='ocr_line' id='line_1_33' title="bbox 2174 1792 3828 1869; baseline 0.011 -22"><span class='ocrx_word' id='word_1_235' title='bbox 2174 1792 2496 1866; x_wconf 82' lang='lat' dir='ltr'>imperator</span> <span class='ocrx_word' id='word_1_236' title='bbox 2532 1795 2776 1852; x_wconf 81' lang='lat' dir='ltr'>Michael</span> <span class='ocrx_word' id='word_1_237' title='bbox 2809 1798 3235 1869; x_wconf 79' lang='lat' dir='ltr'>expeditionem</span> <span class='ocrx_word' id='word_1_238' title='bbox 3295 1804 3496 1862; x_wconf 84' lang='lat' dir='ltr'>Contra</span> <span class='ocrx_word' id='word_1_239' title='bbox 3525 1809 3828 1866; x_wconf 83' lang='lat' dir='ltr'>Cretenses</span> 
     </span>
    </p>
   </div>
   <div class='ocr_carea' id='block_1_34' title="bbox 2175 1883 3827 1971">
    <p class='ocr_par' dir='ltr' id='par_1_34' title="bbox 2175 1883 3827 1971">
     <span class='ocr_line' id='line_1_34' title="bbox 2175 1883 3827 1971; baseline 0.012 -34"><span class='ocrx_word' id='word_1_240' title='bbox 2175 1883 2473 1954; x_wconf 89' lang='lat' dir='ltr'>Agarenos</span> <span class='ocrx_word' id='word_1_241' title='bbox 2504 1883 2999 1952; x_wconf 81' lang='lat' dir='ltr'>edixisset,Caesar</span> <span class='ocrx_word' id='word_1_242' title='bbox 3029 1888 3099 1943; x_wconf 87' lang='lat' dir='ltr'>ad</span> <span class='ocrx_word' id='word_1_243' title='bbox 3128 1890 3378 1964; x_wconf 74' lang='lat' dir='ltr'>Deiparas</span> <span class='ocrx_word' id='word_1_244' title='bbox 3410 1895 3592 1951; x_wconf 67' lang='lat' dir='ltr'>eadem</span> <span class='ocrx_word' id='word_1_245' title='bbox 3615 1913 3827 1971; x_wconf 83' lang='lat' dir='ltr'>cogno-</span> 
     </span>
    </p>
   </div>
   <div class='ocr_carea' id='block_1_35' title="bbox 2176 1973 3827 2048">
    <p class='ocr_par' dir='ltr' id='par_1_35' title="bbox 2176 1973 3827 2048">
     <span class='ocr_line' id='line_1_35' title="bbox 2176 1973 3827 2048; baseline 0.01 -19"><span class='ocrx_word' id='word_1_246' title='bbox 2176 1976 2373 2030; x_wconf 87' lang='lat' dir='ltr'>mento</span> <span class='ocrx_word' id='word_1_247' title='bbox 2397 1973 2768 2048; x_wconf 83' lang='lat' dir='ltr'>Hodegorum</span> <span class='ocrx_word' id='word_1_248' title='bbox 2816 1977 2983 2048; x_wconf 89' lang='lat' dir='ltr'>abiit,</span> <span class='ocrx_word' id='word_1_249' title='bbox 3017 1978 3118 2035; x_wconf 86' lang='lat' dir='ltr'>Dei</span> <span class='ocrx_word' id='word_1_250' title='bbox 3169 1980 3448 2039; x_wconf 89' lang='lat' dir='ltr'>Genitrici</span> <span class='ocrx_word' id='word_1_251' title='bbox 3478 1985 3603 2042; x_wconf 89' lang='lat' dir='ltr'>vale</span> <span class='ocrx_word' id='word_1_252' title='bbox 3633 1988 3827 2044; x_wconf 85' lang='lat' dir='ltr'>dictu-</span> 
     </span>
    </p>
   </div>
   <div class='ocr_carea' id='block_1_36' title="bbox 409 2056 2061 2160">
    <p class='ocr_par' dir='ltr' id='par_1_36' title="bbox 409 2056 2061 2142">
     <span class='ocr_line' id='line_1_36' title="bbox 409 2056 2061 2142; baseline -0.004 -21"><span class='ocrx_word' id='word_1_253' title='bbox 409 2063 554 2142; x_wconf 84' lang='grc' dir='ltr'>πρὸς</span> <span class='ocrx_word' id='word_1_254' title='bbox 608 2066 703 2120; x_wconf 89' lang='grc' dir='ltr'>τὸν</span> <span class='ocrx_word' id='word_1_255' title='bbox 761 2071 861 2134; x_wconf 88' lang='grc' dir='ltr'>τῆς</span> <span class='ocrx_word' id='word_1_256' title='bbox 932 2062 1198 2118; x_wconf 87' lang='grc' dir='ltr'>Θεοτόκου</span> <span class='ocrx_word' id='word_1_257' title='bbox 1271 2061 1421 2130; x_wconf 83' lang='grc' dir='ltr'>ναὸν,</span> <span class='ocrx_word' id='word_1_258' title='bbox 1479 2061 1572 2116; x_wconf 88' lang='grc' dir='ltr'>τὸν</span> <span class='ocrx_word' id='word_1_259' title='bbox 1629 2063 1735 2114; x_wconf 87' lang='grc' dir='ltr'>τῶν</span> <span class='ocrx_word' id='word_1_260' title='bbox 1812 2056 2061 2135; x_wconf 79' lang='grc' dir='ltr'>Ὁδηγῶν</span> 
     </span>
    </p>
   </div>
   <div class='ocr_carea' id='block_1_37' title="bbox 2172 2056 3830 2160">
    <p class='ocr_par' dir='ltr' id='par_1_37' title="bbox 2178 2064 3830 2145">
     <span class='ocr_line' id='line_1_37' title="bbox 2178 2064 3830 2145; baseline 0.01 -28"><span class='ocrx_word' id='word_1_261' title='bbox 2178 2078 2299 2119; x_wconf 89' lang='lat' dir='ltr'>rus.</span> <span class='ocrx_word' id='word_1_262' title='bbox 2335 2064 2597 2136; x_wconf 87' lang='lat' dir='ltr'>Cumque</span> <span class='ocrx_word' id='word_1_263' title='bbox 2618 2066 2745 2135; x_wconf 87' lang='lat' dir='ltr'>jam</span> <span class='ocrx_word' id='word_1_264' title='bbox 2776 2068 3033 2123; x_wconf 86' lang='lat' dir='ltr'>sacrario</span> <span class='ocrx_word' id='word_1_265' title='bbox 3080 2072 3632 2145; x_wconf 84' lang='lat' dir='ltr'>appropinquasset,</span> <span class='ocrx_word' id='word_1_266' title='bbox 3666 2077 3830 2133; x_wconf 85' lang='lat' dir='ltr'>chla-</span> 
     </span>
    </p>
   </div>
   <div class='ocr_carea' id='block_1_38' title="bbox 408 2151 798 2225">
    <p class='ocr_par' dir='ltr' id='par_1_38' title="bbox 408 2151 798 2225">
     <span class='ocr_line' id='line_1_38' title="bbox 408 2151 798 2225; baseline -0.005 -16"><span class='ocrx_word' id='word_1_267' title='bbox 408 2152 585 2224; x_wconf 84' lang='grc' dir='ltr'>κεκλη</span> <span class='ocrx_word' id='word_1_268' title='bbox 595 2151 754 2225; x_wconf 68' lang='grc' dir='ltr'>μενον</span> <span class='ocrx_word' id='word_1_269' title='bbox 783 2198 798 2221; x_wconf 87' lang='lat'>,</span> 
     </span>
    </p>
   </div>
   <div class='ocr_carea' id='block_1_39' title="bbox 406 2237 2066 2317">
    <p class='ocr_par' dir='ltr' id='par_1_39' title="bbox 406 2237 2066 2317">
     <span class='ocr_line' id='line_1_39' title="bbox 406 2237 2066 2317; baseline -0.009 -11"><span class='ocrx_word' id='word_1_270' title='bbox 406 2262 505 2305; x_wconf 86' lang='grc' dir='ltr'>νος</span> <span class='ocrx_word' id='word_1_271' title='bbox 556 2243 692 2317; x_wconf 86' lang='grc'>(63),</span> <span class='ocrx_word' id='word_1_272' title='bbox 738 2241 829 2296; x_wconf 75' lang='grc' dir='ltr'>καὶ</span> <span class='ocrx_word' id='word_1_273' title='bbox 883 2237 993 2311; x_wconf 74' lang='grc' dir='ltr'>ἤδη</span> <span class='ocrx_word' id='word_1_274' title='bbox 1051 2244 1130 2312; x_wconf 83' lang='grc' dir='ltr'>τῷ</span> <span class='ocrx_word' id='word_1_275' title='bbox 1188 2238 1553 2315; x_wconf 79' lang='grc' dir='ltr'>θυσιαστηρίῳ</span> <span class='ocrx_word' id='word_1_276' title='bbox 1611 2237 1775 2293; x_wconf 77' lang='grc' dir='ltr'>αὐτοῦ</span> <span class='ocrx_word' id='word_1_277' title='bbox 1828 2258 2066 2314; x_wconf 81' lang='grc' dir='ltr'>προσεγ-</span> 
     </span>
    </p>
   </div>
   <div class='ocr_carea' id='block_1_40' title="bbox 404 2325 2064 2407">
    <p class='ocr_par' dir='ltr' id='par_1_40' title="bbox 404 2325 2064 2407">
     <span class='ocr_line' id='line_1_40' title="bbox 404 2325 2064 2407; baseline -0.003 -21"><span class='ocrx_word' id='word_1_278' title='bbox 404 2329 682 2407; x_wconf 85' lang='grc' dir='ltr'>γίσαντος,</span> <span class='ocrx_word' id='word_1_279' title='bbox 743 2329 795 2401; x_wconf 79' lang='grc' dir='ltr'>ἐξ</span> <span class='ocrx_word' id='word_1_280' title='bbox 868 2327 1133 2403; x_wconf 81' lang='grc' dir='ltr'>οὐδεμιᾶς</span> <span class='ocrx_word' id='word_1_281' title='bbox 1190 2326 1463 2405; x_wconf 76' lang='grc' dir='ltr'>ἐμφανοῦς</span> <span class='ocrx_word' id='word_1_282' title='bbox 1520 2325 1695 2390; x_wconf 75' lang='grc' dir='ltr'>αἱτίας</span> <span class='ocrx_word' id='word_1_283' title='bbox 1750 2330 1784 2398; x_wconf 76' lang='grc' dir='ltr'><strong>ἡ</strong></span> <span class='ocrx_word' id='word_1_284' title='bbox 1841 2325 2064 2403; x_wconf 80' lang='grc' dir='ltr'>χλαμὺς</span> 
     </span>
    </p>
   </div>
   <div class='ocr_carea' id='block_1_41' title="bbox 400 2414 1347 2493">
    <p class='ocr_par' dir='ltr' id='par_1_41' title="bbox 400 2414 1347 2493">
     <span class='ocr_line' id='line_1_41' title="bbox 400 2414 1347 2493; baseline 0.001 -18"><span class='ocrx_word' id='word_1_285' title='bbox 400 2425 515 2476; x_wconf 87' lang='grc' dir='ltr'>τῶν</span> <span class='ocrx_word' id='word_1_286' title='bbox 569 2414 740 2493; x_wconf 73' lang='grc' dir='ltr'>ὤμων</span> <span class='ocrx_word' id='word_1_287' title='bbox 795 2417 958 2474; x_wconf 75' lang='grc' dir='ltr'>αὐτοῦ</span> <span class='ocrx_word' id='word_1_288' title='bbox 1011 2416 1298 2492; x_wconf 75' lang='grc' dir='ltr'>ἐξώλισθεν</span> <span class='ocrx_word' id='word_1_289' title='bbox 1332 2458 1347 2476; x_wconf 89' lang='grc'><strong>.</strong></span> 
     </span>
    </p>
   </div>
   <div class='ocr_carea' id='block_1_42' title="bbox 401 2501 2063 2584">
    <p class='ocr_par' dir='ltr' id='par_1_42' title="bbox 401 2501 2063 2584">
     <span class='ocr_line' id='line_1_42' title="bbox 401 2501 2063 2584; baseline 0 -19"><span class='ocrx_word' id='word_1_290' title='bbox 401 2515 485 2582; x_wconf 82' lang='grc' dir='ltr'>τῷ</span> <span class='ocrx_word' id='word_1_291' title='bbox 542 2507 820 2584; x_wconf 88' lang='grc' dir='ltr'>Καίσαρι,</span> <span class='ocrx_word' id='word_1_292' title='bbox 873 2509 961 2563; x_wconf 86' lang='grc' dir='ltr'>καὶ</span> <span class='ocrx_word' id='word_1_293' title='bbox 1029 2512 1148 2571; x_wconf 84' lang='grc' dir='ltr'>τοῖς</span> <span class='ocrx_word' id='word_1_294' title='bbox 1228 2505 1434 2563; x_wconf 75' lang='grc' dir='ltr'>ΐδοῦσιν</span> <span class='ocrx_word' id='word_1_295' title='bbox 1473 2550 1487 2576; x_wconf 93' lang='grc'>,</span> <span class='ocrx_word' id='word_1_296' title='bbox 1556 2507 1807 2562; x_wconf 81' lang='grc' dir='ltr'>ἀπαίσιον</span> <span class='ocrx_word' id='word_1_297' title='bbox 1869 2501 2016 2579; x_wconf 76' lang='grc' dir='ltr'>ἔδοξε</span> <span class='ocrx_word' id='word_1_298' title='bbox 2051 2552 2063 2565; x_wconf 91' lang='grc'><strong>.</strong></span> 
     </span>
    </p>
   </div>
   <div class='ocr_carea' id='block_1_43' title="bbox 406 2594 2063 2674">
    <p class='ocr_par' dir='ltr' id='par_1_43' title="bbox 406 2594 2063 2674">
     <span class='ocr_line' id='line_1_43' title="bbox 406 2594 2063 2674; baseline -0.002 -20"><span class='ocrx_word' id='word_1_299' title='bbox 406 2595 646 2655; x_wconf 80' lang='grc' dir='ltr'>Πολλῶν</span> <span class='ocrx_word' id='word_1_300' title='bbox 700 2595 758 2652; x_wconf 70' lang='grc' dir='ltr'>δὲ</span> <span class='ocrx_word' id='word_1_301' title='bbox 804 2597 896 2652; x_wconf 86' lang='grc' dir='ltr'>τὸν</span> <span class='ocrx_word' id='word_1_302' title='bbox 947 2595 1174 2674; x_wconf 69' lang='grc' dir='ltr'>βασιλέα</span> <span class='ocrx_word' id='word_1_303' title='bbox 1222 2595 1553 2666; x_wconf 77' lang='grc' dir='ltr'>κακιζόντων</span> <span class='ocrx_word' id='word_1_304' title='bbox 1608 2594 1690 2651; x_wconf 82' lang='grc' dir='ltr'>ὅτι</span> <span class='ocrx_word' id='word_1_305' title='bbox 1739 2596 1911 2652; x_wconf 75' lang='grc' dir='ltr'>πᾶσαν</span> <span class='ocrx_word' id='word_1_306' title='bbox 1957 2595 2063 2652; x_wconf 74' lang='grc' dir='ltr'>ἐνέ-</span> 
     </span>
    </p>
   </div>
   <div class='ocr_carea' id='block_1_44' title="bbox 408 2684 2067 2762">
    <p class='ocr_par' dir='ltr' id='par_1_44' title="bbox 408 2684 2067 2762">
     <span class='ocr_line' id='line_1_44' title="bbox 408 2684 2067 2762; baseline -0.001 -19"><span class='ocrx_word' id='word_1_307' title='bbox 408 2686 553 2743; x_wconf 80' lang='grc' dir='ltr'>δωκε</span> <span class='ocrx_word' id='word_1_308' title='bbox 601 2688 702 2757; x_wconf 83' lang='grc' dir='ltr'>τὴν</span> <span class='ocrx_word' id='word_1_309' title='bbox 754 2685 995 2760; x_wconf 78' lang='grc' dir='ltr'>ἐξουσίαν</span> <span class='ocrx_word' id='word_1_310' title='bbox 1049 2690 1129 2759; x_wconf 81' lang='grc' dir='ltr'>τῷ</span> <span class='ocrx_word' id='word_1_311' title='bbox 1187 2685 1431 2762; x_wconf 79' lang='grc' dir='ltr'>Καίσαρι,</span> <span class='ocrx_word' id='word_1_312' title='bbox 1493 2684 1631 2741; x_wconf 81' lang='grc' dir='ltr'>ὥστε</span> <span class='ocrx_word' id='word_1_313' title='bbox 1668 2685 1887 2753; x_wconf 73' lang='grc' dir='ltr'>ἐκεῖνον</span> <span class='ocrx_word' id='word_1_314' title='bbox 1935 2686 2067 2742; x_wconf 76' lang='grc' dir='ltr'>ἅττα</span> 
     </span>
    </p>
   </div>
   <div class='ocr_carea' id='block_1_45' title="bbox 415 2773 2064 2852">
    <p class='ocr_par' dir='ltr' id='par_1_45' title="bbox 415 2773 2064 2852">
     <span class='ocr_line' id='line_1_45' title="bbox 415 2773 2064 2852; baseline -0.001 -20"><span class='ocrx_word' id='word_1_315' title='bbox 415 2775 671 2852; x_wconf 77' lang='grc' dir='ltr'>βούλεται</span> <span class='ocrx_word' id='word_1_316' title='bbox 721 2775 974 2852; x_wconf 82' lang='grc' dir='ltr'>πράττειν</span> <span class='ocrx_word' id='word_1_317' title='bbox 1028 2775 1117 2831; x_wconf 86' lang='grc' dir='ltr'>καὶ</span> <span class='ocrx_word' id='word_1_318' title='bbox 1165 2774 1353 2831; x_wconf 86' lang='grc' dir='ltr'>πολλᾶ</span> <span class='ocrx_word' id='word_1_319' title='bbox 1398 2774 1545 2852; x_wconf 81' lang='grc' dir='ltr'>παρὰ</span> <span class='ocrx_word' id='word_1_320' title='bbox 1588 2776 1651 2832; x_wconf 85' lang='grc' dir='ltr'>τὸ</span> <span class='ocrx_word' id='word_1_321' title='bbox 1711 2773 1827 2832; x_wconf 71' lang='grc' dir='ltr'>δέον</span> <span class='ocrx_word' id='word_1_322' title='bbox 1886 2782 2064 2849; x_wconf 80' lang='grc' dir='ltr'>ποεῖν,</span> 
     </span>
    </p>
   </div>
   <div class='ocr_carea' id='block_1_46' title="bbox 877 2148 2066 2225">
    <p class='ocr_par' dir='ltr' id='par_1_46' title="bbox 877 2148 2066 2225">
     <span class='ocr_line' id='line_1_46' title="bbox 877 2148 2066 2225; baseline -0.002 -19"><span class='ocrx_word' id='word_1_323' title='bbox 877 2148 1112 2221; x_wconf 82' lang='grc' dir='ltr'>ἀπῆλθε,</span> <span class='ocrx_word' id='word_1_324' title='bbox 1194 2154 1264 2225; x_wconf 81' lang='grc' dir='ltr'>τῇ</span> <span class='ocrx_word' id='word_1_325' title='bbox 1352 2150 1660 2224; x_wconf 79' lang='grc' dir='ltr'>Θεομήτορι</span> <span class='ocrx_word' id='word_1_326' title='bbox 1743 2148 2066 2222; x_wconf 82' lang='grc' dir='ltr'>συνταξόμε-</span> 
     </span>
    </p>
   </div>
   <div class='ocr_carea' id='block_1_47' title="bbox 1408 2416 2065 2495">
    <p class='ocr_par' dir='ltr' id='par_1_47' title="bbox 1408 2416 2065 2495">
     <span class='ocr_line' id='line_1_47' title="bbox 1408 2416 2065 2495; baseline -0.005 -21"><span class='ocrx_word' id='word_1_327' title='bbox 1408 2420 1585 2495; x_wconf 78' lang='grc' dir='ltr'>’Όπερ</span> <span class='ocrx_word' id='word_1_328' title='bbox 1637 2422 1865 2492; x_wconf 86' lang='grc' dir='ltr'>σημεῖον</span> <span class='ocrx_word' id='word_1_329' title='bbox 1904 2460 1918 2485; x_wconf 86' lang='grc'>,</span> <span class='ocrx_word' id='word_1_330' title='bbox 1975 2416 2065 2472; x_wconf 79' lang='grc' dir='ltr'>καὶ</span> 
     </span>
    </p>
   </div>
   <div class='ocr_carea' id='block_1_48' title="bbox 2178 2152 3827 2238">
    <p class='ocr_par' dir='ltr' id='par_1_48' title="bbox 2178 2152 3827 2238">
     <span class='ocr_line' id='line_1_48' title="bbox 2178 2152 3827 2238; baseline 0.01 -31"><span class='ocrx_word' id='word_1_331' title='bbox 2178 2168 2307 2224; x_wconf 86' lang='lat' dir='ltr'>mys</span> <span class='ocrx_word' id='word_1_332' title='bbox 2340 2152 2501 2209; x_wconf 88' lang='lat' dir='ltr'>nulla</span> <span class='ocrx_word' id='word_1_333' title='bbox 2546 2154 2798 2209; x_wconf 86' lang='lat' dir='ltr'>evidenti</span> <span class='ocrx_word' id='word_1_334' title='bbox 2856 2156 2927 2212; x_wconf 90' lang='lat' dir='ltr'>de</span> <span class='ocrx_word' id='word_1_335' title='bbox 2957 2173 3135 2213; x_wconf 89' lang='lat' dir='ltr'>causa</span> <span class='ocrx_word' id='word_1_336' title='bbox 3181 2160 3234 2214; x_wconf 89' lang='lat' dir='ltr'>ei</span> <span class='ocrx_word' id='word_1_337' title='bbox 3294 2160 3558 2220; x_wconf 87' lang='lat' dir='ltr'>humeris</span> <span class='ocrx_word' id='word_1_338' title='bbox 3589 2164 3827 2238; x_wconf 88' lang='lat' dir='ltr'>delapsa</span> 
     </span>
    </p>
   </div>
   <div class='ocr_carea' id='block_1_49' title="bbox 2176 2242 3824 2322">
    <p class='ocr_par' dir='ltr' id='par_1_49' title="bbox 2176 2242 3824 2322">
     <span class='ocr_line' id='line_1_49' title="bbox 2176 2242 3824 2322; baseline 0.01 -28"><span class='ocrx_word' id='word_1_339' title='bbox 2176 2246 2285 2297; x_wconf 89' lang='lat' dir='ltr'>est.</span> <span class='ocrx_word' id='word_1_340' title='bbox 2323 2242 2381 2297; x_wconf 90' lang='lat' dir='ltr'>Id</span> <span class='ocrx_word' id='word_1_341' title='bbox 2440 2258 2609 2298; x_wconf 90' lang='lat' dir='ltr'>omen</span> <span class='ocrx_word' id='word_1_342' title='bbox 2641 2250 2700 2299; x_wconf 89' lang='lat' dir='ltr'>et</span> <span class='ocrx_word' id='word_1_343' title='bbox 2752 2246 2979 2314; x_wconf 70' lang='lat' dir='ltr'>Caesari,</span> <span class='ocrx_word' id='word_1_344' title='bbox 3015 2252 3072 2303; x_wconf 90' lang='lat' dir='ltr'>ct</span> <span class='ocrx_word' id='word_1_345' title='bbox 3122 2248 3253 2304; x_wconf 87' lang='lat' dir='ltr'>aliis</span> <span class='ocrx_word' id='word_1_346' title='bbox 3285 2250 3386 2322; x_wconf 91' lang='lat' dir='ltr'>qui</span> <span class='ocrx_word' id='word_1_347' title='bbox 3442 2252 3499 2308; x_wconf 92' lang='lat' dir='ltr'>id</span> <span class='ocrx_word' id='word_1_348' title='bbox 3529 2252 3824 2321; x_wconf 89' lang='lat' dir='ltr'>viderunt,</span> 
     </span>
    </p>
   </div>
   <div class='ocr_carea' id='block_1_50' title="bbox 2174 2329 3824 2414">
    <p class='ocr_par' dir='ltr' id='par_1_50' title="bbox 2174 2329 3824 2414">
     <span class='ocr_line' id='line_1_50' title="bbox 2174 2329 3824 2414; baseline 0.01 -29"><span class='ocrx_word' id='word_1_349' title='bbox 2174 2329 2613 2404; x_wconf 87' lang='lat' dir='ltr'>inauspicatum</span> <span class='ocrx_word' id='word_1_350' title='bbox 2669 2333 2883 2390; x_wconf 90' lang='lat' dir='ltr'>visum.</span> <span class='ocrx_word' id='word_1_351' title='bbox 2935 2336 3137 2393; x_wconf 83' lang='lat' dir='ltr'>Multis</span> <span class='ocrx_word' id='word_1_352' title='bbox 3196 2356 3366 2410; x_wconf 90' lang='lat' dir='ltr'>porro</span> <span class='ocrx_word' id='word_1_353' title='bbox 3408 2341 3824 2414; x_wconf 86' lang='lat' dir='ltr'>imperatorem</span> 
     </span>
    </p>
   </div>
   <div class='ocr_carea' id='block_1_51' title="bbox 2173 2418 3825 2503">
    <p class='ocr_par' dir='ltr' id='par_1_51' title="bbox 2173 2418 3825 2503">
     <span class='ocr_line' id='line_1_51' title="bbox 2173 2418 3825 2503; baseline 0.01 -28"><span class='ocrx_word' id='word_1_354' title='bbox 2173 2418 2662 2491; x_wconf 87' lang='lat' dir='ltr'>vituperantibus,</span> <span class='ocrx_word' id='word_1_355' title='bbox 2716 2425 2872 2494; x_wconf 87' lang='lat' dir='ltr'>quod</span> <span class='ocrx_word' id='word_1_356' title='bbox 2930 2441 3164 2482; x_wconf 89' lang='lat' dir='ltr'>omnem</span> <span class='ocrx_word' id='word_1_357' title='bbox 3215 2428 3426 2485; x_wconf 50' lang='lat' dir='ltr'>Caesari</span> <span class='ocrx_word' id='word_1_358' title='bbox 3478 2437 3825 2503; x_wconf 87' lang='lat' dir='ltr'>potestatem</span> 
     </span>
    </p>
   </div>
   <div class='ocr_carea' id='block_1_52' title="bbox 2175 2507 3826 2590">
    <p class='ocr_par' dir='ltr' id='par_1_52' title="bbox 2175 2507 3826 2590">
     <span class='ocr_line' id='line_1_52' title="bbox 2175 2507 3826 2590; baseline 0.009 -26"><span class='ocrx_word' id='word_1_359' title='bbox 2175 2507 2455 2577; x_wconf 88' lang='lat' dir='ltr'>dedisset,</span> <span class='ocrx_word' id='word_1_360' title='bbox 2493 2515 2557 2565; x_wconf 88' lang='lat' dir='ltr'>ut</span> <span class='ocrx_word' id='word_1_361' title='bbox 2587 2511 2824 2582; x_wconf 86' lang='lat' dir='ltr'>quidvis</span> <span class='ocrx_word' id='word_1_362' title='bbox 2870 2520 3086 2586; x_wconf 83' lang='lat' dir='ltr'>ageret,</span> <span class='ocrx_word' id='word_1_363' title='bbox 3120 2516 3425 2590; x_wconf 88' lang='lat' dir='ltr'>multaque</span> <span class='ocrx_word' id='word_1_364' title='bbox 3464 2526 3666 2578; x_wconf 88' lang='lat' dir='ltr'>contra</span> <span class='ocrx_word' id='word_1_365' title='bbox 3697 2522 3826 2578; x_wconf 82' lang='lat' dir='ltr'>ofﬁ-</span> 
     </span>
    </p>
   </div>
   <div class='ocr_carea' id='block_1_53' title="bbox 2175 2597 3823 2676">
    <p class='ocr_par' dir='ltr' id='par_1_53' title="bbox 2175 2597 3823 2676">
     <span class='ocr_line' id='line_1_53' title="bbox 2175 2597 3823 2676; baseline 0.01 -24"><span class='ocrx_word' id='word_1_366' title='bbox 2175 2597 2333 2653; x_wconf 89' lang='lat' dir='ltr'>cium</span> <span class='ocrx_word' id='word_1_367' title='bbox 2366 2598 2617 2655; x_wconf 84' lang='lat' dir='ltr'>faceret:</span> <span class='ocrx_word' id='word_1_368' title='bbox 2653 2601 3000 2658; x_wconf 88' lang='lat' dir='ltr'>assiduitate</span> <span class='ocrx_word' id='word_1_369' title='bbox 3031 2604 3554 2676; x_wconf 87' lang='lat' dir='ltr'>reprehensionum</span> <span class='ocrx_word' id='word_1_370' title='bbox 3587 2612 3823 2668; x_wconf 87' lang='lat' dir='ltr'>tandem</span> 
     </span>
    </p>
   </div>
   <div class='ocr_carea' id='block_1_54' title="bbox 2174 2686 3827 2766">
    <p class='ocr_par' dir='ltr' id='par_1_54' title="bbox 2174 2686 3827 2766">
     <span class='ocr_line' id='line_1_54' title="bbox 2174 2686 3827 2766; baseline 0.01 -26"><span class='ocrx_word' id='word_1_371' title='bbox 2174 2686 2445 2742; x_wconf 86' lang='lat' dir='ltr'>nonnihil</span> <span class='ocrx_word' id='word_1_372' title='bbox 2477 2703 2507 2743; x_wconf 93' lang='lat' dir='ltr'><strong>e</strong></span> <span class='ocrx_word' id='word_1_373' title='bbox 2536 2689 3000 2760; x_wconf 83' lang='lat' dir='ltr'>profundissimo</span> <span class='ocrx_word' id='word_1_374' title='bbox 3033 2700 3268 2750; x_wconf 89' lang='lat' dir='ltr'>veterno</span> <span class='ocrx_word' id='word_1_375' title='bbox 3299 2704 3671 2766; x_wconf 79' lang='lat' dir='ltr'>experrectus</span> <span class='ocrx_word' id='word_1_376' title='bbox 3700 2717 3827 2757; x_wconf 89' lang='lat' dir='ltr'>esse</span> 
     </span>
    </p>
   </div>
   <div class='ocr_carea' id='block_1_55' title="bbox 2172 2774 3827 2852">
    <p class='ocr_par' dir='ltr' id='par_1_55' title="bbox 2172 2774 3827 2852">
     <span class='ocr_line' id='line_1_55' title="bbox 2172 2774 3827 2852; baseline 0.009 -22"><span class='ocrx_word' id='word_1_377' title='bbox 2172 2774 2337 2831; x_wconf 88' lang='lat' dir='ltr'>visus</span> <span class='ocrx_word' id='word_1_378' title='bbox 2367 2775 2541 2832; x_wconf 91' lang='lat' dir='ltr'>homo</span> <span class='ocrx_word' id='word_1_379' title='bbox 2573 2776 2668 2833; x_wconf 89' lang='lat' dir='ltr'>ille</span> <span class='ocrx_word' id='word_1_380' title='bbox 2716 2794 2936 2845; x_wconf 88' lang='lat' dir='ltr'>vecors,</span> <span class='ocrx_word' id='word_1_381' title='bbox 2971 2783 3241 2852; x_wconf 69' lang='lat' dir='ltr'>quaedam</span> <span class='ocrx_word' id='word_1_382' title='bbox 3272 2801 3304 2839; x_wconf 85' lang='lat' dir='ltr'>a</span> <span class='ocrx_word' id='word_1_383' title='bbox 3352 2784 3575 2843; x_wconf 83' lang='lat' dir='ltr'>Caesare</span> <span class='ocrx_word' id='word_1_384' title='bbox 3604 2791 3827 2844; x_wconf 86' lang='lat' dir='ltr'>consti-</span> 
     </span>
    </p>
   </div>
   <div class='ocr_carea' id='block_1_56' title="bbox 2174 2866 3828 2935">
    <p class='ocr_par' dir='ltr' id='par_1_56' title="bbox 2174 2866 3828 2935">
     <span class='ocr_line' id='line_1_56' title="bbox 2174 2866 3828 2935; baseline 0.01 -16"><span class='ocrx_word' id='word_1_385' title='bbox 2174 2866 2302 2919; x_wconf 87' lang='lat' dir='ltr'>tuta</span> <span class='ocrx_word' id='word_1_386' title='bbox 2333 2866 2585 2921; x_wconf 84' lang='lat' dir='ltr'>correxit</span> <span class='ocrx_word' id='word_1_387' title='bbox 2638 2870 2695 2923; x_wconf 86' lang='lat' dir='ltr'>et</span> <span class='ocrx_word' id='word_1_388' title='bbox 2750 2870 3056 2925; x_wconf 85' lang='lat' dir='ltr'>revocavit.</span> <span class='ocrx_word' id='word_1_389' title='bbox 3092 2872 3153 2926; x_wconf 81' lang='lat' dir='ltr'>Id</span> <span class='ocrx_word' id='word_1_390' title='bbox 3213 2874 3412 2928; x_wconf 72' lang='lat' dir='ltr'>Bardae</span> <span class='ocrx_word' id='word_1_391' title='bbox 3459 2875 3828 2935; x_wconf 87' lang='lat' dir='ltr'>intolerabile</span> 
     </span>
    </p>
   </div>
   <div class='ocr_carea' id='block_1_57' title="bbox 2171 2952 3826 3037">
    <p class='ocr_par' dir='ltr' id='par_1_57' title="bbox 2171 2952 3826 3037">
     <span class='ocr_line' id='line_1_57' title="bbox 2171 2952 3826 3037; baseline 0.009 -29"><span class='ocrx_word' id='word_1_392' title='bbox 2171 2952 2390 3020; x_wconf 88' lang='lat' dir='ltr'>visum,</span> <span class='ocrx_word' id='word_1_393' title='bbox 2422 2954 2831 3035; x_wconf 83' lang='lat' dir='ltr'>auctoritatem</span> <span class='ocrx_word' id='word_1_394' title='bbox 2864 2958 3237 3016; x_wconf 88' lang='lat' dir='ltr'>imminutam</span> <span class='ocrx_word' id='word_1_395' title='bbox 3261 2964 3515 3034; x_wconf 86' lang='lat' dir='ltr'>graviter</span> <span class='ocrx_word' id='word_1_396' title='bbox 3535 2969 3592 3020; x_wconf 90' lang='lat' dir='ltr'>et</span> <span class='ocrx_word' id='word_1_397' title='bbox 3622 2965 3826 3037; x_wconf 89' lang='lat' dir='ltr'>iniquo</span> 
     </span>
    </p>
   </div>
   <div class='ocr_carea' id='block_1_58' title="bbox 2175 3042 3825 3119">
    <p class='ocr_par' dir='ltr' id='par_1_58' title="bbox 2175 3042 3825 3119">
     <span class='ocr_line' id='line_1_58' title="bbox 2175 3042 3825 3119; baseline 0.008 -22"><span class='ocrx_word' id='word_1_398' title='bbox 2175 3042 2373 3097; x_wconf 88' lang='lat' dir='ltr'>animo</span> <span class='ocrx_word' id='word_1_399' title='bbox 2430 3044 2659 3099; x_wconf 85' lang='lat' dir='ltr'>ferenti.</span> <span class='ocrx_word' id='word_1_400' title='bbox 2720 3046 3136 3119; x_wconf 86' lang='lat' dir='ltr'>Imperatorem</span> <span class='ocrx_word' id='word_1_401' title='bbox 3185 3054 3382 3107; x_wconf 89' lang='lat' dir='ltr'>tamen</span> <span class='ocrx_word' id='word_1_402' title='bbox 3442 3053 3501 3109; x_wconf 89' lang='lat' dir='ltr'>in</span> <span class='ocrx_word' id='word_1_403' title='bbox 3549 3054 3825 3111; x_wconf 85' lang='lat' dir='ltr'>militiam</span> 
     </span>
    </p>
   </div>
   <div class='ocr_carea' id='block_1_59' title="bbox 2174 3131 3828 3208">
    <p class='ocr_par' dir='ltr' id='par_1_59' title="bbox 2174 3131 3828 3208">
     <span class='ocr_line' id='line_1_59' title="bbox 2174 3131 3828 3208; baseline 0.01 -24"><span class='ocrx_word' id='word_1_404' title='bbox 2174 3131 2501 3203; x_wconf 83' lang='lat' dir='ltr'>profectum</span> <span class='ocrx_word' id='word_1_405' title='bbox 2550 3135 2868 3190; x_wconf 90' lang='lat' dir='ltr'>comitatus</span> <span class='ocrx_word' id='word_1_406' title='bbox 2898 3142 3008 3205; x_wconf 88' lang='lat' dir='ltr'>est,</span> <span class='ocrx_word' id='word_1_407' title='bbox 3041 3153 3216 3208; x_wconf 91' lang='lat' dir='ltr'>quem</span> <span class='ocrx_word' id='word_1_408' title='bbox 3248 3140 3501 3197; x_wconf 83' lang='lat' dir='ltr'>Basilius</span> <span class='ocrx_word' id='word_1_409' title='bbox 3531 3158 3666 3198; x_wconf 90' lang='lat' dir='ltr'>cum</span> <span class='ocrx_word' id='word_1_410' title='bbox 3700 3144 3828 3201; x_wconf 87' lang='lat' dir='ltr'>suis</span> 
     </span>
    </p>
   </div>
   <div class='ocr_carea' id='block_1_60' title="bbox 2175 3219 3825 3303">
    <p class='ocr_par' dir='ltr' id='par_1_60' title="bbox 2175 3219 3825 3303">
     <span class='ocr_line' id='line_1_60' title="bbox 2175 3219 3825 3303; baseline 0.008 -28"><span class='ocrx_word' id='word_1_411' title='bbox 2175 3219 2389 3291; x_wconf 78' lang='lat' dir='ltr'>saepius</span> <span class='ocrx_word' id='word_1_412' title='bbox 2422 3222 2575 3292; x_wconf 90' lang='lat' dir='ltr'>apud</span> <span class='ocrx_word' id='word_1_413' title='bbox 2607 3222 2948 3279; x_wconf 86' lang='lat' dir='ltr'>Michaelem</span> <span class='ocrx_word' id='word_1_414' title='bbox 2979 3225 3825 3303; x_wconf 65' lang='lat' dir='ltr'>detulit,comparatequejam</span> 
     </span>
    </p>
   </div>
   <div class='ocr_carea' id='block_1_61' title="bbox 2174 3309 3822 3391">
    <p class='ocr_par' dir='ltr' id='par_1_61' title="bbox 2174 3309 3822 3391">
     <span class='ocr_line' id='line_1_61' title="bbox 2174 3309 3822 3391; baseline 0.009 -27"><span class='ocrx_word' id='word_1_415' title='bbox 2174 3313 2341 3364; x_wconf 87' lang='lat' dir='ltr'>erant</span> <span class='ocrx_word' id='word_1_416' title='bbox 2398 3309 2648 3381; x_wconf 60' lang='lat' dir='ltr'>insidiae,</span> <span class='ocrx_word' id='word_1_417' title='bbox 2707 3312 2809 3367; x_wconf 90' lang='lat' dir='ltr'>sed</span> <span class='ocrx_word' id='word_1_418' title='bbox 2865 3313 2937 3368; x_wconf 87' lang='lat' dir='ltr'>iis</span> <span class='ocrx_word' id='word_1_419' title='bbox 2989 3315 3203 3385; x_wconf 91' lang='lat' dir='ltr'>quibus</span> <span class='ocrx_word' id='word_1_420' title='bbox 3252 3316 3310 3372; x_wconf 92' lang='lat' dir='ltr'>id</span> <span class='ocrx_word' id='word_1_421' title='bbox 3371 3320 3588 3391; x_wconf 86' lang='lat' dir='ltr'>negotii</span> <span class='ocrx_word' id='word_1_422' title='bbox 3617 3322 3822 3379; x_wconf 88' lang='lat' dir='ltr'>datum</span> 
     </span>
    </p>
   </div>
   <div class='ocr_carea' id='block_1_62' title="bbox 2174 3398 3820 3481">
    <p class='ocr_par' dir='ltr' id='par_1_62' title="bbox 2174 3398 3820 3481">
     <span class='ocr_line' id='line_1_62' title="bbox 2174 3398 3820 3481; baseline 0.009 -28"><span class='ocrx_word' id='word_1_423' title='bbox 2174 3403 2321 3469; x_wconf 88' lang='lat' dir='ltr'>erat,</span> <span class='ocrx_word' id='word_1_424' title='bbox 2352 3398 2597 3455; x_wconf 67' lang='lat' dir='ltr'>Caesaris</span> <span class='ocrx_word' id='word_1_425' title='bbox 2628 3417 2767 3472; x_wconf 90' lang='lat' dir='ltr'>opes</span> <span class='ocrx_word' id='word_1_426' title='bbox 2809 3409 2865 3458; x_wconf 87' lang='lat' dir='ltr'>et</span> <span class='ocrx_word' id='word_1_427' title='bbox 2922 3405 3244 3473; x_wconf 87' lang='lat' dir='ltr'>potentiam</span> <span class='ocrx_word' id='word_1_428' title='bbox 3276 3407 3820 3481; x_wconf 88' lang='lat' dir='ltr'>reformidantibus,</span> 
     </span>
    </p>
   </div>
   <div class='ocr_carea' id='block_1_63' title="bbox 2172 3488 3826 3565">
    <p class='ocr_par' dir='ltr' id='par_1_63' title="bbox 2172 3488 3826 3565">
     <span class='ocr_line' id='line_1_63' title="bbox 2172 3488 3826 3565; baseline 0.008 -22"><span class='ocrx_word' id='word_1_429' title='bbox 2172 3488 2407 3555; x_wconf 89' lang='lat' dir='ltr'>accidit,</span> <span class='ocrx_word' id='word_1_430' title='bbox 2455 3493 2519 3544; x_wconf 89' lang='lat' dir='ltr'>ut</span> <span class='ocrx_word' id='word_1_431' title='bbox 2573 3491 2828 3561; x_wconf 79' lang='lat' dir='ltr'>quodam</span> <span class='ocrx_word' id='word_1_432' title='bbox 2885 3497 3147 3565; x_wconf 87' lang='lat' dir='ltr'>tempore</span> <span class='ocrx_word' id='word_1_433' title='bbox 3201 3498 3424 3553; x_wconf 89' lang='lat' dir='ltr'>Bardas</span> <span class='ocrx_word' id='word_1_434' title='bbox 3485 3515 3659 3556; x_wconf 87' lang='lat' dir='ltr'>mane</span> <span class='ocrx_word' id='word_1_435' title='bbox 3689 3516 3826 3557; x_wconf 88' lang='lat' dir='ltr'>cum</span> 
     </span>
    </p>
   </div>
   <div class='ocr_carea' id='block_1_64' title="bbox 2174 3577 3826 3653">
    <p class='ocr_par' dir='ltr' id='par_1_64' title="bbox 2174 3577 3826 3653">
     <span class='ocr_line' id='line_1_64' title="bbox 2174 3577 3826 3653; baseline 0.008 -20"><span class='ocrx_word' id='word_1_436' title='bbox 2174 3577 2484 3651; x_wconf 84' lang='lat' dir='ltr'>splendore</span> <span class='ocrx_word' id='word_1_437' title='bbox 2514 3582 2570 3634; x_wconf 91' lang='lat' dir='ltr'>et</span> <span class='ocrx_word' id='word_1_438' title='bbox 2599 3580 2880 3636; x_wconf 87' lang='lat' dir='ltr'>comitatu</span> <span class='ocrx_word' id='word_1_439' title='bbox 2920 3599 3135 3653; x_wconf 84' lang='lat' dir='ltr'>magno</span> <span class='ocrx_word' id='word_1_440' title='bbox 3167 3585 3617 3644; x_wconf 81' lang='lat' dir='ltr'>tabernaculum</span> <span class='ocrx_word' id='word_1_441' title='bbox 3650 3604 3826 3646; x_wconf 88' lang='lat' dir='ltr'>suum</span> 
     </span>
    </p>
   </div>
   <div class='ocr_carea' id='block_1_65' title="bbox 2173 3667 3825 3748">
    <p class='ocr_par' dir='ltr' id='par_1_65' title="bbox 2173 3667 3825 3748">
     <span class='ocr_line' id='line_1_65' title="bbox 2173 3667 3825 3748; baseline 0.009 -26"><span class='ocrx_word' id='word_1_442' title='bbox 2173 3682 2469 3739; x_wconf 87' lang='lat' dir='ltr'>egressus,</span> <span class='ocrx_word' id='word_1_443' title='bbox 2501 3667 2917 3740; x_wconf 88' lang='lat' dir='ltr'>imperatorem</span> <span class='ocrx_word' id='word_1_444' title='bbox 2973 3673 3182 3742; x_wconf 90' lang='lat' dir='ltr'>adiret,</span> <span class='ocrx_word' id='word_1_445' title='bbox 3215 3678 3390 3748; x_wconf 88' lang='lat' dir='ltr'>atque</span> <span class='ocrx_word' id='word_1_446' title='bbox 3436 3676 3521 3732; x_wconf 88' lang='lat' dir='ltr'>illi</span> <span class='ocrx_word' id='word_1_447' title='bbox 3556 3678 3825 3737; x_wconf 89' lang='lat' dir='ltr'>assidens</span> 
     </span>
    </p>
   </div>
   <div class='ocr_carea' id='block_1_66' title="bbox 414 2860 2065 2942">
    <p class='ocr_par' dir='ltr' id='par_1_66' title="bbox 414 2860 2065 2942">
     <span class='ocr_line' id='line_1_66' title="bbox 414 2860 2065 2942; baseline -0.001 -21"><span class='ocrx_word' id='word_1_448' title='bbox 414 2869 486 2938; x_wconf 74' lang='grc' dir='ltr'>τῇ</span> <span class='ocrx_word' id='word_1_449' title='bbox 511 2870 616 2920; x_wconf 87' lang='grc' dir='ltr'>τῶν</span> <span class='ocrx_word' id='word_1_450' title='bbox 650 2861 876 2920; x_wconf 80' lang='grc' dir='ltr'>ὀνειδῶν</span> <span class='ocrx_word' id='word_1_451' title='bbox 928 2860 1431 2942; x_wconf 31' lang='grc' dir='ltr'>ἐνδελεχείᾳγέδοξέ</span> <span class='ocrx_word' id='word_1_452' title='bbox 1476 2885 1608 2920; x_wconf 88' lang='grc' dir='ltr'>ποτε</span> <span class='ocrx_word' id='word_1_453' title='bbox 1646 2865 1835 2939; x_wconf 81' lang='grc' dir='ltr'>μικρὸν</span> <span class='ocrx_word' id='word_1_454' title='bbox 1868 2864 2065 2935; x_wconf 80' lang='grc' dir='ltr'>ἀνανῆ-</span> 
     </span>
    </p>
   </div>
   <div class='ocr_carea' id='block_1_67' title="bbox 425 2948 2068 3031">
    <p class='ocr_par' dir='ltr' id='par_1_67' title="bbox 425 2948 2068 3031">
     <span class='ocr_line' id='line_1_67' title="bbox 425 2948 2068 3031; baseline 0.001 -23"><span class='ocrx_word' id='word_1_455' title='bbox 425 2957 520 3028; x_wconf 85' lang='grc' dir='ltr'>ψαι</span> <span class='ocrx_word' id='word_1_456' title='bbox 548 2958 637 3009; x_wconf 89' lang='grc' dir='ltr'>τοῦ</span> <span class='ocrx_word' id='word_1_457' title='bbox 671 2955 974 3029; x_wconf 85' lang='grc' dir='ltr'>βαθυτάτου</span> <span class='ocrx_word' id='word_1_458' title='bbox 1024 2953 1193 3031; x_wconf 87' lang='grc' dir='ltr'>κάρου</span> <span class='ocrx_word' id='word_1_459' title='bbox 1242 2953 1444 3016; x_wconf 78' lang='grc' dir='ltr'>ἐκεῖνος</span> <span class='ocrx_word' id='word_1_460' title='bbox 1474 2955 1502 3009; x_wconf 92' lang='lat'>6</span> <span class='ocrx_word' id='word_1_461' title='bbox 1533 2948 1825 3029; x_wconf 72' lang='grc' dir='ltr'>ἀϐέλτερος</span> <span class='ocrx_word' id='word_1_462' title='bbox 1867 2951 2068 3031; x_wconf 76' lang='grc' dir='ltr'>ἅνθρω-</span> 
     </span>
    </p>
   </div>
   <div class='ocr_carea' id='block_1_68' title="bbox 422 3041 2064 3118">
    <p class='ocr_par' dir='ltr' id='par_1_68' title="bbox 422 3041 2064 3118">
     <span class='ocr_line' id='line_1_68' title="bbox 422 3041 2064 3118; baseline 0 -20"><span class='ocrx_word' id='word_1_463' title='bbox 422 3063 546 3112; x_wconf 85' lang='grc' dir='ltr'>πος,</span> <span class='ocrx_word' id='word_1_464' title='bbox 590 3044 676 3098; x_wconf 87' lang='grc' dir='ltr'>καί</span> <span class='ocrx_word' id='word_1_465' title='bbox 723 3065 848 3100; x_wconf 87' lang='grc' dir='ltr'>τινα</span> <span class='ocrx_word' id='word_1_466' title='bbox 897 3049 1007 3099; x_wconf 88' lang='grc' dir='ltr'>τῶν</span> <span class='ocrx_word' id='word_1_467' title='bbox 1062 3044 1512 3118; x_wconf 74' lang='grc' dir='ltr'>ᾠκονομημένων</span> <span class='ocrx_word' id='word_1_468' title='bbox 1560 3047 1639 3113; x_wconf 82' lang='grc' dir='ltr'>τῷ</span> <span class='ocrx_word' id='word_1_469' title='bbox 1693 3041 1921 3118; x_wconf 86' lang='grc' dir='ltr'>Καίσαρι</span> <span class='ocrx_word' id='word_1_470' title='bbox 1975 3043 2064 3098; x_wconf 82' lang='grc' dir='ltr'>καὶ</span> 
     </span>
    </p>
   </div>
   <div class='ocr_carea' id='block_1_69' title="bbox 413 3129 2064 3208">
    <p class='ocr_par' dir='ltr' id='par_1_69' title="bbox 413 3129 2064 3208">
     <span class='ocr_line' id='line_1_69' title="bbox 413 3129 2064 3208; baseline -0.001 -20"><span class='ocrx_word' id='word_1_471' title='bbox 413 3129 714 3207; x_wconf 80' lang='grc' dir='ltr'>διωρθοῦτο</span> <span class='ocrx_word' id='word_1_472' title='bbox 772 3133 864 3188; x_wconf 85' lang='grc' dir='ltr'>καὶ</span> <span class='ocrx_word' id='word_1_473' title='bbox 923 3133 1297 3190; x_wconf 76' lang='grc' dir='ltr'>ἀνεσκεύασεν.</span> <span class='ocrx_word' id='word_1_474' title='bbox 1352 3134 1420 3190; x_wconf 58' lang='grc' dir='ltr'>Ὀ</span> <span class='ocrx_word' id='word_1_475' title='bbox 1474 3137 1555 3206; x_wconf 79' lang='grc' dir='ltr'>τῷ</span> <span class='ocrx_word' id='word_1_476' title='bbox 1610 3130 1788 3208; x_wconf 70' lang='lat' dir='ltr'>Biqu</span> <span class='ocrx_word' id='word_1_477' title='bbox 1844 3133 1947 3188; x_wconf 86' lang='grc' dir='ltr'>οὐκ</span> <span class='ocrx_word' id='word_1_478' title='bbox 1999 3135 2064 3202; x_wconf 75' lang='grc' dir='ltr'>ἦν</span> 
     </span>
    </p>
   </div>
   <div class='ocr_carea' id='block_1_70' title="bbox 407 3217 2064 3297">
    <p class='ocr_par' dir='ltr' id='par_1_70' title="bbox 407 3217 2064 3297">
     <span class='ocr_line' id='line_1_70' title="bbox 407 3217 2064 3297; baseline 0.002 -21"><span class='ocrx_word' id='word_1_479' title='bbox 407 3221 652 3295; x_wconf 79' lang='grc' dir='ltr'>ἀνεκτὸν,</span> <span class='ocrx_word' id='word_1_480' title='bbox 686 3220 813 3278; x_wconf 80' lang='grc' dir='ltr'>ἀλλ’</span> <span class='ocrx_word' id='word_1_481' title='bbox 857 3221 945 3278; x_wconf 74' lang='grc' dir='ltr'>ἐπὶ</span> <span class='ocrx_word' id='word_1_482' title='bbox 995 3222 1157 3277; x_wconf 85' lang='grc' dir='ltr'>τοῦτο</span> <span class='ocrx_word' id='word_1_483' title='bbox 1205 3221 1297 3277; x_wconf 83' lang='grc' dir='ltr'>καὶ</span> <span class='ocrx_word' id='word_1_484' title='bbox 1346 3217 1674 3297; x_wconf 76' lang='grc' dir='ltr'>ἐϐαρυθύμει</span> <span class='ocrx_word' id='word_1_485' title='bbox 1725 3222 1815 3277; x_wconf 84' lang='grc' dir='ltr'>καὶ</span> <span class='ocrx_word' id='word_1_486' title='bbox 1848 3221 2064 3296; x_wconf 81' lang='grc' dir='ltr'>ἐμηνία.</span> 
     </span>
    </p>
   </div>
   <div class='ocr_carea' id='block_1_71' title="bbox 401 3309 2065 3388">
    <p class='ocr_par' dir='ltr' id='par_1_71' title="bbox 401 3309 2065 3388">
     <span class='ocr_line' id='line_1_71' title="bbox 401 3309 2065 3388; baseline -0.001 -20"><span class='ocrx_word' id='word_1_487' title='bbox 401 3311 890 3387; x_wconf 81' lang='grc' dir='ltr'>Ἐκστρατεύσαντι</span> <span class='ocrx_word' id='word_1_488' title='bbox 950 3309 1007 3366; x_wconf 71' lang='grc' dir='ltr'>δὲ</span> <span class='ocrx_word' id='word_1_489' title='bbox 1056 3316 1135 3384; x_wconf 80' lang='grc' dir='ltr'>τῷ</span> <span class='ocrx_word' id='word_1_490' title='bbox 1199 3310 1434 3387; x_wconf 81' lang='grc' dir='ltr'>βασιλεῖ,</span> <span class='ocrx_word' id='word_1_491' title='bbox 1493 3311 1566 3374; x_wconf 83' lang='grc' dir='ltr'>ὡς</span> <span class='ocrx_word' id='word_1_492' title='bbox 1619 3309 1853 3388; x_wconf 64' lang='grc' dir='ltr'>εἴρηται,</span> <span class='ocrx_word' id='word_1_493' title='bbox 1905 3311 1997 3366; x_wconf 87' lang='grc' dir='ltr'>καὶ</span> <span class='ocrx_word' id='word_1_494' title='bbox 2038 3312 2065 3366; x_wconf 91' lang='lat'>6</span> 
     </span>
    </p>
   </div>
   <div class='ocr_carea' id='block_1_72' title="bbox 400 3399 2063 3474">
    <p class='ocr_par' dir='ltr' id='par_1_72' title="bbox 400 3399 2063 3474">
     <span class='ocr_line' id='line_1_72' title="bbox 400 3399 2063 3474; baseline 0.001 -20"><span class='ocrx_word' id='word_1_495' title='bbox 400 3405 611 3474; x_wconf 84' lang='grc' dir='ltr'>Καῖσαρ</span> <span class='ocrx_word' id='word_1_496' title='bbox 668 3399 1163 3474; x_wconf 76' lang='grc' dir='ltr'>συνεξεστράτευσε,</span> <span class='ocrx_word' id='word_1_497' title='bbox 1216 3401 1307 3455; x_wconf 86' lang='grc' dir='ltr'>καὶ</span> <span class='ocrx_word' id='word_1_498' title='bbox 1363 3400 1569 3462; x_wconf 78' lang='grc' dir='ltr'>πυκνὰς</span> <span class='ocrx_word' id='word_1_499' title='bbox 1622 3401 1738 3456; x_wconf 84' lang='grc' dir='ltr'>κατ’</span> <span class='ocrx_word' id='word_1_500' title='bbox 1788 3402 1956 3456; x_wconf 88' lang='grc' dir='ltr'>αὑτοῦ</span> <span class='ocrx_word' id='word_1_501' title='bbox 1983 3405 2063 3474; x_wconf 80' lang='grc' dir='ltr'>τῷ</span> 
     </span>
    </p>
   </div>
   <div class='ocr_carea' id='block_1_73' title="bbox 395 3461 2134 3566">
    <p class='ocr_par' dir='ltr' id='par_1_73' title="bbox 395 3461 2134 3566">
     <span class='ocr_line' id='line_1_73' title="bbox 395 3461 2134 3566; baseline 0.001 -22"><span class='ocrx_word' id='word_1_502' title='bbox 395 3461 639 3565; x_wconf 81' lang='grc' dir='ltr'>Μιχαὴλ</span> <span class='ocrx_word' id='word_1_503' title='bbox 689 3490 718 3544; x_wconf 90' lang='lat'>6</span> <span class='ocrx_word' id='word_1_504' title='bbox 766 3461 1070 3560; x_wconf 62' lang='grc' dir='ltr'>Βασίλειος,</span> <span class='ocrx_word' id='word_1_505' title='bbox 1116 3461 1207 3544; x_wconf 79' lang='grc' dir='ltr'>καὶ</span> <span class='ocrx_word' id='word_1_506' title='bbox 1257 3490 1311 3543; x_wconf 71' lang='lat' dir='ltr'>oi.</span> <span class='ocrx_word' id='word_1_507' title='bbox 1358 3488 1484 3566; x_wconf 85' lang='grc' dir='ltr'>περὶ</span> <span class='ocrx_word' id='word_1_508' title='bbox 1525 3461 1729 3545; x_wconf 70' lang='grc' dir='ltr'>ἐκεῖνον</span> <span class='ocrx_word' id='word_1_509' title='bbox 1760 3461 2060 3561; x_wconf 71' lang='grc' dir='ltr'>πεποίηντο</span> <span class='ocrx_word' id='word_1_510' title='bbox 2090 3461 2134 3529; x_wconf 76' lang='lat' dir='ltr'>C</span> 
     </span>
    </p>
   </div>
   <div class='ocr_carea' id='block_1_74' title="bbox 392 3572 2065 3653">
    <p class='ocr_par' dir='ltr' id='par_1_74' title="bbox 392 3572 2065 3653">
     <span class='ocr_line' id='line_1_74' title="bbox 392 3572 2065 3653; baseline 0.001 -21"><span class='ocrx_word' id='word_1_511' title='bbox 392 3579 494 3640; x_wconf 70' lang='grc' dir='ltr'>τὰς</span> <span class='ocrx_word' id='word_1_512' title='bbox 558 3572 823 3641; x_wconf 72' lang='grc' dir='ltr'>διαϐολὰς</span> <span class='ocrx_word' id='word_1_513' title='bbox 856 3623 871 3650; x_wconf 82' lang='grc'><em>,</em></span> <span class='ocrx_word' id='word_1_514' title='bbox 929 3579 1018 3633; x_wconf 86' lang='grc' dir='ltr'>καὶ</span> <span class='ocrx_word' id='word_1_515' title='bbox 1078 3577 1357 3653; x_wconf 76' lang='grc' dir='ltr'>κεκύρωτο</span> <span class='ocrx_word' id='word_1_516' title='bbox 1424 3581 1459 3649; x_wconf 83' lang='grc' dir='ltr'>ἡ</span> <span class='ocrx_word' id='word_1_517' title='bbox 1516 3580 1633 3634; x_wconf 88' lang='grc' dir='ltr'>κατ’</span> <span class='ocrx_word' id='word_1_518' title='bbox 1704 3577 1909 3634; x_wconf 74' lang='grc' dir='ltr'>ἐκείνου</span> <span class='ocrx_word' id='word_1_519' title='bbox 1976 3576 2065 3634; x_wconf 79' lang='grc' dir='ltr'>διὰ</span> 
     </span>
    </p>
   </div>
   <div class='ocr_carea' id='block_1_75' title="bbox 395 3661 2062 3744">
    <p class='ocr_par' dir='ltr' id='par_1_75' title="bbox 395 3661 2062 3744">
     <span class='ocr_line' id='line_1_75' title="bbox 395 3661 2062 3744; baseline 0.001 -22"><span class='ocrx_word' id='word_1_520' title='bbox 395 3665 600 3730; x_wconf 79' lang='grc' dir='ltr'>ταύτας</span> <span class='ocrx_word' id='word_1_521' title='bbox 656 3661 925 3738; x_wconf 75' lang='grc' dir='ltr'>ἐπιϐουλή</span> <span class='ocrx_word' id='word_1_522' title='bbox 969 3711 981 3724; x_wconf 94' lang='grc'><strong>.</strong></span> <span class='ocrx_word' id='word_1_523' title='bbox 1030 3665 1260 3737; x_wconf 86' lang='grc' dir='ltr'>Πολλὴν</span> <span class='ocrx_word' id='word_1_524' title='bbox 1317 3665 1375 3723; x_wconf 83' lang='grc' dir='ltr'>δὲ</span> <span class='ocrx_word' id='word_1_525' title='bbox 1441 3666 1669 3742; x_wconf 68' lang='grc' dir='ltr'>δύναμιν</span> <span class='ocrx_word' id='word_1_526' title='bbox 1727 3663 2062 3744; x_wconf 76' lang='grc' dir='ltr'>περιϐεϐλη-</span> 
     </span>
    </p>
   </div>
   <div class='ocr_carea' id='block_1_76' title="bbox 404 3752 2061 3833">
    <p class='ocr_par' dir='ltr' id='par_1_76' title="bbox 404 3752 2061 3833">
     <span class='ocr_line' id='line_1_76' title="bbox 404 3752 2061 3833; baseline 0.001 -22"><span class='ocrx_word' id='word_1_527' title='bbox 404 3757 572 3831; x_wconf 79' lang='grc' dir='ltr'>μένου</span> <span class='ocrx_word' id='word_1_528' title='bbox 624 3760 723 3811; x_wconf 88' lang='grc' dir='ltr'>τοῦ</span> <span class='ocrx_word' id='word_1_529' title='bbox 783 3754 1091 3832; x_wconf 85' lang='grc' dir='ltr'>Καίσαρος,</span> <span class='ocrx_word' id='word_1_530' title='bbox 1151 3757 1205 3811; x_wconf 79' lang='grc' dir='ltr'>οἱ</span> <span class='ocrx_word' id='word_1_531' title='bbox 1258 3758 1358 3827; x_wconf 83' lang='grc' dir='ltr'>τὴν</span> <span class='ocrx_word' id='word_1_532' title='bbox 1415 3752 1717 3827; x_wconf 75' lang='grc' dir='ltr'>ἐπιϐουλὴν</span> <span class='ocrx_word' id='word_1_533' title='bbox 1775 3757 2061 3833; x_wconf 78' lang='grc' dir='ltr'>ἀρτύοντες</span> 
     </span>
    </p>
   </div>
   <div class='ocr_carea' id='block_1_77' title="bbox 400 3843 2061 3921">
    <p class='ocr_par' dir='ltr' id='par_1_77' title="bbox 400 3843 2061 3921">
     <span class='ocr_line' id='line_1_77' title="bbox 400 3843 2061 3921; baseline 0.001 -21"><span class='ocrx_word' id='word_1_534' title='bbox 400 3843 794 3902; x_wconf 79' lang='grc' dir='ltr'>ἐδειλαῖνοντο.</span> <span class='ocrx_word' id='word_1_535' title='bbox 834 3843 1055 3921; x_wconf 77' lang='grc' dir='ltr'>Πρωΐας</span> <span class='ocrx_word' id='word_1_536' title='bbox 1104 3843 1161 3901; x_wconf 73' lang='grc' dir='ltr'>δέ</span> <span class='ocrx_word' id='word_1_537' title='bbox 1209 3867 1343 3902; x_wconf 87' lang='grc' dir='ltr'>ποτε</span> <span class='ocrx_word' id='word_1_538' title='bbox 1378 3851 1476 3902; x_wconf 89' lang='grc' dir='ltr'>τοῦ</span> <span class='ocrx_word' id='word_1_539' title='bbox 1525 3844 1707 3921; x_wconf 75' lang='grc' dir='ltr'>Βάρδα</span> <span class='ocrx_word' id='word_1_540' title='bbox 1740 3846 1800 3903; x_wconf 83' lang='grc' dir='ltr'>ἐκ</span> <span class='ocrx_word' id='word_1_541' title='bbox 1843 3854 1945 3917; x_wconf 85' lang='grc' dir='ltr'>τῆς</span> <span class='ocrx_word' id='word_1_542' title='bbox 1974 3847 2061 3902; x_wconf 74' lang='grc' dir='ltr'>οῗ-</span> 
     </span>
    </p>
   </div>
   <div class='ocr_carea' id='block_1_78' title="bbox 399 3932 2062 4013">
    <p class='ocr_par' dir='ltr' id='par_1_78' title="bbox 399 3932 2062 4013">
     <span class='ocr_line' id='line_1_78' title="bbox 399 3932 2062 4013; baseline 0.001 -23"><span class='ocrx_word' id='word_1_543' title='bbox 399 3932 553 3997; x_wconf 85' lang='grc' dir='ltr'>κείας</span> <span class='ocrx_word' id='word_1_544' title='bbox 613 3942 821 4006; x_wconf 81' lang='grc' dir='ltr'>σκηνῆς</span> <span class='ocrx_word' id='word_1_545' title='bbox 873 3932 1242 4009; x_wconf 77' lang='grc' dir='ltr'>προελθόντος</span> <span class='ocrx_word' id='word_1_546' title='bbox 1299 3937 1435 4009; x_wconf 74' lang='grc' dir='ltr'>μετὰ</span> <span class='ocrx_word' id='word_1_547' title='bbox 1492 3933 1913 4013; x_wconf 82' lang='grc' dir='ltr'>λαμπρότητος,</span> <span class='ocrx_word' id='word_1_548' title='bbox 1949 3933 2062 3993; x_wconf 60' lang='grc' dir='ltr'>⁴καὶ</span> 
     </span>
    </p>
   </div>
   <div class='ocr_carea' id='block_1_79' title="bbox 400 4021 2061 4103">
    <p class='ocr_par' dir='ltr' id='par_1_79' title="bbox 400 4021 2061 4103">
     <span class='ocr_line' id='line_1_79' title="bbox 400 4021 2061 4103; baseline 0.002 -25"><span class='ocrx_word' id='word_1_549' title='bbox 400 4021 739 4102; x_wconf 81' lang='grc' dir='ltr'>δορυφορίας</span> <span class='ocrx_word' id='word_1_550' title='bbox 791 4022 1033 4094; x_wconf 87' lang='grc' dir='ltr'>πολλῆς,</span> <span class='ocrx_word' id='word_1_551' title='bbox 1086 4024 1178 4080; x_wconf 86' lang='grc' dir='ltr'>καὶ</span> <span class='ocrx_word' id='word_1_552' title='bbox 1231 4028 1310 4098; x_wconf 77' lang='grc' dir='ltr'>τῷ</span> <span class='ocrx_word' id='word_1_553' title='bbox 1371 4025 1587 4101; x_wconf 86' lang='grc' dir='ltr'>βασιλεῖ</span> <span class='ocrx_word' id='word_1_554' title='bbox 1637 4026 2061 4103; x_wconf 84' lang='grc' dir='ltr'>προσελθόντος,</span> 
     </span>
    </p>
   </div>
   <div class='ocr_carea' id='block_1_80' title="bbox 398 4112 2063 4190">
    <p class='ocr_par' dir='ltr' id='par_1_80' title="bbox 398 4112 2063 4190">
     <span class='ocr_line' id='line_1_80' title="bbox 398 4112 2063 4190; baseline 0.001 -22"><span class='ocrx_word' id='word_1_555' title='bbox 398 4113 833 4190; x_wconf 86' lang='grc' dir='ltr'>συγκαθίσαντός</span> <span class='ocrx_word' id='word_1_556' title='bbox 880 4134 940 4168; x_wconf 87' lang='grc' dir='ltr'>τε</span> <span class='ocrx_word' id='word_1_557' title='bbox 985 4113 1076 4169; x_wconf 87' lang='grc' dir='ltr'>καὶ</span> <span class='ocrx_word' id='word_1_558' title='bbox 1128 4112 1557 4188; x_wconf 85' lang='grc' dir='ltr'>συνομιλοῦντος</span> <span class='ocrx_word' id='word_1_559' title='bbox 1608 4115 1775 4189; x_wconf 77' lang='grc' dir='ltr'>αὐτῷ,</span> <span class='ocrx_word' id='word_1_560' title='bbox 1826 4118 1854 4171; x_wconf 91' lang='lat'>6</span> <span class='ocrx_word' id='word_1_561' title='bbox 1904 4116 2063 4172; x_wconf 89' lang='grc' dir='ltr'>Βασί-</span> 
     </span>
    </p>
   </div>
   <div class='ocr_carea' id='block_1_81' title="bbox 403 4196 2059 4281">
    <p class='ocr_par' dir='ltr' id='par_1_81' title="bbox 403 4196 2059 4281">
     <span class='ocr_line' id='line_1_81' title="bbox 403 4196 2059 4281; baseline 0.001 -23"><span class='ocrx_word' id='word_1_562' title='bbox 403 4200 552 4265; x_wconf 83' lang='grc' dir='ltr'>λειος</span> <span class='ocrx_word' id='word_1_563' title='bbox 616 4196 840 4258; x_wconf 70' lang='grc' dir='ltr'>ὄπισθεν</span> <span class='ocrx_word' id='word_1_564' title='bbox 900 4201 1068 4258; x_wconf 81' lang='grc' dir='ltr'>αὐτοῦ</span> <span class='ocrx_word' id='word_1_565' title='bbox 1125 4204 1367 4275; x_wconf 71' lang='grc' dir='ltr'>ἑστηκὼς</span> <span class='ocrx_word' id='word_1_566' title='bbox 1423 4205 1524 4273; x_wconf 90' lang='grc' dir='ltr'>τὴν</span> <span class='ocrx_word' id='word_1_567' title='bbox 1582 4208 1746 4281; x_wconf 84' lang='grc' dir='ltr'>χεῖρα</span> <span class='ocrx_word' id='word_1_568' title='bbox 1802 4204 2059 4277; x_wconf 80' lang='grc' dir='ltr'>ἐπὲσειεν,</span> 
     </span>
    </p>
   </div>
   <div class='ocr_carea' id='block_1_82' title="bbox 407 4289 2057 4370">
    <p class='ocr_par' dir='ltr' id='par_1_82' title="bbox 407 4289 2057 4370">
     <span class='ocr_line' id='line_1_82' title="bbox 407 4289 2057 4370; baseline 0.003 -26"><span class='ocrx_word' id='word_1_569' title='bbox 407 4289 638 4347; x_wconf 80' lang='grc' dir='ltr'>ἀπειλῶν</span> <span class='ocrx_word' id='word_1_570' title='bbox 673 4290 855 4366; x_wconf 82' lang='grc' dir='ltr'>ὥσπερ</span> <span class='ocrx_word' id='word_1_571' title='bbox 904 4295 982 4365; x_wconf 83' lang='grc' dir='ltr'>τῷ</span> <span class='ocrx_word' id='word_1_572' title='bbox 1035 4290 1280 4367; x_wconf 82' lang='grc' dir='ltr'>Καίσαρι.</span> <span class='ocrx_word' id='word_1_573' title='bbox 1314 4293 1370 4346; x_wconf 72' lang='grc' dir='ltr'>Ὀ</span> <span class='ocrx_word' id='word_1_574' title='bbox 1421 4289 1480 4347; x_wconf 84' lang='grc' dir='ltr'>δὶ</span> <span class='ocrx_word' id='word_1_575' title='bbox 1509 4291 1644 4348; x_wconf 78' lang='grc' dir='ltr'>κατά</span> <span class='ocrx_word' id='word_1_576' title='bbox 1699 4314 1818 4349; x_wconf 86' lang='grc' dir='ltr'>τινα</span> <span class='ocrx_word' id='word_1_577' title='bbox 1868 4293 2057 4370; x_wconf 89' lang='grc' dir='ltr'>χρείαν</span> 
     </span>
    </p>
   </div>
   <div class='ocr_carea' id='block_1_83' title="bbox 2172 3756 3826 3838">
    <p class='ocr_par' dir='ltr' id='par_1_83' title="bbox 2172 3756 3826 3838">
     <span class='ocr_line' id='line_1_83' title="bbox 2172 3756 3826 3838; baseline 0.01 -27"><span class='ocrx_word' id='word_1_578' title='bbox 2172 3756 2620 3828; x_wconf 87' lang='lat' dir='ltr'>colloqueretur.</span> <span class='ocrx_word' id='word_1_579' title='bbox 2654 3759 2801 3814; x_wconf 89' lang='lat' dir='ltr'>Tum</span> <span class='ocrx_word' id='word_1_580' title='bbox 2836 3760 3086 3818; x_wconf 80' lang='lat' dir='ltr'>Basilius</span> <span class='ocrx_word' id='word_1_581' title='bbox 3116 3779 3151 3818; x_wconf 89' lang='lat' dir='ltr'>a</span> <span class='ocrx_word' id='word_1_582' title='bbox 3179 3767 3341 3838; x_wconf 86' lang='lat' dir='ltr'>tergo</span> <span class='ocrx_word' id='word_1_583' title='bbox 3372 3770 3558 3838; x_wconf 88' lang='lat' dir='ltr'>stans,</span> <span class='ocrx_word' id='word_1_584' title='bbox 3594 3770 3826 3827; x_wconf 89' lang='lat' dir='ltr'>minita-</span> 
     </span>
    </p>
   </div>
   <div class='ocr_carea' id='block_1_84' title="bbox 2172 3845 3825 3922">
    <p class='ocr_par' dir='ltr' id='par_1_84' title="bbox 2172 3845 3825 3922">
     <span class='ocr_line' id='line_1_84' title="bbox 2172 3845 3825 3922; baseline 0.01 -23"><span class='ocrx_word' id='word_1_585' title='bbox 2172 3845 2414 3901; x_wconf 89' lang='lat' dir='ltr'>bundus</span> <span class='ocrx_word' id='word_1_586' title='bbox 2446 3862 2686 3902; x_wconf 89' lang='lat' dir='ltr'>manum</span> <span class='ocrx_word' id='word_1_587' title='bbox 2721 3848 3128 3922; x_wconf 88' lang='lat' dir='ltr'>agitavit.Cum</span> <span class='ocrx_word' id='word_1_588' title='bbox 3162 3859 3356 3909; x_wconf 86' lang='lat' dir='ltr'>autem</span> <span class='ocrx_word' id='word_1_589' title='bbox 3391 3859 3579 3911; x_wconf 65' lang='lat' dir='ltr'>Caesar</span> <span class='ocrx_word' id='word_1_590' title='bbox 3612 3858 3724 3915; x_wconf 85' lang='lat' dir='ltr'>alia</span> <span class='ocrx_word' id='word_1_591' title='bbox 3754 3861 3825 3917; x_wconf 92' lang='lat' dir='ltr'>de</span> 
     </span>
    </p>
   </div>
   <div class='ocr_carea' id='block_1_85' title="bbox 2172 3934 3823 4017">
    <p class='ocr_par' dir='ltr' id='par_1_85' title="bbox 2172 3934 3823 4017">
     <span class='ocr_line' id='line_1_85' title="bbox 2172 3934 3823 4017; baseline 0.01 -29"><span class='ocrx_word' id='word_1_592' title='bbox 2172 3948 2351 3988; x_wconf 87' lang='lat' dir='ltr'>causa</span> <span class='ocrx_word' id='word_1_593' title='bbox 2398 3934 2593 3990; x_wconf 87' lang='lat' dir='ltr'>subito</span> <span class='ocrx_word' id='word_1_594' title='bbox 2653 3937 3026 4008; x_wconf 80' lang='lat' dir='ltr'>respexisset,</span> <span class='ocrx_word' id='word_1_595' title='bbox 3086 3956 3385 4014; x_wconf 89' lang='lat' dir='ltr'>manuque</span> <span class='ocrx_word' id='word_1_596' title='bbox 3438 3945 3636 4001; x_wconf 85' lang='lat' dir='ltr'>Basilii</span> <span class='ocrx_word' id='word_1_597' title='bbox 3677 3947 3823 4017; x_wconf 87' lang='lat' dir='ltr'>visa,</span> 
     </span>
    </p>
   </div>
   <div class='ocr_carea' id='block_1_86' title="bbox 2171 4020 3823 4110">
    <p class='ocr_par' dir='ltr' id='par_1_86' title="bbox 2171 4020 3823 4110">
     <span class='ocr_line' id='line_1_86' title="bbox 2171 4020 3823 4110; baseline 0.012 -35"><span class='ocrx_word' id='word_1_598' title='bbox 2171 4020 2578 4090; x_wconf 84' lang='lat' dir='ltr'>intellexisset,</span> <span class='ocrx_word' id='word_1_599' title='bbox 2611 4023 2743 4096; x_wconf 90' lang='lat' dir='ltr'>quis</span> <span class='ocrx_word' id='word_1_600' title='bbox 2772 4026 2822 4081; x_wconf 91' lang='lat' dir='ltr'>is</span> <span class='ocrx_word' id='word_1_601' title='bbox 2841 4027 2968 4084; x_wconf 83' lang='lat' dir='ltr'>‘sibi</span> <span class='ocrx_word' id='word_1_602' title='bbox 3026 4029 3234 4086; x_wconf 84' lang='lat' dir='ltr'>vellet:</span> <span class='ocrx_word' id='word_1_603' title='bbox 3270 4034 3519 4104; x_wconf 87' lang='lat' dir='ltr'>pedibus</span> <span class='ocrx_word' id='word_1_604' title='bbox 3571 4035 3823 4110; x_wconf 89' lang='lat' dir='ltr'>impera-</span> 
     </span>
    </p>
   </div>
   <div class='ocr_carea' id='block_1_87' title="bbox 2171 4114 3826 4201">
    <p class='ocr_par' dir='ltr' id='par_1_87' title="bbox 2171 4114 3826 4201">
     <span class='ocr_line' id='line_1_87' title="bbox 2171 4114 3826 4201; baseline 0.011 -32"><span class='ocrx_word' id='word_1_605' title='bbox 2171 4114 2316 4169; x_wconf 86' lang='lat' dir='ltr'>toris</span> <span class='ocrx_word' id='word_1_606' title='bbox 2367 4115 2681 4175; x_wconf 86' lang='lat' dir='ltr'>advolutus</span> <span class='ocrx_word' id='word_1_607' title='bbox 2739 4121 2847 4186; x_wconf 86' lang='lat' dir='ltr'>est,</span> <span class='ocrx_word' id='word_1_608' title='bbox 2880 4136 3069 4192; x_wconf 89' lang='lat' dir='ltr'>neque</span> <span class='ocrx_word' id='word_1_609' title='bbox 3127 4126 3416 4197; x_wconf 78' lang='lat' dir='ltr'>conjurati</span> <span class='ocrx_word' id='word_1_610' title='bbox 3467 4144 3600 4183; x_wconf 91' lang='lat' dir='ltr'>eum</span> <span class='ocrx_word' id='word_1_611' title='bbox 3662 4130 3826 4201; x_wconf 90' lang='lat' dir='ltr'>prius</span> 
     </span>
    </p>
   </div>
   <div class='ocr_carea' id='block_1_88' title="bbox 2172 4204 3825 4288">
    <p class='ocr_par' dir='ltr' id='par_1_88' title="bbox 2172 4204 3825 4288">
     <span class='ocr_line' id='line_1_88' title="bbox 2172 4204 3825 4288; baseline 0.01 -28"><span class='ocrx_word' id='word_1_612' title='bbox 2172 4204 2408 4275; x_wconf 82' lang='lat' dir='ltr'>aggredi</span> <span class='ocrx_word' id='word_1_613' title='bbox 2443 4204 2569 4260; x_wconf 87' lang='lat' dir='ltr'>ausi</span> <span class='ocrx_word' id='word_1_614' title='bbox 2607 4205 3050 4280; x_wconf 80' lang='lat' dir='ltr'>fuerunt,quam</span> <span class='ocrx_word' id='word_1_615' title='bbox 3075 4213 3331 4271; x_wconf 89' lang='lat' dir='ltr'>Basilius</span> <span class='ocrx_word' id='word_1_616' title='bbox 3365 4218 3590 4288; x_wconf 88' lang='lat' dir='ltr'>primus</span> <span class='ocrx_word' id='word_1_617' title='bbox 3620 4234 3825 4276; x_wconf 87' lang='lat' dir='ltr'>ensem</span> 
     </span>
    </p>
   </div>
   <div class='ocr_carea' id='block_1_89' title="bbox 2169 4291 3826 4377">
    <p class='ocr_par' dir='ltr' id='par_1_89' title="bbox 2169 4291 3826 4377">
     <span class='ocr_line' id='line_1_89' title="bbox 2169 4291 3826 4377; baseline 0.01 -29"><span class='ocrx_word' id='word_1_618' title='bbox 2169 4291 2229 4348; x_wconf 90' lang='lat' dir='ltr'>in</span> <span class='ocrx_word' id='word_1_619' title='bbox 2261 4309 2328 4348; x_wconf 90' lang='lat' dir='ltr'>eo</span> <span class='ocrx_word' id='word_1_620' title='bbox 2358 4292 2678 4350; x_wconf 85' lang='lat' dir='ltr'>deﬁxisset.</span> <span class='ocrx_word' id='word_1_621' title='bbox 2731 4297 2879 4352; x_wconf 90' lang='lat' dir='ltr'>Tum</span> <span class='ocrx_word' id='word_1_622' title='bbox 2940 4299 3115 4354; x_wconf 88' lang='lat' dir='ltr'>etiam</span> <span class='ocrx_word' id='word_1_623' title='bbox 3174 4302 3270 4357; x_wconf 89' lang='lat' dir='ltr'>alii</span> <span class='ocrx_word' id='word_1_624' title='bbox 3334 4306 3582 4377; x_wconf 85' lang='lat' dir='ltr'>receptis</span> <span class='ocrx_word' id='word_1_625' title='bbox 3611 4307 3826 4366; x_wconf 89' lang='lat' dir='ltr'>animis</span> 
     </span>
    </p>
   </div>
   <div class='ocr_carea' id='block_1_90' title="bbox 399 4376 2058 4458">
    <p class='ocr_par' dir='ltr' id='par_1_90' title="bbox 399 4376 2058 4458">
     <span class='ocr_line' id='line_1_90' title="bbox 399 4376 2058 4458; baseline 0.001 -25"><span class='ocrx_word' id='word_1_626' title='bbox 399 4378 579 4453; x_wconf 71' lang='grc' dir='ltr'>ἑτέραν</span> <span class='ocrx_word' id='word_1_627' title='bbox 632 4377 827 4455; x_wconf 82' lang='grc' dir='ltr'>ἀθρόον</span> <span class='ocrx_word' id='word_1_628' title='bbox 884 4377 1254 4458; x_wconf 80' lang='grc' dir='ltr'>ἐπιστραφεὶς,</span> <span class='ocrx_word' id='word_1_629' title='bbox 1304 4380 1391 4434; x_wconf 82' lang='grc' dir='ltr'>καὶ</span> <span class='ocrx_word' id='word_1_630' title='bbox 1443 4376 1575 4434; x_wconf 71' lang='grc' dir='ltr'>ῗδὼν</span> <span class='ocrx_word' id='word_1_631' title='bbox 1620 4380 1719 4449; x_wconf 88' lang='grc' dir='ltr'>τὴν</span> <span class='ocrx_word' id='word_1_632' title='bbox 1770 4384 1934 4455; x_wconf 90' lang='grc' dir='ltr'>χεῖρα</span> <span class='ocrx_word' id='word_1_633' title='bbox 1961 4384 2058 4435; x_wconf 87' lang='grc' dir='ltr'>τοῦ</span> 
     </span>
    </p>
   </div>
   <div class='ocr_carea' id='block_1_91' title="bbox 391 4464 2057 4542">
    <p class='ocr_par' dir='ltr' id='par_1_91' title="bbox 391 4464 2057 4542">
     <span class='ocr_line' id='line_1_91' title="bbox 391 4464 2057 4542; baseline 0 -19"><span class='ocrx_word' id='word_1_634' title='bbox 391 4464 710 4538; x_wconf 79' lang='grc' dir='ltr'>Βασιλείου,</span> <span class='ocrx_word' id='word_1_635' title='bbox 740 4467 831 4523; x_wconf 85' lang='grc' dir='ltr'>καὶ</span> <span class='ocrx_word' id='word_1_636' title='bbox 883 4467 1062 4531; x_wconf 83' lang='grc' dir='ltr'>συνεὶς</span> <span class='ocrx_word' id='word_1_637' title='bbox 1109 4467 1174 4523; x_wconf 84' lang='grc' dir='ltr'>τὸ</span> <span class='ocrx_word' id='word_1_638' title='bbox 1223 4465 1590 4542; x_wconf 82' lang='grc' dir='ltr'>δηλούμενον,</span> <span class='ocrx_word' id='word_1_639' title='bbox 1637 4473 1755 4530; x_wconf 88' lang='grc' dir='ltr'>τοῖς</span> <span class='ocrx_word' id='word_1_640' title='bbox 1804 4468 1932 4524; x_wconf 84' lang='grc' dir='ltr'>ποσὶ</span> <span class='ocrx_word' id='word_1_641' title='bbox 1960 4474 2057 4525; x_wconf 88' lang='grc' dir='ltr'>τοῦ</span> 
     </span>
    </p>
   </div>
   <div class='ocr_carea' id='block_1_92' title="bbox 395 4554 2059 4635">
    <p class='ocr_par' dir='ltr' id='par_1_92' title="bbox 395 4554 2059 4635">
     <span class='ocr_line' id='line_1_92' title="bbox 395 4554 2059 4635; baseline 0.002 -24"><span class='ocrx_word' id='word_1_642' title='bbox 395 4555 676 4633; x_wconf 71' lang='grc' dir='ltr'>βασιλέως</span> <span class='ocrx_word' id='word_1_643' title='bbox 738 4556 1024 4635; x_wconf 76' lang='grc' dir='ltr'>ἐπέρριψεν</span> <span class='ocrx_word' id='word_1_644' title='bbox 1073 4557 1281 4615; x_wconf 68' lang='grc' dir='ltr'>ἑαυτόν.</span> <span class='ocrx_word' id='word_1_645' title='bbox 1334 4558 1564 4614; x_wconf 84' lang='grc' dir='ltr'>Ὤκνουν</span> <span class='ocrx_word' id='word_1_646' title='bbox 1620 4554 1668 4613; x_wconf 85' lang='grc' dir='ltr'>δ’</span> <span class='ocrx_word' id='word_1_647' title='bbox 1719 4558 1772 4613; x_wconf 74' lang='grc' dir='ltr'>οἱ</span> <span class='ocrx_word' id='word_1_648' title='bbox 1818 4559 1936 4614; x_wconf 88' lang='grc' dir='ltr'>κατ’</span> <span class='ocrx_word' id='word_1_649' title='bbox 1968 4558 2059 4614; x_wconf 83' lang='grc' dir='ltr'>αὗ-</span> 
     </span>
    </p>
   </div>
   <div class='ocr_carea' id='block_1_93' title="bbox 2169 4382 3828 4454">
    <p class='ocr_par' dir='ltr' id='par_1_93' title="bbox 2169 4382 3828 4454">
     <span class='ocr_line' id='line_1_93' title="bbox 2169 4382 3828 4454; baseline 0.01 -17"><span class='ocrx_word' id='word_1_650' title='bbox 2169 4382 2634 4451; x_wconf 90' lang='lat' dir='ltr'>circumstetere,</span> <span class='ocrx_word' id='word_1_651' title='bbox 2666 4388 2722 4440; x_wconf 91' lang='lat' dir='ltr'><strong>et</strong></span> <span class='ocrx_word' id='word_1_652' title='bbox 2771 4387 3142 4445; x_wconf 83' lang='lat' dir='ltr'>membratim</span> <span class='ocrx_word' id='word_1_653' title='bbox 3178 4391 3474 4450; x_wconf 88' lang='lat' dir='ltr'>hominem</span> <span class='ocrx_word' id='word_1_654' title='bbox 3529 4395 3828 4454; x_wconf 87' lang='lat' dir='ltr'>dissecue-</span> 
     </span>
    </p>
   </div>
   <div class='ocr_carea' id='block_1_94' title="bbox 2169 4472 3825 4545">
    <p class='ocr_par' dir='ltr' id='par_1_94' title="bbox 2169 4472 3825 4545">
     <span class='ocr_line' id='line_1_94' title="bbox 2169 4472 3825 4545; baseline 0.011 -20"><span class='ocrx_word' id='word_1_655' title='bbox 2169 4476 2327 4527; x_wconf 88' lang='lat' dir='ltr'>runt.</span> <span class='ocrx_word' id='word_1_656' title='bbox 2388 4473 2574 4544; x_wconf 90' lang='lat' dir='ltr'>Atque</span> <span class='ocrx_word' id='word_1_657' title='bbox 2633 4472 2730 4530; x_wconf 88' lang='lat' dir='ltr'>ille</span> <span class='ocrx_word' id='word_1_658' title='bbox 2784 4475 2943 4533; x_wconf 86' lang='lat' dir='ltr'>hunc</span> <span class='ocrx_word' id='word_1_659' title='bbox 2972 4477 3100 4534; x_wconf 72' lang='lat' dir='ltr'>vitae</span> <span class='ocrx_word' id='word_1_660' title='bbox 3159 4482 3381 4539; x_wconf 85' lang='lat' dir='ltr'>exitum</span> <span class='ocrx_word' id='word_1_661' title='bbox 3441 4488 3530 4540; x_wconf 88' lang='lat' dir='ltr'>est</span> <span class='ocrx_word' id='word_1_662' title='bbox 3560 4486 3825 4545; x_wconf 86' lang='lat' dir='ltr'>sortitus.</span> 
     </span>
    </p>
   </div>
   <div class='ocr_carea' id='block_1_95' title="bbox 2168 4565 3825 4648">
    <p class='ocr_par' dir='ltr' id='par_1_95' title="bbox 2168 4565 3825 4648">
     <span class='ocr_line' id='line_1_95' title="bbox 2168 4565 3825 4648; baseline 0.011 -32"><span class='ocrx_word' id='word_1_663' title='bbox 2168 4565 2493 4634; x_wconf 89' lang='lat' dir='ltr'>Imperator</span> <span class='ocrx_word' id='word_1_664' title='bbox 2544 4568 2744 4620; x_wconf 86' lang='lat' dir='ltr'>autem</span> <span class='ocrx_word' id='word_1_665' title='bbox 2804 4568 3175 4639; x_wconf 83' lang='lat' dir='ltr'>expeditione</span> <span class='ocrx_word' id='word_1_666' title='bbox 3230 4573 3451 4629; x_wconf 89' lang='lat' dir='ltr'>omissa</span> <span class='ocrx_word' id='word_1_667' title='bbox 3482 4576 3825 4648; x_wconf 85' lang='lat' dir='ltr'>Byzantium</span> 
     </span>
    </p>
   </div>
   <div class='ocr_carea' id='block_1_96' title="bbox 388 4646 2061 4729">
    <p class='ocr_par' dir='ltr' id='par_1_96' title="bbox 388 4646 2056 4725">
     <span class='ocr_line' id='line_1_96' title="bbox 388 4646 2056 4725; baseline 0.001 -24"><span class='ocrx_word' id='word_1_668' title='bbox 388 4650 493 4701; x_wconf 85' lang='grc' dir='ltr'>τοῦ</span> <span class='ocrx_word' id='word_1_669' title='bbox 554 4647 991 4720; x_wconf 83' lang='grc' dir='ltr'>συνομοσάμενοι</span> <span class='ocrx_word' id='word_1_670' title='bbox 1049 4648 1149 4717; x_wconf 84' lang='grc' dir='ltr'>τὴν</span> <span class='ocrx_word' id='word_1_671' title='bbox 1223 4646 1536 4725; x_wconf 70' lang='grc' dir='ltr'>ἐγχείρησιν</span> <span class='ocrx_word' id='word_1_672' title='bbox 1571 4691 1584 4716; x_wconf 86' lang='grc'><em>,</em></span> <span class='ocrx_word' id='word_1_673' title='bbox 1644 4646 1843 4724; x_wconf 74' lang='grc' dir='ltr'>μέχρις</span> <span class='ocrx_word' id='word_1_674' title='bbox 1897 4648 2056 4712; x_wconf 81' lang='grc' dir='ltr'>αὐτὸς</span> 
     </span>
    </p>
   </div>
   <div class='ocr_carea' id='block_1_97' title="bbox 2172 4646 3827 4729">
    <p class='ocr_par' dir='ltr' id='par_1_97' title="bbox 2172 4646 3827 4729">
     <span class='ocr_line' id='line_1_97' title="bbox 2172 4646 3827 4729; baseline 0.01 -23"><span class='ocrx_word' id='word_1_675' title='bbox 2172 4667 2457 4721; x_wconf 86' lang='lat' dir='ltr'>reversus,</span> <span class='ocrx_word' id='word_1_676' title='bbox 2510 4651 2827 4710; x_wconf 87' lang='lat' dir='ltr'>Eudociam</span> <span class='ocrx_word' id='word_1_677' title='bbox 2888 4658 3106 4715; x_wconf 89' lang='lat' dir='ltr'>Inceris</span> <span class='ocrx_word' id='word_1_678' title='bbox 3174 4659 3381 4729; x_wconf 88' lang='lat' dir='ltr'>ﬁliam,</span> <span class='ocrx_word' id='word_1_679' title='bbox 3435 4646 3827 4722; x_wconf 77' lang='lat' dir='ltr'>concubinam</span> 
     </span>
    </p>
   </div>
   <div class='ocr_carea' id='block_1_98' title="bbox 386 4733 2061 4825">
    <p class='ocr_par' dir='ltr' id='par_1_98' title="bbox 386 4733 2058 4825">
     <span class='ocr_line' id='line_1_98' title="bbox 386 4733 2058 4825; baseline 0.001 -34"><span class='ocrx_word' id='word_1_680' title='bbox 386 4736 421 4791; x_wconf 86' lang='lat'>6</span> <span class='ocrx_word' id='word_1_681' title='bbox 458 4733 748 4798; x_wconf 75' lang='grc' dir='ltr'>Βασίλειος</span> <span class='ocrx_word' id='word_1_682' title='bbox 779 4741 998 4812; x_wconf 84' lang='grc' dir='ltr'>πρῶτος</span> <span class='ocrx_word' id='word_1_683' title='bbox 1043 4736 1191 4810; x_wconf 85' lang='grc' dir='ltr'>αὐτῷ</span> <span class='ocrx_word' id='word_1_684' title='bbox 1237 4737 1300 4792; x_wconf 89' lang='grc' dir='ltr'>τὸ</span> <span class='ocrx_word' id='word_1_685' title='bbox 1349 4737 1502 4814; x_wconf 78' lang='grc' dir='ltr'>ξίφος</span> <span class='ocrx_word' id='word_1_686' title='bbox 1553 4736 1864 4825; x_wconf 76' lang='grc' dir='ltr'>ἐπήνεγκεν.</span> <span class='ocrx_word' id='word_1_687' title='bbox 1900 4736 2058 4795; x_wconf 75' lang='grc' dir='ltr'>Οὕτω</span> 
     </span>
    </p>
   </div>
   <div class='ocr_carea' id='block_1_99' title="bbox 2172 4733 3825 4825">
    <p class='ocr_par' dir='ltr' id='par_1_99' title="bbox 2172 4740 3825 4825">
     <span class='ocr_line' id='line_1_99' title="bbox 2172 4740 3825 4825; baseline 0.01 -30"><span class='ocrx_word' id='word_1_688' title='bbox 2172 4740 2395 4795; x_wconf 90' lang='lat' dir='ltr'>dudum</span> <span class='ocrx_word' id='word_1_689' title='bbox 2429 4758 2620 4811; x_wconf 88' lang='lat' dir='ltr'>suam,</span> <span class='ocrx_word' id='word_1_690' title='bbox 2655 4743 2869 4800; x_wconf 91' lang='lat' dir='ltr'>Basilio</span> <span class='ocrx_word' id='word_1_691' title='bbox 2891 4747 3046 4803; x_wconf 77' lang='lat'>166</span> <span class='ocrx_word' id='word_1_692' title='bbox 3078 4748 3422 4823; x_wconf 84' lang='lat' dir='ltr'>despondet.</span> <span class='ocrx_word' id='word_1_693' title='bbox 3459 4753 3615 4825; x_wconf 84' lang='lat' dir='ltr'>Post,</span> <span class='ocrx_word' id='word_1_694' title='bbox 3648 4754 3825 4811; x_wconf 80' lang='lat' dir='ltr'>etiam</span> 
     </span>
    </p>
   </div>
   <div class='ocr_carea' id='block_1_100' title="bbox 385 4822 2061 4916">
    <p class='ocr_par' dir='ltr' id='par_1_100' title="bbox 385 4822 2048 4916">
     <span class='ocr_line' id='line_1_100' title="bbox 385 4822 2048 4916; baseline 0 -36"><span class='ocrx_word' id='word_1_695' title='bbox 385 4824 499 4901; x_wconf 78' lang='grc' dir='ltr'>γὰρ</span> <span class='ocrx_word' id='word_1_696' title='bbox 560 4825 649 4880; x_wconf 85' lang='grc' dir='ltr'>καὶ</span> <span class='ocrx_word' id='word_1_697' title='bbox 703 4826 756 4880; x_wconf 80' lang='grc' dir='ltr'>οἱ</span> <span class='ocrx_word' id='word_1_698' title='bbox 813 4824 979 4882; x_wconf 79' lang='grc' dir='ltr'>ἄλλοι</span> <span class='ocrx_word' id='word_1_699' title='bbox 1037 4825 1541 4902; x_wconf 69' lang='grc' dir='ltr'>ἀναθαρσήσαντες,</span> <span class='ocrx_word' id='word_1_700' title='bbox 1604 4822 1846 4916; x_wconf 64' lang='grc' dir='ltr'>μεληδὸν</span> <span class='ocrx_word' id='word_1_701' title='bbox 1883 4870 1897 4897; x_wconf 84' lang='grc'><strong>,</strong></span> <span class='ocrx_word' id='word_1_702' title='bbox 1956 4826 2048 4916; x_wconf 62' lang='grc' dir='ltr'>τὸν</span> 
     </span>
    </p>
   </div>
   <div class='ocr_carea' id='block_1_101' title="bbox 2172 4822 3827 4916">
    <p class='ocr_par' dir='ltr' id='par_1_101' title="bbox 2172 4831 3827 4916">
     <span class='ocr_line' id='line_1_101' title="bbox 2172 4831 3827 4916; baseline 0.008 -30"><span class='ocrx_word' id='word_1_703' title='bbox 2172 4831 2575 4901; x_wconf 83' lang='lat' dir='ltr'>imperatorem</span> <span class='ocrx_word' id='word_1_704' title='bbox 2609 4831 2735 4904; x_wconf 90' lang='lat' dir='ltr'>ipse</span> <span class='ocrx_word' id='word_1_705' title='bbox 2791 4834 2850 4889; x_wconf 88' lang='lat' dir='ltr'>in</span> <span class='ocrx_word' id='word_1_706' title='bbox 2895 4839 3105 4909; x_wconf 87' lang='lat' dir='ltr'>Magna</span> <span class='ocrx_word' id='word_1_707' title='bbox 3158 4841 3404 4896; x_wconf 81' lang='lat' dir='ltr'>ecclesia</span> <span class='ocrx_word' id='word_1_708' title='bbox 3436 4842 3727 4916; x_wconf 85' lang='lat' dir='ltr'>designat,</span> <span class='ocrx_word' id='word_1_709' title='bbox 3760 4860 3827 4900; x_wconf 87' lang='lat' dir='ltr'>ac</span> 
     </span>
    </p>
   </div>
   <div class='ocr_carea' id='block_1_102' title="bbox 382 4910 2061 4993">
    <p class='ocr_par' dir='ltr' id='par_1_102' title="bbox 382 4910 2052 4992">
     <span class='ocr_line' id='line_1_102' title="bbox 382 4910 2052 4992; baseline 0 -21"><span class='ocrx_word' id='word_1_710' title='bbox 382 4910 605 4990; x_wconf 79' lang='grc' dir='ltr'>Βάρδαν</span> <span class='ocrx_word' id='word_1_711' title='bbox 672 4913 1022 4992; x_wconf 83' lang='grc' dir='ltr'>περιστάντες</span> <span class='ocrx_word' id='word_1_712' title='bbox 1082 4916 1379 4990; x_wconf 74' lang='grc' dir='ltr'>συνέκοψαν</span> <span class='ocrx_word' id='word_1_713' title='bbox 1439 4916 1554 4989; x_wconf 38' lang='grc'>(6.1)</span> <span class='ocrx_word' id='word_1_714' title='bbox 1595 4961 1611 4989; x_wconf 84' lang='grc'><strong><em>,</em></strong></span> <span class='ocrx_word' id='word_1_715' title='bbox 1667 4915 1756 4969; x_wconf 86' lang='grc' dir='ltr'>καὶ</span> <span class='ocrx_word' id='word_1_716' title='bbox 1815 4918 1895 4987; x_wconf 80' lang='grc' dir='ltr'>τῷ</span> <span class='ocrx_word' id='word_1_717' title='bbox 1958 4915 2052 4988; x_wconf 74' lang='grc' dir='ltr'>μὲν</span> 
     </span>
    </p>
   </div>
   <div class='ocr_carea' id='block_1_103' title="bbox 2172 4910 3826 4993">
    <p class='ocr_par' dir='ltr' id='par_1_103' title="bbox 2172 4910 3826 4993">
     <span class='ocr_line' id='line_1_103' title="bbox 2172 4910 3826 4993; baseline 0.01 -20"><span class='ocrx_word' id='word_1_718' title='bbox 2172 4935 2272 4991; x_wconf 89' lang='lat' dir='ltr'>per</span> <span class='ocrx_word' id='word_1_719' title='bbox 2300 4918 2572 4976; x_wconf 89' lang='lat' dir='ltr'>Photium</span> <span class='ocrx_word' id='word_1_720' title='bbox 2602 4923 2997 4993; x_wconf 86' lang='lat' dir='ltr'>patriarcham</span> <span class='ocrx_word' id='word_1_721' title='bbox 3023 4926 3353 4985; x_wconf 85' lang='lat' dir='ltr'>diademate</span> <span class='ocrx_word' id='word_1_722' title='bbox 3383 4910 3826 4989; x_wconf 45' lang='lat' dir='ltr'>ornat—Basilio</span> 
     </span>
    </p>
   </div>
   <div class='ocr_carea' id='block_1_104' title="bbox 378 5002 2061 5091">
    <p class='ocr_par' dir='ltr' id='par_1_104' title="bbox 378 5002 2057 5089">
     <span class='ocr_line' id='line_1_104' title="bbox 378 5002 2057 5089; baseline 0.001 -30"><span class='ocrx_word' id='word_1_723' title='bbox 378 5007 638 5059; x_wconf 89' lang='grc' dir='ltr'>τοιοῦτον</span> <span class='ocrx_word' id='word_1_724' title='bbox 680 5004 742 5060; x_wconf 90' lang='grc' dir='ltr'>τὸ</span> <span class='ocrx_word' id='word_1_725' title='bbox 800 5002 962 5067; x_wconf 79' lang='grc' dir='ltr'>τέλος</span> <span class='ocrx_word' id='word_1_726' title='bbox 1008 5009 1108 5089; x_wconf 78' lang='grc' dir='ltr'>τῆς</span> <span class='ocrx_word' id='word_1_727' title='bbox 1159 5005 1353 5082; x_wconf 84' lang='grc' dir='ltr'>βιοτῆς</span> <span class='ocrx_word' id='word_1_728' title='bbox 1400 5003 1779 5083; x_wconf 73' lang='grc' dir='ltr'>συνεκύρησεν.</span> <span class='ocrx_word' id='word_1_729' title='bbox 1822 5006 1879 5059; x_wconf 72' lang='grc' dir='ltr'>Ὀ</span> <span class='ocrx_word' id='word_1_730' title='bbox 1911 5002 1968 5060; x_wconf 79' lang='grc' dir='ltr'><strong>δέ</strong></span> <span class='ocrx_word' id='word_1_731' title='bbox 1995 5027 2057 5084; x_wconf 90' lang='grc' dir='ltr'>γε</span> 
     </span>
    </p>
   </div>
   <div class='ocr_carea' id='block_1_105' title="bbox 2172 5002 3823 5091">
    <p class='ocr_par' dir='ltr' id='par_1_105' title="bbox 2172 5007 3823 5091">
     <span class='ocr_line' id='line_1_105' title="bbox 2172 5007 3823 5091; baseline 0.01 -28"><span class='ocrx_word' id='word_1_732' title='bbox 2172 5007 2327 5066; x_wconf 89' lang='lat' dir='ltr'>ﬁlius</span> <span class='ocrx_word' id='word_1_733' title='bbox 2354 5010 2465 5066; x_wconf 92' lang='lat' dir='ltr'>Leo</span> <span class='ocrx_word' id='word_1_734' title='bbox 2497 5027 2568 5067; x_wconf 81' lang='lat' dir='ltr'>ex</span> <span class='ocrx_word' id='word_1_735' title='bbox 2610 5013 2867 5070; x_wconf 89' lang='lat' dir='ltr'>Eudocia</span> <span class='ocrx_word' id='word_1_736' title='bbox 2911 5015 3195 5091; x_wconf 84' lang='lat' dir='ltr'>nascitur,</span> <span class='ocrx_word' id='word_1_737' title='bbox 3229 5019 3329 5091; x_wconf 90' lang='lat' dir='ltr'>qui</span> <span class='ocrx_word' id='word_1_738' title='bbox 3361 5021 3662 5079; x_wconf 89' lang='lat' dir='ltr'>Michaelis</span> <span class='ocrx_word' id='word_1_739' title='bbox 3694 5038 3823 5079; x_wconf 87' lang='lat' dir='ltr'>esse</span> 
     </span>
    </p>
   </div>
   <div class='ocr_carea' id='block_1_106' title="bbox 1679 5177 2537 5244">
    <p class='ocr_par' dir='ltr' id='par_1_106' title="bbox 1679 5177 2537 5244">
     <span class='ocr_line' id='line_1_106' title="bbox 1679 5177 2537 5244; baseline 0 -1"><span class='ocrx_word' id='word_1_740' title='bbox 1679 5178 1888 5243; x_wconf 75' lang='lat' dir='ltr'>Variae</span> <span class='ocrx_word' id='word_1_741' title='bbox 1920 5177 2223 5243; x_wconf 87' lang='lat' dir='ltr'>lectiones</span> <span class='ocrx_word' id='word_1_742' title='bbox 2253 5186 2316 5242; x_wconf 91' lang='lat' dir='ltr'>et</span> <span class='ocrx_word' id='word_1_743' title='bbox 2345 5185 2537 5244; x_wconf 83' lang='lat' dir='ltr'>notae.</span> 
     </span>
    </p>
   </div>
   <div class='ocr_carea' id='block_1_107' title="bbox 464 5322 2051 5404">
    <p class='ocr_par' dir='ltr' id='par_1_107' title="bbox 464 5322 2051 5404">
     <span class='ocr_line' id='line_1_107' title="bbox 464 5322 2051 5404; baseline 0.003 -23"><span class='ocrx_word' id='word_1_744' title='bbox 464 5326 572 5398; x_wconf 86' lang='lat'>(63)</span> <span class='ocrx_word' id='word_1_745' title='bbox 632 5322 1193 5404; x_wconf 58' lang='lat' dir='ltr'>Zovragdpsvoc._De</span> <span class='ocrx_word' id='word_1_746' title='bbox 1266 5329 1393 5404; x_wconf 76' lang='lat' dir='ltr'>hac</span> <span class='ocrx_word' id='word_1_747' title='bbox 1447 5348 1587 5387; x_wconf 86' lang='lat' dir='ltr'>voce</span> <span class='ocrx_word' id='word_1_748' title='bbox 1671 5330 1907 5404; x_wconf 83' lang='lat' dir='ltr'>agimus</span> <span class='ocrx_word' id='word_1_749' title='bbox 1995 5331 2051 5386; x_wconf 91' lang='lat' dir='ltr'>in</span> 
     </span>
    </p>
   </div>
   <div class='ocr_carea' id='block_1_108' title="bbox 382 5398 2052 5475">
    <p class='ocr_par' dir='ltr' id='par_1_108' title="bbox 382 5398 2052 5475">
     <span class='ocr_line' id='line_1_108' title="bbox 382 5398 2052 5475; baseline 0.002 -20"><span class='ocrx_word' id='word_1_750' title='bbox 382 5398 559 5475; x_wconf 56' lang='lat' dir='ltr'>Gloss.</span> <span class='ocrx_word' id='word_1_751' title='bbox 604 5400 746 5475; x_wconf 64' lang='lat' dir='ltr'>med.</span> <span class='ocrx_word' id='word_1_752' title='bbox 803 5398 1024 5475; x_wconf 52' lang='lat' dir='ltr'>Greca.</span> <span class='ocrx_word' id='word_1_753' title='bbox 1080 5401 1159 5458; x_wconf 88' lang='lat' dir='ltr'>De</span> <span class='ocrx_word' id='word_1_754' title='bbox 1217 5402 1435 5475; x_wconf 87' lang='lat' dir='ltr'>templo</span> <span class='ocrx_word' id='word_1_755' title='bbox 1491 5420 1627 5459; x_wconf 88' lang='lat' dir='ltr'>vero</span> <span class='ocrx_word' id='word_1_756' title='bbox 1684 5398 2052 5473; x_wconf 75' lang='lat' dir='ltr'>Hodcgorum</span> 
     </span>
    </p>
   </div>
   <div class='ocr_carea' id='block_1_109' title="bbox 379 5470 2050 5553">
    <p class='ocr_par' dir='ltr' id='par_1_109' title="bbox 379 5470 2050 5553">
     <span class='ocr_line' id='line_1_109' title="bbox 379 5470 2050 5553; baseline 0.004 -29"><span class='ocrx_word' id='word_1_757' title='bbox 379 5470 622 5553; x_wconf 66' lang='lat' dir='ltr'>copiose</span> <span class='ocrx_word' id='word_1_758' title='bbox 681 5472 1082 5530; x_wconf 88' lang='lat' dir='ltr'>disseruimus</span> <span class='ocrx_word' id='word_1_759' title='bbox 1149 5475 1207 5529; x_wconf 89' lang='lat' dir='ltr'>in</span> <span class='ocrx_word' id='word_1_760' title='bbox 1269 5470 1471 5530; x_wconf 74' lang='lat' dir='ltr'>nostra</span> <span class='ocrx_word' id='word_1_761' title='bbox 1539 5470 2050 5548; x_wconf 70' lang='grc' dir='ltr'>ϐοηειαηιίὴοροιῐ,</span> 
     </span>
    </p>
   </div>
   <div class='ocr_carea' id='block_1_110' title="bbox 381 5543 2050 5691">
    <p class='ocr_par' dir='ltr' id='par_1_110' title="bbox 381 5543 2050 5691">
     <span class='ocr_line' id='line_1_110' title="bbox 381 5543 2050 5691; baseline 0.002 -22"><span class='ocrx_word' id='word_1_762' title='bbox 381 5543 751 5691; x_wconf 38' lang='grc' dir='ltr'>ΙιιῖίὶιέἷοΤὸν-</span> <span class='ocrx_word' id='word_1_763' title='bbox 799 5609 1040 5691; x_wconf 32' lang='grc' dir='ltr'>Βάρδανμ</span> <span class='ocrx_word' id='word_1_764' title='bbox 1086 5615 1434 5691; x_wconf 60' lang='grc' dir='ltr'>περιστάντες</span> <span class='ocrx_word' id='word_1_765' title='bbox 1508 5617 1806 5691; x_wconf 71' lang='grc' dir='ltr'>συνέκοψαν</span> <span class='ocrx_word' id='word_1_766' title='bbox 1844 5660 1857 5674; x_wconf 90' lang='grc'><strong>.</strong></span> <span class='ocrx_word' id='word_1_767' title='bbox 1918 5618 1987 5672; x_wconf 90' lang='lat' dir='ltr'>Ni</span> <span class='ocrx_word' id='word_1_768' title='bbox 2010 5646 2050 5691; x_wconf 18' lang='lat'>7-</span> 
     </span>
    </p>
   </div>
   <div class='ocr_carea' id='block_1_111' title="bbox 376 5686 2051 5763">
    <p class='ocr_par' dir='ltr' id='par_1_111' title="bbox 376 5686 2051 5763">
     <span class='ocr_line' id='line_1_111' title="bbox 376 5686 2051 5763; baseline 0.002 -21"><span class='ocrx_word' id='word_1_769' title='bbox 376 5686 955 5763; x_wconf 23' lang='lat' dir='ltr'>cetasPaphlagogin</span> <span class='ocrx_word' id='word_1_770' title='bbox 975 5686 1343 5763; x_wconf 74' lang='lat' dir='ltr'>Vitalgnatii</span> <span class='ocrx_word' id='word_1_771' title='bbox 1365 5695 1515 5762; x_wconf 89' lang='lat' dir='ltr'>patr,</span> <span class='ocrx_word' id='word_1_772' title='bbox 1541 5686 2051 5763; x_wconf 10' lang='lat' dir='ltr'>Constantinopoli.</span> 
     </span>
    </p>
   </div>
   <div class='ocr_carea' id='block_1_112' title="bbox 382 5757 2047 5837">
    <p class='ocr_par' dir='ltr' id='par_1_112' title="bbox 382 5757 2047 5837">
     <span class='ocr_line' id='line_1_112' title="bbox 382 5757 2047 5837; baseline 0.002 -24"><span class='ocrx_word' id='word_1_773' title='bbox 382 5757 769 5835; x_wconf 79' lang='grc' dir='ltr'>Ἐπειγομὲνῳ</span> <span class='ocrx_word' id='word_1_774' title='bbox 806 5757 930 5833; x_wconf 27' lang='grc' dir='ltr'>ίγᾶρ</span> <span class='ocrx_word' id='word_1_775' title='bbox 994 5759 1132 5815; x_wconf 80' lang='grc' dir='ltr'>κατὰ</span> <span class='ocrx_word' id='word_1_776' title='bbox 1159 5757 1419 5837; x_wconf 67' lang='grc' dir='ltr'>’Κρήτὴς</span> <span class='ocrx_word' id='word_1_777' title='bbox 1494 5765 1572 5834; x_wconf 83' lang='grc' dir='ltr'>τῷ</span> <span class='ocrx_word' id='word_1_778' title='bbox 1628 5759 1863 5837; x_wconf 82' lang='grc' dir='ltr'>Μιχαὴλ</span> <span class='ocrx_word' id='word_1_779' title='bbox 1886 5805 1901 5832; x_wconf 89' lang='grc'><strong>,</strong></span> <span class='ocrx_word' id='word_1_780' title='bbox 1932 5757 2047 5816; x_wconf 73' lang='grc' dir='ltr'>’καὶ</span> 
     </span>
    </p>
   </div>
   <div class='ocr_carea' id='block_1_113' title="bbox 2165 5329 3823 5426">
    <p class='ocr_par' dir='ltr' id='par_1_113' title="bbox 2165 5329 3823 5426">
     <span class='ocr_line' id='line_1_113' title="bbox 2165 5329 3823 5426; baseline 0.008 -41"><span class='ocrx_word' id='word_1_781' title='bbox 2165 5331 2331 5419; x_wconf 73' lang='grc' dir='ltr'>αὐτὸς</span> <span class='ocrx_word' id='word_1_782' title='bbox 2366 5329 2626 5426; x_wconf 48' lang='grc' dir='ltr'>ὁἹΒάρδας</span> <span class='ocrx_word' id='word_1_783' title='bbox 2656 5331 2786 5426; x_wconf 79' lang='grc' dir='ltr'>ἄχρι</span> <span class='ocrx_word' id='word_1_784' title='bbox 2818 5339 2926 5426; x_wconf 71' lang='grc' dir='ltr'>τῶν</span> <span class='ocrx_word' id='word_1_785' title='bbox 2964 5334 3292 5424; x_wconf 42' lang='grc' dir='ltr'>’λεγομένων</span> <span class='ocrx_word' id='word_1_786' title='bbox 3313 5343 3546 5426; x_wconf 41' lang='grc' dir='ltr'>λξίήπων</span> <span class='ocrx_word' id='word_1_787' title='bbox 3589 5363 3823 5426; x_wconf 72' lang='grc' dir='ltr'>συστρα-</span> 
     </span>
    </p>
   </div>
   <div class='ocr_carea' id='block_1_114' title="bbox 2163 5403 3822 5506">
    <p class='ocr_par' dir='ltr' id='par_1_114' title="bbox 2163 5403 3822 5506">
     <span class='ocr_line' id='line_1_114' title="bbox 2163 5403 3822 5492; baseline 0.008 -34"><span class='ocrx_word' id='word_1_788' title='bbox 2163 5403 2334 5458; x_wconf 78' lang='grc' dir='ltr'>τεύων</span> <span class='ocrx_word' id='word_1_789' title='bbox 2397 5403 2508 5458; x_wconf 76' lang='grc' dir='ltr'>ἐκεῖ</span> <span class='ocrx_word' id='word_1_790' title='bbox 2565 5403 2631 5476; x_wconf 91' lang='grc' dir='ltr'>δὴ</span> <span class='ocrx_word' id='word_1_791' title='bbox 2690 5403 2788 5476; x_wconf 71' lang='grc' dir='ltr'>τ’ὴν</span> <span class='ocrx_word' id='word_1_792' title='bbox 2844 5403 3080 5484; x_wconf 64' lang='grc' dir='ltr'>ἐσχάτην</span> <span class='ocrx_word' id='word_1_793' title='bbox 3116 5403 3279 5466; x_wconf 81' lang='grc' dir='ltr'>ἐτισε</span> <span class='ocrx_word' id='word_1_794' title='bbox 3309 5403 3467 5483; x_wconf 70' lang='grc' dir='ltr'>δίκὴν</span> <span class='ocrx_word' id='word_1_795' title='bbox 3550 5403 3822 5492; x_wconf 64' lang='grc' dir='ltr'>πρόφασιν</span> 
     </span>
     <span class='ocr_line' id='line_1_115' title="bbox 2163 5473 3782 5506; baseline 0 0"><span class='ocrx_word' id='word_1_796' title='bbox 2163 5474 2263 5506; x_wconf 56' lang='grc' dir='ltr'>-.λλ</span> <span class='ocrx_word' id='word_1_797' title='bbox 2322 5475 2392 5506; x_wconf 61' lang='grc' dir='ltr'>,8η</span> <span class='ocrx_word' id='word_1_798' title='bbox 2446 5473 2873 5506; x_wconf 52' lang='grc' dir='ltr'>Χ...ΕΑ..Ἱ-Ι-..---</span> <span class='ocrx_word' id='word_1_799' title='bbox 2932 5503 2975 5506; x_wconf 65' lang='lat'>_,</span> <span class='ocrx_word' id='word_1_800' title='bbox 3070 5482 3222 5506; x_wconf 52' lang='lat' dir='ltr'><strong><em>n,,,\</em></strong></span> <span class='ocrx_word' id='word_1_801' title='bbox 3268 5490 3289 5499; x_wconf 83' lang='lat'>-</span> <span class='ocrx_word' id='word_1_802' title='bbox 3355 5488 3368 5506; x_wconf 65' lang='grc' dir='ltr'>τ</span> <span class='ocrx_word' id='word_1_803' title='bbox 3430 5487 3455 5506; x_wconf 86' lang='grc' dir='ltr'><strong>Λ</strong></span> <span class='ocrx_word' id='word_1_804' title='bbox 3510 5484 3550 5506; x_wconf 71' lang='lat' dir='ltr'><strong>n</strong></span> <span class='ocrx_word' id='word_1_805' title='bbox 3769 5487 3782 5506; x_wconf 68' lang='grc' dir='ltr'>ι</span> 
     </span>
    </p>
   </div>
   <div class='ocr_carea' id='block_1_115' title="bbox 2162 5473 3819 5621">
    <p class='ocr_par' dir='ltr' id='par_1_115' title="bbox 2162 5473 3819 5621">
     <span class='ocr_line' id='line_1_116' title="bbox 2162 5473 3819 5621; baseline 0.008 -92"><span class='ocrx_word' id='word_1_806' title='bbox 2162 5474 2264 5552; x_wconf 74' lang='grc' dir='ltr'>γὰρ</span> <span class='ocrx_word' id='word_1_807' title='bbox 2320 5475 2392 5537; x_wconf 85' lang='grc' dir='ltr'>ὡς</span> <span class='ocrx_word' id='word_1_808' title='bbox 2446 5473 2874 5535; x_wconf 72' lang='grc' dir='ltr'>ἐπιϐουλεύὸντα</span> <span class='ocrx_word' id='word_1_809' title='bbox 2909 5473 3289 5621; x_wconf 27' lang='grc' dir='ltr'>’τῳτέασιλεῖ</span> <span class='ocrx_word' id='word_1_810' title='bbox 3345 5488 3379 5556; x_wconf 84' lang='grc' dir='ltr'>ὴ</span> <span class='ocrx_word' id='word_1_811' title='bbox 3425 5473 3695 5569; x_wconf 58' lang='grc' dir='ltr'>θεήλατος</span> <span class='ocrx_word' id='word_1_812' title='bbox 3725 5487 3819 5543; x_wconf 80' lang='grc' dir='ltr'>αὖ·</span> 
     </span>
     <span class='ocr_line' id='line_1_117' title="bbox 2162 5547 3818 5621; baseline 0.008 -21"><span class='ocrx_word' id='word_1_813' title='bbox 2162 5548 2254 5601; x_wconf 86' lang='grc' dir='ltr'>τὸν</span> <span class='ocrx_word' id='word_1_814' title='bbox 2320 5547 2588 5621; x_wconf 82' lang='grc' dir='ltr'>μετῆλθεν</span> <span class='ocrx_word' id='word_1_815' title='bbox 2651 5549 2837 5621; x_wconf 83' lang='grc' dir='ltr'>ὀργὴ,</span> <span class='ocrx_word' id='word_1_816' title='bbox 2896 5553 2984 5608; x_wconf 87' lang='grc' dir='ltr'>καὶ</span> <span class='ocrx_word' id='word_1_817' title='bbox 3096 5556 3231 5621; x_wconf 75' lang='grc' dir='ltr'>ἱφεσι</span> <span class='ocrx_word' id='word_1_818' title='bbox 3313 5555 3554 5621; x_wconf 82' lang='grc' dir='ltr'>μεληδὸν</span> <span class='ocrx_word' id='word_1_819' title='bbox 3616 5557 3818 5621; x_wconf 73' lang='grc' dir='ltr'>αθλῖως</span> 
     </span>
    </p>
   </div>
   <div class='ocr_carea' id='block_1_116' title="bbox 2160 5568 3821 5700">
    <p class='ocr_par' dir='ltr' id='par_1_116' title="bbox 2160 5568 3821 5700">
     <span class='ocr_line' id='line_1_118' title="bbox 2162 5568 3818 5633; baseline 0.008 -33"><span class='ocrx_word' id='word_1_820' title='bbox 2162 5568 2254 5601; x_wconf 89' lang='grc' dir='ltr'>τον</span> <span class='ocrx_word' id='word_1_821' title='bbox 2320 5568 2588 5619; x_wconf 83' lang='grc' dir='ltr'>μετηΛυεν</span> <span class='ocrx_word' id='word_1_822' title='bbox 2651 5568 2837 5628; x_wconf 80' lang='grc' dir='ltr'>οργὴ,</span> <span class='ocrx_word' id='word_1_823' title='bbox 2896 5568 2984 5608; x_wconf 82' lang='grc' dir='ltr'>και</span> <span class='ocrx_word' id='word_1_824' title='bbox 3063 5568 3231 5633; x_wconf 71' lang='grc' dir='ltr'>ξίφεσι</span> <span class='ocrx_word' id='word_1_825' title='bbox 3313 5568 3554 5630; x_wconf 74' lang='grc' dir='ltr'>μεληδὸν</span> <span class='ocrx_word' id='word_1_826' title='bbox 3616 5568 3818 5622; x_wconf 74' lang='grc' dir='ltr'>ἀθλίως</span> 
     </span>
     <span class='ocr_line' id='line_1_119' title="bbox 2160 5619 3821 5700; baseline 0.008 -26"><span class='ocrx_word' id='word_1_827' title='bbox 2160 5619 2662 5700; x_wconf 48' lang='grc' dir='ltr'>κατακοπτόμενοςε</span> <span class='ocrx_word' id='word_1_828' title='bbox 2745 5625 2899 5700; x_wconf 78' lang='lat' dir='ltr'>Infra</span> <span class='ocrx_word' id='word_1_829' title='bbox 2959 5643 2970 5683; x_wconf 86' lang='lat'><strong>:</strong></span> <span class='ocrx_word' id='word_1_830' title='bbox 3031 5627 3170 5685; x_wconf 86' lang='grc' dir='ltr'>Τότε</span> <span class='ocrx_word' id='word_1_831' title='bbox 3249 5628 3342 5700; x_wconf 69' lang='grc' dir='ltr'>μὲν</span> <span class='ocrx_word' id='word_1_832' title='bbox 3423 5627 3514 5685; x_wconf 81' lang='grc' dir='ltr'>οῦν</span> <span class='ocrx_word' id='word_1_833' title='bbox 3571 5630 3598 5684; x_wconf 90' lang='lat'>6</span> <span class='ocrx_word' id='word_1_834' title='bbox 3664 5631 3821 5687; x_wconf 76' lang='grc' dir='ltr'>αὖτο-</span> 
     </span>
    </p>
   </div>
   <div class='ocr_carea' id='block_1_117' title="bbox 2160 5691 3818 5780">
    <p class='ocr_par' dir='ltr' id='par_1_117' title="bbox 2160 5691 3818 5773">
     <span class='ocr_line' id='line_1_120' title="bbox 2160 5691 3818 5773; baseline 0.008 -28"><span class='ocrx_word' id='word_1_835' title='bbox 2160 5691 2379 5767; x_wconf 86' lang='grc' dir='ltr'>κράτωρ</span> <span class='ocrx_word' id='word_1_836' title='bbox 2437 5693 2707 5765; x_wconf 80' lang='grc' dir='ltr'>παρευθὺς</span> <span class='ocrx_word' id='word_1_837' title='bbox 2766 5696 2902 5771; x_wconf 86' lang='grc' dir='ltr'>πρὸς</span> <span class='ocrx_word' id='word_1_838' title='bbox 2980 5700 3078 5769; x_wconf 86' lang='grc' dir='ltr'>τὴν</span> <span class='ocrx_word' id='word_1_839' title='bbox 3138 5691 3526 5773; x_wconf 74' lang='grc' dir='ltr'>βασιλεύουσαν</span> <span class='ocrx_word' id='word_1_840' title='bbox 3586 5700 3818 5759; x_wconf 82' lang='grc' dir='ltr'>παλινσ-</span> 
     </span>
    </p>
   </div>
   <div class='ocr_carea' id='block_1_118' title="bbox 2163 5784 2298 5821">
    <p class='ocr_par' dir='ltr' id='par_1_118' title="bbox 2163 5784 2298 5821">
     <span class='ocr_line' id='line_1_121' title="bbox 2163 5784 2298 5821; baseline 0.022 -3"><span class='ocrx_word' id='word_1_841' title='bbox 2163 5784 2298 5821; x_wconf 84' lang='grc' dir='ltr'>στει.</span> 
     </span>
    </p>
   </div>
   <div class='ocr_carea' id='block_1_119' title="bbox 3768 6042 3889 6093">
    <p class='ocr_par' dir='ltr' id='par_1_119' title="bbox 3768 6042 3889 6093">
     <span class='ocr_line' id='line_1_122' title="bbox 3768 6042 3889 6093; baseline -0.017 0"><span class='ocrx_word' id='word_1_842' title='bbox 3768 6042 3889 6093; x_wconf 52' lang='grc' dir='ltr'>ηφέ</span> 
     </span>
    </p>
   </div>
   <div class='ocr_carea' id='block_1_120' title="bbox 3496 6242 3713 6267">
    <p class='ocr_par' dir='ltr' id='par_1_120' title="bbox 3496 6242 3713 6267">
     <span class='ocr_line' id='line_1_123' title="bbox 3496 6242 3713 6267; baseline 0.014 -12"><span class='ocrx_word' id='word_1_843' title='bbox 3496 6242 3617 6265; x_wconf 32' lang='grc' dir='ltr'>ς’ῗγλχξ-</span> <span class='ocrx_word' id='word_1_844' title='bbox 3648 6250 3667 6267; x_wconf 63' lang='grc' dir='ltr'>ῐ,ν-</span> <span class='ocrx_word' id='word_1_845' title='bbox 3708 6262 3713 6265; x_wconf 32' lang='grc' dir='ltr'><strong>ν</strong></span> 
     </span>
    </p>
   </div>
   <div class='ocr_carea' id='block_1_121' title="bbox 3676 6308 3807 6327">
    <p class='ocr_par' dir='ltr' id='par_1_121' title="bbox 3676 6308 3807 6327">
     <span class='ocr_line' id='line_1_124' title="bbox 3676 6308 3807 6327; baseline 0.015 -8"><span class='ocrx_word' id='word_1_846' title='bbox 3676 6308 3775 6327; x_wconf 27' lang='grc' dir='ltr'>ιιηχςκ“</span> <span class='ocrx_word' id='word_1_847' title='bbox 3794 6308 3807 6325; x_wconf 39' lang='grc' dir='ltr'><strong><em>λέ</em></strong></span> 
     </span>
    </p>
   </div>
   <div class='ocr_carea' id='block_1_122' title="bbox 3502 6328 3813 6347">
    <p class='ocr_par' dir='ltr' id='par_1_122' title="bbox 3502 6328 3813 6347">
     <span class='ocr_line' id='line_1_125' title="bbox 3502 6328 3813 6347; baseline 0 0"><span class='ocrx_word' id='word_1_848' title='bbox 3502 6328 3753 6347; x_wconf 49' lang='grc' dir='ltr'>α*¹¹“νπηι⁴“</span> <span class='ocrx_word' id='word_1_849' title='bbox 3784 6328 3813 6347; x_wconf 56' lang='grc' dir='ltr'>⁷ξ</span> 
     </span>
    </p>
   </div>
  </div>
