4142 6370
406 263 485 324 35
1740 259 1878 322 ,ΙοΑ
1889 257 2036 319 NN]!

2148 258 2460 322 EONARE
3740 270 3823 331 36

401 397 598 470 potius
627 395 993 464 credebatur,
1025 395 1194 467 quasi
1227 410 1534 467 praegnans
1565 389 2036 449 fuissetEudocia

2166 390 2421 467 βασιλεὺς
2461 399 2563 463 τῆς
2610 393 2954 472 ἐκστρατείας
2995 395 3293 472 ἀφέμενος,
3351 398 3440 455 ἐπὶ
3491 399 3560 456 τὸ
3614 403 3815 472 Βυζάν-

399 485 612 542 Basilio
645 484 939 540 collocata.
973 483 1217 539 Michael
1273 501 1466 556 porro,
1518 483 1616 556 qui
1649 497 1888 538 omnem
1917 485 2053 535 ista-

399 579 518 631 tem
551 573 868 646 equitando
899 577 957 629 et
979 574 1368 646 compotando
1393 571 2055 642 consumeret,frequen-

399 668 606 734 terque
655 662 1004 733 inebriatus,
1065 667 1262 718 mente
1319 661 1692 732 alienaretur,
1742 677 1921 734 quam
1981 675 2052 714 ne

398 756 632 812 sobrius
655 754 893 827 quidem
919 770 1123 809 sanam
1148 754 1466 810 admodum
1489 750 2050 824 habebat,Basilium

400 846 459 900 in
492 845 584 901 sui
617 845 827 900 cadem
861 843 1128 900 irritavit.
1161 843 1306 898 Nam
1341 859 1472 898 cum
1507 847 1640 915 post
1674 847 1946 914 equestre
1976 840 2048 896 ad

399 933 593 990 Sancti
627 932 936 989 Mamantis
968 937 1285 1001 certamen,
1309 932 1368 988 in
1400 948 1517 1004 qun
1539 933 1664 1004 ipse
1691 947 1826 986 cum
1859 945 2053 1003 proce-

397 1026 564 1080 ribus
595 1023 720 1080 suis
750 1022 1261 1094 aurigarat,victor
1291 1023 1363 1078 ad
1395 1038 1622 1077 omnem
1655 1021 2048 1089 accubuisset,

394 1113 563 1185 eique
610 1111 866 1167 Basilius
921 1116 978 1166 et
1036 1111 1289 1167 Eudocia
1348 1111 1722 1175 interessent,
1755 1109 2048 1165 Basilinus

395 1202 640 1273 quidam
687 1200 912 1256 dudum
971 1200 1364 1272 imperatorias
1404 1201 1663 1256 triremis
1695 1215 1909 1269 remex,
1943 1198 2046 1253 sed

393 1291 466 1347 ob
499 1290 758 1362 corporis
787 1289 1136 1361 elegantiam
1166 1290 1224 1346 in
1270 1289 1640 1363 imperatoris
1682 1287 2049 1344 familiarita-

395 1386 510 1436 tem
543 1379 786 1446 ascitus,
819 1379 990 1452 eique
1021 1385 1146 1434 tum
1178 1379 1433 1442 cceuanti
1463 1383 1688 1448 astans,
1707 1377 1867 1432 illius
1893 1375 2047 1432 auri-

389 1468 568 1541 gandi
599 1468 900 1524 solertiam
947 1473 1005 1523 ct
1038 1467 1442 1524 dexteritatem
1504 1466 1720 1522 divinis
1769 1464 2044 1522 laudibus

353 1557 724 1614 “extollebat.
757 1557 982 1623 Quibus
1040 1557 1316 1613 laudibus
1374 1557 1470 1614 ille
1529 1555 1715 1611 multo
1764 1555 1892 1626 jam
1947 1571 2043 1610 ex-

390 1646 603 1702 hausto
636 1662 816 1712 mero,
852 1651 908 1700 et
937 1651 1132 1702 mente
1163 1647 1418 1712 turbata,
1443 1646 1786 1715 delectatus,
1818 1643 2042 1699 calecos

391 1753 716 1809 purpureos
737 1735 785 1792 ei
821 1735 1023 1801 tradit,
1055 1753 1120 1791 ac
1170 1736 1415 1791 induere
1449 1737 1637 1806 jubet,
1671 1741 1728 1791 et
1782 1734 2040 1806 impera-

390 1831 576 1882 torem
609 1825 846 1882 salutat.
897 1825 1000 1881 Illo
1053 1825 1483 1881 verecundante
1525 1830 1581 1880 et
1636 1822 1920 1880 Basilium
1954 1825 2042 1878 in-

387 1919 613 1986 tuente,
671 1914 989 1985 imperator
1046 1913 1354 1984 irascitur,
1413 1913 1668 1970 Basilius
1727 1918 1926 1969 autem
1987 1911 2040 1968 ei

388 2005 603 2075 innuit,
637 2009 702 2059 ut
730 2004 1114 2075 obtemperet,
1145 2007 1201 2058 et
1231 2003 1458 2059 calceos
1501 2001 1733 2058 induat.
1767 2000 1875 2066 Qui
1905 2017 2039 2056 cum

387 2094 703 2166 paruisset,
765 2093 1084 2165 imperator
1138 2092 1356 2149 Basilio
1413 2093 1600 2148 iratus
1630 2092 1748 2148 ait:
1813 2091 2045 2163 Imperii

389 2184 639 2253 insignia
670 2183 762 2238 isti
789 2185 1006 2254 aptiora
1053 2191 1184 2238 sunt
1231 2198 1399 2254 quam
1431 2183 1554 2236 tibi.
1613 2183 1697 2237 An
1747 2197 1872 2236 vero
1901 2181 2045 2235 mihi

386 2290 499 2329 non
527 2273 674 2344 licet,
705 2271 1164 2344 quemadmodum
1194 2276 1247 2327 te
1303 2273 1688 2344 imperatorem
1719 2271 1852 2341 Ieci,
1884 2271 1962 2324 ita
1990 2271 2044 2324 et

383 2363 566 2419 alium
592 2364 816 2434 facere?
844 2362 924 2416 Ex
979 2378 1046 2416 eo
1077 2359 1332 2417 Basilius
1389 2366 1446 2416 et
1485 2361 1556 2416 de
1608 2358 1854 2432 imperio
1881 2364 1940 2414 et
1969 2359 2042 2414 de

395 2452 512 2508 vita
541 2451 851 2518 sollicitus,
881 2451 999 2505 vim
1035 2449 1222 2506 facere
1251 2467 1428 2522 quam
1462 2449 1581 2522 pati
1613 2447 2043 2518 maluit,consi-

391 2541 587 2612 lioque
617 2557 722 2597 suo
781 2557 907 2595 cum
967 2539 1101 2595 aliis
1148 2539 1600 2608 communicato,
1661 2554 1794 2594 cum
1849 2538 2040 2592 denuo

389 2629 631 2685 Michael
665 2630 796 2685 vino
827 2629 886 2684 in
915 2643 1078 2685 omna
1128 2630 1376 2684 obrutus
1428 2631 1706 2698 torperet,
1742 2640 2040 2697 manuque

389 2718 693 2776 duotusin
749 2718 1087 2774 cubiculum
1144 2716 1336 2789 regiae,
1389 2733 1518 2788 quae
1572 2721 1662 2771 est
1717 2716 1788 2771 ad
1841 2714 2038 2771 Sancti

388 2807 938 2874 Mamantis,somno
961 2797 1422 2878 profundissimo
1444 2805 2038 2878 oppressusjaceret:

387 2914 682 2972 egressus,
741 2897 999 2969 primum
1059 2895 1315 2951 claustra
1371 2895 1624 2952 cubiculi
1679 2892 2038 2966 imperatorii

388 2986 693 3059 confregit,
747 3001 852 3042 nec
882 2985 1032 3041 fores
1081 3001 1114 3040 a
1165 2983 1464 3040 cubilari'rs
1519 2983 1712 3038 claudi
1772 2986 2032 3056 possent.

386 3076 608 3133 Deinde
633 3091 767 3132 cum
797 3073 1114 3146 conjuralis
1145 3073 1396 3130 advenit.
1433 3073 1509 3129 Iis
1538 3078 1732 3129 autem
1766 3072 1866 3145 qui
1898 3078 2032 3128 ante

383 3164 724 3222 cubiculum
753 3164 1140 3234 excubabant,
1194 3162 1395 3235 paucis
1439 3163 1603 3232 adeo,
1655 3177 2030 3234 percussores
2059 3138 2102 3206 α

382 3255 541 3311 aditu
575 3255 883 3328 prohibere
913 3253 1284 3318 conantibus,
1317 3259 1445 3308 orto
1483 3250 1741 3306 tumultu
1771 3253 2030 3323 impera-

381 3349 474 3400 tor
502 3349 894 3416 experrectus,
949 3343 1205 3415 quodam
1241 3357 1374 3396 cum
1433 3341 1635 3396 stricto
1692 3340 1886 3414 gladio
1935 3340 2032 3394 in-

382 3449 600 3504 gresso,
637 3449 846 3488 manus
879 3429 1364 3501 sustulit,quibus
1395 3428 1494 3485 ille
1523 3429 1812 3486 ambabus
1843 3445 2031 3486 resec-

379 3521 478 3588 tis,
509 3521 582 3576 ad
614 3525 852 3576 czeteros
900 3519 1094 3576 rediit.
1155 3523 1228 3574 At
1283 3517 1525 3574 Michael
1583 3534 1720 3574 cum
1772 3535 1842 3574 ex
1895 3518 2030 3574 vino

381 3610 645 3666 titubans
693 3609 973 3665 ebrietate
1027 3607 1407 3680 impediente,
1437 3609 1636 3680 fugere
1665 3623 1780 3664 non
1812 3611 2028 3680 posset,

382 3697 796 3756 miserabiliter
821 3698 1052 3770 ejulans
1073 3698 1344 3769 jacebat:
1397 3713 1572 3768 quem
1603 3697 1755 3752 alius
1789 3696 2030 3767 quidam

379 3807 449 3846 ex
478 3787 808 3855 Basilianis,
869 3787 1061 3844 adhuc
1119 3787 1304 3843 vivere
1352 3787 1752 3858 conspicatus,
1801 3785 2029 3853 insiliit,

379 3894 697 3951 ensemque
751 3878 837 3934 ita
865 3877 925 3932 in
982 3879 1112 3948 ejus
1171 3883 1374 3950 pectus
1436 3878 1649 3947 adegit,
1707 3879 1773 3931 ut
1829 3880 2032 3931 ventre

377 3969 557 4025 etiam
588 3968 827 4040 trajecto
859 3967 1140 4024 intestina
1168 3965 1560 4022 elaberentur.

2161 500 2276 535 τιον
2336 480 2682 556 ἐπανέζευξε,
2741 483 2832 539 καὶ
2893 483 3139 560 ζεύγνυσι
3193 491 3273 560 τῷ
3323 487 3592 563 Βασιλείῳ
3643 488 3817 548 Εὔδο-

2161 569 2282 624 κίαν
2341 572 2440 641 τήν
2501 572 2762 649 θυγατέρα
2829 571 2926 628 τοῦ
2999 577 3260 650 Ἵγκηρος
3294 623 3310 644 ,
3361 577 3485 647 ἥτις
3536 578 3682 653 αὐτῷ
3735 584 3816 654 τῷ

2161 664 2446 734 κρατοῦντι
2503 663 2695 738 πρώην
2763 661 3165 720 ἐπαλλακεύετο
3197 685 3208 697 ·
3272 667 3382 722 εἶτα
3436 668 3526 723 καὶ
3588 668 3817 745 βασιλέα

2159 753 2348 804 τοῦτον
2400 751 2607 807 ἀνεῖπεν
2661 753 2825 814 αὐτὸς
2879 753 2932 808 ἐν
2981 757 3049 828 τῇ
3098 753 3322 831 Μεγάλῃ
3372 758 3814 834 παραγενόμενος

2160 837 2424 912 ἐκκλησίᾳ
2454 843 2590 913 (65),
2620 843 2710 897 καὶ
2760 839 2850 898 διὰ
2895 847 2992 898 τοῦ
3044 848 3389 922 πατριάρχου
3443 847 3666 903 Φωτίου
3715 869 3812 904 πε-

2161 929 2328 1003 ριθεὶς
2375 929 2521 1002 αὐτῷ
2565 930 2629 986 τὸ
2675 928 2957 1006 διάδημα.
3001 931 3248 990 Τίκτεται
3311 931 3369 990 δὲ
3415 939 3496 1008 τῷ
3543 935 3812 1012 Βασιλείῳ

2159 1016 2218 1072 ἐκ
2243 1021 2341 1088 τῆς
2383 1015 2646 1082 Εὐδοκίας
2697 1019 2915 1078 παιδίον
2966 1019 3122 1099 ἅρῥεν
3177 1025 3206 1079 6
3255 1025 3429 1093 Λέων,
3481 1025 3510 1080 ’ὁ
3557 1030 3653 1081 τοῦ
3701 1034 3809 1082 Μι-

2157 1105 2309 1182 χαὴλ
2373 1110 2485 1182 (66)
2547 1108 2760 1184 μᾶλλον
2839 1112 2973 1166 εἶναι
3028 1110 3283 1188 ἐλέγετο,
3340 1114 3414 1176 ὡς
3467 1113 3659 1192 ἐγκύου
3705 1123 3806 1188 τῆς

2159 1194 2424 1261 Εὐδοκίας
2455 1195 2620 1270 οὔσης
2662 1199 2752 1256 ὅτε
2798 1205 2878 1273 τῷ
2923 1200 3199 1275 Βασιλείῳ
3247 1204 3567 1276 συνῴκιστο.
3621 1206 3810 1278 Ἵππη·

2157 1284 2370 1350 λασίαις
2401 1285 2458 1342 δὲ
2505 1289 2594 1343 καὶ
2635 1289 2961 1362 συμποσίοις
3009 1292 3091 1347 ἀεὶ
3141 1291 3432 1368 σχολάζων
3486 1295 3514 1349 ὁ
3546 1294 3808 1371 Μιχαὴλ,

2154 1375 2243 1429 καὶ
2289 1381 2528 1453 συνεχῶς
2582 1378 3000 1452 μεθυσκόμενος,
3033 1380 3124 1435 καὶ
3174 1385 3282 1436 τῶν
3338 1387 3545 1459 φρενῶν
3599 1383 3809 1454 ἐξιστά-

2158 1485 2314 1537 μενος
2346 1468 2480 1539 (67),
2514 1466 2574 1530 ἃς
2623 1466 2747 1523 οὐδὲ
2792 1471 2976 1548 νήφων
3031 1465 3260 1547 ἔρῥωτο,
3296 1471 3370 1533 εἷς
3417 1471 3579 1548 φόνον
3613 1474 3807 1530 ἑαυτοῦ

2152 1554 2244 1608 τὸν
2302 1555 2582 1612 Βασίλειον
2637 1555 2982 1632 ἐξηρέθισεν.
3039 1560 3133 1616 Ἐκ
3189 1560 3294 1636 γὰρ
3352 1558 3533 1616 ἵππων
3589 1561 3806 1637 ἀγῶνος

2154 1643 2206 1698 ἐν
2235 1648 2316 1716 τῷ
2365 1645 2505 1720 ἁγίῳ
2558 1647 2815 1720 Μάμαντι
2863 1647 3231 1721 τελεσθέντος,
3264 1649 3316 1704 ἐν
3365 1651 3411 1722 ᾧ
3457 1650 3616 1715 αὐτὸς
3656 1652 3810 1722 ἡνιό-

2153 1753 2296 1808 χησε
2341 1733 2430 1788 καὶ
2486 1735 2538 1789 οἱ
2601 1743 2914 1810 μεγιστᾶνες
2967 1737 3157 1806 αὐτοῦ,
3216 1739 3308 1794 καὶ
3358 1739 3652 1811 νενίκηκεν,
3716 1740 3804 1797 ἐπὶ

2150 1819 2364 1877 δεῖπνον
2399 1822 2799 1895 ἀνακλιθέντος,
2847 1826 2938 1881 καί
2992 1827 3021 1881 6
3072 1827 3358 1891 Βασίλειος
3408 1829 3497 1884 καὶ
3543 1832 3579 1900 ἡ
3630 1827 3803 1886 Εὔδο-

2149 1912 2241 1966 κία
2266 1911 2725 1968 συνανεκέκλιντο.
2773 1913 3058 1978 Βασιλῖνος
3104 1919 3216 1990 (68)
3266 1913 3325 1972 δέ
3363 1939 3448 1980 τις
3501 1925 3600 1989 τῆς
3643 1923 3798 1978 Βασι-

2151 1999 2296 2058 λείον
2343 2003 2608 2078 τριήρους
2657 2004 2850 2079 πρώην
2897 2002 3086 2081 ἐρέτης
3135 2001 3232 2075 ὣν,
3282 2003 3372 2062 διὰ
3424 2003 3482 2062 δὲ
3541 2010 3797 2082 σώματος
3851 2069 3864 2076 ,

2151 2088 2462 2166 ὡραιὸτητα
2517 2091 2892 2170 προσληφθεὶς
2949 2095 3096 2168 παρά
3149 2098 3246 2150 τοῦ
3296 2100 3650 2170 κρατοῦντος,
3707 2100 3799 2155 καὶ

2147 2179 2326 2253 τούτῳ
2357 2179 2682 2248 οἷκειωθείς,
2712 2182 2995 2256 παρεστὼς
3027 2182 3151 2237 τότε
3197 2181 3502 2240 δειπνοῦντι
3532 2190 3613 2260 τῷ
3646 2188 3800 2263 βασι-

2151 2267 2240 2324 λεῖ
2283 2269 2568 2340 ἐξεθείαζεν
2623 2271 2785 2326 αὐτὸν
2837 2273 2914 2334 ὡς
2957 2272 3166 2350 εὐφυῶς
3215 2271 3343 2350 ἄγαν
3391 2275 3480 2330 καὶ
3531 2273 3801 2352 ἐντεχνως

2149 2359 2540 2434 ἡνιοχήσαντα.
2574 2361 2635 2417 Ὁ
2688 2357 2746 2416 δὲ
2801 2358 2933 2433 (ἤδη
2993 2362 3094 2438 γὰρ
3153 2363 3502 2438 ἠκρατίσατο,
3560 2365 3651 2420 καὶ
3705 2365 3798 2421 τὸν

2149 2451 2273 2502 νοῦν
2323 2445 2706 2523 ἑκτεθὸλωτο),
2737 2451 2922 2520 ἡσθεὶς
2967 2456 3083 2514 τοῖς
3130 2450 3372 2516 ἐπαίνοις
3422 2451 3604 2509 ἐδίδου
3655 2453 3803 2527 αὐτῷ

2147 2537 2214 2591 τὰ
2262 2531 2624 2614 φοινικὸχροα
2683 2536 2902 2609 πέδιλα,
2960 2540 3050 2595 καὶ
3109 2540 3465 2618 προσέταττεν
3526 2541 3800 2614 ὑποδήσα-

2149 2637 2290 2695 σθαι,
2322 2626 2412 2681 καὶ
2448 2625 2672 2702 βασιλέα
2715 2629 2919 2687 ἀνεῖπε.
2967 2633 3071 2684 Τοῦ
3125 2627 3184 2684 δὲ
3231 2625 3663 2706 εὐλαϐουμένου,
3707 2632 3800 2686 καὶ

2146 2716 2284 2792 πρὸς
2335 2715 2426 2771 τὸν
2472 2715 2750 2772 Βασίλειον
2800 2715 3118 2794 ἐνορῶντος,
3178 2720 3207 2774 6
3270 2717 3526 2795 βασιλεὺς
3596 2719 3799 2796 ἐχαλέ-

2146 2826 2338 2862 παινε.
2395 2805 2495 2860 Καὶ
2555 2807 2582 2860 6
2631 2804 2914 2870 Βασίλειος
2973 2807 3239 2863 ἐνένευσεν
3299 2807 3447 2881 αὐτῷ
3503 2816 3793 2879 πεισθῆναι

2143 2892 2234 2948 καί
2293 2891 2686 2965 ὑποδήσασθαι⁹
2735 2894 2826 2950 καὶ
2875 2897 2933 2958 ὃς
2991 2891 3174 2952 λαϐὼν
3239 2895 3567 2968 ὑπεδήσατο.
3627 2899 3689 2956 Ὁ
3736 2897 3796 2955 δὲ

2148 2981 2404 3059 βασιλεὺς
2466 2988 2548 3056 τῷ
2631 2983 2899 3058 Βασιλείῳ
2969 2979 3070 3064 ἔφη
3149 2985 3494 3061 χολούμενος
3527 3029 3542 3056 ,
3596 2987 3794 3060 Τούτῳ

2145 3071 2359 3146 μᾶλλον
2419 3072 2455 3142 ἢ
2514 3073 2599 3128 σοὶ
2654 3073 2721 3128 τὰ
2769 3080 2872 3144 τῆς
2935 3073 3213 3151 βασιλείας
3267 3077 3570 3151 παράσημα
3611 3075 3792 3132 ἐπεοί-

2140 3181 2316 3217 κασιν.
2359 3162 2445 3219 ”Ὴ
2505 3160 2605 3216 οὐκ
2661 3161 2828 3234 ἔξεστί
2883 3184 3008 3236 μοι,
3069 3163 3144 3227 ὡς
3200 3164 3256 3218 at
3319 3165 3547 3240 βασιλέα
3601 3163 3792 3220 πεποί-

2138 3271 2268 3324 ηκα,
2297 3257 2526 3321 ποιῆσαι
2581 3252 2672 3306 καὶ
2725 3247 2908 3327 ἕτερον
2936 3271 2950 3322 ;
2984 3253 3255 3317 Ἐντεῦθεν
3285 3250 3544 3316 δεδοικὼς
3577 3255 3606 3309 6
3637 3254 3792 3310 Βασί-

2141 3360 2288 3401 Λειος
2315 3341 2456 3413 (68“)
2487 3337 2576 3394 καὶ
2606 3339 2729 3415 περὶ
2760 3343 2827 3414 τῇ
2864 3339 3112 3417 βασιλείᾳ
3154 3343 3244 3396 καὶ
3293 3345 3362 3416 τῇ
3411 3347 3547 3418 ζωῇ,
3601 3339 3795 3418 δρᾶσαι

2138 3429 2246 3500 πρὸ
2296 3429 2392 3483 τοῦ
2442 3430 2630 3484 παθεῖν
2681 3427 3032 3503 ἐμελέτησεν,
3075 3431 3279 3508 ἑτέροις
3325 3453 3384 3487 τε
3409 3432 3472 3487 τὸ
3508 3429 3798 3506 μελέτημα

2138 3519 2560 3590 κοινωσάμενος,
2613 3518 2729 3574 ἐπεὶ
2787 3517 2940 3582 αὖθις
3003 3518 3056 3575 έν
3119 3518 3318 3595 δείπνῳ
3373 3521 3796 3599 ἀκρατοποσίαις

2139 3609 2492 3683 χρησάμενος
2550 3607 2578 3662 6
2659 3607 2915 3684 βασιλεὺς
2991 3606 3098 3680 ἤδη
3173 3610 3451 3685 κεκάρωτο
3487 3655 3501 3680 ,
3561 3611 3650 3666 καὶ
3713 3615 3795 3683 τῷ

2139 3698 2330 3752 ἑαυτοῦ
2359 3701 2578 3752 κοιτῶνι
2609 3696 2660 3753 ἐν
2711 3703 2828 3760 τοῖς
2875 3700 3011 3754 κατᾶ
3038 3699 3132 3754 τὸν
3174 3698 3322 3777 ἅγιον
3377 3699 3644 3774 Μάμαντα
3692 3700 3790 3774 βα-

2141 3785 2367 3848 σιλείοις
2399 3789 2513 3861 (69)
2565 3787 3084 3863 χειραγωγούμενος
3132 3787 3472 3860 ἀνεκέκλιτο,
3507 3788 3594 3844 καὶ
3639 3787 3789 3860 ὕπνῳ

2144 3876 2426 3952 βαθυτάτῳ
2474 3875 2831 3948 κατείληπτο,
2882 3881 3099 3950 πρῶτον
3161 3879 3256 3952 μὲν
3306 3877 3458 3951 ἐξιὼν
3509 3873 3793 3939 Βασίλειος

2137 3965 2206 4020 τὰ
2255 3963 2482 4041 κλεῖθρα
2537 3969 2634 4020 τοῦ
2690 3964 2978 4042 βασιλικοῦ
3034 3970 3296 4030 κοιτῶνος
3353 3965 3602 4040 κατέαξεν
3639 4010 3654 4036 ,
3699 3962 3797 4020 *ίνα

1621 4081 1827 4144 Varia;
1875 4081 2177 4146 lectiones
2225 4089 2288 4145 et
2333 4089 2523 4146 notae.

445 4183 558 4254 (65)
611 4182 703 4238 Ἐν
754 4183 828 4256 ,τῇ
868 4179 1120 4256 ῨΜεγάλῃ
1185 4178 1794 4256 παραγενόμενόμενοςΔ
1823 4176 2026 4256 ἐκκλη-

375 4251 483 4325 ala.
519 4251 650 4326 ipso
709 4251 828 4326 die,
865 4251 1272 4326 Pentecostes.
1325 4251 1559 4326 Nicetes
1613 4251 1912 4326 Paphlago
1964 4254 2025 4326 i_n

374 4319 513 4411 yita
621 4325 835 4411 lgnatii
881 4333 1056 4411 patr.‘
1081 4322 1584 4411 Constantinopgl.
1636 4319 1770 4411 Τόξε
1803 4319 1898 4394 μῖν
1931 4319 2022 4375 οὖν

372 4397 400 4470 _6
429 4390 778 4470 ἀυτοκρᾶτωρ
835 4390 1300 4470 παρευθῦςμπερς
1347 4395 1446 4470 τᾲὴν
1472 4390 1896 4470 ’βασιλεύουσαν
1929 4413 2028 4448 πα-

372 4462 664 4543 λινοστεῗ.“
697 4462 1046 4543 Πεντηκρστή
1109 4462 1154 4519 δ’
1204 4462 1301 4543 ’ἄφῖ
1357 4463 1445 4534 ἦν,
1489 4462 1578 4519 καὶ
1611 4463 1890 4543 βασίλειον
1921 4485 2024 4520 πα-

2135 4180 2436 4236 laborasse
2470 4181 2806 4238 Michaelem
2833 4182 3068 4238 videtur
3087 4182 3347 4238 indicare
3371 4181 3789 4253 Luitprandus,

2135 4253 2290 4324 quod
2323 4254 2478 4308 sicut
2524 4254 2827 4324 Byzantini
2876 4253 3216 4326 scriptores,
3256 4255 3353 4324 qui
3409 4254 3690 4310 ebrietate
3737 4263 3794 4309 et

2135 4326 2673 4399 compotationibus
2733 4333 2989 4382 mentem
3067 4326 3321 4382 subinde
3385 4327 3789 4399 perturbatam

2135 4396 2679 4539 νυίὲξξῗ⁶Βσισιλῖνος.
2754 4467 3102 4524 Basiliscum
3181 4471 3348 4524 vocat
3422 4467 3790 4523 Manasses:

372 4539 582 4612 τρίκιον
636 4533 766 4612 ὄντα
836 4532 926 4593 καὶ
960 4532 1479 4612 Δ’τι-σιρακοιξτίιιῦμενον
1540 4537 1810 4610 στέμματι
1869 4548 2028 4591 κατα-

2148 4532 2576 4612 Βασιλισκιανὸν,
2627 4539 2955 4612 Chronicon
3007 4557 3119 4597 ms.
3153 4540 3226 4595 ab
3273 4540 3495 4595 Adamo
3541 4540 3610 4595 ad
3661 4539 3794 4612 Leo-

371 4609 675 4683 κοσμήσας,
708 4609 1022 4686 ἀναγορεύει
1061 4609 1309 4686 βασιλέα.

444 4691 644 4766 (66)ξο
670 4695 768 4746 τοῦ
825 4689 1081 4766 Μιχαήλ.
1131 4689 1596 4766 VideﬂGlycam.
1629 4707 1686 4762 p.
1746 4690 1874 4757 297,
1929 4690 2028 4746 ubi

373 4761 795 4835 hu'nconnarm
836 4761 1030 4821 locum
1061 4762 1355 4835 expendit.

443 4833 710 4912 (67)__Kal
782 4839 892 4890 τῶν
929 4828 1174 4912 Δφρενιῖῖν
1255 4828 1611 4912 έξιστᾴμενος.
1661 4833 1970 4912 ⁸Ιλιᾳίιρῐδὲῐι
2003 4862 2027 4872 -

375 4905 508 4974 dus,
541 4905 644 4964 lib.
675 4925 715 4975 ι,
765 4924 892 4980 cap.
924 4905 1017 4962 33'
1063 4911 1272 4961 Verum
1328 4906 1460 4975 quia
1514 4906 1856 4980 omnipotens
1888 4905 2028 4960 Deus

370 4995 552 5037 servos
605 4996 738 5036 suos
794 4979 934 5049 iuste
988 4981 1174 5034 visitat
1228 4991 1550 5048 quacunque
1604 4979 1720 5033 vul.’
1771 4992 2024 5045 censura,

371 5052 518 5108 hunc
545 5053 933 5124 imperatorem
959 5050 1274 5106 Michaelem
1300 5063 1458 5105 sane?
1485 5051 1684 5124 mentis
1715 5051 1788 5104 ad
1819 5059 2028 5119 tempus

370 5139 485 5178 esse
514 5123 634 5179 non
682 5125 1036 5196 permiserat,
1068 5125 1129 5196 ut
1160 5137 1263 5194 quo
1309 5137 1433 5176 eum
1485 5123 1713 5196 gravius
1758 5129 2029 5196 premeret

370 5196 430 5248 in
463 5193 762 5266 inﬁmitfeo
783 5193 1195 5250 misericordias
1218 5197 1668 5248 remuneraretur
1691 5195 1752 5248 in
1771 5195 2024 5248 summis.

370 5265 529 5331 Nam,
561 5270 624 5321 ut
650 5268 850 5336 fertur,
885 5267 1050 5338 hujus
1096 5273 1339 5338 tempore
1382 5266 1673 5336 passionis,
1711 5265 2030 5335 familiares

369 5341 543 5391 etiam
573 5341 773 5407 capitis
793 5337 1034 5410 jusserat
1073 5337 1338 5392 damnari
1354 5338 1649 5402 sententia,
1682 5353 1813 5407 quos
1842 5342 2025 5391 tamen

369 5409 444 5464 ad
473 5427 532 5464 se
561 5409 912 5466 rediens’hoc
954 5419 1116 5477 pacto
1161 5410 1496 5480 requirebat.
1528 5417 1586 5463 ut
1620 5409 1733 5462 nisi
1783 5417 1910 5479 quot
1933 5424 2028 5478 ju-

370 5480 562 5552 gulari
579 5483 825 5550 jusserat
885 5481 1266 5550 redderentur,
1297 5485 1424 5552 pari
1483 5481 1588 5551 ipsi
1633 5481 1732 5552 qui
1759 5480 1858 5535 hoc
1892 5480 2026 5549 σηε-

370 5559 560 5607 cerant
616 5553 886 5609 sententia
941 5554 1368 5609 damnarentur.
1417 5553 1527 5607 Hoc
1577 5553 1752 5622 igitur
1794 5560 2026 5622 terrore,

372 5637 506 5696 quos
535 5622 799 5679 damnari
820 5624 1086 5697 jusserat,
1131 5625 1517 5682 servabantur.
1569 5621 1647 5678 Ex
1679 5622 1774 5679 his
1803 5621 2030 5680 sontioo

2140 4611 2476 4685 nemPhiL,
2510 4616 2577 4666 ut
2616 4617 2674 4668 et
2705 4611 2990 4685 Georgius
3023 4613 3370 4680 monachus,
3405 4630 3438 4667 a
3469 4627 3585 4683 quo
3617 4609 3796 4682 patri-

2137 4685 2208 4739 cii
2238 4683 2518 4748 dignitate
2549 4685 2826 4739 donatur.

2210 4755 2349 4827 (68")
2399 4751 2672 4816 Δεδοικὼς
2703 4754 2730 4807 ὁ
2763 4751 3073 4814 Βασίλειος.
3135 4755 3291 4810 Idem
3314 4751 3738 4827 ALuitprandu‘s
3772 4767 3786 4808 :

2137 4826 2243 4900 Sed
2271 4824 2393 4881 cum
2428 4828 2752 4900 hocisaepius
2797 4831 2848 4883 et
2907 4829 3112 4882 iterum
3173 4824 3380 4882 Basilio
3413 4827 3656 4900 faceret,
3685 4824 3796 4900 hu-

2132 4899 2380 4970 jusmodi
2409 4917 2442 4953 a
2471 4899 2578 4954 sibi
2622 4897 3054 4970 'obsequentibus
3107 4900 3270 4964 (proli
3324 4898 3545 4968 nefas!)
3586 4897 3793 4970 accepit

2137 4973 2433 5027 consilium
2455 4987 2474 5024 :
2505 4974 2586 5026 Ne
2614 4969 2986 5042 forte’insana-
3009 4971 3155 5041 regis
3185 4972 3361 5042 jussio
3391 4969 3692 5042 aliquando
3724 4983 3796 5042 ea:

2139 5043 2416 5098 industria
2443 5059 2478 5096 α
2506 5047 2558 5098 te
2611 5040 2728 5098 non
2781 5040 3162 5112 diligentibus,
3187 5040 3196 5042 “
3221 5045 3330 5098 imo
3387 5041 3508 5097 odio
3539 5040 3794 5094 habenti-

2138 5117 2256 5178 bus,
2290 5115 2613 5183 impleatur,
2644 5131 2769 5170 eum
2799 5121 2864 5169 tu
2908 5115 3090 5186 potius
3119 5114 3564 5186 occidito,_atque
3619 5112 3792 5181 impe-

2137 5188 2311 5242 rialia
2355 5195 2567 5258 sceptra
2624 5184 2916 5258 suscipito.
2969 5185 3126 5254 Quod
3179 5188 3302 5241 sine
3355 5184 3791 5258 dilatione._tum

2138 5263 2351 5314 terrore
2397 5253 2734 5329 compulsus,
2769 5253 2912 5314 'tum
2969 5253 3138 5314 etiam
3193 5255 3466 5327 regnandi
3492 5253 3798 5327 cupiditate

2137 5330 2395 5398 deceptus
2424 5329 2732 5400 complevit.

2211 5395 2434 5474 (69)Ἐν
2495 5395 2612 5461 τοῖς
2695 5398 2980 5474 κατᾷμτὸν
3063 5399 3224 5474 ιΞίγιον⁸
3291 5397 3562 5474 Μάμαντα
3639 5395 3791 5474 pact:

2139 5465 2330 5534 λείοις.
2394 5475 2626 5530 Nicetes
2685 5471 2978 5544 Paphlago
3041 5490 3054 5530 :
3110 5465 3260 5544 ’Πρὸς
3310 5465 3396 5541 τῷ
3440 5465 3650 5542 τεμένεί
3695 5469 3794 5522 τοῦ

2143 5545 2412 5623 μάρτυρος
2445 5545 2740 5618 Μάμαντος
2768 5541 3172 5623 δολοέρονεῖταιζ
