4142 6410
390 284 473 345 37
1695 273 2103 338 ANNALIUM
2147 274 2296 337 LIB.
2342 274 2505 337 XVI.
3730 277 3813 340 38

384 417 465 491 μὴ
523 412 743 471 κλεῖσαι
794 412 891 476 τὰς
945 409 1111 488 θύρας
1164 410 1218 465 οἱ
1268 408 1393 485 περὶ
1446 407 1538 463 τὸν
1603 405 1884 484 βασιλικὸν
1940 408 2179 461 κοιτῶνα
2238 405 2592 485 στρεφόμενοι
2651 404 2925 467 δύναιντο.
2982 408 3113 466 Εἶτα
3170 408 3258 463 καὶ
3316 405 3444 472 τοὺς
3490 408 3810 482 συνωμότας

377 489 719 582 παραλαϐὼν
774 502 978 557 ἄπεισι.
1039 504 1154 555 Τῶν
1212 496 1269 555 δὲ
1324 496 1763 573 προκοιτούντων
1836 493 2036 571 ὀλίγων
2117 489 2288 551 ὄντων
2367 496 2455 551 καὶ
2530 495 2766 552 κωλύειν
2838 496 3291 574 ἐπιχειρούντων,
3342 492 3578 572 θόρυϐος
3655 495 3800 575 ἤρθη

374 596 463 651 καὶ
531 590 827 662 διυπνίσθη
898 591 927 646 ὁ
988 586 1262 666 βασιλεύς.
1299 584 1651 650 Εἲσελθόντος
1682 584 1739 643 δέ
1794 607 1937 648 τινος
1990 590 2095 640 τῶν
2157 585 2249 640 σὺν
2306 590 2385 658 τῷ
2431 586 2730 660 Βασιλείῳ,
2762 588 2849 643 καὶ
2908 588 2970 642 τὸ
3020 588 3173 663 ξίφος
3220 588 3453 665 ἡρκότος
3514 589 3651 644 κατὰ
3705 594 3805 645 τοῦ

377 683 639 760 Μιχαὴλ,
694 681 903 745 ἐκεῖνος
957 680 1052 742 τὰς
1102 684 1294 756 χεῖρας
1348 680 1475 754 ἦρε,
1526 678 1616 734 καὶ
1676 678 1843 754 ἄμφω
1892 675 2092 739 ταύτας
2154 678 2182 731 ὁ
2234 676 2535 756 ξιφηφόρος
2592 677 2803 749 πλήξας
2865 679 3105 754 ἀπέκοψε
3168 679 3258 735 καὶ
3318 679 3612 755 ὑπέστρεψε
3666 681 3803 755 πρὸς

380 774 513 838 τοὺς
571 771 792 834 ἄλλους.
853 772 917 828 Ὁ
974 767 1032 825 δὲ
1086 767 1320 844 Μιχαὴλ
1400 768 1476 841 μὴ
1548 772 1731 845 φυγεῖν
1801 765 1918 831 οἷός
1979 788 2039 822 τε
2096 763 2170 820 ὢν
2229 766 2588 845 ἀκροσφαλῶς
2644 766 2703 822 ἐκ
2749 772 2845 822 τοῦ
2896 765 3048 822 οἷ’νου
3107 767 3327 845 βαίνων,
3388 770 3473 823 καὶ
3533 773 3600 844 τῇ
3662 771 3797 845 μέθῃ

388 858 880 936 συμποδιζόμενος,
940 855 1116 913 ἔκειτο
1168 854 1358 920 δεινῶς
1413 854 1901 933 ἀπολοφυρόμενος
1957 856 2097 929 (70),
2157 857 2244 911 καί
2305 878 2388 919 τις
2438 854 2619 932 ἕτερος
2675 862 2785 913 τῶν
2838 859 2963 932 περὶ
3021 858 3112 913 τὸν
3162 856 3443 914 Βασίλειον
3502 857 3579 912 ἔτι
3631 862 3803 927 ζῶντα

386 958 573 1010 τοῦτον
608 950 763 1018 ἰδὼν,
795 947 1261 1020 εῗσεπήδησε,καὶ
1291 947 1427 1003 κατὰ
1470 952 1580 1003 τῶν
1634 947 1865 1024 στέρνων
1925 946 2090 1001 αὐτοῦ
2148 947 2209 1001 τὸ
2267 947 2418 1025 ξίφος
2470 946 2690 1019 ὠθήσας
2741 946 2828 1003 ἐπὶ
2875 949 2975 1018 τὴν
3027 948 3260 1026 γαστέρα
3314 946 3475 1003 τοῦτο
3534 950 3804 1026 προήνεγ-

381 1032 491 1110 κεν,
523 1043 598 1103 ὠς
629 1040 871 1095 ἐκπεσεῖν
899 1038 1068 1109 αὐτῆς
1099 1037 1188 1093 καὶ
1217 1037 1286 1092 τὰ
1313 1032 1530 1111 ἔγκατα.

450 1133 531 1189 11⁷.
562 1129 650 1204 Τῷ
709 1130 803 1203 μὲν
859 1127 950 1185 οῦν
1032 1127 1266 1204 Μιχαὴλ
1349 1126 1520 1189 οὕτως
1598 1123 1919 1181 ἐπιλέλοιπε
1968 1124 2031 1181 τὸ

2218 1128 2367 1184 167
2390 1128 2539 1185 VIII.
2563 1128 2844 1185 Michaele
2870 1128 3046 1201 digno
3062 1133 3191 1185 acta
3210 1129 3328 1185 vita
3349 1128 3524 1185 exitio
3547 1130 3803 1197 sublato,

381 1221 652 1296 βιώσιμον
703 1218 863 1293 ἀξίως
912 1221 1015 1283 τῆς
1060 1216 1226 1272 αὐτοῦ
1274 1216 1487 1292 βιοτῆς.
1518 1217 1581 1273 Ὁ
1633 1213 1690 1271 δὶ
1748 1214 2037 1278 Βασίλειος

373 1309 571 1364 αὐτίκα
643 1309 721 1370 εἰς
799 1307 868 1363 τὰ
952 1305 1203 1383 βασίλεια
1278 1304 1623 1383 παρεγένετο,
1678 1305 1768 1360 καὶ
1824 1304 2033 1361 τούτων

373 1398 666 1476 γενόμενος
722 1397 988 1474 ἐγκρατὴς
1045 1390 1257 1470 ἔπεμψέ
1310 1416 1432 1450 τινα
1475 1399 1584 1450 τῶν
1617 1399 1715 1449 τοῦ
1770 1398 2036 1457 κοιτῶνος

372 1484 637 1558 κηδεῦσαι
681 1487 774 1541 τὸν
827 1483 1089 1561 Μιχαήλ.
1130 1485 1237 1546 ’Ός
1289 1482 1545 1548 ἀπελθὼν
1608 1485 1726 1559 εὗρε
1776 1484 1868 1539 τὸν
1929 1481 2036 1538 δεί-

374 1574 534 1630 λαιον
634 1573 806 1629 ἵππου
902 1571 1272 1649 έγκεκορδυλη
1286 1572 1445 1647 μένον
1536 1573 1825 1649 σαγίσματι
1862 1617 1876 1644 ,
1943 1575 2032 1628 καὶ

374 1664 671 1740 ἀπαγαγὼν
750 1662 934 1731 αὐτὸν,
994 1663 1045 1718 ἐν
1100 1667 1170 1736 τῇ
1249 1666 1392 1737 μονῇ
1459 1669 1561 1733 τῆς
1635 1661 2034 1739 Χρυσοπόλεως

377 1750 599 1827 ἔθαψεν.
666 1753 772 1813 "Oc
832 1750 928 1807 σὺν
983 1757 1053 1827 τῇ
1116 1752 1280 1826 μητρὶ
1364 1753 1460 1824 μὲν
1522 1747 1864 1807 ἐϐασίλευσεν
1942 1747 2033 1823 ἔτη

381 1839 513 1896 δέκα
539 1841 631 1895 καὶ
660 1839 915 1916 τέσσαρα,
940 1839 994 1896 ἓν
1046 1839 1092 1895 δ’
1123 1840 1211 1896 ἐπὶ
1245 1839 1371 1895 δέκα
1423 1841 1587 1913 μόνος
1636 1840 1797 1916 ἧρξεν
1855 1839 2034 1902 αὐτός.

383 1927 527 2001 Ἤδη
562 1927 621 1984 δὲ
664 1935 766 1999 τῆς
821 1929 1103 2005 βασιλείας
1150 1927 1482 2006 δραξάμενος
1531 1931 1558 1984 ὁ
1606 1927 1911 2002 Βασίλειος,
1946 1929 2035 1986 καὶ

380 2020 533 2094 παρὰ
578 2020 795 2074 πάντων
861 2018 1209 2096 αὐτοκράτωρ
1286 2018 1631 2096 ἀναρρηθεὶς,
1678 2019 1805 2082 τοὺς
1880 2020 2032 2095 βασι-

384 2108 598 2178 λικοὺς,
657 2107 940 2185 παρόντων
1000 2113 1106 2164 τῶν
1192 2115 1292 2178 τῆς
1369 2105 1684 2184 συγκλήτου
1760 2105 2034 2184 λογάδων,

377 2197 577 2268 ἆνέωξε
661 2195 966 2273 θησαυροὺς
1020 2196 1073 2252 έν
1123 2200 1205 2262 οἷς
1281 2196 1434 2252 οὐδὲν
1497 2195 1682 2271 ἕτερον
1755 2197 1950 2275 εὕρητο
1999 2199 2033 2267 ἢ

380 2287 526 2361 μόνα
554 2285 791 2362 χρυσίου
837 2288 1161 2361 κεντηνάρια
1217 2286 1359 2362 τρία.
1421 2284 1631 2357 Βουλῆς
1692 2286 1784 2341 οὖν
1843 2307 2037 2363 προτε-

381 2374 573 2446 θείσης
626 2375 896 2451 ἐψήφιστο
980 2376 1128 2451 παρὰ
1190 2375 1406 2431 πάντων
1486 2375 1614 2438 τοὺς
1672 2375 1723 2447 ἐξ
1782 2373 2040 2450 οὐδεμιᾶς

380 2467 653 2541 χρήματα
685 2458 951 2526 λαϐόντας
984 2461 1210 2537 εὐλόγου
1242 2459 1441 2534 λαϐῆς,
1472 2462 1806 2520 ἀναιδιδόναι
1846 2469 2034 2535 ταῦτα,

380 2552 583 2627 ἢτόγε
641 2550 710 2622 δὴ
773 2553 1159 2629 μετριώτερον,
1199 2554 1265 2608 τὰ
1319 2552 1520 2627 ἡμίση.
1572 2554 1669 2609 Καὶ
1726 2553 2043 2619 ἀκολούθως

385 2647 457 2717 τῇ
485 2644 654 2720 ψήφῳ
683 2642 752 2697 τὰ
807 2642 985 2715 ἡμίση
1040 2641 1352 2718 ἐπράττετο,
1384 2643 1475 2698 καὶ
1527 2644 1592 2698 ού
1648 2644 1782 2718 μείω
1830 2664 2046 2720 τριακο-

391 2731 521 2787 σίων
554 2731 795 2796 έντεῦθεν
846 2730 1211 2808 κεντηναρίων
1256 2733 1318 2787 τὸ
1364 2738 1589 2805 ταμεῖον
1636 2733 1698 2787 τὸ
1761 2732 2042 2810 βασιλικὸν

395 2819 731 2878 εἷσωδίασεν.
801 2819 897 2883 Εἲς
966 2819 1025 2875 δὲ
1097 2822 1196 2891 τὴν
1281 2821 1537 2899 Μεγάλην
1628 2820 1918 2893 ἐκκλησίαν
1990 2820 2042 2876 ἐν

402 2910 563 2985 ἑορτῇ
616 2909 869 2974 ἀπελθὼν
930 2910 960 2965 ὁ
1017 2910 1326 2982 Βασίλειος,
1384 2913 1474 2966 καὶ
1533 2918 1635 2981 τῆς
1712 2911 2044 2985 ἀναιμάκτου

408 2999 589 3061 θυσίας
662 3004 955 3076 μετασχεῖν
1033 2998 1349 3074 βουληθεὶς,
1409 2998 1661 3071 ἐκωλύθη
1740 3002 1887 3076 παρὰ
1948 3004 2045 3055 τοῦ

397 3088 735 3165 πατριάρχου
840 3089 1061 3144 Φωτίου
1096 3132 1109 3157 ,
1197 3086 1527 3165 ἀνδροφόνον
1632 3088 2045 3152 ἀποκαλοῦντος

391 3177 578 3236 αὐτόν.
613 3176 922 3254 Ὀργισθεὶς
947 3176 1038 3233 οὖν
1072 3176 1162 3233 διὰ
1202 3182 1367 3235 τοῦτο
1418 3175 1646 3233 σύνοδον
1699 3182 2040 3253 συνήθροισε,

388 3267 482 3321 καὶ
534 3265 627 3321 τὸν
689 3266 906 3321 Φώτιον
963 3273 1064 3337 τῆς
1126 3266 1445 3337 Ἐκκλησίας
1504 3265 1767 3338 ἐξώθησεν
1802 3269 1939 3340 (7t),
1970 3267 2043 3328 ὡς

384 3358 535 3433 τάχα
627 3358 963 3430 παρανόμως
1055 3361 1152 3412 τοῦ
1223 3357 1487 3433 Ἰγνατίου
1577 3359 2041 3422 καταπασθέντος

379 3450 485 3500 τοῦ
534 3445 730 3520 θρόνου
776 3450 874 3500 τοῦ
920 3445 1309 3522 ἀρχιερατικοῦ
1356 3448 1501 3523 παρὰ
1551 3445 1734 3523 Βάρδα
1778 3452 1876 3503 τοῦ
1908 3447 2044 3501 Καί-

383 3553 578 3608 σαρος,
639 3534 728 3588 καὶ
779 3533 946 3589 αὐτοῦ
1023 3535 1099 3608 μὴ
1172 3540 1492 3605 κανονικῶς,
1553 3536 1755 3592 ἐκείνου
1817 3540 2039 3606 ζῶντος.

383 3627 490 3679 τοῦ
554 3623 736 3678 θώκου
807 3627 907 3678 τοῦ
976 3624 1123 3679 θείου
1198 3619 1673 3694 ἐπιϐατεύσαντος,
1720 3622 2040 3702 Ηάτροκλον

386 3716 556 3766 τοῦτο
608 3712 879 3789 πρόφασιν
930 3706 1408 3786 προϐαλλόμενος.
1440 3714 1656 3789 ’Δνάγει
1697 3718 1828 3790 γοῦν
1874 3711 2039 3769 πάλιν

388 3798 471 3863 εἷς
540 3801 640 3869 τήν
710 3806 811 3869 τῆς
890 3800 1305 3877 ἀρχιερωσύνης
1376 3804 1661 3877 περιωπήν
1735 3804 1826 3858 τὸν
1897 3807 2039 3867 θεῖον

2148 1217 2401 1275 Basilius
2433 1219 2592 1291 regia
2620 1219 2822 1274 statim
2856 1223 3159 1291 occupata,
3195 1221 3511 1290 quemdam
3534 1236 3601 1274 ex
3644 1220 3806 1275 cubi-

2148 1307 2388 1364 culariis
2426 1307 2613 1378 misit,
2649 1307 2747 1380 qui
2781 1308 2960 1364 funus
3011 1307 3094 1363 illi
3140 1308 3372 1364 faceret.
3425 1309 3481 1363 Is
3521 1309 3803 1365 miserum

2148 1396 2363 1469 equino
2394 1413 2533 1470 sago
2566 1397 2924 1468 involutum,
2952 1398 3010 1452 in
3062 1397 3418 1454 monasterio
3440 1397 3804 1470 Chrysopoli-

2146 1489 2284 1543 tano
2315 1486 2566 1559 sepeliit.
2602 1488 2883 1559 Regnavit
2941 1504 3072 1542 cum
3108 1492 3294 1543 matre
3343 1504 3527 1543 annos
3556 1504 3672 1555 xxv,
3707 1505 3803 1544 s0-

2147 1574 2241 1630 lus
2271 1593 2347 1631 xx.
2385 1575 2637 1631 Basilius
2660 1577 2907 1646 imperio
2944 1576 3262 1647 ﬁrmato,et
3281 1577 3407 1648 jam
3431 1576 3501 1632 ab
3524 1577 3802 1634 omnibus

2146 1663 2468 1737 imperator
2490 1663 3049 1732 salutatus,senatus
3080 1665 3450 1737 principibus
3481 1666 3802 1734 advocatis,

2147 1753 2557 1826 imperatorios
2612 1755 2922 1810 thesauros
2971 1755 3222 1827 aperuit,
3266 1754 3326 1810 in
3384 1754 3599 1827 quibus
3651 1755 3802 1810 nihil

2146 1847 2356 1916 praeter
2385 1843 2510 1899 auri
2543 1847 2661 1900 tres
2708 1844 3076 1901 centenarios
3108 1849 3197 1900 est
3237 1851 3553 1916 repertum.
3588 1849 3667 1900 Re
3700 1844 3805 1900 de-

2146 1931 2415 1999 liberata,
2448 1933 2954 1989 consentientibus
3012 1934 3311 2006 suffragiis
3341 1937 3430 1990 est
3475 1934 3804 2005 decretum,

2150 2027 2216 2076 ut
2245 2021 2345 2093 qui
2376 2021 2537 2077 nulla
2573 2022 2858 2092 probabili
2886 2023 2956 2078 de
2989 2039 3169 2078 causa
3200 2023 3511 2094 pecuniam
3543 2022 3802 2095 accepis-

2150 2116 2302 2176 sent,
2333 2126 2483 2181 eam,
2517 2114 2619 2166 aut
2649 2111 2856 2165 saltem
2888 2113 3016 2181 ejus
3045 2112 3377 2181 semissem,
3411 2112 3799 2167 restituerent.

2148 2200 2293 2254 Cum
2323 2200 2504 2270 igitur
2551 2215 2619 2254 ex
2676 2200 2904 2256 decreto
2963 2200 3231 2257 semissis
3291 2201 3642 2273 exigeretur,
3682 2217 3801 2256 non

2150 2287 2347 2344 minus
2371 2305 2471 2344 ccc
2492 2289 2845 2345 centenariis
2863 2290 2921 2344 in
2940 2290 3147 2345 ﬁscum
3170 2296 3257 2345 est
3274 2288 3803 2345 relatum.Basilius

2148 2377 2241 2432 die
2265 2378 2408 2433 festo
2433 2378 2700 2449 Magnam
2724 2378 3042 2435 Ecclesiam
3066 2378 3465 2451 ingressus,ut
3484 2379 3798 2434 incruentas

2149 2466 2399 2523 victima:
2446 2457 2738 2540 particeps
2769 2472 2947 2532 esset,
3008 2486 3041 2524 a
3084 2467 3289 2523 Photio
3348 2468 3681 2540 patriarcha
3712 2472 3806 2523 est

2154 2555 2509 2627 prohibitus,
2541 2573 2675 2612 eum
2710 2557 3068 2613 homicidam
3109 2556 3439 2630 appellante
3470 2574 3482 2612 :
3518 2558 3590 2612 ob
3623 2573 3802 2629 quam

2154 2644 2452 2717 repulsam
2486 2646 2691 2713 iratus,
2721 2648 2937 2702 indicto
2970 2646 3517 2711 concilio,Photium
3552 2646 3806 2703 Ecclesia

2154 2735 2575 2805 expulit,quasi
2607 2740 2850 2791 sanctus
2867 2734 3127 2807 Ignatius
3150 2740 3351 2790 contra
3374 2727 3529 2807 leges
3552 2753 3585 2790 a
3614 2736 3804 2790 Barda

2155 2822 2377 2879 Caesare
2407 2824 2545 2879 sede
2592 2824 2891 2895 pontiﬁcis
2933 2824 3193 2895 dejectus
3245 2828 3416 2891 esset,
3451 2828 3507 2880 et
3538 2822 3653 2889 ille,
3684 2840 3800 2879 non

2155 2913 2263 2966 rite
2320 2911 2581 2967 divinum
2635 2913 2916 2968 thronum
2976 2929 3043 2968 eo
3090 2913 3404 2984 superstite
3435 2917 3801 2984 occupasset,

2155 3016 2340 3072 eoque
2371 3005 2647 3072 praetextu
2678 3003 2897 3057 abusus
2927 3010 3197 3057 sanctum
3232 3001 3524 3074 Ignatium
3561 3002 3618 3056 in
3651 3018 3801 3073 pon-

2155 3088 2413 3145 tificatus
2443 3090 2668 3161 apicem
2719 3089 2999 3145 restituit.
3052 3090 3269 3147 Basilio
3325 3106 3526 3147 recens
3556 3092 3805 3161 sceptris

2155 3178 2362 3250 potito,
2391 3179 2629 3250 quidam
2664 3195 2731 3233 ex
2759 3178 3016 3247 patriciis
3049 3195 3111 3234 se
3141 3194 3484 3251 opposuere,
3519 3180 3804 3251 Georgius

2153 3272 2211 3323 et
2240 3268 2573 3337 Sabbatius,
2602 3267 2702 3339 qui
2749 3267 3096 3339 deprehensi
3131 3273 3186 3323 et
3233 3269 3409 3340 capti,
3443 3285 3640 3339 pcenas
3672 3285 3800 3324 cor-

2152 3356 2394 3428 poribus
2428 3357 2735 3412 dederunt.
2769 3355 2947 3411 Filios
2995 3361 3115 3411 tres
3156 3358 3627 3428 Constantinum,
3660 3357 3801 3412 Leo-

2151 3460 2288 3500 nem
2313 3449 2370 3500 et
2397 3445 2786 3501 Alexandrum
2837 3444 3245 3516 augustalibus
3293 3445 3523 3501 coronis
3550 3446 3799 3503 ornavit.

2153 3536 2437 3599 Quartum
2486 3540 2740 3606 natuque
2784 3534 3096 3590 minimum
3127 3534 3489 3607 Stephanum
3547 3535 3800 3607 patriar—

2151 3622 2319 3679 cham
2354 3640 2551 3679 creare
2603 3624 2823 3691 volens,
2860 3624 2915 3678 in
2978 3640 3288 3679 numerum
3348 3623 3487 3679 cleri
3531 3624 3799 3681 Ecclesia;

2154 3712 2373 3769 retulit.
2408 3713 2578 3770 Filias
2608 3719 2858 3785 quatuor
2887 3713 2946 3768 in
2997 3713 3155 3785 regio
3191 3714 3542 3769 monasterio
3573 3714 3798 3770 Sanctae

2154 3801 2485 3875 Euphemiae
2517 3802 2841 3859 collocavit.
2873 3803 3030 3859 Bello
3064 3809 3264 3857 contra
3310 3803 3613 3858 Cretenses
3645 3812 3803 3877 Aga-

386 3889 667 3965 Ἰγνάτιον.
728 3891 890 3964 Ἀρτι
1055 3872 1186 3945 ’τῶν
1261 3872 1551 3966 σκήπτρων
1621 3872 2035 3966 ἐπειλημμένοι]

2156 3908 2327 3947 rencs
2386 3896 2682 3965 suscepto,
2741 3892 2932 3948 victus
2990 3898 3099 3959 est,
3151 3891 3472 3964 multisque
3525 3893 3710 3959 caesis,
3745 3896 3802 3950 et

382 3977 575 4049 αὐτοῦ,
648 3978 990 4054 ἀνταίρουσιν
1077 3977 1223 4051 αύτῷ
1306 3986 1466 4057 χεῖρα
1549 3985 1656 4037 τῶν
1736 3982 2038 4056 πατρικίων

376 4067 529 4129 τινὲς
606 4068 875 4144 Γεώργιος
967 4067 1055 4123 καὶ
1153 4063 1505 4139 Σαϐϐάτιος,
1585 4072 1636 4125 οἳ
1710 4073 2040 4146 γνωσθέντες

381 4153 683 4233 ληφθέντες
737 4178 818 4228 τε,
850 4161 968 4219 ταῖς
1024 4156 1098 4219 εἷς
1156 4161 1313 4231 σῶμα
1368 4164 1584 4222 ποιναῖς
1643 4159 2036 4232 ἐκολάσθησαν.

389 4245 615 4319 Ἕστεψε
664 4241 722 4300 δὲ
774 4240 1021 4321 βασιλεῖς
1069 4251 1468 4302 Κωνσταντῖνον
1523 4249 1610 4303 καὶ
1658 4249 1861 4304 Λέοντα
1908 4250 2035 4313 τοὺς

388 4332 535 4396 υἱοὺς
582 4334 773 4403 αὐτοῦ,
804 4333 1091 4408 μετέπειτα
1139 4331 1197 4390 δὲ
1252 4336 1341 4390 καὶ
1396 4336 1487 4392 τὸν
1550 4337 1733 4412 τρίτον
1785 4336 2035 4409 Ἀλέξαν-

382 4417 534 4497 δρον.
585 4424 692 4481 Τὸν
744 4421 803 4479 δὲ
848 4425 1100 4500 τέταρτον
1152 4424 1446 4503 Στέφανον,
1503 4427 1849 4503 πατριάρχην
1903 4428 2035 4504 βου-

378 4508 622 4584 λόμενος
699 4511 1175 4589 προχειρίσασθαι,
1226 4514 1493 4570 νεώτατον
1570 4510 1695 4570 ὄντα
1760 4516 1903 4587 τότε,
1957 4521 2035 4589 τῷ

372 4599 576 4677 κλήρῳ
629 4604 729 4671 τῆς
786 4606 885 4657 τοῦ
942 4606 1077 4658 Θεοῦ
1137 4601 1464 4675 Ἐκκλησίας
1531 4612 1871 4682 καταριθμεῖ.
1924 4607 2035 4670 Τὰς

371 4686 434 4744 δὲ
494 4690 785 4766 θυγατέρας
843 4690 1008 4747 αὐτοῦ
1072 4693 1328 4769 τέσσαρας
1406 4689 1569 4757 οὔσας
1630 4693 1701 4769 τῇ
1772 4692 2030 4770 βασιλικῇ

371 4781 521 4853 μονῇ
560 4785 659 4850 τῆς
707 4780 862 4858 ἁγίας
918 4780 1206 4859 Εὖφημίας
1276 4782 1549 4854 κατέταξε.
1610 4784 1756 4839 Κατᾶ
1812 4782 1869 4838 δὶ
1921 4788 2028 4839 τῶν

363 4867 422 4923 ἐν
490 4871 562 4943 τῇ
634 4870 819 4945 Κρήτῃ
896 4870 1208 4945 Ἀγαρηνῶν
1284 4869 1712 4948 ἐκστρατεύσας,
1789 4875 2026 4949 ἡττήθη,

2149 3980 2275 4053 ipse
2323 3989 2529 4053 captus
2573 3985 2747 4052 esset,
2779 3973 2894 4037 nisi
2924 3980 3395 4054 Theophylactus
3430 3982 3801 4051 Abastactus,

2149 4070 2396 4125 Romani
2430 4071 2738 4143 Lacapeni,
2773 4071 2875 4143 qui
2907 4075 3039 4144 post
3085 4070 3412 4144 imperavit,
3446 4076 3630 4143 pater,
3663 4088 3800 4127 eum

2148 4159 2479 4230 eripuisset.
2516 4162 2577 4215 In
2637 4177 2909 4231 magnam
2960 4160 3165 4215 urbem
3224 4176 3513 4227 reversus,
3565 4160 3799 4216 afﬁnem

2148 4265 2318 4304 suum
2348 4247 2832 4321 Christophorum
2864 4248 2920 4304 in
2972 4249 3201 4304 Cretam
3253 4254 3454 4303 contra
3502 4252 3798 4321 Agarenos

2148 4339 2330 4404 misit,
2365 4339 2460 4411 qui
2496 4356 2627 4395 cum
2662 4356 2760 4395 eos
2791 4338 2913 4395 acie
2942 4338 3579 4406 vioisset,barbaricam
3615 4340 3797 4394 auda-

2146 4428 2294 4483 ciam
2328 4428 2497 4502 fregit
2550 4430 2709 4485 Idcm
2737 4427 2984 4485 Basilius
3015 4429 3192 4484 etiam
3245 4432 3444 4483 contra
3473 4428 3798 4485 Orientales

2145 4522 2444 4591 Agarenos
2474 4523 2531 4574 et
2589 4518 2963 4586 Manichaeos,
3019 4519 3118 4591 qui
3177 4518 3410 4573 cuidam
3455 4517 3796 4587 Chysochiri

2143 4608 2446 4680 parebant,
2493 4614 2582 4664 est
2637 4609 2954 4681 profectus,
3015 4612 3071 4663 et
3122 4607 3378 4663 castellis
3436 4607 3793 4677 quibusdam

2142 4698 2349 4771 captis,
2410 4702 2650 4770 actaque
2711 4699 2923 4771 praeda,
2969 4697 3147 4755 etiam
3204 4696 3552 4768 Tephricam
3588 4712 3792 4752 eorum

2143 4787 2511 4860 metropolim
2542 4788 2810 4844 obsidere
2842 4787 3066 4859 statuit,
3101 4788 3201 4843 sed
3251 4804 3383 4842 cum
3418 4802 3545 4842 eam
3578 4789 3634 4842 et
3665 4786 3791 4842 lon-

2139 4892 2273 4949 gam
2306 4876 2675 4933 obsidionem
2725 4876 3040 4950 postulare,
3075 4882 3130 4933 et
3177 4874 3396 4965 alioqui
3456 4878 3792 4948 expugnata

1633 5045 1837 5110 Variae
1887 5045 2185 5109 lectiones
2234 5052 2297 5109 et
2339 5054 2526 5110 notae.

608 5190 1152 5278 ξΑπρλοφυρόμενος.
1220 5195 1572 5278 ςτεεοτίυελ
1614 5195 1673 5251 in
1700 5267 1712 5278 ‘
1745 5197 1879 5278 Vita
1962 5199 2021 5278 S‘.

358 5262 983 5345 BaSiliigunnior-is,'n.
1012 5268 1174 5345 2,._de
1223 5262 1578 5345 Basilio‘r'o
1625 5267 1715 5345 xui
1772 5269 1861 5345 τρν
1916 5268 2024 5345 προ

360 5333 537 5389 αὐτοῦ
588 5329 1714 5412 βεϐασιλευκότα’Μιχαὴλ-ἀνελὼνυκαὶ
1765 5339 1907 5412 οὕτω
1960 5329 2026 5396 τὰ

354 5398 615 5486 σκῆπτρμα
662 5409 977 5486 κατασχὼν,
1011 5409 1070 5486 ’ὸν
1237 5398 1327 5462 καὶ
1377 5398 1746 5486 ψυχορραγῶν
1790 5408 2020 5486 ἔϐλεπεν

354 5426 615 5481 σκηπτρα
662 5426 977 5483 κατασχὼν,
1013 5430 1070 5464 ον
1122 5426 1188 5476 οη
1237 5429 1327 5462 και
1377 5426 1746 5537 ψιῖχορραγων
1797 5426 2020 5467 solm-cev

350 5476 706 5555 ἐγκαλοῦντα
745 5482 926 5555 τούτῳ
968 5479 1374 5555 καξῄλέγοντα·
1477 5552 1501 5555 __
1534 5501 1617 5535 σοι
1677 5483 1928 5554 ἐποίησα,
1978 5483 2023 5538 ὦ

348 5548 635 5631 Βάσίλειε,
673 5551 710 5621 ἢ
755 5552 810 5608 τί
859 5548 944 5631 σοι
972 5548 1250 5631 ,ᾐδίκησοη
1302 5551 1412 5631 ὅτι.
1440 5552 1622 5631 οὕτως
1659 5548 2023 5631 ἀνηλεῶςξ-με

346 5620 747 5695 κατέκτεινας;
798 5622 889 5680 καὶ
938 5620 1110 5689 οὕτως
1146 5620 1494 5699 ’ἐξαγορεύων
1543 5624 1691 5681 τέλει
1736 5620 1832 5683 τοῦ
1899 5620 2022 5705 βίου

2134 5197 2271 5274 ἔχρη
2283 5219 2433 5254 σατο.

2208 5265 2322 5400 (79
2354 5272 2483 5354 Καὶ.
2532 5272 2626 5326 τὸν
2701 5272 2919 5357 Φώτιον
2987 5273 3091 5355 τῆς.
3163 5269 3491 5354 Ἐκκλησίας
3583 5265 3789 5356 έξώθητ

2208 5364 2242 5399 ρ.
2331 5349 2351 5399 ι
2397 5348 2605 5400 exinde
2657 5363 2909 5400 pessime
2959 5344 3200 5400 habitus
3257 5344 3449 5400 fuerit.
3484 5346 3542 5399 et
3571 5357 3789 5397 carceri

2135 5342 2242 5399 cev.
2277 5342 2351 5418 Ut
2397 5344 2605 5402 exinde
2657 5346 2909 5418 pessime
2959 5344 3200 5418 habitus
3257 5344 3449 5418 fuerit,
3484 5346 3542 5399 et
3571 5342 3789 5418 carceri

2136 5417 2529 5489 mancipatus,
2565 5414 2867 5489 denegatis
2903 5417 3120 5487 quibus
3158 5417 3681 5489 interim_vacaret,'
3711 5414 3789 5489 li-_-

2134 5487 2280 5556 bris,
2330 5486 2597 5558 pluribus
2647 5486 2773 5559 ipse
2822 5486 3065 5544 PhOtius
3115 5493 3351 5544 enarrat
3401 5487 3457 5541 in
3510 5486 3681 5557 epist.
3715 5487 3789 5559 ad

2136 5560 2413 5615 Basilium
2445 5562 2588 5632 imp.
2610 5562 2700 5628 97,
2735 5567 2791 5615 et
2818 5562 2879 5615 in
2913 5560 3093 5617 altera
3122 5562 3195 5616 ad
3225 5566 3479 5617 Baanem
3509 5558 3787 5631 praeposi-

2132 5635 2260 5687 tum
2286 5637 2344 5688 et
2375 5632 2689 5706 patricium
2722 5633 2848 5688 144-
3415 5657 3419 5666 ι
