4142 6380
843 49 852 56 ρ
873 21 906 52 tu
931 25 982 58 fy“.
996 19 1072 59 ...τί
1123 23 1128 28 .
1153 21 1180 36 ..λ

151 57 156 64 ’
200 86 201 89 “
237 73 242 88 II
262 94 277 107 ἰ
300 100 301 103 η
331 95 340 100 -
381 87 410 104 1-
495 71 500 76 ι
515 63 528 88 ἑ
581 79 688 120 ἑβηιί
719 75 764 100 ,θ’
1020 48 1233 107 Ῐε-νιίλῆῖί

272 108 277 113 ⁴
400 120 401 123 η
435 113 440 116 -
541 119 546 122 .
613 115 624 120 ι.
681 109 692 116 ε
709 109 752 118 ην
819 121 822 124 ,
1002 110 1061 123 ηγιςι
1078 122 1085 125 Δ
1198 110 1201 115 λ
1226 108 1231 113 '

378 118 397 129 Δι
948 126 971 175 ἧς
998 130 1011 157 ν,
1028 124 1069 165 τμε
1100 126 1123 167 Ἀρ.
1134 130 1147 143 ρ
1176 122 1193 127 -

550 178 555 181 -
702 170 823 215 52:11:;
856 180 899 205 Β-
1050 186 1055 191 γ
1088 188 1093 191 ,

256 4252 265 4259 ·
352 4232 519 4311 ξίφεσι
569 4231 944 4306 κατετέτμητο
981 4274 993 4289 .

351 351 437 412 49

345 473 417 541 Ὀ
455 479 536 556 δὶ,
591 483 886 559 περίεργος
944 478 1041 552 ὣν,
1076 478 1229 555 δόλῳ
1275 480 1367 536 τὸν
1411 479 1555 558 ῥῆγα
1588 479 1930 555 μετέρχεται.
1963 480 2016 533 Ὃ

2134 480 2380 538 admissi
2412 481 2692 540 facinoris
2723 482 2952 540 veniam
2984 498 3019 540 a
3047 496 3178 555 rege
3208 479 3449 555 precati,
3489 479 3794 553 suppetias

359 574 456 648 μὲν
513 571 619 648 γὰρ
833 573 933 642 τήν
992 591 1053 626 τε
1101 569 1328 642 Καπύην
1394 569 1485 625 καὶ
1541 570 1643 639 τήν
1697 564 2017 625 Βενεϐενὸὸν

354 662 455 725 τὰς
512 659 704 723 πόλεις
754 661 873 716 νέον
921 660 1264 735 κτησάμενος
1314 655 1570 716 ἐδεδοίκει
1640 659 1762 734 περὶ
1823 657 2017 729 αὐτῶν,

367 753 447 826 μή
524 771 653 806 ποτε
726 756 829 822 τῆς
898 749 1209 825 ἐλευθερίας
1282 750 1739 820 ἀντιποιήσωνται
1774 791 1787 803 .
1842 748 1903 806 Ὁ
1962 745 2020 802 δὲ

366 834 648 917 Βάρϐαρος
697 839 902 902 ἐκεῖνος
956 840 1105 894 τοῦτ’
1156 839 1405 916 ἐγνωκὼς
1456 838 1704 914 πρόσεισι
1750 841 1830 910 τῷ
1862 836 2016 914 ῥηγὶ,

367 928 459 984 καί
496 949 679 1007 φησιν·
735 928 800 986 Εἰ
853 925 1046 1005 βούλει
1093 927 1179 983 σοὶ
1226 928 1329 999 τὴν
1378 932 1487 983 τῶν
1535 927 1751 984 πόλεων
1810 926 2017 995 τούτων

363 1017 543 1094 ἀρχὴν
633 1012 852 1093 βεϐαίαν
933 1021 1218 1091 προσεῖναι
1280 1062 1296 1087 ,
1382 1016 1516 1080 τοὺς
1600 1014 2015 1092 λογιμωτὲρους

356 1112 468 1163 τῶν
527 1105 579 1162 ἐν
638 1106 826 1170 αύταῖς
910 1106 1112 1182 μέταγε
1186 1103 1443 1183 ἀλλαχοῦ
1475 1150 1490 1178 ,
1544 1105 1634 1162 καὶ
1711 1105 1889 1161 ούκὲτι
1953 1106 2018 1161 τὸ

358 1194 581 1267 πλῆθος
630 1196 751 1251 καθ’
811 1194 968 1251 ἑαυτὸ
1025 1196 1271 1272 γεγονὸς,
1340 1194 1494 1251 οὐδὲν
1568 1197 1828 1273 φρονήσει
1883 1195 2019 1249 νεώ-

354 1306 539 1358 τερον.
574 1284 938 1341 Συνοίσουσαν
996 1285 1087 1340 οὖν
1147 1286 1248 1356 τὴν
1299 1279 1620 1359 συμϐουλὴν
1681 1285 1708 1340 6
1898 1284 2019 1356 οἰη-

357 1379 493 1449 θεῖς,
524 1368 675 1440 ἔθετο
703 1379 786 1448 τῷ
840 1379 1049 1447 σκοπῷ,
1108 1374 1200 1429 καὶ
1251 1375 1583 1452 ἀσυμφανῶς
1631 1370 1802 1447 δεσμὰ
1849 1371 2019 1449 ἐχαλ-

358 1465 617 1524 κεύοντυ.
663 1466 802 1522 Εἶτα
846 1464 937 1519 καὶ
983 1469 1101 1526 τοῖς
1152 1461 1369 1538 ἐξόχοις
1409 1467 1517 1519 τῶν
1567 1460 1619 1517 ἐν
1644 1468 1766 1526 ταῖς
1794 1458 2018 1519 πόλεσιν

358 1552 566 1627 ὡμίλει
597 1554 626 1608 6
656 1552 901 1629 πονηρὸς
934 1550 1140 1616 ἐκεῖνος
1186 1552 1345 1626 ἀνὴρ,
1371 1551 1461 1607 καὶ
1496 1551 1677 1630 ὥσπερ
1726 1551 2019 1631 φιλικώτε-

356 1663 454 1719 ρον
486 1640 874 1720 προπφέρετο,
922 1641 1015 1697 καὶ
1065 1640 1117 1696 ἐν
1171 1640 1511 1719 ἀπορρήτοις
1545 1640 1688 1717 λέγει
1729 1642 1912 1705 αὐτοῖς
1943 1642 2018 1705 ὡς

357 1735 387 1790 6
559 1730 816 1807 βούλεται
845 1729 974 1794 τοὺς
1006 1730 1468 1806 ἀξιολογωτέρους
1497 1735 1605 1787 τῶν
1632 1731 1877 1788 πολιτῶν
1916 1732 2018 1786 ὑπὸ

359 1816 589 1895 δεσμοῖς
617 1821 991 1893 ποιησάμενος
1044 1819 1122 1884 sic
1166 1819 1266 1888 τὴν
1318 1820 1510 1876 ἑαυτοῦ
1559 1821 1748 1896 χώραν
1785 1841 2018 1896 μεταγα-

355 1916 491 1987 γεῖν,
524 1909 616 1965 καὶ
646 1910 852 1978 πίστις,
879 1903 1004 1987 ἔφη,
1026 1912 1136 1964 τῶν
1169 1904 1351 1986 λόγων
1380 1908 1444 1964 τὸ
1472 1908 1568 1974 τὰς
1596 1906 1851 1987 σιδηρέας
1881 1908 2020 1965 ἀλύ-

359 2021 475 2062 σεις
515 1997 809 2076 χαλκεύειν
831 1998 924 2053 καὶ
954 1994 1308 2074 χειροπέδας,
1338 1997 1427 2053 καὶ
1460 1995 1606 2054 ἄλλα
1637 1994 1827 2073 δεσμά.
1849 2004 2019 2055 Τοῦτο

356 2087 542 2145 τοίνυν
571 2085 765 2144 ἐκεῖνοι
794 2085 994 2159 ἀληθὲς
1025 2086 1336 2162 εὑρηκότες,
1370 2086 1576 2142 εὐνοεῖν
1634 2086 1821 2151 αὐτοῖς
1859 2087 2016 2143 αὐτὸν

361 2174 729 2253 ὑπειλήφασι,
777 2178 868 2232 καὶ
917 2174 1185 2248 ἐξελθόντι
1233 2177 1371 2254 πρὸς
1416 2177 1740 2253 κυνηγέσιον
1780 2181 1858 2250 τῷ
1889 2176 2020 2254 ρηγὶ

352 2268 454 2330 τάς
484 2264 666 2329 πύλας
701 2269 813 2321 τῶν
841 2263 1058 2321 πόλεων
1092 2263 1452 2340 ἐπεζύγωσαν,
1482 2264 1573 2320 καὶ
1604 2265 1784 2321 οὐκετι
1829 2270 2023 2321 τοῦτον

354 2355 510 2419 ἐντὸς
567 2352 916 2426 εῗπδέξαντο.
977 2353 1077 2410 Καὶ
1134 2355 1162 2410 ὁ
1221 2356 1315 2430 μὲν
1363 2353 1577 2425 ἀπῆλθε
1622 2355 1761 2429 πρὸς
1812 2354 2017 2410 ὲαυτόνυ

358 2446 389 2501 6
420 2442 482 2500 δὲ
535 2441 834 2507 σουλδάνος
891 2443 1037 2520 παρὰ
1089 2448 1200 2499 τῶν
1248 2440 1492 2500 πολιτῶν
1537 2442 1751 2499 ἐκείνων
1808 2445 2020 2519 ἀντιμι-

355 2533 514 2590 σθίαν
563 2532 757 2611 εὕρατο
803 2532 905 2602 τήν
958 2530 1290 2608 ἐλευθερίαν.
1344 2532 1624 2598 Ἀπελθὼν
1680 2531 1772 2589 οὖν
1802 2534 1889 2589 καὶ
1921 2535 2021 2603 τὴν

358 2624 629 2701 προτέραν
679 2621 859 2699 ἀρχὴν
909 2618 1065 2685 αὖθις
1109 2621 1589 2696 κατακτησάμενος
1621 2666 1635 2693 ,
1682 2622 2019 2700 ἐκστρατεύει

357 2715 500 2770 κατᾶ
552 2716 664 2768 τῶν
722 2712 1027 2787 εἰρημένων
1087 2710 1306 2768 πόλεων
1376 2714 1477 2782 τῆς
1533 2732 1593 2767 τε
1651 2711 1874 2783 Καπύης
1927 2712 2021 2768 καὶ

357 2810 461 2874 τῆς
510 2795 856 2859 Βενεϐενδοῦ.
917 2801 981 2856 Οἱ
1041 2798 1118 2870 δὲ,
1177 2803 1246 2876 τῇ
1298 2798 1598 2875 πολιορκίᾳ
1651 2800 2017 2875 πιεζόμενοι,

372 2891 653 2947 στὲλλουσι
719 2892 859 2968 πρὸς
915 2891 1008 2946 τὸν
1067 2891 1253 2966 Ῥῆγα,
1310 2890 1765 2966 συγγνωμονῆσαι
1821 2911 2017 2969 σφισι,

372 2980 464 3036 καὶ
494 2987 852 3057 συμμαχῆσαι
883 2980 1099 3057 Θερμῶς
1152 2978 1545 3053 ἐξαιτούμενοι.
1585 2979 1674 3036 Ὠς
1721 2976 1766 3034 δ’
1816 2976 2017 3042 ἐκεῖνος

368 3070 470 3140 τήν
513 3065 796 3146 πρεσϐείαν
854 3070 920 3124 ού
958 3067 1314 3147 προσήκατο,
1363 3066 1669 3145 ἐπιχαίρειν
1729 3068 1895 3124 εἰπὼν
1949 3070 2020 3138 τῆ

363 3158 613 3231 ἀπωλείᾳ
643 3160 848 3230 αὐτῶν,
879 3158 1017 3236 πρὸς
1070 3158 1164 3215 τὸν
1226 3155 1453 3236 βασιλέα
1511 3156 1792 3215 Βασίλειον
1835 3156 2016 3234 ἒτὲραν

357 3243 647 3326 πρεσϐείαν
701 3246 1020 3322 ἐστάλκασι,
1082 3245 1519 3323 παρακαλῶντες
1577 3246 1840 3325 ἐπαρῆξαι
1892 3245 1957 3302 αὖ
1988 3278 2021 3294 ο

1668 346 2078 410 ANNALIUM
2122 347 2271 410 LIB.
2318 348 2480 411 XVI.

3708 348 3790 412 80

2130 570 2244 628 sibi
2275 571 2413 628 ferri
2443 573 2611 630 enixe
2652 577 2879 647 petunt.
2911 573 3021 629 Sed
3054 577 3120 628 ut
3149 571 3267 638 ille,
3301 570 3611 644 repudiata
3633 569 3792 644 lega-

2130 659 2311 729 tione,
2349 677 2412 717 se
2461 661 2701 718 interitu
2745 661 2984 718 illorum
3030 660 3212 718 laetari
3266 659 3460 723 dixit;
3491 659 3564 715 ad
3602 659 3792 731 impe-

2129 753 2381 806 ratorem
2438 751 2721 808 Basilium
2776 752 2889 808 alia
2954 750 3247 823 legatione
3304 748 3508 816 missa,
3560 752 3624 805 ut
3675 746 3790 804 sibi

2128 839 2600 911 periclitantibus
2632 840 2990 909 subveniret,
3023 857 3155 897 cum
3197 839 3425 915 legatus
3453 836 3788 911 impetratis

2137 927 2370 985 auxiliis
2412 930 2649 997 rediret,
2700 931 2853 987 cives
2892 947 3033 987 suos
3061 929 3233 986 bonis
3262 927 3479 985 animis
3509 942 3638 984 esse
3659 927 3789 998 jus-

2128 1033 2305 1075 surus
2336 1036 2355 1074 :
2387 1023 2594 1092 captus
2623 1024 2713 1078 est
2752 1020 2824 1077 ab
2855 1019 3148 1086 hostibus,
3180 1036 3249 1076 ex
3291 1035 3409 1091 quo
3441 1033 3575 1076 cum
3607 1015 3789 1075 sulta-

2128 1123 2242 1163 nus
2299 1108 2686 1182 cognovisset,
2743 1110 2899 1165 unde
2944 1107 3190 1178 veniret,
3247 1110 3307 1164 et
3347 1123 3528 1180 quam
3584 1105 3785 1165 laetum

2128 1196 2353 1253 civibus
2402 1197 2677 1255 nuntium
2727 1199 2982 1267 afferret,
3025 1198 3107 1254 ait
3152 1195 3251 1252 ille
3299 1213 3314 1254 :
3371 1195 3433 1253 Si
3473 1197 3655 1254 vivere
3694 1212 3789 1254 vo-

2128 1285 2316 1355 lueris,
2350 1288 2463 1344 tuis
2491 1289 2563 1345 de
2591 1304 2759 1345 muro
2801 1287 3274 1361 prospectantibus
3301 1287 3640 1354 renuntiato,
3676 1288 3789 1344 im-

2118 1378 2437 1446 peratorem
2465 1378 2689 1433 auxilia
2718 1393 2965 1449 negasse.
3000 1375 3150 1447 Quod
3196 1377 3259 1431 ni
3306 1374 3530 1449 feceris,
3564 1384 3616 1432 te
3641 1391 3672 1431 e
3697 1392 3790 1431 ve-

2125 1465 2288 1536 stigio
2319 1467 2661 1522 moriturum
2707 1468 2861 1523 scim.
2910 1464 3193 1523 Promisit
3237 1463 3339 1521 ille
3395 1478 3457 1520 se
3494 1463 3789 1521 facturum

2128 1554 2624 1625 quemadmodum
2667 1555 2996 1626 juberetur,
3024 1557 3083 1611 et
3127 1552 3366 1609 vinctus
3413 1555 3612 1609 astans
3655 1556 3791 1608 ante

2129 1642 2364 1710 moenia,
2398 1645 2539 1699 dum
2573 1660 2636 1700 se
2667 1644 3019 1717 legationem
3055 1643 3297 1709 obiisse,
3330 1646 3388 1698 et
3409 1640 3624 1698 auxilia
3663 1644 3788 1697 sta-

2125 1729 2232 1786 tim
2265 1731 2339 1785 ab
2368 1730 2719 1803 imperatore
2740 1735 2988 1787 ventura
3010 1730 3171 1798 dicit,
3195 1728 3408 1802 gladiis
3438 1729 3786 1786 dissecatur.

2126 1818 2409 1876 Sultanus
2465 1836 2600 1877 vero
2672 1820 2908 1877 urbium
2969 1820 3400 1892 expugnatione
3455 1818 3787 1890 desperata,

2131 1909 2391 1965 recessit.
2423 1910 2589 1966 Tarsi
2612 1926 2649 1982 q
2672 1927 2846 1982 ioque
2878 1913 3117 1967 Ameras
3140 1910 3356 1965 Esman
3387 1924 3521 1965 cum
3554 1906 3788 1980 magnis

2131 1998 2401 2069 navigiis,
2460 2014 2588 2070 quas
2640 1999 2890 2071 Agareni
2936 1998 3255 2071 Cumparia
3299 2000 3526 2069 vocant,
3557 1994 3789 2067 Euripi

2130 2087 2334 2143 urbem
2377 2102 2713 2160 aggressus,
2767 2087 2913 2143 nihil
2958 2087 3166 2155 effecit,
3199 2088 3301 2145 sed
3329 2092 3388 2144 et
3413 2086 3541 2159 ipse
3587 2083 3791 2143 lethali

2131 2181 2368 2248 accepto
2406 2175 2646 2233 vulnere
2694 2176 2889 2251 periit,
2920 2181 2977 2234 et
3026 2176 3283 2233 maxima
3320 2192 3456 2250 pars
3500 2174 3791 2232 exercitus

2129 2264 2311 2322 illius.
2341 2264 2520 2322 Cretas
2568 2282 2741 2339 porro
2782 2266 3056 2340 princeps
3098 2267 3236 2323 Saet
3281 2264 3613 2339 Apochaps,
3643 2264 3794 2320 Pho-

2128 2353 2277 2410 tium
2307 2356 2500 2411 virum
2533 2359 2840 2413 strenuum
2874 2356 3044 2413 alteri
3073 2354 3251 2413 classi
3303 2372 3337 2412 a
3390 2371 3454 2412 se
3499 2353 3796 2411 instructa

2131 2443 2409 2516 praefecit,
2444 2444 2546 2518 qui
2588 2450 2646 2502 et
2677 2445 2848 2519 Δίεωί
2880 2445 3063 2503 maris
3111 2462 3299 2514 oram,
3351 2448 3409 2503 et
3437 2443 3665 2502 insulas
3696 2460 3798 2518 p0-

2129 2533 2469 2607 pulabatur.
2501 2535 2604 2591 Cui
2638 2552 2771 2592 cum
2803 2537 3067 2592 Romana
3116 2535 3348 2603 classis,
3380 2534 3552 2606 cujus
3580 2551 3792 2590 navar-

2129 2623 2276 2681 chus
2342 2629 2469 2681 erat
2532 2624 2741 2682 classis
2799 2625 3161 2698 drungarius
3214 2624 3498 2697 patricius
3555 2622 3791 2680 Nicetes

2128 2713 2453 2788 Ooryphas,
2485 2714 2839 2772 occurrisset
2872 2732 2885 2772 :
2919 2714 3138 2771 multas
3193 2713 3501 2771 hostilium
3547 2713 3788 2770 navium

2128 2821 2246 2860 una
2275 2820 2410 2860 cum
2451 2804 2786 2862 vectoribus
2817 2804 2939 2878 igni
2968 2804 3165 2862 Graeco
3195 2804 3255 2860 in
3284 2805 3510 2862 cineres
3539 2801 3787 2876 redegit,

2129 2892 2348 2950 multas
2396 2894 2547 2952 ferro
2595 2893 2863 2962 confecit,
2923 2911 2991 2951 a0
3057 2893 3257 2967 plures
3320 2891 3617 2950 demersit.
3677 2887 3789 2959 Qui

2128 2980 2438 3053 multiplex
2487 2982 2594 3039 hoc
2668 2982 2988 3040 discrimen
3038 2982 3197 3056 turpi
3267 2983 3406 3055 fuga
3460 2982 3790 3051 evaserant,

2124 3068 2530 3128 incolumitate
2574 3089 2692 3128 non
2740 3071 3023 3140 contenti,
3072 3071 3335 3144 piraticis
3387 3070 3635 3128 navibus
3686 3085 3792 3142 pa-

2132 3158 2298 3231 ratis,
2329 3159 2752 3233 Peloponesum
2792 3165 2850 3218 et
2902 3160 3126 3218 vicinas
3157 3159 3388 3218 insulas
3411 3162 3789 3217 vexaverunt.

2132 3248 2243 3305 Sed
2300 3264 2401 3306 eos
2448 3250 2606 3306 idem
2666 3250 3047 3323 drungarius,
3091 3266 3227 3308 eum
3260 3250 3334 3306 ad
3381 3253 3615 3322 portum
3646 3248 3795 3305 Cen-

356 3345 479 3403 τοῖς
514 3337 906 3398 κινδυνεύουσι.
938 3339 1034 3394 Καὶ
1087 3338 1147 3401 ’ὸς
1191 3339 1480 3413 ὑπέσχετο,
1507 3336 1598 3394 καὶ
1629 3338 1657 3393 ὁ
1687 3335 2016 3413 πρεσϐευτὴς

2139 3338 2447 3396 chrearum
2495 3340 2903 3413 applicuisset,
2959 3357 3026 3397 ac
3098 3357 3274 3398 naves
3343 3338 3590 3397 hostiles
3641 3336 3795 3396 circa

357 3429 590 3505 ἐπανῄει
633 3428 848 3507 θαῤῥεῖν
898 3429 1290 3505 παρεγγυήσων
1333 3432 1455 3490 τοῖς
1513 3425 1880 3501 συμπολίταις
1929 3426 2023 3483 αύ-

353 3522 480 3576 τοῦ.
513 3517 696 3575 Ἑάλω
727 3515 775 3574 δ’
806 3518 910 3574 ὑπὸ
939 3518 1046 3574 τῶν
1096 3516 1404 3591 πολεμίων,
1444 3516 1534 3572 καὶ
1571 3517 1755 3591 μαθὼν
1791 3517 1818 3574 6
1849 3515 2020 3574 σουλ-

355 3606 522 3673 δάνος
555 3609 664 3679 ὅπη
694 3629 757 3664 τε
784 3611 877 3680 ἦν,
927 3606 1018 3663 καὶ
1069 3609 1160 3663 οἶα
1205 3607 1423 3681 κομίζει
1473 3611 1590 3669 τοῖς
1639 3606 1825 3669 ἀστοῖς
1856 3606 2014 3684 εὐαγ-

347 3696 538 3773 γέλια,
597 3697 733 3777 φησί
787 3698 926 3773 πρὸς
977 3696 1163 3753 αὐτόν’
1225 3695 1294 3754 Εἴ
1342 3698 1438 3770 ζῇν
1494 3692 1700 3760 ἐθὲλεις
1731 3737 1745 3764 ,
1799 3694 2013 3771 ἀπαγο-

340 3792 539 3865 ρεῦσαι
595 3787 688 3842 τὸν
772 3784 999 3862 βασιλέα
1051 3786 1152 3856 τὴν
1224 3785 1547 3860 συμμαχίαν
1604 3788 1723 3848 τοῖς
1794 3783 2011 3859 πέμψα-

335 3875 395 3932 σί
453 3897 515 3931 σε
564 3872 903 3952 ἀπάγγειλον
981 3874 1043 3930 ἐκ
1094 3874 1193 3930 τοῦ
1248 3872 1470 3950 τείχους
1547 3871 1951 3948 προκόπτουσιν
1988 3914 2003 3929 .

332 3965 407 4025 Εἰ
468 3967 574 4042 γὰρ
638 3966 715 4040 μὴ
767 3963 911 4020 οὕτω
967 3965 1241 4036 ποιήσεις,
1305 3960 1412 4018 ἴσθι
1470 3961 1665 4018 αὐτίκα
1712 3959 1780 4032 δὴ
1809 3972 2003 4033 τεθνη-

2136 3429 2491 3499 Mathonem,
2533 3428 2740 3501 Pylum
2789 3435 2846 3486 et
2893 3434 3100 3487 Patras
3147 3430 3353 3487 crebro
3383 3428 3667 3486 stationes
3692 3426 3793 3485 ha-

2131 3516 2268 3574 bere
2319 3517 2624 3575 didicisset
2655 3536 2668 3575 :
2698 3519 3042 3576 triremibus
3097 3535 3200 3591 per
3247 3518 3540 3576 isthmum
3584 3517 3788 3576 Corin-

2129 3606 2391 3663 thiacum
2439 3607 2707 3664 celeriter
2748 3611 2907 3665 terra
2969 3608 3281 3677 traductis,
3328 3607 3525 3665 subito
3573 3621 3788 3680 aggre-

2126 3696 2327 3754 ditur:
2362 3696 2553 3770 iisque
2596 3696 2916 3770 improvisa
2944 3697 3336 3771 impressione
3363 3695 3650 3770 perculsis
3694 3695 3786 3768 pi-

2123 3787 2337 3844 raticas
2385 3802 2563 3844 naves
2610 3788 2828 3860 partim
2879 3792 3119 3861 cremat,
3183 3787 3398 3862 partim
3449 3804 3584 3844 cum
3633 3785 3783 3860 ipsis

2116 3876 2260 3933 viris
2291 3877 2597 3948 demergit,
2621 3878 2768 3933 duce
2796 3893 3033 3950 quoque
3062 3876 3322 3935 hostium
3351 3875 3555 3935 Photio
3592 3875 3779 3933 inter-

2117 3967 2286 4022 fecto.
2314 3966 2383 4022 Et
2413 3967 2497 4023 sic
2526 3966 2735 4024 classis
2763 3951 3131 4025 Cretensium
3162 3966 3357 4041 periit.

349 4055 605 4128 ζόμενος.
664 4055 727 4114 Ὀ
775 4051 835 4111 δὲ
887 4053 1134 4110 συνάθετο
1186 4053 1439 4124 ποιήσειν
1499 4052 1573 4114 ὡς
1628 4048 1962 4126 ἐνετέλλετο,
2019 4051 2110 4108 καὶ
2172 4051 2297 4116 στὰς
2353 4054 2460 4130 πρὸ
2509 4058 2608 4109 τοῦ
2658 4055 2881 4132 τείχους
2950 4052 3174 4130 δὲσμιος
3223 4055 3614 4132 κατεχόμενος,
3672 4047 3774 4131 ἔφη

341 4146 438 4199 καὶ
493 4144 592 4213 τὴν
653 4137 944 4215 πρεσϐείαν
998 4142 1212 4214 ἀνῦσαι,
1275 4141 1366 4197 καὶ
1421 4140 1568 4213 ἥξειν
1628 4139 1754 4195 ὅσον
1808 4138 1917 4211 ἤδη
1976 4140 2037 4197 ἐκ
2097 4141 2366 4218 βασιλέως
2428 4143 2708 4218 βοήθειαν.
2770 4145 2870 4200 Καὶ
2929 4145 2958 4200 6
3020 4144 3118 4217 μὲν
3170 4148 3338 4200 ταῦτα
3394 4142 3595 4220 λέγων,
3650 4147 3775 4198 τοῖς

1054 4233 1111 4286 Ὁ
1170 4228 1229 4286 δὲ
1285 4226 1584 4292 σουλδάνος
1617 4276 1634 4304 ,
1691 4227 1994 4294 ἀπελπίσας
2047 4232 2150 4302 τὴν
2219 4236 2328 4288 τῶν
2397 4230 2615 4289 πόλεων
2674 4232 2880 4289 ἅλωσιν
2915 4279 2930 4308 ,
2986 4233 3315 4311 ὑπεχώρησε
3348 4277 3362 4292 .
3398 4231 3525 4292 ιΚαὶ
3589 4232 3619 4287 6
3674 4229 3773 4299 τῆς

345 4326 553 4397 Ταρσοῦ
614 4320 673 4378 δὲ
728 4323 950 4397 ἀμηρᾶς
1005 4321 1209 4395 Ἐσμὰν
1272 4321 1408 4395 μετὰ
1463 4317 1677 4375 πλοίων
1735 4316 2011 4396 μεγάλων,
2066 4321 2100 4375 ἃ
2153 4321 2472 4399 κουμπάρια
2523 4328 2643 4388 τοῖς
2699 4323 2760 4380 ἐκ
2812 4330 2911 4395 τῆς
2969 4326 3145 4399 ’Ἅγαρ
3178 4323 3514 4399 ὠνόμασται,
3569 4324 3638 4396 τῇ
3671 4320 3776 4377 πό-

343 4409 431 4468 λει
482 4417 581 4467 τοῦ
630 4411 877 4488 Εὐρίπου
935 4405 1295 4486 προσέϐαλεν·
1353 4406 1521 4480 ἤνυσε
1576 4404 1636 4464 δὲ
1691 4405 1868 4479 οὐδὲν,
1928 4406 2058 4467 ἀλλ’
2104 4409 2264 4475 αὐτός
2317 4432 2378 4468 τε
2434 4410 2688 4469 ἀπώλετο
2713 4413 2941 4491 καιρίως
2972 4412 3232 4491 πληγεὶς,
3263 4413 3446 4470 καὶτὸ
3475 4410 3644 4468 πλέον
3673 4416 3776 4482 τῆς

336 4506 603 4577 στρατιᾶς
631 4500 818 4558 αὑτοῦ.
874 4496 1051 4558 Ἀλλᾶ
1110 4499 1295 4575 μέντοι
1350 4498 1442 4555 καὶ
1505 4500 1533 4555 6
1584 4505 1684 4570 τῆς
1737 4500 1962 4576 Κρήτης
2016 4506 2229 4576 κρατῶν
2288 4502 2439 4572 Σαὴτ
2497 4503 2526 4558 6
2588 4503 2859 4579 ’Δπόκαψ,
2915 4500 3097 4578 ἕτερον
3159 4502 3354 4561 στόλον
3410 4502 3772 4577 ἑτοιμασάμε-

335 4612 463 4665 νος,
520 4590 737 4647 Φώτιόν
795 4610 919 4647 τινα
972 4586 1299 4667 δραστήριον
1359 4584 1528 4666 ἄνδρα
1577 4587 1757 4662 τούτῳ
1814 4586 2126 4661 ἐπέστησεν,
2186 4591 2247 4656 ’ὸς
2299 4592 2368 4647 τά
2413 4613 2472 4648 τε
2500 4589 2744 4669 παράλια
2771 4596 2867 4649 τοῦ
2896 4591 3147 4670 Αἰγαίου,
3177 4591 3392 4656 καὶτὰς
3420 4593 3623 4664 νήσους
3646 4587 3772 4645 ἐκά-

338 4701 472 4738 κου.
530 4680 598 4759 ᾯ
628 4680 961 4751 συναντήσας
995 4679 1024 4734 6
1051 4682 1160 4734 τῶν
1192 4678 1479 4752 Ῥωμαίων
1513 4676 1731 4750 στόλος,
1764 4678 1826 4733 οὗ
1857 4678 2132 4756 ναύαρχος
2160 4681 2227 4750 ἦν
2257 4682 2286 4736 6
2313 4685 2422 4738 τῶν
2454 4680 2727 4755 πλωίμων
2754 4680 3112 4760 δρουγγάριος
3145 4682 3173 4738 6
3202 4681 3488 4760 πατρίκιος
3528 4681 3770 4752 Νικήτας

335 4772 372 4827 6
407 4767 696 4847 Ὀωρύφας
725 4771 865 4844 (80),
896 4765 1113 4831 πολλὰς
1147 4768 1242 4842 μὶν
1294 4771 1404 4824 τῶν
1463 4765 1747 4842 πολεμίων
1778 4772 1913 4824 νεῶν
1941 4772 2021 4841 τῷ
2081 4770 2231 4847 ὑγρῷ
2286 4771 2419 4845 πυρὶ
2473 4770 2840 4850 ἀπετέφρωσε,
2897 4770 2988 4828 καὶ
3044 4770 3170 4835 τοὺς
3224 4770 3444 4835 ταύταις
3498 4768 3772 4846 ἐμπλέον-

330 4880 460 4931 τας,
520 4856 769 4921 πολλοὺς
831 4855 890 4914 δὲ
949 4855 1223 4935 μαχαίρας
1280 4850 1434 4913 ἔθετο
1484 4854 1662 4933 ἔργον,
1716 4857 1806 4913 καὶ
1865 4856 2091 4923 πλείους
2125 4853 2498 4936 ὑποϐρυχίους
2532 4859 2800 4933 ἐποίησεν.
2834 4866 2995 4924 Ὅσοι
3049 4858 3106 4918 δὲ
3159 4862 3253 4918 τὸν
3279 4857 3548 4932 πολυειδῆ
3576 4860 3769 4917 τοῦτον

334 4949 546 5029 ἔφυγον
629 4944 875 5005 κίνδυνον
908 4991 923 5020 ,
984 4946 1229 5024 αἰσχρῶς
1313 4942 1644 5023 ἀποδράντες
1727 4945 2006 5020 ἐσώθησαν
2043 4991 2058 5007 .

2113 4946 2228 5007 Ούκ
2308 4949 2539 5025 ἠγάπων
2615 4951 2799 5026 μέντοι
2886 4952 3185 5026 σωζόμενοι
3213 4971 3227 4985 ο
3314 4949 3629 5027 πειρατικὰς
3714 4946 3775 5004 6‘s

325 5046 478 5109 νῆας
538 5036 963 5112 ἑτοιμασάμενοι
1017 5037 1118 5107 τὴν
1173 5035 1592 5108 Πελοπόννησον
1649 5034 1741 5092 καὶ
1794 5035 1891 5099 τὰς
1946 5036 2058 5094 ἐκεῖ
2110 5037 2444 5115 κπτέτρεχον
2495 5041 2719 5111 νήσους.
2767 5037 2924 5099 Ἀλλ’
2967 5038 3121 5105 αὖθις
3163 5039 3348 5104 αὐτοῖς
3380 5041 3408 5097 6
3440 5037 3624 5117 ῥηθεὶς
3672 5039 3771 5093 τοῦ

338 5126 552 5185 στόλου
612 5122 979 5204 ὃρουγγάριος
1029 5121 1368 5198 ἔπεισι⁶,τῷ
1420 5124 1520 5200 γὰρ
1578 5122 1763 5198 λιμένι
1820 5124 2198 5201 προσορμίσας
2251 5131 2360 5183 τῶν
2438 5133 2730 5206 Κεγχρεῶν
2763 5173 2778 5200 ,
2836 5128 2927 5185 καὶ
2981 5129 3051 5185 τὰ
3119 5129 3365 5205 πολέμιά
3417 5126 3592 5185 πλοῖα
3645 5129 3773 5201 περί

335 5215 618 5285 Μεθώνην
667 5215 758 5270 καί
790 5211 972 5269 Πύλον
1005 5212 1095 5269 καὶ
1129 5213 1343 5289 Πάτρας
1373 5210 1784 5291 ἐμφιλοχωρεῖν
1836 5211 2130 5290 ἐγνωκὼς,
2186 5212 2276 5271 διὰ
2329 5219 2424 5271 τοῦ
2479 5218 2617 5273 κατὰ
2666 5216 2921 5295 Κόρινθον
2976 5216 3174 5292 ἰσθμοῦ
3231 5218 3443 5294 ταχέως
3499 5213 3768 5295 διαγαγὼν

333 5305 444 5367 τὰς
496 5306 743 5382 τριήρεις
802 5303 856 5360 ἐν
909 5307 978 5380 τῇ
1007 5303 1166 5380 ξηρᾷ,
1226 5301 1521 5369 ἐπιτίθεται
1559 5307 1677 5366 τοῖς
1733 5303 2026 5378 πολεμίοις
2081 5303 2342 5381 ἀνωϊστὶ,
2399 5306 2491 5361 καὶ
2543 5311 2625 5382 τῷ
2683 5304 2991 5382 ἀνελπίστῳ
3049 5306 3514 5386 ἐκπεπληγμένων
3568 5307 3772 5382 αὐτῶν,

1612 5534 1821 5601 Variae
1862 5535 2168 5601 lectiones
2211 5543 2273 5602 et
2314 5542 2504 5602 notae.

408 5726 528 5804 (8_0)
584 5725 830 5804 Νεκήτας
881 5723 1565 5804 ῥ-ΔὈωρίφας,.·1ξίἰοθίω
1611 5722 2006 5804 _Paphlag_oni

325 5794 602 5881 'neéq'uc.
647 5794 726 5860 Is'
754 5804 846 5862 est
889 5794 1126 5860 Niceta's
1153 5794 1483 5872 'patrioius,
1531 5798 1703 5872 cujus
1722 5794 2008 5858 imminit

240 6214 243 6217 λ
340 6208 363 6219 λ.
402 6216 449 6223 ν..
524 6214 529 6219 ι

310 6228 313 6229 ν
396 6224 417 6233 Α
456 6230 459 6233 .

310 6228 313 6229 ν
396 6226 417 6233 4
456 6230 459 6233 .

200 6244 265 6293 Li,
336 6242 507 6263 .lst‘-"‘r
544 6248 575 6255 ’ί

212 6266 225 6273 ,η
266 6226 359 6293 rg.,

328 6284 361 6293 h-

212 6266 225 6273 ιη
246 6266 359 6275 urna.

210 6310 299 6325 κεν.

210 6326 215 6335 ι

172 6342 187 6349 -

2116 5727 2444 5811 budovicus
2502 5728 2551 5786 II
2580 5729 2752 5811 _i_r_np._
2781 5730 2872 5811 _in_
2906 5730 3109 5811 Epist.
3158 5734 3231 5792 ad
3290 5734 3572 5811 Basiliam
3616 5733 3762 5811 imp°

2115 5799 2797 5876 Constantinopolitfubi
2824 5799 3139 5865 Hadriatici
3162 5815 3405 5868 servator
3429 5807 3667 5867 dicitur.

3574 6320 3645 6365 ea“.
3666 6316 3671 6321 “
