4142 6378
403 306 476 366 51
1754 299 2060 364 JOANNIE

2169 298 2470 360 ἑΟΝΑΡιιΕ
3747 295 3821 356 52

394 436 494 498 τὰς
527 437 622 509 μὶν
645 440 754 491 τῶν
783 433 1089 512 λῃστρικῶν
1116 439 1262 506 νηῶν
1289 432 1660 510 ἐπυρπόλησε,
1689 431 1784 495 τὰς
1819 429 1875 486 δὲ
1904 430 1994 486 καὶ
2025 424 2353 505 αὐτάνδρους
2376 425 2653 499 κατέδυσε,
2687 425 2776 484 καὶ
2807 426 2973 484 αὐτοῦ
2999 430 3108 483 τῶν
3141 425 3432 501 πολεμίων
3455 423 3823 501 ἐξηγουμένου

398 524 618 580 Φωτίου
646 525 1035 598 ἀναιρεθέντος.
1070 524 1224 580 Οὕτω
1259 524 1355 598 μὶν
1385 522 1478 578 οὖν
1509 525 1537 578 ὁ
1567 522 1656 578 καὶ
1685 526 1791 576 τῶν
1827 523 2054 597 Κρητῶν
2086 514 2340 573 ἀπώλετο
2372 515 2588 582 στόλος.
2622 559 2629 565 -

468 617 623 674 112
654 617 719 673 Χ.
754 617 972 672 Verum
1002 634 1068 673 ex
1100 616 1302 672 Africa
1355 615 1480 672 alia:
1511 630 1693 670 naves
1749 611 2054 684 sexaginta

2171 641 2241 649 —
2269 607 2353 678 Ἐξ
2386 609 2652 685 Ἀφρικῆς
2703 602 2751 661 δ’
2795 605 2946 671 αὗθις
2997 603 3174 680 ἕτεραι
3219 608 3342 675 νῆες
3381 603 3640 676 ἐξήκοντα
3670 625 3821 678 παμ-

395 705 671 778 ingentes
722 706 1009 762 Romanis
1057 704 1370 778 provinciis
1425 702 1724 759 vastandis
1783 699 2059 772 usquead

393 794 810 866 Cephaleniam
850 800 908 852 et
951 795 1315 868 Zacynthum
1363 795 1793 867 processerunt.
1847 795 2061 846 Contra

392 900 492 940 eas
520 882 748 940 Narsan
779 885 986 940 classis
1036 886 1343 956 praefectus
1388 883 1606 938 missus
1638 889 1744 938 est.
1776 881 1886 936 Sed
1919 895 2054 934 cum

395 973 570 1029 multi
611 990 682 1029 ex
729 973 1052 1046 remigibus
1103 974 1301 1044 fugam
1346 971 1661 1044 cepissent,
1693 975 1752 1026 et
1789 970 2058 1026 triremes
2097 998 2108 1008 -

394 1060 740 1118 semivacue
799 1066 999 1118 essent
1043 1077 1056 1116 :
1104 1060 1436 1116 navarchus
1483 1061 1566 1115 ita
1606 1076 1742 1115 cum
1788 1058 2057 1114 hostibus

395 1167 511 1206 non
545 1149 1043 1222 congrediendum
1096 1165 1222 1206 esse
1281 1153 1467 1217 ratus,
1502 1164 1706 1204 casum
1763 1145 1931 1202 illum
1983 1145 2056 1202 ad

393 1238 810 1311 imperatorem
869 1239 1066 1305 refert,
1126 1242 1185 1294 et
1249 1238 1578 1294 desertores
1639 1234 1932 1308 inquisiti,
1991 1251 2058 1291 ac

396 1326 509 1383 cito
555 1327 768 1398 reperti
819 1333 980 1383 sunt.
1031 1327 1106 1383 Ut
1171 1331 1369 1383 autem
1429 1331 1710 1382 terrorem
1771 1325 2059 1381 incuteret

394 1415 613 1484 nautis,
645 1431 752 1473 nec
793 1415 978 1472 ullum
1017 1421 1216 1472 tamen
1266 1415 1732 1471 Christianorum
1765 1413 2057 1486 supplicio

395 1503 656 1562 afﬁceret
680 1523 694 1561 :
718 1505 962 1578 triginta
1002 1505 1262 1576 captivos
1292 1510 1592 1578 Agarenos
1626 1520 1852 1559 carcere
1882 1507 2058 1559 noctu

393 1597 708 1663 extractos,
752 1593 1000 1666 fuligine
1045 1595 1253 1667 inungi
1303 1611 1375 1650 ne
1421 1598 1900 1668 agnoscerentur,
1949 1593 2057 1649 ﬂa-

396 1683 640 1755 grisque
670 1699 854 1738 caesos
903 1699 1008 1755 per
1053 1683 1242 1738 forum
1291 1683 1672 1752 circumduci,
1719 1687 1776 1737 et
1804 1682 1862 1738 in
1896 1681 2056 1737 Pelo-

399 1787 686 1846 ponesum
722 1773 1035 1844 perductos
1089 1771 1243 1845 palis
1291 1772 1474 1844 afﬂigi
1515 1771 1719 1842 jussit.
1752 1773 1874 1837 Quo
1909 1771 2057 1826 facto

403 1859 692 1918 classiarii
717 1860 1033 1933 perterriti,
1057 1864 1349 1933 noctuque
1365 1860 1564 1916 hostes
1587 1860 1848 1932 aggressi
1869 1859 2062 1932 proﬂi-

2170 695 2410 772 μεγέθεις
2457 695 2799 772 ἐξώρμησαν,
2853 694 2943 751 καὶ
2996 699 3065 771 τῇ
3125 695 3228 751 ὑπὸ
3258 694 3562 769 Ῥωμαίους
3599 692 3690 750 καὶ
3722 694 3824 749 αὗ-

2163 807 2251 841 ται
2303 784 2683 859 ἐλυμαίνοντο,
2735 785 2826 841 καὶ
2888 785 3055 861 μέχρι
3094 783 3431 863 Κεφαληνίας
3488 785 3576 840 καὶ
3631 783 3828 839 Ζακύν-

2167 887 2262 939 θου
2318 874 2668 951 προήλθοσαν
2705 917 2722 934 .
2779 872 3075 931 Στέλλεται
3147 874 3329 930 τοίνυν
3385 873 3634 928 ναυτικὸν
3703 877 3824 928 κατ’

2165 963 2366 1034 αὐτῶν,
2415 969 2790 1040 ναυαρχοῦντα
2835 964 2928 1019 τὸν
2963 965 3173 1039 Νάρσαν
3223 960 3378 1039 ἓχον.
3413 959 3646 1017 Πολλῶν
3681 959 3730 1018 δ’
3761 962 3826 1018 ἐκ

2163 1057 2271 1108 τῶν
2332 1052 2458 1128 περὶ
2511 1054 2610 1122 τὴν
2680 1053 2912 1129 εἰρεσίαν
2970 1053 3282 1108 πονούντων
3344 1048 3764 1126 ἀποδρασάντων
3807 1097 3824 1122 ,

2165 1142 2220 1197 αἱ
2248 1144 2494 1220 τριήρεις
2539 1145 2672 1212 ἦσαν
2715 1141 2992 1217 ἡμίκενου
3045 1139 3130 1198 διὸ
3178 1141 3267 1196 καὶ
3318 1142 3347 1197 ὁ
3399 1139 3677 1218 ναύαρχος
3720 1140 3824 1197 οὐκ

2165 1225 2341 1306 ἔκρινε
2372 1229 2480 1287 δεῖν
2509 1231 2656 1288 οὕτω
2704 1231 2967 1307 συμμίξαι
3011 1238 3128 1294 τοῖς
3160 1226 3480 1304 πολεμίοις,
3515 1227 3646 1286 ἀλλ’
3689 1230 3824 1286 ἀνα-

2166 1320 2419 1397 φέρειτῷ
2469 1319 2683 1397 βασιλεῖ
2722 1323 2786 1376 τὸ
2831 1315 3066 1395 συμϐὰν,
3115 1319 3205 1376 καὶ
3254 1321 3307 1376 οἱ
3337 1317 3690 1375 λειποτάκται
3729 1323 3826 1390 ζη-

2162 1407 2416 1480 τηθέντες
2470 1409 2612 1486 ταχὺ
2671 1410 3076 1486 κατεσχέθησαν
3113 1453 3128 1467 .
3181 1410 3294 1466 "Ich
3369 1406 3426 1464 δὲ
3498 1407 3587 1464 καὶ
3647 1403 3820 1488 φόϐον

2165 1497 2443 1573 ἐμποιήσῃ
2471 1505 2551 1573 τῷ
2598 1504 2857 1572 ναυτικῷ,
2901 1500 2988 1556 καὶ
3047 1495 3254 1572 μηδένα
3303 1496 3514 1574 κολάσῃ
3561 1499 3822 1575 Χρ,στια-

2164 1588 2278 1660 νὸν,
2307 1587 2598 1664 τριάκοντα
2619 1593 2728 1645 τῶν
2762 1589 2812 1644 ἐν
2865 1588 3105 1664 εἷρκταῖς
3137 1588 3560 1667 φρουρουμένων
3606 1585 3821 1664 αῗχμα-

2167 1675 2360 1733 λώτων
2418 1680 2736 1754 Ἀγαρηνῶν
2787 1673 3122 1748 ἐκϐληθῆναι
3178 1675 3390 1734 κελεύει
3447 1676 3670 1746 νυκτὸς,
3729 1676 3824 1732 καὶ

2166 1766 2483 1842 περιχρίσαι
2537 1767 2632 1840 μὲν
2681 1762 2894 1844 ἀσϐόλῃ
2939 1767 3035 1830 τὰς
3085 1763 3240 1842 ὄψεις
3287 1768 3488 1839 αὐτῶν,
3519 1766 3593 1828 ὡς
3645 1763 3704 1820 ἂν
3741 1766 3822 1839 μή

2167 1852 2636 1931 ἐπιγινώσκοιντο,
2691 1857 2804 1912 εἶτα
2851 1854 3158 1921 αἶ’κίσασθαι
3210 1861 3347 1932 σφᾶς
3382 1902 3398 1930 ,
3447 1856 3536 1912 καὶ
3583 1852 3673 1910 διὰ
3718 1861 3822 1925 τῆς

404 1954 641 2022 gerunt,
674 1948 808 2006 aliis
837 1949 1025 2017 cassis,
1059 1949 1191 2004 aliis
1221 1950 1427 2021 captis.
1459 1949 1680 2004 Deinde
1706 1949 1764 2004 in
1797 1949 2056 2005 Siciliam

2171 1944 2368 2018 ἀγορᾶς
2420 1951 2792 2022 περιαγαγεῖν,
2823 1944 3352 2012 ἀνασκολοπισθῆναί
3375 1967 3435 2002 τε
3480 1945 3821 2020 ἀπαχθέντας

2179 2031 2245 2056 Au,
2281 2032 2376 2056 ll-‘
2450 2033 2494 2056 ,f
2756 2035 2829 2056 Γιν
2984 2055 2987 2056 ,
3058 2033 3068 2056 Ι
3120 2055 3123 2056 ,
3273 2035 3289 2056 (
3330 2055 3343 2056 κ
3389 2039 3416 2050 ⁸.
3469 2035 3579 2056 771‘
3611 2055 3642 2056 κν
3715 2055 3755 2056 γη

406 2053 644 2110 quoque
698 2037 1238 2105 transvecti,urhes
1274 2038 1834 2108 Carthaginensibus
1880 2038 2064 2093 obno-

400 2127 530 2184 xias
559 2132 840 2183 vexarunt
870 2131 927 2183 et
969 2131 1296 2183 vastarunt.
1333 2128 1617 2183 Ceterum
1661 2125 2064 2182 Mesembriaci

401 2217 642 2283 Arabes,
679 2215 912 2288 cognito
961 2216 1240 2272 Romanae
1270 2215 1478 2272 classis
1527 2215 1647 2271 otio
1677 2215 1925 2271 navibus
1955 2215 2064 2270 ad-

395 2304 568 2376 vecti,
603 2304 908 2361 Phceniciae
938 2309 996 2360 et
1011 2305 1188 2378 Syriae“
1219 2321 1382 2361 oram
1414 2305 1788 2360 infestarunt.
1810 2303 2062 2361 Basilius

396 2393 557 2450 enim
590 2394 810 2449 caedem
839 2394 1141 2450 Michaelis
1190 2394 1514 2450 decessoris
1564 2394 1656 2448 sui
1695 2393 2060 2468 expiaturus,

395 2480 607 2538 multis
637 2482 695 2538 in
730 2481 874 2538 locis
906 2481 1071 2538 urbis
1092 2483 1261 2555 regie
1287 2482 1539 2538 ccelcstis
1559 2481 1780 2538 militias
1813 2475 2061 2554 principi

392 2570 663 2627 Michaeli
698 2588 848 2627 nova
871 2571 1114 2643 templa,
1152 2577 1329 2644 atque
1378 2573 1439 2626 in
1486 2572 1616 2644 ipsa
1646 2573 1803 2642 regia
1835 2570 2060 2644 magni-

393 2661 569 2716 ficam
600 2665 658 2716 et
687 2665 1101 2734 sumptuosam
1137 2662 1344 2728 sedem,
1374 2660 1542 2716 Novae
1571 2660 1842 2716 Ecclesiae
1873 2661 2060 2716 indito

395 2749 657 2814 nomine,
691 2749 1040 2806 construxit.
1085 2749 1292 2805 Nautis
1322 2751 1503 2822 igitur
1532 2749 1624 2804 his
1673 2751 2059 2806 substructio-

393 2838 574 2896 nibus
606 2839 930 2910 occupatis,
961 2855 1096 2894 cum
1128 2855 1331 2894 eorum
1363 2842 1526 2910 terga
1555 2855 1590 2894 a
1613 2839 1890 2894 tollendis
1921 2855 2058 2894 one-

395 2928 562 2985 ribus
595 2943 898 3000 nunquam
929 2932 1220 2994 vacarent,
1253 2943 1386 2983 cum
1426 2944 1637 2983 manus
1685 2927 1746 2982 in
1791 2928 2058 3000 cophinis

395 3021 690 3090 occupata!
721 3022 940 3084 essent,
973 3015 1182 3074 classis
1229 3018 1419 3074 otiosa
1447 3017 1572 3072 fuit.
1608 3019 1732 3083 Qua
1761 3017 1832 3073 de
1880 3035 2060 3074 causa

396 3107 645 3179 Agareni
705 3123 867 3162 oram
929 3105 1286 3162 maritimam
1321 3107 1563 3178 impune
1622 3107 2056 3178 premebantur.

393 3198 597 3268 Neque
624 3209 760 3251 vero
789 3193 952 3250 illam
995 3195 1280 3250 duntaxat
1307 3195 1789 3261 infestarunt,sed
1813 3201 2058 3266 Syracu-

396 3300 495 3340 sas
524 3283 705 3339 etiam
736 3284 1142 3349 devastarunt,
1179 3283 1531 3355 imperatore
1562 3290 1776 3340 nautas
1811 3283 2060 3340 aedifica-

2174 2031 2247 2095 εῗς
2279 2032 2718 2104 Πελοπόννησον.
2753 2035 2830 2092 0-3
2874 2033 3194 2111 γενομένου,
3242 2035 3294 2089 o't
3322 2039 3420 2090 τοῦ
3461 2035 3666 2091 στόλου
3695 2055 3826 2088 ναυ-

2170 2123 2311 2177 τικοὶ
2383 2121 2883 2197 ἐξεδειματώθησαν
2917 2168 2932 2195 ,
2987 2124 3076 2179 καὶ
3154 2123 3298 2179 οὕτω
3370 2128 3491 2186 τοῖς
3560 2121 3826 2186 ἐναντίοις

2172 2209 2414 2282 ἐπῆλθον
2475 2214 2664 2276 νυκτὸς
2701 2258 2715 2284 ,
2769 2214 2860 2268 καὶ
2915 2212 3176 2289 τρόπαιον
3252 2212 3453 2285 ἤραντο
3489 2259 3503 2283 ,
3553 2217 3662 2269 τῶν
3727 2213 3829 2286 μὲν

2171 2299 2548 2374 ἀπολομένων,
2595 2306 2706 2358 τῶν
2757 2299 2815 2358 δὲ
2859 2301 3201 2360 ἑαλωκότων.
3255 2303 3386 2358 Εἶτα
3431 2301 3521 2358 καὶ
3553 2301 3630 2366 εἲς
3665 2308 3828 2358 Σικε-

2171 2388 2290 2446 λίαν
2325 2386 2599 2463 διέϐησαν,
2631 2392 2721 2446 καὶ
2774 2391 2871 2453 τὰς
2922 2390 3033 2446 ἐκεῖ
3089 2391 3280 2454 πόλεις
3337 2393 3460 2447 ὅσαι
3510 2397 3629 2456 τοῖς
3681 2397 3829 2468 Καρ-

2169 2476 2458 2555 χηδονίοις
2515 2477 2762 2558 διέφερον
2821 2479 3094 2536 ἐκάκωσάν
3151 2501 3211 2536 τε
3264 2481 3358 2535 καὶ
3417 2479 3777 2557 ἐξεπόρθησαν
3813 2523 3829 2537 .

2169 2567 2269 2624 Καὶ
2301 2569 2353 2622 οἱ
2399 2569 2460 2624 ἐκ
2501 2565 2857 2646 Μεσημϐρίας
2906 2566 2964 2625 δὲ
3009 2564 3270 2646 νΑραϐεις,
3321 2568 3681 2646 ἐσχόλακέναι
3725 2570 3820 2626 τὸν

2167 2657 2471 2730 Ῥωμαϊκὸν
2503 2653 2758 2731 μαθόντες
2791 2657 3010 2729 στόλον,
3041 2659 3108 2714 τὰ
3152 2665 3254 2730 τῆς
3307 2659 3570 2731 Φοινίκης
3600 2658 3690 2714 καὶ
3721 2667 3826 2729 τῆς

2174 2744 2371 2822 Συρίας
2428 2749 2578 2802 ναυσί
2655 2746 3058 2823 προσπλέοντες
3133 2747 3356 2804 ἐκάκουν
3417 2745 3660 2826 παράλια
3694 2789 3708 2804 .
3767 2750 3832 2807 Ὁ

2165 2835 2267 2911 γὰρ
2304 2833 2582 2911 βασιλεὺς,
2613 2835 2698 2891 ὅτι
2748 2835 2981 2912 Μιχαὴλ
3030 2834 3213 2892 ἀνεῖλε
3239 2837 3332 2892 τὸν
3379 2837 3486 2912 πρὸ
3517 2835 3682 2892 αὐτοῦ
3725 2837 3830 2914 βα-

2168 2924 2475 2997 σιλεύοντα,
2509 2928 2623 2981 οἷον
2649 2925 3070 3000 ἐξιλασκόμενος
3098 2927 3189 2981 τὸν
3219 2928 3372 2996 Θεὸν,
3404 2923 3701 3002 πολλαχοῦ
3721 2931 3826 2997 τῆς

2173 3011 2455 3089 βασιλίδος
2486 3019 2592 3070 τῶν
2626 3014 2840 3070 πόλεων
2871 3020 2950 3088 τῷ
2979 3015 3400 3093 ἀρχιστραεήγῳ
3445 3013 3676 3092 Μιχαὴλ
3711 3018 3827 3090 (81)

2167 3103 2330 3166 ναοὺς
2401 3101 2652 3176 ἐδείματο
2701 3104 2761 3160 ἐκ
2807 3111 3030 3174 καινῆς·
3088 3105 3178 3160 καὶ
3236 3105 3288 3160 ἐν
3347 3105 3531 3168 αὐτοῖς
3594 3102 3652 3160 δὲ
3705 3111 3826 3171 τοῖς

2169 3192 2487 3269 ἀνακτόροις
2517 3191 2827 3267 ἐδομήσατο
2855 3194 3036 3267 τούτῳ
3087 3192 3388 3256 πολυτελές
3435 3215 3494 3250 τε
3523 3194 3616 3250 καὶ
3645 3191 3817 3250 πολυ-

2174 3278 2409 3336 δάπανον
2467 3281 2713 3356 τέμενος,
2744 3283 2774 3338 ’ὀ
2811 3283 2902 3338 καὶ
2961 3283 3096 3338 Νέαν
3156 3281 3482 3356 Ἐκκλησίαν
3543 3283 3820 3342 ἐκάλεσεν.

395 3372 662 3429 tionibus
729 3372 1106 3442 defatigante,
1174 3373 1275 3444 qui
1329 3372 1505 3428 etiam
1557 3373 1692 3428 Elia
1746 3372 2054 3447 Thesbite,

2169 3369 2258 3425 ’Ev
2307 3369 2524 3433 τούτοις
2574 3369 2666 3426 οὗν
2714 3377 2831 3435 τοῖς
2883 3369 3185 3446 δομήσασιν
3236 3371 3665 3448 ἀσχολουμένων
3715 3377 3826 3429 τῶν

395 3476 571 3534 quem
603 3459 819 3516 eximia
847 3461 1223 3517 veneratione
1255 3460 1499 3529 colebat,
1535 3463 1718 3516 aedem
1751 3464 2059 3533 exstruxit,

397 3551 522 3606 fore
553 3566 800 3623 sperans
835 3554 900 3605 ut
927 3550 1000 3606 ab
1029 3565 1116 3618 eo,
1141 3566 1316 3606 curru
1345 3550 1536 3622 igneo,
1559 3550 1618 3606 in
1651 3550 1861 3606 cwlum
1897 3551 2060 3607 tolle-

395 3643 578 3695 retur.
639 3639 860 3696 Tamen
909 3643 1328 3709 Syracusarum
1389 3639 1724 3712 captivitate
1770 3644 1829 3696 et
1865 3657 2062 3698 rever-

396 3729 565 3786 sione
593 3729 853 3801 cognita,
887 3728 1053 3783 misit
1101 3727 1201 3799 qui
1245 3728 1485 3784 nefariis
1513 3730 1796 3802 Agarenis
1825 3731 2062 3786 resiste-

398 3822 532 3874 rent
565 3833 579 3874 :
609 3817 710 3873 sed
745 3815 890 3873 nihil
931 3817 1194 3890 profecit.
1229 3817 1448 3874 Deinde
1481 3817 1874 3892 Nicephorum
1909 3819 2063 3876 Pho-

398 3923 555 3972 cam,
587 3908 714 3979 ejus
746 3905 948 3962 Phocea
981 3906 1081 3978 qui
1133 3911 1269 3980 post
1315 3907 1645 3979 imperavit,
1690 3925 1885 3972 avum,
1928 3925 2063 3964 cum

389 3997 577 4070 justis
616 3994 801 4068 cepiis
841 3994 1150 4068 ablegavit,
1201 3995 1390 4050 virum
1430 3996 1840 4065 fortissimum,
1873 4002 1930 4054 et
1983 3998 2064 4054 rei

398 4085 674 4143 militaris
718 4083 1169 4158 peritissimum,
1197 4084 1297 4157 qui
1343 4087 1642 4158 Agarenos
1681 4104 1832 4159 sape
1861 4087 2065 4160 proﬂi-

395 4177 575 4249 gavit.
636 4176 785 4231 Dum
845 4180 1042 4231 autem
1103 4173 1353 4230 Basilius
1407 4174 1730 4248 imperator
1777 4176 2068 4248 Theophi-

394 4265 542 4335 litzi,
571 4269 638 4320 ut
679 4281 862 4336 supra
912 4263 1159 4333 dictum,
1197 4269 1308 4332 est,
1361 4263 1553 4320 adhuc
1599 4264 1909 4322 inserviret
1947 4281 2066 4322 una

395 4370 533 4412 cum
591 4352 692 4410 illo
773 4351 1198 4426 Peiopcnesum
1275 4353 1604 4422 descendit,
1659 4358 1718 4409 et
1775 4353 2064 4426 templum

398 4441 644 4499 Andreas
678 4445 770 4498 est
797 4439 1124 4512 ingressus,
1157 4440 1216 4497 in
1249 4457 1364 4514 quo
1393 4441 1548 4497 I18
1589 4441 1836 4514 degebat
1859 4458 2064 4500 mona-

2167 3458 2466 3533 πλωίμων,
2524 3460 2616 3516 καὶ
2661 3465 2770 3516 τῶν
2820 3461 3008 3516 νώτων
3065 3461 3242 3517 αὐτῶν
3293 3460 3393 3518 οὐκ
3443 3461 3828 3538 ἀφισταμένων

2168 3547 2275 3604 ἀπὸ
2304 3554 2412 3605 τῶν
2445 3547 2666 3625 ὂίρσεων,
2699 3555 2806 3606 τῶν
2849 3571 2909 3606 τε
2958 3555 3162 3626 χειρῶν
3214 3549 3388 3606 αὐτῶν
3423 3548 3477 3606 ἐν
3515 3555 3635 3615 τοῖς
3661 3550 3828 3629 κοφί-

2167 3659 2282 3702 νοις
2331 3641 2444 3713 (82)
2492 3637 2907 3708 δουλευουσῶν,
2959 3640 2987 3694 ὁ
3038 3638 3233 3702 στόλος
3289 3638 3578 3716 ἐσχόλασε·
3631 3637 3716 3695 διὸ
3773 3641 3828 3696 οἱ

2169 3729 2464 3806 Ἀγαρηνοί
2495 3726 2686 3798 ἀδεῶς,
2720 3728 2796 3792 ὡς
2852 3725 3087 3806 εἷ’ρηται,
3130 3729 3200 3785 τὰ
3239 3727 3482 3804 παράλια
3512 3727 3822 3800 ἐληίζοντο,

2169 3818 2261 3873 καὶ
2293 3818 2354 3873 οὐ
2408 3818 2542 3891 μόνα
2589 3822 2756 3872 ταῦτα
2797 3815 3046 3887 ἐκάκουν,
3100 3817 3247 3874 ἀλλά
3274 3818 3364 3874 καὶ
3413 3821 3512 3889 τήν
3549 3819 3828 3890 Συράκου-

2172 3928 2265 3962 σαν
2325 3905 2711 3983 ἐξεπόρθησαν.
2769 3907 2830 3964 Ὁ
2893 3903 2952 3962 δὲ
3011 3907 3265 3984 βασικεὺς
3321 3909 3385 3963 τὸ
3423 3908 3673 3964 ναυτικὸν
3725 3913 3829 3965 τοῦ

2173 3994 2372 4051 στόλου
2418 3995 2718 4072 κατέτρυχε
2762 4001 2884 4058 ταῖς
2931 3994 3274 4070 οἰκοδομαῖς,
3305 3996 3397 4053 καὶ
3444 4002 3524 4070 τῷ
3563 4000 3822 4076 προφήτῃ

2172 4084 2361 4142 Ἡλίου
2389 4089 2470 4159 τῷ
2518 4080 2750 4162 Θεσϐίτῃ
2794 4087 2920 4140 ναὸν
2972 4085 3265 4162 ἀνεγείρας·
3299 4085 3461 4161 ἐτίμα
3496 4087 3599 4163 γὰρ
3629 4091 3821 4142 τοῦτον

2174 4171 2564 4250 διαφερόντως,
2620 4176 2708 4230 καὶ
2769 4172 2908 4248 ᾤετο
2962 4173 3488 4254 προσληφθήσεσθαί
3537 4197 3672 4232 ποτε
3699 4176 3826 4254 παρ’

2173 4262 2339 4318 αὐτοῦ
2411 4262 2504 4318 καὶ
2568 4267 2646 4336 τῷ
2719 4264 2932 4339 πυρίνφ
3019 4267 3514 4342 συνεπαρθήσεσθαι
3598 4267 3824 4340 ἅρματι.

2169 4354 2364 4426 Ὅμως
2399 4351 2605 4426 μέντοι,
2655 4354 2753 4423 τὴν
2804 4352 3010 4412 ἅλωσιν
3060 4353 3152 4410 καὶ
3198 4356 3547 4431 κατασκαφὴν
3591 4361 3694 4425 τῆς
3725 4361 3829 4411 Συ-

2173 4440 2446 4516 ρακούσης
2505 4441 2622 4517 (83)
2684 4443 2888 4517 μαθὼν,
2938 4438 3148 4500 ἔστειλε
3189 4443 3318 4508 τοὺς
3372 4445 3831 4516 ἀντικαταστησο-

1693 4629 1892 4691 Variae
1921 4629 2218 4693 lectiones
2246 4635 2308 4692 et
2346 4636 2538 4693 notae.

476 4797 588 4875 (8i)
635 4795 1110 4875 ’Apperpgzﬁyei
1144 4795 1401 4875 Μιχαήλ.
1459 4796 1776 4875 De_variis_
1827 4796 1886 4852 S.
1949 4796 2058 4853 Mi-

2169 4799 2325 4875 Ονξρ.
2394 4799 2498 4856 CP.
2561 4817 2620 4875 ῃ.
2681 4800 3090 4875 “differam
3131 4797 3189 4856 δέ
3237 4799 3290 4875 ἐν
3323 4799 3404 4874 τῷ
3442 4801 3602 4875 αὐτῷ.
3637 4797 3827 4875 λιμένι

403 4869 591 4928 chaeli
639 4869 1437 4942 ex'struc'tistsdibus'sacris
1481 4871 1733 4942 egimus,
1761 4869 1822 4942 in
1855 4876 2059 4926 nostra

404 4943 900 5014 ConstantinOpoli,
935 4941 1156 5014 librili,
1209 4947 1351 5014 sect.
1373 4943 1456 5014 73,
1490 4941 1636 5014 n.4,
1681 4941 1782 4998 ubi
1813 4957 2058 5014 praeser-

404 5017 510 5072 tim
559 5013 630 5070 de
678 5012 788 5086 hac
837 5019 988 5086 Nam
1037 5013 1194 5086 dicta
1226 5031 1238 5068 :
1273 5012 1333 5068 in
1371 5013 1698 5086 bisetiam,
1731 5012 1900 5070 deea
1929 5031 2056 5086 quas

399 5086 459 5143 in
518 5085 806 5159 Cronchylo
857 5085 1066 5159 stetit,
1098 5084 1425 5158 imperante
1470 5085 1828 5159 Justinianor,
1879 5084 2056 5158 quam

400 5158 668 5215 eamdem
717 5155 851 5214 esse
893 5155 1204 5229 existimo;
1264 5173 1392 5228 quae
1453 5157 1667 5227 palatio
1725 5155 2058 5229 adjacuiese

399 5230 620 5286 dicitur
649 5229 710 5284 in
741 5227 987 5286 concilio
1018 5229 1123 5283 GP.
1176 5227 1295 5284 sub,
1334 5229 1525 5296 Mena,
1577 5237 1691 5286 act.
1721 5231 1756 5285 2
1790 5227 2056 5296 ΞἘγινό-

403 5303 542 5374 μεθα
596 5299 685 5354 καὶ
738 5298 790 5354 ἐν
844 5301 923 5369 τῷ
979 5297 1164 5374 εὐαγεῖ
1221 5298 1494 5374 εὐκτηρίῳ
1553 5297 1693 5374 οἷ’κῳ
1749 5299 1845 5356 τοῦ
1897 5297 2056 5376 ἇγίου

413 5375 424 5393 τ
591 5368 675 5393 ..ιλ
701 5392 712 5393 γ
833 5367 1059 5393 Ἀμυμλῖ
1144 5374 1208 5393 _~
1351 5392 1361 5393 γ
1542 5373 1552 5393 r
1745 5372 1773 5382 τ’
1883 5372 1896 5393 9
1972 5369 2001 5393 ρ
2033 5379 2056 5390 υ

401 5367 756 5500 ἀρχαγγέλου
833 5367 1100 5445 Μιχαὴλ’
1141 5374 1222 5443 τῷ
1293 5367 1780 5456 προκειμένῳ’τῷ
1849 5367 2056 5428 εὐσεϐεῖ

397 5466 472 5500 πα
516 5443 652 5514 ατίῳ
685 5485 698 5497 .
736 5443 935 5517 Paulo
995 5459 1175 5517 supra
1233 5447 1529 5502 exstitisse
1577 5443 1628 5500 ἐν
1686 5446 1766 5517 τῷ
1804 5444 2056 5500 παλατίω

400 5518 700 5576 scribitur.
733 5515 892 5570 Hanc
921 5517 981 5570 S.
1030 5514 1308 5572 Michaelis
1352 5518 1416 5574 de
1461 5514 1746 5576 Bucelone'
1771 5521 2058 5576 ecclesiam

399 5594 570 5648 vocat
600 5585 978 5662 Innocentius
1012 5586 1086 5642 ΙΙΙ
1116 5586 1225 5662 PP.
1260 5588 1362 5646 lib.
1397 5607 1498 5662 xu,
1531 5592 1708 5662 epist.
1747 5591 1836 5644 70.

474 5662 589 5738 (8_2)
645 5659 737 5738 Ἑν
805 5661 922 5738 τοῖς
994 5654 1304 5738 κοφίν-οιςῌ.
1366 5654 1598 5738 ξί-όφὶνος
1682 5662 1898 5738 dicitur
1953 5678 2056 5738 vas

403 5731 774 5806 ex‘virgultis
823 5734 992 5788 terra
1035 5731 1334 5804 portandas
1363 5731 1666 5792 idoneum.
1706 5733 1962 5792 Codinus
1993 5733 2056 5790 in

2169 4867 2347 4996 c'éiﬁl-q
2402 4870 2745 4946 μαρμάρινος
2801 4867 3170 4948 Ἐλευθερίου,
3231 4867 3466 4952 φέρουσα
3502 4867 3672 4930 πτύον
3703 4867 3826 4928 ’καὶ

2169 4963 2202 4996 κ
2237 4963 2410 4996 ωινον.

2167 4963 2410 4997 κοφινον.

2261 5015 2353 5088 83)
2395 5012 2774 5092 Κοιίιίοισκαφὴν⁵
2817 5019 2918 5092 τῆς
2961 5015 3407 5092 ⁸ΣυρακούσηςἈ
3436 5021 3573 5092 Ηοο-
3615 5018 3822 5092 εγω-..

2167 5085 2867 5160 cusnexcidium'attigit
2898 5085 3077 5160 etiam
3105 5085 3526 5147 Constantinus
3559 5089 3617 5144 in
3651 5085 3816 5144 Basi-

2166 5159 2348 5234 lio,n_.
2384 5159 2472 5225 49,
2504 5163 2563 5214 et
2579 5176 2660 5234 ex
2709 5157 3128 5234 eo'Scylitzes,
3163 5169 3220 5217 et
3249 5163 3345 5219 alii
3383 5179 3396 5218 :
3431 5162 3530 5234 sed
3557 5178 3672 5234 pra:
3704 5177 3818 5217 cas-

2165 5233 2308 5288 teris
2331 5232 2482 5308 hanc
2506 5231 2670 5308 urbis
2689 5229 3084 5308 calamitatem
3113 5229 3818 5308 descripsit_Theodosius

2167 5303 2494 5359 monachus
2537 5303 2592 5356 in
2629 5303 2888 5373 Epistola
2931 5305 3002 5359 ad
3046 5303 3820 5364 Leonem’archidiaconum

2166 5377 2236 5450 de
2261 5377 2643 5450 Syracusanae
2670 5375 2847 5450 prbis
2887 5381 3339 5450 expugnatione,
3373 5395 3500 5450 quas
3553 5383 3821 5434 servatur

2163 5447 2223 5522 in
2260 5445 2620 5522 Bibliotheca
2665 5445 2724 5501 S.
2747 5445 3080 5522 _Servatoris
3123 5445 3428 5522 Messanae,
3455 5455 3516 5506 et
3541 5466 3714 5522 quam
3747 5465 3820 5505 ex

2166 5519 2362 5605 graeco
2398 5518 2699 5603 Lati-nitate
2729 5519 3004 5605 donatam
3039 5520 3360 5605 descripsit
3392 5518 3660 5605 Bocchus
3684 5521 3822 5605 Pyr-

2165 5591 2312 5648 rhus
2339 5591 2398 5645 in
2430 5592 2697 5668 episcopis
2728 5590 3130 5668 Syracusanis,
3157 5595 3216 5650 in
3239 5590 3366 5668 “qua
3395 5600 3450 5652 et
3481 5596 3698 5668 famem
3729 5590 3820 5648 in-

2165 5668 2400 5736 gentem
2434 5680 2467 5718 a
2488 5664 2712 5736 civibus
2744 5678 3084 5736 perpessam
3117 5666 3177 5722 in
3209 5664 3372 5724 urbis
3398 5666 3728 5733 obsidione,
3760 5668 3820 5720 et

2165 5733 2362 5793 clades
2393 5752 2427 5792 a
2450 5733 2726 5794 Barbaris
2746 5733 2879 5796 istis
2905 5737 3216 5800 Saracenis
3236 5739 3432 5799 illatas
3463 5735 3819 5797 Christianis
