4142 6358
200 60 211 77 γ’
267 47 350 95 .1:
408 35 598 97 ’μ”ἰο
672 52 729 79 ἶνιν
777 40 977 77 τῖε.ὶὲᾍῖ
1046 48 1071 65 ⁷(
1108 50 1115 55 ⁸
1174 54 1195 71 κ

202 90 235 111 Τ
298 88 369 105 καθ’
444 96 459 107 ιδ
516 86 537 111 ξ’
1140 90 1147 91 7

373 322 459 383 57
672 362 675 365 »
1703 319 2058 384 ΑΝΝΑΙδΙΗῙ

2167 317 2303 379 LIB.
2351 318 2513 381 XVI.
3734 319 3813 381 58

375 449 616 531 εἴρηται,
675 450 1015 530 ὲξυπηρὲτει,
1064 451 1221 517 οὗτος
1273 454 1303 508 ὁ
1356 452 1613 532 βασιλεὺς
1671 449 2039 532 συγκατῆλθεν

2167 454 2274 508 Cur
2302 450 2741 524 TheOphililzen
2775 449 3095 524 principem
3125 449 3439 522 illustrem,
3470 453 3527 507 et
3556 451 3816 524 impera“

374 541 568 616 ὲκείνῳ
598 540 676 605 εἰς
700 539 1114 617 Πελοπόνησον,
1146 542 1236 599 καὶ
1267 542 1344 607 εἷς
1373 544 1466 600 τὸν
1496 548 1594 600 τοῦ
1625 543 1780 620 ἁγίου
1812 541 2041 599 ἀποστό-

376 631 483 689 λου
515 630 776 708 Ἀνδρέου
806 634 932 689 ναὸν
966 632 1189 704 εἰσῆλθε
1217 633 1310 691 σὺν
1338 639 1418 709 τῷ
1446 634 1620 710 κυρίῳ
1652 634 1835 691 αὐτοῦ.
1869 635 1968 691 Ἤν
1998 629 2043 686 δ’

2152 540 2379 597 toribus
2413 543 2728 612 cognatum
2762 555 2952 611 neque
2981 538 3239 611 alloquio
3262 553 3448 610 neque
3472 539 3589 596 ullo
3621 539 3812 597 ofﬁcio

2157 631 2436 702 dignatus
2467 628 2988 696 esset,ministrum
3023 645 3160 685 vero
3192 628 3319 699 ejus
3342 627 3553 684 affatus
3580 633 3736 686 esset
3759 635 3819 686 et

1651 736 1854 798 Variae
1905 731 2203 794 lectiones
2252 733 2315 790 el
2358 736 2547 789 notae.

385 831 1271 907 muniterdentibusmandebant
1317 852 1582 907 primum,
1620 839 1811 907 postea
1837 832 1907 887 ad
1937 839 2044 886 ter-

390 919 512 959 ram
542 903 784 978 allisum,
814 905 1152 978 petitumque
1200 903 1498 978 lapidibus,
1533 903 1651 961 tum
1699 906 1923 962 demum
1949 919 2044 959 ex—

391 977 636 1031 saturati
660 974 1031 1047 reliquerunt.
1054 974 1285 1033 'Verun'i
1327 979 1392 1035 de
1439 974 1525 1033 his
1573 979 1736 1034 alias.
1785 978 1890 1046 Ego
1918 990 2048 1031 vero

389 1050 489 1120 qui
506 1049 643 1117 jam
671 1050 875 1104 iterum
902 1066 1028 1105 cum
1064 1052 1315 1121 episcopo
1359 1053 1422 1106 in
1465 1053 1711 1120 gratiam
1751 1049 2044 1116 redieram,

389 1121 642 1194 atquein
686 1123 948 1192 episcopii
995 1123 1200 1193 templo
1247 1139 1361 1176 una
1398 1139 1521 1177 cum
1567 1124 1684 1194 ipso
1711 1123 1870 1176 statis
1904 1135 2048 1194 pre,-

383 1192 543 1246 cibus
575 1191 711 1246 hora
742 1191 901 1247 sexta
940 1191 1183 1265 cperam
1226 1194 1438 1262 debam,
1473 1191 1677 1249 turrim
1708 1210 1742 1248 a
1784 1191 2050 1248 Barbaris

383 1270 774 1337 expugnatam
801 1263 1030 1319 auribus
1057 1265 1194 1337 cepi,
1214 1281 1341 1322 eum
1361 1265 1429 1320 ad
1456 1265 1620 1335 ﬁnem
1650 1265 1889 1321 cantiici
1921 1278 2047 1337 ven-

385 1343 505 1390 tum
527 1343 684 1390 esset.
718 1336 833 1404 Quo
862 1338 1060 1392 nuntio
1100 1335 1213 1392 non
1242 1337 1532 1393 mediocris
1559 1337 1674 1406 fuit
1699 1335 2050 1392 audientium

392 1408 605 1481 animis
631 1423 803 1477 pavor
820 1408 1072 1481 injectus.
1099 1410 1313 1464 Etenim
1340 1408 1542 1480 quidni
1570 1413 1881 1464 timendum
1912 1414 2051 1481 esset

383 1479 447 1532 in
475 1483 739 1534 cruentas
767 1479 1006 1535 hostium
1027 1496 1222 1535 manus
1244 1479 1371 1535 mox
1393 1482 1690 1537 certissime
1710 1479 2050 1536 incursuris?

388 1549 647 1623 animum
676 1553 859 1606 tamen
888 1551 1256 1622 quoquomodo
1303 1553 1649 1623 recipientes,
1698 1551 1828 1606 dum
1872 1550 2052 1606 adhuc

387 1621 570 1675 hostes
586 1625 716 1697 ante
766 1621 1111 1697 prospectum
1141 1624 1339 1697 templi
1375 1621 1432 1679 in
1464 1624 1838 1697 deprwrlando
1872 1629 2054 1697 essent

389 1694 667 1767 occupati,
692 1695 839 1767 nudi
861 1710 928 1749 ac
956 1695 1252 1750 verecundi
1290 1694 1823 1767 (quippe'detraetis
1869 1696 2053 1749 omni-

389 1712 667 1763 occupau,
698 1712 837 1749 nuai
861 1712 928 1749 ac
956 1712 1249 1750 verecundi
1290 1712 1308 1764 ί
1351 1712 1520 1767 uippe
1561 1712 1823 1752 (retractis
1869 1712 2046 1749 omni-

384 1766 486 1819 bus
514 1764 657 1820 aliis
679 1766 1017 1839 indumentis
1036 1778 1242 1838 praeter
1263 1712 1370 1822 illa
1388 1782 1514 1839 quae
1534 1783 1605 1823 ex
1621 1771 1777 1824 corio
1798 1770 2046 1834 confecta

384 1837 782 1908 gestabamus),
824 1838 897 1893 ad
943 1837 1126 1895 altare
1170 1841 1302 1895 cedis
1347 1837 1617 1897 maxima:
1656 1855 1779 1894 cum
1833 1838 2042 1893 duobus

384 1907 525 1981 aliis
554 1907 773 1965 clericis
797 1911 1161 1981 perfugimus.
1197 1909 1571 1967 Consueverat
1607 1910 1678 1966 ad
1704 1916 1849 1966 hanc
1878 1926 2044 1965 aram

385 1979 739 2053 beatissimus
771 1979 936 2053 Pater
966 1981 1132 2037 Deum
1174 1984 1383 2038 iratum
1428 1984 1746 2048 conciliare,
1781 1997 2043 2053 opemque

382 2052 527 2122 ipsis
555 2067 658 2120 pro
684 2054 799 2108 suis
849 2051 998 2123 filiis
1045 2054 1450 2125 implorare,ac
1470 2056 1582 2110 voti
1628 2051 1842 2123 compos
1873 2051 2002 2124 ﬁeri
2027 2068 2050 2115 ;

382 2125 577 2197 quain
599 2138 668 2179 re
681 2125 850 2180 illum
866 2127 1227 2197 experientiae
1254 2127 1554 2196 miriﬁcum
1578 2126 1882 2197 sapissime
1901 2141 2048 2181 com-

381 2196 644 2268 probavit
674 2214 694 2250 :
724 2196 1041 2268 quanquam
1072 2198 1129 2252 id
1158 2200 1416 2267 temporis
1465 2196 1696 2253 arcarno
1727 2198 2050 2253 divinorum

370 2274 401 2337 j
424 2266 747 2341 udiciorum
784 2266 1013 2323 consilio
1041 2285 1221 2340 preces
1250 2266 1367 2341 ejus
1394 2270 1610 2340 rejects:
1638 2271 1881 2338 fuerant.
1916 2268 2052 2324 Cum

380 2353 513 2412 ergo
559 2339 633 2412 in
678 2340 793 2412 his_
828 2339 1066 2395 essemus
1116 2339 1381 2412 periculis
1426 2339 1729 2407 constituti,
1763 2341 1928 2412 alter
1981 2342 2050 2394 ab

375 2411 553 2465 altera
579 2410 635 2465 si
659 2409 794 2482 quid
838 2409 1129 2475 peccatum
1168 2422 1330 2479 esset,
1363 2413 1592 2468 veniam
1627 2411 1962 2483 petebamus,
1993 2426 2059 2465 ac

380 2483 631 2555 vicissim
676 2483 1032 2551 donabamus,
1080 2486 1188 2541 Deo
1262 2500 1393 2540 vero
1442 2486 1644 2555 gratiae
1709 2485 2049 2555 agebantur.

388 2553 534 2625 quod
588 2556 704 2609 ista
754 2571 873 2626 nos,
896 2558 1104 2626 perpeti
1165 2553 1510 2612 decrevisset.
1566 2558 1691 2613 Jam
1742 2553 1868 2611 vero
1922 2554 2055 2611 dum

386 2627 682 2697 episc0pus
708 2625 910 2697 angelo
940 2625 1171 2683 tutelari
1213 2644 1374 2683 suam
1432 2628 1732 2684 Ecclesium
1772 2643 2050 2683 commen-

385 2696 653 2772 daret,’et
701 2696 915 2753 adsunt
960 2700 1224 2771 extemplo
1272 2701 1447 2755 hostes
1495 2698 1785 2772 districitis
1821 2699 2050 2772 gladiis,

386 2771 1057 2843 sanguinequeperfusis,
1088 2772 1187 2843 qui
1226 2787 1321 2841 per
1370 2775 1540 2826 totam
1570 2771 1743 2827 xdem
1794 2771 2055 2841 vagantes

401 2842 547 2915 alius
592 2843 705 2915 alio
749 2841 1124 2915 deﬂectebunt,
1166 2859 1409 2915 quorum,
1448 2859 1590 2898 unus
1636 2861 1672 2898 a
1716 2844 2056 2913 circumfusa

403 2912 751 2986 multitudine
779 2912 1054 2985 digressus
1100 2912 1319 2970 sacrum
1357 2914 1538 2970 altare
1565 2915 1713 2986 adit,
1746 2915 1938 2986 ibique
1956 2930 2056 2969 nos

410 2985 553 3058 inter
577 2983 753 3058 sedem
781 2983 855 3058 et'
879 3002 1039 3040 aram
1080 2987 1370 3042 latitantes
1419 2985 1668 3058 oﬂendit,
1700 2983 2053 3058 comprehen-

405 3055 607 3125 ditque,
651 3056 802 3112 nihil
846 3065 1035 3112 tamen
1079 3059 1380 3113 barbarum
1431 3055 1492 3113 in
1540 3073 1635 3113 nos
1683 3060 1761 3112 est
1802 3055 2048 3119 molitus,

393 3142 585 3198 nempe
614 3127 714 3200 Deo
741 3143 836 3183 cor
862 3130 1040 3192 ipsius
1078 3131 1439 3199 aliquatenus
1484 3130 1875 3200 permulcente,
1906 3128 2055 3184 nihil

394 3199 725 3255 iracundum
751 3204 938 3256 sonuit
965 3206 1071 3256 aut
1098 3206 1315 3265 minax,
1343 3199 1492 3257 vultu
1515 3200 1584 3257 ad
1612 3209 1881 3257 terrorem
1909 3216 2054 3255 com-

400 3272 598 3344 posito,
629 3275 886 3344 quamvis
929 3281 1066 3327 esset
1113 3290 1241 3330 ense
1284 3272 1490 3328 nudato
1539 3277 1811 3341 armatus,
1844 3273 1942 3344 qui
1955 3274 2058 3344 fu-

392 3343 587 3416 mabat
631 3342 814 3398 adhuc
853 3343 1105 3400 calidum
1140 3346 1472 3415 sanguinem
1529 3354 1693 3416 atque
1729 3342 2059 3408 distillabat,

400 3415 451 3469 Is
480 3416 539 3469 in
569 3416 881 3487 episcopum
909 3416 1165 3485 intuitus,
1196 3417 1263 3473 ab
1310 3416 1418 3471 illo
1463 3415 1625 3487 qnam
1656 3424 1799 3472 recte
1822 3432 2059 3487 percon-

401 3490 555 3542 tatus
586 3495 683 3552 est,
715 3489 975 3558 quisnam
1025 3497 1183 3554 esset,
1233 3503 1457 3558 remque
1499 3496 1562 3543 ut
1622 3496 1744 3543 erat
1788 3488 2010 3544 edoctus
2038 3504 2059 3542 :

400 3560 662 3627 Ubinam,
723 3560 925 3630 inquit,
981 3564 1110 3615 sunt
1175 3561 1422 3617 ecclesiae
1475 3576 1635 3615 sacra
1688 3576 1818 3615 vasa
1845 3561 1870 3612 ἵ
1925 3560 2062 3615 Cum

396 3640 593 3686 autem
652 3632 990 3699 cognovisset
1043 3631 1110 3687 de
1169 3631 1301 3696 loco,
1363 3630 1542 3687 educit
1594 3648 1622 3687 e
1677 3646 1832 3687 sacro
1861 3631 2061 3701 templo

398 3717 717 3774 episcopum
744 3704 973 3759 seorsim
1002 3704 1069 3758 ab
1089 3704 1244 3759 omni
1271 3703 1585 3759 turbatione
1609 3706 1770 3774 atque
1798 3702 2058 3770 tumultu,

398 3788 613 3844 nosque
671 3789 803 3849 cum
857 3776 973 3846 ipso
1032 3779 1330 3849 tanquam__
1356 3791 1546 3849 agnos_
1573 3791 1745 3849 suum
1789 3777 2062 3849 pastorem

397 3848 702 3916 sequentes.
766 3845 1007 3919 Cumque
1053 3849 1115 3903 in
1140 3845 1430 3919 'sacellum
1484 3846 1582 3902 ubi
1636 3845 1877 3917 reposita
1903 3862 2063 3903 sacra

401 3934 541 3972 vasa
586 3918 1034 3973 asservabantur
1070 3922 1256 3976 nostra
1299 3918 1466 3975 ductu
1509 3920 1856 3989 pervenisset,
1895 3919 1957 3974 in
2001 3932 2062 3974 eo

400 4005 503 4045 nos
550 3990 793 4062 inclusos
838 3990 1063 4055 detinet,
1111 3991 1373 4062 idemque
1419 3991 1622 4062 satagit
1674 3991 1774 4046 ubi
1828 3991 2063 4062 majores

400 4065 550 4134 natu
613 4061 871 4134 barbarae
920 4063 1169 4134 nationis
1221 4061 1632 4134 quamprimum
1705 4063 2059 4117 conveniant.

406 4133 521 4206 Quo
544 4134 715 4203 facta,
745 4132 811 4206 de
838 4132 995 4189 nobis
1024 4133 1172 4206 apud
1198 4132 1345 4199 ipsos
1371 4132 1753 4206 narrationem
1796 4133 2059 4189 instituit.

414 4202 720 4270 Semnoem,
771 4204 832 4259 id
875 4207 1027 4260 enim
1057 4202 1316 4262 nominis
1335 4209 1450 4261 tum
1484 4202 1583 4260 illi
1624 4205 1886 4268 inditum,
1945 4213 2064 4259 tum

413 4275 576 4348 claris
622 4285 808 4333 ortum
860 4291 973 4332 esse
1020 4278 1343 4347 parentibus
1397 4280 1586 4348 postea
1649 4277 2058 4348 comperimus:

408 4347 562 4417 cujus
590 4349 850 4421 oratione
875 4351 1129 4421 permoti,
1161 4349 1353 4421 dicam,
1369 4347 1591 4418 melius,
1624 4348 1732 4404 Deo
1761 4347 1833 4404 ad
1863 4348 2063 4404 bonum

406 4421 616 4475 exitum
669 4419 885 4476 omnia
919 4419 1282 4492 perducente,
1338 4420 1473 4477 bene
1527 4422 1768 4476 animati
1794 4422 1970 4476 hostes
2000 4422 2060 4476 in

400 4507 504 4564 nos
552 4506 666 4547 esse
708 4500 1009 4564 coeperunt,
1073 4493 1361 4564 eodemque
1409 4492 1499 4547 die
1543 4509 1705 4549 sacra
1760 4492 2064 4564 deprzedati

2154 830 2310 895 runt,
2342 828 2494 883 urbis
2541 826 2763 881 excidio
2828 842 2943 880 una
2998 842 3183 881 omnes
3235 823 3600 880 contrucidati
3655 828 3809 880 sunt.

2155 903 2290 956 Dies
2337 899 2421 954 ibi
2460 900 2688 969 triginta
2740 898 3198 969 complevimus':
3250 904 3548 969 propterea
3595 913 3697 968 quo
3744 896 3815 952 ad

2155 968 2547 1041 Syracusanus
2581 968 2928 1025 munitiones
2974 969 3310 1025 emoliendas
3338 968 3394 1022 id
3437 970 3692 1040 temporis
3720 985 3817 1024 vo-

2158 1044 2381 1099 luerunt
2447 1046 2850 1110 consumptum.
2921 1043 3028 1096 Per
3077 1041 3217 1096 idem
3274 1042 3517 1111 spatium
3565 1057 3631 1096 ea
3686 1056 3813 1112 quae

2158 1117 2310 1170 intra
2364 1130 2652 1169 murorum
2718 1114 2988 1168 ambitum
3033 1113 3479 1175 continebantur,
3538 1112 3816 1168 incendiis

2157 1188 2450 1252 absumpta
2484 1190 2633 1241 sunt.
2667 1183 2856 1256 Captae
2905 1200 3030 1240 vero
3060 1184 3271 1255 praedas
3318 1185 3600 1256 spoliatot
3627 1189 3813 1256 fuere,

2156 1260 2409 1330 tantique
2448 1258 2631 1329 pretii,
2664 1254 2874 1329 iit—ejus
2912 1254 3176 1330 subducta
3222 1254 3363 1311 ratio
3394 1254 3599 1310 millies
3630 1254 3815 1311 mille

2155 1328 2455 1386 nummum
2485 1336 2703 1402 reperta
2749 1328 2838 1384 sit.
2889 1330 3009 1384 Non
3059 1328 3233 1382 multo
3280 1331 3397 1402 post
3445 1331 3552 1402 iter
3600 1332 3818 1402 Panor-

2157 1420 2309 1457 mum
2365 1399 2558 1457 versus
2605 1402 2868 1469 aggressi,
2911 1401 3055 1469 quod
3109 1415 3209 1454 sex
3262 1400 3480 1454 dierum
3514 1399 3816 1454 intervallo

2157 1476 2509 1555 perfecimus,
2559 1475 2701 1528 vecti
2738 1474 3012 1555 jumentis
3060 1470 3303 1555 Ltirendis
3342 1471 3599 1555 queribus
3646 1473 3815 1555 nmatis.

2157 1541 2515 1601 'Abduxerunt
2558 1559 2680 1600 vero
2729 1541 2967 1599 immites
3012 1541 3282 1616 eﬂ'erique
3327 1542 3623 1616 Ethiopes.
3675 1543 3818 1616 Tan-

2158 1619 2281 1673 dem
2335 1617 2553 1672 diurnis
2610 1617 2848 1679 :estibus,
2908 1613 3293 1685 nocturnisque
3362 1614 3665 1685 frigoribus
3734 1613 3818 1668 di-

2163 1692 2375 1752 vexati,
2412 1689 2501 1743 die
2528 1687 3190 1758 septimo,cumiinterdiu
3220 1690 3486 1756 noctuque
3516 1687 3625 1741 iter
3642 1690 3824 1756 facere

2164 1778 2279 1816 non
2321 1763 2521 1831 fuisset
2547 1757 2806 1821 desitum.
2855 1757 3278 1814 celeberrimam
3307 1829 3313 1831 _
3342 1758 3660 1831 civibusque
3703 1761 3824 1827 fre-

2161 1829 2412 1904 quentem
2436 1831 2628 1904 urbem
2668 1830 3041 1904 Panhormum
3083 1829 3315 1904 icgressi
3357 1846 3566 1904 sumus,
3598 1830 3822 1904 obviam

2158 1901 2322 1976 iactis
2351 1903 2728 1976 nobisuurbem
2756 1901 3601 1976 ingredientibus,popularibus
3632 1902 3730 1970 qui
3757 1901 3821 1956 ob

2158 1972 2418 2049 laetitiam
2449 1973 2636 2049 effusi,
2687 1975 2960 2049 epinicia
2983 1974 3378 2049 concinebant;
3418 1972 3657 2049 dumque
3676 1986 3820 2049 prae.

2158 2048 2258 2104 das
2304 2050 2365 2103 in
2412 2044 2603 2102 urbem
2650 2044 2878 2102 victores
2938 2046 3234 2117 importare
3279 2044 3557 2101 viderent.
3603 2046 3822 2100 Paeanis

2162 2122 2478 2191 faustisque
2506 2117 2995 2191 acclamationibus
3036 2117 3404 2191 excipiebant.
3443 2121 3577 2174 Jam
3604 2132 3733 2171 vero
3764 2118 3826 2170 in

2158 2189 2350 2247 urbem
2382 2189 2712 2256 secedentes,
2745 2199 2866 2245 tum
2911 2189 3130 2244 demum
3157 2190 3521 2259 comperimus
3551 2202 3820 2243 convena-

2159 2281 2285 2320 rum
2330 2278 2394 2318 ac
2439 2264 2647 2318 civium
2708 2260 3119 2316 multitudinem
3156 2261 3325 2331 juxta
3381 2261 3596 2330 famam
3643 2260 3820 2329 illius,

2159 2335 2411 2406 nihilque
2440 2335 2710 2407 imparem
2741 2333 2995 2404 opinioni
3021 2340 3226 2390 nostrae
3262 2334 3449 2407 fuisse.
3496 2331 3644 2388 Illuc
3672 2333 3824 2386 enim

2160 2404 2483 2462 universum
2516 2404 2936 2462 'Saracenorum
2979 2420 3154 2476 genus
3193 2404 3486 2474 conﬂuisse
3534 2407 3758 2476 putares
3788 2420 3823 2458 a

2161 2480 2293 2535 solis
2322 2482 2449 2535 ortu
2491 2487 2542 2533 et
2570 2494 2789 2546 occasu,
2820 2477 2887 2532 ab
2918 2475 3187 2547 aquilone
3214 2483 3267 2531 et
3297 2478 3466 2543 mari,
3498 2476 3670 2547 juxta
3701 2475 3828 2547 bea-

2161 2552 2369 2607 tissimi
2414 2549 2636 2605 Davidis
2693 2546 3017 2605 consuetum
3075 2547 3331 2619 loquendi
3382 2563 3608 2602 morem.
3668 2546 3822 2604 Unde

2161 2625 2223 2678 in
2279 2627 2437 2678 tanta
2475 2622 2837 2678 incolentium
2877 2621 3109 2675 colluvie
3124 2621 3491 2691 coangustati,
3517 2621 3574 2674 in
3591 2619 3829 2673 circuitu

2161 2694 2300 2751 (edes
2325 2698 2540 2750 struere
2569 2697 2736 2763 atque
2784 2692 3037 2748 habitare
3068 2693 3405 2764 incaperunt
3435 2691 3575 2745 adeo
3610 2699 3667 2745 ut
3693 2706 3818 2764 per-

2160 2767 2368 2823 multas
2396 2765 2701 2836 adjacentes
2758 2764 2919 2819 urbes
2964 2763 3265 2836 posuerint,
3308 2764 3672 2834 primariam
3702 2763 3826 2836 quis

2162 2840 2344 2908 vellet,
2401 2835 2472 2892 ad
2513 2836 2942 2909 oppugnandum
2966 2835 2971 2836 ⁷
2994 2838 3044 2890 et
3099 2836 3519 2908 repugnandum
3558 2850 3672 2909 non
3721 2835 3829 2909 im-

2159 2907 2339 2982 pares.
2371 2912 2511 2967 Cum
2537 2907 2734 2982 igitur,
2766 2916 2828 2962 ut
2851 2907 3038 2982 dicere
3067 2907 3656 2982 institui,ne_quissima
3684 2907 3823 2982 urbs

2162 2976 2412 3037 omnium
2439 2981 2731 3049 potiretur,
2755 2980 3134 3043 contarchum,
3159 2980 3387 3048 imperii
3398 2976 3601 3033 nomen
3633 2976 3699 3032 id
3719 2981 3820 3049 est,

2164 3056 2256 3108 sui
2291 3046 2534 3108 nominis
2575 3046 2897 3123 celebritate
2945 3046 3263 3123 neutiquam
3308 3052 3542 3118 dignum
3568 3046 3832 3123 putavit,

2165 3125 2333 3180 donec
2373 3139 2472 3179 nos
2513 3124 2611 3179 sub
2648 3122 2848 3193 jugum
2895 3122 3158 3178 mitteret.
3191 3124 3341 3192 Quin
3368 3131 3423 3176 et
3455 3137 3509 3176 se
3548 3122 3831 3193 facturum

2169 3197 2450 3269 promittit
2499 3203 2577 3269 et_
2605 3192 2992 3269 comminatur,
3027 3198 3089 3269 ut
3112 3195 3230 3269 abs
3267 3209 3342 3269 se
3402 3193 3559 3269 longe
3586 3192 3828 3269 Δρορςίιοθς,

2171 3264 2336 3340 atque
2382 3267 2512 3323 adeo
2555 3267 2731 3335 ipsius
2777 3267 3148 3340 imperatricis
3188 3265 3342 3340 urbis
3387 3264 3637 3340 viros_in
3673 3280 3831 3340 suam

2170 3335 2391 3409 redigat
2431 3335 2868 3409 potestatem...‘
2913 3336 3006 3392 His
3059 3339 3137 3393 ita
3200 3353 3259 3392 se
3313 3335 3671 3409 habentibus,
3718 3338 3836 3406 post

2171 3406 2322 3467 diem
2351 3406 2609 3481 quintam
2658 3408 2728 3463 ad
2779 3409 3049 3477 maiorem
3095 3409 3344 3481 Amiram
3393 3406 3824 3481 introducimur.

2171 3488 2227 3541 Is
2273 3477 2456 3538 autem
2499 3482 2582 3536 ad
2633 3481 2903 3536 solarium
2958 3480 3192 3551 superbe
3233 3483 3295 3537 in
3358 3480 3497 3535 solio
3543 3477 3829 3534 considens

2174 3556 2330 3612 valde
2373 3555 2483 3610 sibi
2528 3569 2597 3607 ex
2645 3554 2941 3625 tyrannica
2970 3555 3228 3625 potestate
3273 3552 3543 3622 placebat,
3572 3553 3625 3605 et
3660 3566 3827 3625 quasi

2168 3626 2401 3683 mantile
2427 3625 2602 3681 nobis.
2636 3623 2851 3696 ipsique
2896 3624 3139 3679 medium
3184 3640 3513 3693 suspensum
3550 3623 3839 3696 utrimque

2170 3697 2475 3770 aspectibus
2502 3694 2916 3770 obversabatur.
2949 3696 3163 3770 Sistunt
3193 3697 3513 3770 episcopum
3540 3694 3792 3770 ministri
3814 3709 3831 3745 :

2173 3768 2289 3827 tum
2320 3770 2415 3824 ille
2463 3783 2562 3840 per
2589 3768 2938 3832 interpretem
2979 3785 2998 3821 :
3034 3769 3214 3830 Tenes,
3266 3768 3501 3840 inquit,
3526 3768 3831 3820 nostratem

2170 3841 2370 3900 orandi
2396 3839 2618 3895 medum
2637 3843 2663 3892 .’
2690 3840 2932 3905 Minime,
2962 3840 3145 3910 inquit
3186 3839 3632 3910 sapientissimus
3677 3851 3835 3909 prae-

2169 3915 2278 3971 sul.
2313 3915 2364 3969 Is
2390 3928 2520 3968 vero
2554 3928 2568 3968 :
2601 3910 2768 3979 Cujus
2785 3913 2872 3967 rei
2897 3913 3088 3980 gratia
3108 3911 3136 3965 ?
3161 3910 3462 3978 Respondet
3492 3910 3776 3981 episcopus
3813 3924 3826 3961 :

2172 3985 2324 4056 Quod
2368 3999 2620 4039 summus
2665 4000 2761 4055 ego
2800 3983 3049 4056 sacerdos
3097 3982 3303 4056 Christi
3330 3999 3473 4050 sum,
3506 3982 3840 4056 Christique

2169 4052 2456 4114 servorum
2484 4052 2860 4127 mystag‘ogus,
2893 4054 2957 4109 de
2984 4070 3087 4127 quo
3123 4053 3404 4127 praphetae
3442 4062 3493 4110 et
3515 4054 3660 4125 justi
3696 4052 3828 4127 olim

2170 4129 2468 4186 vaticinati
2493 4124 2635 4182 sunt.
2671 4124 2812 4183 'Non
2848 4124 3007 4191 sunt,
3064 4124 3245 4197 inquit
3290 4124 3525 4194 Amiras,
3558 4124 3713 4197 apud
3734 4138 3840 4197 nos

2169 4217 2365 4258 revera
2390 4202 2669 4270 prophetxi
2700 4206 2826 4254 sunt
2853 4213 2977 4254 vero
3005 4192 3229 4252 nomine
3257 4215 3275 4250 :
3304 4212 3416 4252 non
3443 4192 3687 4253 enim'ab
3718 4192 3841 4270 illis

2170 4264 2446 4329 alienatus
2475 4264 2584 4326 esse
2613 4269 2679 4325 ob
2727 4274 2849 4326 tuas
2896 4270 3192 4335 doctrinas,
3242 4284 3416 4340 neque
3461 4285 3493 4324 a
3541 4270 3689 4323 recta
3709 4264 3832 4340 ﬁde

2169 4345 2482 4416 deﬂexisse:
2511 4359 2529 4396 :
2560 4342 2621 4396 in
2650 4343 2885 4397 circuitu
2924 4341 3073 4416 enim
3119 4337 3639 4416 imhiiiambulant.
3688 4337 3838 4416 Quid

2171 4412 2321 4473 enim
2352 4416 2667 4487 prophetam
2712 4424 2963 4487 nostrum
3006 4412 3360 4487 blasphemiis
3384 4413 3666 4487 rimpetitis
3689 4424 3792 4487 vos
3818 4412 3841 4464 ?

2185 4484 2417 4546 Minime
2444 4484 2541 4544 nos
2569 4486 2860 4557 prophetas
2890 4485 3332 4555 blasphemanus.
3375 4486 3594 4557 Excipit
3624 4484 3837 4557 episco-

403 4543 600 4637 lerant
827 4543 1440 4637 Hmhafpé'riéui
1450 4543 1646 4633 'bpéiis'
1672 4543 2073 4637 Euthia;
2101 4543 2149 4609 D
2317 4543 2833 4637 :_Propterea'q_uod
2845 4573 2954 4612 non
2976 4543 3035 4612 in
3061 4543 3593 4637 prophetasinve'hi,
3628 4543 3719 4637 sed
3737 4569 3840 4623 pro

404 4635 489 4691 lia
522 4635 798 4707 librarum
827 4637 1106 4707 ponderis)
1154 4635 1394 4707 captivos
1438 4652 1543 4691 nos
1584 4653 1656 4693 ex
1682 4635 1835 4692 urbe
1884 4636 2072 4707 egredi

399 4709 661 4779 fecerunt
689 4723 709 4761 :
738 4706 941 4775 dolore,
972 4711 1035 4763 ut
1062 4706 1311 4765 amittam
1348 4716 1568 4777 cretera,
1598 4706 2068 4765 vehementiam-

399 4781 583 4850 fectos
611 4780 773 4854 atque
799 4779 871 4834 ad
898 4781 1171 4854 Amiram,
1199 4782 1298 4854 qui
1319 4781 1404 4854 Ain
1442 4781 1617 4837 veteri
1639 4781 1874 4854 majore
1900 4780 2070 4836 eccle-

397 4866 493 4907 sia
521 4850 838 4906 consederat
866 4850 1254 4908 traduxerunt.
1282 4852 1382 4907 llic
1409 4860 1595 4908 autem
1622 4853 1681 4907 in
1713 4850 1827 4908 una
1855 4867 2068 4920 earum,

406 4937 541 4994 quae
593 4923 676 4978 ibi
728 4924 1175 4993 reperiebantur,
1221 4939 1457 4996 camera
1505 4924 1783 4980 conclusos
1820 4924 2066 4996 reliquit.

398 4996 534 5051 Illic
563 4995 892 5051 omnimodis
921 4995 1285 5052 incommodis
1328 4996 1483 5068 afﬁci
1526 4997 1909 5068 corpusculum
1941 4995 1951 4996 ί
1961 4998 2073 5066 fuit

399 5081 625 5122 necesse
672 5084 686 5122 :
730 5083 863 5123 nam
900 5073 956 5124 et
983 5070 1147 5136 gravi
1186 5067 1353 5123 odore
1400 5067 1549 5123 lacus
1595 5069 1839 5138 repletus
1883 5075 1978 5135 est,
2009 5083 2072 5125 eo

398 5139 612 5211 scilicet
665 5141 762 5211 qui
814 5154 884 5194 ex
939 5140 1294 5196 naturalibus
1358 5143 1724 5211 excrementis
1799 5140 2070 5206 exoritur,

398 5209 684 5266 vermibus
736 5212 902 5266 etiam
960 5212 1059 5285 qui
1101 5213 1274 5267 solent
1335 5211 1395 5265 in
1469 5210 1997 5285 diemingenerari
2022 5218 2075 5268 et

400 5289 640 5341 scatere.
669 5298 791 5354 nec
836 5282 1260 5340 non'muribus
1302 5291 1550 5339 consueto
1607 5282 1686 5340 ibi
1732 5282 2070 5354 degentibus,

400 5358 529 5410 tum
578 5352 958 5428 pedicularum
1000 5357 1280 5421 examine,
1330 5358 1385 5410 et
1428 5356 1708 5421 cimieum,
1740 5352 2072 5428 et’pulicum

401 5426 800 5501 prapemodum
826 5429 1164 5501 exercitibus
1199 5427 1495 5501 inhorruit.
1534 5429 1597 5485 Ut
1626 5443 1751 5483 vero
1779 5426 1899 5484 nox
1915 5430 2074 5501 facta

407 5497 513 5571 est,
563 5497 806 5554 tenebris
832 5500 1023 5556 obruti
1048 5516 1236 5555 sumus
1278 5498 1377 5555 sub
1426 5501 1625 5556 tectum
1659 5503 1835 5571 ferme
1882 5497 2075 5557 caden-

400 5570 576 5645 tibus.
606 5571 779 5645 Fumo
823 5573 1000 5627 etiam
1046 5572 1144 5643 qui
1182 5574 1326 5643 forte
1364 5578 1588 5628 externo
1641 5570 1806 5644 ﬁebat
1858 5573 2075 5645 oppleta

393 5641 617 5708 domus,
649 5644 752 5713 qui
796 5647 851 5697 et
891 5641 1324 5713 respiratiOnem
1367 5645 1587 5700 miseris
1638 5641 1974 5713 interclusit,
2024 5646 2075 5701 et

392 5718 623 5770 mutuos
667 5724 914 5786 aspectus
952 5731 1205 5771 maxima
1263 5730 1333 5772 ex
1375 5720 1535 5786 parte
1572 5719 1733 5773 nobis
1758 5717 1977 5773 ademit.
2010 5717 2075 5772 In

399 5787 515 5860 hac
543 5788 660 5860 ipse
677 5800 910 5860 camera
955 5803 1085 5860 cum
1107 5801 1267 5844 sacro
1310 5788 1589 5860 antistite,
1620 5794 1673 5846 et
1700 5789 1879 5846 altera
1909 5805 1944 5845 a
1970 5788 2078 5844 cle-

400 5857 540 5918 ricis
562 5857 839 5931 fratribus
864 5859 1097 5934 confecti
1119 5861 1340 5935 fuimus
1369 5877 1391 5917 :
1417 5875 1551 5920 nam
1569 5857 1678 5936 qui
1718 5861 1925 5936 reliqui
1953 5860 2072 5934 fue~

78 6292 79 6295 η
178 6268 185 6271 ⁷
212 6270 237 6273 νί
262 6268 299 6295 ξ’
324 6270 393 6283 ηρ
420 6268 495 6297 τῇ

78 6272 579 6358 φωμ

2179 4626 2314 4705 ipsis
2345 4626 2500 4705 loqui
2518 4626 2924 4705 magniﬁceque
2952 4626 3173 4705 sent—ire
3204 4628 3607 4705 condidicimus
3635 4643 3650 4684 :
3700 4626 3846 4705 hunc

2177 4698 2302 4761 vero
2333 4698 2430 4776 qui
2458 4698 2625 4775 apud
2654 4698 2750 4776 vos
2794 4698 2998 4776 colitur
3040 4703 3382 4772 ignoramus.
3430 4702 3533 4757 His
3563 4698 3842 4776 responsis

2181 4771 2465 4842 attonitus,
2491 4771 2784 4846 'Vextemplo
2828 4789 2927 4846 nos
2973 4775 3035 4827 in
3065 4771 3354 4846 carcerem
3400 4772 3638 4846 retrudi
3645 4771 3824 4846 jubet.

2177 4849 2336 4905 Ducti
2362 4843 2748 4903 incedebamus
2775 4845 2957 4902 media
2985 4844 3137 4901 urbis
3171 4845 3351 4916 platea
3382 4846 3443 4900 in
3470 4843 3839 4915 popularium

2179 4923 2466 4992 conspectu
2499 4935 2512 4974 :
2549 4917 3295 4992 Christianorumpermulli
3339 4916 3842 4992 subsequebantur,

2181 4992 2248 5049 de
2286 4988 2478 5048 nostra
2523 4992 2756 5046 miseria
2800 5006 2913 5046 non
2968 4988 3190 5044 obscure
3239 4989 3681 5061 ejulanlcs,nec
3733 5000 3847 5061 non

2181 5066 2480 5122 contraria
2527 5070 2690 5120 secta:
2745 5061 2992 5118 homines
3061 5058 3345 5131 spectanti
3417 5059 3596 5116 studio
3665 5058 3846 5113 exciti

2181 5153 2279 5193 nos
2336 5134 2824 5206 constipaverant,
2857 5133 3333 5206 inquirebantque
3389 5133 3645 5206 quisnam
3696 5136 3851 5206 esset

2181 5202 2570 5265 celeberrimus
2635 5204 2740 5261 ille
2799 5202 3114 5262 Siciliensis
3179 5202 3632 5275 archiepiscopus.
3693 5202 3845 5256 Hunc

2181 5281 2486 5351 admodum
2501 5281 2769 5351 pupulum
2789 5279 3063 5334 evasimus
3073 5296 3097 5343 ;
3106 5277 3326 5351 tandem
3352 5277 3411 5331 in
3445 5276 3832 5351 demosterium

2185 5348 2577 5425 [δεσμωτήρὶν]
2654 5351 3037 5425 conjicimur__;_
3112 5349 3177 5425 id_
3246 5357 3431 5404 autem
3516 5348 3674 5425 lacus
3756 5349 3839 5401 est

2184 5419 2423 5498 quatuor
2447 5419 2617 5498 supra
2646 5419 3120 5498 decemgradibus
3143 5419 3461 5498 depressum
3508 5420 3713 5476 habens
3739 5435 3843 5498 pa-

2184 5438 2423 5498 quatuor
2447 5440 2617 5496 supra
2646 5438 2826 5478 aeeem
2848 5438 3115 5548 praawus
3143 5438 3461 5492 aepressum
3508 5438 3713 5476 naoens
3739 5438 3841 5490 pa-

2181 5499 2509 5577 uimentum,
2536 5494 2678 5577 adeo
2729 5503 2792 5549 ut
2822 5494 2914 5577 ili
2962 5494 3220 5577 ostiolum
3263 5508 3361 5577 pro
3402 5494 3655 5577 fenestra
3682 5494 3841 5577 esset.

2183 5569 2439 5626 Tenebrae
2488 5566 2578 5622 hic
2608 5581 2780 5624 merae
2807 5572 2857 5621 et
2897 5565 3222 5637 palpabiles,
3266 5564 3482 5621 lumine
3511 5569 3728 5622 tantum
3759 5564 3843 5637 lu-

2182 5657 2362 5698 cernae
2400 5638 2489 5696 vel
2535 5637 2788 5694 interdiu
2834 5636 3187 5709 aliquatenus
3244 5637 3599 5693 collustratx.
3648 5636 3843 5709 Neuti-

2183 5729 2349 5786 quam
2375 5713 2433 5767 in
2467 5712 2569 5768 ista
2599 5725 2816 5786 carcere
2861 5707 3152 5786 luciferum
3196 5724 3360 5786 mane
3388 5711 3731 5786 exorientem
3756 5707 3845 5778 fas

2182 5781 2262 5842 est
2287 5786 2678 5856 aspicere,non
2709 5782 2900 5856 tunam
2929 5781 3120 5839 radios
3146 5781 3506 5856 emittentem.
3537 5781 3846 5856 Corpuscu:

2183 5858 2303 5918 tum
2331 5849 2421 5916 hic
2447 5849 2661 5917 asticis
2679 5852 2959 5915 caloribus
2972 5867 3297 5928 percussum
3312 5854 3500 5927 (xstus
3522 5849 3675 5913 enim
3700 5849 3845 5925 erat)
