4142 6376
333 297 412 356 59
1691 288 2018 356 JOANNIS
2062 290 2404 352 ZONARIE

3679 280 3762 342 60

333 427 881 502 honorassetﬂonge
901 443 1083 500 supra
1104 425 1830 500 conditionemejus?Nam
1853 440 1989 481 cum

2106 421 2276 478 ἐκεῖσε
2303 421 2630 500 προσμένων
2687 419 2932 497 μοναχός
2973 440 3081 494 τις,
3125 415 3574 491 ἀντιποιούμενος
3629 414 3760 491 ἄρε-

332 519 688 575 monachum
720 522 942 586 nosset,
967 518 1024 574 id
1047 535 1180 574 eum
1209 535 1320 574 non
1351 521 1565 574 temere
1598 517 1801 574 fecisse
1831 513 1987 572 arbi-

331 611 617 665 trabatur.
654 613 724 664 At
763 607 862 664 ille
909 625 922 663 :
958 608 1401 679 Theophilitzem,
1434 606 1649 679 inquit,
1706 607 1990 678 privatum

331 698 449 754 vidi
473 699 750 756 Basiliam
783 714 908 755 vero
939 699 1345 768 imperatorem,
1377 713 1556 768 caque
1602 695 1668 751 de
1691 712 1856 751 causa
1889 693 1990 748 ho-

332 801 526 844 nOrem
553 789 604 845 ei
633 793 690 844 ut
722 788 1044 860 imperatori
1084 787 1273 842 habui.
1317 788 1462 841 Scito
1486 787 1639 841 enim
1669 801 1794 840 eum
1823 800 1853 838 a
1888 783 1991 837 Deo

334 879 722 950 imperatorem
741 879 1101 952 designatum
1120 893 1248 933 esse.
1275 875 1497 942 Quibus
1523 873 1732 932 mulier
1751 871 1990 942 auditis,

335 967 616 1023 Basilium
646 972 777 1040 post
805 968 1128 1023 discessum
1161 965 1251 1022 sui
1283 965 1527 1033 domini,
1557 969 1839 1036 aegrotum
1875 961 1994 1017 illic

334 1055 626 1126 relictum,
650 1056 708 1112 in
741 1073 880 1112 suas
903 1057 1054 1111 aedes
1076 1054 1310 1126 recepit,
1345 1062 1659 1127 curataque
1689 1058 1747 1110 et
1776 1053 1985 1108 conﬁr-

335 1150 495 1202 mata
511 1143 1165 1216 valetudine,persuasit
1181 1148 1242 1199 ut
1255 1144 1344 1199 sui
1369 1142 1472 1198 lilii
1496 1140 1994 1214 frateradoptivus

331 1251 461 1290 esse
491 1233 682 1305 vellet,
717 1251 782 1290 ac
813 1235 949 1290 data
973 1233 1243 1306 pecunia,
1276 1231 1589 1305 imperium
1623 1231 1674 1288 ei
1706 1230 1992 1304 praedixit,

331 1340 508 1379 orans
568 1328 633 1378 ut
709 1321 1110 1394 principatum
1163 1322 1434 1394 adeptus,
1498 1320 1599 1376 lilii
1653 1319 1864 1392 suique
1921 1319 1995 1391 (si

339 1411 532 1467 adhuc
562 1410 622 1467 in
654 1411 796 1467 vivis
829 1413 1008 1483 esset}
1041 1427 1157 1466 non
1199 1410 1660 1466 oblivisceretur.
1695 1407 1794 1464 His
1826 1407 1993 1463 actis.

333 1499 587 1556 Basilius
618 1499 913 1570 discessit,
976 1498 1079 1554 illa
1117 1517 1272 1568 vero,
1311 1499 1362 1554 ei
1386 1515 1588 1554 recens
1621 1497 1865 1570 imperio
1893 1513 1995 1568 po-

335 1589 462 1656 tito,
507 1605 644 1644 cum
695 1589 814 1645 ﬁlio
862 1587 1434 1660 Constantinopolim
1484 1589 1761 1660 profecta,
1811 1587 2000 1642 multa

333 1678 592 1750 pretiosa
625 1695 873 1734 numera
915 1677 1150 1744 obtulit,
1182 1695 1360 1750 quam
1413 1677 1511 1732 ille
1553 1677 1871 1732 honoriﬁce
1901 1694 1996 1732 ex-

330 1767 485 1840 cepit
533 1769 782 1840 eiusque
831 1767 1042 1836 lilium,
1105 1784 1280 1868 quem
1333 1767 1572 1868 fratrem
1629 1765 1994 1866 spiritualem
2030 1803 2077 1868 Β

337 1861 548 1912 nactus
615 1857 806 1912 fuerat
865 1856 1344 1930 protospatharii,
1395 1849 1682 1929 dignitate
1737 1855 1989 1912 ornavit.

331 1945 498 2003 dides
518 1963 716 2002 sacras
759 1944 1004 2002 diversis
1053 1953 1220 2002 terrae
1270 1945 1526 2002 motibus
1576 1944 1867 2018 collapsas
1910 1945 1998 2001 in-

333 2035 641 2107 stauravit,
692 2041 868 2107 atque
914 2035 1091 2091 etiam
1145 2051 1424 2107 magnum
1469 2035 1749 2092 fornicem
1791 2033 1998 2106 templi

331 2129 555 2182 Sancta:
611 2124 842 2198 Sophia:
893 2130 1133 2198 ruptum
1189 2123 1539 2195 ruinamque
1597 2125 1994 2195 minitantem,

333 2213 627 2270 machinis
667 2214 961 2270 artiﬁcum
995 2213 1369 2280 constrinxit,
1402 2218 1459 2270 et
1492 2214 1765 2269 ﬁrmavit.
1800 2213 1997 2269 Multis

329 2302 553 2359 Judaeis
584 2303 824 2375 prmbita
854 2303 1265 2376 promissaque
1297 2304 1548 2375 pecunia
1579 2303 1897 2375 persuasit,
1926 2307 1988 2358 ut

335 2391 655 2448 Christiani
689 2392 913 2448 ﬁerent.
969 2397 1115 2448 Pace
1156 2409 1292 2448 cum
1336 2398 1510 2465 gente
1539 2392 1786 2448 Russica
1819 2393 1994 2463 facta,

331 2479 540 2546 effecit,
578 2486 644 2536 ut
680 2480 782 2538 illa
823 2481 884 2538 in
934 2482 1328 2554 cognitionem
1371 2498 1722 2538 arcanorum
1767 2487 1994 2539 nostro-

333 2587 465 2626 rum
499 2571 825 2643 perveniret
858 2589 871 2628 :
904 2575 962 2626 et
995 2588 1126 2628 cum
1163 2588 1224 2628 se
1267 2571 1548 2644 baptizari
1593 2571 1736 2629 velle
1782 2571 1996 2645 promi-

332 2661 572 2729 sissent,
606 2660 937 2732 pontificem
970 2663 1055 2718 eis
1088 2661 1265 2718 misit.
1320 2666 1601 2718 Caeterum
1655 2680 1688 2719 a
1718 2679 1826 2718 sua
1858 2661 1997 2718 reli-

332 2749 503 2821 gione
542 2750 613 2805 ad
667 2755 930 2806 nostram
986 2751 1320 2818 transituri,
1371 2752 1912 2824 tergiversabantur
1939 2756 1997 2808 et

331 2837 684 2894 dubitabant
714 2853 728 2894 :
761 2839 835 2894 Ac
859 2841 975 2895 nisi
1005 2841 1344 2896 miraculum
1373 2841 1696 2910 viderimus,
1717 2839 1997 2912 inquiunt

329 2927 619 2999 pontiﬁci,
647 2927 839 3000 qualia
865 2931 930 2983 tu
959 2931 1141 2985 multa
1169 2947 1204 2984 a
1233 2929 1456 2986 Christo
1477 2932 1626 3002 facta
1655 2947 1770 2986 esse
1797 2930 1992 2988 doces:

331 3033 622 3088 nunquam
663 3017 978 3074 doctrinam
1026 3024 1180 3076 tuam
1229 3021 1638 3092 amplectemur.
1695 3020 1846 3077 Tum
1893 3021 1991 3076 is:

337 3109 534 3174 Petite,
573 3106 786 3179 inquit,
819 3107 960 3180 quod
1004 3111 1194 3166 vultis.
1226 3111 1300 3165 At
1348 3109 1430 3165 illi
1477 3111 1750 3167 dixerunt
1781 3127 1794 3166 :
1828 3111 1996 3166 Liber

2096 518 2219 582 τῆς,
2289 511 2348 574 ὃς
2417 516 2515 567 τοῦ
2573 511 2666 586 μὲν
2739 508 3093 590 Θεοφιλίτζου
3169 505 3427 582 οὐδεμίαν
3501 501 3761 584 φροντίδα

2098 599 2388 674 πεποίητο,
2447 602 2538 657 τὸν
2605 597 2662 656 δὲ
2719 599 3000 656 Βασίλειον
3063 596 3418 671 θεασάμενος,
3452 594 3542 652 καὶ
3602 595 3759 666 ὑπεξ-

2099 691 2288 759 ανέστη
2322 691 2409 745 καὶ
2443 688 2836 763 προσεκύνησε,
2876 689 2967 745 καὶ
3011 687 3359 768 φιλοφρόνως
3413 682 3755 756 ἐδεξιώσατο.

2099 781 2240 849 Γυνή
2299 778 2354 835 δέ
2407 802 2489 844 τις
2549 781 2700 858 χήρα
2755 777 2808 836 ἐν
2861 782 2931 854 τῇ
2986 779 3146 855 χώρᾳ
3187 775 3362 851 ἐκείνῃ
3391 773 3754 852 τυγχάνουσα,

2099 869 2188 924 καὶ
2235 873 2343 924 τῶν
2378 869 2634 947 ἒγχωρίω
2658 893 2684 923 ν
2723 868 3096 947 πρωτεύουσα,
3126 865 3353 940 πλούτῳ
3381 886 3438 920 τε
3469 862 3754 940 περιῤῥεο-

2105 960 2240 1032 μὲνη
2299 959 2516 1034 πολλῷ,
2573 961 2812 1030 συνήθης
2845 959 2977 1014 οὖσα
3003 962 3081 1030 τῷ
3114 959 3364 1032 μοναχῷ,
3395 953 3484 1010 καὶ
3511 954 3759 1028 μαθοῦσα

2099 1048 2162 1103 τὸ
2191 1049 2440 1125 γεγονὸς,
2475 1047 2856 1124 μετεπέμψατο
2912 1052 3104 1104 τοῦτον
3161 1048 3252 1102 καὶ
3283 1045 3448 1121 ἤρετο
3495 1048 3615 1106 πῶς
3662 1040 3754 1096 τὸν

2107 1138 2201 1212 μὶν
2232 1136 2590 1218 Θεοφιλίτζην
2650 1135 2891 1216 ἄρχοντα
2949 1143 3244 1213 περιφανῆ,
3303 1135 3392 1190 καὶ
3441 1140 3556 1196 τοῖς
3611 1133 3758 1208 βασι-

2103 1226 2254 1284 λεῦσι
2335 1229 2470 1283 κατᾶ
2543 1227 2698 1304 ⁴γένος
2767 1229 3118 1304 προσήκοντα
3191 1222 3316 1280 οὔτε
3401 1223 3758 1300 προσρήσεως

2105 1314 2228 1372 οὔτε
2259 1314 2557 1388 ὃεξιώσεώς
2585 1339 2728 1380 τινος
2758 1315 3079 1389 κατηξίωσε,
3145 1319 3225 1388 τῷ
3277 1311 3321 1369 δ’
3383 1313 3574 1386 ἐκείνῳ
3615 1312 3758 1380 ὑπη-

2107 1411 2347 1479 ρετοῦντι
2422 1405 2511 1462 καί
2591 1407 2982 1484 προσεφώνησε
3055 1405 3147 1460 καὶ
3202 1410 3375 1479 τιμῆς
3437 1399 3758 1477 μετἐδωκεν,

2108 1497 2207 1552 οὐκ
2261 1495 2638 1572 ἀναλογούσης
2692 1500 2762 1571 τῇ
2821 1494 3138 1552 καταστάσει
3201 1493 3406 1562 αὐτοῦ,
3471 1489 3616 1548 ἀλλὰ
3667 1490 3756 1545 καὶ

2107 1584 2228 1642 λίαν
2293 1581 2750 1662 ὑπερϐαλλούσης
2811 1583 2999 1656 αὐτήνο
3061 1580 3240 1652 εἷ’καζε
3290 1582 3416 1657 γὰρ,
3466 1577 3642 1636 εἰδυῖα
3668 1578 3758 1634 τὸν

2111 1675 2376 1751 μοναχὸν,
2436 1677 2512 1748 μὴ
2545 1674 2758 1751 ἀλόγως
2784 1677 3009 1744 ποιῆσαι
3066 1674 3128 1728 τὸ
3159 1692 3411 1748 γεγονος·
3463 1671 3520 1724 Ὃ
3551 1665 3629 1740 δὲ,
3661 1669 3760 1722 Τὸν

2113 1765 2207 1839 μὶν
2265 1763 2622 1843 Θεοφιλίτζην
2672 1761 2939 1837 ἰδιώτην,
3000 1762 3144 1818 εἶπεν
3179 1807 3192 1831 ,
3249 1761 3470 1838 ἑώρων,
3537 1756 3764 1835 βασιλέα

2107 1851 2166 1910 δὲ
2221 1854 2310 1910 τὸν
2385 1853 2690 1922 Βασίλειον,
2765 1853 2854 1908 καὶ
2937 1849 3026 1907 διὰ
3097 1855 3258 1906 τοῦτο
3332 1849 3422 1906 καὶ
3479 1849 3554 1910 ὡς
3614 1847 3765 1924 βασι-

2107 1942 2202 1999 λέα
2260 1943 2352 1998 τὸν
2413 1945 2546 2020 ἄνρα
2633 1941 2922 2014 τετίμηκα.
2983 1945 3122 2006 ’Ίσθι
3180 1940 3283 2015 γὰρ
3338 1938 3412 2001 ὡς
3472 1937 3608 2014 πρὸς
3665 1939 3763 1991 τοῦ

2105 2037 2239 2088 Θεοῦ
2323 2030 2578 2108 βασιλεὺς
2645 2029 2854 2094 ἐκεῖνος
2927 2029 3248 2108 ἀφώρισται.
3335 2031 3510 2082 Ταῦτα
3593 2023 3760 2080 ἀκού-

2106 2144 2238 2178 σασα
2268 2126 2302 2193 ἡ
2357 2122 2518 2198 γυνή,
2579 2121 2694 2177 ἐπεὶ
2750 2123 2953 2192 νοήσας
2987 2119 3100 2176 ἐκεῖ
3153 2115 3482 2196 κατελείφθη
3517 2116 3546 2171 ὁ
3593 2113 3758 2172 Βασί-

2105 2211 2274 2282 λειος,
2308 2213 2608 2288 ἀπάραντος
2667 2210 2864 2266 ἐκεῖθεν
2915 2214 3013 2266 τοῦ
3069 2208 3260 2286 κυρίου
3319 2206 3504 2275 αὐτοῦ,
3564 2203 3760 2281 προσε-

2104 2297 2240 2358 λαϐε
2286 2323 2344 2357 τε
2389 2301 2552 2357 αὐτὸν
2598 2301 2674 2364 τίς
2723 2301 2814 2356 τὸν
2867 2301 3013 2356 οἶκον
3071 2298 3260 2369 αὐτῆς,
3317 2296 3408 2352 καὶ
3471 2291 3758 2370 θεραπείας

2103 2390 2304 2463 ἠξίωσε
2339 2434 2354 2461 ,
2408 2391 2499 2447 καὶ
2554 2389 2967 2468 ἀναρῥωσθὲντα
3025 2387 3338 2459 εἰσποιητὸν
3391 2381 3626 2462 ἀδελφὸν
3681 2387 3762 2455 τῷ

2104 2481 2206 2552 υἱῷ
2238 2480 2409 2550 αὐτῆς
2436 2478 2677 2557 γενέσθαι
2734 2481 2978 2550 πὲπεικε,
3029 2477 3119 2534 καὶ
3171 2478 3437 2554 χρήματα
3465 2471 3762 2548 παρέσχεν,

2106 2569 2217 2625 εἶτα
2273 2569 2360 2625 καὶ
2390 2570 2489 2638 τήν
2537 2569 2816 2646 βασιλείαν
2876 2569 3026 2640 αύτῷ
3081 2565 3479 2644 προηγόρευσε,
3529 2560 3620 2617 καὶ
3675 2559 3768 2616 ὅτε

2101 2659 2338 2732 τεύξεται
2397 2666 2499 2730 τῆς
2563 2660 2763 2734 ἀρχῆς,
2825 2660 2902 2732 μὴ
2981 2655 3331 2721 ἐπιλαθέσθαι
3393 2656 3492 2709 τοῦ
3567 2647 3769 2712 παιδὸς

2103 2749 2270 2820 αύτῆς
2299 2749 2461 2822 ἀξιοῖ,
2521 2750 2647 2822 μήτ’
2696 2747 2887 2818 αὐτῆς,
2945 2746 2995 2803 εἷ’
3035 2753 3154 2809 τοῖς
3190 2751 3351 2816 ζῶσιν
3386 2739 3463 2800 ἔτι
3496 2761 3768 2816 συγκατα-

2104 2836 2346 2915 λέγοιτο.
2380 2838 2436 2891 Ὁ
2463 2838 2558 2911 μὶν
2615 2835 2707 2891 οὖν
2740 2834 3030 2898 Βασίλειος
3076 2834 3164 2890 ἐπὶ
3218 2833 3434 2895 τούτοις
3493 2826 3764 2900 ἀπῆλθεν.

2105 2929 2317 3001 Ἐκείνη
2400 2925 2478 3000 δὲ,
2569 2926 2988 3004 βασιλεύσαντος
3071 2927 3192 3002 ἄρτι
3275 2927 3370 2980 τοῦ
3448 2918 3763 2988 Βασιλείου,

2102 3019 2239 3095 πρὸς
2291 3019 2389 3088 τήν
2427 3014 2684 3092 βασιλίδα
2711 3021 2820 3072 τῶν
2852 3015 3066 3072 πόλεων
3124 3013 3258 3089 μετᾶ
3307 3017 3405 3068 τοῦ
3442 3012 3564 3066 υἱοῦ
3595 3029 3766 3084 παρε-

2103 3109 2310 3184 γένετο,
2382 3104 2532 3184 δῶρα
2589 3109 3010 3183 προσαγαγοῦσα
3057 3102 3339 3174 πολυτελῆ
3398 3101 3488 3158 καὶ
3533 3097 3760 3156 πολλά·

335 3197 434 3270 qui
460 3196 529 3254 de
561 3195 774 3254 Christo
797 3179 976 3266 docet,
1003 3205 1082 3256 est
1119 3201 1180 3256 in
1227 3199 1415 3270 ignem
1442 3199 1821 3270 conficiendas
1851 3217 1865 3256 :
1898 3201 1994 3272 qui

2106 3179 2167 3268 ἦν
2221 3179 2534 3272 ἐντίμωςὸ
2597 3179 2865 3272 βασιλεὺς
2911 3192 3291 3272 προσεδέξατο,
3349 3193 3440 3248 καὶ
3495 3190 3590 3246 τὸν
3648 3186 3764 3243 υίὸν

1603 3411 1808 3472 Variae
1852 3410 2154 3474 lectiones
2195 3417 2260 3473 et
2301 3417 2494 3473 notae.

333 3591 386 3643 et
413 3586 854 3644 cohabitantium
884 3587 1082 3643 habitu
1110 3589 1408 3654 torridam,
1455 3597 1726 3660 praeterea
1772 3590 1992 3646 cimices

337 3668 390 3715 et
415 3659 738 3732 pediculiet
761 3660 1045 3731 publicum
1073 3661 1365 3732 examina,
1381 3659 1696 3732 artemque
1721 3663 1869 3718 hisce
1898 3661 1992 3717 be-

335 3732 516 3786 stiolis
541 3731 756 3786 similia
784 3747 886 3802 per
919 3732 1315 3787 tenebricosum
1345 3731 1444 3786 hoc
1469 3731 1851 3802 pavimentum
1878 3749 1990 3788 ser-

331 3804 528 3875 pentia
555 3805 835 3858 misellum
889 3802 1161 3858 hominem
1189 3803 1535 3873 stigmatium
1564 3804 1821 3860 reddunt.
1855 3804 1994 3861 Sunt

338 3884 396 3929 et
427 3875 611 3930 eodem
641 3877 704 3930 in
729 3890 950 3931 carcere
976 3876 1240 3941 conclusi,
1271 3877 1690 3947 promiscueque
1718 3878 1994 3932 vobiscum

339 3949 538 4002 harum
566 3949 925 4002 miseriarum
958 3951 1330 4002 mercaturam
1355 3949 1640 4015 facientes,
1686 3949 1990 4019 (Ethiopes,

344 4019 686 4086 Tharsenses,
754 4020 992 4086 Hebraei,
1061 4019 1430 4088 Langobardi,
1494 4023 1613 4074 tum
1681 4021 1995 4076 Christiani

335 4095 602 4148 nostrates
626 4107 659 4164 e
685 4089 924 4164 diversis
951 4089 1085 4146 locis
1126 4092 1366 4162 profecti
1410 4092 1472 4146 in
1520 4092 1674 4164 queis
1711 4096 1830 4148 erat
1860 4109 1994 4164 quo-

339 4179 442 4237 que
485 4163 867 4237 sanctissimus
888 4160 1152 4237 {Menas}
1184 4160 1286 4237 seu
1317 4160 1676 4237 Menas—Vide
1704 4160 1995 4237 Pyrrlium

340 4241 385 4290 t.
422 4236 492 4305 ΙΙ,
527 4251 584 4308 p.
615 4235 766 4306 592.]
799 4235 1093 4308 Melitensis
1138 4235 1417 4306 episcopus
1463 4235 1676 4308 duabus
1717 4235 1995 4308 compedi-

339 4309 438 4362 bus
466 4305 625 4376 pedes
666 4305 945 4362 astrictus.
999 4307 1132 4361 Tum
1172 4305 1321 4360 vero
1339 4305 1624 4376 pontiﬁces
1661 4305 1998 4364 alterutrum

336 4379 650 4450 complexi,
688 4393 950 4448 sacroque
995 4378 1180 4434 oseuto
1223 4377 1546 4450 exosculati,
1590 4381 1880 4450 paululum
1928 4381 1996 4436 ab

338 4466 405 4505 ea
425 4448 546 4520 quae
575 4448 689 4505 sibi
709 4453 1144 4505 evenerantsunt
1162 4449 1543 4520 coltacrymati
1559 4448 1726 4510 {mox
1758 4453 1999 4508 Domino

340 4520 532 4596 eadem
559 4520 726 4596 dere
760 4523 974 4596 gratias
1013 4529 1258 4596 agentes,
1305 4535 1375 4576 ea:
1419 4524 1607 4596 nostra
1653 4524 2000 4596 philosophia

339 4593 681 4666 depromptis
725 4593 1039 4648 rationibus
1075 4592 1291 4666 doloris
1322 4595 1532 4666 sensui
1580 4592 1998 4666 repugnabant.

337 4667 482 4722 Dum
509 4667 568 4720 in
599 4665 1022 4736 hisiversamur,
1044 4664 1402 4736 easecrabitis
1429 4665 1529 4721 ille
1554 4664 1670 4722 dies
1697 4670 1828 4724 stati
1856 4666 2004 4736 apud

341 4743 498 4812 hosce
515 4735 1082 4812 sacriﬁciiqrecurrit;
1115 4751 1226 4812 quo
1248 4735 1695 4812 diememoriam
1728 4735 1916 4812 facere
1943 4754 2003 4794 se

335 4809 803 4882 jactitant_sacri
850 4809 1030 4873 illius,
1075 4808 1226 4880 quod
1273 4808 1408 4864 olim
1453 4808 1736 4866 Abraham
1770 4815 2003 4882 fecerat,

342 4879 564 4954 quando
602 4879 794 4936 datum
838 4879 1214 5006 arietem’ﬁro
1253 4882 1494 4936 rationis
1535 4879 1806 4954 participe
1845 4883 2004 4936 victi-

342 4970 495 5006 mam
554 4957 662 5006 Deo
720 4953 1044 5006 immolavit.
1154 4968 1262 5006 unc
1311 4967 1413 5006 per
1469 4953 1752 5006 inscitiam
1793 4953 2004 5006 Pascha

342 4953 495 5008 mam
554 4957 662 5008 Deo
720 4953 1044 5008 immolavit.
1105 4953 1262 5007 Hunc
1311 4967 1432 5023 per,
1469 4953 1752 5008 inscitiam
1793 4953 2008 5009 Pascha

339 5027 639 5080 nominant
667 5040 680 5079 :
703 5040 803 5079 nec
830 5026 933 5080 abs
963 5040 1024 5079 re
1050 5023 1205 5080 diem
1233 5022 1320 5078 sic
1339 5022 1642 5092 indigitant
1672 5043 1690 5079 :
1723 5041 1835 5080 non
1857 5027 2008 5081 enim

341 5098 410 5151 ab
430 5099 705 5170 zEgyptio
727 5099 786 5150 in
809 5105 1018 5170 terram
1045 5097 1430 5170 promissionis
1457 5100 1534 5170 est
1565 5097 1682 5150 illis
1711 5101 2005 5164 transitus,

333 5166 772 5242 justa'v'eterem
819 5167 1111 5242 Paschalis
1159 5166 1644 5242 nomenclaturam
1674 5186 1692 5223 :
1739 5185 1910 5242 neque
1939 5187 2008 5225 ea:

343 5243 449 5296 hac
501 5248 650 5295 terra
698 5241 756 5294 in
787 5240 1055 5296 caelestem
1095 5254 1253 5294 oram
1281 5241 1378 5292 aut
1406 5253 1478 5293 ex
1507 5249 1686 5295 morte
1715 5241 1784 5296 ad
1813 5240 2006 5308 vitam,

343 5317 403 5368 ut
432 5312 753 5368 Christiana
783 5311 914 5380 ﬁdes
954 5312 1056 5367 hoc
1111 5310 1376 5366 vocabulo
1421 5313 1507 5364 uti
1546 5327 1646 5366 nos
1701 5311 1889 5376 docet;
1917 5313 2010 5369 sed

346 5401 418 5441 ea:
447 5387 562 5438 vita
597 5384 668 5438 ad
714 5389 967 5450 mortem,
1007 5388 1061 5439 et
1106 5399 1178 5438 ex
1231 5381 1333 5436 hoc
1383 5397 1638 5452 corporeo
1684 5385 1930 5452 interitu,
1959 5394 2011 5441 et

341 5457 446 5512 sub
477 5471 701 5512 sensum
727 5456 966 5525 cadente,
1005 5457 1074 5512 ad
1101 5455 1502 5524 sempiternum
1531 5455 1717 5521 illum,
1772 5461 1823 5512 et
1853 5459 1922 5513 ad
1957 5457 2013 5513 id

347 5530 493 5600 quod
522 5543 809 5600 nunquam
836 5529 945 5598 fine
975 5531 1045 5600 sit
1084 5527 1400 5600 cariturum
1448 5528 1786 5600 incendium.
1819 5531 1880 5586 In
1912 5529 2013 5586 hac

344 5598 457 5655 die:
503 5599 816 5655 celebritate
857 5608 910 5668 (ο
959 5598 1302 5654 dementiam
1331 5598 1690 5670 singularem
1735 5606 1776 5670 t)
1823 5608 2010 5656 archi-

346 5673 662 5744 episcopum
681 5670 1049 5744 comburcndi
1069 5670 1137 5744 ﬁt
1165 5668 1483 5744 consilium,
1507 5668 1782 5744 malisque
1809 5675 2016 5744 (taenio-

345 5741 511 5816 nibus
530 5741 783 5816 hostium
811 5741 1078 5816 afferendi
1113 5741 1534 5816 sanctissimum
1555 5741 1788 5816 _Christi
1829 5743 2014 5816 ponti-

345 5815 526 5890 ﬁcem.
558 5813 806 5887 Quidam
853 5813 1005 5873 enim
1051 5829 1122 5874 ea:
1149 5813 1224 5872 iis
1259 5813 1360 5887 qui
1398 5813 1602 5890 populo
1623 5813 1930 5891 praeerant,
1959 5829 2018 5876 os

2099 3591 2314 3646 habens
2338 3595 2560 3662 patente
2583 3590 2862 3660 secpulcro
2890 3587 3117 3658 adeoque
3145 3588 3367 3662 spirans
3391 3587 3640 3662 Atquum
3661 3589 3766 3654 est,

2102 3667 2284 3734 inqutt
2314 3656 2384 3718 (id
2406 3656 2825 3718 circumstantes
2879 3656 3193 3734 conversus,
3246 3675 3281 3734 _o_
3307 3656 3487 3725 cives;
3529 3659 3589 3713 in
3620 3656 3770 3712 hunc

2103 3731 2547 3790 Christianorum
2585 3734 2891 3789 antistitem
2943 3749 3142 3787 manus
3174 3731 3400 3802 injicere
3443 3746 3548 3803 pro
3577 3737 3769 3803 nostra

2100 3805 2502 3876 incolumitate,
2561 3812 2674 3862 tum
2721 3820 2824 3877 quo
2869 3805 3124 3877 festivius
3151 3801 3235 3858 ac
3265 3804 3317 3858 si
3351 3801 3598 3877 unquam
3627 3801 3770 3877 alias

2101 3880 2310 3934 celebre
2365 3874 2519 3933 nobis
2571 3874 2877 3933 Paschalis
2913 3879 3114 3948 festum
3167 3891 3452 3948 agamus;
3499 3876 3580 3929 sic
3609 3874 3762 3927 enim

2100 3965 2364 4022 prospere
2392 3951 2552 4004 nobis
2591 3965 2678 4004 res
2725 3947 2940 4004 nostras
2983 3957 3368 4022 _cessuras,‘_et
3425 3947 3768 4022 incrementa

2103 4017 2336 4077 meliora
2365 4023 2613 4092 facturas
2659 4036 2774 4076 esse
2819 4019 3043 4092 con/ldo.
3074 4021 3221 4092 ,Usee
3251 4019 3368 4074 ille.
3426 4018 3620 4092 Verum
3655 4017 3770 4072 hac

2105 4093 2388 4149 audientes
2436 4109 2590 4148 senes
2635 4092 2860 4163 quidam
2900 4091 3110 4148 canitie
3129 4092 3301 4163 juxta
3337 4104 3403 4146 ac
3425 4091 3766 4163 priores,to-

2105 4181 2278 4237 gaque
2333 4159 2733 4237 honestissimi,
2793 4163 2880 4219 ad
2932 4159 3212 4237 papula/ii
3263 4159 3452 4216 habito
3509 4159 3768 4237 consilio,

2105 4233 2318 4311 factum
2360 4236 2768 4311 improbarunt.
2823 4233 2946 4311 Non
2988 4233 3140 4311 enim
3182 4233 3306 4311 hac
3350 4233 3773 4311 esse_dicebant

2105 4305 2284 4370 satis;
2309 4305 2587 4380 putabant
2629 4310 2788 4364 illius
2831 4307 2944 4362 diei
2981 4307 3364 4361 celebritatem
3410 4305 3772 4380 cohonestan-

2107 4383 2236 4437 dam
2260 4377 2479 4449 insigne
2509 4381 2870 4451 pervigilium
2885 4381 3062 4447 egisse
3090 4380 3376 4451 excidium
3404 4377 3774 4447 Syracusanae

2106 4453 2282 4508 urbis.
2327 4449 2521 4522 Itaque
2559 4453 2697 4506 mali
2750 4451 3064 4506 consiliarii
3109 4451 3170 4505 in
3216 4449 3692 4522 archiepiscopum
3721 4455 3776 4502 et

2109 4540 2208 4581 nos
2246 4520 2546 4579 consilium
2591 4522 2916 4594 dissipatum
2967 4525 3067 4594 est,
3108 4523 3222 4594 Deo
3272 4520 3519 4594 volente.
3551 4521 3776 4594 lumen:

2111 4595 2224 4652 illo
2253 4596 2314 4650 in
2356 4596 2502 4650 hunc
2527 4611 2697 4667 usque
2726 4589 2877 4650 diem
2920 4593 3249 4666 persisiinus
3273 4593 3548 4667 erumnis
3577 4589 3777 4667 multis

2035 4676 2082 4741 Ι)
2112 4669 2340 4734 detenti,
2375 4664 2709 4741 mortemque
2737 4664 2939 4741 ipsam,
2971 4681 3090 4738 qua:
3118 4681 3332 4741 semper
3359 4665 3515 4720 nobis
3533 4664 3776 4741 captivis

2113 4741 2388 4809 imminet,
2419 4735 2667 4811 quotidie
2691 4735 3097 4811 prestolantes.
3137 4735 3239 4811 _Tu'
3275 4752 3424 4811 vero,
3453 4751 3482 4792 o
3512 4735 3776 4791 dilectum

2113 4821 2164 4868 et
2195 4808 2517 4868 venerabile
2545 4808 2726 4884 caput,
2766 4811 2850 4866 tui
2890 4808 3171 4884 Theodosii
3196 4810 3288 4880 fac
3331 4809 3412 4864 sis
3454 4823 3625 4884 usque
3653 4822 3774 4884 mes

2114 4899 2258 4952 mor,
2296 4887 2578 4956 Deumque
2598 4879 2907 4956 :placalum
2963 4879 3372 4956 propitiamque
3429 4879 3663 4948 reddito,
3711 4883 3778 4933 ut

2114 4964 2332 5012 nostros
2362 4954 2526 5011 hasce
2570 4954 2780 5028 ﬂuctus
2831 4961 3138 5028 componat,
3184 4955 3352 5008 sistat
3403 4960 3566 5028 atque
3619 4966 3776 5028 com-

2111 5031 2320 5101 pescat,
2352 5025 2706 5098 nostramque
2750 5025 3135 5096 captivitatem
3175 5028 3474 5101 convertat_
3499 5025 3644 5101 sicut
3673 5030 3779 5078 tor-

2117 5097 2243 5155 rens
2275 5102 2336 5154 in
2363 5109 2570 5165 austro,
2595 5097 2765 5168 juxta
2813 5101 3139 5168 Prophetam
3186 5098 3388 5166 Regem
3437 5097 3646 5166 Deique
3673 5111 3779 5166 pa-

2117 5176 2346 5228 rentem.
2374 5175 2564 5228 Amen.

2189 5244 2533 5315 Sequuntur
2561 5241 2682 5296 hmo
2707 5238 2972 5297 carmina
3001 5255 3070 5296 ex
3090 5239 3287 5297 Graico
3313 5237 3519 5294 Latine
3539 5235 3778 5310 scripta.

2262 5383 2492 5440 Fructus
2527 5383 2783 5440 laborum
2811 5399 2964 5440 sume
3001 5400 3276 5450 meorum,
3311 5383 3496 5449 Pater,

2261 5456 2406 5528 .Sunt
2421 5457 2622 5528 quippe
2637 5456 2795 5527 pleni
2821 5464 3132 5528 quaestuum
3159 5459 3215 5528 et
3240 5456 3500 5528 tacrymis
3529 5454 3778 5509 madent-

2265 5526 2448 5595 Sume,
2481 5526 2667 5595 Pater,
2697 5526 2984 5596 mandata,
3016 5543 3169 5584 sume
3200 5527 3283 5582 his
3305 5527 3508 5582 litteris

2264 5599 2516 5667 excidia,
2545 5615 2668 5672 qua:
2697 5601 2758 5656 in
2789 5617 2888 5657 nos
2917 5602 3088 5658 hostis
3115 5600 3329 5656 invexit
3354 5605 3532 5672 ferox.

2267 5674 2450 5744 peum
2480 5675 2694 5744 rogato,
2725 5673 2915 5729 tendat
2943 5681 3004 5729 ut
3031 5674 3240 5744 amicas
3268 5687 3494 5744 manus.

2264 5741 2505 5817 Jamjam
2529 5741 2840 5820 propinquo
2869 5747 3057 5819 funeri
3084 5743 3251 5802 chara
3279 5743 3408 5801 huic
3430 5751 3546 5800 tuo.
