4142 6364
355 445 437 506 67
1707 442 2034 507 JOANNlS
2078 445 2422 508 ZONARIE

3694 457 3778 520 68

351 581 688 638 revocatum
717 577 970 652 benigne
998 577 1368 634 traolandum
1417 573 1661 632 curavit.
1711 575 1981 632 Caeterum

2119 575 2482 651 ποληθέντος,
2561 579 2591 634 6
2651 578 2909 656 βασιλεὺς
2975 583 3135 647 οὗτος
3191 583 3354 641 αὐτὸν
3411 585 3764 648 ἀνεκαίνισεν.

352 669 534 741 Hagio
592 667 1010 740 Longobardiaa
1041 667 1178 733 dux,
1238 665 1393 739 regis
1449 665 1712 722 Francia!
1771 665 1991 733 afﬁnis,

349 759 554 815 audita
582 757 776 814 Basilii
811 761 1015 823 morte,
1050 759 1310 811 Romano
1339 755 1554 810 fcedere
1585 753 1838 822 sublato,
1872 771 2002 809 om-

349 864 483 904 nem
513 849 622 904 sibi
661 847 1019 920 provinciam
1049 845 1382 900 vindicavit.
1437 845 1627 908 Quare
1682 842 2002 915 imperator

349 955 566 992 mensae
596 936 932 1010 praefectum
965 951 1098 990 cum
1152 933 1627 990 Occidentalibus
1668 931 2000 1005 legionibus

348 1032 556 1084 contra
583 1043 717 1082 eum
753 1025 931 1096 misit,
965 1026 1065 1096 qui
1099 1022 1298 1095 prmlio
1327 1023 1539 1093 victus,
1575 1023 1692 1078 fere
1723 1022 1998 1078 omnibus

345 1133 494 1188 quos
527 1115 863 1171 adduxerat.
898 1112 1156 1178 amissis,
1189 1112 1328 1184 fuga
1385 1127 1536 1183 aegre
1589 1111 1828 1183 elapsus
1887 1115 1994 1167 est.

345 1205 638 1278 Stephano
695 1201 1038 1275 patriarchas
1092 1201 1388 1256 defuncto.
1436 1201 1724 1256 Antonius
1781 1217 1996 1273 cogno-

345 1301 539 1348 men'o
569 1290 808 1347 Cauleas
843 1289 1146 1346 successit.
1181 1289 1328 1344 Cum
1361 1289 1594 1362 Bulgari
1627 1305 1765 1360 pace
1823 1289 1994 1356 facta,

343 1398 475 1439 cum
525 1379 804 1436 Romanis
834 1379 1189 1435 commercia
1218 1377 1523 1446 haberent,
1554 1383 1612 1434 et
1640 1376 1847 1434 telonae
1878 1378 1995 1434 ini-

339 1487 458 1543 qua
487 1472 558 1527 ab
588 1469 675 1526 eis
704 1467 1012 1540 vectigalia
1042 1469 1340 1540 exigerent
1371 1483 1384 1522 τ
1418 1467 1476 1522 id
1533 1467 1804 1540 Symeoni
1863 1467 1992 1522 illo-

339 1575 473 1615 rum
509 1557 756 1632 principi
781 1559 906 1630 jam
932 1557 1156 1612 dudum
1177 1556 1542 1612 occasionem
1561 1557 1994 1629 captanti,satis

341 1665 530 1704 causae
560 1646 750 1710 visum
787 1647 859 1701 ad
891 1645 1113 1701 bellum
1147 1644 1427 1701 Romanis
1458 1645 1850 1701 inferendum.
1880 1647 1990 1702 Sed

341 1737 644 1794 Romanus
672 1737 961 1793 exercitus
992 1740 1196 1791 contra
1225 1751 1355 1790 eum
1394 1735 1635 1804 missus,
1660 1735 1990 1805 succubuit,

339 1825 543 1882 multis
597 1826 780 1896 caesis,
830 1825 1076 1898 ipsoque
1105 1825 1279 1896 {duce
1308 1825 1632 1895 interfecto,
1662 1824 1862 1880 multis
1893 1841 1989 1881 ca-

336 1916 631 1988 ptis,quos
661 1913 1098 1990 Symeon,nasis
1130 1913 1411 1987 pracisis,
1435 1913 1772 1986 Byzantium
1801 1914 1990 1970 redire

336 2023 550 2078 passus
580 2012 686 2061 est.
723 2009 800 2060 Ea
830 2003 1086 2060 fmditate
1117 2003 1381 2059 irritatus
1402 2002 1742 2076 imperator.
1766 2005 1990 2060 Turcos

335 2095 550 2150 Istrum
585 2093 934 2159 accolentes,
968 2093 1068 2166 qui
1099 2097 1158 2148 et
1186 2092 1404 2166 Ungari
1435 2097 1737 2160 vocantur,
1784 2109 1988 2148 mune-

333 2183 496 2240 ribus
549 2182 806 2256 impulit,
855 2187 920 2236 ut
975 2182 1256 2254 Bulgaros
1315 2180 1761 2249 ulciscerentur,
1793 2187 1850 2238 et
1883 2199 1988 2255 pro

331 2271 484 2327 virili
521 2272 867 2344 afﬂigerent.
901 2271 1034 2344 ipse
1064 2287 1296 2342 quoque
1325 2275 1480 2326 terra
1509 2271 1777 2344 marique
1826 2289 1989 2328 arma

331 2361 550 2417 inferre
578 2361 798 2417 eisdem
835 2365 1020 2432 parat,
1055 2376 1288 2416 summa
1321 2377 1513 2416 rerum
1547 2360 1788 2433 patricio
1818 2361 1984 2416 Nice-

331 2449 517 2523 phoro
568 2450 793 2520 Phocis,
850 2467 1024 2522 quem
1071 2450 1455 2506 domesticum
1487 2449 1795 2521 [legionum
1831 2453 1981 2506 177

333 2539 687 2613 designavit,
718 2541 1016 2596 mandata.
1049 2540 1263 2595 Verum
1297 2543 1429 2594 ante
1458 2539 1703 2608 bellum,
1736 2545 1985 2612 quaesto-

332 2645 454 2685 rem
490 2630 561 2686 de
591 2645 732 2702 pace
764 2628 1020 2702 legatum
1055 2629 1124 2685 ad
1157 2630 1499 2701 Symeonem
1553 2629 1752 2685 mittit.
1801 2630 1982 2694 Quem

332 2719 629 2774 Barbarus
681 2717 813 2774 dolo
871 2717 1076 2774 adesse
1108 2717 1464 2790 suspicatus,
1491 2717 1550 2773 in
1581 2718 1815 2774 vincula
1845 2735 1982 2774 con-

327 2808 554 2879 jectum
591 2805 860 2878 includit,
891 2813 950 2862 et
978 2805 1181 2862 Phocea
1211 2806 1454 2862 resistit.
1489 2807 1613 2871 Quo
1645 2806 1796 2862 bello
1843 2809 1983 2863 dum

329 2900 670 2969 occupatur,
696 2895 912 2970 Ungari
945 2897 1074 2968 ejus
1104 2895 1384 2950 ditionem
1413 2895 1986 2968 populantur.0uare

329 2985 524 3042 Pboca
555 2984 798 3051 omisso,
832 2991 1032 3040 contra
1090 2983 1222 3042 illos
1279 2984 1690 3056 proficiscitur,
1751 2989 1808 3040 et
1860 2986 1984 3041 acie

329 3090 704 3147 congressus,
735 3078 1070 3147 superatur,
1103 3073 1308 3129 multis
1341 3073 1606 3144 Bulgaria
1637 3074 1982 3144 interfectis,

329 3163 600 3236 pluribus
630 3164 838 3236 captis.
872 3163 1121 3236 Symeon
1155 3163 1280 3236 ipse
1311 3163 1404 3218 vix
1433 3163 1828 3232 Dorostolum,
1854 3180 1981 3236 quas

2113 663 2256 736 Ἤδη
2289 663 2347 722 δὲ
2400 669 2490 722 καὶ
2553 667 2581 722 6
2638 664 3061 748 Σανταϐαρηνὸς
3111 669 3292 750 ἤχθη,
3347 675 3439 731 καὶ
3493 676 3571 741 εἷς
3620 678 3689 734 τὰ
3716 677 3771 734 ἐν

2109 760 2232 818 ταῖς
2289 761 2502 831 Πηγαῖς
2557 755 2874 836 ἐφρουρεῖτο
2951 761 3222 837 βασίλεια,
3293 757 3422 829 ἔνθα
3477 766 3697 841 πέμψας
3744 769 3772 823 6

2115 841 2390 919 βασιλεὺς,
2446 845 2537 901 καὶ
2591 846 2826 924 ἀφειδῶς
2885 848 3043 905 αὐτὸν
3091 851 3464 926 αἰκισάμενος,
3525 855 3770 929 ἑνἈθή-

2108 955 2228 996 ναις
2305 935 2594 1010 ὑπερόριον
2672 933 2840 1002 ἔθετο.
2915 939 2992 996 Οὐ
3061 939 3206 996 πολὺ
3254 941 3317 996 τὸ
3374 941 3426 998 ἐν
3482 943 3631 1018 μέσῳ
3678 947 3769 1002 καὶ

2107 1023 2328 1097 πέμψας
2384 1023 2518 1094 ἐκεῖ,
2571 1023 2701 1088 τοὺς
2758 1027 2926 1083 αὐτοῦ
2955 1026 3202 1104 ἐξίκοψεν
3238 1030 3582 1108 ὀφθαλμούς.
3616 1036 3770 1092 Μετᾶ

2105 1111 2164 1166 τὶ
2216 1111 2444 1176 πλείους
2500 1111 2773 1178 ἐνιαυτοὺς
2826 1123 2928 1186 τῆς
2964 1119 3252 1194 ὑπερορίας
3280 1140 3339 1176 τε
3362 1121 3453 1176 τὸν
3483 1119 3766 1200 ἄνθρωπον

2105 1199 2429 1290 επανήγαγε,
2487 1203 2579 1258 καὶ
2635 1205 2895 1280 προνοίας
2944 1207 3196 1278 ἠξίωσεν.
3249 1209 3312 1266 Ὁ
3345 1206 3402 1266 δὲ
3447 1208 3765 1290 Λογγιόαρ-

2107 1287 2249 1378 δίαςΔ
2288 1287 2412 1365 δοὺξ
2491 1292 2689 1369 Ἀγίων
2743 1299 2840 1350 τοῦ
2917 1295 3085 1373 ρηγὸς
3141 1297 3426 1374 Φραγγίας
3472 1287 3762 1378 τυγχάνων

2103 1373 2373 1458 γαμϐρὸς,
2427 1379 2541 1436 ἐπεὶ
2597 1383 2690 1438 τὸν
2749 1383 2975 1448 θάνατον
3021 1389 3119 1440 τοῦ
3164 1373 3456 1444 Βασιλείου
3515 1373 3762 1462 tit-60510,

2101 1469 2198 1532 τὰς
2251 1470 2389 1544 πρὸς
2469 1472 2781 1545 Ῥωμαίους
2857 1475 3127 1546 συνθήκας
3186 1477 3465 1548 ῆθὲτησε,
3519 1481 3610 1535 καὶ
3663 1481 3763 1551 τὴν

2103 1559 2292 1635 χώραν
2349 1560 2554 1615 ἅπασαν
2587 1560 2920 1634 ᾠκειώσατο.
2959 1564 3052 1618 Διὸ
3103 1565 3196 1620 τὸν
3251 1565 3340 1621 ἐπὶ
3396 1574 3497 1637 τῆς
3555 1571 3768 1642 Τραπὲ-

2106 1652 2203 1718 ζης
2235 1643 2472 1724 ἔπεμψεν
2531 1651 2560 1705 6
2621 1649 2875 1726 βασιλεὺς
2932 1659 3048 1708 κατ’
3102 1653 3267 1710 αὐτοῦ
3303 1655 3438 1730 μετὰ
3474 1662 3583 1712 τῶν
3615 1655 3762 1714 δυτι-

2100 1738 2212 1792 κῶν
2295 1736 2613 1814 ταγμάτων,
2687 1739 2746 1802 ’ὸς
2822 1741 3092 1816 συμμίξας
3159 1745 3310 1817 αὐτῷ
3370 1748 3608 1818 ἡττήθη*
3669 1749 3759 1804 καὶ

2099 1827 2303 1890 πάντας
2361 1825 2558 1904 σχεδὸν
2587 1827 2678 1891 οὕς
2708 1828 2938 1905 ἐπήγετο
2971 1827 3339 1902 ἀπεϐάλλετο,
3402 1833 3564 1907 μόλις
3590 1837 3758 1902 αὐτὸς

2021 1950 2068 2016 Β
2101 1912 2342 2016 διαδράς.
2401 1919 2514 2016 Τοῦ
2572 1914 2629 1972 δὲ
2685 1919 3029 2016 πατριάρχου
3093 1923 3368 2000 Στεφάνου
3429 1921 3756 1982 ἐκλελοιπό-

2098 2025 2212 2073 τος,
2275 2007 2566 2070 Ἀντώνιος
2618 2008 3032 2086 προκεχείριστο
3087 2013 3456 2089 πατριάρχης,
3505 2013 3565 2076 ὃς
3612 2016 3757 2072 Καυ-

2099 2093 2221 2156 λίας
2251 2096 2364 2170 (97)
2411 2095 2722 2170 ὠνόμαστο.
2779 2101 2894 2153 Τῶν
2957 2097 3014 2155 δὲ
3070 2100 3400 2177 Βουλγάρων
3446 2101 3754 2159 ἐνσπόνδων

2097 2179 2288 2252 ὄντων,
2343 2185 2431 2240 καὶ
2492 2185 2761 2262 ἐμπορίας
2818 2189 3162 2263 ποιουμένων
3227 2192 3362 2262 μετὰ
3432 2192 3748 2266 Ῥωμαίων,

2099 2273 2150 2327 οἱ
2205 2278 2322 2336 τοῖς
2374 2272 2754 2349 τελωνήμασιν
2813 2275 3109 2354 ἐφεστῶτες
3156 2277 3316 2335 ἄδικα
3370 2280 3564 2344 αὐτοὺς
3619 2281 3758 2338 εἶ’σὲ-

2094 2383 2332 2437 πραττον
2358 2362 2512 2434 τὲλη.
2573 2370 2748 2421 Τοῦτο
2803 2371 2885 2440 τῷ
2915 2367 3089 2423 αὐτῶν
3138 2365 3365 2447 ἄρχοντι
3400 2372 3626 2444 Συμεὼν
3661 2369 3762 2428 λα-

2096 2447 2197 2516 ϐὰς
2253 2457 2502 2524 ζητοῦντι
2559 2459 2656 2509 τοῦ
2714 2455 2848 2510 κατᾶ
2904 2456 3192 2530 Ῥωμαίων
3221 2456 3471 2532 πόλεμον
3503 2458 3756 2536 ἄρασθαι,

2096 2541 2175 2603 εἷς
2236 2541 2421 2618 μάχης
2476 2543 2744 2620 πρόφασιν
2803 2543 3020 2621 ἤρκεσε.
3081 2546 3184 2603 Καὶ
3221 2546 3404 2621 μέντοι
3433 2549 3525 2604 καὶ
3553 2548 3750 2626 ἤρατο.

2093 2630 2184 2686 καὶ
2267 2631 2574 2705 Ῥωμαϊκὸν
2657 2633 2808 2706 αὐτῷ
2889 2634 3362 2709 ἀνθοπλισάμενον
3442 2639 3755 2714 στράτευμα

2093 2719 2321 2790 ¹ἥττητο,
2375 2721 2466 2776 καὶ
2525 2720 2730 2778 πολλοὶ
2789 2725 2883 2796 μὶν
2944 2719 3132 2780 ἔπεσον
3180 2729 3287 2780 τῶν
3319 2726 3628 2802 Ῥωμαίων,
3659 2729 3754 2785 καὶ

2095 2809 2123 2864 6
2155 2807 2538 2884 στρατηλάτης
2596 2809 2774 2875 αὐτός’
2836 2811 3046 2869 πολλοὶ
3100 2811 3147 2870 δ’
3201 2812 3472 2889 ἑάλωσαν,
3519 2817 3594 2872 ὧν
3652 2818 3752 2882 τὰς

2095 2897 2242 2974 ῥίνας
2302 2899 2330 2954 6
2385 2899 2614 2972 Συμεὼν
2672 2898 2913 2974 ἐκτεμὼν
2943 2949 2959 2974 ,
3018 2901 3329 2968 ἐπανελθεῖν
3379 2905 3557 2980 ἀφῆκε
3610 2893 3749 2983 πρὸς

2089 2989 2153 3042 τὸ
2186 2985 2494 3058 Βυζάντιον.
2527 2989 2758 3054 Τούτοις
2815 2989 3185 3070 περιαλγήσας
3231 2993 3260 3048 6
3316 2993 3592 3070 βασιλεὺς,
3637 2993 3748 3052 δώ-

2093 3098 2209 3154 ροις
2265 3079 2394 3163 τοὺς
2447 3077 2733 3151 Τοόρκους
2793 3075 2993 3149 ἔπεισε,
3049 3079 3178 3144 τοὺς
3235 3083 3359 3158 περὶ
3389 3084 3482 3139 τὸν
3511 3085 3750 3159 Ἵστρον,

2091 3164 2144 3221 οἵ
2172 3167 2260 3222 καὶ
2313 3163 2546 3243 Οὸγγροι
2593 3167 2914 3244 καλρῦνται,
2965 3175 3086 3233 τοῖς
3145 3169 3487 3248 Βουλγάροις
3539 3173 3755 3246 ἐπεξελ-

328 3253 550 3310 Drislra
581 3259 670 3310 est
698 3254 982 3326 confugit.
1015 3253 1282 3324 Captivos
1325 3252 1608 3326 Bulgaro
1663 3251 1981 3326 imperator

2091 3257 2224 3326 θεῖν,
2253 3255 2342 3310 καὶ
2375 3255 2472 3326 ὅση
2532 3252 2762 3330 δύναμις
2791 3255 3034 3314 κακῶσαι
3077 3259 3299 3332 αὐτοὺς,
3358 3261 3448 3316 καὶ
3498 3261 3661 3326 αὐτὸς
3693 3261 3752 3319 δὲ

327 3343 398 3398 ab
435 3343 678 3414 Ungaris
708 3321 975 3410 emitfad
1007 3321 1182 3414 quem
1213 3321 1467 3416 Symeori
1485 3341 1705 3413 legatos
1737 3321 1808 3397 de
1841 3359 1980 3413 pace

2093 3346 2120 3400 6
2156 3321 2428 3419 βάσιλεὺς,
2462 3321 2577 3399 ’διά
2615 3321 2679 3400 τε·
2722 3345 2999 3415 θαλάσσης
3045 3349 3134 3404 καὶ
3169 3321 3412 3426 διὰνγῆς
3443 3321 3750 3424 ἡτοίμαστο

325 3429 508 3497 misit,
535 3431 706 3502 cujus
731 3431 923 3486 verbis
955 3435 1060 3486 Leo
1118 3431 1231 3486 ﬁde
1288 3429 1506 3500 habita,
1565 3430 1978 3502 Charosphar-

321 3525 440 3574 tem
475 3519 765 3592 ablegavit
795 3519 864 3574 ad
899 3535 1100 3592 pacem
1134 3519 1484 3575 faciendam.
1520 3519 1631 3574 Sed
1685 3518 1977 3576 Barbarus

323 3625 391 3664 eo
449 3609 686 3664 detento
741 3612 798 3663 et
852 3609 1068 3677 vincto,
1125 3609 1344 3664 Turcos
1399 3608 1636 3676 invasit,
1696 3608 1884 3678 iisque
1914 3610 1973 3664 in

322 3697 521 3770 fugam
551 3697 759 3769 versis,
791 3703 848 3754 et
878 3698 1036 3772 agris
1063 3715 1265 3754 eorum
1296 3697 1565 3768 vastatis,
1597 3697 1773 3753 Leoni
1828 3699 1972 3753 scri-

319 3787 457 3858 psit,
492 3802 554 3843 se
583 3804 718 3842 cum
749 3804 816 3843 eo
847 3803 1049 3860 pacem
1083 3803 1198 3842 non
1235 3787 1548 3851 facturum,
1571 3785 1686 3841 nisi
1715 3787 1974 3859 captivos

322 3873 601 3948 Bulgaros
632 3876 935 3948 receperit,
987 3892 1135 3944 quos
1192 3891 1326 3930 cum
1381 3875 1716 3948 recepisset,
1773 3883 1971 3932 tamen

319 3980 523 4038 pacem
585 3982 699 4021 non
759 3964 910 4022 fecit.
972 3965 1158 4037 Igitur
1207 3965 1528 4038 imperator
1571 3967 1880 4022 contractis
1910 3965 1972 4022 in

320 4069 504 4108 unum
539 4054 816 4109 omnibus
840 4059 898 4109 et
935 4053 1332 4110 Orientalibus
1385 4058 1442 4110 et
1497 4053 1972 4112 Occidentalibus

317 4139 672 4216 legionibus,
706 4147 911 4199 contra
945 4143 1225 4216 Bulgaros
1253 4161 1397 4200 usus
1431 4147 1520 4200 est
1552 4159 1566 4202 :
1599 4161 1730 4216 quae
1772 4150 1970 4200 tamen

321 4243 455 4284 cum
511 4233 796 4304 Symeone
849 4247 1199 4304 congressae,
1259 4232 1717 4288 succubuerunt.
1751 4232 1972 4289 Deinde

319 4333 452 4374 cum
484 4318 540 4373 in
574 4319 727 4390 agris
757 4318 1109 4390 quibusdam
1143 4320 1304 4392 Zoes,
1335 4320 1562 4376 Zautzis
1621 4321 1773 4392 filias,
1831 4339 1969 4379 con-

317 4407 632 4462 suetudine
662 4407 1186 4474 uteretur,insidiis
1215 4425 1249 4463 ι
1277 4409 1635 4480 quibusdam
1668 4415 1760 4467 est
1788 4427 1968 4484 appe-

315 4494 459 4550 titus
495 4512 507 4550 :
541 4511 686 4567 quas
718 4513 850 4552 cum
885 4501 994 4552 Zoe
1020 4513 1085 4552 ex
1111 4515 1414 4554 murmure
1435 4497 1968 4568 animadvertisset,

316 4600 382 4639 ac
413 4584 830 4656 imperatorem
862 4586 1250 4642 dormientem
1285 4587 1617 4654 excitasset,
1650 4587 1849 4643 statim
1907 4589 1969 4644 in

2087 3432 2234 3490 ὅπλα
2285 3439 2500 3504 κινῆσαι
2550 3437 2688 3491 κατὰ
2738 3435 3092 3512 Βουλγάρων,
3142 3443 3224 3512 τῷ
3252 3439 3526 3514 πατρικίῳ
3584 3443 3754 3513 Νική-

2086 3523 2238 3602 φόρῳ
2265 3527 2344 3595 τῷ
2371 3529 2541 3595 Φωκᾷ
2593 3523 2684 3579 τὸν
2745 3525 2861 3580 κατ’
2892 3527 3074 3582 αὐτῶν
3104 3527 3429 3602 ἀναθέμενος
3472 3527 3746 3605 πόλεμον,

2086 3609 2406 3686 δομὲστικον
2438 3617 2546 3668 τῶν
2586 3612 2810 3690 σχολῶν
2872 3614 3030 3670 αὐτὸν
3089 3611 3572 3692 προϐαλλόμενος.
3629 3621 3745 3695 Πρὸ

2081 3705 2178 3756 τοῦ
2209 3701 2459 3775 πολέμου
2509 3699 2566 3757 δὲ
2596 3702 2686 3756 τὸν
2729 3703 3046 3780 κοιαίστορα
3077 3703 3296 3761 στέλλει
3327 3707 3356 3762 6
3385 3706 3738 3785 αὐτοκράτωρ

2081 3791 2218 3867 πρὸς
2273 3791 2500 3862 Συμεὼν
2531 3791 2654 3866 περὶ
2711 3791 2934 3867 εἰρήνης
2967 3789 3352 3869 πρεσϐεύοντα.
3411 3797 3474 3854 Ὁ
3503 3793 3562 3852 δὲ
3591 3795 3738 3873 Βάρο

2081 3875 2268 3954 ϐαρος,
2301 3877 2450 3953 δόλῳ
2477 3884 2668 3935 τοῦτον
2729 3881 3082 3954 ὑποτοπήσας
3137 3881 3338 3951 ἐλθεῖν,
3388 3885 3739 3962 καθείργνυσι

2079 3969 2172 4024 τὸν
2232 3965 2398 4044 ἄνδρα
2447 3969 2536 4023 καὶ
2601 3965 2808 4042 δεσμεῖ,
2867 3969 2956 4026 καὶ
3012 3976 3092 4045 τῷ
3147 3977 3316 4045 Φωκᾷ
3372 3975 3731 4051 ἀντεμάχετο.

2080 4055 2324 4114 Ἐκείνου
2382 4054 2440 4112 δὲ
2469 4057 2593 4133 περῖ
2623 4061 2816 4114 τοῦτον
2854 4058 3294 4136 ἀσχολουμένου,
3347 4063 3399 4116 οἱ
3457 4061 3730 4139 Οὕγγαροι

2077 4147 2178 4215 τήν
2237 4145 2425 4222 χώραν
2479 4145 2644 4202 αὐτοῦ
2675 4145 2989 4219 ἐληίσαντο,
3043 4148 3138 4204 Διὸ
3189 4151 3274 4206 τὸν
3308 4151 3496 4207 Εωκᾶν
3531 4151 3732 4222 λιπὼν,

2079 4235 2197 4290 κατ’
2228 4233 2445 4290 ἐκείνων
2475 4233 2780 4309 ἐξώρμησε,
2811 4235 2903 4291 καὶ
2960 4232 3258 4310 συμϐαλῶν
3289 4238 3446 4312 αὐτο]⁵
3449 4261 3474 4304 ς
3503 4237 3733 4312 ἥττητο,

2079 4321 2306 4379 πολλῶν
2370 4322 2464 4396 μὲν
2547 4325 2858 4402 σφαγέντων
2926 4323 3284 4402 Βουλγάρων,
3353 4328 3628 4385 πλειόνων
3689 4328 3738 4386 δ’

2081 4411 2348 4480 ἁλόντων,
2406 4412 2574 4468 αὐτοῦ
2606 4409 2664 4468 δὲ
2719 4418 2818 4469 τοῦ
2851 4415 3079 4489 Συμεὼν
3118 4415 3282 4488 μόλις
3325 4416 3378 4472 ἐν
3412 4418 3738 4494 Δοροστόλῳ

2080 4500 2371 4578 φτγόντος,
2420 4505 2582 4556 τοῦτο
2643 4499 2690 4558 δ’
2743 4506 2776 4574 ἡ
2839 4505 3072 4582 Δρίστρα
3102 4504 3232 4560 ἐστί.
3273 4505 3414 4571 Τοὺς
3446 4505 3494 4563 δ’
3523 4507 3734 4585 αἰχμα-

2081 4590 2292 4652 λώτους
2323 4588 2678 4668 Βουλγάρους
2710 4593 2738 4648 6
2793 4591 3050 4668 βασιλεὺς
3104 4596 3251 4671 παρᾶ
3304 4600 3412 4652 τῶν
3466 4593 3732 4672 Οὕγγρων
3801 4617 3814 4625 ·

317 4672 538 4746 regiam
601 4691 890 4744 reversus,
914 4675 1170 4744 evitavit,
1202 4677 1591 4748 eamdemque
1614 4677 1760 4732 Zoen
1795 4678 1970 4750 paulo

2091 4678 2324 4756 ἐπρίατο,
2383 4679 2472 4734 καὶ
2531 4681 2559 4736 6
2604 4682 2828 4756 Συμεὼν
2874 4682 2999 4758 περὶ
3053 4683 3280 4760 εἰρήνης
3338 4686 3563 4744 ἱκέτευε.
3626 4685 3733 4744 Καὶ

315 4768 450 4834 post
479 4761 870 4836 imperatricis
900 4765 1320 4838 Tbephanonis
1349 4765 1597 4834 obitum,
1643 4773 1966 4840 Augustam

313 4851 666 4926 appellavit,
729 4860 788 4910 et
855 4855 1075 4910 dudum
1145 4855 1572 4921 concubinam,
1641 4856 1968 4930 legitimam

312 4956 552 4998 uxorem
587 4943 772 4998 duxit.
806 4943 1023 4999 Verum
1057 4943 1248 4999 brevis
1275 4942 1378 4998 illa
1410 4943 1654 5001 felicitas
1687 4946 1968 5003 fuit.Nam

312 5046 444 5086 cum
501 5049 724 5088 annum
786 5049 968 5088 unum
1027 5037 1084 5088 et
1139 5037 1269 5089 octo
1330 5050 1564 5091 menses
1621 5035 1680 5090 in
1721 5035 1969 5108 imperio

311 5117 572 5188 vixisset,
633 5121 796 5178 obiit.
853 5123 1004 5178 Sunt
1055 5127 1112 5178 et
1167 5121 1294 5178 alia;
1347 5123 1576 5179 insidiae
1629 5125 1968 5198 imperatori

203 5249 208 5252 -
312 5207 616 5281 nuntiatae,
651 5227 798 5282 quas
830 5209 1062 5267 Zautzis
1091 5211 1502 5280 consobrinus,
1536 5213 1789 5271 Basilius
1835 5219 1968 5271 Pec-

313 5303 400 5352 tes
461 5299 749 5354 struebat.
814 5304 869 5355 Is
901 5317 1178 5357 arcanum
1213 5317 1344 5357 cum
1380 5303 1674 5376 sapadone
1713 5303 1970 5361 Samona

313 5388 794 5460 communicavit,
827 5407 1001 5463 quem
1019 5391 1408 5464 jurejurando
1456 5394 1622 5466 prius
1669 5395 1969 5467 adegerat,

2079 4768 2368 4834 πιστεύσας
2414 4775 2533 4834 τοῖς
2562 4767 2754 4845 λόγοις
2793 4769 3000 4826 ἐκείνου
3032 4773 3060 4828 6
3122 4772 3400 4850 βασιλεὺς,
3457 4774 3550 4830 τὸν
3611 4781 3736 4832 Χοι-

2079 4857 2386 4937 ροσφάκτην
2444 4857 2727 4914 ἐπέστειλε
2799 4857 3036 4920 σπονδὰς
3109 4862 3504 4937 ποιησόμενον,
3585 4866 3644 4920 6v
3703 4867 3732 4921 6

2077 4942 2357 5024 Βάρϐαρος
2412 4947 2645 5024 κατέσχε
2699 4969 2759 5004 τε
2803 4949 2894 5004 καὶ
2961 4946 3259 5025 ἐδέσμησεν
3295 4995 3308 5007 .
3385 4951 3558 5017 Αὐτὸς
3614 4959 3732 5018 τοῖς

2077 5036 2343 5113 Τοόρκοις
2389 5035 2612 5107 ἐπῆλθε,
2669 5038 2762 5092 καὶ
2819 5038 3078 5113 ἐτρέψατό
3133 5059 3194 5094 τε
3246 5039 3463 5110 αὐτοὺς,
3513 5042 3606 5098 καὶ
3659 5047 3730 5118 τῇ

2077 5127 2424 5204 χώρᾳ“σφῶν
2479 5123 2814 5198 ἐλυμήνατο.
2874 5127 3004 5184 Εἶτα
3061 5127 3340 5186 ἐπέστειλε
3393 5134 3474 5204 τῷ
3532 5129 3729 5187 Λέοντι

2069 5209 2156 5288 ’μὴ
2215 5212 2275 5268 ἂν
2351 5234 2484 5269 ποτε
2531 5214 2872 5288 σπείσασθαι,
2913 5215 2964 5270 εἷ’
3023 5217 3098 5290 μή
3148 5217 3279 5281 τοὺς
3331 5217 3730 5294 αἰχμαλώτους

2075 5300 2423 5380 Βουλγάρους
2483 5300 2722 5377 λήψοιτο
2775 5303 3062 5382 πρότερονο
3121 5306 3466 5370 καὶτοότους
3519 5304 3728 5380 λαϐὼν,

2077 5393 2176 5448 οὐκ
2232 5391 2532 5451 ἐσπείσατο.
2584 5393 2646 5452 Ὁ
2701 5397 2828 5470 γοῦν
2880 5393 3137 5472 βασιλεὺς
3193 5402 3312 5462 τοῖς
3345 5397 3582 5475 τάγμασι
3611 5403 3731 5462 τοῖς

1577 5575 1782 5638 Varia:
1826 5575 2128 5637 lectiones
2171 5581 2234 5637 et
2275 5581 2468 5636 notae.

381 5701 501 5786 (9‘7).
527 5700 829 5786 *Λντώνιοε
905 5703 1166 5768 Καυλὲας.
1199 5707 1378 5778 Cujus
1409 5707 1662 5781 elogium
1691 5709 2005 5783 descripsit
2032 5709 2396 5784 Nicephorus
2423 5707 2838 5782 Philosophus,
2861 5711 3086 5768 editum
3119 5727 3156 5768 a
3186 5713 3507 5786 Lipomano
3537 5713 3732 5782 Surio,

313 5777 374 5830 et
395 5773 660 5833 Bolando
693 5779 758 5833 12
794 5777 953 5834 Febr.
