4142 6380
356 395 434 454 75
1713 382 2048 446 JOANNIS
2093 381 2435 444 ZONARE
3713 383 3793 444 76

353 525 588 599 cognita
641 523 972 580 litterarum
1029 523 1362 588 sententia,
1426 519 1814 576 Andronicum
1874 534 2009 573 cum

2128 511 2314 569 δοῦναι
2371 513 2563 585 αὐτήν.
2618 517 2824 572 Τοῦτον
2855 512 2921 585 δὴ
2969 516 3061 572 τὸν
3117 515 3422 592 ’Δγαρηνόν
3455 519 3483 573 6
3520 523 3789 592 Σαμωνᾶς

355 617 631 673 omnibus
660 613 786 670 suis
816 612 878 668 in
910 611 1147 668 vincula
1199 612 1543 684 conjiciunt,
1577 610 1637 664 in
1669 608 1888 680 quibus
1918 607 2016 662 ille

356 705 500 762 obiit
529 721 542 759 :
577 703 822 776 quidam
853 719 991 758 vero
1023 719 1091 757 ex
1120 701 1262 769 illis,
1291 701 1541 756 carceris
1571 715 1867 753 aerumnas
1900 714 2014 752 non

355 797 630 860 ferentes,
691 793 866 847 ﬁdem
918 792 1290 862 abjurarunt.
1344 792 1416 844 At
1465 787 1910 855 Constantinus,
1963 791 2020 841 et

358 884 602 956 quidam
661 896 796 937 cum
853 881 1004 952 ipso,
1055 895 1285 935 carcere
1345 878 1551 950 elapsi,
1601 877 1659 932 in
1723 877 2019 931 Romanos

357 973 602 1036 limites,
670 969 1162 1042 persequentibus
1213 967 1497 1039 Agarenis
1550 966 1779 1022 fortiter
1825 966 2019 1037 proﬁi-

368 1062 543 1133 gatis,
579 1064 910 1116 evaserunt.
947 1059 1086 1112 Eum
1127 1058 1450 1130 imperator
1478 1061 1536 1111 et
1564 1055 1829 1110 hilariter
1858 1071 2022 1109 exce-

368 1151 478 1223 pit,
511 1155 569 1205 et
607 1147 918 1220 magniﬁce
951 1145 1210 1211 donavit,
1241 1150 1300 1201 et
1341 1145 1652 1216 exquisitis
1704 1143 2024 1199 honoribus

367 1239 577 1295 affecit.
606 1238 824 1293 Deinde
855 1237 1030 1291 etiam
1064 1236 1114 1290 ei
1147 1235 1294 1290 dixit
1318 1252 1330 1290 :
1354 1236 1431 1291 Ne
1459 1243 1510 1290 te
1538 1235 1775 1303 decipiat
1804 1248 2024 1299 nomen,

361 1328 730 1393 Constantine,
760 1329 938 1390 tuum,
963 1341 1061 1380 nec
1086 1325 1333 1395 putaris,
1359 1339 1418 1378 eo
1450 1324 1599 1393 quod
1631 1322 2026 1377 Constantinus

353 1417 618 1473 Romanis
675 1417 1056 1486 imperaturus
1114 1415 1204 1481 sit,
1267 1422 1317 1468 te
1374 1413 1616 1484 imperio
1675 1413 2025 1483 potiturum:

356 1515 509 1562 certo
563 1506 713 1560 enim
767 1505 920 1567 scito,
970 1502 1154 1572 ﬁlium
1211 1503 1358 1555 hunc
1412 1517 1617 1570 meum,
1673 1501 1832 1555 illum
1890 1516 2024 1555 esse.

358 1595 510 1664 Quod
538 1595 590 1648 si
618 1601 677 1648 tu
705 1596 967 1664 Spartam
998 1601 1150 1646 tuam
1181 1593 1427 1657 ornaris,
1463 1591 1594 1645 bene
1625 1589 1734 1643 tibi
1763 1591 1908 1652 erit;
1939 1591 2029 1644 sin

353 1686 516 1741 rebus
546 1684 708 1738 novis
736 1682 1034 1747 studueris,
1068 1684 1118 1735 et
1148 1680 1507 1752 tyrannidem
1549 1680 1831 1750 aﬂectaris
1859 1697 1876 1732 :
1910 1679 2030 1749 not;

358 1774 639 1842 dubitare,
671 1775 802 1842 quin
836 1786 939 1838 per
983 1771 1123 1824 hanc
1166 1777 1381 1841 portam
1414 1768 1846 1840 (demonstrata
1877 1769 2029 1822 occi-

359 1860 581 1918 dentali
609 1859 783 1916 Aurei
815 1858 1059 1914 triclinii
1095 1858 1282 1930 porta)
1313 1860 1477 1963 caput
1505 1861 1667 1963 tuum
1696 1857 1900 1928 absque
1929 1873 2024 1912 re-
2054 1896 2104 1963 B

361 1951 510 2022 liquo
539 1964 763 2020 corpore
792 1949 865 2002 sit
906 1949 1297 2012 transiturum,
1329 1945 1385 2000 id
1415 1945 1557 2017 quod
1583 1949 1769 2016 postea
1816 1949 2026 2017 factum

358 2048 458 2095 est.
489 2039 632 2094 Cum
661 2039 926 2093 Samonai
957 2040 1121 2107 pater
1149 2051 1283 2090 cum
1316 2034 1674 2106 quibusdam
1705 2033 1836 2090 aliis
1868 2033 2027 2092 Meli-

357 2131 557 2184 tenam
587 2127 864 2196 venisset,
897 2126 1022 2180 viso
1068 2125 1290 2180 honore
1319 2128 1376 2178 et
1403 2123 1706 2196 opulentia
1735 2123 1860 2190 ﬁlii,
1887 2141 2020 2178 cum

359 2235 427 2276 eo
475 2217 664 2272 vivere
713 2215 918 2271 voluit.
964 2213 1112 2269 Nam
1170 2213 1494 2284 imperator
1549 2229 1648 2268 eos
1707 2212 2022 2268 honoriﬁce

357 2309 681 2379 exceperat,
714 2308 772 2360 et
807 2307 1012 2358 contra
1043 2319 1221 2374 quam
1255 2302 1520 2370 decebat,
1564 2301 1833 2356 homines
1884 2319 2016 2372 pro-

358 2398 529 2453 fanos
575 2393 637 2448 in
686 2393 960 2465 Magnam
1013 2389 1332 2446 Ecclesiam
1376 2391 1798 2444 introduxerat.
1841 2391 1952 2446 Sed
1985 2409 2019 2447 a

357 2485 480 2541 ﬁlio
510 2482 845 2556 prohibitus
892 2485 1003 2547 est,
1036 2480 1343 2544 suadente,
1378 2482 1444 2533 ut
1473 2495 1643 2534 suam
1675 2477 2016 2551 religionem

355 2576 751 2639 conservaret,
785 2574 961 2641 atque
1005 2570 1064 2623 in
1112 2569 1365 2640 patriam
1419 2572 1825 2637 reverteretur,
1859 2571 2013 2641 quod

356 2667 418 2720 et
465 2662 592 2733 ipse
643 2675 746 2733 per
802 2657 1170 2714 occasionem
1231 2657 1491 2712 facturus
1543 2662 1719 2712 esset.
1753 2657 1815 2712 In
1868 2659 2016 2713 festo

358 2753 734 2808 Pentecostes
764 2753 873 2805 Leo
905 2746 1094 2802 ﬁlium
1121 2763 1296 2801 suum
1331 2746 1648 2815 coronavit,
1682 2751 1739 2802 et
1768 2747 2016 2818 impera-

358 2847 544 2897 torem
586 2837 919 2911 appellavit.
940 2836 1224 2892 Caeterum
1272 2835 1512 2891 odiosus
1543 2836 1688 2891 181
1729 2836 2016 2893 Samonas

359 2929 700 2986 eunuchum
735 2926 1079 2981 ministrum
1111 2941 1286 2980 suum
1318 2925 1795 2993 Constantinum,
1817 2941 1885 2982 ex
1919 2927 2016 2981 Pa-

356 3018 674 3092 phlagonia
703 3017 1045 3085 oriundum,
1079 3013 1331 3070 domina;
1364 3015 1431 3068 ad
1468 3013 1860 3069 ministerium
1894 3020 2012 3071 tra-

354 3108 524 3175 didit,
557 3106 818 3178 quicum
874 3108 931 3159 et
973 3103 1331 3174 imperatrici
1389 3107 1446 3157 et
1506 3102 1617 3174 ipsi
1675 3103 2012 3175 imperatori

350 3197 674 3272 percharus
705 3197 880 3262 esset,
913 3194 1196 3264 profanus
1228 3193 1516 3247 Samonas
1547 3191 1770 3248 invidia
1801 3198 2010 3248 stimu-

347 3266 508 3343 latus
548 3284 716 3340 illum
768 3283 924 3354 apud
984 3281 1399 3353 imperatorem
1451 3281 1682 3349 detulit,
1717 3283 1887 3352 quasi
1940 3283 2012 3337 ab

2127 3274 2242 3329 σίαν
2300 3277 2375 3348 μή
2435 3273 2665 3338 δεόντως
2715 3277 2971 3340 ἀπίστους
3029 3275 3185 3342 ὄντας
3241 3279 3524 3355 εἰσήγαγεν
3557 3325 3568 3338 .

352 3373 728 3446 imperatrice
769 3373 1087 3436 amaretur,
1120 3385 1296 3441 quem
1353 3371 1456 3425 Leo
1504 3386 1572 3424 ex
1620 3369 2016 3442 aemulatione,

355 3480 461 3536 pro
491 3460 774 3517 monacho
805 3458 1058 3521 tonderi,
1091 3474 1197 3513 nec
1229 3456 1416 3512 multo
1466 3463 1598 3530 post
1647 3461 1927 3526 revocari,
1963 3465 2022 3516 et

360 3550 688 3609 monastico
721 3548 924 3604 habitu
968 3552 1159 3616 exuto,
1195 3545 1422 3602 civilem
1456 3552 1673 3602 vestem
1725 3565 2022 3605 resumere

355 3639 566 3714 jussit,
597 3653 784 3710 eoque
836 3635 1189 3691 familiarius
1228 3635 1403 3689 etiam
1437 3651 1612 3706 quam
1667 3635 1829 3707 prius
1877 3654 2020 3692 usus

363 3735 475 3786 est.
506 3729 569 3783 Id
611 3729 875 3782 Samonaa
922 3722 1353 3778 intolerabilius
1383 3723 1600 3777 visum.
1634 3722 1811 3779 Curat
1839 3724 2023 3797 igitur

368 3834 472 3892 per
517 3833 758 3873 suorum
793 3813 1133 3886 quemdam,
1159 3811 1423 3866 libellum
1455 3813 1734 3868 conviciis
1782 3813 2018 3885 plenum

367 3906 569 3977 scribi,
601 3920 856 3976 eumque
885 3901 1106 3974 abjicit,
1136 3918 1253 3972 qua
1296 3901 1618 3973 imperator
1661 3904 2021 3961 transiturus

364 4001 491 4054 erat
524 4013 536 4050 :
571 4011 687 4067 quo
727 3994 778 4048 is
808 3993 1045 4047 invento
1075 3996 1131 4046 et
1161 3989 1329 4054 lecto,
1363 3990 1570 4057 doluit,
1605 3996 2021 4065 auctoremque

361 4083 690 4158 requisivit.
725 4083 888 4139 Unus
931 4079 1110 4152 igitur
1139 4095 1208 4135 ex
1236 4079 1366 4151 ejus
1409 4078 1488 4135 rei
1521 4080 1792 4149 consciis,
1823 4087 2021 4139 Samo-

358 4193 496 4232 nam
546 4173 751 4246 scripti
804 4174 1099 4226 aucterem
1153 4185 1282 4224 esse
1340 4167 1579 4224 indicat.
1615 4169 1760 4225 Cum
1820 4176 2016 4228 autem

355 4265 593 4338 eclipsis
624 4263 774 4318 lunae
807 4265 932 4315 tum
967 4259 1198 4323 fuisset,
1234 4258 1552 4327 imperator
1582 4260 2016 4332 metropolitam

355 4353 727 4426 Synadorum
759 4350 830 4404 de
861 4365 929 4404 ea
971 4346 1331 4419 quaesiturus
1364 4347 1630 4412 accersit,
1665 4364 1838 4419 quem
1881 4366 2014 4405 cum

352 4442 641 4498 Samonas
675 4438 947 4511 privatim
979 4437 1050 4491 de
1083 4435 1184 4490 illa
1215 4435 1636 4507 sciscitaretur,
1660 4440 2011 4508 respondet:

353 4533 526 4586 Tuum
551 4528 928 4601 infortunium
966 4525 1245 4598 portendit
1292 4531 1411 4580 ista
1464 4525 1613 4581 tunae
1642 4525 1880 4598 affectio.
1915 4528 2015 4584 Sin

2129 602 2664 677 μετακαλεσάμενος,
2724 602 2774 658 ἐν
2832 604 3169 682 ἀπορρήτοις
3222 605 3356 684 φησὶ
3415 607 3554 684 πρὸς
3603 606 3784 663 αὐτόν’

2127 689 2290 754 Οἶδας
2350 693 2432 746 ὅτι
2509 693 2601 747 τὸν
2682 689 2910 769 ὄλεθρον
2984 702 3086 764 τῆς
3147 696 3342 769 Συρίας
3414 695 3552 768 ὅλης
3609 697 3790 776 φέρεις

2130 779 2182 835 ἐν
2239 786 2359 843 ταῖς
2416 780 2604 856 χερσίν
2644 785 2804 853 ;Ἵνα
2859 788 2988 859 γοῦν
3052 784 3144 839 καὶ
3199 785 3297 854 τὴν
3356 783 3594 862 πατρίδα
3634 807 3787 862 περι-

2130 869 2314 945 σώσῃς
2396 871 2484 924 καὶ
2564 869 2692 934 τοὺς
2771 872 3048 948 ὁμογενεῖς
3103 917 3118 943 ,
3176 874 3269 945 τὸν
3346 876 3516 949 κηρὸν
3596 881 3790 931 τοῦτον

2131 957 2444 1034 ἐγχείρισον
2494 964 2574 1032 τῷ
2633 960 2845 1035 Οὐζῄρ.
2905 961 3065 1016 Οὕτω
3121 963 3226 1039 γὰρ
3286 964 3314 1018 6
3372 964 3499 1037 παρ’
3558 965 3603 1038 ᾧ
3653 965 3718 1034 ἦν
3762 967 3791 1021 ὁ

2135 1045 2486 1122 Ἀνδρόνικος
2563 1048 2919 1122 ὠνομάζετο.
2970 1052 3026 1103 Ὁ
3083 1048 3141 1106 δὲ
3196 1053 3493 1123 πεποίηκεν
3555 1053 3630 1118 ὡς
3686 1075 3792 1109 πα·

2135 1138 2427 1212 ρήγγελτο,
2478 1138 2565 1192 καὶ
2615 1139 2836 1212 γνόντες
2867 1141 2929 1194 'o't
2957 1144 3056 1205 τῆς
3096 1141 3270 1217 Ἀγαρ
3303 1142 3402 1210 τὴν
3433 1139 3660 1216 δύναμιν
3693 1150 3796 1214 τῆς

2132 1233 2368 1302 γραφῆς,
2417 1227 2504 1280 καὶ
2559 1228 2652 1282 τὸν
2715 1226 3060 1299 Ἀνδρόνικον
3128 1228 3392 1303 δεσμοῦσι
3447 1231 3538 1286 καὶ
3595 1233 3798 1297 πάντας

2133 1314 2263 1376 τοὺς
2329 1313 2420 1369 σὺν
2469 1316 2619 1387 αὐτῷ
2667 1359 2678 1373 .
2734 1318 2794 1374 Ὁ
2859 1318 2950 1389 μὶν
3013 1317 3102 1372 οὖν
3165 1316 3514 1395 Ἀνδρόνικος
3573 1321 3626 1378 ἐν
3677 1328 3795 1384 τοῖς

2137 1401 2361 1477 δεσμοῖς
2409 1405 2501 1459 τὸν
2563 1404 2678 1479 βίον
2736 1405 3017 1463 κατέλυσε.
3077 1409 3226 1471 Τινὲς
3289 1407 3348 1464 δὲ
3374 1415 3481 1464 τῶν
3531 1409 3622 1465 σὺν
3650 1411 3797 1483 αὖτῷ

2134 1493 2233 1560 τὴν
2294 1491 2354 1548 ἐκ
2403 1497 2510 1547 τῶν
2573 1492 2786 1568 δεσμῶν
2851 1497 2927 1569 μὴ
2987 1499 3304 1574 στέργοντες
3362 1500 3636 1569 κάκωσιν,
3694 1501 3794 1569 τήν

2136 1582 2319 1635 πίστιν
2368 1583 2568 1637 ἑαυτῶν
2621 1583 2986 1657 ἐξωμόσαντο.
3037 1587 3098 1644 Ὀ
3151 1583 3208 1640 δὲ
3257 1593 3662 1650 Κωνσταντῖνος
3709 1589 3802 1644 καί

2134 1691 2277 1731 τινες
2331 1675 2438 1724 τῶν
2501 1670 2592 1724 σὺν
2647 1672 2798 1745 αὐτῷ
2851 1681 2953 1742 τῆς
3010 1673 3229 1751 εἷ’ρκτῆς
3286 1675 3604 1753 ἐκφυγόντες
3659 1679 3798 1754 πρὸς

2133 1761 2201 1814 τὰ
2271 1760 2556 1834 Ῥωμαίων
2633 1761 2874 1836 ἀπῄεσαν
2920 1806 2933 1832 ,
3015 1763 3284 1827 καὶτοὺς
3364 1763 3798 1830 καταδιώκοντας

2136 1847 2328 1910 αὐτοὺς
2402 1849 2738 1926 Ἀγαρηνοὺς
2793 1851 3048 1927 γενναίως
3116 1853 3468 1929 τρεψάμενοι,
3530 1853 3800 1928 διεσώθη-

2135 1959 2268 1995 σαν.
2326 1940 2420 1996 ⁶Ον
2481 1940 2508 1993 6
2567 1938 2824 2015 βασιλεὺς
2884 1939 3096 2013 ἐδέξατό
3161 1963 3220 1998 τε
3293 1949 3647 2020 περιχαρῶς,
3704 1946 3798 2000 καὶ

2135 2025 2454 2099 ἐδεξιώσατο
2516 2027 2967 2104 μεγαλοπρεπῶς,
3028 2031 3119 2086 καὶ
3177 2029 3542 2111 διαφερόντως
3599 2034 3793 2108 ἐτίμη-

2135 2136 2261 2172 σεν·
2320 2117 2433 2172 εἶτα
2489 2117 2578 2172 καὶ
2633 2119 2768 2194 πρὸς
2830 2120 2990 2175 αὐτὸν
3055 2117 3181 2198 ἔφη·
3242 2123 3334 2193 Μὴ
3391 2123 3649 2179 ἀπατάσω
3708 2145 3788 2194 σε,

2130 2211 2522 2276 Κωνσταντῖνε,
2581 2208 2643 2262 τὸ
2702 2203 2920 2282 ὄνομα,
2986 2207 3115 2283 μηδ’
3174 2208 3292 2266 οἷόυ
3345 2219 3444 2282 τῆς
3501 2210 3782 2289 βασιλείας

2125 2301 2364 2370 τυχεῖν,
2446 2296 2521 2360 ὡς
2606 2298 3020 2354 Κωνσταντίνου
3106 2300 3386 2374 Ῥωμαίων
3473 2299 3778 2375 μὲλλοντος

2128 2385 2325 2459 ἅρξαι’
2381 2383 2493 2439 ’ίσθι
2554 2386 2656 2462 γὰρ
2730 2383 2970 2461 ἀκριϐῶς
3040 2392 3230 2443 τοῦτον
3308 2391 3441 2444 εἶναι
3513 2391 3603 2445 τὸν
3664 2391 3780 2446 υἱὸν

2124 2472 2216 2528 τὸν
2263 2471 2393 2548 ἐμόν
2425 2516 2438 2529 .
2502 2473 2576 2528 Σὺ
2630 2472 2687 2529 δὲ
2741 2475 2790 2529 εἴ
2850 2476 2942 2550 μὲν
3002 2478 3063 2546 ἣν
3121 2474 3322 2554 ἓλαχες
3379 2481 3630 2556 Σπάρταν
3683 2501 3779 2536 κο-

2128 2567 2307 2636 σμεῖς,
2369 2561 2515 2618 ἔσται
2578 2585 2661 2618 σοι
2723 2562 2799 2618 εὖ·
2865 2565 2910 2619 εἶ
2962 2563 3020 2620 δὲ
3077 2568 3779 2645 νεωτερίσεις,καὶτυραν-

2124 2649 2232 2706 νίδι
2293 2651 2683 2728 ἐπιχειρήσεις,
2745 2650 2850 2708 ἔσω
2909 2649 3144 2728 βεϐαίως
3205 2654 3364 2719 εἰδὼς
3424 2658 3498 2720 ὡς
3549 2655 3639 2713 διὰ
3679 2667 3782 2730 τῆς

2127 2737 2185 2795 δὲ
2239 2742 2339 2810 τῆς
2398 2739 2582 2811 πύλης
2631 2743 2749 2815 (τὴν
2809 2743 2946 2819 πρὸς
2998 2740 3146 2798 δύσιν
3205 2743 3365 2800 οὖσαν
3417 2749 3514 2801 τοῦ
3565 2748 3781 2822 Χρυσο-

2122 2828 2404 2905 τρικλίνου
2463 2828 2638 2901 δείξας
2697 2829 2862 2904 αὐτῷ)
2924 2834 2959 2902 ἡ
3018 2831 3228 2910 κεφαλή
3277 2855 3372 2888 σου
3420 2839 3518 2889 τοῦ
3577 2835 3781 2890 λοιποῦ

2126 2919 2381 2992 σώματος
2469 2939 2648 2996 χωρις
2753 2919 3180 2997 εἰσαχθήσεται·
3269 2922 3298 2978 ὃ
3379 2924 3471 2978 καὶ
3557 2926 3779 3000 γέγονεν

2124 3007 2362 3082 ὕστερον.
2427 3011 2520 3065 Ἐκ
2577 3007 2633 3064 δὲ
2691 3009 3001 3081 Μελιτηνῆς
3056 3009 3322 3075 ἐλθόντων
3377 3017 3562 3083 τινῶν,
3613 3013 3665 3070 ἐν
3699 3017 3783 3077 οἷς

2122 3098 2188 3168 ἦν
2249 3098 2339 3153 καὶ
2399 3100 2426 3153 6
2481 3103 2579 3153 τοῦ
2641 3105 2881 3172 Σαμωνᾶ
2936 3101 3155 3174 πατὴρ,
3218 3099 3505 3173 ὑπεδέξατο
3549 3103 3780 3166 τούτους

2123 3186 2358 3260 ἐντίμως
2415 3188 2442 3242 6
2504 3185 2778 3263 βασιλεὺς,
2828 3188 2918 3243 καὶ
2978 3189 3052 3252 εἶς
3109 3191 3209 3258 τὴν
3257 3188 3517 3264 Μεγάλην
3551 3191 3783 3264 Ἐκκλη-

3622 3279 3777 3339 Ἰδὼν

2131 3363 2188 3420 δὲ
2246 3365 2273 3419 6
2323 3369 2421 3419 τοῦ
2479 3371 2719 3438 Σαμωνᾶ
2772 3368 2974 3442 πατὴρ,
3033 3369 3092 3438 ἣν
3150 3367 3295 3444 εἶχεν
3354 3369 3381 3423 6
3441 3371 3556 3432 υἱὸς
3609 3370 3782 3426 αὐτοῦ

2127 3456 2295 3528 τιμὴν
2331 3454 2382 3508 ἐν
2425 3460 2541 3516 τοῖς
2593 3455 2911 3530 βασιλείοις,
2961 3457 3050 3512 καὶ
3097 3458 3188 3513 τὸν
3230 3455 3467 3514 πλοῦτον
3518 3459 3576 3513 ’ὃν
3623 3480 3784 3534 περι-

2131 3543 2321 3613 ἑκειτο,
2369 3540 2536 3613 ἤθελε
2594 3542 2892 3621 συνδιάγειν
2943 3545 3128 3618 αὐτῷ.
3191 3546 3477 3618 Ἐκωλύθη
3539 3545 3596 3603 δὲ
3652 3551 3782 3624 παρ’

2130 3631 2358 3704 ἐκείνου,
2408 3635 2506 3702 τὴν
2557 3633 2764 3689 οἰκείαν
2795 3635 3081 3710 θρησκείαν
3121 3642 3308 3709 τηρεῖν
3369 3631 3785 3710 συμϐουλεύον-

2128 3742 2242 3793 τος,
2290 3722 2381 3776 καὶ
2431 3722 2506 3784 είς
2552 3723 2652 3790 τὴν
2702 3721 2940 3796 πατρίδα
2985 3722 3324 3789 ἐπανελθεῖν.
3375 3725 3438 3782 Εἰ
3471 3724 3528 3780 δὲ
3562 3728 3649 3781 καὶ
3684 3728 3782 3782 αὐ-

2127 3809 2244 3881 τὸς,
2300 3810 2423 3889 ἔφη,
2473 3812 2630 3887 τύχω
2677 3816 2891 3888 καιροῦ,
2946 3813 3300 3884 ὑπονοστήσω
3349 3815 3486 3891 πρός
3537 3836 3613 3874 σε.
3665 3819 3783 3887 Τῆς

2132 3897 2178 3954 δ’
2236 3897 2428 3975 ἑορτῆς
2487 3902 2564 3973 (9)
2618 3906 2718 3970 τῆς
2776 3906 3156 3971 Πεντηκοστῆς
3229 3901 3486 3974 ἐνστάσης
3522 3951 3536 3976 ,
3592 3901 3784 3980 ἕστεψε

2127 3989 2220 4044 τὸν
2271 3989 2386 4042 υἱὸν
2437 3985 2604 4042 αὐτοῦ
2651 3989 2678 4042 6
2731 3988 3006 4063 βασιλεὺς,
3056 3990 3144 4045 καὶ
3195 3991 3551 4068 ἀνηγόρευσεν
3617 3994 3776 4048 αὐτὸν

2133 4076 2378 4154 βασιλέα.
2438 4076 2727 4150 Ἐκτομίαν
2789 4077 2834 4132 δ’
2892 4075 3034 4155 ἔχων
3096 4081 3395 4155 θεράποντα
3445 4083 3472 4136 6
3531 4085 3772 4158 μυσαρὸς

2129 4172 2423 4240 Σαμωνᾶς,
2482 4173 2883 4223 Κωνσταντῖνον
2934 4169 3336 4243 ὀνομαζόμενον
3366 4213 3379 4239 ,
3440 4169 3500 4226 ἐκ
3552 4169 3611 4227 δὲ
3664 4177 3774 4225 Πα-

2128 4255 2428 4334 φλαγονίας
2479 4258 2811 4332 γενόμενον,
2863 4261 2932 4332 τῇ
2989 4255 3240 4333 δεσποίνῃ
3295 4264 3487 4315 τοῦτον
3546 4258 3781 4315 δέδωκεν

2129 4345 2205 4407 εἷς
2236 4346 2552 4422 ὑπηρεσίαν.
2597 4345 2747 4402 Ἐπεὶ
2797 4343 2854 4401 δὲ
2901 4346 2989 4401 καὶ
3039 4350 3107 4421 τῇ
3157 4345 3445 4424 βασιλίσσῃ
3490 4349 3580 4404 καὶ
3630 4350 3782 4422 αὐτῷ

2123 4438 2203 4506 τῷ
2268 4432 2551 4508 κρριτοῦντι
2611 4432 2731 4489 λίαν
2803 4438 2830 4490 6
2889 4437 3296 4499 Κωνσταντῖνος
3349 4437 3635 4509 ᾠκείωτο,
3698 4438 3776 4503 εἰς

2128 4523 2414 4598 βασκανίαν
2473 4524 2500 4578 ὁ
2553 4519 2792 4599 βεϐηλὸς
2843 4525 3099 4601 ἠρέθιστο
3157 4532 3446 4598 Σαμωνᾶς,
3500 4528 3590 4582 καὶ
3639 4528 3779 4602 πρὸς

347 4621 561 4676 decima
591 4621 754 4674 tertia
782 4617 922 4673 Julii
951 4617 1073 4670 dies
1103 4618 1233 4670 ante
1280 4623 1433 4669 tuam
1462 4615 1838 4670 calamitatem
1864 4633 2013 4687 prse-

2127 4610 2213 4664 τὸν
2251 4611 2478 4686 βασιλέα
2519 4618 2767 4668 κατεῖπεν
2826 4614 3010 4685 αὐτοῦ,
3060 4614 3133 4676 ὡς
3172 4614 3455 4688 ἐρωμένου
3501 4620 3569 4690 τῇ
3621 4618 3777 4691 βασι-

347 4709 603 4770 terierit;
632 4711 686 4762 et
715 4715 778 4762 tu
824 4706 1202 4775 infortunium
1250 4703 1505 4758 evitabis.
1539 4704 1760 4758 Deinde
1793 4705 1867 4758 ab
1898 4705 2010 4760 im-

343 4803 612 4870 peratore
655 4809 886 4868 quoque
937 4794 1335 4864 interrogatus
1366 4793 1730 4863 Synadorum
1781 4793 2009 4864 episco-

341 4904 476 4960 pus,
511 4885 845 4958 respondet,
880 4881 1102 4938 malum
1149 4881 1305 4936 istud
1342 4881 1401 4934 in
1433 4898 1568 4935 eum
1602 4881 1703 4951 qui
1753 4888 1905 4938 esset
1937 4885 2008 4940 ab

335 4975 438 5032 illo
472 4976 796 5047 proximus,
827 4977 1255 5044 grassaturum.
1300 4970 1625 5040 Imperator
1668 4987 1840 5041 porro
1873 4989 2005 5042 per-

340 5081 546 5122 sonam
582 5063 910 5137 proximam
959 5059 1354 5115 Alexandrum
1391 5058 1631 5113 fratrem
1679 5059 2004 5130 judicabat,

334 5154 435 5210 sed
471 5154 617 5209 falso
649 5171 660 5207 :
697 5167 830 5206 nam
868 5148 1092 5204 homini
1129 5146 1386 5217 pessimo
1421 5147 1659 5201 tandem
1694 5149 1847 5203 male
1876 5165 2004 5206 esse

334 5243 658 5315 oportebat.
701 5245 810 5296 Leo
861 5237 1062 5310 igitur,
1097 5235 1194 5290 ubi
1247 5236 1518 5307 cognovit
1550 5253 1683 5292 eum
1740 5254 1869 5294 esse
1918 5240 2001 5295 fa-

333 5331 484 5388 mosi
540 5329 723 5387 libelli
781 5331 1104 5396 auctorem,
1146 5328 1199 5379 et
1252 5323 1412 5395 regia
1461 5324 1662 5398 exigit,
1694 5332 1751 5383 et
1796 5345 1998 5384 rasum

2123 4698 2307 4775 λίσσῃ.
2340 4700 2736 4774 Ζηλοτυπήσας
2780 4702 2868 4758 οὖν
2925 4705 2952 4758 ὁ
2993 4702 3137 4760 Λέων
3184 4705 3529 4780 ἀποκαρῆναι
3577 4711 3773 4761 τοῦτον

2117 4791 2409 4866 προσέταξε
2465 4793 2730 4868 μοναχὸν,
2789 4793 2878 4847 καὶ
2940 4794 3054 4865 μετ’
3107 4794 3171 4848 ού
3229 4793 3373 4849 πολύ
3418 4794 3772 4851 ἀνακαλεῖται

2114 4885 2329 4952 τοῦτον,
2374 4880 2463 4935 καὶ
2519 4879 2859 4951 ἀποδυθῆναι
2907 4881 3168 4947 κελεύσας
3214 4883 3281 4937 τὰ
3341 4887 3617 4960 μοναχικά
3664 4883 3773 4959 ἄμ-

2114 4991 2230 5047 φια,
2289 4969 2380 5024 καὶ
2429 4971 2700 5043 κοσμικὴν
2761 4967 3147 5041 περιϐαλέσθαι
3197 4971 3424 5045 στολὴν,
3479 4972 3695 5045 μᾶλλον
3730 4976 3767 5044 ἢ

2112 5060 2378 5135 πρότερον
2435 5060 2598 5114 αὐτὸν
2672 5060 2984 5132 ᾠκειώσατο
3024 5106 3036 5118 .
3108 5062 3227 5118 Οὐκ
3279 5062 3472 5117 ἀνεκτά
3528 5061 3574 5117 δ’
3630 5067 3766 5132 ἦσαν

2110 5153 2278 5203 ταῦτα
2324 5153 2401 5220 τῷ
2442 5153 2704 5222 Σαμωνᾷ.
2739 5150 2936 5225 Γράφει
2963 5149 3142 5206 τοίνυν
3178 5149 3431 5226 λοίδορόν
3480 5173 3534 5206 τι
3582 5173 3769 5229 γραμ-

2114 5239 2306 5311 μάτιον
2350 5235 2438 5292 διά
2483 5258 2631 5301 τινος
2687 5241 2794 5292 τῶν
2845 5237 3031 5308 αὐτοῦ,
3081 5239 3170 5294 καὶ
3210 5245 3371 5296 τοῦτο
3423 5241 3599 5318 ῥίπτει
3647 5240 3768 5297 ἔνθα

2111 5329 2139 5382 6
2186 5325 2442 5402 βασιλεὺς
2489 5324 2851 5382 διελεύσεσθαι
2910 5323 3174 5402 ἔμελλεν,
3225 5327 3358 5406 ὅπερ
3408 5331 3579 5404 εὑρὼν
3631 5331 3768 5387 ἐκεῖ·

1607 5508 1813 5569 Variae
1856 5507 2162 5570 lectiones
2207 5513 2269 5569 et
2311 5514 2500 5570 notae.

393 5646 470 5726 (9)
500 5649 612 5712 Τῆς
721 5642 953 5726 ἑορτῆς..
975 5640 1177 5724 Lupus
1209 5639 1614 5726 Proto.spath_a_
1630 5662 1643 5699 :
1683 5644 1831 5700 Anno
1859 5643 1985 5713 913,

2127 5683 2138 5697 .
2173 5643 2230 5714 1,
2265 5652 2563 5700 coronatus
2609 5653 2688 5704 est
2739 5648 3096 5705 Constantius
3125 5649 3592 5726 (Constantinus)
3621 5653 3756 5726 imp.

323 5714 474 5790 ﬁlius
501 5716 757 5788 praedicti
791 5714 998 5782 Leonis,
1033 5715 1131 5784 qui
1160 5716 1412 5782 regnavit
1441 5731 1513 5770 an
1548 5716 1633 5769 47.
