2071 3195
200 229 238 259 81
857 228 1061 260 ANNALIUM
1085 230 1157 261 LlB.
1181 232 1261 263 XVI.
1881 227 1920 258 82

201 297 419 330 Κωνσταντῖνος,
448 292 609 331 δομέστικος
637 292 673 321 ὥν
697 295 751 322 τῶν
782 293 906 331 σχολῶν,
922 293 967 321 καὶ
981 295 1030 329 τὴν

1088 300 1151 326 tum
1168 299 1269 327 aberat
1283 299 1319 327 ab
1333 298 1427 335 urbe).
1441 298 1549 334 partim
1565 296 1654 325 veluti
1675 295 1818 324 scintillas
1839 294 1919 330 cupi-

203 342 252 367 τοῦ
280 337 463 377 Ἀλεξάνδρου
489 338 687 375 ἐνωτισάμενος
716 337 857 374 τελευτὴν,
877 337 1033 375 (ἀπεδήμει

208 386 259 422 γὰρ
274 387 321 419 τῆς
340 382 485 421 βασιλιδος
511 385 564 411 τῶν
592 382 711 418 πόλεων)
740 383 772 410 τὸ
798 383 845 419 μὲν
873 394 898 410 τι
914 383 943 409 ’ὸν
958 382 1034 420 ἔκρυη

211 440 273 457 πτεν
290 428 340 456 ὐπὸ
356 427 457 464 σποδιᾷ
475 432 611 466 σπινθῆρα
635 430 683 455 το3
710 427 810 465 ἔρωτος
827 431 877 462 τῆς
894 427 1032 465 βασιλείου

211 474 296 512 ἀρχῆς
325 472 501 501 ἐκκαλύπτων
531 483 560 500 τε
584 472 627 500 καὶ
655 471 850 510 ἀναρριπίζων,
878 472 910 499 τὸ
932 470 960 499 δὲ
985 471 1031 499 καὶ

210 519 253 546 ὑπ’
282 517 375 545 ἄλλων
401 518 470 555 πρὸς
495 520 576 545 τοῦτο
606 517 805 555 ἐρεθιζόμενος,
835 518 871 544 ὧν
900 517 935 547 εἷς
964 517 1030 543 εἶναι

207 562 315 600 λέγεται
332 564 383 598 (16)
400 562 445 589 καὶ
471 563 485 589 ὁ
508 561 684 600 πατριάρχης
703 559 851 596 Νικόλαος,
868 562 965 598 (μήπω
979 561 1030 599 γὰρ

203 611 253 642 τῆς
280 609 328 634 τοῦ
357 605 536 645 Ἀλεξάνδρου
567 605 700 642 διαθήκης
727 606 955 644 ἀναγνωσθείσης,
981 605 1030 632 οὐκ

203 650 263 688 ᾔδει
287 652 333 679 καὶ
360 651 442 682 αὐτὸς
471 651 721 688 καταλελειμμένος
750 650 907 689 ἐπίτροπος)
934 660 1030 687 τυραν-

201 695 257 723 νίδι
285 698 340 733 (17)
383 695 584 734 ἐπικεχείρηκε,
620 696 666 723 καὶ
703 695 766 727 τοὺς
806 695 946 734 ἐκκρίτους
973 698 1027 722 τῶν

202 741 410 780 στρατευμάτων
449 738 616 778 παραλαϐὼν
656 743 696 777 τῷ
738 741 876 776 Βυζαντίῳ
905 738 1028 775 ἐπιδεδή-

202 796 284 822 μηκε,
315 786 361 813 καὶ
391 784 435 813 διά
463 795 537 817 τινος
565 784 680 816 πυλίδος
704 786 799 816 νυκτὸς
829 784 956 817 εἰσελθὼν
978 785 1027 819 τὴν

197 832 248 857 τοῦ
275 829 463 867 Ίπποδρόμου
494 829 585 865 πύλην
617 830 685 866 μετὰ
710 829 861 867 λαμπάδων
890 828 1029 865 καταλαμ-

198 872 287 909 ϐάνει,
310 874 355 902 καί
382 885 457 905 τινας
483 876 537 902 τῶν
564 874 753 912 συγκλητικῶν
783 875 1027 912 προσεταιρισάμε-

196 930 255 953 νος,
272 918 383 947 πολλοῦ
411 919 455 946 καὶ
487 917 635 955 δημώδους
659 917 747 956 ὅχλαν
778 919 1025 956 συναθροισθέντος,

197 965 225 991 οἳ
241 964 287 991 καὶ
303 964 339 995 ὡς
357 963 470 1002 βασιλέα
500 964 580 991 αὐτὸν
611 963 750 1003 εὐφήμουν
778 964 822 991 καὶ
847 964 1023 1001 ἀνηγόρευον.
1039 983 1063 1015 Β

197 1011 235 1015 __
276 1007 297 1015 ι..
315 1008 322 1015 .
361 1009 367 1015 .
426 1009 432 1015 ι
506 1007 527 1015 η
624 1009 630 1015 .
670 1009 676 1015 .
765 1008 770 1015 .
888 1009 894 1015 .

195 1011 257 1036 Τῶν
274 1007 297 1035 δ’
314 1008 388 1039 ἐντὸς
403 1009 452 1039 τὰς
478 1007 567 1040 πύλας
597 1009 634 1045 μὴ
665 1008 854 1047 ἀνοιγνύντων,
885 1009 898 1035 ὁ
913 1018 1021 1046 πρωτο-

197 1054 325 1091 στράτωρ
340 1055 388 1081 τυῦ
418 1052 622 1081 Κωνσταντίνου
645 1056 705 1084 ταῖς
728 1053 807 1091 χερσί
822 1053 960 1084 πεποιθὼς
977 1051 1021 1079 καὶ

195 1097 360 1135 θρασύτερον
389 1096 558 1136 προσαράξαι
594 1097 642 1128 τὰς
673 1097 762 1128 πύλας
786 1098 832 1125 καὶ
858 1095 1021 1125 καταϐαλεῖν

195 1140 372 1179 ϐιαζόμενος,
400 1141 522 1169 νύττεται
551 1142 642 1180 λόγχῃ
666 1142 738 1180 παρά
761 1144 809 1170 τοῦ
822 1145 875 1169 τῶν
891 1141 964 1169 ἔνδον
980 1140 1024 1169 διά

195 1187 275 1218 τινὸς
290 1187 413 1225 ἀμυχῆς,
442 1187 488 1214 καὶ
514 1188 528 1214 ὁ
556 1187 603 1224 μὲν
624 1187 657 1221 ἦν
678 1187 774 1214 αὐτίκα
787 1187 890 1225 νεκρός.
907 1187 935 1214 Ὁ
951 1186 980 1214 δέ
995 1197 1025 1224 γε

198 1234 388 1263 Κωοταντῖνος
433 1231 530 1259 ἐκεῖθεν
565 1231 603 1264 εἱς
642 1231 673 1259 τὸ
706 1234 759 1259 τῶν
799 1231 889 1260 ἷεππων
919 1230 1023 1259 ἄπεισιν

200 1275 412 1313 ἀμιλλητήριον
435 1276 557 1314 θέατρον,
584 1276 641 1303 εἶτα
668 1276 705 1307 εἷς
726 1277 775 1311 τήν
792 1276 942 1314 λεγομένην
957 1276 1027 1311 ἦλθε

201 1320 326 1358 Χαλκῇν,
351 1321 397 1348 καὶ
427 1320 493 1358 ἄχρι
521 1323 576 1348 τῶν
605 1319 766 1357 ἐξκουϐίτων
789 1321 936 1359 προῆλθεν.
952 1322 982 1350 Ὁ
998 1319 1027 1347 δὲ

204 1368 259 1393 τῶν
291 1366 446 1403 ἐπιτρόπων
478 1365 514 1397 εἷς
543 1366 557 1393 ὁ
588 1372 737 1404 μαγιστρος
766 1366 890 1402 Ἰωάννης
918 1365 1026 1394 δἘλα-

201 1409 262 1445 δὶς,
291 1410 320 1438 ἐκ
348 1413 402 1438 τῶν
434 1411 559 1448 ἑταιριῶν
575 1411 619 1437 καὶ
648 1413 702 1438 τῶν
729 1410 866 1448 πλωΐμων
896 1410 1027 1446 συλλέξας

206 1455 291 1491 τινας,
307 1455 533 1489 ἀντικαταστῆναι
559 1457 598 1491 τῷ
626 1458 801 1493 τυραννοῦντι
831 1455 928 1487 αὐτοὺς
941 1456 1030 1491 ἐξοιπὲ-

214 1499 308 1527 στειλι.
332 1500 383 1528 Καὶ
409 1499 573 1536 συμπλοκῆς
601 1500 762 1538 γενομένης,
789 1500 892 1529 πολλοὶ
921 1501 1029 1528 πεπτώ-

211 1554 285 1571 κασιν
313 1544 488 1581 ἑκατέρωθεν,
518 1543 633 1582 ἔσφακτο
663 1543 692 1572 δὲ
719 1545 763 1572 καὶ
789 1546 930 1583 Γρῆγορᾶς
954 1544 1030 1573 ὁτοῦ

210 1588 299 1616 Δούκα
314 1589 382 1623 υἱὸς,
397 1588 443 1616 καὶ
472 1588 486 1615 ὁ
512 1588 620 1625 ἀνεψιός
636 1588 720 1616 αὐτοῦ
744 1589 871 1627 Μιχαήλ,
885 1589 929 1616 καὶ
946 1592 1031 1626 Κουρ-

207 1633 294 1665 τίκιος
330 1634 344 1660 ὁ
373 1633 531 1671 Ἀρμένιος.
569 1633 684 1664 Τούτοις
720 1633 766 1661 οὗν
802 1633 988 1671 περιαλγήσας
1017 1634 1031 1660 ὁ

1090 343 1190 371 ditatis
1206 344 1322 380 imperii
1333 352 1407 380 quas
1420 343 1475 371 sub
1490 342 1638 370 cineribus
1649 340 1919 376 tegebat,detegens

1089 390 1117 415 et
1138 389 1284 417 ventilans
1315 397 1320 416 :
1344 389 1451 424 partim
1478 388 1513 415 ab
1530 387 1596 414 aliis
1622 393 1740 421 quoque
1765 384 1918 417 incitatus,

1089 441 1212 468 quorum
1228 442 1304 461 unus
1316 433 1407 461 fuisse
1419 433 1589 468 perhibetur
1600 430 1767 467 patriarcha
1779 428 1916 456 Nicolaus

1086 477 1166 512 (nam
1182 478 1338 506 Alexandri
1355 479 1530 505 testamento
1547 476 1678 504 nondum
1693 474 1779 507 lecto,
1797 474 1915 510 ignora-

1086 522 1136 550 bat
1151 530 1182 550 se
1198 531 1315 559 quoque
1339 522 1471 550 relictum
1488 530 1552 549 esse
1566 520 1716 553 tutorem),
1729 518 1913 555 tyrannidem

1086 567 1203 602 invasit,
1211 567 1392 603 deiectisque
1403 566 1547 593 militibus
1559 563 1730 599 assumptis,
1741 561 1913 598 Byzantium

1085 614 1172 639 noctu
1203 620 1253 647 per
1280 612 1441 647 quamdam
1467 610 1615 646 portulam
1640 608 1804 644 ingressus,
1835 606 1911 634 Circi

1084 657 1228 690 equestris
1243 659 1357 693 portam
1374 665 1440 684 cum
1456 655 1569 683 facibus
1593 655 1726 689 occupat,
1750 651 1913 679 conciliatis

1083 700 1139 728 sibi
1155 700 1341 728 senatoribus
1355 700 1542 736 quibusdam,
1559 700 1588 726 et
1599 705 1706 733 magna
1720 695 1814 732 plebis
1824 694 1913 722 turba

1083 748 1269 782 congregata,
1296 745 1346 781 qui
1370 753 1438 772 eum
1460 743 1566 771 faustis
1588 743 1724 770 omnibus
1752 747 1910 776 proseque-

1083 790 1201 824 bantur,
1233 792 1262 817 et
1289 790 1497 825 imperatorem
1521 787 1699 816 salutabant.
1729 783 1907 812 Custodibus

1083 838 1180 863 autem
1197 837 1309 872 portam
1325 843 1383 862 non
1406 833 1615 870 aperientibus,
1632 829 1815 859 Constantini
1839 829 1908 856 Pro-

1082 881 1233 913 tostrator,
1250 879 1389 907 manibus
1410 880 1512 911 fretus,
1529 878 1599 905 dum
1622 884 1686 904 eam
1703 874 1842 902 audacius
1857 881 1909 901 csa-

1083 925 1150 952 dere
1165 927 1193 952 et
1208 924 1344 952 revellere
1361 923 1474 958 nititur,
1499 930 1550 958 per
1574 922 1706 949 foramen
1719 920 1820 946 lancea
1835 926 1889 945 con
1901 932 1908 936 ‹

1083 969 1191 1002 fossus,
1208 969 1308 996 statim
1323 967 1452 996 concidit
1475 966 1629 995 exanimis.
1645 966 1681 992 At
1696 962 1906 991 Constantinus

1079 1013 1147 1040 inde
1161 1013 1191 1040 in
1207 1013 1390 1048 equestrium
1402 1011 1594 1040 certaminum
1606 1010 1752 1037 theatrum
1768 1007 1902 1035 discedit.

1080 1056 1189 1083 Deinde
1214 1057 1243 1083 in
1259 1056 1394 1089 Chalcen,
1416 1057 1445 1083 et
1461 1063 1553 1090 usque
1568 1055 1603 1082 ad
1620 1053 1822 1081 excubitorum
1847 1053 1905 1078 sta-

1078 1102 1188 1130 tionem
1206 1100 1513 1138 progreditur.Verum
1527 1107 1604 1127 unus
1617 1100 1760 1131 tutorum,
1776 1099 1905 1124 Joannes

1079 1145 1184 1173 Eladas
1208 1145 1350 1181 magister
1369 1144 1496 1180 quodam
1514 1152 1549 1171 ex
1563 1142 1770 1170 soladitatibus
1786 1144 1813 1168 et
1828 1140 1906 1168 clas-

1080 1190 1178 1217 siariis
1189 1189 1324 1217 collectos
1339 1188 1429 1221 misit,
1441 1190 1474 1216 ut
1485 1190 1609 1224 tyranno
1620 1185 1907 1220 resisterent.Pugna

1080 1235 1251 1269 commissa,
1274 1234 1359 1261 multi
1380 1234 1497 1268 utrique
1519 1232 1686 1260 ceciderunt
1701 1240 1710 1258 :
1727 1238 1820 1258 cacus
1835 1231 1910 1257 Grai-

1081 1287 1167 1314 goras
1191 1280 1276 1307 Ducas
1302 1278 1391 1312 filius,
1417 1280 1447 1305 et
1475 1276 1617 1313 patruelis
1640 1277 1704 1312 ejus
1732 1274 1854 1303 Michael
1883 1279 1912 1305 et

1080 1324 1229 1352 Curticius
1245 1323 1412 1350 Armenius.
1428 1322 1469 1350 0b
1485 1322 1540 1349 hos
1557 1321 1683 1349 amissos
1698 1319 1911 1348 Constantinus

1082 1369 1195 1404 dolens,
1212 1369 1282 1396 dum
1303 1367 1462 1396 exercitum
1486 1375 1573 1395 suum
1590 1366 1828 1398 conﬁrmaturus,
1843 1372 1911 1391 con-

1082 1412 1172 1440 citato
1187 1420 1262 1447 equo
1282 1412 1311 1439 in
1336 1411 1461 1447 primam
1487 1411 1578 1439 aciem
1594 1408 1773 1446 provehitur,
1791 1416 1866 1444 equo
1881 1408 1911 1435 in

1084 1457 1145 1485 solo
1161 1456 1270 1484 tabulis
1286 1456 1411 1492 lapideis
1426 1457 1518 1484 strato
1532 1455 1679 1491 prolapso,
1692 1453 1910 1490 praecipitatur:

1083 1502 1131 1530 oui
1146 1501 1266 1537 quidam
1295 1501 1394 1528 statim
1419 1503 1507 1537 caput
1521 1501 1667 1536 amputat,
1680 1499 1769 1534 idque
1784 1498 1913 1534 impera-

1085 1546 1140 1574 tori
1171 1546 1363 1574 Constantino
1389 1545 1482 1580 offert,
1512 1553 1563 1581 per
1591 1542 1802 1571 occidentalem
1832 1541 1913 1569 aurei

1086 1590 1204 1618 triclinii
1216 1592 1329 1626 portam
1345 1590 1507 1625 ingressus,
1520 1587 1768 1624 quemadmodum
1786 1589 1840 1614 Leo
1856 1586 1913 1613 im-

1087 1637 1204 1672 perator
1235 1634 1413 1663 vaticinatus
1439 1634 1545 1661 fuerat.
1566 1632 1788 1660 Constantinum
1813 1633 1912 1659 autem

206 1680 424 1711 Κωνσταντῖνος,
446 1676 491 1704 καί
514 1677 545 1705 τὸ
572 1677 673 1705 οἰκεῖον
699 1677 847 1716 ἐπιρρῶσαι
871 1678 1030 1716 προθυμού-

1087 1680 1197 1708 Ducam
1213 1680 1336 1716 imperio
1353 1687 1410 1706 non
1423 1678 1595 1714 potiturum,
1612 1675 1782 1713 imperatori
1796 1678 1824 1703 et
1838 1675 1914 1703 auli-

206 1733 288 1759 μενος
301 1722 448 1759 σύνταγμα,
474 1722 520 1749 τὸν
546 1721 627 1750 ἵππον
646 1721 757 1757 ἤλαυνε,
785 1724 915 1760 συμμίξαι
945 1723 1032 1756 θέλων

200 1769 263 1798 τοῖς
281 1765 433 1805 ἔμπροσθεν
452 1769 469 1783 ·’
489 1766 660 1804 ἒστρωμὲνου
684 1766 713 1794 δὲ
726 1769 775 1795 τοῦ
790 1766 905 1807 ἐδάφους
921 1768 1031 1805 πλαξιν,

204 1810 397 1846 ὑπολισθῆσας
428 1812 442 1838 ὁ
472 1810 556 1843 ἵππος
580 1810 657 1839 ἔπεσε
681 1811 726 1839 καὶ
749 1812 795 1840 τὸν
825 1810 961 1848 ἀναϐάτην
982 1824 1030 1841 κα-

200 1857 331 1894 τήνεγκε,
345 1855 390 1883 καί
417 1866 459 1887 τις
488 1855 561 1892 αὖτῷ
588 1856 664 1888 εὐθύς
698 1856 819 1884 ἐπελθὼν
848 1857 954 1894 ἐξέτεμε
982 1859 1031 1893 τήν

200 1900 286 1928 αὐτοῦ
315 1900 437 1939 κεφαλὴν
466 1901 523 1938 (18)
547 1900 592 1928 καὶ
624 1904 664 1937 τῷ
699 1901 807 1939 βασιλεῖ
833 1903 1030 1940 Κωνσταντίνῳ

200 1946 386 1984 προσήνεγκε,
425 1943 471 1972 διὰ
497 1948 547 1980 τῆς
582 1944 692 1981 δυτικῆς
724 1946 772 1974 τοὺ
800 1947 1030 1985 Χρυσοτρικλίνου

202 1989 296 2025 πνόλης
328 1989 470 2026 εΐσνλθὼν,
499 1990 567 2017 κατὰ
606 1990 656 2025 τήν
697 1990 848 2029 πρύῤῥητιν
875 1995 923 2019 τοῦ
954 1993 1030 2031 βασι-

203 2034 353 2066 λεύσαντος
378 2033 503 2065 Λέοντος.
532 2035 593 2063 Ὃτι
622 2033 651 2062 δὲ
680 2034 710 2062 οὐ
739 2035 857 2071 τεύξεται
887 2037 901 2063 ὁ
930 2037 1032 2070 Δούκας

204 2080 392 2110 Κωσταντῖνος
420 2080 470 2113 τῆς
501 2078 650 2116 βασιλείας,
675 2079 720 2106 καὶ
749 2079 858 2118 ἑτέρωθι
883 2083 941 2113 τοῖς
968 2082 1031 2120 περὶ

208 2124 253 2150 τὸν
295 2123 410 2162 βασιλέα
452 2122 616 2160 ἐπέγνωστο.
647 2124 697 2152 Ἦν
734 2125 784 2162 γάρ
823 2135 865 2156 τις
908 2125 1031 2162 τελώνης

210 2167 351 2201 Νικόλαος,
392 2168 423 2200 ’ὸς
460 2169 603 2205 χρεώστης
647 2168 761 2196 πολλῶν
802 2171 954 2207 χρημάτων
992 2173 1032 2207 τῷ

208 2210 333 2249 δημοσίῳ
358 2212 516 2250 γενόμενος,
553 2212 622 2250 πρὸς
647 2212 713 2243 τοὺς
750 2213 928 2250 Ἰσμαηλίτας
955 2215 1030 2243 κατέ-

205 2267 283 2295 φυγε,
314 2257 360 2285 καὶ
392 2258 441 2292 τήν
484 2257 574 2285 πίστιν
614 2257 823 2294 ἐξομοσάμενος,
852 2259 1030 2298 ἀστρολογίαν

206 2301 313 2339 μετῄει,
338 2300 425 2333 Οὗτος
450 2304 490 2338 κῷ
515 2301 647 2339 λογοθὲτῃ
673 2305 722 2329 τοῦ
751 2301 856 2341 δρόμου
871 2303 1031 2332 ἀπιστάλκει

1087 1725 1128 1753 cis
1143 1725 1232 1753 etiam
1257 1724 1376 1752 aliunde
1391 1724 1569 1751 innotuerat.
1592 1724 1660 1749 Erat
1683 1721 1803 1757 quidam
1821 1719 1915 1757 publi-

1086 1779 1177 1798 canus
1204 1769 1354 1803 Nioolaus,
1378 1769 1427 1804 qui
1443 1767 1548 1804 grandi
1563 1774 1618 1794 sere
1637 1766 1731 1794 alieno
1747 1765 1914 1801 reipublicae

1086 1815 1256 1847 obstrictus,
1287 1813 1423 1848 abjurata
1451 1811 1600 1847 religione,
1627 1811 1662 1838 ad
1693 1809 1856 1838 Ismaelitas
1885 1816 1916 1836 se

1086 1860 1261 1891 contulerat.
1277 1860 1305 1886 et
1331 1857 1520 1892 astrologiam
1542 1855 1697 1883 tractabat.
1714 1855 1792 1882 184
1808 1854 1835 1882 Is
1851 1862 1915 1882 cur-

1086 1914 1137 1933 sus
1153 1903 1262 1940 publici
1277 1902 1430 1938 logothetae
1439 1901 1553 1929 litteras
1569 1900 1700 1935 miserat,
1719 1907 1843 1935 quarum
1856 1898 1915 1925 haec

1086 1957 1204 1978 summa
1225 1949 1287 1975 erat
1313 1956 1319 1975 :
1345 1946 1436 1975 Nolite
1458 1947 1555 1973 timere
1575 1954 1593 1973 α
1613 1946 1687 1973 Daca
1702 1953 1712 1972 :
1727 1952 1793 1972 nam
1816 1948 1916 1972 temere

1086 1995 1164 2022 nobis
1181 1994 1261 2021 rebus
1276 1992 1405 2025 studebit,
1427 1993 1453 2019 et
1467 1991 1561 2018 statim
1575 1990 1702 2026 funditus
1717 1989 1831 2025 peribit.
1858 1988 1914 2015 De-

1086 2038 1211 2066 fectione
1226 2044 1404 2072 compressa,
1425 2034 1557 2063 seditiosi
1583 2042 1666 2062 socer
1691 2034 1832 2069 magister
1845 2034 1915 2060 Gre-

1087 2084 1215 2119 goras,et
1228 2082 1284 2109 Leo
1295 2080 1593 2116 Chrerosphactesgn
1605 2079 1739 2113 Magnam
1755 2077 1915 2105 Ecclesiam

1087 2136 1118 2155 se
1133 2126 1320 2155 contulerunt
1334 2134 1342 2153 ε
1359 2133 1433 2161 quos
1448 2127 1560 2152 tutores
1576 2124 1643 2151 inde
1656 2123 1765 2158 ejectos
1781 2122 1915 2150 totonde-

1088 2176 1165 2205 runt,
1183 2175 1214 2199 ut
1224 2171 1253 2198 in
1270 2169 1446 2198 monasterio
1461 2168 1555 2197 Studii
1572 2167 1708 2195 monachi
1724 2166 1916 2195 essent.Alios

1088 2217 1187 2252 ﬂagris
1207 2224 1298 2243 caesos
1319 2215 1347 2242 in
1373 2213 1524 2249 triumpho
1550 2213 1819 2246 circumduxerunt,
1841 2219 1915 2239 nou-

1088 2261 1179 2289 nullis
1204 2260 1304 2288 oculos
1328 2259 1501 2292 effoderunt,
1527 2258 1671 2293 quosdam
1690 2258 1915 2291 obtruncarunt,

1089 2307 1162 2334 alios
1186 2315 1203 2333 ιι
1232 2303 1403 2341 Chrysopoli
1426 2311 1522 2339 usque
1547 2303 1583 2330 ad
1609 2304 1762 2330 Leucatem
1779 2301 1914 2329 trabibus

202 2346 399 2384 γραμμάτιον·
430 2347 447 2381 ἠ
478 2345 507 2374 δὲ
529 2346 627 2374 τούτου
654 2346 803 2384 περίληψις
828 2347 862 2382 ἣν
889 2349 1002 2385 τοιαύτη
1022 2359 1028 2366 ·

1086 2351 1251 2379 afﬁxerunt.
1277 2352 1318 2376 Ac
1342 2348 1441 2384 plures
1472 2355 1575 2375 eorum
1597 2346 1716 2375 licentia
1747 2346 1914 2382 periissent,

203 2391 252 2425 Μή
293 2388 433 2430 φοϐηθῆτε
470 2391 523 2418 ἀπὸ
562 2393 611 2419 τοῦ
649 2392 759 2419 Δούκα·
797 2392 949 2431 νεωτερίσει
978 2394 1029 2433 γὰρ

204 2435 339 2474 ἀφρόνως,
369 2436 414 2463 καὶ
450 2436 547 2468 εὑθέως
584 2435 821 2474 ὀλοθρευθήσεται.
856 2438 905 2466 Καὶ
934 2440 951 2474 ἡ
984 2439 1031 2476 μὶν

1087 2396 1145 2423 nisi
1161 2395 1282 2431 quidam
1302 2402 1337 2422 ex
1347 2392 1501 2428 judicibus
1519 2400 1569 2419 eas
1584 2400 1601 2419 a
1614 2391 1780 2419 temeritate
1793 2391 1845 2419 illa
1860 2399 1913 2427 pu-

1086 2440 1185 2468 niendi
1210 2438 1410 2480 retraxissent,
1433 2436 1606 2473 hujusmodi
1630 2436 1728 2466 verbis
1751 2445 1758 2465 :
1788 2436 1846 2464 Cur
1869 2443 1916 2464 vos

849 2537 951 2569 Variae
965 2538 1116 2570 lectiones
1131 2541 1163 2569 et
1178 2540 1272 2569 notae.

201 2619 221 2647 9
235 2618 280 2655 14,
294 2627 310 2646 a
326 2627 386 2655 quo
402 2620 570 2653 excusatur,
590 2617 754 2655 multisque
767 2618 906 2648 laudlbus
921 2620 1040 2649 extolli-

200 2658 266 2690 tur,
282 2655 319 2683 ob
334 2656 400 2683 vitae
416 2655 604 2690 probitatem,
623 2657 651 2682 et
666 2655 803 2683 bellicam
819 2656 969 2684 virtutem.

243 2689 301 2732 (16)
407 2689 445 2733 εἷς
467 2691 543 2733 εἶναι,
559 2689 685 2733 λέγεταιλ
705 2692 786 2733 Quod
816 2695 844 2720 et
868 2695 993 2721 testatur
1008 2693 1038 2719 in

203 2727 315 2764 primis
331 2727 410 2756 idem
425 2728 593 2764 Gregorius,
610 2734 636 2754 c.
655 2727 687 2754 10
702 2730 730 2754 et
746 2728 790 2754 11.

213 2798 231 2804 __
245 2762 305 2804 (1:1)
320 2761 480 2804 Τυραννίδι..
501 2766 535 2791 In
563 2763 735 2804 hujusmodi
754 2763 921 2804 reipublicae
942 2767 1038 2792 muta-

209 2799 541 2836 tionibus,'sceptrique
566 2799 601 2826 ab
627 2806 685 2836 una
705 2799 816 2827 familia
832 2801 867 2827 ad
885 2801 972 2828 aliam
990 2809 1039 2836 per

208 2834 437 2871 usurpationem
463 2834 514 2863 aut
542 2834 727 2871 tyrannidem
757 2836 960 2871 translatione,
981 2834 1039 2864 fere

211 2870 504 2914 semper'accidebat,
522 2870 564 2898 ut’
575 2870 692 2911 imperii
708 2871 865 2914 provinciis
890 2872 977 2914 paulo
993 2881 1038 2899 re-

211 2906 401 2944 motioribus,
417 2907 576 2937 seditiones
588 2906 716 2942 novique
730 2910 828 2936 motus
844 2906 1040 2936 excitarentur

1095 2621 1303 2657 Liutprandus,
1320 2619 1340 2647 l.
1372 2628 1403 2655 ιι,
1425 2627 1449 2646 c.
1481 2618 1536 2657 12;
1568 2619 1602 2657 Et
1624 2618 1695 2657 sient
1718 2618 1793 2653 ﬁerit
1808 2617 1918 2657 assolet.

1092 2654 1181 2693 prim‘o
1198 2664 1248 2693 quo
1272 2654 1406 2695 Romanus
1418 2655 1547 2695 suscepit
1567 2655 1729 2695 imperium,
1751 2654 1873 2695 nonulla?
1892 2654 1920 2695 ei

1093 2689 1207 2728 ’gentes;
1223 2693 1378 2726 prmertim
1401 2689 1587 2724 Ἀνατολικαὶ,
1614 2690 1664 2717 hor:
1682 2689 1725 2718 est
1745 2690 1919 2726 Orientales.)

1093 2730 1158 2757 visw
1173 2730 1237 2756 sunt
1251 2728 1395 2755 rebellare.

1129 2765 1186 2800 (18)
1214 2763 1337 2799 Ἐξὲτεμε
1363 2762 1411 2796 τὴν
1442 2759 1575 2800 κεφαλήν,
1602 2761 1645 2800 Ita
1677 2763 1732 2800 ineo
1764 2762 1919 2800 Gramma-

1093 2797 1182 2834 ticus,
1198 2797 1345 2836 Scylitzes,
1365 2797 1532 2836 Logotheta,
1546 2798 1580 2836 et,
1591 2797 1652 2836 alii.
1672 2798 1708 2836 ᾼι
1723 2801 1828 2836 auctor
1850 2797 1918 2825 Viue

1093 2838 1121 2864 Ξ.
1143 2832 1385 2864 Basiliilunioris
1410 2833 1523 2868 sagittis
1544 2833 1605 2860 ictu
1621 2832 1651 2860 in
1668 2834 1768 2861 dextra
1782 2834 1919 2861 vulnera-

1094 2875 1156 2899 tum
1173 2872 1267 2908 primo
1283 2871 1395 2905 scribit,
1411 2868 1609 2904 continuoque
1624 2868 1654 2896 in
1670 2872 1779 2898 terram
1795 2869 1920 2897 decidis-

1094 2916 1135 2944 se,
1149 2907 1309 2944 posteaque
1324 2907 1546 2941 interemptum.
