4142 6370
299 450 378 512 83
1641 429 1972 496 JOANNIS
2017 430 2360 494 zomm
3645 435 3728 495 si

303 585 407 640 ista
449 581 632 655 facitis
685 579 905 651 injussu
951 571 1468 648 imperatoris?qui
1519 585 1647 626 cum
1698 583 1839 640 puer
1887 565 1960 622 εει

2094 565 2370 622 ὶποστασία
2473 567 2740 624 ἐπέπαυτο
2775 610 2788 625 .
2868 570 2923 623 '0
3020 567 3080 624 δὶ
3141 571 3239 624 τοῦ
3318 565 3727 623 Κωνσταντίνου

305 674 368 728 in
389 688 459 728 ea
490 685 616 742 qua?
641 673 932 740 geruntur,
963 666 1268 722 consentire
1294 679 1406 718 non
1446 659 1740 719 creditur?
1768 656 1878 712 Sed
1912 659 1969 710 et

2094 657 2334 730 πενθερὸς
2383 658 2410 712 6
2473 659 2769 734 μάγιστρος
2820 665 3124 735 Γρηγορᾶς,
3165 657 3254 712 καὶ
3311 655 3461 712 Λέων
3509 657 3538 710 6
3589 656 3728 730 Χρι-

303 759 671 816 Constantini
707 773 942 812 uxorem
978 760 1233 818 tensam,
1267 755 1321 807 et
1352 750 1536 805 filium
1569 748 1694 817 ejus
1723 743 1966 816 Stepha-

2094 746 2386 821 >οσφάκτης
2436 747 2537 816 τῆς
2590 752 2657 821 τῇ
2735 746 2960 825 Μεγάλῃ
3034 745 3337 818 Ἐκκλησία
3389 765 3728 821 προσπεφοια

307 867 451 905 num
481 848 754 904 virilibus
797 845 1066 912 exsectis,
1110 843 1168 897 in
1214 837 1674 912 Paphlagoniam
1724 835 1968 891 domum

2094 835 2324 907 τήκασιν,
2377 834 2467 899 οὓς
2517 831 2839 900 ἐκϐαλόντες
2901 842 2997 893 τοῦ
3045 837 3194 892 θείου
3240 834 3521 909 τεμένους,
3558 854 3729 907 μονα·-

316 955 486 994 suam
518 938 602 993 ire
650 935 1065 1008 permiserunt.
1108 929 1485 1004 Imperatoris
1515 927 1697 1000 igitur
1743 929 1969 980 tutores

2094 921 2215 999 χοὺς
2271 925 2558 990 απέκε.ραν
2614 927 2662 980 οἱ
2703 926 3011 1004 ἐπίτροποι,
3066 925 3116 980 ἐν
3181 928 3250 999 τῇ
3306 928 3404 980 τοῦ
3465 920 3728 979 Στουδίου

305 1033 429 1084 tam
481 1025 814 1099 patriarcha
871 1039 1048 1095 quam
1110 1019 1320 1089 caeteri,
1373 1034 1480 1076 suo
1533 1015 1816 1073 arbitratu
1878 1027 1972 1067 res

2094 1016 2244 1099 uovﬁ,
2276 1012 2521 1077 Ἀλλους
2557 1012 2602 1070 δ’
2663 1015 3018 1089 αίκησάμενοι
3071 1009 3485 1090 ἐθριάμϐευσαν,
3525 1011 3731 1088 ἑτέροις

308 1120 606 1190 gerentes,
665 1115 850 1170 multa
905 1115 1110 1168 contra
1167 1125 1346 1181 quam
1378 1105 1659 1180 oportuit,
1706 1105 1970 1190 egerunt,

309 1223 501 1278 neque
531 1206 957 1260 consenserunt
986 1201 1140 1256 inter
1171 1214 1298 1256 sese
1333 1214 1348 1253 :
1382 1195 1516 1254 aliis
1565 1195 1620 1250 id
1673 1193 1824 1265 quod
1872 1189 1974 1248 alii

309 1297 654 1362 statuerant,
687 1289 1133 1363 abrogantibus,
1169 1291 1235 1342 ut
1265 1285 1580 1358 imperium
1625 1299 1740 1338 non
1772 1281 1972 1370 unius,

309 1383 412 1440 sed
440 1381 763 1438 multorum
794 1383 970 1436 esset.
1013 1382 1084 1434 At
1131 1377 1381 1450 Symeon
1432 1373 1747 1445 Bulgarus,
1777 1370 1978 1443 Opina-

321 1479 419 1528 tus
449 1489 533 1543 se,
567 1470 724 1542 quod
777 1468 979 1524 nullus
1015 1471 1171 1523 esset
1216 1465 1555 1538 imperator,
1579 1460 1741 1518 urbis
1791 1459 1976 1533 Regia;

316 1559 488 1618 facile
531 1560 889 1633 potiturum;
936 1555 1272 1630 Byzantium
1323 1569 1456 1610 cum
1476 1551 1748 1608 maximis
1794 1550 1977 1622 copiis

319 1650 680 1723 aggreditur,
705 1652 764 1704 et
792 1651 952 1704 extra
976 1663 1177 1702 muros
1208 1645 1416 1701 castris
1446 1642 1977 1713 locatis,expugna-

319 1739 555 1796 tionem
609 1737 950 1794 meditatur.
997 1736 1104 1793 Sed
1125 1751 1259 1792 cum
1307 1733 1642 1791 ﬁrmitatem
1693 1730 1974 1786 moenium

317 1828 586 1898 vidisset,
644 1831 702 1883 et
758 1825 1202 1882 multitudinem
1274 1840 1342 1880 ea
1399 1821 1856 1890 defendentium,
1919 1822 1977 1875 et

2079 1103 2146 1156 τὰ
2197 1097 2418 1177 ὅμματο
2475 1103 2818 1178 ἐξεπήρωσαν
2860 1105 3014 1160 ἐνίων
3069 1102 3128 1159 δὲ
3173 1105 3270 1166 τὰς
3312 1101 3556 1181 κεφαλὰς
3600 1101 3730 1156 ἀπέ-

2080 1213 2269 1266 τεμον,
2318 1193 2410 1248 καὶ
2465 1192 2673 1257 ἄλλους
2721 1193 2780 1250 ἐκ
2827 1193 3228 1271 Χρυσοπόλεως
3257 1195 3368 1266 (19)
3420 1193 3584 1267 μέχρι
3633 1193 3733 1246 τοῦ

2085 1281 2357 1338 Λευκάτου
2405 1283 2855 1341 ἀνεσκολόπισαν.
2908 1284 3007 1340 Καὶ
3049 1281 3214 1339 ἄλλοι
3268 1282 3326 1338 όὶ
3368 1280 3591 1344 πλείους
3633 1281 3736 1349 τῆς

2083 1375 2190 1426 τῶν
2243 1371 2549 1446 έπιτρόπων
2600 1365 2843 1444 ἐξουσίας
2898 1373 3178 1449 γεγόνασιν
3229 1369 3290 1426 ἂν
3333 1368 3730 1448 παρανάλωμα,

2087 1460 2136 1516 εἴ
2179 1463 2253 1535 μή
2302 1483 2442 1526 τινες
2494 1467 2601 1520 τῶν
2657 1459 2921 1518 δικαστῶν
2971 1469 3071 1532 τῆς
3123 1463 3260 1537 πρὸς
3314 1461 3409 1523 τὰς
3465 1460 3736 1534 τιμωρίας

2086 1549 2261 1625 ῥοπῆς
2315 1551 2506 1614 αὐτοὺς
2579 1551 2950 1628 ἀνεχαίτισαν,
3029 1550 3270 1612 εἰπόντες
3305 1569 3318 1582 ’
3382 1551 3507 1613 Πῶς
3560 1552 3731 1602 ταῦτα

2084 1646 2292 1695 ποιεῖτε
2365 1642 2522 1714 ὑμεῖς
2615 1641 2914 1704 κελεύσεως
2997 1637 3123 1716 ἄτερ
3219 1636 3529 1714 βασιλικῆς,
3617 1635 3733 1691 ἐπεὶ

2085 1735 2212 1792 παῖς
2295 1727 2369 1784 ὢν
2451 1731 2479 1784 6
2594 1729 2868 1806 βασιλεὺς,
2974 1735 3092 1792 τοῖς
3195 1726 3592 1804 πραττομένοις
3669 1724 3732 1781 ού

2086 1823 2340 1875 συναινεῖ.
2401 1819 2817 1894 Ἀποκείραντες
2867 1816 2925 1874 δὲ
2990 1819 3042 1874 οἱ
3130 1816 3437 1894 ἰπίτροποι,
3490 1816 3580 1871 καὶ
3631 1816 3730 1886 τὴν

320 1919 651 1988 frequentes
675 1916 732 1971 in
769 1916 841 1972 iis
866 1915 1172 1972 machinas
1199 1930 1211 1969 :
1235 1912 1411 1968 veluti
1431 1909 1719 1981 vertigine
1748 1909 1974 1978 oborta,

2094 1910 2180 1962 τοῦ
2238 1907 2613 1962 Κωσταντίνου
2675 1912 2925 1983 γυναῖκα,
2985 1907 3074 1962 καὶ
3129 1907 3221 1961 τὸν
3286 1905 3402 1960 υἱὸν
3464 1904 3733 1981 Στέφανον

321 2007 390 2062 ad
436 2007 801 2061 Hebdomum
866 2019 1192 2076 regressus,
1245 2018 1444 2074 pacem
1501 2001 1684 2058 facere
1723 1998 1978 2055 studuit.

319 2095 661 2150 Patriarcha
716 2093 900 2166 igitur
956 2100 1015 2149 et
1061 2091 1249 2148 caeteri
1281 2094 1504 2146 tutores
1561 2089 1978 2160 imperatorem

319 2200 518 2240 secum
548 2183 610 2239 in
643 2181 1045 2239 Blacherniam
1079 2181 1303 2254 regiam
1355 2180 1743 2244 adduxerunt,
1776 2193 1893 2251 quo
1924 2179 1981 2232 et

319 2274 569 2345 Symeon
616 2273 795 2342 venit,
848 2271 1168 2327 obsidibus
1220 2269 1375 2326 datis
1399 2274 1454 2324 ct
1502 2267 1775 2340 acceptis,
1834 2271 1892 2323 et
1946 2283 1981 2322 a

318 2362 653 2434 patriarcha
685 2361 987 2417 submisso
1036 2359 1246 2432 capite,
1284 2359 1478 2414 fausta
1515 2356 1981 2429 comprecatione

313 2454 581 2523 accepta,
617 2468 748 2506 cum
787 2451 1150 2522 imperatore
1178 2448 1376 2504 cibum
1407 2447 1578 2520 cepil.
1611 2447 1720 2505 Sed
1764 2463 1893 2502 cum
1928 2445 1982 2502 ei

314 2541 476 2613 pacis
507 2539 871 2596 conditiones
893 2537 1570 2611 displicerent,dis.cessit
1600 2537 1727 2592 sine
1758 2535 1978 2607 pactio-

319 2630 497 2686 nibus
534 2647 546 2686 :
615 2629 962 2703 muneribus
1002 2632 1060 2684 et
1104 2627 1231 2700 ipse
1267 2631 1323 2683 et
1368 2626 1537 2682 liberi
1585 2627 1715 2697 ejus
1759 2624 1978 2681 donati.

319 2720 454 2776 Jam
485 2717 625 2790 quia
670 2717 989 2790 imperator
1035 2723 1282 2772 matrem
1327 2720 1604 2788 perpetuo
1651 2715 1978 2782 revocabat,

326 2812 384 2864 et
440 2809 570 2879 ejus
629 2806 956 2864 absentiam
1007 2804 1352 2878 deplorabat
1383 2821 1396 2862 :
1429 2821 1606 2877 quam
1657 2804 1983 2860 Alexander

322 2897 552 2969 pridem
625 2896 785 2968 regia
855 2895 1154 2962 eduxerat,
1214 2899 1439 2950 tutores
1503 2895 1778 2950 reducere
1843 2895 1984 2949 sunt

325 2987 528 3044 coacti.
561 2990 814 3042 Reversa
842 3001 1044 3040 curam
1096 3001 1291 3041 rerum
1341 2985 1621 3056 suscepit,
1653 2988 1711 3039 et
1739 2983 1982 3040 cubicu-

326 3076 472 3133 lario
501 3075 910 3140 Constantino,
960 3074 1308 3145 duobusque
1357 3073 1635 3129 fratribus
1683 3071 1983 3144 Gongyliis

323 3166 544 3232 ascitis,
578 3165 838 3236 primum
862 3163 1254 3235 patriarcham
1309 3163 1470 3236 regia
1517 3167 1727 3218 movet.
1763 3162 1984 3217 Deinde

328 3254 641 3311 Alexandri
693 3253 1023 3320 ministros,
1084 3257 1367 3309 rectorem
1423 3251 1772 3319 Basilitzem,
1824 3249 1974 3308 1.85

2087 1994 2346 2069 έκτομίαν
2399 1999 2749 2067 ποιήσαντες,
2811 1996 2889 2061 εἷς
2948 1997 3041 2056 τὸν
3092 1994 3144 2050 ἐν
3197 1991 3549 2073 Παφλαγονίᾳ
3583 1995 3734 2047 οἷκον

2087 2084 2260 2140 αὐτῶν
2317 2083 2603 2141 έστάλκασι
2658 2085 2998 2147 τούτους,οἱ
3048 2081 3106 2140 δὲ
3157 2087 3256 2139 τοῦ
3317 2081 3586 2159 βασιλέως
3619 2080 3735 2136 ἐπί-

2084 2195 2280 2249 τροποι
2315 2175 2344 2229 6'
2370 2195 2429 2230 τε
2457 2174 2825 2252 πατριάρχης,
2859 2174 2947 2230 καί
2996 2175 3048 2229 οἱ
3107 2171 3317 2244 λοιποὶ,
3360 2171 3742 2236 έναυθιντοῦν-

2085 2277 2172 2325 τες
2201 2269 2318 2326 τοῖς
2365 2264 2666 2340 πράγμασι,
2715 2262 2901 2319 πολλὰ
2947 2267 3056 2319 τῶν
3110 2263 3171 2318 ob
3225 2259 3452 2316 δεόντων
3494 2259 3738 2328 ἐποίουν,

2089 2352 2177 2408 καὶ
2237 2354 2372 2426 πρὸς
2430 2351 2714 2424 ἀλλήλους
2785 2349 2842 2407 δὲ
2913 2350 3243 2431 διεφέροντο,
3293 2355 3399 2406 τῶν
3459 2349 3554 2423 μὲν
3610 2346 3740 2403 τάδε

2090 2442 2434 2517 εἰσαγόντων,
2490 2443 2598 2497 τῶν
2657 2441 2716 2496 δὶ
2771 2443 2838 2496 τὰ
2896 2442 3159 2514 ἀντίθετα,
3191 2441 3280 2496 καὶ
3328 2440 3394 2508 ἧν
3443 2442 3478 2508 ἡ
3528 2437 3736 2493 τούτων

2091 2529 2360 2602 διοίκησις
2414 2530 2731 2608 πολυαρχία
2784 2553 2887 2603 τις,
2949 2529 3076 2586 ἀλλ’
3126 2529 3188 2585 οὗ
3246 2527 3541 2605 μοναρχία.
3586 2529 3647 2585 Ὁ
3679 2524 3739 2582 δὲ

2089 2619 2408 2696 Βούλγαρος
2470 2621 2698 2694 Συμεὼν
2755 2624 2888 2695 (20),
2951 2621 3025 2682 ὡς
3079 2621 3156 2693 μὴ
3213 2618 3480 2695 βασιλέως
3519 2616 3739 2673 ἐπιστα-

2088 2715 2311 2772 τοῦντος
2380 2716 2496 2772 τοῖς
2567 2711 2869 2786 πράγμασι,
2929 2707 3133 2786 ῥᾳδίως
3189 2707 3416 2769 ἐλπίσας
3471 2713 3738 2782 κρατῆσαι

2088 2806 2187 2870 τῆς
2221 2796 2504 2875 βασιλίδος
2547 2803 2654 2853 τῶν
2710 2796 2928 2853 πόλεων
2976 2793 3148 2852 ἔπεισι
3206 2798 3343 2851 κατά
3369 2794 3572 2866 ταύτης
3606 2794 3742 2867 μετὰ

2089 2889 2351 2960 πλείστης
2405 2887 2705 2963 δύνάμεως,
2763 2889 2853 2942 καὶ
2911 2887 3012 2959 ἔξω
3076 2883 3554 2961 στρατοπεδεύεται
3627 2888 3738 2939 τῶν

2087 2978 2293 3049 ταύτης
2329 2983 2554 3054 τειχῶν,
2615 2979 2704 3034 καὶ
2752 2975 3122 3053 πολιορκῆσαι
3171 2975 3374 3047 ταύτην
3405 2972 3739 3045 διενενόητο.

2089 3066 2244 3125 Ἰδὼν
2280 3065 2337 3122 δὲ
2365 3069 2426 3124 τὸ
2455 3073 2562 3122 τῶν
2613 3068 2820 3142 τειχῶν
2873 3067 3157 3142 κρατερὸν,
3189 3066 3280 3120 καὶ
3322 3066 3384 3120 τὸ
3431 3062 3646 3134 πλῆθος
3679 3065 3744 3118 τὸ

2092 3157 2173 3213 ἐπ’
2225 3157 2422 3230 αὐτῶν,
2456 3157 2546 3212 καὶ
2597 3161 2704 3212 τῶν
2764 3156 2816 3212 έν
2874 3161 2992 3219 τοῖς
3050 3155 3260 3231 τείχεσι
3321 3152 3744 3230 μηχανημάτων

2091 3248 2154 3302 τὸ
2189 3244 2434 3320 δαψιλὲς,
2491 3245 2792 3321 εἷλιγιάσας
2843 3247 3126 3319 μετέπεσεν
3187 3244 3264 3306 εἷς
3318 3244 3382 3299 τὸ
3439 3238 3746 3316 Ἕϐδομον⁹

322 3341 821 3414 Gabrielopolum,
877 3347 936 3398 et
1010 3312 1250 3397 caeteros
1309 3341 1507 3396 etiam.
1558 3312 1978 3396 Constantinus

2095 3312 2280 3408 ζητῶν.
2317 3312 2654 3393 σπείσασθαι.
2712 3339 2772 3392 Ὁ
2824 3312 2955 3409 γούν
3002 3334 3352 3408 πατριάρχης
3393 3333 3480 3388 καὶ
3532 3333 3585 3386 οἱ
3619 3312 3748 3387 λοιέ

325 3437 522 3488 autem
564 3431 716 3487 sacri
766 3429 1022 3486 cubiculi
1073 3427 1422 3502 prmpoéitus
1476 3434 1706 3501 poterat
1759 3429 1980 3484 omnia.

322 3519 612 3576 Caterum
643 3516 932 3590 Bulgarus
985 3517 1236 3590 Symeon
1277 3517 1588 3574 Thraciam
1631 3517 1983 3573 incursioni-

325 3611 438 3665 bus
497 3606 839 3679 populatus,
887 3605 1037 3662 vallo
1095 3605 1343 3662 excitato
1418 3622 1481 3662 se
1548 3604 1984 3678 Adrianopolim

326 3701 798 3769 expugnaturum
862 3695 1214 3752 conﬁdebat.
1274 3697 1398 3761 Quo
1467 3699 1678 3751 conatu
1737 3711 1871 3750 cum
1925 3710 1988 3750 se

331 3785 604 3842 frustrari
635 3785 876 3851 videret,
906 3783 1021 3840 alia
1070 3785 1164 3840 via
1212 3799 1334 3839 rem
1377 3783 1737 3856 aggreditur,
1769 3788 1826 3840 et
1856 3785 1987 3856 qui-

330 3874 581 3932 busdam
651 3873 1032 3946 praesidiariis
1099 3872 1350 3944 pecunia
1405 3873 1721 3944 corruptis,
1781 3874 1989 3928 urbem

332 3963 630 4035 proditam
689 3962 976 4031 vastabat,
1033 3978 1209 4034 quam
1279 3962 1672 4035 imperatricis
1729 3962 1990 4019 studium

334 4053 599 4109 Romano
649 4052 896 4124 imperio
952 4053 1337 4124 recuperavit.
1397 4051 1531 4116 Quaa
1589 4068 1721 4109 cum
1756 4052 1993 4108 crebras

331 4143 633 4216 Symeonis
664 4141 723 4197 in
747 4141 1054 4198 Thraciam
1081 4140 1458 4198 excursiones
1479 4158 1592 4198 non
1617 4141 1788 4197 ferret
1813 4157 1826 4198 :
1852 4156 1994 4212 pace

332 4248 466 4288 cum
499 4231 816 4289 Ismaelitis
839 4231 1010 4301 facta,
1035 4235 1092 4286 et
1108 4230 1440 4303 legionibus
1466 4235 1586 4288 tam
1611 4230 1993 4286 orientalibus

331 4337 512 4393 quam
559 4319 1029 4377 occidentalibus
1077 4320 1433 4388 convocatis,
1486 4319 1768 4391 magistro
1821 4318 1992 4376 Leoni

331 4410 536 4466 Phocea
576 4409 875 4480 legionum
909 4409 1255 4474 domestico,
1288 4407 1510 4464 bellum
1551 4409 1610 4463 in
1643 4409 1992 4480 Symeonem

333 4499 598 4570 mandat,
661 4499 762 4570 qui
815 4513 1010 4570 pugna
1067 4497 1405 4566 commissa,
1455 4495 1738 4569 Bulgaros
1774 4496 1994 4568 insigni

332 4589 576 4645 victoria
627 4591 888 4659 superat,
944 4586 1148 4643 multis
1206 4603 1411 4644 eorum
1469 4585 1650 4642 caesis.
1716 4587 1824 4642 Sed
1875 4603 1992 4659 prae

2091 3424 2186 3480 ποὶ
2234 3429 2339 3478 τῶν
2398 3423 2705 3500 ἐπιτρόπων
2758 3418 3020 3488 λαϐόντες
3069 3423 3162 3478 τὸν
3217 3422 3465 3498 βασιλέα,
3492 3419 3569 3484 εἷς
3598 3421 3667 3476 τὰ
3693 3419 3746 3476 ἐν

2093 3511 2431 3589 Βλαχέρναις
2484 3511 2660 3582 ἦλθον
2723 3512 2990 3589 βασίλεια,
3050 3510 3188 3566 ὅπου
3265 3511 3355 3567 καὶ
3425 3512 3453 3566 6
3513 3511 3745 3584 Συμεὼν

2093 3603 2440 3679 παρεγένετο,
2496 3603 2744 3679 ὁμήρους
2804 3599 2932 3664 δοὺς
2985 3601 3076 3656 καὶ
3130 3595 3338 3673 λαϐὼν,
3383 3600 3474 3655 καὶ
3524 3600 3605 3671 τῷ
3636 3620 3742 3654 πα-

2094 3692 2336 3768 τριάρχῃ
2363 3691 2548 3754 κλίνας
2588 3692 2687 3760 τὴν
2732 3689 3002 3766 κεφαλὴν,
3031 3686 3323 3764 ηὗλογήθη
3356 3690 3483 3762 παρ’
3511 3686 3744 3757 ἐκείνου,

2096 3782 2186 3837 καὶ
2242 3780 2582 3851 συνειστιάθη
2641 3784 2722 3851 τῷ
2776 3776 3008 3856 βασιλεῖ.
3048 3778 3179 3838 Εἶτα
3225 3780 3300 3852 μὴ
3351 3777 3590 3855 ἀρεσθεὶς
3626 3782 3752 3840 ταῖς

2099 3872 2414 3943 συνθήκαις,
2474 3868 2774 3938 έπατῆλθεν
2823 3863 3159 3942 ἁσύμϐατος,
3219 3864 3421 3943 δώροις
3478 3863 3754 3938 δεξιωθεὶς

2097 3960 2189 4015 καὶ
2240 3958 2401 4022 αὐτὸς
2455 3957 2548 4013 καὶ
2598 3958 2651 4012 οἱ
2701 3955 2892 4020 παῖδες
2938 3957 3126 4015 αὐτοῦ.
3179 3955 3648 4030 Ἀνακαλουμένου
3699 3951 3762 4010 δὲ

2103 4046 2292 4104 διόλου
2348 4048 2447 4117 τὴν
2509 4048 2700 4104 ἑαυτοῦ
2761 4046 2965 4123 μητέρα
3020 4051 3116 4102 τοῦ
3173 4043 3476 4116 Βασιλέως,
3527 4045 3617 4100 καὶ
3665 4043 3752 4099 ἐπὶ

2099 4139 2269 4213 ταύτῃ
2303 4135 2653 4213 δακρύοντος,
2688 4133 2844 4215 (ἔφθη
2895 4136 2998 4212 γὰρ
3045 4136 3250 4206 ταύτην
3292 4139 3398 4190 τῶν
3441 4133 3746 4209 ἀνακτόρων

2100 4233 2422 4304 καταγαγεῖν
2473 4228 2501 4281 ὁ
2533 4223 2915 4300 Ἀλέξανδρος)
2977 4224 3395 4301 ἠναγκάσθησαν
3428 4222 3596 4295 αὒτὴν
3625 4223 3752 4278 ἀνα-

2101 4323 2290 4394 γαγεῖν
2321 4317 2373 4372 οἱ
2421 4314 2730 4392 ἐπίτροποι.
2765 4315 2830 4372 Ἠ
2862 4312 2920 4369 δὶ
2950 4314 3267 4373 ἀνελθοῦσα.
3297 4321 3396 4384 τῆς
3429 4311 3756 4384 διοικήσεως

2104 4404 2310 4482 εἶ’χετο,
2365 4399 2754 4480 προσλαϐοῦσα
2795 4404 2884 4460 καὶ
2940 4403 3031 4459 τὸν
3086 4404 3592 4480 Παρακοιμώμενον
3643 4404 3761 4475 (21)

2103 4500 2527 4565 Κωνσταντῖνον,
2596 4493 2686 4549 καὶ
2759 4491 2890 4556 τοὺς
2968 4490 3340 4568 αύταδέλφους
3408 4493 3574 4570 ἄμφω
3629 4491 3760 4553 τοὺς

2103 4585 2462 4661 Γογγυλίους,
2495 4584 2584 4640 καὶ
2636 4588 2854 4659 πρῶτον
2907 4583 3003 4657 μὲν
3057 4583 3148 4638 τὸν
3179 4580 3527 4658 πατριάρχην
3557 4581 3758 4656 ἀπάγει

336 4677 752 4750 defatigatione
817 4681 876 4733 et.
949 4677 1164 4733 sudore
1223 4675 1315 4731 vix
1373 4675 1465 4732 sui
1525 4692 1786 4748 compos,
1843 4692 1984 4748 equc

2102 4679 2212 4730 τῶν
2269 4672 2581 4750 βασιλείων,
2614 4673 2726 4729 εἶτα
2781 4673 2871 4728 καὶ
2927 4671 3060 4734 τοὺς
3115 4676 3212 4727 τοῦ
3260 4668 3619 4745 Ἀλεξάνδρου
3667 4671 3755 4724 Θε-

338 4767 660 4837 descendit,
700 4782 879 4838 seque
926 4765 998 4821 ad
1052 4767 1272 4824 fontem
1322 4766 1637 4837 quemdam
1689 4766 1990 4823 recreavit.

339 4859 564 4913 Interea
593 4873 782 4929 equus
813 4854 1070 4912 ministri
1096 4854 1369 4912 manibus
1391 4853 1714 4926 elapsus,in
1741 4854 1993 4928 planicie

335 4950 663 5002 castrorum
694 4946 822 5002 sine
865 4961 1093 5001 sessore
1149 4942 1498 5000 exsultabat.
1536 4944 1641 5011 Qui
1675 4961 1810 5000 cum
1843 4946 1992 5001 insi-

337 5035 468 5109 gnis
494 5041 650 5092 esset
687 5040 921 5092 tantum
971 5037 1254 5089 terrorem
1311 5033 1561 5089 incussit
1615 5034 1988 5105 exercitibus,

335 5126 726 5182 domesticum
759 5123 1042 5182 cecidisse
1072 5123 1238 5192 ratis,
1281 5127 1346 5180 ut
1394 5127 1450 5179 et
1479 5139 1680 5197 pugna
1707 5129 1763 5180 et
1793 5141 1991 5196 perse-

2103 4767 2370 4842 ράποντας
2431 4763 2639 4836 ἐξωθεῖ,
2721 4763 2813 4819 τὸν
2888 4761 3147 4839 ῥαίκτορα
3230 4761 3322 4816 τὸν
3399 4757 3757 4830 Βασιλείτζην

2099 4855 2192 4911 καὶ
2229 4854 2321 4910 τὸν
2377 4849 2875 4930 Γαϐριηλόπωλον,
2910 4851 3051 4907 ἀλκὰ
3105 4851 3290 4924 μέντοι
3337 4849 3430 4904 καὶ
3473 4847 3602 4910 τοὺς
3634 4846 3760 4905 λοι-

2100 4944 2260 5007 πούς.
2291 4947 2698 5005 Κωνσταντῖνος
2745 4940 2804 4996 δὲ
2847 4941 2875 4995 6
2923 4939 3420 5015 παρακοιμώμενος
3469 4937 3537 4992 τὰ
3583 4938 3763 4992 πάντα

2100 5031 2358 5105 ἠδύνατο.
2389 5034 2450 5090 Ἦ
2499 5031 2682 5106 μέντοι
2741 5026 3062 5105 Βούλγαρος
3120 5029 3349 5102 Συμεὼν
3401 5021 3501 5096 τὴν
3539 5024 3755 5103 Θρᾴκην

2101 5123 2395 5200 κατέτρεχέ
2452 5142 2512 5177 τε
2559 5120 2649 5175 καὶ
2712 5117 2986 5190 ἐληίζετο,
3042 5118 3132 5174 καὶ
3187 5116 3238 5174 έν
3291 5120 3360 5193 τῇ
3412 5111 3762 5190 Ἀνδριανου-

1613 5250 1819 5313 Variae
1850 5251 2154 5315 lectiones
2184 5257 2247 5312 et
2275 5255 2466 5318 uotae.

409 5356 524 5429 (19)
554 5358 652 5432 ’.Εκ
706 5351 1128 5432 Χρυσοπόλεως.
1192 5359 1437 5432 Symeon
1491 5355 1714 5432 logoth_.
1766 5360 1822 5416 et
1859 5361 1994 5432 Scyo

333 5425 524 5495 lituos,
558 5427 664 5481 ἀπὸ
696 5425 792 5482 τοῦ
825 5425 1110 5497 Δαμαλίου
1145 5425 1312 5520 μέχρι
1341 5431 1436 5482 τοῦ
1473 5425 1791 5484 Λευκατίου.

411 5501 521 5522 ΙΩΠΧ
553 5501 609 5522 (Α
647 5496 696 5522 οὶ
749 5496 1030 5522 h_,’\_-_--x
1053 5518 1069 5522 _
1122 5502 1189 5522 Ἠ..
1228 5521 1310 5522 εγ..
1423 5501 1548 5522 ἸΥΞΔ-
1585 5505 1616 5522 ο
1680 5505 1787 5522 f---

385 5501 522 5581 _(29)
553 5501 610 5556 Ὀ
644 5496 1069 5581 δέῌῌούλγαρος
1119 5496 1370 5581 Συμῖῳν.
1416 5501 1557 5581 _Vita
1585 5505 1639 5581 ξ.
1676 5505 1860 5581 [.130ng
1886 5501 1991 5556 Ju-

339 5568 544 5646 niOris,
578 5573 771 5646 p._97‘_l
803 5588 815 5628 :
844 5568 1086 5646 Συμεὼν
1127 5568 1229 5646 γᾲρ
1280 5572 1448 5646 ὸ--τοῦ
1493 5573 1763 5646 Σκυθικοῦ
1807 5568 1994 5646 ἔθνους

340 5638 538 5716 ἄρχων
564 5638 596 5676 ·’
634 5638 989 5717 Βουλγάρους
1030 5638 1223 5706 αὐτοὺς
1271 5638 1496 5717 οἴδαμεν
1527 5645 1774 5713 συνήθως
1803 5639 1991 5698 καλεῖν

342 5722 453 5771 etc.
485 5715 625 5773 Vide
664 5733 792 5773 aue:
822 5717 893 5771 de
923 5716 1209 5773 Svmeone
1243 5716 1597 5772 adnotamus
1623 5717 1681 5771 iu
1733 5716 1991 5772 Familia

342 5731 453 5771 etc.
492 5731 625 5773 Vide
664 5733 792 5789 quae
822 5731 893 5771 ae
923 5731 1209 5787 symeone
1243 5731 1597 5772 adnotamus
1623 5734 1681 5771 lu
1733 5731 1995 5772 ramum

341 5785 662 5845 Dalmaticis
709 5787 809 5844 ubi
861 5803 1067 5861 regum
1119 5786 1407 5859 Bulgaria:
1459 5788 1669 5850 seriem
1719 5792 1778 5845 et
1822 5791 1990 5860 gesta

2105 5354 2584 5431 perstrinximus.

2175 5430 2284 5501 (21)
2343 5425 2441 5501 Καὶ
2498 5424 2627 5501 τὸν..
2676 5422 3208 5501 ξαρακοιμῴμενον.
3283 5423 3635 5501 ΟυθΠιΠῙλθο
3699 5421 3760 5501 et

2101 5491 2431 5558 Alexandro
2462 5503 2519 5554 ot
2547 5495 2668 5551 ﬁlio
2690 5491 3074 5551 constantiae
3119 5501 3376 5552 tutorem
3423 5491 3758 5563 reliquerat.

2103 5572 2524 5644 Liutprandus,
2574 5567 2678 5644 lib.
2732 5585 2814 5635 III,
2850 5584 2977 5640 cap.
3011 5569 3048 5620 7
3073 5584 3099 5644 :_
3141 5567 3348 5637 Quibus
3389 5565 3462 5644 ad
3488 5562 3762 5644 tuendum

2098 5635 2834 5720 palatium,_tuland_amque
2863 5635 2980 5696 re'm
3008 5635 3305 5711 privatam,
3323 5643 3406 5720 .ut
3421 5638 3560 5720 istic
3579 5635 3758 5694 mori:

2102 5711 2202 5790 est,
2223 5711 2534 5776 eunuchum
2555 5711 2754 5785 ofﬁcia
2765 5727 3278 5786 paracaemomenon
3299 5711 3476 5768 dedit.
