4142 6354
448 425 520 488 91
1805 423 1837 484 J
1849 422 2097 485 ΟΑΝΝΙ

2205 423 2388 486 ΞΟΝΑ
2399 422 2529 487 RE.
3791 424 3877 486 92

446 559 777 627 contentus,
811 556 987 629 paulo
1018 561 1154 631 post
1186 573 1422 614 uxorem
1456 574 1691 630 quoque
1720 574 1891 614 suam
1921 557 2097 614 Theo-

2214 564 2314 628 τῆς
2364 557 2711 636 ἀναρρήσεως
2759 554 2969 635 ἔτυγεν·
3023 557 3121 615 οὐκ
3171 557 3361 635 ἠγάπα
3408 555 3467 615 δὶ
3514 555 3720 628 ταύτης
3768 579 3872 613 τυ-

449 646 655 700 doram
690 645 1020 702 diademate
1049 651 1237 703 ornat.
1271 647 1491 703 Deinde
1522 653 1578 702 et
1607 647 1795 702 ﬁlium
1844 647 2097 703 Christo-

2214 648 2331 723 χὼν
2367 647 2549 718 αὐτὸς,
2582 647 2725 704 ἀλλὰ
2771 648 2903 721 μετὰ
2953 647 3132 725 βραχὺ
3179 649 3266 703 καὶ
3316 649 3417 718 τὴν
3468 647 3670 703 οἰκείαν
3698 653 3868 721 ὁμευ-

447 734 722 806 phorum,
753 735 1073 804 voluntate,
1109 742 1173 791 ut
1201 736 1380 792 videri
1414 736 1663 793 volebat.
1713 734 2097 804 Constantini,

2212 736 2354 792 νὲτιν
2403 737 2501 806 τήν
2549 734 2831 813 Θεοδώραν
2880 742 3099 792 ταινιοῖ·
3148 738 3259 792 εἶτα
3302 737 3392 793 καὶ
3433 738 3524 792 τὸν
3577 738 3692 793 υἱὸν
3732 739 3869 813 Χρι-

449 824 551 879 sed
585 840 785 879 revera
816 824 996 880 invito
1046 824 1145 880 illo
1203 833 1257 880 el
1314 832 1709 897 conquerente
1766 826 1922 898 apud
1981 841 2097 891 eos,

2215 822 2503 904 στοφὸρον,
2545 825 2856 903 προαιρέσει
2918 826 3013 899 μὶν
3065 831 3145 899 τῷ
3193 823 3377 881 δοκεῖν
3431 831 3529 882 τοῦ
3581 832 3870 882 Κωνσταν-

447 913 661 983 quibus
720 913 958 980 ﬁdebat,
1017 920 1073 968 et
1102 919 1231 969 acta
1262 914 1363 969 illa
1394 915 1796 983 abominante,
1834 913 2097 987 quamvis

2211 913 2386 988 τίνου,
2432 918 2501 989 τῇ
2557 912 2605 970 δ’
2657 913 2890 987 ἀληθείᾳ
2950 914 3314 992 βιαζομίνου,
3376 914 3758 993 ἀσχάλλοντός
3813 936 3875 971 τε

447 1002 719 1072 refragari
754 1019 866 1057 non
898 1003 1159 1058 auderet.
1190 1002 1427 1059 lnsidiis
1457 1021 1607 1075 quas
1637 1007 1900 1060 Romano
1944 1008 2097 1060 Ana-

2212 1005 2350 1080 πρὸς
2410 1003 2502 1068 οὓς
2562 1003 2795 1082 ἐθαρῥει,
2853 1005 2942 1059 καὶ
3021 1003 3072 1058 ἐν
3129 1008 3384 1082 συμφορᾷ
3454 1005 3744 1077 τιθεμένου
3800 1005 3874 1060 τὰ

444 1089 666 1146 stasius
696 1089 1038 1147 sacellarius
1072 1091 1350 1164 princeps
1381 1092 1832 1164 conjurationis,
1867 1109 1970 1165 pro
2001 1092 2097 1147 de-

2214 1094 2582 1170 πραττόμενα,
2644 1094 2720 1168 μὴ
2773 1092 3099 1170 θαῤῥοῦντος
3155 1091 3213 1149 δὲ
3267 1094 3506 1170 ἀντερεῖν
3535 1137 3549 1150 .
3610 1087 3873 1152 Ἐπιϐου-

441 1178 705 1235 fensione
733 1179 932 1251 utique
960 1180 1332 1236 Constantini
1384 1190 1638 1253 pararat,
1702 1180 2106 1254 deprehensis,

443 1268 683 1335 conscii,
717 1269 1007 1325 arbitratu
1042 1269 1312 1337 Romani,
1347 1270 1537 1341 puniti
1570 1276 1732 1337 sunt,
1763 1270 2106 1327 sacellarius

446 1362 694 1427 tonsus,
755 1374 941 1429 eaque
988 1358 1248 1414 Romano
1305 1359 1535 1415 occasio
1593 1360 1708 1416 fuit
1736 1358 2106 1416 Constantini

444 1445 599 1500 infra
628 1462 690 1501 se
722 1445 1070 1515 collocandi,
1101 1463 1235 1502 cum
1270 1448 1318 1502 is
1348 1447 1634 1505 hactenus
1665 1450 1724 1504 in
1778 1448 2102 1522 proclama-

443 1533 704 1589 tionibus
735 1540 791 1590 et
822 1535 1276 1591 salutationibus
1304 1537 1559 1609 priorem
1580 1537 1772 1594 locum
1792 1538 2102 1595 tenuisset.

442 1625 705 1694 Cumque
733 1624 987 1696 Symeon
1019 1625 1340 1681 exercitum
1371 1631 1574 1683 contra
1593 1628 1798 1684 urbem
1820 1628 2100 1684 misisset:

447 1712 744 1768 Romanus
773 1730 1007 1786 quoque
1041 1714 1257 1771 milites
1289 1714 1375 1769 illi
1407 1717 1702 1789 Opposuit,
1762 1733 1835 1773 ne
1892 1718 2103 1773 subur-

446 1802 611 1857 bana:
642 1803 1011 1858 amoenitates
1044 1803 1116 1859 ab
1146 1804 1314 1860 hoste
1345 1810 1732 1861 vastarentur.
1766 1808 1922 1873 Quos
1966 1822 2101 1862 cum

448 1890 688 1962 Bulgari
718 1892 981 1964 aggressi
1009 1891 1408 1961 essent,multi
1441 1895 1616 1950 etiam
1645 1911 1716 1951 ex
1737 1896 2101 1968 principibus

446 1980 802 2049 ceciderunt,
836 1981 1057 2037 milites
1091 1981 1304 2053 partim
1336 1983 1405 2038 ad
1454 1989 1871 2055 praetereuntes
1930 1985 2098 2041 trire-

448 2059 574 2125 mes
606 2069 972 2139 festinantes,
1004 2070 1063 2125 in
1100 2087 1260 2127 mare
1291 2072 1549 2144 prolapsi
1583 2089 1616 2129 a
1646 2073 1922 2130 ﬂuetibus
1953 2075 2096 2130 fere-

444 2156 676 2227 bantur,
711 2158 928 2230 partim
959 2160 1032 2215 ab
1062 2159 1334 2216 hostibus
1366 2160 1705 2229 interibant,
1739 2164 1953 2236 partim
1984 2162 2098 2219 vivi

441 2247 842 2319 capiebantur.
876 2248 1140 2305 Romano
1171 2249 1423 2305 exercitu
1456 2251 1529 2306 ad
1561 2251 1743 2325 Pegas
1798 2253 1883 2309 sic
1939 2269 2100 2310 acce-

442 2339 565 2409 pto,
623 2335 859 2409 Bulgari
918 2339 1139 2409 regiam
1183 2337 1347 2394 illius
1376 2337 1488 2396 loci
1518 2347 1878 2410 cremarunt,
1911 2347 1969 2399 et
1996 2360 2099 2398 cm-

443 2431 567 2481 tera
594 2441 723 2497 qua
753 2426 809 2481 in
838 2442 905 2482 eo
935 2426 1128 2483 littore
1159 2432 1349 2484 sunte
1379 2430 1612 2502 regione
1643 2432 1856 2499 ,urbis,
1915 2432 2098 2489 inter-

434 2514 675 2585 jacente
716 2514 882 2571 freto.
952 2516 1179 2572 Mortua
1244 2518 1489 2573 Romani
1557 2536 1735 2577 uxore
1798 2521 2100 2577 Theodore

440 2606 713 2676 Augusta
759 2604 1151 2676 [imperatoris
1214 2605 1614 2679 Christophori
1673 2627 1817 2666 uxor
1880 2611 2098 2685 Sophia

442 2694 721 2764 Augusta:
751 2710 964 2749 nomen
996 2694 1240 2768 accepit.
1273 2698 1344 2751 At
1393 2697 1771 2770 Bulgarorum
1824 2701 2096 2773 princeps

441 2781 716 2854 Symeon,
749 2783 942 2838 denuo
966 2783 1403 2857 AdrianOpolim
1428 2787 1658 2843 obsedit
1688 2803 1702 2843 :
1736 2805 1926 2860 neque
1956 2805 2097 2845 sane

441 2869 770 2942 quidquam
804 2870 1118 2939 effecisset,
1150 2872 1262 2929 nisi
1292 2873 1446 2930 cives
1477 2882 1805 2932 commeatu
1839 2878 2096 2934 destitu-

443 2964 555 3029 tos,
590 2965 646 3015 et
672 2959 1022 3033 semetipsos
1054 2967 1111 3017 et
1138 2962 1345 3018 urbem
1401 2963 1558 3020 hosti
1613 2966 1845 3037 dedere,
1909 2968 2095 3024 fames

440 3049 748 3121 coegisset.
806 3050 972 3106 Tunc
1028 3050 1203 3106 etiam
1253 3051 1363 3108 Leo
1394 3052 1792 3127 Tripolitanus
1822 3073 1956 3112 cum
1986 3074 2095 3113 na-

2214 1180 2320 1253 λῆς
2368 1180 2426 1238 δὲ
2470 1184 2606 1238 κατά
2650 1185 2748 1238 τοῦ
2788 1183 3070 1257 Ῥωμανοῦ
3124 1181 3447 1260 γενομένης,
3480 1181 3550 1253 ἧς
3599 1184 3629 1239 6
3670 1180 3874 1238 σακελ-

2216 1271 2405 1347 λάριος
2464 1273 2820 1349 πρωτουργὸς
2874 1272 2939 1341 ἧν
3000 1273 3371 1342 Ἀναστάσιος,
3433 1272 3508 1334 ὡς
3557 1275 3640 1345 τῷ
3696 1279 3873 1326 Κων-

2215 1363 2474 1435 σταντίνῳ
2527 1358 2685 1432 δῆθεν
2745 1360 2989 1435 ἀμύνων,
3051 1360 3295 1436 ἐγνώσθη
3353 1360 3421 1416 τὰ
3477 1362 3594 1416 κατ’
3652 1359 3871 1432 αὐτὴν,

2213 1451 2302 1506 καὶ
2334 1452 2385 1505 οἱ
2434 1451 2527 1525 μὶν
2577 1450 2903 1526 συνίστορες,
2936 1451 3010 1513 ὡς
3069 1447 3217 1522 ἔδοξε
3271 1454 3351 1524 τῷ
3407 1450 3693 1524 Ῥωμανῷ,
3746 1449 3873 1504 ἐκο-

2213 1536 2511 1610 λάσθησαν,
2561 1542 2589 1596 6
2627 1538 2683 1596 δὶ
2731 1539 3092 1617 σακελλάριος
3142 1541 3418 1616 ἀπεκάρη.
3469 1542 3566 1596 Ἦν
3617 1538 3684 1610 δὴ
3731 1540 3874 1616 πρό-

2214 1650 2369 1705 φασιν
2403 1624 2559 1705 ἔσχεν
2618 1630 2647 1684 6
2701 1630 2977 1703 Ῥωμανὸς
3027 1634 3124 1685 τοῦ
3185 1624 3513 1684 ὑποϐιϐάσαι
3560 1631 3652 1685 τὸν
3710 1636 3875 1684 Κων-

2214 1725 2490 1774 σταντῖνον
2542 1720 2754 1790 ἑαυτοῦ,
2789 1717 2955 1795 μέχρι
3001 1713 3125 1774 τότε
3171 1722 3387 1795 πρῶτον
3444 1718 3868 1797 εὐφημούμενον

2212 1806 2264 1864 ἐν
2317 1813 2438 1871 ταῖς
2493 1807 2872 1885 ἀναῤῥήσεσιν.
2932 1809 2993 1867 Ὁ
3050 1808 3275 1883 Συμεὼν
3341 1805 3398 1863 δὲ
3445 1807 3581 1863 κατὰ
3629 1815 3730 1878 τῆς
3761 1808 3873 1863 πό-

2211 1896 2353 1961 λεως
2411 1897 2677 1970 ἐκπέμπει
2733 1897 2998 1973 στρατόν·
3054 1895 3147 1953 ’ίνα
3205 1895 3264 1952 δὲ
3321 1899 3399 1971 μή
3456 1895 3705 1960 ἰλθόντες
3763 1898 3872 1961 τὰς

2206 1987 2313 2062 πρὸ
2344 1990 2443 2057 τῆς
2474 1985 2690 2051 πόλεως
2731 1985 3108 2065 διαφθείρωσιν
3152 1986 3407 2061 ἀγλαῒας,
3460 1980 3669 2062 ἔπεμψε
3709 1987 3798 2042 καὶ
3835 1988 3871 2043 6

2204 2077 2479 2150 Ῥωμανὸς
2505 2076 2632 2141 τοὺς
2682 2075 3130 2150 ἀντιταξομένους
3179 2074 3348 2150 αύτῷ,
3396 2075 3486 2131 καὶ
3533 2080 3642 2131 τῶν
3676 2074 3863 2133 Βουλ-

2204 2165 2384 2243 γάρων
2439 2164 2778 2231 ἐπελθόντων
2839 2167 3027 2231 αὐτοῖς
3059 2210 3073 2237 ,
3126 2164 3387 2221 πίπτουσι
3448 2167 3543 2239 μὲν
3600 2164 3691 2221 καὶ
3742 2169 3859 2221 τῶν

2205 2255 2487 2332 ἀρχόντων
2539 2254 2765 2325 πολλοὶ,
2822 2259 2931 2310 τῶν
2992 2252 3049 2310 δὲ
3106 2276 3169 2331 γε
3229 2258 3571 2329 σταρτιωτῶν
3626 2255 3679 2310 οἱ
3732 2255 3862 2327 μὲν,

2206 2344 2282 2407 εἷς
2337 2344 2431 2406 τὰς
2487 2346 2729 2421 τριήρεις
2805 2341 3127 2406 σπεύδοντες
3184 2338 3421 2418 ἐμϐῆναι
3478 2340 3801 2419 παραπλεού
3835 2376 3863 2389 -

2206 2455 2319 2503 σας,
2380 2431 2762 2505 ἒξωλίσθαινον
2818 2433 2893 2495 εἷς
2949 2434 3049 2503 τὴν
3105 2432 3392 2502 θάλασσαν,
3446 2432 3538 2489 καὶ
3600 2432 3704 2487 ὑπὸ
3760 2453 3862 2487 κυ-

2209 2522 2392 2598 μάτων
2451 2521 2728 2600 ἐφέροντο,
2788 2524 2840 2579 oi
2895 2520 2953 2578 δὲ
3025 2522 3128 2578 ὑπὸ
3184 2527 3292 2577 τῶν
3346 2521 3632 2595 πολεμίων
3687 2519 3863 2577 διώλ-

2207 2612 2391 2683 λυντο,
2428 2614 2479 2667 οἱ
2534 2610 2592 2668 δὲ
2646 2612 2734 2668 καὶ
2797 2616 2991 2683 ζῶντες
3050 2606 3543 2686 συνελαμϐάνοντο.
3599 2609 3760 2669 Οὕτω
3804 2609 3866 2666 δὲ

2206 2700 2538 2773 διατεθείσης
2580 2709 2681 2772 τῆς
2734 2702 3048 2776 Ῥωμαϊκης
3098 2706 3349 2776 στρατιᾶς
3410 2702 3547 2757 κατὰ
3591 2700 3688 2762 τὰς
3741 2705 3865 2773 Πη-

2202 2792 2323 2868 γὰς,
2351 2792 2417 2847 τά
2457 2812 2517 2846 τε
2571 2788 2682 2846 ἐκεῖ
2733 2786 2859 2845 ὄντα
2911 2789 3182 2863 ἀνάκτορα
3229 2790 3281 2845 οἱ
3331 2789 3643 2865 Βούλγαροι
3686 2786 3861 2864 ἐπυρ-

2202 2881 2472 2952 πόλησαν,
2526 2880 2615 2935 καὶ
2662 2876 2843 2935 τᾶλλα
2891 2877 2993 2934 ὅσα
3040 2876 3091 2933 ἐν
3140 2882 3221 2952 τῷ
3267 2877 3503 2956 αἰγιαλῷ
3531 2882 3630 2933 τοῦ
3656 2899 3860 2933 καταν-

2200 2969 2356 3045 τικρὺ
2407 2977 2506 3039 τῆς
2561 2966 2778 3032 πόλεως
2829 2971 2964 3038 ἦσαν
3025 2965 3368 3041 διακειμένου
3425 2968 3701 3043 πορθμοῦ.
3749 2973 3860 3023 Θα-

2201 3058 2403 3128 νούσης
2432 3057 2489 3115 δὲ
2512 3065 2612 3128 τῆς
2642 3058 2740 3114 τοῦ
2787 3059 3073 3131 Ῥωμανοῦ
3120 3051 3353 3131 συμϐίου
3391 3063 3491 3127 τῆς
3533 3055 3858 3132 Λύγούστης

434 3137 664 3194 valibus
724 3138 907 3210 copiis
965 3143 1260 3196 Romanos
1318 3142 1532 3199 invasit
1591 3160 1603 3200 :
1666 3146 1767 3201 sed
1824 3146 2095 3201 triremes

2205 3145 2484 3222 Θεοδώρας
2540 3149 2669 3223 (29),
2728 3149 2763 3217 ἡ
2819 3150 2916 3201 τοῦ
2978 3144 3248 3222 βασιλέως
3297 3145 3680 3225 Χριστοφόρου
3714 3146 3859 3220 γυνὴ

437 3228 712 3283 Romanis
743 3227 899 3284 circa
928 3228 1213 3285 Lemnum
1242 3230 1498 3288 insulam
1544 3233 1629 3290 eis
1675 3235 1905 3290 obviam
1957 3251 2093 3307 pro-

2205 3235 2381 3313 Σοφία
2409 3241 2505 3291 τοῦ
2546 3243 2644 3305 τῆς
2687 3234 3005 3312 Δύγούστης
3056 3234 3266 3306 ἠξιώθη
3318 3234 3606 3308 ὀνόματος.
3639 3234 3697 3287 '0
3745 3238 3856 3289 τῶν

439 3315 624 3385 fectus,
655 3318 953 3389 Agarenos
982 3333 1131 3389 pene
1159 3334 1365 3375 omnes
1396 3321 1754 3394 occiderunt,
1797 3340 2092 3396 navesque

2205 3311 2531 3402 Βουλγάρων
2582 3322 2630 3379 δ’
2686 3311 3047 3400 ἐξηγούμενος
3098 3325 3325 3399 Συμεὼν
3377 3328 3446 3399 τῇ
3506 3321 3802 3399 ’Δδριανου
3836 3355 3861 3367 -

438 3406 866 3475 demerserunt,
896 3405 1179 3478 Tripolita
1208 3424 1357 3480 aegre
1388 3410 1527 3483 fuga
1575 3411 1794 3484 elapso.
1843 3418 2091 3486 Symeon

2205 3413 2362 3470 πόλει
2433 3408 2779 3491 προσέϐαλε,
2837 3412 2926 3469 καὶ
2981 3413 3184 3485 ταύτην
3240 3411 3552 3490 ἐπολιόρκει
3588 3456 3602 3471 .
3662 3415 3865 3469 ’Ήνυσε

438 3508 572 3549 vero
602 3493 1003 3550 Macedoniam
1037 3498 1095 3550 et
1125 3494 1433 3552 Thraciam
1466 3513 1600 3554 cum
1654 3498 1879 3573 ingenti
1931 3518 2092 3557 exer-

2205 3501 2249 3560 δ’
2280 3504 2339 3559 ἂν
2373 3501 2550 3575 οόδὶν,
2602 3504 2648 3559 εἰ
2684 3514 2760 3576 μη
2805 3509 2923 3568 τοῖς
2971 3500 3121 3559 ἔνδον
3174 3501 3513 3559 ἰπιλελοίπει
3560 3502 3629 3558 τὰ
3670 3499 3865 3574 ἐπιτή-

437 3581 558 3638 citu
590 3582 953 3649 devastatus,
986 3584 1057 3639 ad
1090 3584 1295 3641 urbem
1349 3586 1671 3659 profectus,
1730 3606 1910 3663 prope
1962 3590 2093 3647 Bla-

2205 3591 2319 3649 δεια
2352 3635 2365 3649 .
2424 3594 2747 3667 Βιαζόμενοι
2826 3590 2884 3648 δὲ
2956 3597 3035 3666 τῷ
3104 3589 3259 3666 λιμῷ
3331 3592 3421 3647 καὶ
3479 3589 3706 3653 ἑαυτοὺς
3764 3592 3862 3646 καὶ

438 3670 688 3728 chernas
718 3671 924 3728 castris
950 3672 1183 3745 positis,
1211 3674 1568 3748 colloquium
1601 3679 1846 3735 Romani
1904 3679 2091 3753 impe-

2205 3684 2298 3753 τὴν
2338 3681 2501 3738 πόλιν
2549 3687 2667 3745 τοῖς
2717 3680 3013 3757 πολεμίοις
3067 3678 3391 3757 παρέδοσαν.
3441 3679 3574 3735 Τότε
3626 3680 3721 3754 μὲν
3763 3681 3861 3735 καὶ

438 3760 650 3816 ratoris
680 3759 869 3833 petiit,
902 3761 1002 3832 qui
1033 3779 1168 3818 cum
1203 3763 1277 3819 ab
1307 3781 1374 3821 eo
1404 3782 1518 3821 non
1550 3766 1907 3838 abhorreret,
1955 3785 2091 3825 cum

2205 3773 2230 3827 6
2289 3771 2347 3828 ἐκ
2416 3770 2731 3847 Τριπόλεως
2805 3769 2955 3826 Λέων
3034 3770 3169 3845 μετὰ
3243 3767 3525 3845 δυνάμεως
3595 3775 3860 3840 ναυτικῆς

440 3849 630 3906 classe
660 3849 730 3905 ad
764 3849 1045 3906 Cosmidii
1077 3851 1245 3908 littus
1272 3853 1433 3922 abiit,
1470 3855 1794 3928 eodemque
1841 3856 2091 3931 Symeon

438 3955 575 3995 cum
633 3939 759 3995 suis
820 3939 1006 4012 copiis
1043 3943 1198 3998 venit
1232 3958 1245 3999 :
1278 3944 1430 4000 189
1462 3949 1520 4001 et
1548 3946 1697 4001 inter
1727 3962 1789 4003 se
1818 3946 2091 4004 collocuti

439 4031 602 4084 sunt.
637 4027 747 4084 Sed
780 4029 1051 4101 quamvis
1097 4034 1397 4090 Romanus
1451 4034 1721 4106 Symeoni
1780 4035 2094 4109 magniﬁca

440 4117 720 4186 dedisset,
754 4118 932 4175 rebus
960 4118 1194 4177 infectis
1225 4122 1644 4193 discesserunt,
1678 4124 1733 4181 id
1781 4127 1937 4198 quod
1988 4144 2094 4200 par

439 4207 772 4280 aquilarum
831 4208 1167 4282 signiﬁcare
1222 4212 1551 4279 videbatur,
1603 4230 1754 4286 quas
1783 4232 1963 4288 supra
1992 4233 2091 4273 eos

436 4297 713 4354 volitasse
741 4297 957 4367 ferunt,
988 4302 1044 4354 et
1075 4316 1210 4356 cum
1242 4300 1513 4374 clangore
1560 4302 1714 4360 inter
1763 4320 1894 4363 sese
1949 4322 2090 4362 con-

436 4402 693 4459 gressas,
754 4387 1073 4460 statimque
1133 4396 1469 4463 segregatas
1495 4407 1645 4461 esse,
1679 4393 1859 4451 altera
1886 4411 2092 4451 versus

438 4475 647 4531 urbem
675 4473 928 4544 volante,
961 4475 1143 4533 altera
1173 4478 1231 4533 in
1262 4479 1568 4536 Thraciam
1623 4482 1921 4540 tendente.
1980 4484 2091 4541 Ro-

2132 1939 2179 2005 B

2200 3957 2366 4021 νῆσον
2414 3954 2635 4024 Λῆμνον
2681 3951 2926 4027 τριήρεις
2980 3949 3301 4006 ἐπελθοῦσαι
3353 3947 3685 4024 Ῥωμαϊκαὶ,
3722 3946 3853 4010 τοὺς

2205 4041 2298 4114 μὲν
2358 4038 2691 4116 Ἀγαρηνοὺς
2745 4036 2940 4114 σγεδόν
2993 4060 3045 4095 τι
3112 4038 3417 4114 ξύμπαντας
3474 4034 3843 4118 διεφθάρκασι,

2198 4129 2294 4193 τὰς
2352 4126 2411 4185 δὲ
2464 4132 2597 4199 νῆας
2661 4128 2839 4185 αὐτῶν
2901 4123 3276 4206 ὑποϐρυχίους
3335 4125 3624 4200 ἐποίησαν,
3684 4122 3849 4199 μόλις

2196 4222 2294 4275 τοῦ
2342 4217 2678 4296 Τριπολίτου
2734 4223 2923 4294 φυγεῖν
2980 4216 3382 4294 ἐξισχύσαντος.
3442 4216 3544 4274 Καὶ
3594 4216 3622 4270 6
3668 4213 3853 4272 Βούλ-

2197 4329 2363 4386 γαρος
2415 4306 2473 4363 δὲ
2521 4310 2747 4382 Συμεὼν
2790 4309 2859 4364 τά
2904 4329 2963 4363 τε
3010 4306 3147 4363 κατά
3194 4303 3534 4365 Μακεδονίαν
3579 4304 3669 4360 καὶ
3718 4302 3855 4358 τάπὶ

2200 4398 2417 4474 Θρᾴκης
2469 4395 2560 4452 σὺν
2617 4398 2774 4473 βαρεῖ
2829 4396 3189 4472 στρατεύματι
3240 4394 3510 4468 ἐληίζετο,
3564 4393 3655 4449 καὶ
3706 4391 3861 4467 παρὰ

2196 4490 2299 4557 τὴν
2347 4485 2511 4542 πόλιν
2561 4485 2759 4556 ἐλθὼν,
2810 4487 2991 4563 ἀγχοῦ
3038 4490 3146 4541 τῶν
3198 4483 3527 4561 Βλαχερνῶν
3581 4481 3857 4553 πεποίητο

439 4578 654 4652 manus
723 4569 1008 4637 potestate
1074 4566 1306 4640 imperii
1372 4568 1749 4641 insatiabilis,
1816 4589 1883 4628 ac
1910 4574 2088 4630 veluti

2205 4577 2297 4646 τὴν
2343 4569 2705 4652 παρεμϐολὴν
2732 4620 2746 4646 ,
2792 4576 2883 4631 καὶ
2929 4579 3010 4648 τῷ
3071 4571 3291 4651 βασιλεῖ
3339 4575 3605 4647 Ῥωμανῷ
3660 4569 3862 4642 ἐζήτη-

440 4650 660 4708 oblitus
692 4654 1063 4724 sacramenti,
1093 4672 1209 4728 quo
1259 4673 1389 4713 sese
1443 4658 1819 4728 astrinxerat,
1876 4679 1984 4717 suo
2037 4667 2095 4718 et

2255 4631 2265 4646 ι
2487 4631 2496 4650 .
2661 4631 2671 4646 .
2732 4631 2746 4646 ι
2984 4631 2994 4648 .
3071 4631 3081 4651 .
3452 4631 3462 4647 ,
3577 4631 3588 4645 .
3699 4631 3750 4642 ..
3816 4631 3827 4642 .

2205 4686 2288 4720 σεν
2346 4631 2588 4741 ἐντυχεῖν
2625 4683 2638 4698 ⁸
2695 4664 2786 4720 καὶ
2865 4664 2965 4734 τήν
3042 4656 3271 4733 ἔντευξιν
3351 4661 3442 4717 καὶ
3499 4660 3527 4715 6
3590 4655 3857 4736 βασιλεὺς

437 4741 541 4797 ﬁlii
574 4747 718 4799 natu
751 4744 988 4800 maximi
1019 4745 1350 4802 diademate
1382 4763 1497 4803 non
1526 4752 1867 4819 contentus;
1913 4751 2091 4808 etiam

2205 4753 2509 4830 ᾐρετίσατο,
2561 4754 2653 4811 καὶ
2703 4754 2840 4810 κατὰ
2894 4753 2984 4808 τὸν
3035 4755 3132 4808 τοῦ
3189 4747 3491 4824 Κοσμιδίου
3547 4746 3797 4826 αἷγιαλὸν
3834 4789 3852 4818 ,

436 4829 696 4906 reliquos
748 4833 898 4889 duos
952 4834 1127 4903 ﬁlios,
1170 4840 1227 4891 et
1276 4841 1546 4907 nepotem
1578 4853 1646 4894 ex
1674 4839 2089 4914 Christophoro

2205 4829 2250 4898 δ
2284 4844 2378 4918 μὲν
2437 4844 2690 4921 βασιλεὺς
2751 4842 2843 4898 σὺν
2902 4845 2982 4914 τῷ
3039 4839 3223 4915 στόλῳ
3282 4839 3528 4919 ἀφίκετο,
3587 4839 3615 4894 6
3677 4834 3735 4893 δὲ
3790 4858 3857 4914 γε

437 4922 755 4978 coronavit.
788 4925 1050 4979 Romano
1077 4923 1323 4996 imperio
1355 4926 1508 4996 quod
1572 4926 1856 4986 hactenus
1910 4948 2091 5003 penes

2205 4935 2427 5009 Συμεὼν
2482 4935 2617 5009 μετᾶ
2665 4936 2765 5000 τῆς
2815 4931 3016 4994 οἱκείας
3063 4929 3382 5008 παρεγένετο
3435 4933 3707 5005 στρατιᾶς,
3755 4926 3852 4980 καὶ

433 5027 618 5067 unum
651 5028 779 5068 esse
808 5014 1295 5080 consueverat,in
1330 5014 1514 5071 multa
1540 5017 1730 5088 capita
1758 5019 2087 5080 distributo.

2205 5021 2475 5095 ἀλλήλοις
2522 5021 2839 5097 ὡμίλησαν,
2885 5021 2975 5076 καὶ
3025 5021 3052 5075 ὁ
3105 5018 3359 5097 βασιλεὺς
3414 5015 3852 5095 μεγαλοπρεπῶς

437 5099 651 5188 Filium
686 5105 826 5157 natu
861 5101 1176 5157 minimum
1204 5102 1726 5177 Theophylactum,
1761 5111 1855 5166 cui
1898 5113 2089 5183 ponti-

2205 5118 2276 5187 τῷ
2310 5114 2537 5188 Συμεὼν
2584 5109 2918 5188 ἐδωρήσατο.
2969 5104 3307 5184 Ἀσύμϐατοι
3357 5105 3415 5163 δὲ
3456 5107 3547 5163 ἀπ’
3579 5102 3850 5177 ἀλλήλων

435 5186 669 5246 ﬁcetum
705 5191 871 5246 urbis
901 5191 1294 5263 imperatorias
1325 5193 1893 5262 ambiebat,detonsa
1921 5218 2091 5260 coma

2205 5186 2502 5276 διέστησαν,
2554 5202 2584 5258 ὃ
2626 5186 2718 5257 καὶ
2768 5197 2898 5264 δυὰς
2945 5196 3093 5270 ἔδοξε
3139 5195 3388 5269 δηλῶσαι
3438 5197 3605 5252 ἀετῶν
3643 5239 3657 5253 .
3709 5191 3855 5251 Φασὶ

429 5277 709 5335 clericum
759 5279 915 5350 fecit,
987 5296 1022 5337 a
1075 5280 1408 5353 patriarcha
1463 5284 1793 5357 Syncellum
1855 5308 2092 5366 quoque

2205 5293 2299 5371 γὰρ
2332 5290 2529 5357 ἄνωθεν
2564 5290 2738 5371 αὐτῶν
2790 5286 3082 5361 δωπτῆναι
3127 5287 3379 5358 τούτους,
3434 5286 3525 5342 καὶ
3576 5283 3858 5357 ἀλλήλοις

1715 5445 1920 5508 Variis
1949 5447 2252 5510 lectiones
2282 5454 2346 5511 et
2373 5453 2563 5512 notae.

507 5539 1109 5631 (2.9)-TﬁsA5W6ms
1150 5538 1457 5631 ἑεοδώρρις-
1504 5549 1698 5631 latis:
1732 5553 2087 5631 θιβρριιῖερι

2205 5554 2401 5631 πατρὸς
2457 5553 2627 5631 αρτῆς
2676 5555 2957 5631 Ῥωμανοῦ
3024 5547 3280 5631 Θεοδώρα
3325 5546 3715 5631 ,τελευτήσασαι
3757 5547 3854 5621 ἦν,

437 5612 658 5708 εἰῇ-(ἔαρι
687 5630 821 5708 ῐξξῼξ
850 5612 1119 5708 meminit
1146 5612 1460 5708 gregorius
1508 5622 1744 5708 inmt'lita
1793 5624 1867 5708 S.'
1887 5612 2090 5708 B'asilii

2205 5612 2320 5697 ἢτέ
2362 5612 2536 5708 Σοφία
2567 5612 2624 5708 fi)-
2664 5630 2761 5708 τοῦ
2786 5612 3179 5708 ’,Χριστοφόρου
3211 5612 3433 5679 ’ἐκείνου
3487 5612 3854 5694 τελευτήσανέ

436 5684 668 5778 ἔρρει.
693 5685 1001 5778 33:33:13
1035 5685 1094 5778 δὲ
1134 5690 1170 5758 ἡ
1199 5684 1501 5778 Ἀῧχουσεξα
1528 5688 1722 5778 sum
1755 5695 1947 5778 ῃρρτη
1979 5684 2089 5778 τῶν

2205 5684 2291 5762 τός
2321 5684 2630 5775 κατηνέχθὴ
2661 5704 2761 5771 τῆς
2793 5684 3094 5778 βασιλείᾶςί

437 5750 627 5811 ἄλλων
692 5750 1001 5833 βασιλίδων
1049 5750 1225 5832 ἧν·’ἠ
1273 5750 1378 5838 γᾶρ
1438 5757 1659 5838 δευτὲρα
1709 5750 1947 5841 ἇύῤϐιοέ
1993 5750 2103 5825 ἔδδ-

2200 3862 2336 3918 κατά
2392 3860 2677 3935 Ῥωμαίων
2738 3860 3018 3938 ἐχώρησεν
3054 3879 3066 3893 °
3128 3857 3275 3916 ἀλλὰ
3337 3858 3518 3933 τούτῳ
3568 3858 3692 3935 περὶ
3748 3859 3853 3928 τήν
3908 3910 3917 3917 .
