4142 6386
4 4441 10 4498 ἑ

4 4503 12 4558 Ξ

4 4571 10 4586 l

5 4595 12 4648 ἓ

5 4659 14 4688 ι

4 4693 14 4752 ἓ

5 4753 16 4844 i

9 4847 16 4878 ι

7 4885 18 4948 ἱ

4 4965 14 4996 'i

13 5107 16 5124 Ι

425 419 500 480 95
1775 422 2105 484 JOANNIS
2151 422 2494 486 ZONARIE
3767 431 3847 491 96

427 553 723 628 Stephano
755 560 951 613 autem
986 561 1329 627 Amasseno,
1363 575 1496 615 cum
1539 559 1736 613 sedem
1798 556 2080 628 principis

2195 554 2298 626 ξεν,
2332 554 2376 612 εἰ
2410 554 2466 612 δὲ
2519 556 2609 612 καὶ
2643 555 2892 632 σχολαίῳ
2931 556 3222 635 στείχουσα
3278 559 3380 629 ἧκε
3408 556 3560 628 ποδὶ,
3612 559 3760 617 ἀλλά
3787 581 3852 637 γε

425 644 588 699 urbis
615 663 717 717 per
748 646 1068 702 triennium
1102 653 1468 720 occupasset,
1495 652 1723 702 mortuo
1758 664 1770 700 :
1806 645 2078 718 Tryphon

425 736 752 791 monachus
785 736 1026 807 quidam
1050 755 1117 792 ea
1163 738 1497 793 conditione
1552 737 1930 801 successit-,ut
1952 739 2081 806 post

426 827 656 878 certum
709 830 965 898 tempus,
1022 826 1454 899 Theopbylacto
1511 825 1881 898 imperatoris
1938 823 2078 888 ﬁlio,

429 928 610 983 puero
671 913 883 980 adhuc,
946 915 1098 970 ultro
1157 917 1293 971 sede
1350 917 1598 971 cederet.
1659 916 1778 970 Hoc
1819 921 2081 985 tempore

429 1001 752 1057 szevissima
778 1002 967 1058 hiems
1000 1004 1130 1072 fuit,
1161 1011 1217 1060 et
1249 1005 1432 1061 fames
1465 1005 1805 1072 maxima,et
1834 1003 2080 1058 horren-

431 1089 570 1143 dum
607 1090 964 1146 incendium.
997 1097 1141 1148 Tum
1176 1110 1411 1165 quoque
1458 1094 1912 1164 Christophorus
1969 1091 2081 1146 im-

431 1183 661 1248 perator
717 1179 878 1234 obiit.
931 1181 1064 1236 Jam
1126 1183 1412 1254 praefinito
1443 1189 1705 1253 tempore
1734 1181 1952 1252 elapso,
1986 1197 2083 1251 pa-

429 1268 685 1322 triarcha
714 1269 986 1340 Tryphon
1020 1272 1154 1326 sede
1207 1271 1528 1344 pontiﬁcia,
1590 1277 1656 1326 ut
1713 1274 2081 1338 convenerat,

426 1358 629 1411 cedere
649 1356 854 1423 noluit,
890 1361 989 1414 sed
1009 1377 1135 1415 eam
1159 1361 1409 1416 retinere
1430 1361 1702 1416 manibus
1721 1359 2082 1432 pedibusque

427 1451 516 1501 est
537 1452 803 1502 conatus.
838 1448 1194 1519 Imperatore
1223 1455 1417 1506 autem
1442 1451 1614 1506 verba
1642 1449 1753 1505 sibi
1787 1450 1925 1503 data
1953 1462 2082 1503 esse

430 1551 580 1606 aegre
607 1535 827 1591 ferente
863 1553 876 1591 :
913 1536 1382 1608 Caesariensis,ut
1412 1540 1460 1594 ei
1494 1538 1946 1611 gratificaretur,
1981 1551 2080 1608 pa-

431 1624 696 1678 triarchae
728 1625 1164 1698 simplicitatem
1199 1629 1330 1684 dolo
1390 1629 1791 1698 circumvenit,
1854 1643 2082 1682 assum-

431 1715 650 1783 ptaque
681 1713 853 1770 amici
890 1733 1155 1786 persona,
1189 1716 1270 1772 illi
1304 1719 1384 1772 ait
1417 1737 1429 1774 :
1463 1720 1767 1789 Imperator
1800 1717 2084 1772 vehemen-

429 1809 510 1856 ter
536 1819 672 1858 sane
700 1808 751 1858 te
781 1811 1076 1876 oppugnat,
1107 1807 1199 1861 sed
1227 1808 1418 1863 desunt
1447 1811 1500 1863 ei
1528 1809 1788 1875 crimina,
1845 1807 1909 1862 ob
1964 1822 2082 1877 qua

433 1891 544 1947 loco
601 1895 808 1948 moveri
854 1898 1049 1966 possis,
1110 1905 1160 1951 et
1217 1898 1326 1966 iam
1384 1899 1481 1968 qui
1516 1901 1713 1952 contra
1745 1900 1796 1950 te
1824 1904 1991 1961 stant,
2020 1911 2080 1950 eo

425 1986 550 2034 sunt
581 1981 810 2051 redacti,
845 1988 905 2039 ut
935 1993 982 2040 te
1041 1987 1357 2042 litterarum
1421 1989 1641 2056 penitus
1707 2003 1818 2042 esse
1883 1985 2077 2039 rudem

432 2069 638 2125 dicant.
674 2071 797 2127 "Sed
859 2090 1111 2145 propera,
1163 2079 1222 2130 ut
1277 2079 1388 2131 tuis
1451 2077 1851 2132 accusatoribus
1917 2076 2078 2130 istam

429 2175 639 2231 quoque
687 2162 1027 2218 calumniam
1081 2166 1386 2236 praeripias,
1447 2182 1612 2237 quam
1661 2165 1828 2237 facile
1856 2164 2080 2235 pr0put-

431 2250 600 2319 subis,
631 2251 682 2305 .ςί
699 2267 883 2306 coram
914 2254 1100 2308 multis
1128 2253 1325 2310 charta
1380 2259 1620 2327 sumpta,
1678 2270 1877 2310 nomen
1925 2263 2080 2308 tuum

435 2347 486 2391 et
514 2339 863 2409 pontiﬁcatus
890 2341 1217 2413 dignitatem
1271 2345 1582 2415 scripseris,
1639 2361 1746 2415 qua
1803 2345 2079 2414 scriptura

434 2427 514 2482 ad
571 2428 956 2498 imperatorem
1001 2433 1237 2502 perlata,
1285 2434 1430 2488 nihil
1455 2450 1618 2504 porro
1647 2435 1772 2500 erit,
1805 2431 1870 2487 de
1896 2449 2000 2504 quo
2031 2439 2082 2487 te

433 2519 822 2574 criminentur.
876 2520 1021 2575 Huic
1080 2521 1321 2577 consilio
1380 2527 1543 2594 paret
1597 2521 1712 2591 ille,
1771 2527 1827 2577 et
1881 2537 2078 2576 coram

437 2606 638 2662 multis
670 2607 729 2662 in
761 2607 965 2665 charta
996 2627 1142 2683 pura
1171 2611 1290 2666 haec
1321 2611 1526 2667 scribit
1558 2629 1570 2667 :
1607 2611 1852 2683 Tryphon
1884 2627 1953 2665 ex
1983 2610 2083 2664 Dei

432 2696 811 2752 misericordia
836 2701 1275 2772 archiepiscOpus
1299 2717 1455 2758 novae
1502 2703 1701 2771 Romae,
1752 2705 1804 2756 et
1858 2715 2083 2754 oecume-

431 2786 591 2840 nicus
620 2788 964 2854 patriarcha.
999 2789 1134 2844 Eam
1169 2794 1428 2844 chartam
1478 2790 1855 2845 Casariensis
1899 2789 2082 2861 impe-

406 2875 609 2955 ratori
641 2877 826 2945 offert,
859 2879 1194 2950 syngrapha
1223 2897 1403 2952 supra
1434 2879 1943 2951 subscriptionem,
1980 2896 2080 2950 pa-

433 2963 700 3020 triarcha:
734 2967 1017 3037 momine,
1081 2969 1138 3022 in
1196 2985 1264 3023 ea
1320 2969 1647 3025 contexitur
1705 2986 1717 3023 :
1781 2969 2078 3040 Tryphon,

431 3054 600 3124 quasi
663 3056 1032 3124 renuntiarit,
1067 3057 1310 3114 ecclesia
1340 3059 1594 3130 ejicitur,
1622 3063 1680 3114 et
1711 3059 2082 3130 imperatoris

431 3142 590 3198 filius
617 3144 948 3216 patriarcha
977 3147 1339 3218 designatur.
1375 3147 1633 3203 Posthac
1678 3146 1886 3203 classis
1943 3147 2084 3201 Rus-

428 3231 549 3286 sica
581 3250 696 3289 non
731 3233 911 3306 mille,
935 3237 1036 3290 sed
1069 3236 1260 3292 decies
1291 3242 1348 3292 et
1377 3237 1524 3291 I91
1565 3236 1879 3309 quinquies
1920 3234 2080 3290 mille

2189 645 2290 712 ἧκέ
2321 666 2470 700 ποτε·
2533 641 2926 716 ἀναϐεϐλήσθω
2959 643 3001 701 δ’
3040 649 3075 717 ἡ
3109 647 3234 723 περὶ
3290 649 3498 704 τούτων
3562 646 3846 725 διήγησις.

2189 737 2250 793 Ὀ
2311 736 2593 809 ’Ᾱμασείας
2650 733 2706 790 δὲ
2765 737 3058 815 Στέφανος.
3121 733 3214 808 ἔτη
3266 737 3391 814 τρία
3435 735 3728 815 διαγαγὼν,
3792 741 3846 796 ἐν

2187 830 2266 897 τῷ
2327 827 2500 900 θρόνῳ
2573 831 2671 894 τῆς
2733 825 3120 899 ὑπερκειμένης
3187 831 3294 880 τῶν
3356 825 3572 882 πόλεων
3632 827 3850 884 ἐτελεύ-

2188 935 2339 984 τησε,
2396 913 2485 968 καὶ
2545 912 2940 990 ἐχειροτονήθη
3002 915 3235 992 Τρύφων
3305 937 3385 978 τις
3449 918 3698 993 μοναχὸσ
3756 917 3849 973 ἐπὶ

2190 1004 2481 1073 συνθήκαις
2534 1007 2631 1058 τοῦ
2687 1003 2820 1076 μετά
2849 1003 3048 1080 χρόνον
3093 1003 3395 1080 ὡρισμένον
3453 1006 3589 1060 ἑκὼν
3651 1005 3847 1077 ἐκστῆ-

2189 1115 2274 1147 ναι
2331 1097 2426 1146 τοῦ
2467 1093 2656 1166 θρόνου
2704 1097 2783 1166 τῷ
2833 1097 2931 1148 τοῦ
2983 1092 3252 1168 βασιλέως
3302 1094 3404 1166 υἱῷ
3431 1099 3510 1166 τῷ
3564 1094 3849 1174 Θεοφυλά-

2189 1203 2322 1254 κτῳ’
2383 1184 2446 1250 ἦν
2479 1181 2579 1258 γὰρ
2632 1177 2708 1237 ἔτι
2767 1182 3066 1259 μειράκιον.
3115 1181 3309 1258 Γέγονε
3340 1179 3386 1236 δ’
3443 1182 3495 1238 ἐν
3547 1189 3665 1247 τοῖς
3711 1186 3852 1260 χρό-

2189 1292 2303 1331 νοις
2334 1271 2550 1333 τούτοις
2597 1272 2811 1346 χειμών
2855 1293 2914 1326 τε
2967 1271 3246 1350 ἀφόρητος
3297 1271 3462 1345 λιμός
3492 1293 3552 1328 τε
3602 1271 3843 1350 σφοδρό-

2189 1380 2367 1427 τατος,
2446 1361 2537 1414 καὶ
2631 1357 2958 1434 ἐμπρησμὸς
3039 1357 3493 1437 φρικωδέστατος·
3584 1360 3675 1415 ’ὀτε
3748 1360 3847 1415 καὶ

2192 1447 2568 1526 Χριστοφόρος
2644 1449 2742 1516 τὴν
2803 1449 2946 1517 ζωὴν
3007 1447 3374 1524 ἐξεμέτρησεν.
3436 1445 3572 1518 Ἤδη
3631 1446 3689 1503 δε
3743 1453 3853 1504 τοῦ

2191 1537 2498 1611 ὡρισμένου
2557 1536 2618 1590 ού
2649 1541 2842 1612 καιροῦ
2889 1536 3334 1613 πααρρῥυέντος,
3405 1538 3434 1592 6
3501 1537 3860 1613 πατριάρχης

2191 1626 2423 1702 Τρύφων
2457 1629 2566 1698 (31)
2685 1624 2898 1698 μεθίετο
2937 1630 3060 1680 ,τοῦ
3143 1625 3348 1699 θρόνου
3430 1627 3527 1680 τοῦ
3583 1647 3857 1702 πατριαρ-

2190 1719 2358 1790 χικοῦ
2412 1716 2547 1768 κατά
2599 1714 2666 1768 τὰ
2724 1715 3070 1789 συγκείμενα,
3131 1713 3257 1769 ἀλλ’
3317 1713 3474 1776 ὅλαις
3530 1714 3688 1790 χερσὶ
3744 1722 3854 1783 τῆς

2190 1803 2605 1880 ἀρχιερωσύνης
2663 1804 2964 1878 ἀντείχετο.
3024 1802 3123 1858 Καὶ
3180 1805 3208 1858 6
3244 1801 3500 1878 βασιλεὺς
3529 1806 3726 1872 ἠνιᾶτο
3759 1801 3862 1858 διὰ

2189 1895 2289 1962 τήν
2350 1893 2578 1962 ἀπάτην,
2639 1893 2713 1954 ὡς
2776 1892 3120 1966 ἐμπαιχθείς.
3179 1893 3243 1948 Ὁ
3300 1897 3456 1966 γοῦν,
3521 1894 3860 1968 Καισαρείας

2187 1981 2512 2058 χαρίσασθαι
2565 1985 2644 2052 τῷ
2720 1980 2933 2055 βασιλεῖ
2984 1980 3462 2055 προθυμούμενος,
3531 1979 3679 2054 δόλῳ
3753 1983 3861 2054 μέ,

2186 2093 2322 2126 τεισι
2349 2072 2448 2139 τὴν
2479 2075 2576 2125 τοῦ
2614 2069 2958 2145 πατριάρχου
2986 2068 3264 2148 ἀφέλειαν,
3324 2072 3411 2124 καὶ
3454 2068 3620 2148 φίλου
3669 2091 3852 2145 προσ-

2188 2166 2388 2215 ωπεῖον
2456 2160 2629 2232 ἑαυτῷ
2706 2161 3083 2235 περιθέμενος,
3152 2163 3230 2230 τῷ
3286 2161 3598 2236 πατριάρχῃ
3655 2159 3848 2236 φησίν·

2187 2251 2251 2306 Ἥ
2314 2250 2406 2323 μὲν
2463 2247 2599 2303 κατὰ
2659 2253 2755 2302 σοῦ
2823 2251 2920 2302 τοῦ
2995 2252 3321 2324 κρατοῦντος
3397 2247 3632 2312 ἐπίθεσις
3702 2270 3852 2327 σφο-

2191 2337 2310 2415 δρά,
2400 2335 2526 2393 ἀλλ’
2611 2335 2986 2392 ἐπιλείπουσιν
3088 2338 3238 2410 αὐτῷ
3333 2337 3631 2411 αίτιάματα
3736 2339 3852 2393 ὁπῧ

2187 2427 2494 2503 καθαίρεσίν
2565 2447 2622 2480 σε
2699 2425 2972 2498 τιθέμενα,
3033 2425 3124 2480 καὶ
3195 2425 3388 2481 λοιπὸν
3444 2426 3522 2489 εἰς
3579 2427 3640 2481 τὸ
3700 2424 3858 2500 μηδὲ

2190 2516 2336 2579 ὅλως
2428 2513 2624 2570 εἰδέναι
2718 2536 2776 2569 σε
2864 2516 3161 2591 γράμματα
3254 2516 3305 2570 οὶ
3380 2516 3631 2590 λέγοντες
3705 2516 3858 2571 κατὰ

2191 2611 2286 2661 σοῦ
2377 2625 2719 2681 περιστανται
2757 2648 2768 2660 .
2868 2603 3044 2660 ’Δλλά
3140 2609 3368 2660 σπεῦσον
3461 2605 3551 2659 καὶ
3639 2604 3848 2660 τούτου

2187 2695 2316 2757 τοὺς
2391 2692 2733 2768 μελετῶντας
2805 2694 2942 2749 κατά
3014 2698 3113 2748 σοῦ
3194 2693 3652 2771 ἀποκρούσασθαι.
3713 2703 3844 2749 Δια-

2192 2785 2372 2847 λύσεις
2456 2781 2513 2838 δὲ
2593 2784 2808 2845 τούτοις
2887 2783 2949 2837 τὸ
3027 2780 3388 2856 σπούδασμα,
3475 2782 3520 2838 εἰ
3604 2781 3848 2839 ἐνώπιον

2189 2873 2414 2930 πολλῶν
2483 2874 2693 2950 χάρτην
2772 2868 2956 2928 λαϐὼν
3026 2873 3087 2928 τὸ
3164 2868 3340 2946 ὄνομα
3414 2872 3725 2949 ἐγχαράξεις
3784 2874 3850 2928 τὸ

2191 2966 2305 3032 σὸν,
2359 2964 2445 3018 καὶ
2504 2964 2566 3017 τὸ
2636 2967 2736 3028 τῆς
2801 2962 3214 3039 ἀρχιερωσύνης
3279 2961 3512 3037 ἀξίωμα.
3573 2962 3670 3016 Καὶ
3721 2962 3851 3016 τού-

2187 3075 2284 3109 του
2367 3051 2827 3125 ἀποκομισθέντος
2908 3050 2988 3124 τῷ
3077 3049 3341 3126 βασιλεῖ,
3445 3051 3623 3107 ούκέτι
3709 3052 3852 3105 κατά

2191 3148 2286 3197 σοῦ
2359 3143 2589 3216 αἰτίαμα
2664 3139 3094 3216 περιλέλειπται.
3170 3141 3232 3197 Ὀ
3295 3141 3388 3213 μὲν
3443 3141 3534 3194 οῦν
3585 3134 3851 3194 συνεϐού-

2190 3231 2348 3288 λευσε
2377 3237 2562 3300 ταῦτα,
2629 3233 2656 3285 6
2717 3228 2775 3284 δὲ
2832 3228 3092 3300 ἐπείθετο,
3151 3228 3242 3282 καὶ
3299 3226 3526 3283 πολλῶν
3557 3228 3851 3304 παρόντων)

429 3321 664 3376 navium
698 3323 901 3379 urbem
935 3340 1214 3396 aggressa
1244 3343 1372 3382 esse
1403 3326 1631 3382 dicitur.
1679 3325 1894 3382 Contra
1949 3340 2076 3379 eam

2193 3323 2417 3398 ἀγράφῳ
2499 3319 2676 3396 χάρτῃ
2754 3320 2902 3374 ταῦτ’
3001 3316 3275 3396 ἐγγράφει·
3382 3300 3646 3395 Τρόφωη
3710 3316 3851 3391 ἐλέῳ

429 3409 693 3466 Romana
742 3412 1142 3486 classisjuxta
1172 3414 1429 3470 Pharum
1463 3415 1521 3469 in
1556 3415 1856 3487 procinctu
1892 3413 2075 3482 stetit,

431 3515 497 3554 ac
563 3499 758 3555 subito
823 3501 1052 3557 invecta
1113 3503 1393 3559 Barbaros
1452 3504 1812 3576 proﬂigavit,
1878 3502 2080 3558 multis

430 3603 632 3644 eorum
689 3589 936 3646 navibus
1003 3590 1124 3663 igni
1200 3592 1394 3648 Graeco
1459 3593 1755 3648 crematis.
1825 3592 2079 3664 Reliquaa

429 3694 634 3734 versus
694 3679 977 3736 orientem
1011 3681 1298 3753 profectae,
1334 3683 1394 3737 in
1426 3683 1668 3738 Bardam
1702 3682 1953 3737 Phocam
1987 3698 2082 3754 pa-

431 3767 667 3823 tricium
728 3769 827 3840 qui
885 3770 1164 3825 exercitui
1224 3777 1487 3843 praeerat,
1547 3771 1924 3838 inciderunt,
1979 3771 2080 3843 qui

433 3855 651 3912 multos
683 3859 752 3913 ad
785 3859 1186 3931 conquirenda
1219 3860 1550 3917 necessaria
1581 3861 1828 3916 navibus
1885 3876 2080 3932 egres-

435 3961 555 4012 sos,
611 3947 874 4004 sustulit.
937 3948 1096 4005 Idem
1149 3955 1206 4005 et
1253 3949 1511 4005 Curcuas
1542 3949 1843 4022 legionum
1877 3950 2079 4005 dome-

432 4035 616 4090 sticus
649 4036 805 4106 fecit,
839 4037 1041 4095 multis
1067 4045 1122 4094 et
1153 4039 1358 4096 occisis
1402 4045 1460 4095 et
1515 4041 1718 4111 captis.
1780 4040 1873 4095 Sic
1926 4043 2082 4094 terra

433 4124 698 4196 marique
746 4126 900 4183 male
947 4128 1190 4200 accepti,
1221 4145 1283 4185 se
1313 4129 1370 4183 in
1403 4129 1651 4184 navibus
1681 4128 2079 4196 continebant,

431 4214 616 4270 donec
645 4221 976 4272 commeatu
1007 4217 1296 4289 destituti,
1339 4220 1411 4274 ad
1471 4235 1579 4274 sua
1635 4219 1826 4274 redire
1883 4219 2082 4274 decre-

429 4308 658 4360 verunt.
717 4306 827 4361 Sed
886 4323 1019 4362 cum
1074 4307 1408 4374 solvissent,
1456 4308 1647 4362 denuo
1681 4308 1952 4364 Romane
1979 4308 2084 4362 tri-

431 4409 619 4448 remes
646 4408 745 4450 eos
777 4411 1048 4467 agressae,
1080 4396 1310 4451 duobus
1345 4396 1648 4452 navalibus
1682 4397 1896 4468 praeliis
1926 4397 2086 4453 devi-

433 4485 656 4536 cerunt.
726 4482 927 4538 Paucae
992 4483 1175 4556 igitur
1231 4484 1550 4540 Barbariem
1612 4503 1788 4542 naves
1846 4487 2085 4542 interitu

431 4569 610 4625 vitato
667 4571 738 4626 ad
800 4589 939 4628 suos
967 4573 1288 4644 redierunt,
1323 4573 1540 4628 nunties
1582 4573 1873 4630 malorum
1905 4579 1962 4629 et
1991 4592 2085 4630 ac-

2188 3415 2322 3465 Θεοῦ
2417 3407 2744 3485 ἀρχιεπίσκο
2754 3429 2852 3471 πος
2974 3413 3090 3462 Κων
3100 3406 3600 3468 σταντινουπόλεως
3714 3408 3855 3470 Νέας

2187 3501 2429 3574 Ῥώμης,
2517 3499 2896 3573 οἷκουμενικὸς
2977 3497 3328 3574 πατριάρχης
3363 3543 3376 3554 .
3463 3496 3569 3553 Καὶ
3658 3493 3854 3553 λαϐὼν

2187 3590 2278 3644 τὸν
2333 3589 2546 3665 χάρτην
2605 3591 2632 3643 6
2691 3589 3010 3663 Καισαρείας
3060 3587 3224 3660 ἀπῄει
3285 3587 3594 3663 ἐμφανίσων
3655 3591 3854 3642 τοῦτον

2185 3687 2265 3753 τῷ
2325 3679 2560 3756 βασιλεῖ,
2616 3674 2886 3758 ἔγγραφον
2946 3679 3036 3734 οὖν
3072 3678 3123 3732 ἐν
3166 3677 3312 3750 αὐτῷ
3342 3678 3748 3753 παραιτήσεως,
3779 3678 3858 3740 ὡς

2190 3771 2249 3826 ἐκ
2276 3775 2373 3825 τοῦ
2403 3771 2747 3845 πατριάρχου
2802 3771 3003 3832 ἄνωθεν
3046 3771 3150 3832 τῆς
3207 3767 3526 3844 ὑπογραφῆς
3574 3766 3860 3840 ἐξυφαίνε-

2187 3881 2295 3928 ται,
2355 3859 2445 3914 καὶ
2503 3859 2577 3920 ὡς
2635 3857 3117 3932 παραιτησάμενος
3147 3863 3248 3926 τῆς
3280 3855 3607 3926 Ἐκκλησίας
3649 3851 3856 3912 ἐκϐαλ-

2190 3947 2364 4019 λεται,
2421 3948 2511 4004 καὶ
2570 3948 2597 4002 6
2651 3952 2750 4003 τοῦ
2809 3945 3078 4022 βασιλέως
3111 3947 3226 4008 υἱὸς
3284 3947 3631 4020 πατριάρχης
3660 3966 3846 4020 κεχει-

2192 4039 2475 4115 ροτόνητο.
2541 4034 2750 4100 Στόλος
2805 4033 2862 4090 δὲ
2917 4035 3174 4095 Ῥωσικὸς
3210 4038 3320 4108 (32)
3354 4033 3560 4105 ἐπῆλθε
3584 4034 3713 4088 κατά
3740 4041 3841 4101 τῆς

2189 4125 2428 4196 πόλεως,
2461 4127 2548 4181 καὶ
2614 4127 2642 4180 6
2700 4124 2898 4189 στόλος
2927 4125 2990 4180 οὐ
3022 4123 3336 4201 χιλιόναυς,
3363 4125 3430 4194 ἦν
3461 4123 3587 4180 ἀλλ’
3615 4121 3684 4183 εἷς
3715 4143 3848 4176 πεν-

2188 4215 2469 4272 τεκαίδεκα
2527 4213 2808 4292 χιλιάδας,
2864 4215 2937 4276 ὡς
2997 4213 3249 4289 λέγεται,
3305 4213 3372 4269 τά
3423 4215 3619 4268 τούτου
3677 4209 3856 4268 πλοῖα

2191 4307 2527 4383 ἠρίθμηντο.
2581 4304 2816 4366 Τούτοις
2844 4304 2967 4375 περὶ
3026 4303 3116 4356 τὸν
3178 4301 3360 4376 Φάρον
3419 4307 3858 4378 προσορμισθεῖ-

2195 4418 2276 4450 σιν
2308 4395 2646 4470 ἀντίπρωρος
2677 4391 2804 4464 ἔστη
2866 4390 3064 4454 στόλος
3119 4389 3448 4464 Ῥωμαῖκὰς,
3507 4392 3599 4446 καὶ
3655 4391 3861 4467 ἀθρόον

2193 4484 2381 4546 αὐτοῖς
2437 4477 2810 4558 προσϐαλὼν,
2860 4480 3118 4558 ἐτρέψατο
3177 4479 3304 4543 τοὺς
3369 4476 3702 4557 Βαρϐάρους,
3764 4481 3863 4535 καὶ

2196 4571 2382 4627 πολλὰ
2435 4575 2544 4626 τῶν
2589 4569 2802 4625 πλοίων
2855 4569 3068 4625 ἐκείνων
3123 4574 3205 4641 τῷ
3265 4570 3410 4646 ὑγρῷ
3465 4570 3596 4642 πυρὶ
3663 4569 3862 4622 ἀπετέ-

435 4663 611 4731 captae
644 4661 854 4718 cladis.
888 4662 1064 4719 Russi
1098 4663 1279 4735 igitur
1309 4663 1578 4736 pluribus
1612 4663 1782 4719 malis
1805 4664 2080 4735 acceptis,

2195 4681 2425 4740 φρωσεν,
2457 4663 2598 4718 "Ocni
2627 4657 2684 4714 δέ
2731 4680 2791 4737 γε
2846 4657 3288 4736 περιελέλειπτο,
3339 4659 3477 4734 πρὸς
3504 4655 3578 4713 ἕω
3607 4677 3861 4734 περαιω-

434 4765 611 4820 quam
646 4756 710 4806 ut
739 4757 1066 4824 sperarent,
1100 4752 1274 4824 datis,
1317 4769 1350 4807 a
1396 4752 1759 4809 lacessendis
1804 4754 2086 4809 Romanis

432 4838 865 4897 abstinuerunt.

2200 4752 2378 4820 θέντα,
2461 4755 2540 4823 τῷ
2608 4750 2878 4826 πατρικίῳ
2951 4746 3130 4824 Βάρδᾳ
3203 4747 3452 4826 ἐνέκυρσε
3523 4746 3602 4821 τῲ
3658 4751 3859 4818 Φωκᾷ,

2199 4843 2590 4916 στρατιωτικοῦ
2661 4843 3048 4915 στρατηγοῦντι
3125 4837 3516 4914 συντάγματος,
3573 4838 3632 4899 ὃς
3689 4837 3858 4912 πρὸς,

435 4923 716 5002 συλλογὴν
772 4932 881 4983 τῶν
943 4926 1241 5004 ἀναγκαίων
1304 4925 1554 4989 πολλοὺς
1613 4927 1848 5001 ἐξιόντας
1905 4933 2011 4984 τῶν
2094 4929 2332 5000 πλοίων,
2405 4922 2840 5000 καταλαμϐάνων
2919 4925 3128 5001 ἀνῄρει.
3210 4923 3388 4981 Ἀλλά
3442 4925 3532 4980 καὶ
3596 4925 3623 4980 ὀ
3683 4922 3859 4998 δομέ-

434 5036 614 5078 στικος
669 5022 778 5072 τῶν
855 5015 1077 5093 σχολῶν
1144 5019 1171 5071 6
1231 5016 1565 5090 Κουρκούας,
1643 5018 1846 5094 ἑτέροις
1912 5018 2250 5098 ἐντυγχάνων
2311 5019 2448 5074 κατά
2523 5019 2745 5089 ζήτησιν
2819 5021 2927 5072 τῶν
3003 5012 3324 5086 ἐπιτηδείων
3386 5012 3690 5070 ἐκϐαίνονσι
3738 5019 3856 5069 τῶν

432 5110 602 5181 νηῶν,
659 5109 747 5163 καὶ
809 5105 1033 5184 ἐζώγρει
1091 5109 1182 5162 καὶ
1245 5107 1519 5185 μαχαίρας
1569 5107 1730 5186 ἔργον
1789 5109 1994 5175 ἐτίθετο
2040 5113 2175 5187 (33).
2227 5107 2384 5168 υῦτω
2451 5106 2509 5163 δὲ
2562 5107 2652 5162 καὶ
2713 5104 2802 5162 διὰ
2860 5105 3132 5176 θαλάσσης
3181 5104 3271 5160 καὶ
3325 5101 3415 5160 διὰ
3461 5111 3566 5182 γῆς
3594 5102 3866 5168 παθόντες

1714 5283 1917 5345 Variae
1948 5283 2252 5346 lectiones
2281 5287 2344 5344 et
2373 5285 2566 5344 notae.

506 5415 617 5493 (31)
666 5417 726 5493 Ὁ
775 5413 1131 5493 Ηατριάρχης
1189 5414 1438 5493 Τρύφων.
1489 5417 1688 5493 Euius
1731 5417 2076 5474 memoriam

433 5487 632 5562 colunt
661 5490 841 5562 Graeci
876 5487 1150 5562 {BA-piri].
1185 5487 1368 5562 utiest
1396 5489 1456 5543 in
1489 5489 1744 5544 Menaeis.

504 5560 617 5632 (32)
683 5558 892 5623 Στόλος
937 5557 993 5615 δὶ
1022 5557 1319 5622 ’Ῥωσικός
1381 5563 1819 5632 Liutprandns,
1870 5559 1972 5615 lib.
2021 5577 2076 5615 v.

433 5647 559 5704 cap.
594 5633 650 5698 6,
703 5632 851 5688 hanc
895 5638 1220 5690 Russorum
1271 5633 1497 5689 cladem
1543 5633 1810 5704 pluribus
1858 5637 2076 5688 narrat.

434 5703 542 5766 Qui
593 5709 790 5760 autem
839 5705 1054 5762 fuerint
1102 5707 1298 5776 Russi,
1343 5706 1426 5760 ita
1473 5703 1607 5760 max
1669 5707 1874 5760 docet:
1939 5709 2082 5760 Gens

432 5778 697 5847 quadam
724 5782 800 5835 est
829 5778 927 5834 sub
951 5776 1247 5850 Aquilonis
1271 5781 1432 5849 parte
1476 5778 1789 5846 constituta,
1839 5791 2006 5848 quam
2047 5791 2084 5831 α

2189 5415 2453 5488 qualitate
2481 5415 2730 5486 corporis
2759 5411 3176 5488 Graeciuvocant
3225 5411 3458 5488 Russos_:_
3495 5425 3593 5465 nos
3638 5424 3768 5488 vero
3815 5425 3863 5465 at

2187 5483 2464 5561 positione
2497 5483 2606 5561 loci
2633 5485 3339 5561 vocamusuNordmannos.
3394 5484 3608 5553 Lingua
3657 5483 3860 5561 quippe

2196 5555 2494 5644 Teut‘onum
2549 5559 2728 5628 Nord,
2764 5558 2977 5631 Aquilo,
3028 5556 3183 5612 Man.
3231 5558 3423 5611 autem
3469 5570 3595 5610 mas
3640 5571 3737 5610 seu
3767 5555 3862 5608 vir

2193 5633 2536 5776 dligésnKai
2615 5699 2863 5776 ἐζώγρει,
2927 5696 3042 5776 ,καὶ
3076 5770 3088 5776 _
3133 5695 3407 5776 μαχαίρας
3472 5691 3854 5776 Δἔργονωιῆέ-

2191 5769 2368 5830 vom;
2428 5769 2868 5847 Liutprandus:
2911 5770 3088 5832 Great
3115 5769 3250 5829 vero
3290 5769 3730 5842 victoria'potiti,
3760 5771 3853 5826 vi-
