4142 6358
451 353 531 414 99
1801 328 2130 392 JOANNIS
2174 331 2524 394 ΖΟΝΑΒλΕ

3756 337 3878 400 100

451 478 822 540 Providentia
849 473 1078 531 tardius
1109 469 1348 526 invadat
1377 466 1646 540 injurias,
1677 480 1955 522 concesso
1981 480 2097 536 poe-

2219 464 2578 539 μειρακίσκων
2636 463 2764 530 δυὰς
2823 469 3083 542 συμφυῶν
3111 513 3125 539 ,
3180 471 3279 523 τοῦ
3337 467 3455 533 ἐνὸς
3507 465 3566 524 δὲ
3624 467 3878 535 θανόντος

453 571 712 628 nitentia
746 565 958 638 spatio,
990 568 1187 618 tamen
1220 558 1333 614 nisi
1365 575 1399 613 a
1444 555 1669 611 malitia
1695 551 2100 623 discesserint,

452 662 612 716 lento
675 656 858 728 gradu
910 669 1007 708 eos
1056 648 1292 719 assequi
1341 651 1396 700 et
1447 660 1649 716 pcenas
1697 643 1946 714 exigere.
1983 641 2101 696 Ro-

453 765 668 804 manus
716 745 900 817 igitur
949 756 1166 796 annum
1206 738 1331 808 jam
1376 739 1604 790 sextum
1648 736 1704 787 et
1753 730 2098 786 vicesimum

450 835 849 910 imperitabat.
884 827 1300 887 Constantinus
1333 829 1526 879 autem
1577 838 1694 893 qua
1727 821 1956 876 ratione
1989 820 2096 874 im-

452 908 682 1000 perium
736 935 1097 992 recuperare,
1141 915 1406 970 animum
1463 911 1521 966 in
1567 926 1774 966 omnes
1832 908 2101 964 versabat

451 997 668 1090 partes,
700 1017 874 1081 utque
903 1007 1052 1062 votis
1084 1019 1323 1075 compos
1373 1002 1555 1068 ﬁeret,
1583 1015 1686 1072 per
1732 999 1897 1065 alios,
1949 997 2100 1052 ﬁlios

450 1086 653 1161 contra
685 1105 905 1173 patrem
956 1094 1229 1158 concitat,
1281 1089 1370 1147 vel
1413 1106 1594 1145 unum
1630 1088 1823 1161 potius
1852 1086 2099 1158 Stepha-

449 1210 613 1250 num.
638 1191 783 1245 Nam
815 1183 1242 1242 Constantinus
1277 1181 1497 1251 majore
1528 1178 1708 1233 animi
1757 1176 2099 1232 constantia

445 1279 782 1354 praedictus,
811 1271 1261 1345 instigatoribus
1293 1286 1407 1324 non
1442 1267 1903 1339 obtemperabat.
1939 1265 2098 1320 Alter

443 1387 577 1426 vero
609 1367 786 1424 sociis
815 1363 1039 1428 ascitis,
1093 1375 1371 1432 egressus
1415 1361 1505 1412 est
1549 1363 1791 1427 patrem,
1846 1370 2099 1425 eumque

445 1456 959 1529 comprehensum,
993 1455 1050 1505 et
1092 1449 1147 1502 in
1201 1447 1453 1502 insulam
1493 1447 1700 1500 Proten
1746 1444 2094 1515 relegatum,

445 1543 903 1615 tonderijussit:
931 1542 1050 1612 ipse
1080 1554 1212 1593 cum
1247 1538 1422 1592 afﬁne
1439 1540 1497 1590 et
1529 1535 1701 1589 fratre
1723 1533 2099 1605 imperatoria

444 1636 649 1692 munia
677 1633 838 1688 obiit.
870 1631 979 1684 Sed
1013 1628 1134 1683 ﬁeri
1171 1643 1282 1681 non
1319 1629 1563 1696 poterat,
1596 1628 1660 1678 ut
1690 1627 1808 1677 tres
1849 1638 2094 1677 consen-

444 1727 623 1780 tirent
654 1741 667 1791 ;
695 1735 950 1791 cumque
983 1714 1284 1771 nonnullis
1313 1713 1373 1768 in
1426 1713 1601 1768 rebus
1651 1711 2008 1766 dissiderent
2039 1714 2096 1765 et

445 1812 693 1870 invicem
739 1811 1210 1872 adversarentur,
1264 1802 1704 1875 suspicionibus
1753 1800 1920 1866 ortis,
1969 1799 2094 1855 Ste-
2128 1838 2175 1902 Β

451 1903 680 1960 obanus
734 1899 966 1955 afﬁnem
1013 1891 1464 1950 Constantinum
1513 1890 1726 1962 pellere
1759 1890 2009 1955 studuit,
2042 1894 2100 1944 et

444 1989 864 2049 Constantinus
894 1985 1154 2040 vicissim
1177 1982 1564 2054 Stephanum,
1599 1981 1698 2051 qui
1751 1979 1990 2050 quidem
2022 1979 2094 2034 ad

444 2097 568 2136 rem
601 2078 946 2152 patrandum
980 2073 1166 2128 multo
1197 2069 1640 2140 celerior,etiam
1669 2068 1886 2124 Helena
1918 2085 2097 2123 uxore

443 2171 746 2237 incitante,
780 2165 979 2222 ascitis
1013 2162 1374 2236 quibusdam
1402 2159 1755 2213 militaribus
1787 2159 2094 2229 praefectis,

444 2262 650 2317 ambos
699 2257 910 2311 fratres
958 2268 1158 2308 secum
1215 2250 1572 2322 prandentes
1632 2246 2094 2319 comprehendit,

448 2355 624 2421 atque
656 2345 906 2401 alterum
939 2341 1134 2398 strtim
1185 2340 1242 2393 in
1295 2338 1549 2393 insulam
1605 2337 1958 2391 Panormum
1993 2352 2092 2391 seu

447 2436 845 2509 Antigoniam,
897 2431 1148 2487 alterum
1196 2429 1255 2483 in
1311 2426 1732 2486 Terebinthum
1784 2427 1987 2492 mittit,
2039 2431 2098 2480 et

447 2533 770 2597 utrumque
799 2521 1028 2579 tonderi
1051 2516 1713 2588 clericumjubet.Unde
1743 2532 1876 2570 cum
1909 2521 2097 2571 trans-

448 2615 672 2671 ferendi
722 2616 944 2678 essent,
987 2609 1047 2665 in
1096 2608 1281 2682 patris
1324 2607 1523 2662 venire
1567 2609 1946 2677 conspectum
1997 2605 2095 2660 de-

447 2706 806 2770 siderarunt,
861 2701 1016 2756 I98
1067 2715 1215 2770 quos
1269 2713 1402 2752 cum
1454 2694 1550 2750 ille
1596 2694 1840 2749 vidisset
1883 2695 2098 2748 :Fz'lios

447 2794 666 2864 inquit,
715 2791 901 2862 genui,
955 2793 1007 2845 et
1049 2788 1242 2849 avexi;
1273 2787 1389 2858 ipse
1437 2801 1564 2839 vero
1611 2801 1699 2838 me
1744 2783 1813 2838 ad
1852 2784 2100 2838 nihilum

448 2879 1132 2951 redegerunt.Stephanus
1164 2876 1345 2947 igitur
1368 2874 1504 2929 inde
1533 2873 1591 2928 in
1627 2873 2094 2940 Praeconnesum,

447 2991 516 3028 ex
547 2990 612 3026 ea
643 2970 702 3024 in
737 2969 1038 3036 Rhodum,
1097 2982 1166 3020 ex
1220 2965 1379 3020 Rodo
1433 2963 1689 3036 Mitylem
1733 2967 1823 3018 est
1853 2963 2099 3018 transla-

447 3067 566 3130 tus,
625 3058 1008 3115 Constantino
1078 3053 1486 3112 Samothracia
1545 3053 1868 3124 assignate,
1918 3069 2094 3124 quam

450 3151 647 3224 egredi
676 3165 792 3204 non
842 3148 1060 3203 liceret.
1111 3144 1218 3211 Qui
1253 3160 1384 3199 cum
1420 3159 1570 3214 saepe
1622 3143 1820 3214 fugam
1856 3141 2098 3198 molitus

2212 560 2520 636 ἐτμήθηςὴ
2577 555 2820 636 συμφυία
2877 558 3024 630 παρὰ
3075 561 3183 612 τῶν
3247 557 3467 633 ίατρῶν·
3527 556 3656 614 ἀλλ’
3715 558 3874 616 οὐδὶν

2207 655 2272 710 τὸ
2302 648 2625 727 περίλοιπον
2678 646 2877 720 ὤνησε,
2943 647 3134 720 μικρὸν
3187 645 3234 702 δ’
3267 642 3566 711 ἐπιϐιώσας
3595 653 3674 721 τῷ
3705 648 3879 706 ἀδελ-

2211 748 2297 823 φῷ
2326 742 2571 799 κάκεῖνος
2627 735 2953 809 ἐξέπνευσεν.
3002 737 3185 798 Ὃπως
3239 738 3333 810 μὶν
3383 736 3474 792 οὖν
3523 739 3635 812 (37)
3697 737 3868 811 μηδὲν

2209 832 2358 903 αὐτῷ
2404 829 2784 904 προσήκουσαν
2839 827 2936 894 τήν
2987 824 3263 900 βασιλείαν
3312 827 3340 881 6
3387 829 3662 900 Ῥωμανὸς
3716 827 3874 907 ἐσφε-

2207 920 2477 996 τερίσατο,
2556 915 2645 970 καὶ
2721 913 2850 976 τοὺς
2925 913 3090 969 αὐτοῦ
3157 913 3354 980 παῖδας
3408 918 3509 986 τῆς
3573 915 3868 991 βασιλικῆς

2210 1011 2409 1081 ἠξίωσε
2456 1008 2626 1079 τιμῆς
2673 1025 2731 1059 τε
2769 1003 2860 1058 καὶ
2910 1003 3183 1074 κλήσεως,
3234 1006 3326 1059 καὶ
3376 1004 3528 1069 ὅπως
3557 1006 3646 1060 καὶ
3680 1007 3874 1060 ἐαυτὸν

2209 1099 2298 1154 καὶ
2360 1097 2485 1158 τοὺς
2557 1091 2754 1155 παῖδας
2839 1096 2946 1147 τῶν
3024 1093 3306 1168 πρωτείων
3377 1096 3598 1166 ἠξίωσε,
3669 1095 3760 1150 τὸν
3823 1093 3871 1150 δ’

2209 1189 2396 1265 ἐγγενῆ
2457 1191 2557 1254 τῆς
2642 1181 2923 1258 βασιλείας
3001 1179 3262 1258 διάδοχον
3311 1183 3401 1238 τὸν
3463 1186 3869 1240 Κωνσταντῖνον

2207 1275 2518 1332 πολλοστὸν
2591 1269 2739 1337 ἔθετο
2809 1271 3025 1326 πάντων
3101 1267 3477 1340 ὑποϐιϐἀσας,
3570 1271 3678 1344 ἤδη
3770 1295 3872 1345 μοι

2206 1366 2620 1442 προιστόρηται.
2655 1364 2813 1417 ’Ήκει
2846 1358 2905 1415 δὲ
2950 1365 3042 1414 νῦν
3082 1362 3110 1416 6
3169 1360 3341 1434 λόγος
3393 1364 3720 1436 προσθήσων
3773 1362 3871 1417 καὶ

2204 1456 2272 1511 τὰ
2323 1456 2465 1527 ἑξῆς,
2527 1450 2618 1506 καὶ
2680 1448 2888 1520 δείξων,
2950 1451 3024 1510 ὡς
3084 1447 3181 1503 κᾶν
3245 1448 3572 1526 βραδύτερον
3597 1450 3734 1513 ’ίσως
3772 1452 3870 1523 μέ-

2203 1565 2341 1600 τεισι
2397 1541 2528 1603 τοὺς
2589 1537 2905 1600 ἀδικοῦντας
2949 1541 2983 1608 ἡ
3026 1538 3279 1611 πρόνοια,
3340 1539 3624 1613 μετανοίας
3675 1541 3872 1603 αὐτοῖς

2207 1633 2577 1706 ἐπιμετροῦσα
2623 1629 2834 1704 καιρὸν,
2887 1625 3033 1682 ἀλλά
3081 1648 3144 1702 γε
3191 1632 3288 1683 τοῦ
3333 1632 3503 1683 κακοῦ
3545 1629 3621 1701 μὴ
3655 1629 3870 1704 ἀπεχο-

2211 1723 2402 1796 μένους
2461 1718 2662 1792 μέτεισι
2713 1714 2968 1792 σχολαίῳ
3023 1713 3193 1786 ποδὶ,
3252 1717 3342 1771 καὶ
3401 1714 3552 1778 δίκας
3606 1716 3869 1793 εἴσπράτ-

2203 1831 2373 1866 τεται.
2407 1811 2572 1866 Ἠνυε
2631 1807 2723 1880 μὲν
2755 1807 2846 1860 οὖν
2879 1807 2906 1860 6
2938 1807 3216 1878 Ῥωμανὸς
3277 1805 3567 1881 αὐταρχῶν
3618 1806 3868 1862 εἰκοστὸν

2205 1898 2444 1955 ἐνιαυτὸν
2516 1897 2606 1951 καὶ
2678 1892 2856 1950 ἕκτον.
2933 1895 2995 1951 Ὁ
3070 1891 3129 1948 δὲ
3206 1900 3630 1964 Κωνσταντῖνος,
3709 1894 3868 1958 ὅπως

2205 1990 2380 2060 ἐπουτῷ
2461 1987 2562 2055 τὴν
2654 1983 2930 2060 βασιλείαν
3013 1981 3427 2054 ἐπανασώσηται
3461 2029 3475 2054 ,
3571 1981 3868 2046 διαπαντὸς

2204 2074 2424 2154 ἔστρεφε
2480 2075 2616 2130 κατᾶ
2670 2073 2819 2144 νοῦν,
2877 2072 2966 2127 καὶ
3022 2070 3115 2126 ’ίνα
3169 2072 3234 2127 τὸ
3287 2072 3470 2151 ἐφετὸν
3532 2071 3680 2144 αὐτῷ
3739 2071 3870 2128 δια-

2204 2167 2472 2242 πράξηται
2510 2207 2524 2231 ,
2596 2161 2663 2218 δι’
2743 2161 2937 2237 ἐτέρων
3009 2160 3279 2236 ἐπεγείρει
3359 2167 3437 2233 τῷ
3510 2163 3675 2238 πατρὶ
3729 2162 3868 2226 τοὺς

2205 2255 2356 2318 υἱοὺς
2387 2256 2519 2328 (38),
2570 2253 2604 2322 ἢ
2673 2251 2884 2326 μᾶλλον
2907 2252 2998 2306 τὸν
3043 2247 3136 2305 ἕνα
3162 2251 3255 2305 τὸν
3291 2249 3583 2329 Στέφανον.
3643 2253 3703 2309 Ὁ
3757 2251 3872 2327 γὰρ

2205 2347 2615 2404 Κωνσταντῖνος
2669 2341 3066 2414 σταθηροτέρας
3123 2338 3404 2415 τυγχάνων
3475 2340 3704 2418 φρενὸς,
3759 2342 3870 2410 τὴν

2203 2428 2523 2509 προσϐολήν
2557 2431 2618 2486 οὐ
2665 2431 3001 2506 προσήκατο.
3045 2429 3104 2484 Ὀ
3135 2429 3716 2504 προσεταιριεσάμενος
3772 2431 3871 2485 καὶ

2205 2521 2437 2591 ἄλλους,
2480 2520 2698 2576 ἐπέθετο
2747 2524 2825 2590 τῷ
2880 2518 3068 2595 πατρὶ,
3125 2517 3216 2572 καὶ
3272 2519 3559 2594 κατασχὼν
3614 2519 3778 2574 αὐτὸν
3812 2519 3873 2575 ἐν

2203 2614 2272 2683 τῇ
2347 2613 2500 2682 νήσῳ
2582 2607 2650 2682 τῇ
2721 2607 2919 2684 Πρώτῃ
2992 2605 3305 2683 περιώρισε,
3392 2608 3482 2662 καὶ
3560 2607 3868 2684 ἀπέκειρεν,

2206 2699 2364 2761 αὐτὸς
2444 2697 2502 2753 δὲ
2563 2704 2664 2767 τῆς
2741 2696 3030 2773 βασιλικῆς
3087 2696 3477 2766 ἀντεποιήσατο
3537 2694 3865 2768 διοικήσεως

2207 2789 2298 2844 σὺν
2356 2793 2436 2862 τῷ
2494 2781 2727 2864 γαμϐρῷ
2801 2785 2892 2842 καὶ
2962 2789 3042 2857 τῷ
3116 2781 3356 2863 ἀδελφῷ.
3424 2783 3583 2841 Ἀλλ’
3635 2785 3735 2842 οὐκ
3791 2788 3867 2856 ἦν

2207 2881 2566 2958 ὁμοφρονῆσαι
2623 2876 2750 2938 τοὺς
2804 2880 2969 2952 τρεῖς.
3021 2875 3116 2930 Ἕν
3174 2895 3312 2928 τισιν
3368 2872 3459 2929 οὗν
3523 2872 3864 2952 διεφέροντο,

2205 2969 2294 3024 καὶ
2346 2965 2621 3038 ἀλλήλοις
2676 2964 2985 3039 ἀντέλεγον⁴
3045 2963 3326 3018 κάντεῦθεν
3376 2960 3664 3034 ἀλλήλους
3709 2964 3865 3020 ὑπώ-

2205 3079 2425 3125 πτευον,
2464 3056 2554 3111 καὶ
2597 3059 2933 3110 κατασπᾶσαι
2983 3059 3086 3122 τῆς
3140 3051 3420 3128 βασιλείας
3472 3053 3564 3107 τὸν
3613 3048 3865 3128 γαμϐρὸν

2205 3149 2298 3202 τὸν
2331 3149 2737 3203 Κωνσταντῖνον
2771 3145 2799 3198 6
2861 3143 3130 3220 Στέφανος
3184 3138 3274 3195 διὰ
3321 3139 3604 3218 φροντίδος
3633 3141 3864 3213 ἐτίθετο,

448 3219 622 3305 esset,
675 3254 860 3309 eaque
909 3237 981 3290 de
1032 3251 1210 3290 causa
1259 3233 1571 3288 custodum
1624 3230 1945 3303 principem
1996 3249 2092 3288 ve-

2211 3238 2300 3291 καὶ
2332 3236 2359 3290 6
2419 3237 2827 3294 Κωνσταντῖνος
2879 3219 3034 3292 πῦθις
3090 3230 3183 3285 τὸν
3234 3231 3522 3299 Στέφανον.
3587 3229 3740 3288 Ἀλλ’
3797 3236 3864 3303 ἧν

447 3346 599 3385 neno
631 3325 998 3395 sustulisset,
1022 3341 1055 3378 a
1087 3322 1308 3378 ceteris
1340 3326 1428 3378 est
1459 3321 1821 3376 interfectus.
1843 3321 2096 3392 Stepha-

446 3435 560 3474 nus
608 3432 740 3472 vero
790 3415 849 3468 in
901 3414 1081 3467 Lesbo
1127 3412 1398 3481 decessit,
1449 3427 1582 3465 cum
1627 3427 1721 3465 x1x
1771 3427 1958 3465 annos
2015 3411 2095 3465 ibi

442 3507 702 3562 vixisset.
736 3509 908 3558 Pater
939 3518 1137 3557 eorum
1165 3501 1223 3554 in
1258 3498 1452 3555 insula
1484 3503 1652 3554 Prote
1674 3498 1848 3554 vitam
1884 3499 2093 3571 exegit.

443 3597 533 3651 Sic
565 3610 768 3651 eorum
803 3592 1054 3664 quisque
1083 3589 1372 3645 scelerum
1410 3606 1610 3660 pmnas
1643 3588 1823 3642 dedit.

2206 3326 2235 3380 6
2285 3326 2691 3382 Κωνσταντῖνος
2743 3321 2879 3396 πρὸς
2923 3319 2988 3373 τὸ
3031 3315 3186 3395 ἔργον
3234 3318 3482 3392 ὀξύτερος
3534 3319 3673 3374 πάνυ
3723 3322 3862 3395 πρὸς

2202 3417 2387 3485 τοῦτο,
2446 3410 2536 3465 καὶ
2566 3417 2666 3479 τῆς
2699 3408 2928 3483 συζύγου
2977 3411 3090 3480 (39)
3139 3405 3365 3478 Ἑλένης
3418 3406 3864 3485 ἐπισπερχούσης

2205 3500 2388 3556 αὐτόν.
2452 3493 2909 3574 Προσλαϐόμενος
2964 3495 3147 3550 τοίνυν
3194 3495 3284 3549 καί
3341 3515 3492 3557 τινας
3541 3501 3649 3550 τῶν
3700 3517 3866 3574 στρα-

2201 3593 2472 3644 τιωτικῶν
2526 3585 2812 3663 ἀρχόντων
3054 3583 3287 3659 κατέσχε
3357 3583 3449 3638 καὶ
3506 3581 3672 3661 ἄμφω
3729 3586 3865 3649 τοὺς

444 3681 711 3761 ἀδελφοὺς
782 3682 1208 3754 συναριπῶντας
1282 3677 1452 3749 αὐτῷ,
1527 3674 1616 3731 καὶ
1703 3673 1892 3730 αὐτίκα
1963 3676 2054 3730 τὸν
2128 3677 2222 3752 μὲν
2279 3679 2353 3740 εἰς
2405 3678 2504 3746 τὴν
2560 3683 2721 3746 νῆσον
2779 3675 2872 3729 τὸν
2930 3674 3242 3749 Πάνορμον,
3299 3672 3336 3741 ἢ
3394 3672 3484 3727 καὶ
3546 3675 3864 3749 Ἀντιγονία

443 3769 680 3846 λέγεται,
755 3767 1115 3842 ἐξαπέστειλε,
1196 3767 1283 3822 τὸν
1363 3763 1420 3820 δί
1491 3765 1568 3826 εἷς
1638 3765 1736 3832 τὴν
1810 3764 2156 3839 καλουμένην
2229 3762 2576 3844 Τερέὸινθον,
2642 3764 2730 3819 καὶ
2797 3763 3123 3838 κληρικοὺς,
3184 3762 3275 3817 καὶ
3327 3762 3494 3840 ἀμφω
3551 3762 3861 3840 ἀπέκειρεν.

440 3865 555 3920 Εἶτ’
611 3860 808 3924 ἐκεῖθεν
862 3865 1200 3933 μεταχθῆναι
1264 3853 1554 3929 μέλλεντες
1629 3854 1894 3926 ἐζήτησαν
1971 3855 2047 3918 εἷς
2127 3852 2250 3932 ὄψιν
2310 3857 2484 3912 ἐλθεῖν
2540 3853 2621 3928 τῷ
2670 3855 2835 3928 πατρὶ
2895 3854 3031 3925 (41),
3091 3851 3182 3913 οὕς
3237 3849 3366 3906 ἰδὼν
3425 3851 3628 3914 ἐκεῖνος
3687 3852 3861 3909 εἶπεν·

439 3949 598 4012 Υἱοὺς
669 3948 927 4023 ἐγέννησα
997 3947 1089 4001 καὶ
1170 3945 1378 4018 ὕψωσα,
1458 3943 1612 3998 αὐτοὶ
1694 3941 1750 3998 δέ
1830 3965 1896 4017 με
1969 3945 2258 4016 ἠθέτησαν.
2332 3951 2565 4008 Ἐκεῖθεν
2639 3944 2730 3998 οὗν
2814 3944 2841 3997 6
2901 3943 2995 4014 μὲν
3059 3941 3330 4019 Στέφανος
3382 3940 3434 3996 ἐν
3493 3943 3864 4016 Ιῐροικονήσῳ

438 4038 798 4116 περιωρίσθη,
831 4038 1071 4092 κάκεῖθεν
1103 4035 1180 4099 εἷς
1206 4032 1411 4102 Ῥόδον,
1463 4033 1566 4088 κάκ
1594 4033 1794 4105 ταύτης
1826 4033 1903 4096 εἰς
1934 4034 2250 4108 Μιτυλήνην
2284 4034 2560 4110 μετετέθη⁴
2585 4037 2667 4105 τῷ
2727 4030 2784 4087 δέ
2817 4031 3200 4103 Κωνσταντίνῳ
3228 4033 3263 4100 ἡ
3322 4030 3650 4104 Σαμοθρᾴκη
3699 4049 3855 4105 περι-

437 4131 672 4209 γραπτὸν
707 4128 913 4206 ἐγένετο
941 4128 1112 4203 δριον.
1144 4129 1240 4189 "Oc
1275 4123 1568 4201 ἀποδράναι
1603 4122 1902 4199 δοκιμάσας
1954 4125 2248 4197 πολλάκις,
2281 4128 2369 4182 καὶ
2403 4123 2491 4181 διὰ
2519 4129 2680 4180 τοῦτο
2711 4122 2980 4202 φαρμάκῳ
3004 4123 3092 4176 τὸν
3125 4121 3474 4198 πρωτεύοντα
3513 4125 3618 4176 τῶν
3673 4120 3860 4197 φυλάς-

437 4243 546 4277 κων
578 4219 742 4275 αὐτοῦ
799 4217 1030 4289 ἀνελὼν,
1062 4216 1292 4290 ἀνῃρέθη
1326 4215 1472 4289 παρὰ
1524 4219 1630 4268 τῶν
1666 4213 1872 4273 ἄλλων.
1905 4222 1960 4270 Ὁ
1994 4214 2051 4271 δὲ
2102 4217 2370 4295 Στέφανος
2402 4216 2452 4270 ἐν
2487 4209 2680 4286 Λέσϐῳ
2710 4207 2940 4280 ἀπεὸίω,
2975 4209 3348 4266 ἐννεακαίδεκα
3379 4207 3651 4286 διαγαγὼν
3683 4208 3867 4266 ἐνιαυ-

437 4310 562 4372 τοὺς
597 4309 722 4385 παρ’
754 4308 911 4382 αὐτῇ.
943 4309 1001 4364 Ὁ
1035 4303 1091 4361 δὲ
1119 4306 1327 4360 τούτων
1359 4306 1540 4380 πατὴρ
1571 4302 1621 4359 ἐν
1654 4308 1721 4380 τῇ
1757 4307 1953 4382 ΙΙρώτῃ
1985 4314 2083 4376 τὴν
2120 4308 2264 4377 ζωὴν
2299 4304 2620 4380 ἐξεμέτρησε
2650 4305 2785 4377 (42),
2819 4301 2906 4356 καὶ
2939 4300 3081 4356 οὕτω
3122 4299 3328 4356 τούτων
3377 4296 3600 4356 ἕκαστον
3650 4302 3684 4370 ἡ
3738 4298 3867 4373 δίκη

443 4397 708 4472 μετῆλθεν
719 4441 730 4455 .

1722 4522 1925 4583 Variae
1955 4522 2254 4584 lectiones
2285 4527 2348 4582 et
2375 4526 2562 4583 nota.

511 4671 626 4743 (37)
656 4671 849 4745 ’Onui;
873 4667 966 4742 μέν
989 4671 1152 4745 -οῢνη
1188 4668 1258 4723 Ut
1308 4668 1612 4745 Romanus
1662 4683 1695 4745 a
1740 4665 1898 4736 ﬁliis,
1932 4665 2095 4745 dein-

2212 4662 2521 4745 __(39)”Keti
2569 4665 2669 4732 τῆς
2719 4660 2966 4745 συζτξγονἶ
3004 4661 3115 4716 Sed
3168 4660 3871 4745 praesertimpujusdarn

440 4738 696 4816 cepsque
751 4738 938 4797 ﬁlii‘a
988 4740 1493 4816 Porpbyrogepito
1543 4743 1771 4816 sceptro
1838 4738 1995 4792 exuti
2037 4739 2094 4816 in

442 4810 868 4871 monasterium
893 4813 1048 4869 tonsi
1083 4810 1320 4885 relegati
1354 4810 1865 4879 fuerint,pluribus
1899 4815 2099 4865 narrat

445 4889 856 4955 Liulprandus.
891 4903 942 4949 v,
977 4901 1082 4954 cap
1137 4885 1190 4937 9.

722 4957 799 5010 Δι’
886 4948 1098 5030 ἑτέρους
1191 4950 1453 5030 ἐπεγείρει
1543 4953 1622 5021 τῷ
1715 4950 1911 5030 πατρὶς.
1967 4948 2095 5012 τοὺς

442 5024 620 5092 masc:
654 5031 721 5084 At
753 5031 904 5084 hanc
936 5024 993 5082 in
1028 5031 1252 5096 patrem
1300 5024 1574 5096 ﬁliorum
1608 5024 2093 5096 rconjurationem

440 5101 626 5158 inscio
657 5095 1042 5156 Constantino
1076 5099 1286 5152 factum
1322 5097 1526 5150 scribit
1558 5095 2094 5167 Liutprandus,lib.

440 5191 497 5237 ν,
549 5191 677 5244 cap.
729 5175 810 5227 9:
846 5174 938 5227 His
987 5173 1175 5240 itaque
1227 5173 1462 5244 quatuor
1510 5169 1930 5244 imperantibus,
1978 5171 2097 5244 bte-

440 5241 664 5316 phands
694 5254 858 5315 atque
911 5243 1306 5316 Constantinus
1338 5243 1576 5316 fratres,
1631 5241 1916 5316 ignorante
1962 5242 2099 5294 Con-

443 5311 687 5372 stantino
717 5311 913 5371 Leonis
940 5314 1289 5385 imperatoris
1320 5312 1455 5383 ﬁlio,
1501 5311 1767 5385 adversus,
1795 5315 2101 5385 Romanum

442 5391 656 5456 patrem
687 5404 845 5442 suum
873 5383 1124 5456 quaedam
1153 5386 1339 5439 dolosa
1379 5383 1871 5439 machinabantur.
1931 5383 2101 5437 Tzdc-

446 5461 536 5515 bal
567 5462 716 5513 enim
744 5475 852 5527 eos,
885 5459 1058 5528 panis
1105 5459 1418 5528 severitate
1444 5458 1711 5528 opposita,
1762 5470 2103 5528 quaecunque

443 5531 653 5585 vellent
676 5533 857 5600 facere
885 5526 995 5585 non
1029 5531 1210 5585 licere.
1247 5529 1332 5583 lta
1363 5527 1446 5582 illi
1500 5527 1682 5598 patris
1729 5526 2101 5600 severitatem

447 5604 790 5667 causabant,
813 5603 967 5674 quod
1000 5617 1238 5657 rursum
1271 5617 1406 5657 mox
1437 5600 1647 5673 repetit
1680 5615 1693 5656 :
1721 5599 1840 5655 Non
1869 5599 2102 5669 ferentes

441 5676 621 5748 patris
639 5676 855 5748 justam
880 5675 1243 5732 severitatem.

2212 4733 2522 4804 DiabOIini,
2557 4753 2590 4791 a
2619 4752 2734 4808 quo
2765 4733 2921 4790 initae
2954 4735 3011 4788 in
3048 4751 3110 4789 se
3139 4733 3567 4803 conjurationis
3592 4735 3878 4790 admoni-

2208 4816 2306 4865 tus
2338 4817 2448 4865 est.

2281 4882 2395 4960 (40)
2434 4951 2444 4960 _
2481 4877 2638 4960 Καί--
2669 4896 2819 4960 τινας
2885 4879 2993 4928 τῶν
3081 4877 3488 4960 στρατιωτικῶν
3521 4872 3876 4960 ,ἀρχᾴχτωκ

2209 4945 2326 5009 Hos
2368 4951 2549 5007 fuisse
2586 4950 2932 5006 Macedones
2981 4945 3189 5004 scribit
3224 4945 3772 5019 Liutprandusflib.
3807 4965 3880 5018 ν,

2208 5026 2457 5082 can.10.

2280 5042 2737 5166 ῗέίῗὶζὲζήτησαν
2792 5089 2868 5152 εἷς
2927 5084 3050 5166 ὄψιν
3113 5085 3297 5158 ἐληεῖν
3354 5091 3452 5141 τοῦ
3503 5108 3761 5166 πατρος.-
3796 5090 3882 5148 Ut

2207 5162 2342 5222 vero
2375 5162 2551 5237 quam
2588 5166 2773 5219 faceto
2805 5165 3120 5237 admodum
3156 5177 3425 5237 sermone
3453 5162 3698 5237 excepti
3740 5162 3880 5237 fue-

2211 5241 2328 5295 rint
2359 5233 2605 5309 aipatre,
2639 5236 3098 5309 be_lle_describit
3151 5233 3570 5309 Liutprandus,
3614 5233 3742 5309 cap.
3778 5235 3876 5290 11.

2285 5311 2393 5382 (42)
2423 5304 2549 5382 ’Τὴν
2606 5307 2749 5374 ζωήν
2804 5304 3143 5382 διεμέτρησε.
3197 5305 3369 5382 Illius
3413 5320 3626 5382 corpus
3654 5304 3883 5382 _ih_ur-

2211 5377 2342 5437 bern
2382 5377 2670 5444 relatum,
2723 5385 2780 5434 et
2811 5377 3273 5434 in'monasterio
3321 5377 3565 5449 Myrelssi
3618 5379 3690 5433 ab
3742 5378 3881 5448 ipso

2212 5455 2496 5508 aediﬁcato
2528 5450 2823 5516 sepultum
2859 5452 3127 5506 scribunt
3156 5449 3277 5511 alii,
3313 5453 3379 5504 ut
3411 5466 3444 5503 a
3473 5450 3646 5505 nobis
3675 5451 3883 5504 obser-

2209 5531 2414 5581 vatum
2465 5523 2525 5577 in
2577 5524 3061 5594 Constantinopoli
3107 5522 3340 5594 Clirisl.,
3392 5523 3494 5576 ubi
3536 5537 3607 5576 ex
3649 5521 3882 5579 Codino

2213 5598 2329 5652 duo
2361 5595 2718 5650 monasteria
2749 5595 2804 5650 in
2834 5592 2976 5651 urbe
2998 5592 3289 5650 exstitisse
3321 5594 3589 5664 ejusdem
3622 5609 3880 5664 nomen-

2215 5668 2452 5725 clature
2503 5683 2572 5724 ex
2618 5667 2836 5726 Codino
2885 5667 3218 5737 docuimus,
3293 5677 3547 5738 quorum
3614 5663 3877 5722 alterum
