4142 6364
419 374 539 439 103

1764 364 2093 430 ,ιοΑΝΝιε
2134 367 2481 432 ΖΟΝΑΗΑΞ

3725 379 3843 439 104

415 506 673 581 segnior,
703 505 1048 577 iracundus,
1076 508 1134 562 et
1162 522 1349 563 saevus
1398 504 1456 561 in
1514 501 1949 574 delinquentes,
2003 499 2062 555 in

2177 497 2495 574 ἐπιστημῶν
2556 498 2916 567 διδασκάλους
2992 502 3306 577 ἐπιστήσας,
3387 504 3477 562 καὶ
3552 506 3838 579 ἀναζωπυ-

416 596 605 670 poenis
638 594 944 650 sumendis
973 593 1375 659 inexorabilis,
1410 592 1527 647 vini
1560 589 1801 647 avidior.
1836 590 1901 645 In
1934 606 2071 645 con-

414 684 672 741 ferendis
704 683 1172 756 magistratibus,
1207 700 1321 738 non
1351 682 1558 753 dignos
1599 679 1866 753 prmturis
1916 676 2070 734 aliis-

415 792 529 847 que
560 773 908 829 muneribus
955 772 1331 844 praaﬁciebat,
1377 772 1477 827 sed
1528 770 1726 826 minus
1778 769 1962 824 bonos
2003 784 2068 823 ac

412 864 609 937 potius
640 864 961 935 improbos,
995 867 1051 917 et
1080 878 1224 933 quos
1274 861 1361 917 vel
1406 860 1747 933 imperatrix
1798 856 1884 913 vel
1915 857 2067 913 sacri

412 950 667 1009 cubiculi
715 950 1063 1022 praepositus
1110 949 1360 1005 Basilius
1407 947 1923 1014 commendabant,
1966 944 2067 1018 qui

414 1041 798 1114 magistratus
827 1037 1058 1095 venales
1099 1037 1415 1094 habebant.
1452 1038 1538 1093 Ita
1568 1037 1763 1103 ﬁebat,
1799 1040 1862 1091 ut
1884 1035 2064 1107 impe-

412 1131 563 1186 rium
594 1146 707 1184 non
738 1128 797 1182 in
830 1127 1105 1183 omnibus
1135 1128 1282 1183 bene
1310 1126 1842 1182 administraretur.
1878 1125 2065 1195 Impe-

410 1218 589 1276 ratori
620 1221 816 1273 autem
848 1216 1003 1271 I94
1032 1220 1266 1272 structae
1298 1219 1440 1270 sunt
1466 1215 1713 1283 insidiae,
1747 1212 2003 1286 primum
2035 1229 2068 1267 a

412 1306 665 1363 cubiculi
697 1306 967 1378 praefecto
1014 1304 1387 1378 Theophane,
1420 1303 1521 1376 qui
1564 1304 1783 1359 multos
1813 1303 2067 1359 habebat

413 1395 700 1463 conscios,
734 1399 792 1450 et
820 1399 1151 1449 Romanum
1185 1411 1215 1448 e
1246 1394 1413 1449 Prote
1443 1393 1639 1448 insula
1688 1410 1700 1449 :
1748 1391 1960 1447 deinde
1993 1392 2064 1446 ab

412 1483 568 1549 aliis,
600 1482 703 1555 qui
733 1482 1101 1555 Stephanum
1133 1500 1202 1538 ex
1231 1483 1414 1538 Lesbo
1446 1483 1505 1537 in
1538 1480 1755 1555 regiam
1791 1482 2065 1536 reducere

410 1572 797 1628 conabantur.
849 1572 958 1627 Sed
1000 1572 1319 1644 imperator
1350 1578 1630 1644 utrasque
1660 1569 2063 1643 deprehendit,

408 1678 475 1718 ac
505 1660 950 1717 insidiatoribus
979 1660 1269 1732 supplicio
1287 1660 1528 1730 allectis,
1553 1660 1780 1731 imperii
1811 1659 2064 1732 cupidis,

405 1748 836 1823 diligentiorem
868 1750 1201 1806 custodiam
1246 1750 1518 1806 adhibuit
1566 1749 1742 1805 Turci
1778 1748 2065 1822 (Ungaros

407 1843 601 1895 autem
644 1838 731 1894 sic
770 1838 963 1893 vocari
1016 1856 1196 1911 supra
1244 1839 1522 1911 diximus)
1568 1838 1713 1895 alias
1770 1838 2065 1894 Romanas

405 1926 734 2001 provincias
781 1927 1082 1984 incursare
1131 1927 1308 1999 soliti,
1349 1929 1419 1984 ad
1463 1934 1697 2001 tempus
1728 1926 1909 2000 quieti
1941 1929 2064 1983 fue~

403 2020 564 2075 runt.
596 2017 742 2073 Nam
773 2017 891 2072 dux
929 2033 1131 2073 eorum
1181 2017 1531 2090 Bologudes,
1563 2023 1620 2073 et
1652 2017 1834 2090 partis
1865 2017 2066 2087 cujus-

405 2107 539 2163 dam
584 2105 858 2179 princeps
923 2105 1119 2179 Gylas,
1178 2107 1591 2179 imperatorem
1644 2110 2061 2177 convenerunt,

404 2194 694 2267 amboque
739 2200 1114 2252 sacrosancto
1162 2195 1623 2269 regenerationis
1675 2195 1902 2251 lavacro
1952 2195 2062 2250 ini-

402 2284 559 2351 tiati,
586 2289 644 2339 et
672 2284 904 2339 arcanis
928 2288 1140 2340 nostrae
1169 2283 1472 2357 religionis
1504 2283 1736 2349 imbuti,
1783 2301 1850 2340 ac
1881 2284 2061 2356 patri-

404 2373 495 2431 cia
552 2372 838 2445 dignitate
884 2373 1097 2442 ornati,
1138 2375 1453 2446 onustique
1502 2374 1765 2445 pecuniis
1817 2374 1875 2428 in
1923 2391 2061 2429 suas

406 2463 577 2520 sedes
608 2459 927 2528 redierunt,
951 2462 1204 2518 adducto
1236 2462 1531 2535 pontiﬁce,
1555 2480 1657 2535 per
1683 2479 1856 2534 quem
1891 2462 2061 2518 multi

406 2552 479 2609 ad
511 2551 609 2607 Dei
643 2550 1039 2623 cognitionem
1073 2557 1483 2624 pervenerunt.
1516 2555 1594 2608 Ac
1614 2552 1789 2624 Gylas
1819 2553 2058 2625 quidem

405 2642 467 2697 in
499 2641 611 2695 fide
642 2640 987 2712 permansit,
1012 2656 1336 2713 pacemque
1367 2641 1635 2698 servavit.
1662 2642 1818 2698 Alter
1849 2642 2062 2698 fcedere

408 2730 565 2804 quod
596 2745 730 2784 cum
763 2728 878 2784 Deo
907 2728 1108 2801 icerat,
1142 2735 1314 2802 rupto
1364 2748 1531 2787 arma
1579 2731 1856 2787 Romanis
1896 2730 2052 2786 intu-

406 2819 495 2891 lit,
551 2818 830 2889 idemque
885 2823 1089 2874 contra
1170 2820 1418 2876 Francos
1477 2819 1665 2877 facere
1721 2836 2060 2893 aggressus,

406 2912 614 2978 captus
645 2911 754 2972 est,
787 2912 844 2963 et
874 2907 933 2962 in
992 2924 1222 2964 crucem
1256 2912 1442 2964 actus.
1480 2908 1619 2982 Elga
1651 2926 1883 2981 quoque
1918 2925 2063 2964 uxor

409 2996 576 3053 ducis
624 2999 970 3067 Russorum,
1005 2997 1104 3068 qui
1155 3000 1449 3054 Romanos
1496 2998 1683 3054 classe
1731 2998 2058 3067 infestarat,

406 3085 683 3142 defuncto
733 3085 966 3152 marito,
1013 3103 1076 3142 se
1125 3088 1197 3142 ad
1246 3087 1656 3160 imperatorem
1693 3088 1961 3158 contulit,
1994 3103 2060 3144 ac

403 3174 700 3247 baptizata
729 3177 787 3229 et
828 3191 931 3246 pro
971 3175 1257 3247 dignitate
1289 3182 1556 3249 tractata,
1591 3178 1830 3234 domum
1862 3178 2057 3233 rediit.

2180 590 2350 664 ρήσας
2427 589 2784 656 ἐκλειπούσας
2856 592 3021 658 αὐτάς
3053 635 3066 648 .
3151 593 3250 649 Καὶ
3323 599 3491 651 ταῦτα
3568 597 3663 671 μὶν
3728 605 3838 669 τῆς

2176 679 2482 754 κρείττονος
2519 683 2714 756 μοίρας
2771 680 2959 756 ἐκείνῳ
3019 690 3247 759 προσῆν.
3309 684 3446 761 Πτρὶ
3501 682 3559 741 δὶ
3586 688 3686 757 τὴν
3732 695 3836 759 τῆς

2181 766 2460 844 βασιλείας
2519 768 2787 842 διοίκησιν
2857 770 3085 828 διέκειτο
3157 771 3567 850 μαλακώτερον,
3640 773 3837 854 δύσορ-

2174 856 2267 933 γός
2310 860 2421 932 (44)
2464 880 2523 914 τι
2574 860 2665 914 καὶ
2727 860 3030 937 βαρύμηνις
3086 867 3200 925 τοῖς
3261 863 3543 919 πταίουσιν
3594 866 3683 939 ἦν,
3743 868 3837 923 καὶ

2174 945 2449 1018 κολαστὴς
2497 950 2887 1027 ἀπαραίτητος,
2940 948 3070 1026 οἴνῳ
3109 973 3168 1007 τε
3212 957 3309 1008 τοῦ
3367 953 3666 1032 αὐτάρκους
3717 955 3837 1013 ἐκέ-

2176 1055 2355 1112 χρητο
2398 1036 2636 1096 πλείονι.
2705 1041 2803 1094 Καὶ
2874 1040 3309 1118 ἀρχαιρεσιάζων
3364 1042 3425 1098 οὐ
3473 1043 3603 1106 τοὺς
3652 1043 3837 1119 ἀξίους

2175 1124 2360 1204 ἐφίστα
2400 1132 2520 1189 ταῖς
2570 1129 2938 1203 στρατηγίαις,
2997 1129 3033 1200 ἢ
3081 1135 3201 1193 ταῖς
3248 1137 3348 1202 τῆς
3389 1131 3671 1197 πολιτείας
3736 1136 3829 1213 ἀρ-

2174 1219 2328 1290 χαῖς,
2368 1214 2513 1271 ἀλλὰ
2554 1214 2680 1278 τοὺς
2731 1219 3184 1295 μοχθηροτέρους
3232 1219 3322 1274 καὶ
3369 1219 3691 1295 ἀδοκίμους,
3740 1223 3838 1281 καί

2175 1302 2269 1367 οὕς
2300 1308 2333 1375 ἡ
2389 1303 2606 1381 βασιλὶς
2656 1307 2745 1361 καὶ
2799 1308 2827 1363 6
2871 1309 3368 1384 παρακοιμώμενος
3420 1312 3635 1388 εἰσῆγον
3664 1316 3837 1370 Βασί-

2176 1393 2323 1456 λειος
2382 1397 2515 1470 (45),
2561 1395 2760 1459 ὠνίους
2811 1398 3117 1473 χρημάτων
3165 1397 3442 1472 τιθέμενοι
3488 1402 3583 1465 τὰς
3630 1403 3831 1481 ἀρχάς’

2175 1484 2334 1540 Ἀλλ’
2367 1484 2511 1539 οὕτω
2571 1485 2665 1558 μὶν
2697 1487 2765 1541 τὰ
2819 1493 2919 1557 τῆς
2954 1486 3252 1561 βασιλείας,
3285 1489 3331 1544 εἰ
3361 1489 3451 1544 καὶ
3486 1493 3561 1565 μή
3597 1492 3647 1547 ἐν
3696 1499 3835 1549 πᾶσι

2172 1571 2381 1643 καλῶς,
2449 1574 2799 1648 ᾠκονόμητο.
2861 1571 3186 1633 Ἐπιϐουλαί
3259 1581 3373 1653 (46)
3435 1577 3492 1635 δὲ
3543 1581 3679 1636 κατὰ
3731 1587 3836 1638 τοῦ

2172 1668 2497 1739 κρατοῦντος
2542 1662 3010 1737 ἐμελετήθησαν,
3050 1668 3085 1735 ἡ
3149 1668 3245 1740 μὲν
3303 1668 3451 1744 παρὰ
3503 1674 3598 1725 τοῦ
3650 1692 3838 1745 παρα-

2172 1751 2526 1826 κοιμωμένου
2555 1752 2881 1832 Θεοφάνους,
2912 1753 3162 1818 πολλοὺς
3209 1756 3298 1812 καὶ
3348 1754 3553 1822 ἄλλους
3585 1760 3837 1817 συνίστοο

2096 1877 2141 1941 Β
2173 1863 2269 1918 ρας
2328 1838 2575 1920 ἔχοντος,
2628 1844 2717 1899 καὶ
2780 1842 3124 1920 βουλομένου
3177 1845 3269 1901 τὸν
3297 1847 3576 1921 Ῥωμανὸν
3628 1847 3834 1906 ἐπανα-

2172 1937 2355 2008 γαγεῖν
2412 1931 2471 1986 ἐκ
2515 1938 2616 2002 τῆς
2677 1934 2909 2010 Πρώτης
2965 1936 3136 2005 νήσου
3206 1936 3283 1999 εἷς
3331 1935 3399 1991 τὰ
3448 1936 3736 2013 βασίλεια·
3791 1943 3832 2011 ἡ

2174 2018 2231 2096 δε
2288 2021 2415 2096 παρ’
2489 2022 2707 2097 ἐτέρων,
2768 2022 2860 2077 τὸν
2931 2023 3199 2100 Στέφανον
3259 2022 3320 2079 ἐκ
3374 2019 3584 2081 Λέσϐου
3641 2022 3837 2083 λαϐεῖν

2175 2109 2612 2184 μελετησάντων,
2692 2108 2781 2165 καί
2865 2111 3307 2182 ἀποκαταστῆσαι
3391 2118 3459 2189 τῇ
3549 2113 3831 2191 βασιλείᾳ.

2172 2197 2348 2256 Ἀλλὰ
2418 2198 2506 2254 καὶ
2583 2199 2748 2277 ἄμφω
2816 2199 2914 2261 τὰς
2981 2194 3280 2262 ἐπιϐουλὰς
3340 2201 3368 2255 6
3430 2207 3834 2267 Κωνσταντῖνος

2171 2286 2451 2366 ἐφώρασε,
2510 2287 2601 2342 καὶ
2658 2286 2787 2352 τοὺς
2848 2288 2941 2361 μὲν
3003 2287 3324 2361 συνωμότας
3380 2286 3639 2360 ἐκόλασε,
3698 2291 3833 2355 τοὺς

2172 2373 2230 2431 δὲ
2290 2374 2669 2453 βασιλειῶντες
2731 2376 2819 2431 ὑπ’
2881 2375 3277 2455 ἀσφαλεστέραν
3355 2374 3502 2434 ἔθετο
3569 2381 3829 2456 τήρησιν.

2170 2471 2285 2521 Τῶν
2316 2465 2568 2542 Τούρκων
2597 2464 2746 2538 (τοὺς
2777 2462 3057 2543 Οὕγγρους
3107 2464 3152 2521 δ’
3208 2465 3352 2522 οὕτω
3408 2465 3693 2534 καλεῖσθαι
3737 2472 3833 2527 καὶ

2169 2556 2361 2629 πρώην
2439 2554 2758 2631 εἰρήκαμεν)
2828 2554 2897 2610 τὰ
2967 2555 3257 2629 Ῥωμαίων
3331 2555 3678 2631 ληϊζομένων
3735 2558 3828 2616 ἐπί

2167 2666 2291 2699 τινα
2335 2645 2521 2716 καιρὸν
2566 2645 2841 2719 ἠρεμῆσαι
2896 2644 2959 2698 τὸ
3008 2641 3161 2708 ἔθνος
3217 2639 3582 2718 συμϐέϐηγεν.
3631 2648 3694 2705 Ὁ
3723 2650 3830 2726 γάρ

2168 2733 2375 2789 τούτων
2422 2732 2747 2810 ἀρχηγετῶν
2788 2731 3140 2807 Βολογουδῆς
3168 2732 3532 2807 κεκλημένος,
3579 2737 3669 2791 καὶ
3718 2733 3834 2794 ἓτε-

2172 2843 2234 2900 ρο
2266 2821 2312 2879 δ’
2366 2823 2518 2886 αὗθις
2573 2819 2770 2891 Γυλᾶς,
2822 2821 2913 2877 καὶ
2965 2821 3126 2886 αὐτὸς
3171 2821 3372 2898 μέρους
3402 2820 3614 2901 ἄρχων,
3647 2847 3825 2902 προσ-

2170 2910 2408 2983 ηλθέτην
2460 2915 2541 2984 τῷ
2601 2908 2836 2986 βασιλεῖ·
2895 2910 2984 2966 καὶ
3041 2907 3267 2974 ἕκαστος
3317 2912 3492 2968 αὐτῶν
3524 2919 3622 2970 τοῦ
3678 2914 3829 2972 θείου

2168 3009 2267 3072 τῆς
2341 2999 2754 3076 παλιγγενεσίας
2816 2998 3027 3073 ἤξιώθη
3107 2999 3365 3077 λουτροῦ,
3430 3002 3521 3058 καὶ
3591 3004 3654 3060 τὸ
3709 3007 3832 3061 καθ’

2168 3094 2318 3165 ἡμᾶς
2384 3089 2598 3163 ἐμυήθη
2669 3085 3035 3164 μυπήριόες,
3064 3088 3153 3144 καὶ
3227 3090 3513 3167 πατρίκιος
3586 3091 3828 3167 ἐτιμήθη

2170 3180 2457 3255 ἑκάτερος,
2502 3179 2590 3233 καὶ
2644 3177 3098 3248 κατηντλήθησαν
3173 3180 3446 3255 χρήμασι,
3500 3181 3591 3236 καὶ
3651 3182 3831 3248 οὕτως

403 3264 728 3336 Imperator
756 3268 975 3330 autem,
1013 3264 1295 3321 defuncta
1326 3284 1477 3322 nuru
1528 3284 1658 3336 sua,
1683 3269 1837 3341 regis
1877 3268 2056 3323 Fran-

2172 3240 2475 3338 ἐπανῆλθον
2509 3266 2584 3329 εἷς
2612 3267 2681 3321 τὰ
2874 3240 2941 3320 τά
2986 3240 3227 3340 ἐαυτῖιῦνζΙ
3265 3240 3527 3334 λαϐόντες
3580 3270 3671 3326 καὶ
3731 3240 3830 3346 ap;

402 3369 604 3410 corum
646 3354 908 3426 Hugonis
949 3353 1088 3422 lilia,
1120 3356 1192 3412 de
1220 3356 1337 3413 alia
1366 3358 1484 3414 lilio
1516 3362 1776 3415 Romano
1807 3360 2060 3431 despon-

403 3443 595 3499 denda
624 3442 909 3515 cogitans,
967 3461 1205 3501 uxorem
1257 3447 1306 3502 ei
1359 3448 1461 3503 dat
1504 3449 1779 3520 puellam,
1815 3448 2060 3504 humilis

400 3531 564 3587 illam
596 3532 833 3603 quidem
864 3534 1094 3605 generis
1142 3552 1209 3591 ac
1248 3537 1444 3607 potius
1475 3538 1695 3593 sordidi
1725 3539 1885 3610 (nam
1918 3555 2060 3593 cau-

401 3620 656 3692 ponibus
685 3625 814 3676 orta
844 3621 1170 3693 dicebatur)
1228 3626 1327 3681 sed
1380 3625 1568 3681 forma
1606 3627 1907 3699 praeditam
1942 3626 2060 3683 ele-

400 3707 772 3781 gautissima,
805 3714 862 3765 et
907 3716 1127 3767 natura;
1179 3712 1529 3770 miraculum
1575 3716 1899 3787 quoddam,
1931 3732 2060 3788 qua

398 3813 536 3853 cum
566 3798 874 3856 Anastasis
905 3800 1215 3872 diceretur,
1245 3804 1304 3859 id
1338 3821 1552 3860 nomen
1582 3804 1642 3860 in
1670 3804 2059 3878 Theophano-

402 3904 535 3943 nem
566 3892 655 3943 est
682 3892 998 3945 mutatum.

2169 3358 2379 3435 χιερέα,
2427 3353 2496 3410 δι’
2545 3355 2606 3409 οὗ
2664 3352 2869 3409 πολλοὶ
2927 3354 3066 3430 πρὸς
3122 3354 3413 3433 ἐπίγνωσιν
3462 3363 3595 3414 Θεοῦ
3658 3381 3832 3435 ματη-

2169 3446 2462 3522 νέχθησαν.
2489 3442 2642 3501 Ἀλλ’
2692 3444 2720 3498 6
2768 3444 2863 3517 μὲν
2896 3443 3072 3508 Γυλᾶς
3111 3444 3199 3499 καὶ
3248 3448 3318 3519 τῇ
3376 3446 3554 3502 πίστει
3586 3447 3835 3523 ἐνέμεινε

2170 3536 2259 3591 καὶ
2307 3536 2405 3604 τὴν
2467 3532 2690 3609 εἰρήνην
2749 3531 3030 3608 ἐτήρησεν.
3093 3534 3153 3591 Ὁ
3200 3531 3259 3589 δὲ
3308 3533 3505 3599 λοιπὸς
3537 3537 3631 3601 τὰς
3691 3540 3835 3615 πρὸς

2171 3625 2297 3680 Θεὸν
2374 3624 2641 3693 συνθήκας
2716 3621 3024 3691 ἡθετηκὼς,
3102 3621 3257 3686 αὗθις
3336 3624 3472 3680 κατᾶ
3537 3627 3832 3700 Ῥωμαίων

2171 3711 2465 3783 ὡπλίζετο,
2510 3716 2672 3766 τοῦτο
2721 3707 2779 3765 δὲ
2829 3710 2918 3765 καὶ
2965 3712 3101 3766 κατά
3131 3713 3401 3788 Φράγγων
3433 3718 3660 3780 ποιῆσαι
3709 3714 3835 3772 ἐπι-

2169 3805 2456 3881 χειρήσας,
2502 3798 2649 3856 ἑάλω
2693 3799 2784 3854 καὶ
2833 3798 3249 3877 ἀνεσταύρωτο.
3306 3803 3406 3857 Καὶ
3463 3804 3491 3858 6
3536 3808 3633 3859 τοῦ
3688 3807 3832 3862 κατά

2168 3890 2455 3965 Ῥωμαίων
2515 3886 2910 3951 ἐκπλεύσαοτος
2968 3888 3102 3952 Ῥὼς
3170 3892 3284 3964 (47)
3359 3892 3572 3967 γαμετὴ
3623 3893 3827 3971 Ἒλγα,

399 3978 496 4029 τοῦ
527 3974 837 4048 ξυνευνέτου
894 3976 1062 4048 αὐτῆς
1116 3976 1560 4055 τελευτήσαντος,
1619 3979 1899 4057 προσῆλθε
1951 3987 2029 4057 τῷ
2089 3981 2343 4061 βασιλεῖ,
2422 3978 2512 4035 καὶ
2580 3980 2957 4053 βαπτισθεὶσα,
3011 3978 3306 4052 τιμηθεῖσά
3370 4001 3429 4036 τε
3488 3983 3564 4045 ὡς
3625 3982 3824 4059 ἐχρῆν,

402 4066 781 4138 ὑπενόσνησεν.
861 4068 1175 4146 Ἐφρόντιζε
1247 4069 1306 4127 δὲ
1378 4073 1406 4128 ὁ
1476 4071 1847 4151 αὐτοκράτωρ,
1925 4072 2036 4147 ἤδη
2114 4073 2379 4143 θανούσης
2444 4077 2545 4142 τῆς
2615 4073 2696 4142 τῷ
2762 4070 2869 4142 υἱῷ
2934 4068 3100 4125 αὐτοῦ
3176 4072 3445 4145 Ῥωμανῷ
3505 4072 3822 4148 συζυγείσης

402 4156 667 4233 θυγατρὸς
738 4161 836 4213 τοῦ
902 4163 1013 4215 τῶν
1087 4161 1354 4237 Φράγγων
1425 4163 1595 4239 ῥηγὸς
1672 4161 1921 4241 Οῧγωνος
1998 4164 2179 4242 ἐτέραν
2256 4162 2549 4238 ἀγαγέσθαι
2617 4159 2767 4231 αὐτῷ
2836 4159 3105 4234 γαμετὴν,
3179 4160 3269 4215 καὶ
3333 4162 3623 4233 συνοικίζει
3675 4161 3828 4237 αὐτῷ

403 4244 597 4319 κόρην,
675 4245 854 4322 τύχης
937 4248 1034 4321 μὲν
1093 4257 1415 4326 χαμερποῦς
1464 4254 1499 4322 ἢ
1560 4253 1649 4309 καὶ
1707 4251 1938 4329 χυδαίας
1996 4253 2200 4310 εἷ’ποιεν
2237 4250 2308 4307 ιᾶν
2362 4270 2503 4312 τινες
2558 4249 2847 4323 (καπήλων
2875 4247 2978 4322 γὰρ
3011 4245 3233 4326 ἐκφῦναι
3264 4248 3466 4321 ταύτην
3495 4251 3739 4330 enim»
3772 4249 3835 4308 δὶ

409 4332 548 4395 εἶδος
576 4334 1035 4411 εὐπρεπεστάτην,
1063 4338 1151 4394 καὶ
1185 4337 1436 4415 ἄντικρυς
1469 4337 1691 4418 ἄγαλμα
1720 4341 2047 4398 πλασθεῖσαν
2082 4342 2185 4399 ὑπὸ
2212 4344 2313 4407 τῆς
2361 4339 2591 4416 φύσεως,
2638 4334 2763 4407 ἥτις
2818 4337 3137 4394 Ἀναστασία
3181 4335 3524 4413 καλουμένη,
3573 4344 3834 4418 Θεοφανὼ

407 4421 796 4496 μετωνόμαστο
808 4467 819 4480 .

476 4510 646 4569 XXII.
699 4518 866 4571 Anno
913 4515 1139 4590 imperii
1190 4519 1557 4576 Constantini
1598 4538 1697 4591 xu,
1734 4520 2062 4592 patriarcha

2246 4520 2365 4574 KB'.
2397 4520 2541 4574 Ἔτει
2590 4512 2648 4571 δὲ
2690 4511 2980 4588 δωδεκάτῳ
3026 4521 3127 4586 τῆς
3177 4516 3578 4573 Κωνσταντίνου
3634 4517 3839 4595 αὔταρ-

402 4600 875 4675 Theophylactus
908 4606 1181 4676 decessit,
1215 4608 1557 4680 pontificatu
1600 4609 1773 4665 annis
1806 4626 1870 4664 ιιι
1905 4615 1963 4665 et
1990 4627 2062 4666 xx

2173 4607 2319 4684 χίας,
2376 4608 2405 4662 6
2460 4605 2809 4681 πατριάρχης
2866 4602 3250 4682 Θεοφῦλακτος
3307 4601 3539 4680 ἀπεόίω,
3599 4606 3687 4663 ἐπὶ
3744 4603 3842 4676 ἔτη

404 4690 664 4746 functus.
697 4691 841 4749 Nam
874 4696 1203 4752 sacerdotio
1242 4702 1446 4752 contra
1493 4715 1714 4754 morem
1767 4698 2058 4770 majorum

2172 4697 2294 4771 τρία
2358 4697 2448 4752 καὶ
2514 4694 2687 4752 εἷ’κοσι
2762 4692 3224 4770 ἀρχιερατεύσας·
3302 4692 3583 4751 ἑκκαίδεκα
3647 4693 3705 4751 δὲ
3763 4698 3838 4767 ἦν

405 4778 604 4852 potius
633 4778 923 4840 annorum
957 4785 1069 4840 fuit
1098 4802 1192 4841 xv:
1226 4791 1624 4859 reguanteque
1654 4791 1840 4860 patre,
1873 4789 2061 4861 paeda-

2172 4786 2449 4856 ἐνιαυτῶν,
2531 4784 2623 4841 ὅτε
2697 4786 2797 4853 τῆς
2876 4782 3319 4859 ἀρχιερωσύνης⁵
3382 4783 3633 4861 ἀθέσμως
3710 4789 3841 4863 (48)

1689 4904 1894 4965 Variae
1931 4904 2235 4968 lectiones
2264 4912 2328 4967 et
2355 4911 2550 4966 notae.

406 5002 679 5083 corporis,
828 5007 1074 5083 Joannis
1105 5008 1503 5082 Chrysostomi
1535 5010 1594 5065 in
1627 5012 1856 5067 urbem.
1886 5012 2068 5068 Multa
2094 5014 2142 5080 D
2174 5012 2292 5068 silii
2344 5010 2612 5068 meminit
2668 5012 2949 5083 praeterea
3004 5008 3448 5083 Qonstantinus,
3500 5011 3572 5066 De
3618 5009 3839 5069 admin.

408 5077 836 5155 etiam_stricta
885 5080 1157 5155 oratione,
1194 5077 1595 5152 composuisse
1652 5090 1901 5139 testatur
1955 5084 2065 5140 hoc
2095 5077 2130 5080 _
2176 5087 2309 5155 imp.
2344 5100 2472 5155 cap.
2503 5083 2571 5137 43
2602 5077 2779 5155 δι’δο,
2820 5084 2877 5135 et
2906 5079 3163 5136 Codinus
3197 5081 3257 5155 in
3308 5080 3470 5153 Orig.
3517 5099 3574 5155 ιι.
3627 5082 3719 5149 60,
3769 5099 3844 5139 ex

409 5143 537 5234 loco
586 5146 863 5206 Zonaras.
898 5155 1010 5234 Ἐκ.
1043 5153 1256 5234 quibus
1295 5143 1456 5234 patet
1484 5155 1745 5234 omnino,
1782 5157 2065 5234 Constan-
2179 5143 2706 5234 quibus-docemur
2735 5143 3000 5234 domum,
3026 5167 3153 5234 quas
3184 5151 3321 5234 oli_m
3349 5143 3590 5234 Asvparis
3624 5143 3838 5234 fuerat,

405 5220 598 5300 tinum
631 5236 747 5275 non
782 5225 954 5300 modo
987 5220 1167 5300 fuisse
1205 5220 1480 5281 omnibus
1515 5220 1843 5300 disciplinis
1871 5227 2067 5284 excul-
2178 5220 2533 5300 possedisse.
2585 5224 2733 5280 Vide
2788 5220 3157 5279 Lambecium
3208 5225 3279 5279 ad
3328 5220 3603 5282 eumdem
3663 5220 3840 5282 CodiL

405 5291 726 5371 tissimum_,
760 5295 860 5371 sed
910 5301 969 5351 et
1014 5295 1340 5371 litterarum
1376 5291 1838 5371 exstincla'pene
1869 5301 2068 5355 studia
2178 5291 2345 5355 num.

408 5375 646 5443 rursum
696 5364 1086 5445 instaurasse,
1132 5369 1403 5445 virosque
1431 5360 1713 5445 eruditos,
1748 5374 2066 5445 propositis
2246 5371 2362 5439 (46)
2419 5360 2763 5445 Ἐπιϐ-ουλαί.
2825 5365 3001 5445 istius
3068 5366 3840 5445 conjurationisumeminit

407 5436 691 5513 ριᾳξιιιὶἱβε
718 5438 789 5491 ad
822 5455 889 5492 ea
918 5436 1322 5511 promovenda
1346 5442 1673 5513 impulisse.
1700 5436 1707 5439 ⁷
1748 5436 1763 5443 ’
1857 5436 1875 5445 ’
2175 5436 2541 5513 Anonymus,
2572 5440 2632 5513 in
2662 5438 2795 5513 Vita
2822 5441 3081 5513 Sabaces.
3103 5436 3476 5513 Ju’uioristp.
3509 5439 3636 5494 996.

478 5502 595 5586 (’14)
624 5502 936 5587 Δῷσοφροςξ
953 5515 1162 5568 Contra
1191 5514 1368 5569 Graeci
1404 5502 1537 5586 ipsi,
1570 5516 1726 5587 apud
1760 5514 2062 5587 Liutpran-

2390 5502 2540 5587 Κατᾷ
2566 5508 2855 5587 Ῥωμαίων
2887 5504 3281 5587 ἐσπλεύσαντος
3311 5502 3466 5575 Ῥώς.
3515 5516 3685 5584 Inger
3733 5527 3843 5582 ap-

406 5572 547 5655 dum
575 5572 845 5659 legat.
882 5582 1273 5640 Constantinus
1322 5572 1640 5658 imp‘era'tor‘,
1693 5586 1851 5643 homo
1894 5572 2061 5651 lenis,
2174 5572 2428 5659 pellatur
2458 5572 2902 5659 a‘Liutp'rando,
2933 5580 2970 5635 Ι.
3002 5596 3060 5659 v.
3091 5582 3228 5659 c._6.

406 5647 471 5699 in
486 5647 707 5728 palatio
731 5647 964 5709 inanem
990 5666 1276 5728 perpetuo.
1308 5647 1417 5713 etc'.
1467 5725 1488 5728 ,Α
1627 5647 1638 5656 ’
1959 5727 1962 5728 ν
2043 5647 2055 5651 ⁷

2176 5647 2192 5655 ’
2245 5656 2356 5726 (48)
2392 5647 2690 5727 Ἀθέσμωξ.
2730 5653 3118 5728 Liutprandus
3159 5653 3220 5728 in
3252 5653 3464 5728 _Legat.
3504 5671 3517 5710 :
3563 5656 3845 5728 Romanus

504 5719 595 5793 45)
654 5718 714 5777 Ὀ
770 5718 1273 5803 παρακοὶμῶμενοσν
1342 5725 1648 5791 Βασίλειος.
1719 5729 1898 5789 Istius
1953 5727 2062 5785 Βα-

2174 5718 2476 5802 imperator
2528 5718 2721 5802 ﬁlium
2775 5718 2939 5785 suum
2992 5718 3451 5799 Theophylactum
3517 5725 3840 5784 eunuchum
