4142 6396
436 379 552 441 107
1772 374 2079 438 JOANNIE

2188 375 2492 438 {ONAHIE
3751 374 3873 441 108

436 508 757 581 imperator
781 506 1111 566 hausturus
1147 511 1297 581 erat,
1355 508 1545 566 toxico
1602 505 1754 564 clam
1813 505 2079 564 admisto.

2205 503 2368 569 αύτὸς
2424 502 2474 561 δ’
2530 504 2590 561 ἃν
2643 502 2791 561 έάλω
2822 505 2850 561 6
2877 503 3178 582 ταύαρχος,
3208 504 3263 561 εἴ
3316 506 3392 581 μή
3421 507 3546 577 περὶ
3579 506 3743 566 αύτὸν
3768 531 3870 567 συ-

438 599 549 655 Sed
606 614 693 665 eo,
743 612 881 654 cum
912 597 999 653 illi
1030 598 1397 654 offerendum
1428 601 1605 667 esset,
1638 595 1760 653 sive
1789 595 2079 669 divinitus,

2207 595 2421 650 στάντες
2460 597 2512 650 οἱ
2568 595 2731 650 αὐτοῦ
2786 593 3128 669 θεράποντες,
3187 594 3278 651 καὶ
3328 602 3685 671 συνασπισμῷ
3739 600 3871 664 τοὺς

438 688 561 745 sive
590 686 852 754 fortuito,
887 686 1143 742 maxima
1172 704 1240 743 ex
1269 691 1431 759 parte
1488 686 1693 757 effuso,
1749 688 1807 741 et
1863 685 2072 759 exiguo

2205 684 2547 761 Ἀγαρηνοὺς
2594 685 2967 758 ἀπωσάμενοι,
3000 681 3180 739 ἄδειαν
3214 681 3489 762 παρέσχον
3525 691 3608 759 τῷ
3665 709 3862 765 στρατ-

444 777 600 848 quod
657 778 1047 848 superfuerat,
1111 776 1324 832 hausto
1359 794 1371 831 :
1408 774 1712 831 doloribus
1749 775 2013 845 quidem,
2041 792 2079 831 e‘

2204 778 2323 848 ηγῷ
2352 769 2585 847 ἐμϐῆναι
2645 773 2720 836 εἷς
2748 774 2848 843 τήν
2900 771 3233 849 στρατηγίδι)
3289 781 3517 849 τριήρη,
3564 776 3656 831 καὶ
3715 778 3861 834 οὕτω

442 865 771 922 terroribus
801 865 1191 938 periculorum
1225 881 1341 920 non
1373 864 1568 936 parvis
1597 869 1687 920 est
1701 864 2094 936 conﬂictatus,

441 954 572 1011 vita
628 958 826 1010 tamen
893 952 1231 1020 discrimen,
1291 970 1655 1026 quamquam
1706 954 1862 1009 196
1922 969 2095 1026 agre,

444 1045 824 1101 evasit.Anno
855 1048 1046 1099 autem
1070 1043 1303 1115 imperii
1323 1043 1760 1115 decimoquinto
1783 1043 1842 1097 in
1865 1042 2095 1115 Olympi

446 1138 705 1189 montem
737 1147 1012 1203 egressus
1042 1135 1156 1199 est,
1190 1149 1292 1204 per
1322 1132 1575 1205 speciem
1634 1147 1762 1187 sese
1819 1131 2093 1203 precibus

439 1221 865 1279 monachorum
919 1226 1126 1276 contra
1178 1227 1480 1292 Agarenos
1511 1221 1801 1291 armandi,
1836 1237 1970 1277 cum
2003 1236 2091 1276 re-

439 1327 575 1367 vera
603 1310 662 1365 id
694 1315 894 1382 ageret
924 1309 1012 1381 (ut
1059 1309 1274 1380 ferunt)
1325 1314 1387 1366 ut
1445 1310 1812 1367 Theodorum
1871 1308 2093 1382 Cyzice-

430 1414 575 1455 num
625 1398 980 1465 conveniret,
1013 1415 1148 1454 cum
1178 1414 1363 1471 eoque
1393 1398 1763 1469 deliberaret,
1797 1399 2091 1470 quomodo

431 1487 808 1561 Polyeuctum
846 1487 1101 1544 Ecclesia
1130 1487 1393 1559 pelleret.
1450 1488 1592 1542 Inde
1646 1487 1796 1542 male
1846 1487 2089 1543 affectus

430 1577 493 1633 in
524 1576 746 1649 regiam
782 1576 952 1642 redit,
981 1593 1085 1633 nec
1118 1575 1300 1632 multo
1332 1582 1465 1649 post
1493 1581 1583 1632 est
1613 1576 1944 1643 defunctus,
1970 1577 2091 1633 sive

430 1681 502 1722 ex
529 1664 879 1737 intemperie
908 1665 1194 1738 corporis,
1227 1666 1347 1720 sive
1378 1664 1616 1720 insidiis
1647 1664 1749 1719 ﬁlii
1800 1665 2087 1737 repetitis.

430 1756 591 1811 Vixit
618 1770 806 1811 annos
837 1754 1271 1827 quinquaginta
1302 1758 1576 1827 quatuor,
1625 1770 1859 1810 menses
1917 1755 2085 1810 duos.

432 1845 718 1918 Regnavit
774 1861 907 1899 cum
957 1844 1129 1900 Patre
1184 1845 1393 1912 Leone,
1433 1844 1760 1900 Alexandro
1793 1849 2001 1917 patruo
2030 1849 2088 1901 et

429 1940 618 1991 matre
675 1950 859 1990 annos
916 1933 1221 2001 tredecim,
1280 1949 1415 1988 cum
1477 1934 1779 2005 Lacapeno
1832 1938 2081 2006 tyranno

426 2023 635 2096 viginti
693 2039 814 2092 sex,
859 2027 1155 2094 postremo
1200 2021 1363 2079 solus
1392 2021 1728 2093 quindecim
1763 2038 1776 2076 :
1810 2027 1868 2078 et
1899 2039 2087 2095 usque

427 2114 499 2169 ad
535 2115 784 2169 mortem
817 2112 984 2168 anxie
1017 2112 1297 2184 cogitavit
1316 2111 1388 2165 de
1406 2111 1751 2182 pontiﬁcatu
1775 2111 2086 2184 Polyeucto

426 2200 786 2273 abrogando.
819 2200 1023 2256 Fertur
1052 2207 1270 2267 autem,
1313 2198 1532 2269 aliquot
1561 2199 1768 2255 diebus
1796 2205 1928 2255 ante
1959 2200 2088 2271 ejus

427 2290 679 2356 obitum,
716 2293 891 2344 noctu
924 2288 1144 2344 multos
1174 2287 1402 2360 lapides
1432 2304 1565 2342 cum
1601 2305 1813 2359 magno
1837 2290 2089 2345 stridore

430 2383 633 2435 contra
665 2377 1074 2449 imperatorias
1105 2376 1397 2436 thalamos
1438 2393 1566 2432 esse
1623 2377 1868 2434 delatos.
1923 2378 2086 2443 Quod

430 2482 564 2523 cum
596 2465 867 2538 pluribus
899 2466 1171 2521 noctibus
1202 2466 1382 2532 ﬁeret,
1416 2464 1828 2537 imperatorem
1869 2471 2084 2538 ratum,

429 2572 531 2613 eos
563 2555 634 2612 ab
667 2555 1010 2610 hominibus
1034 2555 1174 2626 jaci,
1210 2553 1427 2610 multos
1459 2555 1679 2610 circum
1709 2555 1927 2626 regiam
1990 2556 2089 2611 ob-

430 2650 758 2701 servatores
819 2645 951 2714 ejus
983 2643 1065 2699 rei
1097 2642 1415 2699 collocasse
1448 2659 1464 2700 :
1495 2643 1598 2698 sed
1632 2643 1925 2699 neminem
1957 2660 2088 2700 esse

427 2734 620 2791 visum
651 2750 685 2789 a
715 2748 829 2805 quo
876 2732 1248 2788 mitterentur
1279 2748 1291 2787 :
1326 2731 1482 2787 unde
1533 2732 1930 2788 existimatum
1988 2733 2088 2802 sit,

310 2847 320 2856 -
429 2839 544 2878 non
579 2822 701 2877 ﬁeri
735 2820 822 2876 illi
856 2821 1221 2877 humanitus.

2205 867 2416 941 φυγεῖν.
2478 861 2637 919 Ἀλλ’
2696 862 2803 937 οὐχ
2855 860 2997 917 οὕτω
3052 861 3141 917 καὶ
3198 867 3280 935 τῷ
3337 861 3518 940 Βάρδᾳ
3560 871 3730 938 Φωκᾷ
3778 873 3860 941 τῷ

2200 955 2307 1006 τῶν
2368 950 2591 1027 σχολῶν
2647 949 2956 1025 δομεστίκῳ
3014 954 3357 1024 συνηντήκει,
3416 954 3482 1009 τὰ
3539 955 3676 1028 πρὸς
3731 956 3863 1020 τοὺς

2202 1038 2371 1113 ἐῴους
2403 1040 2760 1116 Ἀγαρηνοὺς,
2822 1046 3162 1116 στρακηγικῇ
3215 1038 3273 1096 δὲ
3319 1041 3485 1119 τέχνῃ
3536 1044 3626 1098 καὶ
3669 1045 3862 1119 ἐμπει-

2203 1129 2292 1205 ρίᾳ
2368 1129 2494 1193 τοὺς
2568 1132 2705 1206 πρὸς
2783 1128 3023 1193 ἐκείνους
3099 1130 3381 1204 πολέμους
3465 1129 3860 1208 διατιθέμενος,

2201 1216 2361 1274 ἄστεά
2417 1240 2477 1274 τε
2532 1217 2719 1275 πολλὰ
2782 1218 2997 1274 ἐκείνων
3058 1218 3312 1297 ἀφείλετο
3344 1262 3358 1289 ,
3417 1221 3508 1275 καὶ
3564 1222 3633 1277 τὰ
3686 1244 3861 1300 προσ-

2197 1308 2433 1384 τυχόντα
2464 1307 2612 1363 λείαν
2642 1307 2864 1364 ἐτίθετο.
2892 1310 2962 1367 “Ο
3016 1330 3078 1385 γε
3139 1310 3244 1382 μὴν
3299 1314 3395 1365 τοῦ
3431 1308 3702 1386 βασιλέως
3743 1314 3866 1377 υἱὸς

2197 1398 2479 1471 Ῥωμανὸς
2509 1397 2586 1460 είς
2645 1394 2997 1472 ἅνδραςλῆδη
3056 1396 3232 1453 τελεῖν
3290 1396 3569 1473 ⁴ἤργμένος
3624 1399 3677 1472 ἐξ
3735 1402 3861 1479 ἆγε-

2197 1486 2392 1555 νείων,
2468 1487 2559 1541 καὶ
2639 1486 2716 1550 εἰς
2791 1487 2975 1542 ἑαυτὸν
3047 1488 3147 1555 τὴν
3206 1486 3446 1558 ἐξουσίαν
3503 1496 3852 1567 περιαγαγεῖν

2196 1575 2565 1648 ἱμειρόμενος,
2627 1570 2971 1631 ἐπιϐουλεύει
3028 1578 3096 1649 τῇ
3158 1577 3274 1647 ζωῇ
3300 1580 3398 1631 τοῦ
3454 1578 3683 1655 πατρὸς,
3716 1600 3861 1653 συμ-

2194 1664 2540 1740 πραττούσης
2598 1664 2746 1737 αὐτῷ
2803 1664 2892 1720 καὶ
2944 1671 3048 1734 τῆς
3103 1673 3369 1741 γαμετῆς,
3428 1667 3520 1721 καὶ
3579 1668 3862 1744 φαρμάκῳ

2196 1749 2522 1827 δηλητηρίῳ
2562 1753 2661 1822 τὴν
2713 1749 3014 1822 ἐπιϐουλὴν
3055 1752 3463 1825 συνεσκεύασαν,
3517 1756 3546 1811 ’ὀ
3600 1754 3859 1821 λαθόντες

2193 1841 2543 1918 καθαρτηρίῳ
2613 1843 2825 1916 πόματι
2894 1843 3271 1917 συνέκέρασαν,
3334 1841 3467 1917 ὅπερ
3525 1842 3760 1918 ἔμελλεν
3824 1849 3858 1902 6

2194 1931 2547 2005 αὐτοκράτωρ
2577 1935 2742 1989 πιεῖν.
2801 1932 2962 2006 Ἀρτι
2989 1928 3047 1986 δὲ
3091 1929 3317 2001 δοθῆναι
3355 1930 3560 2005 μέλλον
3589 1933 3665 1996 εἷς
3691 1935 3855 1990 πόσιν

2192 2023 2273 2092 τῷ
2307 2019 2544 2095 βασιλεῖ,
2594 2015 2692 2075 εἶπ’
2724 2018 2783 2074 ἐκ
2837 2017 3118 2097 προνοίας,
3154 2015 3263 2074 εἷ’τε
3290 2020 3535 2095 τυχαίως
3563 2023 3627 2077 τὸ
3679 2020 3857 2085 πλέον

2197 2108 2482 2184 ἐκκέχυτο,
2529 2108 2594 2164 τὸ
2641 2105 2700 2163 δὲ
2763 2107 3110 2185 περιλειφθὲν
3172 2106 3365 2183 ὀλίγον
3417 2110 3499 2181 δν,
3556 2112 3644 2166 καὶ
3704 2114 3863 2188 παρὰ

2194 2202 2291 2253 τοῦ
2342 2196 2613 2273 βασιλέως
2663 2197 2848 2266 ποθὲν,
2909 2194 3127 2259 ὀδύναις
3190 2197 3284 2271 μὲν
3334 2198 3495 2253 αὐτὸν
3549 2200 3639 2255 καὶ
3671 2198 3860 2257 κινδύ-

2195 2309 2292 2344 νου
2340 2283 2533 2367 φόϐοις
2582 2289 2647 2343 οὐ
2709 2292 2928 2364 μικροῖς
2974 2283 3292 2363 περιέϐαλεν
3322 2331 3336 2357 ,
3393 2288 3455 2344 οὐ
3518 2291 3702 2363 μέντοι
3761 2293 3860 2348 καὶ

2195 2375 2441 2433 κίνδυνον
2473 2377 2723 2449 ἐποίησεν
2755 2377 2901 2449 αύτῷ
2952 2378 3076 2454 περὶ
3104 2378 3204 2446 τὴν
3240 2381 3408 2449 ζωήν.
3463 2379 3606 2442 Τέως
3662 2379 3709 2436 δ’
3760 2383 3857 2437 οὖν

2196 2466 2357 2521 αὐτὸν
2415 2464 2696 2544 δυσχερῶς
2753 2465 3095 2544 διαπέφευγε.
3153 2472 3241 2539 Τῳ
3289 2466 3752 2544 πεντεκαιδεκάτῳ
3806 2468 3861 2526 δ’

2197 2554 2427 2629 ἐνιαυτῷ
2476 2563 2577 2626 τῆς
2636 2554 2800 2611 αὐτοῦ
2857 2553 3136 2632 βασιλείας
3189 2555 3243 2611 ἐν
3300 2560 3381 2629 τῷ
3425 2555 3522 2612 τοῖ’)
3555 2557 3854 2632 Ὀλύμπου

2198 2640 2310 2719 ὄρει
2369 2643 2528 2708 οὗτος
2557 2642 2776 2717 ἐξῆλθεν
2810 2645 2838 2699 6
2890 2641 3163 2719 βασιλεὺς,
3225 2643 3378 2721 λόγῳ
3441 2645 3533 2719 μὶν
3590 2647 3681 2702 ἳνα
3728 2655 3855 2712 ταῖς

2194 2737 2302 2789 τῶν
2353 2732 2464 2788 ἐκεῖ
2493 2734 2842 2807 ἀσκουμένων
2878 2732 3071 2809 εὐχαῖς
3097 2731 3493 2805 καθοπλισθείη
3547 2736 3684 2790 κατὰ
3738 2743 3851 2794 τῶν

2196 2822 2534 2899 Ἀγαρηνῶν,
2586 2826 2667 2894 τῷ
2725 2819 2772 2876 δ’
2821 2816 2959 2888 ὄντι,
3018 2820 3093 2883 ὡς
3119 2819 3359 2898 λέγεται,
3384 2819 3475 2878 ἵνα
3502 2828 3582 2896 τῷ
3612 2825 3856 2896 Κυζίκου

428 2907 695 2986 Θεοδώρῳ
767 2906 1131 2985 συγγένηται,
1214 2907 1304 2962 καὶ
1390 2904 1539 2971 ὅπως
1606 2908 1698 2963 τὸν
1773 2907 2121 2965 Πολύευκτον
2200 2908 2447 2985 ἐξωθήσῃ
2505 2916 2607 2980 τῆς
2682 2907 3048 2982 Ἐκκλησίας,
3120 2909 3382 2985 σκέψηται
3459 2914 3575 2986 μετ’
3648 2913 3840 2974 αὐτοῦ.

425 2998 593 3061 Ἔνθα
649 2994 716 3066 δὴ
780 2998 1039 3072 γεγονὼς,
1087 2999 1269 3058 κακῶς
1340 2992 1484 3072 ἔχων
1563 2993 1860 3067 ἐπανῆλθεν
1937 2995 2012 3060 εἷς
2080 2996 2147 3053 τὰ
2206 2997 2472 3073 βασίλεια,
2532 2997 2623 3052 καὶ
2684 3000 2800 3071 μετ’
2856 2996 3059 3073 ὀλίγων
3116 2998 3215 3066 τήν
3276 3000 3421 3068 ζωὴν
3472 2998 3848 3079 ἐξεμέτρησεν,

425 3086 500 3148 ὡς
564 3086 657 3161 μέν
702 3107 811 3140 τισι
883 3083 1053 3155 δοκεῖ,
1104 3089 1164 3140 ἐκ
1221 3081 1543 3159 δυσκρασίας
1582 3088 1924 3159 σωματικῆς,
1984 3086 2060 3149 ὡς
2114 3084 2163 3142 δ’
2220 3087 2425 3163 ἑτέροις
2471 3084 2769 3161 δοξάζεται,
2828 3085 2920 3142 καὶ
2978 3087 3132 3148 αὗθις
3194 3086 3297 3142 ὑπὸ
3328 3091 3426 3143 τοῦ
3456 3089 3578 3144 υἱοῦ
3634 3087 3857 3147 ἐπιϐου-

425 3174 659 3245 λευθείς,
693 3179 789 3231 Ἦν
836 3171 894 3230 δὲ
954 3176 982 3230 6
1036 3173 1249 3248 σύμπας
1301 3180 1403 3244 τῆς
1460 3175 1653 3251 βιοτῆς
1710 3175 1877 3230 αὐτοῦ
1933 3174 2139 3251 χρόνος
2191 3176 2426 3232 ἐνιαυτοὶ
2480 3177 3092 3250 πεντηκοντατέσσαρες,
3151 3176 3239 3230 καὶ
3301 3173 3397 3231 δύο
3460 3184 3648 3251 μῆνες,
3707 3202 3853 3255 συμ-

428 3260 850 3327 ϐασιλεύσαντος
1080 3268 1163 3337 τῷ
1217 3265 1380 3341 πατρὶ
1425 3263 1610 3320 Λέοντι
1664 3263 1753 3319 καὶ
1814 3262 2159 3340 Ἀλεξάνδρῳ
2216 3269 2294 3338 τῷ
2343 3265 2472 3337 θείῳ
2519 3264 2610 3320 καὶ
2660 3269 2730 3339 τῇ
2793 3265 2960 3342 μητρὶ
3019 3258 3111 3336 ἔτη
3163 3262 3519 3339 πρισκαίδεκα
3551 3312 3565 3338 ,
3626 3270 3718 3324 καὶ
3775 3276 3855 3344 τῷ

430 3357 746 3424 Λακαπηνῷ
801 3354 1068 3426 Ῥωμανῷ
1124 3354 1221 3422 τήν
1280 3350 1560 3429 βασιλείαν
1616 3352 1915 3427 ἁρπάσαντι
1970 3351 2063 3424 ἔτη
2113 3353 2165 3425 ἓξ
2224 3352 2311 3409 ἐπὶ
2387 3353 2579 3409 εἰκοσι·
2650 3356 3097 3429 μοναρχήσαντος
3168 3350 3226 3407 δὲ
3285 3353 3597 3411 τελευταῖον
3672 3357 3851 3415 ἐνιαυ-

430 3441 558 3504 τοὺς
608 3439 1005 3498 πεντεκαίδεκα.
1064 3444 1161 3497 Ἦν
1222 3439 1280 3496 δὲ
1324 3442 1413 3497 καὶ
1466 3443 1662 3519 μέχρις
1717 3436 2072 3503 ἀποϐιώσεως
2128 3441 2180 3497 ἐν
2233 3440 2423 3518 πολλῇ
2476 3441 2723 3519 φροντίδι
2776 3443 2876 3511 τὴν
2933 3446 3032 3498 τοῦ
3089 3441 3487 3518 ἀρχιποίμενος
3536 3446 3851 3521 καθαίρεσιν

431 3535 530 3586 τοῦ
586 3528 934 3586 Πολυεύκτου
987 3531 1286 3604 τιθέμενος.
1346 3529 1567 3607 Λέγεται
1641 3528 1699 3586 δὲ
1761 3530 1869 3607 πρό
1923 3550 2082 3585 τινων
2137 3533 2359 3607 ⁴ἡμερῶν
2417 3537 2517 3602 τῆς
2574 3533 2736 3586 αὐτοῦ
2790 3530 3050 3599 τελευτῆς
3104 3529 3290 3594 λίθους
3344 3533 3535 3596 νυκτὸς
3592 3535 3851 3610 φέρεσθαι

438 3621 575 3695 μετὰ
627 3618 812 3697 ῥοίζου
868 3618 1085 3675 πολλοῦ
1141 3619 1281 3675 κατά
1329 3623 1438 3676 τῶν
1498 3618 1663 3677 αὐτοῦ
1716 3618 2003 3692 θαλάμων,
2059 3619 2149 3675 καὶ
2204 3624 2366 3676 τοῦτο
2426 3615 2736 3694 συμϐαίνειν
2797 3618 2886 3675 ἐπὶ
2942 3617 3169 3680 πλείους
3219 3619 3438 3694 νύκτας,
3498 3622 3588 3677 καὶ
3619 3625 3853 3697 νομίσαι

432 3711 527 3785 μὲν
595 3710 688 3765 τὸν
751 3708 977 3784 βασιλέα
1055 3709 1200 3787 παρά
1273 3730 1435 3765 τινων
1503 3707 1803 3785 ἀνθρώπων
1882 3706 2371 3782 λιθολευστεῖσθαι,
2446 3708 2539 3766 καί
2597 3706 2850 3772 πολλοὺς
2916 3716 3236 3786 περιστῆσαι
3314 3715 3433 3774 τοῖς
3522 3710 3848 3789 βασιλείοις,

425 3802 510 3863 οἷς
542 3798 902 3875 ἐπιτετήρητο
931 3800 994 3855 τὸ
1022 3799 1331 3875 γινόμενον’
1367 3796 1495 3855 ἀλλ’
1525 3796 1699 3862 οὐδεὶς
1729 3797 1885 3877 ὥφθη
1911 3802 2019 3855 τῶν
2053 3800 2353 3875 ἀνθρώπων
2383 3798 2551 3865 λίθων
2583 3798 2854 3873 πομπεύς·
2889 3798 3007 3862 ὅθεν
3036 3796 3153 3853 οὐδ’
3180 3797 3233 3869 έξ
3262 3797 3561 3875 ἀνθρώπων
3591 3803 3653 3857 τὸ
3679 3798 3842 3880 ἔργον

420 3889 706 3964 νενόμιστο
732 3891 1079 3967 πράττεσθαι.
1098 3930 1103 3935 ~

492 3981 685 4039 XXIII.
718 3981 1102 4039 Constantino
1125 3981 1197 4037 ad
1257 3980 1416 4037 hunc
1474 3980 1716 4055 modum
1774 3980 2073 4047 defuncto,

2256 3980 2372 4037 K1".
2423 3977 2526 4035 Καὶ
2559 3980 2587 4034 6
2650 3978 2746 4052 μὶν
2804 3979 3210 4040 Κωνσταντῖνος
3262 3981 3360 4033 τοῦ
3412 3976 3840 4046 έπικλωσθέντος

419 4071 724 4127 Romanus
774 4070 933 4127 ﬁlius
981 4071 1108 4142 ejus
1138 4069 1455 4142 imperium
1487 4059 1769 4142 capessit,
1792 4069 1894 4142 qui
1927 4070 2076 4127 Puer

2188 4070 2328 4139 αὐτῷ
2390 4067 2548 4143 μίτου
2608 4067 2857 4145 ῥαγέντος
2915 4071 3010 4123 τοῦ
3069 4068 3366 4143 ὁρισθένιος
3416 4069 3568 4143 αὐτῷ
3621 4070 3823 4145 χρόνου

415 4159 745 4230 dicebatur,
778 4177 892 4216 non
924 4162 1080 4232 quod
1114 4160 1324 4231 puerili
1375 4164 1543 4216 atate
1610 4176 1789 4232 regno
1847 4160 2072 4231 potitus

2188 4161 2277 4221 τῆς
2314 4159 2526 4233 βιοτῆς,
2581 4158 2657 4222 ὡς
2713 4154 2945 4235 εἷ’ρηται,
3002 4151 3237 4213 ἀπεϐίω.
3292 4158 3355 4216 Ὁ
3414 4158 3533 4220 υἱὸς
3578 4154 3633 4213 δὲ
3660 4157 3829 4215 αὐτοῦ

412 4254 571 4307 esset
624 4250 765 4323 (iam
818 4250 975 4305 enim
1030 4249 1121 4305 vir
1162 4250 1334 4323 erat),
1366 4249 1467 4306 sed
1502 4250 1572 4305 ad
1606 4249 1920 4306 discrimen
1956 4249 2067 4304 Ro-

2188 4247 2476 4320 Ῥωμανὸς,
2527 4248 2587 4310 δς
2644 4247 2733 4302 καὶ
2790 4244 3015 4302 Παιδίον
3072 4244 3311 4321 ἐλέγετο,
3369 4253 3470 4317 τῆς
3528 4247 3833 4324 αύταρχίας

412 4338 573 4394 mani
608 4339 697 4394 avi
727 4339 999 4407 materni,
1033 4338 1194 4395 senis
1226 4341 1512 4410 provecta
1551 4338 1760 4395 atatis.
1817 4338 1872 4393 Si
1932 4338 2067 4410 quis

2188 4334 2496 4407 ἐπείληπτο.
2526 4333 2746 4392 Παιδίον
2780 4333 2825 4391 δ’
2853 4333 3092 4412 ἐλέγετο,
3152 4333 3260 4412 οὐχ
3315 4334 3399 4391 ὅτι
3436 4333 3697 4402 παιδικῆς
3754 4335 3835 4394 ὣν

412 4431 611 4484 autem
669 4444 807 4484 eum
855 4444 1105 4501 puerum
1150 4427 1373 4484 dictum
1407 4431 1576 4499 putet
1603 4427 1676 4482 ob
1708 4426 1885 4483 vitam
1917 4444 2066 4498 pue-

408 4516 596 4573 riliter
624 4522 839 4585 actam,
868 4517 926 4573 id
960 4534 1194 4590 quoque
1227 4516 1492 4573 moribus
1526 4516 1653 4587 ejus
1711 4520 1801 4571 est
1858 4532 2063 4571 conve-

409 4606 870 4664 nientissimum.
931 4610 1235 4679 Sceptrum
1294 4621 1497 4662 recens
1555 4605 1820 4677 adeptus,
1872 4603 2061 4659 ﬁlium

404 4712 581 4753 suum
616 4696 898 4753 Basilium
930 4696 1261 4753 diademate
1292 4699 1349 4752 et
1390 4694 1769 4767 imperatorio
1825 4692 2061 4749 nomine

403 4790 593 4842 ornat.
626 4787 736 4843 Sed
767 4792 825 4842 et
853 4785 1023 4841 aliter
1047 4785 1099 4841 ei
1125 4785 1285 4841 ﬁlius
1318 4787 1493 4840 natus
1523 4787 1633 4850 est,
1667 4782 1757 4838 cui
1791 4782 1879 4839 avi
1911 4784 2057 4839 Con-

399 4875 646 4932 stantini
679 4892 894 4931 nomen
926 4873 1158 4930 indidit.
1194 4874 1324 4947 Ipse
1356 4873 1580 4929 deliciis
1628 4871 2056 4944 voluptatibus-

397 4980 514 5036 que
541 4965 800 5032 deditus,
859 4968 917 5019 et
971 4962 1109 5018 luxu
1168 4964 1463 5032 difﬂuens,
1521 4978 1656 5017 eum
1714 4961 2054 5019 hominibus

2172 4422 2396 4496 ἡλικίας
2446 4432 2545 4496 τῆς
2607 4424 2882 4502 βασιλείας
2911 4423 3198 4501 ἐκράτησεν
3261 4422 3388 4499 (ἤδη
3450 4427 3555 4501 γὰρ
3603 4422 3833 4503 ἀνδράσι

2173 4515 2535 4586 συντέτακτο),
2568 4512 2694 4571 ἀλλ’
2725 4512 3302 4586 ἀντιδιαστελλόμενος
3362 4513 3500 4590 πρὸς
3554 4517 3649 4570 τὸν
3712 4537 3832 4589 μη-

2171 4603 2481 4679 τροπάτορα
2531 4605 2810 4678 Ῥωμανὸν
2845 4649 2859 4675 ,
2919 4598 3049 4659 ὅντα
3104 4597 3413 4675 πρεσϐύτην
3469 4604 3561 4659 καὶ
3625 4604 3836 4680 ὑπερή-

2171 4692 2317 4748 λικα.
2353 4693 2414 4748 Εἰ
2474 4691 2531 4749 δέ
2586 4714 2668 4756 τις
2702 4691 2846 4749 εἴποι
2902 4689 3123 4748 Παιδίον
3177 4691 3336 4747 αὐτὸν
3394 4691 3680 4758 καλεῖσθαι
3739 4692 3829 4750 ὅτι

2166 4779 2257 4837 καί
2286 4779 2663 4857 παιδαριώδης
2694 4784 2761 4851 ῆν
2783 4782 2932 4853 αὐτῷ
2960 4783 2996 4851 ἡ
3033 4782 3170 4851 ζωὴ,
3202 4779 3291 4836 καὶ
3312 4779 3473 4836 τοῦτο
3504 4785 3583 4854 τῷ
3612 4779 3829 4838 ἐκείνου

2165 4869 2285 4941 ἤθει
2338 4870 2785 4949 ἁρμοδιώτατον.
2848 4871 3004 4946 Ἀρτι
3063 4868 3121 4925 δὲ
3165 4873 3273 4924 τῶν
3323 4871 3614 4947 σκήπτρων
3663 4872 3828 4945 γενό-

2167 4982 2328 5034 μενος
2359 4960 2642 5036 ἐγκρατὴς,
2671 4962 2762 5015 τὸν
2794 4960 2908 5014 υἱὸν
2941 4959 3106 5015 αὐτοῦ
3130 4959 3221 5015 τὸν
3270 4958 3550 5015 Βασίλειον
3593 4966 3824 5035 ταινιοῖ,

395 5052 689 5127 corruptis
747 5056 805 5108 et
857 5051 1271 5125 pestilentibus
1327 5051 1506 5107 vitam
1566 5051 1792 5123 agebat,
1854 5066 2048 5107 rerum

2188 5051 2251 5105 ιαὶ
2308 5048 2562 5122 κλήσεως
2624 5046 2912 5126 βασιλικῆς
2977 5048 3157 5119 ἀξιοῖ·
3218 5049 3350 5103 Εἶτα
3406 5050 3496 5103 καὶ
3562 5047 3822 5124 δεύτερος

394 5141 907 5199 administratione
935 5141 1246 5213 praposito
1314 5144 1372 5196 et
1448 5139 1704 5196 cubiculi
1778 5141 2049 5213 praefecto

2188 5139 2305 5213 ιύτῷ
2356 5139 2554 5216 ἐτέχθη
2605 5140 2721 5201 υἱὸς
2774 5135 2861 5193 ἐπὶ
2890 5140 2970 5209 τῷ
3024 5138 3234 5210 πάππῳ
3266 5139 3656 5211 Κωνσταντίνῳ
3713 5141 3819 5209 τήν

394 5232 619 5304 Bringa
649 5231 905 5302 Josepho
933 5231 1232 5286 mandata.
1268 5229 1631 5302 Nicephorus
1661 5230 1885 5286 Phocas
1930 5247 2051 5286 ma-

390 5320 596 5391 gister,
629 5320 990 5376 domesticus
1050 5318 1372 5391 legionum,
1432 5336 1566 5375 cum
1618 5320 1804 5391 justis
1860 5319 2046 5392 cepiis

2157 5229 2356 5300 κλῆσιν
2416 5227 2628 5304 λαχών.
2677 5226 2851 5290 Αὐτὸς
2902 5227 2999 5300 μὲν
3056 5226 3148 5282 οὗν
3190 5227 3218 5281 ὁ
3249 5228 3529 5300 Ῥωμανὸς
3584 5233 3820 5305 τρυφαῖς

2154 5319 2241 5373 καὶ
2289 5315 2644 5387 ἡδυπαθείαις
2684 5313 2937 5389 ἐξέδωκεν
2987 5315 3198 5387 ἑαυτὸν,
3246 5314 3336 5369 καὶ
3387 5314 3818 5391 ἐκδεδιῃτημένη

388 5412 590 5464 contra
644 5411 946 5464 Cretenses
1004 5408 1326 5466 Saracenos
1383 5409 1645 5479 missus,
1703 5413 1760 5465 et
1817 5412 2079 5480 septem‘

2188 5409 2291 5480 ωῂ,
2331 5406 2422 5460 καὶ
2469 5402 2695 5479 ἆνδράσε
2738 5406 2901 5473 συνῆν
2952 5401 3368 5480 διεφθαρμένοις
3424 5425 3482 5459 τε
3539 5403 3631 5460 καὶ
3688 5404 3817 5460 λοι-

1664 5579 1867 5643 Varia
1897 5579 2197 5640 lectiones
2226 5583 2289 5640 et
2318 5583 2508 5640 nota.

457 5711 569 5785 (50)
597 5704 1162 5783 Συμϐασιλεύσαντος.
1194 5714 1591 5771 Conferendus
1621 5712 1934 5787 Catalogus
1962 5712 2079 5786 imp

2190 5714 2383 5770 torum
2415 5711 2656 5783 Codino,
2686 5711 2751 5770 de
2779 5712 2925 5770 orbis
2952 5711 3122 5783 orig.,
3157 5709 3483 5783 subjectus.
