4142 6410
380 428 498 489 ιιτ
1691 423 2022 487 ANNALII

2162 423 2310 487 LIB.
2354 426 2519 490 XVI.
3695 428 3813 491 118

376 559 410 613 6
438 555 760 634 Νικηφόρος
789 559 902 610 τῶν
929 560 1030 625 τῆς
1053 557 1357 626 θεοφανοῦς
1383 552 1591 610 παίδων
1650 553 1710 610 ἐκ
1761 558 1860 610 τοῦ⁹
1889 554 2022 632 ἁγίοι

2157 557 2340 614 donec
2369 558 2742 632 imperatoris
2772 563 2938 632 pater
2961 560 3184 617 Bardas
3206 560 3399 617 Caesar
3417 560 3810 632 jurejurando

382 647 788 724 βαπτίσματος,
848 644 939 701 καὶ
998 643 1194 718 ἀπῄτει
1254 644 1282 698 6
1339 646 1709 723 πατριάρχης,
1770 644 1807 715 ἢ
1858 641 2041 713 διαζυ-

376 744 543 811 γῆναι
594 742 697 804 τῆς
760 733 1110 810 βασιλίσσης,
1157 733 1193 803 ἢ
1252 732 1442 811 πόρρω
1497 734 1630 790 εἶναι
1686 738 1794 790 τῶν
1852 735 2037 808 ἱερῶν.

381 825 539 884 Ἀλλ’
569 824 768 887 ἐκεῖνος
818 829 920 894 τῆς
979 829 1280 900 Θεοφανους
1328 823 1426 879 οὐκ
1485 824 1764 901 ἀπείχετο·
1798 820 1877 879 ἔτι
1934 823 2038 898 γὰρ

387 916 419 970 6
446 915 638 985 ταύτης
663 908 802 988 ἔρως
839 911 1192 989 ἐφλέγμαινε,
1222 917 1498 968 κοινοῦται
1531 911 1588 969 δὲ
1632 918 1748 977 τοῖς
1805 917 2037 988 παροῦσι

383 1009 492 1060 τῶν
525 1003 823 1080 ἀρχιερέων
882 1003 973 1057 καὶ
1030 1007 1149 1064 τοῖς
1202 1009 1302 1072 τῆς
1340 1002 1624 1079 γερουσίας
1683 1002 2035 1079 λογιωτὲροις

379 1095 441 1149 τὸ
495 1095 736 1167 ζήτημα.
769 1092 841 1149 Οἱ
893 1088 951 1146 δὲ
1004 1091 1099 1147 τὸν
1157 1093 1282 1168 περί
1322 1091 1519 1147 τούτου
1544 1092 1746 1148 κανόνα
1795 1096 1876 1166 τῷ
1932 1097 2036 1146 Κο-

372 1180 661 1256 πρωνύμῳ
690 1180 1143 1259 ἐπιγραφόμενοι,
1178 1181 1255 1254 μὴ
1289 1177 1399 1236 δεῖν
1436 1179 1620 1258 ἔλεγον
1672 1180 1886 1258 ἐνεργὸν
1937 1178 2037 1236 λο-

367 1272 617 1349 γίζεσθαι
670 1267 891 1327 τοιοῦδε
964 1266 1159 1345 ἀνδρὸς
1238 1272 1614 1345 νομοθέτημα,
1672 1270 1762 1327 καὶ
1840 1270 2036 1349 πάντες

368 1338 522 1433 αὐτῷ
552 1357 819 1439 ἔγγραφον
850 1338 1125 1436 παρέσχον
1169 1361 1270 1429 τὴν
1308 1338 1435 1435 περὶ
1480 1338 1678 1415 τούτου
1737 1338 2033 1435 ουγχῖὒρη-

365 1469 481 1506 σιν.
512 1450 571 1506 Ὀ
604 1445 662 1503 δέ
691 1469 756 1524 γε
797 1448 1144 1525 πατριάρχης
1193 1442 1271 1503 ἔτι
1329 1455 1429 1513 τῆς
1480 1447 1686 1511 οἰκείας
1740 1447 2030 1511 ἐνστάσεως

360 1534 578 1614 εἴχετο,
615 1537 819 1613 μέχρις
866 1538 927 1593 οὗ
976 1538 1004 1592 6
1057 1538 1141 1593 τοὶ
1175 1536 1455 1600 Βασιλέως
1512 1539 1692 1612 πατὴρ
1742 1538 1770 1592 6
1825 1541 2030 1613 Καῖσαρ

357 1624 585 1703 Βάρδας
638 1626 892 1703 ἐνόρκους
950 1626 1099 1699 αύτῷ
1181 1626 1392 1689 πίστεις
1447 1626 1776 1703 παρέσχετο,
1835 1627 1909 1689 ὡς
1967 1626 2028 1681 οὗ

355 1714 588 1792 γέγονεν
622 1717 652 1770 6
682 1714 936 1791 βασιλεὺς
981 1719 1089 1771 τῶν
1136 1721 1236 1785 τῆς
1289 1720 1592 1794 Θεοφανοῦς
1644 1713 1851 1770 παίδων
1899 1714 2026 1770 ἀνά-

355 1803 565 1881 δοχος.
597 1806 686 1860 καὶ
722 1806 751 1860 6
781 1809 1155 1881 πρωτοπαπᾶς
1185 1802 1243 1860 δὲ
1270 1808 1377 1859 τῶν
1414 1803 1707 1881 βασιλείων
1765 1804 2028 1860 Στυλεια-

352 1894 482 1964 νὸς,
532 1894 593 1956 ’ὃς
651 1890 864 1971 ἐλέγετο
910 1897 1129 1966 πρῶτος
1194 1894 1365 1969 κήρυξ
1421 1901 1521 1964 τῆς
1572 1896 1766 1971 φήμης
1822 1891 2027 1964 ταύτης

349 1983 633 2059 γενέσθαι,
678 1981 768 2038 ἐπὶ
827 1979 1050 2038 συνόδου
1108 1984 1234 2056 μήτ’
1293 1979 1423 2037 ἰδεῖν
1487 1984 1613 2055 μήτ’
1670 1981 1840 2038 εἰπεῖν
1898 1983 2022 2057 περὶ

352 2070 565 2128 τούτου
612 2071 751 2148 πρός
797 2092 967 2145 τινας,
1030 2069 1362 2145 ἐξωμόσατο.
1407 2070 1624 2127 Τούτων
1679 2068 1737 2126 δὶ
1792 2070 2019 2147 γενομέ-

354 2182 471 2216 νων
506 2158 725 2233 ἐδέξατο
751 2160 844 2215 τὸν
892 2160 1208 2238 Νικηφόρον
1258 2160 1286 2215 6
1334 2158 1707 2236 πατριάρχης.
1733 2161 1858 2216 Τῶν
1891 2157 1936 2214 δ’
1966 2158 2018 2215 ἐν

354 2247 595 2321 Σικελίᾳ
670 2252 1002 2325 Σαρακηνῶν
1075 2246 1281 2322 δασμὸν
1357 2248 1706 2326 πραττόντων
1771 2247 1831 2303 ἐκ
1909 2253 2019 2304 τῶν

347 2338 654 2412 Ῥωμαίων
705 2336 766 2393 ἐκ
822 2335 1071 2393 παλαιῶν
1126 2341 1427 2409 συνθηκῶν,
1461 2338 1489 2394 6
1551 2335 1804 2414 βασιλεὺς
1864 2337 2021 2400 οὗτος

350 2429 467 2483 οὐκ
496 2427 792 2503 ἀνασχετὸν
845 2424 986 2500 ᾤετο
1044 2427 1210 2483 αὐτοῦ
1262 2424 1648 2502 βασιλεύοντος
1701 2432 1818 2492 τοῖς
1864 2427 2024 2504 Ἀγα-

351 2522 552 2594 ρηνοῖς
610 2516 922 2590 Ῥωμαίους
998 2515 1439 2593 φορολογεῖσθαι.
1519 2517 1612 2571 Διὸ
1674 2517 1791 2571 κατ’
1844 2515 2020 2572 αὐτῶν

353 2606 631 2679 ἐκπέμπει
658 2604 925 2675 Μανουήλ
972 2605 1257 2681 πατρίκιον
1291 2607 1427 2679 (59),
1459 2604 1617 2670 νόθον
1673 2607 1801 2661 ὄντα
1855 2601 2024 2661 παῖδα

351 2699 458 2751 τοῦ
488 2691 879 2773 πατραδέλφου
930 2695 1099 2750 αὐτοῦ
1146 2694 1505 2766 Λέοντοςγὸς
1562 2692 1883 2768 δομέστικος
1930 2716 2024 2772 γε-

2151 648 2403 719 negavit,
2463 649 2916 722 Theophanonis
2961 650 3178 707 liberos
3227 652 3298 706 ab
3347 649 3447 705 illo
3496 666 3566 705 ex
3624 649 3810 722 bapti-

2151 742 2339 793 amate
2368 744 2671 810 susceptos
2703 755 2832 795 esse
2882 756 2897 795 :
2946 744 3005 795 et
3033 738 3329 813 Stylianus
3372 737 3572 811 palatii
3605 740 3806 795 Proto-

2148 842 2322 898 papa,
2354 827 2454 898 qui
2504 844 2637 882 cum
2686 845 2982 885 rumorem
3036 829 3223 901 primo
3263 828 3538 901 vulgasse
3576 828 3805 883 fereba-

2147 919 2262 982 tur,
2327 932 2389 972 se
2445 933 2514 974 ea
2569 918 2641 973 de
2706 934 2768 973 re
2834 934 3024 989 neque
3102 918 3252 975 scire
3330 917 3635 990 quidnam,
3699 932 3804 973 nec

2147 1004 2366 1061 dixisse
2396 1006 2469 1061 ad
2500 1023 2882 1079 quemquam,
2918 1007 2979 1062 in
3024 1008 3269 1063 concilio
3291 1006 3536 1078 juravit.
3568 1007 3670 1063 His
3702 1007 3800 1062 de-

2147 1112 2310 1150 mum
2370 1095 2540 1151 factis
2588 1097 2919 1167 patriarcha
2961 1097 3355 1169 Nicephorum
3388 1095 3624 1168 recepit.
3657 1098 3801 1152 Cum

2146 1188 2341 1239 autem
2374 1183 2713 1241 Silicienses
2759 1184 3018 1241 saraceni
3065 1201 3134 1240 ex
3180 1185 3443 1255 antiquis
3473 1184 3662 1257 pactis
3692 1185 3799 1240 tri-

2143 1272 2355 1328 butum
2389 1290 2423 1328 a
2450 1272 2730 1329 Romanis
2760 1272 3144 1344 postularent.
3169 1272 3530 1344 Nicephorus
3566 1290 3683 1328 non
3716 1274 3798 1328 fe-

2142 1362 2392 1416 rendum
2441 1378 2570 1417 esse
2612 1366 2797 1418 ratus.
2846 1362 2896 1418 si
2943 1379 3005 1417 se
3047 1362 3374 1434 imperante
3403 1362 3648 1417 Romani
3678 1360 3799 1417 illis

2142 1456 2337 1506 essent
2367 1451 2686 1520 tributarii,
2708 1450 3076 1506 Mannuelem
3112 1450 3448 1522 patricium,
3483 1450 3670 1521 patris
3702 1449 3797 1505 sui

2140 1539 2348 1595 Leonis
2397 1539 2643 1596 nothum
2695 1540 2909 1609 filium,
2959 1540 3060 1612 qui
3104 1546 3209 1595 Leo
3256 1555 3390 1595 cum
3438 1538 3549 1594 sub
3604 1537 3796 1611 priore

2142 1627 2403 1685 Romano
2459 1628 2755 1701 legionum
2810 1628 3172 1685 domesticus
3213 1631 3390 1696 esset,
3442 1627 3515 1684 ob
3545 1643 3796 1699 regnum

2139 1717 2471 1773 affectatum
2516 1722 2755 1775 excatus
2815 1718 2945 1787 fuit,
2987 1722 3191 1774 contra
3218 1734 3319 1774 eos
3351 1716 3534 1772 misit.
3571 1718 3625 1772 [s
3657 1733 3794 1773 cum

2118 1806 2198 1862 -in
2226 1806 2486 1863 Siciliam
2544 1823 2677 1863 cum
2735 1806 2952 1863 illustri
3005 1805 3192 1863 classe
3240 1804 3623 1878 appulisset:
3674 1821 3792 1861 non

2137 1895 2308 1951 modo
2342 1895 2486 1951 nihil
2520 1895 2900 1952 memorabile
2928 1894 3132 1967 gessit,
3165 1895 3290 1959 sed,
3322 1894 3499 1950 etiam
3529 1909 3597 1949 ex
3627 1892 3792 1964 inpe-

2132 1984 2290 2049 ritia,
2338 1988 2396 2040 et
2452 1985 2680 2056 juvenii
2723 1984 2957 2054 ferocia,
3016 1984 3103 2040 vel
3175 1984 3370 2056 potius
3437 1982 3790 2050 temeritate,

2131 2072 2383 2145 graviter
2418 2073 2688 2146 impegit,
2710 2073 2837 2146 ipse
2882 2090 3017 2129 cum
3074 2073 3235 2129 omni
3266 2072 3526 2128 exercitu
3574 2086 3783 2127 cassus.

2130 2168 2213 2217 Ac
2251 2162 2313 2216 in
2361 2161 2561 2218 Sicilia
2607 2178 2699 2218 res
2747 2162 2828 2218 ita
2873 2165 3014 2218 acta;
3065 2167 3226 2216 sunt.
3273 2164 3486 2216 Contra
3522 2158 3786 2215 Ciliciam

2130 2254 2349 2318 autem,
2401 2266 2575 2322 quam
2632 2256 2689 2306 et
2732 2251 2924 2324 ipsam
2982 2250 3228 2321 Agarcni
3275 2249 3573 2316 tenebant,
3606 2249 3791 2321 magi-

2131 2344 2322 2396 strum
2373 2340 2660 2396 Joannem
2695 2340 3044 2396 Tzimiscem
3096 2339 3350 2395 Grientis
3400 2338 3789 2394 domesticum

2132 2429 2530 2501 designatum,
2563 2429 2872 2502 ablegavit.
2894 2430 3003 2495 Qui
3034 2446 3168 2485 cum
3199 2427 3787 2497 Adanam,venisset,

2132 2518 2203 2574 de
2230 2518 2359 2591 ejus
2412 2519 2522 2575 loci
2578 2520 2862 2592 Agarenis
2905 2517 3314 2590 triumphavit.
3366 2519 3491 2584 Qua
3546 2515 3791 2572 victoria

2132 2607 2439 2665 celebritas
2490 2609 2750 2666 nominis
2800 2609 2952 2680 ejus,
2998 2612 3063 2664 ut
3108 2606 3333 2664 strenui
3384 2606 3572 2677 ducis,
3636 2604 3797 2661 mul-

2134 2702 2263 2752 tum
2296 2702 2468 2753 aucta
2498 2704 2606 2753 est.

357 2784 545 2859 γονὼς
592 2789 702 2839 τῶν
762 2783 1009 2860 σχολῶν,
1042 2783 1130 2839 ἐπὶ
1188 2785 1474 2857 Ῥωμανοῢ
1531 2788 1627 2838 τοῦ
1677 2782 1931 2861 γέροντος
1985 2781 2262 2860 τυραννίδι
2320 2784 2675 2862 ἐπιχειρήσας
2735 2783 2995 2861 ἐπηρώθη
3055 2783 3188 2850 τοὺς
3238 2780 3584 2860 ὀφθαλμούς.
3617 2782 3793 2845 Οὗτος

365 2871 905 2943 τοίνυνὸΜανουήλ
959 2872 1051 2929 σὺν
1101 2878 1339 2946 ναυτικῷ
1395 2878 1679 2953 περιφανεῖ
1732 2876 1800 2948 τῇ
1862 2869 2091 2946 Σικελίᾳ
2143 2872 2683 2951 προσορμισάμενος,
2734 2874 2798 2929 οὐ
2862 2873 3025 2949 μόνον
3087 2871 3238 2929 οὐδέν
3295 2895 3350 2929 τι
3406 2873 3791 2947 κατώρθωσεν,

375 2958 526 3015 ἀλλὰ
576 2961 663 3015 καὶ
706 2960 833 3018 λίαν
882 2959 1090 3040 ἐσφάλη
1153 2960 1205 3032 ἐξ
1262 2960 1510 3036 ἀπειρίας
1585 2961 1673 3016 καὶ
1733 2964 2061 3038 νεωτερικῆς
2140 2962 2472 3038 ἀγερωχίας,
2530 2961 2567 3032 ἢ
2628 2960 2841 3036 μᾶλλον
2913 2960 3262 3024 ἀτασθαλίας.
3314 2959 3488 3023 Δύτός
3560 2980 3619 3015 τε
3687 2959 3792 3035 γὰρ

378 3046 611 3105 διώλετο
637 3051 724 3107 καὶ
756 3053 897 3106 ἅπαν
924 3051 988 3106 τὸ
1020 3049 1113 3106 συν
1140 3051 1292 3106 αὐτῶ
1319 3050 1729 3126 στρατιωτικὸν,
1763 3051 1851 3106 καὶ
1910 3050 1978 3105 τὰ
2027 3050 2122 3125 μὲν
2171 3052 2309 3106 κατὰ
2356 3049 2607 3107 Σικελίαν
2654 3052 2967 3128 συνέκυρσεν
3026 3050 3188 3108 οὕτω.
3224 3050 3370 3106 Κατὰ
3424 3047 3676 3111 Κιλικίας
3735 3046 3794 3105 δὲ

368 3137 483 3213 (καὶ
534 3139 737 3211 ταύτης
798 3137 857 3194 δὲ
904 3140 955 3194 οὶ
986 3139 1281 3215 Ἀγαρηνοὶ
1324 3137 1602 3215 ἐκράτουν)
1634 3139 1897 3212 ἐκπέμπει
1931 3139 1959 3193 6
1994 3136 2250 3213 βασιλεὺς
2278 3140 2536 3211 Ἰωάννην
2585 3138 2879 3216 μάγιστρον
2934 3139 3027 3195 τὸν
3084 3141 3419 3213 Τζιμισκῆν,
3468 3144 3571 3208 τῆς
3628 3138 3793 3193 Ἀνα-

356 3226 542 3298 τολῆς
574 3229 1096 3306 προκεχειρισμένον
1129 3226 1475 3303 δομέστικον.
1502 3230 1564 3287 Ὁ
1594 3226 1652 3284 δὲ
1680 3228 1816 3304 πρὸς
1846 3225 2082 3283 Ἀδαναν
2116 3226 2466 3306 ἀφικόμενος,
2493 3233 2611 3291 τοῖς
2662 3226 2712 3282 ἐν
2761 3226 2931 3303 ταύτῃ
2988 3248 3046 3282 τε
3102 3224 3412 3298 συνεπλάκη
3443 3226 3789 3303 ’Λγαρηνοῖς,

354 3317 452 3373 καὶ
482 3319 603 3373 κατ’
633 3319 810 3374 αὑτῶν
844 3317 1105 3391 ἐστήσατο
1134 3313 1421 3395 τρόπαιον.
1455 3319 1748 3376 Κάντεῦθεν
1776 3316 1939 3393 μέγαν
1962 3318 2124 3375 αὐτὸν
2155 3317 2192 3387 ἢ
2222 3318 2485 3396 πρότερον
2519 3319 2570 3374 ἐν
2602 3318 2952 3396 στρατηγίαις
2981 3320 3016 3372 '6
3049 3319 3208 3395 φήμη
3239 3316 3555 3394 ἐκήρυττεν.

425 3484 553 3540 ΚΕ.
581 3478 724 3553 ’Ήδη
775 3478 834 3536 δὲ
876 3478 1126 3557 δεύτερον
1172 3480 1413 3537 ἐνιαυτὸν
1467 3480 1642 3537 ἀνύων
1693 3483 1722 3537 ὁ
1768 3479 2015 3560 Νικηφό-

2192 3484 2364 3540 XXV.
2422 3484 2785 3557 Nicephorus
2858 3500 3030 3556 porro
3087 3484 3346 3541 secundo
3409 3482 3644 3555 imperii
3701 3483 3793 3539 sui

353 3591 448 3647 ρος
505 3569 561 3627 ἐν
618 3573 690 3645 τῇ
744 3570 914 3647 ἀρχῇ,
957 3571 1120 3633 αὐτὸς
1177 3569 1337 3641 ἔξεισι
1395 3570 1534 3626 κατὰ
1585 3569 1831 3633 Κιλικίας
1891 3570 2026 3644 μετὰ

353 3659 581 3736 βαρείας
627 3660 842 3736 χειρὸς,
872 3659 966 3715 καὶ
1011 3661 1111 3731 τὴν
1157 3662 1413 3736 Θεοφανὼ
1466 3660 1601 3734 μετὰ
1645 3664 1752 3715 τῶν
1810 3657 2019 3715 παίδων

350 3749 524 3820 αὐτῆς
571 3748 926 3825 ἐπαγόμενος,
976 3750 1066 3804 καὶ
1124 3751 1225 3820 τὴν
1289 3749 1385 3823 μὲν
1444 3749 1553 3825 πρὸ
1611 3755 1713 3820 τῆς
1769 3748 2020 3813 Κιλικίας

346 3839 491 3895 κατὰ
538 3840 606 3895 τὸ
664 3834 944 3911 Δριζίϐιον
995 3837 1282 3917 (φρούριον
1362 3837 1421 3894 δὲ
1476 3842 1656 3911 τοῦτο)
1710 3834 2019 3910 κατέλιπεν,

348 3927 562 3990 ἐκεῖνος
618 3924 677 3982 δὲ
723 3931 793 4001 τῇ
852 3924 1077 4000 Κιλικίᾳ
1132 3922 1486 4004 προσϐαλὼν,
1519 3928 1664 4002 αἱρεῖ
1714 3930 1814 3998 τὴν
1864 3927 2019 3984 Ἀνά-

350 4011 583 4093 ϐαρζαν,
641 4015 845 4071 Ῥωσόν
901 4037 962 4071 τε
1038 4016 1130 4071 καὶ
1188 4013 1424 4073 ’Ἄδαναν
1486 4014 1699 4090 (πόλεις
1759 4014 1807 4071 δ’
1864 4017 2020 4072 αὗται

350 4106 619 4179 Κιλίκων)
680 4102 827 4161 ἀλλὰ
891 4102 1075 4179 μέντοι
1119 4105 1209 4159 καὶ
1261 4105 1498 4183 φρούρια
1551 4103 1799 4162 πλείονα.
1830 4108 1912 4179 Τῇ
1963 4102 2023 4160 δέ

356 4215 416 4267 γε
456 4198 652 4272 Ταρσῷ
693 4193 785 4249 καὶ
834 4197 903 4269 τῇ
946 4193 1292 4269 Μοψουεστίᾳ
1321 4197 1433 4269 (60)
1474 4193 1574 4250 οὐκ
1620 4188 1793 4271 ἔκρινε
1850 4214 2021 4269 προσ-

365 4276 543 4337 ϐαλεῖν
597 4282 692 4339 διὰ
746 4283 841 4339 τὸν
893 4287 1168 4358 χειμῶνα,
1199 4282 1237 4354 ἢ
1278 4287 1376 4339 τοῦ
1433 4280 1635 4358 ἔρωτος
1697 4282 1859 4337 αὐτὸν
1918 4288 2020 4352 τῆς

360 4376 661 4448 θεοφανοῦς
739 4373 878 4448 πρὸς
947 4372 1159 4445 ἐκείνην
1224 4370 1581 4438 ὼθέλκοντος
1616 4393 1628 4407 ·
1693 4372 1858 4445 ἀπῄει
1913 4372 2017 4448 γὰρ

352 4459 446 4516 σὺν
504 4461 642 4537 αὐτῇ
689 4462 829 4539 πρὸς
887 4459 1304 4521 Καππαδοκίαν.
1363 4461 1612 4519 Κάκεῖθεν
1683 4465 1780 4516 τοῦ
1858 4455 2016 4536 ἔαρος

346 4551 656 4626 ἠργμένου,
713 4550 791 4615 εἷς
867 4548 1127 4608 Κιλικίαν
1205 4551 1655 4623 ἀνθυπενόστησε,
1709 4550 1799 4606 καὶ
1854 4548 2015 4614 αὐτὸς

348 4641 452 4713 μὲν
480 4641 585 4710 τὴν
645 4639 1028 4715 Μοψουεστίαν
1075 4636 1411 4716 ἐπολιόρκει,
1440 4644 1511 4716 τῇ
1562 4643 1763 4716 Ταρσῷ
1810 4637 1869 4695 δὲ
1921 4640 2013 4696 τὸν

340 4726 589 4806 ἀδελφὸν
635 4729 900 4799 ἐπέστησε
946 4730 1176 4788 Λέοντα.
1219 4733 1330 4800 Τῆς
1385 4729 1443 4786 δέ
1488 4728 1868 4804 Μοψουεστίας
1923 4728 2018 4804 μέ-

339 4838 443 4875 σον
478 4822 823 4894 ποταμῷτῷ
876 4817 1050 4894 Σάμῳ
1100 4816 1513 4897 διαιρουμένης,
1543 4820 1606 4875 τὸ
1659 4818 1753 4892 μὲν
1810 4817 1866 4875 ἓν
1916 4817 2011 4894 μέ-

2045 4778 2094 4845 D

2133 3590 2305 3646 anno,
2359 3573 2487 3647 ipse
2536 3590 2671 3629 cum
2723 3588 2937 3646 magna
2994 3589 3173 3629 manu
3222 3572 3484 3628 Ciliciam
3540 3571 3793 3639 invadit,

2132 3663 2565 3735 Theophanone
2598 3663 2747 3719 τοι
2784 3679 3017 3735 quoque
3044 3678 3178 3718 cum
3209 3661 3411 3718 liberis
3441 3661 3572 3733 ejus
3602 3661 3793 3716 addu-

2132 3756 2243 3820 cta,
2275 3768 2461 3824 eaque
2489 3751 2750 3820 Drizibii,
2783 3752 2939 3823 quod
2973 3756 3063 3809 est
3104 3750 3411 3808 castellum
3462 3750 3523 3806 in
3580 3741 3792 3806 Cilicia

2130 3842 2291 3897 aditu
2351 3840 2652 3910 collocata,
2702 3841 3087 3909 Anabarzam,
3144 3841 3364 3898 Rosum
3420 3844 3479 3896 et
3523 3839 3790 3896 Adanam

2131 3932 2259 4001 ejus
2291 3930 2602 4003 provincia
2634 3930 2808 3986 urbes
2837 3932 3017 4003 capit,
3058 3929 3290 4002 aliaque
3320 3928 3493 4002 plura
3524 3927 3785 3985 castella.

2131 4020 2380 4076 Tarsum
2409 4036 2543 4076 vero
2589 4024 2649 4075 et
2694 4018 3106 4090 Mopsvestiam
3147 4032 3486 4091 oppugnare
3515 4032 3633 4074 non
3663 4020 3784 4073 sta-

2128 4108 2265 4175 tuit,
2324 4107 2443 4164 sive
2480 4108 2555 4164 ob
2612 4106 2884 4175 hiemem,
2927 4106 3050 4164 sive
3088 4123 3288 4164 amore
3333 4105 3786 4179 Theophanonis

2130 4201 2424 4266 avocatus,
2457 4212 2593 4252 cum
2636 4212 2755 4268 qua
2802 4194 3230 4268 Cappadociam
3279 4194 3468 4268 petiit.
3502 4194 3666 4250 Unde
3694 4210 3789 4251 ve-

2130 4286 2213 4342 ris
2241 4285 2410 4342 initio
2454 4285 2515 4341 in
2562 4285 2823 4341 Ciliciam
2869 4301 3157 4353 reversus,
3208 4284 3387 4341 fratre
3417 4288 3606 4340 Leone
3651 4299 3785 4339 con-

2129 4379 2223 4430 tra
2276 4376 2524 4431 Tarsum
2584 4374 2790 4445 misso,
2849 4375 2978 4447 ipse
3044 4374 3457 4446 Mopsvestiam
3534 4371 3782 4444 obsedit,

2130 4479 2310 4537 quam
2363 4479 2496 4520 cum
2543 4463 2803 4521 medium
2853 4463 3074 4520 ﬂumen
3121 4463 3303 4520 Sarus
3334 4462 3579 4533 dividat,
3606 4461 3787 4520 altera

2130 4554 2260 4625 ejus
2311 4557 2476 4626 parte
2521 4557 2874 4625 expugnata,
2930 4553 3182 4626 Agareni
3234 4552 3366 4624 igne
3422 4551 3661 4623 injecto,
3723 4549 3786 4607 in

2133 4642 2377 4698 alteram
2427 4657 2488 4698 se
2536 4645 2879 4714 receperunt
2928 4657 2941 4696 :
2987 4658 3105 4710 qua
3145 4645 3202 4697 et
3242 4640 3374 4713 ipsa
3410 4645 3583 4712 capta
3612 4655 3785 4696 nemo

2128 4731 2355 4804 eﬂ‘ugit.
2405 4734 2690 4787 Tarsenes
2729 4746 2961 4803 quoque
3007 4729 3209 4787 audita
3244 4731 3571 4804 Mopsestiaa
3601 4745 3784 4802 expu-

2125 4823 2421 4895 gnatione,
2454 4820 2798 4894 imperatosi
2827 4819 3107 4877 accersito
3140 4819 3348 4877 urbem
3388 4817 3779 4876 tradiderunt.

1639 5019 1848 5084 Variae
1876 5018 2179 5083 lectiones
2207 5025 2269 5083 et
2295 5024 2487 5083 notas.

335 5184 520 5256 riam,
549 5183 926 5256 {uacuumque
953 5179 1198 5256 domina
1216 5191 1271 5239 ct
1298 5182 1616 5240 commatri:
1643 5197 1764 5240 sua
1796 5183 2006 5256 Aconju-

335 5254 528 5330 gium,
568 5253 728 5330 Infra
772 5270 786 5310 :
833 5253 1173 5330 Nicephorus
1222 5256 1475 5328 perjurio
1521 5260 1683 5330 atque
1737 5253 2009 5312 adulterio

336 5324 510 5399 regni
522 5398 525 5399 ν
536 5327 864 5399 apiccmgst
891 5324 1141 5399 adeptus.

420 5394 830 5474 (59)_Mavoor\)i
895 5394 1199 5474 πατρίκιον.
1256 5396 1769 5474 Annum___is_tius_
1817 5395 2010 5474 _cla_d_is

338 5474 514 5524 notat
543 5470 746 5542 Lupus
784 5469 1209 5542 protospatha:
1243 5474 1401 5528 Anno
1442 5470 1550 5526 965
1595 5470 1847 5526 introivit
1902 5470 2013 5542 Μα-

337 5550 480 5597 nuet
505 5541 871 5610 patricius’in
897 5541 1175 5609 Siciliam,
1199 5546 1250 5598 et
1296 5543 1377 5598 ibi
1421 5550 1672 5598 mortuus
1722 5550 1819 5598 est.
1854 5541 2009 5597 Liut-

340 5614 614 5685 prandus
641 5614 704 5669 in
738 5612 1069 5686 Legatione,
1100 5614 1355 5686 triennio
1401 5618 1537 5686 post
1580 5612 1776 5686 obita:
1811 5612 2012 5686 scribit

339 5683 516 5743 Etiam
532 5683 1172 5759 ρνῳίαιαεᾞίρροιῃιιιδ
1204 5683 1553 5759 ϐνκσοὲίηοη
1587 5685 1795 5759 Αάεὺενε
1831 5685 2011 5759 _Sara-

340 5756 660 5825 εεηοείεεᾶ
680 5756 925 5816 Franci
946 5756 1246 5831 conterere,
1276 5773 1389 5832 qua
1417 5758 1539 5830 tege
1573 5756 1840 5814 Saraceni
1882 5758 2011 5813 ani-

2119 5184 2418 5268 mati-ante
2447 5183 2756 5268 ἰτίειληίιρςη
2773 5197 2900 5268 cunt
2928 5181 3454 5268 genuelepatricio,
3484 5179 3780 5268 Nice‘phori

2118 5261 2330 5327 nepote,
2352 5257 2519 5327 juxta
2559 5255 2885 5339 ScyltamOct
2924 5253 3257 5337 Charybdin}
3289 5256 3348 5309 in
3401 5253 3546 5308 mari
3592 5253 3777 5309 Siculo

2122 5327 2325 5383 bellum
2350 5329 2575 5400 parant,
2606 5342 2765 5396 cujus
2794 5341 3093 5400 zmmcnsas
3119 5342 3313 5400 copias,
3357 5341 3485 5382 cum
3531 5328 3779 5396 prostra-

2118 5396 2546 5472 vz‘ssent,'ipsum
2592 5396 3146 5471 comprehenderunt,
3179 5396 3473 5472 capiteque
3517 5400 3778 5453 truncum

2119 5487 2204 5527 sv:
2242 5471 2526 5527 enderunt.

2192 5488 2305 5614 (τέο)
2380 5542 2464 5614 Τῇ
2541 5535 2598 5594 δέ
2671 5558 2736 5613 γε
2807 5537 2999 5614 Τάρσῳ
3088 5540 3179 5594 καὶ
3258 5543 3332 5614 τῇ
3384 5538 3775 5614 ,Μοψουεστίφ

2120 5611 2489 5687 Mopsuestia
2566 5611 3059 5687 expugnationem
3121 5631 3157 5668 a
3199 5611 3524 5687 Nicephoro
3581 5613 3775 5671 Phoca

2121 5682 2249 5743 fuse
2279 5688 2482 5742 narrat
2512 5689 2622 5741 Leo
2640 5682 2966 5752 'Diaconus,
3000 5682 3103 5739 lib.
3135 5701 3213 5740 iv.

3916 6032 3925 6037 ε
3934 6022 3939 6027 ⁷
3948 6010 3973 6035 ,ην

3906 6148 3919 6155 ι.
3960 6136 3981 6159 ζ,

3920 6166 3941 6183 τ,
3962 6172 3971 6175 -

3912 6210 3977 6239 δι’.
