4142 6358
357 385 474 472 1‘19

1693 407 2025 474 JOANNIS
2069 385 2426 476 z’oNA‘ms'

3659 408 3778 472 120

351 541 573 600 Triduo
605 531 802 616 elapso
834 541 1042 602 classis
1075 542 1339 618 Egyptia
1368 543 1758 601 Tarsensihus
1790 541 2008 601 auxilio

2140 563 2216 608 >ος
2279 545 2480 618 ταύτης
2532 542 2678 602 έάλω
2734 542 3230 620 πολιορκούμενον,
3278 543 3330 598 οἳ
3389 539 3436 600 δ’
3483 542 3537 599 ἐν
3590 540 3778 616 τούτῴ

354 631 562 704 missa,
593 631 665 688 ad
711 637 928 690 terram
976 633 1305 706 appellendi
1363 633 1696 690 facultatem
1747 649 1862 688 non
1909 633 2014 689 ha-

355 721 486 778 buit
541 721 865 794 eademque
907 722 966 777 in
1023 723 1212 778 reditu
1273 727 1330 778 et
1374 728 1682 778 ventorum
1721 721 2014 795 procellis,

358 812 418 868 et
447 811 846 868 Romanorum
878 811 1206 867 triremium
1242 812 1678 868 incursionibus
1712 811 1916 884 majori
1949 829 2018 867 ex

359 903 526 972 parte
556 899 748 973 periit.
774 901 1097 973 Imperator
1125 901 1692 974 Constantinopolim
1727 917 2014 970 reversus,

361 1017 542 1058 mrces
599 1001 765 1056 Tarsi
810 1005 868 1056 et
915 1000 1241 1073 M0pvesti£s
1300 1005 1498 1074 portas
1546 1001 1828 1074 exquisiti
1873 1001 2017 1056 arti-

362 1091 504 1159 ficii,
527 1089 686 1146 novis
715 1089 1078 1146 ornamentis
1109 1089 1349 1157 additis,
1383 1087 1598 1163 partim
1632 1107 1800 1146 muro
1849 1091 2020 1162 juxta

361 1179 690 1253 Aoropolim
721 1178 1012 1248 orientali,
1045 1179 1260 1251 partim
1305 1177 1649 1235 occidentali
1687 1195 2017 1236 accommo-

362 1269 545 1338 davit,
577 1273 754 1340 atque
783 1268 960 1324 etiam
995 1268 1110 1324 Deo
1141 1267 1310 1340 quasi
1355 1267 1646 1341 primitias
1693 1268 2018 1340 expeditio-

360 1357 456 1416 nis
487 1375 606 1415 sua
638 1357 854 1413 obtulit
884 1375 899 1414 :
936 1357 1282 1413 venerandis
1307 1357 1604 1430 crucibus,
1637 1357 1850 1430 quibus
1880 1357 2017 1414 Bar-

361 1441 490 1505 bari
530 1446 698 1522 potiti
757 1447 1016 1513 fuerant,
1061 1461 1198 1502 cum
1244 1447 1508 1520 Stypotia
1563 1447 1857 1520 legionum
1913 1449 2018 1504 do~

360 1535 667 1602 mesticus,
719 1534 779 1590 in
827 1534 1134 1590 obsidione
1184 1534 1374 1607 Tarsi,
1420 1553 1482 1592 re
1529 1554 1631 1610 per
1676 1536 2020 1610 impruden—

361 1626 507 1683 tiam
541 1621 692 1680 male
725 1629 910 1698 gesta,
933 1621 1158 1680 cladem
1182 1625 1526 1698 accepisset,
1558 1631 1779 1682 Sancta:
1795 1625 2022 1700 Sophim

363 1713 584 1787 templo
615 1713 924 1782 dedicatis,
956 1716 1206 1787 Cyprum
1239 1731 1473 1787 quoquo
1506 1715 1576 1772 ab
1611 1716 1892 1789 Agarenis
1922 1733 2022 1772 oc-

365 1806 666 1876 cupatam,
690 1801 954 1858 Romano
981 1802 1226 1874 imperio
1251 1803 1528 1859 restituit.
1553 1803 1772 1860 Deinde
1795 1805 2022 1878 Syriam

367 1901 604 1970 invasit,
655 1905 712 1958 et
756 1900 998 1957 urbibus
1050 1902 1121 1956 ad
1178 1901 1481 1973 Libanum,
1533 1907 1591 1958 et
1646 1903 1809 1976 juxta
1864 1919 2024 1959 mare

368 1989 501 2048 sitis
547 1990 760 2064 partim
810 1991 1182 2063 expugnatis,
1229 1991 1443 2062 partim
1492 1990 1756 2061 vasiatis,
1805 1992 1876 2048 ad
1905 1993 2022 2047 An-

367 2080 658 2138 tiochium
688 2079 866 2136 venit.
898 2079 1009 2136 Sed
1071 2078 1450 2136 Antiochenis
1479 2077 1674 2136 acrius
1705 2080 2025 2136 resistenti-

365 2171 501 2240 bus,
539 2170 847 2228 accedente
901 2169 1082 2226 etiam
1113 2174 1478 2228 commeatus
1514 2170 1781 2242 penuria,
1815 2175 1870 2226 et
1899 2170 2023 2228 solo

365 2259 660 2318 imbribus
718 2259 1259 2328 inundato,soluta
1313 2258 1615 2316 obsidione
1687 2260 1747 2316 in
1815 2259 2023 2316 urbem

363 2349 711 2424 principem,
743 2355 833 2406 est
867 2364 1155 2418 reversus,
1191 2347 1370 2405 allata
1421 2349 1746 2406 Servatoris
1812 2347 2024 2404 Christi

363 2421 906 2511 sacraidivinaque
953 2437 1168 2511 efﬁgie,
1217 2436 1509 2511 Hierapoli
1561 2439 1738 2511 Syria
1791 2437 1851 2494 in
1910 2437 2027 2494 olla

363 2532 616 2602 reperta,
675 2533 734 2584 et
790 2533 956 2601 parte
1030 2526 1378 2600 capillorum
1440 2527 1689 2584 Joannis
1750 2527 2025 2600 Baptistae

365 2619 660 2690 sanguine
687 2607 977 2674 concreta.
1011 2617 1176 2672 Acin
1231 2617 1407 2673 rebus
1461 2615 1688 2673 bellicis
1742 2615 1873 2672 talis
1920 2617 2030 2673 fuit

363 2707 462 2766 hic
492 2707 831 2779 imperator,
881 2705 1248 2778 Romanique
1285 2706 1516 2779 imperii
1560 2705 1706 2763 ﬁnes
1739 2705 1912 2780 longe
1941 2705 2025 2762 la-

337 2791 542 2870 ‘teque
573 2796 938 2870 propanavit.
993 2797 1102 2852 Sed
1151 2795 1327 2852 certis
1379 2797 1450 2853 de
1509 2797 1727 2867 causis,
1760 2795 2026 2852 omnium

369 2886 506 2942 odia
546 2885 827 2958 suscepit.
869 2885 958 2941 Eae.
1015 2885 1272 2952 fuerunt,
1304 2887 1458 2958 quod
1493 2902 1626 2942 cum
1687 2885 1727 2940 ii
1787 2885 2026 2952 milites,

374 2999 523 3057 quos
573 2983 916 3040 defectionis
955 2983 1146 3040 socios
1205 2983 1513 3050 habuerat,
1561 2983 1730 3039 obvia
1785 3000 2030 3055 quaeque

375 3077 693 3154 vastarent,
723 3089 823 3129 eos
873 3073 975 3146 qui
1023 3073 1242 3130 damna
1288 3071 1567 3146 fecerant,
1601 3089 1715 3130 non
1760 3073 2027 3144 curabat,

370 3167 427 3220 et
486 3161 692 3219 multis
739 3161 963 3218 sedibus
1021 3165 1148 3218 tum
1201 3163 1354 3219 202
1399 3161 1722 3218 illustrium
1750 3165 1877 3217 tum
1909 3160 2030 3232 ple-

2121 634 2421 710 Ἀγαρηνοὶ
2464 635 2601 712 πρὸς
2655 634 2719 690 τὸ
2777 633 2970 690 λοιπὸν
3037 635 3560 709 μετεχώρησαν,τῷ
3615 652 3778 687 κατα-

2125 719 2479 797 λελειμμένῳ
2551 728 2656 800 πῦρ
2719 717 3056 796 ἐμϐαλόντες
3092 741 3104 755 °
3162 721 3276 777 εἶτα
3331 722 3422 776 καὶ
3478 721 3542 776 τὸ
3596 717 3776 794 ἓτερον

2126 811 2383 885 ἑαλώκει,
2409 813 2498 868 καὶ
2527 810 2706 875 οὐδεὶς
2736 811 2934 868 ἐκεῖθεν
2984 809 3188 889 διέδρα.
3222 811 3334 881 Τὴν
3395 807 3452 866 δὲ
3505 817 3608 881 τῆς
3659 811 3783 867 Μο-

2126 903 2410 974 ψουεστίας
2467 901 2794 978 ἐκπόρθησιν
2853 902 2906 957 οἱ
2964 902 3016 957 ἐν
3073 905 3144 967 τῆ
3216 903 3414 977 Ταρσῷ
3498 898 3782 975 μαθόντες,

2124 1001 2215 1055 τὸν
2280 999 2507 1078 βασιλέα
2564 998 2976 1070 ἐπεκαλέσαντο,
3025 999 3112 1056 καὶ
3169 1001 3268 1069 τήν
3325 995 3488 1054 πόλιν
3547 993 3785 1074 παραδε-

2127 1085 2663 1167 δώκασιν.Ἱ.ῐμερῶν
2725 1087 2783 1146 δὲ
2835 1094 3003 1166 τριῶν
3068 1086 3422 1158 διελθουσῶν,
3481 1085 3676 1148 στόλος
3732 1084 3784 1158 ἐξ

2126 1176 2406 1256 Αἰγύπτου
2457 1183 2526 1252 τῇ
2583 1183 2776 1256 Ταρσῷ
2837 1179 3130 1256 βοηθήσων
3203 1176 3558 1246 κατέπλευσε,
3611 1196 3786 1252 προσο

2129 1267 2339 1325 οκεῖλαι
2380 1265 2438 1324 δὲ
2482 1271 2552 1344 τῇ
2581 1267 2766 1346 χέρσῳ
2797 1267 2857 1324 οὐ
2912 1268 3326 1345 συγκεχώρητο⁶
3362 1266 3447 1322 διὸ
3485 1266 3574 1322 καὶ
3635 1263 3790 1329 αὖθις

2128 1356 2461 1414 ἀπέπλευσεν
2493 1377 2506 1390 °
2566 1359 2782 1434 ἀνέμων
2849 1357 2908 1413 δὲ
2987 1358 3189 1434 βιαίαις
3271 1361 3487 1418 πνοιαῖς
3564 1372 3789 1429 περιπεο

2129 1448 2363 1511 πτωκὼς
2406 1449 2498 1504 καὶ
2545 1449 2791 1524 τριήρεσι
2823 1449 3155 1522 Ῥωμαϊκαῖς
3185 1447 3214 1502 6
3243 1444 3448 1502 πλείων
3511 1441 3789 1500 ἀπώλετο.

2128 1537 2192 1594 Ὀ
2234 1534 2292 1592 δὲ
2349 1535 2607 1614 βασιλεὺς
2661 1537 2998 1608 ἐπανέζευξεν
3065 1535 3141 1599 εἷς
3199 1537 3300 1606 τήν
3353 1532 3787 1602 Κώνσταν-πίνου,

2129 1625 2224 1689 τὰς
2277 1626 2378 1696 τῆς
2433 1629 2648 1703 Ταρσοῦ
2729 1627 2908 1690 πύλας
2964 1627 3054 1681 καὶ
3106 1625 3200 1688 τὰς
3255 1630 3357 1694 τῆς
3413 1621 3791 1698 Μοψουεστίας

2131 1714 2490 1792 ἐπαγόμενος,
2552 1716 2612 1772 ἐκ
2685 1714 2902 1793 χαλκοῦ
2975 1713 3373 1788 πεποιημένας,
3432 1711 3523 1768 καὶ
3587 1710 3794 1787 τέχνης

2134 1802 2482 1870 δεικνυούσας
2555 1800 2866 1879 ἀκρίϐειαν,
2927 1803 2990 1869 ἃς
3061 1804 3310 1867 κάκεῖνος
3391 1799 3790 1874 ἐπικοσμήσας,

2056 1925 2102 1990 Β
2132 1905 2226 1968 τὰς
2257 1905 2352 1978 μὲν
2382 1907 2462 1990 τῶ
2499 1904 2636 1990 κατὰ
2691 1906 2792 1975 τὴν
2825 1899 3152 1978 Ἀκρόπολιν
3173 1987 3184 1990 Δ
3211 1901 3334 1975 ἑῴῳ
3389 1899 3562 1990 τείχει
3612 1916 3791 1990 ’προσ-

2132 1985 2495 2070 ήρμρσε,τᾶς
2555 1989 2612 2048 δέ
2666 1997 2745 2065 τῷ
2797 1991 2972 2068 τείχει
3027 1996 3108 2065 τῷ
3167 1987 3391 2063 δυσικῷ.
3442 1987 3644 2060 Καὶτῷ
3675 1990 3794 2059 Θεῷ

2134 2080 2192 2138 δὲ
2247 2083 2498 2158 ἀπαρχὰς
2556 2083 2671 2138 οἷον
2724 2087 2826 2152 τῆς
2898 2079 3063 2135 αὐτοῦ
3121 2077 3404 2157 στρατείας
3470 2073 3792 2144 ἀποδιδοὺς,

2129 2171 2259 2235 τοὺς
2314 2167 2532 2246 τιμίους
2608 2172 2889 2248 σταυροὺς,
2949 2169 3043 2233 οὓς
3102 2169 3154 2224 οἱ
3213 2162 3493 2243 Βάρϐαροι
3569 2159 3794 2234 ἔλαϐον,

2133 2259 2372 2332 ὁπηνίκα
2400 2261 2428 2316 ὁ
2471 2260 2826 2331 Στυπειώτης
2869 2263 2980 2315 τῶν
3038 2255 3258 2335 σχολῶν
3315 2254 3636 2332 δομέστικος
3694 2252 3796 2323 ὣν,

2133 2351 2224 2407 καὶ
2283 2347 2596 2425 πολιορκῶν
2656 2347 2754 2418 τὴν
2811 2349 3040 2424 Ταρσὸν,
3071 2347 3130 2403 ἐκ
3171 2340 3544 2407 κακοϐουλίας
3603 2341 3798 2399 δυστυ-

2134 2441 2351 2516 χήματι
2405 2437 2710 2512 περιέπεσε,
2760 2443 2840 2512 τῷ
2895 2437 3026 2511 Θείῳ
3081 2435 3292 2512 τεμένει
3347 2434 3448 2505 τῆς
3501 2437 3599 2490 τοῦ
3659 2435 3796 2489 Θεοῦ

2135 2527 2314 2604 Λόγου
2373 2525 2576 2607 Σοφίας
2637 2525 2870 2592 ἀνέθετο.
2920 2526 3023 2584 Καὶ
3093 2526 3194 2596 τήν
3262 2524 3477 2600 Κύπρον
3541 2519 3600 2578 δὶ
3654 2521 3806 2596 παρᾶ

2137 2619 2454 2695 Ἀγαρηνῶν
2543 2617 2939 2692 κατεχομένην,
2989 2613 3059 2671 δι’
3140 2613 3306 2670 αὐτοῦ
3387 2615 3423 2684 ἡ
3508 2609 3802 2686 Ῥωμαίων

2137 2707 2284 2783 ἀρχὴ
2342 2708 2772 2782 προσεκτήσατο.
2834 2703 2966 2764 Εἶτα
3043 2705 3111 2779 τῇ
3187 2699 3359 2779 Συρίᾴ
3415 2699 3645 2772 ἐπῆλθε,
3703 2699 3803 2754 γαὶ

2135 2794 2326 2858 πόλεις
2381 2793 2744 2872 ἐκπορθήσας,
2793 2793 2883 2850 καὶ
2940 2795 3131 2871 χώρας
3187 2791 3328 2849 ἐλὼν
3383 2793 3519 2864 πρὸς
3571 2794 3652 2862 τῷ
3702 2796 3805 2844 Λι-

2138 2877 2287 2960 ϐάνῳ
2333 2884 2424 2940 καὶ
2469 2888 2540 2959 τῇ
2587 2881 2830 2958 παραλίᾳ
2886 2881 3162 2957 κειμένας,
3223 2881 3392 2952 ἦλθεν
3453 2879 3532 2943 εἷς
3582 2877 3802 2935 Ἀντιόο

2136 3002 2314 3059 χειαν.
2391 2987 2506 3037 Τῶν
2593 2979 2638 3036 δ’
2695 2980 3226 3053 ἀντικαθισταμένων
3309 2974 3802 3054 ἐρῥωμενέστερον,

2138 3068 2246 3142 ἤδη
2283 3067 2338 3126 δὲ
2367 3070 2456 3126 καὶ
2486 3075 2592 3126 τῶν
2625 3066 2949 3141 ἐπιδηδείων
3011 3065 3408 3124 ἐπιλειπόντων
3458 3069 3577 3127 τοῖς
3637 3083 3801 3138 στρα-

2138 3161 2383 3232 τιώταις,
2433 3159 2535 3222 καὶ,
2573 3159 2845 3233 τέλματος
2907 3156 2959 3228 ἐξ
3023 3158 3178 3213 ὑετοῦ
3228 3153 3516 3233 γεγονότος
3559 3151 3796 3220 πολλοῦ,

369 3251 635 3308 belorum
667 3249 977 3307 hominum
1010 3250 1276 3322 direptis,
1310 3250 1394 3306 sic
1423 3250 1664 3306 affectus
1685 3254 1829 3318 erat,
1863 3248 2028 3321 quasi

2141 3249 2345 3320 ἀπέστη
2393 3254 2494 3319 τῆς
2543 3245 2888 3323 πολιορκίας,
2917 3247 3009 3302 καὶ
3062 3247 3200 3322 πρὸς
3255 3245 3356 3314 τὴν
3415 3248 3524 3299 τῶν
3583 3237 3796 3297 πόλεων

369 3340 519 3397 nihil
552 3339 692 3396 mali
741 3331 1055 3396 accidisset
1084 3356 1098 3395 :
1131 3341 1231 3396 sed
1283 3339 1683 3396 delectabatur
1714 3339 1907 3412 potius
1939 3339 2028 3394 in-

363 3429 567 3502 juriis,
600 3429 818 3502 quibus
849 3429 1005 3486 cives
1053 3429 1473 3496 onerabantur,
1523 3431 1796 3501 quamvis
1826 3445 2029 3485 eorum

372 3535 482 3593 ope
510 3519 582 3575 ad
615 3517 931 3591 imperium
963 3518 1347 3590 pervenisset.
1390 3522 1697 3588 Praeterea,
1729 3524 2031 3574 continen-

369 3608 522 3664 tium
555 3606 841 3664 bellorum
883 3611 1161 3679 praetextu
1213 3607 1378 3662 novis
1421 3607 1660 3662 tributis
1714 3607 2033 3663 instituen-

373 3697 490 3768 dis,
521 3701 580 3752 et
608 3695 900 3752 ceteribus
933 3695 1242 3768 augendis,
1274 3695 1469 3752 omnis
1515 3695 1748 3767 generis
1778 3696 2032 3753 exactio-

373 3785 554 3842 nibus
582 3785 851 3842 subditos
900 3786 1221 3858 premebat,
1254 3801 1404 3856 quos
1436 3783 1653 3841 milites
1684 3802 2035 3859 quocunque

370 3879 654 3932 venerant
699 3873 884 3930 nihilo
933 3874 1287 3930 clementius
1337 3875 1668 3931 tractabant
1721 3890 1896 3946 quam
1928 3875 2034 3932 ho-

375 3967 517 4022 stes.
551 3965 634 4020 Ad
664 3963 788 4020 hac
839 3965 912 4020 ob
951 3964 1290 4035 frequentes
1319 3963 1740 4038 expeditiones,
1773 3965 2034 4038 pecunias

374 4053 636 4127 inopiam
665 4052 964 4111 causando
995 4053 1405 4126 imperatorias
1431 4053 1776 4128 largitiones
1805 4055 2036 4112 senatui

377 4143 504 4200 dari
533 4143 761 4210 solitas,
792 4160 860 4199 ex
892 4147 1057 4216 parte
1087 4143 1498 4215 imminuebat,
1551 4149 1609 4200 et
1657 4161 1854 4200 annua
1884 4145 2039 4200 dona

378 4233 451 4290 ah
481 4232 741 4302 antiquis
770 4233 1138 4304 temporibus
1165 4232 1405 4305 templis
1453 4237 1512 4289 et
1541 4233 1674 4290 aliis
1705 4233 1817 4308 piis
1849 4233 2038 4291 domi-

378 4324 493 4379 bus
540 4322 826 4378 attributa
884 4320 1122 4392 penitus
1174 4321 1436 4377 sustulit.
1505 4322 1748 4380 Decreto
1805 4339 2040 4394 quoque

379 4410 598 4479 sanxit,
633 4425 706 4468 ne
738 4409 905 4466 fundi
937 4409 1320 4467 ecclesiarum
1355 4416 1732 4484 augerentur,
1764 4412 1916 4484 quod
1953 4412 2042 4483 (ut

379 4500 508 4573 ipse
520 4498 1301 4570 asserebat)asacerdotibus
1315 4517 1429 4555 non
1446 4500 1504 4554 in
1525 4499 1908 4556 ecclesiarum
1927 4499 2042 4556 uti-

381 4588 613 4646 litatem
639 4605 778 4662 opes
810 4586 924 4644 illa
954 4588 1380 4644 conferrentur.
1404 4589 1540 4644 Orta
1572 4605 1742 4661 porro
1770 4589 1924 4644 inter
1939 4604 2041 4660 pa-

2146 3339 2539 3414 ὑπερκειμένην
2599 3333 3024 3406 ἐπανελήλυθεν,
3069 3333 3378 3410 ἐπηγμένος
3435 3331 3527 3387 καὶ
3583 3331 3646 3386 τὸ
3702 3329 3805 3384 τοῦ

2142 3430 2402 3503 Σωτῆρος
2460 3429 2699 3500 Χριστοῦ
2747 3425 2892 3501 ἱερὸν
2948 3425 3036 3480 καὶ
3097 3425 3238 3479 θεῖον
3299 3421 3618 3495 ἐκτύπωμα,
3661 3420 3691 3475 ’ὀ
3750 3417 3804 3474 ἐν

2139 3517 2366 3591 κεράμῳ
2411 3515 2532 3592 εὗρε
2571 3515 2709 3571 κατὰ
2757 3515 2857 3584 τὴν
2907 3514 3214 3590 Ἰεράπολιν
3261 3513 3362 3582 τὴν
3421 3515 3530 3566 τῶν
3591 3506 3808 3584 Σύρων,

2139 3605 2232 3662 καὶ
2279 3605 2584 3682 βόστρυχον
2638 3609 2737 3660 τοῦ
2793 3606 3098 3682 Βαπτιστοῦ
3153 3599 3409 3660 Ἰωάννου
3459 3597 3649 3673 α’ίματι
3707 3618 3810 3652 πε-

2141 3673 2438 3774 φυρμένον..
2485 3673 2581 3750 τΕν
2648 3694 2741 3768 μὲν
2803 3673 2908 3749 οὖν.
2955 3690 3312 3768 στρατηγίαις
3381 3692 3630 3751 τοιοῦτος
3692 3685 3809 3764 ἐγε.

2139 3784 2288 3861 γόνει
2341 3785 2370 3840 6
2426 3775 2801 3858 αὐτοκράτωρ,
2841 3783 2932 3838 καὶ
2991 3781 3080 3837 ἐπὶ
3138 3780 3344 3856 μακρὸν
3400 3777 3629 3850 ηὐξήκει
3673 3781 3810 3831 Ῥω-

2145 3874 2326 3950 μαίοις
2382 3873 2450 3929 τὰ
2505 3872 2649 3950 ὅρια,
2696 3873 2787 3928 καὶ
2840 3878 2942 3942 τῆς
3006 3869 3184 3927 αὐτῶν
3238 3867 3532 3946 ἡγεμονίας
3585 3865 3812 3938 ἐξέτεινε

2141 3964 2210 4018 τὰ
2265 3961 2649 4039 σχοινίσματα.
2711 3959 2891 4018 Ἀλλᾶ
2947 3957 3018 4015 δι’
3073 3955 3247 4022 αἰτίας
3305 3955 3457 4022 τινὰς
3515 3959 3678 4012 πᾶσιν
3737 3953 3808 4024 ἦν

2145 4073 2432 4129 στυγητοε.
2465 4053 2536 4108 Αἱ
2568 4049 2616 4107 δ’
2669 4050 2857 4120 αἰτίαι,
2891 4049 2976 4106 ὅτι
3032 4053 3141 4104 τῶν
3202 4047 3294 4104 σὺν
3335 4048 3488 4121 αὖτῷ
3536 4049 3608 4120 τῇ
3666 4041 3810 4100 ἄπο-

2145 4143 2337 4214 στασίᾳ
2391 4139 2859 4218 ἐπιχειρησάντων
2916 4141 3259 4217 στρατιωτῶν
3322 4140 3502 4200 κακῶς
3577 4131 3811 4198 διατιθε-

2151 4234 2321 4307 μένων
2371 4231 2497 4293 τοὺς
2547 4234 2628 4294 οἷς
2685 4228 2746 4285 ἂν
2806 4228 3110 4306 ἐντύχοιεν,
3141 4232 3250 4284 τῶν
3296 4226 3652 4300 κακουμένωδ
3710 4221 3816 4279 οὐκ

2148 4319 2524 4400 ἐπεστρέφετο,
2572 4320 2665 4376 καὶ
2723 4318 2916 4376 οἷ’κιῶν
2973 4316 3202 4375 πολλῶν
3261 4320 3573 4395 περιφανῶν
3621 4334 3676 4370 τε
3726 4311 3818 4367 ἀν-

2150 4407 2293 4487 δρῶν
2343 4409 2434 4464 καὶ
2493 4406 2809 4483 δημοτικῶν
2861 4404 3284 4484 διαρπαγεισῶν,
3316 4406 3391 4468 ὡς
3446 4400 3664 4476 οὐδενὸς
3722 4421 3818 4456 κα-

2149 4505 2249 4556 κοῦ
2305 4497 2617 4576 γεγονότος,
2678 4495 2930 4568 διέκειτο,
2976 4495 3189 4572 μᾶλλον
3253 4495 3348 4570 μὲν
3405 4489 3497 4550 οὖν
3557 4491 3648 4549 καὶ
3707 4489 3820 4546 ἐνε-

2147 4588 2326 4667 τρύφα
2377 4593 2500 4652 ταῖς
2567 4586 2644 4652 ei:
2700 4585 2828 4652 τοὺς
2884 4586 3078 4648 ἀστοὺς
3133 4582 3462 4661 παροινίαις,
3502 4582 3593 4638 καὶ
3647 4582 3821 4636 ταῦτα

381 4677 704 4735 triarcbam
749 4681 808 4733 et
833 4677 1140 4750 episcopos
1189 4677 1262 4732 de
1292 4677 1591 4749 suffragiis
1646 4677 2031 4746 contentione,

2154 4676 2556 4755 συναραμένους
2609 4677 2757 4750 αὐτῷ
2806 4676 2943 4752 πρὸς
2995 4682 3096 4746 τῆς
3160 4670 3437 4751 βασιλείας
3472 4673 3683 4748 τυχεῖν.
3713 4667 3818 4723 Καὶ

387 4775 600 4836 cumhi
629 4773 982 4832 decernendi
1000 4773 1296 4831 licentiam
1329 4774 1760 4848 etapprobandi
1795 4779 2046 4848 potesta-

385 4872 506 4924 tem
538 4865 652 4922 sibi
681 4863 1133 4930 vidicarenl,ille
1171 4863 1448 4936 suti'ragia
1483 4863 1948 4936 reprehenderet,
1980 4869 2048 4921 ut

390 4972 520 5030 quea
551 4971 656 5012 nec
685 4955 813 5010 sine
860 4953 1191 5022 affectibus,
1251 4969 1355 5008 nec
1413 4957 1568 5009 recto
1608 4953 1778 5032 judio
1827 4953 2045 5010 ferren-

391 5050 512 5113 tur,
543 5058 897 5117 operamque
919 5041 1100 5110 darei,
1127 5045 1192 5097 ut
1213 5041 1284 5098 ab
1313 5041 1388 5096 iis
1411 5041 1705 5114 judicium
1731 5042 1972 5100 factoris
1987 5047 2046 5100 et

391 5133 522 5210 ipse
549 5135 610 5192 in
639 5131 954 5190 consilium
1002 5131 1380 5188 adhiberetur
1425 5149 1438 5188 :
1489 5132 1806 5206 imperator
1840 5150 1909 5190 ex
1937 5133 2047 5190 hoc

393 5227 636 5297 sumpta
672 5221 1000 5290 occasione,
1031 5227 1084 5278 el
1121 5219 1283 5277 omni
1322 5222 1668 5279 auctoritate
1697 5222 2046 5294 designandi

393 5312 700 5388 episcopos
753 5311 865 5368 sibi
914 5310 1226 5378 vindicata,
1275 5311 1457 5368 edixit
1504 5327 1576 5369 ne
1613 5312 1926 5385 quisquam
1957 5312 2046 5368 in-

387 5387 564 5477 jussu
596 5417 704 5458 suo
733 5397 794 5457 in
839 5399 1022 5456 ullam
1075 5387 1392 5458 Ecclesiam
1443 5401 1792 5458 mitteretur.
1824 5402 2049 5458 Mortuo

396 5491 578 5564 igitur
607 5491 904 5564 episcopo,
937 5505 1007 5546 ex
1037 5489 1324 5548 ministris
1353 5491 1478 5548 suis
1508 5492 1566 5547 in
1597 5491 1915 5548 Ecclesiam
1961 5508 2054 5548 va-

399 5584 630 5638 cantem
681 5579 949 5635 mittebat
996 5578 1274 5653 aliquem,
1310 5597 1426 5653 quo
1475 5586 1750 5653 sumptus
1781 5593 2052 5638 necessa-

401 5669 524 5726 rios
570 5683 740 5740 parce
786 5667 1049 5738 faciente,
1080 5669 1208 5742 ipse
1258 5667 1488 5742 reliqua
1532 5669 1644 5727 sibi
1695 5667 2054 5726 vindicabat.

405 5757 607 5830 Neque
650 5773 787 5815 vero
835 5775 902 5816 eo
953 5758 1281 5832 imperante
1308 5759 1368 5816 in
1401 5759 1538 5816 ullis
1583 5758 1898 5832 provinciis
1941 5775 2056 5816 un-

2155 4778 2238 4834 ὅτι
2290 4778 2558 4856 προφάσει
2611 4780 2722 4832 τῶν
2779 4777 3022 4851 συνεχῶν
3080 4771 3365 4846 πολέμων,
3423 4773 3638 4831 καιναῖς
3711 4764 3821 4822 εἷσ-

2155 4873 2350 4946 φοραῖς
2407 4855 2498 4922 καὶ
2553 4869 2659 4922 τῶν
2719 4861 2966 4942 ἀρχαίων
3027 4861 3302 4936 αύξήσεσι,
3343 4859 3434 4916 καὶ
3493 4855 3652 4915 εἰδῶν
3714 4855 3824 4946 eie-

2159 4942 2348 5032 πράξει
2396 4951 2754 5010 παντοδαπῶν
2803 4951 3057 5029 ἐξέτρυχε
3096 4952 3162 5007 τὸ
3212 4951 3478 5021 ὑπήκοον,
3508 4947 3600 5003 καὶ
3657 4942 3818 5001 ούδὶν

2160 5047 2382 5120 ἄμεινον
2439 5042 2726 5118 πολεμίων
2779 5042 2843 5097 τὸ
2917 5039 3308 5117 στρατιωτικὸν
3366 5036 3626 5102 διετίθετο
3679 5035 3820 5111 πρὸς

2155 5133 2255 5198 οὓς
2285 5133 2344 5190 ἂν
2375 5138 2483 5189 τῶν
2534 5132 2792 5204 ὑπηκόων
2849 5129 3243 5207 ἐπεχωρίασεν.
3277 5127 3403 5188 Ἐπὶ
3455 5124 3673 5191 τούτοις
3732 5120 3825 5180 διὸ,

2154 5225 2250 5288 τὰς
2307 5223 2512 5286 πυκνὰς
2589 5219 2932 5294 ἐκστρατείας
3011 5216 3218 5276 ἔνδειαν
3288 5216 3435 5295 ἔχειν
3515 5215 3826 5294 χρημάτων

2157 5311 2650 5392 προφασιζόμενος,
2706 5309 2802 5374 τὰς
2883 5309 2978 5385 μὲν
3051 5305 3448 5383 διανεμομένας
3504 5307 3577 5381 τῇ
3627 5317 3825 5392 γερουτ

2161 5387 2250 5474 σίᾳ
2282 5387 2594 5478 ’βασιλικὰς
2652 5395 2860 5476 δωρεὰς
2907 5396 3046 5454 κατᾶ
3105 5397 3270 5476 μέρος
3297 5395 3607 5467 ἠλάττωσε,
3631 5392 3728 5454 τὰς
3771 5387 3822 5446 δ’

2163 5489 2578 5564 ἀπονεμημένας
2629 5485 2879 5554 ἀνέκαθεν
2937 5483 3214 5562 τεμένεσιν
3273 5487 3446 5562 ἱεροῖς
3498 5481 3588 5538 καὶ
3640 5479 3827 5557 εὖάγε-

2165 5601 2248 5636 σιν
2305 5577 2480 5642 οἴκοις
2528 5575 2800 5640 ἐπετείους
2860 5573 3038 5640 δόσεις
3096 5574 3370 5654 ἐσχόλασε
3423 5571 3633 5630 τέλεον.
3693 5567 3827 5625 Εἶτα

2164 5670 2252 5726 καὶ
2309 5667 2563 5749 ψήφιςμα
2619 5665 2895 5746 βασίλειον
2950 5660 3124 5736 ἔθετο,
3159 5665 3211 5722 ἐν
3243 5664 3524 5738 ἀκινήτοις
3579 5661 3676 5723 τὰς
3705 5657 3827 5749 Ἰιξκο

2164 5740 2416 5832 κλησίας
2478 5740 2555 5835 μὴ
2619 5740 3093 5834 ἐμπλατύνεσθαι,
3148 5754 3240 5816 καὶ
3296 5757 3334 5826 ὴ
3390 5750 3674 5832 τρόφασις,
3737 5740 3829 5802 ὅτι
