4142 6362
374 365 488 426 123

1726 384 2055 449 JOANNIS
2097 386 2440 449 ΖΟΝΑΒιΕ

3674 392 3788 453 124

373 498 588 555 festum
617 500 747 598 fuit,
778 504 934 574 quod
968 508 1190 581 regiam
1223 527 1392 569 muro
1433 516 1842 575 circumdedit;
1875 519 2020 578 Nam

2141 518 2483 595 ἀνθρώπους,
2540 522 2630 577 καὶ
2659 522 2694 592 ἡ
2751 525 2859 577 τῶν
2909 520 3198 598 βασιλείων
3229 526 3307 595 τῷ
3360 521 3535 598 τείχει
3562 518 3794 597 περιϐο-

372 604 504 644 cum
538 591 843 648 oraculum
876 600 1219 669 accepisset,
1254 619 1317 659 se
1340 604 1397 658 in
1428 622 1496 660 ea
1524 606 1895 664 interfectum
1931 610 2023 675 iri,

371 678 616 748 putabat
648 696 712 735 se
744 685 1039 741 moenibus
1064 694 1254 745 tutum
1280 692 1422 748 fore.
1487 697 1795 752 Enimvero
1840 697 1924 753 sic
1972 696 2025 752 ei

370 766 843 826 ratiocinandum
897 774 1005 829 fuit
1051 794 1064 831 :
1118 778 1174 833 Si
1227 797 1425 837 verum
1484 792 1639 842 esset
1696 786 2024 854 oraculum,

370 855 547 911 etiam
578 858 761 913 fatum
796 864 885 929 (ut
919 863 1003 918 ita
1037 866 1258 941 loquar)
1318 871 1603 932 divinitus
1662 877 2021 944 ordinatum,

371 961 501 1038 esse
528 946 842 1038 inevitable
857 956 912 1005 et
942 953 1346 1028 immutabile;
1381 963 1473 1019 sin
1501 965 1558 1020 id
1573 965 1769 1038 aliqua
1791 966 2027 1023 solertia

372 1034 666 1105 prohiberi
700 1045 915 1108 posset.
953 1060 1064 1098 non
1090 1046 1292 1119 utique
1323 1068 1451 1107 esse
1497 1034 1724 1121 verum,
1755 1072 2023 1111 omnem-

372 1140 485 1194 que
515 1124 806 1182 solertiam
824 1140 1462 1201 supervacaneam.Sed
1492 1142 1590 1200 ille
1620 1144 1783 1201 nulla
1811 1144 2023 1201 harum

373 1228 569 1268 rerum
602 1215 1011 1277 considerata:
1047 1226 1277 1295 magnis
1326 1232 1661 1304 sumptibus
1703 1234 1923 1307 regiam
1956 1251 2022 1290 eo

370 1318 560 1370 muro,
623 1309 736 1394 qui
794 1307 970 1364 etiam
1024 1329 1179 1370 nunc
1265 1320 1550 1389 cernitur,
1611 1323 2020 1394 circumdedit,

369 1405 542 1462 quem
584 1392 735 1448 cives
796 1398 1129 1471 Acropolim
1180 1409 1236 1460 et
1290 1410 1597 1467 castellum
1649 1392 2023 1485 tyrannieum

367 1486 571 1534 contra
601 1496 662 1535 se
694 1489 1660 1561 exstructumjudicabant.Verum
1694 1501 2022 1557 munitione

367 1568 645 1640 perfecta,
677 1586 811 1628 cum
844 1591 907 1630 se
930 1577 1057 1648 jam
1090 1597 1181 1638 res
1215 1601 1355 1642 suas
1415 1587 1473 1643 in
1532 1593 1656 1646 tuto
1706 1591 2023 1648 collocasse

371 1661 628 1753 putaret,
684 1665 809 1717 tum
871 1665 1110 1724 demum
1179 1689 1313 1729 cum
1392 1676 1549 1734 intra
1615 1696 1742 1736 eam
1829 1680 2021 1753 ipsam

370 1746 709 1821 crederetur,
768 1751 1072 1826 intellexit,
1127 1760 1431 1821 inventum
1491 1767 1638 1823 illud
1705 1746 1872 1825 nihil-
1911 1770 2023 1826 sibi

370 1835 683 1932 profuisse.
717 1839 825 1896 Sed
862 1842 970 1901 hoc
1010 1846 1066 1901 in
1097 1855 1409 1921 praesentia
1472 1858 1716 1927 omisso,
1771 1876 1862 1916 res
1893 1861 2020 1932 ejus

367 1929 567 2020 gestas
603 1943 1012 2020 exsequamur.
1044 1939 1373 2010 Antiochia,
1406 1946 1562 2002 204
1590 1964 1765 2020 quam
1800 1929 2020 2005 ﬂumen

366 2016 614 2107 Orontes
639 2016 828 2107 alluit,
852 2031 1480 2098 revertens,castellum
1512 2036 1572 2091 in
1594 2016 1784 2093 ’i‘auro
1800 2043 2020 2107 monte,

370 2118 548 2202 quem
580 2104 752 2202 hodie
811 2111 985 2185 vulgo
1044 2116 1314 2176 Maurum
1374 2130 1603 2192 vocant,
1654 2104 2019 2184 construxit:

376 2191 660 2249 Michaele
690 2195 891 2272 Burze,
927 2219 1102 2275 quem
1153 2213 1466 2280 patricium
1524 2215 1677 2281 fecit,
1747 2222 1804 2273 et
1848 2216 2025 2273 Tauri

377 2283 597 2338 montis
627 2284 835 2343 ducem
886 2294 1229 2368 nominavit,
1283 2302 1354 2356 ad
1412 2304 1775 2362 infestandos
1833 2307 2026 2364 Antio-

379 2369 698 2465 cheuosibi
729 2376 948 2436 relicto.
982 2382 1214 2442 Petrum
1276 2407 1408 2449 vero
1461 2397 1777 2465 quemdam
1817 2413 1885 2452 ex
1914 2397 2026 2452 mi-

377 2458 759 2553 nistris‘suis,
793 2475 1113 2529 castratum
1172 2477 1339 2535 illum
1388 2458 1648 2553 quidem,
1708 2486 1809 2541 sed
1868 2490 2021 2542 stre-

375 2565 564 2605 nuum
596 2551 916 2647 hominem,
940 2569 1328 2637 constantem,
1361 2576 1419 2627 et
1449 2551 1702 2629 militum
1736 2576 2021 2647 regendo-

375 2655 508 2736 rum
567 2643 843 2736 peritum,
903 2656 1442 2724 stratopedarcbam
1497 2643 1830 2736 designavit
1892 2680 1906 2721 :
1959 2670 2025 2721 ut

371 2724 566 2783 locum
598 2733 874 2790 exercitui
919 2738 1082 2797 daret
1119 2745 1190 2799 ad
1224 2724 1659 2806 hibernandum
1692 2751 1751 2806 in
1799 2752 2020 2809 Cilicia.

370 2819 729 2915 Imperatore
753 2824 1087 2896 Byzantium
1118 2849 1365 2905 reverso,
1426 2838 1640 2896 Burzes
1670 2842 1893 2897 crebris
1923 2858 2019 2897 ex-

372 2909 749 3003 cursionibus
779 2916 1169 3003 Antiochenos
1209 2928 1502 2997 Agareuos
1554 2928 1889 3000 infestabat,
1922 2948 2020 2988 as-

373 2995 544 3096 sidue
572 2998 643 3054 de
669 3001 959 3096 capiendae
986 3011 1146 3067 urbis
1176 2995 1468 3088 facultate,
1503 2995 1885 3092 parandaque'
1907 3019 2022 3077 sibi

372 3083 559 3181 gloria
589 3091 871 3181 cogitans.
906 3097 1163 3162 Quodam
1208 3104 1385 3176 igitur
1412 3083 1674 3181 tempore
1704 3083 1886 3166 turris
1917 3128 2022 3166 cu-

363 3172 606 3268 jusdam
640 3178 1015 3243 altitudinem
1050 3189 1198 3247 clam
1220 3172 1712 3268 mensus,paratis
1745 3199 2019 3255 scalisilli

369 3263 632 3354 paribus,
684 3276 852 3328 nocte
909 3274 1156 3350 liberna,
1208 3282 1377 3338 illuni
1558 3287 1784 3354 nivosa,
1843 3288 2016 3344 tacite
2049 3269 2091 3337 (ἶ

371 3353 663 3446 moenibus
694 3359 855 3416 urbis
888 3368 1167 3437 succedit,
1201 3373 1513 3446 at’ﬁxisque
1551 3375 1722 3432 scalis
1745 3393 1877 3432 cum
1903 3381 2021 3432 tre-

369 3442 712 3537 centisu(tot
749 3450 904 3506 enim
955 3455 1289 3516 advertente
1355 3442 1587 3521 nemine
1634 3465 2021 3537 adduxerant)

372 3533 656 3625 ascendit,
689 3542 963 3599 custodes
989 3549 1169 3604 turris
1199 3554 1256 3605 et
1286 3551 1485 3608 obvios
1531 3570 1798 3625 quosque
1829 3533 2020 3621 caedit,

373 3620 689 3714 statimque
718 3631 1208 3703 stratopedarchm
1240 3640 1472 3697 nuntiat
1499 3620 1639 3714 quid
1669 3620 1789 3710 fiat,
1837 3647 1894 3699 et
1947 3620 2020 3699 ad

375 3725 545 3781 opem
580 3713 874 3773 ferendam
910 3724 1172 3781 accersit.
1207 3727 1267 3782 Id
1292 3728 1389 3785 ille
1420 3713 1797 3786 detrectabat.
1850 3732 2027 3787 Fere-‘

373 3797 547 3895 batur
574 3803 1065 3879 enimimperator
1094 3813 1178 3870 illi
1209 3818 1622 3890 mandasse,ue
1651 3820 2022 3876 Antiochiam

373 3888 882 3985 invaderet,quod
917 3901 1079 3958 urbis
1109 3904 1235 3976 ejus
1293 3888 2022 3985 captivitateminteritum

371 3980 746 4076 imperatoris
775 3995 1229 4051 consecuturum
1261 3980 1495 4070 vulgata
1539 3980 1870 4056 fama'erat.
1902 4006 2021 4055 An-

370 4067 627 4161 tiocheni
656 4088 791 4130 cum
816 4080 1007 4136 turres
1047 4067 1386 4156 occupatas-
1418 4103 1543 4144 esse
1590 4088 2020 4161 cognovissent,

373 4169 440 4211 eo
463 4157 733 4218 alacriter
775 4181 1116 4238 convenere,
1172 4175 1243 4229 ad
1275 4179 1566 4233 Romanos
1622 4157 2020 4250 eipellendos,

373 4249 873 4324 stratopedarcha,
930 4262 1202 4330 quamvis
1253 4265 1538 4337 anticipiti
1588 4249 1729 4322 cura
1773 4266 2023 4324 distine-

374 4340 560 4425 retur,
583 4345 640 4395 et
662 4346 923 4402 mandati
952 4349 1348 4424 imperatoris,
1371 4360 1427 4410 et
1454 4354 1614 4411 exitii
1644 4356 1861 4425 Burzaa,
1886 4372 2020 4412 cum

370 4423 606 4484 cohorte
636 4446 765 4504 sua,
796 4439 996 4494 tamen
1033 4456 1146 4496 non
1178 4442 1670 4500 committendum
1685 4461 1815 4501 esse
1833 4450 2018 4513 ratus,

369 4518 548 4605 uttot
576 4517 682 4574 viri
716 4524 1025 4595 perierant,
1069 4546 1204 4585 cum
1251 4533 1529 4589 omnibus
1577 4533 1760 4605 cepiis
1814 4534 2020 4589 Antio-

2138 605 2233 677 λή.
2268 607 2872 685 Κεχρησμοδοτημένον
2904 610 3005 686 γὰρ
3065 605 3231 687 ἔχων,
3287 611 3351 666 τὸ
3376 610 3427 666 ἐν
3477 615 3596 673 τοῖς
3643 612 3791 686 βασι-

2135 695 2306 761 λείοις
2365 696 2587 770 μέλλειν
2648 699 3125 775 ἀναιρεθήσεσθαι,
3177 697 3342 771 ἔδοξε·
3404 700 3579 773 ἐαυτῷ
3633 720 3791 776 περι-

2133 792 2403 851 ποιεῖσθαι
2462 785 2551 843 διά
2604 793 2701 844 τοῦ
2747 790 2969 865 τείχους
3028 788 3344 868 ἀσφάλειαν,
3405 786 3522 844 δεον
3563 787 3792 865 λογίσα-

2135 886 2275 948 σθαι,
2330 877 2404 938 ὡς
2465 876 2511 932 εἰ
2574 878 2666 951 μὲν
2730 877 2932 949 ἀληθὲς
2962 874 3048 948 εἴη
3096 878 3161 934 τὸ
3194 875 3667 955 χρησμοδότημα,
3700 876 3784 949 εἴη

2133 961 2193 1017 ἂν
2252 964 2341 1018 καὶ
2398 967 2781 1043 πεπρωμένον,
2815 966 2881 1021 ἶν’
2936 965 3108 1029 οὕτως
3140 966 3379 1040 εἴποιμι,
3436 966 3498 1022 νὸ
3529 965 3589 1022 ἐκ
3647 970 3783 1021 Θεοῦ

2134 1052 2458 1129 ὡρισμένον,
2520 1054 2753 1130 ἄφυκτόν
2803 1077 2863 1110 τε
2930 1057 3021 1111 καὶ
3078 1055 3394 1130 ἀμετάθετο.
3454 1056 3519 1111 Εἴ
3578 1052 3637 1111 δὲ
3694 1053 3786 1110 δύ-

2129 1163 2281 1198 ναιτο
2337 1142 2652 1215 κωλυθῆναι
2684 1143 2758 1201 δι’
2779 1143 3013 1209 ἐπινοίας
3065 1147 3237 1216 τινὸς,
3279 1145 3341 1201 οὗ
3371 1145 3588 1208 πάντως
3656 1143 3793 1216 ἀλη-

2132 1232 2238 1301 atq,
2296 1232 2385 1288 καὶ
2445 1235 2510 1289 τὰ
2542 1232 2898 1308 ἐπινοούμενα
2927 1234 3172 1312 περιττά.
3203 1237 3271 1294 Ὃ
3303 1232 3360 1290 δὲ
3387 1235 3602 1290 τούτων
3634 1232 3787 1290 οὐδὲν

2132 1320 2531 1398 λογισάμενος,
2593 1323 2855 1401 μεγάλαις
2917 1323 3177 1389 δαπάναις
3231 1329 3311 1398 τῷ
3367 1329 3457 1379 νῦν
3520 1324 3786 1401 ὁρωμένῳ

2128 1412 2301 1488 τείχει
2355 1415 2422 1467 τὰ
2475 1411 2724 1488 βασίλεια
2777 1414 3159 1493 ἐστεφάνωσεν,
3238 1412 3568 1488 ’Δκρόπολιν
3629 1411 3677 1469 δ’
3735 1414 3790 1468 oi.

2129 1499 2355 1556 πολῖται
2412 1506 2574 1557 τοῦτο
2629 1502 2721 1557 καὶ
2777 1510 3091 1579 τυραννεῖον
3149 1505 3269 1559 καθ’
3321 1504 3523 1559 ἑαυτῶν
3556 1502 3783 1577 γινόμε-

2129 1610 2219 1643 νον
2280 1586 2488 1665 ἔκρινον
2525 1633 2538 1646 .
2597 1594 2727 1650 "Ore
2778 1592 2958 1648 τοίνυν
3015 1592 3283 1669 ἀπήρτισε
3339 1592 3401 1647 τὸ
3460 1590 3779 1667 ὀχύρωμα,

2131 1679 2221 1733 καὶ
2282 1676 2456 1750 ἔδοξεν
2515 1680 2688 1752 ἐαυτῷ
2743 1683 3201 1756 περιποιήσασθαι
3249 1682 3349 1750 τὴν
3416 1679 3664 1755 φύλακὴν
3697 1679 3791 1734 ἀσ-

2133 1764 2308 1845 φαλῆ,
2358 1763 2467 1822 τότ’
2522 1764 2660 1843 ἔγνω
2695 1766 2863 1843 μηδὲν
2906 1768 3054 1842 αὐτῷ
3080 1767 3441 1835 λυσιτελῆσαν
3474 1769 3537 1824 τὸ
3567 1766 3788 1839 ἐπινόη-

2136 1876 2229 1929 μα,
2266 1855 2501 1918 ὑποστὰς
2560 1856 2709 1921 ἐντὸς
2739 1857 2944 1913 ἐκείνου
2988 1858 3081 1913 τὸν
3113 1853 3362 1934 ὄλεθρον.
3406 1854 3583 1912 Ἀλλὰ
3616 1856 3787 1929 μήπω

2130 1943 2253 2020 περὶ
2306 1945 2523 2015 τούτου,
2581 1942 2658 2001 ἔτι
2691 1944 2735 2000 δ’
2766 1948 2794 2001 6
2846 1945 3013 2022 λόγος
3062 1946 3281 2021 πράξεις
3312 1944 3523 2017 διεξίτω
3554 1944 3784 2003 ἐκείνου.

2130 2034 2463 2089 Τπονοστῶν
2496 2033 2546 2107 ἐξ
2608 2035 2949 2111 Ἀντιοχείας
2979 2037 3112 2110 (63).
3171 2041 3273 2104 τῆς
3331 2036 3467 2109 πρὸς
3522 2032 3780 2110 Ὀρόντην

2133 2122 2287 2185 οὗτος
2317 2123 2345 2177 6
2394 2122 2669 2199 βασιλεὺς,
2716 2124 2976 2201 φρούριον
3022 2124 3074 2180 ἐν
3118 2129 3199 2198 τῷ
3239 2119 3351 2201 ὄρει
3407 2127 3505 2179 τοῦ
3563 2122 3784 2197 Ταύρου

2132 2208 2405 2284 ἐδείματο,
2466 2215 2689 2290 Μαῦρον
2746 2211 2803 2268 δέ
2851 2210 2977 2289 ὄρος
3026 2212 3196 2269 ἐκεῖνο
3245 2212 3390 2290 λέγει
3423 2217 3516 2268 νῦν
3548 2212 3576 2266 6
3606 2209 3783 2273 πολὺς

2133 2297 2437 2373 ἄνθρωπος,
2500 2301 2554 2356 ἐν
2624 2303 2670 2374 ᾧ
2728 2301 2961 2378 Μιχαὴλ
3016 2302 3108 2358 τὸν
3178 2301 3451 2379 Βούρτζην
3502 2298 3785 2374 κατέλιπε,

2133 2388 2416 2464 πατρίκιον
2475 2392 2730 2464 τιμήσας,
2788 2391 2879 2447 καὶ
2934 2395 3032 2447 τοῦ
3089 2391 3315 2466 Μαύρου
3366 2386 3531 2466 ὅρους
3589 2409 3789 2464 στρατ-

2134 2478 2266 2557 ηγὸν
2327 2479 2598 2554 ὀνομάσας
2655 2480 2836 2551 αὐτὸν,
2893 2481 3021 2545 τοὺς
3052 2483 3359 2556 Ἀντιοχεῖς
3389 2484 3584 2536 κακοῦν
3616 2479 3789 2535 ἐντει-

2134 2568 2390 2644 λάμενος.
2438 2569 2535 2625 Καὶ
2613 2572 2816 2646 Πέτρον
2874 2569 2920 2625 δ’
2970 2567 3065 2626 ἕνα
3118 2575 3227 2626 τῶν
3285 2571 3475 2626 ἐαυτοῦ
3524 2568 3788 2645 θεραπόν-

2129 2681 2259 2727 των,
2322 2658 2574 2733 ἐκτομίαν
2639 2660 2757 2733 μὲν,
2814 2656 3140 2735 δραστήριον
3204 2657 3260 2714 δέ
3288 2680 3349 2737 γε
3377 2660 3468 2714 καὶ
3522 2653 3785 2735 ἐμϐριθῆ,

2128 2748 2220 2802 καὶ
2277 2744 2465 2825 ἄρχειν
2516 2745 2697 2804 εἰδότα
2729 2754 3095 2825 στρατιωτῶν,
3130 2745 3624 2824 Στρατοπεδάρχην
3656 2747 3785 2802 ὀνο-

2135 2838 2307 2911 μάσας
2365 2835 2672 2907 κατέλιπεν,
2720 2835 2796 2893 τίν’
2850 2836 2903 2893 ἐν
2987 2838 3207 2911 Κιλικίᾳ
3276 2836 3400 2909 δοίη
3471 2838 3660 2913 χώραν
3712 2839 3786 2911 τῇ

2128 2932 2351 3002 στρατιᾷ
2378 2927 2471 2982 τὸν
2512 2932 2765 3003 χειμῶνα
2812 2924 3111 3004 διαγαγεῖν.
3144 2927 3244 2983 Καὶ
3305 2928 3332 2982 6
3393 2927 3488 3000 μὲν
3528 2923 3785 3001 βασιλεὺς

2127 3018 2254 3085 ἧκεν
2289 3015 2365 3079 εἰς
2404 3016 2465 3072 τὸ
2498 3016 2812 3086 Βυζάντιον,
2848 3018 2891 3073 ‘6
2940 3013 2998 3072 δὲ
3044 3017 3321 3090 Βούρτζης
3378 3019 3621 3092 συνεχῶς
3676 3014 3787 3085 ἐξε-

2131 3103 2342 3160 λαύνων
2401 3103 2598 3160 ἐκάκου
2655 3105 2785 3169 τοὺς
2829 3104 2882 3161 ἐν
2940 3105 3226 3181 Ἀτιοχείᾳ
3276 3103 3636 3182 Ἀγαρηνοὺς,
3695 3105 3789 3158 καὶ

2131 3190 2401 3249 διεσκόπει
2448 3193 2598 3258 ὅπως
2620 3191 2741 3249 ἓλοι
2798 3195 2898 3264 τήν
2938 3191 3094 3249 ,πόλιν
3124 3193 3175 3249 εἴ
3203 3190 3468 3263 δύναιτοι,
3499 3193 3590 3248 καὶ
3621 3191 3785 3254 κλέος

2129 3276 2253 3354 ἔξει,
2310 3280 2540 3346 Ἒλαθεν
2575 3283 2664 3338 οὖν
2719 3303 2853 3338 ποτε
2907 3280 3101 3357 μέτρον
3159 3286 3256 3337 τοῦ
3315 3282 3485 3358 ὕψους
3533 3282 3651 3347 ἐνὸς
3675 3285 3785 3337 τῶν

2129 3371 2349 3447 πύργων
2409 3365 2618 3444 λαϐὼν,
2675 3372 2931 3447 καὶπρὸς
2990 3376 3245 3427 τοσοῦτον
3308 3370 3443 3447 ὕψος
3482 3370 3786 3447 ἀναλογους

2128 3462 2470 3535 ἡτοιμάσατο
2500 3458 2797 3534 κλίμακας.
2858 3459 3108 3531 Φυλάξας
3168 3458 3258 3516 οὖν
3312 3459 3485 3519 νύκτα
3511 3459 3634 3536 μίαν
3663 3479 3754 3535 χει

2135 3551 2345 3626 μέριον,
2404 3548 2668 3620 ἀσέληνόν
2698 3571 2757 3605 τε
2786 3550 2875 3605 καὶ
2932 3548 3230 3629 νιφετώδη,
3262 3550 3541 3626 πρόσεισιν
3601 3549 3788 3624 ἠρέμα

2128 3644 2209 3711 τῷ
2256 3638 2427 3714 τείχει
2483 3646 2584 3710 τῆς
2643 3638 2904 3708 πόλεως,
2959 3640 3050 3695 καὶ
3106 3641 3204 3704 τὰς
3249 3638 3525 3713 κλίμακας
3578 3637 3787 3715 ἐρείσας

2130 3727 2298 3801 αὐτῷ,
2331 3722 2496 3799 ἀνέϐη
2562 3731 2696 3802 μετὰ
2742 3728 3068 3805 τριακοσίων
3126 3731 3437 3802 (τοσουτους
3493 3728 3596 3805 γὰρ
3648 3726 3787 3798 ἐπή-

2129 3837 2275 3893 γετο,
2339 3814 2572 3889 μηδενὸς
2631 3816 3011 3891 αἶ’σθομένους)
3039 3818 3129 3873 καὶ
3152 3816 3279 3881 τοὺς
3316 3817 3410 3892 μὲν
3441 3822 3538 3873 τοῦ
3571 3814 3786 3892 πύργου

2131 3906 2336 3961 ἐκείνου
2386 3905 2630 3986 φύλακας
2682 3906 2884 3977 ἀνεῖλε,
2942 3907 3033 3963 καὶ
3090 3906 3287 3983 ἐτέρων
3345 3904 3787 3978 πλησιαζόντων,

2132 3993 2347 4051 στέλλει
2379 3992 2437 4050 δὲ
2491 3994 2684 4051 αὐτίκα
2735 3996 2873 4072 πρὸς
2904 3997 2992 4051 τὸν
3055 3993 3560 4073 στρατοπεδάρχην,
3596 3992 3786 4065 δηλῶν

2132 4084 2278 4157 αύτῷ
2305 4085 2368 4140 τὸ
2423 4086 2740 4161 γενόμενον,
2772 4085 2863 4140 καὶ
2894 4086 3031 4160 πρὸς
3068 4086 3323 4161 βοήθειαν
3357 4083 3782 4157 ἐκκαλύομενος,

2129 4174 2187 4228 Ὀ
2240 4172 2298 4229 δὲ
2355 4171 2639 4229 ἀνεδύετο*
2716 4173 2933 4250 λέγεται
2998 4173 3100 4251 γὰρ
3175 4171 3508 4237 ἐντείλασθαί
3588 4173 3641 4226 οἱ
3696 4172 3791 4227 τὸν

2136 4262 2391 4341 βασιλέα,
2454 4265 2532 4338 μὴ
2591 4259 2923 4341 προσϐαλεῖν
2985 4266 3051 4337 τῇ
3112 4262 3443 4340 Ἀντιοχείᾳ,
3501 4264 3584 4317 ὅτι
3637 4263 3793 4337 παρὰ

2129 4359 2262 4408 πᾶσι
2315 4354 2666 4431 πεφήμιστο,
2722 4356 2792 4428 τῇ
2853 4360 2954 4423 τῆς
3014 4352 3351 4430 Ἀντιοχείας
3406 4349 3617 4433 ἁλώσει⁶
3663 4348 3791 4426 ἕψε-

2132 4453 2251 4506 σθαι
2310 4441 2401 4496 καὶ
2453 4446 2550 4497 τοῦ
2601 4447 2930 4518 κρατοῦντος
2956 4443 3049 4498 τὸν
3083 4439 3339 4519 ὄλεθρον.
3400 4441 3467 4500 Οἱ
3499 4438 3792 4497 δὲἈντιο-

2130 4536 2275 4607 χεῖς,
2332 4530 2550 4606 γνόντες
2577 4536 2688 4586 τῶν
2718 4530 2941 4609 πύργων
2970 4532 3071 4602 τὴν
3100 4529 3327 4604 ἅλωσιν,
3355 4529 3467 4586 ἐκεῖ
3495 4528 3788 4603 συνηθροί-

366 4601 558 4703 cbiam
590 4606 830 4668 invadit.
864 4614 988 4678 Quo
1020 4617 1170 4674 facto
1197 4619 1359 4675 statii
1390 4625 1449 4677 et
1479 4601 1693 4677 manus
1749 4625 1807 4676 et
1837 4621 2018 4676 animi

2130 4601 2358 4690 σθησαν,
2416 4617 2661 4690 ἐξελάσαι
2701 4601 3183 4695 τοὺ’ς”“Ρωμαίους
3236 4601 3411 4675 αὐτῶν
3460 4601 3790 4695 προθυμού-

362 4694 751 4781 Barbarorum
783 4705 1407 4766 conciderunt.Burzes
1438 4726 1571 4766 vero
1593 4726 1727 4766 cum
1750 4710 1878 4766 suis
1888 4711 2015 4781 jam

368 4780 673 4871 desperata
704 4791 916 4862 salute,
936 4794 1165 4864 revixit,
1189 4802 1246 4853 et
1300 4803 1468 4869 porta
1496 4798 1738 4871 bipenni
1770 4803 2014 4866 resecta,

366 4868 620 4962 liberum
649 4876 985 4952 ingressum
1014 4868 1506 4958 stratopedarchae
1540 4868 1810 4962 praebuit.
1833 4889 2018 4945 Tanta

367 4960 926 5037 facilitate,illustris
941 4975 1251 5032 Antiochia
1266 4976 1328 5033 in
1352 4960 1750 5035 Romanorum
1770 4983 2020 5052 potesta-

364 5054 485 5108 tem
516 5056 696 5113 venit.
727 5060 788 5115 Id
831 5060 1170 5135 imperatori
1221 5067 1562 5124 nuntiatum
1618 5068 1751 5141 plus
1800 5068 2018 5128 doloris

366 5141 566 5200 attulit
622 5164 799 5219 quam
850 5152 1190 5225 voluptatis,
1248 5160 1304 5212 et
1362 5158 1707 5230 praeclarum
1766 5159 2015 5228 facinus,

363 5230 550 5290 iratus
608 5241 1102 5312 stratopedarchae
1155 5249 1213 5301 et
1267 5251 1483 5320 Burzze,
1535 5250 1910 5306 contumeliis
1963 5254 2020 5306 et

2131 4729 2304 4781 μενοι.
2363 4709 2507 4784 Πρὸς
2558 4707 2654 4765 δύο
2702 4710 2884 4765 τοίνυν
2936 4708 3150 4765 ἐναντία
3203 4708 3519 4785 μαχόμενον
3552 4703 3699 4785 ἔχων
3754 4710 3785 4765 6

2125 4795 2609 4876 στρατοπεδάρχης
2636 4801 2727 4856 τὸν
2788 4797 3080 4874 λογισμὸν,
3136 4800 3236 4870 τήν
3285 4819 3345 4854 τε
3379 4796 3666 4874 βασιλικὴν
3700 4796 3788 4854 ἐν-

2124 4886 2321 4959 τολήν,
2351 4888 2442 4962 καὶ
2469 4891 2562 4945 τὸν
2612 4887 2841 4966 ὄλεθρον
2903 4892 2995 4944 τοῦ
3058 4888 3331 4963 Βούρτζη,
3379 4889 3470 4945 καὶ
3524 4892 3632 4944 τῶν
3688 4887 3783 4945 σὺν

2127 4979 2277 5050 αὐτῷ
2330 4979 2657 5053 τριακοσίων
2716 4975 2951 5054 ἀνδρῶν,
2983 4973 3132 5035 ἔθετο
3180 4980 3257 5053 μὴ
3311 4979 3462 5034 ἐᾶσαι
3490 4977 3788 5042 τοσούτους

2125 5064 2322 5142 ἄνδρας
2352 5066 2674 5136 ἀπολέσθαι,
2732 5067 2823 5122 καὶ
2868 5064 3000 5142 ἄρας
3057 5065 3149 5122 σὺν
3194 5066 3355 5123 παντὶ
3392 5071 3473 5141 τῷ
3528 5067 3788 5145 στρατεύ-

2131 5176 2282 5231 ματι,
2342 5151 2684 5229 προσϐάλλει
2732 5159 2802 5231 τῇ
2860 5155 3169 5234 Ἀντιόχουί
3232 5153 3324 5212 καί
3380 5154 3572 5212 αὐτίκα
3602 5157 3656 5212 οἱ
3689 5157 3789 5231 μὶν

2126 5244 2390 5320 πολέμιοι
2421 5245 2752 5324 παρείθησαν
2782 5245 2873 5301 καὶ
2928 5245 3027 5310 τὰς
3086 5250 3284 5324 χεῖρας
3312 5244 3403 5301 καὶ
3433 5246 3530 5309 τὰς
3581 5247 3786 5323 ψυχάς.

1643 5431 1844 5494 Variae
1872 5431 2174 5495 lectiones
2199 5438 2261 5494 et
2291 5437 2482 5495 nota.

438 5584 562 5668 (63)_
618 5587 953 5668 Ὑπονοστῶν
1020 5589 1071 5662 ἐξ
1152 5589 1526 5668 Ἀντιοχείας,
1553 5593 2015 5668 Expeditionem

364 5656 606 5739 haec}?
640 5656 1099 5739 Agareposquée
1129 5666 1239 5723 sub
1269 5656 1423 5724 anno
1468 5656 1597 5734 968,
1651 5656 1887 5735 accidit,
1910 5670 2014 5739 iat-

364 5731 497 5804 tigit
528 5731 1010 5808 Liutprandus'in
1041 5739 1239 5812 Legat.
1272 5742 1492 5811 Quarta
1515 5731 1663 5812 feria
1692 5731 2018 5812 ipsius'Heb-

2124 5590 2371 5650 domadz
2391 5592 2731 5666 Nicephorus
2776 5591 3309 5666 Constantinopolim
3364 5592 3670 5666 egreditur,
3724 5593 3786 5649 in

2125 5665 2377 5739 Assyrio:
2402 5665 2773 5738 profecturus.
