4142 6404
383 457 503 518 125

1689 454 2108 519 ANNALlUM
2150 455 2301 518 LIB.
2343 455 2500 519 XVI.

3689 443 3807 506 126

385 588 455 644 Οἱ
512 582 570 641 δὲ
622 584 748 660 περὶ
806 585 899 641 τὸν
957 587 1249 663 Βούρτζην,
1307 587 1395 643 καὶ
1455 588 1619 650 αὐτὸς
1666 586 1890 658 ἐκεῖνος,
1931 584 2031 657 ἤδτ

2161 589 2339 659 minis
2357 592 2447 646 est
2478 590 2908 657 remuneratus,
2939 585 3330 654 ademptoquo
3360 576 3806 652 imperio,illum

380 673 742 752 ἀπειρηκότες
821 674 1218 746 ἆνεζωώθησαν
1267 719 1283 746 ,
1342 676 1432 731 καὶ
1506 677 1574 732 τὰ
1641 676 1866 753 κλεῖθρα
1941 681 2047 731 τῶν

2161 679 2334 734 domo
2365 679 2518 734 exire
2537 678 2738 733 vetuit.

388 762 580 820 πυλῶν
634 764 661 818 ὃ
709 763 990 838 Βούρτζης
1046 763 1265 821 πελέκει
1326 763 1612 840 διακόψας,
1644 763 1826 821 ἄνετον
1876 766 2120 841 παρέσχε
2176 771 2256 820 τῶ
2316 763 2764 842 στρατοπεδάρχῃ
2819 765 2916 832 τήν
2974 757 3210 827 εἷ’σοδον,
3267 757 3356 812 καὶ
3412 758 3447 826 ἡ
3505 754 3807 832 περιφανὴς

390 852 709 964 Ἀντιόχεια,
754 852 880 929 ῥᾷον
942 853 1116 917 οὕτως
1178 856 1283 910 ὑπὸ
1340 855 1646 929 Ῥωμαίους
1704 854 2029 930 ἐγένετο.““0
2084 859 2165 927 τῷ
2227 854 2442 929 βασιλεῖ
2479 853 2742 930 ἀγγελθὲν
2804 850 2994 928 ἄλγος,
3058 847 3185 905 ἀλλ’
3243 846 3305 902 ού
3358 845 3645 922 χαρμονῆν
3705 842 3809 896 ἐνε-

573 963 580 964 ,
716 947 752 964 η
882 943 894 960 ι
1140 948 1168 959 ~
1512 942 1569 964 ay
1848 944 1864 964 κ
1962 948 1990 957 --
2053 945 2093 964 ῃ
2145 943 2159 963 ι
2238 948 2265 964 ν
2365 951 2392 962 ..-
2604 941 2667 964 ιμ-
2817 943 2829 958 ε
3048 936 3534 964 ).,νςδ----...η-ι....---
3568 927 3806 964 2....υιω..

393 943 634 1047 ποίησεν.
696 942 934 1047 Ἰῗμηνία
987 964 1067 1047 τε.
1100 948 1181 1047 τιῖρ
1238 942 1716 1021 στρατοπεδάρχῃ,
1774 944 1865 999 καὶ
1923 948 2001 1016 τῷ
2053 943 2300 1020 Βούρτζῃ
2326 951 2426 1014 τῆς
2457 927 2696 1013 σπουδῆς
2742 943 2833 998 καὶ
2886 927 2982 996 τοῦ
3041 936 3534 1014 ἀνδραγαθήματος
3567 927 3806 1007 ἀμοιϐὴν

1277 1032 1296 1047 \
1325 1035 1338 1047 ι
1497 1033 1511 1047 ι
1596 1033 1635 1047 ιλ
1727 1034 1739 1047 ι
1995 1032 2008 1047 5
2087 1038 2111 1047 ε.
2213 1034 2226 1047 ι
2337 1035 2350 1047 ιι
2451 1036 2464 1047 ι
2685 1034 2697 1047 \
2892 1031 2906 1047 9
3008 1033 3035 1043 -ο
3143 1025 3168 1047 91
3354 1026 3364 1047 1
3419 1045 3446 1047 _.
3478 1046 3481 1047 ν
3550 1022 3802 1047 _,.___I-_'__-.

394 1032 662 1107 παρέσχεν
735 1025 919 1107 ὕϐρεις
978 1032 1070 1087 καὶ
1148 1032 1422 1107 ἀπειλὰς,
1485 1033 1741 1110 ἀφείλετό
1819 1054 1879 1088 τε
1951 1032 2115 1089 αὐτοῦ
2166 1034 2265 1102 τήν
2327 1035 2504 1109 ἀρχὴν
2538 1078 2558 1104 ,
2614 1034 2701 1089 καὶ
2770 1031 2916 1106 ποιρᾶ
2968 1033 3049 1102 τῷ
3108 1025 3245 1100 οτόιῳ
3307 1026 3484 1100 μένειν
3543 1022 3803 1097 ἀπρόϊτον

387 1117 699 1196 διωρίσατο.

455 1211 572 1265 ΚΖ’.
606 1204 815 1282 Συνέϐη
851 1207 909 1265 δέ
951 1233 1004 1267 τι
1054 1210 1144 1267 καὶ
1191 1209 1373 1287 ἕτερον
1406 1212 1435 1267 ’ὀ
1464 1211 1556 1268 τὸν
1604 1209 1781 1287 δῆμον
1823 1212 2046 1286 ἐξέμηνε

383 1299 522 1352 κατὰ
549 1302 647 1353 τοῦ
681 1297 971 1375 βασιλέως,
1019 1300 1108 1355 καὶ
1161 1303 1297 1357 κατὰ
1345 1300 1526 1376 δήμου
1573 1303 1664 1357 τὸν
1711 1300 2042 1377 αὐτοκράτο-

384 1406 474 1461 ρα.
508 1392 664 1444 Κατά
712 1408 764 1442 τι
808 1386 1044 1446 παλαιὸν
1095 1384 1267 1465 ἔθος(
1342 1391 1442 1466 )ἐν
1499 1396 1597 1466 μιᾷ
1645 1396 1754 1446 τῶν
1787 1398 2042 1445 Δεσποτι-

384 1480 499 1531 κῶν
528 1477 734 1553 ἑορτῶν
782 1477 858 1542 εἷς
906 1480 999 1534 τὸν
1049 1478 1100 1535 ἐν
1150 1483 1221 1554 τῇ
1272 1485 1429 1557 Πηγῇ
1459 1482 1601 1537 θεῖον
1646 1481 1770 1536 ναὸν
1803 1476 2038 1556 πρόοδον

385 1564 630 1621 ἐποιεῖτο
687 1567 716 1622 ὁ
779 1567 1062 1644 βασιλεὺς,
1117 1569 1208 1625 καὶ
1261 1564 1457 1642 συνέϐη
1519 1571 1683 1644 μέσον
1732 1569 2037 1646 Ἀρμενίων

382 1653 477 1709 καὶ
509 1653 784 1729 πλωΐμων
818 1656 1153 1736 φιλονεικίαν
1203 1654 1497 1737 προϐῆναι,
1546 1661 1649 1716 κάκ
1676 1658 1879 1730 ταύτης
1909 1680 2042 1732 συμ-

382 1739 564 1812 ϐολὴν
600 1743 868 1817 ἀλλήλων
918 1749 1007 1803 καὶ
1067 1753 1227 1822 θροῦν
1278 1750 1367 1804 καὶ
1416 1750 1610 1826 κρότον
1660 1747 1901 1819 πολλὴν,
1948 1747 2039 1803 καὶ

2226 1212 2449 1269 XXVII.
2476 1212 2702 1269 Accidit
2731 1215 2788 1267 et
2816 1209 2974 1266 aliud
3006 1207 3312 1280 quiddam,
3344 1203 3500 1275 quod
3531 1205 3588 1258 et
3618 1216 3802 1272 popu-

2152 1301 2276 1357 lum
2309 1307 2511 1358 contra
2557 1303 2989 1373 imperatorem,
3042 1302 3099 1353 et
3152 1295 3566 1366 imperatorem
3599 1294 3802 1345 contra

2151 1392 2435 1465 pepulum
2467 1390 2847 1448 exacerbavit.
2881 1387 3143 1454 Quodam
3180 1384 3321 1439 festo
3368 1379 3798 1436 Dominicoim-

2151 1486 2510 1554 peratore,ex
2539 1480 2716 1537 veteri
2749 1476 3195 1539 consuetudine,
3228 1474 3286 1528 in
3320 1476 3615 1542 Pegauum
3649 1472 3799 1523 tem-

2152 1571 2317 1638 plum
2343 1572 2491 1628 205
2527 1568 2926 1641 supplicatum
2992 1579 3250 1637 egresso,
3311 1557 3543 1622 accidit,
3600 1561 3665 1612 ut
3692 1557 3798 1610 Ar-

2150 1660 2328 1717 menii
2359 1665 2417 1716 et
2445 1663 2637 1715 nautae
2667 1661 2793 1715 orta
2820 1654 3190 1711 contentione
3220 1666 3353 1706 cum
3406 1663 3611 1717 magno
3642 1662 3798 1700 mur-

2150 1767 2316 1807 mure
2373 1755 2430 1805 et
2498 1747 2755 1805 tumultu
2823 1747 2977 1801 inter
3031 1759 3090 1799 se
3174 1737 3688 1811 congrederentur,
3741 1738 3799 1791 et

383 1834 553 1927 φόνον
581 1832 1175 1927 ἀνδρῶνὲἒκατέρωθεν.
1227 1842 1343 1910 Τῆς
1364 1925 1373 1927 ξ
1394 1825 1462 1894 δέ
1502 1840 1695 1916 φήμης
1723 1839 1786 1894 τὸ
1814 1838 2031 1915 γεγονὸς

2152 1840 2425 1912 utrinque
2452 1839 2562 1894 viri
2613 1837 2837 1908 aliquot
2864 1835 3156 1891 caderent.
3202 1831 3324 1894 Quo
3381 1832 3514 1883 ante
3543 1825 3797 1881 reditum

379 1923 506 1985 τοὶς
537 1922 589 1979 ἐν
620 1928 688 1999 τῇ
722 1923 881 1981 πόλει
911 1927 1017 2003 πρὸ
1047 1930 1145 1998 τῆς
1193 1925 1452 1984 ἐπανόδου
1482 1932 1578 1983 τοῦ
1626 1926 1893 2005 βασιλέως
1918 1948 2039 1982 κατ-

383 2009 762 2088 αγγειλάσης,
822 2015 874 2068 οἱ
947 2021 1044 2071 τοῦ
1120 2014 1303 2091 δήμου
1358 2014 1653 2082 ἀτάσθαλοι
1711 2018 1848 2072 κατὰ
1903 2037 2041 2090 συμ-

396 2101 595 2177 μορίας
651 2101 935 2177 γενόμενοι
995 2103 1336 2182 πολλαχοῦ,
1396 2107 1485 2162 καὶ
1557 2111 1673 2168 τοῖς
1733 2104 2041 2182 Ἀρμενίοις

388 2187 704 2246 ἐπανιοῦσιν
765 2192 1176 2264 ὑπαντιάζοντες
1209 2238 1224 2264 ,
1284 2193 1467 2267 ξύλοις
1527 2194 1762 2257 ἐκείνους
1826 2193 2040 2249 συνέκο-

385 2298 548 2336 πτον.
582 2281 668 2342 Ὠς
708 2278 765 2336 δὲ
793 2283 881 2338 καὶ
917 2283 945 2337 ὁ
981 2281 1237 2360 βασιλεὺς
1284 2285 1498 2364 ἐφθάκει
1545 2284 1683 2340 κατὰ
1709 2285 1810 2355 τὴν
1840 2282 2040 2361 ἀγορὰν

378 2370 493 2421 τῶν
549 2369 972 2448 Ἀρτοπρατίων,
1031 2368 1214 2449 ὕϐρεις
1274 2374 1525 2430 κάκείνου
1580 2375 1840 2449 κατέχεον
1876 2418 1890 2442 ,
1949 2370 2040 2427 καὶ

383 2451 620 2531 θόρυϐος
648 2460 806 2534 ἦρτο,
836 2460 927 2515 καὶ
961 2462 1085 2538 βοαί
1113 2485 1172 2519 τε
1210 2463 1299 2519 καὶ
1349 2460 1670 2540 συνδρομαὶ,
1701 2463 1791 2518 καὶ
1838 2462 1890 2517 οἱ
1942 2462 2035 2535 μὲν

379 2542 574 2610 λίθους
605 2546 804 2625 ἠφίουν
850 2552 985 2606 κατᾶ
1022 2556 1118 2607 τοῦ
1165 2551 1453 2628 βασιλέως,
1494 2553 1547 2607 oi
1596 2551 1653 2607 δὲ
1698 2551 1847 2607 κόνιν
1882 2546 2041 2606 ἐπατ-

375 2655 476 2690 τον
535 2636 648 2691 κατ’
705 2637 892 2713 αὐτοῦ,
949 2631 1043 2696 καῖ
1091 2639 1438 2721 ἐδυσφήμουν
1494 2642 1654 2698 αὐτὸν
1716 2642 1883 2718 μέχρι
1935 2647 2036 2710 τῆς

378 2723 611 2800 ἀγορᾶς,
644 2727 795 2797 ἣτις
851 2723 1114 2808 ἕστρωται
1168 2739 1291 2794 ταῖς
1346 2731 1533 2804 πλαξὶ,
1591 2731 1681 2788 καὶ
1737 2732 1829 2786 τὸν
1882 2730 2038 2785 κίονα

380 2814 535 2892 φέρει
590 2817 683 2871 τὸν
738 2816 1044 2893 κυκλοτερῆ
1101 2842 1159 2877 τε
1206 2822 1296 2877 καὶ
1344 2825 1678 2900 πορφυροῦν.
1730 2820 1829 2876 Καὶ
1878 2820 1923 2875 εἰ
1959 2821 2035 2892 μή

380 2923 528 2966 τινες
584 2909 695 2960 τῶν
748 2904 1108 2987 ἐντιμοτέρων
1159 2909 1404 2966 πολιτῶν
1460 2911 1632 2966 ἐκεῖσε
1672 2910 1762 2965 τὸν
1813 2907 2039 2986 βασιλέα

388 2988 689 3066 δεξάμενοι,
746 2994 873 3060 τοὺς
921 2998 1014 3072 μὶν
1061 2998 1424 3078 ἐφεπομένους
1477 2999 1623 3072 αύτῷ
1669 2999 1759 3053 καὶ
1812 2995 2038 3076 δυσφη-

393 3085 647 3155 μοῦντας,
706 3081 894 3150 ἄλλως
937 3109 996 3144 τε
1051 3089 1432 3159 ἀτακτοῦντας,
1491 3088 1850 3165 ἀνεχαίτισαν,
1900 3086 2037 3142 ἐκεῖ·

382 3191 472 3224 νον
535 3169 593 3227 δὲ
648 3173 839 3248 κύκλῳ
889 3175 1302 3255 περιλαϐόντες,
1358 3179 1660 3256 εὐφήμουν,
1714 3176 1802 3232 καὶ
1861 3174 2034 3238 οὕτως

380 3259 544 3316 αὐτὸν
591 3261 668 3326 εἷς
713 3266 781 3319 τὰ
829 3265 1079 3342 βασίλεια
1123 3265 1472 3336 διεσώσαντο,
1521 3267 1668 3345 τάχα
1713 3263 1771 3322 ἄν
1812 3288 1864 3322 τι
1900 3266 2038 3342 μέγα

376 3345 578 3420 συνέϐη
633 3354 817 3417 κακόν.
875 3356 1145 3413 Ἐντεῦθεν
1196 3355 1469 3414 διεδέδοτο
1523 3356 1708 3434 λόγος,
1741 3357 1815 3418 ὡς
1847 3354 1897 3410 ἐν
1947 3354 2038 3410 ἶπ-

376 3436 664 3515 ποδρομίᾳ
692 3443 720 3497 ὁ
758 3442 1010 3518 βασιλεὺς
1059 3445 1298 3521 ἐγκοτῶν
1342 3451 1422 3520 τῷ
1470 3444 1655 3519 δήμῳ,
1690 3444 1885 3520 μέλλει
1941 3444 2038 3500 αύ-

373 3527 472 3582 τὸν
531 3528 834 3603 ἀμύνασθαι
868 3577 883 3594 .
945 3532 1228 3608 Ἀμίλλης
1299 3534 1390 3592 οῦν
1456 3534 1797 3610 τελουμένης
1854 3532 2036 3589 ἵππων

380 3617 520 3690 μετᾶ
543 3620 753 3697 καιρὸν,
785 3626 1117 3695 στρατιώτας
1161 3626 1189 3680 ὁ
1243 3624 1496 3703 βασιλεὺς
1543 3624 1810 3689 ἐνόπλους
1851 3625 2033 3699 προή-

375 3727 557 3803 γαγεν-
598 3708 676 3774 εἷς
735 3711 897 3803 μέσον
953 3715 1017 3770 τὸ
1075 3715 1340 3790 θέατρον,
1399 3712 1836 3789 ἐπιδειξομένους
1890 3733 2035 3788 ταχα

372 3793 459 3869 τῷ
491 3793 679 3872 δήμῳ,
734 3800 809 3863 ὡς
859 3799 911 3856 ἐν
959 3802 1116 3877 τύπῳ
1158 3802 1441 3878 πολεμίων
1493 3802 1580 3860 ο’ία
1624 3812 1725 3876 τῆς
1778 3805 1964 3879 μάχης
1996 3804 2032 3873 ἦ

376 3880 660 3958 συμϐολὴ,
714 3890 791 3953 ὡς
844 3888 1004 3962 δῆθεν
1057 3891 1203 3966 αύτῷ
1249 3895 1528 3950 κάντεῦθεν
1578 3891 2033 3971 περιποιούμενος

374 3972 606 4050 ἡδονὴν,
663 3978 698 4048 ἢ
753 3980 843 4035 καὶ
896 3977 1065 4060 φόϐον
1122 3981 1307 4046 αὐτοῖς
1367 3984 1629 4040 ἐπισεῖσαι
1688 3981 1884 4047 θέλων.
1943 3982 2032 4045 Ὠς

376 4063 473 4121 οῦν
531 4067 582 4122 οἱ
640 4074 965 4146 στρατιῶται
1019 4071 1085 4127 τὰ
1138 4072 1264 4149 ξίφη
1320 4072 1635 4151 ἐγύμνωσαν
1671 4116 1686 4143 ,
1745 4073 1773 4127 ὁ
1842 4070 1894 4127 ἐν
1951 4075 2033 4144 τῷ

373 4155 585 4232 θεάτρῳ
645 4158 778 4223 λαὸς
847 4161 996 4216 τοῦτ’
1065 4159 1235 4217 ἐκεῖνο
1308 4163 1371 4217 τὸ
1441 4162 1814 4240 φημιζόμενον
1897 4159 2032 4216 εἶναι

372 4245 714 4319 νομίσαντες,
765 4246 1181 4326 ἀποδιδράσκειν
1240 4254 1337 4307 τοῦ
1397 4253 1623 4328 θεάτρου
1680 4250 2029 4326 ὡρμήκεσαν,

368 4335 619 4412 καὶπερὶ
665 4336 762 4402 τὰς
807 4336 1023 4409 ἐξόδους
1068 4339 1598 4417 στενοχωρούμενοι,
1633 4340 1719 4396 ὑπ’
1764 4335 2032 4410 ἀλλήλων

365 4444 428 4479 τε
485 4426 952 4501 συμπατούμενοι,
1006 4428 1298 4485 ἀπώλοντο
1357 4429 1419 4486 οὐ
1482 4431 1730 4507 βραχεῖς.
1783 4428 1942 4505 Τάχα
1983 4425 2031 4483 δ’

367 4512 430 4569 ἂν
460 4513 551 4571 καὶ
597 4515 797 4590 πολλῷ
842 4516 1067 4581 πλείους
1113 4516 1507 4591 ἐκινδύνευσαν,
1558 4518 1604 4575 εἰ
1657 4519 1732 4594 μὴ
1786 4518 1837 4573 οἱ
1873 4518 2027 4593 βασι-

2157 1930 2549 2001 imperatoris,
2582 1926 2806 1983 civibus
2838 1922 3128 1988 nuntiato,
3165 1916 3470 1974 temeraria
3523 1915 3688 1987 plebs
3736 1915 3796 1969 in

2152 2020 2423 2076 cohortes
2473 2016 2678 2083 divisa,
2752 2013 3059 2070 Armenios
3142 2010 3474 2072 redeuntes,
3563 2003 3796 2059 obviam

2152 2125 2406 2181 egressa,
2432 2107 2686 2163 fustibus
2708 2103 2987 2172 caedebat,
3037 2103 3090 2156 et
3130 2098 3327 2170 ipsum
3386 2094 3797 2165 imperatorem

2144 2200 2268 2270 jam
2302 2199 2362 2253 in
2405 2199 2593 2253 forum
2652 2196 2966 2251 Panarium
3029 2201 3403 2261 progressum
3470 2181 3797 2238 maledictis

2150 2289 2549 2345 insectabatur
2576 2302 2589 2340 :
2623 2288 2865 2355 ortoquc
2894 2277 3157 2336 tumultu
3189 2280 3275 2348 et.
3301 2288 3590 2330 concursu
3624 2271 3792 2339 tacto,

2149 2382 2207 2433 et
2229 2378 2451 2432 clamor
2480 2374 2734 2441 sublato,
2792 2371 2890 2427 alii
2920 2367 3216 2441 lapidibus
3256 2365 3667 2434 imperatorem
3690 2375 3793 2430 pe-

2148 2470 2304 2537 tunt,
2339 2465 2435 2521 alii
2468 2464 2763 2537 pulverem
2788 2461 2847 2515 in
2878 2475 3013 2515 eum
3044 2457 3348 2529 spargunt,
3381 2455 3439 2507 et
3467 2448 3794 2506 maledictis

2149 2572 2337 2628 usque
2367 2555 2425 2610 in
2460 2556 2649 2610 forum
2707 2548 2927 2607 tabulis
2980 2544 3231 2619 lapideis
3286 2545 3541 2628 stratum,
3597 2553 3793 2610 prose-

2149 2626 2431 2718 quuntur,
2465 2644 2525 2697 in
2585 2657 2700 2714 quo
2758 2638 3033 2696 columna
3080 2633 3330 2690 rotunda
3385 2626 3794 2701 porphyretica

2147 2733 2260 2791 sita
2288 2737 2395 2789 est.
2432 2737 2513 2787 Ac
2543 2731 2658 2787 nisi
2707 2730 2945 2801 quidam
3000 2742 3069 2780 ex
3123 2717 3600 2778 honoratioribus
3630 2715 3793 2771 illius

2147 2823 2259 2880 loci
2288 2822 2516 2880 civibus
2547 2821 2897 2892 imperatore
2928 2818 3222 2885 suscepto,
3270 2810 3629 2865 insectantes
3658 2820 3793 2860 eum

2147 2918 2205 2968 et
2234 2911 2544 2968 maledicta
2593 2911 2949 2982 ingerentes,
2982 2902 3263 2973 nulloque
3316 2897 3521 2954 ordine
3567 2893 3795 2949 tumul-

2149 3005 2406 3066 tuantes,
2439 2999 2859 3072 repressissent
2875 3012 2941 3051 ac
2966 2991 3354 3065 depulissent,
3376 2985 3666 3056 illumque
3695 2998 3794 3037 co-

2148 3107 2291 3145 rona
2349 3070 2602 3146 cinctum
2659 3103 2793 3142 cum
2871 3081 3079 3139 faustis
3158 3072 3684 3134 acclamationibus
3732 3070 3792 3126 in

2147 3179 2367 3253 regiam
2400 3195 2589 3251 usque
2618 3173 3048 3250 perduxissent,
3089 3170 3335 3225 fortasse
3390 3179 3668 3235 magnum
3725 3176 3797 3217 ex

2149 3287 2218 3327 ea
2247 3269 2535 3325 seditione
2566 3266 2787 3322 malum
2820 3260 3163 3320 exstitisset.
3208 3256 3350 3311 Inde
3397 3268 3601 3308 rumor
3629 3266 3792 3307 ema-

2145 3360 2327 3424 navit,
2359 3354 2731 3429 imperatoris
2762 3350 3195 3409 dissimulatam
3229 3347 3376 3400 iram
3429 3341 3588 3397 ludis
3618 3355 3795 3411 eque-

2146 3449 2370 3505 stribus
2400 3448 2460 3502 in
2486 3444 2683 3519 populi
2730 3441 3014 3499 ultionem
3067 3439 3431 3507 erupturam.
3485 3430 3793 3501 Aliquanto

2146 3541 2278 3609 post
2307 3554 2440 3592 cum
2472 3539 2767 3592 certamen
2805 3534 3079 3603 equestre
3124 3526 3417 3592 ederetur,
3476 3521 3797 3591 imperator

2148 3606 2363 3682 milites
2394 3623 2729 3681 armatosin
2752 3619 3013 3675 medium
3044 3616 3342 3672 theatrum
3374 3606 3794 3684 produxit,sive

2145 3719 2210 3771 ut
2224 3713 2437 3787 populo
2450 3712 2643 3769 bellici
2658 3724 3010 3783 congressus
3024 3703 3341 3774 imaginem
3356 3698 3791 3763 adumbrarent,

2136 3784 2463 3876 jucundam
2497 3806 2554 3859 et
2583 3802 2774 3874 ipsam
2808 3799 3067 3854 futuram
3101 3791 3342 3858 scilicet,
3376 3790 3494 3844 sive
3548 3784 3791 3842 terroris

2143 3875 2465 3949 incutiendi
2498 3907 2697 3947 causa.
2723 3889 2797 3945 Ut
2826 3893 3022 3944 autem
3057 3881 3291 3941 milites
3326 3877 3552 3952 gladios
3610 3875 3792 3932 strin-

2140 3987 2374 4049 xerunt,
2407 3980 2661 4054 populus
2692 3978 2793 4052 qui
2840 3978 2900 4032 in
2962 3975 3190 4031 theatro
3243 3976 3389 4035 erat,
3458 3967 3602 4023 illud
3663 3980 3793 4020 esse

2141 4077 2326 4139 ratus,
2360 4071 2518 4143 quod
2562 4069 2663 4124 diu
2721 4067 3031 4122 hominum
3081 4058 3455 4119 sermonibus
3504 4056 3792 4127 jactatum

2141 4165 2332 4217 esset:
2365 4176 2503 4215 cum
2534 4158 2756 4230 impetu
2794 4154 3077 4227 fugiebat,
3133 4152 3289 4206 inter
3328 4146 3660 4204 exeundum
3685 4160 3791 4199 au-

2140 4259 2256 4306 tem
2289 4249 2346 4304 in
2373 4246 2662 4320 angustiis
2683 4244 2848 4301 multi
2869 4242 3114 4298 invicem
3131 4234 3791 4307 conculcatipericrunt,

2139 4354 2206 4395 ac
2232 4336 2560 4410 periculum
2592 4335 2769 4390 latius
2798 4338 3073 4403 vagatum
3105 4333 3282 4398 esset,
3337 4324 3454 4382 nisi
3501 4323 3620 4378 viso
3677 4321 3790 4376 im-

2137 4432 2406 4500 peratore
2430 4425 2490 4480 in
2522 4441 2626 4480 sua
2657 4424 2793 4480 sede
2842 4421 3105 4487 immoto,
3159 4419 3357 4489 fugere
3399 4412 3785 4470 destitissent.

2135 4520 2498 4572 Mortuorum
2519 4531 2650 4570 vero
2681 4509 2997 4586 propinqui
3030 4525 3168 4565 suos
3220 4506 3506 4577 lugentes,
3554 4500 3791 4574 publice

368 4602 520 4666 λεὺςο
571 4605 973 4679 ἀμετακίνητος
1025 4606 1116 4664 ἐπὶ
1164 4615 1266 4678 τῆς
1320 4607 1465 4674 ΐδίας
1518 4610 1670 4664 ὦπτο
1742 4604 2024 4682 καθέδρας.

2146 4607 2546 4678 imperatorem
2577 4601 2837 4659 dicteriis
2865 4600 3272 4665 incesserunt;
3300 4595 3373 4651 ob
3403 4608 3534 4665 quae
3559 4607 3694 4647 cum
3727 4605 3790 4646 se

371 4688 525 4751 Ἰδὼν
554 4695 655 4771 γὰρ
687 4695 715 4751 ὁ
748 4692 927 4770 δῆμος
955 4694 1155 4753 ἐκεῖνον
1202 4695 1466 4773 μηδόλως
1509 4704 1612 4769 τῆς
1655 4690 1813 4772 ἔδρας
1863 4716 2025 4772 μετα-

367 4784 724 4858 χωρήσαντα,
772 4779 1001 4856 ἔστησαν
1049 4793 1151 4856 τῆς
1198 4790 1393 4866 φυγῆς.
1424 4787 1508 4846 Οἱ.
1535 4784 1594 4843 δὶ
1642 4791 1757 4849 τοῖς
1809 4789 2024 4850 θανοῦσι

2135 4694 2359 4751 civibus
2390 4693 2644 4750 invisum
2672 4706 2802 4748 esse
2834 4688 3031 4757 sciret,
3063 4686 3280 4759 regiam
3338 4697 3507 4738 muro
3555 4678 3736 4735 cinxit
3770 4693 3785 4736 :

2134 4800 2248 4857 quo
2280 4782 2570 4852 absoluto,
2598 4779 2796 4837 relatis
2827 4779 2899 4835 ad
2931 4794 2995 4834 se
3022 4776 3303 4841 clavibus,
3359 4775 3488 4828 tum
3545 4769 3786 4825 demum

365 4871 494 4926 τότε
522 4875 886 4949 προσήκοντες
930 4872 1058 4939 τοὺς
1113 4858 1347 4938 οῗκείους
1398 4878 1743 4954 θρηνοῦντες,
1785 4872 2028 4949 δημοσίᾳ

2146 4875 2193 4929 id
2226 4875 2276 4931 ei
2309 4874 2465 4945 quod
2488 4872 2756 4940 timebat,
2797 4870 3010 4937 evenit,
3060 4880 3249 4938 neque
3301 4861 3421 4918 ulla
3449 4858 3783 4940 excogitata

366 4961 507 5037 πρὸς
568 4963 659 5018 τὸν
722 4961 950 5041 βασιλέα
1003 4962 1355 5022 ἀπέσκωπτον
1391 5008 1404 5023 .
1459 4965 1557 5021 Διὰ
1619 4969 1788 5022 ταῦτα
1840 4964 2020 5021 τοίνυν

2134 4961 2484 5021 munitionis
2539 4960 2653 5017 fuit
2681 4959 2928 5016 utilitas.
2983 4955 3193 5012 Turcis
3249 4956 3469 5018 autem,
3528 4946 3781 5020 Ungaris

1649 5148 1853 5212 Variae
1879 5146 2177 5209 lectiones
2206 5149 2266 5206 et
2294 5148 2489 5206 notae.

431 5279 546 5366 (64)
603 5279 750 5335 Κατὰ
802 5280 879 5366 τὸ.
914 5277 1148 5366 παλαιδν
1192 5360 1202 5366 _
1234 5280 1375 5366 ἔρος,
1429 5287 1665 5366 Εᾳειιιω
1700 5303 1861 5366 quq__
1889 5287 2015 5344 haec

360 5351 540 5434 fiebat
623 5354 941 5434 processio,
990 5355 1212 5434 indicat
1268 5358 1380 5434 Leo
1432 5351 1744 5434 Diaconus',
1803 5358 1907 5434 lib.
1957 5376 2013 5434 iv

354 5423 510 5510 {iis}.
544 5423 657 5481 mi.
694 5424 1043 5510 :‘llp‘éxevcov
1076 5424 1135 5510 δὲ
1162 5427 1425 5510 κατξμτὴν
1453 5433 1558 5510 τοῦ
1589 5423 1849 5510 Σωτῆρος
1882 5430 2012 5485 ἀνά-

358 5492 554 5582 ληψιν,
604 5495 739 5582 κατὲ
777 5492 844 5582 ea
892 5496 1229 5582 εἰθισμένον,
1267 5492 1621 5582 ἔξωπειχῷν,
1667 5492 1883 5582 ἐπῖτήν
1913 5522 2010 5582 κα-

356 5562 638 5659 λρυμένην
692 5569 907 5659 Πηγήν,
925 5562 1332 5659 Χ’τιτοὶησηιιιμίξεινου
1362 5562 1851 5659 ’τοῦῖβασιλέωςδ
1875 5575 2010 5637 νεὼς

356 5634 637 5725 ﬁlim/ain
687 5634 1029 5725 περὶκαλλής
1080 5634 1182 5725 τῇ)
1209 5638 1459 5725 ᾷεοτόκῳ
1489 5634 1835 5725 ,δἐδόμηται,
1892 5634 2006 5725 etc;

357 5714 540 5799 Istius
597 5714 1726 5799 praeterea‘impsratorim_1tpce?t36ce'wé
1764 5714 1843 5799 εἷς
1888 5723 2008 5791 Πη-

355 5782 457 5856 γὰς
481 5782 755 5842 meminit
784 5782 1178 5860 Luitprandus
1205 5789 1266 5848 in
1315 5782 1645 5866 Legatione,
1686 5782 1856 5867 cujus
1900 5782 2007 5866 ap-

2166 5302 2396 5355 aratum
2428 5300 2486 5354 et
2515 5313 2791 5369 pompam
2822 5294 2906 5351 ita
2944 5292 3225 5369 describit
3259 5309 3272 5361 ;
3304 5290 3556 5369 His_erge
3597 5287 3777 5369 tribus

2159 5360 2550 5428 ebdomadz'bu's
2586 5360 2779 5425 habuit
2818 5366 3151 5439 Nicephorus
3190 5360 3348 5439 extra
3379 5360 3769 5439 Constantino-

2112 5444 2292 5515 polim
2320 5442 2657 5515 nfetastusim
2684 5440 2743 5495 id
2769 5432 3275 5515 est*stdlionem._in
3308 5436 3421 5492 loco
3442 5433 3540 5506 qui
3566 5432 3772 5515 dicitur

2121 5505 2197 5577 εις
2224 5512 2533 5587 Ila-{514,111
2582 5520 2661 5569 est
2714 5512 3050 5587 ad_Fantes,
3078 5505 3543 5587 _e_ademqu_e_jn_z_s
3580 5505 3770 5561 venire

2114 5577 2396 5715 praecepit.
2422 5577 2538 5669 Sed
2567 5601 2643 5640 an
2675 5599 2743 5640 ea
2772 5583 2850 5639 sit
2879 5577 3047 5665 cujus
3078 5580 3175 5637 hic
3197 5577 3467 5637 meminit
3486 5578 3764 5661 Zonaras,

2162 5659 2276 5715 aud
2303 5672 2542 5714 omnino
2568 5660 2814 5713 constat.
2865 5656 3012 5710 Vide
3060 5658 3325 5711 nostram
3386 5651 3764 5708 Constantino-

2162 5650 2542 5715 aud'omnino
2568 5660 2814 5713 constat.
2865 5650 3012 5710 Vide
3060 5658 3325 5711 nostram
3386 5650 3769 5708 Constantino-

2112 5732 2277 5823 pli'm,
2307 5730 2411 5788 lib.
2445 5745 2523 5799 1v,
2556 5728 2658 5785 ubi
2687 5729 2759 5785 de
2781 5726 2890 5784 hoc
2920 5725 3142 5800 templo
3172 5725 3427 5798 agimus.
