4142 6372
355 433 477 495 129

1672 419 2090 485 ANNALIUM
2131 420 2280 483 LIB.
2326 422 2496 486 XVI.

3660 423 3781 486 130

352 570 517 642 γῆναι
550 556 824 632 ἐκέλευσε,
855 556 945 615 καὶ
976 553 1186 613 δώδεκα
1227 512 1526 630 μεδίμνους
1557 553 1707 611 σίτου
1731 554 2013 628 νομίσμα-

2142 571 2249 611 non
2280 556 2452 612 modo
2478 554 2625 611 nihil
2646 555 2774 629 cpis
2804 556 2961 626 tulit,
2995 558 3095 613 sed
3130 561 3188 613 et
3215 556 3653 614 calamitatibus
3700 558 3791 614 iu-

356 673 454 715 τος
484 650 601 714 ἐνὸς
631 646 1015 705 ἀποδίδοσθαι.
1047 643 1207 704 Ἀλλ’
1239 644 1427 718 ἐκείνῳ
1459 644 1556 718 μὲν
1584 646 1622 714 ἡ
1662 644 1853 719 πρᾶξις
1884 642 2019 714 αὕτη

370 739 653 820 βασιλικὴ,
684 741 767 811 τῷ
796 734 844 792 δ’
873 732 1256 812 ἱστορουμὶνῳ
1285 737 1376 788 νῦν
1409 730 1626 809 βασιλεῖ
1653 731 1742 787 καὶ
1775 730 1897 788 λίαν
1921 752 2023 787 κα-

372 829 606 902 πηλική),
660 827 718 890 ’ὸς
768 830 851 899 τῷ
903 824 1057 898 λιμῷ
1101 824 1165 880 τὸ
1216 823 1461 894 ὑπήκοον
1508 824 1652 897 ὁρῶν
1684 821 2022 893 πιεζόμενον,

374 921 474 975 ούκ
516 918 802 990 ἐπήμυνεν,
846 912 995 969 ἀλλὰ
1051 912 1235 986 μέντοι
1286 912 1376 967 καὶ
1416 909 1677 986 ἐνετρύφα
1712 915 1832 974 ταῖς
1861 909 2025 964 αὐτοῦ

373 1011 694 1087 συμφοραῖς,
726 1004 816 1059 καὶ
847 1008 962 1065 τοῖς
992 999 1089 1057 τοῦ
1141 1005 1314 1075 Λιμοῦ
1359 999 1721 1077 τραυματίαις
1766 997 2024 1053 ἐπικαίων

372 1086 592 1173 ὑπῆρχε
619 1096 687 1150 τὰ
715 1092 1019 1171 τραύματα.
1070 1092 1176 1148 Καὶ
1226 1092 1254 1146 6
1300 1094 1396 1146 τοῦ
1452 1087 1723 1167 βασιλέως
1775 1086 1832 1144 δὲ
1870 1086 2027 1144 ἀδελ-

366 1188 466 1267 φὸς
501 1187 529 1241 6
560 1184 711 1240 Λέων
741 1182 851 1259 οὐχ
875 1182 1040 1252 ἧττον
1074 1174 1259 1237 ἔθλιϐε
1285 1179 1378 1235 τόν
1404 1201 1463 1235 τε
1485 1177 1660 1267 δῆμον
1686 1184 1787 1247 τῆς
1810 1176 2026 1267 πόλεως

367 1265 458 1333 καὶ
489 1274 618 1336 τοὺς
649 1272 948 1349 οῗκήτορας
994 1274 1101 1326 τῶν
1153 1273 1379 1346 χωρῶν,
1410 1266 1718 1338 καπηλείας
1745 1266 1835 1322 καὶ
1865 1265 2024 1329 αὐτὸς

372 1364 600 1440 μετιών,
632 1362 733 1418 Καὶ
760 1364 811 1416 οἱ
868 1363 961 1434 μὶν
992 1358 1135 1415 οὕτω
1168 1357 1430 1414 διέκειντο
1459 1358 1597 1434 πρὸς
1626 1356 1752 1412 τοὺς
1782 1356 2026 1430 πάσχον-

362 1476 486 1524 τας,
520 1455 573 1508 οἱ
606 1450 664 1508 δὲ
696 1452 835 1527 πρὸς
863 1450 956 1505 τὸν
1010 1452 1311 1522 κρατοῦντα
1351 1444 1439 1502 διὰ
1463 1451 1630 1501 ταῦτα
1650 1445 2025 1501 ἀπέσκωπτον.

371 1544 512 1601 [locs
559 1543 663 1618 γὰρ
718 1538 1033 1600 νεολέκτους
1093 1537 1428 1610 στρατιώτας
1480 1537 1716 1611 ὁρῶντος
1746 1535 1842 1590 τοῦ
1876 1535 2027 1611 βασι-

366 1632 536 1703 λέως,
569 1630 689 1686 ἐπεὶ
721 1629 811 1685 καὶ
840 1650 927 1691 τις
982 1629 1199 1690 τούτοις
1254 1624 1633 1702 συνηρίθμητο
1672 1622 1891 1695 πολιὸς,
1923 1621 2024 1698 ἔφη

367 1722 511 1799 πρὸς
565 1721 769 1776 ἐκεῖνον
830 1720 859 1774 6
917 1714 1291 1793 αὐτοκράτωρ,
1323 1719 1447 1779 Πῶς
1489 1720 1604 1776 τοῖς
1644 1713 2025 1788 στρατιώταις,

370 1809 652 1887 ἄνθρωπε,
710 1810 883 1885 γὲρων
946 1802 1019 1861 ὥν
1077 1803 1490 1881 συγκαταλέγεις
1559 1803 1750 1858 σαυτόν
1796 1822 1809 1873 ;
1870 1803 1932 1858 Ὀ
1981 1799 2027 1856 δ’

370 1899 572 1955 αὐτίκα
650 1897 862 1976 εὐφυῶς
957 1894 1345 1972 ἀντεφθέγξατο
1449 1893 1524 1954 ὡς
1622 1890 1774 1948 Πολὺ
1869 1889 2027 1945 δυνα-

369 1987 612 2063 τώτερος
667 1990 759 2040 νῦν
820 1985 958 2059 εἰμι,
1016 1982 1053 2055 ἤ
1140 1982 1230 2038 ὅτε
1286 1979 1557 2056 ἤκμαζον,
1592 1978 1827 2037 δέσποτα
1861 1978 2031 2035 ’τότε

372 2079 482 2155 γὰρ
538 2073 655 2132 οὐδ’
703 2074 952 2148 ἡμίσεως
1010 2070 1070 2127 ἂν
1126 2069 1491 2145 ἐπωμισάμην
1549 2074 1695 2125 σῖτον
1754 2067 2029 2141 νομίσμα-

368 2187 491 2236 τος,
548 2169 640 2219 νῦν
700 2160 759 2218 δὲ
817 2162 944 2238 ῥᾷον
1004 2160 1096 2216 καὶ
1156 2157 1252 2215 δύο
1311 2160 1665 2233 νομισμάτων
1736 2162 1883 2212 σῖτον
1942 2156 2031 2211 ἐπὶ

373 2260 488 2310 τῶν
521 2252 689 2326 ὤμων
716 2252 852 2328 ἀρῶ.
903 2256 1113 2320 Συνῆκε
1155 2249 1251 2323 μὶν
1293 2248 1384 2302 οὗν
1432 2248 1531 2316 τὴν
1564 2245 1839 2324 ετρωνείαν
1872 2246 1901 2301 6
1936 2246 2033 2321 βα-

375 2343 587 2414 σιλεὺς,
642 2341 933 2419 ἀταράχως
983 2336 1041 2394 δὲ
1087 2337 1289 2407 ταύτην
1341 2337 1568 2413 ἐνεγκὼν
1621 2336 1847 2410 μετὲστη
1899 2335 2035 2409 πρὸς

369 2430 586 2507 ἓτερον,
615 2432 925 2507 Ἐρωτικῶς
984 2424 1045 2483 δὲ
1087 2424 1293 2504 σφόδρα
1338 2424 1465 2500 πρὶν
1512 2421 1847 2499 διακείμενος
1878 2425 1906 2479 6
1937 2431 2035 2479 Νι-

376 2521 629 2597 κηφόρος
668 2520 807 2595 πρὸς
856 2520 957 2588 τὴν
1007 2518 1284 2595 Θεοφανὼ,
1319 2515 1607 2589 μετέπειτα
1641 2520 1743 2583 τῆς
1773 2514 1909 2590 πρὸς
1938 2512 2034 2568 αύ-

382 2611 486 2679 τήν
543 2607 826 2670 συνουσίας
883 2607 1168 2681 ἀπείχετο,
1199 2601 1237 2674 ἤ
1289 2604 1565 2682 κορεσθεὶς
1620 2601 1845 2674 ταύτης,
1879 2600 1915 2672 ἤ
1945 2602 2032 2657 καὶ

382 2697 452 2755 δι’
484 2697 814 2775 ἐγκράτειαν,
864 2696 1057 2770 μίξεως
1106 2694 1453 2770 ἀπεχόμενος
1488 2714 1500 2728 ·
1532 2689 1655 2747 ούδὶ
1683 2692 1785 2768 γὰρ
1814 2692 1954 2746 πάνυ
1983 2712 2035 2745 τι

378 2789 474 2844 καὶ
529 2788 649 2850 νέος
704 2780 803 2858 ὥν,
851 2785 987 2861 πρὸς
1040 2778 1245 2860 ἔρωτας
1303 2782 1592 2859 ἐτύγχανεν
1644 2780 2033 2858 εύκατάφορος.

378 2880 447 2935 Ἡ
480 2874 538 2932 δὲ
573 2878 850 2949 μισήσασα
876 2874 967 2930 τὸν
1012 2870 1179 2949 ἄνδρα
1237 2870 1326 2927 διὰ
1373 2871 1436 2927 τὸ
1485 2868 1844 2944 ἀνομίλητον,
1945 2869 2034 2925 καὶ

383 2966 506 3042 περὶ
539 2970 658 3027 τοῖς
692 2963 831 3019 υἱέσι
880 2960 1093 3026 δείσαςα
1127 2960 1211 3034 (ἦν
1263 2959 1363 3036 γάρ
1415 2981 1552 3014 τισιν
1602 2958 2034 3033 ὑποτονθορυζό-

391 3076 572 3129 μενον,
609 3051 902 3130 βούλεσθαι
930 3051 1021 3107 τὸν
1076 3049 1394 3127 Νικηφόρον
1441 3046 1508 3103 τὰ
1553 3044 1857 3123 βασιλείδια
1882 3045 2034 3101 ἐκτε-

382 3150 526 3218 μεῖν,
557 3144 787 3198 καὶτῶν
843 3138 1183 3217 παιδογόνων
1233 3144 1487 3214 στερῆσαι
1540 3135 1768 3210 μορίων,
1816 3135 1905 3191 καὶ
1940 3136 2030 3190 τὸν

376 3231 616 3309 ἀδελφὸν
651 3228 968 3287 κασιλεῦσαι
1011 3230 1105 3285 τὸν
1159 3226 1381 3302 Λέοντα)
1437 3227 1513 3288 εἱς
1548 3224 1749 3301 λόγους
1774 3223 1911 3295 ἦλθε
1939 3222 2034 3279 λά-

375 3335 481 3395 θρα
642 3323 942 3394 Τζιμισκῇ,
989 3317 1025 3387 ἥ
1076 3312 1235 3395 ἔρωτι
1291 3300 1388 3371 τοῦ
1434 3300 1641 3390 ἀνδρὸς
1674 3314 1880 3370 ἁλοῦσα
1940 3314 2029 3388 (ἦν
2062 3300 2105 3367 C

372 3413 481 3488 γὰρ
525 3409 605 3484 τῷ
662 3407 860 3466 κάλλει
919 3406 1248 3483 διαπρεπὴς,
1299 3405 1390 3461 καὶ
1444 3408 1541 3461 τοῦ
1591 3400 1770 3468 εἴδους
1806 3402 2035 3480 χάριτας

375 3500 580 3579 ἆφιεῖς)
612 3496 648 3570 ἤ
684 3498 773 3554 καὶ
819 3498 1117 3574 ἀξιόχρεων
1161 3499 1351 3553 τοῦτον
1398 3499 1479 3568 τῷ
1530 3493 1836 3572 Νικηφόρῳ
1875 3490 2033 3568 λογι-

378 3591 593 3663 σαμένη
625 3586 979 3665 ἀντίρροπον,
1030 3587 1104 3649 ὡς
1155 3583 1213 3640 δὲ
1265 3584 1405 3648 τινὲς
1461 3605 1610 3661 φασι,
1669 3581 1759 3637 καὶ
1791 3580 1869 3645 εἷς
1912 3602 2034 3636 συν-

382 3675 575 3734 ουσίαν
607 3674 847 3747 ἐλήλυθε
894 3679 974 3747 τῷ
1023 3670 1197 3750 ἀνδρὶ,
1260 3673 1348 3727 καὶ
1396 3671 1531 3726 κατά
1581 3675 1676 3725 τοῦ
1716 3670 2034 3747 Νικηφόρου

380 3767 631 3842 ἠρέθισε,
660 3764 752 3821 καὶ
803 3763 867 3819 τὸ
915 3770 1015 3832 τῆς
1067 3760 1387 3840 παροιμίας,
1438 3765 1665 3839 σφαῖραν
1697 3759 1873 3838 ἀφῆκε
1901 3759 2037 3815 κατὰ

377 3858 626 3932 πρανοῦς
659 3856 794 3929 (69).
823 3854 926 3911 Ἦν
958 3852 1063 3929 γὰρ
1093 3852 1185 3908 καὶ
1228 3850 1415 3915 ἄλλως
1467 3851 1496 3905 ὁ
1543 3851 1796 3920 Ἰωάννης
1823 3853 1904 3922 τῷ
1937 3850 2032 3925 βα-

379 3944 535 4002 σιλεῖ
566 3940 801 4017 μηνιῶν,
836 3943 919 3997 ὅτι
950 3945 1029 4014 τῷ
1087 3938 1313 4016 ἀδελχῷ
1348 3938 1670 4012 πειθόμενος
1701 3937 1903 4000 ἐκείνος
1939 3939 2033 4013 βα-

378 4034 658 4091 σκαίνοντι
687 4031 891 4106 τούτῳ,
934 4029 1175 4086 ὕποπτόν
1222 4051 1280 4087 τε
1334 4029 1425 4085 τὸν
1477 4026 1644 4105 ἄνδρα
1674 4028 1913 4102 ἐνόμισε,
1943 4027 2036 4082 καὶ

375 4130 480 4193 τῆς
532 4127 924 4198 στρατιωτικῆς
985 4119 1163 4196 ἀρχῆς
1218 4117 1425 4181 παύσας
1482 4117 1665 4185 αὐτὸν,
1708 4116 1785 4179 εἷς
1814 4113 2034 4172 πολιτι-

375 4214 483 4283 κὴν
543 4210 878 4286 μετατίθησι,
931 4207 1228 4284 λογοθέτην
1278 4211 1374 4262 τοῦ
1425 4203 1634 4283 δρόμου
1675 4205 2035 4281 προχειρισά-

381 4322 569 4376 μενος,
604 4295 633 4354 ὅ
664 4299 763 4355 ούκ
812 4299 887 4361 εἷς
947 4296 1279 4365 δυναστείαν,
1326 4297 1456 4351 ἀΛΛ’
1515 4295 1592 4359 εἲς
1638 4293 1910 4370 τιμὼρίαν
1945 4294 2035 4350 καὶ

375 4390 581 4461 ταύνην
646 4391 863 4467 βαρεῖαν
915 4388 1103 4461 ἐκείνῳ
1147 4385 1457 4463 λελόγιστο·
1500 4387 1632 4442 Eata
1675 4388 1745 4458 τῇ
1802 4384 2036 4438 κακώσει

379 4485 485 4537 τοῦ
542 4476 733 4556 ἀνδρὸς
792 4477 1130 4555 προστιθεὶς,
1189 4476 1279 4532 καὶ
1331 4473 1474 4531 οἷ’κοι
1531 4475 1708 4549 μένειν
1745 4472 1901 4528 αὐτὸν
1931 4471 2041 4528 ἐκέ-

383 4570 549 4627 λευσε
574 4588 586 4601 ·
624 4566 754 4640 ᾤκει
811 4565 870 4623 δὶ
906 4566 1042 4622 κατὰ
1092 4566 1156 4621 τὸ
1206 4565 1356 4639 Θίμα
1386 4567 1522 4639 (70).
1574 4563 1671 4619 Διὰ
1699 4567 1866 4618 ταῦτα
1896 4562 2037 4635 ἐμη-

2135 643 2417 701 sultavit':
2451 646 2793 701 vulneribus
2826 663 3051 715 eorum,
3084 663 3232 719 quos
3262 649 3445 702 fames
3476 648 3791 716 sauciarat,

2132 731 2539 790 inhumaniter
2560 734 2923 791 divellendis.
2956 737 3064 791 Sed
3096 743 3153 792 et
3182 738 3361 792 frater
3406 737 3533 806 ejus
3567 737 3700 804 Leo,
3735 744 3794 793 et

2133 822 2261 894 ipse
2288 824 2694 893 cauponando,
2726 824 3118 879 nihilominus
3174 831 3232 881 et
3278 826 3567 880 urbanum
3604 843 3790 898 popu-

2134 910 2258 967 lum
2291 917 2347 967 et
2378 912 2763 983 provinciales
2797 915 3118 984 premebat.
3174 914 3280 980 Qui
3332 933 3466 970 cum
3523 932 3585 971 se
3642 916 3790 971 tales

2136 1018 2275 1073 erga
2306 1002 2554 1057 afﬂictos
2587 1003 2932 1074 praeberent,
2965 1003 3225 1059 vicissim
3242 1004 3546 1060 dicteriisa
3580 1005 3793 1077 populo

2136 1091 2596 1147 incessebantur.
2654 1092 2798 1147 Nam
2838 1109 2971 1147 cum
3006 1092 3319 1164 aliquando
3350 1094 3669 1166 imperator
3692 1112 3792 1150 no-

2133 1181 2309 1236 vitios
2345 1180 2558 1237 milites
2590 1180 2872 1248 lustrans,
2903 1198 3117 1237 canum
3151 1183 3469 1253 quemdam
3502 1183 3654 1239 inter
3682 1201 3791 1240 cis-

2135 1274 2292 1325 teros
2323 1270 2586 1339 vidisset,
2631 1271 2903 1342 rogavit:
2964 1273 3077 1325 Cur
3136 1270 3294 1326 homo
3348 1287 3519 1327 senex
3573 1273 3791 1329 militias

2136 1375 2334 1415 nomen
2358 1359 2646 1415 didisset?
2690 1360 2775 1414 Ibi
2828 1359 2923 1414 ille
2984 1359 3283 1432 ingeniose
3341 1362 3688 1432 respondit:
3725 1362 3793 1419 Se

2135 1465 2285 1504 nunc
2312 1449 2486 1505 multo
2517 1449 2875 1506 robustiorem
2909 1451 3057 1506 207
3121 1466 3234 1505 esse
3290 1467 3454 1521 quam
3502 1452 3561 1505 in
3588 1452 3792 1523 juven-

2137 1542 2268 1593 lule.
2303 1538 2432 1592 Tum
2460 1540 2608 1594 enim
2639 1554 2709 1593 ne
2733 1539 2964 1593 dimidii
2991 1539 3214 1610 quidem
3253 1555 3415 1595 aurei
3442 1541 3786 1611 frumentum

2134 1628 2329 1683 tollere
2383 1628 2656 1699 potuisse:
2714 1644 2864 1682 nunc
2908 1643 3033 1684 vero
3081 1627 3316 1683 duarum
3363 1645 3659 1684 aureomm
3713 1631 3796 1700 fac

2136 1717 2299 1771 cilius
2339 1716 2403 1771 in
2457 1716 2713 1772 humeros
2767 1717 3121 1772 sublaturum
3175 1716 3463 1773 lntellexit
3522 1717 3795 1774 cavillum

2137 1803 2481 1876 imperator,
2508 1819 2693 1876 eoque
2727 1804 3125 1870 dissimulato,
3183 1803 3253 1858 ad
3303 1804 3483 1858 alium
3532 1804 3793 1861 transiit.

2138 1892 2414 1960 Quamvis
2460 1896 2654 1947 autem
2686 1891 3180 1963 Theophanonem
3226 1892 3391 1965 prius
3423 1892 3801 1949 vehementer

2141 1981 2486 2054 deperisset,
2528 1985 2681 2053 post,
2743 1982 2871 2052 ejus
2931 1997 3252 2051 congressu
3303 1980 3618 2049 abstinuit,
3677 1981 3799 2038 sive

2141 2086 2211 2126 ex
2267 2070 2556 2136 satietate,
2608 2069 2730 2125 sive
2782 2086 2852 2123 ex
2933 2069 3315 2125 continentia.
3383 2070 3531 2124 Nam
3590 2070 3678 2125 vel
3737 2071 3798 2126 in

2141 2158 2532 2216 adolescentia
2561 2175 2766 2230 parum
2790 2157 3066 2230 proclivis
3110 2159 3184 2214 ad
3230 2158 3535 2214 libidinem
3582 2158 3797 2215 fuerat.

2143 2251 2210 2305 At
2238 2248 2340 2304 illa
2370 2247 2647 2303 maritum
2687 2247 2775 2303 vel
2826 2247 2897 2303 ob
2943 2263 3072 2304 eam
3120 2247 3533 2304 alienationem
3603 2265 3799 2318 exosa,

2140 2336 2231 2393 vel
2262 2337 2331 2392 de
2364 2336 2501 2392 filiis
2532 2334 2783 2391 sollicita
2816 2336 3075 2407 (quidem
3108 2335 3265 2391 enim
3322 2337 3803 2407 murmurabant,

2142 2426 2287 2483 velle
2312 2425 2726 2497 Nicephorum,
2761 2426 2939 2498 regiis
2952 2424 3150 2496 pueris
3179 2425 3799 2498 castratis,imperium

2144 2515 2204 2571 in
2238 2517 2473 2572 fratrem
2510 2516 2758 2571 Leonem
2805 2515 3146 2586 transferre)
3199 2514 3348 2570 clam
3409 2532 3541 2571 cum
3573 2518 3799 2572 Joanne

2146 2604 2437 2660 Tzimisce
2463 2603 2837 2674 colloquitur,
2863 2602 2983 2657 sive
3041 2619 3239 2658 amore
3272 2603 3402 2674 ejus
3433 2608 3603 2676 capta
3634 2604 3794 2676 (nam

2147 2696 2345 2751 formae
2377 2694 2798 2750 excellentiaet
2852 2698 3183 2759 venustate,
3236 2694 3543 2750 hominum
3597 2694 3798 2751 oculos

2146 2783 2206 2839 in
2257 2800 2319 2839 se
2370 2783 2762 2855 convertebat)
2842 2782 2961 2838 sive
3020 2799 3155 2838 eum
3215 2800 3413 2854 parem
3473 2783 3797 2855 Nicephoro

2145 2873 2542 2928 adversarium
2577 2877 2722 2928 rata.
2756 2871 3003 2938 Quidam
3037 2877 3213 2926 etiam
3233 2874 3477 2927 tradunt
3506 2888 3632 2926 eam
3659 2887 3797 2926 con-

2145 2961 2407 3017 suevisse
2438 2959 2799 3023 cumillo,et
2847 2959 3084 3015 homme
3141 2965 3343 3016 contra
3399 2960 3795 3034 Nicephorum

2141 3049 2444 3120 instigato,
2478 3049 2804 3121 plaustrum
2838 3065 2941 3119 per
2998 3066 3059 3103 se
3113 3055 3351 3117 nutans,
3394 3056 3457 3103 ut
3488 3048 3796 3120 proverbio

2143 3138 2384 3207 dicitur,
2406 3142 2735 3208 opportune
2781 3136 3050 3208 perculit.
3084 3141 3231 3192 Nam
3289 3138 3546 3194 Joannes
3577 3137 3797 3209 alioqui

2143 3227 2528 3283 succensebat
2557 3224 2921 3297 imperatori,
2984 3227 3084 3297 qui
3125 3243 3194 3281 ex
3249 3224 3448 3281 fratris
3492 3226 3711 3281 invidia
3741 3231 3800 3281 et

2144 3316 2460 3373 calumniis
2490 3319 2865 3385 suspectus,a
2897 3314 3135 3369 militari
3162 3321 3443 3386 potestate
3475 3317 3545 3370 ad
3566 3314 3799 3372 civilem

2144 3405 2468 3463 translatus
2500 3404 2711 3471 fuerat,
2745 3409 2803 3459 et
2833 3402 3130 3475 logothela
3150 3420 3360 3460 cursus
3392 3403 3610 3476 publici
3643 3404 3798 3459 desi-

2118 3498 2379 3576 ‘gnatus,
2414 3511 2593 3566 quam
2624 3494 2749 3564 ipse
2780 3510 2895 3548 non
2928 3499 3298 3564 potestatem,
3334 3494 3433 3549 sed
3459 3510 3632 3566 grave
3657 3510 3798 3565 sup-

2143 3583 2733 3658 pliciumjudicabat.
2794 3585 3137 3638 Accesserat
3203 3582 3396 3650 malis,
3453 3583 3610 3654 quod
3660 3598 3796 3638 cum

2143 3690 2347 3730 versus
2375 3673 2659 3728 Themats
2716 3670 3027 3736 habitaret,
3082 3671 3243 3727 domi
3304 3687 3542 3727 manere
3589 3672 3800 3742 jussus

2144 3768 2287 3819 erat.
2322 3762 2405 3818 Ob
2428 3761 2550 3817 hinc
2580 3761 2835 3817 Joannes
2864 3760 3219 3829 iratus,cum
3239 3760 3414 3815 etiam
3448 3759 3804 3815 ameretrice

2144 3852 2249 3909 illa
2272 3852 2624 3918 irritaretur,
2666 3866 2794 3920 quas
2825 3850 3076 3906 reditum
3117 3850 3170 3906 ei
3220 3850 3393 3921 jussu
3431 3848 3803 3919 imperatoris

2145 3942 2494 4005 confecerat,
2554 3954 2800 4011 regnum
2886 3938 3198 4005 affectavit,
3282 3938 3386 3994 illa
3442 3937 3738 4008 adjutrice
3786 3955 3800 3993 :

2144 4031 2467 4101 eodemque
2498 4033 2758 4100 tempore
2789 4026 2915 4083 suis
2972 4027 3317 4083 necessariis
3350 4043 3627 4083 arcanum
3663 4042 3800 4098 ape-

2145 4121 2284 4186 ruit,
2317 4123 2374 4174 et
2402 4117 2631 4174 facinus
2676 4131 3014 4188 aggressus,
3075 4116 3428 4187 intempesta
3467 4120 3636 4171 nocte
3665 4130 3801 4170 cum

2145 4208 2218 4264 iis
2277 4207 2471 4263 lembo
2529 4220 2877 4275 conceusus,
2937 4204 3009 4260 ad
3070 4205 3290 4276 regiam
3351 4204 3637 4276 pervenit,
3686 4221 3805 4275 qua

2148 4297 2295 4353 mari
2328 4294 2607 4350 Austrino
2639 4292 2898 4349 alluitur.
2933 4293 3219 4349 Bucoleon
3282 4294 3333 4350 is
3363 4294 3528 4349 locus
3560 4292 3798 4358 dicitur,

2149 4387 2301 4459 quod
2336 4385 2412 4441 ibi
2446 4382 2713 4456 lapideus
2769 4382 2858 4438 leo
2892 4383 3122 4439 excisus
3153 4387 3261 4454 est,
3323 4383 3424 4455 qui
3482 4399 3618 4438 cum
3671 4381 3803 4437 bovi

2148 4476 2412 4547 ejusdem
2470 4472 2725 4529 materia:
2781 4472 3054 4539 insideat,
3114 4488 3260 4544 pene
3329 4472 3572 4529 sinistro
3621 4488 3804 4528 cornu

2148 4564 2311 4620 illius
2343 4568 2522 4633 tenet,
2542 4568 2598 4617 et
2628 4560 2846 4617 collum
2877 4561 3230 4647 distorquet.
3248 4565 3372 4630 Quo
3404 4578 3538 4617 cum
3563 4565 3803 4616 ventum

380 4658 472 4713 νία
504 4659 533 4713 6
565 4656 846 4728 Ἰωάννης.
880 4657 969 4718 Ὡς
1019 4653 1077 4710 δὲ
1122 4654 1214 4710 καὶ
1267 4655 1367 4723 τὴν
1424 4650 1686 4729 μαχλάδα
1715 4651 1923 4723 ἐκείνην
1959 4652 2031 4707 sii-

2144 4658 2318 4721 esset,
2350 4655 2612 4724 sportam
2642 4650 2963 4706 demissam
2996 4650 3173 4721 videt,
3206 4651 3265 4706 in
3297 4668 3481 4723 eaque
3512 4667 3650 4706 cum
3676 4649 3802 4707 suis

385 4768 551 4826 ρηκεν
605 4746 767 4801 αὐτὸν
850 4746 1293 4823 παραθήγουσαν,
1370 4740 1807 4816 διαπραξαμὲνην
1874 4738 1932 4797 δέ
1980 4744 2032 4797 οἱ

379 4836 474 4893 καὶ
530 4833 760 4891 κάθοδον
817 4833 1062 4891 κελεύσει
1125 4833 1406 4910 βασιλικῇ,
1454 4834 1525 4905 τῇ
1580 4828 1854 4907 τυραννίδι
1908 4828 2031 4887 ἐπέ-

381 4937 504 4991 θετο
549 4924 1000 5002 συμπράττουςαν
1061 4921 1228 4996 ἔχων,
1279 4922 1370 4978 καὶ
1401 4923 1499 4992 τὴν
1566 4918 1910 4998 βασίλισσαν,
1940 4919 2030 4975 καὶ

2144 4741 2650 4814 aTbeOphanonis
2679 4738 2913 4795 ancillis
2943 4739 3280 4796 attrahitur.
3312 4740 3577 4795 Habebat
3606 4744 3803 4794 autem

2143 4848 2343 4888 secum
2379 4828 2722 4887 Michaelem
2765 4829 3031 4898 Burzem;
3067 4828 3405 4902 imperatori
3437 4831 3509 4884 ob
3542 4828 3803 4884 inconsi-

2143 4923 2407 4979 deratam
2437 4918 2599 4976 illam
2629 4917 2778 4974 iram
2811 4918 3132 4990 infensum,
3167 4925 3225 4975 et
3254 4923 3504 4975 Leonem
3537 4915 3801 4974 Abalan-

1664 5058 1867 5121 Variae
1896 5057 2197 5121 lectiones
2225 5064 2286 5119 et
2323 5061 2513 5119 notae.

376 5191 856 5267 quibus_egimus
886 5187 962 5267 in
979 5187 1475 5267 Constantinopoli,
1518 5187 1620 5267 lib.
1656 5202 1718 5253 ιι,
1753 5194 1897 5267 sect.
1944 5184 2028 5267 19.

371 5258 459 5319 Ea
479 5258 867 5331 conﬂaérasse
897 5259 1222 5316 Theodosio
1254 5258 1496 5315 Juniore
1537 5258 1865 5331 imperante
1884 5258 2029 5311 scri-

374 5336 467 5390 bit
495 5328 765 5390 Socrates
798 5334 898 5387 lib.
930 5350 1027 5397 vn,
1060 5349 1165 5404 cap
1221 5332 1310 5401 39,
1368 5331 1471 5387 ubi
1522 5330 1591 5384 τὰ
1630 5328 1877 5402 μέγιστα
1922 5330 2032 5381 τῶν

375 5404 563 5460 ibain
596 5411 899 5462 vocantur.

428 5467 567 5551 ⁸(69)
627 5484 885 5555 Σφαιραν.
920 5471 1122 5555 ῥιφῆκε
1178 5545 1188 5555 _
1228 5473 1365 5526 κατᾶ
1448 5474 1709 5555 πρανοῦς.
1787 5470 2038 5555 ἸξΓονΘΓ-

375 5541 558 5606 Ῑιίὺῐιί
579 5541 820 5618 quodni
862 5541 1051 5613 fallo'r,
1075 5545 1324 5618 omisere
1356 5541 1848 5616 partemiographi
1874 5559 1894 5618 ε,
1921 5558 2038 5618 quo

377 5615 865 5693 referri'possunt
922 5618 1037 5693 ista
1078 5634 1152 5693 ex
1181 5615 1390 5693 _Ge_llio
1447 5618 1570 5693 lib.
1608 5615 1684 5693 vi,
1717 5632 1843 5687 cap.
1968 5615 2039 5669 de

379 5687 644 5766 cylindro
677 5712 690 5749 :
725 5694 898 5756 Sicut,
926 5689 1140 5763 inquit,
1175 5688 1415 5817 Zoipidcm
1460 5690 1798 5761 cylindrum,
1844 5687 1897 5743 si
1941 5702 2042 5769 per

379 5769 569 5817 snazia
598 5777 761 5817 terrae
788 5780 971 5817 nrana
997 5767 1159 5817 atoue
1242 5767 1401 5817 eruta
1431 5764 1626 5817 iacias.
1659 5776 1886 5817 causam
1914 5775 2038 5817 aui-

379 5764 569 5839 spazia
598 5777 761 5824 terrae
785 5780 971 5838 prona
997 5767 1159 5835 atque
1203 5764 1401 5819 derata
1422 5764 1626 5836 jacias,
1659 5776 1886 5818 causam
1914 5764 2038 5831 qui-

2140 5184 2261 5241 dem
2292 5201 2345 5237 ει
2376 5188 2425 5238 et
2456 5181 3685 5253 initiumprmcipitantiée[eccm,moxtamen
3702 5176 3804 5235 ille

2141 5272 2380 5328 praeceps
2410 5256 2789 5328 voloilurmon
2818 5252 2950 5322 quia
2970 5263 3024 5308 tu
3039 5255 3094 5308 id
3112 5256 3229 5323 jam
3259 5252 3802 5328 facis,s‘ed_quoniam

2143 5326 2222 5385 ita
2251 5343 2364 5382 sese
2394 5326 2587 5381 modus
2615 5327 2751 5394 ejus.
2780 5330 2831 5378 et
2858 5328 3055 5394 forma:
3084 5328 3410 5382 volubilitas
3439 5326 3617 5379 habet.

2216 5401 2328 5471 (70)
2360 5403 2510 5474 ᾭκει
2537 5394 2593 5450 δὲ
2626 5394 2778 5474 fama
2830 5393 2892 5474 τὰ
2922 5394 3120 5474 βέμα.
3181 5399 3327 5474 Haec
3356 5398 3536 5474 verba
3588 5395 3805 5474 absunt

2148 5466 2367 5527 ab'uno
2399 5466 2428 5525 ὲ
2460 5485 2603 5524 mss.
2626 5468 2760 5539 Reg.
2796 5484 2808 5534 ;
2843 5466 3283 5526 haben'turvero
3314 5470 3373 5525 in
3405 5470 3636 5525 duobus
3668 5466 3801 5522 aliis

2146 5560 2282 5600 cum
2315 5542 2573 5598 defectus
2606 5544 2765 5605 nota,
2802 5545 2855 5612 et
2886 5539 2946 5593 in
2997 5549 3224 5610 quarto.
3261 5542 3358 5597 ubi
3393 5540 3542 5612 Θὲμα
3572 5539 3803 5612 videtur

2148 5631 2278 5672 esse
2304 5616 2492 5670 forum
2538 5609 3027 5677 Theodosiacum,
3054 5612 3142 5667 vel
3190 5619 3417 5670 tractus
3448 5609 3531 5668 ita
3559 5612 3628 5667 ad
3656 5609 3796 5663 illud

2148 5688 2338 5744 forum
2373 5682 2721 5756 appellatus,
2747 5681 2834 5756 uti
2864 5682 3259 5741 indicavimus
3315 5686 3373 5741 in
3409 5690 3610 5741 nostra
3632 5682 3798 5739 Cons-

2153 5755 2515 5831 tantinopoli,
2547 5756 2649 5812 lib.
2673 5773 2713 5825 ι,
2746 5755 2907 5827 p.80.
3844 5792 3847 5793 ν
4050 5830 4059 5833 ν

3784 5980 3931 6023 ,ρεαδ

4036 6080 4069 6091 κ,

3528 6114 3531 6115 ,
3568 6098 3571 6105 '
4038 6098 4069 6119 ιη

3656 6166 3659 6167 ⁷
3958 6174 4011 6191 ,γι

3630 6304 3755 6335 ,ηςεικ
