4142 6380
415 363 536 428 135
1357 411 1368 424 .
1771 347 2051 427 JOANNI

2217 347 2494 416 nam
2665 315 2672 320 ’
3732 360 3853 433 lae

413 497 866 556 Manichaeorum
899 489 1354 565 Philippopolim
1383 486 1790 544 transtulit.At
1814 483 2049 558 patriar!

2211 501 2317 537 ιυσα
2360 483 2451 552 ἦν,
2496 481 2912 560 προχειρίζεταί
2951 504 3078 541 τινα
3128 487 3374 564 μοναχὸν
3419 487 3730 568 Θεόδωρον,
3781 494 3847 560 ὃς

414 588 526 644 cha
559 585 922 658 Polyeuctus,
952 598 1086 637 cum
1141 584 1274 652 post
1318 576 1619 634 Tzimiscas
1649 573 2050 648 proclamatio‘

2203 569 2326 658 εὕτῷ
2374 570 2588 648 προὲφη
2645 575 2745 638 τῆς
2799 570 3078 648 βασιλείας
3107 581 3316 653 τυγεῖν,
3348 577 3438 633 καὶ
3491 580 3566 654 μὴ
3613 585 3839 640 σπεῦσαι

414 693 544 733 nem
575 657 819 746 triginta
848 672 1110 745 quinque
1131 670 1255 724 dies
1283 665 1786 734 vixisset,obiit,in
1820 665 2050 736 ejusque

2198 657 2306 726 μηδ’
2354 661 2588 737 ἁρπάσαι
2645 661 2834 732 αὐτὴν,
2911 661 3040 718 ἀλλ’
3114 665 3401 738 ἀναμεῖναι
3469 669 3566 738 τήν
3632 669 3692 726 ἐκ
3735 677 3834 728 τοῦ

411 765 602 822 locum
635 762 926 819 successit
947 758 1198 816 Basilius
1220 755 1545 812 monachus
1567 753 2042 810 Scamandrenus

2197 747 2324 804 Ιείου
2363 749 2747 826 προχείρησιν.
2793 753 2995 827 ’Όσπερ
3043 755 3143 823 τήν
3194 755 3607 833 ἀρχιερωσύνην
3668 781 3833 817 κατα-

410 852 661 927 Agareni
694 867 827 906 vero
859 866 974 905 non
1009 847 1313 902 ferendum
1362 859 1493 900 esse
1523 843 1658 914 rati,
1691 843 1741 898 si
1773 841 2046 913 adempti:

2197 839 2486 913 ἱεξάμενος,
2571 838 2790 911 ἀξίωσιν
2862 837 3012 898 ἔθετο
3096 843 3232 914 πρὸς
3305 846 3398 900 τὸν
3457 847 3833 928 αὐτοκράτορα

413 945 584 1000 modo
619 941 864 998 urbibus
895 936 1212 994 carendum
1259 938 1455 990 esset:
1508 933 1902 1004 undecunque
1933 947 2040 986 con

2196 929 2452 1001 Ιωάννην,
2478 927 2606 992 τοὺς
2662 930 3005 1007 Μανιχαίους
3054 930 3114 987 ἐκ
3159 939 3260 1004 τῆς
3305 935 3478 1008 Έῴας
3529 927 3832 1010 μετοικίσαι

407 1037 712 1098 venerunt,
746 1034 1031 1102 pactaque
1051 1023 1188 1081 belli
1208 1020 2043 1093 societate,Cartbaginensiun

2194 1018 2402 1104 τρὸςτά
2441 1017 2720 1095 Ἐσπέρια,
2775 1017 3025 1083 πολλοὺς
3069 1025 3138 1097 τῇ
3194 1023 3368 1078 αὐτῶν
3422 1032 3638 1102 μυσαρᾷ
3682 1028 3830 1104 αἶ’ρέ-

413 1125 593 1179 ductu
616 1125 674 1176 et
693 1115 971 1189 auspiciis
997 1113 1367 1170 Antiochiam
1384 1113 1556 1183 juxta
1580 1111 1876 1184 Daphnem
1893 1111 2049 1166 obse-

2197 1127 2252 1160 πει
2311 1103 2738 1186 διαφθείροντας.
2800 1106 2877 1166 Οὗ
2953 1111 3054 1179 τὴν
3137 1111 3355 1184 ἀξίωσιν
3425 1113 3700 1190 πληρῶν,
3744 1103 3833 1182 εἷς

411 1213 640 1268 derunt.
673 1208 781 1264 Sed
811 1208 952 1262 dum
985 1205 1140 1261 cives
1189 1201 1561 1258 constantius
1608 1198 1725 1254 illis
1754 1198 2047 1270 resistunt,

2192 1193 2625 1284 βιλιπποόπολιν
2685 1199 2962 1276 μετήγαγε
3006 1200 3070 1256 τὸ
3121 1201 3279 1276 γένος
3323 1207 3432 1260 τῶν
3482 1206 3828 1284 Μανιχαίων.

403 1299 669 1373 gentium
700 1295 800 1351 illa
829 1293 1272 1366 conspiratione
1303 1289 1540 1364 cognita
1567 1289 1907 1359 imperator,
1945 1289 2030 1344 Me

2189 1287 2230 1343 Ο
2301 1283 2358 1341 δὶ
2423 1285 2771 1363 πατριάρχης
2848 1286 3188 1356 Πολύευκτος
3263 1293 3336 1363 τῇ
3394 1297 3492 1348 τοῦ
3549 1283 3825 1368 Τζιμισκῆ

404 1386 741 1460 sopotamiae
763 1386 973 1440 ducem
999 1380 1259 1438 obsessis
1289 1395 1457 1451 opem
1491 1379 1638 1434 ferre
1661 1376 2040 1448 jubet,Prasli<

2187 1373 2454 1452 ἱναῤῥήσει
2510 1375 2800 1451 τριάκοντα
2864 1378 2953 1432 καὶ
3037 1380 3196 1434 πέντε
3273 1381 3488 1458 ἡμέρας
3555 1379 3823 1456 ἐπιϐιοὺς,

403 1477 743 1544 commisso,
775 1473 1017 1529 Barbari
1064 1471 1174 1527 etsi
1227 1484 1470 1524 numero
1502 1467 1672 1540 longe
1702 1467 2032 1538 superiores

2189 1463 2256 1518 τὸν
2317 1464 2432 1540 βίον
2496 1463 2824 1538 μετήλλαξε,
2881 1471 2975 1521 καῖ
3030 1466 3364 1544 ἆντεισήχθη
3397 1468 3476 1532 εἷς
3509 1471 3602 1527 τὸν
3633 1471 3825 1549 ἀρχιε-

401 1585 436 1622 a
467 1563 743 1622 Romanis
793 1559 1086 1635 proﬂigati
1135 1557 1526 1629 dissipantur.
1572 1557 1856 1612 Caeterum
1885 1555 2036 1612 Buss

2182 1555 2382 1608 ›ατικὸν
2418 1553 2608 1630 θρόνον
2652 1559 2752 1620 τῆς
2806 1554 3204 1631 βασίλευοόσης
3246 1563 3354 1612 τῶν
3403 1559 3620 1616 πόλεων
3654 1564 3682 1617 6
3717 1585 3818 1636 μο-

399 1654 790 1726 Bulgarorum
849 1651 1088 1706 natione
1138 1652 1197 1702 et
1255 1643 1554 1717 provincia
1609 1645 1875 1710 subacta,
1937 1661 2035 1699 una

2187 1643 2330 1719 ναχὸς
2379 1641 2664 1707 Βασίλειος
2703 1645 2731 1698 6
2764 1642 3209 1720 Σκαμανδρηνὸς.
3261 1647 3330 1705 Οἱ
3387 1644 3434 1702 δ’
3491 1647 3552 1705 ἐκ
3593 1655 3692 1717 τῆς
3722 1659 3823 1709 νΑ-

400 1759 536 1799 cum
595 1739 846 1797 ducibus
899 1737 1100 1792 Borise
1156 1738 1215 1790 et
1264 1733 1550 1798 Romano,
1605 1731 1774 1787 obliti
1826 1731 2026 1802 patriae

2183 1752 2260 1808 ναρ
2311 1733 2386 1804 μὴ
2439 1731 2659 1787 ἀνεκτὸν
2709 1733 3038 1808 ἡγούμενοι,
3091 1736 3389 1812 στερεῖσθαι
3432 1743 3544 1794 τῶν
3601 1737 3819 1798 πόλεων

398 1831 519 1888 illic
546 1829 775 1902 imperii
807 1829 1005 1884 sedem
1039 1823 1399 1882 constituere
1426 1819 1757 1891 voluerunt,
1787 1820 2034 1892 Calocyr‘

2185 1830 2220 1883 ξς
2259 1818 2401 1919 Δἤδη
2477 1819 2783 1919 ἀφῄρηντο,
2855 1821 3214 1919 σάνελὲγησαν
3285 1826 3652 1903 πανταχόθεν,
3729 1833 3821 1886 καὶ

397 1921 774 1992 potissimum
809 1915 1108 1988 impulsu:
1142 1911 1266 1985 qui,
1298 1910 1346 1966 si
1401 1910 1472 1964 ab
1531 1909 1616 1966 eis
1647 1913 2033 1966 Romanorum

2190 1911 2424 1981 υνθήκας
2501 1910 2630 1987 πεφὶ
2715 1909 3025 1986 ὁμαιχμίας
3109 1913 3494 1986 πεποιηκότες,
3553 1917 3644 1973 καὶ
3699 1925 3823 1984 τοῖς

389 2010 714 2082 imperator
743 2005 1158 2079 appellaretur,
1191 2020 1254 2058 se
1300 2007 1358 2058 et
1405 2000 1682 2074 Bulgaria
1711 2015 2025 2066 cessurum,

2183 1995 2566 2076 ἱαρχηδονίοις
2612 1999 2712 2068 τὴν
2781 2004 2928 2078 σφῶν
3003 2001 3304 2076 ἡγεμονίαν
3360 2005 3819 2080 προσνείμαντες,

390 2104 448 2157 et
477 2114 678 2173 pacem
706 2099 1048 2169 perpetuam
1073 2092 1452 2160 facturum,et
1475 2090 1647 2163 longe
1669 2087 1838 2160 plura
1859 2104 2026 2160 quam

2173 2089 2556 2164 ηξεστράτευσαν
2631 2087 2768 2142 κατὰ
2823 2091 2922 2154 τῆς
2979 2087 3032 2144 ἐν
3077 2093 3147 2164 τῇ
3205 2090 3384 2167 Δάφνῃ
3443 2093 3809 2171 ’Δττιοχείας,

388 2187 684 2262 promissa
715 2189 914 2242 essent
945 2182 1344 2256 praestiturum
1396 2185 1483 2236 est
1514 2177 1828 2252 pollicitus.
1865 2177 1954 2233 Illi
1981 2183 2024 2232 e1

2183 2177 2235 2232 αἱ
2275 2177 2476 2248 ταύτην
2532 2174 2917 2252 ἐπολιόρκουν.
2968 2181 3090 2234 Τῶν
3153 2177 3201 2235 δ’
3255 2178 3308 2236 ἐν
3367 2186 3438 2258 τῇ
3481 2181 3642 2240 πόλει
3685 2186 3817 2242 ἂνθ-

388 2276 825 2351 provinciarum
881 2272 1144 2328 bonitate
1199 2269 1399 2340 illecti,
1431 2274 1488 2324 et
1543 2267 1804 2340 Calocyri
1843 2265 2024 2322 verbis

2173 2269 2447 2340 σταμένων
2500 2267 2685 2328 αὐτοῖς
2748 2268 3157 2345 κραταιότερον,
3211 2269 3454 2347 ἠγγέλθη
3509 2273 3590 2346 τῷ
3650 2275 3809 2349 βασι-

387 2365 600 2428 inﬂati,
627 2379 811 2433 neque
843 2360 1050 2416 litteris
1097 2359 1492 2431 imperatoris,
1535 2356 1734 2414 omnia
1777 2373 1904 2427 quas
1934 2356 2023 2410 Ni-

2167 2355 2232 2410 ιέῖ
2259 2359 2368 2410 τῶν
2399 2353 2562 2409 ἐθνῶν
2614 2355 2649 2424 ἠ
2701 2355 3028 2418 συνέλευσις.
3075 2359 3136 2415 Ὁ
3181 2354 3238 2414 δὶ
3265 2357 3476 2416 κελεύει
3500 2367 3583 2436 τῷ
3613 2383 3803 2440 στρατ-

385 2455 675 2526 cephorus
707 2449 1074 2524 promisisset
1121 2466 1183 2504 se
1221 2447 1622 2503 confecturum
1656 2445 2021 2514 afﬁrmantis,

2155 2449 2267 2520 ηγῷ
2319 2443 2738 2516 Μεσοποταμίας
2813 2443 3170 2521 ἐπικουρῆσαι
3217 2453 3334 2510 τοῖς
3382 2447 3791 2526 πολιορκουμέ-

383 2543 813 2608 auscultarunt,
834 2544 888 2595 et
921 2539 1143 2611 legatrs
1173 2536 1524 2593 insolentius
1552 2537 2019 2599 tractarunt.Qua

2153 2555 2250 2597 νοις
2285 2554 2299 2568 ο
2329 2533 2419 2588 καὶ
2466 2531 2718 2618 πολέμου
2766 2534 2905 2606 πρὸς
2949 2533 3076 2598 τοὺς
3119 2536 3454 2613 Ἀγαρηνοὺς
3501 2539 3789 2618 συρραγέν-

384 2635 457 2690 de
506 2649 686 2689 causa
717 2629 868 2685 bello
898 2645 998 2685 eos
1030 2632 1223 2698 petere
1261 2631 1516 2696 coactus,
1550 2625 1704 2682 210
1733 2628 2020 2680 Romanas

2153 2644 2252 2692 τος,
2304 2623 2355 2678 οἱ
2416 2617 2706 2698 Βάρϐαροι,
2749 2623 2841 2678 καί
2884 2644 2972 2678 τοι
3019 2622 3433 2682 πολλαπλάσιοι
3491 2629 3628 2705 πρὸς
3657 2617 3789 2695 τοὺς

381 2721 644 2796 legiones
674 2719 861 2775 Barda
907 2715 1098 2772 Sclero
1148 2715 1430 2787 magistro
1475 2715 1643 2782 duce,
1677 2715 1852 2770 fratre
1882 2732 2017 2772 uxo-

2155 2717 2442 2786 Ρωμαίους
2493 2707 2664 2780 ὄντες,
2723 2713 3014 2786 τρέπονταί
3071 2735 3130 2770 τε
3184 2715 3274 2770 καὶ
3329 2713 3650 2776 σκίδνανται.
3722 2722 3788 2777 O't

381 2813 464 2868 ris
493 2827 678 2882 nuper
707 2809 1016 2872 defunctae,
1049 2811 1249 2861 contra
1271 2809 1491 2860 Russos
1521 2804 1702 2859 misit.
1739 2805 1862 2869 Quo
1893 2809 2017 2860 Bar-

2153 2799 2197 2856 ié
2224 2823 2285 2877 γε
2313 2801 2448 2862 Ῥὼς
2487 2800 2548 2856 τὸ
2595 2805 2702 2855 τῶν
2755 2799 3088 2878 Βουλγάρων
3130 2799 3286 2868 ἔθνος
3332 2805 3423 2860 καὶ
3459 2807 3563 2876 τὴν
3596 2809 3789 2884 χώραν

380 2903 658 2959 berorum
689 2899 808 2954 dux
850 2893 1390 2968 Sphendostblavus
1417 2891 1730 2962 intellecto,
1764 2891 2016 2964 Bulgaria

2155 2891 2313 2946 ιύτῶν
2349 2891 2437 2967 ὑφ’
2487 2888 2716 2952 ἑαυτοὺς
2767 2892 3157 2965 ποιησάμενοι,
3199 2893 3290 2948 καὶ
3336 2893 3466 2960 τοὺς
3510 2898 3791 2972 ἡγεμόνας

382 2989 626 3047 armatis
656 2993 714 3042 et
745 2985 1068 3042 Patzinacis
1105 2981 1360 3056 Scythis,
1391 2999 1497 3038 nec
1545 2998 1658 3036 non
1691 2982 1894 3038 Turcis
1925 2982 2018 3054 qui

2151 2983 2232 3034 ιοῦ
2288 2977 2469 3042 ἔθνους
2532 2979 2624 3034 τὸν
2680 2979 2916 3056 Βορίσην
2971 2982 3062 3036 καὶ
3111 2981 3204 3037 τὸν
3263 2983 3565 3056 Ῥωμανὸν,
3607 2986 3787 3044 οὐκέτι

382 3079 744 3136 Pannoniam
775 3079 977 3132 tenent
1017 3073 1088 3130 ad
1138 3071 1274 3128 belli
1308 3071 1644 3128 societatem
1673 3070 1898 3140 ascitis,
1929 3089 2018 3127 ex-

2149 3073 2242 3124 :er
2275 3065 2417 3124 οἴειοι
2448 3067 2778 3142 ἐμέμνηντο,
2829 3067 2954 3126 ἀλλ’
3002 3067 3202 3140 ἤθελον
3255 3069 3419 3128 αὗτδῦ
3466 3093 3574 3130 που
3607 3077 3785 3150 μένειν

377 3169 562 3226 ercitu
602 3166 833 3222 circiter
858 3165 965 3219 300
1013 3161 1262 3218 millium
1305 3165 1528 3229 coacto,
1555 3160 1866 3216 Thraciam
1899 3177 2013 3216 om-

2149 3159 2235 3228 ιήν
2263 3159 2451 3234 χώραν
2501 3158 2840 3234 κατέχοντες,
2889 3160 3026 3234 πρὸς
3071 3163 3234 3215 τοῖὶτο
3283 3157 3332 3216 δ’
3384 3163 3552 3219 αὐτοῦ
3587 3183 3602 3235 ;
3633 3165 3724 3220 καὶ
3756 3169 3785 3222 6

377 3221 517 3313 nem
543 3255 878 3328 populatur.
903 3251 1134 3308 Sclerus
1156 3251 1256 3322 qui
1288 3267 1422 3306 cum
1453 3221 1618 3306 tanta
1647 3249 2013 3306 multitudine

2151 3221 2452 3318 Καλόκυίοὸς
2499 3221 2837 3322 ἀνηρξθιζενί
3017 3248 3122 3324 γάρ
3183 3247 3440 3324 βασιλεὺς
3497 3221 3787 3327 Ῥιόμαίων

377 3346 502 3400 acie
530 3342 805 3416 congredi
865 3358 978 3396 non
1039 3341 1300 3404 auderet,
1349 3339 1567 3410 quippe
1623 3338 1808 3410 cepiis
1855 3337 2013 3410 longe

2145 3336 2581 3414 ἰναρῥηθήςομαι
2608 3337 2737 3412 παρ’
2787 3336 2964 3410 ὑμῶν,
3013 3335 3187 3413 ἔλεγε,
3231 3345 3332 3410 τῆς
3376 3362 3436 3396 τε
3469 3342 3578 3397 τῶν
3605 3344 3781 3401 Βοολ-

377 3433 638 3500 inferior,
673 3429 914 3486 militari
971 3429 1208 3485 solertia
1262 3428 1549 3484 Barbaros
1605 3427 1834 3483 devicit.
1878 3426 2013 3482 Nam

2144 3425 2314 3501 γάρων
2374 3426 2562 3501 χώρας
2619 3423 3012 3501 παραχωρήσω
3073 3427 3225 3502 ὑμῖν,
3285 3427 3376 3484 καὶ
3446 3427 3780 3507 διαθήσομαι

373 3523 631 3594 primum
649 3519 988 3575 Patzinacas
1011 3517 1166 3573 solos
1182 3515 1390 3572 callide
1413 3516 1471 3570 in
1487 3514 1732 3571 insidias
1747 3515 2009 3587 pellectos

2142 3515 2266 3590 πρὸς
2319 3514 2458 3587 ὑμᾶς
2509 3512 2733 3588 εῗρήνην
2785 3511 3220 3589 διαιώνίζουσαν,
3269 3517 3361 3572 καὶ
3407 3519 3476 3576 τὰ
3533 3521 3778 3598 ὑπεσχη-

373 3609 588 3684 partim
638 3607 868 3674 cecidit,
921 3607 1132 3678 partim
1179 3605 1340 3662 vivos
1396 3604 1570 3676 cepit.
1622 3604 1838 3660 Deinde
1883 3620 2009 3659 cum

2143 3604 2269 3675 μένα
2313 3601 2528 3678 παρέξω
2583 3603 2720 3657 κατὰ
2773 3602 2837 3658 τὸ
2888 3600 3327 3663 πολλαπλάσιον.
3377 3607 3446 3664 Οἱ
3493 3605 3551 3664 δὲ
3594 3613 3664 3684 τῇ
3710 3632 3779 3667 τα

371 3699 596 3756 caeteris
655 3695 998 3769 aliquandiu
1086 3711 1250 3768 aequo
1307 3697 1488 3750 Marte
1545 3694 1845 3765 pugnavit.
1905 3693 2007 3749 Sed

2142 3696 2234 3748 τῶν
2269 3695 2470 3768 χωρῶν
2523 3691 2688 3767 ἀρετῇ
2738 3691 3077 3768 θελχθέντες,
3133 3695 3220 3750 καὶ
3279 3701 3394 3758 τοῖς
3447 3696 3634 3774 λόγοις
3677 3706 3778 3756 τοῦ

369 3806 505 3846 cum
563 3787 804 3860 quidam
862 3802 932 3842 ex
984 3784 1216 3856 Scythis
1254 3789 1312 3838 et
1365 3781 1703 3854 proceritate
1759 3782 2005 3854 corporis

2145 3779 2452 3856 Καλοκυροῦ
2511 3781 2898 3856 χαυνωθὲντες,
2977 3781 3102 3837 οὕτε
3174 3788 3254 3856 τῷ
3331 3785 3551 3860 βασιλεῖ
3602 3789 3781 3846 πάντα

367 3885 426 3936 et
455 3878 634 3934 animi
685 3875 880 3948 vigore
929 3875 1204 3930 omnibus
1253 3872 1380 3928 suis
1428 3870 1809 3943 popularibus
1839 3888 2003 3943 supe-

2139 3871 2376 3940 ποιήσειν
2456 3867 2682 3939 ἐπιτελῆ
2767 3868 2836 3924 τὰ
2891 3870 3039 3942 παρὰ
3084 3875 3182 3926 τοῦ
3229 3874 3547 3951 Νικηφόρου
3595 3879 3775 3956 σφίσιν

367 3969 506 4034 rior,
539 3967 801 4024 Sclerum
861 3980 1002 4020 suas
1051 3961 1310 4034 legiones
1339 3977 1490 4031 equo
1548 3959 1928 4030 circumvehi,
1959 3965 2003 4017 ei

2144 3958 2480 4036 ὶπεθχημὲνα
2529 3956 2802 4013 ἐπείθοντο
2877 3959 3160 4034 γράφοντι,
3238 3961 3329 4016 καὶ
3385 3967 3502 4026 τοῖς
3557 3962 3780 4042 πρέσϐε.

364 4057 436 4114 ad
469 4073 592 4112 rem
623 4061 858 4112 strenue
884 4053 1202 4125 gerendam
1247 4049 1538 4106 cohortari
1567 4048 1843 4105 vidisset:
1878 4065 2000 4105 con-

2136 4069 2208 4104 τιν
2267 4045 2558 4122 ὡμίλησαν
2639 4047 3128 4121 ἀλαζωνικότερον.
3195 4049 3466 4107 Ἐντεῦθεν
3548 4051 3772 4130 ἅρασθαι

336 4144 542 4202 'citato
567 4162 720 4217 equo
749 4159 950 4198 ensem
1002 4139 1179 4213 capiti
1225 4139 1335 4194 viri
1386 4138 1651 4210 impegit,
1684 4137 1785 4210 qui
1815 4143 1872 4194 et
1900 4139 1972 4193 du

2136 4143 2238 4193 κατ’
2295 4135 2470 4192 αὐτῶν
2527 4134 2672 4192 ὅπλα
2737 4137 3069 4213 ἠνάγκαστο,
3127 4137 3219 4193 καὶ
3268 4145 3390 4204 ταῖς
3444 4141 3772 4216 Ῥωμαῖκαίς

360 4235 493 4292 ritie
522 4239 580 4290 et
610 4233 798 4290 levore
827 4229 1004 4304 galea:
1025 4229 1298 4300 repulsus
1330 4244 1446 4284 non
1480 4227 1822 4299 penetravit.
1853 4227 1996 4284 Scle-

2137 4225 2410 4300 δυνάμεσιν
2482 4224 2776 4296 ἐπιστήσας
2837 4225 3208 4302 στρατάρχην,
3273 4227 3334 4283 ’ὸν
3391 4231 3773 4304 στρατηλάτην

359 4342 463 4381 rus
493 4323 748 4379 vicissim
798 4324 966 4376 tanta
1011 4318 1378 4374 vehementia
1427 4315 1688 4389 gladium
1747 4317 1805 4372 in
1836 4333 1995 4388 capu

2134 4314 2375 4388 ὠνόμασε
2428 4310 2641 4387 Βάρδαν
2706 4312 2996 4391 μάγιστρον
3051 4315 3140 4370 τὸν
3205 4314 3480 4390 Σκληρὸν,
3528 4323 3629 4390 τῆς
3657 4320 3770 4394 ἤδη

359 4413 551 4468 hostis
583 4411 775 4476 illisit,
809 4415 872 4464 ut
921 4409 1213 4462 Barbarus
1261 4405 1320 4460 in
1351 4406 1498 4460 duas
1531 4409 1724 4476 partes
1753 4404 1995 4460 disseca-

2135 4403 2389 4473 δανοόσης
2422 4401 2586 4457 αὐτοῦ
2639 4409 2885 4477 γαμετῆς
2931 4401 3267 4483 αὐτάδελφον
3325 4401 3476 4480 ὄντα,
3527 4410 3771 4484 ὀρμῆσαί

360 4505 542 4567 retur,
591 4499 914 4570 mediaeque
962 4499 1156 4567 partes
1213 4496 1341 4564 ejus
1393 4494 1674 4564 utrinque
1730 4493 1802 4548 de
1857 4509 1996 4564 equc

2133 4493 2175 4546 at
2199 4492 2336 4546 κατὰ
2381 4495 2490 4545 τῶν
2541 4491 2674 4552 Ῥὼς
2718 4490 3022 4548 ἐνετείλατο
3059 4511 3072 4525 ⁸
3119 4493 3210 4548 καὶ
3263 4495 3292 4550 6
3354 4497 3450 4569 μὶν
3489 4496 3677 4574 ἀπῄει,
3705 4503 3769 4558 Oi

357 4591 712 4646 laberentur.
743 4587 866 4651 Quo
915 4585 1174 4641 facinore
1223 4581 1462 4638 Barbari
1513 4581 1824 4654 perterriti,
1859 4581 1993 4654 fuga

2135 4575 2493 4668 3dp6apcr6‘c
2525 4583 2688 4668 τοῦτο
2741 4581 3024 4654 μαθόντες,
3076 4583 3166 4638 καὶ
3211 4584 3238 4638 6
3280 4583 3488 4641 τούτων
3539 4583 3771 4667 ἔξαρχος

357 4695 420 4736 se
455 4678 834 4744 mandarunt,
867 4690 1017 4746 quos
1049 4671 1294 4728 Romani
1325 4687 1358 4725 a
1387 4675 1550 4741 tergo
1582 4669 1985 4735 insecuti,mul

2129 4670 2149 4724 ὃ
2209 4664 2677 4747 Σφενδὸσθλαϐος,
2727 4669 2856 4732 τούς
2909 4691 2968 4725 τε
3019 4669 3369 4749 Βουλγάρους
3424 4664 3765 4755 ὁπλισαντες,

354 4775 448 4826 tos
479 4767 820 4824 occiderunt
851 4763 1069 4820 multos
1112 4763 1411 4834 ceperunt.
1447 4758 1844 4830 Persequendi
1875 4758 1990 4815 reli‘

2129 4757 2207 4814 mi
2257 4759 2590 4836 συμμάχους
2633 4761 3067 4838 προσειληφότες
3117 4761 3348 4833 Σκύθας,
3389 4761 3452 4820 οἵ
3493 4771 3765 4838 Πατζινά..

357 4858 530 4930 quias
560 4856 976 4922 Barbarorum,
1001 4866 1132 4924 quae
1157 4849 1392 4922 quidem
1418 4846 1763 4903 vulneribus
1792 4847 1993 4905 affecta

2131 4870 2208 4904 ιιαι
2238 4847 2652 4919 κικλήσκονται,
2699 4848 2792 4904 καὶ
2837 4847 2966 4914 τοὺς
3009 4851 3110 4918 τὴν
3152 4850 3450 4909 Παννονίαν
3483 4855 3767 4924 οἰκοῦντας

357 4950 546 5010 erant,
577 4947 752 5000 ﬁnem
783 4941 971 4998 noctis
1002 4940 1366 4994 interventus
1397 4934 1612 4990 attulit.

2137 4937 2420 5014 Γούρκους,
2499 4937 2589 4993 καὶ
2665 4943 2915 5013 πρατιᾶν
2989 4938 3064 5001 εἷς
3139 4941 3431 5016 τριάκοντα
3505 4945 3773 5021 μυριάδας

355 5041 766 5120 ἂριθμουμὲνην
827 5035 1248 5122 συστησάμενοι,
1468 5031 1683 5108 Θρᾴκην
1737 5031 1961 5122 Δὄξπασαν
2039 5033 2344 5108 ἐληίζοντο.
2418 5035 2665 5122 Τούτοις,
2700 5033 2792 5092 οὖν
2853 5037 2928 5110 μὴ
2985 5035 3198 5114 θαῤῥῶν
3253 5039 3282 5094 6
3329 5037 3581 5118 Σκληρὸς
3637 5067 3773 5122 συμ-

357 5119 530 5204 μίξαι,
579 5130 669 5184 καὶ
733 5126 870 5182 κατὰ
927 5119 1193 5192 συστάδην
1250 5119 1584 5210 μαχέσασθοι
1637 5119 1970 5210 (πολλοστὸν
2025 5124 2128 5199 γὰρ
2185 5124 2252 5192 ἦν
2308 5124 2444 5201 πρὸς
2501 5125 2565 5180 τὸ
2611 5121 2830 5194 πλῆθος
2873 5123 3092 5180 ἐκείνων
3141 5126 3204 5181 τὸ
3252 5133 3366 5200 μετ’
3406 5128 3570 5186 αὐτοῦ
3603 5119 3770 5210 στρα-

349 5221 626 5292 τιωτίκὸν)
685 5218 1070 5292 στρατηγικαῖς
1133 5207 1386 5284 μεθόδοίς
1444 5209 1576 5273 τοὺς
1631 5206 1950 5288 Βαρϐάρους
2001 5213 2435 5290 κατηγωνίσατο·
2510 5213 2618 5269 Καὶ
2674 5217 2892 5288 πρῶτον
2955 5213 3051 5286 μὲν
3107 5213 3319 5292 λόχους
3367 5218 3616 5291 καθίσας,
3669 5206 3767 5281 ’καὶ

354 5314 542 5392 μόνοις
602 5321 719 5376 τοῖς
778 5311 1135 5381 ΙΙατζινάκαις
1191 5305 1458 5377 ἐπελθὼν,
1520 5310 1609 5363 καὶ
1689 5309 1900 5388 εὐφυῶς
1978 5311 2173 5374 αὐτοὺς
2249 5331 2410 5385 περια
2477 5311 2660 5387 γαγὼν
2733 5309 2810 5374 εἷς
2867 5310 2994 5374 τοὺς
3051 5310 3282 5388 λόχους,
3330 5335 3459 5379 τους
3523 5318 3619 5391 μὲν
3674 5321 3766 5376 ἐν-

351 5406 486 5475 εἷλε,
543 5404 672 5466 τοὺς
732 5401 778 5458 δ’
834 5401 950 5457 εἷλε
999 5403 1200 5469 ζῶντας
1237 5419 1249 5432 '
1297 5398 1408 5484 ε’ἷτα
1451 5396 1543 5452 καί
1591 5404 1708 5461 τοῖς
1754 5398 1950 5464 ἄλλοις
1991 5401 2314 5476 συμμίξαντι
2375 5401 2540 5476 μέχρι
2593 5401 2688 5474 μὲν
2737 5421 2882 5463 τινος
2909 5399 3205 5478 ἷσόρῥοπος
3233 5403 3300 5472 ἦν
3337 5405 3370 5475 ἡ
3406 5405 3562 5483 μάχη
3593 5409 3762 5484 αὐτῷ,

346 5501 440 5558 ,Ως
473 5494 532 5549 δέ
587 5515 669 5556 τις
729 5496 836 5547 τῶν
898 5491 1117 5546 Σκυθῶν
1175 5488 1267 5542 καὶ
1329 5482 1480 5562 ὅγκῳ
1539 5489 1818 5562 σώματος,
1873 5489 1962 5544 καὶ
2035 5493 2219 5566 ψυχῆς
2277 5492 2662 5566 παραστήματι
2739 5495 2986 5566 γενναῖος
3045 5493 3182 5546 εἶναι
3242 5489 3440 5568 δοκῶν,
3507 5482 3596 5552 ita;
3653 5482 3762 5556 τῶν

351 5593 632 5667 ὁμογενῶν
676 5590 925 5646 ἁπάναων
986 5589 1314 5664 ὑπερτερεῖν,
1369 5586 1510 5660 ὁρῶν
1570 5587 1662 5641 τὸν
1726 5587 1978 5664 Σκληρὰν
2037 5586 2274 5668 ἔφιππον
2334 5585 2544 5644 διιδντα
2598 5589 2696 5651 τὰς
2758 5590 2845 5666 ὑφ’
2896 5587 3086 5644 ἑαυτὸν
3134 5589 3337 5660 τάξεις,
3404 5593 3496 5650 καὶ
3563 5597 3765 5664 ταύτας

350 5687 426 5752 εἵς
477 5688 650 5760 ἀλκὴν
709 5687 1060 5768 διεγείροντα,
1121 5685 1347 5761 ὥρμησε
1397 5687 1512 5740 κατ’
1572 5685 1800 5756 ἐκείνου,
1849 5686 1938 5742 καὶ
1987 5689 2287 5765 κατήνεγκε
2334 5687 2396 5742 τὸ
2453 5686 2604 5766 ξίφος
2645 5689 2782 5744 κατὰ.
2822 5693 2924 5758 τῆς
2968 5683 3215 5766 κεφαλῆς
3255 5687 3352 5744 τοῦ
3401 5689 3596 5771 ἀνδρός
3628 5715 3641 5728 ·
3695 5700 3761 5756 τὸ
