4142 6362
420 399 537 459 139

1763 389 2094 455 JOANNIS
2139 391 2482 453 ΖΟΝΑΗΛΞ

3727 399 3842 460 MO

416 539 543 589 tum
573 530 656 588 ibi
686 535 831 604 erat,
864 531 1060 588 omnis
1106 531 1247 588 mali
1297 534 1522 598 auctor,
1554 527 1787 600 cognito
1818 525 2060 598 impera-

2187 521 2281 579 σὺν
2339 522 2703 600 στρατεύμασι
2761 524 2980 581 πλείοσι
3030 526 3120 582 καὶ
3179 523 3360 600 στόλῳ
3413 533 3718 604 περιφανεῖ,
3751 529 3842 587 καὶ

415 622 561 678 toris
595 622 850 677 adventu
900 621 960 677 in
1001 621 1329 677 Russorum
1361 625 1554 675 castra
1602 616 1886 689 confugit,
1921 631 2072 688 prai-

417 711 616 768 sentiae
649 711 810 766 illius
844 711 1120 767 nuntium
1146 712 1392 766 alferens
1420 729 1434 765 :
1459 725 1572 781 quo
1606 707 1713 763 etsi
1747 704 2074 778 perturbati

417 804 581 868 sunt,
640 805 840 856 tamen
891 801 1065 872 juxta
1123 801 1416 856 Romanos
1472 802 1667 854 castra
1725 798 2070 868 posuerunt.

415 899 741 972 Imperator
787 916 920 954 vero
973 897 1369 953 Persthlavam
1419 897 1734 968 profectus,
1777 899 1941 950 extra
1971 909 2072 947 ur-

414 989 547 1044 bem
572 988 802 1043 circiter
825 991 951 1043 octo
977 986 1162 1042 millia
1183 985 1489 1042 hominum
1517 1001 1646 1040 sese
1675 981 2071 1040 exercentium

417 1077 816 1148 deprehendit,
851 1076 953 1148 qui
1010 1077 1234 1145 impetu
1295 1076 1424 1146 ejus
1483 1073 1782 1147 paulisper
1831 1072 2072 1127 tolerato

413 1170 578 1238 terga
607 1166 909 1221 dederunt.
945 1165 1241 1237 Oppidani
1286 1163 1635 1235 arripientes
1665 1178 1851 1226 arma,
1886 1164 1951 1215 ut
1981 1175 2073 1216 res

415 1254 658 1324 ferebat,
692 1254 763 1308 ad
793 1269 963 1325 opem
994 1253 1295 1308 ferendam
1332 1251 1735 1324 popularibus,
1769 1251 2071 1319 incompo-

416 1345 528 1399 sito
561 1342 798 1414 agmina
827 1342 1121 1414 egressi,a
1151 1340 1430 1397 Romanis
1459 1342 1671 1412 partim
1703 1339 2070 1407 occiduntur,

417 1432 637 1504 partim
667 1431 730 1486 in
779 1433 988 1487 urbem
1022 1448 1084 1486 se
1133 1431 1442 1502 recepturi,
1477 1430 1716 1498 obsepto
1773 1427 2072 1499 equitibus

416 1521 649 1591 itinere,
680 1520 740 1575 in
773 1537 982 1592 campo
1029 1520 1301 1591 dissipati
1351 1523 1511 1588 sunt,
1548 1519 1680 1573 aliis
1719 1517 1907 1583 cazsis,
1941 1515 2072 1571 aliis

419 1610 628 1682 captis.
662 1609 770 1675 Qui
805 1610 961 1665 intra
994 1609 1198 1664 urbem
1231 1612 1414 1676 erant,
1449 1607 1668 1663 clausis
1699 1606 1883 1678 portis
1933 1609 2074 1660 sunt

417 1699 668 1755 obsessi.
694 1698 981 1754 Postridie
1005 1715 1138 1753 cum
1165 1698 1418 1754 Basilius
1440 1696 1694 1752 cubiculi
1726 1695 2071 1767 praepositus

418 1789 573 1846 212
623 1805 758 1843 cum
815 1792 938 1844 toto
988 1788 1246 1843 exercitu
1302 1786 1672 1843 advenisset:
1722 1785 2072 1856 imperatore

417 1879 916 1951 Oppugnationem
934 1877 1342 1934 vehementius
1360 1874 1874 1947 urgente,quidam
1895 1872 2072 1929 scalis

420 1983 741 2024 conscenso
773 1984 938 2023 muro
970 1968 1256 2023 Barbaros
1295 1965 1524 2038 aliquot
1567 1963 1960 2036 deprehensos
1991 1961 2071 2017 ibi

419 2057 776 2127 ceciderunt,
809 2055 1144 2128 apertisque
1175 2056 1359 2128 portis
1390 2053 1670 2110 exercitui
1718 2051 1950 2109 facilem
1982 2051 2072 2106 in-

417 2163 690 2221 gressum
738 2147 1159 2218 patefecerunt.
1196 2144 1530 2201 Persthlava
1581 2142 1664 2199 sic
1719 2144 2068 2214 expugnata,

418 2245 652 2300 Borises
682 2259 914 2316 quoque
946 2243 1334 2316 Bulgarorum
1367 2259 1466 2298 rex
1495 2245 1702 2315 captus
1751 2244 1858 2306 est,
1893 2255 2068 2312 quem

413 2350 550 2390 cum
583 2333 860 2390 omnibus
882 2332 1149 2404 Bulgaris
1166 2333 1486 2405 imperator
1506 2330 1844 2386 humaniter
1860 2333 2071 2385 tracta-

411 2428 542 2480 tum
575 2422 821 2478 dimisit.
854 2423 1118 2495 Negabat
1173 2421 1330 2477 enim
1363 2439 1424 2477 se
1483 2419 1748 2492 Bulgaris
1790 2418 2066 2474 intulisse

411 2513 657 2578 bellum,
689 2513 790 2568 sed
825 2512 1054 2568 Russis.
1091 2511 1236 2566 Cum
1286 2515 1482 2567 autem
1543 2509 1712 2565 multi
1750 2508 1974 2581 Scythae
2005 2509 2063 2562 in

411 2602 804 2660 munitionem
828 2602 1148 2673 quamdam
1173 2596 2061 2672 confugiesent,imperatoream

410 2707 646 2764 quoque
665 2689 925 2747 exscindi
951 2691 1154 2761 jussit.
1189 2690 1336 2754 Quia
1365 2705 1499 2745 vero
1532 2688 1746 2743 milites
1776 2705 1809 2742 a
1837 2686 2064 2742 difﬁcili

410 2780 484 2836 ob
521 2779 702 2836 situm
733 2778 845 2835 loci
876 2778 1314 2852 oppugnatione
1339 2777 1655 2833 abhorrere
1675 2775 2063 2846 videbat,ipse

405 2868 636 2942 primus
667 2867 976 2924 castellum
1007 2868 1186 2938 pedes
1219 2868 1484 2935 adortus,
1515 2865 1704 2922 effecit
1747 2870 1813 2920 ut
1843 2864 2061 2919 milites

404 2975 474 3014 ex
526 2957 881 3015 verecundia
937 2957 1144 3026 secuti,
1178 2961 1347 3028 capto
1401 2954 1659 3023 castello,
1697 2955 1840 3010 alios
1882 2955 2061 3009 caede-

403 3050 553 3116 rent,
587 3047 732 3104 alios
762 3053 1056 3118 caperent.
1090 3045 1228 3101 Urbi
1278 3045 1628 3100 Persthlavaa
1676 3043 1870 3103 valido
1909 3060 2060 3115 pra:-

400 3137 553 3194 sidio
585 3136 882 3208 imposito,
907 3135 1302 3201 Dorostolum,
1324 3151 1452 3206 quae
1483 3139 1542 3189 et
1576 3133 1800 3188 Dristra
1819 3133 2054 3204 dicitur,

2183 612 2398 669 ἀπιόντι
2491 618 2823 670 συναντῶσιν
2880 614 3026 688 αὐτῷ
3087 610 3410 692 πρεσϐευταὶ
3495 613 3652 688 δῆθεν
3730 617 3840 676 τῶν

2185 708 2428 768 Σκυθῶν·
2465 705 2514 758 οἱ
2574 702 2632 759 δὲ
2687 708 3028 781 κατοπτῆρες
3086 705 3220 775 ἦσαν
3270 706 3360 761 καὶ
3405 713 3508 776 τῆς
3563 712 3673 762 τῶν
3705 709 3840 765 Ῥω-

2187 792 2360 866 μαίων
2418 793 2607 870 ἰσχύος
2666 795 3079 865 κατάσκοποι,ὃ
3135 792 3260 850 οὐδὲ
3295 795 3385 851 τὸν
3445 795 3674 872 βασιλέα
3733 797 3842 856 διέ-

2185 880 2332 938 λαθε.
2394 881 2700 959 Προστάξας
2760 881 2851 938 οὖν
2881 892 3247 962 περιαχθῆναι
3305 884 3500 948 αὐτοὺς
3551 889 3688 943 κατὰ
3734 893 3842 945 πᾶν

2180 982 2243 1036 τὸ
2291 978 2681 1055 στρατόπεδον,
2735 981 2825 1037 καὶ
2901 986 3061 1038 τοῦτο
3145 989 3502 1058 καταμαθεῖν,
3559 985 3839 1044 ἐκέλευσεν

2182 1068 2640 1135 ἀπαλλάττεσθαι.
2693 1070 2947 1127 Ἐκείνων
3035 1070 3092 1127 δὲ
3164 1072 3459 1143 ἀπιόντων,
3514 1076 3607 1130 καὶ
3681 1076 3845 1140 αὐτὸς

2183 1160 2450 1229 εὐζώνους
2499 1156 2834 1235 παραλαϐὼτ
2884 1161 3076 1231 πεζοὺς
3123 1160 3177 1225 ἐς
3223 1160 3482 1239 χιλιάδας
3538 1163 3715 1234 πέντε,
3747 1166 3843 1221 καὶ

2181 1248 2416 1312 ἱππότας
2517 1250 3014 1326 τετρακισχιλίους,
3101 1252 3280 1307 ὀπίσω
3363 1257 3471 1308 τῶν
3561 1249 3841 1327 πρέσϐεων

2182 1339 2370 1414 ἀπῄει,
2429 1339 2518 1395 καὶ
2575 1339 2769 1413 ἀθρόον
2829 1339 2984 1417 ἐγγὺς
3035 1347 3138 1412 τῆς
3188 1341 3435 1418 μεγάλης
3491 1340 3844 1418 Περσθλάϐας

2179 1429 2408 1504 γίνεται,
2436 1429 2527 1484 καὶ
2588 1428 2852 1506 βάλλεται
2909 1434 3146 1506 χάρακα,
3195 1431 3224 1486 ὃ
3281 1429 3410 1494 τοὺς
3462 1433 3849 1510 Ταυροσκύθας

2183 1517 2260 1580 εἰς
2307 1517 2620 1593 ἀμηχανίαν
2674 1513 2911 1578 ἐνέϐαλε.
2960 1516 3288 1595 Καλοκύρης
3332 1517 3390 1574 δὲ
3439 1521 3466 1575 6
3497 1524 3604 1576 τῶν
3658 1526 3844 1577 κακῶν

2180 1609 2558 1684 πρωτουργὸς,
2593 1607 2706 1662 ἐκιῖ
2751 1607 2874 1662 τότε
2923 1608 3134 1682 παρὼν,
3179 1607 3270 1664 καὶ
3325 1607 3486 1686 γνοὺς
3543 1611 3635 1665 τὸν
3691 1612 3848 1686 βασι-

2183 1695 2281 1751 λέα
2335 1696 2802 1772 παραγενόμενον,
2854 1697 2992 1768 πρὸς
3065 1699 3166 1767 τὴν
3233 1701 3346 1753 τῶν
3420 1697 3557 1762 Ῥὼς
3631 1699 3847 1775 ἀπέδρα

2181 1780 2568 1861 παρεμϐολὴν,
2622 1787 2712 1864 ἀφ’
2771 1784 2834 1840 οὗ
2889 1787 2988 1854 τήν
3058 1791 3156 1841 τοῦ
3216 1788 3486 1862 βασιλέως
3535 1789 3844 1864 παρουσίαν

2102 1913 2151 1980 Β
2186 1875 2465 1980 μαθόντες,
2532 1869 2945 1980 ἐτεθορύϐηντοι,
3003 1874 3156 1949 ὅμως
3197 1876 3400 1980 ιχμέντοι
3456 1897 3845 1954 παραστρατο-

2181 1964 2492 2019 πεδεύονται
2551 1971 2668 2026 τοῖς
2725 1965 3040 2038 Ῥωμαίοις.
3074 1967 3144 2022 Oi
3193 1963 3250 2019 δὲ
3295 1965 3419 2040 περὶ
3467 1967 3558 2022 τὸν
3609 1968 3846 2042 βασιλέα

2183 2053 2429 2116 ἐλθόντες
2484 2053 2561 2118 εἷς
2615 2055 2677 2109 τὸ
2731 2061 2831 2124 τῆς
2891 2049 3240 2131 Περσθλάϐας
3287 2051 3438 2124 ἄστυ,
3472 2058 3547 2119 ὡς
3600 2055 3844 2133 εἷ’ρηται,

2179 2138 2690 2217 καταλαμϐάνουσιν
2746 2143 2899 2206 ἐκτὸς
2945 2137 3391 2218 γυμναζομένους
3449 2145 3524 2207 ὡς
3589 2145 3848 2202 ὀκτακισ-

2180 2233 2427 2308 χιλίους,
2503 2231 2770 2294 κάκείνοις
2858 2231 3162 2304 συνέμιξαν.
3230 2233 3298 2289 Οἱ
3383 2230 3441 2287 δὲ
3521 2234 3659 2310 πρὸς
3734 2236 3841 2310 μὶν

2184 2319 2368 2397 ὀλίγον
2428 2318 2713 2396 ἀντέσχον,
2770 2320 2886 2376 εἶτα
2958 2325 3100 2375 νῶτα
3182 2320 3502 2396 στρέψαντες
3583 2321 3840 2401 ἔφευγον.

2179 2419 2281 2476 Καὶ
2340 2420 2392 2473 οἱ
2449 2419 2617 2488 ἐντὸς,
2679 2419 2753 2481 ὡς
2827 2415 3054 2480 ἕκαστος
3129 2417 3387 2502 ἠξύνατο,
3444 2420 3842 2496 ὁπλισάμενοι,

2177 2507 2629 2584 ἐπικουρήσοντες
2681 2512 2798 2570 τοῖς
2857 2505 3164 2582 ὁμοφύλοις
3229 2507 3470 2583 ἐξῄεσαν,
3530 2512 3620 2566 καὶ
3674 2512 3847 2568 ἀσυν-

2172 2597 2384 2660 τάκτως
2468 2598 2656 2659 αὐτοῖς
2736 2600 3034 2673 χωροῦσιν,
3096 2598 3509 2667 ὑπαντιάζοντες
3583 2601 3634 2655 oi
3693 2602 3843 2657 Ῥω·-

2179 2692 2330 2760 μαῖοι
2387 2686 2622 2762 ἀνῄρουν
2677 2685 2948 2754 πολλοὺς,
2982 2686 3039 2740 οἱ
3098 2683 3156 2741 δὲ
3207 2685 3284 2751 sic
3323 2688 3422 2758 τὴν
3457 2683 3619 2744 πόλιν
3674 2689 3843 2757 αὖθις

2172 2775 2614 2840 ἀνθυπενόστουν.
2669 2773 2824 2832 Ἀλλ’
2883 2774 3091 2830 ἱππέων
3160 2780 3324 2830 τινῶν
3383 2774 3839 2854 ἐξιππασαμένων

2172 2865 2482 2939 Ῥωμαίων,
2514 2865 2602 2921 καὶ
2641 2866 2740 2935 τὴν
2792 2863 2866 2927 εἷς
2917 2866 3016 2934 τὴν
3073 2863 3238 2920 πόλιν
3285 2865 3597 2943 ἀπάγουσαν
3657 2869 3839 2945 ἀτρα-

2169 2955 2270 3010 πὸν
2307 2954 2774 3031 ἐπιτειχισάντων,
2809 2955 2861 3010 οἱ
2910 2948 3189 3030 Βάρϐαροι
3238 2955 3340 3010 ἀνὰ
3384 2957 3476 3012 τὸν
3524 2956 3678 3021 ἐκτὸς
3731 2959 3838 3016 τοῦ

2169 3047 2357 3108 ἄστεος
2410 3049 2597 3122 χῶρον
2657 3041 2988 3113 ἐσκίδναντο,
3024 3041 3150 3109 ἔνθα
3198 3045 3250 3098 οἱ
3311 3046 3406 3117 μὲν
3468 3045 3836 3123 ἐζωγροῢντο,

2168 3135 2220 3190 οἱ
2270 3132 2328 3189 δὲ
2383 3133 2476 3189 καὶ
2524 3133 2845 3202 ἐκτείνοντο,
2875 3133 2927 3187 οἱ
2975 3131 3022 3187 δ’
3070 3131 3123 3188 ἐν
3169 3137 3239 3208 τῇ
3288 3132 3447 3190 πόλει
3491 3137 3587 3198 τὰς
3646 3136 3834 3205 πύλας

398 3225 566 3299 petit,
601 3225 700 3281 ubi
734 3223 1285 3297 Sphendosthlavus
1317 3224 1641 3279 Russorum
1694 3223 1812 3278 dux
1863 3226 2056 3278 castra

2171 3223 2499 3295 κλείσαντες,
2567 3222 3012 3297 ἐπολιορκοῦντο.
3063 3226 3139 3296 Τῇ
3201 3220 3248 3278 δ’
3307 3223 3430 3294 ἑξῆς
3483 3229 3581 3280 τοῦ
3647 3248 3832 3301 παρα-

395 3285 670 3377 habebat,
703 3285 877 3382 atque
907 3311 1097 3366 obiter
1126 3311 1415 3382 quaedam
1447 3310 1626 3365 urbes
1659 3310 1815 3380 capit
1844 3314 1900 3364 et
1931 3327 2054 3364 cas-

2171 3285 2519 3386 κοιμωμένου
2586 3285 2874 3367 Βασιλέίου
2949 3311 3084 3384 μετὰ
3117 3285 3515 3384 ..πάσηςυτῆς
3573 3285 3829 3392 στρατιᾶς

391 3400 534 3472 tella
563 3399 854 3456 vastat.Ut
880 3399 936 3454 in
970 3399 1228 3454 hostium
1263 3403 1641 3470 conspectum
1671 3403 1909 3453 ventum
1934 3402 2046 3464 est,

392 3491 564 3548 ambo
593 3489 884 3545 exercitus
916 3489 1117 3545 statim
1141 3490 1745 3561 congressi,magnam
1776 3487 1889 3543 diei
1912 3504 2046 3558 par-

392 3584 515 3636 tem
545 3595 712 3650 tequo
761 3581 950 3635 marte
1006 3583 1432 3651 pugnaverunt,
1489 3577 1673 3633 donec
1704 3577 1816 3632 sub
1846 3592 2046 3648 crepu-

388 3669 619 3728 sculum
681 3668 856 3724 Russi
914 3669 1216 3740 defatigati
1277 3668 1337 3722 in
1395 3667 1597 3738 fugam
1642 3665 2040 3722 inclinarunt:

383 3766 784 3839 Romanisque
814 3766 1329 3838 persequentibus,
1363 3765 1533 3821 multi
1563 3764 1695 3822 caesi
1743 3768 1901 3834 sunt,
1935 3781 2040 3820 nec

379 3857 686 3931 pauciores
715 3855 906 3928 capti:
941 3856 1131 3911 caeteri
1169 3855 1538 3910 Dorostolum
1570 3869 1633 3910 se
1672 3857 2036 3926 receperunt.

375 3949 704 4020 Imperator
732 3961 866 4001 vero
918 3943 1073 4000 vallo
1122 3948 1257 4001 ante
1309 3945 1517 3999 urbem
1563 3943 1830 4008 excitato,
1863 3942 2037 4000 trire-

377 4054 504 4094 mes
535 4053 661 4109 quae
710 4035 928 4090 Istrum
975 4037 1284 4090 tuerentur
1321 4033 1715 4106 exspectabat,
1747 4048 1819 4088 ne
1859 4037 2036 4104 Russi

377 4127 746 4201 aufugerent.
779 4123 1328 4197 Sphendosthlavus
1361 4128 1556 4180 autem
1591 4139 1737 4195 quos
1777 4122 2033 4181 habebat

372 4217 680 4290 Bulgaros,
727 4214 828 4287 qui
876 4215 948 4269 ad
998 4214 1209 4286 viginti
1255 4213 1447 4269 millia
1503 4229 1633 4269 esse
1662 4213 2027 4283 dicebantur,

2159 3401 2436 3470 ἐλθόντος,
2488 3399 3026 3477 ἐρρωμενέστερονὸ
3086 3400 3342 3476 βασιλεὺς
3398 3406 3467 3478 τῇ
3527 3404 3830 3484 πολιορκίᾳ

2157 3489 2557 3566 ἐπικεχείρηκε,
2614 3488 2704 3544 καί
2744 3509 2882 3552 τινες
2934 3485 3023 3544 διὰ
3069 3487 3356 3563 κλιμάκων
3408 3491 3484 3555 εἰς
3537 3494 3600 3548 τὸ
3628 3501 3823 3571 τεῖχος

2157 3559 2543 3650 ἀναϐεϐήκασι,
2577 3579 2666 3634 καὶ
2720 3579 2849 3643 τοὺς
2904 3578 3015 3634 ἐκεῖ
3066 3559 3180 3634 τῶν.
3227 3576 3529 3657 Βαρϐάρων
3569 3559 3820 3658 καταλϋηέ

2155 3670 2382 3747 φθέντας
2439 3669 2806 3744 συγκόψαντες
2882 3669 3054 3748 ξίφεσι
3137 3667 3231 3732 τὰς
3307 3669 3484 3734 πύλας
3557 3671 3815 3749 ἀνέῳξαν,

2152 3758 2242 3812 καὶ
2299 3761 2368 3832 τῇ
2419 3759 2700 3832 Ῥωμαϊκῇ
2758 3763 2980 3833 στρατιᾷ
3057 3755 3201 3834 πάσῃ
3287 3757 3476 3835 ῥᾳδίαν
3535 3761 3813 3839 παρέσχον

2147 3848 2247 3918 τὴν
2282 3845 2512 3904 εἳσοδον.
2546 3847 2649 3904 Καὶ
2694 3847 2837 3903 οὕτω
2880 3848 2973 3921 μὲν
3003 3849 3066 3902 τὸ
3109 3855 3208 3919 τῆς
3250 3845 3603 3926 Περσθλάϐας
3648 3849 3811 3910 ἄστυ-

2146 3937 2442 4011 Ῥωμαίοις
2527 3938 2756 4007 κατέστη
2839 3935 3148 4012 ἁλώσιμον,
3232 3935 3357 4002 ἔνθα
3430 3941 3520 3994 καὶ
3597 3942 3626 3997 6
3699 3948 3810 4002 τῶν

2145 4025 2480 4104 Βουλγάρων
2544 4025 2800 4104 βασιλεὺς
2861 4028 2889 4082 ὁ
2947 4025 3190 4102 Βορίσης
3234 4026 3402 4098 ἐάλω,
3437 4029 3482 4104 ᾧ
3523 4031 3614 4085 καὶ
3676 4039 3805 4088 πᾶσι

2141 4121 2258 4179 τοῖς
2304 4114 2642 4193 Βουλγάροις
2693 4116 2945 4178 ἐπιεικῶς
3002 4117 3030 4170 6
3090 4115 3443 4195 αὐτοκράτωρ
3501 4117 3800 4196 ἐχρήσατο,

2140 4205 2362 4270 ἀνέτους
2415 4205 2611 4269 αὐτοὺς
2671 4205 2864 4284 ἀφιεὶς,
2900 4206 2964 4261 οὐ
3021 4205 3159 4260 κατὰ
3205 4205 3564 4283 Βουλγάρων,
3601 4207 3802 4286 λέγων,

365 4307 428 4363 in
477 4306 712 4362 vincula
772 4304 1084 4376 compegit,
1124 4303 1347 4360 veritus
1403 4319 1476 4359 ne
1531 4302 1621 4358 vel
1681 4303 2028 4360 seditionem

2176 4317 2364 4380 ρασθαι
2423 4304 2590 4374 ὅπλα,
2650 4305 2789 4359 κατά
2843 4301 2900 4359 δέ
2964 4325 3028 4380 γε
3076 4305 3186 4359 τῶν
3246 4303 3404 4367 Ῥώς.
3465 4303 3699 4363 Πολλῶν
3744 4307 3806 4365 δὲ

365 4399 684 4462 moverent,
716 4393 805 4450 vel
834 4395 906 4449 ad
937 4398 1232 4449 Romanos
1264 4393 1596 4450 deficerent.
1629 4397 1772 4448 Cum
1817 4393 2025 4449 classis

2171 4400 2360 4459 ἰκυθῶν
2422 4393 2498 4456 εἷς
2558 4392 2831 4471 ὀχύρωμά
2880 4415 2932 4448 τι
2987 4393 3532 4472 προσπεφευγόντων,
3591 4393 3798 4468 ἐξελεῖν

364 4487 618 4556 adesset,
679 4483 885 4539 urbem
949 4488 1256 4556 oppugnat
1313 4483 1658 4555 imperator,
1719 4483 1789 4537 ad
1846 4499 2022 4554 quem

2171 4482 2222 4537 αὶ
2269 4486 2431 4538 τοῦτο
2481 4483 2508 4537 6
2558 4481 2812 4558 βασιλεὺς
2881 4481 3179 4539 ἐκέλευσεν.
3231 4483 3301 4540 Οἱ
3353 4480 3412 4538 δὲ
3467 4490 3800 4559 στρατιῶται

361 4574 709 4634 Constantia
767 4577 822 4629 et
880 4589 948 4629 ex
1004 4573 1140 4629 aliis
1197 4571 1452 4629 castellis
1505 4571 1682 4644 legati
1714 4575 2018 4640 venerunt,

2171 4572 2222 4626 ιὰ
2280 4572 2344 4626 τὸ
2401 4575 2497 4626 τοῦ
2547 4570 2717 4627 τόπου
2777 4569 3088 4627 δυσάλωτον
3147 4571 3282 4641 ἦσαν
3343 4573 3678 4648 ἀπρόθυμοι.
3721 4578 3796 4634 "0

355 4665 588 4722 veniam
646 4666 933 4737 petentes,
978 4680 1044 4719 ac
1102 4662 1452 4735 semetipsos
1509 4666 1568 4717 et
1619 4659 1859 4716 castella
1916 4654 2060 4720 de-l

2171 4660 2291 4724 νοὺς
2350 4662 2378 4716 6
2435 4663 2717 4733 Ἰωάννης,
2774 4661 2934 4724 αὐτὸς
3008 4661 3114 4735 πρὸ
3191 4665 3299 4716 τῶν
3376 4659 3563 4718 ἄλλων
3626 4666 3796 4735 πεζὸς

355 4757 577 4812 dentes.
639 4753 866 4819 Quibus
928 4751 1177 4808 Romani
1249 4751 1528 4823 acceptis,
1596 4750 1658 4804 in
1725 4748 2017 4805 Dorostoli

2171 4749 2289 4824 πῄει
2333 4752 2470 4826 πρὸς
2520 4751 2583 4807 τὸ
2631 4749 2924 4826 ὀχύρωμα,
2955 4750 3047 4806 καὶ
3107 4749 3249 4806 οὕτω
3296 4748 3614 4814 καταιδίσας
3663 4753 3796 4818 τοὺς

353 4846 659 4904 obsidione
682 4843 808 4899 dies
830 4841 1166 4914 complures
1200 4847 1340 4897 sunt
1370 4838 2014 4906 commorati,Barbaris

2171 4842 2480 4916 τρατιώτας,
2538 4838 2698 4916 ἔσχεν
2763 4840 3062 4915 ἑπομένους
3137 4841 3304 4915 αὐτῷ,
3364 4843 3451 4897 καὶ
3518 4841 3644 4911 ἥλω
3721 4845 3788 4899 τὸ

352 4937 580 4992 fortiter
639 4950 767 4990 sese
827 4931 1311 4988 defendentibus.
1353 4931 1495 4986 Cum
1553 4934 1749 4985 autem
1792 4930 2012 4986 crebris

2171 4929 2404 5008 ρούριον,
2462 4931 2553 4986 καὶ
2624 4935 2732 4985 τῶν
2791 4929 2845 4985 ἐν
2901 4930 3046 5004 αὐτῷ
3105 4933 3156 4986 οἱ
3219 4931 3312 5005 μὲν
3390 4927 3784 5009 διεφθάρησαν,

350 5024 569 5099 praeliis
601 5021 777 5078 multi
808 5020 1277 5092 vulnerarentur,
1311 5025 1368 5076 et
1407 5021 1534 5091 jam
1568 5033 1801 5075 annona
1829 5019 2008 5075 desti-

2183 5041 2253 5074 ιοι
2308 5017 2366 5076 δὲ
2420 5021 2511 5076 καὶ
2569 5018 2776 5076 ἀλωτοὶ
2806 5021 2908 5074 Ῥω
3001 5018 3012 5040 '
3140 5019 3229 5076 ἐέ
3536 5020 3550 5043 ’
3725 5023 3742 5042 ‘

2918 5041 3098 5094 μαιοις
3168 5042 3200 5096 γ
3231 5041 3409 5076 νοντο.
3443 5023 3637 5094 Τουτῳ
3682 5043 3783 5096 μεν

348 5118 679 5182 tuerentur,
733 5113 1036 5183 cceperunt
1083 5108 1275 5182 frangi
1326 5109 1577 5165 animis:
1613 5125 1746 5163 cum
1779 5107 2004 5180 Sphen-

2171 5108 2208 5164 ἱν
2257 5115 2336 5182 τῷ
2384 5109 2531 5166 ἄστει
2580 5109 2817 5188 φρουρὰν
2875 5107 3258 5186 ἐγκατέστησεν
3305 5113 3332 5166 ὁ
3383 5108 3642 5186 βασιλεὺς
3687 5111 3781 5183 ἀξ-

347 5203 691 5262 dosthlavus
722 5205 891 5256 nocte
921 5199 1089 5254 illum
1122 5203 1180 5254 et
1226 5203 1649 5273 tempestuosa,
1683 5214 1819 5253 cum
1863 5198 2004 5255 viris

2176 5219 2379 5274 μαχον,
2410 5198 2614 5264 ἐκεῖνος
2644 5197 2701 5255 δὲ
2732 5199 2895 5275 ἀπῄει
2930 5201 3069 5276 πρὸς
3116 5201 3177 5255 τὸ
3224 5199 3589 5274 Δορόστολσν,
3619 5200 3649 5256 ὃ
3687 5200 3778 5256 xui

345 5294 574 5351 circiter
601 5292 692 5347 his
723 5289 883 5345 mille
914 5288 973 5342 in
1007 5288 1296 5345 trabarias
1345 5288 1636 5362 impositis
1680 5288 2002 5344 frumenta-

2171 5290 2348 5365 >ίστρα
2391 5288 2664 5360 καλεῖται,
2715 5290 2805 5344 καί
2849 5310 3004 5353 τινας
3045 5287 3237 5354 πόλεις
3298 5291 3438 5348 ἐλὼν
3489 5289 3628 5346 κατὰ
3676 5290 3776 5346 πά-

342 5387 472 5442 tum
505 5382 670 5450 abiit,
703 5385 758 5437 et
799 5380 971 5434 rebas
1017 5379 1366 5435 necessariis
1414 5378 1748 5453 conquisiti;
1771 5421 1790 5449 ,
1821 5378 1999 5433 Doro-

2171 5376 2299 5450 ›δον,
2355 5379 2446 5435 καὶ
2523 5377 2756 5458 φρούρια
2821 5377 3190 5456 ἐκπορθήσας,
3249 5380 3469 5460 ἐφθάκει
3525 5381 3663 5455 πρὸς
3710 5381 3775 5436 τὸ

341 5472 563 5532 stolum
595 5469 825 5526 reddit:
858 5472 1256 5524 Romanorum
1289 5469 1516 5542 aliquot
1549 5467 1862 5535 ministris,
1896 5473 1999 5539 qui

2171 5469 2476 5543 ›ρόστολον.
2510 5471 2609 5526 Ἢν
2644 5467 2700 5524 δὲ
2731 5467 2870 5544 πρὸς
2917 5476 3016 5540 τῆς
3064 5468 3284 5534 πόλεως
3327 5469 3531 5541 ταύτης
3591 5469 3779 5546 ἐστρα·

338 5573 400 5628 in
434 5570 564 5641 ripa
589 5568 876 5637 ﬂuminis,
909 5567 1044 5641 aliis
1093 5573 1266 5640 atque
1316 5568 1448 5625 aliis
1479 5571 1550 5624 de
1591 5566 1788 5624 causis
1818 5581 1992 5636 vaga-

2173 5556 2444 5622 πεδευκὼς
2492 5561 2520 5613 ὁ
2569 5563 2678 5614 τῶν
2710 5560 2848 5623 Ῥὼς
2905 5559 3154 5638 ἀρχηγὸς
3215 5563 3242 5616 6
3302 5554 3772 5641 Σφενδόσθλαϐος.

334 5661 575 5728 bantur,
607 5673 892 5714 exscensu
943 5657 1095 5713 facto
1152 5656 1496 5716 interfectis.
1559 5657 1641 5714 Ea
1697 5672 1790 5712 res
1846 5653 1990 5710 adeo

2171 5680 2186 5721 ;
2243 5656 2335 5713 οὖν
2393 5655 2534 5714 εἶδον
2611 5655 2863 5730 ἀλλήλας
2921 5659 2977 5714 αὶ
3034 5661 3302 5735 στρατιαὶ,
3363 5658 3771 5736 συνερράγησαν

333 5746 585 5805 molesta
637 5747 790 5804 213
822 5745 934 5802 fuit
966 5746 1326 5818 imperatori,
1361 5751 1425 5803 ut
1454 5745 1664 5804 classis
1697 5743 1988 5816 praefectis

2171 5747 2181 5768 ’
2233 5746 2508 5822 ἀλλήλαις
2568 5747 2744 5821 εὐθὺς,
2801 5747 2892 5804 καὶ
2945 5750 3006 5806 τὸ
3067 5749 3163 5824 μὶν
3218 5749 3362 5809 πολὺ
3436 5755 3537 5820 τῆς
3589 5746 3772 5824 ἡμέρ-
