4142 6374
371 421 486 482 Mi

1675 417 2088 481 ANNALIUM
2131 417 2280 478 LlB.
2327 416 2520 480 XVII.

3688 427 3806 492 1ιῖ

360 549 738 628 ἀγχωμάλως
769 549 1069 628 ἐμάχοντο.
1105 550 1237 626 Περὶ
1271 547 1328 606 δὲ
1358 546 1546 621 δείλην
1596 547 1752 623 ὀψίαν
1803 547 1997 623 ἀπειρη

2109 601 2119 620 ,
2152 547 2373 606 iratrus
2403 553 2648 606 mortem
2685 551 3078 624 minitaretur,
3113 555 3164 612 si
3194 556 3386 614 denuo
3417 559 3804 622 Barbarorum

360 641 517 704 κότες
549 641 600 696 ol
648 641 791 704 Ῥὼς
824 640 1099 704 ἐνέκλιναν
1131 640 1269 716 πρὸς
1301 639 1502 718 φυγὴν,
1532 637 1618 693 καὶ
1671 638 1721 693 οἱ
1752 639 2024 711 Ῥωμαῖοι

371 729 623 799 ἐδίωκον,
649 728 896 786 πλεῖστοι
931 731 1024 805 μὲν
1059 729 1149 787 οὗν
1179 734 1288 786 τῶν
1317 723 1612 804 Βαρϐάρων
1643 726 2025 798 ἀπώλοντο,ού

381 821 565 895 μείους
618 818 672 876 δὶ
721 819 1156 897 ἐζωγρήθησαν,
1212 821 1264 875 οἱ
1319 817 1363 874 δ’
1423 819 1501 880 εἲς
1562 819 1624 872 τὸ
1685 815 2022 892 Δορόστολον

379 909 770 980 ἐπανήλθοσαν·
803 909 893 965 καὶ
925 910 953 963 6
1004 908 1266 971 Βασιλεὺς
1315 908 1422 982 πρὸ
1466 913 1564 976 τῆς
1605 905 1820 968 πόλεως
1853 905 2022 978 πηξά-

379 1019 534 1073 μενος
564 1000 802 1076 χάρακα,
851 999 946 1061 τὰς
989 1002 1234 1074 τριήρεις
1282 997 1374 1060 τὰς
1424 1000 1634 1072 Ἴστρον
1687 994 2025 1070 φυλαξούσας

370 1089 720 1164 προσέμενεν,
791 1086 884 1143 ’ίνα
966 1090 1041 1161 μὴ
1111 1090 1162 1143 o't
1239 1089 1376 1150 Ῥὼς
1408 1083 1786 1162 ἀποδράσαιεν·
1847 1086 1908 1142 Ὁ
1967 1083 2024 1139 δὲ

367 1172 819 1254 Σφενδύσθλαϐος
872 1178 967 1240 οὕς
1020 1183 1244 1252 κατεῖχε
1300 1173 1666 1250 Βουλγάρους,
1717 1175 1792 1236 εἷς
1849 1172 2018 1228 εἷειοσι

363 1264 626 1343 χιλιάδας
657 1265 839 1335 ὄντας,
871 1268 946 1329 ὡς
979 1266 1212 1342 λέγεται,
1245 1265 1448 1328 πάντας
1483 1265 1586 1320 ὑπὸ
1613 1262 1834 1336 δεσμοῖς
1867 1263 2022 1319 ἐποι-

360 1358 558 1425 ήσατο,
617 1353 794 1418 δείσας
855 1359 929 1429 μή
982 1354 1327 1411 ἐπανασταῖεν
1377 1353 1544 1426 αύτῷ,
1603 1353 1640 1422 ἢ
1683 1358 1763 1425 τῷ
1807 1352 2021 1427 βασιλεῖ

2137 654 2446 712 egressum
2480 639 2919 712 neglexissent:
2979 661 3234 718 cumque
3291 648 3499 705 urbem
3555 651 3802 726 integris

2137 728 2442 801 sexaginta
2471 729 2679 786 diebus
2711 732 2926 788 frustra
2952 734 3299 805 obsedisset,
3333 753 3461 792 eam
3493 739 3647 797 fame
3695 743 3800 800 do-

2137 833 2302 872 mare
2337 819 2562 886 statuit,
2654 837 2982 892 coronaque
3081 825 3464 893 circumdata,
3527 836 3797 888 accurate

2135 906 2463 962 observavit
2494 925 2566 961 ne
2596 907 2869 966 alicunde
2925 919 3294 969 commeatus
3341 915 3784 988 importaretur.

2133 998 2208 1050 At
2239 995 2474 1051 Barbari
2515 996 2716 1053 multis
2773 1000 3181 1071 eruptionibus
3239 1004 3397 1072 victi,
3430 1014 3794 1081 urgenteque

2132 1084 2307 1150 fame,
2337 1102 2440 1157 spe
2470 1091 2526 1140 et
2557 1094 2917 1143 commeatus
2948 1094 3006 1143 et
3065 1091 3415 1150 auxiliorum
3474 1097 3743 1154 destituti
3777 1116 3790 1155 :

2132 1173 2344 1246 partim
2382 1180 2556 1230 noctu
2601 1176 2968 1247 fugiendum,
3003 1180 3214 1249 partim
3248 1183 3545 1242 deditione
3585 1188 3791 1245 Roma-

2131 1263 2223 1319 nis
2251 1264 2424 1333 facta,
2458 1266 2528 1320 ad
2567 1281 2675 1320 sua
2707 1266 2916 1334 cuique
2947 1269 3314 1326 redeundum
3364 1289 3514 1346 esse,
3573 1277 3791 1348 partim

2131 1352 2247 1408 alia
2283 1354 2550 1424 quasdam
2585 1360 2960 1411 censuerunt.

353 1447 978 1521 προσχωρήσωσιν.Ὧς
1023 1442 1080 1500 δέ
1126 1443 1217 1500 καί
1253 1446 1282 1499 6
1333 1440 1531 1506 στόλος
1585 1450 1786 1518 παρῆν,
1843 1440 2166 1516 ἐπολιόρχει
2223 1441 2323 1510 τὴν
2383 1439 2547 1496 πόλιν
2609 1443 2637 1497 6
2686 1442 2958 1518 βασιλεύς.
3025 1447 3099 1502 Ex
3154 1447 3529 1515 Κωνσταντίας
3586 1450 3642 1508 δὲ
3697 1455 3790 1509 ναὶ

355 1535 633 1611 φρουρίων
693 1535 892 1609 ἑτέρων
947 1529 1201 1608 πρέσϐεις
1278 1531 1418 1607 πρὸς
1491 1533 1582 1587 τὸν
1665 1530 1894 1607 βασιλέα
1962 1530 2218 1609 ἀφίκνντο
2295 1529 2570 1594 αἰτοῦντες
2628 1532 2980 1607 συγγδώμην,
3039 1535 3128 1589 καὶ
3187 1536 3411 1603 ἑαυτοὺς
3464 1538 3786 1614 παραδιδόν.

344 1644 435 1686 τες
487 1623 637 1696 αύτῷ
701 1624 793 1678 καὶ
849 1623 918 1678 τὰ
975 1623 1228 1700 φρούρια.
1293 1623 1390 1677 Καὶ
1445 1627 1614 1678 ταῦτα
1674 1621 1770 1694 μὶν
1831 1621 1883 1675 οἱ
1938 1622 2205 1693 Ῥωμαῖοι
2285 1615 2598 1694 παρέλαϐον
2631 1662 2644 1675 .

2705 1622 2767 1676 Ἡ
2821 1619 2878 1676 δὲ
2924 1627 3021 1677 τοῦ
3080 1625 3422 1699 Δοροστόλου
3488 1629 3787 1706 πολιορκία

340 1719 427 1798 ἐφ’
481 1722 694 1796 ἡμέρας
752 1717 1006 1793 διήρκεσε
1061 1719 1345 1790 πλείονας,
1408 1724 1522 1774 τῶν
1577 1713 1873 1794 Βαρϐάρων
1930 1716 2185 1793 εὐψύχως
2233 1715 2788 1791 ἀνταγωνιζομένων.
2847 1720 2934 1782 Ὠς
2987 1717 3033 1774 δ’
3082 1719 3142 1776 ὲκ
3193 1727 3299 1778 τῶν
3349 1724 3612 1800 πολέμων
3671 1733 3782 1786 τῶν

340 1813 590 1886 συνεχῶν
650 1807 860 1865 πολλοὶ
938 1809 1276 1884 τραυματίαι
1348 1809 1654 1885 γεγόνασιν,
1738 1805 1846 1878 ἤδη
1918 1805 1975 1862 δὲ
2049 1807 2248 1868 αὐτοὺς
2325 1806 2416 1860 καὶ
2494 1809 2562 1861 τὰ
2637 1812 2854 1882 ζωαρκῆ
2915 1807 3287 1884 ἐπιλέλοιπεν,
3342 1812 3572 1891 ἤρξαντο
3633 1817 3782 1896 σφίσι

337 1898 628 1976 θραύεσθαι
682 1898 750 1954 τὰ
800 1901 1170 1977 φρονήματα.
1258 1896 1412 1954 Ἀλλ’
1468 1899 1496 1952 6
1558 1890 2009 1975 Σφενδόσθλαϐος
2061 1895 2225 1951 νύκτα
2285 1889 2655 1972 φυλαξάμενος
2709 1895 2971 1968 ἀσέληνον
3028 1898 3119 1953 καὶ
3175 1889 3458 1979 χειμέριον
3490 1948 3503 1974 ,
3567 1906 3618 1962 ἐν
3678 1889 3780 1980 με)-

339 1987 596 2059 νοξύλοις
681 1986 883 2059 ἄνδρας
958 1983 1260 2062 ἐμϐιϐάσας
1333 1986 1462 2042 ὡσεὶ
1525 1983 1856 2062 δισχιλίους,
1933 1983 2024 2040 καὶ

2109 1983 2271 2047 αὐτὸς
2359 1983 2580 2047 ἐκείνοις
2653 1981 3093 2061 συνεμϐεϐηκὼς,
3165 1989 3408 2059 ἀπῆλθεν
3484 1993 3781 2052 ἐπισιτίσα-

344 2096 473 2148 σθαι
524 2085 612 2140 καὶ
673 2082 1024 2156 συλλέξαντες
1079 2085 1147 2140 τὰ
1205 2081 1481 2160 χρειώδη,
1539 2083 1614 2145 εἲς
1667 2083 1730 2137 τὸ
1802 2078 2141 2156 Δορόστολον
2216 2079 2535 2153 ἐπανῄεσαν.
2598 2081 2695 2138 Καί
2753 2103 2902 2146 τινας
2956 2088 3062 2138 τῶν
3113 2086 3395 2159 Ῥωμαίων
3445 2091 3781 2164 θεράποντας

342 2174 476 2248 περὶ
531 2175 622 2228 16v
676 2175 924 2246 ποταμὸν
980 2171 1406 2247 ἐσκεδασμένους
1486 2173 1602 2227 κατ’
1676 2169 1852 2234 ἄλλας
1923 2170 2013 2225 καὶ

2102 2167 2276 2232 ἄλλας
2331 2169 2523 2245 χρείας
2578 2168 2802 2243 ἰδόντες,
2861 2167 3110 2236 ἐκϐάντες
3165 2179 3272 2230 τῶν
3331 2177 3544 2234 πλοίων
3601 2180 3779 2246 ένίους

349 2264 690 2333 ἀπέκτειναν,
742 2263 833 2318 καὶ
886 2261 1163 2334 λαθόντες,
1218 2263 1371 2326 αὗθις
1422 2262 1497 2324 εἰς
1545 2263 1609 2317 τὸ
1668 2260 2008 2336 Δορόστολύν
2066 2258 2470 2329 ἐπανήλθοσαν.
2529 2262 2703 2318 Τοῦτο
2753 2261 2890 2316 πάνυ
2947 2263 3039 2317 τὸν
3100 2264 3333 2322 Βασιλέα
3364 2266 3624 2340 ἐλύπησε,
3683 2272 3777 2328 καὶ

345 2355 471 2412 τοῖς
531 2355 628 2404 τοῦ
682 2348 880 2406 στόλου
933 2351 1301 2426 κατάρχουσιν
1376 2347 1660 2424 ἐπιχόλως
1727 2348 1864 2424 εἶχε,
1947 2346 2036 2402 καὶ
2097 2345 2149 2400 εἴ
2197 2344 2274 2400 ἔτι
2335 2345 2552 2410 λάθοιεν
2613 2345 2805 2409 αὐτοὺς
2866 2349 2916 2402 οἱ
2975 2345 3244 2425 Βάρϐαροι
3305 2353 3768 2424 ἀποπλεύσαντες,

339 2446 622 2519 ἠπείλησε
671 2448 896 2512 θάνατον
965 2447 1101 2502 εἶναί
1179 2467 1329 2522 σφισι
1397 2446 1460 2501 τὸ
1535 2445 1809 2518 ἐπιτίμιον
1885 2443 2002 2521 Ἐφ’
2058 2441 2216 2504 ὅλαις
2275 2440 2332 2498 δὲ
2387 2441 2622 2518 ἡμέραις
2679 2443 2934 2515 ἐξήκοντα
2991 2445 3367 2522 πολιορκήσας
3420 2453 3518 2522 τὴν
3578 2452 3768 2523 πόλιν,

329 2538 432 2594 καὶ
499 2539 668 2611 μήπω
723 2537 925 2608 ταύτην
986 2534 1150 2610 ἐλὼν,
1201 2536 1337 2612 ἔγνω
1393 2534 1546 2609 λιμῷ
1613 2535 1740 2597 τοὺς
1809 2532 1958 2589 ἔνδον
2039 2532 2531 2608 καταγωνίσασθαι,
2613 2535 2700 2588 καὶ
2779 2537 3143 2609 περιεκάθητο
3209 2538 3433 2613 ταύτην,
3495 2540 3768 2617 ἐπιτηρῶν

335 2621 612 2702 ἀκριϐῶς,
666 2623 760 2681 ἵνα
814 2627 1057 2700 μήποθεν
1089 2627 1278 2688 αὐτοῖς
1310 2623 1576 2702 χρειῶδές
1628 2645 1681 2680 τι
1711 2627 1976 2699 κομισθῇ.
2011 2623 2078 2680 Οἱ
2111 2619 2168 2677 δὲ
2199 2617 2474 2698 Βάρϐαροι
2507 2620 2780 2685 πολλάκις
2810 2621 3080 2701 ἐκδρομὰς
3106 2630 3472 2701 ποιησάμενοι
3503 2629 3766 2703 ἥττηντο,

323 2725 448 2782 ἐπεὶ
479 2723 536 2780 δὲ
564 2725 652 2780 καὶ
682 2729 761 2799 τῷ
791 2725 946 2801 λιμῷ
982 2723 1039 2780 δέ
1069 2724 1371 2795 ἐπιέζοντο,
1398 2723 1490 2780 καὶ
1522 2723 1644 2780 οὕτε
1671 2731 1773 2795 τῆς
1816 2727 1924 2778 τῶν
1959 2721 2264 2798 ἀναγκαίων
2297 2722 2363 2790 ἦν
2397 2721 2580 2784 αὐτοῖς
2613 2724 2890 2799 χορηγίας
2922 2726 3198 2801 χορηγίας
3238 2726 3417 2798 έλπῖς,
3469 2729 3529 2784 ού
3580 2732 3766 2805 μέντοι

330 2813 684 2891 συμμαχίας,
713 2815 765 2869 οἱ
801 2817 894 2889 μὶν
936 2812 1234 2892 ἀποδράναι
1265 2813 1458 2877 νυκτὸς
1489 2808 1900 2881 συνεϐούλευον,
1935 2812 1986 2866 οἳ
2019 2808 2077 2866 δὲ
2106 2809 2403 2884 Ῥωμαίοις
2451 2810 2671 2874 ἑαυτοὺς
2705 2812 3007 2884 πιστεῦσαι,
3066 2816 3156 2871 καὶ
3216 2817 3390 2880 οὕτως
3450 2817 3765 2876 έπανελθεῖν

333 2903 418 2967 εἷς
445 2905 514 2958 τὰ
543 2901 679 2975 ἴδια,
713 2905 765 2958 οἱ
798 2901 843 2958 δ’
875 2901 1016 2960 ἄλλο
1046 2924 1098 2958 τι
1135 2903 1443 2968 ὑπετίθουν.

406 3087 472 3143 Γ.
505 3085 568 3142 Ὁ
628 3083 686 3141 δέ
749 3106 810 3160 γε
861 3082 1316 3164 Σφενδόσθλαόος
1369 3083 1445 3139 ἔτι
1508 3082 1645 3153 ἅπαξ
1697 3079 1993 3155 Ῥωμαίοις

2178 3081 2275 3138 III.
2327 3082 2868 3153 Sphendosthlavus
2919 3089 3116 3142 autem
3170 3089 3404 3145 monuit
3468 3107 3642 3164 suos,
3703 3096 3771 3150 ut

330 3174 564 3251 παρῄνει
649 3174 1008 3251 μαχέσασθαι,
1083 3175 1173 3229 καὶ
1245 3172 1283 3243 ἢ
1353 3171 1720 3250 περιγενέσθαι
1792 3187 1852 3226 τε
1905 3170 1996 3225 καὶ

327 3266 670 3336 σωθήσεσθαι
753 3265 789 3334 ἢ
869 3270 1205 3342 προτιμῆσαι
1283 3263 1507 3319 θάνατον
1565 3258 1781 3316 ἐὐκλεᾶ
1849 3265 1995 3329 ζωῆς

319 3351 658 3430 δυστυχοῦς.
692 3355 874 3411 Ταῦτα
931 3354 959 3408 ὁ
992 3353 1087 3427 μὶν
1143 3354 1276 3426 εἷπε,
1307 3353 1370 3408 τὸ
1419 3349 1478 3408 δέ
1501 3349 1716 3422 πλῆθος
1749 3349 1993 3423 ἐπῄνεσε,

314 3443 414 3500 καὶ
473 3448 544 3518 τῇ
607 3443 729 3515 έξῆς
781 3446 1112 3506 θανατῶντες
1143 3489 1159 3512 ,
1222 3447 1338 3505 τοῖς
1395 3441 1687 3515 Ῥωμαίοις
1742 3437 1992 3513 συμπλέ-

312 3552 534 3602 κονται,
593 3529 685 3587 καὶ
749 3530 916 3608 μέχρι
949 3528 1168 3586 πολλοῦ
1196 3531 1331 3587 ποτὶ
1358 3531 1453 3604 μὶν
1512 3531 1564 3586 οὶ
1608 3531 1873 3602 Ῥωμαῖοι
1902 3549 1988 3583 περ

312 3621 618 3698 ριεγίνοντο
699 3625 806 3676 τῶν
890 3624 1138 3690 Σκυθῶν,
1217 3621 1351 3675 ποτὶ
1426 3617 1482 3676 δὶ
1535 3623 1642 3674 τῶν
1697 3617 1986 3692 Ῥωμαίων

311 3712 370 3766 οἱ
457 3704 750 3786 Βάρὸαροι.
823 3709 912 3772 Ὡς
989 3705 1036 3763 δ’
1115 3707 1430 3786 έφωράσατο
1500 3709 1598 3778 τήν
1667 3712 1764 3762 τοῦ
1815 3705 1986 3762 τόπου

321 3798 699 3875 στενοχωρίαν
761 3800 789 3854 6
861 3795 1121 3874 βασιλεὺς
1172 3803 1291 3861 τοῖς
1347 3796 1608 3858 ἐναντίοις
1667 3797 1800 3851 εἶναι
1850 3796 1986 3871 πρὸς

324 3885 702 3958 λυσιτέλειαν,
765 3888 840 3961 μὴ
903 3884 1031 3942 οἵων
1083 3909 1144 3942 τε
1199 3883 1368 3943 ὄντων
1398 3891 1506 3942 τῶν
1533 3885 1817 3960 Ῥωμαίων
1847 3884 1988 3941 ἐπιέι

316 3999 413 4033 ναι
473 3976 657 4041 αὐτοῖς
716 3976 950 4053 ἀθρόον,
999 3981 1118 4040 τοῖς
1176 3981 1503 4054 στρατηγοῖς
1563 3975 1862 4049 ὑπετίθετο,
1919 3977 1987 4030 τὰ

318 4067 578 4143 τάγματα
635 4067 771 4142 πρὸς
827 4067 891 4121 τὸ
949 4062 1131 4122 πεδίον
1198 4067 1381 4141 ἡρέμα
1449 4063 1696 4141 ὑπάγειν,
1758 4064 1984 4140 ὑποχω-

326 4161 530 4231 ροῦντα
572 4155 711 4210 κατὰ
771 4155 973 4231 βραχύ.
1045 4157 1214 4209 Τοῦτο
1288 4155 1600 4230 γενόμενον,
1673 4157 1788 4214 τοῖς
1845 4158 1983 4226 Βαρ-

325 4240 512 4320 ϐάροις
561 4243 767 4307 δειλίας
817 4249 936 4299 τῶν
967 4242 1250 4318 Ῥωμαίων
1310 4242 1400 4297 καὶ
1459 4245 1635 4320 φυγῆς
1679 4241 1986 4316 παρέσχετο

318 4331 545 4405 δόκησιν
582 4377 595 4403 ,
668 4333 760 4389 καὶ
821 4330 1044 4388 εἷ’ποντο
1112 4330 1471 4404 ἀλαλάξαντες
1505 4374 1518 4387 .
1591 4332 1682 4392 Ὠς
1737 4328 1793 4384 δὲ
1853 4331 1987 4406 πρὸς

315 4423 613 4500 εὐρύτερον
673 4418 860 4478 πεδίον
919 4420 1187 4497 ἐγίνοντο,
1242 4420 1495 4492 σύνθημα
1539 4424 1657 4482 τοῖς
1689 4419 1987 4492 Ῥωμαίοις

316 4513 344 4566 6
401 4509 659 4585 βασιλεὺς
718 4511 1055 4590 ἐπιστροφῆς
1108 4507 1330 4583 δέδωκε,
1390 4509 1480 4564 καὶ
1540 4508 1986 4583 ἀναστρέψαντες,

312 4595 733 4676 προσϐάλλουσι
790 4605 909 4662 τοῖς
973 4593 1317 4674 Βαρϐάροις,
1389 4598 1479 4653 καὶ
1527 4597 1731 4674 γίνεται
1788 4598 1990 4674 φρικώ-

315 4687 416 4760 δης
485 4690 513 4743 ὁ
574 4689 844 4762 πόλεμος.
924 4689 986 4746 Ὁ
1083 4685 1336 4762 βασιλεὺς
1416 4686 1472 4742 δὲ
1533 4688 1624 4742 τὸν
1688 4689 1987 4764 μάγιστρον

318 4777 527 4851 Βάριδαν
553 4779 646 4834 τὸν
687 4776 944 4853 Σκληρὸν
981 4778 1119 4852 μετὰ
1174 4781 1281 4832 τῶν
1336 4778 1424 4832 ὑπ’
1485 4777 1644 4834 αὐτὸν
1693 4776 1985 4853 ταγμάτων

317 4865 644 4922 ἀποκλεῖσαι
701 4870 801 4938 τήν
857 4867 994 4944 πρὸς
1050 4868 1150 4937 τὴν
1203 4865 1368 4923 πόλιν
1429 4863 1643 4921 εἷ’σοδον
1689 4872 1806 4929 τοῖς
1847 4873 1988 4945 Βαρ-

316 4953 510 5033 ϐάροις
568 4955 942 5034 ἐκπέπομφεν.
972 4957 1040 5015 Ἡ
1094 4953 1151 5011 δέ
1193 4957 1346 5033 μάχη
1383 4957 1550 5032 μέχρι
1591 4955 1807 5012 πολλοῦ
1837 4956 1987 5034 ἱσύῤ-

316 5046 490 5123 ροπος
549 5047 618 5116 ἦν
653 5091 668 5106 .
744 5047 976 5122 Λέγεται
1063 5043 1121 5101 δὲ
1193 5045 1283 5100 καὶ
1351 5046 1623 5120 θειοτέρας
1675 5044 1989 5121 ἐπικουρίας

311 5134 443 5190 τότε
519 5135 648 5200 τοὺς
729 5133 1046 5209 Ῥωμαίους
1115 5138 1328 5209 τυχεῖν.
1414 5132 1632 5190 Θύελλα
1698 5135 1798 5211 γὰρ
1855 5134 1992 5190 κατά

322 5223 623 5299 πρόσωπον
680 5229 799 5287 τοῖς
855 5224 1099 5286 Σκύθαις
1158 5217 1526 5300 προσέϐαλλε,
1585 5224 1674 5279 καί
1702 5245 1784 5286 τις
1840 5223 1992 5302 ἔφιπ-

310 5332 418 5374 πος
494 5313 700 5388 ὶωρᾶτο
771 5310 1010 5376 πολλοῖς
1044 5357 1059 5383 ,
1144 5315 1252 5368 τῶν
1347 5310 1634 5386 Ῥωμαίων
1709 5312 1988 5389 ὑπεραγω-

308 5400 644 5474 νιζόμενος,
734 5404 826 5457 καὶ
903 5401 1222 5477 συγκλονῶν
1315 5405 1424 5456 τῶν
1507 5397 1805 5477 Βαρϐάρων
1894 5403 1988 5464 τὰς

309 5489 629 5567 φάλαγγας.
708 5495 811 5548 Ἦν
874 5488 934 5547 δὲ
989 5492 1129 5546 κατά
1189 5490 1288 5559 τὴν
1349 5491 1557 5566 ἡμέραν
1621 5489 1830 5563 ἐκείνην
1887 5497 1991 5561 τῆς

309 5583 504 5655 μάχης
563 5583 598 5651 ἡ
680 5585 783 5636 τοῦ
867 5579 1251 5657 στρατηλάτου
1319 5579 1471 5656 ἁγίου
1530 5579 1839 5658 Θεοδώρου,
1893 5585 1990 5636 τοῦ

316 5668 373 5725 ἐν
437 5669 673 5745 μάρτυσι
750 5669 1120 5750 περιωνύμου,
1185 5668 1491 5746 τελουμένη
1575 5673 1794 5751 μνήμη.
1859 5672 1987 5747 Τρέο

319 5778 518 5815 πονται
565 5763 696 5837 γοῦν
766 5762 818 5817 ol
873 5761 1098 5836 Σκύθαι,
1160 5758 1251 5814 καὶ
1310 5762 1448 5835 πρὸς
1498 5762 1626 5837 τὴν-
1656 5758 1819 5816 πόλιν
1878 5761 1989 5836 ὡρ-

2118 3170 2310 3225 denuo
2343 3170 2547 3227 Martis
2579 3171 2766 3229 aleam
2798 3173 3222 3247 experirentur,
3252 3177 3342 3233 vel
3371 3178 3614 3236 victoria
3669 3198 3768 3237 sa-

2115 3257 2300 3323 lutem
2330 3260 2653 3330 quaesituri,
2672 3261 2763 3316 vel
2784 3263 3092 3319 honestam
3122 3269 3366 3322 mortem
3411 3267 3768 3325 calamitosas

2115 3348 2248 3404 vitae
2277 3349 2597 3420 praelaturi.
2617 3351 2694 3406 Ea
2724 3353 3018 3408 sententia
3041 3354 3256 3426 populo
3281 3356 3763 3430 probata,postri-

2110 3437 2204 3493 die
2235 3439 2384 3492 mori
2417 3455 2532 3494 non
2565 3446 2926 3508 recusantes,
2983 3459 3117 3498 cum
3182 3444 3461 3501 Romanis
3515 3463 3764 3519 congre-

2109 3527 2374 3594 diuntur,
2410 3545 2477 3583 ac.
2506 3529 2605 3583 diu
2639 3546 2795 3585 nunc
2826 3529 2920 3586 his
2976 3548 3133 3586 nunc
3193 3532 3312 3589 illis
3363 3535 3757 3608 vincentibus,

2106 3614 2430 3687 imperator
2459 3617 2559 3688 qui
2588 3616 2699 3674 loci
2722 3619 3028 3691 angustias
3054 3620 3323 3677 hostibus
3343 3623 3605 3681 subsidio
3631 3643 3760 3682 esse

2108 3704 2623 3774 animadverterat,
2658 3707 2716 3762 in
2751 3707 2968 3779 quibus
2999 3709 3091 3765 sui
3123 3710 3602 3770 confertiirruere
3641 3732 3755 3772 non

2104 3799 2368 3865 posent,
2394 3795 2572 3852 duces
2605 3796 2836 3852 monuit
2863 3803 2928 3853 ut
2959 3797 3226 3855 cohortes
3267 3801 3552 3872 paulatim
3598 3820 3756 3860 rece-

2103 3883 2296 3940 dendo
2326 3884 2384 3940 in
2418 3883 2721 3957 planitiem
2753 3887 3172 3945 subducerent.
3205 3889 3366 3953 Quod
3403 3907 3536 3948 cum
3569 3894 3754 3952 fieret.

2103 3972 2343 4029 Barbari
2377 3975 2601 4046 opinati
2629 3979 2925 4033 Romanos
2965 3982 3125 4033 metu
3178 3979 3426 4051 fugere,-
3459 3998 3588 4038 cum
3647 3983 3759 4040 cla-

2105 4077 2267 4116 more
2301 4065 2442 4118 sunt
2474 4063 2743 4120 insecuti.
2767 4065 2913 4120 Cum
2943 4065 3003 4121 in
3048 4067 3434 4139 patentiorem
3483 4088 3755 4144 campum

2100 4155 2341 4206 ventum
2367 4156 2541 4223 esset,
2577 4153 2900 4225 imperator
2926 4159 3212 4212 tesseram
3263 4159 3426 4214 dedit
3482 4162 3764 4218 Romanis

2100 4245 2169 4296 ut
2200 4257 2262 4296 se
2292 4245 2752 4299 converterent:
2806 4248 2863 4299 et
2935 4261 3135 4316 pugna
3193 4247 3563 4306 atrocissima
3615 4253 3763 4324 orta,

2103 4327 2357 4384 Bardam
2387 4329 2650 4386 Sclerum
2677 4333 3030 4404 magistrum
3065 4351 3198 4391 cum
3241 4337 3366 4394 suis
3423 4339 3764 4398 cohortibus

2103 4419 2173 4474 ad
2209 4419 2725 4477 intercludendum
2759 4424 3034 4480 Barbarie
3063 4425 3289 4482 aditum
3320 4428 3507 4500 urbis,
3559 4447 3762 4487 aman-

2098 4507 2278 4564 davit.
2307 4509 2454 4564 Cum
2489 4511 2586 4564 diu
2627 4511 2869 4568 victoria
2901 4529 3117 4586 anceps
3155 4517 3350 4587 jesset,
3393 4518 3639 4575 Romani
3671 4519 3764 4574 di-

2097 4598 2325 4654 vinitus
2356 4599 2545 4670 adjuti
2578 4616 2707 4656 esse
2740 4601 3143 4672 perhibentur.
3176 4603 3322 4659 Nam
3346 4610 3402 4662 et
3447 4607 3764 4679 procellam

2098 4687 2448 4758 Scytharum
2480 4689 2656 4746 facies
2685 4691 3044 4759 verberasse,
3077 4696 3136 4747 et
3165 4697 3477 4765 quemdam
3512 4699 3574 4754 in
3607 4714 3762 4772 equo

2098 4793 2132 4833 θ.
2157 4775 2365 4832 multis
2395 4777 2610 4846 visum,
2645 4780 2740 4849 qui
2774 4779 3071 4836 Romanos
3100 4781 3460 4854 defenderet,
3514 4792 3569 4843 et
3623 4789 3762 4844 Bar-

2099 4866 2376 4922 barorum
2433 4866 2754 4941 phalanges
2797 4871 3198 4927 conturbaret.
3281 4878 3356 4930 Eo
3415 4893 3588 4948 porro
3671 4878 3765 4932 die

2099 4955 2384 5011 memoria
2415 4957 2602 5012 sancti
2625 4959 2910 5015 Theodori
2935 4960 3206 5032 magistri
3229 4963 3768 5039 militum.insignis

2100 5045 2378 5117 martyris
2409 5045 3076 5120 celebrabatur.Scythte
3097 5049 3281 5121 igitur
3309 5051 3371 5107 in
3395 5053 3592 5125 fugam
3612 5071 3767 5110 com-

2099 5133 2254 5208 pulsi
2317 5135 2524 5191 urbem
2581 5153 2796 5193 versus
2855 5137 3184 5209 fugiebant,
3235 5156 3354 5212 qua
3383 5158 3513 5199 cum
3545 5143 3767 5200 intrare

2101 5240 2216 5280 non
2246 5230 2507 5296 possent,
2543 5225 2791 5282 aSclero
2821 5225 3150 5295 interclusi,
3191 5229 3249 5285 in
3306 5232 3592 5288 suburbia
3642 5234 3765 5290 dis-

2101 5313 2255 5386 persi
2290 5317 2616 5384 caeduntur,
2673 5320 2730 5371 et
2773 5333 2895 5371 aee
2943 5316 3196 5373 invicem
3257 5321 3675 5392 opprimuntur
3706 5327 3765 5379 et

2099 5404 2541 5472 conculcantur,
2599 5409 2667 5460 ut
2717 5405 3161 5462 interfectorum
3234 5425 3519 5466 numerus
3605 5413 3762 5468 haud

2101 5491 2268 5549 facile
2298 5493 2430 5548 iniri
2466 5499 2657 5565 queat.
2693 5493 2922 5564 Reliqui
2947 5511 3150 5551 omnes
3181 5498 3523 5555 vulneribus
3571 5502 3758 5558 affecti

2101 5583 2359 5638 fuerunt.
2420 5583 2792 5640 Theodorum
2853 5599 3026 5654 porro
3087 5587 3441 5658 magistrum
3500 5590 3758 5646 militum

2101 5671 2384 5728 Romanis
2433 5676 2636 5729 contra
2700 5671 2990 5728 Barbaros
3049 5673 3270 5731 auxilio
3310 5677 3516 5745 fuisse,
3564 5693 3633 5734 ex
3688 5695 3756 5735 eo

2101 5760 2402 5833 cognitum
2460 5766 2568 5819 est.
2604 5760 2950 5819 Muliercula
2993 5763 3260 5833 quaedam
3291 5767 3584 5839 Byzantia,
3614 5766 3756 5825 reli-
