4142 6374
374 414 496 477 143

1731 402 2062 470 JOANNIS
2106 403 2312 464 ZONA
2327 403 2457 466 ΒΕ

3687 411 3806 470 144

377 546 544 622 giosa
572 551 629 603 et
659 547 946 612 modesta,
981 545 1168 618 pridie
1219 545 1378 601 illius
1439 559 1644 617 pugnis
1688 542 1750 598 in
1801 540 2027 597 somnis

2146 538 2408 611 μήκεσαν,
2467 535 2597 592 ἀλλ’
2646 535 2711 605 ἦν
2773 534 2951 608 ἐκείνη
3012 535 3199 602 αὗτοῖς
3255 537 3356 594 οὔκ
3385 539 3628 612 εἰσιτητή
3663 539 3800 614 (ἤδη

379 642 643 693 sanctam
691 636 1002 708 Deiparam
1053 636 1208 692 214
1259 635 1568 706 procedere
1619 648 1755 688 cum
1813 645 2029 702 magno

379 726 658 782 comitatu
689 725 884 780 videre
913 725 1039 780 visa
1068 729 1180 788 est.
1211 740 1276 780 ac
1307 725 1501 779 dicere
1530 740 1542 778 :
1577 723 1808 777 Domine
1859 720 2029 774 Theo-

379 815 530 885 dore,
563 830 735 883 meus,
761 819 812 869 et
841 818 966 869 iuus
993 816 1228 884 Jognnes
1255 815 1448 883 gravia
1476 814 1709 867 sustinet
1743 826 1754 864 :
1799 823 2032 881 propere

385 906 568 974 igitur
596 905 688 958 illi
707 919 860 975 opem
892 909 1049 972 ferto.
1077 902 1136 957 Id
1173 902 1470 957 somnium
1516 900 1614 955 illa
1673 899 2030 970 quibusdam

387 994 646 1068 aperuit,
699 993 800 1063 qui
853 992 945 1046 die
987 996 1185 1046 notato
1245 996 1678 1063 compererunt,
1732 989 1787 1043 id
1847 988 2033 1060 pridie

382 1087 688 1154 postrema
747 1097 955 1153 pugnze
1000 1081 1338 1152 contigisse.
1401 1081 1728 1150 Imperator
1775 1095 1909 1134 vero
1969 1083 2034 1132 ut

382 1172 625 1243 martyri
679 1187 782 1242 pro
833 1175 1040 1225 navata
1101 1186 1278 1241 opera
1336 1169 1586 1242 gratiam
1626 1169 1884 1234 referret,
1917 1166 2031 1221 ele-

381 1260 796 1332 gantissimum
828 1259 878 1314 ei
909 1257 1197 1330 templum
1233 1258 1541 1313 Euchaniae
1573 1257 1692 1312 sive
1742 1257 2032 1311 Euchaitza

378 1350 610 1416 struxit,
641 1351 834 1403 vetere
866 1348 1084 1417 diruto,
1118 1347 1176 1402 in
1209 1350 1342 1417 quoi,
1371 1363 1584 1428 corpus
1641 1346 1766 1415 ejus
1828 1344 2034 1400 multis

385 1436 807 1492 certaminibus
837 1437 1178 1491 defunctum
1213 1436 1536 1506 repositum
1569 1440 1776 1502 erat,et
1804 1435 2033 1499 urbem,

381 1531 570 1582 vetere
602 1526 840 1581 nomine
893 1525 1129 1595 abolito,
1184 1524 1666 1595 Theodoropolim
1702 1523 2028 1595 appellavit.

381 1618 455 1671 At
480 1615 768 1671 barbarus
800 1613 1302 1685 Sphendostlavus
1352 1615 1613 1684 undique
1671 1614 2034 1684 desperatus,

383 1721 486 1776 per
513 1705 737 1776 legatos
767 1704 999 1758 veniam
1032 1704 1102 1758 ab
1153 1704 1510 1775 imperatore
1561 1702 1750 1774 petiit,
1809 1718 1875 1757 ao
1930 1703 2034 1757 do-

383 1810 547 1849 mum
571 1793 852 1849 redeundi
883 1792 1242 1857 facultatem,
1283 1797 1341 1846 et
1387 1792 1584 1847 locum
1635 1792 1787 1846 inter
1834 1793 2039 1846 Roma-

383 1899 596 1938 norum
628 1882 942 1937 {mderatos
960 1888 1016 1937 et
1037 1880 1286 1937 liberum
1309 1879 1726 1954 Tauroscythis
1747 1880 1806 1935 in
1831 1880 2040 1935 Roma-

387 1987 601 2028 norum
635 1970 954 2043 provinciis
967 1970 1557 2034 commercium.0uas
1571 1986 1702 2025 cum
1718 1969 2042 2040 imperator

381 2060 587 2116 omnia
615 2060 1022 2126 concessisset,
1054 2059 1533 2130 Splendostlavus
1568 2060 1694 2130 ipse
1712 2075 1845 2114 eum
1875 2057 2042 2128 adiit,

386 2165 564 2205 orans
581 2153 646 2204 ut
675 2165 809 2204 cum
837 2148 1161 2204 Patzinac-is
1191 2153 1407 2218 ageret,
1442 2153 1507 2203 ut
1554 2147 1761 2203 Russis
1798 2147 2043 2202 domum

378 2237 658 2294 redituris
691 2253 794 2308 per
821 2253 990 2292 suam
1023 2237 1382 2308 provinciam
1435 2237 1754 2292 transitum
1813 2235 2039 2290 darent.

380 2329 707 2398 Imperator
735 2343 869 2381 cum
897 2331 955 2381 et
1009 2327 1114 2381 hoc
1146 2331 1204 2381 et
1265 2325 1397 2382 belli
1448 2326 1812 2395 societatem,
1864 2329 2042 2394 atque

381 2415 530 2471 illud
561 2415 736 2470 etiam
767 2416 840 2470 ab
884 2414 968 2471 eis
999 2415 1287 2486 petiisset,
1320 2431 1391 2471 ne
1422 2417 1571 2470 Istro
1611 2415 1853 2485 trajecto
1911 2411 2044 2466 Bul-

382 2503 610 2577 gariam
639 2507 935 2559 vastarent
957 2522 974 2558 :
995 2504 1316 2559 Patzinacce
1348 2504 1574 2560 caeteris
1619 2503 1844 2559 assensi
1878 2506 2038 2557 tran-

381 2593 534 2648 itum
562 2593 882 2648 Russorum
929 2592 1170 2647 dutaxat
1196 2597 1506 2664 negarunt.

2143 626 2246 702 γὰρ
2277 627 2424 702 παρά
2479 630 2576 681 τοῦ
2636 623 2896 703 Σκληροῦ
2922 625 3320 684 ἀποκέκλειστο
3381 631 3415 700 ἡ
3486 630 3562 693 εἰς
3604 631 3808 704 ταύτην

2141 714 2454 788 εἶσέλευσις)
2530 716 2620 771 καὶ
2699 715 2893 771 λοιπὸν
2971 716 3059 772 ἐπὶ
3116 717 3182 773 τὰ
3237 718 3444 789 ταύτης
3506 720 3804 798 προάστεια

2142 803 2503 860 διεσκίδναντο
2590 804 2679 859 καὶ
2765 801 3318 880 καταλαμϐανόμενοι
3407 806 3797 886 διεφθείροντο,

2139 895 2229 948 καὶ
2293 896 2380 949 ὑπ’
2433 893 2696 965 ἀλλήλων
2755 894 3083 950 ἀπώλλυντο
3133 899 3536 971 συνωθούμενοί
3597 922 3654 956 τε
3707 902 3801 957 καὶ

2142 984 2604 1057 σττξπατούμενοι,
2685 985 2759 1048 ὡς
2825 983 3264 1061 δυσαριθμήτους
3337 988 3465 1052 τοὺς
3523 989 3799 1067 ἀνῃρημέ-

2142 1096 2266 1137 νους
2322 1075 2477 1130 εἶναι.
2540 1076 2602 1128 Οἱ
2661 1073 2718 1130 δὶ
2773 1076 3206 1155 περιλειφθέντες
3295 1081 3625 1155 τραυματίαι
3707 1104 3798 1159 γε-

2142 1164 2325 1239 γόνασι
2386 1163 2704 1235 ξύμπαντες.
2766 1166 3066 1240 Ἐγνώσθαι
3101 1164 3158 1222 δὲ
3193 1167 3276 1223 ὅτι
3329 1170 3356 1222 6
3419 1169 3802 1246 στρατηλάτης

2112 1255 2296 1328 ’ἅγιος
2355 1250 2637 1328 Θεόδωρος
2694 1256 2806 1328 (79)
2860 1255 2968 1324 ἦν,
3044 1254 3102 1318 ὃς
3159 1261 3276 1320 τοῖς
3334 1258 3632 1330 Ῥωμαίοις
3681 1259 3804 1316 τότε

2144 1341 2280 1396 κατὰ
2358 1338 2646 1418 Βαρϐάρων
2730 1343 3062 1420 ἑπεκούρησέ
3128 1367 3186 1401 τε
3252 1346 3343 1402 καὶ
3405 1350 3800 1426 συνεμάχησεν,

2143 1435 2417 1495 Ἐντεῦθεν
2474 1434 2695 1507 γυναιόν
2766 1454 2817 1487 τι
2877 1430 3130 1507 εὐλαϐείᾳ
3202 1439 3496 1508 συνεζηκὸς
3569 1438 3662 1494 καὶ
3713 1461 3805 1494 σε-

2150 1519 2377 1592 μνότητι
2425 1521 2560 1576 κατὰ
2608 1522 2670 1576 τὸ
2730 1524 3063 1595 Βυζάντιον,
3129 1529 3226 1596 μιᾷ
3286 1527 3393 1602 πρὸ
3450 1533 3552 1596 τῆς
3609 1529 3799 1604 μάχης

2145 1610 2346 1680 ταύτης
2394 1611 2575 1681 ἡμέρᾳ
2619 1608 2765 1683 ἔδοξε
2812 1614 2930 1675 καθ’
2980 1611 3177 1676 ὕπνους
3216 1615 3316 1682 τὴν
3348 1616 3504 1690 ἁγίαν
3538 1618 3801 1673 Θεοτόκον

2149 1699 2274 1772 ὁρᾷν
2329 1702 2651 1773 προϊοῦσαν,
2703 1699 2791 1754 καὶ
2859 1700 3332 1774 προπεμπομένην
3393 1704 3497 1759 ὑπὸ
3549 1702 3802 1778 πολλῶν,

2147 1785 2371 1841 ἀκοῦσαί
2427 1807 2486 1841 τε
2561 1794 2659 1857 τῆς
2739 1791 3090 1866 Θεομήτορος
3163 1789 3434 1866 λεγούσης
3505 1794 3642 1869 πρὸς
3713 1791 3806 1850 ἵνα

2145 1880 2253 1930 τῶν
2327 1875 2632 1950 προϊόντων
2711 1875 2898 1947 αὐτῆς,
2979 1877 3146 1954 Κύριε
3218 1877 3486 1956 Θεόδωρε,
3564 1883 3593 1936 6
3669 1881 3804 1956 ἆμὸς

2151 1964 2240 2019 καὶ
2301 1965 2391 2027 σὸς
2461 1965 2719 2035 Ἰωάννης
2794 1966 3005 2042 ἀγῶνας
3077 1963 3193 2043 ἔχει
3275 1969 3501 2046 βαρεῖς·
3572 1975 3803 2027 σπεῦσον

2153 2055 2264 2122 οῦν,
2340 2054 2487 2126 αὐτῷ
2563 2054 2944 2130 ἔπικούρησον.
3025 2057 3305 2134 Ἐξέφηνεν
3384 2059 3476 2113 οὗν
3552 2081 3690 2114 τισιν
3768 2063 3806 2131 ἡ

2150 2145 2284 2220 γυνὴ
2315 2145 2376 2198 τὸ
2436 2144 2707 2201 ἐνύπνιον.
2753 2146 2816 2198 Οἱ
2866 2143 2924 2200 δὲ
2975 2147 3077 2216 τὴν
3126 2146 3333 2224 ἡμέραν
3368 2147 3806 2224 ἐσημειώσαντο,

2149 2233 2239 2286 καὶ
2296 2233 2361 2300 ἦν
2421 2235 2456 2302 ἡ
2514 2234 2747 2308 πρὸτῆς
2777 2233 3089 2298 τελευταίας
3144 2237 3355 2311 μάχης.
3405 2237 3506 2292 Τὸν
3561 2240 3809 2314 μάρτυρα

2153 2319 2198 2375 δ’
2248 2323 2276 2376 6
2324 2321 2580 2396 βασιλεὺς
2633 2329 2732 2392 τῆς
2796 2323 3043 2398 βοηθείας
3119 2321 3619 2398 ἀνταμειϐόμενος,
3677 2328 3806 2383 ναὸν

2151 2408 2296 2480 αύτῷ
2367 2410 2501 2464 κατά
2565 2411 2662 2479 τήν
2734 2411 3008 2488 Εὐχανίαν
3063 2411 3099 2481 ἢ
3159 2413 3434 2489 Εὐχαΐταν
3489 2415 3802 2488 περικαλλῆ

2150 2495 2500 2571 ἰδομήσατο,
2559 2498 2650 2553 τὸν
2700 2499 2892 2574 πρώην
2954 2496 3321 2572 καταϐαλὼν,
3378 2501 3431 2557 ἐν
3483 2504 3528 2576 ᾧ
3585 2505 3648 2559 τὸ
3704 2526 3810 2560 πο-

2152 2585 2391 2649 λύαθλον
2463 2585 2670 2641 ἐκείνου
2744 2591 2906 2660 σῶμα
2979 2588 3232 2652 κατέθετο
3303 2589 3394 2643 καὶ
3469 2591 3568 2659 τήν
3641 2587 3811 2647 πόλιν

385 2680 499 2734 ἀντὶ
550 2685 653 2748 τῆς
709 2679 976 2754 προτέρας
1032 2679 1202 2743 αὐτῆς
1261 2676 1513 2749 κλήσεως
1589 2675 2004 2754 Θεοδωρόπολιν
2089 2673 2462 2747 ἐπωνόμασεν.
2537 2681 2595 2732 Ὁ
2675 2673 2732 2729 δὲ
2816 2671 3094 2752 Βάρϐαρος
3156 2673 3610 2756 Σφενδόσθλιϐος
3668 2681 3808 2735 πάνυ

379 2780 531 2832 τοθεν
611 2768 904 2843 ἀπογνοὺς,
967 2763 1416 2843 διεπρεσϐεύσατο
1474 2769 1610 2843 πρὸς
1667 2768 1758 2822 τὸν
1825 2763 2073 2841 βασιλέα,
2133 2764 2469 2838 συγγνώμην
2553 2763 2742 2835 αἰτῶν,
2810 2765 2899 2820 καὶ
2975 2765 3051 2828 εἰς
3127 2767 3193 2822 τὰ
3254 2767 3429 2822 οἰκεῖα
3487 2765 3804 2824 ἐπανελθεῖν

379 2857 783 2930 ἐξαιτούμενος,
871 2857 959 2911 καὶ
1030 2861 1146 2918 τοῖς
1222 2857 1541 2931 συμμάχοις
1623 2854 1906 2928 Ῥωμαίων
1996 2853 2396 2917 συντάττεσθαι,
2475 2853 2564 2907 καὶ
2643 2855 2733 2908 τὸν
2813 2852 3145 2928 βουλόμενον
3217 2855 3600 2930 Ταυροσκύθην
3660 2856 3803 2913 ῒέναι

375 2946 514 3022 πρὸς
569 2947 638 3002 τὰ
691 2945 980 3019 Ῥωμαίων
1007 2943 1142 3018 ἤθη,
1197 2946 1286 3000 καὶ
1341 2945 1392 3000 ἐν
1425 2946 1611 3008 αὐτοῖς
1640 2943 2053 3017 ἐμπορεύεσθαι.
2106 2942 2213 2998 Καὶ
2272 2942 2300 2996 6
2367 2939 2620 3016 βασιλεὺς
2675 2944 2772 3005 τὰς
2831 2943 3074 3014 αἰτήσεις
3133 2946 3471 3020 προσήκατο,
3505 2944 3595 3000 καὶ
3625 2947 3803 3010 πάσας

374 3032 694 3111 ἐπλήρωσεν
729 3050 742 3062 ·
831 3033 943 3088 εἶτα
1020 3035 1110 3088 καὶ
1187 3034 1349 3095 αὐτὸς
1427 3035 1454 3088 6
1522 3027 1968 3109 Σφενδόσθλαϐος
2049 3030 2267 3108 ἀφίκετο
2340 3030 2477 3103 πρὸς
2550 3031 2640 3084 τὸν
2716 3022 3112 3105 αὐτοκράτορα,
3191 3032 3281 3087 καὶ
3352 3032 3499 3106 αὖτῷ
3553 3035 3798 3106 συνωμίο

376 3123 563 3194 λησεν.
599 3122 862 3194 ᾘτήσατό
885 3144 941 3177 τε
969 3129 1084 3186 τοῖς
1115 3125 1471 3192 Πατζινάκαις
1507 3121 1777 3194 δηλῶσαι,
1815 3122 1890 3193 μὴ
1923 3124 2168 3175 κωλῦσαι
2199 3125 2316 3181 τοῖς
2349 3120 2485 3180 Ῥὼς
2541 3117 2728 3174 οἷ’καδε
2775 3120 2998 3175 ἀπιοῦσι
3031 3118 3121 3175 διὰ
3159 3128 3262 3191 τῆς
3305 3122 3561 3198 σφετέρας
3610 3123 3803 3200 χώρας

371 3214 471 3282 τὴν
506 3208 710 3268 δίοδον,
745 3211 843 3266 Καὶ
876 3213 902 3265 6
968 3209 1222 3286 βασιλεὺς
1250 3213 1392 3266 τοῦτ’
1453 3209 1689 3272 ἐκείνους
1747 3213 1971 3273 ποιῆσαι
2028 3207 2249 3281 ἠξίωσε,
2305 3207 2396 3261 καὶ
2459 3209 2790 3282 συμμάχους
2847 3203 2995 3284 ἔχειν
3039 3208 3256 3281 αὐτοὺς,
3310 3207 3452 3282 μηδὲ
3500 3205 3797 3268 διαϐαίνειν

371 3299 462 3354 τὸν
490 3301 722 3374 Ἵστρον,
754 3299 842 3353 καὶ
872 3299 970 3366 την
1003 3296 1336 3374 Βουλγαρίαν
1374 3296 1685 3368 ληίζεσθαι.
1719 3298 1786 3367 οἱ
1841 3293 1899 3351 δὲ
1929 3301 2056 3378 ,τοῖς
2106 3295 2199 3368 μὲν
2248 3291 2443 3357 ἄλλοις
2497 3295 2799 3364 συνέθεντο,
2847 3297 2985 3369 πρὸς
3044 3294 3100 3352 δὲ
3145 3299 3244 3366 τὴν
3280 3294 3462 3352 δίοδον
3496 3302 3604 3353 τῶν
3665 3299 3802 3364 Ῥὼς

376 3389 779 3462 ἀπηγόρευσαν.

447 3478 543 3534 IV.
584 3477 742 3534 Bello
801 3478 1042 3532 Bussico
1082 3478 1155 3533 ad
1215 3477 1372 3532 hunc
1434 3479 1675 3533 modum
1735 3476 2024 3544 confecto,

2210 3475 2280 3530 A'.
2330 3472 2577 3546 Τοιούτῳ
2609 3471 2666 3528 δὶ
2717 3473 2862 3530 τέλει
2891 3478 2990 3530 τοῦ
3021 3476 3158 3551 πρὸς
3187 3477 3317 3540 τοὺς
3370 3475 3505 3539 Ῥὼς
3546 3475 3804 3553 πολέμου

380 3567 704 3640 imperator
733 3565 1073 3635 Byzantium
1119 3581 1408 3633 reversus,
1438 3567 1510 3622 ab
1539 3567 1817 3624 omnibus
1871 3565 2027 3620 ordi-

386 3655 561 3711 nibus
594 3653 900 3726 splendide
932 3655 1240 3726 excipitur.
1277 3654 1423 3709 Nam
1446 3662 1502 3710 et
1530 3655 1862 3727 patriarcha
1891 3668 2025 3708 cum

371 3745 648 3801 omnibus
680 3742 1083 3799 sacerdotibus
1113 3742 1166 3799 ei
1215 3743 1445 3798 obviam
1505 3750 1596 3800 est
1654 3760 2024 3817 progressus,

371 3837 430 3891 et
463 3838 725 3903 senatus,
758 3837 815 3888 et
843 3832 1096 3904 populus
1127 3848 1372 3889 coronas
1405 3834 1735 3905 offerentes,
1789 3837 1847 3890 et
1905 3850 2026 3888 cur-

369 3940 503 3980 rum
535 3939 670 3978 cum
701 3927 956 3994 quatuor
1007 3921 1158 3977 albis
1216 3923 1407 3995 equis,
1469 3930 1797 3996 rogantque
1847 3927 1910 3979 ut
1956 3940 2022 3978 eo

373 4027 694 4069 conscenso
722 4010 1215 4082 triumpharet.At
1251 4011 1348 4068 ille
1397 4030 1642 4069 coronas
1688 4013 1931 4085 accepit,
1969 4016 2025 4068 et

370 4119 520 4174 equo
549 4101 835 4174 siugulari
884 4101 1133 4158 candido
1197 4103 1606 4175 triumphavit,
1660 4108 1715 4159 et
1761 4103 2022 4158 vestibus

371 4192 817 4265 Bulgaricorum
852 4207 1056 4262 regum
1107 4192 1306 4248 currui
1357 4193 1672 4264 impositis,
1724 4208 2023 4264 supraque

368 4298 467 4338 eas
497 4280 757 4352 imagine
783 4279 1038 4352 Deiparae
1078 4280 1380 4350 collocata,
1412 4297 1653 4336 currum
1687 4281 2018 4338 antecessit.

369 4371 516 4426 Cum
573 4367 634 4424 in
691 4369 884 4424 forum
933 4368 1240 4424 Placotum
1299 4373 1688 4441 pervenisset,
1757 4370 2018 4426 Borisem

363 4457 688 4530 Bulgaricis
717 4457 1054 4528 insignibus
1081 4458 1364 4530 depositis
1411 4460 1702 4531 dignitate
1749 4456 2019 4531 magistri

365 4548 692 4605 ornavit.At
719 4547 1263 4619 Sphendosthlavus
1305 4566 1440 4604 cum
1497 4548 1703 4605 Russis
1750 4548 1899 4612 suis,
1958 4546 2018 4601 in

363 4639 556 4695 reditu
582 4637 1025 4694 Patzinacarum
1071 4639 1307 4695 insidiis
1365 4645 1659 4711 exceptus,
1715 4639 1786 4695 ad
1836 4641 2017 4693 inter-

361 4729 666 4785 necionem
717 4744 901 4784 exesus
931 4732 1040 4783 est.
1079 4729 1234 4784 Idem
1266 4729 1362 4784 hic
1423 4729 1742 4798 imperator
1799 4725 2018 4784 Christi

2136 3559 2544 3630 καταλυθέντος,
2577 3565 2604 3616 ὁ
2643 3562 2899 3638 βασιλεὺς
2943 3564 3082 3638 πρὸς
3136 3566 3199 3620 τὸ
3256 3563 3546 3635 Βυζάντιον
3603 3567 3796 3623 ἐπανέ-

2139 3652 2305 3722 ζευξε,
2362 3651 2452 3706 καὶ
2530 3649 2802 3727 ὑπεδέχθη
2878 3652 3147 3728 λαμπρῶς
3202 3654 3290 3728 ὑφ’
3349 3652 3484 3709 ὅλου
3541 3660 3637 3710 τοῦ
3690 3675 3796 3711 πο-

2135 3738 2484 3813 λιτεύματος.
2560 3743 2629 3798 "O
2693 3762 2753 3796 τε
2808 3742 2913 3816 γὰρ
2972 3742 3315 3818 παςριάρχης
3375 3747 3792 3818 προϋπηντήκει

2135 3829 2282 3900 αὐτῷ
2358 3829 2491 3901 μετᾶ
2561 3830 2657 3884 τοῦ
2723 3831 2938 3904 κλήρου
3013 3831 3232 3898 παντὸς,
3288 3832 3378 3887 καὶ
3443 3834 3495 3887 o't
3555 3840 3652 3903 τῆς
3703 3855 3792 3909 γε-

2135 3918 2377 3993 ρουσίας,
2434 3918 2521 3972 καὶ
2583 3919 2636 3971 οἱ
2689 3923 2788 3973 τοῦ
2820 3918 3023 3991 δήμου,
3084 3921 3377 3996 στεφάνους
3405 3921 3791 3997 προσάγοντες,

2131 4008 2218 4062 καὶ
2278 4007 2573 4083 τέθριππον
2637 4009 2804 4083 ἅρμα,
2883 4009 2934 4063 οἱ
3007 4005 3053 4063 δ’
3119 4007 3286 4064 ἵπποι
3343 4009 3545 4065 τούτου
3599 4010 3788 4066 λευκοὶ

2132 4095 2345 4152 ὶδέοντό
2411 4117 2470 4151 τε
2526 4101 2623 4151 τοῦ
2681 4097 2922 4172 ἅρματος
2981 4093 3370 4168 ἐπιϐεϐηκότα,
3428 4098 3643 4154 τελέσαι
3691 4101 3781 4154 τὸν

2133 4181 2424 4261 θρίαμϐον.
2483 4190 2536 4238 Ὀ
2591 4183 2647 4240 δὲ
2675 4184 2804 4248 τοὺς
2855 4188 2950 4259 μὲν
3003 4185 3292 4264 στεφάνους
3348 4185 3586 4259 ἐδέξατο,
3628 4187 3790 4262 ἵππῳ

2129 4296 2186 4330 τε
2238 4275 2432 4344 κέλητι
2474 4275 2562 4328 καὶ
2620 4278 2800 4347 τούτῳ
2850 4273 3030 4347 λευκῷ
3079 4271 3458 4350 ἐθριάμϐευσε,
3518 4281 3599 4348 τῷ
3643 4275 3702 4332 δέ
3729 4299 3792 4354 γε

2127 4363 2410 4435 τεθρίππῳ
2465 4363 2561 4425 τὰς
2631 4361 2918 4437 βασιλικὰς
2985 4362 3182 4426 στολὰς
3256 4368 3365 4418 τῶν
3448 4363 3788 4440 Βουλγάρων

2134 4451 2400 4526 βασιλέων
2461 4451 2721 4521 ἐπέθετο,
2778 4454 2865 4507 καὶ
2924 4452 3133 4508 τούτων
3194 4453 3394 4509 ἄνωθεν
3449 4454 3629 4510 εἰκόνα
3685 4462 3788 4526 τῆς

2128 4543 2478 4617 Θεομητορος
2535 4544 2648 4614 (80)
2697 4543 2787 4597 καὶ
2858 4542 3055 4616 προῄει
3133 4543 3195 4598 τὸ
3265 4542 3431 4618 ἅρμα.
3509 4544 3654 4599 Κατὰ
3729 4542 3792 4600 δὲ

2125 4632 2225 4699 τὴν
2285 4629 2588 4699 ΙΙλαοιωτὴν
2649 4630 2952 4706 λεγομένην
3009 4632 3300 4707 γενόμενος
3369 4632 3593 4709 ἀγορὰν,
3645 4634 3786 4688 ἀπο-

2129 4717 2253 4774 δυσε
2324 4719 2415 4774 τὸν
2495 4718 2725 4794 Βορίσην
2788 4720 2856 4774 τὰ
2908 4727 3007 4789 τῆς
3064 4722 3211 4796 παρὰ
3259 4726 3376 4784 τοῖς
3446 4720 3788 4798 Βουλγάρόις

357 4816 678 4874 Servatoris
699 4815 986 4888 templum
1012 4817 1070 4872 in
1101 4817 1310 4872 Chalce
1345 4817 1720 4888 magniﬁcum
1745 4817 2011 4872 astruxit.

360 4905 685 4927 n,;__:-__,L_
730 4903 972 4927 D_-Il!-__
1008 4905 1480 4927 σ-,....-..)..-..---
1509 4921 1634 4927 ---μ
1694 4909 1821 4927 --.-ι
1868 4921 1973 4927 η.---

2138 4809 2406 4883 βασιλείας
2467 4810 2768 4884 παράσημα
2801 4853 2814 4879 ,
2875 4811 2964 4865 καὶ
3011 4816 3092 4883 τῷ
3146 4816 3254 4866 τῶν
3317 4811 3629 4887 μαγίστρων
3681 4811 3789 4867 ἐτί-

2138 4922 2296 4927 .-____..
2379 4901 2637 4927 l".-'._._._.
2742 4901 2802 4927 tn
2886 4901 3065 4927 ut“--.
3131 4895 3582 4927 \‘n-..!.’_n\_8--
3648 4901 3782 4927 .--__‘.

359 4905 696 4964 Patriarcha
727 4903 975 4960 Basilius
1007 4905 1482 4960 Scamandrenus
1504 4921 1640 4959 cum
1694 4909 1824 4976 post
1864 4921 2015 4974 qua-

2742 4901 2802 4957 Ὁ
2884 4901 3070 4972 μέντοι
3128 4895 3582 4972 Σφενδόσθλαϐος
3646 4901 3786 4972 μετὰ

2127 4922 2296 4971 μησεν
2374 4901 2664 4974 ἀξιώματι.

358 4996 696 5053 driennium
728 5011 847 5049 suae
869 4994 1316 5064 designationis,
1363 4995 1434 5047 ob
1479 4995 1745 5064 quadam
1784 4993 2015 5064 objecta

2138 4995 2230 5044 τῶν
2295 4991 2426 5052 Ῥὼς
2491 4989 2573 5044 ἐπ’
2625 4986 2780 5044 oi'xou
2825 4989 3149 5066 ἀναζευγνὺς
3210 4989 3410 5064 λόχοις
3466 4989 3784 5064 περιπίπτει

358 5087 607 5143 crimina
637 5101 738 5156 per
760 5083 1077 5138 concilium
1110 5084 1235 5138 loco
1269 5087 1464 5139 motus
1495 5088 1691 5151 esset;
1726 5083 2012 5139 Antonius

2138 5085 2225 5134 τῶν
2305 5083 2674 5148 Πατζινακῶν,
2750 5079 2841 5133 καὶ
2921 5079 3116 5142 πάντες
3191 5079 3382 5154 ἀθρόοι
3461 5077 3776 5148 ἀπώλοντο,

356 5176 613 5234 Studites
637 5172 975 5246 patriarcha
1004 5177 1096 5229 est
1120 5173 1484 5244 designatus.
1523 5175 1846 5245 Imperator
1878 5191 2009 5229 vero

2121 5169 2292 5231 Οὗτος
2327 5171 2354 5223 6
2415 5168 2669 5244 βασιλεὺς
2727 5169 2819 5222 τὸν
2880 5166 2931 5224 ἐν
2990 5173 3058 5242 τῇ
3118 5167 3306 5242 Χαλκῇ
3368 5169 3489 5222 ναὸν
3523 5173 3620 5223 τοῦ
3659 5173 3781 5222 Σω-

1622 5366 1827 5427 Variae
1870 5364 2164 5424 lectiones
2206 5369 2270 5422 et
2313 5366 2506 5421 notae.

427 5531 539 5610 (79)
596 5523 1098 5618 Ὀνστρατηλάτης
1184 5523 1385 5618 ἅγιοςη,
1421 5527 1727 5614 ρεόδωρος.
1802 5529 2013 5618 Hausit

2138 5526 2419 5582 Diaconus
2450 5525 2508 5618 iln
2526 5523 2693 5612 Hist.\
2713 5541 2824 5618 α]εᾶ
2854 5523 3010 5608 :'T1‘r,v
3041 5527 3140 5590 τῆς
3174 5526 3566 5618 ἅβρομήτοροξ
3597 5519 3786 5618 εἷηξνα

354 5620 388 5658 a
411 5599 601 5657 Leone
631 5599 900 5663 diacOno,
936 5601 1035 5672 qui
1066 5599 1312 5658 Joannis
1340 5599 1661 5658 Tziimiscae
1699 5617 1791 5656 res
1805 5606 2003 5672 gestas

355 5674 625 5746 pluribus
655 5675 1004 5746 prosecutus
1027 5678 1134 5728 est.

425 5745 536 5815 (80)
568 5743 764 5799 Εἰκόνα
838 5748 937 5810 τῆς
989 5744 1359 5816 Θεομήτορος.
1443 5744 1617 5800 Addit
1665 5744 1820 5800 idem
1891 5744 2002 5800 Leo

2115 5594 2578 5678 ἐναγκαλισμένην
2603 5667 2613 5678 .
2639 5595 2744 5678 τὸν,
2793 5594 3150 5678 θεάν-θρωπον-
3183 5594 3392 5678 _A_6_yov_,
3446 5594 3512 5678 ἢν
3548 5595 3608 5678 ix
3666 5601 3780 5652 Mu-

2113 5665 2231 5732 σίας
2262 5665 2615 5746 musaeum
2647 5671 2884 5725 caeteros
2909 5665 3196 5743 triumphi
3227 5665 3561 5729 Zimisciani
3596 5687 3782 5744 appa-

2115 5749 2281 5800 ratus
2312 5742 2584 5815 pluribus
2615 5741 3010 5816 prosequitur.
