4142 6400
325 372 442 432 H7

1680 354 2009 417 JOANNIS
2054 356 2262 416 ZONA
2277 357 2402 416 RE

3633 360 3744 419 148

322 499 448 558 ἀλλ’
489 498 820 574 ἀωμπαθῶς
854 493 982 556 τοὺς
1003 490 1322 572 ὀφθαλμοὺς
1345 487 1758 564 έξωρύχθησαν’
1787 486 1874 541 καὶ
1913 489 2075 542 τοῦτο
2113 483 2273 550 τέλος
2305 487 2488 552 αὐτοῖς
2517 494 2617 559 τῆς
2651 487 2905 566 εὐτυχίας
2937 491 3026 545 καὶ
3050 494 3148 546 τοῦ
3177 489 3300 568 περὶ
3331 491 3430 562 τὴν
3466 489 3742 568 βασιλείαν

322 589 531 667 ἰγένετο
570 583 796 665 ἔρωτος.

394 715 465 772 ν.
522 715 616 768 Sic
669 716 1070 768 Romanorum
1131 707 1444 779 imperium
1496 705 1569 760 iis
1643 703 1981 759 restitutum

2169 703 2242 759 E'.
2303 703 2674 774 Ἀποκατέστη
2769 703 2828 760 16
2902 709 3009 760 τῶν
3101 706 3388 780 Ῥωμαίων
3474 712 3747 780 σκῆπτρον

325 803 518 861 estad
553 818 704 872 quos
750 798 1121 854 haereditario
1163 797 1300 868 jure
1357 794 1710 866 pertinebat,
1768 793 1982 847 Basilio

325 899 384 950 et
413 890 824 954 Constantino,
860 903 1114 959 quorum
1173 884 1274 940 ille
1323 901 1415 955 xx,
1469 883 1565 938 hic
1621 899 1739 937 xvn
1796 881 1983 937 aetatis

329 997 555 1040 annum
588 977 932 1052 agebat.Qui
967 991 1100 1032 cum
1133 974 1366 1046 imperii
1397 972 1981 1045 insigniagestarent,

329 1071 524 1128 omnis
547 1084 726 1143 penes
757 1065 1042 1121 Basiliam
1077 1064 1385 1135 presidem
1443 1066 1567 1118 erat
1623 1061 1980 1116 auctoritas:

329 1159 512 1232 idque
539 1155 789 1214 Basilius
817 1154 1079 1210 nondum
1113 1152 1225 1208 sibi
1256 1152 1370 1224 ipsi
1428 1152 1617 1206 ﬁdens
1673 1149 1983 1218 tolerabat,

326 1246 587 1307 cubiculi
620 1245 932 1317 praeposito
991 1246 1298 1313 tamquam
1353 1240 1691 1313 praeceptori
1745 1237 1982 1295 auscul-

323 1343 479 1403 tans,
513 1351 695 1406 seque
751 1335 823 1389 ad
866 1332 1030 1387 illius
1079 1331 1414 1404 reipublicae
1470 1329 1880 1384 tractationem
1930 1331 1986 1383 et

328 1423 906 1481 administrationem
957 1421 1354 1490 conformans,
1423 1423 1488 1474 ut
1541 1423 1597 1473 et
1643 1418 1788 1488 ipse,
1849 1432 1984 1471 cum

334 1523 574 1586 tempus
633 1510 982 1585 postularet,
1022 1510 1082 1564 in
1142 1508 1493 1564 militaribus
1560 1505 1842 1576 catalogis
1928 1507 1986 1558 et

330 1605 485 1661 civili
526 1603 804 1674 aequitate
863 1601 1108 1667 tuenda,
1165 1599 1450 1654 rationem
1509 1597 1662 1653 210
1715 1594 1983 1650 eamdem

330 1697 693 1766 sequeretur.
726 1693 862 1748 Erat
893 1692 1051 1746 enim
1086 1689 1263 1746 alacri
1305 1694 1362 1744 et
1417 1688 1667 1744 excitato
1724 1685 1984 1758 ingenio,

331 1801 450 1841 non
474 1781 822 1848 dissolutus,
852 1786 908 1835 et
937 1779 1168 1852 ignavia
1219 1779 1611 1850 mancipatus,
1674 1780 1738 1830 ut
1785 1777 1984 1830 frater.

333 1876 478 1931 Cum
512 1872 770 1945 primum
804 1875 999 1926 autem
1033 1869 1091 1924 hi
1113 1886 1308 1924 rerum
1342 1867 1506 1940 potiti
1526 1869 1742 1931 essent,
1773 1880 1988 1936 presses

335 1965 588 2018 matrem
620 1975 820 2016 eorum
854 1959 928 2014 ab
957 1957 1158 2014 exsilio
1174 1962 1502 2012 revocatam
1528 1955 1664 2010 ﬁliis
1689 1953 1983 2010 restituit:

337 2055 394 2108 et
426 2051 566 2125 quia
596 2050 844 2105 Bardam
877 2047 1140 2103 Sclerum
1196 2046 1545 2119 magistrum
1595 2044 1872 2110 militum,
1933 2046 1991 2098 et
2018 2076 2068 2142 B

338 2141 432 2200 cui
465 2157 668 2196 omnes
699 2138 1019 2194 Orientales
1068 2137 1246 2208 copiis
1291 2136 1594 2208 parebant,
1640 2138 1984 2205 suspectum

336 2230 628 2288 habebat:
662 2246 729 2285 ea
759 2228 1042 2299 dignitate
1061 2231 1282 2298 erepta,
1315 2224 1745 2296 Mesopotamiae
1777 2224 1988 2279 ducem

337 2320 631 2392 designat.
666 2320 851 2385 Quam
872 2317 969 2372 ille
986 2333 1105 2372 rem
1140 2314 1516 2387 iniquissimo
1548 2314 1738 2369 ferens
1767 2313 1988 2384 animo,

336 2413 394 2466 et
415 2409 636 2479 alioqui
671 2408 832 2480 regni
869 2406 1191 2479 cupiditate
1216 2405 1577 2474 aastuans,ad
1607 2403 1989 2459 defectionem

331 2498 610 2554 incitatus
639 2513 652 2553 :
680 2497 845 2552 initio
893 2495 1239 2567 magistratu
1299 2494 1422 2561 illo,
1469 2509 1798 2564 arcanoque
1854 2507 1989 2546 cum

333 2584 539 2643 multis
568 2585 959 2649 comunicato,
994 2587 1233 2655 propter
1254 2599 1346 2638 res
1374 2581 1604 2636 fortiter
1621 2585 1815 2653 gestas
1835 2579 1990 2651 apud

337 2675 557 2732 milites
589 2673 1078 2748 gratiosissimus,
1111 2688 1316 2728 omnes
1345 2672 1461 2727 fere
1481 2671 1636 2725 dicto
1685 2669 1992 2725 audientes

339 2764 568 2834 habuit,
601 2769 659 2819 et
685 2763 806 2818 tilio
840 2767 1100 2818 Romano
1133 2761 1232 2833 qui
1253 2762 1311 2815 in
1346 2761 1491 2814 urbe
1533 2759 1692 2830 regia
1721 2759 1991 2830 degebat,

343 2854 496 2910 clam
527 2869 630 2924 per
650 2852 965 2924 quemdam
998 2850 1301 2917 accersito,
1361 2847 1560 2904 statim
1618 2863 1861 2919 regnum
1910 2846 1994 2901 af-

344 2941 600 3012 fectavit,
625 2942 956 2997 diademate
1014 2944 1070 2996 et
1126 2939 1336 2995 calceis
1394 2938 1657 3010 puniceis
1716 2936 1990 3008 sumptis.

348 3030 675 3103 Imperator
697 3029 1008 3097 salutatus,
1043 3027 1322 3100 pecunias
1367 3027 1627 3082 studiose
1678 3025 1993 3097 conquirit,

2093 797 2213 854 τοῖς
2268 791 2445 865 τούτῳ
2501 793 2636 848 κατὰ
2682 793 2835 868 γένος
2893 797 3282 870 προσήκουσι,
3337 799 3418 868 τῷ
3486 795 3747 870 βασιλείῳ

2093 881 2184 934 καὶ
2241 887 2318 952 τῷ
2375 882 2757 955 Κωνσταντίνφ
2795 925 2810 952 ,
2866 884 3062 960 φημὶ,
3121 883 3195 940 ὦν
3254 886 3282 939 6
3343 885 3436 958 μὲν
3498 884 3746 939 εἷ’κοστὸν

2092 966 2224 1037 ἤνυε
2272 977 2371 1040 τῆς
2429 970 2648 1040 ἡλικίας
2706 971 2971 1042 ἐνιαυτὸν,
3031 975 3059 1028 ὁ
3114 972 3171 1029 δέ
3222 994 3286 1050 γε
3333 975 3748 1038 Κωνσταντῖνος

2094 1057 2568 1117 ἑπτακαιδέκατον.
2625 1059 2783 1117 Ἀλλ’
2836 1063 2986 1117 οὗτοι
3049 1063 3142 1136 μὲν
3200 1063 3270 1118 τὰ
3319 1067 3421 1132 τῇς
3471 1063 3750 1139 βασιλείας

2092 1149 2424 1224 περιέκειντο
2483 1145 2756 1223 σύμϐολα,
2800 1153 2900 1220 τὴν
2931 1149 2978 1207 δ’
3037 1152 3275 1224 ἰξουσίαν
3337 1154 3364 1208 ὁ
3421 1153 3751 1228 πρωτοπρό-

2095 1234 2249 1314 εδρος
2327 1237 2604 1301 Βασίλειος
2671 1240 3002 1313 περιέζωστο
3095 1243 3339 1318 ἀτεχνῶς
3377 1284 3392 1300 .
3465 1241 3752 1318 Ἠνείχετο

2095 1324 2151 1381 δὲ
2208 1329 2235 1382 6
2297 1327 2549 1401 βασιλεὺς
2607 1328 2892 1392 Βασίλειος
2955 1332 3126 1404 μήπω
3183 1331 3460 1393 πεποιθὼς
3517 1331 3698 1404 ἑαυτῷ
3737 1377 3754 1402 ,

2093 1415 2180 1471 καὶ
2238 1419 2351 1472 οῖον
2401 1414 2730 1494 παιδοτρίϐῃ
2775 1423 2854 1492 τῷ
2905 1422 3394 1496 παρακοιμωμένῳ
3459 1426 3752 1496 προσεῖχε,

2093 1505 2183 1559 καὶ
2243 1506 2429 1561 ἑαυτὸν
2491 1505 2786 1583 έρῥύθμιζε
2843 1509 2984 1583 πρὸς
3064 1511 3164 1579 τὴν
3226 1508 3432 1564 ἐκείνου
3486 1513 3594 1564 τῶν
3655 1507 3757 1580 δη-

2098 1596 2304 1667 μοσίων
2377 1596 2708 1672 πραγμάτιον
2799 1597 3170 1674 μεταχείρισιν
3256 1599 3346 1654 καὶ
3433 1596 3751 1669 διοίκησιν,

2096 1685 2168 1746 ὡς
2200 1682 2282 1758 ἂν,
2313 1690 2505 1760 καιροῦ
2559 1685 2878 1757 καλοῦντος,
2942 1687 3085 1742 οὕτω
3141 1687 3231 1742 καὶ
3291 1686 3450 1750 αὐτὸς
3504 1688 3572 1742 τὰ
3621 1688 3754 1763 περὶ

2093 1773 2221 1834 τοὺς
2277 1775 2698 1848 στρατιωτικοὺς
2751 1774 3092 1852 καταλόγους
3125 1821 3138 1848 ,
3198 1776 3289 1831 καὶ
3359 1779 3426 1832 τὰ
3487 1784 3589 1849 τῆς
3645 1797 3752 1831 πο-

2097 1860 2314 1932 λιτικῆς
2370 1861 2625 1937 εὐνομίας
2680 1863 3149 1941 μεταχειρίσηται.
3199 1867 3300 1922 Ἦν
3361 1867 3467 1942 γὰρ
3519 1866 3580 1921 τὸ
3610 1868 3754 1934 ἦθος

2099 1950 2414 2028 ἐγρηγορὼς
2483 1954 2572 2008 καὶ
2653 1950 3029 2030 δραστήριος,
3095 1952 3221 2010 ἀλλ’
3292 1954 3390 2010 οὐκ
3464 1954 3756 2028 ἀνειμένος

2095 2042 2231 2096 κατὰ
2284 2042 2376 2096 τὸν
2434 2039 2690 2120 ἀδελφὸν,
2748 2044 2836 2098 καὶ
2893 2045 3016 2120 περὶ
3059 2044 3151 2099 τὸν
3206 2045 3370 2121 ἀργὸν
3429 2044 3546 2120 βίον
3583 2044 3754 2120 ἄσχο-

2098 2130 2301 2194 λακώς.
2361 2137 2518 2206 ’Ἄρτι
2597 2137 2724 2206 γοῦν
2805 2131 2881 2196 εἷς
2958 2133 3088 2196 τοὺς
3157 2135 3465 2207 ὁμαίμονας
3523 2133 3755 2197 τούτους

2096 2223 2352 2294 περιέστη
2409 2221 2472 2275 16
2529 2222 2748 2296 κράτος,
2806 2223 2896 2277 καὶ
2957 2223 3148 2279 αὐτίκα
3199 2223 3251 2278 ἐν
3309 2230 3410 2293 τῆς
3460 2223 3754 2300 ὑπερορίας

2097 2312 2314 2384 κατάγει
2368 2312 2467 2380 τὴν
2547 2310 2776 2373 τούτους
2840 2317 3097 2367 τεκοῦσαν
3177 2313 3205 2368 ὁ
3279 2310 3550 2388 πρόεδρος
3591 2359 3604 2381 ,
3658 2313 3752 2368 καὶ

2096 2405 2213 2462 τοῖς
2247 2400 2388 2462 υἱοῖς
2421 2397 2775 2457 ἀποδίδωσιν.
2816 2401 3157 2458 Ὑποπτεύων
3205 2399 3262 2458 δὲ
3306 2403 3397 2457 τὸν
3444 2403 3744 2478 μάγιστρον

2100 2487 2308 2565 Βάρδαν
2340 2491 2429 2544 τὸν
2487 2487 2740 2565 Σκληρὸν
2769 2489 3149 2565 στρατηλάτην
3205 2488 3332 2548 ὄντα
3391 2534 3405 2561 ,
3437 2493 3528 2546 καὶ
3571 2492 3752 2554 πάσας

2102 2579 2188 2656 ὑφ’
2246 2579 2430 2633 ἑαυτὸν
2490 2576 2687 2653 ἔχοντα
2742 2581 2835 2642 τὰς
2890 2580 3027 2654 ἑῴας
3081 2578 3376 2655 δυνάμεις,
3435 2582 3747 2656 ἀφαιρεῖται

2104 2668 2197 2743 μὶν
2231 2667 2394 2723 αὑτοῦ
2444 2669 2546 2737 τὴν
2606 2667 2978 2743 στρατηλάτου
3034 2669 3234 2748 ἀρχὴν,
3298 2668 3464 2725 δοῦκα
3519 2668 3578 2726 δί
3635 2672 3755 2726 Με-

2102 2757 2441 2832 σοποταμίας
2520 2757 2678 2812 αὐτὸν
2756 2759 3159 2835 προχειρίζεται
3197 2801 3209 2815 .
3284 2761 3460 2816 Τοῦτο
3545 2755 3756 2836 σφόδρα

2102 2847 2288 2918 ἠνίασε
2341 2847 2431 2901 τὸν
2489 2846 2763 2921 Σκληρὸν,
2811 2849 2901 2903 καὶ
2951 2845 3140 2913 ἄλλως
3199 2849 3279 2904 ἀεὶ
3325 2850 3594 2927 τρέφοντα
3625 2849 3757 2923 παρ’

2105 2937 2278 3010 ἑαυτῷ
2331 2944 2430 3006 τῆς
2495 2934 2772 3010 βασιλείας
2823 2938 2916 2993 τὸν
2976 2933 3183 3014 ἔρωτα,
3232 2938 3366 3014 πρὸς
3426 2938 3754 2993 ἀποστασίαν

2105 3025 2361 3103 ἠρέθισε.
2425 3021 2756 3082 Καταλαϐὼν
2815 3027 2910 3082 οὗν
2964 3028 3063 3098 τήν
3123 3027 3301 3103 ἀρχὴν
3365 3025 3440 3089 εἰς
3493 3029 3560 3098 ἣν
3619 3047 3757 3102 προ-

343 3124 402 3174 et
431 3120 675 3192 Amidae,
708 3137 835 3192 qna:
867 3123 923 3173 et
969 3119 1136 3173 Emet
1193 3117 1427 3187 dicitur,
1483 3119 1540 3171 et
1593 3113 1990 3186 hiarterpolis

2106 3112 2368 3187 ϐέϐλητο,
2403 3114 2639 3178 πολλοῖς
2698 3117 3002 3192 ἀνεκάλυψε
3046 3117 3108 3172 τὸ
3166 3116 3500 3193 ἀπόῤῥητον.
3549 3115 3761 3173 Φιλού-

340 3212 398 3264 et
429 3209 808 3282 Miephercim
841 3213 1113 3262 Ameram
1144 3211 1200 3262 et
1228 3207 1441 3261 Arabes
1501 3205 1691 3260 socios
1739 3202 1993 3259 asciscit.

339 3297 441 3354 His
473 3315 674 3354 secum
709 3297 1041 3367 conjunctis
1073 3294 1634 3365 ConstantinOpolim
1698 3296 1993 3365 properat,

337 3403 441 3458 spe
470 3388 626 3443 bona
655 3386 868 3452 elatus,
904 3385 1134 3442 somnio
1176 3385 1488 3454 cujusdam
1550 3382 1826 3437 monachi
1880 3381 1993 3436 vir-

2109 3227 2269 3280 μενος
2311 3202 2368 3260 δὲ
2417 3203 2506 3259 διὰ
2559 3207 2655 3269 τὰς
2701 3205 2971 3278 ἀριστείας
3033 3206 3134 3261 ὑπὸ
3191 3206 3388 3268 παντὸς
3443 3210 3541 3262 τοῦ
3597 3226 3762 3282 στρα-

2103 3294 2370 3368 τεύματος
2405 3337 2419 3364 ,
2477 3293 2794 3364 πειθηνίους
2852 3296 2966 3371 εἶχε
3025 3293 3218 3372 σχεδὸν
3291 3297 3523 3358 ἅπαντας
3560 3339 3572 3353 .
3632 3297 3763 3353 ’Ότι

2107 3380 2154 3438 δ’
2201 3385 2267 3451 ἦν
2329 3381 2380 3437 ἐν
2552 3381 2792 3458 βασιλίδι
2843 3389 2950 3438 τῶν
3019 3384 3235 3441 πόλεων
3309 3387 3337 3441 6
3394 3390 3522 3447 παῖς
3591 3383 3762 3440 αὑτοῦ

328 3476 478 3531 tutis
510 3475 761 3532 studiosi
796 3479 988 3540 aucta,
1019 3474 1120 3545 qui
1153 3453 1268 3528 sibi
1309 3471 1473 3528 visus
1514 3476 1642 3528 erat
1685 3470 1990 3526 mulierem

2104 3473 2383 3546 Ῥωμανὸς
2410 3516 2424 3543 ,
2486 3469 2708 3528 ἔσπευσε
2791 3478 2944 3548 σχεῖν
3025 3473 3270 3528 κάκεῖνον
3359 3475 3485 3549 παρ’
3560 3472 3757 3545 ἐαυτῷ,

331 3565 654 3637 quamdam
687 3565 749 3620 in
778 3563 1020 3620 sublimi
1083 3561 1324 3634 specula
1373 3561 1673 3616 sedentem
1734 3574 1990 3630 cernere,

335 3669 464 3724 quin
496 3653 583 3707 illi
616 3652 914 3726 ﬂagellum
943 3650 1390 3722 imperatorium
1426 3650 1768 3721 porrigeret.
1829 3650 1992 3716 Quod

344 3742 641 3815 ﬂagellum
673 3760 806 3798 cum
841 3742 1047 3813 utique
1076 3741 1225 3795 iram
1257 3740 1356 3795 Dei
1381 3745 1438 3795 et
1468 3743 1866 3794 Romanorum
1927 3755 1996 3795 ex

337 3830 639 3888 intestinis
697 3831 867 3888 bellis
926 3830 1234 3886 interitum
1291 3828 1682 3901 signiﬁcaret:
1735 3828 1992 3898 Sclerus,

332 3937 439 3993 pro
469 3920 921 3992 imperiiomine
979 3937 1087 3975 sua
1140 3917 1464 3990 cupiditate
1517 3917 1800 3974 visionem
1849 3917 1996 3974 aesti-

334 4009 1058 4082 mans,interpretabatur.
1085 4009 1264 4065 Fama
1296 4009 1368 4064 de
1397 4008 1703 4081 tyrannide
1733 4007 1911 4064 Scleri
1934 4008 1994 4063 in

335 4099 540 4155 urbem
571 4097 821 4170 perlata,
843 4099 1230 4171 imperatores
1263 4097 1554 4170 quidquid
1586 4097 1846 4153 militum
1900 4113 1963 4152 re

331 4190 527 4246 stabat
555 4188 991 4260 contrahentes,
1027 4189 1097 4244 ad
1132 4188 1530 4245 resistendum
1565 4204 1626 4243 se
1683 4187 1994 4260 parabant,

333 4279 517 4335 misso
548 4278 789 4334 interim
815 4277 1168 4334 Nicomediae
1194 4277 1472 4349 pontiﬁce
1532 4277 1603 4332 ad
1658 4275 1852 4346 illum,
1898 4276 1994 4347 qui

331 4367 445 4424 etsi
476 4365 698 4423 multas
730 4366 890 4439 pacis
957 4367 1324 4423 conditiones
1381 4366 1538 4421 haud
1590 4366 1997 4437 aspernandas

331 4461 704 4530 proponeret,
738 4456 885 4511 nihil
917 4460 1116 4512 tamen
1150 4455 1509 4526 impetravit.
1570 4455 1718 4511 Nam
1767 4454 1996 4509 Sclerus

333 4543 604 4601 coccineo
662 4542 856 4600 calceo
917 4548 1175 4610 ostenso,
1239 4560 1354 4597 non
1407 4542 1531 4596 fieri
1584 4557 1757 4613 posse
1830 4541 1994 4607 dixit,

340 4637 406 4690 ut
435 4635 534 4706 qui
567 4651 702 4690 eum
735 4631 916 4690 semel
950 4632 1266 4701 induisset,
1297 4638 1514 4687 temere
1542 4631 1839 4701 abjiceret.
1873 4630 1996 4694 Quo

339 4743 621 4800 responso
652 4732 910 4800 accepto,
945 4725 1266 4782 necessitas
1300 4723 1758 4796 imperatoribus
1805 4722 1993 4795 impo-

2103 3562 2192 3616 καὶ
2263 3560 2476 3624 στείλας
2547 3559 2721 3636 λάθρα
2789 3562 2912 3618 τινὰ
2985 3559 3234 3634 ἠδυνήθη
3312 3562 3401 3618 καὶ
3470 3564 3562 3618 τὸν
3639 3563 3758 3617 υἱὸν

2105 3651 2342 3706 λαθόντα
2382 3651 2772 3726 ὑπαγαγέσθαι,
2824 3652 2914 3707 καὶ
2970 3652 3162 3708 αὐτίκα
3190 3659 3256 3722 τῆ
3297 3650 3577 3728 τυραννίδι
3633 3651 3760 3708 ἐπι-

2103 3739 2440 3817 κεχείρηκε,
2499 3741 2676 3812 ταινίᾳ
2727 3762 2785 3796 τε
2847 3739 3108 3817 βασιλείῳ
3168 3744 3269 3812 τήν
3317 3741 3556 3821 κεφαλὴν
3617 3743 3762 3796 ἀνα-

2106 3827 2298 3897 δεῖται,
2333 3830 2424 3884 καὶ
2472 3836 2740 3907 φοινικοῖς
2788 3829 3037 3894 πεδίλοις
3067 3831 3194 3894 τοὺς
3249 3829 3420 3894 πόδας
3456 3828 3760 3900 ὑποδεῖται,

2103 3919 2196 3974 καὶ
2253 3918 2578 3996 εὐφημεῖται
2641 3920 2716 3980 ὡς
2781 3919 3080 3995 βασιλεὺς,
3139 3921 3230 3976 καὶ
3287 3924 3552 3998 χρήματα
3608 3919 3764 3975 συλ-

2109 4007 2255 4080 λέξαι
2289 4013 2526 4063 ποιεῖται
2559 4005 2822 4080 σπουδὴν,
2853 4009 2945 4063 καὶ
2994 4011 3326 4086 συμμάχους
3373 4010 3755 4087 προσειλήφει,

2103 4097 2196 4152 τόν
2249 4119 2308 4152 τε
2362 4104 2462 4167 τῆς
2507 4095 2746 4171 ’Δμίδης
2797 4099 3066 4173 Ἀμηρᾶν’
3118 4099 3263 4155 οὕτω
3315 4100 3418 4176 γὰρ
3476 4100 3540 4155 16
3588 4101 3753 4172 Ἐμετ

2104 4186 2378 4257 καλεῖται,
2429 4187 2519 4242 καὶ
2561 4186 2654 4242 τὸν
2701 4195 2802 4258 τῆς
2852 4188 3363 4265 Μαρτυρουπόλεως
3414 4191 3466 4260 (ἡ
3516 4187 3573 4244 δὲ
3626 4193 3757 4245 Μιε-

2105 4276 2336 4356 φερκεῖμ
2391 4276 2789 4350 ὀνομάζεται),
2851 4276 2999 4332 ἀλλὰ
3085 4278 3268 4351 μέντοι
3344 4279 3434 4333 καὶ
3499 4271 3759 4353 Ἄραϐας.

2103 4368 2306 4421 Τούτου
2339 4364 2428 4420 οὖν
2483 4361 2908 4441 συμπεριλαϐὼν
2945 4367 3203 4444 ἠπείγετο
3251 4368 3388 4441 πρὸς
3440 4369 3541 4436 τὴν
3600 4373 3761 4424 Κων-

2108 4456 2411 4524 σταντίνου,
2491 4453 2674 4510 ἐλπίσι
2747 4461 3017 4532 χρησταῖς
3094 4455 3490 4533 αἰωρούμενος,
3569 4455 3629 4520 ἃς
3666 4456 3762 4511 καὶ

2107 4542 2337 4607 ἄλλοθεν
2398 4539 2596 4600 ἔθαλπε
2631 4592 2646 4612 ,
2704 4543 2917 4618 μᾶλλον
2983 4545 3166 4619 μέντοι
3241 4547 3292 4617 ἐξ
3347 4546 3557 4622 ὀνείρου
3612 4545 3762 4608 τινὸς

2111 4638 2355 4708 μοναχοῦ
2385 4633 2578 4710 ἀρετὴν
2633 4634 2933 4708 μετιόντος.
2985 4632 3175 4706 Ἔδοξε
3224 4635 3326 4711 γὰρ
3383 4635 3584 4691 ἐκεῖνον
3633 4635 3762 4709 ὁρᾷν

2105 4725 2195 4778 τὸν
2259 4723 2508 4800 Σκληρὸν
2584 4724 2801 4801 γυναικί
2874 4746 2978 4780 τινι
3037 4724 3116 4803 ἐφ’
3194 4722 3416 4800 ὑψηλῆς
3477 4723 3761 4800 καθημένῃ

343 4817 460 4874 sita
485 4822 575 4874 est
603 4817 754 4874 bello
786 4814 1147 4881 decertandi,
1179 4813 1480 4885 00piarum
1500 4814 1644 4868 ducc
1673 4813 1842 4868 Petro
1864 4829 1990 4885 spa-

2106 4817 2391 4890 περιωπῆς
2449 4813 2806 4890 προσελθεῖν,
2866 4815 2965 4885 τὴν
3028 4811 3086 4869 δὲ
3166 4815 3398 4890 μάστιγα
3469 4813 3616 4886 αύτῷ
3683 4813 3766 4889 έγ-

341 4906 509 4977 done,
543 4907 744 4963 Phocea
777 4907 948 4977 cujus
979 4921 1163 4974 supra
1186 4919 1420 4975 quoque
1453 4903 1606 4958 facta
1635 4907 1724 4959 est
1755 4902 1994 4975 mentio,

338 4995 481 5052 filio.
519 4995 884 5052 Exercitibus
912 4994 982 5050 ad
1019 4994 1291 5064 Liparum
1348 4993 1700 5064 congressis,
1753 5010 1883 5065 qua:
1939 4997 1998 5050 et

337 5084 630 5142 Licandus
651 5081 1372 5157 appellatur,imperatorii
1395 5081 1824 5157 aliquantisper
1855 5089 1996 5140 stre-

335 5189 451 5229 nue
473 5175 835 5238 restiterunt,
855 5173 953 5228 sed
982 5172 1220 5227 tandem
1238 5172 1626 5244 proﬁigantur
1661 5173 1862 5230 multis
1887 5190 1995 5230 eae-

335 5262 420 5319 sis
442 5263 537 5318 2|
553 5265 589 5317 7
628 5262 926 5333 castrique
942 5261 1580 5332 direptis.Tzamandus
1603 5280 1837 5336 quoque
1855 5264 1996 5320 urbs

338 5350 820 5423 frequentissima
879 5351 1074 5406 Sclero
1127 5350 1483 5406 deditionem
1539 5352 1692 5424 fecit,
1775 5369 1805 5407 e
1879 5369 1997 5424 qua

346 5457 620 5513 magnam
654 5445 916 5512 pecuntaa
973 5439 1090 5496 vim
1150 5439 1357 5513 coegit.
1417 5441 1514 5497 Sic
1571 5441 1995 5515 imperatorum

347 5529 533 5603 cepiis
563 5528 882 5601 superatis,
914 5530 1131 5587 multos
1161 5530 1298 5586 inde
1327 5532 1396 5586 ad
1429 5547 1492 5587 se
1523 5533 1998 5603 attraxit,opibus

347 5624 407 5675 et
437 5618 627 5676 salute
655 5617 886 5675 illorum
909 5621 1032 5691 jam
1092 5621 1438 5692 desperatis,
1489 5637 1678 5693 neque
1729 5621 1998 5678 obscurri

352 5708 640 5768 duntaxat
672 5707 905 5780 milites,
947 5711 1048 5766 sed
1096 5709 1271 5767 multi
1319 5710 1495 5767 etiam
1553 5727 1622 5767 ex
1666 5710 1999 5770 illustribus

2109 4905 2345 4980 χειρίσαι
2406 4902 2696 4978 βασιλικήν
2735 4951 2745 4962 .
2806 4910 2866 4960 Ἠ
2927 4903 3117 4976 μάστιξ
3175 4902 3221 4958 δ’
3276 4905 3351 4968 ὡς
3409 4901 3580 4959 ἔοικεν
3614 4947 3632 4972 ,
3693 4903 3761 4972 ἦν

2108 4989 2386 5067 σύμϐολον
2417 5001 2516 5064 τῆς
2548 4994 2692 5058 θείας
2722 4995 2911 5070 ὀργῆς,
2944 4995 3033 5049 καὶ
3084 4998 3184 5059 τῆς
3233 4992 3292 5049 ἐκ
3338 4999 3444 5050 τῶν
3476 4991 3765 5071 ὶμφυλίων

2106 5084 2366 5158 πολέμων
2443 5087 2547 5138 τῶν
2623 5083 2906 5157 Ῥωμαίων
2986 5085 3234 5160 φθορᾶς,
3507 5081 3764 5157 Σκληρὸς

2109 5173 2314 5241 δηλοῦν
2370 5174 2468 5242 τὴν
2523 5173 2800 5248 βασιλείαν
2863 5173 3081 5246 ἐνόμιζε
3123 5217 3137 5242 ,
3193 5175 3328 5249 πρὸς
3401 5173 3500 5243 τὴν
3559 5171 3761 5228 οἰκείαν

2109 5261 2283 5341 ἔφεσιν
2339 5263 2538 5339 κρίνων
2592 5263 2654 5320 τὸ
2710 5263 2911 5339 ὅραμα.
2961 5265 3076 5334 Τῆς
3125 5261 3183 5319 δὲ
3236 5261 3359 5339 περὶ
3416 5269 3516 5332 τῆς
3569 5283 3764 5340 τυραν-

2108 5351 2254 5416 νίδος
2282 5357 2380 5408 τοῦ
2424 5350 2682 5426 Σκληροῦ
2730 5355 2924 5430 φήμης
2969 5355 3247 5430 φθασάσης
3290 5353 3426 5427 πρὸς
3475 5351 3602 5415 τοὺς
3630 5373 3763 5428 κρα-

2106 5448 2378 5513 τοῦντας,
2445 5441 2775 5517 ἡτοιμάζετο
2829 5443 2893 5498 τὸ
2969 5440 3313 5521 περιλειφθὲν
3372 5442 3760 5518 στρατιωτικὸν

2109 5533 2558 5603 ἀντικαταστῆναι
2600 5536 2680 5604 τῷ
2721 5532 3016 5608 ἀποστάτῃ.
3068 5535 3154 5590 Ἐν
3203 5532 3451 5608 τοσούτῳ
3499 5529 3556 5588 δὶ
3602 5529 3762 5588 στέλ-

2110 5619 2261 5678 λεται
2318 5623 2454 5699 πρὸς
2513 5622 2709 5679 ἐκεῖνον
2762 5624 2790 5678 ὁ
2832 5619 3203 5696 Νικομηδείας
3251 5621 3562 5700 ἀρχιερεὺς,
3594 5642 3761 5696 πρεσ-

2110 5705 2366 5785 ϐεύσων,
2426 5711 2515 5768 καὶ
2574 5709 2760 5771 πολλὰ
2841 5712 2938 5788 μὶν
3017 5710 3280 5792 ιπαγωγὰ
3340 5713 3477 5789 πρὸς
3533 5711 3761 5788 εῒρήνην
