4142 6368
367 365 488 425 149

1669 362 2078 424 ANNALIUM
2125 364 2274 424 LIB.
2322 366 2507 426 XVII.

3688 377 3807 438 1ὔο

368 490 636 569 διελιχοη
693 489 864 565 αὐτῷ,
899 491 1176 578 ἀλλ’ᾼούκ
1226 488 1421 548 ἔπεισε.
1475 491 1658 563 Δείξας
1709 491 1809 569 γὰρ
1877 493 2026 566 αὐτῷ

2142 496 2211 551 ad
2247 511 2381 552 eum
2413 499 2761 557 conﬂuxere.
2800 504 2937 569 Quae
2991 521 3122 562 cum
3183 505 3494 578 praeposito
3552 507 3783 564 cubicul

372 585 401 640 6
463 582 682 658 Σληρὸς
735 582 798 638 τὸ
859 575 1197 660 κοκκοόαφὶς
1249 578 1513 653 πέδιλον,
1590 578 1848 637 ἀδύνατον
1919 582 2035 638 εἶπε

372 674 468 729 τὸν
545 671 682 743 ἅπαξ
753 675 918 728 τοῦτο
993 668 1406 745 ὑποδησάμενον
1500 669 1627 746 ῥᾷον
1709 666 2031 730 ἀποϐαλεῖν.

381 772 602 841 Ταύτην
625 772 719 840 τὴν
778 764 1062 844 ἀπόκρισιν
1097 769 1170 831 ὡς
1201 766 1366 845 ἔγνων
1405 769 1457 824 οἱ
1505 768 1628 844 περὶ
1658 769 1726 824 τὰ
1759 769 2029 846 βασίλεια,

387 860 442 933 ἒξ
494 860 721 936 ἀνάγκης
767 861 908 934 πρὸς
980 856 1171 936 μάχην
1241 858 1590 936 ὡρμήκεσαν.
1667 861 1768 918 Ἦν
1825 857 1883 914 δὲ
1929 866 2030 930 τῆς

390 948 676 1027 βασιλικῆς
756 945 1040 1023 δυνάμεως
1115 946 1599 1026 στρατοπεδάρχης
1675 949 1703 1005 ὁ
1779 948 2032 1023 ἐκτομίας

380 1041 602 1117 Πέτρος,
658 1040 686 1094 6
740 1042 838 1094 τοῦ
896 1041 1085 1108 Φωκᾶ,
1146 1036 1208 1094 οὗ
1264 1038 1354 1094 καὶ
1412 1040 1602 1116 πρώην
1665 1037 2030 1115 ἐμνήσθημεν.

373 1136 462 1198 Ὦς
521 1134 615 1191 οὖν
664 1133 940 1208 ἀλλήλοις
1016 1133 1672 1211 ἀντεστρατοπεδεύσαντο
1745 1135 1814 1191 τὰ
1871 1157 2031 1212 στρα-

369 1224 635 1300 τεύματα,
711 1224 838 1300 περὶ
910 1224 1151 1301 Λίπαραν
1186 1267 1201 1295 ,
1284 1224 1320 1294 ἢ
1386 1224 1475 1280 καὶ
1556 1223 1814 1281 Λικανδὸν
1891 1227 2030 1280 ὡνο-

373 1313 574 1388 μάζετο
610 1357 624 1384 ,
702 1313 840 1390 πρὸς
930 1311 1157 1386 ἄλληλα
1247 1312 1646 1391 συνεῤῥάγησαν
1685 1357 1698 1384 ,
1775 1316 1866 1370 καὶ
1941 1313 2030 1370 ἐπὶ

375 1403 472 1476 μέν
531 1423 654 1458 τινα
707 1403 896 1480 καιρὸν
967 1403 1221 1479 ἀντεῖχον
1280 1404 1333 1458 οἱ
1394 1403 1668 1479 βασιλικοὶ
1731 1404 2028 1480 γενναίως,

371 1486 561 1548 ἔπειτα
633 1493 920 1567 τρέπονται
955 1535 969 1562 ,
1045 1492 1136 1548 καὶ
1204 1492 1542 1568 ἀναιροῦνται
1605 1491 1857 1562 πολλοὶ,
1937 1495 2027 1548 καὶ

371 1583 436 1637 τὸ
515 1580 877 1658 στρατόπεδον
965 1582 1068 1638 ὑπὸ
1157 1581 1288 1646 τοὺς
1377 1580 1651 1645 ἐναντίους
1743 1583 2032 1660 γενόμενον

377 1669 769 1748 διαρπάζεται.
844 1673 977 1728 Εἶτα
1065 1673 1156 1727 καὶ
1244 1672 1343 1741 τὴν
1439 1669 1758 1746 Τζαμανδὸν
1854 1670 2030 1728 πολυ-

372 1761 568 1833 πληθῆ
643 1761 808 1819 πόλιν
903 1762 964 1818 ἐκ
1051 1761 1458 1836 προσελεύσεως
1549 1767 1658 1818 τῶν
1735 1763 2030 1820 οἰκούντων

372 1851 544 1923 αὐτὴν
579 1853 846 1954 εἰληφὼς,
877 1851 1180 1954 χρημάτων
1228 1852 1392 1927 ἐσμὸν
1443 1853 1493 1924 ἐξ
1543 1851 1708 1954 αὐτῆς
1750 1853 2030 1954 συνηθροὲ
2063 1878 2110 1945 Β

367 1961 478 1999 κει.
531 1940 687 2000 Οὕτω
748 1941 807 1998 δὲ
861 1941 1275 2019 περιγενόμενος
1329 1947 1426 1997 τοῦ
1483 1941 1883 2018 στρατεύματος
1932 1940 2028 1998 τοῦ

372 2031 690 2106 βασιλικοῦ,
739 2030 985 2096 πολλοὺς
1036 2031 1096 2087 ἐκ
1140 2031 1336 2088 τούτου
1382 2033 1517 2108 πρὸς
1563 2032 1746 2087 ἑαυτὸν
1796 2031 2028 2088 ἐπεσπά-

364 2140 523 2190 σατο,
575 2119 961 2196 ἀπεγνωκότας
1011 2118 1120 2192 ἤδη
1170 2122 1267 2184 τὰς
1315 2119 1594 2190 σωζούσας
1625 2119 1852 2185 ἐλπίδας
1882 2122 2030 2196 παρὰ

361 2214 487 2272 τοῖς
559 2209 890 2286 βασιλεῦσι,
951 2211 1042 2264 καὶ
1111 2209 1259 2282 αὐτῷ
1316 2209 1725 2287 προσερῥύησαν
1794 2212 1858 2266 οὐ
1917 2215 2025 2267 τῶν

361 2297 671 2372 ἀνωνύμων
721 2301 886 2373 μόνον
939 2304 1307 2376 στρατιωτῶν,
1359 2297 1508 2355 ἀλλά
1554 2299 1642 2355 καὶ
1681 2304 1789 2355 τῶν
1824 2321 2027 2377 περιω-

362 2387 561 2462 νύμων
618 2386 864 2447 πολλοί,
923 2395 1009 2453 Ὡς
1067 2387 1124 2445 δὲ
1191 2393 1358 2445 ταῦτα
1410 2388 1490 2462 τῷ
1541 2389 2028 2464 παρακοιμωμὲνῳ

364 2476 743 2553 ἠγγέλθησαν,
783 2477 1066 2535 στέλλεται
1123 2479 1278 2544 αὖθις
1327 2477 1476 2534 Λὲων
1539 2479 1566 2534 6
1619 2474 2027 2554 πρωτοϐεστιά-

369 2587 531 2642 ριος,
609 2569 839 2645 ἄκρατον
914 2567 1152 2640 ἐξουσίαν
1231 2566 1632 2642 ἐμπιστευθεὶς,
1709 2569 1800 2624 καὶ
1857 2568 2029 2624 πάντα

367 2657 628 2732 πράττειν
663 2659 762 2713 ὅσα
805 2659 898 2713 καὶ
951 2655 1260 2735 βασιλεῦσιν
1310 2657 1512 2714 ἀνεῖται
1545 2655 1726 2713 ἄδειαν
1755 2657 2025 2733 εἰληφὼς,

367 2742 518 2802 εἷ’ποι
574 2744 635 2802 ἂν
687 2768 774 2812 τις
828 2752 897 2822 τῇ
953 2747 1192 2804 Λατίνων
1269 2750 1421 2824 φωνῇ
1478 2747 1568 2803 τὸν
1624 2745 1793 2823 ἄνδρα
1845 2745 2027 2802 δικτά-

365 2853 545 2909 τορα,
599 2834 690 2890 καὶ
749 2834 1021 2892 συνελθὼν
1091 2840 1170 2909 τῷ
1215 2833 1667 2912 στρατοπεδάρχῃ
1728 2837 1756 2890 6
1815 2857 2029 2910 πρωτο-

370 2917 702 3000 ϐιστιάριος,
787 2923 1047 3001 ἐπειράθη
1121 2926 1214 3000 μὲν
1301 2925 1626 3000 ὑποσχέσεσι
1699 2925 1792 2980 καὶ
1841 2925 2029 2999 τιμαῖς

369 3013 492 3077 τοὺς
548 3015 674 3090 περὶ
702 3015 797 3070 τὸν
847 3014 1100 3089 Σκληρὸν
1151 3014 1565 3071 ἐπισπάσασθαι.
1611 3019 1699 3077 Ὡς
1750 3013 1795 3069 δ’
1827 3014 2028 3086 ἀνηνύ-

368 3124 480 3167 τοις
530 3099 668 3180 ἕγνω
717 3103 1038 3181 ἕπεχειρεῖν,
1073 3102 1383 3182 παρελάσας
1411 3105 1602 3168 νυκτὸς
1646 3104 1739 3159 τὸν
1783 3103 2025 3180 Σληρὸν,

2144 586 2414 644 nuntiata
2451 593 2664 647 essent.
2703 591 2812 649 Leo
2870 595 3359 666 protovestiarius
3407 611 3540 652 cum
3569 613 3805 655 summo

2142 673 2389 749 imperio
2439 683 2497 734 et
2570 681 2937 751 auctoritate,
2990 702 3097 742 suo
3183 686 3470 742 arbitratu
3549 687 3801 760 gerendi

2145 765 2344 820 omnia
2378 784 2504 839 qua:
2535 769 2871 842 imperatori
2902 773 3098 845 licent,
3135 775 3410 846 mittitur,
3464 792 3650 849 quam
3698 793 3800 848 Ρο-

2143 856 2416 911 testatem
2479 858 2670 914 Latini
2724 861 3075 918 dictaturam
3129 865 3455 920 nominant.
3535 866 3590 920 Is
3667 881 3802 922 cum

2142 946 2620 1016 stratopedarcha
2649 965 3020 1022 congressus,
3047 952 3570 1024 pollicitationibus
3601 959 3659 1010 et
3700 954 3801 1010 ho-

2143 1032 2389 1088 noribus
2446 1035 2662 1090 frustra
2708 1039 2948 1095 tentatis
3002 1041 3257 1096 militum
3309 1042 3547 1109 animis,
3613 1051 3789 1100 noctu

2144 1126 2599 1194 praetergressus
2628 1125 2886 1183 Sclerum
2921 1129 3152 1185 invasit.
3215 1131 3404 1196 Quare
3434 1133 3652 1189 factum
3712 1138 3804 1192 est

2143 1215 2210 1266 ut
2241 1211 2454 1268 milites
2486 1214 2612 1270 suis
2643 1215 3012 1273 charissimis
3068 1220 3364 1285 timentes,
3415 1221 3607 1278 Sclero
3665 1223 3802 1279 rcli-

2141 1303 2234 1356 oto
2291 1302 2363 1356 ad
2422 1302 2593 1358 illum
2633 1322 2696 1360 se
2726 1307 3060 1364 conferrent
3091 1326 3104 1364 :
3135 1313 3194 1365 et
3237 1309 3469 1367 Sclerus
3531 1311 3798 1384 territus,

2141 1389 2480 1446 Michaelem
2537 1394 2780 1450 Burzem
2861 1397 3216 1468 magistrum
3301 1416 3441 1456 suas
3523 1405 3796 1458 secutum

2140 1485 2361 1551 partes,
2392 1487 2449 1536 et
2506 1482 2837 1540 Romanum
2898 1487 3234 1544 Taronitem
3301 1489 3610 1560 patricium
3662 1507 3797 1548 cum

2140 1567 2418 1636 exercitu,
2450 1576 2652 1628 contra
2700 1575 3209 1643 protovestiarium
3234 1578 3531 1634 mitteret:
3581 1579 3798 1650 quibus

2140 1656 2340 1729 praalio
2371 1663 2684 1730 superatis,
2708 1661 2832 1733 ipse
2890 1679 3024 1720 cum
3075 1666 3353 1722 omnibus
3393 1667 3578 1739 copiis
3631 1685 3798 1725 eum-

2139 1747 2273 1802 dem
2306 1765 2621 1820 aggressus
2650 1750 2807 1818 vicit,
2853 1753 3158 1826 virumque
3201 1756 3375 1827 cepit,
3435 1761 3607 1813 Petra
3653 1762 3796 1814 stra-

2138 1837 2490 1908 topedarcha
2521 1838 2845 1896 interfecto.
2876 1847 2956 1897 Ea
2982 1843 3243 1914 victoria,
3287 1849 3354 1902 ut
3411 1845 3592 1903 Scleri
3649 1863 3791 1919 opes

2142 1925 2395 1983 multum
2427 1928 2610 1996 auxit,
2645 1928 2729 1985 sic
2758 1930 3179 2001 imperatorum
3213 1950 3336 1990 rem
3387 1935 3458 1990 ad
3509 1936 3789 2007 despera-

2137 2015 2358 2072 tionem
2390 2017 2700 2089 depressit,
2748 2021 3072 2090 przesertim
3095 2038 3228 2077 cum
3285 2027 3571 2093 tyrannus
3623 2042 3788 2081 mare

2139 2122 2374 2177 quoque
2430 2110 2671 2162 teneret.
2749 2111 3141 2174 Quamobrem
3199 2113 3550 2184 praepositus
3609 2113 3789 2170 cubili

2137 2193 2325 2250 classe
2356 2196 2558 2261 missa,
2591 2198 2908 2254 commisso
2947 2215 3080 2255 curn
3113 2201 3789 2276 Sclerinavibusprtelio,

2138 2283 2387 2340 classem
2419 2287 2548 2356 ejus
2578 2287 2789 2342 devicit
2819 2293 2875 2344 et
2925 2289 3253 2360 dissipavit,
3309 2290 3586 2364 idemque
3643 2293 3792 2348 mari

2138 2377 2345 2444 pacato
2369 2375 2800 2446 provinciarum
2851 2383 3125 2451 suscepta
3153 2397 3316 2447 cura,
3365 2383 3660 2437 Eroticum
3720 2382 3792 2438 ad

2137 2462 2390 2519 Nicaeam
2409 2463 2692 2537 Bithyniae
2716 2467 3086 2539 metropolim
3112 2470 3394 2526 tuendam
3418 2470 3796 2543 misit1quam

2138 2552 2375 2609 Sclerus
2404 2554 2459 2610 vi
2492 2571 2824 2628 expugnare
2857 2557 3075 2613 frustra
3103 2563 3370 2631 conatus,
3398 2559 3550 2617 fame
3603 2559 3801 2632 subigi

2136 2659 2241 2714 per
2289 2643 2678 2713 proditionem
2723 2662 2898 2717 posse
2946 2651 3135 2715 ratus,
3190 2648 3556 2705 obsidionem
3596 2648 3792 2705 traxit.

2136 2740 2402 2797 Eroticus
2428 2758 2561 2798 vero
2621 2742 2754 2800 dolo
2805 2744 3226 2802 circumvenire
3269 2747 3498 2803 hostem
3559 2746 3787 2816 statuit,

2135 2828 2412 2902 illataque
2444 2831 2503 2887 in
2534 2833 2808 2905 granaria
2851 2851 3028 2891 arena
3076 2839 3133 2891 et
3185 2836 3479 2892 frumento
3531 2850 3786 2908 superne

2137 2919 2371 2991 injecto,
2423 2924 2488 2976 ut
2534 2925 2695 2979 totus
2753 2940 2993 2980 acervus
3043 2924 3407 2981 frumentum
3463 2925 3783 2992 videretur,

2135 3009 2382 3081 captivis
2412 3012 2685 3084 granaria
2723 3013 3090 3070 demonstrat
3115 3015 3462 3087 semiplena,
3493 3020 3551 3072 et
3596 3015 3789 3072 Sclero

2135 3098 2408 3155 nuntiare
2427 3101 2616 3171 jubet,
2649 3103 2920 3173 quamvis
2944 3121 2977 3159 a
3009 3104 3159 3160 fame
3189 3103 3338 3159 nihil
3393 3103 3505 3161 sibi
3545 3102 3796 3176 periculi

361 3194 592 3270 ἐχώρει.
627 3194 770 3270 Πρός
798 3196 845 3251 τ’
875 3193 1110 3252 ἰντεῦθεν
1140 3193 1259 3259 δέος
1306 3193 1434 3258 τοὺς
1482 3194 1608 3270 περὶ
1657 3195 1748 3251 τὸν
1786 3192 2024 3271 Σληρὸν,

2139 3187 2439 3256 sit,tamen
2471 3189 2516 3244 si
2551 3193 2676 3246 tuto
2700 3208 2835 3248 cum
2867 3193 3038 3248 certis
3055 3193 3397 3249 hominibus
3412 3193 3567 3250 exire
3598 3192 3792 3263 liceat,

2141 3294 2197 3300 --
2233 3279 2370 3300 --_L-
2402 3278 2610 3300 1...-.121-
2651 3284 2842 3300 __A,1-,
2886 3282 2928 3300 γε
2986 3299 2991 3300 ,
3082 3299 3125 3300 κγ
3183 3287 3194 3300 ι
3342 3299 3367 3300 η
3436 3283 3475 3300 Λ
3536 3299 3547 3300 γ
3634 3299 3658 3300 η
3719 3281 3786 3300 ιε-

361 3281 485 3339 εἷλε
531 3283 657 3360 περὶ
708 3289 818 3340 τῶν
866 3285 1141 3365 φιλτάτων
1169 3285 1368 3354 αὐτῶν,
1429 3284 1518 3341 καὶ
1565 3289 1674 3342 τῶν
1719 3284 2026 3356 ἀποστάτην

2139 3294 2202 3334 se
2233 3279 2375 3333 urbe
2402 3278 2617 3334 tradita
2649 3284 2845 3352 partes
2877 3282 3006 3353 ejus
3039 3287 3401 3339 secuturum.
3435 3283 3557 3348 Quo
3587 3281 3796 3339 nuntio

360 3372 871 3447 καταλιμπάνοντες
903 3419 918 3447 ,
998 3380 1080 3450 τῷ
1154 3369 1643 3454 πρωτοϐεστιαρίῳ
1700 3373 2026 3452 προσῄεσαν.

363 3471 487 3527 Κάκ
514 3471 710 3530 τούτου
741 3471 924 3537 δείσας
951 3476 980 3531 6
1014 3473 1289 3550 Σκληρός,
1345 3474 1436 3530 τὸν
1471 3474 1765 3552 μάγιστρον
1793 3470 2026 3549 Μιχαὴλ

361 3561 462 3617 τὸν
497 3563 774 3640 Βούρτζην
828 3563 1334 3642 προσκεχωρηκότα
1388 3562 1556 3637 αὐτῷ,
1605 3563 1695 3619 καὶ
1744 3562 2024 3638 Ῥωμανὸν

366 3649 659 3728 πατρίκιον
729 3651 822 3709 τὸν
892 3653 1214 3730 Ταρωνίτην
1297 3652 1431 3727 μετᾶ
1511 3659 1762 3729 στρατιᾶς
1819 3649 2028 3725 ἔπεμψε

364 3741 510 3796 κατὰ
563 3746 660 3798 τοῦ
715 3738 1260 3820 πρωτοϐεστιαρίου,
1320 3741 1374 3799 ο⁹ί
1415 3739 1790 3822 προϐαλόντες
1837 3741 2026 3817 ἐκείνῳ

363 3832 705 3902 ἡττήθησαν.
757 3834 845 3896 Ὧς
878 3831 926 3888 δ’
952 3833 1197 3909 ἐγνώσθη
1245 3837 1324 3905 τῷ
1371 3832 1613 3910 Σκληρῷ
1658 3835 1693 3903 ἠ
1741 3837 1849 3888 τῶν
1881 3853 2028 3907 πεμ-

362 3920 600 3976 σθὲντων
659 3921 820 3992 ἧττα,
879 3923 1036 3986 αὐτὸς
1084 3923 1176 3978 σὺν
1225 3921 1386 3977 παντὶ
1416 3927 1496 3995 τῷ
1549 3922 1638 3978 ὐπ’
1667 3921 1825 3978 αὐτὸν
1858 3943 2027 3998 στρα-

357 4010 595 4084 τεύματι
669 4011 806 4067 κατά
877 4016 973 4068 τοῦ
1047 4005 1545 4088 πρωτοϐεστιαρίου
1621 4017 1842 4089 χωρεῖ,
1933 4011 2023 4067 καὶ

360 4098 727 4177 συρῥήγνυται
782 4105 852 4177 τῇ
912 4103 1032 4177 μετ’
1078 4103 1247 4158 αὐτοῦ
1297 4122 1541 4179 στρατιᾳ,
1610 4101 1699 4156 καὶ
1743 4105 1885 4173 νικᾷ,
1932 4101 2058 4156 καὶσ

366 4189 394 4243 6
431 4190 529 4263 μὲν
583 4188 1068 4268 στρατοπεδάρχης
1115 4192 1322 4267 Πέτρος
1368 4191 1633 4266 ἀνῄρητο,
1695 4192 1722 4245 6
1768 4187 1826 4246 δὲ
1870 4211 2022 4268 πρω-

366 4273 741 4356 τοόεστιάριος
790 4278 1063 4341 ἑαλώκει.
1115 4280 1267 4352 Αὕτη
1322 4282 1357 4352 ἡ
1409 4280 1531 4351 νίκη
1590 4278 1677 4336 ἐπὶ
1731 4279 1870 4356 μέγα
1927 4281 2021 4354 μὶν

363 4368 470 4446 ἦρε
497 4371 567 4425 τὰ
593 4374 691 4426 τοῦ
734 4370 1017 4448 Σκληροῆ
1074 4370 1142 4428 τὰ
1187 4369 1246 4426 δὲ
1291 4374 1399 4428 τῶν
1451 4367 1718 4446 βασιλέων
1767 4369 1842 4433 εἰς
1887 4369 2023 4425 ἀπό-

361 4479 566 4535 γνωσιν
624 4457 839 4539 ἤνεγκε,
883 4461 974 4518 καὶ
1028 4459 1242 4536 μᾶλλον
1293 4459 1375 4518 ὅτι
1422 4459 1513 4516 καὶ
1573 4458 2020 4537 ἔθαλασσοκράτει

359 4549 391 4603 6
443 4547 773 4622 ἀποστάτης.
827 4548 1034 4606 Στόλον
1101 4550 1194 4607 οὗν
1246 4551 1276 4606 6
1326 4549 1826 4626 παρακοιμώμενος
1876 4550 2022 4605 ἑτοι-

364 4639 563 4711 μάσας,
622 4637 888 4714 ἰκπὲμπει
944 4641 1083 4696 κατά
1132 4643 1230 4695 τοῦ
1287 4638 1486 4695 στόλου
1541 4643 1638 4694 τοῦ
1688 4639 2019 4710 ἀποστάτου,

357 4726 452 4782 καὶ
501 4729 807 4805 ναυμαχίας
855 4728 1180 4805 γενομινης,
1232 4730 1261 4785 6
1309 4727 1505 4792 στόλος
1555 4729 1583 4784 6
1631 4732 1728 4783 τοῦ
1760 4727 2019 4806 Σκληροῦ

361 4819 828 4894 κατεναυμαχήθη
897 4817 987 4874 καὶ
1057 4815 1421 4875 διεσκέδαστο.
1489 4818 1579 4881 Ὦς
1646 4817 1740 4872 οὗν
1822 4819 2019 4895 ἠρέμει

360 4906 433 4961 τὰ
477 4905 612 4962 κστά
640 4906 934 4980 θάλασσαν,
981 4906 1047 4964 τά
1091 4909 1230 4964 κατὰ
1275 4908 1375 4978 τὴν
1434 4903 1662 4982 ἤπειρον
1693 4907 1721 4962 6
1751 4927 2020 4984 παρακοι-

367 4996 628 5069 μώμενος
677 4994 959 5071 διετίθετο,
1029 4997 1118 5054 καὶ
1181 4997 1273 5054 τὸν
1324 4995 1616 5074 Ἐρωτικὸν
1671 4996 1748 5060 είς
1794 4997 2019 5055 Νίκαιαν

364 5081 579 5160 ἔπεμψε
620 5094 722 5158 τῆς
775 5087 1022 5152 Βιθυνίας
1085 5085 1452 5164 μητρόπολιν,
1509 5085 1712 5158 ταύτην
1779 5089 2022 5166 φρουρή-

362 5196 550 5246 σοντα,
572 5175 610 5252 ᾖ
637 5172 966 5254 προσϐαλὼν
997 5179 1026 5233 6
1058 5176 1334 5255 Σκληρὸς,
1358 5177 1724 5252 ἀπεκρούσθη,
1749 5176 1837 5233 καὶ
1870 5176 2021 5252 λιμῷ

359 5265 492 5331 τοὺς
521 5265 572 5321 ἰν
625 5266 762 5343 αὐτῇ
792 5265 1091 5346 προδοῦναι
1146 5267 1347 5340 ταύτην
1395 5265 1647 5340 ἠλπίκει,
1693 5267 1781 5322 καὶ
1834 5267 2018 5340 μέντοι

360 5356 456 5411 καὶ
561 5353 1001 5437 χρονοτριϐήσας
1088 5357 1220 5431 ἐκεῖ,
1315 5353 1553 5430 σιτοδείᾳ
1641 5355 1769 5419 τοὺς
1871 5352 2021 5412 ἔνδον

359 5445 640 5516 πιέζεσθαι
719 5447 1138 5524 παρεσκεύασεν.
1213 5448 1396 5525 Ἔγνω
1457 5443 1550 5503 οὗν
1625 5446 1654 5502 6
1724 5446 2021 5523 Ἐρωτικὸς

361 5543 542 5621 ἀπάτῃ
597 5555 1105 5626 καταστρατηγῆσαι
1151 5548 1246 5606 τὸν
1277 5546 1512 5604 ωαντίον
1548 5588 1564 5617 ,
1637 5545 1730 5602 καὶ
1783 5543 1909 5609 τοὺς
1940 5526 2026 5601 σι-¹

362 5638 544 5698 τῶνας
618 5636 850 5713 ψάμμου
899 5635 1227 5716 ἐπλήρωσε,
1284 5638 1374 5694 καὶ
1429 5636 1528 5706 τὴν
1597 5635 1824 5710 ψάμμον
1884 5636 2018 5709 σίτῳ

366 5722 670 5801 ὶπιχωσεν,
703 5728 780 5791 ὡς
829 5723 1034 5785 δοκεεῖν
1089 5726 1184 5785 τὸν
1238 5721 1399 5804 ὄγκον
1445 5725 1652 5782 ἅπαντα
1681 5729 1826 5782 σῖτον
1860 5725 2014 5782 εἶναι.

2137 3366 2366 3424 laetatus
2387 3367 2646 3436 Sclerus,
2679 3387 2812 3426 cum
2837 3371 3014 3427 ﬁdem
3046 3371 3326 3438 dedisset,
3361 3371 3459 3428 ille
3503 3388 3638 3427 cum
3670 3387 3797 3426 ma-

2130 3457 2247 3528 jori
2270 3455 2484 3512 civium
2515 3462 2573 3514 et
2621 3457 2878 3514 militum
2928 3477 3172 3516 suorum
3234 3463 3397 3533 parte
3454 3460 3790 3517 Constanti-

2137 3545 2397 3618 nopolim
2429 3545 2592 3602 abiit.
2651 3547 2881 3605 Sclerus
2929 3554 3125 3606 autem
3195 3550 3446 3606 Nicaeam
3500 3549 3653 3607 2‘18
3711 3548 3798 3604 in-

2135 3650 2399 3707 gressus,
2451 3636 2583 3692 dolo
2631 3653 2694 3694 se
2741 3637 3208 3695 circumventum
3284 3655 3414 3696 esse
3482 3637 3790 3695 intellexit.

2135 3734 2399 3791 Cubiculi
2422 3751 2553 3791 vero
2586 3736 2937 3808 praepositus
2961 3736 3158 3794 Sclero
3217 3738 3353 3794 inde
3410 3737 3674 3810 digresso
3732 3741 3791 3793 et

2138 3825 2270 3882 urbi
2293 3825 2825 3898 appropinquante,
2857 3830 3128 3900 quamvis
3160 3829 3341 3885 animi
3401 3827 3616 3884 dubius
3669 3827 3787 3884 hae-

2135 3918 2307 3984 reret,
2339 3919 2537 3970 tamen
2570 3919 2799 3971 mutata
2855 3919 3171 3986 sententia,
3232 3918 3481 3975 Phocam
3538 3917 3785 3973 Bardam

2133 4004 2206 4058 ab
2238 4003 2441 4059 exsilio
2472 4009 2826 4073 revocatum,
2861 4012 2918 4062 et
2981 4007 3357 4064 sanctissimo
3398 4007 3790 4080 jurejurando

2133 4093 2428 4161 adactum,
2460 4096 2526 4148 ut
2554 4111 2814 4165 unquam
2849 4111 3098 4169 regnum
3143 4097 3437 4169 aﬂ'cctare,
3466 4101 3569 4153 aut
3597 4097 3791 4153 consi-

2132 4179 2211 4238 lia
2241 4187 2445 4238 contra
2497 4182 2881 4256 imperatores
2933 4185 3083 4242 inire
3147 4186 3341 4255 vellet,
3436 4186 3790 4259 magistrum

2135 4270 2410 4343 appellat,
2442 4276 2499 4327 et
2529 4272 2797 4346 reliquiis
2820 4275 3120 4348 capiarum
3154 4275 3792 4349 prmficit,pecuniaque

2131 4365 2454 4422 liberaliter
2483 4368 2856 4439 suppeditata
2885 4373 3091 4426 contra
3114 4369 3370 4428 Sclerum
3405 4370 3609 4426 mittit.
3666 4371 3790 4435 Quo

2131 4455 2230 4511 ille
2257 4455 2514 4529 cognito,
2547 4461 2669 4513 tum
2703 4458 2943 4514 demum
2999 4475 3060 4516 se
3121 4477 3322 4533 parem
3383 4460 3787 4517 adversarium

2130 4543 2470 4601 habiturum
2503 4549 2690 4618 ratus,
2740 4548 2877 4603 inde
2915 4548 3260 4621 digreditur,
3311 4553 3369 4606 et
3389 4549 3563 4621 :circa
3610 4552 3782 4607 Amo-

2130 4635 2288 4691 rium
2324 4651 2522 4707 pugna
2553 4635 3156 4709 commissasuperior
3183 4639 3395 4709 evadit,
3454 4637 3784 4712 proﬂigatis

2129 4724 2498 4780 adversariis.
2533 4723 2818 4782 Postridie
2860 4727 3038 4784 duces
3069 4728 3432 4786 exercituum
3465 4729 3772 4785 decrevere

2130 4812 2418 4885 singulari
2457 4814 2776 4871 certamine
2822 4817 3122 4889 congredi,
3173 4819 3361 4890 deque
3396 4834 3633 4875 summa
3678 4834 3773 4874 re-

2131 4920 2262 4958 rum
2295 4903 2627 4960 decernere.
2651 4902 2885 4961 Sclerus
2916 4906 3094 4979 prior,
3151 4912 3214 4963 ut
3244 4908 3486 4980 quidam
3516 4907 3783 4974 tradunt,

2131 4999 2352 5055 clavam
2384 4999 2444 5055 in
2477 5000 2679 5056 Phocea
2710 5006 2888 5074 caput
2928 5003 3209 5076 impegit:
3243 5008 3302 5060 at
3343 5002 3465 5083 alii,
3497 5018 3697 5059 ensem
3720 5002 3808 5082 in,

2132 5107 2266 5146 eum
2298 5089 2552 5160 libravit,
2585 5092 2683 5161 qui
2715 5109 2848 5148 cum
2881 5093 3067 5150 ictum
3093 5094 3464 5162 declinasset,
3525 5096 3786 5150 extremo

2132 5197 2272 5237 ense
2301 5198 2501 5237 aurem
2543 5181 2678 5253 equi
2719 5183 2846 5254 ejus
2888 5183 3158 5240 resecuit.
3195 5186 3262 5240 At
3318 5183 3540 5239 Phocas
3580 5184 3788 5236 contra

2131 5269 2312 5326 Scleri
2342 5271 2517 5342 capiti
2546 5269 2769 5326 clavam
2803 5272 2885 5327 ita
2910 5271 3100 5340 illisit,
3134 5277 3200 5329 ut
3243 5274 3448 5329 oborta
3501 5270 3786 5342 vertigine

2129 5358 2190 5415 in
2221 5359 2355 5431 equi
2388 5358 2602 5416 collum
2634 5359 2969 5433 prolapsum
2993 5366 3052 5418 et
3082 5366 3454 5419 cruentatum
3501 5359 3786 5416 satellites

2129 5448 2444 5520 eriperent,
2468 5464 2534 5504 ac
2563 5447 2911 5506 destitutum
2947 5450 3171 5509 viribus
3217 5467 3366 5524 equo
3420 5449 3782 5524 depositum,

2129 5546 2420 5620 sanguine
2450 5546 2714 5603 absterso
2747 5547 2818 5604 ad
2862 5547 3084 5605 fontem
3143 5551 3493 5607 recrearent.
3550 5549 3780 5604 Interea

2129 5636 2257 5707 ejus
2287 5649 2496 5706 equus.
2532 5636 2672 5692 dum
2694 5634 2782 5693 illi
2812 5635 2918 5693 hac
2950 5654 3089 5696 cura
3119 5642 3502 5712 occupantur,
3534 5636 3774 5710 elapsus

2129 5725 2258 5797 ejus
2291 5723 2565 5782 manibus
2598 5741 2631 5782 a
2658 5741 2772 5799 quo
2795 5726 3125 5800 tenebatur,
3159 5728 3285 5786 sine
3314 5741 3542 5786 sessore
3566 5725 3628 5782 in
3677 5742 3770 5783 ca-
