4142 6400
300 371 410 432 151

1658 365 1988 426 JOANNIS
2034 367 2373 428 ZONABIE

3606 354 3724 418 152

303 503 444 562 stris
469 503 614 574 juba
645 501 934 574 sanguine
965 504 1242 557 manante
1264 502 1589 568 exsultans,
1641 501 1832 557 eﬂ‘ecit
1891 505 1955 557 ut
1984 503 2019 570 Α

2083 503 2254 577 Ἐχων
2316 500 2406 556 οὖν
2465 498 2613 562 τινὰς
2671 498 2920 560 ἀλωτοὺς
2954 497 3012 552 ἐκ
3047 499 3146 552 τοῦ
3198 493 3565 571 στρατοπέδου
3619 496 3726 548 τῶν

303 592 485 651 Scleri
517 592 806 648 exercitus
837 607 904 647 eo
936 591 1134 665 agnito
1165 591 1439 665 (insignis
1483 590 1638 646 enim
1687 595 1812 647 erat
1844 609 1953 648 no-

306 685 466 739 mine
495 679 826 754 !Egyptius)
887 682 1095 737 ducem
1159 681 1440 738 cecidisse
1479 684 1715 753 putans,
1775 683 1956 738 eﬂ'use

307 772 556 843 fugeret.
589 772 716 836 Qua
759 771 1064 826 occasione
1115 770 1334 826 Pbocas
1385 774 1638 842 arrepta,
1700 787 1958 842 suosque

308 861 668 924 cohortatus,
722 859 1013 932 fugientes
1065 859 1455 930 persequitur,
1509 861 1727 916 multos
1769 861 1956 928 cadit,

309 948 530 1006 multos
560 947 718 1021 capit
751 965 763 1003 :
798 949 996 1021 plures
1016 949 1189 1003 etiam
1215 967 1249 1005 a
1306 966 1369 1005 se
1424 950 1675 1006 invicem
1725 950 1961 1007 concul-

309 1039 425 1096 cati
458 1039 772 1110 perierunt.
830 1039 980 1093 Tum
1028 1040 1265 1093 demum
1320 1038 1554 1095 Sclerus
1636 1041 1962 1114 desperatis

312 1128 492 1184 rebus
519 1143 655 1183 cum
687 1125 956 1198 reliquiis
989 1127 1061 1181 ad
1095 1127 1391 1182 Chosroen
1424 1127 1809 1200 Babylonium
1834 1147 1964 1186 con-

305 1219 481 1290 fugit,
513 1235 547 1273 a
577 1233 692 1288 quo
724 1215 1044 1288 imperator
1073 1233 1178 1288 per
1206 1217 1429 1288 legatos
1463 1218 1626 1289 petit,
1661 1235 1732 1274 ne
1766 1226 1963 1292 tyran-

310 1324 456 1364 num
497 1305 770 1362 admittat
801 1305 1025 1360 domini
1057 1307 1148 1361 sui
1183 1312 1646 1377 oppugnatorem
1677 1324 1690 1362 :
1744 1308 1963 1380 alioqui

314 1396 537 1451 malum
569 1395 903 1467 exemplum
925 1394 1038 1466 ipsi
1071 1396 1264 1451 fraudi
1297 1397 1732 1452 futurum.Cum
1765 1403 1962 1454 autem

313 1484 670 1557 Babylonius
701 1485 1092 1555 cognovisset,
1125 1486 1396 1540 eumdem
1421 1485 1614 1542 Sclero
1647 1504 1880 1559 quoque
1911 1493 1968 1544 et

318 1573 606 1629 militibus
637 1574 767 1644 ejus
790 1572 991 1628 afferre
1021 1571 1250 1628 litteras
1282 1573 1439 1629 illius
1468 1591 1644 1630 manu
1704 1577 1968 1632 subscri-

318 1667 475 1735 ptas,
530 1661 746 1734 quibus
793 1662 877 1718 eis
919 1661 1246 1734 impunitas
1296 1665 1752 1734 promitteretur,
1795 1669 1966 1722 modo

321 1751 525 1822 emptis
545 1751 916 1818 desisterent,
941 1767 1120 1822 seque
1157 1751 1494 1824 imperatori
1527 1755 1679 1810 219
1714 1757 1964 1812 submit-

2071 591 2348 662 ἐναντίων,
2397 593 2584 653 αὐτοῖς
2632 589 2759 653 τοὺς
2807 591 3036 650 σιτῶνας
3067 583 3318 660 ἡμιδεεῖς
3372 579 3526 646 ὄντας
3591 583 3722 638 ὑπέ-

2069 678 2224 752 δειξε,
2257 681 2345 735 καὶ
2379 678 2449 735 δι’
2477 679 2648 735 αὐτῶν
2683 675 2929 749 ἐδήλωσε
2973 681 3054 750 τῷ
3106 673 3348 752 Σκληρῷ
3409 675 3485 747 μὴ
3547 669 3722 727 δεδιέ-

2067 792 2153 824 ναι
2183 772 2288 840 τὴν,
2313 770 2648 846 πολιορκίαν
2694 769 2796 838 τὴν
2849 768 2909 822 ἐκ
2956 765 3148 840 λιμοῦ.
3207 764 3269 820 Εἰ
3327 761 3385 818 δέ
3445 784 3561 836 μοι,
3595 757 3721 838 ἔφη,

2069 859 2276 923 πίστεις
2347 858 2544 931 δοίης,
2619 860 2736 932 μεθ’
2808 859 2880 912 ὧν
2959 854 3238 933 βούλομαι
3311 851 3722 929 παραχωρῆσαί

2075 972 2165 1024 μοι
2225 948 2514 1017 ἀπελθεῖν,
2586 947 2992 1020 ὑπεκστήσομαί
3070 966 3155 1000 σοι
3223 951 3323 1013 τῆς
3381 942 3598 1004 πόλεως
3655 941 3723 996 τὰ

2071 1039 2138 1093 σὰ
2187 1042 2421 1118 φρονῶν.
2478 1042 2808 1114 Περιχαρῶς,
2830 1035 3036 1091 τούτων
3081 1031 3311 1104 ἤκουσεν
3364 1033 3392 1087 6
3443 1030 3721 1107 Σκληρὸς,

2069 1129 2159 1184 καὶ
2243 1127 2451 1192 πίστεις
2522 1127 2668 1200 αὐτῷ
2753 1126 3029 1201 παρέσχε,
3122 1124 3371 1185 κάκεῖνος
3461 1119 3590 1183 τούς
3664 1140 3724 1175 τε

2071 1218 2294 1280 πλείους
2343 1222 2442 1283 τῆς
2471 1216 2688 1280 πόλεως
2733 1216 2821 1271 καὶ
2869 1216 2996 1276 τοὺς
3050 1213 3141 1268 σὺν
3194 1213 3343 1284 αὐτῷ
3389 1209 3724 1287 στρατιώτας

2072 1307 2449 1385 παρειληφὼς,
2498 1314 2600 1376 τῆς
2657 1303 2876 1369 πόλεως
2933 1300 3114 1377 ἔξεισι,
3164 1302 3254 1357 καὶ
3304 1302 3440 1376 πρὸς
3491 1302 3590 1369 τὴν
3626 1319 3727 1371 με-

2072 1396 2248 1473 γάλην
2299 1395 2462 1452 πόλιν
2509 1398 2710 1468 ἄπεισι,
2756 1395 2848 1450 καὶ
2898 1395 2925 1449 6
2984 1393 3238 1469 Σκληρὸς
3269 1387 3486 1446 εἷ’σεισιν
3517 1388 3594 1451 εἰς
3626 1389 3726 1457 τὴν

2076 1488 2323 1556 Νίκαιαν,
2379 1485 2502 1541 τότε
2559 1481 2700 1561 ἔγνω
2773 1479 3325 1560 καταστρατηγηθείς.
3415 1481 3476 1538 Ὀ
3554 1476 3611 1533 δέ
3667 1499 3731 1546 γε

2075 1577 2615 1652 παρακοιμώμενος,
2670 1579 2766 1630 τοῦ
2826 1571 3086 1649 Σκληροῢ
3135 1571 3332 1627 ἐκεῖθεν
3395 1569 3728 1645 ἀπάραντος,

2077 1667 2167 1721 καὶ
2239 1670 2306 1739 τῇ
2389 1663 2749 1739 βασιλευούσῃ
2823 1667 2931 1717 τῶν
3008 1660 3224 1716 πόλεων
3301 1658 3728 1729 πλησιάζοντος,

2079 1756 2382 1830 ἀμηχανῶν
2437 1753 2524 1821 ἦν.
2582 1752 3018 1827 Γνωσιμαχήσας
3049 1749 3140 1805 οὖν
3199 1750 3292 1804 τὸν
3351 1753 3546 1803 Φωκᾶν
3588 1745 3730 1822 Βάρ-

317 1844 531 1911 terent,
563 1843 685 1896 tam
746 1839 969 1912 legatos
1027 1857 1204 1910 quam
1260 1840 1526 1897 Sclerum
1577 1860 1712 1899 cum
1735 1845 1860 1900 suis
1907 1847 2019 1934 in]

2083 1842 2174 1900 δαν
2249 1843 2307 1898 ἐκ
2374 1849 2474 1911 τῆς
2552 1841 2839 1914 ὑπερορίας
2915 1838 3296 1905 ἀνεκαλέσατο,
3377 1836 3468 1892 καί
3545 1838 3731 1910 ὅρκοις

319 1946 611 1986 carcerem
641 1930 953 2002 compegit.
1006 1930 1075 1985 Et
1104 1930 1199 1987 hic
1231 1930 1344 1986 fuit
1381 1933 1579 2010 exitus
1622 1934 1967 1992 defectionis

314 2019 500 2075 illius.

2079 1933 2236 1988 αὐτὸν
2297 1928 2622 2010 φρικώδεσιν
2675 1927 3040 2002 ἐνδησάμενος
3088 1928 3180 1983 καὶ
3225 1925 3732 1999 παλαμναιοτάταις

2079 2023 2272 2096 ἀραῖς,
2336 2023 2411 2094 μὴ
2472 2021 2531 2075 ἄν
2586 2040 2719 2074 ποτε
2769 2023 2838 2093 τῇ
2902 2017 3156 2094 βασιλείᾳ
3210 2015 3522 2084 ἐπιθέσθαι,
3595 2012 3735 2087 μηδὲ

316 2108 454 2163 κατά
509 2111 617 2162 τῶν
701 2104 1095 2182 βασιλευόντων
1177 2107 1588 2182 βουλεύσασθαι,
1664 2117 1786 2174 ταῖς
1857 2111 2204 2188 περιλοίποις
2280 2109 2536 2184 δυνάμεσι
2612 2110 2704 2165 τὸν
2779 2106 2946 2186 ἄνδρα
2998 2107 3266 2186 ἐφίστησι,
3327 2103 3619 2181 μάγιστρόν
3677 2123 3738 2158 τε

315 2197 575 2270 τιμήσας,
624 2197 716 2251 καὶ
768 2198 1033 2272 χρήματα
1112 2194 1316 2271 δαψιλῆ
1403 2200 1852 2275 παρασχόμενος,
1924 2201 2014 2256 καὶ
2087 2203 2186 2271 τὴν
2263 2201 2401 2255 κατὰ
2458 2204 2555 2254 τοῦ
2616 2196 2874 2271 Σκληροῦ
2936 2197 3122 2272 μάχην
3188 2194 3334 2268 αὐτῷ
3385 2194 3737 2267 ἀναθέμενος*

318 2284 530 2340 ἄπεισιν
592 2286 681 2340 οὖν
741 2285 769 2340 6
827 2290 1045 2348 Φωκᾶς.
1111 2287 1210 2342 Καὶ
1282 2287 1310 2341 6
1368 2288 1620 2366 Σκληρὸς
1688 2288 1746 2346 δὲ
1801 2295 1962 2346 τοῦτο
2037 2291 2221 2365 μαθὼν
2295 2291 2406 2344 τότ’
2484 2284 2620 2363 ἔγνω
2696 2285 2918 2361 μέλλων
2963 2285 3303 2361 μαχέσασθαι
3379 2285 3519 2358 πρὸς
3575 2284 3736 2337 ἀνταο

312 2375 586 2451 γωνιστὴν
635 2374 961 2450 ἀξιόμαχον,
1020 2376 1110 2430 καὶ
1165 2374 1294 2452 ἄρας
1356 2378 1541 2452 ἀπῄει,
1602 2380 1692 2434 καὶ
1749 2380 1872 2455 περὶ
1929 2381 1992 2435 τὸ
2050 2380 2307 2454 Ἀμόριον
2368 2377 2734 2451 συμπλέκεται
2791 2381 2868 2448 τῷ
2928 2379 3118 2445 Φωκᾷ,
3175 2375 3264 2430 καὶ
3323 2373 3526 2449 γίνεται
3591 2371 3743 2448 μάχῃ

317 2466 428 2518 τῶν
481 2465 920 2536 στρατευμάτων,
949 2465 1037 2519 καὶ
1068 2465 1204 2533 ἦσαν
1261 2467 1678 2542 ὑπερτεροῦντες
1736 2471 1787 2523 οἱ
1843 2473 1942 2523 τοῦ
2000 2468 2279 2542 Σκληροῦ,
2341 2469 2393 2522 οἱ
2453 2466 2510 2521 δε
2559 2467 2684 2542 περὶ
2740 2466 2830 2520 τὸν
2889 2469 3084 2519 Φωκᾶν
3111 2462 3179 2518 τὰ
3224 2466 3370 2517 νῶτα
3427 2459 3741 2534 ἐτρέψαντο,

321 2560 415 2615 καὶ
471 2559 615 2615 οὕτω
673 2560 768 2632 μὲν
824 2560 890 2614 τά
937 2567 1035 2629 τῆς
1099 2561 1286 2637 μάχης
1338 2564 1540 2635 ταύτης
1598 2561 1929 2637 συμϐέϐηκε.
1987 2570 2063 2640 Τῇ
2125 2564 2193 2620 δι’
2247 2565 2368 2636 ἑξῆς
2438 2566 2490 2619 οἱ
2544 2568 2652 2619 τῶν
2711 2560 3128 2638 στρατευμάτων
3201 2559 3515 2635 ἐξάρχοντες
3585 2556 3743 2611 αὐτοὶ

321 2649 461 2720 πρὸς
521 2646 807 2718 ἀλλήλους
867 2650 1204 2723 μαχέσασθαι
1255 2649 1490 2724 ε’ίλοντο,
1546 2654 1636 2708 καὶ
1706 2655 1799 2708 τὸν
1866 2656 2049 2730 ἀγῶνα
2119 2653 2213 2710 τὸν
2283 2654 2417 2730 ὑπὲρ
2475 2658 2572 2709 τοῦ
2629 2653 2824 2715 παντὸς
2888 2648 3253 2721 ἀναδέξασθαι.
3315 2646 3592 2712 Ἐπῆλθον
3649 2647 3745 2700 οὗν

323 2735 600 2808 ἀλλήλοις
655 2737 744 2792 καὶ
822 2741 1040 2814 πρῶτος
1097 2736 1232 2815 ἔφθη
1287 2739 1482 2803 παίσας
1539 2743 1630 2796 τὸν
1709 2749 1906 2799 Φωκᾶν
1983 2745 2012 2798 6
2072 2741 2346 2820 Σκληρὸς,
2408 2744 2484 2805 ὡς
2543 2743 2635 2816 μὶν
2695 2737 2826 2796 ἔνιοι
2889 2739 3130 2816 λέγουσι,
3187 2737 3388 2812 κορύνῃ
3443 2735 3582 2790 κατὰ
3635 2741 3742 2804 τῆς

323 2825 589 2902 κεφαλῆς,
674 2826 748 2888 ὡς
833 2824 879 2881 δ’
964 2823 1162 2903 ἕτεροι,

1252 2827 1399 2907 ξίφος
1483 2829 1854 2888 έπανετείνατο
1938 2838 2056 2888 κατ’
2136 2833 2321 2903 αὐτοῦ,
2402 2836 2498 2887 τοῦ
2575 2829 2633 2886 δὲ
2691 2830 2970 2892 κλιθέντος
3042 2829 3177 2904 πρὸς
3241 2828 3462 2899 θάτερον
3551 2822 3738 2898 μέρος,

318 2925 411 2981 καὶ
462 2925 563 2993 τὴν
621 2923 850 2998 πληγὴν
906 2922 1273 2995 ἐκκλίναντος,
1333 2924 1524 3006 ἔφθασε
1577 2931 1638 2984 τὸ
1695 2935 1792 2985 τοῦ
1852 2930 2038 3009 ξίφους
2096 2929 2258 3008 ἄκρον
2313 2933 2374 2986 τὸ
2450 2931 2542 2994 οὖς
2599 2931 2838 3004 ἐκτεμεῖν
2892 2933 2988 2984 τοῦ
3041 2925 3220 2982 ’ίππου
3276 2927 3374 2980 τοῦ
3433 2926 3621 2978 Φωκᾶ.
3678 2923 3736 2978 Ὀ

320 3013 378 3071 δέ
439 3035 502 3090 γι
574 3020 770 3076 Φωκᾶς
851 3014 1153 3086 ἀντέπληξε
1215 3019 1306 3072 τὸν
1374 3018 1627 3094 Σκληρὸν
1711 3022 1915 3097 κορύνῃ
2000 3023 2136 3079 κατὰ
2211 3030 2309 3094 τῆς
2384 3021 2663 3101 κεφαλῆς,
2739 3021 2828 3076 καὶ
2905 3021 2933 3074 6
3012 3017 3252 3092 πληγεὶς
3323 3009 3736 3101 σκοτοδινιασας

317 3109 399 3176 τῷ
471 3109 570 3160 τοῦ
640 3102 815 3159 ’ίππου
889 3103 1160 3180 τραχήλῳ
1235 3106 1485 3164 ἐπέπεσεν
1519 3153 1532 3177 ,

1611 3112 1668 3165 δν
1773 3113 1822 3166 οἱ
1915 3112 2040 3188 περὶ
2134 3113 2292 3168 αὐτὸν
2386 3117 2568 3174 κακῶς
2644 3106 2842 3187 ἔχοντα
2917 3107 3288 3181 θεασάμενοι,

3361 3104 3452 3158 καὶ
3529 3106 3607 3173 τῷ
3682 3100 3742 3155 ἐκ

319 3201 421 3264 τῆς
502 3191 727 3270 πληγῆς
810 3191 1003 3268 αἵματι
1076 3199 1420 3272 πεφυρμένον
1491 3199 1835 3275 περιστάντες
1910 3202 2192 3278 συνέσχον,
2270 3201 2359 3256 καὶ
2436 3202 2718 3276 ἀπήγαγον
2794 3197 2868 3260 εἰς
2924 3199 3132 3272 πηγὴν,
3204 3189 3633 3278 ἀνακτησόμενοί
3689 3210 3748 3245 τε

324 3282 773 3357 λειποψυχοῦντα
827 3283 917 3337 τὸν
977 3281 1142 3361 ἄνδρα
1197 3291 1276 3357 τῷ
1327 3284 1502 3358 ὕδατι,
1575 3291 1660 3344 καὶ
1740 3291 1803 3345 τὸ
1875 3277 2238 3368 καταρῥεῦσαν
2311 3296 2407 3346 τοῦ
2476 3289 2704 3363 α’ίματος
2783 3287 3210 3364 ἀπορῥύψαντες,
3266 3283 3356 3338 καὶ
3415 3284 3511 3336 τοῦ
3564 3277 3746 3334 ’ίππου

330 3370 533 3426 ἐκεῖνον
619 3367 1069 3441 ἀποϐιϐάσαντες,
1131 3373 1347 3430 ἐποίουν
1401 3378 1468 3431 τὰ
1525 3377 1806 3454 εἷ’ρημένα.
1884 3382 1969 3435 Ἐν
2016 3367 2221 3454 τούτῳ
2288 3378 2335 3436 δ’
2411 3383 2438 3435 6
2502 3378 2673 3440 'imroc:
2739 3381 2766 3434 6
2819 3382 2914 3432 τοῦ
2976 3373 3234 3450 Σκληροῦ
3295 3373 3385 3426 τὸν
3445 3369 3754 3444 κατέχοντα

330 3457 562 3537 ἐκφυγὸν
649 3460 739 3515 καὶ
822 3462 1226 3538 ἀποσκιρτήσας
1307 3461 1568 3522 ἐπιϐάτου
1648 3470 1865 3544 χωρὶς,
1951 3470 2222 3544 έκρόανεν,

2311 3469 2407 3526 ἀνὰ
2488 3471 2552 3524 τὸ
2639 3464 3003 3543 στρατόπεδον
3088 3461 3277 3537 αἶ’ματι
3364 3460 3460 3528 τὴν
3549 3457 3752 3532 χαίτην

337 3553 656 3633 διάϐροχος.
714 3559 773 3613 ’ὃν
834 3556 1018 3615 ἷδόντα
1070 3562 1139 3617 τὰ
1192 3567 1294 3617 τοῦ
1354 3562 1613 3639 Σκληροῦ
1671 3588 2042 3642 στρατεύματα
2089 3568 2385 3641 (ἐπίσημος
2440 3567 2541 3640 γὰρ
2599 3568 2665 3636 ἣν
2722 3567 2750 3620 6
2802 3563 2995 3632 ἵππος,
3056 3559 3402 3632 κεκλημένος
3427 3553 3755 3632 Αἰγύπτιος)

328 3647 420 3701 καὶ
474 3647 730 3718 οἰηθέντα
784 3655 964 3732 πεσεῖν
1023 3650 1114 3704 τὸν
1171 3651 1346 3708 αὐτῶν
1399 3655 1662 3728 ἡγεμόνα,
1724 3656 1972 3732 ἀκρατῶς
2024 3658 2350 3732 ὡρμήκεσαν
2399 3655 2533 3726 πρὸς
2591 3656 2790 3732 φυγήν.
2843 3653 3197 3723 Κατανοήσας
3261 3644 3318 3702 δὲ
3388 3646 3452 3701 τὸ
3532 3643 3755 3732 γινόμε-

325 3756 418 3792 νον
454 3737 482 3790 6
510 3741 726 3806 Φωκᾶς,
764 3731 938 3793 ἔπεισι
967 3745 1086 3802 τοῖς
1118 3739 1371 3818 φεύγουσι
1402 3744 1528 3807 τοὺς
1562 3744 1796 3810 οἷ’κείους
1824 3731 2254 3824 παραθαρρύνας,
2303 3746 2392 3801 καὶ
2424 3742 2630 3800 πολλοὶ
2662 3745 2755 3818 μὶν
2781 3743 3058 3818 ἀνῄρηντο
3087 3739 3194 3796 ἀπὸ
3218 3741 3325 3794 τῶν
3353 3731 3755 3806 ἀντιπολέμων,

325 3831 534 3889 πολλοὶ
567 3831 625 3889 δὲ
651 3837 742 3889 καὶ
774 3833 1088 3911 ἡλίσκοντο,
1124 3836 1349 3905 πλείους
1382 3839 1451 3896 δι’
1487 3843 1574 3897 ὑπ’
1620 3842 1886 3916 ἀλλήλων
1921 3844 2221 3900 ἐκτείνοντο
2253 3841 2723 3916 συμπατούμενοι.
2758 3840 3026 3898 Ἐντεῦθεν
3058 3840 3085 3894 6
3117 3834 3367 3908 Σκληρὸς
3397 3829 3753 3905 ἐξαπορηθεὶς

329 3927 596 4000 μετὰτῶν
643 3925 1101 4002 περιλειφθέντων
1141 3931 1459 4009 καταφεύγει
1509 3936 1646 4010 πρὸς
1694 3935 1942 4011 Χοσρόην
1981 3935 2074 3990 τὸν
2126 3929 2501 3990 Βαϐυλώνιον.
2554 3932 2652 3987 Καὶ
2699 3935 2858 3986 τοῦτο
2917 3929 3101 4004 μαθὼν
3158 3930 3187 3980 ὁ
3251 3921 3504 4000 βασιλεὺς
3543 3917 3757 3993 έπεμψε

326 4024 464 4100 πρὸς
495 4024 767 4100 Χοσρόην,
795 4025 976 4096 ἀξιῶν,
1036 4028 1111 4100 μὴ
1167 4029 1556 4105 προσδέξασθαι
1612 4034 1704 4088 τὸν
1765 4037 2172 4108 τυραννήσαντα
2199 4034 2290 4088 τὸν
2344 4033 2763 4108 τυραννήσαντα,
2795 4029 2885 4084 καὶ
2933 4027 3070 4084 κατὰ
3124 4029 3222 4081 τοῖ’)
3252 4019 3456 4077 οἰκείου
3487 4016 3751 4074 δεσπότου

324 4113 643 4187 γενόμενον,
671 4110 763 4167 ⁶ίνα
794 4114 870 4186 μή
902 4114 992 4169 καὶ
1023 4117 1142 4180 καθ’
1175 4118 1365 4174 ἑαυτοῦ
1422 4118 1731 4196 ὑπόδειγμα
1773 4120 1894 4193 δοίη
1946 4123 2050 4178 οὐκ
2099 4123 2322 4198 ἀγαθόν.
2379 4123 2574 4198 Ἔφερε
2623 4116 2669 4173 δ’
2702 4120 2730 4174 6
2761 4117 3030 4194 πεμφθεὶς
3060 4115 3151 4170 καὶ
3180 4115 3317 4188 πρὸς
3345 4115 3436 4170 τὸν
3493 4111 3744 4188 Σκληρὸν

322 4202 574 4288 καὶτοὺς
624 4204 740 4276 μετ’
799 4203 990 4259 ἑαυτοῦ
1060 4203 1324 4285 ἔγγραφα,
1390 4214 1458 4284 τῇ
1532 4211 1792 4286 βασιλικῇ
1864 4207 2227 4288 βεϐαιωθέντα
2284 4210 2454 4286 χειρὶ,
2537 4207 2866 4282 ἀμνηστείαν
2924 4206 3108 4267 αὐτοῖς
3171 4209 3280 4258 τῶν
3357 4203 3753 4279 πεπραγμένων

328 4286 686 4368 βραϐεύοντα,
747 4291 792 4346 εἰ
853 4293 1142 4350 ἀποσταῖεν
1201 4305 1299 4366 τῆς
1349 4297 1738 4375 ἐγχειρήσέως,
1791 4286 1880 4356 καὶ
1935 4307 2016 4374 τῷ
2075 4300 2290 4371 βασιλεῖ
2359 4298 2710 4372 ὑποκύψαιεν.
2768 4298 2950 4354 Ταῦτα
3004 4295 3071 4350 τὰ
3127 4295 3265 4368 πρὸς
3337 4295 3430 4349 τὸν
3499 4289 3754 4364 Σκληρὸν

326 4387 575 4451 καὶτοὺς
611 4390 727 4462 μετ’
787 4388 988 4446 ἐκείνου
1053 4393 1301 4465 βασίλεια
1330 4397 1630 4471 γράμματα
1688 4399 1762 4461 ὡς
1825 4396 1962 4474 ἔγνω
2012 4401 2040 4454 6
2089 4394 2464 4466 Βαϐυλώνιος,
2514 4395 2672 4452 αὐτόν
2716 4415 2775 4450 τε
2815 4396 2915 4465 τήν
2948 4386 3235 4470 πρεσϐείαν
3265 4391 3606 4466 πληροῦντα,
3665 4389 3755 4443 καὶ

325 4479 418 4534 τὸν
454 4475 732 4552 Σκληρὸν,
783 4480 872 4533 καὶ
921 4479 1049 4543 τοὺς
1104 4485 1221 4555 μετ’
1279 4484 1444 4539 αὐτοῦ
1472 4487 1804 4562 στρατιώτας
1833 4489 2228 4564 κατείργνυσιν.
2263 4489 2518 4543 Ἐνταῦοα
2554 4487 2646 4561 μὶν
2681 4484 2778 4540 οὖν
2809 4483 2935 4541 τότε
2989 4482 3057 4538 τὰ
3082 4488 3183 4552 τῆς
3225 4479 3552 4541 ἀποστασίας
3595 4475 3762 4549 ἔληξε

325 4571 407 4639 τῷ
441 4571 704 4642 ΣκΛηρῷ.

398 4729 492 4788 VI.
524 4730 815 4788 Antonius
843 4748 1015 4804 porro
1055 4733 1420 4806 patriarcha,
1468 4753 1603 4793 cum
1662 4740 1986 4797 sacerdotio
2019 4740 2062 4809 C

328 4819 750 4887 renuntiasset,
813 4824 968 4893 quod
1019 4837 1124 4894 per
1172 4841 1270 4879 sex
1329 4841 1514 4883 annos
1569 4831 1859 4902 tenuerat,
1915 4847 1980 4886 ac

328 4908 507 4981 paulo
539 4914 673 4982 post
695 4911 960 4982 obiisset,
994 4915 1051 4966 et
1078 4912 1334 4969 Ecclesia
1358 4917 1526 4972 annis
1553 4935 1606 4973 ιν
1638 4935 1772 4975 cum
1807 4919 1979 4976 dimi-

327 4997 424 5054 dio
455 5005 743 5067 vacasset,
767 5000 1042 5057 Nicotaus
1059 5001 1492 5077 Chrysoberges
1506 5017 1596 5063 est
1615 5009 1976 5083 designatus.

327 5087 561 5144 Interea
590 5088 823 5161 Bulgari
855 5089 1086 5161 cognito
1118 5091 1416 5149 Tzimiscaa
1449 5095 1710 5166 interitu,
1753 5099 1982 5155 tumul-

325 5178 595 5250 tuantur,
629 5183 686 5233 et
717 5183 976 5249 quatuor
1004 5178 1280 5236 fratribus
1314 5183 1536 5252 Davidi,
1570 5187 1738 5255 Mosi,
1765 5189 1981 5245 Aaroni

327 5270 386 5321 et
445 5266 707 5323 Samueli
755 5267 1029 5323 deferunt
1086 5271 1420 5344 imperium,
1473 5276 1573 5346 qui
1638 5277 1981 5350 Comitopoli

328 5355 803 5427 appellabantur,
862 5357 1014 5427 quod
1075 5357 1180 5412 filii
1228 5367 1426 5417 essent
1475 5364 1582 5420 viri
1639 5368 1795 5440 apud
1847 5367 1980 5426 illos

324 5443 600 5513 illustris,
627 5450 684 5502 et
705 5463 773 5502 ex
802 5446 875 5502 iis
916 5463 1065 5517 quos
1096 5448 1340 5506 comites
1373 5459 1598 5512 vocant.
1631 5457 1776 5513 Nam
1801 5459 1979 5530 stirps

325 5531 486 5602 regia
515 5534 826 5601 defecerat,
859 5551 977 5590 uno
1013 5537 1158 5591 Petri
1193 5537 1311 5595 ﬁlio
1344 5541 1606 5601 Romano
1641 5546 1976 5618 superstite,

327 5620 430 5692 qui
484 5624 793 5680 eunuchus
834 5629 979 5682 erat.
1041 5627 1120 5682 Ex
1178 5627 1250 5684 iis
1282 5637 1534 5701 quatuor
1563 5635 1744 5692 David
1778 5636 1978 5693 statim

332 5713 580 5766 mortem
637 5712 802 5779 obiit,
849 5713 1033 5773 Moses
1078 5714 1139 5772 in
1165 5721 1601 5792 oppugnatione
1649 5725 1832 5783 Serra
1891 5725 1978 5784 la-

2174 4740 2232 4808 ζ’.
2284 4737 2576 4795 Ἀντωνίου
2628 4735 2685 4792 δὲ
2733 4738 2829 4791 τοῦ
2878 4734 3224 4809 πατριάρχου
3288 4732 3389 4800 τὴν
3455 4725 3754 4804 ἱερωσύνην

2090 4828 2484 4902 ἀπειπαμένου,
2555 4829 2617 4896 ἣν
2691 4823 2779 4879 ἐπὶ
2852 4817 2945 4893 ἔτη
3027 4819 3217 4891 ἤνυσεν
3294 4819 3371 4892 ἓξ,
3451 4815 3542 4873 καὶ
3622 4814 3758 4889 μετά

2098 4919 2290 4994 μικρὸν
2353 4917 2799 4988 τελευτήσαντος,
2872 4913 3122 4988 τέσσαρσι
3200 4910 3336 4985 πρὸς
3413 4912 3494 4980 τῷ
3560 4904 3751 4979 ἡμίσει

2093 5007 2366 5070 ἐνιαυτοὺς
2423 5006 2723 5083 ἀρχιερέως
2780 5004 2814 5072 ἢ
2868 4999 3166 5071 Ἐκκλησία
3225 4999 3518 5074 ἐχήρευσεν
3551 5038 3575 5083 ,Α
3641 4994 3756 5048 εἶτα

2095 5099 2122 5153 6
2159 5080 2545 5176 Χρυσοϐέργης
2578 5093 2850 5153 Νικόλαος
2895 5088 3395 5168 προσεκεχείριστο.
3455 5085 3528 5140 Τὰ
3559 5080 3617 5139 δὶ
3643 5087 3755 5138 τῶν

2091 5186 2417 5264 Βουλγάρων
2477 5183 2627 5248 αὖθις
2673 5181 2946 5251 κεκίνητο·
3001 5181 3074 5243 ὡς
3124 5179 3228 5254 γὰρ
3277 5181 3312 5248 ἡ
3345 5180 3441 5232 τοῦ
3471 5179 3742 5264 Τζιμισκῆ

2089 5261 2436 5353 κατήγγελτο
2482 5272 2711 5342 τελευτή
2739 5316 2753 5343 ,
2799 5271 3078 5346 τέσσαρσιν
3129 5267 3388 5346 ἀδελφοῖς
3439 5261 3746 5353 ἀνατιθέασι

2089 5369 2187 5436 τήν
2223 5352 2478 5444 σφετέραν
2526 5363 2730 5440 ἀρχὴν,
2776 5355 2965 5431 Δαϐὶδ,
3019 5362 3252 5433 Μιυϋσῇ,
3302 5355 3528 5444 ἈαρώνΔ
3555 5374 3616 5408 τε

2093 5438 2393 5530 Σαμουὴλ,
2449 5455 2505 5509 οἱ
2562 5438 2979 5525 Κομητόπωλοι
3037 5446 3395 5522 ὠνομάζοντο
3430 5491 3445 5519 ,
3499 5441 3595 5530 ὅτι,
3641 5438 3753 5530 υἱοὶ

2089 5525 2384 5620 γεγόνασιν.
2425 5545 2541 5606 ἰνὸς
2579 5545 2685 5596 τῶν
2733 5541 2861 5616 παρ’
2913 5537 3097 5602 αὐτοῖς
3156 5535 3468 5610 ἐπισήμων,
3515 5529 3606 5587 καὶ
3653 5525 3753 5583 λι-

2089 5634 2340 5712 γομένων
2390 5634 2679 5708 κομήτων.
2719 5631 2784 5686 Οἱ
2827 5630 2931 5707 γὰρ
2977 5625 3038 5683 ἐκ
3081 5625 3178 5683 τοῦ
3231 5620 3753 5712 βασιλείου-γένους

2089 5709 2266 5804 σφίσιν
2315 5722 2720 5797 ἐπιλελοίπασι,
2773 5719 2938 5797 μόνου
2985 5715 3426 5796 περιλειφθέντος
3474 5710 3590 5772 ένὸς
3639 5709 3749 5764 τῶν
