4142 6412
381 400 497 459 153

1679 391 2093 454 ANNALIUM
2138 394 2286 454 LIB.
2333 395 2516 455 XVII.

3697 395 3812 455 154

379 526 592 585 παίδων
675 530 777 582 τοῦ
856 526 1084 602 Πέτρου,
1145 528 1287 603 φημὶ
1369 522 1507 595 δῆτα
1583 529 1680 580 τυῦ
1737 527 2042 599 ⁸Ρωμανοῦ,

2162 526 2292 599 pide
2323 527 2478 584 ictus
2522 527 2774 584 moritur
2803 527 3026 585 statim.
3061 531 3332 583 Fratrem
3357 528 3645 584 Aaronem
3677 544 3812 583 cum

385 617 534 683 ὅστις
619 615 881 691 ἐκτομίας
957 615 1048 685 ἦν,
1108 619 1215 671 τῶν
1294 613 1351 671 δὲ
1432 613 1704 692 τεσσάρων
1779 615 2053 690 συγγόνων

387 716 498 764 τῶν
531 704 995 782 Κομητοπώλων,
1031 707 1058 760 6
1113 706 1206 779 μὲν
1260 701 1426 760 Δαϐἶδ
1470 705 1704 781 τάχιστα
1751 707 1849 774 τὴν
1910 706 2054 774 ζωὴν

396 798 769 873 ἒξεμέτρησεν,
802 797 830 852 ὁ
893 792 950 850 δέ
1003 815 1065 871 γε
1122 798 1366 866 Μωϋσῆς
1414 795 1509 859 τὰς
1560 794 1764 872 Σὲῥρας
1819 793 2056 870 πολιορ-

400 894 531 958 κῶν,
584 887 715 960 λίθῳ
791 884 1079 960 βάλλεται,
1133 886 1224 940 καὶ
1295 886 1508 956 θνήσκει
1590 884 1762 949 εὐθύς,
1821 885 1917 939 Τὸν
2000 881 2056 938 δὲ

401 978 607 1053 Ἀαρὼν
661 982 903 1051 παγγενῆ
961 979 1057 1030 τοῦ
1120 975 1240 1051 βίου
1292 974 1542 1052 ἐξήγαγεν
1597 976 1624 1030 6
1655 972 1886 1052 ἀδελφὸς
1948 979 2052 1028 Σα-

399 1067 605 1141 μουὴλ,
639 1065 676 1135 ἢ
732 1066 831 1135 τὴν
891 1064 1071 1142 ἀρχὴν
1133 1065 1308 1137 ἑαυτῷ
1367 1065 1519 1138 μόνῳ
1572 1063 2052 1140 περιποιούμενον,

393 1155 521 1226 ἢτά
543 1155 831 1229 Ῥωμαίων
887 1155 1211 1231 αἱρούμενον
1273 1153 1510 1230 (λέγεται
1567 1155 1667 1231 γὰρ
1727 1155 1816 1209 καὶ
1875 1153 2053 1231 ἀμφό-

389 1251 539 1321 τερα)
581 1245 693 1308 ἑνὸς
752 1245 923 1319 μόνου
968 1247 1076 1299 τῶν
1127 1241 1338 1299 παίδων
1389 1241 1594 1298 ἐκείνου
1633 1244 2052 1326 περισωθέντος,

387 1336 448 1397 ὃς
481 1329 934 1412 Σφενδόσθλαϐος
977 1333 1067 1389 καὶ
1118 1332 1374 1405 Ἰωάννης
1424 1331 1712 1407 διωνύμως
1766 1331 2050 1406 ἰκέκλητο,

386 1427 488 1480 Καὶ
518 1427 554 1495 ἡ
584 1428 684 1490 τῆς
737 1422 1075 1500 Βουλγαρίας
1122 1422 1272 1499 ἀρχὴ
1327 1422 1402 1486 εἲς
1461 1423 1626 1496 μόνον
1659 1424 1914 1500 περιέστη
1959 1424 2050 1478 τὸν

389 1511 686 1588 Σαμουὴλ,
744 1514 826 1582 ὃς,
885 1518 992 1569 τῶν
1042 1517 1366 1586 Ῥωμαϊκῶν
1444 1513 1860 1588 στρατευμάτων
1937 1518 2054 1577 τοῖς

387 1602 692 1683 ἐμφυλίοις
758 1601 1030 1675 πολέμοις
1114 1601 1570 1678 ἀσχολουμένων,
1633 1599 1812 1656 ἄδειαν
1890 1601 2054 1677 εὑρη-

387 1695 522 1765 κὼς,
583 1694 652 1748 τά
704 1699 804 1762 τῆς
862 1693 1176 1765 Ῥωμαϊκῆς
1252 1692 1552 1768 ἡγεμονίας
1605 1692 1861 1766 Ἑσπέρια
1918 1691 2052 1764 ξύμ-

389 1803 568 1838 παντα
610 1782 850 1857 περιῄει,
902 1782 966 1836 οὐ
1017 1779 1349 1853 ληϊζόμενος
1399 1776 1584 1854 μόνον,
1617 1779 1763 1836 ἀλλὰ
1808 1782 1898 1835 καὶ
1955 1783 2052 1843 τὰς

2167 618 2325 672 omni
2359 617 2603 686 familia,
2638 635 2753 673 uno
2811 617 2972 674 illius
3005 617 3124 673 filio
3159 620 3520 684 conservato,
3573 616 3672 689 qui
3706 618 3815 672 du-

2166 705 2305 778 plici
2337 707 2573 762 nomine
2616 709 2874 764 Joannes
2905 706 3456 780 Sphandostblavus
3488 705 3811 777 dicebatur,

2165 796 2397 852 Samuel
2431 797 2726 870 interﬁcit,
2761 799 2878 853 sive
2934 798 3085 870 quod
3130 813 3426 854 summam
3472 813 3666 851 rerum
3700 797 3813 851 sibi

2167 885 2275 940 soli
2306 887 2662 958 vendicaret,
2697 888 2816 943 sive
2848 888 3001 959 quod
3045 887 3324 943 Romanis
3385 887 3620 941 studere
3649 885 3810 941 visus

2165 981 2289 1032 erat
2324 994 2336 1032 :
2381 994 2517 1032 nam
2552 981 2868 1049 utrumque
2889 979 3092 1033 fertur.
3130 979 3184 1031 Is
3214 976 3391 1048 igitur
3423 973 3814 1030 SamuelBul-

2164 1083 2440 1140 garorum
2475 1069 2866 1140 principatum
2900 1066 3060 1123 solus
3105 1067 3352 1138 adeptus
3383 1067 3524 1120 dum
3565 1064 3815 1120 Romani

2166 1156 2336 1212 bellis
2387 1155 2658 1213 civilibus
2727 1156 3104 1225 distinentur,
3147 1153 3549 1212 Occidentales
3608 1170 3811 1209 eorum

2165 1246 2497 1319 provincias
2519 1263 2724 1302 omnes
2754 1247 2994 1318 impune
3028 1245 3266 1301 circuit:
3333 1260 3437 1301 nec
3494 1243 3813 1316 populatur

2164 1340 2418 1405 tantum,
2452 1337 2552 1392 sed
2587 1341 2642 1393 et
2661 1337 2924 1408 regiones
2943 1341 2997 1391 et
3020 1337 3192 1391 urbes
3227 1352 3345 1389 suze
3377 1334 3618 1389 ditionis
3649 1333 3808 1388 facit.

2164 1426 2288 1490 Qua
2319 1427 2389 1482 de
2421 1443 2598 1482 causa
2628 1426 2962 1498 imperator,
2996 1424 3241 1496 depulsa
3262 1423 3440 1480 Scleri
3471 1421 3804 1495 tyrannide,

2163 1515 2483 1572 ulciscendi
2499 1516 2729 1571 barbari
2752 1515 3069 1587 cupiditate
3091 1515 3366 1587 ﬂagrans,
3391 1512 3513 1568 suis
3530 1510 3808 1582 auspiciis

2161 1605 2383 1660 bellum
2415 1605 2466 1660 ei
2499 1605 2713 1661 inferre
2744 1604 2966 1661 statuit,
3013 1604 3324 1676 Egreditur
3352 1601 3529 1674 igitur
3560 1599 3806 1656 consilio

2160 1711 2288 1766 suo,
2323 1711 2512 1767 neque
2544 1711 2677 1752 cum
2731 1695 3012 1767 magistro
3062 1694 3268 1762 Barda,
3315 1690 3702 1747 Orientalium
3733 1688 3809 1744 le-

2161 1784 2401 1856 gionum
2435 1785 2778 1855 domestico,
2829 1800 3019 1855 neque
3047 1799 3181 1838 cum
3240 1781 3358 1836 ullo
3417 1780 3528 1836 alio
3588 1780 3806 1834 ducum

390 1871 583 1949 χώρας
632 1870 745 1945 ἅμα
799 1871 890 1925 καὶ
947 1870 1044 1932 τὰς
1093 1867 1288 1932 πόλεις
1340 1869 1799 1945 περιποιούμενος
1853 1871 2046 1942 ἑαυτῷ.

392 1963 448 1982 9n
527 1962 542 1977 ι
583 1957 630 1982 Bx
707 1959 764 1982 1,
815 1957 960 1982 t-_l_
1015 1980 1090 1982 κέ.
1154 1959 1248 1982 αλ..
1308 1964 1395 1982 ,,~
1456 1958 1555 1982 vn}
1589 1963 1708 1982 ᾉμτυ
1763 1981 1798 1982 κγ
1835 1980 1889 1982 ,η
1961 1955 2045 1982 19--

2163 1873 2546 1929 Orientalium
2579 1870 3032 1930 communicato.
3076 1871 3460 1943 Bulgarorum
3510 1870 3658 1925 fines
3681 1869 3808 1938 jam

2162 1959 2458 1982 !--.___,___h_
2520 1962 2792 1982 4_A_2_14,A
2837 1963 3012 1982 I---A_
3059 1960 3368 1982 Il-l2____._
3431 1973 3579 1982 ..Α-Α
3641 1957 3805 1982 ,Αη..ξ

392 1962 546 2016 Ἐπεὶ
580 1957 658 2032 δὲ,
692 1959 767 2022 ὡς
815 1957 1118 2036 ἱστόρηται,
1148 1959 1249 2028 τὴν
1302 1964 1399 2014 τοῦ
1453 1958 1712 2034 Σκλπροῦ
1757 1955 2048 2034 τυραννίδα

2162 1959 2484 2034 ingressus,
2518 1962 2799 2034 magistro
2837 1963 3019 2018 Leone
3059 1960 3372 2016 Melisseno
3431 1973 3581 2030 pone
3639 1957 3808 2028 sequi

391 2052 420 2104 6
486 2047 742 2124 βασιλεὺς
828 2049 1166 2117 ἀπεσείσατο,
1236 2045 1384 2123 ὤργα
1448 2049 1583 2124 πρὸς
1670 2044 1874 2123 ἄμυναν
1950 2052 2048 2104 τοῦ

2162 2051 2345 2122 iusso,
2379 2053 2448 2106 ad
2482 2052 2741 2107 locorum
2775 2050 3080 2122 angustias
3113 2049 3426 2104 tutandae:
3458 2047 3585 2119 ipse
3613 2046 3811 2101 Sardi-

394 2133 697 2214 βυρὸάρου,
741 2137 831 2192 καὶ
881 2135 954 2192 δι’
999 2139 1192 2192 ἑαυτοῦ
1233 2134 1409 2208 ἔδοξεν
1472 2137 1621 2210 αὐτῷ
1666 2137 1765 2206 τὴν
1825 2135 2048 2214 ἐκστραο

385 2227 540 2283 τείαν
586 2227 938 2298 ποιήσάσθαι.
1001 2227 1232 2297 Ἑξεισιν
1294 2225 1386 2281 οὗν
1441 2229 1580 2299 μήτε
1632 2231 1714 2299 τῷ
1774 2227 2050 2303 μαγίστρῳ

385 2313 576 2393 Βάρδᾳ
620 2320 700 2388 τῷ
751 2320 938 2386 Φωκᾷ,
993 2315 1169 2371 καίτοι
1230 2313 1540 2389 δομεστίκῳ
1595 2311 1708 2371 ὄντι
1753 2321 1861 2372 τῶν
1913 2336 2045 2393 σχο-

383 2404 501 2462 λῶν
560 2407 660 2475 τῆς
712 2403 1031 2471 Ἀνατολῆς,
1086 2404 1211 2479 περὶ
1262 2411 1362 2474 τῆς
1409 2403 1652 2481 πράξεως
1704 2403 2049 2477 κοινωσάμε-

379 2517 501 2564 νος,
542 2497 702 2568 ⁷μήτε
762 2495 870 2566 μὴν
927 2492 1093 2568 ἑτέρῳ
1149 2498 1256 2548 τῶν
1316 2494 1500 2566 Ἑῲων
1562 2493 2045 2571 στραταρχούντων

384 2583 694 2657 δυνάμεων.
729 2579 867 2652 Ἠδη
905 2579 964 2638 δὶ
1015 2583 1152 2658 πρὸς
1206 2584 1274 2637 τὰ
1332 2581 1658 2658 Βουλγάρων
1718 2583 1922 2652 εἰσιὼν,
1953 2585 2043 2638 τὸν

387 2673 686 2750 μάγιστρον
745 2672 954 2727 Λέοντα
1002 2671 1097 2726 τὸν
1157 2669 1505 2742 Μελισσηνὸν
1549 2672 1776 2727 κατόπιν
1836 2671 2048 2728 ἐκέλευη

381 2783 471 2817 σεν
554 2763 712 2834 εἶναι,
777 2761 868 2816 καὶ
944 2762 1039 2823 τὰς
1126 2758 1435 2836 δυσχωρίας
1509 2767 1735 2836 τηρεῖν·
1792 2761 1953 2826 αὐτὸς
2003 2760 2050 2816 δ’

388 2849 653 2914 εἰσελθὼν
708 2849 777 2924 τῇ
831 2847 1130 2926 πολιορκίᾳ
1181 2856 1281 2920 τῆς
1329 2847 1601 2926 Σαρδικῆς
1636 2849 1791 2925 (αὕτη
1828 2849 1873 2906 δ’
1906 2852 2046 2908 ἐστὶν

390 2937 750 3016 ἠΤριαδίτζα
803 2941 914 3012 (83)
965 2937 1262 3015 ἐπιχειρεῖν
1320 2941 1670 3014 ἡτοιμάζετο.
1726 2945 1850 2998 Τῶν
1909 2939 2049 2997 δυτι-

400 3035 507 3084 κῶν
568 3025 628 3083 δὲ
681 3029 974 3102 ταγμάτων
1026 3025 1350 3101 δομέστικος
1406 3027 1480 3084 ὣν
1531 3031 1558 3084 ὁ
1589 3031 2047 3110 Κοντοστέφανος,

393 3119 480 3172 καὶ
515 3115 899 3193 λογισάμενος,
933 3117 1008 3180 ὡς
1066 3116 1112 3171 εἰ
1171 3116 1494 3193 εὐτυχηθείη
1524 3117 1590 3174 τὰ
1624 3121 1722 3189 τῆς
1773 3119 2051 3191 στρατείας

390 3212 475 3278 τῷ
511 3204 747 3281 βασιλεῖ,
782 3207 882 3261 οὐκ
938 3204 997 3260 ἄν
1057 3227 1190 3261 ποτε
1246 3207 1508 3263 παύσαιτο
1558 3205 1626 3264 δι’
1685 3210 1874 3264 ἑαυτοῦ
1923 3210 2052 3276 τοὺς

389 3295 678 3368 ποΛέμους
739 3293 1136 3368 διατιθέμενος,
1171 3297 1262 3350 καὶ
1319 3294 1431 3350 οὔτ’
1477 3296 1635 3360 αύτὸς
1679 3295 1790 3353 οὗθ’
1823 3301 1874 3353 οἱ
1935 3299 2052 3355 λοι·
2084 3280 2126 3347 CI

391 3384 490 3439 ποῖ
542 3385 879 3460 στρατάρχαι
933 3377 1010 3438 ἔτι
1063 3383 1211 3457 αὐτῷ
1266 3382 1434 3460 λόγου
1507 3385 1724 3444 πολλοῦ
1789 3391 2057 3462 νομισθη-

390 3494 578 3527 σονται
633 3472 797 3543 ἄξιοι,
829 3471 1035 3552 σφῆλαί
1094 3474 1145 3527 οἱ
1205 3470 1558 3547 διεμελέτησε
1610 3478 1710 3546 τὴν
1767 3477 2053 3554 ἐπιχείρη-

383 3585 495 3634 σιν,
528 3564 617 3618 καὶ
669 3563 772 3631 τὴν
833 3563 1012 3638 ὁρμὴν
1069 3559 1356 3638 ἀνακόψαι.
1390 3565 1714 3640 Προσελθὼν
1775 3565 1864 3622 οὖν
1922 3569 2054 3646 φησὶ

379 3652 478 3707 τὸν
540 3649 887 3722 Μελισσηνὸν
942 3649 1220 3726 τυραννίδι
1302 3653 1619 3730 ἐπιχειρεῖν,
1679 3657 1766 3711 καὶ
1841 3656 2054 3712 ἀπιέναι

383 3740 484 3796 σὺν
551 3747 822 3816 ταχυτῆτι
902 3741 1039 3816 πρὸς
1116 3743 1179 3797 τὸ
1252 3744 1563 3816 Βυζάντιον,
1620 3747 1718 3815 τὴν
1776 3745 2051 3821 βασιλείαν

381 3829 701 3900 καθέξοντα,
760 3829 855 3884 καὶ
911 3829 1066 3900 ἠξίου
1129 3831 1203 3904 μὴ
1271 3829 1518 3906 μέλλειν,
1567 3832 1936 3909 ἀναζευγνύειν
1998 3832 2056 3889 δὶ

380 3919 479 3974 καὶ
542 3919 617 3991 μὴ
685 3918 1084 3993 ὑπερτίθεσθαι.
1145 3923 1315 3974 Τοῦτο
1378 3920 1470 3975 τὸν
1536 3919 1762 3996 βασιλέα
1814 3921 2053 4000 ἐτάραξε,

381 4007 480 4064 καὶ
539 4005 803 4062 ἰπάνοδον
863 4007 1095 4081 ίσήμανε
1138 4012 1218 4081 τῷ
1267 4007 1404 4081 λαῷ.
1438 4011 1498 4068 Ὀ
1557 4007 1614 4065 δέ
1665 4032 1728 4086 γε
1783 4012 2053 4085 Σαμουὴλ

379 4101 506 4158 ταῖς
569 4100 678 4152 τῶν
763 4095 932 4170 ὀρέων
1009 4095 1419 4175 ἐμφιλοχωρῶν
1492 4105 1755 4175 κορυφαῖς
1810 4101 1898 4173 (οὐ
1947 4102 2052 4177 γὰρ

384 4184 602 4262 ἐθάρρει
737 4183 1144 4256 κατασυστάδην
1271 4188 1606 4261 μαχέσασθαι
1628 4190 1646 4262 )
1747 4188 1837 4244 καὶ
1951 4191 2052 4258 τὴν

394 4275 597 4348 ἀθρόαν
653 4275 924 4348 ἀναζυγὴν
983 4271 1139 4342 ῗδὼν,
1203 4271 1410 4330 δειλίαν
1470 4273 1646 4351 ἔκρινε
1701 4277 1762 4332 τὸ
1818 4279 2054 4354 πραττό-

390 4383 579 4434 μενον,
630 4364 719 4418 καὶ
782 4361 954 4418 ἔπεισι
1009 4369 1127 4424 τοῖς
1182 4363 1504 4437 Ῥωμαίοις,
1559 4365 1648 4420 καὶ
1703 4370 1782 4438 τῷ
1829 4366 2051 4423 ἀνελπί-

381 4472 499 4525 στῳ
557 4453 794 4515 ἅπαντας
852 4451 1198 4528 κατεθρόησε,
1258 4452 1348 4508 καὶ
1434 4453 1510 4517 εἷς
1589 4456 1764 4532 φυγὴν
1841 4454 2052 4532 ἔτρεψε,

378 4541 474 4596 καὶ
533 4548 635 4612 τῆς
691 4561 752 4597 τι
807 4536 1137 4618 παρεμϐολή
1201 4541 1484 4619 ἐκράτησε,
1546 4543 1635 4600 καί
1690 4551 1792 4615 τῆς
1850 4549 2049 4617 σκηνῆς

2159 2157 2310 2212 cam,
2353 2158 2479 2213 qum
2510 2145 2567 2196 et
2596 2140 2890 2197 Triaditza
2921 2139 3156 2208 dicitur,
3203 2138 3473 2194 obsidere
3524 2134 3807 2192 instituit.

2157 2231 2866 2302 Verum;0ccidentalium
2898 2230 3197 2302 legionum
3241 2226 3601 2284 domesticus
3654 2226 3810 2282 Con-

2159 2322 2571 2394 tostepbanus,
2602 2322 2865 2394 cogitans
2896 2337 2957 2376 re
2999 2320 3142 2375 bene
3171 2322 3333 2389 gesta
3387 2317 3807 2388 imperatorem

2159 2426 2465 2481 nunquam
2501 2426 2615 2465 non
2642 2412 2850 2480 suopte
2880 2408 3056 2462 ductu
3105 2411 3280 2476 atque
3322 2403 3606 2475 auspiciis
3655 2401 3811 2457 bella

2161 2499 2736 2568 administraturum,
2755 2514 2816 2554 se
2838 2496 3180 2567 ceterisque
3203 2493 3454 2550 ducibus
3471 2491 3633 2564 parvi
3655 2493 3809 2546 aesti-

2163 2589 2372 2643 matis:
2403 2605 2640 2660 operam
2669 2587 2856 2657 dedit,
2879 2590 2942 2641 ut
2963 2591 3207 2641 conatus
3231 2583 3390 2638 illius
3412 2581 3807 2650 labefactaret,

2160 2686 2333 2750 atque
2369 2679 2657 2750 impetum
2689 2677 3030 2733 retardaret.
3067 2675 3298 2730 Accedit
3342 2673 3542 2745 igitur,
3575 2675 3631 2726 et
3685 2670 3809 2726 Me-

2160 2767 2446 2823 lissenum
2478 2767 2852 2840 tyrannidem
2915 2766 3280 2821 affectantem
3337 2762 3680 2818 festinanter
3725 2759 3810 2816 ire

2159 2857 2498 2927 Byzantium
2527 2859 2598 2912 ad
2633 2873 2878 2929 regnum
2909 2855 3316 2926 occupandum
3352 2851 3452 2922 ait,
3495 2867 3610 2906 non
3659 2865 3807 2904 cun-

2160 2947 2433 3001 ctandum
2461 2962 2588 3002 esse
2620 2962 2889 3015 monens,
2923 2945 3023 3000 sed
3057 2943 3200 2999 citra
3246 2957 3470 2996 moram
3518 2939 3807 2994 reducen-

2160 3035 2304 3090 dum
2327 3036 2667 3091 exercitum.
2702 3035 2761 3090 Id
2796 3036 3212 3106 imperatorem
3233 3032 3312 3086 ita
3331 3027 3715 3102 perturbavit,
3748 3031 3813 3082 ut

2160 3125 2435 3180 exercitui
2478 3125 2735 3180 reditum
2780 3123 3175 3180 denuntiaret.
3237 3120 3391 3176 220
3450 3119 3525 3173 At
3579 3115 3816 3173 Samuel

2161 3214 2471 3269 cacumina
2501 3212 2791 3268 montium
2819 3212 3082 3268 insidens
3114 3213 3327 3282 (neque
3358 3207 3517 3263 enim
3549 3206 3671 3261 acie
3712 3205 3813 3261 de-

2165 3320 2398 3358 cernere
2431 3303 2704 3374 audebat)
2737 3302 2933 3357 subito
2983 3301 3249 3356 discessu
3307 3296 3454 3364 viso,
3518 3295 3817 3350 Romanos

2167 3393 2526 3465 aggreditur,
2557 3409 2705 3464 quos
2730 3395 2891 3446 metu
2923 3390 3068 3444 illud
3102 3391 3291 3443 facere
3323 3383 3741 3451 arbitrabatur,
3764 3387 3822 3437 et

2163 3479 3057 3554 inexspectataimpressionein
3091 3479 3289 3548 fugam
3335 3471 3655 3544 compellit,
3714 3488 3820 3526 nec

2167 3571 2378 3626 castris
2408 3576 2663 3640 tantum,
2697 3570 2796 3626 sed
2831 3575 2889 3625 et
2917 3564 3320 3632 tabernaculo,
3357 3567 3536 3635 atque
3567 3561 3818 3632 insigni-

2165 3661 2277 3715 bus
2309 3660 2679 3731 imperatoris
2712 3659 2953 3730 potitur,
2986 3656 3085 3727 qui
3116 3656 3352 3727 quidem
3376 3652 3469 3707 vix
3507 3650 3814 3721 Philippo-

2165 3747 2387 3820 polium
2421 3749 2641 3804 evasit:
2678 3748 2778 3803 ubi
2835 3764 2970 3803 cum
3028 3744 3408 3801 Melissenum
3469 3739 3812 3808 invenisset,

2163 3837 2703 3909 Contostepbanum
2735 3837 2921 3892 iratus
2952 3831 3397 3890 contumeliosis
3428 3829 3603 3885 dictis
3652 3829 3812 3883 inse-

2165 3931 2375 3994 ctatur,
2436 3942 2563 3997 quis
2620 3925 2721 3981 ille
2780 3925 2984 3996 iniquo
3068 3923 3265 3979 animo
3332 3922 3523 3975 ferens
3570 3932 3812 3989 exaspe-

2163 4024 2347 4081 ratur,
2380 4015 2794 4071 effervescente
2827 4013 2944 4069 bile
2976 4013 3123 4069 solio
3154 4010 3454 4075 exsiliens,
3505 4008 3814 4063 Contoste-

2164 4105 2425 4176 pbanum
2457 4121 2626 4159 coma
2651 4108 2708 4159 et
2737 4103 2920 4158 barba
2968 4102 3322 4174 prehensum
3385 4102 3553 4154 terra?
3613 4095 3812 4151 illidit.

2163 4195 2244 4249 Ex
2274 4194 2383 4249 hoc
2413 4197 2812 4248 Romanarum
2850 4190 3149 4263 legionum
3210 4187 3507 4260 principes
3552 4185 3814 4256 impera-

2161 4282 2275 4337 tori
2304 4281 2459 4350 irati,
2493 4281 2718 4337 Phocas
2750 4281 2903 4352 quod
2938 4296 3041 4351 spe
3059 4280 3448 4334 frustraretur
3469 4279 3526 4330 et
3554 4289 3647 4329 res
3669 4289 3812 4342 suae,

2163 4376 2230 4426 ut
2269 4369 2575 4443 proverbio
2609 4369 2846 4436 dicitur,
2896 4367 3258 4424 Mandraboli
3313 4380 3475 4421 more
3533 4363 3810 4435 procede-

2161 4467 2292 4517 rent
2324 4478 2336 4516 :
2371 4459 2489 4528 alii,
2525 4460 2682 4531 quod
2715 4474 2776 4515 se
2806 4458 3098 4515 contemni
3135 4455 3443 4528 putabant,
3477 4469 3591 4509 non
3652 4468 3812 4508 com-

2162 4549 2476 4606 municatis
2506 4548 2805 4606 consiliis:
2840 4547 2959 4616 alii,
2993 4546 3123 4603 aliis
3153 4547 3224 4601 de
3273 4543 3471 4600 causis
3513 4542 3574 4598 in
3632 4542 3812 4598 Char-

378 4637 489 4700 τῆς
544 4629 858 4706 βασιλικῆς,
889 4631 981 4686 καὶ
1033 4636 1142 4686 τῶν
1192 4634 1534 4708 παρασήμων
1592 4641 1694 4705 τῆς
1750 4633 2048 4711 βασιλείας.

2163 4639 2328 4695 siano
2359 4638 2681 4711 congressi.
2716 4637 2964 4693 Phocam
2997 4635 3249 4691 Bardam
3284 4634 3619 4689 diademate
3651 4647 3817 4688 orna-

379 4721 452 4776 Ὀ
492 4716 550 4774 δὲ
600 4719 854 4796 βασιλεὺς
901 4715 1064 4793 μόλις
1109 4718 1186 4783 είς
1220 4720 1672 4779 Φιλιππούπολιν
1703 4721 2048 4796 διασέσωστο,

384 4807 550 4864 κάκεῖ
601 4811 696 4864 τὸν
753 4807 1096 4880 Μελισσηνὸν
1175 4811 1447 4887 εὑρηκὼς,
1505 4813 1642 4868 κατά
1697 4817 1793 4869 τοῦ
1847 4821 2051 4871 Κοντο-

384 4897 654 4976 στεφάνου
703 4897 1019 4975 έξώργιστο,
1050 4898 1140 4954 καὶ
1188 4895 1371 4974 ὕϐρεις
1409 4903 1634 4978 κατέχες
1690 4907 1786 4958 τοῦ
1835 4902 2050 4981 ἀνδρός.

385 4987 448 5038 Ὃ
503 4982 560 5040 δὲ
621 4984 1035 5062 δυσανασχετῶν
1114 4985 1461 5063 ἐτραχύνετο,
1527 4991 1618 5045 καὶ
1694 4992 1948 5062 ἀναζέσας
2025 4994 2052 5048 ὀ

389 5072 648 5151 βασιλεὺς
702 5078 784 5148 τῷ
840 5075 998 5148 θυμῷ
1057 5073 1268 5151 ἔνέθορέ
1318 5098 1376 5132 τε
1422 5083 1520 5134 τοῦ
1553 5079 1769 5157 θρόνου,
1807 5083 1894 5136 καὶ
1953 5089 2056 5152 τῆς

382 5162 570 5236 κόμης
624 5167 719 5218 τοῦ
777 5166 1225 5243 Κοντοστεφάνου
1276 5165 1609 5242 δραξάμενος
1638 5169 1729 5224 καὶ
1785 5175 1883 5225 τοῦ
1935 5175 2052 5226 πώ-

380 5273 565 5329 γωνος
623 5251 959 5330 προσέρρηξε
1015 5254 1104 5308 τὸν
1168 5254 1338 5331 ἄνδρα
1393 5261 1461 5330 τῇ
1671 5260 1944 5316 Ἐντεῦθεν
2001 5261 2054 5316 οἱ

381 5345 496 5396 τῶν
549 5337 830 5415 δυνάμεων
897 5345 1004 5398 τῶν
1064 5344 1387 5418 Ῥωμαϊκῶν
1445 5347 1880 5424 πρυεξάρχοντες
1943 5371 2051 5424 μη-

2162 4733 2288 4784 tum
2335 4728 2749 4800 imperatorem
2787 4725 3107 4799 appellant,
3160 4722 3508 4789 defectione,
3577 4724 3642 4776 ut
3699 4719 3814 4790 ipsi

2163 4818 2465 4889 pulabant,
2497 4817 2678 4889 probe
2709 4816 3141 4872 administrata.
3183 4811 3420 4868 Sclerus
3465 4813 3661 4866 autem
3710 4808 3816 4881 qui

2170 4906 2464 4980 Babylone
2509 4905 2968 4974 custodiebatur,
3023 4907 3236 4976 praeter
3297 4916 3460 4974 spem
3549 4898 3818 4955 custodia

2163 4996 2453 5052 educitur.
2523 4996 2671 5051 Nam
2735 4999 3050 5050 Persarum
3102 4990 3349 5063 imperio
3398 5007 3432 5044 a
3475 4985 3813 5043 Sarracenis

2164 5101 2386 5154 everso,
2416 5085 2502 5141 vir
2533 5086 2772 5156 quidam
2807 5089 3004 5150 Persa,
3040 5081 3275 5138 nomine
3307 5080 3574 5150 lnargus,
3618 5075 3812 5131 verbis

2164 5176 2420 5231 concitat
2479 5175 2812 5247 populares,
2861 5173 3117 5230 suadens
3167 5175 3231 5226 ut
3276 5172 3445 5241 rupto
3514 5164 3812 5221 servitutis

2159 5265 2302 5338 jugo
2370 5281 2535 5320 arma
2593 5268 2796 5320 contra
2843 5265 3191 5319 Sarracenos
3242 5275 3303 5315 se
3347 5259 3494 5313 duce
3571 5258 3813 5311 sumant

2163 5352 2449 5411 Chosroes
2481 5369 2652 5425 porro
2685 5353 2956 5425 quamvis
2988 5367 3138 5425 saepe
3188 5366 3323 5406 cum
3374 5347 3496 5404 illis
3533 5360 3814 5418 congres-

1683 5532 1880 5595 Variae
1908 5533 2204 5598 lectiones
2232 5539 2294 5598 et
2333 5540 2523 5599 notae.

416 5659 576 5748 ..(83)
609 5657 761 5748 ᾼτὶξτη
823 5654 870 5714 δ’
898 5656 1060 5748 ἐστὶν,
1093 5661 1128 5730 ἠ
1185 5660 1503 5748 Ιζ’ριαδίτνζα.
1534 5668 1671 5748 _Leo_
1725 5667 2041 5748 Diaco‘nus,

388 5731 497 5791 lib.
528 5731 566 5790 ἑ
622 5733 772 5791 Hist.
832 5733 1097 5792 nondum
1151 5731 1367 5796 edita:
1409 5731 1560 5796 Κατά
1613 5740 1711 5810 τὴν
1772 5731 2045 5815 Σαρδικὴν

2155 5667 2544 5799 ἰπεχωρίασεν,
2577 5670 2638 5740 ἣν
2683 5666 2775 5723 καὶ
2823 5665 3118 5742 Τραλίτζαν
3163 5669 3199 5739 ὴ
3252 5667 3490 5736 Σκυθική
3551 5665 3807 5737 συνήθεια

2156 5745 2250 5798 κέκ
2292 5763 2444 5799 ηκεν.
2475 5743 2634 5799 Infra
2663 5737 2988 5799 Τριαδίτζαν
3018 5747 3206 5799 vocat.

2156 5737 2444 5814 κέκληκεν.
2475 5737 2634 5802 Infra
2663 5737 2988 5816 Τριαδίτζαν
3018 5737 3206 5800 Vocat.
