4142 6424
301 374 416 432 155

1645 373 1677 435 J
1685 373 1893 434 OANN
1901 373 1970 437 IS
2027 375 2366 436 ZONARE

3601 375 3717 435 156

298 519 424 573 sus,
455 505 649 559 tamen
686 517 993 574 nunquam
1016 519 1132 558 non
1164 502 1434 560 discessit
1456 503 1714 576 inferior,
1748 505 1948 578 despe-

2072 507 2280 569 θιῶντες
2341 509 2422 578 τῷ
2501 503 2734 582 βασιλεῖ,
2801 506 2828 560 6
2887 506 2982 578 μὲν
3052 507 3251 568 Φωκᾶς
3319 499 3402 558 ὅτι
3461 499 3608 575 αὖτῷ
3661 503 3719 557 αἱ

301 596 547 664 rataque
576 590 817 646 victoria
847 592 917 648 ad
948 593 1244 649 Romanos
1263 593 1438 666 quiin
1461 593 1746 650 custodiis
1785 599 1953 651 erant

300 681 601 753 confugit:
636 681 852 753 quibus
883 699 1110 740 carcere
1154 683 1404 753 eductis,
1455 701 1589 740 cum
1631 684 1826 741 Sclero
1881 685 1952 741 de

304 771 530 826 ratione
565 771 806 844 gerendi
834 771 970 828 belli
1004 772 1140 845 agit,
1174 773 1354 845 petita
1394 774 1565 830 venia
1608 773 1774 830 malas
1831 779 1950 831 tra-

303 860 602 928 ctationis,
632 861 731 933 qui
764 861 1051 935 principio
1081 862 1231 918 bello
1253 867 1542 932 recusato,
1577 865 1812 921 tandem
1850 863 1950 921 illo

303 956 550 1023 urgente
581 952 788 1008 annuit
819 967 831 1006 :
875 952 976 1007 sed
1007 968 1073 1008 ea
1104 953 1459 1024 conditione,
1509 959 1573 1010 ut
1623 954 1780 1012 solos
1839 955 1953 1012 Ro-

301 1055 512 1097 manos
537 1045 594 1096 in
624 1042 808 1097 aciem
839 1042 1066 1098 educat.
1104 1043 1448 1101 Carceribus
1486 1044 1669 1117 igitur
1715 1046 1953 1118 perqui-

304 1129 457 1199 sitis,
483 1131 554 1186 ad
588 1131 701 1186 tria
733 1130 919 1186 millia
947 1135 1348 1190 Romanorum
1394 1139 1535 1190 sunt
1583 1134 1839 1202 inventa,
1899 1138 1955 1191 et

304 1236 474 1276 arma
504 1220 589 1276 eis
620 1221 779 1288 data,
805 1220 907 1293 qui
938 1237 1070 1279 cum
1115 1223 1298 1280 Scleri
1348 1225 1529 1281 ductu
1559 1228 1618 1282 et
1673 1224 1955 1298 auspiciis

303 1315 511 1366 Persas
542 1310 851 1379 vicissent,
875 1328 982 1368 nec
1030 1312 1166 1385 ipsi,
1225 1331 1331 1370 nec
1380 1314 1478 1371 ille
1536 1317 1604 1372 ad
1660 1316 1956 1372 Chosroen

304 1400 672 1457 redeundum
705 1417 835 1457 esse
863 1405 1216 1471 statuerunt,
1247 1404 1412 1460 veriti
1448 1421 1517 1460 ne
1544 1405 1734 1460 denuo
1768 1422 1800 1460 a
1825 1409 1957 1460 Bar-

303 1489 444 1546 baro
474 1490 536 1545 in
569 1507 862 1547 carcerem
885 1493 1424 1564 compingerentur,
1447 1494 1773 1567 praesertim
1795 1497 1956 1551 tanto

301 1579 540 1636 virtutis
572 1597 690 1636 suae
724 1580 1045 1652 specimine
1075 1583 1249 1638 edito.
1285 1587 1358 1639 At
1387 1583 1674 1641 Chosroes
1717 1585 1858 1640 dum
1897 1587 1956 1641 in

302 1671 503 1742 fugam
528 1671 736 1726 intenti
773 1675 934 1741 sunt,
967 1689 1242 1744 magnam
1268 1673 1500 1730 turbam
1537 1675 1604 1730 ad
1639 1691 1738 1731 eos
1769 1692 1963 1747 perse-

306 1759 574 1832 quendos
606 1759 828 1816 mittit:
862 1760 962 1833 qui
987 1761 1096 1816 etsi
1130 1779 1375 1820 numero
1407 1763 1578 1836 longe
1602 1765 1954 1836 superiores,

306 1848 623 1905 commisso
681 1849 902 1922 praelio,
965 1851 1273 1922 pauciores
1329 1859 1640 1911 evaserunt
1687 1855 1760 1911 iis
1809 1872 1958 1927 quos

302 1938 832 2010 persequebantur,
868 1940 1100 1997 caeteris
1127 1941 1207 1996 ibi
1237 1946 1635 2000 Romanorum
1685 1944 1961 2000 manibus

312 2024 660 2083 interfectis.

2062 591 2279 658 ἐλπίδες
2358 593 2640 672 ὑπέρρεον,
2695 594 2785 650 καὶ
2841 593 2906 649 τὸ
2971 599 3072 664 τῆς
3129 593 3454 668 παροιμίας,
3513 590 3600 647 ἐπὶ
3654 590 3724 646 τὰ

2065 679 2465 759 Μανδραϐόλου
2516 687 2625 760 (84)
2675 683 2941 762 ἐχώρουν·
3001 685 3052 739 οἱ
3113 681 3171 738 δὶ
3219 681 3303 738 ὅτι
3366 679 3727 760 ὑπερηφάνως

2063 773 2247 836 αὐτοῖς
2299 777 2682 853 προσεφέρετο,
2738 774 2829 830 καὶ
2887 772 2987 830 οὐκ
3041 772 3317 829 ἐκοινώνει
3394 770 3542 850 σφίσι
3613 774 3724 826 τῶν

2067 861 2480 939 βουλευμάτων,
2513 865 2564 920 οἱ
2624 862 2682 919 δὲ
2736 864 2827 920 καὶ
2887 861 2956 919 δι’
3007 862 3278 939 έτεράττα,
3327 861 3378 917 ἐν
3439 861 3518 932 τῷ
3578 866 3729 934 Χαρ-

2063 957 2232 1026 σιανῷ
2276 954 2738 1030 συναθροίζονται,
2765 953 2853 1009 xui
2905 957 2985 1027 τῷ
3029 956 3196 1023 Φωκᾷ
3243 949 3429 1026 Βάρδᾳ
3480 946 3730 1022 διάδημα

2063 1042 2391 1120 περιέθεντο,
2435 1045 2522 1100 καὶ
2581 1051 2683 1115 τῆς
2743 1041 3025 1120 βασιλείας
3084 1041 3342 1114 ἠξίωσαν,
3389 1039 3480 1096 καὶ
3542 1041 3572 1095 6
3628 1038 3728 1114 μὶν

2061 1133 2129 1189 τὰ
2183 1141 2282 1204 τῆς
2330 1132 2677 1203 ἀποστασίας,
2713 1133 2787 1197 ὡς
2838 1132 3022 1197 αὐτοῖς
3069 1130 3268 1200 ἐδόκει,
3301 1129 3364 1186 ού
3409 1127 3728 1194 διετίθεντο.

2062 1225 2120 1281 Ὁ
2181 1220 2238 1279 δέ
2318 1245 2378 1299 γε
2459 1223 2711 1299 Σκὶηρὸς
2788 1222 2840 1278 ἐν
2925 1216 3214 1278 Βαϐυλῶνι
3296 1218 3732 1296 φρουρούμενος,

2067 1312 2400 1376 ἀνελπίστως
2457 1312 2696 1389 ἐξάγεται
2770 1318 2871 1382 τῆς
2927 1315 3184 1388 φρουρᾶς.
3245 1315 3354 1379 Τῆς
3432 1309 3537 1384 γὰρ
3614 1311 3730 1363 τῶν

2067 1408 2284 1480 Περσῶν
2344 1405 2524 1480 ἀρχῆς
2576 1400 2973 1473 καταλυθείσης
3035 1401 3137 1456 ὑπὸ
3204 1403 3312 1455 τῶν
3392 1401 3727 1476 Σαρακηνῶν

2066 1493 2204 1570 ἀνήρ
2251 1515 2337 1558 τις
2388 1493 2625 1569 Πέρσης,
2680 1493 2933 1565 Ἵναργος
2991 1487 3186 1563 ὄνομα,
3249 1487 3439 1564 λόγοις
3492 1507 3729 1561 παρακι-

2065 1587 2234 1655 νήσας
2284 1583 2347 1639 τὸ
2417 1583 2702 1659 Περσικὸν,
2760 1579 2932 1636 πείθει
3000 1580 3371 1648 ἀποπατῆσαι
3443 1583 3544 1646 τῆς
3615 1579 3732 1631 τῶν

2069 1677 2399 1748 Σαρακηνῶν
2446 1669 2717 1740 δουλείας,
2758 1669 2847 1725 καὶ
2898 1667 3046 1724 ὅπλα
3088 1669 3314 1744 ἅρασθαι
3369 1666 3487 1722 κατ’
3520 1665 3731 1732 αὐτῶν,

2069 1761 2233 1818 αὐτοῦ
2285 1766 2380 1817 τοῦ
2423 1760 2664 1836 Ἰνάργου
2714 1762 3145 1835 στρατηγοῦντος
3192 1756 3392 1813 αὐτῶν.
3444 1752 3738 1817 Πολλάκις

2073 1853 2168 1927 μὶν
2229 1850 2319 1906 οὖν
2389 1852 2417 1906 6
2481 1850 2735 1927 Χοσρόης
2798 1854 2916 1910 τοῖς
2989 1848 3219 1924 Πέρσαις
3294 1843 3737 1920 ἀντηγωνίσατο,

2066 1941 2386 2005 τοσαυτάκις
2441 1937 2486 1995 δ’
2541 1941 2778 2010 ἡττήθη,
2813 1936 2998 2000 ὁσάκις
3050 1937 3200 2014 σφίσι
3259 1935 3576 2008 προσέμιξε,
3614 1931 3742 2003 ⁸,καὶ

2035 2029 2338 2107 ἀπογνοὺς
2412 2030 2548 2106 πρὸς
2611 2028 2737 2090 τοὺς
2802 2025 3147 2104 ἐμφρούρους
3209 2023 3534 2102 καταφεύγει
3597 2024 3741 2081 Ῥω-

311 2113 530 2189 μαίους,
583 2113 673 2169 καὶ
729 2114 911 2186 ἀνίησι
974 2118 1069 2190 μὶν
1129 2117 1326 2182 αὐτοὺς
1385 2126 1486 2191 τῆς
1547 2121 1786 2194 εἱρκτῆς,
1848 2117 2156 2197 διαλέγεται
2236 2117 2294 2174 δέ
2365 2123 2446 2191 τῷ
2520 2116 2760 2191 Σκληρῷ
2828 2115 2951 2192 περὶ
3025 2118 3123 2170 τοῦ
3182 2111 3454 2186 πολέμου,
3503 2110 3594 2167 καὶ
3657 2112 3746 2185 μὴ

307 2210 716 2276 μνησικακῆσαι
800 2209 901 2270 τῆς
985 2209 1278 2273 κακώσεως
1357 2210 1502 2283 αύτῷ
1588 2211 1745 2282 ἀξιοῖ.
1807 2211 1862 2264 '0
1915 2207 1974 2265 δὲ
2041 2210 2304 2287 πρότερον
2392 2208 2486 2282 μὲν
2565 2210 2854 2280 παρῃτεῖτο
2935 2204 3026 2259 τὸν
3087 2202 3357 2276 πόλεμον,
3417 2202 3512 2258 εἶτ’
3563 2200 3749 2277 ἐγκει-

310 2290 474 2384 μένου
533 2297 632 2348 τοῦ
689 2290 1071 2365 Βαϐυλωνίου,
1133 2298 1408 2355 κατανεύει
1479 2299 1593 2373 μὶν,
1650 2299 1741 2356 σὺν
1801 2299 1988 2375 μόνοις
2049 2297 2107 2355 δὲ
2160 2305 2278 2362 τοῖς
2334 2295 2628 2371 Ῥωμαίοις
2685 2295 2952 2371 ὑπέσχετο
2997 2294 3088 2348 τὸν
3148 2287 3738 2384 πόλεμονᾉὸπελθεῖν.

331 2385 647 2454 Ηρευνῶντο
703 2383 883 2439 τοίνυν
941 2385 1007 2440 τὰ
1067 2383 1438 2462 δεσμωτήρια,
1493 2388 1583 2444 καὶ
1671 2391 1788 2446 ὅσοι
1865 2389 2092 2464 εὕρηντο
2177 2388 2228 2444 έν
2311 2389 2496 2449 αὐτοῖς
2555 2387 2842 2459 Ῥωμαῖοι,
2894 2383 3149 2460 ἐξήγοντο
3230 2382 3319 2438 καὶ
3399 2379 3733 2450 ὡπλίζοντο,

304 2469 394 2523 καὶ
483 2471 608 2525 ὡσεὶ
695 2471 1002 2548 τρισχίλιοι
1086 2476 1575 2550 συνηθροίσθησαν,
1636 2477 1729 2540 οὖς
1816 2476 2172 2556 παρειληφὼς
2233 2477 2261 2532 6
2322 2473 2574 2549 Σκληρὸς
2659 2473 2915 2550 ἐχώρησε
2989 2473 3128 2528 κατά
3182 2477 3293 2528 τῶν
3351 2469 3742 2546 Περσῶν,ἰκαὶ

310 2553 611 2632 συμϐαλὼν
669 2566 808 2633 νικᾷο
869 2563 1145 2635 ἀναζεῦξαι
1205 2562 1263 2620 δὲ
1319 2568 1456 2643 πρὸς
1513 2568 1604 2623 τὸν
1663 2553 1913 2644 Χοσρόην
1972 2553 2144 2623 οὐκέτ’
2176 2561 2380 2643 ἔκρινεν
2427 2561 2728 2628 οὕτάύτὸς
2758 2561 2950 2627 οὕθ¹οἱ
2988 2584 3088 2636 μετ
3144 2562 3332 2618 αὐτοῦ.
3367 2557 3747 2618 Ἐδεδοίκεσαν

309 2649 414 2723 γὰρ
475 2649 551 2720 μὴ
602 2651 695 2704 καὶ
747 2649 900 2715 αὖθις
960 2653 1154 2717 αὐτοὺς
1208 2656 1531 2729 καθείρξειὸ
1567 2652 1860 2732 βάρϐαρος,
1893 2657 1984 2712 xui
2044 2655 2260 2730 μᾶλλον
2318 2656 2402 2711 ὅτι
2451 2654 2504 2709 ἐν
2551 2653 2712 2728 πείρᾳ
2740 2651 2930 2729 γέγονε
2974 2659 3075 2722 τῆς
3120 2651 3297 2707 αὐτῶν
3329 2650 3749 2728 γενναιότητος.

307 2735 551 2812 Εἶ’χοντο
638 2744 766 2815 γοῦν
846 2748 947 2811 τῆς
1033 2751 1226 2822 φυγῆς,
1277 2745 1368 2800 καὶ
1446 2747 1474 2801 6
1553 2748 1804 2824 Χοσρόης
1881 2746 2096 2817 πλῆθος
2173 2745 2250 2808 εἷς
2333 2744 2507 2800 αὐτῶν
2569 2740 2846 2815 έπιδίωξιν
2907 2739 3146 2811 ἔστειλε,
3205 2741 3292 2796 καὶ
3355 2740 3408 2795 οἱ
3457 2736 3751 2801 σταλέντες

307 2825 704 2906 κατειληφότες
758 2830 885 2893 τοὺς
941 2833 1257 2909 φεύγοντας,
1289 2834 1506 2891 ἐκείνων
1560 2838 1896 2912 ὑπάρχοντες
1933 2833 2374 2905 πολλαπλάσιοι,
2412 2833 2598 2909 μείους
2626 2855 2734 2889 των
2762 2831 3061 2911 φευγόντων
3095 2827 3390 2907 ἀποδρᾶναι
3423 2825 3745 2900 δεδύνηντο,

313 2920 423 2971 τῶν
456 2914 644 2973 ἄλλων
677 2919 790 2974 ἐκεῖ
818 2921 1111 2992 πεσόντων,
1145 2925 1235 2978 καὶ
1266 2925 1596 2998 Ῥωμαϊκαῖς
1627 2924 1898 3001 δαμέντων
1931 2925 2133 3004 χερσίν.

383 3008 502 3064 VII.
528 3010 766 3066 Sclerus
788 3010 970 3084 igitur
999 3030 1134 3070 cum
1168 3016 1294 3072 suis
1352 3017 1754 3075 Romanorum
1814 3020 1961 3075 fines

2146 3016 2216 3070 Z'.
2248 3019 2303 3069 Ὀ
2363 3013 2458 3088 μὲν
2520 3011 2610 3070 οὖν
2672 3011 2926 3087 Σγληρὸς
2979 3011 3068 3066 καὶ
3129 3009 3184 3065 οἱ
3215 3007 3307 3063 σὺν
3341 3007 3489 3080 αύτῷ
3541 3006 3617 3072 εἷς
3669 3006 3748 3062 τὰ

315 3097 644 3170 ingressus,
708 3101 782 3155 ad
839 3101 1094 3159 Phocam
1149 3106 1296 3162 221
1363 3124 1425 3164 se
1497 3109 1739 3176 confert,
1790 3125 1966 3180 quem

315 3201 566 3258 regnum
627 3192 894 3260 spectare
947 3208 1016 3247 ac
1065 3195 1436 3262 tyrannidem
1489 3198 1616 3268 jam
1665 3199 1968 3254 affectasse

319 3282 618 3348 cognorat,
651 3282 708 3334 et
738 3278 875 3333 belli
906 3285 964 3336 et
1000 3281 1266 3355 imperiis
1305 3286 1499 3342 socius
1548 3289 1804 3344 futurus.
1867 3287 1967 3344 llle

318 3366 656 3421 societatem
688 3367 1016 3440 amplexus,
1043 3372 1090 3425 si
1123 3377 1390 3429 votorum
1422 3382 1721 3448 compotes
1742 3377 1966 3444 ﬁerent,

315 3454 429 3510 sibi
462 3454 665 3511 urbem
699 3457 1139 3529 imperatoriam
1173 3466 1230 3517 et
1261 3463 1583 3535 plurimum
1607 3466 1869 3537 gentium
1903 3483 1969 3522 ac

311 3543 754 3615 provinciarum
802 3548 1114 3619 imperium
1160 3551 1456 3616 vindicat:
1516 3556 1710 3612 Sclero
1767 3559 1968 3613 Antio-

312 3633 950 3708 cbiam,Coelesyriam,
1011 3639 1392 3712 Pbmniciam,
1432 3643 1820 3714 Palaestinam,
1853 3649 1969 3703 Me-

315 3723 705 3793 sopotamiam
740 3731 797 3780 et
853 3727 1163 3800 Egyptum
1224 3731 1516 3800 attribuit,
1558 3751 1740 3806 eaque
1799 3740 1971 3808 pacta

307 3810 694 3881 jurejurando
749 3815 960 3871 sancit.
1013 3819 1135 3883 Quo
1192 3819 1426 3878 Sclerus
1480 3823 1685 3894 fretus,
1721 3842 1853 3881 cum
1896 3827 1969 3882 ad

311 3899 483 3955 illum
519 3917 581 3956 se
611 3903 979 3970 contulisset,
1041 3923 1107 3963 ac
1147 3910 1272 3980 jam
1333 3911 1489 3968 intra
1545 3931 1743 3972 casses
1791 3921 1968 3989 esset,

312 3989 574 4061 primum
610 3991 814 4048 habitu
840 3994 998 4066 regio
1030 3997 1314 4067 privatur,
1345 4001 1554 4059 deinde
1584 4004 1640 4060 in
1676 4021 1970 4062 carcerem

313 4080 578 4167 conjecto
591 4082 863 4138 custodia
893 4085 1248 4144 adhibetur:
1283 4094 1340 4146 et
1360 4092 1544 4164 copiis
1565 4094 1726 4150 illius
1745 4095 1968 4169 ascitis,

313 4163 540 4225 Phocas
571 4172 945 4242 tyrannidem
967 4192 1135 4233 suam
1162 4178 1373 4236 firmat.
1405 4163 1712 4241 Enimvero
1733 4163 1970 4242 Sclerus

310 4258 660 4332 priusquam
715 4262 786 4317 ab
848 4263 946 4319 illo
1005 4269 1621 4340 comprehenderetur,
1682 4279 1745 4330 ut
1795 4275 1843 4331 si
1876 4292 1970 4332 res

312 4347 793 4437 malecessisset,
833 4359 1135 4427 receptum
1168 4357 1423 4431 aliquem
1454 4361 1696 4419 haberet
1726 4378 1970 4437 acspem

314 4435 547 4504 salutis,
571 4443 806 4495 curarat
835 4446 900 4497 ut
957 4443 1117 4502 ﬁlius
1147 4463 1294 4504 suus
1334 4453 1658 4523 Romanus,
1689 4435 1967 4510 clam-ar-

315 4530 482 4598 repta
511 4527 675 4599 fuga,
711 4531 781 4585 ad
814 4530 1222 4604 imperatorem
1258 4537 1547 4612 deficeret,
1605 4558 1639 4596 a
1685 4558 1800 4613 quo
1831 4559 1967 4599 cum

313 4616 532 4687 gaudio
555 4623 832 4689 exceptus
863 4627 971 4685 est,
1005 4627 1062 4679 et
1119 4625 1319 4682 statim
1378 4630 1662 4701 magister
1691 4631 1966 4705 designa-

312 4707 438 4776 tus,
471 4705 686 4763 Phocas
719 4713 918 4766 autem
962 4711 1253 4786 Delphina
1307 4718 1552 4788 patricio
1609 4735 1744 4776 cum
1805 4725 1970 4793 parte

315 4794 620 4866 copiarum
649 4796 1076 4872 Chrysopolim,
1121 4820 1248 4875 quae
1297 4811 1388 4863 est
1453 4825 1484 4864 e
1535 4809 1772 4882 regione
1803 4811 1968 4880 urbis

315 4882 510 4956 regias,
541 4884 746 4958 misso,
780 4887 907 4959 ipse
938 4906 1070 4946 cum
1117 4893 1338 4964 reliquo
1397 4899 1651 4954 exercitu
1699 4900 1967 4973 Abydum

315 4974 733 5065 proficiscitur.
770 4979 1066 5050 Imperato
1094 4997 1228 5038 vero
1286 4985 1630 5059 Delphinam
1669 4991 1742 5046 ad
1796 4989 1972 5065 Chrys

317 5062 571 5135 sopolim
599 5069 1102 5136 castrametatum,
1138 5073 1336 5128 subito
1368 5091 1500 5132 cum
1532 5077 1777 5136 Russioo
1808 5062 1969 5138 exer-

317 5152 435 5208 citu
468 5154 709 5210 adortus
744 5156 902 5226 (nam
929 5174 1062 5213 cum
1099 5159 1431 5220 Uladimero
1489 5167 1698 5224 ducem
1742 5185 1966 5240 eorum,

319 5258 518 5333 sorore
561 5244 734 5333 _Anna
774 5251 973 5317 ducta,
1034 5249 1380 5308 afﬁnitatem
1433 5256 1731 5328 junxerat,
1791 5264 1968 5333 atque

316 5329 534 5387 auxilia
555 5331 692 5388 inde
723 5335 1113 5410 accersierat),
1149 5339 1421 5400 hostibus
1451 5346 1622 5403 facile
1651 5329 1966 5422 superatis,

2077 3107 2366 3180 Ῥωμαίων
2415 3101 2886 3175 έπανεληλύθεσαν
2947 3104 3090 3177 ὅρια.
3144 3100 3343 3156 Μαθὼν
3399 3095 3458 3153 δὲ
3511 3097 3740 3153 καὶτὸν

2079 3199 2272 3250 Φωκᾶν
2331 3191 2439 3266 ἤδη
2504 3192 2865 3269 βασιλειῶντα
2919 3192 3008 3246 καὶ
3041 3185 3357 3267 τυραννίδος
3411 3185 3741 3263 ἀρξάμενον,

2078 3283 2414 3340 ἀπονενεύκει
2471 3283 2608 3359 πρὸς
2664 3283 2759 3337 τὸν
2817 3286 3036 3351 Φωκᾶν,
3069 3278 3334 3340 κοινωνὸς
3379 3278 3539 3350 ἀξιῶν
3601 3275 3741 3330 εἶναι

2077 3373 2167 3428 καὶ
2196 3378 2294 3429 τοῦ
2323 3372 2574 3447 πολέμου
2603 3371 2693 3427 καὶ
2722 3378 2822 3441 τῆς
2861 3368 3140 3440 βασιλείας
3186 3367 3379 3436 αὐτῆς.
3411 3366 3474 3423 Ὁ
3533 3361 3592 3420 δὲ
3633 3365 3738 3433 τήν

2076 3461 2464 3539 κοινοπραγίαν
2524 3459 2760 3532 ἐδέξατο,
2790 3459 2880 3514 καὶ
2945 3458 2994 3514 si
3039 3463 3148 3513 τῶν
3207 3455 3434 3535 ἰφέσεων
3487 3452 3739 3529 τύχοιεν,

2079 3553 2252 3626 ἑαυτῷ
2304 3552 2399 3625 μὲν
2457 3551 2559 3620 τήν
2611 3546 2866 3626 βασιλίδα
2901 3551 3009 3603 τῶν
3058 3545 3276 3603 πόλεων
3338 3542 3594 3617 ἀπένειμε
3639 3541 3736 3598 καὶ

2075 3643 2182 3697 τῶν
2241 3639 2510 3697 πλειόνων
2570 3638 2732 3694 ἐθνῶν
2783 3637 2874 3693 καὶ
2922 3640 3126 3714 χωρῶν
3172 3637 3236 3691 τὸ
3283 3635 3518 3710 κράτος·
3549 3635 3631 3705 τῷ
3681 3629 3744 3687 δὲ

2081 3732 2322 3806 Σκληρῷ
2359 3727 2742 3806 προσεκλήρου
2789 3728 2890 3796 τὴν
2937 3725 3298 3802 Ἀντιόχειαν,
3345 3727 3445 3794 τήν
3489 3742 3550 3777 τε
3601 3720 3739 3777 Κοί-

2081 3820 2186 3891 λην
2246 3819 2467 3894 Συρίαν,
2526 3818 2616 3873 καὶ
2691 3815 2974 3886 Φοινίκην,
3033 3813 3125 3870 καὶ
3197 3810 3584 3882 Παλαιστίνην,
3645 3809 3739 3865 καὶ

2077 3907 2526 3982 Μεσοποταμίαν,
2591 3905 2681 3962 καὶ
2758 3902 3054 3981 Αἴγυπτον,
3121 3904 3213 3959 καὶ
3280 3903 3376 3965 τὰς
3469 3901 3742 3972 συνθήκας

2080 3998 2268 4076 ὅρκοις
2313 4001 2579 4073 καθιερῶν
2630 3991 3034 4069 ἐμπεπέδωκεν.
3090 3992 3214 4050 Ἐπὶ
3270 3991 3487 4054 τούτοις
3554 3990 3741 4066 τεθαρ-

2081 4087 2265 4164 ρηκὼς
2324 4089 2352 4143 6
2413 4085 2690 4160 Σκληρὸς,
2721 4085 2970 4158 πρόσεισι
3021 4081 3101 4156 τῷ
3159 4085 3346 4152 Φωκᾷ.
3379 4081 3436 4134 '0
3495 4076 3541 4134 δ’
3585 4077 3734 4139 ἐντὸς

2081 4177 2293 4254 ἀρκύων
2356 4181 2553 4233 τοῦτον
2623 4169 2831 4242 λαϐὼν,
2902 4174 3207 4252 ἀφαιρεῖται
3281 4171 3374 4244 μὶν
3449 4168 3618 4223 αὐτοῦ
3673 4164 3737 4222 τὸ

2081 4274 2275 4344 σχῆμα
2305 4265 2372 4337 δὴ
2403 4267 2466 4322 τὸ
2515 4263 2814 4342 βασίλειον,
2847 4262 3183 4339 καθείργνυσι
3239 4256 3316 4333 δὲ,
3349 4259 3436 4314 καὶ
3499 4255 3742 4337 φρουρὰν

2081 4359 2228 4432 αὐτῷ
2257 4357 2618 4434 περιίστησιν,
2649 4355 2762 4432 Ὑφ’
2793 4352 2978 4408 ἑαυτὸν
3015 4349 3188 4406 δὲκαὶ
3235 4349 3335 4418 τὴν
3389 4347 3481 4434 σὺν
3545 4344 3739 4418 ἐκείνῳ

2079 4433 2336 4524 στρατιὰν
2377 4445 2770 4518 ποιησάμενος,
2816 4446 2915 4497 τοῦ
2961 4437 3296 4518 τυραννεύειν
3367 4433 3550 4512 εἷ’χετο
3607 4454 3742 4509 κρα-

2076 4536 2380 4613 ταιότερον.
2408 4537 2470 4593 Ὁ
2504 4534 2685 4608 μέντοι
2718 4530 2992 4608 Σκληρὸς,
3023 4527 3517 4606 προμηθευόμενος
3563 4525 3743 4613 ἐαυτῷ

2077 4625 2214 4699 πρὸς
2266 4612 2331 4680 τὸ
2389 4622 2593 4698 μέλλον
2652 4621 2702 4693 ἐξ
2763 4619 3066 4697 ἀποτυχίας
3124 4615 3398 4692 σωτηρίαν
3457 4614 3596 4683 τινὰ,
3631 4612 3742 4688 πρὸ

2077 4719 2174 4771 τοῦ
2220 4715 2622 4791 κατασχεθῆναι
2671 4710 2808 4788 πρὸς
2853 4711 2951 4766 τοῦ
2996 4713 3186 4782 Φωκᾶ,
3215 4706 3308 4763 τὸν
3357 4705 3474 4760 υἱὸν
3521 4709 3740 4776 Ῥωμα-

2077 4805 2167 4861 νὸν
2228 4804 2400 4882 λάθρα
2462 4807 2650 4884 φυγεῖν
2709 4798 3126 4873 παρεσκεύασεν,
3191 4798 3266 4859 ὡς
3322 4791 3742 4868 αὐτομολοῦντο

2076 4901 2154 4968 τῷ
2210 4895 2443 4972 βασιλεῖ,
2476 4895 2537 4957 ὃς
2591 4891 2681 4948 καὶ
2739 4893 3058 4967 περιχαρῶς
3087 4887 3234 4961 παρὰ
3275 4888 3374 4940 τοῦ
3404 4887 3744 4960 κρατοῦντος

2079 4982 2302 5064 ἐδέχθη,
2356 4985 2447 5040 καὶ
2526 4983 2821 5059 μάγιστρος
2896 4979 3133 5052 ἐτιμήθη
3189 4973 3369 5040 εύθύς.
3428 4975 3490 5031 Ὁ
3546 4975 3746 5064 Φωκᾶς

2079 5059 2497 5151 δὶξάπόμοιράν
2528 5091 2652 5128 τινα
2705 5076 2806 5140 τῆς
2860 5071 3113 5144 στρατιᾶς
3168 5065 3274 5120 ὑπὸ
3329 5064 3424 5119 τὸν
3455 5059 3744 5151 πατρίκιον

2075 5165 2235 5238 τάξας
2288 5147 2726 5236 τὸν-Δελφινᾶν,
2762 5156 2838 5220 εἴς
2893 5158 2993 5226 τῆν
3055 5152 3274 5230 ἀντικρὺ
3323 5158 3423 5222 τῆς
3457 5147 3748 5228 βασιλίδος

2078 5256 2343 5330 ἐκπέμπει
2375 5249 2744 5331 Χρυσόπολιν,
2768 5247 2928 5310 αὐτὸς
2962 5244 3020 5303 δὲ
3069 5243 3162 5300 σὺν
3209 5247 3279 5319 τῇ
3311 5239 3485 5316 λοιπῇ
3519 5238 3746 5331 δυνάμει

2078 5345 2300 5426 ἀφίκετο
2384 5329 2525 5419 πρὸς
2605 5340 2705 5410 τὴν
2765 5332 3031 5395 ¹¹Αϐυδον.
3093 5338 3186 5408 Τῷ
3272 5331 3459 5408 μέντοι
3511 5329 3747 5408 Δελφινᾷ

1577 5521 1784 5586 Varia
1815 5522 2118 5586 lectiones
2145 5527 2210 5584 et
2255 5525 2448 5584 ποια).

391 5639 504 5712 (84)
534 5639 658 5695 Ἐπὶ
708 5641 774 5698 τὰ
828 5643 1248 5725 Μανδραϐολου.
1287 5655 1432 5714 Vide
1487 5659 1880 5730 Apostolium,
1938 5675 1963 5717 c

2074 5657 2204 5718 uria
2266 5659 2324 5729 8,
2383 5673 2444 5712 n.
2501 5655 2598 5725 95,
2655 5655 2713 5710 et
2770 5650 3150 5711 Maussacum
3209 5646 3282 5704 ad
3337 5640 3743 5717 Harpocratio-

323 5743 481 5802 nem,
507 5745 566 5802 p.
597 5729 720 5790 148.
