4142 6360
367 349 486 408 157

1663 343 2084 406 ANNALIUM
2127 343 2274 404 LIB.
2323 344 2513 406 XVII.

3677 339 3796 402 158

368 473 885 554 έστρατοπεδευκότι
941 474 1076 530 κατὰ
1135 472 1482 549 Χρυσόπολιν
1531 471 1798 553 αἰφνίδιον
1855 472 2029 546 έπῆλ-

2152 476 2341 550 ipsum
2365 476 2712 549 Delphinam
2745 479 2982 549 captum
3002 475 3135 548 palo
3162 473 3369 530 afﬁxit.
3401 471 3621 530 Deinde
3646 439 3795 545 Aby-

371 570 460 624 θεν
493 567 522 623 6
553 562 812 642 βασιλεὺς
867 565 1000 639 μετὰ
1052 563 1188 620 λαοῦ
1243 565 1510 621 Ῥωσικοῦ
1553 562 1746 639 (κῆδος
1769 564 1872 640 γὰρ
1902 565 2040 639 πρὸς

373 654 730 730 Βλαδιμηρὸν
761 655 857 708 τὸν
892 652 1136 730 ἄρχοντα
1180 652 1386 709 τούτων
1433 653 1520 710 ἐπὶ
1552 656 1722 730 Ἀννῃ
1770 657 1839 728 τῇ
1887 651 2044 710 ἀδελ-

380 749 461 826 φῇ
508 744 670 801 αὐτοῦ
715 743 963 817 θέμενος,
1019 743 1371 820 συμμαχικὸν
1427 742 1624 808 ἐκεῖθεν
1666 741 1922 818 ἐδέξατο),
1953 743 2043 798 καὶ

389 835 517 912 ῥᾷον
576 837 679 888 τῶν
745 831 1000 887 ἐναντίων
1062 833 1345 910 ἰκράτησε,
1400 831 1491 887 καὶ
1550 832 1707 888 αὐτὸν
1765 832 1854 887 τὸν
1907 831 2042 888 Δελ-

388 929 540 1003 φινᾶν
596 922 1008 999 χειρωσάμενος
1064 921 1510 979 ἀνεσκολόπισεν.
1566 923 1694 978 Εἶτα
1749 923 1886 1000 πρὸς
1943 922 2042 991 τὴν

386 1009 616 1068 ’Ἄϐυδον
677 1009 859 1068 ἄπεισι
924 1011 1058 1085 μετὰ
1112 1015 1214 1066 τοῦ
1283 1009 1523 1090 ἀδελφοῦ
1598 1011 2042 1068 Κωνσταντίνου·

377 1099 466 1156 καὶ
522 1097 632 1170 ἤδη
681 1098 1036 1172 ἀντιμέτωποι
1113 1094 1342 1169 ἔστησαν
1401 1099 1471 1153 τὰ
1529 1097 1744 1156 ἐναντία
1801 1096 2049 1173 στρατεύ-

379 1209 542 1263 ματα,
575 1187 665 1244 καὶ
710 1191 812 1244 τοῦ⁹
861 1188 955 1262 μὶν
1003 1185 1208 1243 οἰκείου
1265 1188 1625 1265 προετέτακτο
1671 1189 1698 1243 ὁ
1731 1193 1952 1256 Φωκᾶς,
1983 1187 2045 1242 τὸ

375 1276 426 1334 δ’
458 1277 764 1354 ἀντίμαχον
800 1277 829 1332 6
881 1274 1136 1354 βασιλεὺς
1189 1276 1476 1336 Βασίλειος
1520 1276 1756 1356 ἔφιππος
1813 1277 2043 1354 περιιὼν

372 1367 795 1445 παρεθάρρυνεν,
829 1367 887 1422 ὃν
921 1367 949 1422 6
982 1371 1180 1428 Φωκᾶς
1225 1367 1574 1440 θεασάμενος,
1608 1368 1724 1423 κατ’
1754 1364 1922 1422 αὐτοῦ
1955 1367 2048 1421 τὸν

367 1455 544 1513 ἵππον
605 1455 844 1526 ἐλαύνει,
906 1456 1043 1527 ὅλην
1093 1456 1286 1529 έκείνῳ
1344 1459 1446 1526 τήν
1496 1456 1650 1527 ἡνίαν
1709 1453 2044 1520 ένδεδωκὼςν

372 1545 565 1623 κρίνας
608 1546 708 1616 ὡς,
766 1545 815 1600 εἲ
861 1544 1064 1600 ἐκεῖνον
1117 1540 1438 1614 καταϐαλεῖ,
1493 1540 1668 1601 ἔσεται
1718 1546 1808 1600 τὸν
1865 1546 2047 1620 ἂγῶνα

373 1635 696 1707 νενικηκώς.
716 1633 868 1691 Ἀλλ’
892 1632 1044 1690 οὕπω
1072 1638 1183 1690 τῶν
1217 1634 1443 1690 οὗκείων
1477 1633 1845 1710 προεληλύθει
1876 1633 2042 1703 πολὺ,

373 1727 467 1781 καὶ
519 1726 572 1779 οἱ
626 1725 722 1798 μὶν
775 1723 934 1778 αὐτὸν
982 1723 1376 1794 έκκυλισθῆναι
1427 1729 1524 1779 τοῦ
1574 1722 1749 1779 ’ίππου
1779 1723 1960 1803 φασὶν,
1991 1724 2044 1778 οἱ

377 1811 436 1869 δὲ
482 1812 558 1876 εἲ⁷ς
603 1833 726 1869 τινα
768 1811 939 1891 λόφον
986 1810 1254 1880 ἐκκλῖναι,
1283 1812 1374 1868 καὶ
1425 1808 1704 1868 ἀποϐάντα
1741 1810 2037 1868 τοῢῖππου
2068 1856 2116 1921 Β

379 1901 395 1921 τ
510 1905 575 1921 λ...
826 1902 838 1916 .
929 1908 956 1920 -
1074 1909 1103 1920 .,
1262 1902 1277 1921 ς
1365 1901 1438 1921 ,_,
1560 1904 1572 1921 ,
1623 1904 1638 1921 ,
1753 1903 1767 1921 ,
1925 1906 1952 1916 -

375 1901 667 1973 ὖκταθῆναι
713 1902 849 1958 κατά
888 1908 988 1972 τῆς
1033 1909 1158 1978 γῆς,
1188 1902 1280 1956 καὶ
1329 1901 1483 1966 εὐθὺς
1513 1904 1674 1959 αὐτὸν
1713 1903 1775 1958 τὸ
1828 1906 2040 1976 πνεῦμα

380 1993 585 2049 λιπεῖν.
621 1992 689 2050 Ol
727 1993 821 2065 μὲν
875 1990 965 2047 οὖν
1015 1991 1300 2067 πληγῆναι
1349 1993 1497 2068 παρά
1542 2013 1639 2047 του
1689 1993 1898 2067 καιρίαν
1947 1993 2038 2047 τὸν

374 2079 549 2158 ἄνδρα
614 2079 826 2157 ἔλεγον.
895 2079 997 2134 Καὶ
1065 2081 1093 2134 ὁ
1164 2077 1420 2156 βασιλεὺς
1490 2079 1548 2136 δὶ
1631 2084 2039 2144 Κωνσταντῖνος

375 2173 557 2244 ἑαυτῷ
611 2172 713 2241 τήν
771 2169 976 2226 ἐκείνου
1033 2169 1301 2246 ἀναίρεσιν
1360 2169 1666 2248 ἐπεφήμιζε
1699 2191 1713 2206 ·
1771 2176 1933 2227 τοῦτο
1992 2168 2039 2226 δ’

372 2261 443 2330 ἦν
513 2259 678 2334 λόγος
735 2257 945 2331 ἄλλως,
1006 2256 1135 2314 οὐδὲ
1200 2260 1303 2335 γὰρ
1369 2260 1709 2337 τετρωμένον
1764 2259 1927 2316 αὐτοῦ
1976 2261 2040 2315 τὸ

375 2354 544 2423 σῶμα
600 2348 801 2424 εὕρητο
866 2345 1120 2421 μηδαμῆ.
1153 2348 1220 2406 Οἱ
1270 2345 1328 2404 δὲ
1383 2350 1655 2428 φαρμάκῳ
1709 2347 2040 2426 δηλητηρίῳ

375 2435 632 2510 ἰδόξαζον
687 2445 1117 2512 κατεργασθῆναι
1172 2438 1412 2511 αὐτὸν,’ὀ
1470 2439 1561 2494 καὶ
1622 2438 1836 2512 μᾶλλον
1894 2437 2043 2509 ἔδοξε

374 2527 776 2600 πιθανώτερον.
827 2526 903 2582 Τὸ
963 2525 1146 2599 μέντοι
1201 2526 1486 2605 φάρμακον
1541 2529 1883 2602 ἡτοιμάσατο
1944 2529 2039 2602 μὲν

379 2619 409 2672 6
441 2615 751 2688 Βασίλειος,
782 2615 1080 2693 προσέφερε
1131 2612 1191 2670 δὲ
1235 2621 1317 2689 τῷ
1359 2621 1527 2688 Φωκᾷ
1581 2618 1608 2672 ὁ
1659 2617 1839 2690 τούτῳ
1897 2619 2043 2673 οἶνο-

376 2705 622 2781 -χοεύων,
669 2704 819 2779 παρὰ
887 2709 984 2760 τοῦ
1044 2705 1312 2780 βασιλέως
1361 2704 1714 2768 ὁποκλαπείς.
1775 2709 2044 2771 ΙΙεσόντος

379 2792 438 2849 δὲ
479 2797 580 2848 τοῦ
612 2789 817 2867 Βάρδα,
848 2792 912 2848 τὸ
965 2794 1080 2866 μετ’
1109 2793 1274 2848 αὐτοῦ
1317 2795 1624 2870 στράτευμα
1675 2793 2040 2864 διεσκέδαστο,

382 2883 477 2938 καὶ
538 2882 591 2937 οἱ
656 2881 750 2955 μὲν
797 2880 1098 2938 ἐκτείνοντο
1145 2879 1713 2956 καταλαμϐανόμενοι,
1749 2886 1801 2939 οἱ
1833 2882 1878 2940 δ’
1910 2884 2043 2954 ἄζω-

381 2976 638 3047 γροῦντο,
670 2972 761 3027 καὶ
829 2971 1178 3046 συσχεθέντες
1204 2973 1343 3028 κατά
1378 2973 1442 3027 τὸ
1490 2970 1644 3044 δόξαν
1695 2977 1777 3046 τῷ
1829 2971 2046 3049 βασιλεῖ

383 3060 780 3130 ἐκολάσθησαν.
812 3060 874 3117 Ὁ
931 3057 990 3114 δὶ
1044 3060 1375 3137 ἀγριώτερος
1426 3061 1494 3130 ἦν
1544 3060 1581 3131 ἢ
1636 3063 1700 3118 τὸ
1756 3061 2040 3138 πρότερονο

377 3145 617 3226 σοϐαρός
647 3169 707 3205 τε
735 3149 839 3225 γὰρ
874 3147 1128 3225 ἐγεγόνει,
1161 3149 1250 3204 καὶ
1291 3150 1354 3205 τὸ
1410 3151 1544 3220 ἦθος
1601 3151 2040 3226 ὑποκαθήμενος,

377 3238 474 3293 καὶ
505 3217 714 3302 ⁴πάντας
745 3217 1051 3306 ὗπώπτευε,
1077 3217 1166 3294 καὶ
1197 3241 1297 3310 τὴν
1347 3217 1518 3316 ὀργὴν
1567 3217 1868 3317 ἐτύγχανεν,
1904 3217 2039 3296 ιίιπαἐ

2157 3217 2361 3301 tiosas.
2395 3248 2550 3309 Quas
2582 3245 2679 3300 ille
2709 3245 2781 3300 ob
2812 3261 2905 3300 res
2948 3217 3142 3298 vanimi
3187 3217 3536 3314 aegritudine
3567 3217 3808 3312 opp-res-

379 3327 666 3402 ραίτητος,
699 3325 791 3381 καὶ
823 3325 886 3381 οὐ
913 3333 1031 3389 τοῖς
1060 3325 1257 3392 ἄλλοις
1291 3328 1455 3400 μόνον
1481 3330 1544 3384 τὸ
1577 3325 1806 3404 σοϐαρὸν
1839 3327 2042 3385 ἐπεδεί-

376 3437 568 3485 κνυτο,
603 3415 748 3472 ἀλλὰ
780 3417 888 3490 μὴν
917 3416 1006 3472 καὶ
1034 3421 1116 3490 τῷ
1143 3420 1623 3494 παρακοίμωμένῳ
1663 3421 1834 3493 αὐτῷ,
1865 3417 2042 3496 ἤχθε-

376 3506 444 3560 τό
473 3526 536 3561 τε
563 3511 642 3578 τῷ
672 3503 849 3580 ἀνδρὶ,
877 3505 965 3560 καὶ
999 3505 1076 3570 εἰς
1106 3507 1290 3562 ἑαυτὸν
1321 3501 1544 3564 ἔσπευδε
1577 3515 1909 3584 μετενεγκεῖν
1939 3511 2038 3580 τὴν

367 3599 487 3651 τῶν
540 3596 880 3672 πραγμάτων
945 3594 1242 3667 διοίκησιν,
1299 3597 1388 3652 καὶ
1461 3599 1646 3672 μέντοι
1717 3599 1805 3656 καὶ
1886 3601 2041 3676 μεθί-

371 3700 540 3752 στησι
592 3687 694 3750 τῆς
747 3681 856 3735 τῶν
916 3685 1114 3736 κοινῶν
1165 3681 1481 3757 οἰκονομίας
1523 3686 1708 3755 αὐτὸν,
1741 3684 1883 3741 οἷίκοι
1944 3689 2039 3760 μέ-

366 3791 483 3825 νειν
541 3769 802 3847 ἀπρόϊτον
861 3769 1192 3840 ἐπιστείλας,
1251 3770 1420 3844 αὐτῷ,
1481 3773 1593 3828 εἶτα
1649 3773 1785 3848 μετᾶ
1845 3777 2036 3852 μικρὸν

367 3861 665 3936 ὑπερόριον
743 3859 949 3932 τίθησι,
1009 3860 1098 3914 καὶ
1178 3865 1285 3916 τῶν
1377 3861 1566 3937 έκείνῳ
1641 3861 2036 3941 πεπραγμένων

363 3947 596 4004 ἕκαστον
655 3949 980 4024 ἀνακρίνων,
1036 3949 1298 4024 ἀπραξίαν
1353 3955 1464 4006 τῶν
1535 3954 1808 4009 πλειόνων
1885 3977 2039 4013 κατε-

369 4037 676 4116 ψηφίσατο,
731 4037 824 4092 καὶ
908 4042 1006 4092 τοῦ
1087 4041 1214 4114 παρ’
1270 4037 1460 4114 έκείνῳ
1543 4039 1878 4116 δομηθέντος
1958 4065 2041 4101 σε-

381 4127 572 4202 μνείου
743 4128 813 4182 τὰ
841 4125 1018 4183 πλείω
1049 4126 1325 4205 ἀφείλετο,
1357 4127 1446 4184 καί
1486 4130 1585 4186 οὐκ
1630 4131 1807 4208 ἀγρῶν
1859 4133 2037 4208 ἥψατο

386 4217 544 4290 μόνον
576 4217 612 4287 ἢ
661 4215 887 4293 χωρίων
934 4217 1027 4272 καὶ
1080 4216 1292 4288 οἰκιῶν,
1322 4216 1472 4274 ἀλλὰ
1523 4219 1615 4276 καὶ
1672 4223 2036 4294 ἀναθημάτων

377 4327 436 4361 τε
463 4305 556 4361 καὶ
587 4305 841 4380 πλακῶν,
870 4305 962 4361 καὶ
990 4305 1185 4362 κιόνων
1218 4307 1561 4366 πολυτελῶν.
1595 4312 1750 4368 Ὅθεν
1811 4311 2035 4385 ἐκεῖνος,

373 4393 466 4451 διὰ
510 4401 682 4452 ταῦτα
754 4395 904 4474 νέφει
971 4397 1317 4472 περισχεθεὶς
1376 4396 1630 4474 ἀθυμίας,
1689 4407 1916 4478 παρεῖτο
1971 4404 2039 4459 τὰ

373 4484 548 4560 μέλη,
580 4485 669 4540 καὶ
701 4481 942 4559 ἔμπνους
974 4483 1126 4541 ὦπτο
1151 4487 1359 4560 νεκρὸς,
1392 4487 1482 4543 καὶ
1535 4490 1715 4566 βραχύ
1753 4512 1805 4547 τι
1859 4489 2038 4548 διαλι-

2151 567 2290 622 dum
2335 583 2466 623 cum
2510 567 2688 622 fratre
2743 565 3128 622 Constantino
3185 563 3597 637 proficiscitur.
3660 562 3806 619 Cum

2150 656 2440 712 exercitus
2469 656 2705 728 utrique
2733 655 2790 711 in
2825 654 3127 728 procinctu
3161 657 3405 724 starent,
3465 656 3522 708 et
3579 651 3806 709 Phocas

2153 763 2291 802 suas
2318 747 2515 819 copias
2576 745 2947 812 antecedens,
2980 744 3261 800 Basilium
3296 760 3446 815 equo
3481 742 3802 798 circumve-

2153 840 2311 893 ctum
2351 836 2611 909 legiones
2669 835 2959 892 cohortari
3023 834 3284 904 vidisset,
3356 833 3493 890 totis
3559 831 3806 888 habenis

2156 925 2384 997 laxatis,
2417 942 2567 997 equo
2598 925 2909 994 concitato,
2944 925 3001 980 in
3063 923 3230 979 illum
3283 924 3486 991 fertur,
3542 939 3609 978 eo
3671 938 3804 993 prc-

2155 1020 2338 1071 strato
2371 1032 2433 1072 se
2483 1019 2604 1072 toto
2648 1014 2992 1070 discrimine
3048 1013 3168 1068 fore
3225 1013 3568 1069 defunctum
3600 1015 3804 1067 ratus:

2155 1106 2256 1162 sed
2277 1108 2598 1177 antequam
2627 1121 2765 1160 suos
2797 1102 3049 1158 multum
3084 1101 3521 1169 antecessisset,
3537 1099 3634 1156 alii
3666 1115 3801 1155 eum

2155 1211 2306 1267 equo
2328 1193 2665 1250 devolutum
2693 1192 3008 1261 ferunt,alii
3028 1209 3160 1248 cum
3194 1192 3255 1247 in
3287 1189 3582 1247 tumulum
3600 1205 3807 1262 quem-

2157 1285 2293 1341 dam
2316 1282 2687 1348 declinasset,
2711 1298 2978 1356 equoque
3021 1281 3449 1349 descendisset,
3514 1279 3677 1335 humi
3711 1296 3808 1335 ex-

2154 1377 2379 1431 tentum
2413 1373 2614 1430 statim
2641 1372 3009 1444 exspirasse:
3045 1371 3143 1426 alii
3202 1387 3236 1426 a
3293 1371 3552 1442 quodam
3604 1368 3807 1424 lethali

2154 1463 2395 1520 vulnere
2425 1463 2694 1520 affectum
2737 1479 2886 1518 esse.
2940 1459 3362 1518 Constantinus
3418 1459 3657 1531 quidem
3694 1458 3805 1512 im-

2155 1558 2390 1626 perator
2418 1553 2634 1608 caedem
2669 1553 2798 1622 ejus
2833 1551 2945 1607 sibi
3007 1550 3338 1622 arrogabat,
3402 1549 3546 1604 falso
3582 1547 3807 1619 utique,

2157 1658 2289 1698 eum
2347 1645 2476 1714 ejus
2523 1642 2771 1697 cadaver
2831 1657 3125 1712 nusquam
3183 1639 3555 1694 vulneratum
3587 1636 3800 1692 fuerit:

2154 1732 2277 1804 alii,
2311 1733 2466 1804 quod
2501 1731 2738 1802 quidem
2770 1729 3136 1802 probabilius
3184 1734 3295 1798 est,
3332 1732 3627 1800 putavere,
3658 1724 3808 1782 toxi-

2153 1837 2287 1878 cum
2313 1822 2364 1876 ei
2397 1839 2431 1876 a
2455 1820 2667 1876 Basilio
2698 1824 3114 1892 praeparatum,
3151 1835 3184 1872 a
3216 1817 3500 1888 pincerna
3531 1817 3809 1886 corrupto

2146 1909 2554 1984 largitionibus
2577 1907 2968 1981 imperatoriis
2999 1907 3180 1964 fuisse
3209 1903 3809 1978 propinatum.Barda

2147 2004 2350 2070 strato,
2394 1998 2554 2055 illius
2576 1999 2867 2054 exercitus
2922 1997 3246 2068 dissipatus
3302 2001 3411 2065 est,
3447 1994 3580 2050 aliis
3611 1992 3809 2062 caesis,

2149 2088 2280 2144 aliis
2309 2087 2516 2160 captis,
2539 2087 2598 2143 in
2625 2104 2772 2160 quos
2811 2089 3132 2159 imperator
3181 2102 3290 2142 suo
3327 2084 3615 2140 arbitratu
3649 2082 3803 2139 222

2148 2177 2582 2246 animadvertit,
2609 2181 2872 2232 mutatus
2929 2176 3002 2231 ab
3036 2174 3134 2230 illo
3175 2175 3277 2246 qui
3309 2174 3534 2229 dudum
3588 2173 3798 2242 fuerat,

2149 2271 2207 2324 et
2245 2268 2436 2324 factus
2466 2283 2766 2339 arrogans,
2809 2265 3066 2320 demisso
3120 2264 3377 2336 ingenio,
3428 2261 3700 2334 suspicax
3736 2260 3799 2315 in

2151 2355 2706 2428 omnes,iracundia
2736 2352 3114 2410 inexorabili:
3179 2370 3281 2409 nec
3338 2352 3398 2406 in
3447 2350 3594 2406 alios
3643 2351 3794 2404 dun-

2149 2447 2332 2513 taxat,
2380 2443 2478 2498 sed
2532 2443 2589 2498 in
2645 2443 2839 2514 ipsum
2872 2440 3048 2497 etiam
3107 2440 3484 2513 praepositum
3546 2437 3803 2494 cubiculi

2151 2530 2328 2587 talem
2361 2548 2423 2586 se
2456 2531 2724 2603 praebuit.
2759 2535 2942 2599 Quem
2973 2547 3106 2585 eum
3160 2529 3402 2598 odisset,
3455 2533 3633 2599 atque
3678 2525 3805 2598 ipse

2152 2636 2348 2676 rerum
2385 2620 2956 2676 administrationem
2999 2634 3304 2691 capessere
3360 2615 3552 2684 vellet,
3611 2620 3740 2671 tum
3773 2631 3809 2670 a

2152 2709 2486 2782 reipublicae
2518 2709 2770 2782 negotiis
2813 2708 3080 2774 removit,
3112 2712 3238 2764 tum
3270 2707 3445 2762 domo
3476 2703 3675 2778 egredi
3713 2718 3810 2760 ve-

2151 2800 2288 2868 tuit,
2341 2816 2447 2855 nec
2503 2799 2688 2854 multo
2738 2802 2873 2870 post
2925 2797 3224 2870 relegavit,
3282 2800 3411 2850 tum
3469 2793 3618 2850 actis
3673 2793 3806 2864 ejus

2154 2889 2434 2945 omnibus
2464 2889 2828 2960 perquisitis,
2852 2887 3131 2959 pleraque
3163 2885 3422 2956 rescidit,
3439 2889 3566 2939 tum
3601 2899 3806 2938 mona-

2155 2978 2402 3034 sterium
2435 2978 2508 3033 ab
2539 2994 2604 3034 eo
2635 2981 3002 3033 exstructum
3045 2975 3302 3031 maxima
3355 2991 3424 3030 ex
3479 2976 3640 3045 parte
3673 2988 3804 3044 spo-

2154 3066 2342 3132 liavit,
2393 3083 2501 3122 nec
2543 3082 2715 3138 agros
2741 3067 3030 3122 duntaxat
3078 3070 3181 3121 aut
3237 3063 3449 3119 fundos
3495 3059 3712 3118 invasit
3748 3065 3808 3116 et

2157 3156 2333 3223 aedes,
2364 3156 2465 3212 sed
2499 3156 2676 3212 etiam
2701 3155 2966 3225 donaria,
3025 3153 3278 3220 tabulas,
3339 3151 3646 3208 columnas
3680 3166 3808 3222 pre-

2153 3352 2278 3397 sus.
2313 3334 2712 3406 membrisque
2747 3333 3042 3399 resolutis,
3069 3331 3218 3388 nihil
3249 3331 3408 3387 aliud
3433 3331 3547 3386 nisi
3572 3331 3806 3401 spirans

2151 3427 2414 3491 cadaver,
2448 3424 2605 3480 brevi
2631 3423 3044 3480 miserabiliter
3073 3421 3524 3478 estexstinctus.
3548 3418 3806 3474 Basilius

2148 3531 2282 3570 vero
2309 3518 2437 3569 tum
2463 3515 2702 3570 demum
2724 3528 2856 3569 vere
2887 3513 3210 3584 imperator
3261 3511 3474 3576 factus,
3531 3525 3664 3564 cum
3714 3507 3806 3562 in-

2150 3603 2493 3670 tellexisset,
2525 3607 2808 3675 quautam
2869 3601 3324 3657 sollicitudinem
3356 3599 3520 3671 regni
3553 3596 3808 3653 admini-

2149 3693 2356 3748 stratio
2381 3691 2728 3764 postularet,
2767 3690 3006 3746 delicias
3038 3690 3229 3761 regias
3279 3687 3518 3760 sprevit,
3555 3685 3810 3758 splendi-

2149 3782 2246 3838 dis
2276 3781 2535 3837 vestibus
2567 3777 3601 3850 abstinuit,omnemquesuavitatem
3630 3792 3808 3846 repu-

2153 3870 2370 3927 diavit:
2405 3886 2539 3926 cum
2574 3869 2739 3940 prius
2769 3869 2928 3924 haud
2960 3869 3042 3924 ita
3072 3867 3336 3934 vixisset,
3373 3867 3473 3922 sed
3505 3870 3563 3921 et
3583 3863 3804 3920 amori-

2149 3960 2260 4015 bus
2292 3958 2662 4023 indulsisset,
2695 3957 3291 4013 commessationibus
3323 3959 3380 4012 et
3400 3953 3808 4026 voluptatibus

2149 4047 2692 4119 deditus,regioque
2723 4046 2862 4102 luxu
2887 4047 3215 4102 delectatus
3241 4061 3254 4102 :
3280 4049 3337 4102 et
3369 4045 3531 4100 omni
3551 4043 3807 4100 auctori-

2147 4141 2265 4193 tate
2295 4137 2409 4192 sibi
2427 4136 2748 4202 vindicata,
2772 4134 2940 4192 fratri
2979 4134 3127 4191 nihil
3187 4133 3300 4191 nisi
3357 4148 3572 4189 nomen
3629 4136 3688 4187 et
3715 4147 3809 4187 c0-

2145 4224 2326 4281 lorem
2388 4224 2684 4297 insignem
2729 4223 3036 4296 impertiit,
3097 4223 3363 4279 custodia
3419 4220 3506 4276 illi
3564 4220 3806 4293 quidem

2147 4314 2460 4381 attributa,
2496 4317 2772 4369 caeterum
2807 4313 3018 4385 exigua
3048 4315 3104 4367 ct
3134 4329 3250 4368 non
3283 4309 3621 4383 magniﬁca.
3672 4311 3808 4376 Quae

2147 4403 2266 4471 ille,
2310 4406 2376 4459 ut
2416 4403 2593 4459 homo
2624 4402 2982 4458 remissioris
3028 4418 3095 4458 ac
3167 4400 3454 4457 mollioris
3502 4398 3718 4468 ingenii
3751 4402 3812 4454 et

2147 4493 2542 4566 voluptarius,
2590 4492 3006 4548 venationibus
3055 4496 3112 4547 et
3190 4489 3506 4562 aequalium
3565 4504 3808 4546 suorum

370 4576 522 4643 πὼν,
549 4573 784 4650 οἰκτρῶς
810 4573 904 4630 τὸν
954 4573 1073 4648 βίον
1125 4573 1383 4646 ἐξέλιπεν.
1415 4579 1473 4635 Ὀ
1532 4577 1590 4634 δὶ
1643 4580 1766 4636 τὸτε
1821 4585 2041 4656 πρῶτον

2153 4581 2580 4639 consuetudine
2611 4582 2894 4655 gaudens,
2928 4597 3092 4652 aequo
3127 4581 3346 4637 ferebat
3375 4579 3594 4646 animo,
3618 4592 3811 4649 neque

371 4665 591 4740 γέγονεν
625 4663 977 4740 αὐτοκράτωρ
1027 4665 1102 4728 ὡς
1154 4664 1401 4737 ἀληθῶς,
1431 4667 1520 4722 καὶ
1578 4668 1740 4744 γνοὺς
1786 4670 2041 4741 πηλίκων

375 4750 553 4809 δεῖται
604 4751 913 4832 φροντίδων
958 4755 994 4825 ἡ
1045 4760 1147 4825 τῆς
1194 4753 1474 4830 βασιλείας
1510 4755 1804 4833 διοίκησις,
1835 4767 1934 4832 τῆς
1987 4783 2047 4818 τε

2156 4673 2325 4731 fratri
2371 4671 2814 4730 adversabatur.
2851 4677 2928 4727 Ac
2982 4670 3218 4727 illorum
3271 4669 3368 4724 hic
3423 4672 3614 4724 status
3661 4670 3806 4724 erat.

2156 4763 2387 4820 Sclerus
2419 4766 2642 4830 autem,
2673 4761 2860 4817 Barda
2882 4765 3135 4830 mortuo,
3167 4758 3421 4815 vinculis
3469 4757 3722 4826 solutus,
3777 4772 3812 4812 a

1642 4917 1849 4982 Variae
1899 4917 2202 4982 lectiones
2250 4924 2312 4980 et
2357 4922 2547 4980 notae.

457 5045 570 5128 (85)
645 5042 918 5128 ῌαὶντοῦ
1014 5045 1139 5119 παρ’
1215 5042 1402 5128 ἑκείνιῳ
1495 5043 1860 5128 δομηθᾲέντοςμ
1905 5071 2046 5128 σεμί-

382 5115 558 5210 γείοῇ
612 5122 749 5210 etc.L
771 5116 980 5210 Ιείξιιιθειι
1025 5115 1383 5210 ωουαεξοιιξϊ
1449 5115 1716 5210 meminit
1777 5115 2037 5210 ull‘dichael

2152 5115 2207 5210 τὸ
2236 5115 2321 5210 υδέ
2357 5115 2456 5210 τῆς
2489 5115 2767 5210 ’,πράξεως
2837 5115 3049 5210 ι(ξικναιδὲς
3110 5115 3533 5210 εὐλαϐούμενος,
3565 5138 3614 5210 Χτ

387 5190 642 5257 Psellus,
672 5188 777 5243 lib.
809 5204 830 5242 1
863 5187 1006 5258 Hist,
1042 5206 1154 5246 ms.
1192 5191 1287 5247 ubi
1320 5192 1392 5247 de
1422 5195 1626 5250 eodem
1656 5195 1905 5254 Basilio:
1937 5195 2036 5250 Καὶ

381 5259 560 5314 πάντα
612 5257 814 5388 τρόπον
874 5257 1047 5314 ὁπόσα
1087 5259 1162 5324 εἷς
1220 5263 1459 5320 κάκωσιν
1519 5263 1704 5338 ἐκείνῳ
1755 5266 1843 5322 καὶ
1900 5287 2041 5340 συμ-

386 5331 560 5388 φορὰν
668 5335 955 5388 μηγανᾶτο
1023 5338 1236 5388 ποιεῖν’
1298 5334 1490 5388 ἀμέλει
1568 5336 1658 5388 καὶ
1723 5339 1784 5388 ἣν
1839 5339 2041 5388 ἐκεῖνος

380 5334 560 5460 ἵορᾶν
636 5334 955 5406 ἐμηχανᾶτο
993 5338 1236 5421 ’ποιεῖν’
1298 5334 1490 5408 ἀμέλει
1568 5334 1685 5392 καῖ’
1723 5339 1784 5406 ἣν
1839 5334 2042 5404 ἐκεῖνος

391 5402 642 5484 ’δείματα
715 5403 1108 5484 λαμπροτάτην
1182 5408 1384 5484 μον-ἠν,
1443 5407 1712 5484 Βασιλείῳ
1768 5415 1847 5484 τῷ
1903 5411 2042 5465 πάνυ

379 5475 729 5556 ᾀναθέμενος,
773 5475 1077 5556 ,ἐπώνυμον
1135 5475 1234 5546 τῆς
1266 5475 1476 5556 ’ἑαυτοῦ
1515 5475 2043 5556 ’κλήσεως-μεγα-

383 5503 729 5549 αναυεμενος,
789 5503 1077 5548 επωνυμον
1135 5503 1234 5546 της
1287 5503 1476 5535 εαυτου
1540 5503 1814 5556 κΑησεως,
1875 5503 1942 5556 με
1982 5503 2043 5538 α-

383 5547 682 5634 λοπρεπως
734 5547 828 5620 μὶν
855 5547 1400 5634 ’κατεσκευασμένηῃ
1434 5550 1532 5634 ριαὲ
1585 5552 1776 5634 πολλῇ
1836 5503 2045 5634 δαπάνῃ

381 5615 664 5704 χειρὸςῃτὸ
715 5615 972 5704 ποικίλον
1026 5615 1535 5704 μετὰςιτοῦκβαλοᾷ
1583 5615 1837 5704 ἔχουσαν,
1869 5615 2044 5704 ἆφβόξ

382 5687 502 5756 νὀις
559 5689 618 5748 δὶ
666 5687 960 5767 χορηγίαις
1005 5687 1070 5748 τὸ
1110 5688 1279 5750 πλέον
1325 5698 1424 5752 τοῦ
1463 5687 1762 5774 αὐταρἶιοῦς
1792 5687 2044 5772 ἀποκλη-

2157 5051 2500 5128 ρωσαμένην,
2552 5043 2809 5105 ἐϐούλετο
2873 5049 2964 5122 μὲν
3023 5047 3082 5104 ἐκ
3135 5046 3403 5122 θεμελίων
3459 5045 3806 5171 καθαιρήσειν

2157 5124 2207 5171 τὸ
2263 5121 2320 5171 δὲ
2357 5127 2456 5171 τῆς
2521 5123 2767 5171 πράξεως
2837 5118 3049 5171 ἀναιδὲς
3110 5117 3533 5171 εὐλαϐούμενος.
3586 5138 3614 5171 τ
3709 5115 3805 5171 μὶν

3778 5137 3805 5170 ν

2147 5137 2207 5178 το
2263 5137 2320 5177 οε
2357 5143 2456 5188 της
2521 5137 2767 5196 πράξεως
2837 5137 3049 5184 αναιοες
3110 5137 3533 5192 εῡΛαοουμενος,
3586 5137 3647 5171 το
3709 5137 3805 5188 μεν

2147 5196 2345 5269 έκεῖθεν
2415 5195 2650 5269 ἀφῄρει,
2694 5195 2756 5250 τὸ
2833 5192 2890 5269 δέ
2930 5193 3251 5269 -κατασείει,
3307 5195 3375 5250 τὰ
3429 5189 3655 5269 ἔπιπλα,
3712 5187 3808 5269 τᾲς

2148 5259 2568 5347 ἐφηρμοσμέςίας
2596 5259 2894 5347 λίθουςχιτὸ
2927 5263 2973 5319 δ’
3024 5264 3164 5347 ἄλλο
3223 5259 3276 5320 τι
3325 5267 3496 5347 ποιῷν
3555 5259 3812 5347 τοι-ουτ..όῖ

2147 5330 2374 5416 τρόπον,
2408 5330 2528 5417 ὀὐκ
2590 5337 2758 5417 ἀνίει,
2807 5337 2970 5413 ἄχρις
3005 5339 3093 5417 ὀὗ
3152 5331 3669 5417 φροντιστήριονῃξΐ
3726 5330 3809 5387 δεῖ

2197 5403 2633 5488 αριεντισάμενον
2715 5403 2906 5488 εἰπεῖν’,
2965 5410 3027 5464 τὸ
3087 5403 3474 5488 Αμὸναστήριον
3544 5403 3805 5488 βέδρακξ,

2197 5431 2633 5488 αριεντισαμενον
2715 5431 2906 5477 ειπειν,
2965 5431 3027 5464 το
3109 5431 3474 5503 μοναστηριον
3558 5431 3804 5482 οεορακε,

2149 5431 2242 5560 ξιὰ
2314 5481 2601 5560 φροντίδος
2670 5481 2970 5560 τιθεμένων
3011 5485 3154 5560 ,τῶν
3207 5482 3260 5539 ἐν
3315 5486 3483 5555 αυτῷ,
3518 5481 3688 5560 ιᾷπως
3742 5473 3804 5560 ἃν

2153 5553 2365 5618 ἑαυτοῖς
2432 5556 2500 5610 τὰ
2553 5553 3199 5629 ἀναγκαῖα-υπορίσαιτο.
3256 5553 3447 5629 Atque
3514 5553 3659 5629 illud
3717 5555 3809 5629 est
3843 5613 3856 5624 ,

2156 5629 2582 5702 monasterium
2605 5625 2676 5702 βξ
2702 5625 2927 5696 Basilii,
2959 5625 3031 5685 de
3061 5644 3177 5700 quo
3235 5625 3463 5702 egimus
3511 5626 3572 5682 in
3602 5627 3806 5682 nostra

2158 5699 2660 5774 Constantinopoli.
