4142 6388
398 337 514 432 159

1748 332 2076 394 JOANNIS
2122 333 2462 396 ΖΟΝΑΒᾹΞ

3709 339 3823 399 160

392 470 586 542 priore
617 470 887 526 instituto
940 486 1054 526 non
1115 469 1440 542 recedebat,
1492 484 1739 541 regnum
1801 483 2038 540 propere

2165 464 2458 541 βασιλικῆς
2516 462 2819 544 ἁϐρότητος
2889 467 3276 546 κατεφρόνησε,
3324 470 3410 524 xui
3488 471 3600 524 τῶν
3675 467 3821 544 λαμ-

393 561 795 616 affectaturus.
830 561 942 616 Sed
1001 561 1073 616 ab
1119 561 1439 633 imperator
1470 577 1573 632 per
1601 559 1825 614 litteras
1858 557 2050 612 moni-

391 654 512 719 tus,
545 654 610 705 ut
636 651 874 706 tandem
900 652 1118 707 omissa
1159 651 1584 723 desperatione,
1619 647 2048 704 continentium

392 738 678 795 bellorum
744 745 946 797 auctor
999 757 1127 798 esse
1187 740 1497 809 desineret,
1586 755 1772 810 neque
1831 743 2047 793 terram

393 829 684 901 sanguine
715 828 1019 900 pollueret,
1055 847 1239 902 eoque
1282 828 1790 885 Christianorum:
1827 843 1960 882 cum
1993 831 2049 882 et

394 925 694 977 senectute
718 924 845 993 jam
874 923 1254 994 afﬂigeretur,
1279 926 1335 977 et
1393 936 1558 993 spem
1621 937 1732 976 non
1764 909 2046 992 optimam

391 1007 633 1079 foveret,
667 1028 770 1080 per
823 1011 1120 1084 pactiones
1159 1012 1232 1066 ad
1292 1011 1458 1066 illum
1519 1027 1581 1066 se
1637 1010 1903 1066 confert:
1947 1009 2046 1081 qui

393 1115 530 1156 cum
565 1100 623 1154 in
646 1102 805 1172 regio
839 1100 1218 1158 tabernaculo
1252 1102 1463 1157 sedens
1494 1099 1755 1156 Sclerum
1789 1099 2045 1172 peditem

391 1190 666 1246 accedere
688 1189 931 1257 videret,
967 1191 1244 1264 utrinque
1287 1191 1620 1261 suffultam,
1677 1205 1813 1247 cum
1845 1190 1917 1246 ob
1949 1205 2045 1246 se-

388 1278 576 1347 nium,
602 1283 726 1335 turn
762 1280 834 1335 ob
875 1281 1090 1336 molem
1135 1280 1395 1352 corporis
1429 1280 1692 1354 (grandis
1721 1279 1874 1336 enim
1900 1278 2044 1352 erat)

387 1367 744 1424 celebratum
776 1369 922 1425 illud
956 1369 1178 1426 dixisse
1228 1371 1413 1425 fertur
1443 1387 1456 1425 :
1493 1371 1665 1438 Quem
1723 1372 2043 1436 timueram,

385 1457 434 1512 is
463 1458 532 1513 ad
561 1475 647 1515 me
675 1476 849 1514 manu
879 1459 1117 1515 ducitur.
1152 1459 1260 1514 Alii
1289 1463 1550 1515 Sclerum
1584 1461 1643 1515 in
1674 1459 1774 1515 illo
1805 1474 2045 1516 accessu

386 1546 458 1601 ad
492 1546 910 1618 imperatorem
933 1549 1128 1604 visum
1163 1547 1435 1604 amisisse
1485 1549 1698 1617 ferunt,
1759 1565 1943 1620 eaque
1973 1548 2044 1603 de

391 1653 570 1692 causa
601 1637 948 1694 ductoribus
977 1639 1159 1694 fuisse
1192 1642 1537 1694 usum.Cum
1573 1655 1753 1711 prope
1778 1639 2048 1694 taberna-

387 1723 588 1780 culum
614 1727 893 1796 venisset,
929 1726 1248 1799 imperator
1277 1728 1430 1784 223
1477 1727 1904 1783 animadversis
1934 1745 2043 1799 pu-

2160 561 2309 631 πρῶν
2409 554 2803 632 ἐπιϐλημάτων
2895 557 3186 635 ἀπέσχετο,
3261 558 3350 614 καὶ
3437 559 3820 635 γλυκυθυμίαν

2160 647 2364 702 ἅπασαν
2398 649 2738 718 ἀπεσείσατο,
2765 647 2855 704 καί
2905 669 2990 704 τοι
3048 651 3243 727 πρώην
3299 650 3375 724 μὴ
3436 647 3583 704 οὕτω
3647 648 3814 725 βιοὺς,

2159 735 2303 791 ἀλλά
2331 740 2418 793 καὶ
2452 737 2671 814 ἐρώτων
2698 737 3038 813 ἡττώμενος,
3073 739 3163 794 καὶ
3195 740 3412 813 κώμοις
3443 740 3535 794 καὶ
3588 743 3816 816 τρυφαῖς

2158 825 2340 882 ἑαυτὸν
2369 825 2618 892 ἐκδιδοὺς
2659 829 2749 885 καὶ
2802 828 3080 906 βασιλείας
3126 829 3506 904 περιττότησιν
3553 826 3816 902 ἐνηδόμε-

2154 937 2268 979 νος.
2315 919 2523 992 Ἑαυτῷ
2584 917 2641 974 δὲ
2701 921 2854 993 μόνῳ
2907 918 3346 996 προσκληρώσας
3389 920 3494 988 τήν
3555 917 3815 992 ἐξουσίαν,

2153 1011 2250 1061 τοῦ
2287 1007 2556 1081 ὀνόματος
2591 1008 2753 1083 μόνον
2785 1016 2886 1080 τῆς
2928 1006 3204 1085 βασιλείας
3254 1011 3343 1064 καὶ
3391 1012 3492 1064 τοῦ
3541 1007 3817 1082 ἐπισήμου

2155 1099 2454 1173 χρώματος
2490 1096 2778 1172 μετεδίδου
2805 1103 2884 1171 τῷ
2916 1096 3161 1178 ἀδελφῷ,
3193 1098 3283 1154 καί
3313 1119 3433 1154 τινα
3485 1095 3813 1177 δορυφορίαν

2157 1185 2344 1261 ἐκείνῳ
2405 1189 2649 1260 ἀπέταξε,
2705 1190 2967 1265 βραχεῖαν
3023 1190 3208 1262 μέντοι
3263 1188 3356 1244 καὶ
3415 1190 3531 1264 οὐχ
3590 1189 3814 1263 ὑπέρογ-

2154 1296 2272 1331 κον.
2307 1278 2366 1335 Ὀ
2425 1275 2482 1332 δὲ
2521 1274 2698 1356 ἔφερε,
2737 1277 2829 1333 καὶ
2887 1277 2986 1334 οὐκ
3034 1273 3374 1356 ἠμφισϐήτει
3427 1282 3511 1350 τῷ
3573 1274 3815 1354 ἀδελφῷ,

2154 1364 2322 1434 ἤθους
2361 1366 2646 1440 ἀνειμένου
2691 1367 2901 1443 τυχὼν,
2935 1367 3112 1441 οἶμαι,
3143 1367 3232 1421 xui
3283 1365 3495 1443 χαίρων
3553 1366 3819 1442 ὑγροτέρᾳ

2159 1459 2270 1530 ζωῇ
2319 1457 2406 1511 καὶ
2461 1455 2703 1533 διαγωγῇ
2735 1461 2992 1535 τρυφερᾷ,
3025 1455 3114 1511 καὶ
3173 1458 3366 1530 Θήραις
3426 1458 3516 1511 καὶ
3580 1455 3817 1526 ἡλικιω-

2152 1546 2260 1598 τῶν
2293 1545 2548 1616 συνουσίᾳ
2575 1549 2682 1599 τῶν
2717 1545 2798 1607 οἷς
2830 1543 3202 1622 συνετρέφετο.
3235 1546 3327 1602 Τὼ
3389 1545 3484 1619 μὶν
3531 1543 3623 1599 οὖν
3655 1542 3812 1600 ἀδελ-

2155 1633 2240 1709 φὼ
2281 1631 2371 1687 καὶ
2420 1630 2584 1712 ἄμφω
2634 1633 2850 1710 εἰχέτην
2897 1633 3097 1696 οὕτως.
3129 1635 3186 1690 Ὁ
3220 1630 3276 1688 δέ
3311 1655 3375 1708 γε
3406 1633 3686 1708 Σκληρὸς,
3719 1638 3813 1689 τοῦ

2157 1728 2325 1777 Φωκᾶ
2400 1722 2673 1792 θανόντος,
2731 1723 2912 1786 λυθεὶς
2976 1727 3076 1788 τῆς
3149 1722 3391 1798 εἱρκτῆς,
3452 1721 3639 1799 εἷ’χετο
3724 1723 3811 1779 xui

387 1814 571 1870 niceis
619 1815 681 1871 in
733 1834 798 1872 eo
849 1815 1060 1872 calceis
1105 1818 1264 1885 (nam
1319 1822 1524 1873 caetera
1571 1817 1829 1890 insignia
1885 1817 2038 1889 regia

2153 1808 2306 1875 αὖθις
2331 1816 2428 1866 τοῦ
2457 1811 2585 1887 πρὶν
2626 1811 3049 1888 ἐγχειρήματος,
3080 1813 3171 1866 καὶ
3217 1819 3502 1888 τυραννεῖν
3561 1813 3650 1868 xui
3708 1813 3812 1868 πά-

2154 1898 2172 1915 κ
2311 1901 2324 1915 .
2407 1897 2619 1915 ,ρης
2776 1899 3039 1915 ΜΛ
3141 1900 3218 1915 ς.
3422 1902 3433 1915 ,
3762 1903 3775 1915 .

387 1903 759 1975 deposuerat,
790 1904 1003 1962 calceis
1033 1906 1176 1962 solis
1207 1907 1326 1962 sive
1374 1924 1478 1979 per
1519 1907 1892 1977 oblivionem,
1921 1907 2040 1963 sive

388 2008 494 2063 per
523 1993 969 2067 incogitantiam
1004 1995 1266 2068 retentis)
1311 1997 1515 2052 statim
1562 1996 1771 2052 avertit
1817 1996 2039 2064 oculos,

387 2098 576 2154 neque
599 2099 730 2138 cum
764 2101 831 2140 eo
865 2084 978 2140 nisi
1002 2085 1203 2141 habitu
1222 2085 1431 2157 privati
1448 2084 1701 2156 colloqui
1733 2085 2040 2142 sustinuit.

385 2174 528 2228 Cum
583 2173 766 2245 igitur
816 2179 951 2230 ante
1010 2174 1459 2231 tabernaculum
1527 2175 1849 2232 invidiosos
1907 2174 2040 2231 illos

387 2260 612 2318 calceos
643 2262 975 2334 abjecisset,
1009 2265 1276 2336 ingresso
1321 2264 1644 2337 imperator
1694 2265 2038 2337 assurrexit,

386 2357 770 2423 porrectaque
801 2355 1059 2419 dextera,
1085 2353 1429 2424 collocutus,
1455 2358 1513 2410 et
1561 2355 1763 2411 eadem
1798 2359 2043 2426 uterque

387 2455 590 2495 mensa
627 2458 770 2497 usus
796 2447 906 2510 est,
941 2447 1119 2514 atque
1150 2461 1217 2499 ex
1266 2445 1472 2500 eodem
1532 2444 1708 2500 calice
1741 2444 2037 2500 biberunt.

389 2527 508 2584 Hoc
541 2530 712 2586 modo
746 2531 937 2603 sopita
967 2531 1148 2587 Scleri
1180 2532 1510 2604 tyrannide,
1545 2533 1672 2604 ipse
1702 2534 2043 2606 curopalata

387 2623 478 2672 est
509 2618 874 2690 designatus,
919 2625 974 2675 et
1004 2637 1179 2692 quem
1230 2621 1476 2694 quisque
1525 2623 1864 2694 adjutorum
1911 2623 2040 2693 ejus

389 2707 695 2777 dignitatis
714 2713 772 2762 et
796 2709 1103 2780 potestatis
1119 2711 1614 2784 gradum,quasve
1636 2712 2040 2784 possessiones

387 2795 460 2850 ab
493 2794 592 2851 illo
625 2803 909 2868 regnante
940 2804 1264 2871 acceperat,
1297 2817 1364 2856 ea
1420 2801 1669 2857 retinere
1706 2800 1891 2857 licuit.
1924 2803 2038 2856 Im-

385 2889 622 2955 perator
651 2887 807 2943 curis
861 2888 1253 2944 defectionum
1312 2889 1560 2959 levatus,
1612 2891 1673 2946 in
1731 2891 2039 2947 Thraciam

385 2975 551 3039 abiit,
583 2981 640 3030 et
670 2976 1150 3035 Thessalonicam
1195 2980 1464 3050 accessit,
1499 2984 1563 3036 ut
1621 2980 1834 3037 celebri
1889 2998 2041 3037 mar-

382 3063 493 3134 tyri
518 3064 736 3135 gratias
769 3071 986 3138 ageret,
1019 3067 1221 3139 ibique
1241 3069 1363 3124 viro
1393 3068 1608 3125 illustri
1639 3087 1772 3126 cum
1808 3071 2038 3143 magnis

383 3153 570 3223 copiis
600 3154 747 3210 duce
781 3155 983 3213 relicto
1011 3158 1083 3213 ad
1135 3159 1508 3215 excursiones
1553 3159 1846 3216 Samuelis
1877 3177 2037 3216 coer-

385 3243 624 3310 cendas,
664 3245 1002 3316 Byzantium
1065 3247 1412 3319 regreditur.
1469 3249 1609 3304 Inde
1658 3250 1716 3304 in
1787 3249 2034 3305 lberiam

388 3332 804 3404 proficiscitur,
828 3334 1049 3390 Davide
1067 3336 1400 3408 curopalata
1434 3342 1688 3407 mortuo,
1711 3356 1743 3394 a
1775 3355 1889 3410 quo
1907 3340 2036 3410 ejus

383 3419 624 3475 ditionis
655 3421 838 3477 haeres
868 3423 1587 3498 institutusfuorat,quam
1618 3427 1716 3482 ille
1743 3433 2032 3484 tenuerat.

384 3507 470 3562 Ibi
516 3507 719 3565 relicta
777 3511 890 3566 sibi
949 3513 1171 3568 ditione
1202 3521 1504 3586 occupata,
1538 3532 1672 3571 cum
1719 3518 2033 3590 Georgium

383 3595 623 3653 Davidis
655 3599 893 3655 fratrem
925 3601 1221 3659 interioris
1263 3603 1460 3659 Iberiee
1493 3603 1818 3678 principem
1878 3625 2032 3664 com-

384 3687 732 3758 pescuisset,
771 3693 835 3743 ut
892 3690 1016 3746 suis
1072 3691 1291 3747 finibus
1345 3697 1658 3749 contentus
1705 3700 1882 3763 esset,
1917 3697 2034 3754 filio

384 3777 512 3844 ejus
543 3777 748 3833 obside
771 3784 1008 3852 accepto
1035 3781 1423 3837 :Phoeniciam
1459 3783 1689 3850 adiit,et
1709 3785 2033 3858 principem

385 3864 841 3937 Tripolitanum,
877 3869 1332 3938 Damascenum,
1353 3872 1593 3940 Tyrium
1629 3876 1686 3928 et
1714 3874 2034 3949 Berytium,

385 3954 485 4024 qui
507 3955 940 4028 conspiratione
969 3957 1138 4028 inita,
1161 3960 1451 4031 Daphnea:
1481 3962 1799 4018 Antiochiae
1831 3981 2032 4037 agrum

384 4043 826 4102 incursionibus
858 4049 1165 4116 vexabant,
1212 4050 1490 4122 coercuit,
1513 4054 1570 4105 et
1599 4052 1877 4110 Romanis
1910 4071 2035 4110 ser-

383 4132 505 4189 vire
536 4134 740 4203 coegit,
774 4137 1149 4210 acceptisque
1207 4139 1280 4194 ab
1333 4139 1426 4194 his
1481 4139 1657 4196 etiam
1707 4143 2034 4215 obsidibus,

384 4220 627 4279 domum
658 4224 850 4280 rediit.
885 4226 956 4281 Et
977 4225 1086 4283 hoc
1119 4227 1357 4298 quidem
1394 4228 1477 4283 ita
1505 4245 1566 4285 se
1604 4229 1958 4287 habuerunt.

2154 1898 2238 1955 λιν
2270 1901 2369 1956 ούκ
2397 1897 2836 1960 ἀνεϐάλλετο.Ὁ
2893 1899 2951 1956 δὲ
3012 1900 3267 1976 βασιλεὺς
3333 1902 3624 1980 γράμμασι
3681 1903 3812 1977 πρὸς

2151 1990 2309 2046 αὐτὸν
2406 1991 2795 2068 ἒγχαραχθεῖσι
2835 2009 2840 2015 ‘
2887 1991 3115 2068 παρῄνει
3208 1993 3298 2047 τὸν
3413 1990 3586 2069 ἄνδρα
3677 1993 3811 2048 παύ-

2153 2092 2342 2145 σασθαι
2401 2088 2503 2151 τῆς
2560 2081 2815 2144 ἀπονοίας
2875 2082 3027 2154 ποτὲ,
3086 2081 3175 2137 καὶ
3237 2082 3314 2155 μή
3373 2081 3457 2136 ἀεὶ
3523 2081 3808 2158 βούλεσθαι

2152 2169 2323 2226 αἴτιον
2357 2173 2483 2226 εἶναι
2515 2169 2776 2246 πολέμων
2811 2171 3123 2247 ὁμογενέσι,
3153 2173 3241 2227 xui
3301 2171 3401 2240 τὴν
3463 2179 3570 2247 γῆν
3623 2169 3810 2246 α’ίμασι

2152 2260 2416 2337 χραίνειν,
2447 2262 2537 2316 καὶ
2565 2260 2778 2323 τούτοις
2807 2265 3168 2336 Χριστιανῶν.
3203 2262 3264 2318 Ὀ
3325 2258 3383 2315 δὲ
3433 2266 3518 2334 τῷ
3570 2282 3628 2316 τε
3674 2263 3810 2336 γήρᾳ

2149 2350 2491 2426 τρυχόμενος
2539 2347 2675 2421 ἤδη,
2731 2352 2818 2406 καὶ
2892 2352 3030 2426 πρὸς
3087 2352 3149 2405 τὸ
3213 2348 3420 2424 μέλλον
3477 2350 3808 2428 ἰλιγγιάσας,

2152 2437 2456 2510 σπένδεται,
2486 2438 2578 2494 xui
2624 2441 2870 2516 πρόσεισι
2913 2445 2992 2512 τῷ
3042 2440 3356 2514 κρατοῦντι·
3408 2439 3661 2504 κάκεῖνος
3711 2439 3805 2494 ὑπὸ

2153 2531 2358 2599 σκηνὴν
2388 2537 2628 2599 καθῆστο
2664 2527 2964 2603 βασίλειον,
2996 2529 3089 2584 xui
3124 2530 3150 2584 6
3185 2528 3441 2600 Σκληρὸς
3499 2527 3671 2605 βάδην
3725 2525 3805 2601 ᾔει

2151 2619 2287 2695 πρὸς
2329 2620 2428 2688 τὴν
2489 2619 2719 2691 σκηνὴν,
2783 2616 3262 2695 ὑπερερειδόμενος
3339 2617 3692 2695 ἑκατέρωθεν,
3747 2618 3805 2671 τὸ

2155 2707 2338 2782 μέντοι
2373 2705 2462 2762 διὰ
2489 2707 2550 2762 τὸ
2574 2714 2771 2782 γῆρας,
2800 2708 2863 2762 τὸ
2896 2705 2952 2762 δὲ
2985 2705 3073 2763 διὰ
3100 2709 3190 2762 τὸν
3217 2703 3380 2783 ὄγκον
3413 2712 3514 2763 τοῦ
3561 2709 3806 2781 σώματος

2152 2798 2239 2872 (ἦν
2272 2797 2373 2874 γὰρ
2403 2797 2725 2872 εὐμεγέθης)
2752 2795 2841 2852 ὅτε
2869 2797 2959 2852 καὶ
2988 2799 3050 2852 τὸ
3096 2794 3357 2872 ᾀδόμενον
3406 2798 3582 2852 εἰπεῖν
3633 2798 3661 2852 6
3715 2797 3802 2871 βα-

2154 2887 2334 2950 σιλεὺς
2395 2885 2683 2949 Βασίλειος
2767 2884 3000 2964 λίγεται’
3078 2889 3173 2945 Ὃν
3252 2884 3572 2957 ἐδεδοίκειν,
3646 2905 3806 2962 προσ-

2151 2978 2333 3052 άγεταί
2413 2997 2504 3050 μοι
2581 2977 3116 3052 χειραγωγούμενος.
3160 2977 3227 3034 Οἱ
3279 2973 3336 3031 δὲ
3394 2976 3630 3052 ἀορασίᾳ
3667 2972 3805 3046 πλη-

2147 3069 2308 3144 γῆναί
2384 3088 2512 3145 φασι
2567 3067 2659 3121 τὸν
2720 3064 2972 3142 Σκληρὸν
3035 3065 3088 3122 έν
3137 3071 3218 3138 τῷ
3258 3065 3480 3122 ἀπιέναι
3535 3067 3670 3144 πρὸς
3723 3065 3807 3119 τὸν

2149 3155 2540 3232 αὐτοκράτορα,
2589 3155 2680 3210 καὶ
2755 3152 2845 3210 διὰ
2925 3153 3085 3211 τοῦτο
3151 3158 3634 3232 χειραγωγεῖσθαι.
3691 3155 3802 3229 Ἐγ-

2148 3246 2398 3323 γίσαντος
2449 3241 2506 3299 δὲ
2553 3249 2650 3300 τοῦ
2681 3242 2876 3320 ἀνδρὸς
2907 3248 2976 3320 τῇ
3011 3248 3210 3320 σκηνῇ,
3241 3247 3587 3317 κατανοήσας
3638 3246 3666 3300 6
3722 3243 3804 3318 βα-

2146 3334 2328 3398 σιλεὺς
2389 3334 2466 3390 ἔτι
2521 3334 2651 3397 τοὺς
2694 3332 2864 3397 πόδας
2919 3335 3084 3390 αὐτοῦ
3145 3332 3563 3407 ὑποδουμένους
3604 3330 3800 3402 ὑποδή-

2149 3446 2277 3500 μασι
2300 3429 2568 3503 φοινικοῖς
2597 3424 2681 3496 (τὰ
2714 3422 2938 3501 μὲνγὰρ
2985 3422 3134 3481 ἄλλα
3178 3431 3280 3494 τῆς
3332 3423 3620 3501 βασιλείας
3666 3443 3798 3498 γνω-

2145 3515 2380 3591 ρίσματα
2448 3516 2476 3569 6
2537 3513 2790 3591 Σκληρὸς
2845 3511 3169 3587 ἀπεδύσατο,
3224 3514 3291 3568 τὰ
3347 3512 3405 3570 δέ
3489 3536 3551 3591 γε
3613 3509 3800 3569 πέδιλα

2144 3607 2247 3661 οὐκ
2321 3605 2571 3672 ἀπέθετο,
2626 3602 2661 3672 ἢ
2719 3603 2822 3681 γὰρ
2902 3602 3080 3659 λάθετ’
3133 3603 3169 3673 ἢ
3230 3603 3330 3659 οὐκ
3404 3602 3629 3676 ἐνόησεν
3695 3603 3799 3673 (86)

2145 3694 2407 3767 ἀπέστεψε
2451 3694 2548 3756 τὰς
2595 3688 2748 3764 ὄψεις
2799 3692 2977 3762 εὐθὺς,
3015 3695 3091 3767 μὴ
3129 3691 3320 3756 ἄλλως
3351 3695 3511 3768 αὐτῷ
3569 3693 3798 3766 έντυχεῖν

2145 3782 2474 3859 ἀνεχόμενος
2517 3782 2563 3837 εἰ
2616 3783 2692 3856 μὴ
2749 3782 2799 3837 ἐν
2854 3780 3080 3838 ΐδιώτου
3115 3781 3308 3857 στολῇ.
3341 3785 3399 3840 Ὀ
3431 3782 3520 3854 δὲ,
3554 3783 3657 3858 πρὸ
3710 3784 3801 3847 τῆς

2144 3879 2346 3944 σκηνῆς
2388 3871 2691 3948 ἀποῤῥίψας
2740 3871 2807 3926 τὰ
2865 3870 3127 3950 ἐπίφθονα
3181 3870 3402 3942 πέδιλα,
3464 3871 3635 3935 οὕτως
3692 3866 3802 3924 ὑπέ-

2147 3959 2209 4017 δυ
2268 3961 2454 4030 αὐτὴν,
2485 3961 2577 4015 καὶ
2636 3961 2664 4016 ὁ
2722 3961 2978 4036 βασιλεὺς
3035 3961 3431 4033 έξανέστη,καὶ
3498 3962 3590 4019 τὸν
3649 3957 3799 4032 ἄνδρα

2149 4049 2491 4122 ἐδεξιώσατο,
2521 4050 2613 4105 καὶ
2671 4049 3036 4124 ὡμιλησάτην
3099 4049 3396 4124 ἀλλήλοιν,
3460 4052 3549 4108 xui
3594 4046 3792 4106 ἐκοινώ-

2146 4161 2273 4197 σατο
2330 4141 2621 4216 τραπέζης,
2679 4139 2769 4194 xui
2827 4138 3044 4211 έπιέτην
3092 4139 3151 4195 ἐκ
3195 4147 3295 4212 τῆς
3326 4139 3498 4212 αὐτῆς
3559 4138 3788 4197 κύλικος.

2144 4235 2348 4287 Τοῦτον
2409 4231 2503 4302 μὶν
2560 4228 2653 4285 οὖν
2706 4229 2798 4284 τὸν
2873 4231 3076 4306 τρόπον
3157 4230 3246 4285 xui
3305 4233 3340 4300 ὴ
3403 4236 3502 4287 τοῦ
3552 4225 3793 4301 Σκληροῦ

384 4311 642 4380 τυρπννὶς
728 4310 1114 4386 καταλέλυται,
1174 4315 1339 4370 αὐτοῦ
1423 4317 1515 4390 μὶν
1601 4319 2016 4393 κουροπαλάτου
2099 4321 2446 4395 τιμηθέντος,
2504 4323 2610 4375 τῶν
2673 4317 2731 4374 δὲ
2793 4320 3174 4397 συναραμένων
3252 4322 3402 4393 αὐτῷ
3466 4335 3791 4397 παραχωρη-

386 4400 585 4463 θέντων
644 4399 790 4476 ἔχειν
823 4403 851 4457 ὃ
883 4402 941 4456 ἂν
973 4400 1196 4466 ἕκαστος
1257 4403 1308 4474 ἐξ
1367 4403 1572 4460 ἐκείνου
1627 4413 2017 4481 τυραννοῦντος
2075 4407 2443 4486 εἰλήφει,μεῖ¹τ’
2499 4408 2549 4464 έν
2609 4408 2780 4479 ἀξίαις
2836 4405 3052 4478 ἧν,εἷ’τ’
3103 4408 3155 4464 έν
3200 4410 3421 4486 ἀρχαῖς,
3456 4408 3562 4465 ei’te
3621 4404 3794 4480 μέντοι

383 4485 765 4579 έν-κτήσεσιν.
811 4492 874 4579 Ὁ
933 4488 990 4547 δὶ
1068 4491 1346 4569 βασιλεὺς,
1406 4495 1501 4556 τὰς
1577 4499 1687 4549 τῶν
1757 4497 2097 4558 ἀποπασιῶν
2157 4483 2445 4579 φροντίδας
2502 4498 3030 4576 ἀποφορτισάμενος,
3091 4499 3179 4553 ἰπὶ
3381 4499 3596 4576 Θρᾴκην
3641 4493 3795 4566 ἐξῄειν

382 4577 474 4630 καὶ
533 4576 611 4640 εἴς
669 4577 1066 4652 Θεσσαλονίκην
1124 4581 1398 4660 έφοίτησε,
1447 4588 1530 4656 τῷ
1577 4586 1912 4661 περιωνύμῳ
1971 4576 2204 4666 μάρτυρι
2262 4587 2835 4664 ἀνθομολογούμενος.
2896 4586 3239 4663 Καταλείψας
3293 4586 3340 4643 δ’
3390 4587 3503 4644 ἐκεῖ
3556 4579 3798 4660 στρατάρο

383 4685 493 4742 χην
545 4671 653 4723 τῶν
713 4668 998 4743 ἐπισήμων
1053 4671 1187 4743 μετὰ
1248 4671 1462 4748 βαρείας
1521 4670 1819 4748 δυνάμεως,
1845 4676 1936 4732 ’ίνα
1986 4677 2177 4754 κωλύῃ
2231 4680 2330 4741 τὰς
2385 4682 2482 4732 τοῦ
2543 4678 2810 4754 Σαμουὴλ
2875 4676 3168 4753 ἐκδρομὰς,
3230 4676 3466 4733 ἐπάνεισι
3521 4676 3656 4753 πρὸς
3702 4670 3794 4736 τὴν

382 4754 672 4848 Βύζαντος,
729 4761 815 4848 καὶ
879 4759 956 4823 εἷς
1005 4755 1242 4837 Ἰϐηρίαν
1304 4761 1494 4836 ἀπῄει,
1551 4763 1904 4840 κληρονόμος
1981 4767 2360 4848 καταλειφθεὶς
2429 4767 2576 4843 ποιρᾶ
2650 4773 2751 4822 τοῖ’)
2818 4767 3240 4844 κουροπαλάτου
3317 4764 3484 4822 Δαὸἶδ
3556 4760 3794 4819 θανόντος

378 4851 479 4914 τῆς
529 4844 715 4921 ἐκείνῳ
772 4846 1137 4926 διαφερούσης
1198 4850 1398 4926 ἀρχῆς.
1463 4854 1730 4930 Ἔνθαπερ
1789 4859 2053 4933 γεγονὼς,
2106 4844 2350 4928 καὶ-τῆς
2407 4857 2858 4934 καταλειφθείσης
2928 4857 3076 4930 αύτῷ
3147 4856 3334 4933 χώρας
3391 4849 3793 4925 ἐπιλαϐόμενος,

379 4935 468 4989 καὶ
522 4937 611 4991 τὸν
671 4942 768 4993 τοῦ
823 4934 987 4993 Δαϐῗδ
1047 4937 1280 5018 ἀδελφὸν
1337 4942 1427 4996 τὸν
1490 4942 1758 5019 Γεώργιον
1825 4954 1925 5017 τῆς
2003 4945 2287 5025 ένδοτέρας
2337 4943 2577 5024 Ἰϐηρίας
2635 4948 3042 5025 ἡγεμονεύοντα
3097 4948 3511 5023 παρασκευάσας
3567 4935 3793 5025 ἡσυχίαις

381 5021 548 5098 ἄγειν,
606 5026 696 5082 καὶ
760 5032 881 5090 τοῖς
955 5025 1115 5092 ἰδίοις
1186 5031 1484 5105 ἀρκεῖσθαι,
1538 5033 1628 5088 καὶ
1697 5033 1911 5111 ὅμηρον
1978 5038 2070 5093 τὸν
2139 5037 2344 5093 ἐκείνου
2420 5035 2588 5092 παῖδα
2645 5033 2855 5106 λαϐὼν,
2925 5035 3014 5093 έπὶ
3073 5035 3337 5108 Φοινίκην
3396 5035 3666 5112 ἐχώρησε,
3712 5021 3795 5080 καιἶ

378 5114 470 5169 τόν
534 5137 593 5170 τε
655 5124 754 5186 τῆς
809 5118 1128 5192 Τριπόλεως
1198 5120 1439 5196 ἄρχοντα
1497 5122 1587 5176 καὶ
1652 5124 1743 5180 τὸν
1810 5133 1911 5196 τῆς
1977 5132 2290 5202 Δαμασκοῦ,
2318 5126 2407 5182 καὶ
2474 5128 2566 5182 τὸν
2633 5133 2733 5197 τῆς
2793 5127 2972 5201 Τύρου
3039 5127 3128 5182 xui
3195 5129 3464 5198 Βηρυτοῦ,
3495 5119 3629 5178 κατὰ
3677 5132 3794 5170 συν·

381 5205 550 5274 θήκας
615 5210 683 5279 τῇ
747 5207 887 5281 πρὸς
954 5211 1022 5282 τῇ
1093 5209 1272 5286 Δάφνῃ
1309 5211 1614 5289 Ἀντιοχείᾳ
1678 5212 1947 5286 ἐπιόντας,
1984 5217 2072 5271 καὶ
2139 5221 2436 5279 κακοῦντας
2498 5217 2566 5272 τὰ
2633 5217 2719 5271 ὑπ’
2767 5214 2958 5290 αὐτὴν,
3019 5216 3310 5286 ἀνέστειλε,
3379 5213 3469 5270 καὶ
3536 5205 3791 5265 δούλωσιν

378 5294 670 5384 Ῥφμαίοις
735 5304 921 5374 τηρεῖν
991 5299 1280 5372 ἀνέπεισε,
1345 5303 1437 5357 καιὶ
1500 5304 1748 5381 ὁμήρους
1811 5306 1916 5362 κάκ
1976 5306 2186 5364 τούτων
2257 5302 2486 5384 λαϐὼν,
2565 5305 2944 5381 ἐπανέζευξεν.
3015 5305 3192 5366 Ἀλλὰ
3254 5311 3423 5363 ταῦτα
3492 5302 3585 5377 μὲν
3652 5296 3790 5370 εἶχον

381 5382 547 5444 οὕτω.

1608 5540 1853 5608 'Variaa
1895 5545 2199 5611 lectiones
2241 5553 2304 5610 et
2346 5554 2538 5612 notae.

458 5686 571 5762 (86)
601 5687 669 5743 Ἢ
697 5685 797 5766 γὰρ
827 5687 1007 5747 Λάθετ⁹
1033 5690 1069 5762 ἢ
1103 5689 1202 5749 οὔκ
1231 5691 1464 5765 ἐνόησεν.
1498 5694 1954 5756 Hemistichium
1983 5695 2038 5757 Πι

2151 5696 2356 5760 irinum
2386 5715 2456 5758 ex
2483 5699 2645 5759 Iliad.
2681 5716 2722 5771 ι,
2751 5715 2904 5761 vers.
2933 5700 3060 5761 533.
