4142 6374
424 437 542 498 163

1770 425 2098 489 JOANNIS
2154 425 2494 489 ZONARE

3725 431 3842 491 164

416 574 736 646 impcrator
758 586 791 626 a
824 566 1122 642 proposito
1155 584 1272 624 non
1295 563 1783 623 recedebat.Nam
1813 569 2054 636 tempore

2188 566 2296 617 τῶν
2356 562 2684 639 Βουλγάρων
2745 559 3060 621 ἀπώλοντο.
3092 564 3150 622 ⁸0
3191 561 3249 620 δέ
3306 563 3572 640 Σαμουὴλ
3633 563 3843 644 διέδρα,

413 681 481 721 ac
513 667 599 719 tot
625 660 882 717 victoriis
913 660 1126 726 elatus,
1161 656 1514 714 insolentem
1556 669 1618 712 se
1677 670 1817 728 erga
1870 669 2076 711 omnes

412 751 691 825 praebuit:
754 766 821 804 ac
869 747 1124 804 subditis
1179 744 1571 802 formidabilis
1630 761 1808 816 quam
1859 744 2074 800 charus

414 857 545 899 esse
577 838 835 896 maluit:
896 853 1084 908 neque
1131 835 1283 891 cives
1345 850 1536 906 neque
1582 833 1798 890 milites
1855 849 1959 906 pro
1991 849 2077 890 re-

417 935 585 1004 cepta
607 928 1051 994 consuetudine,
1086 941 1264 998 quam
1311 929 1367 980 et
1406 924 1827 997 legumlatores
1886 925 2076 981 instar

416 1019 562 1091 legis
595 1019 806 1075 habere
821 1016 1225 1088 pronuntiant,
1259 1015 1362 1070 sed
1396 1030 1502 1071 suo
1528 1014 1754 1085 judicio
1797 1017 1854 1069 et
1911 1013 2070 1069 arbi-

412 1113 570 1164 tratu
603 1111 852 1163 tractare
883 1102 1086 1159 valuit.
1123 1103 1368 1159 Promde
1402 1101 1624 1157 nullam
1658 1102 1808 1157 225
1870 1102 2068 1157 docto-

413 1215 544 1255 rum
577 1197 832 1254 virorum
859 1194 1145 1250 rationem
1163 1191 1703 1264 habuit,ipsamque
1735 1192 2067 1248 doctrinam

412 1305 533 1343 rem
560 1285 831 1342 inutilem
876 1287 934 1338 et
989 1297 1481 1354 supervacaneam
1535 1281 1854 1352 judicans:
1911 1281 2067 1337 viros

411 1391 600 1449 neque
622 1391 832 1448 genere
855 1388 962 1428 nec
989 1370 1320 1427 eruditione
1351 1371 1542 1426 claros
1599 1375 1655 1424 et
1685 1371 1756 1426 ab
1806 1370 2068 1443 epistolis

400 1470 459 1523 et
489 1484 522 1522 a
551 1463 818 1521 consiliis
851 1461 1081 1531 habuit,
1134 1460 1350 1532 quibus
1409 1459 1636 1514 litteras
1695 1459 2063 1532 simpliciter,

401 1555 679 1626 nullaque
710 1567 848 1608 cum
880 1567 1023 1606 cura
1052 1548 1316 1604 dictavit.
1344 1549 1453 1604 Sed
1485 1551 1542 1603 et
1572 1547 1785 1604 fiscum
1832 1549 2065 1606 obstru-

397 1644 506 1701 ctis
541 1643 769 1699 foribus
800 1639 1049 1714 pecunia
1081 1637 1333 1693 refersit.
1371 1641 1578 1692 Fertur
1608 1637 1766 1693 enim
1811 1639 2063 1694 ducenta

399 1732 589 1789 millia
620 1731 906 1786 talentum
939 1727 1065 1783 auri
1099 1727 1158 1781 in
1207 1725 1502 1782 thesauris
1550 1726 1850 1783 habuisse.
1910 1727 2058 1784 Nam

396 1822 640 1879 alterius
671 1818 932 1893 pecuniae
963 1816 1164 1872 nullus
1188 1815 1325 1870 iniri
1353 1831 1638 1872 numerus
1666 1819 1881 1888 potest,
1913 1818 2055 1875 adeo

2183 655 2284 721 τῆς
2311 652 2508 708 τούτου
2539 658 2743 724 σκηνῆς
2772 652 2863 708 καὶ
2893 659 2992 722 τῆς
3023 649 3387 729 παρεμϐολῆς
3427 656 3643 726 ἁπάσης
3690 653 3843 733 διαρ-

2183 742 2468 818 παγείσης.
2502 744 2600 799 Καὶ
2657 743 2755 812 τήν
2816 741 2979 798 πόλιν
3041 740 3098 798 δὲ
3157 748 3262 800 τῶν
3325 743 3580 802 Σκοπίων
3629 747 3656 801 ὁ
3691 747 3845 822 βασι-

2185 828 2309 893 λεὺς
2394 831 2743 909 παρειλήφει,
2813 829 3055 888 δοθεῖσαν
3136 833 3281 906 αύτῷ
3368 835 3514 910 παρὰ
3565 836 3847 910 Ῥωμανοῦ

2181 926 2281 976 τοῦ
2341 923 2460 976 υἱοῦ
2511 920 2714 998 Πέτρου
2771 925 2869 976 τοῦ
2923 919 3179 999 ἄρξαντος
3229 929 3335 980 τῶν
3397 922 3755 1002 Βουλγάρων,
3799 927 3846 999 ᾧ

2180 1011 2214 1078 ἡ
2248 1010 2448 1081 ταύτης
2481 1010 2698 1089 φυλακὴ
2734 1012 2880 1086 παρά
2929 1016 3027 1066 τοῦ
3087 1012 3357 1086 Σαμουὴλ
3417 1013 3843 1088 ἐμπεπίστευτο.

2179 1101 2310 1157 Εἶτα
2363 1101 2438 1163 εἰς
2489 1102 2588 1170 τήν
2666 1100 3071 1156 Κωνσταντίνου
3132 1101 3468 1175 ἐπανελθὼν,
3520 1101 3848 1180 ἐδογμάτισε

2175 1189 2270 1253 τὰς
2324 1194 2431 1245 τῶν
2489 1187 2864 1246 ἀπολωλότων
2920 1195 3188 1247 ταπεινῶν
3239 1190 3547 1256 συντελείας
3578 1193 3843 1268 εἰσπράτ-

2175 1281 2354 1334 τεσθαι
2413 1279 2472 1335 ἐκ
2503 1284 2608 1336 τῶν
2645 1277 2904 1336 δυνατῶν·
2937 1285 3098 1336 τοῦτο
3153 1279 3213 1336 δὲ
3251 1280 3462 1354 ἐκλήθη
3529 1280 3846 1358 Ἀλληλέγ-

2175 1389 2328 1444 γυον.
2358 1367 2588 1426 Πολλῶν
2643 1367 2700 1425 δὲ
2755 1369 2878 1446 περὶ
2934 1370 3131 1426 τούτου
3181 1368 3483 1442 δεηθέντων
3525 1371 3616 1427 καὶ
3666 1371 3844 1428 αὐτοῦ’

2173 1463 2270 1512 τοῦ
2353 1459 2702 1535 Πατριάρχου
2788 1458 3038 1536 Σεργίου,
3085 1460 3162 1522 ὡς
3236 1458 3298 1516 ἂν
3354 1463 3387 1530 ἡ
3446 1457 3632 1524 ἄδικος
3691 1461 3837 1532 αὕτη

2175 1547 2423 1624 σχολάσῃ
2478 1547 2567 1604 καὶ
2639 1547 2957 1625 παράλογος
3014 1546 3313 1626 εἴσπραξις,
3372 1550 3439 1619 ἦν
3493 1551 3521 1606 ὁ
3583 1549 3848 1627 βασιλεὺς

2171 1636 2580 1710 ἀμετάπειστος.
2613 1639 2700 1710 Τῷ
2757 1637 2945 1714 χρόνῳ
3006 1638 3110 1714 γάρ
3175 1639 3262 1694 καὶ
3295 1644 3414 1702 ταῖς
3441 1638 3615 1702 νίκαις
3668 1640 3849 1695 ἀπάν-

2169 1747 2276 1781 των
2334 1727 2706 1801 κατετιαρθεὶς,
2768 1728 3136 1802 ὑπεροπτικὸς
3216 1728 3355 1804 πρὸς
3422 1727 3624 1792 πάντας
3702 1727 3848 1786 ἐδεί-

2166 1817 2467 1886 κνυτο,καὶ
2539 1816 2642 1871 οὐκ
2691 1816 2891 1872 εὐνοεῖν
2948 1816 3116 1890 αὐτῷ,
3167 1812 3450 1894 φοϐεῖσθαι
3501 1815 3548 1872 δ’
3578 1814 3848 1877 ἐϐούλετο

403 1915 462 1966 et
491 1907 868 1964 conclavibus
898 1904 1162 1977 repletis,
1206 1920 1333 1960 eam
1395 1907 1560 1960 terrae
1601 1905 1914 1972 mandarit,
1950 1923 2051 1962 an-

2166 1907 2226 1960 τὸ
2256 1907 2519 1977 ὑπήκοον,
2555 1906 2656 1962 καὶ
2709 1906 2771 1960 τό
2802 1927 2857 1960 τε
2889 1908 3276 1983 στρατιωτικὸν
3305 1905 3368 1962 τό
3413 1903 3473 1963 τε
3520 1905 3842 1979 πολιτικὸν,

394 2000 685 2056 fractibus
745 1997 936 2052 instar
965 1994 1437 2068 fabyrinthorum
1495 1994 1774 2050 effossis:
1835 1995 1940 2051 sed
1997 1999 2054 2052 et

2166 1995 2226 2050 οὐ
2256 1996 2391 2072 πρὸς
2420 1995 2484 2052 τὸ
2536 2002 2810 2070 κρατῆσαν
2868 1990 3006 2066 ἔθος,
3036 1997 3065 2051 ὃ
3096 1997 3186 2051 καὶ
3245 1995 3411 2070 νόμον
3473 1994 3650 2052 δοκεῖν
3709 2003 3840 2064 τοῖς

397 2086 635 2144 cistella
669 2085 852 2159 plenae
883 2087 1048 2140 erant
1071 2083 1321 2154 gemmis
1351 2098 1488 2138 cum
1522 2082 1652 2139 aliis
1683 2087 1811 2138 tum
1853 2085 2051 2140 candi-

395 2177 487 2233 dis
517 2175 792 2248 illis,quas
825 2172 1105 2247 peculiari
1133 2171 1371 2228 nomine
1390 2172 1720 2245 margaritae
1751 2173 2048 2231 dicuntur.

393 2266 740 2338 Nequevero
771 2264 845 2319 iis
887 2263 1183 2332 utebatur,
1219 2261 1423 2333 paucis
1482 2263 1738 2334 exceptis
1787 2264 1858 2319 ad
1907 2263 2051 2320 insi-

399 2354 538 2428 gnia
568 2370 839 2426 purpurae
870 2352 1230 2419 exornanda,
1263 2368 1402 2424 qua,
1425 2368 1559 2407 cum
1605 2351 1894 2423 prodibat,
1953 2357 2052 2409 aut

397 2443 608 2517 legatis
641 2442 1058 2515 respondebat,
1092 2445 1194 2497 aut
1223 2441 1370 2497 alias
1401 2441 1670 2513 publicas
1702 2441 2054 2498 festivitates

397 2532 751 2602 celebrabat,
784 2531 1083 2595 utebatur,
1117 2529 1374 2601 Reliquae
1408 2530 1466 2584 in
1500 2529 1878 2586 conclavibus
1926 2532 2054 2587 inu-

390 2621 493 2678 tile
526 2622 758 2693 pondus
783 2619 1080 2692 jacebant,
1106 2618 1247 2674 Belli
1280 2618 1646 2691 temporibus
1677 2619 1912 2692 ingenio
1943 2620 2056 2676 fuit

391 2711 555 2767 vario
599 2714 658 2766 et
706 2707 1041 2780 multiplici,
1101 2707 1280 2762 rebus
1325 2706 1666 2779 tranquillis
1715 2712 1772 2763 et
1827 2709 2052 2780 pacatis

386 2799 806 2857 vehementior.
843 2800 994 2854 Iram
1029 2795 1473 2867 dissimulabat,
1540 2797 1696 2869 apud
1755 2813 1884 2855 sese
1941 2816 2051 2872 up

395 2906 660 2963 pressam
687 2905 789 2962 per
817 2885 1186 2944 occasionem
1217 2886 1540 2958 proferens,
1569 2885 2053 2959 delinquentibus

389 2978 580 3035 vicem
613 2976 931 3034 reddebat:
966 2991 1219 3046 cumque
1253 2975 1535 3046 pertinaci
1586 2980 1741 3031 esset
1795 2976 2050 3049 ingenio,

391 3068 624 3124 decreta
654 3084 763 3122 sua
797 3082 913 3121 non
937 3064 1108 3122 facile
1138 3065 1512 3133 immutabat,
1536 3067 1722 3130 Quare
1754 3065 1803 3120 si
1833 3066 2051 3138 quibus

396 3159 582 3215 iratus
613 3163 758 3224 erat,
785 3156 858 3211 iis
890 3173 1005 3211 non
1039 3153 1206 3210 facile
1259 3153 1621 3225 placabatur.
1680 3160 1873 3227 Atque
1931 3157 2051 3214 haec

393 3249 465 3303 ad
501 3246 885 3304 declarandos
915 3244 1292 3317 imperatoris
1315 3260 1509 3299 mores
1541 3243 1699 3300 dicta
1722 3245 1858 3300 sint.
1882 3247 2048 3302 Nunc

2160 2086 2482 2158 νομοθέταις
2561 2088 2930 2155 τεθέσπισται,
3015 2082 3272 2162 διεξάγειν
3358 2083 3590 2158 ἤθελεν,
3679 2085 3839 2144 ἀλλὰ

2161 2175 2298 2250 πρὸς
2354 2177 2454 2244 τὴν
2506 2173 2706 2230 οἰκείαν
2768 2175 2938 2251 κρίσιν
3000 2175 3089 2229 καὶ
3135 2175 3198 2230 τὸ
3229 2173 3448 2248 θέλημα
3478 2175 3690 2233 ἑαυτοῦ.
3726 2177 3833 2232 Διὸ

2164 2261 2289 2318 οὐδὲ
2318 2268 2424 2319 τῶν
2460 2262 2674 2340 λογίων
2700 2261 2908 2340 ἀνδρῶν
2954 2262 3330 2340 ἐπεστρέψετο,
3365 2264 3510 2320 ἀλλὰ
3551 2265 3640 2320 καὶ
3687 2265 3830 2328 τοὺς

2164 2351 2364 2426 λόγους
2422 2353 2601 2428 ἥγητο
2653 2353 2903 2428 περιττόν
2953 2375 2992 2408 ιι
3022 2360 3218 2428 χρῆμα
3249 2352 3337 2408 καὶ
3369 2352 3468 2408 οὐκ
3525 2353 3792 2428 ὀνήσιμον

2163 2443 2281 2497 ὅθεν
2341 2440 2530 2517 ἄνδρας
2589 2442 2993 2516 ἀπολεξάμενος
3077 2443 3269 2515 ἑαυτῷ,
3331 2439 3456 2498 οὕτε
3511 2441 3592 2516 τῷ
3648 2443 3829 2518 γένει,

2164 2528 2289 2586 οὕτε
2347 2530 2531 2604 μέντοι
2579 2531 2630 2586 ἐν
2692 2530 2845 2607 λόγῳ
2902 2532 2965 2586 τὸ
3001 2531 3274 2604 ἐπίσημον
3306 2527 3558 2608 ἔχοντας,
3591 2531 3829 2595 ἐκείνοις

2159 2622 2256 2685 τάς
2308 2643 2368 2677 τε
2426 2620 2735 2697 βασιλείους
2803 2621 3094 2684 ἐπιστολὰς
3155 2621 3473 2698 ἐνεχείρισε,
3524 2622 3616 2676 καὶ
3672 2620 3831 2678 ἐκοι-

2161 2711 2319 2765 νώνει
2376 2708 2483 2765 τῶν
2539 2708 2950 2784 βουλευμάτων,
2982 2710 3071 2765 καὶ
3121 2709 3281 2774 αὐτὸς
3319 2710 3544 2773 ἐκείνοις
3601 2710 3829 2788 ἀφελῶς

2160 2799 2254 2862 τὰς
2294 2801 2503 2878 γραφὰς
2559 2800 2632 2862 ὡς
2687 2796 2879 2876 ἔτυχεν
2940 2799 3297 2876 ὁπηγόρευεν.
3328 2797 3504 2855 Ἀλλὰ
3557 2799 3649 2854 καὶ
3706 2805 3838 2863 τοῖς

2159 2891 2407 2964 ταμείοις
2450 2889 2761 2968 ἀποφράξας
2815 2890 2912 2952 τὰς
2971 2887 3261 2960 διεξόδους,
3292 2890 3596 2966 χρημάτων
3655 2893 3841 2946 ταῦτα

2161 2979 2352 3058 πλήρη
2387 2980 2674 3051 πεποίηκε.
2709 2979 2848 3034 Φασὶ
2903 2978 3031 3056 γοῦν
3079 2978 3134 3041 ἐς
3184 2977 3354 3034 εἷ’κοσι
3417 2978 3680 3055 μυριάδας
3733 2999 3842 3034 τα-

2161 3068 2372 3126 λάντων
2475 3073 2684 3145 χρυσοῦ
2779 3067 3365 3144 ἐναποτεθησαυρίσθαι
3453 3068 3636 3140 αὐτῷ.
3711 3067 3830 3124 Τὸν

2159 3160 2262 3236 γὰρ
2322 3156 2494 3214 ἄλλον
2572 3158 2968 3234 χρηματισμὸν
3025 3157 3124 3212 οὐκ
3184 3159 3243 3212 ἄν
3297 3177 3381 3219 τις
3439 3159 3528 3212 ὑπ’
3584 3157 3828 3230 ἀριθμὸν

2160 3248 2377 3305 δύναιτο
2432 3249 2677 3324 ἀγαγεῖν,
2708 3248 2791 3317 ὃς,
2821 3251 2929 3302 τῶν
2984 3245 3224 3321 ταμείων
3286 3248 3436 3318 αὐτῷ
3491 3245 3828 3320 πληρωθέν-

393 3337 464 3392 ad
513 3353 605 3391 res
667 3335 777 3392 sub
830 3351 897 3391 eo
955 3338 1154 3407 gestas
1211 3333 1416 3389 ordine
1473 3334 1810 3390 referendas
1861 3336 2046 3392 oratio

2166 3361 2289 3407 των,
2325 3339 2427 3393 ὑπὸ
2637 3306 2707 3391 τιὰ
2757 3306 2942 3392 ’λοιπὰ
2989 3306 3362 3412 ἐθησαύρισεν,
3390 3306 3828 3410 ἐλικαςηόρύεας

395 3427 620 3484 redeat.

2157 3423 2608 3501 λαϐυρινθώδεις.
2643 3426 2742 3480 Καὶ
2774 3422 3078 3500 ὕπερχειλῆ
3116 3425 3210 3497 μὲν
3239 3423 3374 3493 ἦσαν
3422 3424 3589 3480 λίθων
3647 3423 3828 3480 πολυ-

384 3512 588 3588 τελῶν,
616 3516 725 3567 τῶν
781 3532 841 3568 τε
892 3509 1079 3568 ἄλλων
1134 3512 1225 3567 καὶ
1281 3515 1388 3567 τῶν
1446 3510 1678 3584 λευκῶν,
1713 3513 1796 3574 οἷς
1856 3511 2135 3584 ἶδιάζουσα
2164 3517 2361 3586 κλῆσις
2392 3517 2442 3570 οἱ
2476 3515 2761 3592 Μάργαροι
2794 3517 2907 3589 (89)
2938 3515 3004 3568 τὰ
3030 3509 3283 3570 κιϐώτια.
3311 3517 3400 3586 Τῷ
3429 3510 3488 3568 δὲ
3533 3513 3610 3575 εἰς
3667 3517 3830 3588 χρῆ·-

386 3624 468 3659 σιν
540 3604 642 3659 οὐκ
695 3602 852 3671 ἦσαν,
885 3599 1032 3658 ἀλλὰ
1092 3602 1320 3677 βραχεῖς
1368 3622 1508 3662 τινες
1568 3600 1713 3674 αὐτῷ
1772 3604 1872 3673 τὴν
1931 3609 2218 3682 πορφύραν
2270 3601 2826 3678 ἀνεκόσμουν,⁹ί⁹ἕχῃ
2854 3601 3202 3675 τούπίσημον
3236 3604 3376 3678 ἤπερ
3437 3601 3489 3656 ἐν
3559 3599 3831 3677 προόδοις

391 3695 716 3770 ἐκέχρηντο,
747 3693 836 3749 καὶ
897 3692 977 3748 ὅτ’
1006 3691 1347 3770 ἐχρημάτιζε
1403 3687 1680 3770 πρέσϐεσι,
1715 3694 1803 3748 καὶ
1861 3694 1951 3751 ὅτε
2001 3699 2124 3754 τινὰ
2183 3695 2359 3769 ἄλλην
2421 3694 2704 3769 δημοτελῆ
2740 3693 2909 3750 ἐτέλει
2940 3695 3265 3769 πανήγυριν.
3301 3694 3370 3750 Οἱ
3406 3690 3453 3747 δ’
3483 3691 3649 3749 ἄλλοι
3699 3699 3827 3756 τοῖς

388 3783 638 3858 ταμείοις
695 3783 1106 3857 ἐναποκείμενοι
1156 3781 1330 3859 ἄχθος
1388 3783 1524 3852 ἦσαν
1583 3783 1807 3838 ἐτώσιον
1859 3787 1956 3841 Ἦν
2012 3785 2058 3841 δ’
2089 3788 2141 3843 ἐν
2183 3790 2275 3862 μὲν
2335 3785 2588 3859 πολέμου
2641 3789 2854 3859 καιροῖς
2909 3781 3163 3845 ποικίλος
3213 3803 3317 3852 τις,
3375 3781 3465 3837 καὶ
3523 3783 3622 3851 τὴν
3682 3784 3829 3858 γνώ-

393 3894 501 3946 μην
565 3874 703 3950 πρὸς
765 3872 895 3935 τοὺς
963 3873 1085 3928 ὑπὸ’
1131 3877 1293 3948 χεῖρα
1372 3869 1676 3943 πολυειδής
1711 3893 1724 3905 ·
1783 3872 1835 3928 ἐν
1931 3872 1988 3930 δὲ
2080 3877 2334 3952 ἠρεμίαις
2419 3876 2508 3930 καὶ
2576 3875 2875 3946 εἰρηνικαῖς
2957 3871 3339 3926 καταστάσεσιν
3417 3872 3820 3946 ἀρχικώτερος,

385 3970 477 4018 καί
563 3963 659 4026 τὰς
713 3963 880 4040 ὀργὰς
935 3961 1205 4036 ἐταμίευε,
1264 3959 1354 4015 καὶ
1409 3960 1606 4022 ταύτας
1659 3962 1901 4038 συνέχων
1983 3967 2109 4041 παρ’
2167 3967 2360 4039 ἐαυτῷ,
2423 3963 2776 4039 ἐδημοσίευεν
2859 3961 2910 4016 ἐν
2991 3967 3227 4038 καιροῖς,
3286 3961 3373 4016 καὶ
3463 3957 3821 4015 ἀνταπεδίδου

384 4058 503 4116 τοῖς
563 4055 960 4128 ἁμαρτήσασιν.
1023 4053 1115 4106 Ὧν
1169 4047 1226 4105 δὲ
1281 4050 1382 4120 τὴν
1432 4050 1658 4122 γνώμην
1720 4050 1960 4128 στερρὸς,
2023 4053 2083 4108 ού
2143 4053 2344 4130 ῥᾳδίως
2401 4051 2638 4125 ἠλλοίου
2691 4051 2758 4107 τὰ
2817 4048 3061 4121 δόξαντα.
3118 4050 3210 4106 Διὸ
3265 4049 3356 4104 καὶ
3416 4049 3553 4124 πρὸς
3608 4047 3698 4111 οὓς
3749 4046 3810 4102 ἂν

386 4142 549 4220 ἔτυχε
610 4143 827 4217 μηνιμά
886 4163 938 4197 τι
993 4141 1230 4218 τρέφων,
1293 4140 1358 4195 οὐ
1409 4139 1552 4216 ταχὺ
1614 4138 1958 4214 μετήλλαττε
1985 4143 2047 4197 τὸ
2105 4143 2238 4213 ἦθος
2298 4146 2506 4206 αὐτοῖς.
2542 4140 2714 4198 Ἀλλᾶ
2742 4145 2909 4195 ταῦτα
2971 4141 3063 4213 μὲν
3114 4137 3487 4214 παραστατικὰ
3519 4137 3616 4192 τοῦ
3643 4135 3810 4208 ἤθους

383 4233 582 4288 τούτου
609 4237 714 4287 τοῦ
744 4231 1165 4307 αὐτοκράτορος,
1197 4229 1232 4298 ἠ
1268 4227 1312 4283 δ’
1343 4229 1558 4304 ἱστορία
1589 4227 1801 4304 ἐχέσθω
1828 4235 1934 4285 τῶν
1977 4231 2061 4286 ἐπ’
2089 4232 2254 4288 αὐτοῦ
2285 4231 2705 4311 πεπραγμένων,
2735 4230 2826 4285 καὶ
2854 4226 3150 4306 διηγείσθω
3175 4228 3242 4282 τὰ
3266 4227 3474 4306 ἐφεξῆς.

457 4324 548 4379 ΙΧ.
581 4322 808 4396 [Egypti
840 4323 1138 4394 princeps,
1175 4319 1365 4376 soluto
1411 4320 1675 4376 Romano
1716 4321 1952 4392 fcedere,
1987 4326 2045 4378 et

382 4411 974 4485 Hierosolymitanum
1007 4410 1316 4483 templum,
1346 4409 1404 4463 in
1431 4425 1546 4480 quo
1578 4408 1797 4466 Christi
1846 4411 2042 4481 sepul-

2226 4324 2298 4379 ϐ’.
2353 4325 2409 4378 Ὁ
2466 4325 2566 4386 τῆς
2624 4319 2906 4395 Αἰγύπτου
2956 4320 3273 4393 κατάρχων,
3316 4317 3410 4378 τὰς
3478 4315 3615 4391 πρὸς
3674 4315 3822 4370 Ῥω-

2161 4412 2350 4486 μαίους
2387 4411 2554 4472 λύσας
2587 4407 2846 4478 σπονδὰς,
2877 4407 2970 4464 τόν
3003 4429 3059 4463 τε
3091 4409 3144 4462 ἐν
3184 4403 3608 4481 Ἐεροσολύμοις
3662 4404 3820 4477 ναὸν,

381 4517 547 4558 crum
580 4504 688 4568 est,
721 4503 778 4556 et
815 4499 978 4554 illius
1030 4499 1142 4554 loci
1210 4497 1567 4553 monasteria
1621 4497 1930 4568 destruxit.
1978 4500 2049 4553 At

2166 4502 2208 4556 tv
2261 4503 2307 4573 ᾧ
2362 4501 2425 4555 τὸ
2480 4503 2576 4555 τοῦ
2633 4499 2831 4570 Κυρίου
2888 4505 3098 4571 μνῆμα,
3156 4495 3552 4570 κατηρείπωσε,
3603 4494 3696 4549 καὶ
3751 4495 3827 4551 τὰ

379 4590 459 4646 im
474 4594 706 4661 perator
737 4588 1072 4660 Bulgariam
1090 4587 1310 4644 crebris
1334 4586 1830 4659 impressionibus
1849 4591 2048 4645 vasta-

391 4681 488 4736 bat
517 4685 575 4736 et
607 4681 831 4749 urebat,
865 4678 959 4735 cui
992 4695 1126 4734 cum
1157 4677 1391 4733 Samuel
1427 4675 1551 4732 acie
1597 4675 1874 4732 resistere
1931 4693 2044 4732 non

379 4775 600 4843 posset,
635 4785 878 4842 operam
909 4769 1091 4825 dabat
1122 4771 1188 4823 ut
1220 4760 1415 4822 aditus
1466 4765 1632 4838 regni
1691 4765 2045 4836 occluderet,

376 4865 434 4917 et
463 4861 769 4933 angustias
795 4859 1059 4915 locorum
1085 4855 1344 4912 castellis
1375 4858 1431 4911 et
1461 4853 1752 4926 praesidiis
1794 4871 2047 4928 occupa-

295 4969 298 4971 ·
381 4955 487 5008 ret.
515 4951 843 5023 Imperator
873 4952 1068 5005 autem
1103 4962 1397 5015 reversus,
1421 4961 1755 5018 magnaque
1784 4945 1837 5000 vi
1871 4962 2047 5018 pene-

381 5051 536 5104 trare
570 5062 908 5120 aggressus,
935 5045 1045 5101 etsi
1077 5045 1297 5099 virtute
1325 5041 1821 5116 praesidiariorum
1859 5043 2048 5115 repul-

382 5141 756 5194 sus:tamen
789 5135 991 5208 caeptis
1054 5151 1172 5190 non
1235 5132 1482 5201 destitit,
1537 5133 1637 5189 sed
1700 5133 2044 5205 permansit,

382 5228 643 5283 subinde
675 5224 984 5282 castellum
1020 5227 1277 5292 tentans,
1309 5238 1426 5278 uno
1475 5239 1543 5277 ex
1602 5222 1852 5278 ducibus
1910 5238 2043 5277 cum

380 5333 490 5373 sua
516 5315 748 5388 legione
778 5316 983 5386 misso,
1018 5331 1092 5369 an
1121 5312 1355 5385 uspiam
1402 5311 1543 5368 alibi
1603 5327 1707 5384 per
1765 5311 2046 5384 ambages

378 5405 711 5473 ingressum
746 5403 970 5475 aperire
999 5403 1284 5476 posset.Is
1317 5419 1419 5475 per
1442 5404 1674 5458 montes
1706 5400 2046 5472 multasque

382 5493 764 5551 difficultates
794 5493 1066 5566 Bulgaria
1099 5492 1356 5564 deceptis
1405 5493 1733 5563 ingressus,
1793 5507 1826 5545 a
1886 5497 2047 5561 tergo

385 5584 446 5642 in
480 5583 873 5657 praesidiarios
905 5584 1098 5657 irruit,
1131 5583 1233 5658 qui
1265 5600 1326 5639 re
1355 5582 1554 5638 subita
1579 5580 1898 5654 perterriti,
1929 5596 2042 5635 non

2158 4589 2272 4645 ἐκεῖ
2303 4591 2655 4664 μοναστήρια.
2697 4589 2757 4644 Ὁ
2807 4585 2864 4642 δὲ
2907 4585 3193 4654 Βασιλεὺς,
3230 4589 3474 4660 συνεχῶς
3525 4587 3594 4657 τῇ
3644 4582 3831 4640 Βουλ-

2158 4679 2321 4756 γαρίᾳ
2398 4674 2789 4755 προσϐάλλων,
2850 4675 3045 4730 ἐκάκου
3123 4673 3327 4745 ταύτην
3404 4674 3492 4728 καὶ
3555 4672 3825 4748 ἐκεράϊζε.

2157 4772 2245 4840 Μὴ
2315 4767 2612 4842 δυνάμενος
2687 4765 2743 4820 δέ
2819 4787 2882 4841 γε
2946 4766 2974 4820 ὁ
3049 4761 3318 4838 Σαμουὴλ
3393 4762 3829 4837 ἀντιπαρατάξα-

2157 4871 2277 4924 σθαι
2332 4863 2412 4931 τῷ
2477 4862 2587 4912 τῶν
2644 4855 2931 4928 Ῥωμαίων
3007 4853 3390 4928 στρατεύματι,
3440 4851 3669 4929 τάφροις
3725 4851 3829 4913 τὰς

2158 4947 2400 5010 εἲσόδους
2459 4947 2780 5002 ἀποκλεῖσαι
2858 4945 3007 5015 αὐτῷ
3055 4942 3400 5020 ἐπεχείρησε,
3443 4941 3539 5004 τὰς
3595 4938 3821 5014 δυσχω-

2157 5039 2274 5114 ρίας
2321 5036 2632 5116 ἀποφράξας
2695 5031 3038 5106 οίλκοδομαῖς,
3077 5032 3169 5087 καὶ
3221 5030 3464 5109 φύλακας
3522 5028 3825 5099 ἐπιστήσας

2155 5112 2362 5189 αὐταῖς.
2406 5112 2564 5182 Ἦκεν
2627 5122 2717 5179 οὗν
2787 5124 2814 5177 ὁ
2878 5119 3131 5198 βασιλεὺς
3183 5119 3357 5188 αὖθις,
3414 5117 3504 5174 καὶ
3561 5112 3820 5172 ἐϐιάσατο

2159 5219 2252 5292 μὲν
2284 5218 2382 5286 τὴν
2415 5212 2677 5291 πάροδον,
2711 5212 3052 5287 ἀπεκρούσθη
3111 5207 3169 5264 δὲ
3224 5213 3332 5264 τῶν
3385 5206 3641 5286 φυλάκων
3675 5208 3824 5270 ἀνθι-

2155 5309 2434 5379 σταμένων
2496 5301 2984 5381 ἐρρωμενέστερον,
3040 5297 3190 5369 πλὴν
3268 5297 3366 5353 οὐκ
3442 5295 3645 5367 ἀπέστη
3713 5303 3818 5366 τῆς

2156 5396 2549 5474 ἐγχειρήσεως,
2583 5391 2709 5449 ἀλλ’
2743 5391 2905 5453 αὐτὸς
2962 5390 3058 5464 μὲν
3091 5388 3442 5465 προσέμενεν,
3472 5383 3549 5440 ἔτι
3604 5385 3820 5459 πεερώ-

2159 5509 2316 5560 μενος
2369 5485 2465 5539 τοῦ
2519 5481 2834 5560 ἐρύματος·
2896 5479 3214 5555 ἐκπέπομφε
3271 5475 3328 5531 δὲ
3408 5480 3516 5530 τῶν
3585 5495 3821 5548 στρατη-

2153 5581 2263 5654 γῶν
2318 5571 2410 5628 ἕνα
2472 5573 2605 5646 μετά
2653 5577 2751 5627 τοῦ
2805 5571 2892 5625 ὑπ’
2922 5569 3084 5624 αὐτὸν
3115 5568 3392 5645 τάγματος
3453 5562 3823 5640 ἐτερωθίπου·

1662 5700 1868 5766 Variae
1896 5699 2199 5763 lectiones
2229 5702 2292 5761 et
2321 5700 2509 5758 notae.

458 5809 574 5883 (87)
605 5809 673 5867 Οἱ
707 5811 995 5886 μάργαροι.
1029 5811 1174 5870 Vide
1205 5811 1365 5869 idem
1396 5809 1588 5868 Gloss.
1611 5808 1672 5866 in
1706 5807 2026 5884 Μάργαρος.
