4142 6376
317 433 435 494 165

1611 425 2029 490 ANNALIUM
2072 426 2219 488 LIB.
2267 425 2457 489 XVII.

3625 433 3744 494 166

318 576 432 639 θεν,
485 562 532 620 εἷ
591 560 814 620 δύναιτο
866 559 1212 639 περιελθεῖν,
1289 561 1381 616 καὶ
1443 556 1864 636 μηχανήσασθαί
1921 579 1971 614 τι

2082 559 2208 630 jam
2240 559 2310 614 de
2341 558 2669 618 munitione
2707 562 2950 630 tuenda,
2983 565 3084 620 sed
3116 564 3188 621 de
3217 564 3458 622 interitu
3507 565 3744 623 vitando

318 654 459 731 πρὸς
499 654 598 724 τήν
632 649 923 708 διελευσιν.
967 651 1024 704 '0
1055 647 1134 721 δὲ,
1186 647 1257 704 δι’
1306 650 1446 727 ὀρῶν
1503 647 1593 704 καὶ
1653 645 1976 725 δυσχωριῶν

326 743 560 800 πολλῶν
592 740 842 816 διελθὼν,
896 740 985 796 καὶ
1028 738 1208 805 λαθὼν
1242 739 1367 802 τοὺς
1398 738 1768 815 Βουλγάρους,
1817 737 1980 812 ἐμπί-

333 856 459 890 πτει
486 835 614 889 κατὰ
640 832 818 886 νώτου
867 835 986 892 τοῖς
1027 834 1124 885 τοῦ
1161 829 1428 904 ἐρύματος
1461 828 1709 908 φύλαξιν,
1770 827 1842 898 οτί,
1900 833 1982 900 τῷ

335 921 516 1000 ἀθρόῳ
543 918 781 995 περιδεῖς
811 919 1116 996 γεγονότες,
1151 920 1329 975 οὐκέτι
1377 926 1478 989 τῆς
1509 917 1756 998 φυλακῆς
1788 917 1978 995 ἐφρόν-

331 1018 473 1083 τιζον
528 1015 624 1067 τοῦ
682 1013 962 1090 ριραγμοῢ,
1025 1008 1152 1066 ἀλλ’
1212 1008 1362 1072 ὅπως
1422 1009 1577 1064 αὐτοὶ
1608 1008 1700 1063 τὸν
1754 1003 1980 1084 ὄλεθρον

331 1100 670 1180 φυλάξωνται
723 1100 848 1176 περὶ
907 1097 1173 1155 πλείστου
1213 1097 1466 1164 ἐτίθεντο.
1519 1097 1651 1154 Τότε
1703 1095 1768 1167 δὴ
1803 1095 1980 1160 ἀδείας

323 1191 388 1247 τὸ
490 1190 797 1264 Ῥωμαϊκὸν
887 1186 1214 1265 δραξάμενον
1309 1188 1658 1263 στράτευμα,
1755 1187 1977 1264 ῥήγνυσι

319 1282 416 1336 τὸν
448 1281 726 1358 φραγμὸν,
757 1277 846 1334 καὶ
879 1276 1034 1333 δίεισι
1084 1279 1176 1333 καὶ
1208 1274 1417 1347 διώκει,
1460 1277 1551 1332 καὶ
1597 1275 1845 1341 πολλοὺς
1883 1279 1976 1351 μὶν

323 1370 582 1444 ἀναιρεῖ,
639 1367 894 1430 πλείονας
953 1363 1010 1422 δέ
1063 1387 1126 1442 γε
1184 1371 1380 1444 ζωγρεῖ
1441 1365 1604 1440 μόλις
1662 1364 1980 1443 διαδράντος

317 1463 419 1515 τοῦ
450 1457 741 1532 Σαμουήλ.
773 1459 840 1515 Ὃ
876 1477 940 1532 γε
970 1457 1076 1530 μὴν
1138 1455 1390 1532 βασιλεὺς
1439 1460 1558 1519 τοῖς
1605 1452 1978 1531 δορυαλώτοις

321 1547 402 1612 εἷς
452 1545 840 1603 πεντεκαίδεκα
919 1542 1181 1621 χιλιάδας
1267 1542 1692 1621 ἀριθμουμένους
1763 1543 1980 1619 ἐξέκοψε

318 1642 453 1692 πᾶσι
484 1636 552 1691 τὰ
581 1631 825 1710 ὄμματα,
886 1633 970 1711 ἐφ’
1021 1634 1220 1710 ἑκάστῃ
1278 1633 1558 1689 ὲτατοστύῖ
1606 1630 1700 1689 ἕνα
1753 1632 1979 1690 καταλι-

315 1727 440 1784 πὼν
473 1725 906 1805 ἑτερόφθαλμον,
934 1723 989 1780 ’ίν
1046 1723 1131 1796 εἷή
1189 1724 1406 1788 τούτοις
1464 1726 1830 1804 χειραγωγὸς,
1887 1726 1978 1783 καὶ

321 1815 501 1879 οὕτως
573 1815 774 1878 αὐτοὺς
841 1812 1053 1870 ἀπιέναι
1117 1812 1326 1870 κελεύει
1378 1815 1516 1892 πρὸς
1572 1816 1663 1870 τὸν
1725 1815 1979 1894 σφέτερον

2089 649 2457 706 laborabant.
2491 650 2576 706 Ibi
2607 654 2910 709 Romanus
2942 655 3232 712 exercitus
3265 655 3500 712 nemine
3543 657 3744 729 probi-

2089 740 2262 796 bente
2293 747 2463 813 rupta
2511 742 2834 799 munitione
2882 744 3118 816 transit,
3178 745 3495 819 hostesque
3548 764 3745 820 perse-

2090 847 2278 902 quens
2325 831 2477 888 226
2513 831 2730 888 multos
2758 833 2990 900 occidit,
3022 834 3216 906 plures
3259 838 3434 909 capit,
3468 837 3737 894 Samuele

2087 920 2183 974 vix
2212 919 2433 992 elapso,
2465 920 2787 993 imperator
2814 923 3057 995 captivis
3075 926 3353 982 omnibus
3381 927 3483 998 qui
3514 927 3750 984 circiter

2090 1008 2425 1080 quindecim
2482 1010 2666 1066 millia
2723 1017 2912 1079 erant,
2982 1013 3184 1070 oculos
3221 1015 3447 1083 eti'odit,
3497 1015 3749 1086 singulis

2088 1097 2370 1154 centuriis
2401 1115 2516 1155 uno
2550 1100 3020 1157 monoculoduce
3042 1103 3531 1173 redlicto,eosque
3565 1104 3648 1160 sic
3673 1105 3744 1160 ad

2089 1203 2261 1242 suum
2293 1189 2499 1244 ducem
2528 1190 2688 1245 abire
2711 1191 2901 1262 jubet.
2935 1191 3160 1259 Quibus
3192 1191 3287 1248 ille
3332 1193 3495 1264 visis,
3529 1195 3742 1250 atroci-

2087 1280 2269 1333 tatem
2301 1277 2382 1334 rei
2414 1295 2530 1335 non
2565 1281 2778 1349 ferens,
2821 1281 3024 1337 oborta
3057 1281 3344 1354 vertigine
3399 1282 3747 1356 viribusque

2088 1365 2408 1423 destitutus
2441 1367 2607 1423 humi
2636 1369 2907 1441 procidit,
2939 1386 3006 1426 ac
3036 1386 3244 1442 parum
3294 1374 3614 1442 recreatus,
3675 1389 3744 1429 ex

2089 1458 2426 1530 cardiogmo
2458 1459 2678 1530 interit,
2715 1460 3052 1533 principatu
3085 1461 3471 1535 Bulgarorum
3519 1463 3579 1519 in
3633 1466 3740 1520 Ga-

2089 1547 2330 1604 brielem
2362 1548 2573 1617 ﬁlium,
2603 1549 2705 1621 qui
2737 1553 2794 1606 et
2823 1552 3121 1607 Romanus
3153 1553 3737 1622 dicebatur,trans|a-

2087 1640 2147 1692 to
2181 1652 2194 1692 :
2231 1653 2401 1709 quem
2433 1638 2696 1694 nondum
2727 1656 2883 1695 anno
2943 1640 3143 1713 elapso
3197 1641 3377 1697 frater
3432 1643 3739 1713 patruelis,

2089 1727 2338 1782 Aaronis
2393 1726 2548 1782 filius
2606 1727 3045 1786 Uladisthlavus
3091 1731 3347 1786 Joannes
3396 1730 3738 1802 (binominis

2090 1815 2248 1871 enim
2279 1820 2335 1871 et
2363 1815 2459 1872 hic
2489 1818 2634 1889 erat)
2673 1817 2909 1874 occidit.
2945 1819 3268 1891 Imperator
3295 1835 3430 1876 vere
3495 1819 3738 1876 castello

320 1904 599 1982 ἀρχηγόν.
630 1903 737 1967 Οῧς
787 1902 991 1968 ἐκεῖνος
1023 1901 1176 1974 ἰδὼν,
1208 1902 1298 1958 καὶ
1353 1902 1417 1958 τὸ
1475 1905 1643 1966 πάθος
1699 1905 1774 1978 μὴ
1829 1905 1971 1982 ἐνεγ-

2089 1905 2892 1977 angustiarum,utdiximus,
2928 1913 3228 1980 superato,
3258 1925 3392 1964 cum
3427 1908 3540 1964 alia
3571 1910 3742 1964 ﬁrma
3794 1934 3799 1939 -

329 1996 469 2063 κὼν,
521 1993 749 2070 ἷλλγγιᾷ
796 2013 855 2048 τε
909 1992 997 2048 καὶ
1029 1994 1104 2056 εἰς
1154 1999 1257 2070 γῆν
1303 1991 1651 2066 λειποθυμῶν
1711 1990 1978 2050 καταϐάλ-

321 2082 501 2141 λεται·
568 2083 764 2158 μικρὸν
817 2079 876 2138 δέ
927 2103 980 2138 τι
1038 2082 1358 2158 ἀνενεγκὼν,
1389 2079 1726 2159 καρδιωγμῷ
1753 2082 1976 2160 περιπί⁴

321 2193 449 2228 πτει
499 2173 586 2227 καὶ
639 2173 857 2242 θνήσκει
891 2172 1024 2245 (90),
1082 2171 1149 2228 Ἡ
1207 2167 1265 2225 δὲ
1316 2175 1424 2226 τῶν
1475 2169 1808 2247 Βουλγάρων
1840 2174 1975 2248 ἠγε-

325 2261 491 2336 μονῖα
545 2259 626 2334 τῷ
695 2259 798 2334 υἱῷ
869 2261 1018 2333 αὐτῷ
1056 2316 1058 2318 ,
1092 2255 1339 2336 Γαϐριὴλ
1416 2265 1496 2333 τῷ
1566 2261 1654 2315 καὶ
1711 2262 1976 2334 Ῥωμανῷ

317 2349 628 2427 παριῆλθεν
657 2396 671 2419 ,
728 2351 786 2405 ὅν
843 2349 995 2405 οὕπω
1048 2349 1286 2405 ἐνιαυτὸν
1344 2346 1573 2424 ἄρξαντα
1625 2351 1654 2405 6
1709 2349 1827 2414 υἱὸς
1881 2354 1976 2405 τοῦ

315 2439 674 2518 πατραελφου
732 2437 898 2494 αὐτοῦ
947 2441 1155 2515 ’Δαρὼν
1192 2440 1222 2494 6
1254 2434 1664 2501 Βλαδίσθλαϐος
1717 2441 1973 2511 Ἰωάννης

315 2529 625 2606 (διώνυμος
677 2528 779 2605 γὰρ
835 2529 926 2583 καὶ
983 2527 1140 2591 οὗτος
1196 2527 1285 2603 ἥν)
1315 2527 1610 2584 ἀπέκτεινε.
1645 2529 1883 2595 Διελθὼν
1917 2528 1974 2587 δὲ

309 2621 380 2676 τὸ
437 2618 494 2674 ἓν
547 2625 667 2683 ταῖς
725 2616 1058 2694 δυσχωρίαις
1115 2613 1290 2695 ἔρυμα
1339 2619 1367 2674 6
1423 2618 1772 2696 αὐτοκράτωρ
1809 2663 1822 2689 ,
1899 2622 1973 2685 ὡς

312 2707 554 2785 ενρηται,
615 2707 761 2764 ἄλλα
815 2729 875 2763 τε
928 2706 1165 2785 φρούρια
1226 2708 1560 2783 ἐχειρώσατο
1620 2708 1825 2785 ἐρυμνά
1880 2712 1970 2766 καὶ

307 2797 436 2860 τοὺς
470 2796 524 2853 ἐν
569 2796 756 2860 αὐτοῖς
817 2795 1184 2873 Βουλγάρους,
1234 2795 1324 2850 καὶ
1382 2796 1512 2866 ἧκεν
1569 2796 1647 2859 εἰς
1695 2801 1969 2854 Μοσυνού-

310 2885 496 2957 πολιν,
548 2885 686 2942 ὅπου
715 2887 866 2958 αὐτῷ
896 2888 931 2956 ὴ
961 2890 1057 2940 τοῦ
1105 2883 1342 2960 Σαμοὴλ
1395 2885 1623 2955 τελευτή
1657 2885 1966 2965 ἀπηγγέλη,

314 2979 479 3050 ’Δρας
542 2974 634 3031 οὗν
704 2973 897 3031 αὐτίκα
964 2969 1305 3049 προσϐάλλει
1351 2979 1421 3050 τῇ
1474 2974 1817 3054 Βουλγαρίᾳ,
1877 2980 1964 3034 καὶ

322 3065 506 3129 πόλεις
559 3087 619 3122 τε
674 3065 844 3135 αὐτῆς
909 3067 1053 3141 αἰρεῖ
1101 3066 1191 3121 καὶ
1248 3065 1501 3145 φρούρια.
1556 3073 1610 3121 Ὁ
1660 3064 1717 3122 δέ
1761 3089 1823 3144 γε
1871 3073 1967 3123 τοῦ

316 3155 583 3230 Σαμουὴλ
638 3157 756 3218 υἱὸς
814 3155 842 3209 ὁ
886 3155 1164 3228 Ῥωμανός
1220 3176 1280 3211 τε
1335 3157 1425 3211 καὶ
1483 3151 1728 3233 Γαϐριὴλ
1789 3153 1966 3229 (οὔπω

309 3247 416 3322 γὰρ
455 3245 744 3320 ἀνῄρητο),
803 3245 1021 3319 πέμψας
1074 3245 1212 3320 πρὸς
1267 3245 1360 3300 τὸν
1415 3244 1641 3320 βασιλέα
1693 3244 1962 3302 δούλωσιν

309 3317 654 3411 ύπισχνεῗτοο
706 3317 853 3407 μετὰ
900 3317 957 3389 δέ
1005 3317 1128 3390 τινα
1181 3336 1368 3410 καιρὸν
1415 3317 1524 3390 ’τοῦ
1578 3337 1668 3391 τὸν
1720 3333 1965 3412 Γαϐριὴλ
1999 3317 2042 3384 C

305 3423 599 3488 ἀνελόντος
657 3425 916 3480 Ἰωάννου
957 3428 1056 3479 τοῦ
1086 3419 1506 3481 Βλαδισθλάϐου
1555 3423 1794 3500 ἐεράπων
1852 3425 1969 3505 ἀφί-

302 3536 474 3582 κετο,
536 3509 1023 3590 εὐαγγελιζόμενος
1069 3516 1170 3584 τὴν
1231 3513 1497 3589 ἀναίρεσιν
1553 3519 1650 3570 τοῦ
1703 3518 1822 3571 υἱοῦ
1872 3521 1969 3572 τοῦ

305 3603 585 3675 Σαμουὴλ
641 3605 731 3659 καὶ
777 3605 1075 3680 γράμματα
1103 3603 1372 3678 κομίζων,
1407 3603 1848 3681 ἐπαγγελλόμενα
1892 3611 1971 3678 τῷ

304 3692 535 3770 βασιλεῖ
584 3691 854 3749 δούλωσιν
915 3692 1328 3770 προσερῥύησαν
1380 3691 1438 3748 δὲ
1476 3693 1623 3767 αὐτῷ
1680 3697 1768 3750 καὶ
1827 3695 1966 3752 πολ-

303 3782 397 3839 λοὶ
454 3787 564 3838 τῶν
622 3781 910 3855 ἐπισήμων
960 3783 1109 3857 παρὰ
1160 3785 1522 3859 Βουλγάροις.
1557 3784 1724 3848 Γνοὺς
1785 3787 1967 3859 μέντοι

297 3873 394 3928 τὸν
452 3867 869 3929 Βλαδίσθλαϐον
918 3873 946 3926 6
1009 3871 1268 3948 βασιλεὺς
1338 3873 1399 3928 οὗ
1456 3875 1592 3929 κατὰ
1643 3875 1738 3937 τὰς
1798 3873 1967 3952 ἐπαγ-

302 3960 494 4037 γελίας
550 3958 959 4035 διανοούμενον,
1019 3960 1254 4030 ἐπῆλθεν
1329 3959 1480 4026 αὖθις
1536 3966 1604 4037 τῇ
1662 3962 1971 4041 Βουλγαρίᾳ

305 4052 394 4106 καὶ
430 4049 648 4112 πολλὰς
683 4052 778 4122 μὲν
811 4050 977 4120 αὐτῆς
1037 4049 1295 4122 έληΐσατο
1354 4053 1564 4128 χώρας,
1595 4055 1698 4123 τήν
1757 4051 1814 4108 δὲ
1869 4061 1971 4122 τῆς

310 4137 569 4215 Ἀχρίδος
627 4138 812 4211 πόλιν,
868 4139 907 4215 ᾗ
954 4141 1021 4196 τὰ
1073 4139 1322 4217 βασίλεια
1375 4146 1492 4198 τοῖς
1552 4147 1658 4196 τῶν
1728 4140 1970 4219 Βουλγά-

325 4248 428 4300 ρων
475 4229 752 4306 ἀρχηγοῖς
819 4227 1206 4304 ᾠκοδόμηντο,
1258 4229 1556 4303 πολιορκίᾳ
1613 4226 1820 4302 λαϐὼν,
1879 4235 1969 4286 καί

321 4313 467 4387 ἕτερα
518 4317 760 4396 φρούρια
817 4316 908 4374 διὰ
962 4322 1303 4397 στρατηγῶν,
1338 4319 1674 4390 έπανέζευξεν
1735 4321 1812 4384 εἷς
1868 4321 1966 4390 τὴν

309 4407 734 4466 Κωνσταντίνου.
759 4407 861 4463 Καὶ
902 4407 1051 4471 οὗθις
1108 4405 1166 4464 δὲ
1222 4408 1358 4463 κατὰ
1404 4410 1736 4486 Βουλγάρων
1783 4408 1970 4486 ἐστρά-

301 4517 478 4566 τευσε,
525 4497 616 4561 καὶ
673 4494 826 4560 αὖθις
887 4497 1122 4575 φρούριά
1176 4518 1236 4553 τε
1290 4497 1381 4552 καὶ
1413 4496 1661 4564 πολλοὺς
1690 4500 1798 4553 τών
1831 4505 1967 4572 Βαρ-

301 4580 488 4661 ϐάρων
543 4585 673 4649 τοὺς
733 4586 828 4659 μὲν
881 4583 1169 4663 διέφθειρε,
1224 4585 1350 4649 τοὺς
1412 4584 1469 4641 δὲ
1525 4587 1752 4664 συνέσχε
1802 4588 1964 4657 ζωούο

2090 1995 2366 2068 praesidia
2412 2012 2531 2051 una
2586 2012 2722 2052 cum
2797 1997 3204 2053 defensoribus
3253 1997 3737 2070 cepisset,Mosy-

2089 2084 2347 2156 nopolim
2373 2085 2591 2158 pergit:
2627 2086 2728 2142 ubi
2782 2085 2988 2143 nuntio
3021 2088 3093 2142 de
3146 2086 3439 2143 Samuelis
3494 2086 3734 2142 interitu

2087 2178 2345 2246 accepto,
2406 2175 2714 2246 Bulgarica
2771 2175 2987 2247 oppida
3030 2179 3086 2230 et
3115 2175 3389 2248 praesidia
3418 2180 3733 2248 expugnat.

2084 2265 2156 2318 At
2183 2263 2470 2320 Samuelis
2502 2264 2659 2320 filius
2691 2265 2990 2321 Romanus
3009 2264 3241 2322 Gabriel
3271 2266 3546 2335 (necdum
3578 2265 3737 2321 enim

2086 2369 2271 2408 census
2320 2353 2463 2426 erat)
2521 2371 2622 2425 per
2707 2355 2928 2427 legatos
3009 2354 3348 2426 imperatori
3397 2355 3737 2410 servitutem

2085 2442 2491 2514 pollicebatur,
2550 2453 2606 2499 et
2661 2448 2921 2516 tempore
2995 2444 3294 2517 aliquanto
3363 2445 3736 2517 interposito,

2087 2532 2333 2589 Joannis
2359 2532 3026 2590 Uladisthlaviminister
3043 2535 3232 2601 adest,
3267 2535 3482 2590 caedem
3506 2533 3740 2591 Gabrie-

2085 2622 2158 2678 lis
2195 2623 2267 2678 ab
2301 2621 2436 2678 hero
2464 2641 2571 2678 suo
2597 2623 2809 2679 factam
2843 2623 3148 2693 nuntians,
3197 2623 3414 2694 aliique
3442 2622 3611 2677 multi
3672 2637 3741 2677 ex

2083 2711 2414 2768 illustribus
2463 2712 2733 2785 Bulgaris
2790 2713 2862 2769 ad
2909 2711 3323 2781 imperatorem
3385 2712 3736 2768 conﬂuunt:

2081 2801 2177 2871 qui
2210 2818 2345 2856 cum
2399 2800 2784 2858 intellexisset
2836 2801 2996 2857 aliud
3055 2801 3278 2874 agitare
3353 2801 3550 2856 animo
3605 2800 3741 2858 Ula-

2081 2892 2625 2965 disthlavumquam
2640 2892 3030 2966 promisisset,
3050 2891 3739 2964 iterumimpressionein

2078 2981 2414 3052 Bulgariam
2464 2983 2636 3051 facta,
2696 2983 2868 3055 longe
2904 2982 3139 3054 lateque
3185 2983 3411 3054 praedas
3476 2981 3616 3054 egit,
3678 2985 3734 3036 et

2076 3071 2336 3126 Achrida
2365 3071 2508 3126 urbe
2537 3071 2697 3143 regia
2730 3072 3107 3144 Bulgarorum
3157 3076 3511 3142 expugnata,
3573 3069 3738 3126 aliis-

2078 3177 2190 3230 que
2222 3159 2478 3214 castellis
2509 3175 2614 3232 per
2643 3159 2820 3216 duces
2853 3175 2992 3215 suos
3057 3160 3264 3230 captis,
3323 3160 3739 3215 Constantino-

2077 3249 2257 3321 polim
2290 3249 2640 3322 regreditur.
2664 3252 2774 3306 Sed
2807 3267 3016 3305 rursus
3061 3249 3211 3304 bello
3252 3249 3414 3304 illato
3465 3247 3738 3304 Barbarie

2081 3338 2197 3393 illis
2224 3342 2281 3393 et
2328 3339 2586 3394 castellis
2657 3340 2979 3411 occupatis,
3031 3339 3318 3411 ltulgaros
3403 3337 3737 3411 complures

2079 3427 2293 3500 partim
2325 3428 2636 3496 interfecit,
2662 3428 2875 3500 partim
2927 3427 3099 3500 cepit.
3134 3431 3392 3494 Quorum
3461 3427 3740 3499 princeps

2076 3518 2330 3572 Joannes
2359 3516 2815 3587 Uladisthlavus,
2877 3519 3016 3573 dum
3077 3517 3427 3590 Dyrrahium
3489 3515 3738 3583 obsidet,

2079 3605 2396 3675 cadit,cum
2429 3605 2587 3677 genti
2632 3603 2935 3661 biennium
2971 3609 3026 3660 et
3053 3605 3316 3676 quinque
3341 3619 3580 3659 menses
3599 3621 3741 3674 prm-

2079 3695 2307 3750 fuisset.
2342 3695 2466 3759 Quo
2499 3695 2820 3766 imperator
2847 3695 3144 3750 intelleCto
3176 3694 3376 3750 statim
3411 3693 3733 3766 egreditur,

2079 3785 2174 3839 cui
2206 3784 2276 3839 ad
2302 3783 2743 3855 Adrianopolim
2777 3785 3017 3856 quidam
3069 3782 3332 3838 illustres
3391 3782 3629 3854 Bulgari
3678 3797 3741 3836 se

2079 3875 2321 3942 dedunt,
2354 3874 2571 3929 tradito
2604 3873 2844 3930 Pernico
2875 3878 2932 3930 et
2982 3873 3115 3930 aliis
3167 3873 3415 3946 triginta
3474 3871 3737 3945 quinque

2079 3963 2362 4019 castellis.
2399 3963 2508 4018 Sed
2537 3967 2595 4018 et
2627 3963 2723 4018 alii
2751 3963 2926 4018 multi
2971 3980 3040 4019 ex
3070 3963 3162 4018 his
3190 3962 3460 4018 Barbarie
3491 3963 3562 4017 ad
3604 3978 3739 4018 eum

2079 4052 2506 4107 conﬂuxerunt.
2540 4051 2724 4107 Maria
2773 4068 3008 4124 quoque
3053 4051 3297 4108 Joannis
3345 4049 3740 4106 Uladisthlavi

2081 4159 2244 4211 uxor,
2273 4141 2484 4196 Davide
2513 4140 2800 4212 Bulgaria:
2855 4140 3296 4212 archiepiscopo
3357 4154 3492 4195 cum
3527 4138 3740 4195 litteris

2080 4232 2149 4285 ad
2184 4229 2350 4286 illum
2384 4230 2584 4297 misso,
2618 4245 2680 4286 se
2736 4229 2824 4285 illi
2882 4228 3156 4301 Bulgaria
3211 4243 3510 4284 cessuram
3561 4227 3735 4300 polli-

2079 4323 2216 4386 cita,
2241 4319 2290 4374 si
2320 4335 2388 4374 ea
2419 4336 2546 4390 qua:
2576 4318 2747 4375 vellet
2774 4319 3168 4391 impetrasset,
3203 4318 3378 4390 paulo
3420 4321 3554 4390 post
3609 4317 3738 4389 ipsa

2080 4425 2215 4465 cum
2245 4409 2437 4464 tribus
2466 4407 2604 4463 ﬁliis
2633 4413 2688 4463 et
2720 4424 2820 4463 sex
2867 4406 3105 4463 ﬁliabus
3163 4407 3415 4463 advenit.
3477 4407 3628 4463 Sunt
3682 4410 3740 4462 et

2078 4503 2197 4553 tres
2228 4497 2358 4568 ejus
2380 4496 2478 4552 alii
2511 4495 2638 4567 ﬁlii,
2669 4496 2995 4552 Prusianus
3025 4513 3160 4552 cum
3192 4496 3425 4552 duobus
3455 4495 3738 4552 fratribus

2080 4589 2180 4661 qui
2212 4587 2273 4643 in
2338 4591 2567 4642 montes
2607 4588 2990 4658 profugerant
3053 4586 3342 4658 praesidiis
3395 4589 3736 4657 occupatos,

297 4675 363 4732 Ὁ
395 4672 456 4729 δὲ
484 4679 592 4730 τῶν
626 4673 959 4751 Βουλγάρων
992 4675 1180 4752 ἅρχων
1213 4677 1241 4731 6
1269 4676 1492 4747 Ἰωάνης
1514 4678 1603 4731 καὶ
1624 4675 1958 4734 Βλαδίσυλα-

2082 4677 2251 4733 :oacti
2285 4677 2357 4731 ad
2390 4675 2761 4747 imperatoris
2792 4675 2965 4731 ﬁdem
2997 4691 3059 4731 se
3090 4674 3392 4730 conferre:
3425 4691 3456 4730 e
3519 4675 3736 4747 quibus

302 4759 401 4826 ϐος
460 4766 600 4820 κατὰ
653 4769 752 4820 τοῦ
805 4764 1116 4842 Δυῤῥαχίου
1165 4764 1468 4840 ἐξώρμησε,
1503 4765 1591 4820 καὶ
1649 4764 1962 4842 πολιορκῶν

301 4852 441 4906 αὐτὸ
496 4853 706 4921 πίπτει,
737 4853 898 4929 ἄρξας
953 4851 1044 4924 ἔτη
1107 4851 1204 4908 δύο
1254 4853 1345 4908 καὶ
1419 4861 1594 4926 μῆνας
1668 4855 1844 4912 πέντε.
1897 4859 1963 4914 ‘0

305 4943 497 5013 μαθὼν
527 4943 556 4996 ὁ
587 4939 842 5016 βασιλεὺς
873 4941 1028 5005 εὐθὺς
1087 4939 1265 5015 ἔξεισι,
1298 4944 1388 4997 καὶ
1446 4943 1569 5017 περὶ
1624 4946 1724 5013 τήν
1781 4943 1966 5020 Ἀδρι-

297 5027 605 5084 ανούπολιν
633 5031 909 5107 γενομένῳ
946 5032 1234 5108 προσίασιν
1284 5032 1431 5102 αὐτῷ
1478 5036 1587 5086 τῶν
1637 5032 1966 5108 Βουλγάρων

297 5118 584 5196 ἐπιφανεῖς
649 5121 817 5188 τινὲς,
893 5118 1284 5194 παραδιδόντες
1334 5119 1481 5194 αὐτῷ
1535 5122 1627 5176 τὸν
1681 5123 1964 5197 Πέρνικον,

295 5207 390 5262 καὶ
447 5205 604 5282 ἔτερα
655 5209 888 5287 φρούρια
944 5210 1236 5284 τριάκοντα
1290 5208 1379 5264 ἐπὶ
1437 5211 1610 5265 πέντε·
1657 5210 1745 5266 καὶ
1801 5209 1967 5268 ἄλλοι

299 5294 363 5351 δὶ
411 5301 524 5352 τῶν
583 5293 874 5374 Βαρϐάρων
926 5297 1134 5354 τούτων
1193 5299 1342 5372 αύτῷ
1399 5298 1832 5377 προσεῤῥύησαν.
1866 5302 1966 5356 Καὶ

2078 4766 2426 4824 Prusianum
2486 4765 2864 4836 magistrum,
2940 4765 3086 4821 227
3180 4768 3418 4820 caeteros
3458 4764 3736 4836 patricios

2076 4856 2227 4911 fecit.
2253 4854 2539 4910 Universa
2570 4853 2847 4926 Bulgaria
2878 4853 3144 4923 subacta,
3196 4857 3255 4909 et
3288 4852 3546 4909 castellis
3601 4852 3736 4907 aliis

2075 4945 2316 5011 eversis,
2347 4943 3081 5015 aliis,munitis,justisque
3095 4942 3386 5014 praesidiis
3406 4940 3728 5014 impositis,

2075 5035 2336 5090 Athenas
2367 5034 2438 5089 ad
2471 5032 2825 5090 exsolvenda
2854 5031 3116 5105 Deiparas
3147 5035 3280 5088 vota
3301 5039 3385 5088 est
3417 5031 3732 5104 profectus,

2076 5141 2142 5181 ac
2174 5123 2461 5180 dedicatis
2489 5124 2546 5178 in
2571 5123 2692 5178 aede
2721 5123 2850 5193 ejus
2885 5121 3088 5178 multis
3119 5121 3391 5194 pretiosis
3449 5119 3732 5187 donariis,

2075 5215 2138 5271 in
2169 5213 2493 5286 principem
2538 5212 2742 5267 urbem
2783 5227 3052 5268 reversus
3110 5210 3482 5284 triumphum
3540 5208 3728 5276 duxit,

2077 5308 2237 5360 recta
2265 5303 2415 5358 tiara
2443 5305 2708 5370 ornatus,
2737 5317 2912 5371 quam
2941 5301 3157 5374 vulgus
3186 5301 3436 5373 tupham
3475 5302 3642 5355 vocat
3700 5316 3734 5356 a

1590 5449 1795 5511 Variae
1824 5449 2128 5512 lectiones
2159 5457 2221 5511 et
2251 5455 2438 5511 notae.

371 5571 486 5640 (90)
557 5569 661 5627 Καὶ
737 5571 978 5640 θνήσκει.
1056 5575 1250 5643 Lupus

289 5643 461 5700 1015,
488 5645 752 5714 apparuit
797 5648 1007 5700 cometa
1023 5659 1210 5699 meme

289 5729 404 5770 rex
431 5718 590 5776 obiit.
621 5719 672 5772 et
727 5716 880 5786 ﬁlius
909 5715 1027 5788 ejus
1057 5717 1327 5788 regna-viti.
1379 5718 1510 5774 Mox
1547 5735 1566 5772 :
1610 5719 1770 5775 Αηηο
1800 5721 1957 5788 1016,

291 5788 482 5846 οσίδαε
507 5794 589 5845 εει
607 5790 763 5861 ﬁlius
786 5787 1046 5861 praedicti
1089 5787 1370 5846 Samuelis
1398 5791 1465 5846 ab
1494 5793 1620 5862 ejus
1638 5787 1960 5849 consobrino

1372 5576 1666 5644 rotospata
1709 5590 1722 5628 :
1811 5576 1966 5631 Anno

2073 5575 2193 5646 ﬁlio
2213 5575 2404 5639 Aroni,
2437 5576 2487 5627 et
2517 5573 2766 5646 regnavit
2822 5573 2960 5642 ipse.
2991 5573 3105 5646 Ubi
3161 5573 3289 5628 cod.
3325 5573 3399 5628 al.
3441 5590 3475 5628 a
3497 5571 3731 5628 Ficrada

1267 5645 1559 5715 februaril,
1633 5654 1686 5701 et
1739 5646 1961 5703 Samuel
2068 5648 2187 5718 ejus
2204 5646 2528 5702 consobrino
2557 5645 2673 5716 ﬁlio
2723 5647 2982 5702 Arrenii.
3015 5645 3272 5702 Consule
3300 5646 3566 5702 Familia:
3621 5660 3728 5700 no-

2071 5725 2224 5775 stras
2256 5718 2619 5774 Dalmatiam.
