4142 6362
340 382 468 445 173

1645 372 1753 434 AN
1759 370 2066 434 NALIUM
2105 371 2255 432 LIB.
2302 372 2496 435 XVII.

3668 379 3790 441 174

335 512 529 592 τρίχα,
581 511 676 568 καί
727 508 812 588 ἐφ’
842 508 1028 586 ἑτέραν
1061 507 1207 578 ζωὴν
1243 506 1692 582 μεταστήσεντας.
1722 504 1785 562 Ἦ
1829 499 1908 575 δὲ,
1955 502 2020 559 τὸ
2065 505 2576 582 σκηνουργούμενον
2622 506 2959 584 ἀγνοήσασα,
3010 506 3250 583 ἑτοίμως
3294 509 3491 581 ἓαυτήν
3538 511 3784 588 παρέσχε

341 605 484 682 πρὸς
511 601 608 672 τὴν
640 603 739 656 τοῦ
775 598 900 676 βίου
930 593 1281 672 ἀπαλλαγήν.
1339 596 1404 652 Ἡ
1438 595 1532 668 μὲν
1563 594 1655 648 οῦν
1685 593 1786 663 τήν
1816 593 2000 666 κόμην
2030 612 2089 648 τε
2119 593 2432 666 ἀπετμήθη,
2475 596 2567 651 καὶ
2602 595 2810 670 μέλανα
2845 597 3258 677 μετημφίαστο.
3309 600 3368 657 Ὀ
3422 596 3480 654 δὲ
3523 602 3778 677 μετήχθη

343 695 486 772 πρὸς
512 691 580 748 τὰ
609 687 880 767 βασιλεια,
912 687 1002 743 καὶ
1033 689 1068 758 ἡ
1102 685 1326 762 δευτέρα
1351 689 1459 740 τῶν
1490 683 1796 760 θυγατέρων
1824 686 1921 738 τοῦ
1952 683 2357 738 Κωνσταντίνου
2411 685 2762 762 συζεύγνυται
2815 687 2960 761 αύτῴ
3018 688 3154 765 πρὸς
3217 683 3542 762 συμϐίωσιν·
3595 693 3631 761 ἡ
3679 691 3781 767 γὰρ

353 770 543 860 τρίτη,
580 779 665 836 διὰ
689 779 750 835 τὸ
779 779 883 847 τὴν
916 776 1122 832 ἐκείνου
1172 773 1466 852 εόνὲτειραν
1502 772 1731 828 ἄκουσαν
1766 770 2087 848 διαζυγῆναι
2120 772 2304 842 αὐτοῦ,
2339 779 2789 850 παραιτήσασθαι
2831 777 2930 846 την
2967 779 3083 851 μετ’
3133 779 3300 833 αὐτοῦ
3355 774 3660 853 συμϐίωσιν
3691 779 3784 836 λέ-

360 859 534 948 γεται.
565 868 657 924 Καὶ
688 869 716 923 6
769 867 864 941 μὲν
898 870 1102 938 Καῖσαρ
1134 863 1458 940 ἀναρρηθεὶς
1491 865 1837 948 συνήρμοστο
1865 864 1935 934 τῇ
1967 863 2090 935 Ζωῇ
2254 863 2314 919 Ὁ
2345 859 2401 917 δὲ
2436 863 2698 938 βασιλεὺς
2726 867 3156 934 Κωνσταντῖνος,
3187 872 3335 943 τρεῖς
3365 862 3611 930 ἐπιϐιοὺς
3641 869 3783 942 ἡμὲ-

354 946 455 1037 ρας
481 962 544 1033 τῇ
577 957 886 1028 συνοικήσει
916 954 1117 1023 αὐτῶν,
1149 952 1368 1009 ἀπέτισε
1395 952 1458 1009 τὸ
1489 954 1693 1029 χρεὼν,
1722 946 2237 1025 ἑϐδομηκοντούτης
2260 952 2350 1006 καὶ
2377 954 2515 1030 πρὸς
2547 955 2814 1030 γεγονὼς,
2849 954 3131 1020 ἐνιαυτοὺς
3166 954 3224 1013 δὲ
3251 963 3398 1034 τρεῖς
3426 958 3542 1021 ἑνὸς
3571 955 3781 1014 ἐνδέον-

351 1071 445 1114 τος
475 1047 666 1121 μηνὸς,
697 1051 799 1115 τῆς
837 1041 1118 1121 βασιλείας
1151 1040 1666 1119 κατορχησάμενος.

415 1139 522 1196 ΙΑ’.
574 1135 853 1210 Ῥωμανὸς
905 1131 964 1189 δὲ
1020 1131 1236 1200 λοιπὸν,
1287 1132 1348 1196 ὃς
1391 1129 1822 1208 Ἀργυρόπωλος
1883 1128 2006 1184 ἐκα-

2193 1132 2288 1188 ΧΙ.
2323 1137 2625 1190 Romanus
2657 1135 2954 1210 deinceps,
3007 1137 3108 1209 qui
3152 1139 3552 1210 Argyropolus
3608 1154 3781 1195 voca-

345 1229 518 1297 λεῖτο,
562 1229 670 1281 τῶν
723 1223 1015 1300 σκήπτρων
1061 1215 1511 1295 ἐπιλαμϐάνεται,
1562 1221 1650 1276 καὶ
1701 1219 1896 1274 αὐτίκα
1937 1218 1999 1272 τὸ

342 1312 759 1391 Ἀλληλέγγυον
799 1308 1164 1388 φορολόγημα
1211 1305 1419 1387 ῥιζόθεν
1472 1308 1710 1384 ἐξέκοψε,
1739 1309 1830 1363 καὶ
1882 1312 1999 1369 τοῖς

337 1409 438 1461 τοῦ
470 1408 607 1459 Θεοῦ
657 1398 959 1476 ὑμνῳδοῖς,
1015 1404 1132 1463 τοῖς
1182 1402 1250 1474 τῇ
1311 1398 1542 1475 Μεγάλῃ
1598 1397 1862 1470 ἐκκλησίᾳ
1908 1417 1999 1451 κε-

339 1491 754 1570 κληρωμένοις,
803 1491 902 1560 τήν
949 1488 1008 1545 ἐκ
1053 1492 1159 1545 τῶν
1209 1485 1484 1565 βασιλείαν
1541 1486 1780 1563 ταμείων
1831 1505 2003 1562 χορη-

336 1584 620 1660 γουμὲνην
647 1586 756 1637 τῶν
788 1579 1063 1658 χρυσίνων
1093 1575 1362 1652 διανομὴν
1414 1579 1701 1654 προσθήκῃ
1761 1574 2002 1648 ἐπηύξη-

339 1693 472 1742 σεν,
534 1669 703 1734 εῗδὼς
767 1667 964 1732 ἰνδεῶς
1015 1669 1207 1730 αὐτοῖς
1265 1667 1409 1744 ἔχειν
1464 1668 1531 1723 τὰ
1587 1665 1997 1744 χορηγούμενα.

339 1763 543 1839 Γέγονε
597 1762 703 1838 γάρ
760 1780 898 1816 ποτε
951 1765 1051 1829 τῆς
1104 1755 1202 1814 τοῦ
1278 1761 1412 1813 Θεοῦ
1482 1757 1660 1834 Λόγου
1708 1755 2000 1829 ἐπωνύμου

343 1853 551 1932 Σοφίας
628 1849 792 1928 μέγας
865 1847 1184 1923 οῗκονόμος,
1249 1846 1365 1903 ἐπεὶ
1421 1851 1500 1922 ειῷ
1559 1844 1774 1924 βασιλεῖ
1826 1847 2002 1902 ἀνεῖτο

340 1942 579 2021 πρόσθεν
659 1938 990 2015 οῒκονόμους
1073 1939 1152 2013 (3)
1228 1944 1329 2008 τῆς
1407 1936 1701 2008 ἐκκλησίας
1776 1934 2006 2007 ταυτησὶ

340 2029 815 2110 προχειρίζεσθαι,
877 2027 968 2084 καὶ
1021 2026 1148 2091 τοὺς
1179 2025 1270 2082 διὰ
1305 2028 1444 2104 χρὲα
1500 2023 1740 2100 δημόσια
1792 2036 2009 2100 καθειρ-

342 2123 587 2199 γμένους
646 2119 683 2190 ἢ
738 2117 830 2174 καὶ
892 2116 1142 2174 ἰδιωτικὰ
1197 2115 1559 2194 ἠλευθέρωσε,
1606 2117 1675 2171 τὰ
1734 2115 1828 2189 μὲν
1883 2116 2018 2170 ἀπο..

345 2209 554 2283 τιννῦς,
588 2209 657 2265 τὰ
687 2205 743 2264 δὲ
772 2203 1015 2282 δημόσια
1042 2206 1240 2285 ἀφιεὶς,
1289 2205 1380 2261 καὶ
1430 2207 1734 2282 χρημάτων
1776 2204 2016 2262 ,πολλῶν

349 2297 600 2356 διάδοσιν
660 2296 954 2367 ἐποιήσατο
1018 2297 1153 2374 ὑπὲρ
1201 2299 1298 2351 τοῦ
1352 2293 1618 2371 βασιλέως
1676 2293 2018 2352 Κωνσταντί-

345 2411 444 2445 νου
496 2392 596 2444 τοῦ
629 2388 891 2463 πενθεροῦ
923 2385 1114 2455 αὐτοῦ,
1161 2386 1252 2440 καὶ
1307 2385 1703 2461 αἰχμαλώτους
1735 2383 2024 2449 πλείστους

2109 1220 2312 1289 batur,
2375 1223 2626 1294 sceptris
2693 1224 2937 1296 potitus,
3020 1225 3308 1282 tributum
3385 1225 3781 1301 allelengyum

2115 1311 2317 1366 statim
2353 1312 2622 1368 funditus
2645 1314 3023 1386 exstirpavit:
3057 1314 3155 1370 Dei
3187 1315 3526 1372 cantoribus
3559 1316 3780 1389 Magnae

2111 1399 2376 1456 Ecclesiae
2409 1402 2731 1470 attributis,
2791 1403 3229 1476 imperatoriam
3287 1422 3602 1462 aureorum
3653 1405 3776 1462 lar-

2110 1490 2392 1562 gitionem
2423 1508 2453 1547 e
2478 1492 2617 1548 ﬁsco
2649 1492 2828 1548 tribui
2887 1493 3121 1550 solitam
3183 1495 3424 1550 adauxit
3454 1511 3469 1550 :
3504 1510 3638 1551 cum
3701 1512 3772 1553 ex

2109 1594 2176 1636 eo
2207 1580 2383 1637 sciret
2433 1581 2492 1636 id
2541 1582 2904 1655 stipendium
2958 1584 3043 1639 eis
3086 1600 3202 1640 non
3255 1584 3547 1653 sufﬁcere,
3608 1587 3766 1657 quod

2110 1669 2426 1743 aliquando
2457 1672 2597 1728 aedis
2627 1676 2848 1728 Sancta:
2889 1672 3122 1744 SOphize
3151 1689 3493 1729 oeconomus
3549 1671 3766 1740 fuerat,

2111 1759 2253 1814 dum
2289 1759 2346 1814 id
2379 1776 2598 1816 munus
2633 1760 2704 1817 ab
2745 1760 3101 1833 imperatore
3148 1761 3330 1818 tribui
3387 1762 3633 1819 solebat.
3683 1763 3767 1820 Ob

2114 1866 2192 1906 aes
2235 1848 2495 1906 olienum
2539 1851 2661 1907 sive
2719 1851 3020 1924 publicum
3079 1851 3201 1908 sive
3235 1852 3531 1924 privatum
3589 1869 3770 1910 nexos

2115 1939 2403 2009 liberavit,
2435 1939 2536 1996 illo
2565 1939 2805 2013 abolito,
2836 1941 2948 1998 hoc
2980 1941 3207 1998 soluto:
3243 1958 3347 2014 pro
3377 1943 3762 1999 Constantino

2121 2045 2320 2085 socero
2382 2029 2704 2085 maximam
2737 2031 3048 2102 pecuniam
3107 2031 3460 2088 distribuit:
3521 2030 3776 2103 plurimo

2123 2119 2381 2190 captivos
2407 2119 2690 2188 redemit;
2725 2121 2880 2177 230
2911 2120 3218 2193 episCOpos
3253 2136 3356 2193 per
3387 2119 3775 2193 allelengyum

2128 2209 2201 2265 ad
2258 2212 2578 2281 egestatem
2645 2210 2935 2279 redactos,
3000 2210 3374 2279 refocillavit;
3421 2227 3456 2266 a
3501 2209 3776 2266 defuncto

2129 2297 2481 2369 imperatore
2505 2297 2626 2353 sive
2685 2298 3055 2356 mutilatione
3084 2299 3364 2371 corporis,
3425 2298 3546 2355 sive
3593 2300 3776 2354 bono-

2133 2405 2265 2444 rum
2293 2387 2709 2460 publicatione,
2743 2388 2862 2444 sive
2901 2387 3032 2444 aliis
3065 2389 3257 2444 modis
3288 2388 3540 2444 afﬂictos
3571 2403 3782 2445 conso-

356 2478 610 2554 ἐπρίατο,
657 2476 748 2532 καὶ
799 2474 916 2531 ὅσοι
970 2480 1079 2531 τῶν
1112 2473 1420 2530 ἐπισκόπων
1454 2474 1515 2529 ἐκ
1561 2479 1659 2530 τοῦ
1704 2471 2019 2550 Ἀλληλεγ-

2135 2477 2292 2533 latus
2321 2481 2429 2532 est.
2463 2477 2572 2533 Sed
2626 2477 2978 2534 Prusianum
3039 2477 3410 2550 magistrum,
3443 2477 3783 2550 Bulgarum,

356 2568 498 2646 γύου
529 2564 991 2646 φορολογήματος
1051 2563 1127 2628 εἰς
1177 2562 1378 2619 ἔνδειαν
1436 2563 1842 2635 συνηλάθησαν,
1894 2568 2022 2639 παρ’

362 2657 534 2713 αὐτοῦ
587 2655 980 2725 ἀνεκτήθησαν,
1051 2654 1141 2710 καὶ
1186 2653 1314 2717 τοὺς
1363 2653 1700 2717 κακωθέντας
1753 2655 1898 2730 παρὰ
1925 2658 2023 2708 τοῦ

349 2744 792 2816 τελευτήσαντος
853 2740 1128 2820 βασιλάως
1184 2744 1219 2814 ἢ
1273 2742 1323 2798 ἰν
1356 2744 1605 2816 πηρώσει
1664 2743 1868 2817 μελῶε,
1899 2743 1935 2813 ἢ
1967 2741 2020 2799 ἐν

358 2833 691 2911 δημεύσεσιν
722 2833 940 2901 οὐσιῶν,
990 2831 1026 2903 ἢ
1075 2831 1318 2896 ἀλλοίως
1364 2835 1806 2909 παρεμυθήσατο,
1862 2834 2022 2888 Ὑπο-

355 2924 612 2986 πτευθείς
673 2920 732 2978 δὲ
789 2924 818 2979 6
877 2923 1178 3000 μάγιστρος
1237 2921 1572 2985 ΙΙαονσιάνος
1620 2924 1648 2978 6
1704 2921 2020 2998 Βούλγαρος

363 3014 534 3090 λάθρα
564 3017 633 3088 τῇ
693 3019 794 3082 τῆς
845 3011 1161 3089 Λύγούστης
1192 3015 1346 3082 Ζωῆς
1387 3008 1596 3086 ἀδελφῇ
1645 3016 1714 3086 τῇ
1766 3008 2021 3088 Θεοδώρᾳ

357 3101 831 3179 κοινολογεῖσθαι,
880 3102 970 3157 καὶ
999 3106 1094 3176 ’τῇ
1150 3101 1403 3178 βασιλείᾳ
1457 3099 1856 3181 ἐποφθαλμεῖν,
1891 3099 2021 3156 συλ-

355 3187 702 3268 λαμϐάνεται
734 3191 826 3248 καὶ
857 3196 1194 3268 φρουρεῖται,
1250 3191 1365 3247 εἶτα
1417 3191 1506 3247 καὶ
1563 3195 1837 3267 πηροῦται
1890 3189 2020 3253 τοὺς

354 3280 712 3362 ὀφθαλμοὺς,
745 3281 835 3336 καὶ
867 3283 901 3350 ἡ
946 3277 1202 3356 Θεοδώρα
1250 3279 1328 3342 εἰς
1374 3280 1436 3334 τὸ
1496 3281 1718 3356 Πέτριον
1772 3277 2020 3356 περιορί-

358 3380 537 3442 ζεται,
583 3369 674 3426 καὶ
701 3372 728 3426 6
761 3368 845 3426 ἐπ’
874 3366 1143 3448 ἀδελφιδῇ
1195 3366 1253 3424 δὲ
1296 3373 1394 3424 τοῦ
1452 3369 1722 3446 βασιλέως
1770 3364 2023 3446 γαμϐρὸς

360 3464 775 3524 Κωνσταντῖνος
845 3461 873 3514 6
946 3457 1226 3534 Διογένης,
1283 3459 1368 3522 ὅς
1419 3457 1708 3535 τυραννίδα
1779 3457 2021 3534 μελετῶν

359 3548 776 3626 κατηγορηθεὶς
811 3592 826 3618 ,
886 3545 1199 3621 δεσμευθεὶς
1259 3547 1312 3602 ἐν
1385 3547 1578 3624 πύργῳ
1625 3548 2021 3625 καθείργνυται.

355 3645 472 3695 Τοῦ
527 3640 709 3713 μέντοι
756 3645 857 3709 τῆς
922 3632 1215 3714 Ἀϐασγίας
1261 3637 1690 3713 ἡγεμονεύοντος
1749 3639 2024 3716 Δεωγρίου

361 3727 648 3796 θανόντος,
714 3731 750 3798 ἡ
822 3725 1018 3783 τούτου
1090 3726 1314 3804 σύζυγος
1345 3725 1578 3790 σπονδὰς
1634 3727 1886 3800 ἐζήτησε,
1935 3727 2024 3784 καὶ

354 3818 615 3874 σύνοικον
667 3821 748 3890 τῷ
807 3818 933 3891 υἱῷ.
995 3815 1094 3872 Καὶ
1149 3817 1176 3871 ὁ
1231 3814 1484 3893 βασιλεὺς
1529 3816 1623 3880 τάς
1674 3839 1733 3873 τε
1791 3815 2024 3881 σπονδὰς

2134 2570 2473 2638 suspectum
2501 2566 2666 2636 quasi
2709 2566 3076 2622 clandestina
3123 2584 3258 2622 cum
3312 2567 3619 2622 Theodora
3646 2569 3789 2624 Zoes

2133 2658 2405 2730 Augustae
2456 2671 2656 2712 sorore
2703 2655 2950 2712 consilia
3007 2660 3310 2722 tractaret,
3371 2671 3670 2728 regnoque
3701 2656 3791 2713 in-

2132 2745 2342 2812 hiaret,
2376 2745 2870 2817 comprehensum
2897 2745 2956 2800 in
2988 2733 3318 2801 custodiam
3351 2745 3532 2814 dedit,
3557 2761 3623 2802 ac
3655 2761 3792 2818 pos-

2131 2838 2225 2890 tea
2268 2834 2546 2903 caecavit;
2601 2833 2968 2890 Theodoram
3030 2834 3092 2890 in
3151 2833 3408 2890 Petrium
3458 2833 3786 2906 relegavit;

2131 2923 2584 2980 Constantinum
2615 2922 2933 2996 Diogenem
2949 2923 3142 2996 neptis
3163 2941 3233 2980 ex
3255 2938 3454 2979 sorore
3478 2923 3785 2992 maritum,

2131 3014 2205 3070 ob
2237 3013 2512 3068 aiTectataa
2535 3013 2866 3086 tyrannidis
2895 3013 3136 3081 crimen,
3169 3013 3431 3069 vinctum
3458 3013 3520 3069 in
3540 3016 3787 3084 turrem,

2130 3102 2640 3174 conjecit.Mortuo
2663 3102 2908 3176 Georgio
2935 3103 3224 3175 Albasgia
3255 3103 3788 3175 principe,viduam

2131 3193 2282 3265 ejus,
2323 3191 2757 3248 renovationem
2806 3193 3060 3261 foederis,
3120 3197 3178 3248 et
3235 3192 3356 3247 filio
3407 3209 3650 3248 uxorem
3681 3209 3787 3264 pe-

2133 3285 2373 3348 tentem,
2406 3282 2716 3353 utriusque
2745 3281 2862 3337 voti
2893 3285 3227 3354 compotem
3289 3281 3444 3346 fecit,
3507 3286 3786 3338 renovato

2133 3372 2368 3439 foedere,
2392 3374 2449 3427 et
2474 3370 2689 3426 Helena
2718 3387 2786 3426 ex
2815 3371 2990 3427 fratre
3020 3370 3237 3426 Basilio
3271 3375 3465 3444 nepte,
3511 3372 3570 3426 in
3601 3371 3788 3427 Abas-

2133 3462 2289 3534 giam
2312 3460 2516 3528 missa,
2550 3461 2720 3532 cujus
2753 3477 3039 3534 sponsum
3076 3460 3451 3517 Pancratium
3483 3459 3790 3534 curopala-

2132 3554 2255 3606 tam
2288 3549 2632 3623 designavit.
2653 3549 2972 3622 Chalepum
3003 3551 3230 3618 urbem,
3265 3566 3394 3621 quae
3452 3553 3510 3607 et
3559 3550 3792 3607 Berrma

2134 3640 2371 3708 dicitur,
2405 3656 2744 3711 oppugnare
2775 3639 3053 3709 instituit,
3123 3641 3193 3695 ad
3249 3655 3499 3711 eamque
3547 3656 3671 3695 rem
3729 3656 3792 3695 se

2135 3729 2380 3802 paravit.
2411 3729 2559 3784 Nam
2591 3745 2726 3785 cum
2759 3729 3123 3802 Nicephorus
3153 3733 3211 3786 et
3247 3729 3508 3785 Joannes
3537 3730 3791 3801 impera-

2134 3823 2289 3876 tores
2322 3818 2541 3874 multas
2587 3819 2762 3875 urbes
2815 3818 3120 3874 Pbcenicize
3177 3823 3234 3874 et
3279 3819 3453 3892 Syriae
3497 3819 3793 3875 Romano-

348 3905 681 3979 ἀνεκαίνισε,
721 3907 812 3962 καὶ
860 3906 958 3975 τὴν
991 3903 1160 3961 παῖδα
1192 3905 1477 3962 Βασιλείου
1525 3911 1622 3961 τοῦ
1653 3904 1892 3976 ἀδελφοῦ
1923 3907 2019 3963 αύ-

2136 3926 2269 3964 rum
2301 3909 2547 3980 imperio
2576 3907 2988 3980 subjecissent,
3013 3908 3264 3964 Basilius
3297 3909 3398 3981 qui
3417 3921 3657 3965 secutus
3681 3912 3790 3976 est,

348 4001 455 4053 τοῦ
508 3998 606 4066 τήν
662 3995 888 4067 Ἐλένην
945 3993 1165 4074 νύμφην
1239 3994 1316 4060 εἷς
1367 3991 1654 4072 Ἀϐασγίαν
1711 3996 2016 4066 ἀπέστειλε,

350 4087 449 4142 τὸν
504 4083 739 4164 νυμφίον
795 4085 1100 4162 Παγκράτιν
1159 4083 1583 4160 κουροπαλάτην
1655 4088 1967 4159 τετιμηκώς
2001 4128 2014 4142 .

357 4177 423 4231 Ὁ
483 4171 543 4230 δὲ
607 4173 862 4250 βασιλεὺς
919 4174 1058 4230 κακὰ
1112 4177 1209 4229 τοῦ
1266 4171 1457 4230 Χάλεπ
1510 4174 1782 4250 ὁρμῆσαι,
1843 4175 1872 4230 ’ὀ
1928 4175 2018 4231 καὶ

367 4263 598 4340 Βὲρῥοια
651 4262 892 4339 λέγεται,
937 4258 1209 4335 ἠϐούλετό
1238 4262 1410 4318 τεκαὶ
1465 4265 1817 4337 ἡτοιμάζετο.
1874 4264 2021 4322 Ηολ-

364 4351 465 4418 λᾶς
492 4355 595 4430 γὰρ
624 4357 736 4408 τῶν
767 4351 982 4408 πόλεων
1030 4359 1131 4424 τῆς
1171 4374 1230 4408 τε
1279 4351 1542 4424 Φοινίκης
1574 4353 1663 4408 καὶ
1692 4357 1793 4420 τῆς
1827 4353 2023 4431 Σύρίας

359 4447 462 4498 τοῦ
493 4441 824 4518 Νικηφόρου
847 4439 937 4497 καί
966 4446 1062 4497 τοῦ
1113 4442 1368 4498 Ἰωάννου
1411 4447 1517 4497 τῶν
1573 4441 1838 4519 βασιλέων
1886 4445 2023 4500 ὁποι-

353 4533 639 4609 γαγόντων
668 4535 738 4606 τῇ
789 4534 897 4586 τῶν
958 4531 1248 4604 Ῥωμαίων
1293 4531 1578 4607 ἡγεμονίᾳ,
1638 4533 1666 4588 ὁ
1714 4534 1831 4607 μετ’
1886 4534 2028 4590 ἐκεί-

358 4643 495 4686 νους
527 4620 831 4692 Βασίλειος,
862 4625 981 4684 ταῖς
1031 4620 1166 4694 μετᾶ
1211 4619 1540 4698 Βουλγάρων
1592 4621 1881 4698 σχολάζων
1931 4622 2029 4697 μά-

357 4731 525 4787 χαις,
582 4710 768 4783 καιρὸν
810 4710 914 4765 οὐκ
967 4703 1097 4785 ἔσχε
1144 4707 1240 4771 τὰς
1286 4706 1592 4775 ἑαλωκυίας
1638 4710 2028 4790 ἀσφαλίζεσθαι

361 4800 588 4863 πόλεις·
621 4797 730 4854 α’ίδ’
779 4799 958 4874 ὅμως,
1021 4799 1192 4875 μέχρι
1251 4799 1345 4872 μὲν
1400 4807 1592 4875 περιῆν
1653 4799 1874 4874 ἐκεῖνος,
1932 4801 2033 4858 οὐκ

375 4887 634 4964 ἐτόλμων
667 4889 741 4952 εἷς
770 4889 1048 4966 προῦπτον
1096 4888 1190 4944 τὸν
1235 4895 1334 4958 τῆς
1377 4885 1626 4953 δουλείας
1683 4892 1838 4968 ζυγὸν
1895 4891 2031 4948 ἀπο-

367 4981 677 5038 σείσασθαι.
711 4983 820 5036 Τοῦ
869 4977 928 5034 δὲ
970 4977 1370 5034 Κωνσταντίνου
1400 4983 1508 5035 τῶν
1542 4982 1833 5058 σκήπτρων
1888 4981 2034 5038 ἔπει-

363 5068 686 5144 λημμὲνου,
739 5069 829 5125 καὶ
887 5069 1189 5144 ἀνειμένως
1243 5070 1346 5138 τήν
1410 5069 1685 5146 βασιλείαν
1736 5071 2030 5143 ίθύνοντος,

361 5161 420 5216 οἱ
450 5162 551 5226 τῆς
581 5160 758 5234 Ἀγαρ
792 5158 1077 5235 ἀπόγονοι,
1121 5162 1312 5214 τοῦτον
1365 5161 1502 5214 εἶναι
1540 5161 1633 5215 τὸν
1661 5163 1848 5237 καιρὸν
1876 5163 2032 5240 γνόν-

2133 3998 2453 4071 Bulgaricis
2483 3997 2956 4070 expeditionibus
2988 4001 3335 4069 occupatus,
3363 4014 3463 4054 eas
3509 3998 3791 4054 ﬁrmandi

2129 4089 2316 4145 otium
2341 4104 2456 4142 non
2488 4087 2725 4143 habuit:
2760 4102 2949 4157 neque
2993 4090 3210 4158 tamen,
3278 4087 3471 4159 quoad
3516 4087 3566 4143 is
3623 4087 3789 4159 vixit,

2129 4176 2244 4233 illae
2275 4193 2429 4232 ausae
2453 4175 2916 4248 fueruntjugum
2940 4176 3242 4232 servitutis
3265 4181 3465 4248 aperte
3497 4180 3790 4234 excutere.

2129 4267 2414 4322 Caeterum
2453 4265 2840 4321 Constantino
2873 4281 3070 4320 rerum
3122 4265 3334 4335 potito,
3394 4268 3453 4320 et
3501 4265 3794 4322 dissolute

2131 4354 2447 4428 imperium
2480 4353 2956 4424 administrante,
2989 4353 3239 4425 Agareni
3271 4359 3510 4428 tempus
3542 4355 3602 4410 id
3629 4371 3795 4411 exse-

2135 4443 2353 4518 quendi
2385 4459 2453 4498 ea
2481 4460 2604 4514 quae
2634 4443 2848 4499 animis
2887 4443 3201 4515 agitarant,
3252 4443 3632 4500 commodum
3666 4461 3798 4500 esse

2137 4534 2269 4602 rati,
2305 4532 2469 4589 caesis
2494 4533 2789 4604 praesidiis
2821 4534 3000 4590 urbes
3051 4537 3360 4606 occupant.
3395 4533 3636 4607 Chalepi
3668 4550 3799 4592 vero

2137 4626 2409 4698 princeps
2440 4623 2881 4678 continentibus
2929 4623 3382 4680 excursionibus
3444 4627 3501 4680 et
3553 4622 3802 4696 popula-

2138 4714 2402 4771 tionibus
2454 4712 2644 4784 ipsam
2719 4712 3122 4785 Antiochiam,
3190 4713 3458 4785 aliasque
3514 4713 3801 4770 finitimas

2139 4803 2313 4878 Syriae
2353 4806 2558 4875 gentes
2616 4803 2896 4858 Romanae
2948 4802 3190 4860 ditionis
3248 4803 3541 4859 vexabat:
3607 4820 3641 4860 a
3689 4818 3804 4876 quo

2143 4896 2262 4951 dux
2300 4892 2721 4962 Antiochenus,
2769 4892 3156 4950 Constantino
3220 4894 3412 4950 adhuc
3463 4893 3804 4966 superstite,

2142 4983 2394 5056 turpiter
2445 4986 2661 5049 victus,
2719 4981 3018 5056 plerisque
3073 4999 3320 5040 suorum
3406 4982 3664 5054 amissis,
3706 4982 3804 5038 vix

2144 5075 2426 5146 effugerat
2475 5091 2490 5125 :
2553 5073 2647 5128 cui
2706 5072 3009 5129 Romanus
3061 5089 3404 5130 successore
3459 5072 3622 5139 dato,
3671 5071 3800 5146 ipse

2145 5179 2379 5236 quoque
2432 5163 2503 5218 ad
2537 5161 2760 5218 bellum
2841 5162 2961 5219 ivit.
3043 5164 3187 5220 Cum
3233 5166 3428 5219 autem
3484 5161 3546 5218 in
3593 5159 3803 5219 itinere

354 5270 452 5311 τες
484 5249 622 5324 πρὸς
648 5247 712 5304 τὸ
747 5247 1129 5322 μελετώμενον
1161 5247 1347 5313 αὐτοῖς
1377 5247 1710 5324 ἐπιτήδειον,
1757 5257 1874 5315 τοῖς
1921 5257 2019 5310 τῶι

2141 5251 2456 5324 Chalepitae
2487 5250 2664 5324 legati
2696 5269 2830 5308 cum
2863 5253 3212 5310 muneribus
3243 5251 3448 5309 multis
3479 5249 3532 5307 ei
3591 5268 3802 5309 occur-

355 5338 585 5396 πύλεων
633 5343 895 5416 φρουροῖς
946 5337 1296 5410 ἰπιτίθενται,
1340 5338 1431 5394 καὶ
1475 5338 1701 5404 τούτους
1757 5339 2029 5421 διαχειρι-

2140 5344 2374 5413 rissent,
2402 5341 2632 5399 veniam
2667 5345 2954 5414 petentes,
2983 5361 3050 5400 ac
3111 5343 3411 5400 servitutis
3470 5341 3802 5400 renovatio-

1641 5478 1845 5540 Variae
1885 5480 2186 5544 lectiones
2217 5485 2278 5541 et
2325 5482 2517 5539 notae.

451 5599 527 5670 (2)
575 5598 956 5678 _§pgv§ppoa~co
1025 5602 1094 5674 τῇ
1143 5601 1301 5678 ζωῇ.
1360 5601 2038 5678 L_upus_protospatha:

375 5671 538 5749 ᾼηῃρ
565 5671 706 5749 10_29_
733 5671 1091 5749 mortuus‘est
1123 5671 1520 5749 Constantinus
1569 5671 1706 5749 irhp.
1747 5671 2046 5749 iii-vigilia

380 5744 439 5802 S.
473 5745 726 5816 Martini,
757 5751 809 5802 et
849 5761 908 5802 se
936 5746 1151 5804 vivente
1198 5747 1462 5819 imposuit
1500 5748 1560 5805 in
1614 5744 1740 5806 sede
1792 5744 2044 5810 sua'Ro-

2151 5621 2402 5676 manum,
2433 5606 2485 5657 et
2504 5602 2654 5676 dedit
2673 5605 2730 5659 ei
2757 5618 2990 5660 uxorem
3020 5606 3166 5661 Zoan
3194 5604 3378 5676 ﬁliam
3397 5621 3573 5662 suam.

2227 5670 2692 5804 (Ξ)Οί’κονόμους.
2727 5677 2875 5735 Vide
2930 5677 3097 5737 Gloss.
3160 5670 3300 5737 med.
3339 5679 3564 5738 σνὰινεὶι.
3632 5676 3694 5735 in
3714 5670 3814 5732 Οἷ-

2227 5769 2248 5804 ν
2291 5769 2414 5804 nec.

2152 5769 2280 5805 κονο
2291 5769 2414 5823 μος.
