4142 6372
386 393 503 454 175

1715 392 1849 454 JOA
1867 389 2047 450 NNIS
2091 387 2442 450 ΖΟΝΑΒᾹΞ

3688 401 3810 462 I76

377 541 516 584 nem
547 527 604 583 et
633 523 974 599 pensionem
1006 542 1124 583 non
1155 525 1884 594 solutorumtributorum,
1909 539 2012 596 qua

2147 520 2392 594 σάμενοι,
2447 519 2605 577 αὐτοί
2674 525 2785 578 τῶν
2869 521 3088 580 πόλεων
3136 524 3418 603 γεγόνασιν
3497 526 3807 606 ἐγκρατεῖς.

375 617 438 672 in
469 618 771 689 posterum
802 613 978 670 etiam
1037 615 1184 671 citra
1238 615 1774 687 tergiversationem
1832 612 2028 670 daturi

376 708 593 776 essent,
627 704 1006 777 pollicentes:
1041 704 1309 777 quamvis
1331 703 1884 760 multisillustribus
1915 703 2027 758 du-

377 796 542 852 cibus
575 795 649 850 ab
681 794 955 851 ulteriore
993 811 1305 867 progressu
1339 800 1618 867 tanquam
1678 792 1874 848 inutili
1925 793 2027 848 de-

376 884 756 955 terrentibus,
790 901 1109 957 pacemque
1153 885 1565 947 suadentibus,
1596 888 1795 940 tamen
1824 881 2029 954 cceptis

375 991 492 1032 non
523 973 768 1044 destitit,
792 980 1090 1046 Agarenos
1139 973 1310 1030 facile
1360 991 1423 1030 se
1478 974 1774 1030 victurum
1823 972 2027 1044 opina-

375 1070 496 1130 tus,
527 1065 673 1121 231
711 1069 766 1120 et
795 1080 854 1119 re
887 1064 1029 1120 bene
1055 1068 1221 1136 gesta
1281 1080 1565 1136 magnum
1625 1068 1682 1119 et
1732 1079 2026 1118 memora-

374 1155 493 1211 bile
523 1171 737 1210 nomen
786 1158 1263 1210 consecuturum.
1324 1158 1680 1227 Progressus
1722 1153 1904 1226 igitur
1966 1150 2026 1206 in

372 1243 599 1316 Syriam
639 1242 857 1298 vallum
919 1243 1269 1298 communit.
1313 1245 1420 1299 Sed
1459 1244 1699 1310 Arabes,
1757 1241 2026 1297 homines

373 1334 626 1390 audaces
647 1341 824 1405 atque
855 1333 1104 1404 expediti
1141 1333 1198 1388 in
1226 1332 1512 1388 celeribus
1555 1333 1744 1405 equis,
1773 1336 1826 1386 et
1859 1331 2022 1397 nudi,

373 1424 445 1477 ab
475 1426 727 1494 utraque
755 1421 890 1478 valli
924 1427 1090 1494 parte
1149 1422 1452 1478 collocatis
1503 1422 1758 1490 insidiis,
1814 1420 1863 1476 si
1923 1419 2023 1491 qui

369 1511 718 1585 pabulatum
751 1516 855 1567 aut
885 1515 1164 1584 aquatum
1193 1512 1448 1579 exibant,
1483 1529 1581 1567 eos
1616 1512 1837 1583 impetu
1872 1511 2023 1565 facto

370 1601 672 1657 caedebant
702 1606 804 1656 aut
824 1601 1152 1673 capiebant,
1189 1619 1305 1674 qua
1337 1617 1395 1656 re
1428 1602 1623 1667 ﬁebat,
1655 1607 1719 1656 ut
1748 1605 1805 1655 et
1863 1598 2022 1653 mili-

370 1695 462 1746 tes
490 1694 548 1746 et
571 1690 709 1762 equi
749 1707 865 1762 prae
923 1690 1019 1746 siti
1076 1691 1406 1746 deﬁcerent.
1474 1690 1691 1745 Deinde
1732 1688 2022 1745 incursio-

373 1779 550 1835 nibus
573 1777 693 1834 illis
725 1778 916 1850 magis
945 1777 1281 1845 assuefacti,
1330 1783 1387 1834 et
1432 1779 1726 1834 Romanos
1777 1777 2020 1850 ignavias

375 1868 749 1936 damnantes,
783 1867 974 1924 subito
1007 1884 1076 1924 ex
1105 1868 1406 1924 montibus
1439 1869 1766 1936 decurrere,
1799 1871 1856 1922 et
1901 1865 2021 1922 cla-

377 1974 538 2014 more
568 1957 872 2013 barbarico
903 1957 1163 2024 sublato,
1195 1957 1453 2029 speciem
1476 1956 1879 2012 multitudinis
1932 1956 2021 2010 in-

372 2055 658 2118 gerentes,
689 2048 843 2119 quod
877 2064 994 2102 non
1037 2048 1283 2102 densata
1339 2047 1482 2114 acie,
1535 2047 1637 2102 sed
1688 2045 1882 2100 laxata
1920 2061 2021 2100 ex-

371 2140 694 2203 currerent,
737 2135 1001 2208 citraque
1045 2136 1312 2192 ordinem
1364 2134 1586 2191 vallum
1647 2135 2014 2204 invaderent,

369 2241 606 2282 omnem
634 2226 951 2282 exercitum
1001 2225 1272 2280 territum
1340 2224 1399 2278 in
1441 2223 1636 2295 fugam
1692 2226 2013 2291 verterunt,

367 2320 541 2387 atque
564 2315 692 2387 ipse
724 2315 1044 2387 imperator
1073 2318 1280 2386 captus
1317 2317 1496 2381 esset,
1541 2331 1574 2368 a
1620 2312 1860 2368 turbata
1913 2329 2014 2368 ou-

360 2404 557 2460 stodia
585 2405 981 2460 incustoditus
1013 2403 1274 2474 relictus,
1329 2403 1445 2458 nisi
1465 2402 1708 2474 quidam
1757 2417 1892 2456 eum
1952 2401 2012 2456 in

359 2509 581 2564 equum
613 2492 912 2547 sublatum
948 2493 1018 2548 ad
1055 2493 1254 2563 fugam
1292 2491 1636 2547 cohortatus
1667 2495 1824 2546 esset
1855 2494 2012 2546 metu

359 2598 508 2656 pene
540 2583 964 2638 exanimatum.
999 2581 1247 2638 Romani
1279 2581 1461 2653 igitur
1490 2581 1654 2636 nullo
1701 2581 1906 2636 ordine
1928 2584 2012 2635 te-

2051 1917 2100 1982 B

2138 610 2200 666 Ὀ
2232 607 2289 665 δέ
2317 615 2414 666 τοῦ
2442 610 2634 668 Χάλεπ
2678 612 2951 690 ἀρχηγὸς,
3001 615 3091 669 καὶ
3142 613 3416 692 ἐκδρομὰς
3474 618 3809 694 ποιούμενος

2139 707 2408 776 συνεχεῖς,
2460 701 2626 772 αὐτήν
2653 723 2713 758 τε
2756 705 2857 773 τήν
2905 703 3266 782 Ἀντιόχειαν,
3317 707 3409 762 καὶ
3471 707 3568 764 ὅσα
3630 714 3804 787 πρόσ-

2139 810 2262 845 οικα
2309 789 2431 861 ἔθνη
2489 795 2557 865 τῇ
2614 791 2802 866 Σύρων
2850 797 2944 869 γῇ,
3007 794 3097 849 καὶ
3149 801 3266 859 τοῖς
3316 797 3615 871 Ῥωμαίοις
3659 801 3804 874 ὑπη-

2137 899 2258 949 κοα,
2291 879 2560 952 ἐληίζετο.
2620 883 2686 958 ᾯ
2735 882 3298 959 ἀντιπαραταξάμενος
3356 888 3384 942 6
3433 895 3535 958 τῆς
3583 891 3804 947 Ἀντιοο

2137 969 2290 1045 χείας
2335 967 2481 1042 δοὺξ,
2555 966 2631 1027 ἔτι
2701 972 2984 1048 περιόντος
3038 980 3135 1030 τοῦ
3192 976 3594 1055 αὐτοκράτορος
3645 987 3801 1038 Κων-

2136 1059 2438 1133 σταντίνου,
2489 1061 2738 1137 αἰσχρῶς
2781 1064 3018 1135 ἡττήθη,
3079 1065 3171 1119 καὶ
3220 1065 3346 1129 τοὺς
3415 1066 3639 1132 πλείους
3687 1076 3799 1126 τῶν

2135 1148 2226 1204 σὺν
2261 1151 2412 1223 αὐτῷ
2441 1146 2864 1222 ἀλοϐεϐληκὼς,
2903 1152 3068 1226 μόλις
3113 1151 3356 1227 ἠδυνήθη
3407 1164 3590 1234 φυγεῖν
3652 1159 3798 1216 ἐκεῖ·

2134 1260 2248 1301 νος.
2319 1245 2518 1294 Τοῦτον
2575 1241 2602 1295 6
2661 1241 2938 1314 Ῥωμανὸς
3009 1243 3349 1319 ἀφελόμενος
3431 1248 3530 1316 τὴν
3591 1249 3804 1326 ἀρχὴν,Γ

2134 1330 2555 1406 προεχειρίσατο
2609 1326 2834 1404 ἕτερον’
2896 1331 3181 1408 ἐξώρμησε
3241 1331 3299 1390 δὲ
3354 1336 3641 1407 κάκεῖνος,
3701 1342 3794 1395 καὶ

2133 1418 2348 1474 ἀπιόντι
2397 1419 2654 1493 προσίασι
2711 1415 2962 1495 πρέσϐεις
3021 1443 3154 1494 μετα
3185 1420 3377 1500 δώρων
3437 1425 3785 1500 πολυτελῶν,

2132 1509 2266 1580 πρὸς
2321 1513 2418 1563 τοῦ
2479 1507 2790 1564 Χαλεπίτου
2867 1508 3210 1584 ἐσταλμένοι,
3286 1514 3599 1588 αἰτούμενοι
3661 1539 3792 1596 συγ-

2131 1597 2360 1672 γνώμης
2413 1602 2621 1672 τυχεῖν,
2672 1598 2762 1653 καὶ
2809 1600 2908 1668 τὴν
2957 1597 3205 1656 δουλείαν
3239 1603 3663 1676 ἀνανεώσασθαι,
3696 1621 3790 1675 καὶ

2131 1683 2428 1741 ἀποδοῦναι
2477 1688 2573 1748 τὰς
2627 1687 2902 1763 εἰσφορὰς,
2957 1687 3113 1765 αἵπερ
3167 1688 3363 1768 ἔτυχον
3400 1695 3788 1767 ὑστερήσασαι,

2129 1776 2219 1830 καὶ
2275 1776 2471 1839 ταότας
2519 1774 2749 1844 ἐτησίως
2825 1776 3091 1854 εἰσφέρειν
3169 1783 3286 1853 μετ’
3361 1781 3789 1858 εὐγνωμοσύνης

2130 1863 2208 1929 είς
2236 1864 2298 1919 τὸ
2330 1863 2502 1920 ἐπιόν.
2534 1865 2594 1922 Ὁ
2653 1862 2752 1950 δὲ,
2785 1867 2964 1920 καίτοι
3019 1866 3249 1924 πολλῶν
3293 1872 3380 1926 καὶ
3433 1875 3791 1950 στρατηγίαις

2133 1953 2406 2033 ἐπιφανῶν
2479 1949 2894 2030 ἀποτρεπόντων
2977 1955 3125 2030 αὐτῷ
3179 1959 3279 2028 τήν
3340 1959 3418 2023 εἷς
3470 1963 3539 2017 τὰ
3593 1963 3785 2039 πρόσω

2132 2044 2303 2120 φορὰν
2351 2043 2426 2107 ὡς
2482 2041 2820 2121 ἀσύμφορον,
2877 2043 2967 2099 καὶ
3013 2045 3331 2112 σπείσασθαι
3374 2044 3786 2123 συμϐουλευόν-

2123 2136 2254 2200 τῶν,
2287 2131 2386 2186 οὐκ
2416 2130 2694 2208 ἀνείργετο
2738 2139 2838 2202 τῆς
2887 2133 3088 2209 ὁρμῆς,
3149 2134 3298 2192 ἀλλὰ
3341 2137 3470 2216 ῥᾷον
3519 2148 3785 2214 κρατῆσαι

2123 2219 2229 2276 τῶν
2286 2222 2608 2297 ’Δγαρηνῶν
2659 2221 3003 2292 ἐφαντάζετο,
3054 2224 3144 2279 καὶ
3187 2230 3349 2282 τοῦτο
3398 2230 3782 2304 κατωρθωκὼς

2130 2309 2268 2385 μέγα
2324 2331 2374 2365 τι
2429 2309 2517 2364 καὶ
2565 2310 2864 2386 ὑπέρογκον
2912 2308 3052 2384 ᾤετο
3111 2314 3286 2388 ἑαυτῷ
3320 2321 3784 2392 περιποιήσασθαι

2123 2397 2538 2474 σεμνολόγημα.
2596 2401 2839 2456 ’Ἀπεισιν
2885 2399 2976 2455 οὖν
3029 2401 3081 2457 ἐν
3139 2403 3310 2479 Συρίᾳ
3363 2407 3452 2461 καὶ
3521 2407 3783 2482 βάλλεται

2122 2489 2358 2564 χάρακα.
2415 2483 2644 2564 ’Ἄραϐες
2702 2486 2760 2545 δὲ
2811 2489 3128 2547 αὐτόσκευοί
3184 2514 3328 2556 τινες
3361 2491 3638 2570 ἅνθρωποι
3690 2501 3781 2555 καὶ

2117 2576 2420 2651 τολμητίαι
2467 2576 2695 2648 κέλητες
2750 2576 3044 2654 ἐφ”ίππων
3078 2580 3378 2638 ὠκυπόδων
3411 2584 3614 2660 γυμνοὶ
3652 2587 3784 2642 ἐκα-

355 2685 635 2743 mereque
683 2670 988 2742 fugiebant
1034 2687 1048 2726 :
1109 2670 1348 2726 Barbari
1425 2687 1560 2726 vero
1611 2669 2012 2741 inexspectata

2123 2668 2349 2741 τὲρωοεν
2383 2665 2597 2744 ἐλόχων
2630 2671 2726 2721 τοῦ
2756 2667 3022 2743 χάρακος,
3072 2670 3162 2724 καὶ
3205 2671 3334 2735 τοὺς
3366 2672 3443 2736 είς
3493 2672 3781 2752 συλλογὴν

356 2762 494 2833 luga
516 2759 851 2831 stupefacti,
885 2759 1177 2830 fugientes
1210 2775 1326 2814 non
1359 2763 1498 2815 sunt
1542 2759 1859 2830 persecuti,
1907 2759 2009 2814 sed

2123 2752 2374 2820 ἀπιόντας
2424 2755 2593 2831 χιλοῦ
2641 2754 2834 2822 ὕδατός
2877 2778 2936 2813 τε
3008 2756 3222 2832 ἀρδείαν
3269 2758 3581 2839 ἐκθορόντες
3640 2763 3782 2839 ἀνῄ-

354 2849 576 2906 vallum
607 2848 884 2921 ingressi,
926 2847 1131 2920 paucis
1161 2847 1498 2904 illustribus
1539 2848 1751 2920 captis,
1812 2847 2008 2920 direp-

2123 2865 2248 2922 ρουν
2277 2846 2310 2914 ἢ
2363 2846 2454 2899 καὶ
2505 2847 2868 2922 συνήρπαζον,
2915 2847 2989 2910 ὡς
3035 2847 3163 2911 τούς
3210 2869 3269 2904 τε
3302 2852 3636 2926 στρατιώτας
3687 2853 3782 2909 καὶ

358 2944 536 3011 toque
565 2938 943 3010 imperatorio
975 2937 1376 3006 tabernaculo,
1409 2937 1704 2993 variarum
1739 2954 1917 3009 opum
1954 2941 2012 2993 et

2123 2933 2416 3004 τὴνἹππον
2466 2933 2641 2990 αὐτῶν
2694 2935 3047 3009 ἀπειρῐικένιοι
3087 2942 3168 3010 τῷ
3215 2935 3379 3013 δίψει.
3433 2942 3566 2996 Εἶτα
3614 2962 3783 3014 συνη-

361 3027 533 3102 regiae
580 3027 1031 3101 magniﬁcentiae
1083 3027 1273 3100 plena,
1350 3028 1696 3100 czsterisque
1759 3026 2008 3100 impedi-

2123 3025 2363 3099 θέστεροι
2452 3025 2729 3101 γεγονότες
2820 3031 2941 3091 ταῖς
3031 3024 3332 3106 έκδιρομαῖς
3425 3031 3564 3106 πρὸς
3648 3032 3782 3096 τοὺς

363 3117 580 3174 mentis
607 3117 663 3172 in
695 3133 878 3190 equos
909 3134 1048 3172 suos
1079 3116 1374 3188 impositis
1405 3120 1794 3172 recesserunt.

2123 3113 2423 3186 Ῥωμαίους
2466 3114 2518 3168 οἱ
2569 3108 2830 3189 ’¹Αραϐες,
2877 3115 2967 3170 καὶ
3021 3116 3134 3170 οἷον
3190 3118 3541 3194 καταγνόντες
3569 3117 3779 3178 δειλίαν

357 3207 559 3274 αὐτῶν,
593 3204 788 3282 ἀθρόον
823 3204 928 3260 ἀπὸ
957 3209 1064 3260 τῶν
1101 3205 1390 3278 μετεώρων
1425 3203 1824 3279 ἐξωρμηκότες,
1857 3203 1945 3258 καὶ
1978 3197 2332 3279 βαρϐαρικὸν,
2366 3201 2754 3275 ἀλαλάξαντες,
2784 3205 2874 3258 καὶ
2905 3204 3156 3276 πλήθους
3211 3208 3496 3283 φαντασίαν
3531 3209 3785 3286 ἀπεργα-

355 3298 583 3369 σάμενοι
609 3299 691 3367 τῷ
722 3295 798 3368 μὴ
831 3295 1199 3367 συνασπισμὸν
1231 3298 1438 3370 τηρεῖν,
1471 3292 1617 3349 ἀλλά
1647 3290 2054 3365 διεσπασμένως
2085 3291 2385 3368 ἐκτρέχειν,
2415 3292 2504 3346 καὶ
2545 3291 2748 3348 ἐπιέναι
2779 3293 3126 3357 ἀσυντάκτως
3153 3301 3234 3369 τῷ
3263 3295 3487 3373 χάρακι,
3521 3296 3786 3373 ἐκδείμα-

350 3385 531 3439 τοῦσιν
565 3385 700 3438 ἅπαν
746 3384 808 3438 τὸ
840 3384 1248 3460 στρατιωτικὸν,
1299 3382 1388 3437 καὶ
1439 3381 1514 3443 εἷς
1543 3383 1722 3460 φυγὴν
1751 3383 2030 3458 τρέπουσι,
2061 3382 2148 3436 καὶ
2182 3381 2242 3435 ἂν
2275 3381 2422 3436 ἑάλω
2450 3381 2543 3436 καὶ
2576 3384 2604 3436 6
2651 3381 3000 3459 αὐτοκράτωρ
3048 3383 3235 3452 αὐτὸς,
3285 3392 3388 3455 τῆς
3432 3387 3556 3462 περὶ
3611 3388 3777 3445 αὐτὸν

351 3471 781 3548 ἐκταραχθείσης
813 3477 1070 3548 φρουρᾶς,
1099 3471 1187 3527 καὶ
1219 3469 1540 3533 λελοιπυίας
1573 3470 1917 3548 ἀφρούρητον
1945 3471 2036 3525 τὸν
2071 3469 2502 3548 φρουρούμενον,
2535 3470 2582 3525 εἲ
2616 3472 2691 3544 μή
2725 3492 2808 3534 τις
2841 3471 2998 3527 αὐτὸν
3033 3471 3121 3527 ἐπὶ
3168 3472 3258 3528 τὸν
3295 3473 3466 3529 *ἱππον
3521 3474 3777 3549 ἀνέλαϐε,

349 3563 440 3620 καὶ
472 3561 688 3641 φεύγειν
722 3561 1025 3639 ἐπέρρωσεν
1058 3559 1457 3617 ἐκπεπνευκότα
1484 3564 1563 3633 τῷ
1596 3558 1700 3616 δέει
1733 3565 1949 3637 μικροῦ.
1984 3561 2255 3635 ’Δπῄεσαν
2295 3561 2389 3634 μὶν
2419 3559 2508 3615 οὖν
2544 3560 2596 3614 οἱ
2622 3565 2883 3634 Ῥωμαῖοι
2914 3561 3178 3635 ἀτάκτως,
3208 3563 3281 3624 ὡς
3329 3560 3556 3627 ἕκαστος
3615 3562 3782 3644 ἔτυχε

349 3655 580 3715 θέοντες.
613 3654 676 3706 Οἱ
709 3649 765 3706 δὶ
796 3647 1068 3728 Βάρϐαροι
1097 3652 1159 3707 τὸ
1191 3649 1507 3726 παράλογον
1538 3658 1640 3720 τῆς
1667 3655 1876 3728 τροπῆς
1906 3650 2227 3722 τεθηπότες,
2257 3649 2394 3706 κατά
2419 3655 2527 3705 τῶν
2561 3648 3072 3725 ἀποδιδρασκόντων
3120 3653 3221 3708 οὐκ
3270 3653 3563 3724 ἐπεξέθεον,
3626 3654 3780 3712 ἀλλὰ

350 3742 488 3798 κατᾶ
516 3745 613 3796 τοῦ
638 3741 881 3816 χάρακος
909 3737 1081 3812 ἔθεον,
1114 3737 1334 3816 ὀλίγους
1359 3743 1466 3794 τῶν
1500 3739 1928 3817 ἐπιφανεστέρων
1963 3742 2359 3816 ζωγρήσαντες,
2391 3739 2482 3794 καὶ
2528 3741 2628 3810 τήν
2656 3760 2714 3795 τε
2743 3742 2941 3810 σκηνὴν
2973 3738 3303 3816 διηρπάκασι
3336 3745 3435 3812 τὴν
3473 3743 3774 3819 βασίλειον,

358 3831 557 3905 μεστὴν
591 3831 750 3886 οὖσαν
781 3829 1028 3886 πλούτου
1057 3827 1404 3885 παντοδαποῦ
1433 3830 1523 3885 καὶ
1553 3825 1914 3894 πολυτελείας
1945 3827 2258 3906 βασιλικῆς,
2290 3829 2380 3884 καὶ
2409 3829 2510 3899 τήν
2543 3826 2720 3900 ἄλλην
2755 3827 3057 3900 ἀποσκευὴν
3091 3829 3170 3909 ἐφ’
3199 3831 3419 3895 ἑαυτοὺς
3451 3832 3775 3907 ἀναθέμενοι

354 3920 700 3992 ἐπανέζευξαν
710 3965 724 3980 .

425 4013 545 4069 XII.
578 4016 901 4086 Imperator
921 4027 1053 4069 vero
1084 4012 1279 4069 studio
1313 4011 1568 4068 militum
1593 4027 1837 4067 suorum
1882 4011 1996 4065 An-

2181 4011 2281 4066 IB'.
2331 4009 2387 4062 '0
2437 4004 2496 4063 δὲ
2547 4005 2800 4084 βασιλεὺς
2875 4007 2951 4071 είς
3026 4009 3363 4086 Ἀντιόχειαν
3439 4008 3766 4068 διασέσωστο

348 4101 630 4160 tiochiam
656 4103 994 4171 perductus,
1030 4107 1206 4174 atque
1237 4103 1373 4158 inde
1397 4118 1641 4174 propere
1658 4101 2000 4174 Byzantium

2123 4095 2322 4172 τπουδῇ
2363 4102 2471 4152 τῶν
2522 4096 2646 4170 περῖ
2698 4096 2881 4169 αὐτὸν,
2929 4099 3175 4162 κάκεῖθεν
3211 4099 3298 4154 ἐπὶ
3327 4102 3426 4170 τήν
3483 4102 3764 4158 Κωνσταν-

345 4209 675 4266 regressus,
707 4209 822 4248 non
847 4192 1119 4248 eumdem
1172 4192 1353 4248 animi
1379 4191 1648 4247 habitum
1690 4205 1998 4245 conserva-

2123 4186 2426 4244 εινούπολιν
2459 4185 2776 4263 ἀνέδραμεν,
2808 4185 2986 4242 οὐκέτι
3019 4190 3119 4258 τὴν
3150 4188 3383 4264 πρόσθεν
3431 4196 3533 4260 τῆς
3583 4193 3768 4267 ψυχῆς

346 4284 449 4354 vit,
484 4283 584 4339 sed
619 4287 886 4338 mutatus
918 4282 977 4336 in
1011 4281 1290 4348 deterius,
1329 4286 1391 4337 ut
1423 4280 1646 4336 amissa
1705 4285 1999 4351 pensaret,

2123 4274 2372 4332 Βεικνυων
2435 4273 2688 4344 διάθεσιν,
2744 4273 2873 4331 ἀλλ’
2927 4274 3222 4340 ἀλλιωθεὶς
3277 4279 3374 4346 τήν
3428 4279 3517 4333 ἐπὶ
3556 4280 3619 4334 τὸ
3655 4285 3778 4356 χεῖ-

346 4389 452 4445 pro
518 4372 873 4443 imperatore
942 4371 1132 4426 factus
1195 4376 1287 4426 est
1351 4375 1586 4427 exactor
1641 4373 1698 4424 et
1759 4369 2003 4424 acerbus

348 4464 593 4534 quzetor,
620 4459 886 4517 obsoleta
909 4465 1147 4527 patrum
1181 4460 1378 4515 debita
1409 4476 1442 4514 a
1489 4457 1693 4514 liberis
1742 4457 2001 4530 exigens,

346 4549 508 4622 rogis
541 4553 745 4604 contra
778 4550 1052 4606 subditos
1077 4549 1471 4616 redaccensis,
1517 4564 1664 4620 quos
1721 4546 2003 4618 temporis

349 4639 710 4694 diuturnitas
740 4638 828 4694 vel
854 4640 1229 4709 exstinxerat,
1265 4637 1351 4693 vel
1385 4637 1682 4692 cineribus
1726 4635 2004 4692 obruerat

348 4729 492 4785 Inde
523 4729 696 4784 multi
732 4729 994 4801 paternis
1027 4728 1248 4783 sedibus
1280 4731 1337 4783 et
1370 4727 1570 4781 fundis
1613 4725 2000 4798 pellebantur,

351 4823 409 4876 et
441 4819 711 4890 pristinis
743 4819 954 4890 opibus
986 4816 1218 4890 spoliati
1251 4818 1323 4873 ad
1359 4817 1651 4888 insignem
1681 4820 2001 4888 egestatem

349 4909 758 4980 adigebantur.
793 4907 930 4971 Quae
977 4924 1158 4980 quum
1209 4908 1436 4972 ﬁerent,
1482 4905 1628 4961 nihil
1688 4905 1747 4960 in
1791 4904 1999 4962 ﬁscum

347 4998 655 5066 inferebat,
689 4999 787 5054 sed
817 4996 1172 5053 monasterio
1206 4996 1518 5066 magniﬁco
1549 5000 1606 5052 et
1636 4997 1757 5052 sede
1778 4995 1836 5050 in
1871 5013 2000 5052 ma-

343 5089 452 5146 tris
486 5088 584 5144 Dei
618 5088 900 5144 bonorem
926 5091 1247 5156 exstructa,
1278 5103 1394 5142 non
1421 5102 1549 5142 eam
1593 5086 1764 5142 modo
1823 5101 1999 5157 pecu-

343 5179 524 5246 niam,
557 5193 759 5233 verum
791 5181 847 5232 et
877 5193 908 5233 e
938 5177 1072 5233 {isto
1122 5177 1532 5248 depromptam
1594 5175 1996 5246 consumebat,

343 5266 508 5335 dum,
542 5269 608 5323 ut
638 5265 737 5323 ille
767 5266 874 5323 ait.

2113 4387 2204 4441 ρον
2235 4364 2556 4421 ἀλλοίωσιν.
2592 4366 2705 4421 Ἵνα
2752 4365 2851 4440 γὰρ
2900 4370 3006 4420 τῶν
3049 4363 3430 4423 ἀπολωλότων
3489 4367 3778 4424 ἴσοστάσια

2111 4457 2400 4526 κτήσηται,
2433 4453 2688 4529 πράκτωρ
2724 4455 2840 4508 ἀντὶ
2871 4459 3202 4531 κρατοῦντος
3243 4453 3455 4531 ἐγένετο
3488 4459 3617 4531 (3.)⁷
3679 4458 3775 4515 καὶ

2111 4545 2306 4620 πικρὸς
2336 4543 2616 4620 λογιστὴς,
2671 4541 2866 4606 παῖδας
2919 4545 3165 4620 πατέρων
3227 4546 3575 4622 γεγηρακότα
3633 4549 3780 4623 χρέα

2112 4634 2508 4711 πραττόμενος,
2541 4633 2630 4688 καὶ
2683 4633 2951 4709 πυρκαϊὰς
2983 4632 3232 4688 ἀνάπτων
3283 4636 3420 4689 κατὰ
3471 4640 3573 4690 τῶν
3630 4637 3778 4708 ὑπη-

2110 4723 2275 4792 κύων,
2310 4723 2475 4796 ἅσπερ
2524 4723 2552 4776 6
2610 4721 2816 4798 χρόνος
2867 4719 2974 4793 ἤδη
3024 4720 3199 4786 πολὺς
3248 4718 3579 4798 πρεσϐεύσας
3611 4726 3776 4780 κατέ-

2111 4809 2312 4882 σϐεσεν,
2357 4813 2392 4882 ἢ
2451 4812 2586 4875 τέως
2646 4812 2957 4888 κατέχωσιν
3022 4812 3126 4867 ὑπὸ
3185 4810 3418 4884 σποδιᾷ.
3499 4814 3776 4879 Ἐντεῦθεν

2111 4900 2315 4959 πολλοὶ
2345 4905 2452 4957 τῶν
2482 4901 2748 4974 πατρῴων
2782 4900 2970 4956 οἰκιῶν
3001 4899 3092 4955 καὶ
3136 4901 3316 4976 ἀγρῶν
3367 4901 3774 4975 ἀπηλαύνοντο,

2110 4993 2200 5049 καὶ
2255 4993 2353 5060 τὴν
2400 4991 2527 5067 πρὶν
2579 4988 2872 5064 εὐκληρίαν
2927 4986 3398 5065 ἐκδιδυσκόμενοι,
3460 4991 3536 5054 εἷς
3589 4993 3775 5048 πενίαν

2112 5081 2366 5158 λαμπρὰν
2422 5078 2846 5151 συνηλαύνοντο.
2898 5082 3022 5138 Τῶν
3073 5077 3119 5136 δ’
3169 5079 3346 5143 οὕτως
3392 5081 3785 5158 εἰσπραττομέ-

2108 5194 2216 5229 των
2264 5168 2415 5227 οὐδὲν
2478 5169 2552 5232 εἷς
2616 5170 2680 5224 τὸ
2734 5165 3001 5244 δημόσιον
3065 5168 3393 5249 εἴσεφέρετο,
3447 5169 3592 5228 ἀλλὰ
3645 5193 3778 5246 σεμ-

2110 5266 2252 5317 νεῖον
2285 5256 2672 5334 οἰκοδομῆσαι,
2705 5259 2794 5314 καὶ
2843 5258 2971 5314 ναὸν
3024 5262 3093 5335 τῇ
3144 5261 3454 5335 Θεομήτορι
3501 5261 3779 5338 προθέμε-

1627 5393 1834 5456 Variae
1869 5392 2169 5455 lectiones
2199 5396 2262 5452 et
2290 5395 2482 5451 notae.

551 5517 815 5593 Πράκτιορ
901 5515 1017 5593 ἀντῖ
1054 5520 1430 5593 ,κρατοῦντος-
1465 5515 1692 5592 ἐγένετο.
1777 5515 1998 5572 Psellus

341 5589 402 5664 in
437 5589 674 5664 laudata
701 5589 966 5664 Epistola
999 5591 1069 5664 ad
1106 5589 1584 5664 il'lonomacbum,
1623 5594 1680 5664 et
1737 5596 1993 5664 Argyro;

345 5659 846 5740 ξΑτξαραίτητόςξτε
899 5663 962 5717 τὸ
1023 5662 1380 5740 ὀφειλόμενον
1443 5659 1995 5740 εἷσειπράττετοίίῆκαὶ

346 5730 399 5786 ἐν
427 5728 686 5800 δαπάναις
715 5733 778 5791 τὸ
836 5728 1284 5812 χρεωστὸύμενόν
1339 5728 1731 5792 κατεϐάλλετο.
1791 5728 1994 5794 Infra:

2111 5513 2384 5572 Ἐντεῦθεν
2486 5511 2697 5586 νώμαις
2755 5511 2989 5592 φαύλαις
3041 5510 3358 5586 συνομιλῶν
3398 5559 3413 5586 ,
3480 5513 3570 5568 καὶ
3650 5510 3778 5570 δια-

2111 5585 2279 5640 νοίαις
2352 5531 2811 5640 συνδιαιτώμενος
2886 5587 3202 5640 κακοήθεσι.
3281 5580 3596 5640 μετεϐλήθη
3665 5588 3772 5640 τὴν

2108 5585 2279 5647 νοίαις
2352 5580 2811 5659 συνδιαιτώμενος
2886 5580 3202 5656 κακοήθεσι,
3279 5580 3596 5714 μετεϐλήθη
3665 5588 3772 5657 τὴν

2108 5660 2319 5714 ψυγῆν.
2373 5657 2461 5713 καὶ
2518 5657 2655 5714 πρὸς
2712 5660 2932 5714 πράξεις
2985 5658 3076 5714 τὸν
3133 5655 3400 5714 λογισμὸν
3461 5658 3496 5714 ἠ
3544 5655 3772 5714 λοίωσεν

2108 5660 2340 5786 ψρχήγ,ρ
2373 5657 2461 5713 καὶ
2518 5655 2662 5736 πρὸς
2712 5660 2932 5736 πράξεις
2985 5655 3076 5714 τὸν
3133 5655 3400 5733 λογισμὸν
3461 5655 3778 5729 ἠλλοίωσεν

2109 5752 2170 5788 ου
2203 5752 2271 5787 κα
2313 5749 2400 5794 ας.
