4142 6352
352 415 466 479 179

347 641 517 711 pacto
550 638 628 694 sit
656 637 968 694 defunctus
984 639 1392 710 exponendum
1416 637 1783 710 est.I:nperio
1802 651 2004 693 recens

349 729 595 800 potitus,
628 727 805 801 longa
837 728 949 784 sibi
982 733 1039 784 et
1066 729 1192 784 vita:
1241 733 1298 784 et
1352 728 1514 799 regni
1582 732 1846 798 tempora
1889 724 2007 798 pol-

352 816 664 884 licebatur,
708 818 975 890 quamvis
1007 835 1072 874 eo
1116 819 1242 890 jam
1300 817 1712 888 sexagenarius
1763 816 2004 889 potitus,

351 925 544 979 neque
580 908 812 980 imperii
843 925 1241 965 successorem
1269 925 1299 964 e
1357 908 1575 963 lumbis
1635 906 1761 962 suis
1809 910 2002 961 ortum

351 997 694 1053 relicturum
717 997 1048 1054 somniabat
1083 1015 1095 1053 :
1133 1014 1321 1070 neque
1336 998 1646 1070 reputabat
1675 994 2005 1070 imperatri-

352 1103 480 1145 cem
512 1103 691 1158 quam
719 1087 778 1141 in
807 1087 1185 1142 matrimonio
1242 1087 1498 1143 habebat
1555 1085 2006 1158 quinquagena-

351 1177 698 1242 riam,etfeto
731 1181 895 1233 utero
925 1177 1186 1248 ineptam
1208 1193 1336 1233 esse
1367 1177 1439 1232 ad
1459 1193 1659 1232 semen
1685 1174 2005 1249 proliﬁcem

325 1266 506 1322 '233
554 1265 1000 1337 excipiendum:
1064 1282 1131 1321 ac
1218 1265 1508 1338 principio
1593 1265 1675 1320 rei
1751 1279 2006 1320 venereae

353 1371 564 1425 magna
604 1355 976 1410 contentione
1015 1353 1395 1411 incumbebat
1441 1354 1816 1410 unctionibus
1871 1353 2008 1424 qui-

353 1445 609 1500 busdam
632 1444 872 1511 utendo,
925 1448 982 1499 et
1033 1445 1268 1516 conjugi
1312 1443 1545 1517 lapillos
1601 1443 2006 1516 appendendo,

355 1551 483 1607 quae
507 1539 854 1606 conceptum
885 1534 1176 1604 adjuturae
1225 1535 1584 1606 viderentur,
1630 1533 1732 1589 illa
1789 1534 2011 1589 ferente

361 1624 579 1694 omnia,
612 1641 678 1679 ac
701 1641 772 1680 ne
802 1641 836 1680 a
867 1624 1231 1680 carminibus
1263 1625 1500 1696 quidem
1549 1628 1607 1680 et
1661 1623 2010 1680 incantatio-

365 1713 541 1770 nibus
568 1713 942 1769 abhorrente.
1003 1715 1111 1769 Sed
1152 1731 1286 1769 eum
1337 1714 1534 1770 omnia
1591 1715 1810 1770 frustra
1860 1730 2010 1783 esse,

366 1821 560 1875 neque
582 1820 645 1860 se
667 1802 786 1859 voti
817 1808 1144 1876 compotem
1175 1820 1348 1876 posse
1377 1804 1500 1860 ﬁeri
1533 1809 1794 1861 cerneret
1823 1821 1836 1860 :
1897 1821 2012 1860 non

360 1893 605 1966 perinde
635 1909 773 1966 erga
795 1910 1033 1949 uxorem
1083 1893 1346 1963 affectus,
1393 1895 1584 1950 rarius
1637 1893 1804 1949 illam
1869 1892 2016 1948 invi-

359 1982 546 2052 sebat,
579 1999 712 2038 cum
745 1991 958 2038 natura
987 1981 1222 2055 segnior
1268 1983 1340 2038 ad
1374 1983 1591 2040 coitum
1641 1988 1697 2040 et
1756 1981 2007 2054 mollior,

1700 411 2024 476 JOANNIS
2068 413 2415 478 ΖΟΝᾹΒιΕ

422 549 578 605 ΧΙΙΙ.
613 546 715 604 His
746 547 998 620 peractis
1021 548 1141 604 fata
1165 547 1216 604 ei
1248 547 1583 605 instabant:
1625 563 1741 620 quo
1801 550 2000 603 autem
2031 548 2084 616 Α

3651 415 3772 478 180

2186 551 2284 603 ΙΓ¹.
2320 545 2459 620 Ἤδη
2495 547 2551 605 δέ
2581 551 2633 604 oi
2662 546 2798 624 πρὸς
2839 547 2998 611 τέλος
3047 545 3241 625 ἤγγικε
3277 548 3339 603 τὸ
3380 547 3670 624 βιώσιμονο
3702 547 3768 602 16

2115 632 2161 689 δ’
2221 636 2370 702 ὅπως
2443 633 2677 708 ἀπεϐίω,
2738 635 3052 714 διηγητέον.
3109 639 3270 714 ’Δρτι
3324 643 3426 707 τῆς
3488 635 3768 714 βασιλείας

2115 723 2412 802 ἐπιτυχὼν,
2446 729 2681 804 χρὲνους
2713 730 2886 800 ἑαυτῷ
2915 729 3134 797 καὶτῆς
3190 733 3333 798 ζωῆς
3379 727 3469 781 καὶ
3518 733 3617 796 τῆς
3669 726 3771 801 ἀρ-

2115 822 2224 890 χῆς
2264 815 2545 893 ἐπεμέτρει
2582 817 2843 892 μακροὺς,
2876 817 3011 872 κατὰ
3057 822 3225 872 ταῦτα
3269 815 3660 888 ἑξηκοντούτης
3692 818 3768 888 (7)

2115 903 2189 960 ὢν
2249 906 2337 962 ὅτε
2394 912 2500 962 τῶν
2563 910 2850 985 σκήπτρων
2901 905 3202 978 ἐπείληπτο
3233 907 3323 961 καὶ
3379 903 3646 981 διαδοχὴν
3700 909 3772 978 τῇ

2119 995 2372 1070 βασιλείᾳ
2423 995 2740 1052 καταλιπεῖν
2800 995 2859 1051 ἐκ
2907 1004 3006 1066 τῆς
3067 996 3266 1075 ὀσιρόος
3323 995 3487 1051 αὖτοῦ
3544 995 3770 1071 ἐφαντά-

2121 1090 2259 1154 ζετο,
2297 1084 2425 1160 μηδ’
2470 1088 2654 1162 ὅτιπερ
2705 1090 2739 1156 ἡ
2789 1085 3004 1163 βασιλὶς
3129 1086 3425 1159 συνῴκιστο
3475 1107 3768 1156 πεντηκον-

2115 1173 2315 1246 τούτης
2361 1177 2451 1246 ἦν,
2484 1176 2573 1231 καὶ
2639 1177 2972 1252 ὑπέρακμος,
3019 1175 3107 1230 καὶ
3167 1177 3396 1250 ἄνικμος
3445 1184 3547 1246 τὴν
3604 1172 3768 1246 νηδὺν

2117 1265 2256 1339 πρὸς
2331 1265 2654 1342 σπερμάτων
2741 1264 3062 1342 ὑποδοχὴν,
3131 1263 3426 1339 δυνάμενος
3511 1262 3768 1322 συνιδεῖν.

2119 1355 2390 1433 Πρότερον
2453 1357 2546 1431 μὶν
2609 1354 2698 1412 οὖν
2752 1353 3074 1412 ἐσπουδάκει
3149 1356 3272 1432 περὶ
3339 1355 3407 1411 τὰ
3460 1351 3768 1434 ἀφροδίσια,

2117 1445 2206 1501 καὶ
2264 1446 2560 1502 κατέτεινεν
2610 1447 2820 1515 ἑαυτὸν,
2850 1447 2938 1500 καὶ
2990 1445 3258 1522 χρίσμασί
3287 1466 3424 1501 τισιν
3481 1444 3771 1520 ἐκέχρητο,

2119 1536 2209 1590 καὶ
2260 1540 2329 1611 τῇ
2380 1537 2615 1610 συνοίκῳ
2667 1538 2952 1613 προσηρτα
3008 1532 3238 1608 λιθίδια,
3269 1535 3343 1597 ὡς
3393 1532 3460 1607 δή
3518 1556 3569 1590 τι
3627 1534 3773 1611 ἐνερ-

2119 1629 2319 1701 γοῦντα
2373 1626 2497 1703 περὶ
2552 1627 2652 1696 τὴν
2707 1625 2920 1697 κύησιν.
2969 1625 3034 1681 ἹΙ
3091 1621 3149 1680 δὲ
3205 1623 3294 1679 καὶ
3355 1624 3621 1698 ἀμμάτων
3682 1623 3774 1678 καὶ

2123 1712 2446 1788 ἐπᾳσματων
2504 1715 2778 1790 ἠνείχετο,
2835 1713 2926 1769 καὶ
2999 1713 3255 1790 προσίετο
3327 1711 3564 1787 ἐπῳδάς.
3624 1713 3775 1771 Ἐπεὶ

2125 1801 2171 1858 δ’
2225 1803 2450 1879 ἐγνώκει
2497 1803 2672 1859 πάντα
2738 1805 2913 1877 μάτην
2988 1803 3248 1880 γινόμενα
3304 1804 3332 1858 6
3391 1807 3624 1876 κρατῶν,
3684 1802 3777 1859 xui

2124 1892 2427 1969 ἀπεγνώκει
2477 1894 2539 1949 τὸ
2590 1891 3047 1966 σπουδαζόμενον,
3081 1891 3257 1957 οὐκέθ’
3286 1893 3492 1966 ὁμοίως
3544 1890 3776 1947 διέκειτο

2119 1983 2244 2060 περὶ
2279 1985 2377 2054 τὴν
2438 1982 2757 2060 εὐνὲτειραν,
2810 1982 2936 2039 ἀλλ’
2980 1986 3141 2052 ἦττον
3196 1981 3331 2058 αὐτῇ
3387 1983 3637 2060 προσῄει.
3670 1985 3773 2040 Ἢν

356 2077 485 2128 tum
562 2089 695 2129 vero
773 2077 938 2129 aetate
995 2072 1301 2129 salacitate
1357 2073 1651 2130 hebetata.
1710 2074 1778 2130 Ut
1831 2072 2012 2145 igitur

2135 2073 2225 2148 γὰρ
2256 2073 2346 2128 καὶ
2371 2074 2523 2147 φύσει
2555 2075 2739 2143 νωθὴς
2793 2073 2929 2148 πρὸς
2986 2072 3125 2147 μίξιν
3177 2073 3266 2127 καὶ
3329 2071 3772 2148 μαλθακώτερος.

355 2161 576 2218 exactis
634 2161 862 2233 aliquos
920 2163 980 2218 in
1019 2163 1266 2234 imperio
1324 2165 1518 2233 annis,
1577 2163 2009 2235 imperatricem

356 2249 762 2320 aversabatur,
795 2248 898 2305 illa
923 2254 980 2305 et
1019 2250 1112 2305 sui
1143 2255 1485 2323 contemptu
1523 2255 1581 2307 et
1639 2251 1882 2307 libidine
1931 2251 2008 2306 ir-

357 2339 646 2395 ritataest
675 2339 747 2393 ad
768 2339 874 2394 viri
907 2339 1130 2395 odium.
1163 2345 1299 2397 Erat
1327 2346 1522 2396 autem
1572 2342 1830 2397 Romano
1889 2341 2008 2413 pri-

354 2431 486 2484 vato
517 2427 710 2484 adhuc
743 2429 970 2500 spadio,
1004 2431 1174 2502 cujus
1207 2431 1402 2486 fratris
1457 2430 1754 2486 Michaelis
1803 2430 2008 2487 faciem

357 2522 571 2573 natura
592 2518 663 2574 ad
694 2518 1048 2590 exquisitam
1089 2519 1590 2592 pulchritudinem
1649 2521 2005 2592 expolierat:

357 2606 597 2678 quijam
629 2607 970 2678 imperatori
1018 2625 1050 2663 a
1109 2609 1282 2663 fratre
1331 2610 1798 2680 commendatus,
1857 2610 2011 2666 inter

361 2694 616 2751 cubiculi
648 2695 952 2751 ministros
983 2697 1203 2751 ascitus
1236 2697 1788 2771 fuerat.Ejusigitur
1813 2716 2012 2755 amore

362 2789 533 2856 capta
563 2784 904 2857 imperatrix
931 2785 1172 2841 ardebat
1227 2785 1447 2853 animo,
1507 2804 1684 2858 quem
1741 2788 2010 2844 ardorem

362 2873 744 2945 quotidianus
795 2880 1145 2946 conspectus
1204 2874 1666 2946 pulchritudinis
1717 2876 1876 2933 illius
1918 2877 2013 2932 in-

363 2963 727 3018 ﬂammabat.
765 2964 907 3018 Cum
939 2969 1134 3019 autem
1181 2965 1504 3037 spadonem
1565 2965 1733 3020 illum
1786 2967 2011 3038 pridem

359 3051 601 3120 odisset,
633 3056 762 3108 tum
785 3051 1085 3108 hominem
1117 3055 1472 3123 accersebat,
1497 3059 1555 3109 et
1586 3055 1738 3111 inter
1765 3055 2013 3111 familia-

359 3141 485 3198 rius
500 3140 949 3213 colloquendum
970 3143 1442 3214 percontationes
1456 3144 1526 3198 de
1539 3143 1820 3199 Michaele
1839 3143 2015 3199 inter-

359 3229 628 3300 jiciebat.
657 3230 720 3286 Id
754 3248 892 3287 cum
926 3231 1139 3304 saepius
1156 3232 1340 3302 ﬁeret,
1367 3233 1542 3289 homo
1583 3238 2016 3297 acutus,amore

2121 2161 2265 2232 ’Ήδη
2328 2161 2386 2218 δὲ
2440 2163 2528 2219 καὶ
2582 2165 2609 2219 6
2667 2162 2871 2239 χρόνος
2901 2161 3048 2235 αὐτῷ
3097 2163 3196 2231 τὴν
3229 2161 3442 2232 κίνησιν
3471 2156 3778 2236 ἤμϐλυνεν.

2121 2254 2210 2316 Ὠς
2272 2250 2329 2308 δὲ
2385 2274 2525 2316 τινες
2584 2253 2733 2326 αὐτῷ
2789 2250 2877 2307 ἐπὶ
2933 2254 3003 2326 τῇ
3065 2248 3315 2327 βασιλείᾳ
3345 2250 3776 2326 ἐξεμετρήθησαν

2123 2342 2380 2413 ἒνιαυτοὶ,
2437 2343 2527 2397 καὶ
2591 2341 2951 2418 ἀποστρόφως
3006 2340 3122 2418 εἶχε
3173 2340 3310 2415 πρὸς
3366 2342 3465 2411 τὴν
3528 2341 3777 2417 βασίλισ-

2126 2453 2239 2501 σαν,
2302 2435 2337 2500 ἡ
2398 2428 2455 2486 δὲ
2510 2430 2991 2510 καταφρονουμένη
3069 2431 3204 2506 πρὸς
3290 2434 3448 2501 μῖσος
3494 2429 3776 2506 ἠρέθιστο,

2124 2522 2215 2578 καὶ
2267 2519 2435 2576 πλέον
2491 2517 2560 2574 δι’
2615 2520 2836 2594 ὁμιλίαν
2894 2514 3110 2596 ἀνδρός.
3143 2525 3237 2574 Ἦν
3281 2517 3339 2574 δὲ
3384 2540 3467 2582 τις
3522 2518 3612 2574 καὶ
3670 2521 3782 2595 πρὸ

2121 2617 2222 2681 τῆς
2256 2608 2534 2687 βασιλείας
2565 2608 2820 2683 ἐκτομίας
2869 2609 3145 2684 ὑπηρέτης
3192 2612 3272 2680 τῷ
3326 2608 3562 2684 βασιΛεῖ,
3602 2607 3784 2680 τούτῳ

2125 2698 2170 2756 δ’
2200 2702 2336 2770 ἦσαν
2395 2697 2716 2773 ὁμαίμονες,
2751 2701 2823 2752 ὧν
2885 2699 2960 2761 είς
3018 2697 3084 2767 ἧν
3139 2698 3228 2752 καὶ
3290 2698 3318 2751 6
3351 2696 3610 2773 Μιχαὴλ,
3645 2697 3777 2773 ἀνὴρ

2122 2791 2168 2862 ᾧ
2197 2792 2297 2860 τὴν
2331 2785 2452 2864 ὄψιν
2487 2792 2520 2858 ἡ
2556 2788 2712 2868 φύσις
2763 2789 3008 2861 ἀπέξεσεν
3058 2787 3134 2851 εἷς
3190 2782 3390 2862 ἀκριϐῆ
3446 2787 3781 2862 ὡραιότητα.

2123 2880 2332 2935 Τοῦτον
2386 2877 2414 2930 ὁ
2469 2873 2703 2953 ἀδελφὸς
2758 2875 2894 2949 μετᾶ
2947 2876 3047 2944 τὴν
3138 2872 3415 2948 βασιλείαν
3474 2873 3785 2949 παρέστησε

2122 2971 2203 3039 τῷ
2233 2967 2498 3039 Ῥωμανῷ
2533 2964 3099 3043 προσληφθησόμενον
3148 2965 3234 3019 ὑπ’
3265 2963 3448 3018 αὐτοῦ·
3479 2964 3508 3018 ὁ
3560 2961 3617 3018 δὲ
3664 2969 3784 3025 τοῖς

2128 3053 2589 3130 θαλαμηπολοῦσι
2642 3055 2734 3109 τὸν
2820 3052 3028 3109 νεανίαν
3114 3053 3384 3124 κατέταξε.
3441 3052 3648 3108 Τούτου
3700 3058 3784 3126 τῷ

2126 3139 2288 3220 ἔρωτι
2315 3143 2578 3213 ἁλοῦσαὴ
2616 3143 2831 3219 βασιλὶς
2877 3139 3239 3219 ἐπυρπολεῖτο
3296 3144 3396 3213 τὴν
3451 3142 3656 3219 ψυχὴν,
3687 3142 3779 3196 καὶ

2137 3235 2201 3290 τὸ
2258 3239 2363 3307 πῦρ
2415 3234 2478 3289 τὸ
2535 3232 2739 3289 ἐκείνου
2792 3230 3000 3296 καλλος
3054 3233 3171 3287 καθ’
3220 3232 3450 3303 ἑκάστην
3511 3231 3795 3308 ὁρώμενοι

363 3319 684 3388 intellecto,
719 3320 958 3376 fratrem
983 3321 1215 3378 monuit
1262 3328 1330 3378 ut
1368 3321 1797 3394 imperatricem
1827 3340 2024 3378 conve-

2143 3321 2497 3402 ὑπανὲφλεγε.
2539 3323 2882 3397 Μισούμενος
2939 3319 2986 3377 δ’
3018 3321 3155 3394 αὐτῇ
3201 3322 3395 3399 πρώην
3449 3322 3476 3377 6
3509 3306 3799 3394 ἐκτομίας,

367 3408 554 3464 niret:
588 3409 758 3480 sique
788 3411 860 3464 ab
902 3409 1007 3465 illa
1036 3416 1387 3480 tentaretur,
1420 3411 1566 3465 nihil
1599 3413 2028 3468 verecundatus

371 3512 502 3553 eam
540 3500 598 3552 et
627 3501 1036 3564 contrectaret,
1083 3503 1140 3553 et
1169 3498 1560 3567 oscularetur,
1608 3504 1665 3556 et
1714 3501 2031 3573 amplecte-

373 3589 557 3642 retur.
588 3585 756 3653 ﬁQuid
810 3586 1052 3642 multa?
1100 3605 1289 3662 usque
1341 3589 1414 3644 ad
1475 3589 1694 3644 coitum
1755 3591 2035 3662 processit

379 3691 569 3742 amor,
609 3692 675 3731 ac
706 3677 943 3731 tandem
977 3693 1042 3733 eo
1076 3694 1167 3732 res
1199 3677 1450 3733 devenit.
1486 3683 1552 3734 ut
1583 3678 1850 3735 mulieris
1897 3696 2036 3752 erga

381 3763 729 3820 Michaelem
775 3765 1017 3820 affectus
1074 3764 1269 3838 palam
1327 3771 1681 3839 erumperet,
1739 3785 1928 3840 neque
1976 3769 2035 3824 in

378 3851 542 3925 regia
570 3854 950 3922 tantum,sed
979 3859 1036 3909 et
1091 3854 1152 3909 in
1193 3855 1381 3911 triviis
1440 3863 1868 3930 susurraretur,
1927 3857 2036 3914 soli

387 3942 729 4014 imperatori
764 3942 1020 4015 ignotus,
1057 3943 1150 3999 cui
1181 3943 1240 3998 in
1273 3945 1478 4000 eodem
1504 3961 1638 4001 cum
1670 3946 2040 4019 imperatrice

385 4030 545 4088 lecto
599 4031 863 4103 cubanti,
910 4032 1122 4088 fricare
1177 4035 1357 4106 pedes
1399 4035 1725 4105 jubebatur
1769 4037 2036 4093 Michael.

381 4120 522 4186 Quis
552 4137 688 4177 vero
711 4138 846 4177 eum
879 4121 1145 4178 mulieris
1177 4140 1410 4195 quoque
1450 4125 1628 4196 pedes
1684 4143 1801 4182 non
1861 4134 2040 4184 attre-

381 4215 572 4267 ctasse
601 4212 801 4266 credat
826 4213 850 4266 P
878 4213 962 4267 Ita
988 4213 1180 4268 factus
1205 4217 1293 4267 est
1344 4213 1666 4284 imperator
1731 4218 2039 4274 amborum

382 4299 556 4371 quasi
587 4299 718 4356 leno
736 4305 792 4357 et
823 4301 1209 4357 concubinus.
1242 4301 1316 4357 Ut
1348 4309 1544 4358 autem
1577 4321 1711 4359 cum
1759 4311 1816 4360 et
1879 4323 2045 4362 soror

382 4387 711 4457 Pulcheria,
743 4392 801 4444 et
831 4389 929 4444 alii
964 4406 1092 4445 eam
1135 4389 1398 4446 fabulam
1451 4393 1745 4460 edoctum,
1811 4399 1875 4450 ut
1930 4395 2044 4451 sibi

386 4481 616 4533 caveret
640 4482 1038 4533 monuerunt:
1074 4476 1224 4534 nihil
1255 4479 1374 4551 egit
1424 4480 1606 4548 aliud,
1659 4481 1774 4538 nisi
1829 4487 1892 4538 ut
1947 4501 2047 4540 su-

2135 3413 2259 3469 τότε
2304 3413 2394 3467 καὶ
2437 3410 2852 3487 προσεκαλεῖτο,
2896 3412 2985 3467 καὶ
3039 3410 3262 3484 ὁμιλίας
3306 3409 3507 3482 ἠξίωτο
3554 3431 3803 3485 γνησιω-

2138 3504 2318 3577 τὲρας,
2354 3501 2465 3557 εἶτα
2492 3502 2582 3557 καὶ
2612 3501 2861 3577 περὶτοῦ
2902 3499 3133 3578 Μιχαὴλ
3177 3501 3430 3576 ἠρωτᾶτο
3483 3504 3581 3555 τοῦ
3640 3497 3814 3556 ἀδελ-

2143 3596 2266 3671 φοῦ.
2303 3590 2580 3653 Πολλάκις
2612 3589 2670 3646 δὲ
2722 3589 2918 3646 τούτου
2959 3591 3276 3665 γενομένου,
3312 3587 3485 3651 δεινὸς
3542 3588 3616 3644 ὣν
3666 3586 3815 3644 ἐκεῖ·

2144 3702 2254 3750 νος,
2291 3688 2489 3751 συνῆκε
2517 3681 2609 3736 τὸν
2659 3679 2854 3756 ἔρωτα,
2886 3681 2978 3736 καὶ
3033 3684 3115 3752 τῷ
3161 3677 3384 3758 ἀδελφῷ
3440 3677 3666 3744 ὑπέθετο
3722 3678 3817 3734 καὶ

2146 3777 2426 3848 προσιέναι
2511 3770 2581 3846 τῇ
2671 3768 2986 3846 βασιλίσσῃ,
3039 3771 3127 3826 καὶ
3215 3769 3261 3825 εί
3344 3774 3581 3846 πειρῷτο
3632 3768 3812 3841 ἐκείνη

2149 3862 2338 3933 αὐτοῦ,
2373 3863 2448 3935 μὴ
2505 3859 2904 3934 ὑποπαλῆναι,
2941 3857 3088 3916 ἀλλᾶ
3143 3859 3234 3916 καὶ
3293 3857 3526 3934 ἅψασθαι
3578 3858 3670 3914 καὶ
3721 3881 3811 3936 φι-

2149 3952 2314 4017 λῆσαι
2372 3949 2461 4006 καὶ
2520 3953 2824 4029 προσφῦναι
2878 3948 3038 4024 αὐτῇ.
3101 3949 3199 4004 Καὶ
3264 3949 3318 4004 τί
3372 3945 3454 4004 δεῖ
3503 3947 3572 4004 τὰ
3623 3945 3812 4004 πολλᾶ

2150 4040 2358 4116 λέγεινς
2398 4040 2564 4115 μέχρι
2594 4039 2685 4094 καὶ
2717 4043 3120 4113 συνουσιασμοῦ
3161 4037 3229 4094 τὰ
3273 4042 3370 4094 τσῦ
3427 4036 3632 4115 ἔρωτος
3683 4056 3806 4091 κατ-

2152 4132 2473 4202 ηντήκεσαν,
2505 4127 2598 4184 xui
2655 4130 2948 4204 προϊόντος
3006 4132 3102 4184 τοῦ
3133 4128 3341 4205 χρόνου
3397 4127 3474 4192 είς
3533 4126 3806 4205 προῦπτον

2156 4217 2352 4297 σχεδὸν
2402 4221 2464 4275 τὸ
2512 4217 2638 4295 περὶ
2695 4219 2788 4274 τὸν
2845 4216 3081 4295 Μιχαὴλ
3123 4216 3384 4296 ἐξερράγη
3438 4217 3692 4294 φίλτρον,
3723 4216 3818 4270 xui

2155 4310 2222 4380 ἦν
2279 4308 2808 4384 ὑποψιθυριζόμενον
2870 4307 2931 4365 οὐ
2975 4311 3094 4372 τοῖς
3145 4309 3269 4383 περί
3313 4307 3381 4363 τὰ
3414 4303 3670 4384 βασίλεια
3719 4303 3823 4378 μό-

2155 4421 2266 4469 νον,
2299 4397 2443 4455 ἆλλᾶι
2466 4399 2557 4453 καὶ
2585 4403 2704 4460 τοῖς
2734 4396 2786 4453 ἐν
2827 4403 2948 4460 ταῖς
2994 4393 3262 4474 τριόδοις,
3298 4397 3451 4470 μόνῳ
3499 4392 3546 4450 δ’
3576 4395 3828 4472 ἠγνοεῖτο

2154 4493 2236 4561 τῷ
2283 4487 2665 4563 αὐτοκράτορι,
2693 4487 2810 4552 ὅθεν
2861 4487 2953 4543 καὶ
3003 4487 3342 4564 συγκειμένῳ
3400 4489 3467 4560 τῇ
3531 4481 3827 4562 βασιλίσσῃ

386 4569 658 4638 spectum
681 4571 930 4638 regaret,
965 4585 1107 4622 num
1140 4567 1212 4623 ab
1275 4568 1649 4640 imperatrice
1706 4577 2024 4629 amarctur‘

2157 4576 2304 4649 αὐτῷ
2362 4575 2448 4631 ἐπὶ
2503 4583 2606 4648 τῆς
2662 4576 2824 4648 εὐνῆς
2868 4577 2896 4631 ὁ
2929 4575 3168 4652 Μιχαὴλ
3222 4572 3644 4648 εἶσκαλοόμινος
3702 4572 3829 4628 ἀνα-

387 4671 641 4726 cumque
671 4655 1034 4711 inﬁciantem
1053 4662 1110 4712 et
1139 4663 1453 4730 negantem
1513 4665 1878 4717 sacramento
1938 4663 2024 4719 ob‘

2151 4661 2354 4740 τρίϐειν
2407 4667 2462 4720 οἱ
2515 4665 2644 4730 τοὺς
2697 4663 2878 4729 ποδας
2938 4664 3282 4722 κεκὲλευστο.
3334 4663 3404 4722 Τί
3456 4667 3584 4740 γοῦν
3627 4663 3690 4718 ἄν
3737 4683 3826 4726 τις

387 4744 736 4816 stringeret:
769 4761 1022 4817 cumque
1050 4745 1149 4802 ille
1176 4748 1886 4818 pejsrasset,calumniam
1917 4769 2046 4810 esse

387 4833 619 4907 putavit
637 4834 813 4890 verba
836 4833 1107 4892 aliorum.
1141 4839 1425 4892 Caeterum
1459 4837 1823 4909 Michaelem,
1875 4842 1947 4897 ob
1987 4842 2045 4898 id

387 4922 740 4996 perjurium,
769 4927 938 4980 atrox
970 4924 1214 4980 morbus
1276 4924 1566 4983 invasisse
1604 4928 1824 4986 fertur:
1885 4949 2046 5002 nam,

389 5017 456 5067 ut
486 5011 725 5082 quidam
740 5013 1000 5078 tradunt,
1029 5013 1201 5069 certis
1224 5013 1550 5072 intervallis
1579 5023 1636 5074 et
1669 5024 1865 5075 mente
1903 5021 2046 5079 alie-

389 5101 841 5172 nabatur,234
871 5105 926 5157 et
951 5101 1152 5158 oculos
1205 5103 1630 5176 distorqucbat,
1690 5113 1747 5163 et
1794 5113 2048 5170 tremore

392 5189 836 5263 corripiebatur,
861 5195 919 5247 et
947 5190 1114 5248 humi
1142 5194 1483 5264 procidebat
1521 5212 1534 5253 :
1594 5195 1805 5255 deinde
1861 5201 1934 5257 ad
1985 5219 2048 5260 e

2157 4756 2408 4829 οίτςσαιτο
2457 4755 2492 4826 ἢ
2526 4757 2608 4813 ὅτι
2666 4755 2757 4812 καὶ
2813 4759 2923 4811 τῶν
2984 4754 3200 4827 ἐκείκης
3227 4753 3432 4824 ἥπτετο
3460 4749 3686 4823 ποδῶν;
3722 4753 3826 4807 Καὶ

2157 4849 2273 4902 οἷον
2332 4846 2664 4924 προαγωγὸς
2717 4845 2924 4924 ἀμφοῖν
2986 4846 3015 4901 6
3067 4842 3325 4921 βασιλεὺς
3380 4842 3472 4899 καὶ
3522 4841 3824 4918 ὁμευνὲτης

2157 4935 2382 5014 ἐγίνετο.
2440 4942 2527 5001 Ὠς
2586 4934 2645 4991 δὲ
2700 4935 2790 4991 καὶ
2849 4938 2885 5006 ἡ
2948 4932 3157 5015 ἀδελφὴ
3217 4930 3538 5010 Πουλχερία
3594 4935 3672 5007 (8)
3729 4932 3823 4986 xui

2154 5023 2328 5102 ἕτεροι
2383 5026 2508 5102 περὶ
2576 5029 2674 5081 τοῦ
2752 5021 3030 5102 δράματος
3097 5024 3257 5081 αὐτὸν
3337 5017 3670 5092 ἀνεδίδαξαν,
3728 5019 3823 5076 xui

2157 5114 2519 5193 φυλάττεσθαι
2577 5113 2994 5192 παρηγγύησαν,
3051 5110 3205 5170 οὐδὲν
3287 5109 3471 5189 ἕτερον
3542 5108 3820 5183 ἐποίησεν,

2157 5202 2304 5262 ἀλλὰ
2357 5206 2451 5262 τὸν
2516 5203 2956 5280 ὑποπτευόμενον
3015 5201 3164 5279 αὗτῷ
3229 5201 3482 5272 καλέσας,
3541 5198 3591 5257 ei
3643 5196 3818 5276 ἐρῷτο

1676 5362 1881 5426 Variae
1911 5365 2212 5431 lectiones
2245 5377 2308 5434 et
2335 5378 2524 5435 notis.
2557 5365 2560 5367 ’

597 5485 1046 5570 Ἑξηκοντούτης.
1086 5490 1372 5570 “Michael
1460 5495 1706 5570 Psellus,
1784 5497 1888 5556 lib.
1955 5517 2041 5570 ΠΙ,

391 5557 546 5617 Hist.
574 5557 685 5650 ms’.
713 5557 894 5652 Πλέον
925 5559 1112 5687 γὰρρέ
1162 5560 1289 5619 δέκα
1342 5561 1482 5622 ἔτεσι
1530 5569 1628 5640 τὴν
1677 5557 1779 5639 τῆς
1822 5557 2042 5645 βασιλίί

393 5629 489 5687 δος
519 5630 738 5687 ἧλικιαν
776 5652 1076 5687 υπεοαναοε
1116 5635 1260 5687 ἥκει-

393 5629 489 5693 δος
519 5630 738 5705 ἠλικίαν
776 5627 1260 5705 ὑπεραναϐεϐἤκει.

430 5701 670 5788 ..(.3)έΚεκῖ
716 5706 752 5774 ἢ
799 5701 1007 5788 alii???)
1067 5701 1401 5788 Πτέυὶχερξα-
1443 5713 1641 5788 .-Ουει
1686 5713 1890 5788 nupsit
1941 5713 2044 5788 Ba:

393 5776 526 5839 lilio
540 5778 733 5838 Solero
766 5776 1032 5850 patricio,
1054 5780 1148 5836 cui
1179 5776 1597 5843 Constantinus
1626 5776 1792 5861 imp:
1839 5786 2042 5845 Basilii

2154 5505 2334 5580 frater
2363 5505 2565 5564 oculos
2594 5507 2749 5564 eruit
2778 5507 2850 5564 ob
2874 5504 3248 5580 tyrannidem
3281 5521 3311 5580 :_
3347 5517 3565 5580 ex_quo
3604 5498 3814 5580 conju-

2153 5578 2248 5651 gio
2266 5583 2420 5663 nata
2447 5580 2575 5663 tilia.
2597 5581 2769 5636 unica
2794 5572 2984 5663 nupta
3000 5572 3812 5663 ‘Constantjpo‘Mo'n'omacbo

2175 5644 2530 5708 iostmodum
2559 5644 2921 5726 imperatori,
2954 5655 3020 5708 ut
3045 5649 3255 5708 scribit
3283 5645 3528 5707 Michael
3552 5644 3807 5702 Psellus.

2175 5723 2254 5781 ib.
2288 5740 2321 5782 ν
2348 5723 2501 5784 Hist.
2525 5741 2640 5784 me.
