4142 6354
382 399 498 458 181

1689 391 2100 454 ANNALIUM
2148 393 2295 454 LIB.
2343 397 2532 458 XVII.

3701 407 3820 468 182

382 527 526 603 πρὸς
576 531 679 595 τῆς
743 522 1071 600 βασιλίσσης
1101 521 1312 596 ἠρώτα·
1346 523 1375 576 6
1429 518 1488 576 δὲ
1536 519 1896 598 ἀπηγόρευσε,
1956 521 2042 577 καὶ

2163 526 2409 583 redibat.
2464 529 2645 602 quue
2704 532 2922 605 smpius
2985 534 3037 590 ei
3095 535 3271 592 etiam
3326 535 3678 608 imperatore
3725 537 3814 592 vi-

385 615 743 688 ἀνηνάμενος,
776 611 986 673 πίστεις
1030 615 1128 666 105
1177 609 1349 686 λόγου
1394 611 1486 666 καὶ
1545 609 1738 684 ὅρκους
1789 611 2044 684 ἀπῃτήθη

387 707 509 769 καθ’
541 701 902 778 ἱερῶν.Έπεὶ
965 699 1012 754 δ’
1061 699 1266 762 ἐκεῖνος
1315 699 1646 776 ἰπιορκήσας
1680 697 1807 761 τοὺς
1857 700 2051 773 ὅρκους

392 792 626 864 ἐτέλεσε,
681 785 947 859 διαϐολὴν
995 789 1123 852 τοὺς
1187 795 1294 845 τῶν
1352 790 1537 845 ἅλλῶν
1595 785 1770 864 ἤγητο
1821 788 2046 863 λόγους.

404 885 618 960 Λέγεται
671 880 853 954 μέντοι
901 877 990 934 διά
1029 881 1129 949 τὴν
1179 879 1456 954 ἐπιορκίαν
1506 874 1717 952 νόσημὲ
1762 899 1814 932 τι
1875 875 2046 932 δεινὸν

399 973 654 1045 ἐνσκῆψαι
703 975 782 1042 τῷ
815 967 1074 1044 Μιχαήλ,
1107 970 1188 1026 Τὸ
1219 967 1262 1024 δ’
1293 971 1357 1038 ὴν
1405 969 1541 1024 κατά
1582 989 1731 1032 τινας
1758 965 2046 1041 περιόδους

393 1061 537 1134 αύτῴ
566 1059 861 1134 παρακοπὴ
919 1062 1017 1114 105
1072 1059 1222 1130 ναὸς,
1279 1063 1388 1114 τῶν
1450 1059 1752 1137 ὀφθαλμῶν
1811 1079 1870 1113 τε
1927 1054 2048 1112 δια-

383 1151 617 1228 στροφὴ,
665 1150 758 1204 καὶ
819 1147 1018 1211 κλόνος
1066 1153 1164 1204 105
1222 1149 1497 1222 σώματος,
1556 1149 1646 1204 καὶ
1701 1149 2046 1211 κατάπτωσις

380 1239 468 1296 ἐπὶ
499 1246 622 1316 γῆς,
677 1239 771 1293 εἶτ’
824 1237 1046 1312 ἐπανῄει
1099 1237 1177 1300 εἰς
1210 1237 1420 1307 ἐαυτὸν,
1470 1237 1561 1293 καὶ
1618 1235 2044 1302 ἀποκαθίστατο.

374 1331 555 1387 Τοῦτο
602 1326 882 1390 πολλάκις
926 1327 1018 1382 καὶ
1064 1331 1164 1384 105
1223 1323 1492 1402 βασιλέως
1542 1325 1771 1383 ἐνώπιον
1832 1323 2042 1382 ἕπαθεψ

375 1420 405 1475 6
438 1417 519 1487 δὲ,
550 1421 650 1474 105
701 1415 913 1482 ,πάθους
947 1415 1294 1491 οἷκτειρήσας
1323 1416 1416 1473 τὸν
1468 1417 1727 1494 Μιχαὴλ,
1786 1414 1865 1472 ἔτι
1899 1415 2045 1492 μᾶλ-

373 1505 477 1563 λον
537 1504 712 1583 ψευδῆ
769 1503 908 1579 ᾤετο
965 1505 1031 1561 τὰ
1093 1505 1388 1582 λεγόμενα,
1447 1504 1536 1561 καί
1599 1507 1713 1580 μετ’
1757 1504 1878 1582 ἐρᾷν
1917 1495 2045 1578 μήτ’

372 1600 601 1676 ἐρᾶσθαι
647 1601 845 1653 τοῦτον
894 1595 1071 1660 οὕτως
1125 1590 1325 1671 ἔχοντα
1373 1593 1534 1668 ᾤετο.
1589 1595 1712 1652 Elei
1763 1592 1810 1650 δ’
1864 1592 1917 1649 ο’ί
1947 1593 2042 1649 λέ-

370 1709 534 1764 γουσι
593 1685 725 1761 μηδ’
767 1686 1034 1763 ἀγνοησαι
1080 1686 1172 1740 τὸν
1230 1683 1458 1762 βασιλέα
1506 1685 1598 1740 τὸν
1627 1679 1823 1762 ἔρωτα,
1860 1682 2042 1739 εἷ’δότα

369 1776 420 1834 δ’
475 1779 559 1833 ὅτι
628 1781 828 1855 σφριγᾷ
877 1778 914 1846 ἡ
979 1774 1286 1852 βασίλισσα,
1337 1775 1426 1830 καὶ
1487 1775 1708 1849 περὶτά
1754 1771 2040 1853 ἀφροδίσια

373 1870 613 1943 μὲμηνε,
671 1873 772 1937 τῆς
822 1866 959 1941 πρὸς
1005 1866 1097 1921 τὸν
1157 1863 1395 1940 Μιχαὴλ
1449 1865 1618 1936 αὑτῆς
1665 1864 1839 1941 ῥοπῆς
1889 1863 2038 1934 ὴνεί-
2068 1907 2116 1972 Β

371 1979 531 2035 χετο,
582 1957 1011 2034 ὑποκρινόμενος
1069 1954 1311 2033 ἄγνοιαν,
1364 1954 1454 2011 ἵνα
1515 1958 1588 2030 μὴ
1635 1954 1881 2011 πλείοσιν
1915 1955 2038 2028 ὁμί-

385 2047 544 2119 λοίη.
577 2046 802 2104 Τούτων
857 2045 904 2101 δ’
933 2045 1105 2108 οὓτως
1141 2045 1405 2122 ἐχόντων,
1439 2047 1467 2100 ὁ
1524 2045 1872 2122 αὐτοκράτωρ
1921 2043 2038 2098 ἐνό-

381 2157 540 2208 σησε,
573 2138 660 2192 καὶ
695 2137 748 2192 οἱ
807 2133 1067 2209 διῳδήκει
1121 2137 1184 2190 τὸ
1239 2135 1556 2212 πρόσωπον,
1599 2135 1688 2190 καὶ
1744 2135 1808 2189 τὸ
1862 2135 2041 2206 ἆσθμα

381 2226 454 2295 ἦν
485 2225 731 2302 συνεχὲς,
763 2225 855 2280 καὶ
885 2227 920 2295 ἡ
963 2221 1089 2300 ὄψις
1134 2224 1282 2298 αὐτῷ
1336 2224 1490 2299 ἐῴκει
1548 2228 1745 2300 νεκρῷ,
1796 2221 1886 2278 καὶ
1941 2229 2040 2292 τῆς

381 2313 634 2394 κειραλῆς
690 2313 854 2369 αὐτοῦ
908 2315 971 2370 τὸ
1021 2311 1188 2369 πλέον
1249 2311 1524 2388 ἑψίλωτοο
1595 2314 1650 2369 αἱ
1703 2315 1805 2389 γὰρ
1849 2313 2040 2389 τρίχες

374 2405 434 2459 αἱ
473 2411 574 2473 τῆς
605 2401 973 2479 ἀπεῤῥύησαν.
1007 2403 1239 2479 Λέγεται
1289 2407 1420 2479 γοῦν
1471 2404 1780 2478 φαρμάκοις
1826 2422 2043 2478 περιερ-

381 2495 650 2569 γασΘῆναι
712 2494 740 2547 ὁ
799 2489 1114 2568 ἄνθρωπος.
1170 2493 1328 2550 Οὕτω
1381 2491 1426 2547 δ’
1485 2492 1628 2569 ἔχων
1689 2493 1850 2568 ἀπῄει
1905 2493 2043 2569 πρὸς

387 2582 684 2658 βαλανεῖον
737 2582 846 2636 τῶν
908 2581 958 2637 ἐν
1008 2587 1126 2644 τοῖς
1188 2580 1486 2656 βασιλείοις
1531 2581 1909 2657 λουσόμενος,
1951 2580 2043 2636 καὶ

383 2671 555 2745 ἀπῄει
615 2667 737 2726 οὔτε
785 2671 1327 2747 χειραγωγούμενος,
1387 2669 1502 2726 οὔτ’
1556 2673 1752 2727 αὐτίκα
1795 2671 2046 2742 τεθνήξε-

382 2763 507 2816 σθαι
564 2757 1054 2837 προσδοκώμενος.
1116 2763 1205 2824 Ὠς
1281 2758 1340 2816 δὲ
1410 2760 1474 2816 τὰ
1541 2766 1702 2835 σῶμα
1760 2759 2043 2837 ἐκάθηρεν,

383 2849 562 2907 εἷσὲδυ
613 2852 712 2920 τὴν
770 2849 882 2906 ἐκεῖ
913 2847 1329 2926 κολυμϐήθραν,
1365 2849 1487 2906 ἔνθα
1517 2848 1583 2920 δὴ
1617 2853 1678 2906 τὸ
1725 2857 1830 2905 πᾶν
1863 2845 2044 2921 ᾅδεται

391 2939 639 3016 γενέσθαι
689 2944 788 2996 105
847 2937 1141 3016 δράματοςο
1197 2941 1490 3014 συμπιέσαι
1539 2941 1645 3016 γάρ
1700 2961 1852 3005 τινας
1897 2939 2045 3011 αὐτῷ

393 3032 490 3101 τὴν
546 3027 794 3106 κεφαλήν
851 3051 1008 3108 φασιν
1063 3029 1152 3086 ἐπὶ
1226 3031 1290 3086 τὸ
1347 3027 1493 3106 ὕδωρ
1545 3029 1636 3096 ἀφ’
1684 3030 1905 3099 ἱκανὸν,
1954 3028 2045 3084 καὶ

2160 617 2332 698 dente
2356 617 2676 691 accidebat,
2702 623 2804 693 qui
2836 624 3024 679 vicem
3051 625 3312 682 hominis
3345 625 3571 697 dolens,
3628 626 3820 698 magis

2157 697 2332 779 etiam
2365 701 2760 772 suspicionem
2793 703 3005 760 falsam
3028 706 3340 777 judicabat
3372 725 3385 775 ;
3424 723 3613 779 neque
3661 697 3818 762 enim

2158 787 2335 844 talem
2395 789 2481 845 vel
2537 808 2732 848 amare
2772 793 2861 848 vel
2907 796 3091 851 amari
3147 813 3319 868 posse
3344 799 3608 869 putabat.
3667 797 3822 852 Sunt

2159 879 2335 933 etiam
2368 880 2468 950 qui
2500 881 2698 936 dicant
2729 900 2988 939 amorem
3018 885 3184 940 illum
3210 903 3326 941 non
3358 885 3601 942 latuisse
3632 886 3818 957 impe-

2160 970 2456 1024 ratorem:
2509 971 2608 1025 sed
2645 988 2780 1028 cum
2839 973 3014 1029 sciret
3049 974 3355 1031 mulierem
3432 975 3701 1031 lascivire
3750 991 3817 1030 ac

2157 1054 2418 1113 insanire
2448 1057 2714 1128 libidine,
2743 1061 3491 1136 tolerassepropensionem
3514 1065 3644 1136 ejus
3676 1080 3816 1137 erga

2158 1145 2526 1216 Michaelem,
2560 1149 2839 1206 simulata
2869 1151 3222 1225 ignorantia,
3257 1171 3328 1209 ne
3361 1152 3464 1209 illa
3494 1171 3630 1209 cum
3677 1152 3818 1226 plu-

2157 1235 2321 1294 ribus
2352 1254 2476 1294 rem
2500 1237 2761 1296 haberet.
2796 1243 2930 1307 Quae
2962 1259 3098 1298 cum
3131 1243 3211 1298 ita
3232 1247 3450 1315 essent,
3487 1243 3808 1316 imperator

2155 1325 2217 1381 in
2275 1329 2549 1385 morbum
2594 1330 2821 1402 incidit,
2878 1331 3085 1388 inﬂata
3138 1332 3305 1400 facie,
3390 1350 3518 1405 qua:
3568 1333 3808 1404 quidem

2155 1417 2370 1472 mortui
2395 1418 2609 1475 similis
2629 1424 2774 1486 erat,
2808 1425 2866 1476 et
2895 1421 3098 1478 crebro
3129 1422 3394 1478 anhelitu
3426 1439 3577 1494 aegre
3633 1422 3810 1494 spiri-

2153 1510 2279 1562 tum
2303 1507 2589 1575 trahebat,
2624 1509 2882 1566 maxima
2902 1515 3067 1582 parte
3093 1511 3301 1583 capitis
3324 1511 3543 1580 calvus,
3576 1510 3804 1583 capillis

2153 1595 2432 1667 delapsis.
2461 1598 2623 1664 Quod
2656 1599 2878 1654 malum
2901 1599 2954 1656 ei
2977 1600 3274 1656 veneficiis
3300 1601 3680 1656 conciliaram
3701 1617 3807 1672 pu-

2151 1685 2407 1741 tabatur.
2441 1687 2537 1742 Sic
2586 1687 2830 1744 affectus
2887 1688 2946 1744 in
2995 1690 3292 1760 quoddam
3325 1690 3498 1762 regiae
3528 1689 3806 1746 balneum

2147 1773 2405 1831 lavatum
2435 1776 2576 1845 abit,
2610 1794 2644 1832 a
2693 1778 2930 1834 nemine
2987 1783 3378 1847 sustentatus,
3440 1795 3629 1851 neque
3688 1779 3805 1836 ullo

2151 1868 2392 1936 putante
2421 1882 2555 1922 eum
2587 1867 2790 1922 statim
2822 1868 3198 1923 moriturum.
3235 1873 3302 1924 Ut
3332 1872 3527 1924 autem
3554 1873 3802 1942 purgato

2147 1969 2387 2026 corpore
2427 1955 2487 2011 in
2520 1955 2744 2012 alveum
2795 1957 3117 2026 descendit,
3168 1957 3247 2013 ibi
3271 1962 3393 2014 tota
3422 1958 3620 2015 fabula
3673 1975 3805 2030 per-

2149 2048 2280 2100 acta
2309 2061 2438 2100 esse
2468 2045 2652 2102 fertur
2681 2062 2695 2101 :
2733 2063 2869 2102 nam
2903 2048 3193 2119 quosdam
3226 2052 3404 2120 caput
3427 2049 3556 2119 ejus
3604 2049 3705 2104 diu
3738 2048 3796 2104 in

2149 2150 2364 2206 aquam
2412 2135 2796 2208 depressisse,
2861 2141 2919 2193 et
2947 2137 3074 2207 jam
3105 2135 3224 2193 fere
3277 2137 3622 2193 examimem
3664 2138 3800 2193 inde

2150 2227 2498 2294 extractum,
2531 2228 2588 2280 et
2616 2224 2677 2280 in
2707 2224 2857 2282 lecto
2883 2225 3251 2282 reclinatum.
3286 2227 3408 2292 Qua
3471 2228 3543 2283 de
3591 2242 3653 2283 re
3704 2244 3802 2282 ru-

2152 2329 2314 2368 more
2342 2317 2490 2381 orto,
2547 2313 2724 2369 etiam
2774 2313 3135 2386 imperatrix,
3192 2313 3281 2383 ,ob
3343 2330 3547 2370 casum
3633 2314 3804 2369 illum

2151 2418 2394 2474 gemens
2425 2401 2670 2472 scilicet,
2719 2403 2968 2459 accessit
2998 2420 3012 2459 :
3075 2420 3143 2458 ac
3193 2403 3318 2474 jam
3349 2408 3511 2459 certa
3541 2405 3610 2459 de
3641 2403 3804 2459 illius

2153 2509 2292 2548 nece
2320 2492 2518 2548 statim
2551 2493 2812 2550 recessit.
2847 2493 2902 2548 Is
2931 2510 3068 2550 vero
3098 2509 3234 2549 cum
3266 2492 3567 2565 paulisper
3611 2493 3806 2549 adhuc

2153 2581 2280 2638 sine
2331 2599 2468 2638 voce
2505 2582 2818 2655 jacuisset,
2852 2584 3066 2654 rejecta
3115 2600 3216 2656 per
3261 2600 3328 2639 os
3359 2582 3527 2656 nigra
3559 2583 3814 2655 quadam

2152 2671 2416 2740 materia,
2435 2671 2710 2743 spiritum
2741 2672 2959 2728 emisit.
3001 2673 3284 2744 Regnavit
3332 2689 3520 2728 annos
3553 2672 3812 2743 quinque

2155 2776 2289 2816 cum
2322 2759 2588 2830 dimidio,
2621 2761 2695 2816 ab
2733 2762 2972 2818 ineunte
3002 2765 3167 2817 aetate
3192 2761 3252 2817 in
3283 2761 3495 2818 litteris
3527 2761 3810 2829 eraditus,

2155 2854 2212 2906 et
2241 2849 2438 2905 Graeca
2486 2850 2754 2907 doctrina
2809 2850 3142 2919 institutus,
3193 2850 3508 2924 legumque
3551 2850 3809 2906 civilium

2158 2956 2273 2995 non
2306 2939 2570 3012 ignarus.
2602 2939 2776 2996 Plura
2804 2943 3004 2996 tamen
3036 2939 3275 2997 omnino
3327 2957 3389 2998 se
3428 2940 3582 2996 scire
3625 2955 3806 3011 quam

2157 3028 2380 3085 sciebat
2399 3034 2457 3084 et
2481 3031 2727 3099 putabat
2749 3034 2806 3085 et
2829 3029 3204 3101 gloriabatur.

383 3118 561 3182 οὕτως
613 3117 813 3182 ἐκεῖθεν
848 3119 1049 3174 ἄπνοῦν
1082 3118 1416 3192 ἀνιμηθῆναι
1471 3116 1690 3195 σχεδὸν,
1747 3117 1837 3173 καὶ
1894 3115 2252 3186 ἀνακλιθῆναι
2282 3115 2420 3191 πρὸς
2447 3116 2546 3185 τὴν
2582 3118 2895 3192 στρωμνήν.
2939 3120 3085 3193 Θροῦ
3130 3114 3177 3172 δ’
3224 3114 3312 3172 ἐπὶ
3359 3115 3536 3190 τούτῳ
3567 3109 3810 3190 συμϐάν-

376 3227 504 3278 τος,
551 3205 805 3283 παρῆλθε
854 3206 1010 3277 καὶὴ
1048 3206 1287 3284 βασιλὶς,
1345 3209 1419 3271 ὡς
1479 3205 1546 3280 δή
1577 3211 1739 3280 τιτῷ
1766 3205 1923 3262 πάθει
1951 3205 2391 3276 ἐπιστενάζουσα,
2421 3206 2510 3259 καὶ
2552 3204 3043 3283 πλήροφορηῦεῖσα
3092 3209 3189 3260 105
3241 3203 3511 3281 βασιλέως
3570 3205 3670 3274 τὴν
3720 3225 3808 3260 τε·

383 3295 614 3366 λευτὴν,
647 3293 892 3366 ἀπῆλθεν
923 3295 1101 3361 εὐθύς.
1133 3298 1194 3355 Ὀ
1224 3295 1301 3370 δὲ,
1340 3297 1519 3374 βραχύ
1542 3319 1595 3353 τι
1628 3292 1875 3359 ἐπιϐιοὺς
1934 3292 2181 3364 ἄναυδος,
2242 3295 2354 3350 εἶτα
2390 3294 2479 3349 καὶ
2514 3292 2842 3369 μελάντερόν
2871 3315 2924 3348 τι
2952 3295 3238 3370 ἀναγαγὼν
3269 3292 3357 3349 διὰ
3384 3298 3480 3348 105
3511 3293 3806 3368 στόματος,

380 3387 565 3466 ἀφῆκε
591 3387 655 3441 τὸ
695 3390 930 3460 πνεῦμα,
981 3381 1074 3458 ἔτη
1139 3385 1465 3462 βασιλεύσας
1515 3388 1674 3443 πέντε
1727 3387 1867 3462 πρὸς
1917 3391 1999 3458 τῷ
2046 3382 2256 3458 ἡμίσει.
2315 3381 2500 3460 λόγοις
2551 3385 2644 3458 μὲν
2708 3384 2983 3462 ἐντραφεὶς
3034 3387 3133 3458 (9),
3190 3383 3526 3454 Ἑλληνικῆς
3575 3403 3635 3438 τε
3681 3403 3812 3438 παι-

379 3473 532 3538 δείας
589 3477 968 3552 μετεσχηκὼς,
999 3477 1092 3532 καὶ
1116 3481 1225 3534 τῶν
1282 3483 1383 3548 τῆς
1430 3475 1710 3541 πολιτείας
1733 3477 1922 3551 νόμων
1957 3475 2056 3532 οὐκ
2080 3472 2276 3547 ἀδαὴς,
2306 3472 2481 3530 πλείω
2514 3471 2560 3529 δ’
2590 3471 2804 3544 εἰδέναι,
2837 3475 2909 3530 ὧν
2940 3470 3063 3549 ᾔδει
3094 3474 3170 3538 ὡς
3199 3472 3439 3547 ἀληθῶς,
3473 3471 3725 3547 οἷόμενύς
3752 3493 3811 3528 τε

376 3565 474 3622 καὶ
512 3565 931 3640 σεμνυνόμενος.

463 3656 566 3714 ῙΔ’.
595 3658 798 3712 Τοῦτον
831 3655 925 3730 μὲν
968 3653 1060 3711 οὗν
1102 3661 1348 3712 τοιοῦτον
1398 3654 1716 3728 κανειλήφει
1761 3657 1823 3711 τὸ
1871 3657 2042 3732 τέρμα

2229 3655 2374 3712 Χιν.
2409 3657 2530 3722 Quo
2561 3655 2719 3712 hunc
2739 3656 2864 3711 vitae
2897 3656 3120 3713 exitum
3180 3655 3408 3726 sortito,
3464 3653 3812 3727 imperatrix

377 3749 488 3814 τῆς
524 3743 734 3818 βιοτῆς.
766 3744 827 3800 Ἡ
860 3740 919 3798 δὲ
970 3743 1184 3820 βασιλὶς
1230 3743 1336 3816 ὅλη
1368 3750 1465 3801 τοῦ
1493 3747 1584 3802 τὸν
1616 3743 1847 3821 Μιχαὴλ
1879 3744 2042 3820 ἐγκα-

2153 3749 2277 3802 tota
2307 3746 2366 3801 in
2399 3762 2464 3802 eo
2495 3747 2608 3802 fuit
2643 3749 2708 3803 ut
2740 3745 3080 3803 Michaelem
3111 3745 3173 3801 in
3204 3745 3362 3818 regio
3420 3743 3567 3802 solio
3623 3743 3806 3800 collo-

383 3829 640 3905 θιδρῦσαι
687 3836 767 3905 τῷ
821 3831 1000 3907 θρόνῳ
1036 3840 1138 3904 τῆς
1192 3832 1467 3909 βασιλείας
1515 3835 1748 3911 ἐγίνετο,
1797 3834 1886 3890 καὶ
1930 3839 2040 3890 τῶν

2153 3839 2330 3892 caret.
2358 3836 2635 3901 Quamvis
2665 3841 2865 3892 autem
2895 3835 3215 3892 familiares
3247 3836 3398 3906 ejus,
3439 3833 3669 3907 paterni
3720 3832 3803 3888 vi-

379 3921 517 3996 περί
545 3919 737 3991 αὐτὴν,
769 3925 877 3976 τῶν
909 3923 1178 3999 πατρῴων
1211 3921 1428 3995 δηλαδὴ
1463 3923 1804 4000 Θεραπόντων
1854 3923 2040 3996 αὐτῆς,

385 4004 641 4086 ἀναϐολῇ
697 4010 760 4065 τὸ
817 4017 1041 4088 πρᾶγμα
1098 4010 1283 4069 δοῦναι
1336 4014 1425 4068 καὶ
1457 4013 1641 4088 σκέψει
1700 4007 2042 4086 συμϐουλευ-

384 4099 582 4171 όντων,
643 4102 678 4170 ὴ
731 4097 789 4156 δὲ
846 4102 948 4158 οὐκ
985 4101 1262 4178 ἠνείχετο,
1316 4103 1744 4180 κατεπειγομὲνη
1775 4103 1910 4179 πρὸς
1939 4103 2039 4172 τὴν

386 4187 796 4266 τελισιουργίαν
854 4190 943 4245 καὶ
995 4192 1143 4265 παρὰ
1188 4196 1286 4247 105
1337 4191 1592 4265 ἐκτομίου
1641 4189 1890 4246 Ἰωάννου
1945 4195 2042 4246 105

395 4279 656 4356 συγγόνου
685 4284 784 4334 105
843 4280 1100 4358 Μιχαὴλ,
1152 4279 1328 4358 λάθρα
1377 4281 1514 4357 πρὸς
1563 4281 1728 4351 αὐτὴν
1775 4282 2040 4354 ὑποψιου-

385 4368 663 4444 ρίσαντος,
724 4369 801 4432 ὡς
859 4369 1248 4446 ’Λπολούμεθα
1305 4369 1497 4428 αὒτίκα
1530 4415 1545 4444 ,
1606 4370 1653 4426 εἰ
1707 4370 1886 4448 βραχύ
1935 4391 2041 4425 τινι

379 4463 564 4534 καιρῷ
617 4459 681 4515 τὸ
757 4459 1104 4536 ἀποτέλεσμα
1153 4459 1462 4535 Βραδυνεῖ.
1537 4456 1792 4516 Λαϐοὖσα
1859 4458 2041 4516 τοίνυν

382 4547 548 4612 εὐθὺς
595 4548 691 4606 τὸν
741 4549 1018 4626 Μιχαὴλ,
1093 4552 1180 4608 καὶ
1263 4551 1465 4622 στολὴν
1518 4550 1665 4626 αύτῷ
1715 4552 2038 4626 περιθεμένη

388 4637 694 4713 βασίλειον,
752 4637 1170 4716 καὶδιαδῄματι
1201 4643 1298 4714 τὴν
1349 4641 1554 4698 ἐκείνου
1608 4640 1851 4722 κεφαλὴν
1903 4641 2038 4712 αὐτὴ

384 4725 720 4800 ἀναδήσασα,
784 4729 873 4786 καὶ
924 4729 1011 4786 ἐπὶ
1068 4731 1248 4788 Θώκου
1309 4732 1597 4810 βασιλικοῦ
1655 4729 2040 4808 καθιδρύσασα,

381 4817 478 4873 καὶ
531 4818 668 4888 αύτὴ
726 4821 1228 4898 παρακαθισαμένη,
1282 4827 1412 4878 πᾶσι
1469 4828 1586 4888 τοῖς
1632 4821 1755 4878 τότε
1808 4827 2042 4899 παροῦσι

382 4908 479 4965 καὶ
541 4906 807 4988 εὐφημεῖν
863 4910 953 4966 καὶ
1005 4916 1328 4989 προσκυνεῖν
1387 4913 1748 4990 προετρέπετο
1783 4955 1795 4968 .
1867 4915 2042 4970 Ἔνιοι

383 4995 449 5054 δὶ
500 4998 591 5053 καὶ
647 4995 772 5055 τότε
827 4999 1018 5056 αὐτίκα
1064 5000 1257 5066 νυκτὸς
1330 5003 1432 5072 τὴν
1509 5002 1866 5080 ἰεροτελετίαν
1943 5003 2044 5073 τὴν

381 5087 633 5164 γαμικὴν
689 5086 772 5145 ἐπ’
829 5088 1018 5157 αὐτοῖς
1097 5092 1342 5168 γενέσθαι
1413 5091 1701 5168 ἱστόρησαν
1773 5095 1871 5148 τοῦ
1940 5113 2043 5148 πα-

2151 3925 2362 3982 delicet
2389 3925 2670 3992 ministri,
2729 3927 3046 3983 suaderent
3105 3931 3168 3982 ut
3237 3942 3398 3981 mora
3454 3923 3804 3996 interposita

2152 4015 2501 4070 deliberaret
2533 4015 2628 4070 :id
2648 4019 2962 4087 aspernata
2991 4014 3332 4084 consilium,
3365 4029 3488 4070 rem
3520 4014 3592 4069 ad
3622 4013 3800 4069 ﬁnem

2151 4104 2468 4177 perducere
2498 4104 2835 4172 festinabat,
2868 4105 3151 4161 incitante
3178 4103 3500 4176 praesertim
3541 4103 3805 4173 spadone

2149 4193 2375 4249 Joanne
2406 4193 2583 4249 fratre
2615 4192 2935 4264 Michaelis,
2969 4193 3069 4265 qui
3103 4193 3155 4248 ei
3186 4192 3334 4249 clam
3367 4191 3799 4262 insusurrarat;

2153 4281 2278 4338 Sese
2307 4298 2491 4338 omnes
2519 4285 2714 4340 statim
2738 4285 3040 4355 perituros,
3072 4284 3124 4338 .ςὶ
3173 4283 3364 4355 quain
3393 4283 3613 4351 negotio
3651 4297 3811 4338 mora

2151 4374 2616 4446 interponeretur.
2645 4374 2861 4432 Statim
2891 4374 3074 4447 igitur
3100 4372 3365 4430 Michaeli
3387 4376 3662 4429 ornatum
3718 4388 3809 4427 re-

2152 4463 2315 4536 gium
2339 4465 2758 4536 accommodat,
2816 4464 2990 4537 eique
3019 4463 3078 4519 in
3110 4463 3271 4536 regio
3298 4461 3469 4533 ﬁsolio
3525 4460 3809 4518 collocato

2152 4554 2422 4610 assidens
2480 4571 2684 4611 omnes
2736 4554 2837 4626 qui
2897 4555 3144 4611 aderant
3202 4554 3492 4624 hortatur,
3547 4554 3613 4608 ut
3669 4567 3806 4608 eum

2152 4645 2525 4702 consalutent
2580 4650 2637 4703 et
2683 4647 2943 4703 adorent.
3003 4645 3255 4712 Quidam
3303 4652 3576 4702 auctores
3639 4648 3804 4713 sunt,

2153 4735 2303 4792 235
2360 4735 2564 4792 eadem
2618 4739 2786 4793 nocte
2831 4753 3068 4792 sacrum
3125 4734 3390 4808 nuptiale
3463 4737 3797 4807 peractum,

2152 4823 2350 4882 Alexio
2383 4826 2714 4898 patriarcha
2742 4825 2803 4882 in
2834 4825 3056 4899 regiam
3082 4825 3385 4896 accersito,
3445 4823 3548 4896 qui
3591 4825 3649 4879 et
3687 4825 3803 4877 Ro-

2154 4931 2398 4972 manum
2426 4919 2748 4973 mortuum.
2781 4920 2839 4972 et
2867 4915 3211 4973 Michaelem
3261 4913 3491 4986 imperii
3539 4910 3807 4983 auspicia

2156 5005 2349 5062 adhuc
2375 5011 2751 5080 peragentem
2775 5006 3083 5063 invenerit.
3126 5004 3435 5061 Enimvero
3469 5019 3534 5058 eo
3552 5001 3810 5058 facinore

2155 5095 2332 5153 etiam
2363 5096 2506 5155 foris
2533 5097 2916 5171 vulgato,tota
2935 5096 3144 5155 civitas
3161 5111 3376 5153 novum
3393 5093 3811 5166 imperatorem

1670 5268 1874 5335 Variae
1905 5269 2209 5333 lectiones
2238 5277 2302 5336 et
2329 5279 2519 5335 notae.

461 5395 775 5484 (φλόγας
817 5403 921 5484 μὶν
982 5401 1039 5459 εὖ
1093 5402 1362 5484 τραφείς.-
1405 5406 1634 5464 Psellns
1693 5405 2047 5484 inlaudata

381 5473 677 5554 Epistola'
700 5477 780 5554 ad
813 5473 1281 5554 Mopomacbyin,
1330 5479 1402 5535 de
1433 5487 1714 5554 Argynni
1750 5479 1929 5554 Λόγου
1988 5475 2046 5554 δὲ

529 5543 774 5626 παιδείας
826 5547 1084 5626 οὐδεμιᾷς
1143 5543 1375 5626 ἅμοὶρρς
1409 5543 1730 5626 ,ᾖνῖτάλλά
1781 5543 1856 5626 Tit.
1887 5551 2043 5626 “999

379 5619 556 5699 1a5_1a
612 5615 713 5699 ἔξει
764 5625 884 5699 τοῖς
940 5615 1192 5699 ⁸ζὶρώτοιςξ
1238 5615 1566 5699 ἐιράμ-ιλλος.
1605 5625 1764 5699 Infra
1791 5615 1958 5699 z'i'Ev'
1987 5620 2045 5678 δὲ

383 5691 613 5786 Δἕρῶτξν
656 5690 810 5786 ἔργον
854 5690 1060 5786 ἐκείνου
1106 5691 1198 5786 καὶ
1231 5690 1573 5786 σπούδασμαι,
1631 5695 1779 5786 λύειν
1837 5696 1906 5786 τά
1944 5701 2045 5765 τῆς

385 5764 611 5840 Γραφῆς
672 5764 870 5843 ἄπορα,
943 5765 1030 5823 καὶ
1112 5765 1204 5822 τὸν
1285 5764 1660 5846 κεκρυμμένον
1729 5764 2043 5845 ἀνυρύττειν

2153 5409 2303 5482 vo_5v,
2335 5408 2426 5482 καὶ
2452 5407 2544 5482 τὸν
2577 5407 2776 5482 σκοπὸν
2803 5403 3142 5482 ,ἀνευρίσκειν
3173 5409 3271 5482 105
3303 5403 3619 5482 αἰνίγματος
3644 5421 3658 5434 °
3691 5401 3812 5482 ’ὸρεν

2156 5477 2480 5557 φιλοσόφοις
2504 5478 2700 5557 ⁸ὁμίλει
2727 5480 2821 5557 καξ
2850 5477 3223 5557 ῥήτορσιικαὶ
3253 5479 3376 5557 περὶ
3406 5477 3630 5557 τούτων.
3673 5479 3814 5548 μᾶλ-

2155 5548 2252 5607 λον
2285 5548 2602 5623 ἐσπουοάκει
2633 5552 2669 5622 ἢ
2700 5554 2768 5606 τὰ
2797 5548 3059 5623 δημόσια.
3087 5548 3252 5623 idem
3285 5548 3388 5608 li'b.
3421 5568 3487 5623 nr
3507 5551 3810 5623 Hist:_lps.

2153 5625 2254 5681 Ἦν
2300 5626 2393 5699 μὲν
2427 5622 2517 5699 οὗν
2551 5625 2578 5679 6
2600 5615 2742 5699 ἀνὴρ
2773 5615 3082 5699 καῖ’λόγοις
3114 5621 3579 5699 ἰπιτιθραμμξνος
3606 5615 3814 5699 [Ελλη-

2158 5637 2254 5681 Ἠν
2300 5637 2393 5699 μὲν
2427 5637 2517 5679 ούν
2551 5637 2578 5679 ο
2605 5637 2742 5699 ἀνὴρ
2773 5637 2862 5678 καί
2896 5637 3082 5698 Αογοις
3114 5637 3577 5710 επιτιυραμμενος
3605 5637 3805 5744 ζωλὲ-

2151 5703 2348 5772 νικοῖς,
2378 5697 2467 5772 καὶ
2493 5695 2738 5759 παιδείας
2774 5694 3128 5772 μετεσχηκὼς
3171 5692 3271 5766 ὅση
3299 5715 3417 5758 τοις
3451 5695 3674 5753 Ἰταλων
3709 5687 3742 5744 λ
3783 5718 3805 5732 -

2152 5789 2272 5846 γοις
2301 5769 2586 5844 ἐξήρτητο.
