4142 6364
343 375 458 438 I83

1678 377 1814 437 JOA
1829 377 1931 436 NN
1940 375 2009 436 IS
2053 378 2395 439 ΖΟΝΑΗΕ

3644 383 3766 444 184

343 505 984 579 consalutavit,partim
1013 506 1150 562 huic
1177 506 1828 580 gratiﬁeantes,partim
1852 506 1990 579 leti,

2112 507 2375 584 τριάρχου
2436 507 2684 579 Ἀλεξίου
2737 508 3071 586 ἀφικομένου
3145 510 3281 585 πρὸς
3337 510 3404 564 τὰ
3469 507 3721 586 βασίλεια
3751 555 3766 580 ,

346 598 446 668 qui
477 597 735 652 defuncti
769 598 904 652 odio
937 596 1169 653 liberati
1201 602 1416 654 essent.
1451 597 1798 667 Imperatrix
1825 614 1995 669 porro

345 701 480 741 cum
511 703 575 742 se
605 703 785 758 quam
818 687 1144 742 rectissime
1175 687 1288 743 sibi
1325 685 1996 758 prospexisse,omnique

343 779 630 846 potestate
661 775 720 830 in
753 792 816 830 se
846 775 1507 844 translata,Michaelem
1567 775 1818 832 ministri
1871 775 1994 832 vice

342 864 688 921 habiturum
720 869 972 938 putaret,
1006 865 1279 938 opinione
1309 883 1417 921 sua
1447 866 1689 938 decepta
1711 869 1819 922 est.
1846 865 1994 921 Nam

345 955 418 1010 ad
432 957 549 1010 tem
558 954 778 1028 pusille
797 955 1034 1028 quidem
1049 954 1364 1028 pristinum
1389 971 1650 1012 amorem
1682 954 1995 1020 simulans,

346 1052 646 1124 obsequiis
689 1053 999 1110 mulierem
1031 1053 1385 1120 demulcere,
1427 1070 1612 1126 eaque
1644 1055 1832 1110 facere
1869 1070 1995 1126 quae

343 1142 430 1198 illi
461 1147 629 1215 grata
657 1147 713 1199 et
734 1143 1003 1215 jucunda
1023 1151 1239 1199 essent.
1263 1143 1373 1198 Sed
1399 1159 1532 1198 cum
1565 1143 1996 1198 simulationem

344 1231 580 1304 longius
637 1234 957 1304 producere
1005 1250 1121 1288 non
1155 1236 1377 1304 posset,
1439 1233 1681 1288 mutatis
1735 1233 1998 1288 moribus

347 1337 475 1377 eam
506 1325 840 1394 suspectam
877 1322 1110 1377 habere:
1131 1309 1357 1393 sibique
1389 1326 1658 1378 metuens
1689 1322 1998 1393 primarios

347 1410 508 1467 illius
542 1413 846 1468 ministros
877 1413 1039 1484 regia
1063 1411 1294 1483 ejicere,
1349 1413 1580 1468 ancillis
1629 1412 1769 1468 item
1828 1413 1999 1468 fami-

345 1499 591 1557 liaribus
613 1503 848 1571 amotis,
873 1501 1020 1557 alias
1051 1502 1412 1557 substituere
1445 1518 1458 1556 :
1497 1502 1750 1573 denique
1807 1518 2003 1574 gynae-

347 1589 667 1646 conitidem
690 1589 1379 1663 claudere,custodiaque
1399 1591 1682 1659 adhibita,
1705 1609 1739 1646 a
1770 1591 2003 1646 nemine

348 1679 511 1736 illam
543 1680 691 1735 adiri
725 1680 940 1752 pati,ni
971 1680 1290 1735 satellitum
1314 1681 1582 1752 praefecto
1613 1680 2001 1752 exposuisset,

351 1769 508 1824 unde
537 1773 594 1824 et
623 1769 692 1824 ad
708 1767 849 1841 quid
875 1768 1270 1824 veniret.Nam
1285 1774 1341 1824 et
1370 1775 1578 1842 suopte
1609 1768 1872 1841 exemplo
1887 1773 2002 1824 ter-

2103 597 2190 652 καὶ
2237 599 2327 652 τὸν
2394 599 2486 671 μὶν
2539 598 2816 671 Ῥωμανὸν
2868 603 3137 662 τεθνεῶτα
3188 592 3614 668 καταλαϐόντος,
3660 601 3764 654 τὸν

2106 683 2162 740 δὲ.
2219 708 2281 762 γε
2335 685 2571 763 Μιχαὴλ
2629 684 2706 742 ἔτι
2754 686 2821 741 τὰ
2860 686 2948 742 ἐπὶ
2996 691 3064 761 τῇ
3130 687 3378 764 βασιλείᾳ
3407 687 3766 761 τελούμενον.

2105 782 2246 855 ’Ήδη
2300 782 2358 840 δὶ
2405 785 2495 840 καὶ
2552 791 2671 848 τοῖς
2732 783 2832 856 ἔξω
2893 783 3238 850 διαδοθέντος
3283 789 3382 840 τοῦ
3439 787 3765 861 γεγονότος.

2104 875 2193 929 καὶ
2225 881 2368 930 πᾶσα
2397 877 2431 945 ἡ
2493 872 2656 938 πόλις
2700 876 2793 930 τὸν
2845 879 2963 930 νέον
3007 875 3332 952 ἀνηγόρευεν
3364 874 3772 952 αὐτοκράτορα,

2103 964 2166 1019 τὸ
2228 964 2322 1037 μὶν
2383 964 2531 1038 αύτῷ
2588 964 2965 1040 χαριζόμενοι,
3025 964 3088 1019 τὸ
3139 961 3186 1018 δ’
3247 962 3330 1020 ὅτι
3382 965 3473 1020 τὸν
3535 963 3773 1020 ἀπιόντα

2108 1052 2534 1131 ἆπεφορτίσαντο
2593 1054 2904 1130 χαίροντες.
2940 1055 3002 1110 Ἥ
3059 1055 3153 1127 μὲν
3214 1051 3305 1108 οὖν
3357 1051 3575 1130 βασιλὶς
3622 1050 3772 1128 ᾤετο

2112 1142 2504 1219 βουλεύσασθαι
2546 1139 2756 1216 ἄριστα,
2817 1143 2906 1198 καὶ
2939 1142 3102 1216 ὶαυτῇ
3132 1143 3251 1212 τὴν.
3287 1149 3461 1198 πᾶσαν
3520 1141 3773 1214 ἐξουσίαν

2107 1234 2598 1307 περιποιήσασθαι,
2671 1232 2752 1287 κνὶ
2808 1233 2898 1288 τὸν
2959 1230 3192 1308 Μιχαὴλ
3253 1232 3528 1306 ὑπηρέτην
3590 1227 3772 1306 ἕξειν·

2106 1323 2168 1376 τὸ
2201 1319 2265 1376 δά
2293 1327 2348 1377 τῖ
2406 1321 2640 1398 ἑτεροῖον
2697 1316 3029 1396 συμϐέϐηκε.
3087 1323 3272 1397 Μεχρι
3307 1322 3402 1396 μὶν
3455 1322 3558 1396 γάρ
3615 1343 3776 1386 τινος

2111 1411 2511 1487 ὲσχηματίζετο
2564 1417 2748 1488 τηρεῖν
2807 1412 2906 1482 τὴν
2957 1409 3093 1487 πρὸς
3150 1411 3242 1465 τὸν
3294 1407 3550 1485 βασιλίδα
3597 1408 3782 1476 διάθε-

2109 1521 2215 1571 σιν,
2267 1500 2355 1556 καὶ
2410 1499 2578 1575 ταύτῃ
2632 1500 2974 1577 χαρίζεσθαι,
3033 1501 3124 1554 καὶ
3191 1500 3257 1553 τὰ
3297 1499 3475 1575 ἐκείνῃ
3537 1501 3772 1576 θυμήρη

2111 1595 2306 1662 ποιεῖν,
2340 1590 2453 1645 εἶτα
2504 1590 2606 1644 οὐκ
2637 1589 2712 1652 είς
2764 1589 2971 1666 μακρὰν
3024 1589 3256 1644 ἐκτεῖται
3307 1589 3406 1659 τὴε
3451 1587 3778 1665 προσποίη-

2113 1700 2192 1734 σιν
2283 1679 2674 1756 ἀνασχόμενος,
2756 1678 3226 1754 μεθαρμόττεται,
3301 1678 3391 1733 καὶ
3477 1677 3780 1734 ὑποπτεύει

2112 1768 2304 1838 αὐτὴν,
2357 1769 2447 1824 καὶ
2505 1766 2683 1831 δείσας
2738 1767 2862 1842 περὶ
2917 1769 3111 1840 ἑαυτῷ,
3176 1767 3456 1842 μεθίστησι
3514 1767 3608 1842 μὲν
3653 1772 3774 1824 τῶν

352 1858 680 1930 rebatur,et
708 1859 907 1914 fratris
941 1858 1185 1914 Joannis
1220 1859 1501 1931 spadonis
1532 1858 1794 1932 impulsu
1815 1859 2001 1931 potis-

2119 1855 2408 1935 βασιλείων
2469 1858 2597 1923 τοὺς
2655 1857 2908 1932 ἅκτομίας
2965 1879 3090 1919 τους
3147 1857 3316 1923 αὐτῆς
3369 1857 3630 1933 παρῲους
3688 1869 3780 1922 θε-

352 1947 573 2004 simum
603 1946 662 2001 id
696 1948 882 2004 facere
913 1947 1249 2018 putabatur.
1285 1948 1390 2014 Qui
1424 1949 1820 2020 spado;homo
1855 1952 2002 2016 erat

2115 1947 2403 2024 ράποντας,
2436 1947 2525 2002 καὶ
2580 1948 2676 2010 τὰς
2732 1947 2868 2022 αὐτῇ
2911 1948 3162 2018 συνήθεις
3212 1947 3541 2023 θεραπαίνας
3594 1946 3777 2016 αὐτῆς

352 2040 563 2092 acutus
590 2039 648 2091 et
678 2053 828 2103 acer,
859 2037 1243 2109 obscureque
1299 2037 1556 2110 ingenio,
1616 2039 1813 2094 varius
1866 2054 2005 2110 erga

349 2141 449 2182 eos
471 2125 829 2196 quibuscum
861 2127 1087 2198 agebat,
1127 2133 1457 2199 promptus,
1517 2128 1672 2184 mole
1725 2145 2002 2183 curarum

347 2214 703 2284 indefessus,
764 2231 954 2286 neque
1017 2215 1209 2288 epulis
1285 2232 1477 2288 neque
1532 2217 1666 2274 vino
1744 2217 2000 2273 deditus.

347 2311 600 2367 Proinde
633 2310 780 2367 nihil
841 2313 912 2367 de
957 2312 1294 2384 reipublicae
1341 2314 1608 2386 gerendis
1666 2316 1862 2370 studio
1911 2333 1999 2371 re-

347 2400 636 2457 mittebat.
660 2403 739 2456 Αο
771 2400 1164 2472 imperutricis
1195 2401 1290 2457 hic
1349 2408 1539 2459 status
1571 2403 1700 2459 fuit.
1758 2404 2001 2461 Michael

344 2505 479 2544 vero
512 2491 917 2545 communium
950 2507 1146 2546 rerum
1179 2508 1323 2546 cura
1352 2499 1646 2564 suscepta,
1679 2509 1814 2548 cum
1847 2510 2000 2548 mor,

347 2577 458 2634 bus
488 2579 618 2650 ejus
648 2578 1099 2650 ingravesceret,
1133 2597 1305 2650 quem
1359 2579 1456 2636 alii
1514 2581 1830 2637 vindictam
1882 2583 2000 2638 Nu-

352 2667 533 2724 minis
564 2667 770 2724 oﬂ'ensi
804 2669 1063 2740 perjurio
1116 2671 1678 2742 interpretabantur,
1711 2687 1827 2743 quo
1887 2689 2003 2728 non

349 2773 521 2813 secus
551 2761 728 2830 atque
758 2755 899 2813 olim
930 2757 1069 2814 Saul
1098 2758 1562 2830 angebatur,alii
1593 2761 1915 2816 amentiam
1947 2765 2006 2817 et

351 2845 651 2902 insaniam
692 2863 706 2902 :
739 2847 800 2903 in
830 2847 1119 2903 Joannem
1169 2849 1492 2920 spadonem
1535 2851 1718 2906 totius
1770 2850 2003 2923 imperii

353 2934 704 3006 gubernatio
735 2936 1026 3006 incubuit,
1060 2953 1194 2993 cum
1219 2937 1458 3009 quidem
1491 2938 1758 2994 monachi
1781 2945 2002 2996 vestem

347 3024 476 3094 jam
509 3023 647 3080 olim
679 3026 1059 3098 sumpsisset,
1113 3027 1213 3082 sed
1275 3026 1481 3082 habitu
1519 3028 1804 3084 duntaxat
1858 3029 2004 3086 illud

354 3112 488 3168 vitae
543 3129 730 3186 genus
788 3115 1179 3186 profiteretur.
1228 3115 1530 3173 Enimvere
1586 3120 2007 3176 Constantinus

349 3200 715 3259 Dalassenus
748 3205 1053 3276 patricius,
1089 3205 1248 3260 domi
1280 3205 1519 3277 degens,
1554 3223 1689 3262 cum
1748 3208 1819 3262 de
1857 3225 2004 3264 novo

2113 2035 2350 2114 διαιρεῖ,
2414 2035 2596 2113 ἑτέρας
2666 2035 2711 2092 δ’
2762 2037 2898 2111 αὐτῇ
2960 2036 3095 2113 πρὸς
3152 2035 3436 2111 θεραπείαν
3497 2035 3782 2090 ἀντικαθίο

2113 2147 2292 2197 στησι.
2325 2126 2428 2184 Καὶ
2459 2125 2546 2181 ἐπὶ
2592 2125 2810 2188 τούτοις
2857 2126 2956 2194 τήν
3011 2130 3393 2200 γυναικωνῖτιν
3453 2124 3590 2199 αὐτῇ
3640 2125 3786 2181 ἀπο-

2111 2216 2396 2295 φράγνυσι,
2445 2213 2535 2271 καὶ
2575 2214 2812 2292 φρουρὰν
2863 2213 3193 2290 περιίστησι,
3237 2215 3326 2268 καὶ
3383 2211 3565 2269 οὐδενὶ
3595 2233 3782 2290 προσ-

2112 2307 2247 2362 ιὲναι
2301 2307 2470 2380 ταύτῃ
2528 2302 2995 2380 παρακδχώρητο,
3026 2304 3072 2358 εἰ
3124 2306 3200 2378 μὴ
3245 2304 3336 2358 τὸν
3388 2303 3690 2378 προσιόντα
3753 2305 3782 2358 6

2111 2395 2462 2474 φρούραρχος
2508 2395 2882 2465 κατεξήτασεν,
2943 2394 3066 2458 ἀθεν
3123 2393 3274 2463 ἥκοι,
3323 2394 3414 2447 καὶ
3465 2393 3611 2455 τίνος
3643 2390 3779 2448 δεό·

2115 2505 2273 2559 μενος
2321 2484 2703 2559 παραγένοιτο.
2760 2480 2988 2537 Ἐδεδίει
3047 2483 3148 2557 γὰρ
3207 2479 3418 2546 ο¹ίκοθεν
3480 2477 3624 2557 ἔχων
3675 2485 3784 2536 τοῦ

2113 2572 2268 2636 δὲους
2324 2573 2419 2636 τὰς
2474 2572 2744 2650 ἀφορμάς.
2803 2572 2898 2634 Εἷς
2925 2577 3093 2627 ταῦτα
3149 2569 3197 2626 δ’
3228 2571 3504 2647 ἑνάγεσθαι
3534 2569 3713 2626 πλέον
3753 2572 3781 2626 ὁ

2111 2661 2342 2741 Μιχαὴλ
2387 2661 2600 2738 λίγεται
2659 2663 2806 2737 παρὰ
2851 2666 2949 2716 τοῦ
2993 2661 3259 2737 συγγόνου
3299 2660 3463 2714 αὐτοῦ
3514 2661 3785 2716 Ἰωάννου

2107 2759 2206 2809 τοῦ
2266 2752 2544 2827 ὲκτομίου.
2576 2755 2684 2828 Ἠγ
2733 2751 2836 2826 γὰρ
2887 2749 3060 2815 δεινὸς
3091 2753 3118 2806 ὁ
3163 2749 3449 2826 ἅνθρωπος
3499 2751 3590 2806 καὶ
3641 2748 3786 2825 δρα-

2110 2845 2359 2919 στήριος,
2408 2843 2499 2898 καὶ
2537 2841 2602 2897 τὸ
2641 2841 2775 2910 ἦθος
2834 2841 3274 2913 ὑποκαθήμενος,
3321 2839 3412 2894 καὶ
3459 2859 3594 2914 προς
3643 2839 3785 2903 τοὺς

2112 2931 2539 3009 ἐντυγχάνοντας
2597 2927 3076 3000 ποικιλλόμενος,
3136 2929 3515 3004 περισπερχής
3573 2949 3633 2982 τε
3679 2928 3784 2983 καὶ

2111 3022 2250 3098 πρὸς
2298 3017 2598 3100 φροντίδων
2660 3015 2821 3094 ὄγκον
2881 3019 3182 3090 ἀκάματος,
3239 3016 3329 3072 καὶ
3380 3014 3506 3071 οὐδὲ
3561 3037 3794 3093 γαστρι-

2111 3111 2362 3186 τόμενος,
2416 3108 2543 3165 οὐδὲ
2585 3107 2712 3183 περὶ
2761 3107 2851 3162 τὸν
2898 3105 3130 3182 ἄκρατον
3163 3104 3582 3181 λιχνευόμεοος,
3646 3104 3786 3162 ούδὶ

2117 3201 2437 3274 ἡττώμενος
2470 3196 2642 3268 οἷ’νου,
2683 3203 2786 3266 τῆς
2839 3195 2964 3270 περὶ
3015 3196 3111 3258 τὰς
3161 3192 3428 3268 δημοσίας
3474 3193 3786 3266 διοικήσεις

352 3291 708 3363 imperatore
739 3293 1079 3363 audivisret,
1107 3293 1527 3366 indignabatur
1565 3313 1862 3351 summam
1911 3314 2002 3352 re-

2117 3267 2362 3366 καθυιρίει
2415 3267 2680 3356 σπουδῆς·
2711 3286 2786 3340 Τὰ
2837 3267 2931 3358 μὶν
2978 3285 3070 3340 οὗν
3123 3267 3247 3360 περῖ
3295 3285 3395 3354 τὴν
3456 3283 3790 3359 βασίλισσαν

349 3397 484 3437 rum
515 3383 588 3437 ad
618 3383 794 3439 talem
845 3383 1147 3440 hominem
1197 3399 1327 3440 esse
1384 3385 1740 3442 devolutam.
1791 3389 2006 3456 {Quare

350 3469 597 3525 Michael
627 3487 760 3526 cum
785 3471 910 3527 suis
964 3472 1343 3528 vehementer
1399 3476 1778 3545 perturbatus
1843 3493 2007 3532 vere-

351 3559 530 3614 batur
583 3576 656 3616 ne
696 3562 1048 3617 Delassenus
1105 3578 1353 3634 regnum
1412 3564 1723 3620 atl‘ectaret.
1805 3565 2008 3637 Itaque

351 3647 608 3703 Joannes
637 3651 951 3720 quemdam
985 3651 1179 3718 mititt,
1213 3653 1719 3725 quijurejurando
1750 3655 2008 3711 afﬁrma-

356 3741 448 3793 ret
476 3737 622 3792 nihil
652 3737 704 3793 ei
733 3740 1117 3796 metuendum
1149 3758 1278 3797 esse
1311 3741 1470 3810 mali,
1501 3743 1744 3816 viroque
1765 3761 2010 3816 persua-

359 3827 526 3882 deret
553 3831 619 3881 ut
639 3827 1056 3899 imperatorem
1107 3831 1463 3888 conveniret.
1523 3834 1678 3890 280
1709 3834 1817 3898 Qui
1874 3851 2010 3890 eum

357 3915 635 3987 venisset,
695 3917 767 3972 ab
825 3917 1176 3990 imperatore
1229 3920 1482 3994 benigne
1553 3928 1886 3996 susceptus,
1947 3940 2014 3980 ac

358 4005 707 4062 muneribus
755 4011 812 4062 et
844 4008 1134 4080 dignitate
1191 4015 1425 4082 auctus,
1485 4013 1545 4068 in
1601 4014 1746 4069 urbe
1804 4015 2014 4087 degere

349 4095 559 4166 jussus
590 4099 699 4151 est.
734 4096 964 4154 Nicetes
1005 4115 1138 4156 vero
1199 4099 1576 4174 imperatoris
1634 4105 1833 4173 frater,
1891 4105 2013 4160 dux

359 4183 653 4257 Daphnea;
694 4188 1016 4244 Antiochiae
1049 4189 1415 4263 designatus,
1443 4210 1557 4249 non
1592 4199 1680 4250 est
1709 4194 1770 4248 in
1802 4195 2009 4250 urbem

355 4281 428 4338 ab
450 4284 831 4341 Antiochenis
853 4286 1173 4344 admissus.
1207 4288 1354 4344 Nam
1415 4291 1787 4362 publicorum
1835 4292 2010 4347 vecti-

350 4369 572 4442 galium
607 4378 893 4442 exactore,
929 4391 962 4430 a
990 4391 1106 4445 quo
1136 4393 1198 4432 se
1237 4377 1446 4433 durius
1497 4383 1778 4435 tractatos
1839 4385 2008 4451 puta-

351 4458 520 4525 bant,
551 4459 880 4530 interfecto,
936 4463 1106 4518 veriti
1165 4479 1238 4519 ne
1293 4466 1422 4536 ejus
1473 4467 1750 4522 iacinoris
1806 4485 2009 4538 pcenas

352 4547 580 4618 darent,
615 4554 812 4620 portas
845 4551 896 4607 ei
945 4551 1314 4608 clauserant:
1381 4572 1486 4610 nec
1520 4557 1683 4627 prius
1722 4557 2010 4613 admisere

2115 3378 2445 3452 ᾠκονόμητο
2505 3375 2722 3431 οὑτωσί·
2783 3376 2812 3432 ὁ
2869 3372 2927 3429 δι
2982 3372 3212 3450 Μιχαὴλ
3265 3380 3364 3443 τῆς
3414 3377 3522 3428 τῶν
3581 3379 3792 3429 κοινῶν

2114 3477 2455 3554 πραγμάτων
2505 3473 2824 3546 οἰκονομίας
2856 3472 3162 3548 ἀντείχετο·
3211 3473 3326 3526 εἶτα
3365 3475 3443 3543 τῷ
3477 3471 3570 3544 μὶν
3621 3469 3790 3547 ἐκρα-

2115 3571 2338 3621 ταιοῦτο
2369 3567 2404 3635 ἡ
2437 3564 2614 3632 νόσος,
2648 3564 2708 3632 ἣν
2743 3562 2795 3618 οἱ
2849 3562 2944 3634 μὲν
2979 3559 3206 3616 ἐκάλουν
3241 3557 3522 3634 δαιμόνιον
3559 3562 3787 3632 μήνιμα

2119 3653 2212 3711 διὰ
2265 3656 2366 3725 τὴν
2420 3651 2700 3729 ἐπιορκίαν
2758 3650 3028 3725 ἐνσκῆψαν
3090 3649 3275 3722 αὐτῷ,
3324 3649 3414 3704 καὶ
3475 3649 3782 3725 συμπνίγον

2117 3747 2209 3800 τὸν
2239 3742 2547 3820 ἄνθρωπον,
2602 3742 2677 3803 ὡς
2707 3740 2878 3795 πάλαι
2910 3737 2977 3807 δὴ
3008 3739 3099 3793 τὸν
3135 3737 3338 3794 Σαοὺλ.
3392 3738 3444 3792 οἱ
3491 3735 3548 3791 δὲ
3583 3737 3782 3810 μανίαν

2118 3855 2179 3889 τε
2206 3832 2296 3888 καὶ
2327 3831 2666 3907 παραφορὰν·
2701 3830 2729 3884 6
2776 3826 2822 3883 δ’
2872 3827 3131 3902 ἐκτομίας
3194 3826 3453 3898 Ἰωάννης
3477 3827 3578 3894 τήν
3637 3825 3782 3897 ὅλην

2123 3920 2400 3995 ἀνεδέξατο
2478 3927 2578 3990 τῆς
2669 3915 2949 3995 βασιλείας
3033 3913 3389 3994 κυϐέρνησιν,
3474 3915 3783 3991 μοναχικὸν

2126 4014 2220 4087 μὶν
2275 4008 2480 4082 ἔνδυμα
2533 4007 2704 4064 πάλαι
2765 4007 3200 4082 ἀμφιασάμενος,
3259 4011 3422 4061 τοῦτο
3480 4003 3539 4060 δὲ
3593 4009 3774 4078 τηρῶν

2121 4103 2254 4179 ἄχρι
2316 4097 2486 4174 μόνου
2540 4098 2638 4153 τοῦ
2671 4099 2982 4173 σχήματος.
3046 4103 3449 4160 Κωνσταντῖνος
3480 4092 3539 4150 δὲ
3585 4091 3772 4169 πατρί·-

2119 4215 2239 4256 κιος
2288 4195 2315 4248 6
2365 4190 2734 4259 Δαλασσηνὸς,
2783 4187 2927 4244 οἷ’κοι
2983 4183 3300 4265 διατρίϐων,
3353 4185 3444 4242 καὶ
3497 4187 3624 4260 περὶ
3678 4187 3778 4239 τοῦ

2117 4283 2238 4339 νὲου
2273 4280 2543 4358 βασιλέως
2571 4277 2901 4352 πυθόμενος,
2952 4274 3362 4353 δυσανασχετῶν
3415 4275 3506 4346 ἦν,
3566 4276 3649 4329 ὅτι
3702 4273 3781 4337 εἷς

2117 4369 2286 4447 ἄνδρα
2353 4373 2601 4424 τοιοῦτον
2685 4370 2720 4438 ἡ
2806 4365 3060 4443 βασιλεία
3129 4367 3388 4442 περιέστη
3467 4361 3780 4437 Ῥωμαίων.

2119 4473 2298 4526 Τοῦτο
2354 4461 2589 4543 θορύϐου
2645 4465 2774 4530 τοὺς
2849 4465 2974 4539 περῖ
3043 4465 3134 4520 τὸν
3196 4461 3425 4539 βασιλέα
3482 4461 3781 4535 ὲμέστωσε,

2118 4557 2453 4628 πτοηθέντας
2516 4555 2589 4628 μή
2653 4573 2787 4610 ποτε
2839 4555 2868 4610 6
2933 4551 3279 4624 Δαλασσηνὸς
3331 4549 3606 4627 τυραννίδι
3663 4549 3786 4605 ἰπί-

351 4652 529 4708 quam
555 4637 946 4710 jurejurando
977 4641 1386 4698 confirmasset
1428 4645 1642 4701 credem
1703 4644 1867 4701 illam
1925 4647 2002 4702 eis

2119 4651 2314 4720 θηται.
2387 4648 2485 4703 Καὶ
2544 4645 2760 4702 στέλλει
2819 4646 2847 4700 6
2907 4645 3166 4715 Ἰωάννης
3211 4645 3304 4698 τὸν
3363 4645 3550 4719 ὅρκοις
3606 4641 3780 4698 αὐτὸν

352 4725 544 4782 fraudi
578 4745 694 4784 non
721 4730 1003 4785 futuram.
1038 4734 1258 4786 Verum
1311 4749 1377 4788 eo
1418 4734 1808 4806 jurejurando
1862 4735 2010 4792 nihil

349 4815 686 4889 deterritus,
735 4818 958 4874 multos
987 4820 1218 4892 occidit,
1265 4824 1702 4895 etquibusdam
1757 4825 2006 4898 insigni-

349 4904 462 4961 bus
520 4907 744 4964 civibus
802 4909 1039 4978 vinctis,
1097 4909 1156 4964 in
1208 4927 1486 4983 magnam
1532 4915 1738 4970 urbem
1781 4916 2004 4981 missis,

346 4995 514 5051 fratri
544 4996 758 5054 Joanni
789 4999 1030 5071 scripsit
1052 5016 1114 5055 se
1147 5000 1219 5056 ab
1248 5003 1626 5060 Antiochenis
1658 5005 1731 5060 ob
1761 5005 2007 5061 benevo-

341 5083 587 5143 lentiam
610 5105 820 5144 eorum
852 5105 991 5161 erga
1023 5089 1404 5150 Delassenum
1437 5093 1739 5151 exclusum
1797 5095 1999 5152 fuisse.

339 5181 490 5238 Hinc
521 5185 883 5242 Dalassenus
923 5187 981 5242 in
1013 5187 1272 5246 insulam
1329 5193 1549 5250 Platem
1582 5195 1894 5267 relegatur,
1945 5199 2004 5251 et

337 5273 772 5330 Constantinus
821 5280 1012 5332 Ducas
1043 5278 1175 5348 ejus
1206 5296 1403 5352 gener,
1437 5285 1507 5339 de
1537 5284 1757 5356 injuria
1803 5285 1999 5357 queri-

336 5363 470 5416 tans
501 5366 557 5417 et
588 5364 915 5434 perjurium
974 5382 1089 5421 non
1151 5368 1536 5428 dissimulans
1574 5372 1722 5429 turri
1761 5375 1996 5430 cuidam

334 5445 829 5510 includitur.Post
857 5454 1217 5514 Dalassenus
1236 5460 1413 5518 etiam
1439 5479 1468 5518 e
1491 5462 1654 5520 Plata
1669 5464 1995 5521 translatus

335 5535 400 5626 in
449 5540 663 5598 turrim
723 5545 1144 5618 compingitur.
1190 5549 1309 5606 Sub
1363 5553 1423 5607 id
1472 5552 1994 5626 tempus_Agareni

335 5625 498 5716 Myro.
527 5637 838 5705 ceperunt:
871 5636 1192 5694 Patzinacae
1222 5641 1443 5713 passim
1474 5660 1504 5699 e
1535 5625 1815 5701 Romanis
1855 5660 1993 5716 pro-

334 5715 545 5778 vinciis
601 5723 830 5796 praedas
893 5733 1158 5799 egerunt.
1216 5731 1582 5791 Antiocheno
1613 5735 1760 5791 duce
1789 5715 1992 5792 Niceta

2127 4735 2497 4816 βεϐαιώσοντα
2533 4736 2606 4798 ὡς
2660 4732 2875 4796 οὐδενὸς
2935 4734 3154 4807 ἀνιαροῦ
3212 4734 3621 4806 πειραθήσεται,
3682 4731 3781 4786 καὶ

2117 4830 2371 4885 πείσοντα
2424 4829 2515 4882 τὸν
2577 4822 2744 4900 ἄνδρα
2801 4821 2879 4896 τῷ
2933 4821 3147 4899 βασιλεῖ
3203 4819 3546 4898 προσελθεῖν.
3608 4820 3712 4878 Καὶ
3750 4822 3780 4876 6

2122 4919 2216 4994 μὲν
2274 4914 2577 4994 προσῆλθε,
2609 4913 2698 4968 καὶ
2730 4914 2758 4967 6
2802 4910 3058 4988 βασιλεὺς
3087 4911 3259 4966 αὐτῶν
3293 4910 3576 4972 ἀσπασίως
3597 4929 3775 4986 προσ-

2116 5012 2310 5080 ήκατο,
2367 5006 2458 5061 καὶ
2506 5001 2823 5074 ἰδεξιώσατο
2883 4998 3146 5078 δωρεαῖς,
3196 5001 3284 5056 καὶ
3345 4998 3555 5074 μείζονι
3605 4999 3779 5070 ἀξιώ-

2118 5119 2244 5172 ματι
2303 5095 2559 5170 ἐτίμησε,
2633 5093 2725 5147 καὶ
2783 5089 2834 5145 ἐν
2899 5094 2967 5165 τῇ
3025 5089 3175 5147 τόλει
3237 5087 3437 5166 διάγειν
3499 5085 3772 5146 ὖκὲλευσε.

2112 5199 2356 5264 Νικήτας
2387 5192 2627 5249 δὲὸτοῢ
2682 5189 2952 5265 βασιλέως
3011 5189 3291 5264 ὁμαίμων,
3351 5186 3478 5259 δοὺξ
3520 5194 3622 5259 τῆς
3681 5187 3773 5244 ἐπὶ

2111 5295 2293 5365 Δᾳφνῃ
2337 5281 2676 5358 Ἀντιοχείας
2724 5279 3149 5356 προχειρισθεὶς,
3208 5275 3406 5356 εἷ’ρχθη
3456 5278 3606 5365 παρὰ
3657 5279 3768 5331 τῶν

2109 5364 2442 5452 Ἀντιοχάων
2497 5379 2596 5442 τῆς
2654 5368 2729 5432 εἷς
2780 5371 2878 5440 τήν
2933 5365 3097 5426 πόλιν
3158 5366 3372 5425 εἰσόδου
3403 5382 3426 5424 .‘
3481 5364 3770 5442 Πράκτορα

2106 5466 2212 5542 γάρ
2268 5485 2389 5520 τινα
2415 5467 2522 5518 τῶν
2569 5458 2855 5534 δημοσίων
2912 5457 3108 5534 τελῶν,
3167 5459 3241 5522 ὡς
3273 5458 3460 5521 αὐτοῖς
3493 5459 3767 5536 φορτικῶς

2105 5553 2633 5630 προσενηνεγμὲνον,
2698 5546 2982 5613 ἀνελόντες
3042 5549 3097 5606 οἱ
3147 5555 3248 5620 τῆς
3289 5545 3632 5624 Ἀντιοχείας
3658 5565 3762 5602 πο-

2105 5643 2277 5717 λῖται,
2332 5643 2421 5700 καὶ
2475 5638 2780 5705 δεδοικότες
2841 5640 2918 5714 μὴ
2976 5637 3130 5702 δίκας
3177 5643 3260 5712 τῷ
3289 5636 3570 5695 δουκὶτοῦ
3623 5633 3758 5692 τολ-

2105 5737 2362 5812 μήματος
2421 5729 2664 5803 διδῶσιν,
2726 5728 3070 5808 ιπεζύγωσαν
3131 5727 3278 5805 αύτῷ
3326 5729 3421 5795 τὰς
3449 5724 3629 5790 πύλας
3654 5727 3757 5798 τῆς
