4142 6372
292 409 412 470 185

1589 405 1998 468 ANNALIUM
2043 405 2191 467 LIB.
2239 407 2429 467 XVII.

3604 400 3720 462 £86

289 541 532 606 πόλεως.
555 545 615 598 Ὁ
645 537 706 596 δὲ
735 538 994 616 ἐνόρκους
1035 541 1224 602 αὐτοῖς
1275 540 1696 615 παρασχόμενος
1749 539 1954 601 πίστεις

2074 542 2322 606 mortuo,
2359 539 2780 595 Constantinus
2819 541 2877 595 et
2931 539 3058 610 ipse
3114 535 3485 608 imperatoris
3542 535 3722 591 frater

295 631 370 692 ὡς
402 627 556 685 οὐδὲν
588 627 677 684 διὰ
702 630 796 684 τὸν
831 628 992 707 φόνον
1051 629 1334 684 ὑποσταῖεν
1383 629 1567 695 κακὸν,
1611 631 1958 704 παραχωρεῖ-

294 741 388 775 ται
445 726 547 790 τῆς
607 717 846 773 εἶσόδου·
881 719 991 773 εἶτα
1048 718 1175 780 τοὺς
1235 719 1428 794 ὅρκους
1469 715 1623 772 οὐδὲν
1658 717 1957 793 λογισάμε-

300 829 425 876 νος,
458 806 698 869 πολλοὺς
748 808 843 880 μὶν
898 807 1292 875 ἀποκτίννυσιν,
1325 807 1496 869 ἐνίους
1557 804 1614 861 δὲ
1666 811 1772 861 τῶν
1830 806 1955 880 παρ’

306 897 496 962 αὖτοῖς
549 897 827 970 δπισήμων
884 893 1140 970 δεσμίους
1183 893 1390 952 ἔστειλε
1444 897 1578 972 πρὸς
1634 897 1731 965 τὴν
1789 916 1956 971 μεγα-

307 984 558 1055 λόπολιν,
588 987 800 1063 γράψας
853 991 934 1058 τῷ
991 983 1214 1066 ἀδελφῷ
1257 987 1504 1061 Ἰωάννῃ,
1538 983 1627 1040 διὰ
1666 986 1764 1054 τὴν
1819 985 1958 1058 πρὸς

303 1076 396 1130 τὸν
422 1073 766 1148 Δαλασσηνὸν
821 1070 1032 1131 εὔνοιαν
1086 1075 1333 1151 ἀπεῖρξαι
1389 1075 1537 1148 αὐτῷ
1591 1076 1690 1145 τήν
1742 1070 1954 1129 εἷ’σοδον

300 1162 429 1226 τοὺς
486 1164 810 1241 Ἀντιοχεῖς.
868 1166 1144 1228 Ἐντεῦθεν
1203 1164 1231 1220 6
1299 1162 1646 1234 Δαλασσηνὸς
1721 1162 1799 1225 εἷς
1853 1165 1952 1232 τὴν

299 1259 463 1322 νῆσον
519 1254 620 1322 τήν
677 1251 901 1324 Πλάτην
942 1251 1332 1330 περιορίζεται,
1363 1253 1454 1308 καὶ
1513 1254 1541 1307 6
1599 1252 1685 1308 ἐπὶ
1735 1251 1956 1328 θυγατρὶ

295 1339 568 1412 κηδεστὴς
624 1341 796 1396 αὐτοῦ
849 1342 1312 1406 Κωνσταντῖνοςὸ
1346 1339 1540 1404 δούκας
1597 1341 1696 1410 τήν
1751 1338 1958 1395 ἀδικίαν

293 1425 699 1504 ἐπιϐοώμενος,
731 1431 821 1487 καὶ
871 1432 972 1500 τὴν
1025 1430 1300 1508 ἐπιορκίαν
1356 1431 1417 1486 οὐ
1467 1431 1710 1503 σιωπῶν,
1760 1429 1957 1508 πύργῳ

2067 629 2370 696 successit,
2421 629 2606 684 altero
2663 629 2792 699 ejus
2853 629 3030 682 fratre
3092 625 3510 698 protovestario
3567 625 3718 679 desi-

2066 721 2261 788 gnato.
2295 720 2439 772 Cum
2470 722 2668 772 autem
2698 717 2946 789 Agareni
2977 715 3234 771 At'rieani
3282 721 3341 770 et
3384 713 3719 768 Sicilienses

2065 805 2293 861 insulas
2324 811 2380 861 et
2409 822 2572 862 oram
2608 805 2966 861 maritimam
3023 805 3392 870 infestarent,
3455 803 3720 858 Romana

2065 895 2272 951 classis
2305 895 2524 950 multas
2555 911 2758 950 eorum
2792 911 2966 950 naves
3025 910 3159 948 cum
3214 891 3358 947 viris
3417 892 3718 958 demersit,

2066 985 2286 1040 multos
2321 983 2478 1040 vivos
2507 985 2680 1056 cepit,
2732 999 2984 1056 quorum
3017 983 3113 1039 alii
3173 982 3244 1037 ad
3303 981 3716 1052 imperatorem

2067 1074 2235 1129 missi
2267 1073 2534 1142 sunt,alii
2565 1073 2624 1128 in
2654 1073 2850 1128 littore
2882 1073 3151 1127 trabibus
3183 1069 3717 1126 atfixi.Pancratius

2063 1178 2199 1219 vero
2251 1162 2518 1234 Alfasgiae
2566 1162 2858 1234 princeps,
2899 1163 2992 1218 cui
3042 1166 3342 1216 Romanus
3399 1160 3721 1231 imperator

2067 1271 2234 1310 suam
2270 1259 2505 1327 neptem
2537 1253 3148 1326 desponderatJoadus
3168 1256 3498 1307 Romanum
3523 1250 3717 1321 solvit,

2066 1348 2124 1400 et
2151 1343 2368 1415 quibus
2385 1343 2640 1400 castellis
2665 1350 2723 1400 et
2745 1344 2990 1400 urbibus
3011 1342 3148 1398 olim
3168 1340 3448 1396 Romanis
3462 1343 3720 1395 cesserat

2067 1451 2132 1489 ea
2165 1452 2372 1490 rursus
2403 1434 2513 1490 sibi
2547 1432 3176 1501 vindicabat,fortassis
3209 1436 3272 1486 ut
3297 1435 3719 1499 Romanorum,

2066 1522 2346 1594 injuriam
2377 1525 2738 1595 imperatori,
2772 1541 2890 1579 suae
2924 1522 3192 1593 conjugis
3239 1525 3447 1592 patruo
3508 1521 3718 1574 factam

289 1520 403 1574 τινὶ
487 1520 888 1576 κατακλείεται.
953 1521 1083 1576 Εἶτα
1174 1522 1454 1596 μετάγεται
1515 1522 1542 1576 6
1611 1519 1955 1590 Δαλασσηνὸς

2069 1611 2470 1668 ulcisceretur.
2508 1613 2822 1668 Patzinacae
2857 1612 3001 1668 Istro
3035 1627 3188 1682 saepe
3219 1611 3458 1681 trajecto
3493 1608 3722 1680 provin-

296 1608 362 1664 ὲκ
414 1613 516 1675 τῆς
570 1609 815 1681 Πλάτης,
875 1610 967 1664 καὶ
1049 1609 1246 1686 πύργῳ
1318 1610 1712 1686 καθείργνυται.
1778 1607 1957 1665 Ἑάλω

293 1695 358 1754 δὲ
411 1699 534 1754 τότε
588 1705 708 1762 τοῖς
771 1701 864 1772 μὲν
927 1697 987 1754 ἐκ
1040 1706 1140 1770 τῆς
1173 1701 1350 1776 Ἀγαρ
1396 1699 1464 1755 τὰ
1510 1700 1685 1776 Μύρα,
1719 1698 1809 1754 καὶ
1838 1705 1954 1762 τοῖς

2069 1703 2188 1758 cias
2201 1703 2351 1758 male
2370 1702 2968 1774 tractarunt,captivis
2987 1701 3261 1756 omnibus
3277 1699 3718 1755 interﬁciendis.

291 1788 660 1858 Πατζινάκαις
719 1787 841 1844 λεία
894 1788 1085 1865 γέγονε
1129 1793 1237 1844 τῶν
1309 1793 1506 1845 Μυσῶν
1565 1791 1699 1863 (10).
1749 1793 1854 1844 Τοῦ
1902 1786 1954 1843 δὲ

2067 1793 2288 1847 Arabes
2336 1793 2615 1847 Edessam
2670 1793 3044 1857 obsederunt,
3069 1807 3316 1861 eamque
3390 1804 3721 1860 expugnas-

294 1874 498 1940 δουκὸς
575 1876 916 1954 Ἀντιοχείας
1000 1879 1209 1948 Νικήτα
1309 1879 1772 1954 καταστρέψαντος
1853 1878 1953 1948 τὴν

2070 1884 2222 1948 sent,
2255 1881 2368 1936 nisi
2398 1881 2718 1937 Antiochiae
2749 1881 2867 1936 dux
2897 1879 3319 1936 Constantinus
3350 1875 3722 1949 imperatoris

295 1967 472 2036 ζωὴν,
531 1969 560 2022 6
619 1971 1018 2042 Κωνσταντῖνος
1074 1965 1307 2046 ἀδελφὸς
1367 1966 1438 2021 ὢν
1493 1967 1582 2043 κρὶ
1641 1967 1798 2029 οὗτος
1864 1971 1954 2021 τοῦ

2072 1968 2250 2025 frater
2279 1986 2448 2042 opem
2474 1969 2748 2026 tulisset:
2782 1971 2952 2041 cujus
2979 1968 3335 2024 industriam
3384 1968 3470 2023 sic
3526 1982 3722 2021 remu-

298 2053 577 2129 βασιλέως
638 2054 724 2110 ἐπὶ
783 2059 850 2129 τῇ
895 2055 1208 2131 Ἀντιοχείᾳ
1256 2057 1347 2111 τὸν
1411 2055 1810 2127 τελευτήσαντα
1857 2055 1954 2111 διε-

2070 2063 2310 2114 neratus
2342 2063 2431 2114 est
2461 2060 2798 2130 imperator,
2847 2064 2912 2114 ut
2941 2075 3076 2114 eum
3109 2055 3494 2112 Orientalium
3543 2055 3724 2128 legio-

291 2140 512 2212 δέξατο,
562 2144 652 2197 καὶ
714 2143 742 2198 6
803 2141 985 2219 ἔτερος
1044 2143 1209 2198 αὐτοῦ
1265 2140 1502 2221 ἀδελφὸς
1550 2140 1954 2219 πρωτοϐεστιά-

2070 2164 2233 2203 mum
2265 2149 2656 2204 domesticum
2687 2152 2928 2204 crearet.

292 2253 422 2307 ριος
478 2231 921 2308 προκεχείριστο.
982 2234 1065 2306 Ἐξ
1125 2237 1388 2311 Ἀφρικῆς
1477 2236 1657 2305 μέντοι
1739 2236 1828 2288 καὶ
1915 2232 2168 2296 Σικελίας
2254 2233 2450 2297 στόλος
2535 2235 2828 2291 ἀποπλέων
2888 2236 3200 2310 Ἀγαρηνῶν
3262 2231 3462 2287 ἐκάκου
3515 2230 3612 2293 τάς
3664 2251 3726 2287 τε

288 2323 503 2392 νήσους
561 2321 651 2375 καὶ
709 2322 775 2376 τὰ
831 2319 1096 2398 παράλια.
1153 2319 1330 2378 Ἀλλὰ
1401 2321 1618 2385 τούτοις
1699 2321 1896 2385 στόλος
1980 2321 2254 2379 ἐπιπλέων
2305 2325 2612 2397 Ῥωμαϊκὸς
2681 2324 2868 2380 πολλά
2923 2325 3016 2398 μὶν
3075 2328 3184 2378 τῶν
3235 2326 3451 2399 σκαφῶν
3503 2318 3726 2376 κατεδυ-

297 2431 391 2465 σεν
457 2408 748 2483 αὔτανδρα,
795 2409 1045 2472 πολλοὺς
1099 2408 1146 2466 δ’
1203 2411 1502 2489 ἐζώγρησε·
1562 2413 1652 2466 καὶ
1705 2411 1834 2474 τοὺς
1905 2413 2000 2485 μὲν
2059 2415 2196 2486 πρὸς
2263 2414 2356 2468 τὸν
2439 2413 2666 2490 βασιλέα
2741 2415 3109 2491 ἐκπεπομφεν,
3157 2413 3210 2467 οἱ
3261 2410 3320 2468 δὲ
3367 2409 3724 2466 ἀνεσκολοπί-

289 2503 501 2571 σθησαν
557 2501 693 2555 κατά
740 2501 841 2570 τήν
903 2500 1196 2576 παράλιον.
1248 2503 1593 2578 Ιίαγκράτιος
1654 2499 1712 2556 δὲ
1767 2503 1796 2556 6
1857 2499 2045 2578 ἅρχων
2100 2498 2417 2579 Ἀϐασγίας,
2451 2505 2497 2576 ᾧ
2555 2505 2655 2574 τὴν
2717 2502 2921 2559 οίκείαν
2957 2503 3170 2577 ἀνεψιὰν
3207 2499 3516 2577 ὁβασιλεὺς
3548 2499 3724 2573 ἡρμό-

300 2610 439 2644 σατο
491 2589 794 2662 Ῥωμανὸς,
849 2589 944 2654 τάς
989 2611 1048 2645 τε
1103 2591 1240 2666 πρὸς
1295 2591 1600 2664 Ῥωμαίους
1685 2589 1918 2653 σπονδὰς
1994 2588 2172 2665 ἔλυσε,
2233 2594 2322 2647 καὶ
2403 2591 2477 2647 ὧν
2561 2595 2928 2670 παρεχώρησε
3006 2592 3129 2668 πρὶν
3183 2590 3475 2665 Ῥωμαίοις
3555 2609 3724 2668 φρου-

298 2682 438 2756 ρίων
501 2680 592 2736 καὶ
651 2677 892 2751 πόλεων,
950 2676 1246 2737 ἐπελάϐετο
1303 2681 1488 2754 πάλιν,
1547 2683 1622 2746 ὡς
1706 2683 1850 2759 τάχα
1927 2681 2078 2747 δίκας
2154 2683 2460 2757 Ῥωμαίους
2535 2685 2910 2760 πραττόμενος
2967 2684 3096 2759 ὑπὲρ
3149 2688 3246 2738 τοῦ
3315 2680 3581 2759 βασιλέως
3634 2681 3725 2735 καὶ

301 2769 451 2834 θείου
506 2776 610 2840 τῆς
694 2769 841 2843 αὐτῷ
915 2768 1284 2845 ὁμευνὲτιδος.
1345 2770 1624 2834 Πολλάκις
1683 2769 1729 2827 δ’
1783 2773 1836 2827 οἱ
1890 2771 2239 2842 Πατζινάκαι,
2296 2772 2387 2827 καὶ
2444 2773 2535 2828 τὸν
2595 2775 2801 2848 Ἴστρον
2864 2768 3252 2843 διαϐαίνοντες,
3310 2771 3378 2825 τὰ
3433 2769 3720 2842 Ῥωμαίων

300 2864 482 2922 κακῶς
571 2857 884 2933 διετίθεντο,
941 2859 1072 2923 τοὺς
1152 2860 1549 2933 ἁλισκομένους
1620 2855 1832 2931 ἡϐηδὸν
1917 2861 2284 2934 ἀναιροῦντες.
2341 2863 2436 2916 Καὶ
2495 2858 2725 2938 Ἄραϐες
2801 2863 2900 2932 τὴν
2957 2859 3214 2918 ’Έδεσκαν
3293 2858 3720 2935 ἐπολιόρκησαν,

309 2949 396 3003 καὶ
447 2947 577 3018 ἥλω
633 2947 694 3004 ἂν
746 2951 781 3019 ἡ
841 2948 1028 3020 πόλις,
1086 2949 1131 3004 εἰ
1193 2951 1269 3023 μὴ
1331 2951 1358 3004 6
1417 2948 1540 3021 δοὺξ
1598 2949 1940 3026 Ἀντιοχείας
1995 2957 2399 3013 Κωνσταντῖνος
2431 2952 2584 3006 ὁτοῦ
2611 2951 3010 3026 αὐτοκράτορος
3063 2949 3296 3029 ἀδελφὸς
3325 2950 3461 3023 αὑτῇ
3495 2947 3722 3003 ἐπεκού-

314 3058 487 3114 ρησεν,
521 3040 580 3093 ’ὸν
618 3038 646 3093 6
683 3037 956 3113 βασιλεὺς,
986 3046 1082 3109 τῆς
1116 3037 1359 3108 σπουδῆς
1391 3035 1779 3112 ἀμειϐόμενος,
1808 3044 1915 3094 τῶν
1948 3039 2098 3112 ἑῴων
2131 3039 2419 3114 ταγμάτων
2452 3037 2773 3114 δομέστικον
2806 3036 3204 3118 προεϐάλλετο.

372 3133 469 3182 ιε’.
505 3130 618 3184 Τοῦ
669 3125 727 3182 δὲ
776 3130 876 3197 τῆς
923 3126 1206 3203 Δίγύπτου
1255 3132 1585 3204 κρατοῦντος
1636 3133 1815 3204 ’Ἂμερ
1869 3129 1954 3182 Θα-

2148 3131 2267 3185 XV.
2303 3133 2511 3186 Amare
2542 3132 2766 3204 [Egypti
2795 3131 3054 3204 principe
3079 3129 3512 3199 mortuo,vidua
3541 3127 3728 3185 illius,

299 3216 515 3282 νόντος,
546 3217 582 3285 ἡ
633 3215 838 3271 ἐκείνου
889 3217 1048 3292 γυνή,
1082 3217 1377 3292 Χριστιανή
1439 3217 1590 3287 οὖσα,
1651 3216 1965 3282 σπείσασθαι

297 3304 396 3359 σὺν
457 3309 538 3376 τῷ
591 3305 695 3378 υιῷ
747 3307 883 3378 μετά
911 3305 1191 3378 Ῥωμαίων
1227 3305 1476 3377 ὶζήτησε·
1527 3306 1616 3361 καὶ
1650 3307 1676 3360 6
1714 3304 1965 3383 βασιλεὺς

296 3393 548 3469 ἰκύρωσε
601 3395 715 3466 μετ’
758 3395 937 3450 αὐτῶν
984 3395 1417 3472 τριακοντούτεις
1472 3394 1728 3459 σπονδάς.
1771 3394 1964 3453 ’Δδελ-

292 3485 394 3562 (poi
451 3481 510 3538 δὲ
567 3480 663 3538 δύο
745 3483 1073 3556 Σαρακηνοὶ,
1119 3491 1221 3554 τῆς
1305 3483 1562 3548 Σικελίας
1621 3490 1964 3561 κρατοῦντες,

293 3574 440 3648 πρὸς
487 3569 776 3643 ἀλλήλους
826 3567 987 3649 ἔσχον
1039 3571 1422 3652 διαφορὰς,ὧν
1483 3577 1670 3646 ἅτερος
1725 3581 1806 3649 τῷ
1867 3576 1962 3652 βα-

294 3662 447 3718 σιλεῖ
504 3662 792 3736 Ῥωμαίων
879 3663 1278 3741 προσπέφευγε,
1369 3665 1690 3742 συμμαχίαν
1773 3665 1962 3725 αἰτῶν.

295 3751 605 3808 Στέλλεται
660 3751 843 3806 τοίνυν
904 3752 931 3806 6
983 3752 1266 3828 πατρίκιος
1319 3752 1589 3829 Γεώργιος
1623 3755 1650 3809 ὁ
1682 3753 1963 3825 Μανιάκης

293 3842 680 3917 ἐπικουρήσων
787 3841 982 3914 αὐτῳ,
1065 3837 1466 3918 Λογγιϐαρδίας
1552 3845 1960 3920 προχειρισθεὶς

293 3930 636 4007 στρατηγός.
690 3932 878 4002 Μήπω
959 3929 1016 3986 δὶ
1096 3932 1195 4001 τὴν
1251 3929 1504 3987 Σικελίαν
1557 3931 1962 3997 καταλαϐόντος

291 4025 393 4076 τοῦ
453 4019 729 4091 Μανιάκη,
784 4020 836 4075 οἱ
913 4020 1114 4091 ταύτης
1201 4021 1626 4097 ἡγεμονεύοντες
1705 4021 1959 4100 σύγγονοι

294 4110 436 4182 πρὸς
494 4107 785 4180 ἀλλήλους
845 4109 1184 4180 ἑσπείσαντο,
1239 4111 1331 4165 καὶ
1404 4105 1782 4168 καταλαϐόντα
1865 4113 1957 4169 τὸν

298 4198 580 4268 Μανιάκην
611 4198 878 4255 ἀπελάσαι
922 4207 1022 4271 τῆς
1074 4202 1241 4272 νήσου
1292 4197 1641 4274 διεμελὲτων,
1673 4201 1763 4256 καὶ
1819 4223 1956 4276 συμ-

311 4287 505 4363 μαχίαν
585 4287 640 4360 ἐξ
725 4291 988 4364 Ἀφρικῆς
1077 4288 1514 4364 μετεπέμψαντο.
1585 4289 1958 4368 Συρῥαγίντος

299 4373 357 4433 δὲ
436 4377 712 4453 πολέμου,
769 4380 834 4435 τὸ
890 4380 1197 4455 Ῥωμαϊκὸν
1280 4379 1544 4458 ἐκράτησε
1625 4382 1954 4459 στράτευμα,

2075 3235 2205 3291 qua
2235 3220 2558 3276 christiana
2587 3227 2732 3288 erat,
2764 3239 2883 3277 una
2912 3237 3043 3277 cum
3066 3220 3185 3275 filio
3213 3236 3412 3292 pacem
3445 3233 3578 3272 cum
3610 3216 3720 3272 Ro-

2075 3310 2268 3366 manis
2299 3310 2486 3366 facere
2519 3310 2766 3366 studuit.
2814 3313 3001 3378 Quare
3051 3312 3200 3366 237
3258 3310 3580 3381 imperator
3630 3305 3726 3361 in-

2075 3399 2283 3456 ducias
2316 3401 2562 3474 triginta
2591 3419 2874 3458 annoram
2900 3418 3034 3457 cum
3067 3417 3135 3456 ea
3165 3399 3408 3473 pepigit.
3433 3399 3578 3455 Cum
3610 3398 3726 3452 duo

2073 3487 2285 3546 fratres
2316 3491 2588 3563 Agaremi
2625 3491 2835 3547 Siciliae
2865 3491 3248 3563 imperantes,
3272 3490 3424 3545 inter
3455 3504 3518 3543 se
3550 3486 3726 3542 dissi-

2073 3576 2302 3646 derent,
2331 3595 2652 3652 eorumque
2683 3580 2828 3638 alter
2857 3581 3230 3653 imperatoris
3283 3594 3454 3652 opem
3508 3576 3724 3648 implo-

2073 3672 2283 3739 rasset,
2355 3669 2640 3743 Georgius
2691 3671 2983 3727 Maniaces
3043 3669 3330 3742 patricius
3361 3665 3577 3724 auxilio
3637 3664 3724 3720 illi

2073 3757 2294 3815 missus
2324 3765 2432 3828 est,
2469 3761 2887 3834 Longobardiaa
2913 3766 3124 3832 printer
3179 3759 3546 3831 designatus.
3609 3755 3718 3820 Qui

2073 3851 2392 3920 antequam
2423 3850 2480 3905 in
2513 3850 2771 3906 Siciliam
2791 3851 3070 3915 venisset,
3103 3849 3188 3904 illi
3222 3849 3375 3904 inter
3405 3863 3468 3903 se
3519 3861 3725 3901 recon-

2071 3938 2272 4008 ciliati,
2296 3943 2354 3994 et
2381 3939 2704 3995 Maniacem
2736 3939 2946 3996 insulis
2967 3939 3129 3995 aditu
3166 3937 3475 4010 prohibere
3504 3933 3720 4004 conati,

2069 4029 2290 4084 auxilia
2345 4028 2694 4100 Carthagine
2767 4032 3102 4084 evocarunt.
3155 4028 3264 4083 Sed
3320 4041 3518 4098 pugna
3565 4039 3722 4078 com-

2069 4117 2274 4185 missa,
2307 4117 2608 4173 Romanus
2637 4115 2925 4173 exercitus
2979 4116 3140 4186 vicit,
3201 4129 3528 4185 magnaque
3565 4111 3721 4166 caede

2067 4205 2615 4278 Carthaginensium
2646 4207 2822 4276 edita,
2870 4205 3152 4262 tredecim
3210 4205 3386 4259 urbes
3437 4201 3720 4272 principio

2063 4293 2354 4349 vastavit:
2387 4292 2598 4350 deinde
2655 4292 2938 4366 paulatim
2978 4292 3365 4366 Progrediens
3423 4288 3719 4345 Maniaces

2063 4385 2251 4438 totam
2283 4383 2543 4440 Siciliam
2573 4387 2836 4440 Romano
2866 4383 3112 4455 imperio
3163 4380 3440 4438 restituit.
3499 4379 3720 4435 Edessa

287 4466 378 4522 καὶ
439 4468 606 4546 φόνου
663 4467 881 4525 πολλοῦ
935 4471 1043 4525 τῶν
1075 4465 1476 4547 Καρχηδονίων
1509 4470 1827 4548 γεγονότος,
1859 4471 1954 4527 πό-

2065 4489 2197 4529 vero
2229 4489 2439 4545 parum
2470 4472 2658 4530 abfuit
2689 4473 2832 4546 quin
2865 4473 2940 4530 ab
2973 4471 3266 4529 Arabibus
3287 4470 3421 4528 dolo
3479 4484 3716 4541 capere-

285 4555 410 4621 λεις
487 4558 584 4631 μὶν
675 4558 942 4634 πρότερον
1027 4558 1355 4635 ἐξεπόρθησε
1412 4557 1538 4616 δέκα
1586 4559 1674 4616 ἰπὶ
1725 4560 1898 4637 τρισίν
1932 4578 1947 4594 °

283 4646 406 4702 εἶτα
463 4646 603 4703 κατὰ
657 4647 851 4726 μικρὸν
904 4644 1218 4724 προϐαίνων
1274 4651 1303 4705 ὁ
1361 4649 1671 4725 Μανιάκης,
1701 4650 1792 4706 καὶ
1845 4657 1952 4707 πᾶ-

281 4757 382 4792 σαν
418 4738 524 4807 τὴν
553 4737 807 4794 Σικελίαν
851 4741 921 4812 τῇ
951 4737 1236 4812 Ῥωμαίων
1293 4739 1564 4815 ἡγεμονίᾳ
1618 4741 1948 4820 προσήγαγε.

280 4831 504 4902 Μικροῦ
538 4824 584 4881 δ’
615 4825 676 4883 ἂν
708 4825 854 4882 ἑάλω
885 4830 919 4898 ἡ
954 4826 1204 4900 Ἔδεσσα,
1238 4823 1389 4902 δόλῳ
1433 4829 1603 4899 αὐτὴν
1651 4835 1758 4886 τῶν
1793 4831 1950 4907 Ἀρά·

279 4911 400 4971 ϐων
453 4914 870 4990 μελετησάντων
920 4917 1312 4994 χειρώσασθαι.
1346 4915 1564 4974 Δώδεκα
1613 4919 1716 4996 γὰρ
1774 4919 1948 4977 αὐτῶν

279 5003 575 5081 ἄρχοντες,
649 5005 983 5081 ἐπαγόμενοι
1065 5005 1356 5080 καμήλους
1439 5010 1815 5079 πεντακοσίας,
1874 5011 1947 5066 ὧν

277 5095 484 5170 ἑκάστῃ
539 5090 772 5152 κιϐώτια
830 5092 926 5152 δύο
985 5094 1281 5173 ἐπήχθετο,
1343 5097 1476 5169 ἧκον
1537 5098 1614 5163 εἰς
1671 5096 1946 5157 Ἔδεσσαν

272 5182 512 5241 ’ἑκαστον
543 5181 602 5240 δὲ
631 5191 738 5242 τῶν
772 5179 1048 5242 κιϐωτίων
1108 5186 1346 5260 ὁπλίτην
1392 5187 1536 5264 εἶχεν
1581 5189 1750 5252 ἔντός.
1782 5188 1946 5248 Ἕλε-

275 5296 380 5353 γον
440 5271 499 5331 δε
557 5275 768 5332 ἀπιέναι
825 5275 966 5354 πρὸς
1025 5276 1254 5354 βασιλέα
1302 5275 1453 5352 δῶρα
1479 5279 1799 5354 κομίζοντες
1853 5278 1945 5336 καὶ

2060 4565 2178 4619 tur.
2201 4567 2351 4620 Nam
2390 4562 2700 4620 duodecim
2741 4579 2946 4620 eorum
3002 4562 3300 4635 principes
3357 4560 3718 4633 quingentos

2059 4652 2312 4709 camelos
2342 4653 2623 4709 Edessam
2654 4653 2971 4723 adduxere,
3031 4652 3201 4709 binas
3257 4649 3519 4708 cistellas
3576 4665 3714 4722 ges-

2057 4746 2410 4814 tantes,quas
2429 4743 2676 4799 totidem
2697 4747 2957 4799 armatos
2983 4739 3716 4810 claudebant,simulantes

2059 4847 2124 4888 se
2153 4832 2496 4906 imperatori
2530 4849 2777 4890 munera
2805 4832 3107 4890 oblaturos
3132 4847 3146 4888 :
3170 4831 3274 4888 sed
3306 4830 3358 4886 si
3387 4827 3719 4885 intromissi

2059 4926 2278 4989 essent,
2312 4922 2371 4978 in
2423 4923 2622 4979 animo
2680 4922 2977 4980 habebant
3032 4925 3206 4979 noctu
3258 4919 3486 4977 eductis
3533 4916 3714 4973 armis

2059 5013 2266 5067 urbem
2300 5028 2529 5084 capere.
2563 5013 2778 5069 Praetor
2808 5013 3104 5085 principes
3163 5011 3235 5067 ad
3295 5026 3360 5066 se
3416 5009 3716 5080 ingressos

2058 5101 2380 5158 honorifice
2410 5101 2658 5176 excepit,
2691 5117 2896 5159 eorum
2935 5102 3226 5159 ministris
3282 5114 3417 5156 cum
3475 5095 3717 5154 camelis

2059 5192 2252 5249 adhuc
2284 5196 2446 5248 extra
2467 5193 2674 5248 urbem
2701 5192 2945 5250 retictis.
2978 5193 3089 5250 Sed
3139 5209 3273 5249 cum
3321 5189 3562 5263 quidam
3614 5191 3718 5243 Ar-

2060 5282 2292 5340 menius
2324 5281 2654 5352 mendicus,
2705 5282 2971 5341 Arabica
2999 5282 3214 5358 linguis
3262 5296 3504 5354 gnarus,
3560 5279 3718 5350 apud

1585 5455 1791 5521 Variae
1821 5456 2123 5520 lectiones
2152 5463 2216 5520 et
2243 5461 2432 5519 notae.

355 5617 474 5694 (19)
533 5611 808 5694 Kai‘to‘ic
885 5611 1245 5694 Πατζινᾴκαις
1309 5611 1449 5694 ,λεία
1550 5615 1743 5694 γᾷγονε
1789 5619 1938 5694 κτῶν

273 5687 520 5764 Meas»,
572 5687 822 5764 Notum_
849 5689 1244 5764 proverbium,
1293 5689 1366 5746 de
1421 5706 1540 5764 quo
1564 5687 1648 5764 '_in
1679 5693 1836 5749 notis
1867 5693 1940 5748 ad

272 5760 624 5820 Alexiadem
655 5759 927 5831 quaedam
977 5760 1302 5835 attigimus.
1335 5765 1401 5820 In
1434 5759 1611 5820 llexii
1659 5764 1940 5823 Comneni

2049 5617 2474 5698 Novella_apud
2523 5615 2936 5698 Balsamomen
2981 5618 3054 5698 ad
3102 5622 3400 5698 Nomocan.
3460 5637 3520 5695 p.
3581 5622 3708 5698 HO,

2051 5691 2079 5748 1
2113 5692 2252 5748 edit.
2285 5689 2373 5748 Ta‘i
2395 5693 2622 5766 Φρυγῶν
2651 5689 2742 5745 καὶ
2770 5692 2994 5761 Μυσῶν,
3025 5691 3061 5763 ἡ
3089 5691 3385 5768 παροιμία.
