4126 6366
408 395 523 458 187

1771 387 2098 448 JOANNIS
2142 389 2483 450 ZONARIE

3713 396 3836 458 188

405 528 627 586 Arabes
648 527 789 584 foris
809 525 1176 584 diversantes
1201 518 1806 588 mendicaret,audivit
1849 535 2052 592 quem-

2177 513 2484 592 ίϐοόλοντο,
2545 519 2591 576 εί
2651 526 3114 601 παραχωρηθεῗεν
3173 523 3326 582 ἔνδον
3413 524 3711 601 εἷσαγαγεῖν
3763 525 3837 582 τὰ

407 619 544 676 dam
574 635 604 675 e
631 618 748 674 cita
769 619 1209 689 percontantem
1235 613 1330 669 ubi
1354 615 1552 669 essent
1583 610 1611 665 ‘I
1639 613 1696 665 et
1727 609 1931 665 urbem
1979 609 2064 664 in-

406 725 670 782 gressus,
702 711 1102 764 commentum
1134 702 1386 778 praetori
1418 699 1665 772 aperuit.
1702 699 1757 754 Is
1801 698 2065 753 Arabum

406 799 704 871 principes
736 797 795 852 in
829 797 972 852 urbe
1004 795 1380 851 convivantes
1414 789 1739 861 reliquit,et
1778 804 1913 843 cum
1941 788 2066 843 suis

404 905 682 961 egressus
722 886 940 960 apertis
982 885 1169 950 cistis,
1204 887 1465 958 armatos
1505 895 1710 935 omnes
1750 877 2061 943 interfecit,

407 995 474 1034 ac
506 979 566 1033 in
623 979 829 1034 urbem
886 991 1209 1047 regressus,
1269 973 1447 1028 duces
1505 970 1606 1041 qui
1648 968 1858 1041 reliqui
1901 971 2068 1023 erant

415 1069 612 1142 gladio
644 1068 1037 1134 confecit,uno
1067 1070 1301 1119 tantum
1332 1058 2065 1126 dimisso,ambu1ansma-

409 1159 606 1225 nibus,
663 1172 806 1212 naso
837 1160 895 1211 et
925 1154 1168 1210 auribus
1193 1149 1628 1222 truncatos:qui
1654 1148 1877 1204 cladem
1900 1145 2064 1201 illam

412 1247 572 1302 domi
605 1246 1004 1301 nuntiaret.At
1033 1240 1513 1313 Carlhaginensis
1567 1254 1811 1294 suarum
1869 1237 2065 1308 copia-

403 1353 534 1391 rum
566 1333 805 1391 interitu
838 1333 1092 1406 cognito,
1127 1331 1253 1403 ipse
1285 1348 1420 1387 cum
1454 1329 1677 1400 majore
1701 1326 1958 1384 exercitu
2003 1325 2062 1380 in

404 1424 665 1480 Siciliam
709 1421 1424 1495 proﬁciscitur.Maniaces
1456 1417 1667 1475 castris
1698 1422 1902 1472 contra
1927 1432 2064 1471 eum

403 1513 632 1586 positis,
666 1517 724 1568 et
750 1512 958 1568 clessis
993 1512 1266 1584 praefecto
1299 1509 1593 1580 Stephano
1638 1506 1883 1578 patricio
1951 1504 2065 1560 im-

402 1607 668 1675 perators
700 1601 866 1658 afﬁni
897 1601 1058 1673 (nam
1088 1600 1140 1656 is
1183 1615 1418 1672 quoque
1486 1614 1604 1653 una
1634 1596 1858 1652 missus
1916 1593 2061 1666 erat)

401 1693 648 1747 mandat
669 1696 735 1746 ut
784 1707 947 1746 oram
999 1689 1359 1745 maritimam
1387 1687 1701 1759 diligenter
1729 1688 2063 1753 tueatur,ne

401 1780 881 1852 Carthaginensis
907 1779 1098 1834 victus
1123 1779 1378 1850 effugere
1409 1780 1606 1848 queat.
1641 1773 1838 1830 Praalio
1898 1790 2059 1829 com-

403 1870 612 1937 misso,
645 1874 812 1925 tanta
841 1868 1161 1923 multitudo
1212 1867 1491 1922 Afrorum
1544 1865 1740 1937 periit,
1782 1867 1848 1919 ut
1899 1862 2060 1918 nullo
2094 1901 2141 1966 B

403 1975 584 2031 propo
635 1975 878 2014 numero
947 1957 1366 2029 comprehendi
1409 1959 1638 2027 'quoat.
1697 1954 1808 2009 Sed
1857 1969 2062 2009 eorum

404 2048 679 2121 princeps
710 2065 910 2120 pugna
939 2046 1531 2118 elapsus,conscensa
1560 2043 1770 2114 celoce,
1804 2042 2064 2114 deceptis

403 2137 747 2202 classiariis,
780 2138 1022 2193 domum
1073 2137 1262 2192 rediit.
1317 2136 1380 2190 Id
1412 2135 1705 2190 Maniaces
1762 2131 2065 2204 aegerrime

402 2226 622 2297 ferens,
655 2225 868 2282 classis
899 2225 1170 2298 praefecto
1205 2223 1594 2280 conviciatur.
1629 2224 1683 2278 Is
1712 2237 1850 2278 vero
1884 2220 2068 2293 impe-

403 2315 619 2371 ratoris
647 2315 935 2371 afﬁnitate
971 2316 1179 2382 fretus,
1205 2314 1358 2370 238
1421 2330 1556 2368 cum
1612 2311 1817 2382 iniquo
1869 2310 2066 2366 animo

407 2404 798 2461 contumelias
823 2405 1165 2477 accepisset,
1199 2420 1266 2460 ac
1320 2403 1585 2459 vicissim
1637 2399 1860 2471 aliquid
1896 2398 2070 2454 dixis-

415 2498 528 2561 sot,
561 2510 595 2549 a
617 2493 876 2550 Maniace
908 2495 995 2548 ira
1025 2493 1246 2566 percito
1297 2493 1658 2557 verberatus,
1710 2489 1914 2544 statim
1968 2487 2069 2543 lit-

414 2584 557 2639 teris
587 2583 824 2655 scriptis
856 2584 928 2639 ad
978 2584 1303 2656 spadonem
1349 2582 1642 2638 Joannem
1702 2579 1900 2634 uxoris
1949 2594 2068 2633 sua

412 2671 655 2729 fratrem
699 2672 1246 2745 Orphanotophum,
1306 2671 1621 2727 Maniacem
1672 2667 2072 2724 calumniatur

415 2765 482 2816 ut
510 2761 896 2818 defectionem
925 2761 1288 2817 molientem.
1325 2762 1451 2825 Qua
1470 2759 1566 2814 ille
1595 2759 1667 2813 de
1715 2773 1894 2812 causa
1939 2755 2068 2810 vin-

415 2855 546 2906 ctus
570 2850 630 2906 in
663 2851 872 2907 urbem
933 2852 1145 2906 ductus
1201 2849 1481 2905 custodia
1513 2847 1852 2915 mandatur,
1908 2843 2070 2900 omni

417 2939 768 2995 auctoritate
790 2940 850 2994 in
880 2939 1242 3011 Stephanum
1275 2936 1598 2994 translata:
1663 2949 1852 3006 neque
1883 2932 2070 2988 multo

416 3034 552 3100 post
581 3027 777 3084 insula
807 3028 866 3082 in
891 3033 1034 3100 Agar
1049 3044 1292 3083 enorum
1328 3029 1680 3098 potestatem
1706 3021 2070 3092 rediit,ducis

412 3115 731 3189 imperitia,
781 3116 1070 3185 socordia,
1128 3133 1196 3172 ac
1247 3115 1522 3171 sordibus
1563 3112 1879 3184 imprimis,
1947 3109 2072 3166 sola

408 3208 678 3261 Messana
699 3219 851 3278 (quas
880 3210 937 3261 et
966 3206 1098 3276 ipsa
1127 3204 1336 3260 Siciliae
1369 3205 1512 3259 urbs
1544 3202 1677 3274 est).
1703 3200 1917 3256 virtute
1964 3199 2070 3254 Ca-

2171 603 2422 678 κιϐώτία,
2478 612 2672 674 νυκτὸς
2727 612 2855 676 τοὺς
2917 613 2970 669 ἐν
3017 614 3203 678 αὐτοῖς
3256 615 3489 680 ὁπλίτας
3539 614 3837 692 ἐξαγαγεῖν,

2171 699 2261 752 καὶ
2290 701 2389 768 τήν
2421 697 2586 754 πόλιν
2618 701 2781 760 ἐλεῖν.
2823 703 3182 768 Εἷσελθὸντας
3233 703 3328 760 «οὖν
3384 706 3525 780 πρὸς
3583 705 3676 760 τὸν
3731 711 3836 774 τῆς

2173 787 2390 851 πόλεως
2424 792 2730 866 στρατηγὸν
2777 792 2906 858 τοὺς
2951 791 3221 870 ἄρχοντας
3272 794 3582 873 φιλοτίμως
3630 793 3838 854 ἐκεῖνος

2175 875 2410 948 ἐδέξατο.
2445 880 2512 936 Οἱ
2571 878 2618 934 δ’
2660 880 2880 945 ἐκείνοις
2941 883 3333 960 ὑπηρετοῦντες
3395 883 3528 958 μετὰ
3581 887 3686 937 τῶν
3748 903 3844 937 κα-

2179 966 2373 1041 μήλων
2425 963 2502 1024 ἔτι
2551 978 2651 1039 τῆς
2700 971 2917 1035 πόλεως
2951 973 3086 1042 ἦσαν
3126 973 3246 1045 ἔξω.
3281 976 3587 1049 Προσαίτης
3641 969 3700 1027 δέ
3754 993 3842 1034 τις

2174 1058 2460 1133 Ἀρμένιος
2507 1058 2666 1124 εἰδὼς
2711 1062 2801 1116 καὶ
2859 1063 2958 1131 τήν
3022 1058 3270 1138 Ἀράϐων
3321 1059 3606 1118 διάλεκτον
3663 1082 3842 1138 προσ-

2173 1145 2314 1217 ῆλθε
2366 1153 2482 1213 τοῖς
2540 1148 2692 1213 ἐκτὸς
2751 1150 3141 1226 αὐλιζομένοις
3203 1154 3408 1230 ’Ἄραψι
3471 1153 3838 1226 μεταιτήσωνο

2172 1234 2376 1308 ἤκουσε
2406 1236 2464 1293 δέ
2520 1237 2580 1294 ἐκ
2635 1235 2900 1296 κιϐωτίου
2954 1242 3105 1305 τινὸς
3162 1240 3500 1320 ἐρωτῶντος,
3534 1237 3640 1312 ὅπη
3707 1240 3837 1296 είσί·

2172 1328 2263 1383 καὶ
2321 1327 2398 1391 εἰς
2427 1330 2527 1399 τὴν
2579 1327 2744 1385 πόλιν
2805 1330 2979 1387 ἐλθὼν
3037 1331 3346 1409 ἀπήγγειλε
3399 1333 3463 1388 τὸ
3523 1329 3705 1408 δρᾶμα
3757 1335 3845 1404 τῷ

2174 1422 2486 1493 στρατηγῷ.
2529 1419 2592 1476 Ὁ
2653 1416 2711 1474 δὲ
2763 1419 2891 1483 τοὺς
2953 1422 3048 1494 μὲν
3105 1420 3375 1498 ἄρχοντας
3428 1425 3536 1476 τῶν
3584 1413 3844 1496 Ἀράϐων

2176 1506 2595 1582 εὐωχουμένους
2626 1507 2678 1563 ἐν
2732 1513 2801 1584 τῇ
2859 1507 3021 1565 πόλει
3052 1510 3366 1579 κατέλιπεν,
3397 1509 3556 1572 αὐτὸς
3587 1507 3645 1564 δὲ
3697 1509 3844 1583 μετᾶ

2173 1602 2282 1653 τῶν
2333 1599 2456 1675 περὶ
2507 1599 2665 1655 αὐτὸν
2706 1598 2960 1672 ἐξελθὼν,
2992 1601 3178 1657 καὶτὰ
3230 1597 3463 1657 κιϐώτια
3519 1599 3843 1678 διαρρήξας,

2172 1687 2300 1750 τοὺς
2357 1688 2410 1743 ἐν
2472 1688 2655 1751 αὐτοῖς
2713 1689 2939 1754 ὁπλίτας
2972 1691 3279 1748 ἀπέκτεινεν
3329 1693 3586 1761 ἅπαντας,
3617 1691 3704 1746 καὶ
3769 1689 3849 1755 εἷς

2173 1779 2272 1846 τήν
2304 1777 2466 1833 πόλιν
2500 1778 2651 1842 αὖθις
2683 1779 3080 1853 ὑπονοστήσας,
3119 1780 3248 1844 τοὺς
3305 1781 3399 1855 μὲν
3444 1780 3672 1842 λοιποὺς
3717 1783 3836 1834 τῶν

2173 1867 2450 1943 ἀρχόντων
2508 1869 2685 1924 αὐτῶν
2748 1870 3024 1946 μαχαίρας
3074 1869 3220 1926 ἔθετο
3278 1868 3454 1948 ἔργον·
3490 1871 3608 1932 ἐνὸς
3649 1867 3707 1924 δὲ
3739 1869 3844 1932 τὰς

2171 1962 2361 2032 χεῖρας
2421 1955 2823 2029 ἀποτεμὼν,τὰ
2879 1959 2992 2012 ὦτά
3048 1979 3107 2012 τε
3160 1958 3251 2014 καὶ
3299 1959 3397 2027 τήν
3429 1958 3550 2034 ῥῖνα
3602 1957 3844 2036 ἀφῆκεν,

2167 2043 2259 2099 ’ἱνα
2287 2050 2403 2108 τοῖς
2436 2043 2577 2100 οἷ’κοι
2607 2047 2670 2101 τὸ
2701 2051 2862 2120 σῶμα
2889 2047 2990 2116 τὴν
3033 2049 3318 2124 συμφορὰν
3375 2045 3842 2122 καταγγέλλοιεν.

2172 2135 2237 2192 Ὀ
2263 2133 2320 2190 δὲ
2351 2130 2756 2210 Καρχηδόνιος,
2789 2137 2881 2191 τὸν
2913 2133 3138 2212 ὄλεθρον
3192 2142 3303 2192 τῶν
3351 2138 3440 2192 ὑπ’
3468 2136 3633 2192 αὐτοῦ
3689 2157 3846 2210 πεμ-

2175 2224 2412 2289 φθέντων
2473 2223 2548 2288 εἷς
2597 2224 2849 2282 Σικελίαν
2913 2226 3121 2300 μαθὼν,
3168 2225 3328 2289 αὐτὸς
3389 2225 3468 2290 εἷς
3519 2229 3617 2297 τήν
3671 2233 3850 2296 νῆσον

2175 2314 2490 2392 ἐστράτευσε
2551 2315 2686 2388 μετὰ
2744 2312 3028 2389 δυνάμεως
3080 2313 3351 2377 πλείονος.
3385 2315 3485 2370 Καὶ
3543 2316 3571 2370 6
3624 2317 3840 2370 Μανιά-

2174 2425 2278 2473 κης
2360 2401 2958 2478 άντιστρατοπεδεῦεται
3045 2409 3162 2467 τοῖς
3217 2405 3561 2480 Ἀγαρηνοῖς,
3598 2403 3688 2458 καὶ
3761 2401 3847 2476 τῷ

2174 2497 2271 2546 τοῦ
2330 2491 2527 2548 στόλου
2582 2491 2908 2569 κατάρχοντι
2976 2497 3057 2566 τῷ
3113 2493 3382 2568 πατρικίῳ
3441 2495 3703 2568 Στεφάνῳ
3762 2496 3848 2564 τῷ

2175 2586 2273 2636 τοῦ
2337 2580 2606 2658 βασιλέως
2673 2577 2909 2658 γαμϐρῷ
2962 2582 3311 2656 (συνέσταλτο
3370 2583 3474 2658 γὰρ
3528 2581 3620 2637 καὶ
3674 2581 3848 2643 οὗτος

2178 2670 2324 2743 αὐτῷ
2388 2671 2523 2741 μετὰ
2575 2675 2672 2726 τοῦ
2732 2670 2952 2745 στόλου)
2985 2672 3242 2750 ἀσφαλῶς
3296 2678 3486 2747 τηρεῖν
3533 2668 3837 2725 ἐνετείλατο

2175 2762 2275 2830 τήν
2331 2759 2624 2837 παράλιον,
2652 2758 2746 2816 τίνα
2805 2762 2879 2834 μή
2932 2760 3186 2832 ἡττηθεὶς
3234 2759 3369 2824 ἴσως
3402 2761 3431 2816 6
3462 2757 3849 2836 Καρχηδόνιος

2180 2848 2477 2927 ἀποδρᾶναι
2508 2848 2815 2921 δυνήσεται.
2849 2852 3050 2926 Μάχης
3106 2850 3286 2905 τοίνυν
3347 2849 3638 2920 συστάσης,
3696 2846 3852 2918 πλῆ-

2180 2953 2271 3006 θος
2333 2941 2426 3015 μὶν
2481 2945 2589 2996 τῶν
2648 2941 2868 3018 Ἄφρων
2924 2939 3191 3014 ἀνῄρητο,
3238 2937 3432 3016 σχεδόν
3487 2960 3542 2993 τι
3593 2943 3850 3014 κρεῖττον

2177 3031 2267 3086 καὶ
2325 3030 2584 3106 ἀριθμοῦ,
2619 3031 2647 3084 6
2705 3027 2762 3084 δὶ
2818 3029 2991 3085 αὐτῶν
3053 3030 3299 3105 ἀρχηγὸς
3348 3025 3571 3106 διαδρὰς
3634 3027 3693 3082 ὲκ
3743 3030 3852 3096 τῆς

2185 3119 2396 3196 μάχης,
2427 3119 2517 3174 καὶ
2548 3117 2792 3191 κελητίῳ
2846 3113 3171 3192 ἐμϐεϐηκὼς
3221 3115 3403 3173 λαθών
3438 3139 3497 3173 τε
3524 3117 3653 3180 τοὸς
3681 3115 3732 3171 ἐν
3762 3120 3853 3189 τῷ

2181 3209 2363 3283 στόλῳ
2421 3206 2606 3264 οἷ’καδε
2690 3206 3020 3265 διασέσωστο
3070 3212 3247 3267 Τοῦτο
3312 3213 3391 3282 τῷ
3475 3209 3727 3282 Μανιάκῃ
3788 3206 3848 3263 ἰν

406 3271 1010 3351 ῒοοαιοῑιὶελωὺυειῖ
1038 3293 1296 3366 praefecti
1354 3271 1646 3348 Romanis?
1687 3293 2066 3346 conservata:

2181 3301 2464 3378 συμφορὰς
2515 3297 2694 3372 ἥγητο
2756 3298 2927 3373 μέρει,
2959 3298 3049 3353 καὶ
3098 3303 3176 3370 τῷ
3205 3302 3302 3353 τοῦ
3349 3271 3549 3353 στόλου
3608 3271 3850 3372 ἄρχοντι

406 3382 508 3456 qui
538 3383 696 3439 idem
727 3383 914 3439 multa
931 3383 1194 3439 hostium
1221 3381 1408 3437 millia
1438 3379 1670 3437 cecinit.
1703 3380 1778 3434 At
1822 3378 2072 3450 impera-

405 3473 553 3528 toris
583 3474 793 3528 fratrer
821 3473 1004 3544 spado
1033 3471 1314 3537 Joannes,
1340 3470 1717 3542 pontiﬁcatus
1748 3467 2070 3538 cupiditate

409 3561 689 3633 ﬂagrans,
723 3563 1013 3634 quosdam
1045 3578 1114 3617 ex
1163 3560 1463 3633 primariis
1495 3557 1906 3615 sacerdotibus
1956 3555 2069 3612 sibi

412 3650 769 3719 conciliavit,
811 3651 912 3724 qui
967 3651 1019 3706 ei
1060 3649 1494 3724 pollicebantur
1534 3665 1595 3705 se
1624 3647 1749 3704 loco
1808 3650 2071 3703 moturos

413 3739 687 3796 Alexium
745 3741 1172 3813 patriarcham,
1221 3745 1288 3795 ut
1344 3738 1445 3813 qui
1489 3755 1603 3793 non
1651 3737 2071 3793 communibus

418 3829 845 3902 suﬁ'ragiis,sed
877 3830 1254 3903 imperatoris
1276 3828 1621 3885 auctoritate
1643 3833 1874 3883 creatus
1895 3834 2069 3883 esset.

415 3918 516 3975 Ille
544 3936 679 3975 vero
713 3936 726 3974 :
757 3921 840 3992 Si,
874 3919 1293 3992 inquit,contra
1319 3935 1556 3976 canones
1584 3935 1674 3973 me
1692 3917 2074 3990 patriarcham

413 4024 532 4064 esse
553 4010 764 4080 factum
794 4011 1068 4078 asseritis,
1102 4011 1146 4065 ii
1193 4011 1362 4065 etiam
1406 4009 1561 4082 quia
1588 4023 1672 4064 me
1727 4008 1885 4064 electi
1940 4008 2074 4062 sunt

416 4098 530 4155 loco
558 4102 905 4156 moveantur.
967 4099 1030 4155 Id
1093 4114 1434 4172 responsum
1519 4097 1711 4154 effecit
1757 4101 1824 4153 ut
1882 4094 2072 4152 cateri

415 4190 749 4246 sacerdotes
780 4207 815 4244 a
843 4189 1189 4261 patriarchas
1216 4188 1662 4245 accusatoribus
1705 4186 2070 4257 dissidirent,

413 4283 473 4333 et
501 4277 1029 4350 OrphanotrOphus
1061 4279 1255 4350 impos
1277 4279 1397 4334 voti
1431 4278 1767 4333 reddereter
1793 4293 1806 4331 :
1841 4275 1942 4347 qui
1997 4275 2072 4330 ad

416 4373 681 4438 quaestus
729 4368 1146 4441 excogitandos
1194 4367 1624 4432 calidissimus,
1678 4382 1815 4420 cum
1867 4363 2074 4420 multis

415 4455 675 4512 insolitis
727 4458 1137 4514 exactionibus
1194 4456 1470 4513 subditos
1527 4459 1781 4522 vexaret,
1862 4453 2076 4509 accidit

415 4548 483 4600 ut
511 4561 678 4601 soror
705 4548 834 4618 ejus
867 4547 1048 4604 Maria
1085 4545 1395 4603 Michaelis
1425 4544 1762 4616 Cataphataa
1812 4543 1912 4615 qui
1943 4546 2078 4614 post

2177 3387 2532 3465 ἐλοιδορεῖτο.
2560 3392 2667 3442 Τοῦ
2729 3385 2787 3442 δὲ
2825 3391 2895 3463 τῇ
2929 3387 3206 3465 συγγενείᾳ
3229 3391 3296 3461 τῇ
3333 3386 3594 3464 βασιλικῇ
3643 3407 3850 3441 πεποι-

2179 3481 2358 3550 θότος,
2408 3479 2498 3533 καὶ
2560 3474 2992 3553 δυσχεράναντος
3044 3477 3182 3552 πρὸς
3229 3477 3325 3539 τὰς
3387 3470 3590 3550 ὕϐρεις,
3641 3474 3734 3530 καί
3792 3496 3849 3531 τι

2178 3567 2680 3643 ἀνθυπενεγκόντος,
2741 3569 2902 3640 θυμῷ
2973 3565 3206 3637 ληφθεὶς
3283 3567 3311 3621 6
3373 3567 3683 3636 Μανιάκης,
3748 3567 3848 3620 καὶ

2177 3658 2399 3733 πληγὰς
2458 3657 2675 3713 ἐντείνει
2733 3655 2986 3728 αὖτῷ.⁶0
3017 3652 3075 3710 δὲ
3116 3654 3309 3711 αὐτίκα
3355 3655 3550 3733 γράφει
3607 3658 3689 3727 τῷ
3747 3676 3849 3732 γυ-

2179 3745 2524 3824 ναικαδὲλφῳ
2594 3748 2706 3818 (11)
2781 3746 3001 3819 Ἰωάννῃ
3074 3749 3154 3816 τῷ
3254 3743 3502 3818 ἐκτομίᾳ,
3581 3745 3847 3819 Ὀρφανο-

2178 3837 2366 3915 τρόφῳ
2433 3833 2809 3909 ὀνομασθέντι,
2859 3832 3159 3905 ἀποστασία
3225 3833 3524 3909 ἐπιχειρεῖν
3581 3833 3673 3888 τὸν
3729 3840 3845 3890 Μα-

2179 3925 2391 3996 νιάκην.
2441 3925 2707 3980 Ἐντεῦθεν
2768 3923 2796 3978 ὁ
2855 3923 2950 3996 μὶν
3012 3921 3324 3995 Μανιάκης,
3369 3919 3594 3996 δέσμιος
3647 3922 3842 3986 ἐκεῖθεν

2180 4015 2459 4092 ἀναχθεὶς,
2493 4011 2710 4092 φυλακῇ
2755 4011 3056 4087 παρεδόθη,
3088 4016 3124 4084 ἡ
3180 4012 3437 4086 σύμπασα
3481 4010 3527 4068 δ’
3559 4012 3699 4088 ἀρχὴ
3754 4014 3834 4080 τῷ

2181 4105 2436 4182 Στεφάνῳ
2493 4101 2882 4178 περιελήλυθε.
2916 4103 3016 4158 Καὶ
3073 4105 3108 4174 ἠ
3167 4109 3332 4173 νῆσος
3376 4102 3480 4157 οὐκ
3509 4101 3589 4165 εἰς
3636 4100 3833 4176 μακρὰν

2185 4195 2290 4252 ὑπὸ
2367 4193 2494 4257 τοὺς
2556 4192 2893 4269 Ἀγαρηνοὺς
2971 4193 3062 4248 καὶ
3147 4190 3300 4257 αὖθις
3357 4191 3566 4267 ἐγένετο
3624 4187 3844 4264 ἀπειρίᾳ

2180 4285 2270 4340 καὶ
2304 4282 2544 4360 ῥᾳθυμίᾳ
2571 4286 2668 4338 τοῦ
2712 4280 3004 4358 ἄρχοντος,
3036 4280 3127 4336 καὶ
3183 4280 3292 4356 πρὸ
3346 4279 3556 4336 τούτων
3612 4278 3846 4355 αἰσχρο-

2181 4371 2474 4449 κερδείαις,
2513 4371 2685 4446 μόνης
2714 4378 2816 4442 τῆς
2859 4372 3149 4443 Μεσσήνης
3181 4368 3368 4444 (πόλις
3425 4365 3483 4425 δὲ
3539 4367 3674 4440 αὕτη
3734 4372 3847 4422 τῶν

2185 4462 2513 4534 Σικελικῶν)
2587 4460 3026 4540 περιλειφθείσης
3103 4459 3420 4533 Ῥωμαίοις,
3477 4458 3567 4514 καὶ
3645 4456 3853 4528 ταύτης

2183 4557 2281 4608 τοῦ
2343 4550 2395 4606 ἐν
2456 4549 2591 4625 αὐτῇ
2669 4553 3108 4627 στραγηγοῦντος
3156 4546 3514 4626 ἀνδραγαθίᾳ,
3574 4547 3735 4610 οὗτος
3804 4544 3854 4602 δ’

414 4633 728 4706 imperavit
758 4641 964 4706 mater,
1023 4637 1177 4692 votis
1220 4634 1526 4691 exsolutis.
1561 4632 1790 4704 Epheso
1847 4649 2068 4688 reversa

2185 4643 2253 4712 ἦν
2313 4642 2340 4696 ὁ
2399 4638 2742 4714 Κεκαυμένος
2817 4638 3153 4696 Κατακαλών
3184 4657 3198 4672 ·
3261 4637 3322 4694 οὐ
3375 4638 3478 4714 γὰρ
3533 4637 3634 4706 τήν
3683 4635 3854 4692 πόλιν

413 4730 680 4780 narraret
706 4743 881 4797 quam
912 4726 1125 4782 misere
1173 4724 1399 4780 subditi
1429 4722 1595 4780 novis
1643 4721 1764 4778 illis
1822 4721 2074 4779 exactio-

415 4813 592 4870 nibus
612 4818 1028 4884 tractarentur,
1063 4832 1129 4871 ac
1160 4817 1384 4887 peteret
1416 4817 1480 4868 ut
1508 4829 1660 4869 onus
1712 4811 1858 4868 illud
1912 4811 2076 4868 laxa-

414 4905 706 4961 retur.Cui
729 4922 866 4961 cum
889 4905 1178 4962 cachinno
1202 4902 1506 4975 respondit
1527 4901 2074 4974 Orphanotrophus,

2189 4731 2352 4806 μόνον
2410 4728 2822 4808 περιεφύλαξεν,
2854 4727 3001 4785 ἀλλὰ
3054 4727 3145 4784 καὶ
3196 4725 3458 4804 χιλιάδας
3513 4724 3697 4782 ἀνεῖλε
3742 4730 3858 4783 τῶν

2186 4819 2458 4878 ἐναντίων.
2492 4821 2554 4879 Ὀ
2609 4817 2666 4875 δὲ
2729 4823 2828 4875 τοῦ
2885 4816 3156 4896 βασιλέως
3211 4815 3469 4896 ἀδελφὸς,
3503 4817 3531 4871 6
3591 4814 3858 4890 ἐκτομίας

2182 4912 2470 4983 Ἰωάννης,
2501 4909 2829 4988 δριμύνατον
2888 4909 3098 4988 τρέφων
3161 4905 3338 4985 ἔρωτα
3393 4911 3491 4964 τοῦ
3548 4912 3860 4984 προστῆναι

415 5011 545 5051 eam
568 4996 784 5052 sentire
813 4999 880 5050 ut
907 4994 1241 5064 mulierem,
1273 5009 1402 5064 quas
1446 4994 1743 5065 ignoraret
1794 4997 2068 5064 quantam

2181 5009 2285 5072 τῆς
2341 4998 2691 5073 Ἐκδιλησίας,
2736 4999 2908 5062 ἐνίους
2965 5003 3075 5055 τῶν
3130 4995 3435 5076 ἀρχιερέων
3493 4995 3860 5074 προσηταιρί-

415 5084 729 5156 pecuniam
761 5083 1020 5157 postulet
1050 5083 1392 5156 imperium.
1413 5084 1523 5139 Zoe
1551 5099 1686 5139 vero
1732 5081 2068 5154 imperatrix

2186 5111 2338 5164 σατο,
2397 5090 2450 5145 οἳ
2504 5089 2651 5160 αὗτῷ
2709 5085 3122 5166 ἐπηγγέλλοντο
3180 5093 3509 5159 καθαιρῆσᾳι
3585 5086 3678 5142 τὸν
3746 5105 3860 5141 πα-

413 5172 502 5229 illi
523 5174 808 5231 insidiata
828 5191 954 5230 esse
985 5175 1217 5229 fertur:
1271 5173 1497 5229 medico
1555 5172 1714 5228 enim
1775 5173 2068 5245 potionem

2183 5181 2456 5258 τριάρχην
2517 5177 2788 5251 Ἀλέειον,
2843 5178 2918 5242 ὡς
2996 5178 3059 5234 οὗ
3117 5179 3288 5257 ψήφῳ
3344 5181 3516 5251 κοινῷ
3565 5195 3863 5255 προχειρι-

415 5270 764 5336 purgantem
785 5264 839 5318 ei
866 5263 1250 5335 propinaturo
1287 5263 1634 5319 muneribus
1683 5268 1741 5318 et
1788 5262 2068 5335 pollicita-

2188 5272 2396 5341 σθέντα,
2427 5265 2554 5324 ἀλλ’
2585 5267 2796 5341 ἐξουσίᾳ
2845 5266 3129 5343 βασιλικῇ.
3161 5268 3224 5326 Ὁ
3274 5263 3353 5337 δὲ,
3389 5264 3460 5324 Εἴ
3510 5263 3579 5321 οὗ
3633 5286 3856 5322 κανονιο

415 5360 678 5416 tionibus
707 5361 1005 5433 persuasit
1035 5365 1100 5417 ut
1127 5360 1389 5417 toxicum
1419 5377 1525 5433 pro
1585 5359 1828 5418 salutari
1887 5362 2068 5417 medi-

2186 5363 2317 5428 κῶς,
2370 5355 2445 5420 ὥς
2516 5378 2670 5437 φατε,
2729 5356 2928 5435 γέγονα
2999 5357 3375 5434 πατριάρχης,
3435 5353 3704 5426 ἀντέθετο,
3761 5353 3857 5412 καὶ

419 5450 553 5506 cina
571 5451 839 5507 offerret:
871 5451 973 5508 sed
1006 5451 1104 5509 ille
1137 5450 1566 5509 adimadversis
1623 5450 1860 5508 insidiis
1918 5451 2068 5523 peri-

2189 5450 2308 5506 ὅσοι
2399 5449 2526 5524 παρ’
2602 5447 2740 5524 ἐμοῦ
2833 5447 3370 5525 ἐχειροτονήθησαν,
3447 5447 3859 5524 καθαιρεθήτω-

1686 5575 1891 5638 Variae
1938 5575 2238 5638 lectiones
2286 5579 2350 5637 et
2393 5580 2586 5638 notae.

463 5690 722 5784 “(in-T513
753 5693 968 5782 γύναικὶ
998 5689 1241 5772 ἀδελφῷ.
1274 5697 1365 5752 An
1394 5686 1832 5770 γυναικαδὲλφῳ,
1891 5691 2068 5750 ιιχοιιὶι

423 5758 644 5839 ἀοελφῳ
692 5765 924 5840 Ιωαννῃ.

2177 5690 2356 5752 ratri?
2405 5694 2547 5751 Mss.
2605 5690 2770 5767 Regii
2821 5705 3050 5762 omnes,
3079 5684 3143 5748 Ὀ
3198 5682 3257 5745 δὲ
3281 5681 3475 5746 αὐτίκα
3523 5685 3716 5768 γράφει
3773 5685 3856 5761 τῷ
