4126 6404
349 461 470 521 189

1655 450 2068 514 ANNALIUM
2112 451 2256 514 LIB.
2302 451 2494 514 XVII.

3666 460 3782 522 190

349 614 448 649 σαν
503 591 566 648 σὺ
622 589 773 667 ἐμοί.
829 593 1007 649 Τοῦτο
1066 589 1194 654 τοὺς
1265 585 1494 648 λοιποὺς
1548 589 1658 642 τῶν
1710 583 1999 660 ἆρχιερέωι

2127 583 2326 642 sulum
2383 585 2600 645 citavit.
2633 587 2780 646 Cum
2811 592 3007 646 autem
3069 588 3401 664 respublica
3456 590 3541 648 sic
3597 592 3670 648 ab
3715 609 3783 649 eo

351 681 634 738 στασιάσαι
684 680 828 736 κατά
868 685 976 736 τῶν
1027 684 1124 734 τοῦ
1167 675 1513 754 πατριάρχου
1564 671 2014 750 κατηγορούντων

355 773 603 847 ἠρέθισε,
661 771 747 827 καὶ
807 767 1017 845 ἔμεινεν
1078 768 1366 830 ἀτέλεστος
1413 769 1512 822 τοῦ
1570 763 2012 842 Ὀρφανοτρόφου

359 864 398 931 ὴ
458 860 668 940 ἔφεσις.
726 858 976 922 Πολλαῖς
1035 857 1093 915 δὲ
1149 857 1238 914 καὶ
1297 859 1614 928 ἀσυνήθεσιν
1674 851 2010 929 είσπράζεσιν

365 952 523 1013 οὗτος
576 949 822 1026 ἐξέτρυχε
866 950 932 1005 τὸ
987 949 1252 1020 ὑπήκοον,
1302 947 1690 1022 ποριμώτατος
1738 942 1788 997 ἐν
1828 940 2011 996 τοιού-

361 1062 476 1102 τοις
504 1040 813 1115 γενόμενος.
860 1045 968 1109 Τῆς
1025 1035 1116 1093 οὖν
1170 1035 1413 1116 ἀδελφῆς
1468 1034 1630 1090 αὑτοῦ
1687 1031 1920 1108 Μαρίας,
1973 1029 2010 1100 ἢ

363 1131 545 1203 μήτηρ
598 1129 665 1198 ἠν
708 1132 808 1184 τοῦ
872 1128 1091 1202 ὕστερον
1147 1124 1567 1203 βασιλεύσαντος
1623 1119 1858 1196 Μιχαὴλ
1916 1123 2012 1174 τοῦ

356 1216 707 1296 Καλαφάτου,
761 1216 832 1273 δι’
886 1216 1056 1293 εὐχὴν
1107 1216 1183 1279 εἰς
1231 1217 1462 1292 Ἔφεσον
1511 1209 1880 1281 ἀπελθούσης,
1919 1209 2012 1263 κά-

2129 674 2596 745 administratur,
2659 679 2866 734 fratres
2926 679 3054 748 eius
3123 695 3239 735 non
3301 679 3498 735 minus
3573 698 3782 738 omnes

2122 765 2518 836 exagitabant,
2541 767 2810 824 homines
2832 767 3214 839 injustissirni
3274 773 3332 824 et
3397 770 3775 827 avarissimi:

2124 870 2271 925 quos
2301 870 2434 910 cum
2466 855 2785 927 imperator
2828 857 3003 913 etiam
3055 875 3123 914 ea
3153 859 3223 913 de
3297 875 3475 915 causa
3533 860 3774 926 odisset,

2123 946 2322 998 tamen
2381 945 2570 1015 major
2617 946 2795 1002 frater
2823 948 3006 1018 spado
3073 947 3328 1004 Joannes
3370 965 3469 1004 eos
3527 950 3777 1004 coerceri

2124 1050 2238 1089 non
2273 1033 2624 1106 patiebatur,
2658 1035 2804 1092 alias
2835 1038 3194 1106 excusando,
3217 1037 3364 1092 alias
3394 1041 3642 1109 tegendo
3665 1043 3668 1047 ’
3689 1040 3775 1094 fa-

2121 1121 2321 1177 cinora
2352 1138 2577 1194 eorum,
2611 1141 2684 1179 ne
2713 1126 2785 1180 ad
2816 1125 3208 1198 cognitionem
3233 1126 3608 1199 imperatoris
3648 1146 3778 1201 per-

2119 1211 2409 1267 venirent.

353 1309 528 1364 κεῖθεν
579 1304 1013 1378 ἐπανελθούσης,
1071 1307 1159 1362 καὶ
1219 1302 1589 1382 διηγουμένης
1648 1299 1747 1356 ὅσα
1806 1298 2069 1376 πάσχοιεν
2125 1299 2177 1354 οἱ
2226 1297 2487 1372 πένητες,
2545 1321 2638 1363 ττς
2695 1303 2884 1364 καινὰς
2942 1299 3314 1381 δασμοφορίας
3367 1305 3775 1379 πραττόμενοι,

347 1395 441 1452 καὶ
502 1395 766 1468 ἀξιούσης
831 1396 1088 1465 ἀνεθῆναι
1138 1399 1261 1457 τοῖς
1321 1391 1588 1465 ὑπηκόοις
1643 1391 1706 1446 τὸ
1761 1387 1858 1444 του
1917 1388 2121 1464 ἄχθους
2171 1386 2394 1458 πολὺ,ὁ
2450 1389 2880 1468 Ὁρφανοτρόφος
2932 1391 3318 1468 ἐπικαγχάσας,
3351 1393 3440 1455 Ὡς
3465 1394 3602 1468 γυνή
3638 1414 3778 1472 φρο-

342 1491 484 1554 τεῖς,
548 1486 911 1559 ἀνταπεκρίθη
973 1483 1132 1559 αὐτῇ,
1167 1485 1244 1558 μή
1296 1481 1471 1539 εἱδυῖα
1528 1481 1670 1536 ὅσων
1730 1480 1765 1549 ἡ
1823 1475 2071 1552 βασιλεία
2129 1473 2297 1532 δεῖται
2357 1475 2758 1552 ἀναλωμάάων.
2819 1479 2991 1544 Οὗτος
3049 1477 3501 1552 ἐπιϐουλευθῆναι
3560 1481 3774 1560 λέγεται

342 1575 497 1652 παρὰ
545 1579 648 1641 τῆς
704 1573 1028 1651 βασιλίσσης
1079 1580 1254 1644 Ζωῆς.
1337 1574 1724 1649 Φαρμακεῢσαι
1781 1567 1886 1643 γὰρ
1963 1565 2123 1622 αὑτὸν
2183 1566 2462 1652 καθαρσίῳ
2512 1573 2609 1623 τοῦ
2665 1571 2854 1644 ἰατροῦ
2914 1569 3266 1644 μέλλοντος,
3327 1571 3606 1626 ἀναπεῖσαι
3681 1572 3772 1627 τὸν

341 1651 772 1740 φαρμακεύοντα
825 1661 1025 1737 δώροις
1051 1661 1141 1717 καὶ
1199 1661 1524 1737 ὑποσχέσεσι
1585 1655 1675 1713 διά
1725 1677 1888 1712 τινων
1919 1656 2019 1724 τήν
2083 1651 2398 1730 βασίλισσαν
2451 1655 2564 1712 ἀντὶ
2629 1658 2902 1734 σωτηρίου
2959 1665 3335 1736 προσενεγκεῖν
3394 1660 3539 1732 αύτῷ
3593 1658 3777 1732 δηλη-

337 1753 563 1824 τήριον·
596 1751 933 1827 γνωσθέντος
965 1750 1021 1806 δὲ
1047 1755 1149 1807 τοῦ
1181 1750 1637 1827 ἐπιχειρήματος,
1683 1742 1960 1820 διαδρᾶναι
2018 1744 2109 1798 τὸν
2168 1741 2442 1802 κίνδυνον.
2500 1744 2657 1802 Ἀλλ’
2705 1747 2846 1803 οὕτω
2909 1748 3004 1822 μὲν
3059 1749 3207 1824 παρά
3260 1753 3356 1804 τοῦ
3411 1748 3773 1827 Ὀρφανοτρό-

341 1862 452 1903 φου
513 1841 763 1898 Ἰωάννου
820 1842 890 1897 τὰ
968 1841 1122 1896 κοινά
1179 1841 1531 1914 ᾠκονόμητο·
1618 1838 1682 1892 οὑ
1772 1838 1930 1909 μεῖον
2017 1829 2066 1887 δ’
2133 1830 2339 1889 ἐκείνου
2415 1836 2467 1889 οἱ
2550 1833 2778 1914 ἀδελφοὶ
2867 1838 3053 1910 αὐτοῦ,
3114 1835 3260 1893 ἀλλά
3350 1837 3560 1912 μᾶλλον
3651 1837 3773 1893 ἐκά-

337 1951 476 1985 κουν
539 1929 876 2004 ξύμπαντας,
942 1928 1269 1985 ἀδικώτατοι
1324 1925 1468 1990 ὄντες
1525 1927 1616 1982 καὶ
1674 1920 2265 2004 φιλοχρηματώτατον
2315 1925 2396 1984 οἷς
2456 1921 2544 1978 διὰ
2598 1930 2763 1980 ταῦτα
2815 1928 2907 1981 καὶ
2967 1927 2995 1982 ὁ
3059 1926 3314 2004 βασιλεὺς
3373 1927 3722 2003 ἀπηχθάνετο
3757 1946 3770 1961 ’

339 2018 654 2075 ἀναστεῖλαι
713 2017 770 2074 δὲ
825 2020 926 2090 τήν
1001 2020 1194 2075 κακίαν
1266 2019 1454 2082 αὐτοῖς
1529 2016 1592 2072 οὐ
1645 2016 2008 2088 συνεχωρεῖτο
2067 2011 2214 2085 παρὰ
2267 2015 2364 2066 τοῦ
2425 2012 2668 2084 μείζονος
2730 2011 2970 2090 ἀδελφοῦ
3025 2020 3122 2070 τοῦ
3180 2015 3439 2088 έκτομίου
3493 2017 3770 2087 Ἰωάννου,

336 2109 480 2164 ποτε
515 2109 608 2183 μὲν
664 2108 1105 2182 παραιτουμένου
1165 2106 1381 2177 αὐτοὺς,
1441 2107 1574 2162 ποτε
1631 2102 1690 2159 δὲ
1735 2107 1830 2166 τὰς
1890 2100 2066 2172 αὐτῷν
2118 2100 2338 2176 πράξεις
2390 2101 2908 2178 περικαλύπτοντος,
2966 2105 3056 2160 καὶ
3115 2103 3214 2160 οὐκ
3270 2104 3468 2169 ἐῶντος
3529 2105 3603 2168 εἷς
3634 2111 3770 2180 γνῶ-

338 2221 428 2254 σιν
456 2197 612 2268 ἥκειν
642 2203 721 2271 τῷ
755 2197 1137 2275 αὐτοκράτορι·

415 2291 512 2356 Ις’.
544 2287 681 2361 Ἤδη
719 2287 779 2344 δὲ
826 2296 930 2361 τῆς
977 2289 1138 2345 νόσου
1188 2287 1605 2362 νεανιευομένης
1652 2285 1764 2358 (12)
1797 2286 1877 2355 τῷ
1911 2281 1999 2358 βα-

2190 2284 2342 2340 289
2401 2285 2550 2343 XVI.
2625 2290 2909 2344 Ceterum
2983 2289 3186 2345 morbo
3244 2287 3656 2360 invalescente,
3713 2292 3772 2344 et

333 2377 539 2452 σιλεῖ,
598 2381 690 2434 καὶ
745 2379 894 2453 θαμά
957 2385 1058 2449 τῆς
1113 2383 1208 2434 νοῦ
1271 2377 1633 2456 λογιζομένου
1688 2375 2008 2450 παραφορᾶς

333 2468 492 2541 αὐτῷ
547 2466 834 2538 ἐπιούσης,
890 2464 1014 2524 οὔτε
1069 2465 1330 2544 προόδοις
1378 2469 1490 2540 (13)
1539 2463 1805 2541 ἐκέχρητο
1855 2481 2006 2515 συνε-

333 2563 483 2634 χῶς,
516 2553 643 2612 οὔτε
677 2554 980 2633 βασιλείοις
1004 2562 1276 2631 πομπαῖς,
1314 2553 1426 2611 οὔτ’
1467 2555 1519 2610 ἐν
1636 2575 1792 2628 μασιν
1835 2549 2006 2626 ἐχρη-

335 2649 541 2723 μάτιζε
566 2651 646 2720 τῷ
682 2646 948 2723 βασιλείῳ
999 2648 1176 2721 θρόνῳ
1227 2644 1412 2710 ἄνετος
1458 2643 1809 2721 ἐφεζόμενος,
1860 2637 2006 2695 ἀλλὰ

330 2734 807 2814 παραπετάσματα
864 2737 989 2812 περὶ
1048 2735 1208 2790 αὑτὸν
1278 2734 1609 2809 ἀπῃώρηντο
1647 2779 1661 2804 ,
1719 2729 1808 2786 καί
1861 2749 2005 2790 τινες

338 2823 622 2901 ἐπιτηρεῖν
659 2824 983 2900 τεταγμένοι
1027 2823 1187 2880 αὑτὸν
1241 2823 1608 2901 περιίσταντο,
1643 2822 1718 2890 οἳ,
1770 2818 2006 2890 ὁπηνίκα

342 2934 397 2968 τι
423 2918 653 2987 σημεῖον
691 2911 834 2968 εἶδον
867 2919 969 2984 τῆς
1011 2917 1110 2968 τοῦ
1165 2917 1260 2968 νοῦ
1298 2917 1653 2988 παρατροπῆς
1684 2907 1891 2978 (πολλὰ
1947 2903 2006 2960 δὲ

348 3002 542 3070 ταύτην
591 3001 742 3074 αὖτῷ
788 3004 1184 3077 προεμήνυον),
1235 2999 1415 3057 εἷλκον
1465 2999 1547 3055 ἐπ’
1595 3001 1798 3054 ἐκεῖνον
1849 2993 2005 3056 εὐθὺς

352 3091 416 3145 τά
453 3092 949 3168 παραπετάσματα,
998 3093 1087 3146 καὶ
1141 3090 1358 3155 τούτοις
1402 3090 1494 3145 τὸν
1553 3091 1833 3164 πάσχοντα
1874 3105 2006 3160 συγο

338 3179 739 3251 καλύπτοντες,
803 3179 992 3254 ἐξιέναι
1038 3185 1156 3244 τοῖς
1205 3185 1539 3256 παρεστῶσιν
1609 3175 2002 3233 ἐνεκελεύοντο.

329 3272 434 3342 Τῷ
487 3267 546 3324 δὲ
606 3269 807 3345 ἀθρόον
861 3291 920 3326 τε
974 3271 1037 3326 τὸ
1075 3269 1247 3335 πάθος
1281 3269 1460 3344 ἆπῄει,
1499 3268 1590 3324 καὶ
1639 3267 1834 3344 ἀθρόον
1877 3263 2003 3343 ἀφί-

332 3380 531 3417 στατο.
581 3357 766 3422 Οὕτως
817 3359 909 3414 οὖν
961 3354 1106 3435 ἔχων
1158 3361 1186 3414 ὁ
1237 3358 1471 3435 Μιχαὴλ
1518 3358 1657 3414 κατὰ
1707 3354 1886 3433 βραχὺ
1911 3354 2002 3410 καὶ

313 3451 424 3504 τοῦ
456 3449 586 3524 ὁρᾷν
613 3449 713 3520 τὴν
751 3445 1078 3524 βασίλισσαν
1123 3447 1216 3503 καὶ
1263 3451 1360 3504 τοῦ
1406 3447 1686 3522 προσιέναι
1717 3445 2002 3520 ἀπείχετο,

327 3536 371 3608 ἢ
407 3535 763 3612 αῗδούμενος,
815 3539 897 3594 δτι
949 3539 1040 3592 οἴα
1091 3536 1204 3592 ἀνθ’
1248 3535 1377 3593 οτίων
1422 3537 1563 3610 αὐτῇ
1609 3532 2000 3591 ἀνταπέδωκεν·

322 3630 362 3697 ἢ
401 3626 514 3697 ὅτι,
540 3627 689 3701 θαμά
737 3626 827 3682 καὶ
878 3626 1206 3701 ἑτοιμότατοι
1256 3630 1351 3682 τοῦ
1398 3625 1793 3718 πάθουςᾼαύτῷ
1826 3623 2000 3698 ἐπιγι-
2030 3651 2073 3718 C

323 3715 593 3790 νομένου,
645 3717 918 3793 ᾐσχύνετο
967 3716 1195 3791 πάσχων
1249 3715 1392 3771 οὕτω
1442 3717 1569 3793 παρ’
1617 3713 1828 3786 ἐκείνης
1870 3715 1999 3791 ὁρᾶ-

327 3818 482 3871 σθαι·
520 3805 555 3876 ἤ
591 3802 681 3860 διὰ
731 3806 792 3862 τὸ
841 3806 942 3874 τὴν
990 3801 1092 3878 ἕξιν
1143 3809 1240 3861 τοῦ
1292 3803 1547 3879 σώματος
1596 3802 1876 3882 διεφθάραι
1921 3804 1995 3876 οἱ,

316 3896 412 3951 καὶ
465 3895 608 3970 πρὸς
663 3893 808 3969 μίξιν
867 3895 943 3968 μὴ
997 3895 1331 3972 πεφυκέναι.
1384 3896 1556 3950 Ἔνιοι
1606 3891 1664 3949 δέ
1713 3914 1868 3972 φασιν
1920 3893 1997 3955 ὡς

324 3981 561 4061 ἀνδράσι
608 3988 1000 4058 πνευματικοῖς
1054 3983 1611 4059 ἐξομολογησάμενος
1655 3983 1719 4038 τὸ
1745 3989 1847 4052 τῆς
1882 4002 2000 4056 μοι.

325 4073 491 4150 χείας
522 4073 613 4128 καὶ
672 4077 770 4129 τοῦ
822 4072 984 4151 φόνου
1034 4077 1132 4128 τοῦ
1185 4071 1452 4150 βασιλέως
1498 4073 1820 4148 ἁμάρτημα,
1869 4077 1997 4145 παρ’

331 4161 550 4218 ἐκείνων
616 4158 792 4225 ἄλλας
837 4183 897 4218 τε
927 4159 1140 4233 ἐδέξατο
1193 4161 1435 4235 ἐντολὰς,
1487 4161 1576 4217 καὶ
1617 4165 1715 4217 τοῦ
1772 4158 1998 4236 ἀφροδι-

341 4251 467 4306 σίων
525 4252 872 4328 ἀπέχεσθαι·
934 4249 1078 4307 ἔνθεν
1137 4272 1222 4306 τοι
1293 4251 1383 4306 καὶ
1443 4248 1712 4314 διαδόσεις
1759 4249 1995 4306 ἐποιεῖτο

335 4344 644 4416 χρημάτων
696 4339 950 4411 πολλῶν,
1010 4342 1101 4397 καὶ
1161 4345 1383 4415 σεμνεῖα
1439 4338 1739 4416 ᾠκοδόμει,
1788 4339 1880 4394 καὶ
1920 4339 1996 4405 εἰς

329 4429 732 4503 Θεσσαλονίκην
815 4428 1072 4502 ἀπῆλθε,
1136 4435 1234 4486 τοῦ
1311 4429 1634 4487 καλλινίκου
1719 4430 1995 4508 μάρτυρος

320 4520 654 4595 Δημητρίου
686 4517 968 4595 δεόμενος,
997 4517 1090 4576 ’ίνα
1143 4542 1198 4576 τι
1251 4524 1350 4577 τοῦ
1402 4522 1612 4584 πάθους
1670 4517 1800 4598 εὕρῃ
1865 4517 1994 4576 ἀλέ-

320 4613 498 4684 ξημα.
533 4615 619 4683 Τῷ
671 4607 728 4666 δὲ
771 4610 862 4666 καὶ
893 4609 1052 4674 νόσος
1104 4607 1328 4688 ὑδερική
1367 4611 1746 4688 προσεγένετο.
1779 4612 1864 4674 ’Θς
1899 4611 1991 4667 οὖν

321 4699 507 4765 οὕτως
563 4697 762 4777 ἔχοντα
817 4699 912 4755 τὸν
967 4697 1201 4779 ἀδελφὸν
1254 4700 1457 4778 ὲώραὸ
1507 4699 1782 4773 Ἰωάννης,
1815 4697 1994 4764 δείσας

315 4789 454 4864 περὶ
484 4793 554 4864 τῇ
591 4787 862 4866 βασιλείᾳ,
922 4791 1024 4864 μή,
1075 4789 1274 4866 ἀθρόον
1304 4790 1559 4855 θανόντος
1607 4795 1704 4846 τοῦ
1734 4789 1995 4867 αὐτοκρά-

316 4900 517 4957 τορος,
571 4877 659 4935 ἐπὶ
706 4883 776 4955 τῇ
828 4883 952 4946 Ζωῆ
1005 4876 1223 4958 γένηται
1283 4880 1358 4943 ὡς
1413 4879 1750 4957 κληρονόμῳ
1799 4879 1991 4951 αὑτῆς,

315 4970 608 5034 κάντεῦθεν
638 4969 804 5034 αὐτός
832 4990 891 5024 τε
930 4969 1019 5025 καὶ
1063 4969 1127 5026 τὸ
1174 4971 1328 5046 γένος
1377 4970 1507 5027 δλον
1559 4970 1637 5034 εἰς
1668 4969 1989 5047 έζολόθρευ-

2119 2373 2335 2429 mentis
2368 2375 2718 2434 alienatione
2746 2379 2960 2450 sapius
3015 2379 3348 2446 invadente,
3410 2395 3602 2450 neque
3657 2378 3770 2433 fre-

2119 2468 2365 2534 quenter
2411 2465 2470 2520 in
2529 2465 2834 2537 publicum
2907 2468 3125 2540 prodiit
3180 2467 3518 2540 imperator,
3579 2482 3769 2539 neque

2118 2568 2332 2624 pompa
2357 2554 2516 2627 regia
2547 2573 2691 2612 usus
2719 2561 2828 2625 est,
2862 2573 3051 2629 neque
3079 2574 3324 2613 securus
3353 2557 3412 2612 in
3436 2554 3581 2612 solio
3604 2557 3765 2626 regio

2116 2642 2326 2698 sedens
2357 2660 2640 2716 responsa
2665 2645 2852 2702 deditt
2881 2648 2981 2702 sed
3015 2645 3143 2702 vela
3174 2647 3394 2723 circum
3446 2663 3759 2718 suspensa,

2113 2731 2155 2786 ii
2187 2732 2291 2804 qui
2333 2733 2504 2807 signa
2547 2734 2689 2790 mall
2743 2735 3114 2792 adventantis
3171 2735 3563 2791 observabant
3611 2736 3764 2806 (quae

2115 2823 2351 2892 quidem
2374 2825 2679 2897 complura
2711 2831 2918 2896 erant),
2943 2827 3350 2882 animadversa
3379 2824 3595 2880 mentis
3627 2825 3766 2880 alie-

2116 2913 2374 2979 natione,
2408 2914 2609 2970 statim
2641 2915 3036 2983 obducebant,
3068 2921 3126 2970 et
3177 2920 3444 2971 astantes
3495 2915 3768 2969 secedere

2106 3002 2413 3072 jubebant.
2452 3003 2506 3059 Is
2534 3020 2667 3059 vero
2701 3005 2942 3060 morbus
2974 3009 3041 3060 ut
3071 3005 3266 3060 subito
3294 3005 3622 3070 accedebat,
3682 3002 3765 3058 ita

2113 3091 2289 3146 etiam
2322 3092 2521 3148 subito
2551 3093 2878 3149 recedebat.
2914 3093 3008 3150 Sic
3039 3095 3280 3150 affectus
3327 3092 3570 3148 Michael
3617 3109 3768 3164 pau-

2112 3178 2277 3235 latim
2309 3197 2344 3237 a
2372 3186 2687 3253 canspectu
2715 3187 2772 3238 et
2801 3199 3037 3239 accessu
3071 3182 3462 3255 imperatricis
3506 3181 3764 3238 abstine-

2111 3269 2232 3337 bat,
2265 3285 2368 3325 seu
2397 3271 2770 3340 verecundia,
2802 3273 2958 3343 quod
2990 3288 3094 3345 pro
3127 3271 3306 3328 tantis
3331 3270 3555 3327 meritis
3587 3269 3766 3326 talem

2112 3359 2164 3415 ei
2194 3360 2446 3432 gratiam
2469 3367 2794 3433 reponeret,
2827 3379 2931 3418 seu
2963 3363 3205 3434 pudore,
3231 3377 3302 3417 ne
3333 3362 3393 3416 in
3423 3361 3627 3416 morbo
3659 3376 3767 3415 suo

2111 3464 2228 3520 quo
2258 3449 2586 3522 saepissime
2614 3458 2667 3506 et
2698 3451 2892 3507 subito
2924 3451 3370 3524 corripiebatur,
3401 3451 3473 3506 ab
3505 3465 3572 3506 ea
3607 3450 3766 3506 vide-

2112 3543 2291 3610 retur,
2325 3556 2427 3596 seu
2451 3540 2525 3596 ob
2556 3546 2961 3612 corrumptum
2995 3540 3256 3612 corporis
3291 3540 3578 3606 habitum,
3603 3543 3660 3594 et
3693 3539 3765 3593 ad

2111 3628 2483 3700 conjugalem
2514 3631 3003 3686 consuetudinem
3027 3630 3154 3701 jam
3186 3629 3470 3700 ineptum.
3513 3627 3765 3694 Quidam

2109 3733 2248 3774 vero
2278 3719 2444 3774 aiunt
2474 3735 2607 3774 eum
2631 3719 3008 3775 confessariis
3037 3722 3094 3774 et
3144 3718 3502 3774 adulterium
3563 3721 3622 3773 et
3649 3733 3760 3772 caa-

2108 3807 2240 3864 dem
2274 3807 2646 3881 imperatoris
2677 3809 3037 3876 confessum,
3065 3825 3198 3864 cum
3240 3807 3351 3863 alia
3382 3807 3458 3863 ab
3487 3807 3572 3863 eis
3615 3823 3763 3880 prae-

2106 3901 2276 3969 cepta
2317 3899 2634 3971 accepisse,
2694 3903 2820 3954 tum
2880 3903 2946 3953 ut
2977 3915 3037 3953 re
3097 3915 3343 3953 venerea
3394 3897 3760 3953 abstineret:

2106 3986 2431 4059 eademque
2454 3987 2524 4042 de
2556 4004 2735 4043 causa
2770 3987 3025 4043 multum
3057 3988 3318 4060 pecuniae
3351 3987 3654 4058 erogabat,
3705 3990 3763 4040 et

2105 4091 2303 4132 sacras
2329 4077 2480 4132 aedes
2513 4077 2866 4145 exstruebat,
2901 4081 2960 4133 et
2979 4078 3050 4132 ad
3093 4076 3378 4149 inclytum
3438 4080 3758 4148 martyrem

2106 4164 2464 4221 Demetrium
2494 4164 2977 4222 Thessalonicam
3027 4165 3536 4238 peregrinabatur,
3597 4164 3762 4220 illius

2106 4253 2673 4327 malidepulsionem
2702 4272 2896 4312 orans.
2950 4257 3170 4310 Verum
3223 4255 3296 4310 ad
3366 4254 3517 4310 illud
3577 4254 3757 4309 etiam

2104 4341 2360 4416 hydrOps
2387 4342 2653 4399 accessit.
2704 4343 2839 4408 Quas
2896 4359 3031 4398 cum
3083 4343 3266 4399 frater
3317 4343 3447 4414 ejus
3502 4345 3760 4398 Joannes

2102 4433 2323 4488 videret
2356 4449 2369 4487 :
2403 4433 2623 4488 veritus
2655 4449 2728 4489 ne
2754 4448 2820 4489 eo
2854 4433 3046 4489 subito
3077 4432 3382 4504 exstincto,
3441 4431 3759 4504 imperium

2104 4522 2175 4578 ad
2233 4523 2387 4578 Zoen
2435 4522 2572 4593 jure
2623 4521 2994 4578 haereditario
3051 4522 3288 4592 rediret,
3339 4522 3584 4594 ipseque
3621 4538 3759 4579 cum

2103 4613 2267 4669 omni
2315 4612 2542 4668 familia
2597 4613 3042 4684 exstirparetur,
3103 4611 3508 4685 probabilibus
3566 4612 3760 4668 verbis

2102 4702 2442 4776 imperatori
2476 4702 2810 4774 persuadet,
2844 4706 2910 4758 ut
2952 4707 3224 4774 nepotem
3283 4718 3353 4759 ex
3408 4717 3606 4759 sorore
3651 4701 3763 4757 Mi—

2100 4792 2358 4849 cbaelem
2387 4793 2448 4848 in
2479 4792 2712 4864 imperii
2747 4791 3184 4848 successionem
3215 4795 3496 4849 Caesarem
3551 4791 3755 4864 appel-

2102 4882 2230 4938 let:
2281 4883 2452 4954 cujus
2511 4883 2652 4954 quia
2679 4883 2791 4938 Zoe
2826 4881 3012 4938 haeres
3040 4887 3184 4939 erat.
3249 4887 3313 4938 ut
3366 4882 3589 4938 dictum
3646 4885 3758 4952 est,

2100 4972 2264 5030 illam
2295 4989 2527 5046 quoque
2557 4978 2680 5029 arte
2703 4975 2937 5030 tractat.
2993 4973 3074 5029 [ta
3131 4976 3460 5029 matronam
3481 4971 3754 5043 mobilem

316 5081 408 5116 σιν
471 5057 718 5134 γένηται,
785 5057 991 5133 μέτεισι
1043 5059 1134 5116 τὸν
1194 5059 1569 5138 αὐτοκράτορα
1623 5060 1987 5134 πιθανότησι,

2110 5031 2352 5120 matrem
2383 5031 2663 5136 ignobilis
2693 5062 2860 5135 pueri
2882 5063 3327 5134 fingunt.Ambo
3367 5031 3525 5118 enim
3546 5062 3758 5118 fratres

314 5148 415 5207 καὶ
445 5148 624 5214 πείθει
667 5148 759 5205 τὸν
809 5145 1136 5228 ἀδελφιδοῦν
1177 5148 1365 5223 αὑτοῦ,
1414 5150 1507 5207 τὸν
1558 5149 1820 5227 Μιχαὴλ,
1851 5171 1987 5228 προ-

2100 5171 2170 5211 ea
2195 5155 2266 5210 de
2296 5169 2358 5213 re
2387 5169 2524 5211 cum
2553 5152 2659 5212 illa
2688 5151 2986 5226 collocuti,
3013 5151 3357 5211 Michaelem
3409 5151 3598 5208 ﬁlium
3630 5152 3760 5223 ejus

1597 5305 1804 5372 Varia)
1847 5307 2152 5372 lectiones
2195 5314 2257 5372 et
2298 5313 2489 5371 notae.

396 5454 516 5529 (12)
575 5447 717 5526 Ἤδη
778 5451 837 5510 δὲ
913 5459 1014 5530 τῆς
1081 5455 1282 5530 νόσου
1328 5454 1767 5530 νεανιευομένηςγ.
1827 5460 1991 5530 Idem

319 5528 556 5605 Psellus
585 5531 656 5587 de
689 5530 894 5605 morbo
947 5529 1323 5605 imperatoris
1355 5547 1374 5605 ξ
1399 5529 1505 5605 Καὶ
1532 5528 1710 5605 ὁμὲν
1735 5528 1992 5605 βασιλεὺς

324 5599 506 5676 ὑδέρῳ
556 5598 1128 5680 Δτεεριεπετιττώὶιιει,ὀύ
1184 5598 1479 5680 περιοδικῇ
1557 5598 1820 5680 φρενίτιδι
1871 5599 1992 5680 Eata;

369 5665 500 5748 vavi
545 5665 655 5728 εἷ’τὲ
707 5671 855 5748 τινὸς
902 5665 1169 5748 βασκανίᾳ
1203 5665 1497 5748 ,δαίμονός-
1544 5665 1813 5748 πόνηροὺ,
1855 5675 1990 5730 αὐτὸ

369 5695 482 5743 νεν,
545 5695 655 5728 ειτε
707 5695 855 5734 τινος
902 5695 1169 5748 pamuth
1227 5695 1486 5747 οαιμονος
1544 5695 1813 5748 πονηρου,
1855 5695 1990 5730 αυτο

325 5695 426 5834 δὴς
450 5747 513 5800 τὸ
546 5751 657 5834 Ιτῆς
697 5746 882 5834 ψυχῆς
931 5743 1258 5834 ἡγεμονικὸν
1285 5745 1727 5834 περιτρέποντος,
1756 5745 1864 5803 εἲετε
1891 5750 1990 5803 τοῖ.»⁹

331 5745 398 5816 δὴ
450 5747 513 5800 τὸ
553 5751 657 5815 τῆς
697 5746 769 5819 ψυ
815 5745 967 5814 ἦς“ἡ
1008 5745 1258 5818 εμονικὸν
1285 5745 1724 5834 περιτρέποντος,
1756 5745 1864 5803 εἲετε
1891 5750 1987 5803 τοῦ

331 5815 666 5896 μελαντέρου
721 5764 822 5886 κσῖί¹
863 5764 1230 5894 γεωδεστίρου
1286 5837 1472 5895 χυμου
1524 5817 1613 5875 ἰπὶ
1667 5819 1768 5890 τὴν
1823 5838 1987 5897 κεφα-

2101 5455 2216 5536 λὴνΔ
2241 5460 2647 5536 ἆμαλυροβντος,
2672 5456 2762 5512 οἶα
2812 5451 2992 5536 δὴ..τᾶ
3036 5454 3236 5536 πολλάΔ
3268 5457 3503 5536 γίνεσθαι
3546 5455 3755 5536 εἴωθενο

2101 5532 2134 5619 ὑ
2165 5528 2828 5619 μέν’ρῦνῇἀμφοτέρωθεν
2861 5528 3107 5619 ’ἔκαμνεξ
3153 5532 3242 5586 καὶ
3281 5528 3350 5587 ’τὸ
3401 5531 3611 5609 ἐνεργὸν
3661 5534 3761 5598 τῆς

2104 5599 2393 5680 βασιλείας⁸
2413 5599 2504 5657 διὰ
2529 5599 2632 5680 τῇς
2656 5599 2820 5680 νόσου
2849 5599 3248 5680 ἀποσεσύλητο.

2099 5671 2145 5804 'n
2171 5671 2456 5825 (ἐ3)ψοὕτε
2482 5671 2731 5751 πρόδοις,
2762 5678 2872 5733 etc.
2893 5675 3040 5735 Vide
3068 5671 3244 5735 Glass.
3273 5676 3672 5737 med.Gr$c.in
3701 5692 3755 5734 v.

2150 5769 2180 5825 ρ
2217 5769 2282 5805 κυ
2334 5768 2397 5811 ις.

2150 5768 2397 5826 ροκυψις.
