4126 6378
288 406 410 466 197

1631 397 2045 461 ANNALIUM
2089 399 2238 459 LlB.
2284 399 2474 462 XVII.

3621 414 3738 478 198

292 534 587 598 ἀνύοντος.
671 534 739 592 Ὀ
800 533 896 608 μὲν
951 534 1052 610 γὰρ
1116 528 1374 609 βασιλεὺς
1439 526 1673 606 Μιχαὴλ
1733 527 1968 604 Καίσαρα

2085 530 2408 604 imperator
2430 535 2716 592 Caesarem
2760 537 2930 595 illum
2965 539 3202 612 quidem
3262 542 3613 616 appellarat,
3670 551 3738 606 ut

292 630 496 680 τοῦτον
575 621 860 697 ἰτίμησεν,
940 622 1016 686 ὡς
1098 619 1524 698 προγέγραπται,
1605 619 1716 674 εἶτα
1788 617 1971 694 ὥσπερ

309 713 791 789 μεταμελόμενος,
854 711 914 768 οὐ
973 711 1228 788 χρηστὴν
1303 709 1440 786 πρὸς
1517 707 1718 764 ἐκεῖνον
1792 707 1972 783 ἐτήρει

311 801 559 869 διάθεσιν
599 849 610 860 .
665 803 825 865 Ὅθεν
878 799 969 856 καί
1025 795 1127 871 ἔξω
1184 803 1290 854 ποῦ
1339 799 1439 869 τῆς
1494 797 1712 860 πόλεως
1773 796 1972 872 ὥριστο

321 893 478 966 αύτῷ
527 895 559 963 ή
614 892 937 967 καταγωγὴ,
988 889 1078 945 καὶ
1121 886 1240 945 οὐδ’
1299 887 1476 968 ἐφεῖτο
1532 887 1733 960 τούτῳ,
1789 885 1834 942 εἰ
1897 887 1974 960 μὴ

319 980 654 1052 κελευσθείη,
715 979 853 1057 πρὸς
879 979 972 1034 τὸν
1029 978 1256 1056 βασιλέα
1307 982 1519 1057 φοιτᾷν.
1581 977 1712 1034 Επεὶ
1753 973 1810 1032 δὲ
1865 980 1972 1032 τῶν

324 1069 614 1148 βασιλείων
681 1070 978 1140 ὑπεξῆλθεν
1024 1069 1052 1125 6
1099 1068 1472 1145 αὐτοκράτωρ,
1519 1068 1594 1131 ὡς
1645 1065 1877 1141 εἷ’ρηται,
1923 1067 1975 1120 οἱ

317 1159 524 1216 ἐκείνου
601 1156 931 1237 αύτάδελφοι
1013 1157 1280 1235 βασίλειεν
1336 1157 1666 1212 πλάττονται
1722 1154 1974 1231 γράμμα,

316 1248 605 1326 ἐπιτρέπον
657 1248 848 1322 ἐκείνῳ
916 1249 1018 1317 τήν
1076 1248 1212 1320 πρὸς
1265 1248 1332 1302 τὰ
1388 1245 1658 1323 ἀνάκτορα
1712 1241 1973 1321 πάροδον.

315 1339 479 1396 Καὶὸ
517 1338 613 1412 μὲν
665 1335 1040 1409 εἰσελήλυθεν·
1102 1337 1130 1391 ὁ
1188 1334 1246 1391 δὲ
1296 1339 1514 1413 πρῶτος
1563 1339 1670 1390 τῶν
1725 1333 1972 1408 ἀδελφῶν

307 1430 339 1482 6
409 1426 857 1506 Ὀρφανοτρόφος
936 1427 1010 1500 μὴ
1089 1423 1197 1481 δεῖν
1273 1420 1688 1481 συνεϐούλευσεν
1763 1422 1974 1499 ἐπιχει-

309 1524 477 1590 ρῆσαι
564 1515 755 1593 πράξει
817 1516 924 1572 τινὶ
1001 1515 1226 1592 γνώμης
1280 1514 1381 1584 τῆς
1438 1511 1720 1589 βασιλίδος
1779 1513 1972 1589 χωρίς.

313 1605 579 1681 Προσίασι
635 1607 817 1662 τοίνυν
877 1605 1057 1680 αὐτῇ,
1113 1605 1205 1660 καὶ
1260 1609 1378 1667 τοῖς
1437 1602 1648 1675 ἐκείνης
1695 1603 1826 1658 ποσὶ
1881 1603 1972 1658 τὸν

313 1696 559 1773 Καίσαρα
615 1689 1047 1760 καταϐάλλουσι,
1099 1693 1192 1750 καὶ
1250 1689 1662 1768 προϐάλλονται
1717 1695 1818 1762 τὴν
1867 1693 1974 1747 εἰσ-

310 1784 564 1856 ποίησιν,
613 1784 706 1840 καὶ
736 1783 944 1846 πίστεις
998 1780 1231 1851 διδόασι,
1291 1782 1381 1838 καὶ
1440 1779 1731 1861 φρικώδεις
1781 1777 1976 1857 ὅρκους

314 1871 614 1948 ὅμνύουσιν
675 1874 712 1943 ἦ
770 1873 876 1946 μὴν
909 1878 1006 1928 τοῦ
1064 1872 1332 1947 ὀνόματος
1365 1867 1534 1946 μόνου
1562 1879 1664 1942 τῆς
1699 1869 1976 1947 βασιλείας

318 1963 578 2040 μετέχειΑ
631 1963 727 2018 τὸν
777 1961 1030 2038 Μιχαὴλ,
1081 1960 1288 2032 ἐκείνης
1319 1959 1364 2016 δ’
1395 1962 1648 2030 εἶναιτὴν
1708 1959 1969 2031 ἐξουσίαν,

312 2054 404 2108 καὶ
469 2054 544 2114 ὡς
578 2050 972 2127 ἀργυρωνήτῳ,
1033 2049 1080 2105 εἱ
1134 2049 1410 2126 βούλεται,
1467 2050 1772 2124 κεχρῆσθαι
1802 2048 1970 2122 αὐτῷ.

309 2141 549 2205 Τούτοις
597 2139 826 2211 ἐκείνην,
875 2140 968 2195 καὶ
1019 2138 1206 2202 ἄλλως
1248 2137 1520 2216 εύαγωγον
1579 2137 1759 2207 οὖσαν,
1810 2159 1975 2194 κατα-

307 2229 752 2307 γοητεύσαντες,
811 2229 901 2285 καὶ
957 2228 1374 2300 καταθέλξαντες
1431 2233 1548 2291 τοῖς
1611 2226 1972 2304 μειλίγμασι,

313 2319 533 2376 συλῶσι
576 2319 668 2374 καὶ
711 2323 808 2375 τοῦ
857 2319 1059 2375 ἑαυτῶν
1087 2323 1304 2374 ποιοῦσι
1337 2317 1669 2392 Θελήματος.
1731 2319 1830 2372 Καὶ
1885 2316 1972 2395 ἐγ-

305 2409 616 2487 χειρίζεται
655 2413 745 2482 ’τῷ
792 2409 1024 2485 Μιχαὴλ
1079 2410 1142 2466 τὸ
1192 2415 1491 2484 σκῆπτρον,
1549 2408 1638 2464 καὶ
1697 2406 1970 2464 ἀναδεῖται

303 2503 376 2574 τῇ
445 2495 708 2574 βασιλικῇ
763 2500 1016 2577 στεφάνῃ,
1069 2499 1098 2554 6
1148 2498 1350 2569 ταύτης
1388 2497 1620 2571 ἀνάξιος,
1656 2497 1717 2552 ού
1755 2497 1968 2572 μᾶλλον

305 2589 369 2644 ἐκ
422 2589 636 2665 γένους,
689 2587 866 2642 καίτοι
922 2587 1119 2643 τούτου
1169 2586 1357 2663 τυχὼν
1411 2584 1824 2664 δυσγενεστάτου
1881 2589 1970 2642 καὶ

307 2679 555 2755 ἀφανοῦς
609 2679 745 2750 (τῶν
776 2677 880 2753 γὰρ
923 2677 1018 2739 τὰς
1063 2683 1198 2746 νῆας
1247 2675 1716 2731 καταπιττούντων
1749 2675 1815 2744 ἦν
1860 2678 1970 2750 (19)

311 2767 467 2839 αὐτῷ
500 2767 529 2822 6
583 2767 810 2840 πατὴρ),
844 2767 968 2822 ὅσον
999 2766 1058 2821 ἐκ
1103 2765 1318 2841 τρόπων
1351 2765 1678 2835 κακότῆτος.
1736 2768 1839 2822 Ἦν
1869 2767 1970 2842 γὰρ

315 2853 562 2918 ὕπουλος
596 2857 702 2928 μὴν
735 2857 834 2926 τήν
865 2855 1112 2930 γνώμην,
1140 2855 1410 2930 ἀγνώμων
1441 2853 1498 2910 δὲ
1520 2856 1618 2924 τὴν
1651 2856 1837 2931 ψυχὴν
1881 2857 1972 2910 καὶ

325 2945 636 3020 ἀχάριστος,
666 2946 757 3000 καὶ
812 2947 952 3018 μήτε
981 2943 1282 3020 συγγενείας
1333 2944 1566 3017 θεσμοὺς
1603 2947 1741 3016 μήτε
1788 2942 1972 3022 φιλίας

330 3032 664 3108 αῗδούμενος.
701 3036 800 3091 Ἢν
835 3031 892 3089 δέ
923 3035 975 3089 οἱ
1004 3033 1095 3089 καὶ
1125 3036 1162 3104 ἡ
1192 3031 1411 3110 γλῶττα
1461 3035 1600 3108 πρὸς
1641 3033 1709 3088 τὰ
1740 3031 1973 3110 βουλεύ-

319 3144 464 3196 ματα
511 3127 614 3189 τῆς
668 3125 854 3199 ψυχῆς
914 3122 1242 3202 ἀσύμφωνος
1283 3122 1375 3178 καὶ
1428 3118 1774 3195 ἀσύμϐατος,
1832 3120 1973 3178 ἄλλο

316 3211 413 3284 μὲν
451 3211 528 3266 ἐνὶ
562 3211 715 3290 φρεσὶ
742 3211 1010 3280 κεύθοντι,
1043 3209 1188 3267 ἄλλα
1217 3209 1275 3267 δὲ
1323 3210 1564 3287 λέγοντι,
1593 3211 1682 3266 καὶ
1709 3211 1797 3267 ἐπὶ
1839 3212 1974 3268 τού-

2002 1919 2050 1985 Β

2083 637 2267 692 supra
2300 624 2669 696 scripsimus,
2704 629 2804 682 sed
2839 628 3020 685 veluti
3046 631 3184 687 facti
3216 633 3527 704 pumileas,
3561 637 3736 694 bene-

2083 710 2393 768 volentiam
2449 731 2586 787 erga
2625 715 2790 772 illum
2844 736 2959 774 non
3009 730 3400 778 conservarat.
3456 724 3620 783 Unde
3678 732 3737 785 et

2085 805 2251 856 extra
2274 801 2478 857 urbem
2510 804 2902 862 diversorium
2938 808 3405 868 eiconstitutum
3454 819 3598 883 erat,
3633 832 3736 874 ne-

2087 904 2200 961 que
2229 891 2585 961 permissum
2626 895 2787 950 adire
2841 895 3280 969 imperatorem,
3331 901 3446 957 nisi
3497 905 3736 974 jubere-

2087 983 2205 1034 tur.
2231 980 2342 1035 Sed
2375 982 2583 1036 cumis
2614 984 2774 1055 regia
2816 986 3184 1054 excessisset,
3240 994 3304 1044 ut
3347 991 3567 1049 dictum
3624 1001 3737 1061 est,

2087 1068 2300 1124 fratres
2322 1069 2479 1126 illius
2503 1073 2740 1128 nomine
2762 1075 2914 1130 243
2943 1075 3320 1148 imperatorio
3348 1079 3574 1139 litteras
3606 1100 3739 1140 con-

2087 1157 2403 1226 ﬁnxerunt,
2428 1159 2643 1231 quibus
2676 1162 2760 1217 illi
2793 1180 3068 1223 accessus
3095 1166 3154 1222 in
3184 1169 3402 1241 regiam
3433 1173 3736 1244 permitte-

2085 1247 2278 1302 batur.
2312 1250 2432 1312 Que
2470 1265 2605 1305 cum
2654 1252 2930 1322 venisset,
2958 1259 3194 1312 auctore
3246 1258 3736 1335 Orphanotropho

2087 1335 2310 1392 nullam
2343 1354 2465 1394 rem
2499 1339 2625 1395 sine
2657 1357 2940 1399 consensu
2974 1345 3364 1418 imperatricis
3386 1351 3736 1424 [suscipien-

2087 1426 2222 1482 dam
2256 1427 2502 1484 censuit.
2535 1433 2674 1486 Eam
2705 1431 2882 1502 igitur
2911 1433 3151 1503 adeunt,
3175 1439 3234 1491 et
3263 1437 3487 1494 Caesare
3518 1441 3591 1496 ad
3633 1458 3736 1514 pe-

2087 1515 2190 1572 des
2219 1515 2380 1573 illius
2429 1524 2744 1591 prostrato,
2795 1523 3130 1594 adoptionis
3179 1528 3736 1601 commonefaciunt,

2086 1605 2316 1677 fideque
2346 1607 2482 1662 data
2512 1609 2884 1667 sanctissime
2904 1613 3114 1683 jurant
3146 1615 3484 1675 Michaelem
3525 1620 3738 1678 verbo-

2082 1699 2258 1751 tenus
2289 1696 2573 1754 duntaxat
2604 1698 3016 1772 imperatorem
3052 1704 3196 1772 fore,
3257 1703 3416 1762 illius
3437 1723 3571 1764 vero
3629 1725 3735 1766 au-

2084 1784 2413 1841 ctoritatem
2445 1803 2680 1844 omnem
2712 1805 2841 1846 esse
2861 1797 3561 1868 opportere,usuramque
3588 1797 3737 1870 ipsis

2085 1891 2199 1930 non
2222 1891 2392 1931 secus
2423 1893 2488 1932 ac
2519 1893 2629 1933 tere
2659 1883 2717 1934 et
2741 1878 2893 1936 libra
2913 1882 3132 1954 emptis
3163 1884 3500 1956 mancipiis.
3540 1886 3642 1942 His
3672 1887 3738 1942 il-

2083 1962 2222 2028 lam,
2256 1981 2358 2035 per
2387 1981 2449 2021 se
2471 1982 2706 2038 quoque
2737 1968 2965 2025 facilem
2994 1973 3304 2044 praestigiis
3335 1990 3400 2028 ac
3432 1973 3737 2031 blanditiis

2083 2051 2389 2108 delinitam
2437 2054 2519 2110 ita
2567 2062 2867 2126 ceperunt,
2922 2063 2986 2112 ut
3023 2059 3083 2113 in
3134 2059 3399 2132 ipsorum
3452 2067 3737 2134 potestate

2082 2158 2230 2197 esse.
2271 2142 2474 2214 Itaque
2522 2145 2767 2202 Michael
2826 2152 3123 2219 sceptrum
3163 2150 3396 2222 accipit,
3441 2156 3500 2208 et
3556 2169 3735 2224 regna

2082 2247 2295 2288 corona
2349 2233 2677 2305 redimitur,
2727 2252 2843 2308 qua
2885 2236 3167 2309 indignus
3220 2245 3363 2304 erat,
3442 2258 3559 2296 non
3611 2245 3732 2297 tam

2083 2320 2154 2375 ob
2186 2337 2372 2392 genus
2417 2322 2798 2379 villissimum
2858 2330 2914 2380 et
2969 2327 3288 2382 obscurum
3349 2329 3538 2400 (pater
3576 2331 3732 2386 enim

2083 2410 2210 2480 ejus
2244 2427 2418 2466 naves
2440 2411 2670 2483 placare
2691 2412 3142 2486 solebat),quam
3165 2416 3239 2471 oh
3261 2432 3493 2473 morum
3521 2419 3735 2491 impro-

2083 2499 2346 2555 bitatem.
2379 2501 2512 2557 Fuit
2541 2502 2698 2558 enim
2731 2503 2966 2575 ingenio
2999 2505 3265 2576 subdolo,
3301 2507 3498 2563 animo
3529 2509 3734 2581 iniquo

2079 2593 2137 2643 et
2166 2587 2414 2660 ingrato,
2441 2606 2628 2661 neque
2651 2592 3020 2663 cognationis
3052 2611 3156 2650 nec
3189 2595 3462 2652 amicitiae
3484 2599 3622 2668 jura
3644 2615 3734 2656 re-

2079 2693 2307 2744 verens,
2367 2677 2570 2750 lingua
2632 2697 2805 2752 porro
2841 2682 2912 2737 ab
2946 2683 3128 2738 animi
3160 2685 3455 2741 sententia
3511 2687 3738 2745 dissen-

2080 2765 2258 2822 tiente
2285 2783 2351 2822 ac
2383 2767 2772 2840 discrepante,
2815 2769 2932 2826 alia
2957 2777 3172 2844 tegere,
3225 2773 3341 2829 alia
3395 2775 3588 2832 dicere
3646 2793 3736 2832 so-

2083 2855 2246 2910 litus.
2331 2857 2414 2911 Ad
2483 2873 2550 2911 ea
2616 2859 2928 2915 accedebat
3001 2861 3322 2934 singularis
3385 2863 3730 2921 Invidentia.

2083 2944 2470 3015 Temporibus
2502 2946 2848 3004 difﬁcilibus
2879 2950 3109 3005 servilis
3140 2957 3265 3007 erat
3294 2957 3350 3008 et
3401 2952 3730 3024 illiberalis,

2081 3033 2400 3089 iracundus
2432 3038 2491 3090 et
2519 3037 2859 3093 mutabilis:
2903 3038 2988 3094 sic
3044 3043 3262 3112 tamen,
3314 3047 3441 3098 uta
3483 3043 3732 3100 benevo-

2082 3121 2264 3177 lentia
2296 3122 2525 3179 facilius
2547 3126 2752 3196 quavis
2791 3127 2861 3182 de.
2890 3145 3069 3184 causa
3129 3131 3200 3184 ad
3260 3130 3731 3188 malevolentiam

2086 3212 2420 3280 declinaret,
2473 3231 2650 3286 quam
2708 3215 2782 3270 ab
2830 3216 3136 3273 iracundia
3194 3219 3265 3275 ad
3331 3221 3731 3278 clementiam.

308 3321 427 3366 τεις
479 3298 629 3376 εἷ’περ
675 3300 758 3364 τίς
809 3299 980 3364 ἄλλος
1043 3301 1306 3376 βάσκανος
1339 3303 1367 3356 ὁ
1398 3300 1556 3378 ἀνὴρ,
1591 3299 1968 3378 δουλοπρεπής

2091 3302 2367 3365 Quamvis
2398 3308 2591 3358 autem
2619 3305 2754 3360 talis
2785 3311 2960 3373 esset,
2994 3307 3068 3362 ab
3098 3309 3499 3379 gubernacula
3548 3309 3736 3383 impe-

301 3412 368 3446 τε
398 3391 530 3466 περὶ
561 3390 654 3453 τὰς
699 3395 808 3446 τῶν
859 3394 1065 3467 καιρῶν
1114 3389 1404 3454 δυσκολίας
1460 3393 1547 3446 καὶ
1603 3388 1976 3468 ἀνελεύθερος,

303 3477 586 3555 δύσοργός
643 3499 702 3534 τε
765 3478 858 3534 καὶ
919 3475 1312 3553 εὐμετάϐολος,
1373 3479 1472 3535 οὐκ
1519 3479 1571 3550 ἐξ
1620 3479 1787 3557 ὀργῆς
1842 3481 1973 3558 ῥᾷον

305 3563 800 3643 μεταϐαλλόμενος
831 3567 906 3630 εἷς
951 3568 1254 3645 πραότητα,
1305 3567 1434 3625 ἀλλ’
1485 3569 1542 3625 ἐκ
1600 3571 1975 3647 χρηστοτέρας

297 3656 602 3723 διαθέσεως
658 3657 736 3720 εἰς
797 3663 963 3732 μῖσος
1023 3657 1084 3713 ἐκ
1136 3663 1234 3713 τοῦ
1284 3657 1550 3735 τυχόντος
1602 3659 1973 3738 μεταφερόμε-

295 3769 422 3810 νος.
451 3748 514 3804 Ὁ
567 3748 662 3820 μὲν
717 3743 784 3816 δὴ
829 3752 1076 3809 τοιοῦτος
1128 3745 1201 3801 ὢν
1237 3746 1324 3802 ἐπὶ
1379 3749 1469 3803 τὸν
1502 3745 1665 3818 ἄξονα
1717 3756 1818 3818 τῆς
1874 3751 1970 3825 βα-

302 3835 520 3892 σιλείας
578 3837 866 3911 ἀνάγεται·
926 3841 1006 3908 τῷ
1065 3833 1123 3891 δὲ
1181 3837 1629 3915 Ὀρφανοτρόφῳ,
1688 3838 1778 3893 καὶ
1843 3837 1971 3912 θείῳ

298 3926 497 3993 αὐτοῦ,
543 3924 633 3980 καὶ
680 3929 761 3999 τῷ
809 3930 1105 4002 συγγενικῷ
1165 3925 1432 3999 ξύμπαντι
1493 3927 1520 3981 6
1568 3924 1824 4004 κολοφὼν
1886 3926 1968 3983 ἐν·

298 4019 492 4078 τεῦθεν
556 4013 759 4084 ἐπῆκτο
818 4018 926 4068 τῶν
987 4019 1306 4093 συμφορῶν.
1339 4013 1410 4068 Ού
1457 4015 1557 4091 γὰρ
1619 4014 1705 4070 ἐπὶ
1758 4017 1966 4089 μακρὸν

299 4103 540 4176 ἐτήρησε
594 4103 694 4172 τήν
743 4104 950 4174 σκηνήν
1002 4124 1061 4159 τε
1108 4103 1198 4158 καὶ
1236 4104 1338 4172 τὴν
1390 4103 1777 4178 προσποίησιν,
1839 4103 1967 4160 ἀλλ’

311 4191 399 4246 ὶπί
423 4213 577 4255 τινας
633 4191 932 4268 βραχίστας
978 4194 1190 4268 ἡμέρας
1241 4190 1505 4263 δεσπότην
1537 4192 1630 4247 τὸν
1663 4198 1806 4257 θεῖον
1838 4192 1966 4250 ὀνο-ι

316 4282 519 4353 μάζων,
576 4283 668 4336 καὶ
721 4282 1012 4337 συνθανοῦν
1066 4283 1214 4337 αὐτῶ
1267 4281 1429 4352 ἀξιῶν
1457 4324 1472 4350 ,
1518 4283 1606 4337 καὶ
1664 4284 1837 4338 πάντα
1884 4283 1966 4340 ἐπ’

307 4369 493 4443 ἐκείνῳ
557 4371 858 4445 τιθέμενος,
919 4375 1035 4427 εἶτα
1095 4371 1288 4450 ὑφῄρει
1345 4393 1398 4427 τι
1455 4378 1555 4441 τῆς
1605 4379 1798 4446 τιμῆς,
1852 4373 1966 4429 εἶτα

300 4459 405 4515 ούκ
433 4463 500 4530 ἦν
561 4459 709 4534 αύτῷ
756 4463 1039 4533 πειθήνιος
1098 4460 1151 4516 ἐν
1199 4467 1316 4524 τοῖς
1369 4459 1613 4532 πλείοσι,
1643 4462 1731 4517 καὶ
1764 4459 1966 4519 ἄλλοτε

293 4549 442 4605 ἄλλο
500 4571 552 4605 τι
607 4551 744 4628 πρὸς
819 4551 912 4606 τὸν
987 4553 1129 4607 θεῖον
1203 4550 1490 4622 ὑποκνίζον
1551 4552 1713 4608 αὐτὸν
1770 4551 1964 4610 ἐνεδεί-

293 4661 490 4698 κνυτο.
541 4644 628 4713 Τῷ
684 4637 742 4695 δὲ
803 4638 1071 4715 μετέμελε
1125 4644 1226 4711 τῆς
1257 4642 1334 4704 εἷς
1364 4643 1455 4697 τὸν
1492 4641 1710 4718 ἀνεψιὸν
1769 4647 1959 4699 τοῦτον
1993 4666 2040 4732 D

294 4727 569 4802 σπουδῆς,
602 4729 700 4785 οὐκ
729 4729 848 4807 εἶχε
906 4728 952 4786 δ’
1008 4731 1038 4787 ὃ
1091 4753 1145 4788 τι
1177 4732 1266 4787 καὶ
1326 4729 1568 4809 δράσειεν
1617 4733 1669 4804 ἐξ
1716 4733 1957 4808 ἑτοίμουο

293 4818 430 4874 ἀλλ’
458 4813 856 4894 ἐϐυσσοδόμευε
903 4819 965 4875 τὸ
1018 4819 1347 4897 ἐγχείρημα,
1403 4820 1539 4885 τέως
1599 4819 1658 4878 δὲ
1713 4822 1775 4878 ού
1807 4844 1959 4878 συνε-

291 4910 419 4984 χῶς
450 4910 680 4980 προσήει
711 4913 792 4982 τῷ
825 4909 1060 4985 βασιλεῖ.
1118 4916 1389 4989 Διαφορᾶς
1430 4908 1488 4966 δὲ
1517 4911 1652 4987 πρὸς
1684 4919 1963 4967 Κωνσταν-

288 5001 448 5053 τῖνον
475 4999 567 5053 τὸν
594 4995 832 5077 ἀδελφὸν
863 4998 1010 5072 αὐτῷ
1035 5000 1353 5076 γενομένης,
1385 4999 1431 5074 ᾦ
1461 4999 1614 5075 μόνῳ
1647 5001 1697 5072 ἐξ
1749 5001 1960 5072 ἀπάσης

2090 3390 2161 3444 rii
2192 3391 2476 3461 ascendit,
2510 3391 2569 3446 in
2596 3393 2826 3448 ruinam
2868 3400 2925 3449 et
2963 3396 3202 3452 exitium
3259 3398 3734 3471 Orphanotrophi

2087 3480 2382 3550 avunculi,
2414 3486 2471 3536 et
2498 3482 2677 3537 totius
2707 3483 2940 3538 familiae
2973 3502 3108 3541 suae.
3135 3487 3332 3559 Neque
3352 3488 3506 3544 enim
3565 3489 3734 3545 ﬁctos

2085 3573 2144 3624 et
2164 3568 2470 3626 simulatos
2502 3587 2694 3627 mores
2724 3572 2820 3628 diu
2844 3573 3054 3644 tenuit,
3105 3576 3208 3630 sed
3259 3576 3566 3648 perpaucis
3608 3578 3735 3634 die-

2084 3658 2196 3713 bus
2227 3659 2585 3715 avunculum
2609 3661 2912 3732 despotam
2953 3663 3287 3735 appellavit,
3320 3682 3601 3722 consessu
3625 3683 3732 3723 suo

2083 3746 2385 3818 dignatus,
2417 3751 2473 3801 et
2503 3748 2702 3803 omnia
2732 3749 2805 3803 ad
2837 3748 3006 3804 illum
3035 3750 3254 3806 retulit.
3290 3752 3504 3808 Deinde
3533 3753 3734 3825 paula-

2080 3836 2186 3890 tim
2219 3835 2442 3908 aliquid
2475 3838 2546 3892 de
2587 3837 2806 3892 honore
2831 3839 3122 3894 subtraxit
3147 3858 3159 3894 :
3183 3846 3314 3912 post
3341 3841 3636 3914 plerisque
3668 3842 3727 3897 in

2081 3926 2256 3981 rebus
2286 3926 2416 3997 ejus
2448 3927 2858 3982 auctoritatem
2891 3928 3036 3982 nihil
3072 3929 3228 3996 fecit,
3277 3935 3334 3984 et
3367 3929 3514 3986 alias
3570 3930 3731 3986 aliud

2077 4015 2213 4085 egit,
2238 4016 2392 4086 quod
2427 4014 2523 4072 ille
2555 4016 2938 4072 morderetur.
2975 4017 3082 4081 Qui
3118 4019 3225 4074 etsi
3277 4020 3542 4075 studium
3593 4037 3733 4094 erga

2077 4109 2346 4176 nepotem
2380 4121 2555 4160 suum
2587 4105 2918 4172 damnabat,
2948 4111 3142 4161 tamen
3168 4107 3306 4178 quid
3337 4107 3396 4163 in
3427 4109 3734 4180 praesentia

2077 4193 2292 4250 faceret
2323 4209 2438 4248 non
2471 4193 2853 4249 habebat:sed
2877 4193 3028 4249 clam
3061 4194 3256 4251 nescio
3288 4196 3428 4268 quid
3457 4198 3731 4252 cumani-

2079 4300 2172 4338 mo
2191 4299 2296 4338 suo
2320 4283 2550 4353 agitans
2565 4283 2753 4338 rarius
2768 4283 2967 4339 adibat
2981 4283 3730 4356 impcratorem.Enimvero

2075 4371 2469 4428 controversia
2500 4371 2654 4426 inter
2682 4371 2882 4443 ipsum
2914 4380 2972 4428 et
3005 4373 3250 4429 fratrem
3284 4375 3734 4433 Constantinum

2075 4467 2224 4529 orta,
2247 4460 2342 4516 cui
2391 4459 2502 4517 soli
2562 4477 2632 4516 ex
2671 4461 2949 4518 omnibus
3009 4464 3358 4520 necessariis
3413 4466 3734 4540 imperator

2073 4551 2405 4608 adhaerebat
2434 4567 2501 4607 ac
2531 4550 2884 4608 nobilissimi
2917 4553 3153 4609 titulum
3185 4555 3570 4625 concesserai;
3597 4573 3730 4613 cum

2073 4643 2394 4715 imperator
2424 4658 2539 4696 non
2573 4640 2943 4713 castigasset,
2990 4643 3063 4699 ob
3102 4644 3394 4700 Joannem
3462 4646 3733 4718 asperius

2073 4749 2135 4789 se
2165 4737 2448 4804 praesente
2479 4729 2848 4804 increpatum
2885 4748 2898 4787 :
2929 4731 3210 4803 Joannes,
3271 4733 3469 4789 dolore
3526 4739 3732 4792 contu-

2073 4821 2258 4878 meliae
2289 4821 2694 4890 exacerbatus,
2727 4821 2964 4894 longius
2994 4823 3067 4879 ab
3099 4823 3242 4879 urbe
3267 4825 3526 4880 resessit.
3576 4826 3732 4882 244

2071 4912 2194 4977 Quo
2227 4910 2459 4983 cognito
2511 4927 2787 4984 magnam
2837 4917 3079 4969 senatus
3130 4917 3355 4986 partem
3403 4915 3475 4970 ad
3535 4931 3598 4970 se
3645 4919 3731 4970 at-

2071 5002 2268 5070 traxit,
2308 5016 2423 5057 non
2457 5000 2613 5072 quod
2673 5017 2808 5056 eum
2843 5005 3002 5058 tanta
3069 5003 3475 5060 benevolentia
3530 5019 3731 5076 prose-

1599 5148 1806 5209 Variaa
1835 5147 2135 5210 lectiones
2165 5151 2228 5206 et
2257 5149 2445 5206 notae.

516 5268 634 5343 Τῶν
665 5269 768 5343 γᾷρ
797 5268 892 5331 τὰς
940 5275 1078 5340 νῆας
1124 5268 1599 5343 καταπιττούντων
1661 5271 1748 5339 ἦν.
1809 5272 1966 5328 Psel-

296 5340 400 5420 ius
432 5341 490 5395 in
523 5341 652 5396 ead.
924 5343 1024 5420 fieri
1079 5341 1520 5420 τήν-’βασίλειον
1569 5341 1752 5420 ἀρχῆς
1806 5365 1961 5420 περιέ

296 5412 591 5491 ζώννυται,
655 5411 756 5491 οὐκ
787 5414 1111 5491 Α’Λντίοχος,
1317 5411 1616 5484 Σέλευκος,
1641 5411 1830 5491 ἇνδρες
1869 5411 1960 5471 καὶ

294 5481 621 5576 πολεμῆσαι
656 5480 1105 5573 δεινότατοιίῖιαῖ
1145 5489 1208 5542 τὸ
1236 5485 1354 5541 δέον
1383 5480 1956 5576 φρονῆσαιιόξύτατοι,

303 5555 352 5576 9‘
414 5555 426 5574 ἲ
493 5555 505 5576 2
563 5557 576 5576 \
601 5574 613 5576 _
684 5575 688 5576 ,
724 5557 750 5576 Λ
1025 5559 1039 5576 \
1195 5561 1206 5576 I
1941 5563 1953 5576 ι

293 5554 620 5636 ἀλλ”ἆνηρ
679 5555 807 5632 χθές
864 5579 922 5636 τε
949 5554 1039 5614 καί
1094 5561 1287 5636 πρώην
1347 5554 1480 5636 νῆας
1529 5554 1815 5633 ἁρμόττων
1867 5554 1957 5636 καῖ

294 5627 783 5708 συμπηγνύμεξος,
840 5631 946 5708 καὶ-
976 5627 1166 5708 πίτταν
1206 5627 1614 5708 ἐπεμϐάλλωλν,
1647 5637 1763 5708 τοῖς
1818 5633 1958 5708 γόμ-

294 5647 783 5755 συμπηγνυέιεὲος,
840 5647 927 5685 και
976 5647 1166 5688 πίτταν
1206 5647 1597 5704 επεμοαλλων,
1647 5647 1763 5724 τοίς
1818 5647 1955 5708 γόμ-

294 5719 424 5775 φοις
469 5720 558 5780 και
627 5698 856 5780 σρόλαις
889 5702 1298 5780 πληρούμενος,
1355 5703 1454 5780 ούκ
1510 5701 1659 5780 εἶδος
1693 5724 1822 5780 εχον
1862 5727 1955 5780 τυ-

296 5771 573 5850 ραννικὸν,
619 5771 683 5828 ού
733 5771 1470 5856 φρόνημα”μεγαλοπρεπὲς,
1528 5775 1590 5832 ού
1644 5771 1810 5854 λόγᾏν
1861 5774 1956 5853 ἔμ-

2078 5267 2394 5345 μουσον-καί
2426 5286 2707 5345 χαριεντα,
2748 5266 2861 5345 ὀὐκ
2889 5265 3031 5345 ἄλλο
3064 5266 3354 5345 ούδὲνλτῶν
3403 5270 3724 5345 οἷα-ψυχὴν

2073 5336 2189 5398 bis;
2213 5336 2514 5416 καλλύνειν
2539 5336 2639 5416 ⁵κοιί
2693 5337 2848 5416 φύσιν
2903 5340 3178 5416 σώματος.
3229 5343 3295 5396 Ὠ
3351 5341 3477 5416 Νέαγ
3509 5336 3724 5415 Ῥώμη,

2071 5417 2160 5470 καὶ
2189 5415 2345 5485 γένος
2399 5408 2954 5485 μεγαλοπρεπὲςίκαὶᾲ
2990 5408 3294 5483 έλεύθερον,
3350 5416 3395 5468 ὦ
3434 5415 3486 5470 οἱ
3539 5408 3729 5471 ἀνὲκάζ

2073 5438 2160 5470 και
2189 5438 2345 5472 ἐνος
2399 5438 2809 5485 μεγαΛυπρεπες
2856 5438 2945 5465 και
2991 5438 3294 5483 εΛευυερον,
3350 5438 3395 5468 ω
3434 5438 3486 5470 οι
3539 5438 3718 5471 ανεκα‹

2073 5501 2157 5552 θεν
2197 5438 2461 5562 βασιλεῖς,
2495 5482 2584 5536 καὶ
2621 5484 2785 5562 βῆμα⁸
2817 5483 3097 5558 βασιλικὸν
3131 5487 3218 5562 καὶ
3279 5486 3547 5562 βασίλεια,
3601 5485 3718 5562 οἷαν

2069 5558 2359 5639 αἰσχύνην
2385 5555 2508 5610 τότε
2539 5552 2969 5639 περ-ιεϐάλεσρεη
3004 5560 3128 5639 οἷος
3162 5552 3314 5639 ὑμεῖς
3364 5552 3575 5639 δαίμων
3631 5559 3729 5639 ἐφῖ-

2070 5624 2266 5700 θόνῆσε
2297 5624 2560 5705 βάσκανος
2587 5624 2805 5705 ίᾟλήν-
2834 5626 2980 5705 ἀλλὰ
3035 5624 3218 5705 τούτο,
3254 5632 3298 5705 εἰ
3354 5624 3470 5705 μέν’
3498 5653 3581 5705 τις

2067 5696 2312 5785 αίτ-ιῷτο,
2345 5696 2748 5785 τῷυαύτομάτιρ
2781 5696 2981 5757 δοτέον·
3017 5703 3063 5758 εἰ
3097 5700 3153 5758 δὲ
3197 5696 3548 5785 φιλευσεϐοίη
3607 5696 3728 5773 τὸῖς

2066 5777 2328 5855 ἀρῥήτοις
2352 5775 2449 5829 τοῦ
2481 5776 2614 5828 Θεοῦ
2643 5775 2892 5847 κρίμασι.
