4126 6378
427 386 545 449 199

1785 381 2113 446 JOANNIS
2154 383 2501 444 ZONAIUE

3727 385 3856 447 200

425 521 758 592 querentur,
817 517 922 576 sed
977 521 1046 575 ut
1098 518 1230 590 ejus
1289 514 1758 574 benevolentiam
1841 513 2046 588 collige

2158 518 2292 584 ,τῆς
2337 512 2643 591 συγγενείας
2697 516 2727 571 6
2781 513 3019 592 Μιχαὴλ
3073 515 3415 593 προσέκειτο,
3473 515 3564 572 καὶ
3620 515 3854 592 ἐτίμησε

425 614 575 666 rent.
612 609 936 681 Imperator
955 625 1090 665 vero
1122 607 1441 664 multorum
1476 608 1548 662 ad
1601 605 1770 662 illum
1829 621 2078 661 conven-

422 704 550 756 tum
575 705 867 767 metuens,
901 717 1004 772 per
1027 700 1250 755 litteras
1283 699 1331 754 ei
1367 697 1643 770 superbia
1674 697 1904 768 objecta
1934 697 2078 768 petit

421 794 488 845 ut
517 791 588 846 ad
621 807 684 846 se
714 790 925 846 veniat.
959 791 1067 845 Sed
1099 806 1233 844 cum
1285 788 1381 844 ille
1411 788 1542 859 iret,
1578 803 1692 842 non
1724 790 2074 858 gexspectato

420 879 696 936 avunculi
749 881 1024 950 adventu,
1083 878 1238 933 ludis
1304 877 1665 933 circensibus
1687 877 1745 930 in
1777 876 2075 932 theatrum

420 987 483 1026 se
514 973 860 1025 contuterat.
923 973 999 1024 Eo
1057 969 1236 1039 igitur
1293 984 1409 1023 non
1458 967 1713 1033 invento,
1760 965 1832 1021 ob
1874 969 2072 1021 contu-

421 1059 656 1115 meliam
691 1059 881 1114 adhuc
915 1058 999 1112 ira
1048 1062 1275 1113 astuans
1330 1055 1859 1127 Orphanotrophus
1915 1070 2070 1110 rece-

420 1150 524 1204 dit.
559 1150 707 1203 Tum
730 1165 860 1203 vero
893 1148 1210 1218 imperator
1239 1147 1299 1201 in
1333 1147 1680 1200 manifestas
1729 1143 2070 1200 inimicitias

418 1238 692 1309 erumpit,
729 1237 1027 1306 missaque
1060 1252 1206 1292 nave
1237 1252 1371 1290 eum
1407 1234 1816 1305 adeesejubet,
1851 1238 1915 1288 ut
1970 1249 2068 1288 su-

414 1327 625 1398 perbia:
657 1343 775 1382 sum
807 1326 1092 1382 rationem
1140 1325 1367 1391 reddat,
1418 1329 1474 1379 et
1505 1325 1577 1379 ad
1638 1323 1857 1394 regiam
1907 1322 2069 1378 navi-

411 1421 671 1489 gantem,
704 1433 774 1470 ex
803 1415 1106 1487 superiore
1135 1413 1280 1481 loco,
1341 1418 1479 1469 nota
1538 1413 1612 1468 iis
1647 1431 1680 1468 a
1720 1412 1936 1483 quibus
1974 1428 2068 1468 ve-

411 1505 666 1561 hebatur
694 1509 940 1569 tessera,
965 1504 1130 1559 aditu
1183 1502 1455 1574 prohibet
1511 1501 1829 1572 statimque
1885 1502 2070 1557 missa

413 1594 637 1650 triremi
671 1593 970 1648 hominem
1004 1593 1224 1665 relegat
1256 1609 1268 1645 :
1305 1591 1412 1647 hoc
1453 1592 1624 1647 modo
1660 1595 2068 1646 remuneratus

413 1699 571 1746 eum,
606 1684 777 1753 cujus
810 1682 1094 1737 beneficio
1156 1681 1413 1752 primum
1465 1681 1676 1750 Caesar,
1729 1683 1862 1751 post
1889 1679 2066 1734 etiam

412 1773 734 1844 imperator
766 1772 955 1826 fuerat
975 1770 1349 1840 designatus.
1403 1769 1580 1834 Quem
1638 1784 1767 1824 cum
1811 1767 2067 1823 amovis-

412 1865 524 1930 εει,
555 1866 839 1933 cognatos
871 1859 1118 1926 invadit,
1150 1863 1208 1914 et
1238 1859 1394 1914 viros
1431 1875 1547 1912 non
1572 1874 1713 1912 sexu
1759 1857 2065 1925 duntaxat,

412 1952 514 2007 sed
548 1957 718 2007 aetate
749 1950 926 2006 etiam
961 1950 1234 2005 barbatos
1277 1948 1404 2020 jam
1437 1948 1679 2002 maritos
1739 1951 1797 2002 et
1847 1951 2066 2019 patres,

382 2075 384 2077 -
410 2041 685 2096 virilibus
709 2039 955 2096 exsectis
987 2037 1289 2095 eunuchos
1321 2037 1476 2094 facit.

2185 597 2612 677 νωϐελλίσιμον,
2669 605 2758 659 καὶ
2807 606 3201 680 τραχυνθέντος
3259 603 3469 662 ἐκείνου
3546 606 3682 662 κατᾶ
3747 611 3851 662 τοῦ

2187 692 2435 749 Ἰωάννου
2503 698 2601 748 τοῦ
2681 691 2949 770 βασιλέως
3015 695 3269 765 ἐνώπιον,
3327 697 3355 751 6
3413 695 3672 768 Ἰωάννης
3725 701 3850 762 τοῖς

2185 778 2374 856 λόγοις
2425 779 2654 858 δηχθεὶς
2703 784 2792 838 καὶ
2847 781 3062 857 μᾶλλον
3113 783 3198 840 δτι
3251 785 3327 858 μὴ
3358 786 3494 862 πρὸς
3525 784 3622 841 τοῦ
3685 787 3852 861 βασι-

2184 869 2325 934 λέως
2385 869 2474 927 διὰ
2525 873 2620 937 τὰς
2675 873 2811 948 πρὸς
2879 873 3043 930 αὐτὸν
3112 872 3393 951 λοιδορίας
3463 874 3848 951 έπιτετίμητο,

2183 958 2588 1032 ἀπεδυσπέτησέ
2642 983 2701 1018 τε
2749 961 2838 1017 καὶ
2886 963 3079 1040 πόῤῥω
3130 985 3225 1019 ποι
3255 968 3352 1020 τοῦ
3384 961 3572 1028 ἄστεος
3625 966 3846 1041 γέγονε.

2180 1054 2348 1106 Τοῦτο
2375 1049 2432 1106 δὲ
2459 1053 2718 1126 γνωσθὲν,
2750 1052 2895 1109 πολύ
2924 1075 2974 1108 τι
3005 1060 3106 1123 τῆς
3160 1053 3445 1130 γερουσίας
3505 1056 3670 1132 μέρος
3722 1077 3850 1111 συν-

2181 1141 2537 1211 επεσπάσατο,
2600 1141 2737 1197 ὥστε
2811 1141 2959 1215 αύτῷ
3030 1148 3392 1219 προσφοιτᾷν,
3461 1143 3561 1200 οὐκ
3635 1143 3844 1218 εὐνοίᾳ,

2179 1227 2306 1285 ἀλλ’
2353 1227 2426 1284 τίν’
2478 1229 2558 1307 ἐφ’
2618 1230 2846 1294 έαύτοὺς
2901 1233 3000 1301 τὴν
3059 1233 3227 1288 αὐτοῦ
3283 1233 3560 1306 εὐμένειαν
3615 1233 3850 1310 έφελκύο

2179 1340 2399 1375 σωνται.
2463 1318 2560 1374 Καὶ
2606 1321 2634 1374 6
2669 1319 2942 1396 βασιλεὺς,
2973 1326 3074 1392 τήν
3131 1323 3267 1397 πρὸς
3327 1321 3531 1379 ἐκεῖνον
3587 1323 3846 1380 συνέλευ-

2178 1431 2258 1464 σιν
2315 1414 2421 1463 τῶν
2481 1408 2710 1465 πολλῶν
2769 1406 3118 1481 εὐλαϐηθεὶς,
3153 1409 3244 1467 διὰ
3285 1415 3627 1489 γραμμάτων
3685 1413 3843 1487 αὐτῷ

2175 1499 2274 1567 τὴν
2331 1499 2629 1575 ὑπεροψίαν
2687 1498 3098 1577 προσωνείδισε,
3157 1501 3249 1556 καὶ
3318 1505 3608 1574 κακοήθως
3678 1503 3847 1577 ἠξίου

2155 1588 2472 1665 ἀφίξεσθαι.
2510 1590 2610 1645 Καὶ
2671 1590 2699 1644 6
2746 1590 2840 1662 μὲν
2902 1586 3011 1664 ᾔέι·
3073 1591 3101 1645 6
3161 1589 3237 1661 δὲ,
3275 1592 3353 1665 μὴ
3395 1592 3686 1665 ἀναμείνας
3743 1597 3850 1648 τοῦ

2176 1677 2321 1732 θείου
2378 1679 2477 1747 τὴν
2528 1677 2728 1753 ἄφιξιν,
2786 1679 3086 1754 πεπόρευτο
3145 1681 3282 1756 πρὸς
3339 1682 3402 1736 :6
3460 1680 3709 1759 θέατρονο
3768 1683 3845 1752 ἦν

2173 1767 2275 1842 γὰρ
2327 1769 2510 1844 ἡμέρα
2556 1767 2750 1830 ’ίπποις
2825 1769 3262 1845 ἀμιλλητήριος.
3322 1771 3410 1833 Ὧς
3474 1767 3520 1826 δ’
3579 1769 3754 1836 έλθὼν
3815 1774 3849 1828 6

2178 1857 2320 1919 θεῖος
2353 1857 2460 1932 οὐχ
2489 1858 2608 1934 εὗρε
2635 1859 2724 1912 τὸν
2767 1857 3140 1934 βησιλεύοντα,
3195 1857 3273 1914 ἔτι
3331 1865 3412 1934 τῷ
3467 1865 3626 1934 θυμῶ
3673 1861 3846 1938 ὑπερ-

2182 1947 2332 2014 ζέσας
2385 1947 2458 2008 ὡς
2505 1942 2960 2024 περιυϐρισμένος
3016 1947 3276 2006 ἐπάνεισι.
3335 1950 3436 2004 Καὶ
3490 1951 3518 2005 6
3583 1949 3848 2024 βασιλεὺς

2176 2034 2324 2108 αὐτῷ
2377 2037 2476 2106 τήν
2539 2033 2851 2110 δυσμένειαν
2907 2036 2984 2100 είς
3045 2038 3318 2112 προῦπτον
3387 2037 3698 2116 ὲκρήγνυσι,
3748 2042 3846 2095 καὶ

413 2127 631 2184 στέλλει
687 2135 794 2198 νῆα
851 2124 1091 2182 κελεύων
1149 2125 1296 2198 αύτῷ
1354 2122 1424 2180 δι’
1455 2123 1622 2194 αὐτῆς
1675 2123 1846 2193 ἥξειν,
1881 2119 2108 2178 δώσοντι
2160 2123 2362 2200 λόγους
2417 2131 2519 2195 τῆς
2572 2125 2651 2189 είς
2709 2125 2910 2181 έκεῖνον
2965 2126 3281 2202 ὑπεροψίας.
3316 2128 3421 2184 Καὶ
3471 2129 3499 2184 6
3547 2129 3642 2202 μὶν
3681 2125 3844 2188 ἔπλει

408 2219 546 2293 πρὸς
611 2217 679 2272 τὰ
754 2216 1038 2292 βασίλεια·
1091 2218 1119 2270 ὁ
1171 2213 1228 2270 δὲ
1279 2213 1534 2290 βασιλεὺς
1598 2213 1799 2268 ἄσωθεν
1856 2209 1945 2266 διά
1989 2234 2135 2275 τινος
2199 2216 2570 2287 συνθήματος,
2623 2216 2652 2270 ’ὁ
2698 2221 2815 2278 τοῖς
2862 2214 3050 2293 ἄγουσι
3097 2217 3188 2272 τὸν
3238 2217 3492 2288 Ἰωάννην
3556 2217 3843 2295 προέγνω-

408 2329 526 2376 στο,
587 2307 770 2382 ἐπέχει
833 2309 902 2380 τῇ
978 2306 1074 2376 νηῒ
1149 2305 1249 2374 τὴν
1316 2304 1392 2366 είς
1454 2302 1522 2358 τὰ
1591 2301 1840 2379 βασίλεια
1903 2299 2182 2378 πάροδον·
2232 2303 2426 2359 αὐτίκα
2491 2303 2547 2360 δὶ
2610 2308 2844 2380 τριήρης
2914 2305 3217 2371 ἐπελθοῦσα
3291 2302 3555 2380 λαμϐάνει
3613 2312 3836 2388 τοῦτον,

403 2395 494 2451 καὶ
567 2395 854 2469 ὑπερόριον
903 2393 1108 2462 τίθησι.
1167 2391 1458 2454 Τοιούτοις
1515 2391 1789 2466 ἠμείψατο
1843 2391 1940 2446 τὸν
1998 2389 2278 2466 εὐεργέτην
2333 2393 2360 2448 6
2414 2389 2484 2448 δι’
2541 2393 2747 2448 ἐκείνου
2807 2397 3036 2470 Καῖσαρ,
3097 2395 3211 2450 εἶτα
3283 2395 3374 2450 καὶ
3435 2394 3691 2472 βασιλεὺς
3746 2417 3838 2472 γεο

408 2487 606 2562 γονώς.
641 2483 790 2540 Ἐπεὶ
825 2481 870 2537 δ’
901 2482 1101 2537 ἐκεῖνον
1163 2481 1223 2536 ἐκ
1283 2481 1449 2554 μέσου
1507 2481 1796 2553 πεποίηκε,
1833 2480 2035 2553 μέτεισι
2069 2482 2180 2553 (20)
2209 2482 2272 2536 τὸ
2321 2483 2706 2558 συγγενὲς,καὶ
2752 2480 2946 2559 ἄνδρας
2997 2482 3124 2560 οὐχὶ
3177 2487 3246 2558 τῇ
3277 2486 3376 2553 τῆς
3432 2484 3643 2560 φύσεως
3691 2484 3832 2562 μόνῃ

408 2571 694 2646 δηλωτικῇ
728 2571 991 2644 σημασίᾳ,
1023 2569 1171 2627 ἀλλὰ
1200 2570 1291 2624 καὶ
1316 2575 1386 2644 τῇ
1412 2570 1754 2644 σημαινούσῃ
1787 2568 1915 2632 τοὺς
1945 2572 2228 2645 γήμαντας
2255 2570 2343 2626 καί
2402 2571 2476 2634 είς
2524 2571 2652 2634 τοὺς
2709 2571 2917 2646 ἀνδρῶν
2977 2570 3202 2642 ἠλικίαν
3259 2570 3553 2638 ἐλάσαντας
3611 2573 3832 2644 ὑπηνή-

403 2683 502 2726 τας
528 2659 637 2732 ἤδη
669 2662 757 2716 καὶ
791 2659 1002 2716 παίδων
1033 2660 1320 2737 γεγονότας
1352 2658 1582 2734 πατέρας
1613 2659 1722 2716 τῶν
1753 2657 2099 2734 παιδογόνων
2131 2659 2341 2736 μορίων
2371 2661 2677 2738 ἀποστερεῖ,
2708 2661 2797 2716 καὶ
2828 2661 3088 2734 ἐκτομίας
3113 2660 3412 2738 έργάζεται.

477 2752 618 2809 ΧΙΧ.
645 2756 785 2807 Cum
829 2753 899 2808 de
941 2757 1189 2825 cognato
1244 2751 1534 2824 sanguine
1577 2751 1659 2806 ita
1705 2749 2041 2822 triumphas

2237 2755 2338 2807 ΙΘ.
2371 2752 2459 2814 Ὠς
2521 2748 2578 2806 δὲ
2633 2751 2769 2806 κατὰ
2822 2755 2920 2806 τοῦ
2979 2752 3274 2826 ὁμογενοῦς
3314 2749 3543 2826 α’ίματος
3572 2756 3817 2807 τοιοῦτον

399 2847 508 2910 set,
553 2859 737 2897 unum
789 2840 900 2896 sibi
954 2840 1350 2898 Herculanum
1411 2845 1706 2896 certamen
1755 2855 2046 2912 superessi

2165 2835 2342 2912 ἤρατο
2398 2836 2684 2915 τρόπαιον,
2743 2839 2834 2896 ἓνα
2891 2839 2970 2896 ἔτι
3027 2839 3441 2918 περιλελεῖφθαι
3507 2839 3655 2913 αύτῷ
3713 2840 3832 2896 ἐνό-

398 2936 584 3002 ratus,
617 2930 1012 3003 imperatricie
1046 2931 1222 2985 etiam
1247 2931 1561 3002 exigendas,
1595 2931 1666 2985 ad
1713 2929 1770 2984 id
1824 2943 2046 3002 quoque

2170 2934 2320 3002 μιζεν
2354 2928 2672 3006 Ἡράκλειον
2729 2927 2947 2999 ἄελθον,
2975 2930 3038 2984 τὸ
3095 2930 3184 2985 καὶ
3243 2930 3344 2999 τὴν
3375 2927 3632 3005 βασιλίδα
3690 2931 3832 2985 ἀπο-

397 3037 460 3077 se
493 3025 677 3092 parat,
710 3037 894 3075 suasu
928 3026 986 3076 et
1018 3020 1280 3092 impulsu
1330 3019 1700 3075 Constantini
1760 3019 2046 3074 avunculi.

2167 3019 2543 3089 σκευάσασθαι,
2599 3021 2687 3075 καὶ
2763 3021 2899 3093 πρὸς
2979 3023 3170 3074 τοῦτον
3256 3017 3451 3074 λοιπὸν
3530 3016 3830 3076 ἀποδύεται

396 3109 578 3166 Filius
608 3110 788 3182 igitur
817 3108 1289 3181 ignobilissimus
1319 3113 1522 3164 contra
1581 3113 1828 3164 matrem
1888 3107 2046 3162 nobi-

2166 3107 2426 3184 ένάγοντα
2476 3109 2614 3184 πρὸς
2666 3110 2898 3184 τοῦργον
2951 3108 3042 3164 καὶ
3098 3108 3189 3163 τὸν
3244 3110 3386 3163 θεῖον
3459 3101 3606 3184 ἔχων
3674 3115 3828 3164 Κων-

395 3199 687 3256 lissimam
721 3216 987 3256 rumores
1019 3199 1266 3270 spargit,
1293 3203 1352 3254 et
1370 3198 1621 3253 crimina
1651 3197 2046 3253 comminisci-

2161 3203 2435 3253 σταντῖνον
2492 3197 2583 3253 καὶ
2639 3200 3041 3276 παραθήγοντα.
3074 3202 3352 3271 Λογοποεῖ
3401 3197 3582 3253 τοίνυν
3635 3199 3663 3254 6
3697 3195 3829 3253 δυσ-

393 3294 512 3357 tur,
547 3305 796 3359 eamque
839 3287 1137 3344 insontem
1196 3287 1512 3343 veneﬁcam
1561 3295 1744 3349 vocat.
1802 3288 2046 3359 vitaeque

2160 3287 2478 3362 γενέστατος
2535 3292 2666 3350 παῖς
2749 3289 2886 3343 κατὰ
2967 3294 3068 3358 τῆς
3143 3286 3526 3362 εὐγενεστάτης
3586 3295 3828 3364 μητρός⁹

393 3394 512 3432 suae
543 3377 806 3433 insietari
863 3377 1148 3448 queritur.
1200 3377 1268 3431 Et
1297 3376 1439 3448 quid
1491 3377 1770 3448 ambages
1829 3375 2046 3448 agam?

2158 3377 2246 3430 καὶ
2307 3376 2605 3450 συμπλέκιι
2663 3379 2780 3432 κατ’
2837 3377 3004 3446 αὐτῆς
3059 3375 3374 3450 αἰτιάματα,
3428 3376 3718 3452 φάρμακόν
3769 3399 3835 3434 τε

394 3465 563 3537 Ejicit
594 3481 723 3521 eam
786 3466 948 3537 regia
1001 3471 1058 3520 et
1118 3466 1175 3521 in
1201 3465 1488 3536 Principis
1513 3464 1769 3519 insulam
1805 3466 2045 3536 relegat,

2158 3463 2335 3534 καλεῖ,
2375 3465 2466 3522 καί
2518 3462 2891 3522 έπιϐουλεύειν
2949 3467 3114 3521 αὐτοῦ
3166 3470 3234 3541 τῇ
3297 3469 3410 3540 ζωῇ
3467 3473 3570 3536 τῆς
3631 3467 3824 3531 ἀθώου

393 3555 648 3626 denique
675 3555 823 3610 bene
855 3556 924 3609 de
947 3571 1009 3610 se
1043 3553 1310 3609 meritam
1344 3555 1566 3623 tondet,
1589 3553 1892 3626 aliumque
1942 3554 2044 3610 ha-

2158 3561 2466 3632 κατηγορεῖ.
2526 3555 2625 3611 Καὶ
2672 3554 2725 3610 τί
2796 3553 2878 3610 δεῖ
2954 3554 3192 3618 κύκλους
3269 3553 3538 3625 έλίττεινς
3594 3555 3827 3628 Ἐξωθεῖ

391 3643 580 3698 bitum
605 3659 838 3699 sumere
859 3643 1034 3714 cogit,
1066 3648 1124 3698 et
1147 3660 1249 3714 pro
1283 3660 1541 3714 purpura
1584 3660 1712 3714 qum
1748 3644 1821 3698 ab
1861 3645 2043 3700 atavis

2158 3649 2259 3700 τῶν
2321 3643 2611 3721 βασιλείων
2662 3645 2854 3713 αὐτὴν,
2899 3644 2988 3700 καὶ
3027 3643 3323 3719 περιορίζει
3379 3648 3449 3718 τῇ
3500 3647 3656 3717 νήσῳ
3711 3651 3817 3702 τοῦ

389 3731 527 3787 inde
557 3731 642 3786 illi
673 3731 1075 3802 conveniebat,
1109 3731 1402 3786 lacernam
1434 3732 1696 3787 induere.
1763 3734 1885 3798 Quo
1944 3731 2040 3788 ille

2158 3734 2447 3808 [Ιρίγκιπος
2508 3733 2794 3809 λεγομένῃ,
2826 3735 2913 3789 καὶ
2946 3732 3104 3796 τέλος
3163 3733 3438 3809 ἀποκείρει
3492 3735 3593 3803 τήν
3657 3735 3814 3812 εὐερ-

381 3821 559 3887 fecto,
594 3821 766 3892 quasi
809 3821 986 3876 rebus
1019 3822 1298 3877 omnibus
1330 3822 1612 3878 confectis
1641 3821 1807 3878 laetus
1865 3828 2040 3894 atque

2158 3825 2312 3900 γέτιν,
2357 3823 2447 3879 καὶ
2511 3825 2956 3901 μεταμφιέννυσι,
3011 3822 3102 3878 καὶ
3155 3822 3273 3878 ἀντὶ
3329 3829 3431 3892 τῆς
3487 3822 3548 3878 lx
3598 3843 3812 3900 προγο-

379 3909 670 3980 insolens,
704 3909 937 3966 lusibus
970 3915 1024 3966 et
1053 3911 1280 3966 deliciis
1303 3927 1364 3967 se
1423 3911 1692 3967 dedebat.
1750 3912 2034 3968 Caeterum

2158 3911 2257 3975 νίας
2313 3912 2698 3987 προσηκούσης
2753 3913 2892 3986 αὐτῇ
2945 3911 3228 3990 πορφύρας
3309 3909 3606 3967 ένδιδύσκει
3685 3933 3810 3988 τρι-

379 3999 644 4055 vindicta
674 4017 788 4055 non
852 4001 1204 4068 dormitans,
1265 3999 1533 4056 celeriter
1564 4001 1834 4073 iniquum
1867 4001 2034 4057 etin-

377 4095 614 4162 gratum
648 4089 948 4146 hominem
978 4097 1069 4146 est
1099 4097 1390 4146 assecuta.
1461 4095 1604 4146 Nam
1631 4092 1886 4146 facinore
1933 4091 2032 4148 illo

373 4181 432 4236 in
467 4181 611 4236 urbe
640 4179 892 4250 vulgato,
927 4196 1131 4236 omnes
1167 4191 1376 4235 mestos
1405 4185 1462 4235 et
1491 4179 1690 4236 tristes
1739 4185 1862 4236 erat
1906 4197 2030 4236 cer-

371 4286 526 4337 nere,
563 4285 666 4324 nec
698 4286 870 4324 secus
931 4275 1108 4341 atque
1143 4270 1202 4324 in
1263 4270 1505 4341 propria
1551 4269 1886 4325 calamitate
1945 4271 2027 4326 af-

374 4358 575 4414 fectos.
608 4359 867 4413 Tandem
915 4359 1090 4412 etiam
1123 4359 1383 4413 convicia
1412 4359 1467 4412 in
1501 4363 1812 4430 tyrannum
1859 4358 2028 4429 jacie-

370 4447 535 4505 bant.
567 4446 868 4502 Mulierem
891 4463 1022 4502 vero
1044 4453 1229 4502 coetus
1273 4447 1573 4519 lugebant,
1606 4453 1663 4502 et
1698 4447 2026 4518 imperatrio

2145 3995 2364 4058 ϐώνιον.
2402 4001 2498 4054 Καὶ
2551 4001 2581 4056 6
2617 4001 2735 4074 μὶν,
2767 4002 2843 4062 ὡς
2899 3998 3010 4072 ἤδη
3070 4001 3133 4055 :6
3191 4006 3295 4056 πᾶν
3347 4001 3585 4071 ἠνυκὼς,
3614 3995 3801 4076 ἔχαιρέ

2138 4111 2200 4146 τε
2255 4091 2341 4145 καὶ
2401 4095 2601 4167 γαῦρος
2661 4091 2836 4158 ὥπτο,
2871 4090 2961 4145 καὶ
3021 4086 3266 4154 παιδιαῖς
3321 4091 3506 4146 ἑαυτὸν
3561 4086 3795 4145 ἐπέδωκε

2139 4181 2229 4236 καὶ
2281 4185 2528 4257 τρυφαῖς·
2562 4182 2597 4250 ἠ
2653 4177 2710 4235 δὲ
2767 4177 2892 4250 δίκη
2955 4179 3055 4234 οὐκ
3112 4177 3481 4250 ἐπενύσταξεν,
3515 4177 3641 4237 ἀλλ’
3694 4178 3800 4235 αὖ·

2135 4270 2258 4326 τίκα
2319 4267 2559 4343 μετῆλθε
2612 4269 2702 4324 τὸν
2755 4268 3066 4346 ἀλιτήριον.
3099 4269 3190 4330 Ὠς
3244 4270 3348 4344 γὰρ
3405 4269 3468 4323 :6
3517 4267 3642 4346 περὶ
3697 4269 3800 4338 τήν

2140 4357 2394 4436 βασιλίδα
2453 4356 2635 4432 δρᾶμα
2688 4363 2804 4421 τοῖς
2858 4360 2909 4413 ἐν
2960 4361 3029 4432 τῇ
3075 4357 3235 4414 πόλει
3268 4360 3594 4434 κεκήρυκτο,
3627 4360 3803 4428 κατή-

2135 4469 2286 4526 φειαν
2343 4448 2410 4516 ἦν
2467 4447 2594 4521 ὁρᾷν
2653 4447 2801 4523 παρὰ
2863 4452 2993 4502 πᾶσι
3049 4446 3139 4502 καὶ
3199 4447 3650 4522 σκυθρωπότητα,
3708 4449 3805 4503 καὶ

372 4553 497 4592 cem
542 4536 844 4592 vocabant.
892 4536 1191 4592 Postremo
1227 4539 1352 4591 tota
1398 4535 1602 4590 civitas
1658 4534 1719 4589 in
1779 4534 2022 4590 manife-

2158 4536 2210 4597 bc
2268 4535 2318 4590 ἐν
2374 4535 2549 4607 οἷ’κείᾳ
2601 4541 2854 4615 συμφορᾷ
2913 4533 3173 4601 διετίθετο
3229 4533 3478 4610 ἕκαστος,
3539 4537 3652 4592 εἶτα
3709 4539 3805 4592 καὶ

370 4631 524 4683 stam
568 4627 762 4697 erupit
804 4626 1175 4681 seditionem.
1235 4630 1303 4679 Et
1361 4629 1427 4680 ut
1486 4624 1792 4679 audaciam
1864 4622 2024 4680 illius

2158 4629 2378 4701 ›ανερῶς
2435 4623 2819 4701 ἐλοιδοροῦντο
2879 4631 2958 4699 τῷ
3013 4628 3429 4698 τοραννήσαντι.
3463 4627 3536 4683 Αἱ
3595 4623 3660 4682 δέ
3708 4649 3808 4704 γυο

369 4716 815 4784 ulciscerentur,
849 4715 968 4771 vita
997 4713 1261 4786 neglecta
1293 4713 1575 4786 quidquid
1610 4717 1734 4769 erat
1764 4713 2022 4782 obvium,

371 4822 438 4862 eo
469 4807 619 4864 245
656 4807 926 4861 dexteras
956 4808 1283 4871 armantes,
1315 4803 1386 4859 ad
1448 4803 1661 4875 regiam
1709 4819 2021 4860 concurre-

369 4901 527 4952 runt.
563 4895 734 4951 Illum
766 4912 902 4950 vero
936 4892 1224 4967 principio
1261 4898 1457 4950 motus
1488 4892 1689 4966 populi
1713 4910 1828 4950 non
1879 4894 2020 4952 adeo

2129 4720 2309 4777 ναῖκες
2391 4715 2480 4770 καὶ
2554 4719 2786 4793 θρήνους
2873 4715 3130 4772 συνίστων
3200 4713 3640 4790 ἀνακαλούμεναι
3694 4718 3800 4786 τήν

2137 4803 2473 4882 βασίλισσαν.
2536 4807 2634 4864 Καὶ
2707 4803 2863 4869 τὲκος
2935 4804 3010 4869 εἷς
3081 4807 3265 4860 στάσιν
3337 4805 3568 4885 φανερὰν
3647 4805 3801 4884 ἀνεῤ-

2133 4896 2369 4972 ῥάγησαν
2445 4897 2497 4951 οἱ
2566 4897 2666 4965 τῆς
2743 4895 2959 4958 πόλεως
3017 4894 3341 4969 ξύμπαντες.
3395 4895 3504 4953 Καὶ
3551 4891 3646 4952 ’ίνα
3701 4897 3799 4952 τὸν

369 4984 707 5055 commovit,
738 4984 841 5041 sed
875 4999 1008 5040 cum
1059 4981 1288 5056 plebem
1332 4982 1523 5038 furere
1557 4983 1800 5049 videret,
1839 4999 2022 5055 seque

2163 4984 2434 5060 ολμητίαν
2507 4987 2958 5062 τιμωρήσωνται,
3017 4983 3200 5048 οὐδεὶς
3261 4983 3504 5062 έφείδετο
3555 4991 3655 5055 τῆς
3710 4985 3798 5041 οἱ·

1661 5113 1865 5174 Variae
1895 5113 2193 5178 lectiones
2221 5121 2282 5177 et
2315 5120 2505 5176 notae.

443 5236 836 5313 (20)_Mé:_:tct,
894 5239 1003 5313 etc.
1057 5236 1424 5313 Psellusz'O
1500 5232 1558 5313 δὲ
1617 5235 2022 5313 κσαλευόμενρς,

371 5305 511 5386 ὁρῶν
540 5305 754 5386 ’-ἀκμὴν
815 5305 990 5379 ἑαυτῷ
1029 5315 1138 5386 ,τῆς
1198 5309 1399 5386 ἀρχῆς,
1429 5307 1730 5386 καὶ-’πῆξαι
1793 5305 2022 5386 βέϐαίωξ

368 5379 451 5458 σίν
509 5380 617 5458 οόκ.
647 5379 916 5458 ἵχουσαν,
943 5379 1194 5458 κρύπτει.
1221 5379 1314 5455 μέν
1349 5379 1412 5458 ⁸έν
1473 5380 1622 5458 βάθει
1674 5379 1802 5458 τῆς
1837 5386 2019 5458 ψυχῆν

367 5455 459 5529 :6_
486 5449 1092 5529 xuxéne'ec,_tlepu1r'eluv
1153 5449 1231 5529 δέ’
1265 5454 1400 5527 πρὸς
1438 5449 1518 5529 ’τό
1569 5455 1820 5529 συγγενὲς
1851 5449 2022 5510 ’ὑῖτξό-

369 5525 629 5600 κρίνεται,
666 5596 676 5600 _
706 5525 823 5600 xul_
873 5524 1008 5600 :u'tc;_
1095 5524 1369 5600 μεγίσταις
1438 5524 1781 5600 λαμπρύνει--
1812 5533 2020 5599 τιμαῖς.

369 5547 404 5581 κ
447 5547 629 5594 ινεται,
706 5547 794 5579 και
876 5547 996 5585 ταις
1095 5547 1369 5600 μεγισταις
1440 5547 1742 5600 Λαμπρυνει
1812 5547 2020 5599 τιμαις.

369 5547 596 5672 ’ἔπειτα
656 5596 895 5672 ῥηγνύειῄ
959 5597 1021 5650 τὸ
1075 5600 1480 5672 καταπέτασμα,
1534 5599 1655 5672 τιὲιςΔ
1688 5595 1864 5672 πύλας
1923 5601 2022 5672 τῆς

369 5666 592 5743 καρδίας
656 5666 1072 5743 ἀναπετάννυσι,
1130 5671 1220 5743 καὶ
1258 5671 1348 5726 τὸν
1389 5666 1598 5743 ’ἐκεῖσε
1635 5667 1869 5743 δείκνυσι
1926 5666 2022 5743 ἐμ-

371 5738 689 5821 φωλεύοντα
739 5739 1025 5820 δράκοντα,
1057 5738 1146 5798 καὶ
1200 5743 1308 5821 πρὸ
1354 5746 1462 5798 τῶν
1511 5738 1722 5817 ἄλλων,
1753 5740 1841 5798 ἐπὶ
1898 5738 2026 5808 τοὺς

2135 5239 2365 5302 οἰκείους
2419 5240 2689 5312 συγγενεῖς
2745 5240 2874 5312 τῆς,
2907 5237 3109 5312 κακίας,
3136 5237 3504 5312 ίὸνᾼῌέκκενοῖ,
3550 5239 3648 5312 καί
3702 5236 3798 5312 οὓς

2137 5257 2365 5302 οικειους
2419 5259 2481 5293 συ
2555 5257 2689 5298 ενεις
2745 5257 2842 5303 της
2907 5257 3097 5299 κακιας
3137 5257 3215 5294 ιον
3273 5257 3504 5312 εκκενοι,
3550 5257 3640 5295 και
3702 5257 3789 5302 ους

2137 5312 2231 5386 μὲν
2291 5257 2551 5388 ὑπερορίίᾳί
2618 5307 2998 5388 καταδικάσας,
3059 5308 3151 5374 οὓς
3189 5307 3270 5388 -.δέ
3346 5314 3451 5366 τῶν
3526 5309 3789 5388 παιδογό-

2137 5333 2231 5386 μεν
2291 5333 2454 5388 υπερο
2501 5333 2551 5382 ιᾳ
2618 5333 2998 5380 καταοικασας,
3059 5333 3151 5374 ους
3211 5333 3270 5364 οε
3346 5333 3451 5366 των
3526 5333 3690 5367 παιοο
3730 5333 3789 5366 ο-

2132 5405 2237 5460 νων
2336 5333 2542 5460 μορίων
2616 5382 3053 5460 ’ᾀποτε-μόμενος
3089 5379 3288 5460 [ἤδη
3385 5404 3490 5438 που
3583 5333 3793 5460 γενείας

2133 5452 2385 5533 ἔχοντας,
2414 5452 2523 5510 ’καὶ
2582 5454 2749 5533 υἱέας,
2800 5452 2957 5533 ὄντας
2997 5459 3201 5533 τοκεῖς,
3252 5452 3646 5533 στεφανοφορεῖ
3701 5458 3795 5512 καὶ

2134 5525 2544 5605 Herebum
2591 5529 2652 5581 ού
2713 5527 2931 5605 Ιὲερᾳὲα,
2980 5525 3252 5605 καθελῲν.
3308 5525 3424 5605 ούξδζ
3457 5525 3794 5605 -Ᾱντμίγονον,

2136 5549 2529 5655 Ααὲιπρυνεται,
2591 5549 2652 5581 ου
2713 5549 2915 5604 ιιερσεα
2980 5549 3252 5594 καθεΛων,
3308 5549 3402 5583 ουο
3478 5549 3794 5605 Λντιγονον,

2134 5599 2194 5689 οὲ
2237 5600 2260 5654 έ
2300 5621 2351 5655 τι
2403 5595 2683 5689 βάρϐαρον
2728 5599 3045 5656 ἀπελαύνων
3083 5598 3287 5686 ’φῦλοη
3335 5599 3480 5657 ἀλλὰ
3514 5600 3641 5664 τοὺς
3703 5603 3795 5680 ἀφ’

2134 5671 2363 5747 αἳματος
2395 5669 2424 5726 6
2455 5669 2722 5745 δυσμενὴς
2754 5669 3283 5748 καταγωνισάμενος.
