4126 6400
313 414 435 476 201

1624 403 2041 468 ANNALIUM
2088 404 2238 466 LIB.
2279 403 2464 467 XVII.

3630 404 3754 468 202

309 546 463 612 κείας
523 547 695 616 ζωῆς,
747 537 881 596 ἀλλ’
931 535 1159 602 ἕκαστος
1197 541 1279 612 τῷ
1303 532 1674 614 προστυχῶτι
1729 537 1832 607 τήν
1890 533 1979 592 δε-

2119 537 2425 595 :enturiare
2455 545 2509 595 et
2538 538 2778 595 afﬂuere
2802 539 3058 607 turbam,
3084 556 3227 596 suos
3249 542 3449 595 autem
3470 537 3755 596 satellites

316 639 430 710 ειᾶν
492 632 745 702 ὁπλίσας,
807 626 1052 686 συνέθεον
1136 626 1226 684 ἐπὶ
1281 628 1350 682 τὰ
1418 627 1706 702 ἀνάκτορα.
1759 625 1868 683 Τὸν
1926 622 1985 680 δὲ

2096 629 2278 684 animi
2301 646 2430 685 esse
2463 629 2676 685 dubios
2697 645 2829 684 esse
2852 633 3119 685 cerneret
3139 629 3299 700 (nam
3333 628 3371 684 ii
3406 646 3640 702 quoque
3667 629 3756 685 fa-

318 730 542 803 πρῶτον
579 723 670 798 μὲν
705 720 770 776 οὗ
801 718 940 774 πάνυ
989 739 1034 773 τι
1092 717 1156 774 τὸ
1211 720 1309 775 τοῦ
1367 715 1616 787 πλήθους
1676 714 1986 791 συγκίνημα

2119 719 2264 774 :inus
2291 717 2352 773 in
2384 717 2822 789 imperatricern
2852 718 3183 773 admissum
3218 718 3483 790 oderant)
3513 718 3754 774 territus

326 809 672 892 έθορῦϐησεν.
731 809 866 866 Εἶτα
928 809 1022 864 τὸν
1082 803 1258 881 δῆμον
1345 807 1487 884 ὁρῶν
1570 807 1982 880 ἐκμαινόμενον,

333 906 410 969 εἷς
467 904 664 980 λόχους
737 921 796 955 τε
873 897 1284 972 συνιστάμενον,
1339 896 1428 951 καὶ
1494 896 1585 950 τὸν
1647 892 1778 950 λαόν
1840 894 1988 971 ἐπιρ-

337 979 715 1074 ρέοντα,γτοί›ς
771 986 829 1044 δὲ
879 987 1003 1064 περὶ
1061 985 1220 1041 αὐτὸν
1261 979 1609 1062 ἀμφιϐόλους
1669 989 1788 1046 ταῖς
1846 984 1987 1059 γνώ-

338 1072 463 1160 μαις
518 1084 794 1137 κατανοῶν
856 1076 1151 1153 (κάκείνοις
1199 1075 1299 1152 γὰρ
1333 1075 1396 1130 τὸ
1426 1074 1552 1151 περὶ
1583 1074 1680 1142 τὴν
1742 1072 1989 1149 βασίλισ-

328 1196 418 1230 σαν
451 1171 724 1246 μεμίσητο
781 1166 1093 1242 τόλμημα),
1130 1161 1387 1241 περιδεής
1444 1185 1504 1219 τε
1555 1163 1645 1218 καὶ
1704 1162 1994 1240 ἐναγώνιος

327 1262 567 1340 γέγονεν.
603 1258 785 1316 Ἀλλά
843 1279 895 1313 τι
952 1257 1142 1332 μικρὸν
1200 1257 1301 1324 τὴν
1362 1252 1596 1330 ἀγωνίαν
1651 1254 1992 1340 αὐτῷὁνω-

326 1337 618 1424 ϐελίσιμος
650 1347 1024 1426 ἐπεκούφισεν.
1057 1345 1212 1405 Οῗκοι
1244 1345 1343 1421 γὰρ
1377 1343 1475 1413 ὣς,
1506 1342 1594 1398 καὶ
1652 1344 1752 1412 τὴν
1797 1337 1992 1398 ’στάσιν

325 1440 689 1516 μεμαθηκὼς,
730 1425 871 1500 τοὺς
931 1435 1055 1510 περὶ
1130 1433 1289 1489 αὐτὸν
1370 1432 1598 1494 ὁπλίσας
1669 1429 1898 1505 (πολλοὶ
1948 1425 1996 1486 δ’

325 1531 482 1601 αὐτῷ
530 1527 958 1605 παρετρέφοντο)
1010 1521 1101 1578 διὰ
1152 1524 1323 1596 μέσης
1350 1528 1448 1591 τῆς
1499 1521 1700 1598 ἀγορᾶς
1761 1520 1991 1605 παριὼν,

321 1618 577 1690 ἀπῆλθεν
631 1602 718 1678 εις
754 1602 823 1670 τὰ
878 1611 1151 1692 βασίλεια,
1185 1611 1275 1666 καὶ
1304 1611 1501 1666 αὐτίκα
1533 1607 1824 1665 στέλλουσι
1881 1602 1998 1682 (21)

319 1710 453 1770 τοὺς
500 1705 862 1776 ἐπανάξοντας
921 1703 1023 1772 τήν
1085 1699 1428 1778 βασίλισσαν,
1480 1704 1598 1764 τοῖς
1654 1697 1711 1754 δὲ
1767 1699 1998 1754 στασιώ-

318 1819 448 1860 ταις
479 1795 810 1866 ἀπέστησάν
840 1813 983 1854 τινες
1016 1791 1075 1845 ἐκ
1120 1788 1388 1868 τάφανοῦς
1450 1787 1584 1865 βέλη
1647 1789 1761 1843 κατ’
1819 1787 1998 1842 αὐτῶν

319 1887 594 1967 ἀφιέντες,
626 1883 718 1938 καὶ
777 1879 967 1943 λίθους
1021 1880 1096 1967 ἐκ,
1129 1877 1459 1967 σφενδονῶν,
1508 1876 1561 1949 ἐξ
1753 1878 1817 1932 οὐ
1877 1875 2000 1952 βρά-

321 1964 521 2054 χίποι
596 1973 952 2048 ἀνῃρέθησαν·
1008 1966 1149 2039 Ἤδη
1212 1965 1269 2023 δὲ
1323 1969 1423 2037 τήν
1488 1964 1745 2044 βασιλίδα
1803 1967 1999 2021 ἀνακο-

328 2070 620 2141 μισθεῖσαν
675 2063 962 2132 στήσαντες
1020 2057 1108 2113 ἐπὶ
1171 2057 1450 2133 μετεώρου
1510 2059 1561 2112 ὲν
1633 2061 1714 2129 τῷ
1773 2056 1999 2130 θεάτρῳ,

324 2159 456 2216 τοῖς
539 2150 912 2220 στασιάζουσιν
991 2144 1356 2215 ἐπεδείκνυον,
1414 2144 1507 2202 ’ίνα
1584 2144 1743 2216 δῆθεν
1821 2143 2003 2206 αὐτοῖς

323 2243 672 2315 κατευνασθῇ
735 2242 764 2295 6
829 2239 1023 2312 θυμὸς,
1085 2235 1488 2307 ἀνακληθείσης
1573 2242 1674 2306 τῆς
1750 2234 2006 2314 σφετέρας

323 2327 682 2392 δεσπότιδος.
707 2331 840 2390 Τοῖς
873 2324 930 2382 δὲ
959 2330 1120 2381 τοῦτο
1155 2322 1370 2398 μᾶλλον
1425 2325 1606 2399 ἀνῆψε
1666 2323 1760 2379 τὸν
1811 2322 2005 2396 θυμὸν,

319 2423 423 2479 καὶ
491 2420 736 2491 έξέκαυσε
780 2418 880 2486 τὴν
951 2416 1139 2491 ὀργήν.
1195 2415 1285 2478 Ὣς
1343 2415 1445 2491 γὰρ
1527 2412 2007 2492 μετημφιεσμένην

323 2511 510 2580 αὐτὴν
569 2506 919 2584 έωράκεισαν,
978 2503 1066 2560 ἐπὶ
1123 2501 1292 2559 πλέον
1341 2501 1714 2580 ἀνερράγησαν
1777 2501 1852 2564 εἷς
1910 2501 2009 2555 τὸν

326 2599 591 2672 πόλεμον
629 2640 642 2664 ,
712 2595 803 2651 καὶ
889 2597 990 2660 τῆς
1065 2591 1390 2664 κακοηθείας
1471 2593 1563 2647 τὸν
1648 2593 2014 2667 τυραννοῦντα

337 2691 694 2765 μισήσαιτες,
755 2683 1073 2763 ἀφίστανται
1161 2682 1256 2755 μὲν
1339 2688 1438 2752 τῆς
1493 2678 1773 2758 βασιλίδος
1833 2686 2012 2752 Ζωῆς,

333 2780 483 2855 πρὸς
517 2773 576 2831 δὲ
604 2775 702 2844 τὴν
731 2770 1012 2848 Θεοδώραν
1046 2772 1144 2841 τὴν
1176 2769 1379 2842 ταύτης
1412 2769 1673 2848 σύγγονον
1723 2770 2014 2847 τρέπονται

341 2867 454 2938 ἤδη
486 2863 1067 2940 προσχηματισθεῖσαν
1097 2859 1349 2930 κάκείνην
1396 2860 1544 2936 παρὰ
1592 2865 1690 2930 τῆς
1749 2856 2016 2936 ἀδελφῆς,

355 2957 481 3020 ὼςὸ
517 2955 681 3031 λόγος
743 2951 949 3027 φθάσας
1009 2946 1237 3023 ἐδίδαξε,
1267 2949 1357 3003 καί
1407 2969 1530 3004 τινα
1583 2952 1692 3003 τῶν
1743 2948 2047 3024 πατρῴων⁸

359 3047 520 3114 αὐτῆς
621 3055 967 3117 θεραποντων
1073 3032 1484 3115 παραλαϐόντες
1518 3083 1532 3108 ,
1593 3036 1850 3116 ἀφίκοντο
1937 3035 2019 3091 ἐπ’

351 3136 538 3204 αὐτὴν,
600 3131 692 3188 καὶ
743 3129 944 3199 ταύτην
994 3136 1095 3200 τῆς
1149 3127 1428 3190 κατοικίας
1503 3125 1866 3203 ἐξαγαγόντες,
1927 3125 2018 3181 καὶ

344 3228 465 3282 οἷον
525 3221 650 3298 περὶ
710 3219 878 3290 αὐτὴν
939 3217 1374 3288 συνασπίσαντες,
1439 3238 1517 3279 εις
1574 3217 1638 3272 τὸ
1728 3215 1862 3292 μέγα
1931 3216 2016 3272 τέ-

2097 812 2344 863 aestuare
2374 806 2564 878 coepit.
2599 807 2712 862 Sed
2746 824 2879 862 eum
2915 823 3192 879 angorem
3242 807 3649 864 nobilissimus
3706 807 3758 863 ei

2100 895 2368 952 nonnihil
2401 895 2651 953 levavit:
2684 895 2784 968 qui
2834 913 2970 950 cum
3031 897 3192 952 domi
3253 895 3602 953 seditionem
3661 914 3756 952 co-

2100 987 2419 1060 gnovisset,
2480 985 2607 1041 suis
2664 985 2956 1041 ministris
3015 1002 3162 1056 quos
3220 985 3414 1042 alebat
3469 986 3757 1058 plurimos

2100 1075 2364 1145 armatis,
2400 1092 2502 1147 per
2532 1074 2791 1131 medium
2829 1076 3018 1130 forum
3051 1074 3109 1129 in
3145 1075 3369 1147 regiam
3415 1075 3579 1146 abiit,
3633 1081 3756 1132 sta-

2103 1167 2325 1236 timque
2359 1163 2540 1219 mittit
2570 1164 2670 1235 qui
2701 1163 3140 1236 imperatricem
3173 1165 3269 1219 red
3283 1170 3477 1236 ucant,
3510 1169 3567 1220 et
3597 1165 3756 1221 sedi-

2103 1255 2274 1310 tiosis
2305 1254 2595 1326 quosdam
2627 1253 2890 1326 opponit,
2925 1253 3025 1324 qui
3079 1270 3148 1309 ex
3196 1253 3423 1310 occulto
3472 1271 3571 1310 eos
3625 1254 3754 1310 telis

2105 1349 2389 1416 peterent,
2423 1347 2480 1398 et
2526 1342 2727 1398 fundis
2785 1342 3168 1411 incesserent,
3229 1344 3383 1398 unde
3441 1360 3558 1400 non
3618 1360 3759 1399 sane

2107 1433 2278 1505 pauci
2310 1434 2629 1504 perierunt,
2662 1431 3096 1504 imperatricem
3118 1449 3252 1489 vero
3274 1433 3398 1503 jam
3432 1434 3757 1502 reductam,

2107 1527 2282 1594 atque
2313 1523 2372 1577 in
2403 1539 2636 1578 summo
2667 1521 2896 1577 theatro
2939 1521 3284 1577 collocatam
3337 1523 3762 1579 tumultuanti-

2112 1612 2222 1666 bus
2252 1611 2650 1679 ostenderent,
2686 1615 2750 1666 ut
2777 1610 2901 1666 visa
2933 1610 3173 1666 domina
3196 1611 3359 1666 furor
3375 1629 3576 1668 eorum
3604 1629 3764 1669 com-

2111 1704 2462 1772 pesceretur.
2491 1699 2552 1754 Id
2573 1716 2707 1755 vero
2737 1697 2899 1755 velut
2931 1699 3288 1756 incentivum
3319 1701 3615 1772 quoddam
3674 1719 3766 1759 se-

2111 1789 2352 1846 ditionis
2385 1789 2516 1854 fuit,
2559 1793 2616 1845 et
2674 1788 3043 1844 iracundiam
3100 1789 3300 1861 populi
3356 1790 3766 1848 inﬂammavit.

2111 1878 2260 1933 Nam
2287 1883 2601 1950 conspecta
2621 1877 2873 1934 vestium
2909 1879 3258 1945 mutatione,
3294 1879 3514 1936 bellum
3543 1879 3768 1936 violen—

2112 1968 2232 2023 tius
2263 1966 2500 2034 exarsit,
2533 1983 2599 2022 ac
2630 1967 2945 2040 tyrannicas
2978 1966 3366 2040 malignitatis
3396 1970 3552 2036 odio,
3601 1969 3772 2026 relic-

2115 2060 2172 2112 ta
2201 2055 2575 2128 imperatrice
2616 2057 2748 2123 Zoe,
2807 2057 2877 2111 ad
2939 2072 3196 2113 sororem
3231 2057 3360 2129 ejus
3391 2058 3760 2115 Theodoram

2115 2144 2401 2211 conversi,
2435 2161 2566 2216 quae
2596 2149 2653 2200 et
2682 2146 2830 2217 ipsa,
2893 2148 2958 2200 ut
3015 2162 3195 2218 supra
3260 2148 3591 2219 expositum
3650 2153 3760 2215 est,

2117 2234 2537 2307 sorprisjussu
2570 2233 2838 2289 habitum
2873 2239 3150 2303 mutarat,
3187 2237 3334 2292 duce
3367 2237 3621 2308 quodam
3655 2255 3764 2309 pa-

2117 2329 2282 2380 terno
2309 2324 2438 2395 ejus
2470 2323 2714 2390 famulo,
2757 2323 2931 2380 veluti
2988 2325 3232 2381 militari
3291 2325 3463 2398 globo
3522 2327 3770 2382 circum-

2119 2423 2338 2492 datam,
2371 2439 2439 2477 ex
2495 2423 2716 2479 aedibus
2772 2423 2834 2479 in
2893 2423 3162 2497 Magnam
3224 2424 3531 2481 ecclesiam
3589 2425 3773 2482 divini

2126 2511 2293 2568 Verbi
2324 2511 2634 2585 Sapientiae
2684 2513 3113 2585 perduxerunt:
3177 2514 3274 2568 ubi
3306 2531 3340 2569 a
3370 2518 3490 2570 toto
3541 2519 3770 2584 senatu,

2123 2601 2337 2674 populo
2368 2605 2426 2657 et
2453 2602 2858 2657 sacerdotibus
2893 2606 3149 2674 Augusta
3184 2607 3241 2658 et
3288 2602 3630 2672 imperatrix
3683 2607 3776 2659 est

2125 2690 2524 2746 consalutata.
2565 2691 2644 2745 Ea
2675 2707 2766 2747 res
2799 2689 3064 2746 Michaeli
3097 2696 3154 2746 et
3182 2691 3308 2747 suis
3339 2708 3574 2748 omnem
3606 2709 3774 2765 spem

2126 2780 2368 2837 ademit.
2397 2779 2599 2850 Itaque
2628 2780 2754 2835 vitae
2811 2785 3104 2849 metuens,
3161 2780 3364 2836 relicta
3421 2781 3580 2852 regia
3637 2799 3772 2838 cum

2128 2869 2518 2935 nobilissimo,
2544 2869 2675 2924 navi
2696 2869 3074 2941 imperatoria
3095 2886 3434 2938 conscensa,
3459 2871 3514 2924 in
3548 2869 3776 2927 celebre

2129 2959 2320 3015 Studii
2351 2957 2795 3027 monasterium,
2828 2959 3072 3030 abjectis
3131 2959 3362 3030 imperii
3416 2959 3773 3032 insignibus,

2127 3047 2460 3119 habituque
2494 3047 2820 3103 monastico
2851 3052 3109 3120 sumpto,
3139 3050 3449 3105 concessit.
3493 3052 3617 3116 Quo
3667 3066 3774 3122 po—

2128 3137 2304 3211 pulus
2333 3136 2587 3214 cognito,
2619 3135 2880 3192 laetitiam
2940 3137 3314 3193 dissimulare
3356 3138 3662 3209 nequiens,
3703 3139 3776 3195 ad

2128 3227 2298 3282 illum
2323 3225 2638 3281 concurrit.
2664 3225 2766 3281 Die
2782 3226 3053 3298 verojam
3074 3227 3143 3282 ad
3171 3243 3446 3283 occasum
3479 3232 3776 3300 vergente,

342 3334 519 3389 μενος
563 3294 752 3387 ἄγουσι
799 3315 900 3378 τῆς
928 3311 1023 3363 τοῦ
1059 3311 1194 3362 Θεοῦ
1221 3307 1404 3382 Λόγου
1438 3305 1661 3385 Σοφίας,
1719 3306 1810 3361 καὶ
1867 3306 2009 3380 impii

2123 3315 2436 3373 'I‘heodorae
2468 3314 2719 3370 studiosi
2749 3314 2913 3370 veriti
2965 3332 3036 3370 ne
3085 3316 3195 3371 Zoe
3244 3316 3496 3387 ejectum
3545 3333 3778 3373 revoca-

335 3403 566 3459 πάντων
599 3403 706 3456 τῶν
739 3419 797 3454 τε
824 3405 924 3468 τῆς
960 3396 1191 3474 βουλῆς,
1225 3396 1315 3451 καὶ
1365 3399 1471 3452 τῶν
1531 3400 1628 3451 τοῦ
1689 3392 1753 3466 δή
1766 3416 1870 3468 μου
1926 3393 2016 3449 καὶ

341 3493 531 3549 αὐτῶν
587 3494 695 3544 τῶν
753 3494 855 3558 τῆς
912 3484 1242 3558 Ἐκκλησίας
1298 3487 1333 3556 ἡ
1405 3483 1658 3562 Θεοδώρα
1734 3483 2019 3560 Αὖγούστα

347 3578 580 3660 βασιλὶς
643 3576 999 3654 ἀνηγόρευτο.
1059 3579 1237 3634 Τοῦτο
1291 3573 1348 3630 δὶ
1405 3581 1577 3660 πᾶσαν
1656 3572 1855 3630 έλπίδα
1936 3577 2018 3647 τῷ

342 3659 588 3748 Μιχαὴλ
646 3666 736 3724 καὶ
789 3671 908 3729 τοῖς
967 3665 1091 3741 περὶ
1125 3664 1328 3720 έκεῖνον
1360 3659 1642 3734 ἀπέσϐεσε,
1675 3664 1766 3719 καὶ
1828 3660 2020 3727 δεδιὼς

344 3759 480 3835 περὶ
545 3761 616 3832 τῇ
694 3759 830 3830 ζωῇ,
888 3759 997 3810 τῶν
1043 3751 1332 3831 βασιλείων
1391 3754 1724 3828 μεθίσταται,
1782 3752 1871 3808 καὶ
1928 3752 2020 3818 νηῒ

345 3854 462 3907 τῶν
503 3844 803 3923 βασιλικῶν
857 3839 1180 3918 ἐμϐεϐηκὼς
1238 3842 1402 3904 αὐτός
1448 3863 1508 3898 τε
1562 3843 1650 3897 καὶ
1711 3843 1739 3897 6
1794 3835 2019 3896 νωϐελίο

339 3957 538 4012 σιμος,
599 3934 673 3998 εἷς
729 3936 828 4005 τὴν
888 3933 1235 4011 περιώνυμον
1293 3931 1542 4002 ἀπῆλθον
1599 3935 1693 3987 τοῦ
1754 3927 2018 3986 Στουδίου

347 4026 554 4102 μονὴν,
583 4023 651 4079 τὰ
694 4024 791 4097 μὲν
845 4029 945 4092 τῆς
1001 4020 1279 4098 βασιλείας
1338 4020 1694 4097 γνωρίσματα
1743 4019 2020 4092 ἀποθέμε-

348 4138 465 4182 νος,
533 4116 804 4188 μοναστοῦ
863 4108 908 4166 δ’
961 4111 1108 4184 αὐτῷ
1186 4110 1538 4185 περιθέμενος
1613 4107 1808 4188 ἅμφια.
1868 4107 2016 4164 Ἐπεὶ

349 4203 396 4260 δ’
433 4204 684 4279 ἐγνώσθη
717 4206 880 4256 τοῦτο
909 4205 989 4274 τῷ
1038 4198 1222 4273 δήμῳ,
1252 4199 1352 4254 οὐκ
1401 4199 1553 4274 εἶχον
1607 4200 1757 4260 ὅπως
1806 4197 1865 4253 ἐκ
1919 4201 2017 4266 τῆς

361 4298 530 4367 χαρᾶς
589 4291 940 4366 κατάσχωσιν
1009 4288 1253 4357 ἑαυτοὺς,
1307 4287 1396 4343 καὶ
1459 4287 1543 4342 ἐπ’
1599 4286 1804 4342 ἐκεῖνον
1870 4285 2020 4341 συνέ-

361 4383 498 4438 θεον.
531 4378 675 4451 Ἤδη
740 4377 798 4434 δὲ
849 4377 1144 4449 κλινουσης
1201 4378 1436 4454 ἡμέρας,
1470 4377 1522 4432 οἱ
1571 4377 1697 4452 περὶ
1746 4377 1845 4446 τήν
1891 4382 2021 4432 Θεο-

360 4467 543 4544 δώραν
595 4466 890 4538 δείσαντες,
948 4469 1023 4540 μή
1094 4469 1128 4537 ἡ
1194 4464 1411 4542 βασιλὶς
1491 4467 1613 4535 Ζωή
1700 4464 1853 4530 αὖθις
1927 4465 2020 4520 τὸν

352 4553 736 4629 έκϐεϐληκὸτα
792 4553 1332 4627 ἀνακαλέσηται,⁶ίνα
1391 4556 1468 4628 μὴ
1517 4559 1552 4625 ἡ
1613 4553 1824 4633 ἀδελφή
1884 4557 2021 4633 αὐτῇ

349 4648 774 4724 συγκοινωνήσῃ
854 4648 951 4714 τῆς
1035 4644 1338 4721 βασιλείας,
1396 4643 1685 4700 στέλλουσι
1761 4645 1890 4708 τοὺς
1958 4648 2026 4703 τὰ

351 4734 588 4812 ὄμματα
649 4735 738 4790 καὶ
814 4734 1018 4812 ἀμφοῖν
1098 4733 1458 4810 έξορύξοντας.
1513 4735 1577 4788 Οἱ
1657 4735 1749 4807 μὲν
1822 4735 1913 4790 οὖν
1975 4736 2026 4810 ἐξ

350 4826 527 4882 αὐτοῦ
582 4828 680 4880 τοῦ
732 4821 1122 4898 θυσιαστηρίου
1186 4829 1287 4891 τῆς
1341 4827 1440 4878 τοῦ
1509 4819 1779 4878 Στουδίου
1862 4825 2030 4898 μονῆς

2127 3410 2236 3472 ret,
2271 3422 2386 3477 quo
2419 3419 2679 3460 sororem
2710 3409 3042 3460 consortem
3103 3405 3336 3476 imperii
3394 3405 3608 3461 habere
3663 3422 3781 3461 non

2127 3499 2451 3568 cogeretur,
2486 3494 2750 3561 mittunt,
2785 3493 2883 3565 qui
2941 3493 3170 3565 utrique
3219 3493 3423 3550 oculos
3479 3495 3779 3551 eﬂ'odiant.

2126 3587 2272 3644 Cum
2295 3583 2476 3656 igitur
2494 3601 2563 3639 ex
2590 3583 2720 3655 ipso
2753 3583 3011 3639 sacrario
3061 3583 3396 3640 Studiensis
3441 3583 3784 3640 monasterii

2127 3674 2370 3731 extracti
2411 3673 2878 3728 abducerentur:
2934 3672 3253 3728 multitudo
3305 3691 3432 3746 quae
3484 3673 3584 3729 illo
3643 3690 3788 3730 con-

2126 3763 2375 3819 ﬂuxerat
2433 3762 2516 3816 eis
2574 3760 2857 3817 illudebat
2913 3767 2971 3817 et
3027 3761 3372 3832 insultabat,
3458 3761 3784 3819 cantilenas

2130 3852 2419 3924 quaedam
2450 3855 2731 3921 tanquam
2765 3850 2823 3904 in
2855 3851 3136 3924 tragaedia
3166 3851 3459 3921 occinens,
3488 3852 3674 3907 donec
3695 3851 3780 3907 eis

2130 3942 2186 3996 in
2217 3941 2344 3996 loco
2376 3939 2476 4012 qui
2510 3939 2713 4011 Sigma
2740 3937 2957 3993 dicitur
2987 3939 3143 3996 oculi
3195 3944 3335 3995 sunt
3380 3941 3600 3996 effossi.
3635 3942 3782 3996 Con-

2129 4029 2304 4086 stanti
2314 4045 2386 4084 no
2411 4027 2808 4084 calamitatem
2835 4045 2961 4083 eam
2983 4028 3209 4084 fortiter
3232 4030 3470 4098 ferente,
3495 4029 3776 4085 Michaele

2129 4136 2261 4175 vero
2297 4118 2450 4174 246
2477 4117 2796 4188 quiritante
2845 4121 2901 4171 et
2948 4117 3286 4173 lamentata.
3320 4122 3398 4171 Ea
3429 4135 3490 4173 re
3520 4124 3775 4191 peracta,

2130 4207 2387 4262 ministri
2417 4221 2598 4277 poenas
2632 4209 2702 4258 ad
2763 4204 3130 4260 Theodoram
3188 4206 3382 4260 adhuc
3438 4207 3499 4261 in
3558 4207 3779 4280 templo

2129 4300 2458 4352 versantem
2490 4293 2809 4348 redierunt.
2841 4293 2964 4349 Zoae
2996 4311 3128 4350 vero
3158 4293 3218 4348 in
3261 4295 3479 4368 regiam
3539 4313 3783 4353 reversae

2132 4386 2377 4441 minime
2406 4383 2694 4456 placebat,
2725 4389 2790 4438 ut
2816 4388 2941 4438 erat
2971 4383 3478 4453 ambitiosissime,
3523 4403 3784 4442 sororem

2131 4476 2191 4531 in
2225 4473 2527 4545 potestatis
2561 4472 2922 4528 consortium
2956 4473 3284 4528 admittere.
3305 4472 3524 4530 Verum
3547 4480 3788 4533 senatus

2133 4570 2446 4635 utramque
2475 4579 2778 4627 venerans,
2813 4562 2963 4617 hanc
2997 4567 3060 4617 ut
3085 4563 3208 4632 jam
3245 4563 3470 4634 pridem
3526 4563 3790 4638 impera-

2061 4671 2105 4735 Ι)
2135 4651 2338 4706 tricem
2372 4666 2565 4718 suam,
2598 4647 2761 4703 illam
2795 4653 2858 4704 ut
2890 4665 3091 4704 recens
3124 4650 3514 4722 dcsignatam,
3547 4656 3606 4708 et
3635 4668 3790 4708 ever-

2139 4757 2215 4796 sa:
2244 4738 2574 4812 tyrannidis
2606 4754 2870 4805 causam,
2903 4744 3045 4794 natu
3101 4739 3308 4811 majori
3359 4742 3675 4812 persuadet
3724 4745 3791 4798 ut

2142 4844 2402 4884 sororem
2436 4827 2720 4898 collegam
2770 4827 3063 4883 admittat.
3127 4829 3432 4884 Theodore
3480 4829 3660 4901 igitur
3701 4847 3792 4885 re-

359 4914 779 4981 έκσπασθέντες,
837 4912 1135 4988 ἀπήγοντο.
1195 4911 1272 4968 Τὸ
1331 4908 1388 4966 δὲ
1445 4909 1660 4982 πλῆθος
1740 4911 2009 4989 συρῥεῦσα·

2141 4917 2296 4990 giam
2331 4917 2598 4988 ingressa
2629 4915 2753 4988 pari
2799 4932 2931 4970 cum
2989 4918 3097 4972 Zoe
3158 4923 3446 4989 potestate
3507 4936 3613 4975 usa
3667 4924 3790 4976 est:

359 5005 495 5080 περὶ
527 5001 745 5073 αὐτοὺς,
779 4996 1058 5077 ἐνύϐριζόν
1090 5021 1149 5056 τε
1194 4999 1284 5055 καὶ
1335 4999 1692 5072 ἐπετώθαζον,
1742 5002 1832 5056 καὶ
1886 5003 2009 5076 μέλι

2144 5005 2340 5062 caecati
2373 5009 2565 5061 autem
2600 5005 2804 5060 exsilio
2839 5005 3071 5060 multati
3105 5012 3266 5075 sunt,
3299 5007 3546 5080 imperio
3591 4992 3794 5064 eurum

360 5094 724 5163 συντιθέντες,
776 5087 1195 5167 έπετραγῴδουν
1243 5089 1448 5152 αὐτοῖς.
1490 5091 1578 5152 Ὡς
1625 5087 1671 5144 δ’
1718 5093 1852 5159 ἧκον
1909 5114 2007 5170 περ

2145 5098 2402 5169 quatuor
2432 5094 2736 5150 mensibus
2768 5099 2826 5150 et
2875 5095 3134 5167 quinque
3191 5096 3400 5152 diebus
3454 5096 3795 5166 terminato,

360 5185 427 5240 τὸ
462 5181 644 5259 Σίγμα
673 5181 864 5258 (τόπος
907 5177 954 5234 δ’
987 5178 1095 5236 ἐστὶ
1145 5177 1489 5253 κεκλημένος
1539 5176 1713 5254 τουτί)
1745 5178 1856 5235 ἐκεῖ
1909 5181 2005 5238 τοὺ

2146 5185 2304 5257 quod
2330 5184 2556 5240 utinam
2589 5183 2764 5240 citius
2797 5183 3156 5241 amisissent.

364 5270 696 5350 ὀφθαλμοὺς
762 5267 1092 5341 έξεκόπησαν
1146 5271 1279 5343 (22),
1311 5268 1339 5323 6
1410 5268 1504 5342 μὶν
1574 5271 1973 5334 Κωνσταντῖνος
2038 5272 2298 5348 γενναίως
2363 5269 2538 5349 φέρων
2600 5272 2699 5340 τὴν
2768 5271 3076 5349 συμφαράν,
3146 5273 3175 5327 6
3242 5269 3299 5328 δὲ
3363 5272 3600 5350 Μιχαὴλ
3675 5276 3798 5330 θεο-

1645 5405 1850 5467 Variae
1892 5405 2194 5471 lectiones
2239 5414 2305 5469 et
2345 5413 2536 5469 notae.

452 5532 570 5606 (51)
602 5528 922 5606 KTEXAOQGL.
949 5535 1312 5606 iAnonymus
1369 5531 1644 5588 Barensis
1703 5530 1760 5586 in
1816 5531 2034 5589 Chron.
2149 5533 2940 5606 exsiliavitZo_i.Et_sur_rcxit
2972 5533 3256 5592 Constanti
3284 5534 3563 5606 Monacho,
3598 5541 3709 5595 etc.

378 5603 690 5682 σαεξ-1052)
729 5604 960 5660 Michael
1010 5603 1153 5682 imp.
1195 5603 1490 5682 defunctus
1522 5613 1620 5682 est,
1680 5608 1734 5682 et
1789 5609 2009 5682 ,ςιιννςαιή

2161 5677 2188 5682 Α
2223 5603 2846 5682 (22)Τοῦςῃόιρθαλμοὺς
2897 5603 3245 5682 έξεκόπησαν.
3306 5603 3615 5682 Catalogus
3658 5613 3803 5682 imp.

377 5677 618 5756 Michaeli
645 5677 832 5756 Gaesar
858 5692 1024 5756 nepos
1053 5679 1201 5748 ejus,
1233 5677 1331 5748 qui
1359 5676 1581 5756 direxit
1597 5679 1656 5731 in
1689 5677 2006 5756 Apulzic‘llla

2151 5676 2369 5756 deino
2393 5676 2784 5756 subjunctu's;
2820 5677 3005 5756 Ἐν,τῷ
3029 5678 3218 5756 κιονίῳ
3248 5684 3343 5734 τοῦ
3378 5676 3652 5756 Σίγμῖατος
3685 5676 3804 5736 ἐτυ-

375 5748 560 5807 m'aki.
579 5755 710 5807 Post
737 5764 939 5807 mensas
959 5748 994 5802 5
1009 5755 1355 5805 cessaverunt
1377 5748 1535 5805 illum
1559 5751 1738 5819 ipsum
1750 5749 1939 5823 ραάίιί
1947 5767 2009 5824 qu

2152 5748 2346 5829 φλώοη
2380 5751 2526 5827 παρὰ
2554 5748 2876 5829 Νικηφόρου
2909 5748 3314 5830 Ἐπάρχουτοῦ
3347 5748 3666 5818 Καπανέως.

706 5878 968 5940 ΡΑνι-ιιοι..
1020 5876 1128 5939 Gn.
1177 5877 1461 5940 CXXXV.
3448 5885 3484 5941 7
