4126 6398
392 438 516 500 203
1745 427 2077 490 JOANNIS
2122 428 2469 491 ZONARAE
3701 442 3824 501 204

388 572 569 649 λογῶν
614 591 675 627 τε
729 567 820 625 καὶ
875 566 1232 646 ὀδυρόμενος.
1292 567 1438 624 Ἐπεὶ
1501 562 1547 621 δ’
1598 563 1764 642 ἄμφω
1823 562 2019 651 σκότος
2080 559 2337 651 ἒκάλυψε,
2399 565 2536 640 πρὸς
2593 567 2693 636 τὴν
2751 565 3040 647 Θεοδώραν
3095 572 3149 628 οἱ
3203 572 3306 643 τήν
3366 574 3619 651 πήρωσιν
3678 575 3824 631 έκεί-

382 685 498 726 νοις
559 657 941 737 σχεδιάσαντες
1004 656 1403 729 ἐπανήλθοσαν,
1458 653 1534 711 ἔτι
1606 657 1686 726 τῷ
1772 649 1999 727 μεγάλῳ
2073 650 2279 725 τεμένει
2354 654 2788 727 προσμένουσαν.
2847 658 2913 715 Ἥ
2991 656 3050 715 δὲ
3134 661 3256 730 Ζωή
3339 649 3610 740 ἐτύγχανε
3690 663 3823 739 περὶ

378 755 448 810 τὰ
508 750 779 828 βασίλεια.
828 752 925 805 Ἦν
990 749 1085 823 μὶν
1145 746 1235 803 οὖν
1291 746 1426 821 αὐτῇ
1480 745 1543 800 τὸ
1605 741 1966 819 βουλόμενον,
2022 741 2097 814 μὴ
2146 743 2672 829 ,προσήσεσθαιῗτοῦ
2727 745 2959 822 κράτους
3023 750 3284 805 κοινωνὸν
3339 752 3439 821 τήν
3497 752 3817 829 ὁμαίμονα·

380 838 710 913 ἐζηλοτύπει
765 840 869 916 γὰρ
922 837 1185 899 ἐκτόπως.
1247 833 1402 891 ’Δλλ’
1463 834 1514 890 οἱ
1569 838 1671 903 τῆς
1727 829 2015 921 γερουσίας
2069 828 2160 884 καὶ
2218 828 2383 921 ἄμφω
2466 828 2775 907 σεϐόμενοι,
2834 838 2935 907 τήν
3009 838 3103 911 μὶν
3175 839 3250 902 ὡς
3331 838 3589 916 βασιλίδα
3664 848 3818 921 σφῶν

382 931 443 987 ἐκ
501 933 736 1007 μακροῦ,
792 930 892 998 τὴν
948 925 1025 999 δὲ,
1085 927 1159 989 ὡς
1214 923 1335 1003 ἄρτι
1406 922 1827 1001 ἀναῤῥηθεῖσαν,
1882 918 1973 974 καὶ
2022 922 2118 973 τοῦ
2168 919 2537 1007 καταλυθῆναι
2594 924 2692 993 τὴν
2748 923 3035 1002 τυραννίδα
3092 929 3390 1003 γενομένην
3444 929 3643 1004 αῗτίαν,
3691 918 3817 989 πεί-

385 1032 538 1087 θουσι
617 1006 717 1088 τὴν
793 1011 1196 1093 πρεσϐυτέραν,
1255 1013 1518 1071 κοινωνὸν
1601 1014 1699 1066 τοῦ
1778 1008 2009 1086 κράτους
2096 1006 2522 1087 προσειληφέναι
2603 1013 2704 1083 τὴν
2788 1012 3055 1092 ἀδελφήν.
3108 1019 3263 1073 Ἧκει
3345 1018 3521 1075 τοίνυν
3608 1021 3699 1077 καὶ
3774 1026 3813 1094 ἡ

386 1107 639 1183 θεοδώρα
696 1109 833 1184 πρὸς
888 1105 956 1161 τὰ
1015 1104 1287 1181 βασίλεια,
1340 1103 1433 1159 καὶ
1484 1100 1823 1176 συμμετέχει
1870 1102 1968 1154 τοῦ
2024 1098 2258 1187 κρατους
2312 1102 2380 1173 τῇ
2436 1096 2670 1177 ἂδελφῇ,
2728 1102 2966 1169 ἐντεῦθεν
3027 1105 3316 1183 ὑπερορίαν
3373 1108 3425 1163 οἱ
3472 1110 3820 1187 πηρωθέντες

381 1198 510 1262 τους
575 1195 898 1277 ὀφθαλμοὺς
955 1195 1391 1271 κατακρίνονται,
1422 1199 1525 1264 τῆς
1565 1188 1848 1269 βασιλείας
1891 1187 2076 1250 αὐτοῖς
2107 1185 2196 1241 ἐπὶ
2259 1194 2432 1262 μῆνας
2484 1190 2743 1267 τέσσαρας
2801 1194 2893 1250 καὶ
2949 1196 3105 1253 πέντε
3161 1197 3372 1274 ἡμέρας
3429 1185 3815 1275 συσταλείσης,

382 1288 456 1351 ὡς
488 1284 597 1351 εἶ’θε
624 1307 684 1363 γε
713 1285 806 1341 καὶ
841 1284 1203 1361 βραχύτερον.

456 1377 569 1435 XX.
594 1382 993 1434 Romanorum
1018 1375 1265 1449 imperio
1300 1374 1361 1429 in
1382 1387 1717 1447 gynaeceum
1741 1367 2019 1426 devoluto

2221 1368 2304 1424 K'.
2337 1368 2678 1441 Κατηντήκει
2726 1370 2906 1427 τοίνυν
2973 1372 3098 1451 περὶ
3168 1377 3268 1445 τὴν
3335 1383 3715 1451 γυναικωνῖτιν
3769 1383 3811 1436 ’λ

375 1483 551 1526 nemo
598 1465 916 1523 insidiatus
973 1470 1064 1521 est
1122 1463 1492 1531 mulieribus,
1551 1463 1651 1517 sed
1710 1466 2019 1533 paruerunt

2139 1459 2248 1510 τῶν
2304 1456 2594 1530 Ῥωμαίων
2678 1458 2853 1536 ἆρχή,
2920 1463 3009 1517 καὶ
3085 1460 3237 1520 οὐδέν
3303 1486 3356 1520 τι
3422 1466 3546 1544 περὶ
3609 1468 3815 1536 ταύτας

374 1573 581 1614 omnes
604 1559 722 1611 tam
746 1554 1043 1628 principes
1067 1561 1514 1624 senatus,quam
1543 1549 2019 1623 praetorianorum

2141 1546 2544 1621 νενεωτέριστο,
2578 1546 2727 1604 ἀλλᾶ
2754 1551 2950 1614 πάντες
2982 1551 3167 1615 αὐταῖς
3198 1553 3446 1631 ὑπεῖχον,
3477 1556 3540 1612 τό
3591 1578 3651 1614 τε
3702 1566 3810 1630 τῆς

372 1645 673 1719 praecipui.
735 1644 1026 1701 Sederunt
1084 1642 1265 1715 igitur
1320 1641 1505 1696 ambas
1564 1656 1668 1712 pro
1724 1636 2019 1707 tribunali,

2138 1636 2420 1709 γερουσίας
2450 1631 2667 1713 ἔξοχον,
2697 1640 2785 1694 καὶ
2834 1640 2898 1696 τὸ
2942 1645 3041 1696 τοῦ
3090 1643 3420 1720 στρατηγίου
3468 1644 3808 1721 ἐπισημότα-

372 1751 579 1793 omnes
601 1734 773 1806 regis:
800 1732 1147 1788 caeremonia
1171 1731 1327 1803 apud
1349 1747 1447 1786 eas
1470 1733 1738 1802 peractis,
1764 1726 2019 1782 adhibita

2139 1742 2262 1816 “rev.
2282 1724 2359 1816 At
2393 1721 2442 1816 δῖ
2470 1724 2636 1804 ἄμφω
2668 1726 2929 1816 έκάθηντο
2962 1728 3049 1785 έπῖ
3086 1731 3359 1807 ματος,
3381 1733 3471 1790 καὶ
3503 1742 3649 1793 πᾶσα
3676 1740 3807 1816 περὶ

372 1825 447 1881 de
477 1839 637 1880 more
666 1821 957 1885 custodia,
991 1820 1291 1893 primariis
1323 1818 1695 1874 senatoribus
1726 1820 1785 1872 et
1837 1815 2019 1888 magi«

2138 1811 2579 1906 autdeételsl’to
2610 1815 2802 1906 τελετή
2845 1821 2878 1889 ἡ
2915 1818 3215 1893 βασίλειος,
3249 1822 3340 1877 καὶ
3385 1826 3455 1898 τῇ
3501 1811 3808 1906 δορυφορίᾳ

374 1912 657 1969 stratibus
671 1909 1101 1966 venerabundis
1119 1903 2019 1977 circumstantibuszquaastiones

2135 1900 2200 1955 τὸ
2242 1899 2329 1956 ἐπὶ
2374 1908 2491 1966 τοῖς
2545 1905 2829 1980 βασιλεῦσι
2880 1915 3076 1984 σχῆμα
3118 1912 3414 1988 τετήρητο,
3456 1899 3659 1971 καὶ-οἷ’

373 2018 547 2076 porro
568 1998 1128 2066 controversiarum,
1153 2013 1440 2069 responsa
1461 1996 1532 2051 ad
1557 1993 1793 2067 publica
1823 1992 2023 2060 dubia,

373 2089 831 2148 anscultationes
860 2088 1210 2158 legatorum,
1230 2085 1491 2154 comitia,
1516 2088 1840 2155 ceteraque
1862 2082 2025 2154 regni

372 2179 663 2237 solemnia
684 2182 971 2250 usurpata
993 2176 1145 2249 apud
1172 2174 1612 2231 illas.Caeterum
1633 2171 1721 2228 vel
1744 2176 1925 2239 metu,
1953 2186 2026 2227 ne

370 2286 537 2327 soror
565 2284 762 2325 rerum
790 2266 917 2322 sola
949 2265 1237 2338 potiretur
1268 2263 1684 2337 (susurrabant
1712 2261 1868 2318 enim
1893 2259 2025 2333 qui-

370 2360 507 2415 dam
529 2358 600 2415 ad
620 2355 803 2414 solam
826 2354 1189 2411 Theodoram
1216 2350 2023 2426 pertinereimperium,quod

369 2464 549 2503 causa
581 2445 790 2501 fuisset
819 2443 1072 2517 pellendi
1106 2442 1381 2516 tyranni),
1414 2439 1504 2497 vel
1535 2439 1825 2496 desiderio
1842 2437 1950 2493 viri
1969 2440 2026 2493 et

369 2535 560 2592 coitus
591 2533 849 2606 impulsa
878 2534 988 2589 Zoe
1019 2533 1092 2588 de
1120 2532 1473 2604 imperatore
1502 2534 1560 2586 et
1589 2528 1800 2585 marito
1831 2526 1890 2582 in
1932 2543 2023 2582 re-

2137 1991 2364 2067 πρώτης
2396 1992 2606 2082 βουλῆς
2635 1995 2723 2049 καὶ
2756 1998 2809 2052 οἱ
2852 1996 2904 2053 ἐν
2960 1995 3109 2054 τέλει
3156 1998 3250 2054 σὺν
3303 1998 3454 2057 αἰδοῖ
3502 2009 3801 2082 παρειστή-

2136 2100 2317 2135 κεισαν
2394 2080 2720 2155 ξύμπαντες.
2794 2086 2895 2140 Καὶ
2974 2088 3229 2159 ζητήσεις
3297 2086 3486 2159 δικῶν,
3539 2080 3629 2148 καὶ
3699 2092 3807 2150 λύ-

2136 2189 2244 2231 σεις
2467 2167 2748 2244 δημοσίων
2810 2170 3295 2251 ἀμφισϐητήσεων,
3353 2178 3591 2246 ἐντεῦθεν
3651 2181 3802 2240 έντυ-

2134 2257 2257 2333 χίαι
2300 2279 2361 2314 τε
2406 2256 2747 2335 πρεσϐευτῶν
2797 2263 2887 2318 καὶ
2939 2264 3318 2342 ἀρχαιρεσίαι,
3369 2267 3459 2324 καὶ
3508 2266 3685 2327 τᾶλλα
3731 2275 3805 2329 τὰ

2131 2350 2201 2421 τῇ
2250 2347 2500 2432 βασιλείᾳ
2546 2353 2895 2426 προσήκοντα
2942 2350 3183 2429 ἐγίνοντο
3214 2356 3342 2432 παρ’
3373 2355 3583 2421 αὐταῖς.
3636 2359 3801 2417 Ἀλλ’

2133 2433 2243 2525 εἴτε
2299 2431 2488 2516 φόϐος,
2544 2440 2620 2513 μὴ
2793 2438 3005 2516 ἀδελφῇ
3052 2444 3193 2519 μόνῃ
3241 2431 3526 2520 περισταίη
3577 2449 3646 2503 τὰ
3693 2454 3796 2517 τῆς

2132 2523 2315 2601 ἀρχῆς
2343 2523 2782 2603 (ὑπεψιθυρίζετο
2830 2529 2935 2604 γάρ
2986 2550 3152 2602 τισιν,
3185 2529 3320 2606 αὐτῇ
3356 2531 3572 2606 μᾶλλον
3623 2556 3796 2612 προσ-

369 2624 530 2697 giam
559 2623 908 2680 accersendo
940 2620 1305 2677 deliberavit.
1349 2620 1652 2676 Adductus
1707 2617 1890 2691 igitur
1934 2619 2019 2671 est

2131 2614 2283 2684 ήκειν
2371 2615 2441 2670 τὰ
2535 2622 2639 2686 τῆς
2730 2618 2932 2694 ἀρχῆς,
3018 2619 3110 2674 ἅτε
3172 2618 3263 2674 καὶ
3347 2627 3450 2691 τῆς
3535 2628 3800 2699 τυραννή-

367 2713 787 2770 Constantinus
815 2710 1192 2783 Dalassenus,
1217 2710 1383 2783 quasi
1407 2709 1523 2766 alia
1538 2709 1609 2765 de
1639 2723 1818 2763 causa
1839 2721 2019 2762 accer-

2135 2713 2329 2767 σάντος
2375 2704 2737 2782 καθαιρέσεως
2788 2705 2979 2783 αἰτίᾳ),
3014 2705 3111 2763 εἴθις’
3144 2705 3338 2786 ἂνδρὸς
3395 2709 3663 2787 ἐπιθυμία
3703 2714 3788 2770 καί

374 2802 550 2858 situs.
585 2801 697 2856 Sed
733 2816 867 2855 cum
900 2798 1167 2871 asperius
1198 2796 1429 2853 locutus
1459 2799 1635 2863 esset,
1686 2799 1745 2850 et
1790 2792 2019 2867 ingenio

2139 2792 2335 2866 μίξεως
2400 2791 2590 2871 ἵμεροι
2678 2795 2958 2853 ἀνέπεισαν
3016 2798 3116 2867 τὴν
3191 2799 3345 2869 Ζωὴν
3418 2798 3791 2879 ἐπεισαγαγεῖν

368 2890 668 2946 videretur
697 2888 1001 2962 prefracto
1030 2891 1088 2943 et
1110 2885 1489 2956 intractabili,
1524 2884 1868 2957 repudiatus
1915 2885 2019 2937 est.

2131 2887 2249 2945 τοῖς
2299 2882 2597 2959 βασιλείοις
2662 2886 2753 2939 τὸν
2828 2883 3241 2961 βασιλεύσοντα,
3307 2888 3398 2943 καὶ
3460 2888 3596 2966 αὐτῇ
3656 2914 3799 2967 συμ-

366 2979 588 3037 Deinde
617 2979 688 3034 ad
721 2977 903 3034 alium
934 2975 1240 3032 inclinavit
1266 2991 1453 3047 neque
1484 2973 1790 3031 nobilitate
1834 2987 2019 3045 neque

2137 2972 2427 3049 βιώσοντα.
2481 2972 2580 3028 Καὶ
2628 2971 2781 3050 ἤχθη
2837 2974 2932 3048 μὶν
2978 2974 3007 3029 ὁ
3056 2973 3404 3049 Δαλασσηνὸς
3462 2985 3802 3038 Κωνσταντῖ-

368 3067 761 3142 dignitatibus
791 3072 893 3123 aut
919 3065 1364 3140 magistratibus
1391 3062 1811 3121 illustrioribus
1842 3061 2019 3134 gestis

2129 3081 2245 3147 νος,
2280 3061 2355 3126 ὡς
2401 3060 2485 3117 ἐπ’
2509 3058 2651 3118 ἄλλο
2702 3083 2755 3118 τι
2807 3061 3310 3138 μετακεκλημένος.
3340 3066 3799 3147 Ἀποτομώτερον

367 3159 688 3231 insignem,
720 3158 821 3213 sed
856 3156 927 3212 ob
963 3155 1210 3212 formam
1270 3154 1518 3227 imperio
1573 3153 1839 3226 dignum,
1893 3167 2019 3236 qua

2132 3146 2190 3236 δὲ
2217 3154 2335 3212 τοῖς
2363 3148 2550 3228 λόγοις
2580 3149 2951 3227 χρησάμενος,
2983 3153 3071 3207 καὶ
3106 3153 3167 3209 τὸ
3211 3153 3349 3223 ἦθος
3397 3158 3653 3235 φορτικός
3711 3181 3800 3224 τις

366 3248 631 3306 animum
664 3247 841 3303 etiam
875 3263 994 3302 non
1026 3245 1290 3300 deditum
1350 3242 1595 3299 luxurias
1648 3243 1707 3297 in
1759 3235 2018 3297 amorem

2131 3235 2289 3309 δόξας
2335 3240 2425 3294 καὶ
2471 3236 2766 3316 δυσχερὴς,
2817 3238 3251 3316 ἀπεδοκιμάσθη.
3303 3244 3435 3300 Εἶτα
3483 3245 3565 3301 ἐπ’
3618 3245 3800 3306 ἄλλον

367 3336 642 3412 pellicere
671 3339 891 3409 posset.
921 3335 1005 3389 Ad
1037 3350 1171 3391 eum
1208 3333 1389 3406 igitur
1437 3331 1784 3404 imperatrix
1830 3330 2020 3404 plenis

364 3425 510 3483 velis
542 3425 865 3496 ferebatur,
896 3424 996 3479 sed
1029 3425 1159 3495 ejus
1207 3421 1489 3495 suffragio
1550 3422 1791 3477 morbus
1842 3421 2023 3476 inter-

364 3514 563 3585 cessit,
599 3513 700 3587 qui
748 3513 936 3569 virum
995 3513 1190 3568 subito
1237 3528 1270 3568 e
1321 3511 1441 3567 vita
1495 3509 1759 3567 sustulit.
1817 3513 2019 3583 Neque

364 3602 724 3677 suspicionis
754 3617 993 3675 exspers
1030 3601 1139 3657 fuit
1168 3601 1383 3673 conjux
1411 3598 1591 3669 illius,
1627 3603 1689 3655 ut
1723 3615 1847 3669 quae
1879 3614 2015 3655 eum

361 3712 432 3752 ex
458 3692 747 3766 zelotypia
772 3691 962 3748 toxico
998 3691 1131 3748 dato
1163 3691 1405 3759 necarit,
1440 3705 1513 3745 ne
1540 3689 1768 3745 vivente
1821 3687 2016 3745 adhuc

364 3782 575 3839 marito
605 3783 954 3855 privaretur,
990 3784 1166 3853 atque
1195 3779 1373 3836 aliam
1405 3779 1457 3834 ei
1492 3778 1877 3834 accubantem
1930 3777 2015 3833 vi-

365 3874 548 3929 deret.
574 3871 668 3927 Sic
697 3870 795 3927 ille
827 3888 952 3944 spe,
984 3869 1324 3942 imperatrix
1385 3871 1518 3924 voto
1576 3884 1682 3923 suo
1733 3868 2016 3923 frustrata

366 3966 476 4019 est.
506 3962 723 4017 Verum
751 3961 882 4032 ejus
912 3958 1121 4016 calculi
1153 3958 1223 4015 ad
1246 3957 1697 4015 Constantinum
1724 3960 2017 4012 Monoma-

366 4052 542 4109 chum
567 4051 721 4109 247
750 4050 1130 4120 inclinarunt,
1146 4048 1335 4104 virum
1356 4046 1610 4103 nobilem
1632 4045 2012 4113 etillustrem,

2129 3328 2413 3383 ἀπένευσεν
2474 3326 2597 3384 οὕτε
2668 3333 2777 3384 τῶν
2851 3330 2981 3408 ἄγαν
3057 3326 3186 3387 ὄντα
3254 3331 3615 3411 εὐπατριδῶν,
3667 3335 3801 3396 οὔτε

2125 3421 2232 3472 τῶν
2281 3415 2333 3471 έν
2379 3417 2552 3491 ἀξίαις
2601 3415 3010 3495 λαμπροτέραις
3057 3417 3456 3495 ἐξητασμένων,
3510 3419 3634 3480 οὔτε
3677 3432 3798 3483 τῶν

2126 3503 2179 3560 έν
2212 3502 2555 3585 περιφανέσιν
2601 3506 2826 3584 ἀρχαῖς,
2857 3506 2918 3563 τὰ
2966 3505 3024 3564 δὲ
3063 3506 3203 3572 εἶδος
3248 3507 3395 3583 ἄξιον
3442 3512 3792 3589 τυραννίδος,

2125 3595 2214 3649 καὶ
2293 3597 2406 3651 οἷον
2470 3597 2607 3673 πρὸς
2674 3595 2881 3672 ἔρωτας
2945 3595 3339 3675 έφελκύσασθαι
3399 3600 3489 3656 καὶ
3551 3604 3628 3676 μὴ
3685 3627 3792 3679 μα-

2125 3682 2425 3760 χλοσύναις
2493 3686 2894 3761 προσκειμένην
2959 3689 3166 3763 ψυχήν.
3234 3689 3353 3744 Ἐπ’
3401 3688 3606 3747 ἐκεῖνον
3689 3692 3789 3751 οὗν

2125 3773 2279 3837 ὅλοις
2345 3773 2539 3837 ἱστίοις
2606 3772 2854 3829 ἔπνευσεν
2909 3778 2944 3846 ἡ
2999 3774 3308 3851 βασίλισσα,
3357 3776 3485 3835 ἀλλ’
3533 3781 3793 3859 ἠκύρωσε

2122 3863 2217 3925 τὰς
2269 3864 2485 3941 ψήφους
2533 3862 2669 3938 αὐτῇ
2708 3863 2867 3927 νόσος
2913 3864 3112 3941 ἀθρόον
3162 3866 3253 3921 τὸν
3288 3864 3456 3946 ἄνδρα
3503 3873 3603 3935 τῆς
3638 3875 3790 3942 ζωῆς

2124 3950 2479 4029 έξαρπόσασα.
2558 3952 2913 4022 Ὑπωπτεύθη
3003 3951 3061 4009 δὲ
3147 3954 3239 4010 καὶ
3338 3958 3374 4027 ἡ
3463 3963 3791 4016 συνοικοῦσα

2121 4041 2302 4116 τούτῳ
2344 4042 2418 4104 ὡς
2458 4041 2550 4097 τὸν
2610 4041 2834 4097 θάνατον
2887 4042 3036 4117 αὖτῷ
3109 4041 3464 4121 σχεδιάσασα,
3511 4047 3598 4103 καί
3641 4049 3778 4123 φάρ-

366 4142 670 4214 formaque
700 4137 1004 4196 excellenti
1035 4138 1363 4212 praeditum,
1398 4138 1495 4210 qui
1528 4137 1723 4211 prima
1765 4137 2017 4209 conjuge

2131 4153 2301 4205 μακον
2358 4131 2505 4205 αὖτῷ
2563 4127 2654 4186 διὰ
2709 4130 3046 4202 ζηλοτυπίαν
3099 4135 3368 4209 κεράσασα
3419 4132 3781 4210 δηλητήριον,

365 4232 661 4301 defuncta,
708 4228 953 4285 Romani
1014 4227 1388 4301 imperatoris
1448 4243 1636 4301 neque
1689 4243 1758 4283 ex
1838 4226 2017 4282 fratre

2127 4218 2210 4276 ίνα
2247 4222 2322 4295 μὴ
2355 4218 2432 4277 ἔτι
2463 4226 2662 4291 ζῶντος
2696 4222 3015 4297 στερήσοιτο
3035 4225 3133 4277 τοῦ
3155 4220 3372 4298 ἀνδρὸς,
3391 4225 3482 4279 καὶ
3506 4225 3655 4300 ὁρῴη
3679 4223 3795 4281 ἑτέ-

364 4322 560 4387 ducta,
593 4317 739 4375 nihil
770 4318 843 4372 ab
876 4316 974 4372 illo
1006 4316 1384 4388 magniﬁcum
1444 4319 1799 4372 consecutus
1849 4317 2010 4371 erat:

360 4414 556 4466 tamen
589 4424 722 4464 cum
756 4410 993 4479 propter
1022 4405 1368 4460 affinitatem
1400 4404 1459 4459 in
1492 4403 1628 4460 aula
1659 4408 2012 4474 versaretur,

363 4496 722 4571 imperatrici
750 4495 966 4551 charus
998 4500 1054 4551 et
1086 4493 1392 4550 familiaris
1424 4493 1634 4561 factus,
1688 4492 2012 4547 multorum

362 4588 719 4646 talentorum
746 4602 993 4641 munera
1023 4584 1097 4639 ab
1126 4600 1214 4655 ea,
1243 4586 1308 4639 ut
1331 4587 1457 4639 erat
1488 4598 1668 4637 manu
1699 4580 1929 4638 liberali
1958 4584 2014 4637 et

300 4692 309 4699 ‘
362 4678 561 4735 animo
584 4675 766 4750 regio,
797 4678 1122 4746 acceperat.
1164 4671 1328 4729 Unde
1372 4671 1709 4744 suspicaces
1739 4675 1796 4725 et
1828 4670 2012 4726 male-

360 4766 474 4824 voli
507 4782 711 4822 ansam
745 4762 898 4820 male
929 4763 999 4819 de
1038 4762 1122 4817 eis
1179 4759 1458 4834 loquendi
1510 4760 1911 4832 arripuerunt,
1957 4763 2014 4816 et

360 4854 610 4914 Michael
642 4852 884 4911 Romani
920 4867 1249 4918 successor,
1283 4849 1433 4920 quod
1468 4848 1572 4905 illa
1615 4866 1850 4921 quoque
1909 4866 2013 4906 au-

360 4947 568 5013 dierat,
604 4959 799 5000 rerum
835 4941 1075 5014 potitur,
1109 4939 1299 4994 virum
1334 4938 1601 4994 confictis
1651 4938 2011 5011 quibusdam

361 5034 714 5092 criminibus
751 5033 998 5087 Lesbum
1032 5028 1326 5100 relegavit,
1360 5044 1492 5083 cum
1525 5045 1661 5085 vera
1691 5045 1869 5086 causa
1900 5046 2015 5088 una

361 5122 650 5198 zelotypia
676 5124 850 5177 esset.
888 5120 949 5175 In
983 5135 1051 5175 eo
1078 5116 1304 5189 exsilio,
1339 5120 1457 5173 toto
1488 5117 1720 5192 imperii
1751 5118 2012 5179 Michae-

361 5213 437 5272 lis
475 5217 764 5285 tempore,
796 5208 928 5279 fuit,
962 5224 1069 5264 nec
1120 5205 1372 5264 alterum
1430 5206 1775 5266 Michaelem
1823 5212 2014 5285 magis

2124 4332 2217 4386 ραν
2243 4311 2387 4384 αὖτῷ
2416 4309 2805 4381 παριαύουσαν.
2840 4312 2901 4369 Ὁ
2934 4311 3031 4385 μὲν
3058 4310 3151 4367 οὖν
3193 4309 3336 4369 οὕτω
3383 4318 3490 4369 τῶν
3540 4311 3785 4371 ἐλπίδων

2122 4399 2456 4469 έκπέπτωκε,
2488 4400 2579 4455 καὶ
2607 4406 2707 4470 τῆς
2740 4399 2920 4475 ὁρμῆς
2960 4403 2995 4470 ἡ
3042 4399 3349 4477 βασίλισσα.
3382 4403 3452 4459 Al.
3501 4400 3558 4458 δὲ
3607 4405 3793 4483 ψῆφοι

2122 4490 2260 4565 πρὸς
2339 4490 2431 4545 τὸν
2522 4488 2863 4566 Μονομοὶχον
2958 4492 3359 4547 Κωνσταντῖνον
3460 4490 3787 4564 ἀπέκλιναν,

2123 4575 2289 4654 ἄνδρα
2310 4582 2419 4633 τῶν
2450 4577 2506 4632 εὐ
2537 4572 2840 4654 γεγονότων
2873 4579 2986 4653 (24)
3017 4577 3109 4634 καὶ
3156 4584 3263 4635 τῶν
3327 4578 3486 4652 έπισή
3499 4602 3640 4655 μων,
3696 4583 3793 4638 καὶ

2122 4665 2391 4739 κηδεστὴν
2436 4672 2517 4740 τῷ
2568 4666 2787 4745 βασιλεῖ
2832 4669 3101 4742 Ῥωματῷ
3151 4668 3235 4724 ἐπ’
3275 4666 3642 4750 ἆδελφόπαιδι

2124 4757 2546 4835 χρηματίσαντα
2615 4756 2802 4832 (ταύτῃ
2862 4758 2967 4834 γὰρ
3031 4757 3167 4813 κατὰ
3228 4755 3511 4836 δευτέρους
3570 4760 3798 4836 γάμους

2124 4847 2421 4922 ὡμίλησε),
2452 4847 2542 4902 καὶ
2592 4848 2689 4917 τήν
2744 4841 2887 4921 ὥραν
2935 4845 3349 4925 ὑπέρλαμπρον.
3393 4848 3581 4922 Τούτῳ
3632 4846 3794 4906 οὔπω

2127 4937 2222 5011 μὲν
2276 4935 2692 5013 μεγαλοπρεπές
2740 4956 2793 4991 τι
2839 4936 2867 4990 ὁ
2924 4933 3181 5013 βασιλεὺς
3217 4937 3502 5010 Ῥωμανὸς
3562 4936 3616 4993 έν
3681 4934 3796 4993 δεί-

2123 5028 2271 5101 ξατο,
2305 5025 2394 5083 διὰ
2443 5024 2501 5083 δέ
2547 5048 2611 5103 γε
2652 5027 2753 5097 τὴν
2793 5025 2927 5104 πρὸς
2961 5026 3121 5082 αὐτὸν
3153 5026 3472 5106 ἀγχιστείαν
3526 5027 3653 5105 περὶ
3694 5027 3796 5091 τὰς

2127 5116 2435 5197 βασιλείους
2510 5113 2680 5179 αὐλὰς
2756 5116 3126 5195 ανεστρέφετο,
3188 5117 3474 5182 κάντεῦθεν
3548 5118 3795 5189 συνήθης

2119 5212 2190 5284 τῇ
2229 5204 2472 5285 βασιλίδι
2505 5206 2732 5285 ἐγένετο,
2763 5203 2986 5279 κάκείνη
3042 5204 3241 5286 φιλίως
3291 5205 3429 5283 πρὸς
3473 5207 3568 5263 τὸν
3619 5203 3799 5284 ἄνδρα

1651 5354 1856 5418 Variae
1891 5355 2194 5419 lectiones
2223 5360 2286 5416 et
2313 5357 2506 5415 notae.

437 5486 552 5560 (23)
591 5482 805 5548 Λύσεις.
865 5483 1013 5541 Vide
1073 5484 1246 5542 Gloss.
1304 5483 1449 5541 med.
1508 5487 1733 5543 Grec“.
1794 5486 1855 5541 in
1912 5486 2022 5542 hac
2130 5485 2296 5560 tinus
2328 5482 2756 5560 Monomachus
2787 5482 2969 5560 ﬁliam
3000 5483 3204 5542 fratris
3256 5482 3348 5541 vel
3386 5500 3555 5560 soror
3584 5485 3797 5560 [toma-

363 5575 523 5616 V008.

438 5630 569 5711 (2_~'i)_
585 5626 901 5711 Εύγενέτην.
936 5627 1043 5683 Alii
1074 5631 1180 5682 τῶν
1212 5620 1603 5702 εὖγεγονὸτων.
1660 5627 1807 5684 Vide
1851 5628 2018 5686 Gloss.
2060 5666 2073 5675 -

367 5702 507 5758 med.
539 5702 656 5757 Lat.
676 5702 749 5757 in
778 5702 1108 5757 Bencnams.

436 5772 702 5846 (25)’E1t’
746 5768 1128 5849 ἀδελφόπαιδι.
1189 5770 1446 5827 Duxerat
1501 5768 1683 5842 igitur
1730 5772 2018 5829 Constan-

2133 5557 2192 5631 ni
2226 5556 2635 5631 imperatoris:
2671 5573 2805 5631 nam
2840 5557 2961 5613 haec
2991 5574 3101 5614 vox
3131 5561 3450 5631 utrumque
3471 5557 3794 5631 signiﬁcat,

2132 5628 2379 5701 Romani
2414 5629 2651 5683 fratrem
2686 5628 2913 5684 nullum
2949 5633 3237 5685 memorat
3265 5628 3783 5701 Historia'Byzan-f

2128 5700 2679 5776 tin_a:_Theodoram
2714 5700 2950 5759 unicam
2982 5716 3246 5759 sororem
3279 5709 3522 5776 nuptam
3575 5700 3793 5758 Joanni

2127 5773 2427 5830 Tzimiscaa
2451 5772 2653 5830 habet.
