4126 6404
303 455 428 517 se;

1606 440 2023 508 ANNALIUM
2064 441 2211 503 LIB.
2257 443 2447 506 XVII.

3617 449 3741 514 206

303 584 562 654 διέκειτο,
614 581 708 637 καὶ
740 579 1004 654 ᾠκειοῦτο
1058 575 1242 648 αὐτὸν,
1296 576 1388 632 καὶ
1443 574 1663 654 χάρισιν
1695 572 1966 647 έδεξιοῧτο

2080 575 2394 649 propitium
2425 577 2654 642 habuit.
2687 579 2796 636 Sed
2824 581 3113 652 potestate
3154 584 3277 636 Zeus
3309 581 3604 654 restituta,
3665 583 3739 642 ab

304 670 775 744 πολυταλάντοις,
835 670 924 723 οἶα
957 665 1133 738 ἐκείνη
1165 667 1266 736 τὴν
1298 665 1460 744 χεῖρά
1499 687 1559 723 τε
1602 663 1829 746 ἀφειδὴς
1882 663 1973 720 καὶ

317 763 585 842 βασιλικὴ
633 762 734 831 τήν
796 756 1134 835 προαίρεσιν,
1193 754 1330 812 ὥστε
1384 761 1552 812 ταῦτα
1593 762 1708 819 τοῖς
1763 757 1971 827 κακοή-

317 866 436 919 θεσι
491 851 581 908 καὶ
634 845 914 922 λοιδορίας
985 848 1102 902 κατ’
1181 847 1358 902 αὐτῶν
1433 845 1643 921 ἐγένετο
1723 845 1971 921 ἀφορμή.

320 945 482 999 "Ost
539 943 566 997 ὁ
643 939 778 1014 μετᾶ
849 937 940 992 τὸν
1011 936 1289 1010 Ῥωμανὸν
1368 934 1719 1011 αὐτοκράτωρ
1777 935 1806 990 ὁ
1866 937 1973 990 Μι-

322 1031 470 1110 χαὴλ
649 1029 748 1084 οὐκ
778 1025 852 1082 ὢν
900 1030 1007 1082 τῶν
1054 1023 1365 1103 λεγομένων
1395 1025 1650 1096 ἀνήκοος,
1717 1022 1972 1110 βασιλεύ-

327 1142 440 1190 σας,
499 1119 575 1183 εἲς
625 1112 830 1173 Λέσϐον
880 1114 1178 1192 περιορίζει
1209 1115 1300 1169 τὸν
1356 1111 1540 1186 ἄνδρα,
1574 1112 1656 1168 ἐπ’
1688 1111 1888 1175 αἰτίαις
1918 1109 1974 1168 δέ

312 1231 420 1266 τισι
450 1207 883 1282 πεπλασμέναις,
917 1205 979 1260 τὸ
1011 1202 1058 1259 δ’
1107 1203 1237 1259 ελον
1287 1205 1353 1273 ἦν
1383 1204 1445 1259 τὸ
1479 1202 1812 1274 ζηλότυπον.
1868 1204 1972 1259 Καὶ

314 1302 380 1369 ἦν
420 1299 514 1355 τὸν
557 1297 772 1352 ἅπαντα
819 1295 1022 1372 χρόνον
1080 1299 1180 1364 τῆς
1245 1291 1521 1369 βασιλείας
1578 1296 1676 1347 τοῦ
1736 1290 1972 1366 Μιχαὴλ

191 1415 214 1434 κ
311 1390 626 1465 ὑπερόριος,
682 1385 772 1443 καὶ
828 1381 954 1440 οὐδὲ
1008 1387 1105 1438 τοῦ
1162 1380 1412 1458 δευτέρου
1455 1379 1692 1457 Μιχαὴλ
1750 1381 1972 1454 εὐμενεσ

308 1478 503 1550 στέρου
557 1475 858 1551 τετύχηγεν
897 1517 908 1531 .
972 1471 1118 1527 Ἐπεὶ
1179 1469 1237 1526 δὲ
1283 1472 1347 1526 τὸ
1421 1471 1621 1547 κράτος
1697 1467 1972 1539 ἐηανῆλθε

2085 666 2288 722 exsilio
2320 667 2379 723 in
2415 669 2622 724 urbem
2656 669 2875 742 regiam
2907 675 3236 726 revocatur.
3268 671 3372 728 Cui
3401 678 3599 730 autem
3633 690 3738 748 ap-

2084 756 2555 829 propinquasset,
2590 759 2912 815 subsistere
2932 760 3170 831 iubetur
3199 763 3255 816 et
3276 762 3441 832 juxta
3472 780 3504 818 a
3537 768 3745 820 Damo-

2085 845 2348 902 cranium
2371 847 2565 902 Sancti
2615 847 3221 920 Michaelistemplum
3279 867 3313 906 a
3362 852 3619 923 quodam
3677 869 3746 911 ex

2084 934 2220 989 aula
2253 935 2433 990 misso
2491 941 2648 992 veste
2707 937 3078 1008 imperatoria
3160 949 3475 996 exornatus
3539 942 3744 1000 urbem

2083 1040 2216 1079 eum
2248 1024 2622 1095 imperatorio
2654 1026 2934 1081 comitatu
2967 1027 3295 1098 ingreditur
3323 1047 3335 1085 :
3383 1046 3449 1085 ac
3479 1031 3747 1103 nuptiale

2083 1129 2384 1169 sacruma
2456 1114 2712 1184 quodam
2762 1116 3062 1171 sacerdote
3124 1117 3446 1190 peragitur,
3550 1120 3744 1179 Alexio

2084 1202 2418 1274 patriarcha
2444 1202 2499 1257 id
2528 1219 2746 1259 munus
2780 1205 2851 1258 ob
2883 1204 3084 1260 tertias
3118 1206 3354 1277 nuptias
3385 1207 3742 1281 defugiente,

2080 1290 2235 1347 idem
2294 1295 2490 1347 tamen
2538 1293 2820 1365 postridie
2869 1292 3301 1351 solemnitatem
3346 1299 3746 1356 coronationis

2081 1383 2325 1454 peregit.
2348 1382 2439 1437 Sic
2467 1383 2888 1439 Menomachus
2914 1387 2972 1439 et
2997 1400 3274 1440 coronam
3331 1390 3388 1442 et
3439 1392 3742 1460 sceptrum

2082 1469 2534 1541 imperatorium
2569 1472 2815 1543 accepit.

307 1567 448 1643 πρὸς
499 1567 601 1636 τὴν
629 1565 807 1633 Ζωὴν,
843 1561 1028 1618 λύεται
1064 1562 1156 1634 μὲν
1189 1563 1290 1625 τῆς
1325 1559 1616 1636 ὑπερορίας
1645 1560 1674 1613 ὁ
1708 1558 2016 1634 ἄνθρωπος,
2048 1557 2138 1612 καὶ
2168 1555 2335 1632 ἤγετο
2369 1559 2506 1633 πρὸς
2533 1559 2633 1628 τήν
2665 1562 2771 1613 τῶν
2820 1556 3034 1614 πόλεων
3091 1559 3506 1636 βασιλεύουσαν,
3555 1564 3642 1627 Ὦς
3695 1563 3742 1620 δ’

307 1655 468 1734 ἐγγὺς
497 1653 762 1731 ἐγεγόνει,
792 1650 1060 1728 ἐπεσχέθη
1091 1653 1189 1705 τοῦ
1220 1648 1430 1723 πρόσω,
1461 1648 1551 1704 καί
1578 1669 1662 1710 τις
1693 1647 1881 1734 ἐκτῶν
1920 1645 2210 1734 βασιλείων
2242 1648 2530 1734 πεμφθεὶς,
2554 1649 2644 1702 καὶ
2675 1648 2798 1722 περὶ
2827 1649 2920 1703 τὸν
2963 1648 3014 1704 ἐν
3067 1651 3442 1724 Δαμοκρανείᾳ
3490 1657 3587 1708 τοῦ
3643 1654 3743 1731 ἆρ-

309 1732 694 1820 χιστρατήγου
725 1743 852 1797 ναὸν
885 1739 1034 1814 αὐτῷ
1059 1738 1458 1808 ἐντετυχηκὼς,
1493 1735 1694 1805 στολὴν
1725 1733 1872 1809 αὐτῷ
1907 1732 2202 1791 ἐνδιδύσκει
2259 1733 2557 1810 βασίλειον,
2604 1736 2694 1791 καὶ
2748 1735 2839 1791 σὺν
2891 1734 3190 1815 δορυφορίᾳ
3241 1739 3501 1815 βασιλικῇ
3547 1741 3742 1798 ἐκεῖθεν

307 1833 551 1907 ἀπάρας,
585 1829 931 1902 εἰσεληλύθει
960 1830 1061 1899 τήν
1093 1825 1509 1904 βασιλεύουσαν.
1537 1826 1642 1882 Καὶ
1671 1822 1909 1880 τελεῖται
1945 1825 2040 1898 μὲν
2068 1829 2185 1886 τοῖς
2219 1822 2498 1899 βασιλεῦσι
2527 1823 2673 1900 παρά
2700 1845 2795 1879 του
2824 1830 2931 1880 τῶν
2984 1826 3172 1902 ἱερέων
3205 1829 3240 1898 ἡ
3285 1830 3494 1904 γαμική
3545 1831 3750 1906 ἱεροτε-

309 1921 524 1979 λεστία·
559 1923 588 1976 ὁ
641 1921 744 1997 γὰρ
776 1918 1125 1994 πατριάρχης
1156 1915 1400 1986 ’Δλέξιος
1431 1913 1522 1970 διὰ
1549 1917 1648 1986 τὴν
1681 1913 1974 1991 τριγαμίαν
2007 1917 2122 1988 (27)
2147 1908 2438 1985 ηὐλαϐήθη
2470 1915 2570 1985 τήν
2603 1913 2690 1970 ἐπὶ
2721 1919 2789 1990 τῇ
2816 1915 3075 1992 συναφείᾳ
3101 1916 3326 1988 τελετὴν
3377 1919 3748 1997 αὐτουργῆσαι

311 2013 532 2075 αὐτοῖς.
560 2015 642 2076 Τῇ
675 2007 722 2065 δ’
751 2010 874 2080 ἑξῆς
901 2009 1001 2078 τήν
1034 2007 1122 2062 ἐπὶ
1150 2011 1230 2079 τῷ
1266 2005 1528 2083 βασιλείῳ
1557 2005 1735 2084 στέφει
1790 2005 2226 2081 μεταχειρίζεται
2277 2001 2524 2076 τελετὴν,
2584 2005 2676 2060 καὶ
2729 2003 3002 2062 ἀναδεῖται
3043 2007 3072 2062 ὁ
3127 2009 3488 2086 Μονομάχος,
3537 2010 3628 2066 καὶ
3682 2013 3746 2068 τὸ

304 2104 588 2175 σκῆητρον
617 2100 680 2156 τὸ
714 2098 995 2176 βασιλικὸν
1031 2095 1426 2173 ἐγχειρίζεται.

380 2192 510 2246 KA'.
567 2191 840 2254 Ἐντεῦθεν
921 2190 956 2258 ἠ
1032 2187 1130 2261 μὲν
1205 2189 1312 2242 τῶν
1396 2181 1749 2259 αὐταδέλφων
1820 2184 1967 2258 ἀρχὴ

2147 2183 2289 2240 ΧΧΙ.
2323 2184 2494 2240 Exeo
2534 2183 2702 2241 ﬁnita
2759 2202 3029 2242 sororum
3097 2189 3381 2260 potestas,
3442 2206 3573 2262 qua
3633 2191 3742 2247 tri-

298 2277 473 2342 τέλος
501 2277 684 2355 ἔσχεν,
719 2277 807 2334 ἐπὶ
853 2277 1036 2352 τρίτον
1088 2273 1411 2350 διαρκέσασα
1456 2277 1621 2350 μῆνα,
1663 2276 1697 2343 ἡ
1756 2270 1814 2328 δὲ
1863 2277 1970 2327 τῶν

297 2373 509 2424 κοινῶν
542 2366 812 2439 διοίκησις
862 2367 999 2444 πρὸς
1026 2365 1117 2421 τὸν
1178 2365 1519 2439 Μονομάχον
1552 2364 1826 2438 μετέπεσε·
1881 2361 1973 2417 καὶ

299 2454 368 2522 ὅς
427 2456 624 2512 αὐτίκα
655 2456 718 2513 οὐ
778 2456 870 2512 σὺν
927 2455 1076 2530 λόγῳ
1132 2452 1259 2510 οὐδὲ
1315 2455 1451 2527 μετά
1498 2474 1648 2516 τινας
1699 2449 1971 2531 ἔμφρονος

301 2545 661 2619 οἰκονομίας,
747 2542 872 2601 οὔτε
949 2545 1047 2609 τὰς
1123 2548 1232 2598 τῶν
1323 2542 1646 2618 ἀξιωμάτων
1733 2540 1971 2597 ἐποιεῖτο

297 2636 495 2709 τιμὰς,
525 2633 651 2691 οὔτε
708 2635 804 2700 τὰς
833 2639 942 2690 τῶν
999 2633 1310 2710 χρημάτων
1355 2631 1643 2706 διανομὰς,
1676 2628 1825 2688 ἀλλὰ
1879 2632 1972 2686 καὶ

297 2727 400 2788 τὰς
459 2724 624 2798 τιμὰς
684 2722 860 2801 χύδην
920 2729 1192 2799 παρεῖχε,
1269 2721 1360 2776 καὶ
1418 2722 1500 2784 οἷς
1563 2721 1640 2794 μὴ
1700 2723 1967 2795 προσῆκεν

304 2815 476 2877 αὐτὰς
532 2813 843 2890 ἐχαρίζετο,
899 2812 989 2869 καὶ
1035 2811 1169 2875 τοὺς
1224 2808 1540 2887 βασιλικοὺς
1569 2808 1874 2886 θησαυροὺς
1923 2807 1968 2863 εἰ

311 2903 619 2978 αὐθημερὸν
698 2902 1062 2972 έκκενωθῆναι
1137 2894 1502 2974 συμϐέϐηκεν,
1588 2896 1740 2954 οὐδὲν
1821 2898 1968 2971 αὐτῷ

316 3013 370 3047 τι
433 2999 665 3069 πρᾶγμα
737 2991 1047 3068 λελόγιστο.
1126 2993 1260 3052 Τοῖς
1317 3010 1378 3066 γε
1454 2989 1561 3063 μὴν
1631 2986 1966 3044 ἰδιωτεύοντι

317 3080 806 3157 προσκεκρουκόσιν
863 3080 1010 3153 αὐτῷ
1041 3123 1054 3149 ,
1143 3079 1344 3157 ἀφῆκεν
1405 3075 1570 3132 ἅπασι
1623 3077 1718 3140 τὰς
1774 3076 1966 3150 αἶ’τίας,

311 3171 396 3226 καί
448 3171 653 3244 έμηνία
708 3171 917 3226 τούτων
977 3167 1105 3225 οὐδέ
1155 3187 1283 3224 τινι·
1345 3165 1697 3238 ἡδυπαθείαις
1741 3163 1784 3220 δ’
1847 3166 1968 3221 Eae-

302 3261 398 3316 τὸν
429 3257 701 3316 ἐκδέδωκε
729 3260 822 3314 καὶ
875 3262 1127 3337 τρυφαῖς,
1183 3258 1245 3312 τὸ
1289 3258 1382 3328 μὲν
1414 3257 1512 3326 τὴν
1547 3256 1607 3311 έκ
1650 3260 1748 3310 τοῦ
1798 3253 1967 3310 σάλου

296 3355 412 3405 τῶν
476 3353 774 3428 συμφορῶν
830 3345 1024 3420 ἀηδίαν
1065 3345 1369 3403 ἀποπτύσαι
1427 3345 1787 3421 πειρώμενος,
1849 3341 1966 3420 ἄρτι

301 3440 447 3515 πρὸς
485 3436 754 3495 ἄκλυστον
783 3439 928 3514 τάχα
957 3435 1156 3510 λιμένα
1211 3435 1447 3512 κατάρας
1493 3437 1592 3504 τήν
1640 3435 1818 3511 ἀρχὴν
1867 3436 1966 3505 τήν

301 3526 615 3606 βασίλειον,
692 3527 756 3583 τὸ
833 3524 890 3582 δέ
957 3548 1010 3582 τι
1085 3531 1206 3588 ταῖς
1266 3523 1606 3602 βασιλίσσαις
1667 3523 1967 3600 χαριζόμε-

289 3641 394 3682 νος
451 3619 590 3692 (28),
650 3615 740 3671 καὶ
795 3614 1170 3693 γλυκυθυμίας
1239 3614 1428 3678 αὐταῖς
1487 3615 1772 3689 μνώμενος
1832 3613 1970 3668 ἀνει-

300 3707 488 3783 μένων
565 3705 751 3769 οῧσαις
839 3706 988 3776 ἠθῶν
1021 3749 1034 3762 .
1133 3705 1329 3780 Λόγοις
1418 3701 1477 3758 δὲ
1567 3708 1859 3779 προσεῖχεν
1931 3702 1967 3773 ἢ

299 3794 528 3872 μᾶλλον
604 3799 722 3858 τοῖς
799 3794 1000 3870 λόγους
1081 3797 1325 3868 μετιοῦσι
1397 3793 1486 3848 καὶ
1564 3787 1716 3863 δόξαν
1780 3790 1970 3870 ἔχουσι

296 3884 642 3962 λογιότητος
676 3928 691 3954 ,
746 3883 908 3946 αὐτὸς
980 3887 1088 3939 τῶν
1157 3881 1340 3958 )όγων
1414 3879 1564 3958 ἄκρῳ
1636 3881 1800 3956 μόνον
1882 3881 1971 3938 δα-

294 3973 519 4046 κτύλω,
575 3975 640 4029 τὸ
691 3977 790 4029 τοῦ
851 3973 1058 4046 λόγου,
1131 3972 1500 4048 γευσάμενος.
1559 3970 1634 4025 Τδι
1693 3973 1787 4044 μὲν
1843 3972 1964 4047 περὶ

297 4065 372 4121 τὰ
425 4061 678 4142 βασίλεια
739 4060 914 4123 οὕτως
959 4061 1099 4137 εἶχε,
1157 4061 1223 4116 τὰ
1254 4057 1301 4114 δ’
1360 4060 1512 4122 έκτὸς
1567 4059 1667 4114 οὐκ
1722 4059 1969 4136 εὐτυχῶς

299 4159 424 4218 τοῖς
477 4151 775 4225 Ῥωμαίοις
830 4150 1088 4229 ἐφέρετο.
1151 4147 1425 4224 Ἀποδρὰς
1480 4147 1583 4224 γάρ
1629 4169 1712 4210 τις
1763 4148 1822 4204 έκ
1870 4157 1968 4204 Βυ-

314 4241 529 4309 ζαντίου
556 4241 775 4311 Σκύθης
807 4241 967 4312 ἀνὴρ,
999 4232 1342 4303 Βοΐσθλαϐος
1389 4235 1822 4308 ὀνομαζόμενος,
1878 4237 1967 4291 καὶ

319 4334 478 4403 χεῖρα
519 4330 645 4406 περὶ
704 4329 868 4384 αὐτὸν
937 4327 1240 4398 συλλέξας,
1315 4326 1412 4380 κᾶν
1471 4330 1584 4386 τοῖς
1642 4321 1788 4400 ὄρεσι
1853 4331 1970 4390 τοῖς

315 4415 646 4495 Ἰλλυρικοῖς
693 4416 1008 4496 έμφονεύων
1060 4417 1133 4478 ὥς
1186 4435 1270 4478 τις
1303 4415 1489 4490 ἄγριος
1540 4414 1667 4490 θὴρ,
1699 4415 1765 4468 τὰ
1794 4413 1969 4492 πρόσ-

2086 2278 2300 2329 mestre
2334 2274 2596 2340 durarat,
2627 2276 2698 2330 ad
2733 2275 3190 2334 Monomachum
3221 2284 3313 2334 est
3343 2280 3652 2336 translata.
3690 2283 3744 2338 Is

2083 2362 2247 2418 nulla
2277 2364 2503 2420 ratione
2535 2365 2879 2436 prudentive
2904 2366 3149 2422 consilio
3181 2366 3268 2423 vel
3292 2368 3610 2441 dignitates
3656 2369 3749 2428 vel

2081 2453 2394 2524 pecuniam
2427 2457 2516 2508 est
2545 2453 2815 2527 largitus.
2841 2455 2952 2510 Sed
2985 2461 3040 2511 et
3072 2455 3386 2528 dignitates
3411 2458 3748 2530 prosmicue

2081 2541 2140 2596 in
2183 2543 2458 2616 indignos
2487 2541 2754 2614 contulit,
2790 2547 2846 2598 et
2877 2543 2927 2599 si
2951 2545 3158 2601 fiscum
3199 2546 3404 2602 eodem
3449 2547 3747 2604 exhauriri

2081 2632 2176 2687 die
2205 2632 2573 2705 contigisset,
2609 2631 2755 2687 nihil
2805 2634 3022 2689 referre
3051 2621 3310 2706 putavit.
3347 2634 3423 2691 Iis
3477 2641 3675 2692 tamen
3706 2653 3741 2692 a

2080 2722 2299 2793 quibus
2333 2723 2598 2793 privatus
2620 2722 2880 2778 offensus
2906 2723 3098 2779 fuerat
3119 2723 3369 2794 injurias
3419 2726 3572 2782 bona
3628 2726 3742 2782 ﬁde

2079 2811 2460 2881 condonavit,
2484 2827 2664 2883 seque
2686 2811 3088 2884 voluptatibus
3120 2818 3178 2868 et
3223 2813 3450 2870 deliciis
3496 2815 3740 2884 dedidit,

2078 2899 2289 2972 partim
2324 2904 2389 2954 ut
2419 2899 2751 2956 molestiam
2783 2901 2869 2969 :ex
2929 2905 3280 2972 tempestate
3332 2902 3740 2961 calamitatum

2077 2993 2420 3060 conceptam
2445 3005 2512 3044 ex
2545 2989 2744 3045 animo
2776 3000 3104 3061 exspueret,
3132 3007 3333 3047 recens
3359 2993 3418 3047 in
3450 2993 3740 3066 tranquil-

2077 3077 2200 3133 lum
2234 3079 2621 3150 imperatoriae
2676 3080 2948 3151 potentias
3006 3079 3182 3136 veluti
3251 3085 3486 3154 portum
3545 3100 3743 3155 perve-

2077 3172 2227 3237 ctus,
2279 3167 2491 3240 partim
2571 3172 2637 3222 ut
2720 3168 3200 3240 imperatricibus
3286 3171 3737 3243 gratiﬁcaretur,

2069 3257 2525 3328 jucundumque
2581 3274 2643 3312 se
2693 3259 2995 3329 praeberet,
3062 3275 3191 3331 quae
3278 3260 3506 3317 levibus
3573 3267 3743 3318 erant

2078 3346 2351 3419 ingeniis.
2408 3347 2735 3403 Eruditioni
2804 3365 2869 3403 ae
2927 3349 3123 3422 potius
3193 3350 3332 3406 viris
3413 3352 3744 3410 eruditione

2078 3437 2252 3492 claris
2282 3453 2520 3509 operam
2553 3438 2736 3506 dedit,
2785 3455 2918 3494 cum
2953 3439 3079 3511 ipse
3101 3439 3427 3496 doctrinam
3471 3443 3566 3496 vix
3621 3442 3746 3515 pri-

2080 3526 2194 3581 mis
2219 3525 2418 3596 labris,
2454 3530 2519 3582 ut
2548 3526 2784 3594 dicitur,
2818 3529 3332 3600 degustasset.Hoc
3381 3530 3555 3602 regia
3585 3536 3740 3588 statu

2079 3617 2392 3689 provinciae
2451 3621 2723 3673 Romanae
2776 3618 3010 3674 fortuna
3070 3635 3275 3690 parum
3309 3622 3570 3677 secunda
3621 3626 3746 3679 ute-

2079 3707 2316 3761 bantur.
2351 3706 2496 3761 Nam
2529 3706 2741 3778 Scytha
2772 3707 3012 3778 quidam
3038 3707 3429 3778 Boisthlavus,
3463 3711 3740 3780 Byzantio

2080 3794 2233 3852 248
2295 3795 2581 3867 profugus
2641 3794 2886 3851 collecta
2939 3812 3118 3850 manu
3210 3796 3425 3870 Illyrici
3511 3804 3740 3857 montes

2079 3884 2263 3940 instat
2293 3885 2426 3940 ferae
2455 3883 2694 3950 insedit,
2727 3887 3052 3956 gentesque
3088 3885 3161 3941 iis
3193 3887 3496 3944 montibus
3555 3889 3736 3944 ﬁniti-

2081 3989 2208 4028 mas
2242 3976 2511 4028 Romanae
2543 3972 2804 4042 ditionis,
2831 3977 2895 4028 ut
2936 3973 3250 4042 Triballos,
3278 3976 3529 4048 Servios,
3562 3983 3622 4034 et
3675 3979 3734 4034 id

2079 4079 2265 4134 genus
2325 4061 2470 4116 alios
2515 4061 2841 4116 latrociniis
2916 4061 3231 4118 infestavit.
3293 4066 3416 4130 Quo
3467 4068 3738 4125 nuntiato

2079 4151 2398 4222 imperator
2429 4148 2726 4222 Dyrrachii
2759 4151 3030 4221 praefecto
3072 4151 3276 4207 scribit
3305 4158 3370 4208 ut
3421 4171 3555 4211 cum
3612 4162 3738 4214 Ste-

2079 4239 2274 4311 phano
2305 4240 2465 4311 (nam
2491 4238 2548 4292 id
2584 4255 2818 4310 quoque
2861 4256 3072 4294 nomen
3132 4241 3501 4299 Boisthlavus
3555 4244 3742 4301 habe-

2080 4331 2180 4384 bat
2212 4328 2661 4400 lcengrediatur.
2696 4328 2803 4394 Qui
2835 4345 2968 4384 cum
3005 4345 3264 4402 pugnam
3308 4335 3529 4388 temere
3588 4349 3745 4391 com-

2080 4417 2520 4489 misset(neque
2577 4417 2732 4471 enim
2793 4417 2935 4474 artis
2991 4417 3405 4491 imperatorem
3473 4423 3744 4494 peritiam

1611 4540 1815 4601 Varia
1848 4541 2150 4602 lectiones
2193 4548 2255 4602 et
2285 4549 2472 4603 notae.

377 4653 494 4726 (26)
555 4647 808 4726 Μιγαήλ·
878 4649 1124 4706 Michael
1176 4647 1474 4721 Paphlago
1540 4647 1771 4719 primus
1839 4653 1977 4704 Zoes

302 4725 548 4794 conjux.

380 4789 495 4867 (2"!)
557 4793 652 4848 Διά
704 4793 807 4862 τὴτ
861 4789 1153 4867 τριγαμίαν
1185 4832 1206 4867 ._
1257 4789 1974 4867 Theodorus_Balsa_mon

300 4861 395 4924 ad
417 4861 864 4924 Nemocanomen
899 4861 1134 4931 'Pho'tii,
1169 4864 1256 4919 tit.
1275 4880 1414 4934 Διιιι,
1447 4879 1572 4934 cap'
1619 4861 1669 4915 1.
1719 4862 1852 4934 Ἀπὸ
1882 4865 1980 4934 τοῦ
2013 4867 2056 4930 D

302 4938 556 5012 παλαιοῦ
613 4937 785 5010 νόμου
838 4940 990 5012 ,τρεῖς
1042 4934 1213 5012 γάμοι
1271 4932 1724 5012 ἐπεγινώσκοντο·
1783 4933 1870 5012 ἐπὶ
1924 4932 1982 4988 δὲ

306 5014 452 5084 τῶν-
485 5006 708 5084 ἡμερῶν
764 5006 1184 5084 τοῦίβασιλέως
1239 5006 1431 5084 κυρίου
1489 5007 1720 5084 ᾼέοντος
1747 5010 1848 5084 τοῦ
1879 5013 1984 5084 διη-

309 5075 562 5172 Λρσόφορ
592 5075 776 5166 γέγοπίε
806 5075 986 5172 σχίμα
1016 5082 1144 5172 (197.
1197 5075 1416 5172 σχῆμα)
1450 5075 1546 5172 ἐἷς
1594 5079 1693 5165 τῂν
1747 5075 1982 5168 ’βκκλη-

309 5097 562 5158 Λοσοφου
592 5097 776 5158 γέγονε
806 5097 986 5172 σχιμα
1016 5097 1144 5152 (161.
1197 5097 1416 5204 σχὶημα)
1469 5097 1546 5138 εις
1594 5097 1693 5146 την
1763 5097 1982 5149 ωκκΛη-

303 5154 432 5228 σίαν
483 5153 655 5228 μέσον,
693 5157 801 5210 τῶν
853 5150 1198 5228 αρχιερέωνχ
1231 5171 1279 5228 ou
1334 5147 1562 5228 πλείοδς
1591 5150 1702 5228 γὰρ.
1725 5147 1786 5203 οὐ
1819 5170 1983 5228 παρε-

303 5169 432 5209 σιαν
483 5169 643 5226 μέσον
693 5171 801 5210 των
853 5169 1176 5228 αρχιερεων·
1231 5169 1282 5204 οι
1334 5169 1562 5212 πΛειοδς
1591 5169 1691 5276 ἔαρ
1725 5169 1786 5203 ου
1819 5170 1983 5224 παρε-

303 5227 538 5310 χώρουγ
600 5226 700 5295 τὴν
749 5225 1080 5310 τριίγαμίαν,⁴
1113 5221 1218 5308 καὶ
1255 5219 1477 5310 ἔφθασεγ
1521 5223 1556 5291 ἡ
1629 5220 1984 5310 ιαίρεσιςνμέ-

305 5243 538 5303 χωρουν
600 5243 700 5295 την
749 5243 1066 5351 τριγαμιαν,
1113 5244 1204 5278 και
1255 5244 1278 5278 ε
1323 5243 1477 5286 θασεν
1521 5243 1556 5291 η
1592 5243 1849 5295 οιαιρεσις
1885 5243 1982 5294 με-

305 5318 410 5374 χρι
443 5296 535 5374 καὶ
590 5303 687 5353 τοῦ
745 5317 867 5350 υου
914 5296 1222 5374 αὐτοῦ-τοῦ
1280 5243 1558 5374 βασιλέως
1579 5293 1774 5369 κυρίου
1832 5299 1982 5374 Κων-

306 5365 610 5446 σῖταντίν-ου
685 5365 1289 5446 ῌορφυρογεννήεου.”
1336 5365 1602 5446 ἐξηνέχθη
1654 5365 1987 5446 ’Δτ-ηνικαῦτα

305 5441 554 5518 τόμοςδ
594 5432 896 5518 λεγόμενος
944 5432 1044 5510 ⁸ἑῆς
1094 5432 1839 5518 ⁵Ενῴσεως’,’·δίᾶλαμϐάνων
1877 5438 1988 5518 fre-

308 5506 435 5571 τε’ὁ
464 5513 651 5585 τρίτος
671 5506 860 5589 ’γάμος
891 5506 1326 5589 παρἀχωρεῖται,
1498 5506 1761 5589 πότε-οὐ.
1811 5511 1988 5589 Addit

309 5582 533 5645 deinde
565 5582 865 5656 ejusmodi
897 5582 1144 5642 toindin'
1173 5584 1372 5640 haberi
1406 5584 1465 5638 in
1497 5582 1747 5640 Scholiis
1806 5583 1878 5640 ad
1929 5601 1988 5639 ιν

310 5664 539 5718 Canon.
573 5663 630 5714 S.
666 5659 890 5716 Basilii.

390 5731 721 5807 _Ta'£g_
766 5727 1107 5807 βασιλίσσαις
1180 5723 1571 5807 χαριζόμενος.
1601 5731 1796 5807 __Nam
1870 5741 1986 5782 non

315 5798 499 5864 modo
527 5804 640 5864 Zoe
665 5798 1038 5864 Menemachi
1063 5798 1280 5875 conjux
1295 5801 1572 5875 Augusta:
1599 5798 1839 5858 titulum
1870 5814 1988 5858 ser-

2085 4648 2257 4725 vavit,
2316 4649 2418 4725 sed
2480 4653 2537 4725 et
2583 4649 2909 4725 _Theodora_
2945 4666 3129 4706 soror.
3190 4650 3513 4725 Utramque
3545 4653 3743 4710 innuit

2083 4721 2344 4848 Jﬁannes
2377 4721 2794 4776 Euchaitarum
2822 4720 3157 4795 episcopus,
3217 4729 3275 4779 et
3329 4720 3748 4798 imperatorem

2088 4810 2119 4848 a
2169 4808 2434 4861 oquens:

2195 4881 2420 4935 Ἔπειτα
2448 4883 2569 4942 ταῖς
2604 4885 2722 4942 σαῖς
2748 4875 3142 4944 πανσεϐάσταις
3173 4881 3531 4958 Αὐγούσταις.

2096 4980 2294 5036 Infra:

2199 5068 2305 5124 Καὶ
2336 5069 2430 5130 τὰς
2464 5067 2745 5144 Αὐγούτας
2777 5069 2852 5131 ὡς
2884 5067 3168 5146 συνεργοὺς
3213 5065 3500 5144 λαμϐάνω.

2092 5169 2202 5224 Sed
2235 5166 2680 5243 etfl‘heedoram
2730 5184 2849 5223 una
2889 5185 3024 5224 cum
3077 5174 3186 5226 Zoe
3233 5170 3607 5243 imperitasse
3637 5188 3755 5230 non

2094 5239 2276 5297 semel
2309 5238 2538 5294 innuit:

2203 5332 2420 5409 Δισσαῖς
2455 5324 2741 5409 Ἀνάσσαις
2773 5324 3138 5409 αὐταδέλφαις
3179 5330 3514 5409 Αὐγούσταις

2201 5400 2446 5474 Δώρημα
2474 5398 2651 5452 κοινὸν
2685 5396 2736 5469 ἐξ
2766 5399 2882 5462 ἐνὸς
2915 5396 3118 5456 δούλου
3145 5396 3290 5462 τόδεί

2094 5497 2352 5548 Rursum
2385 5490 2453 5544 de
2482 5489 2626 5545 Zoe:

2201 5580 2268 5635 "E
2318 5597 2450 5631 ουσα
2481 5573 2912 5648 συλλάμπουσαν
2945 5577 3006 5634 ἐκ
3031 5582 3129 5633 τοῦ
3159 5577 3397 5651 πλησίον

2201 5597 2412 5707 Ἀᾗην
2448 5649 2701 5707 σεαυτῆν.
2729 5650 2826 5707 τὴν
2861 5648 3000 5707 έμῆν
3038 5651 3131 5707 μὲν
3157 5649 3397 5707 δεσπότιν

2349 5671 2412 5724 ην
2448 5649 2702 5724 σεαυᾼτ-ᾑν,
2729 5650 2826 5717 τὴν
2861 5648 3000 5724 έμῇν
3037 5651 3131 5723 μὶν
3157 5648 3403 5711 δεσπότιν

2209 5724 2319 5803 ἓῇν
2348 5719 2393 5776 δ’
2424 5717 2768 5803 αὐτα-δέλφην
2797 5717 3047 5803 γνησίαν,
3079 5725 3180 5803 καὶ-
3201 5725 3488 5803 φιλτάτην,

2207 5798 2279 5867 ᾞ
2309 5792 2619 5871 συμμερίζῃ
2650 5792 2747 5851 τοῦ
2777 5792 3007 5871 κράτους
3034 5792 3134 5864 τὰς
3159 5792 3336 5871 ἡνίας.
