4126 6366
290 417 412 478 209

1588 409 2006 472 ANNALIUM
2055 411 2203 472 LIB.
2251 411 2434 473 XVII.

3607 416 3730 477 2l0

287 567 443 610 πτως
501 543 642 618 αύτῇ
700 541 1033 620 προσεφοίτα
1090 541 1119 595 ὁ
1183 538 1438 616 βασιλεύς
1469 583 1484 600 .
1542 537 1724 596 Ἀλλᾶ
1781 537 1946 597 δεινὸν

2067 559 2202 600 cum
2232 560 2299 601 eo
2330 544 2457 602 loco
2486 547 2838 618 tantumque
2869 545 3165 604 felicitatis
3199 549 3410 620 adepta
3437 550 3615 618 esset,
3659 563 3726 604 ac

287 634 604 710 ἡγούμενος
657 632 702 687 εἶ
756 633 832 706 μὴ
883 631 973 686 καὶ
1027 625 1282 705 συμϐιῴη
1336 628 1472 704 αὐτῇ
1523 629 1611 684 καὶ
1673 629 1954 700 συνοικοίη

295 721 584 796 διηνεκῶς,
645 723 869 798 μετάγει
922 721 1120 784 ἐκεῖθεν
1176 721 1276 790 τήν
1339 725 1567 795 γυναῖκα
1616 718 1694 784 εἷς
1735 719 1802 774 τὰ
1857 721 1956 793 βα-

2068 634 2294 705 majora
2325 635 2502 690 etiam
2537 639 2821 708 speraret,
2856 652 3070 709 magno
3100 653 3236 694 cum
3269 636 3432 693 luctu
3465 636 3722 709 impera-

2067 723 2234 790 toris,
2267 723 2462 780 subito
2493 740 2562 780 ex
2593 726 2795 781 morbo
2830 725 3075 782 decedit.

298 813 598 884 σίλεια,τῆ
661 808 905 886 βασιλίδι
964 810 1227 886 πρότερον
1286 811 1412 887 περὶ
1467 808 1668 864 τούτου
1724 807 2283 885 κοινολογησάμενος,
2345 811 2432 865 καὶ
2497 810 2681 874 πείσας
2741 813 2815 886 μὴ
2879 809 3206 889 δυσχερᾶναι
3265 813 3403 886 πρὸς
3457 814 3519 868 τὸ
3576 814 3725 888 γινό-

309 925 517 980 μενον.
574 900 806 960 Μᾶλλον
871 899 1055 975 μέντοι
1265 899 1454 974 φιλίας
1517 895 1675 976 ὅρκια
1748 898 1962 975 λέγεται
2027 900 2174 976 παρὰ
2246 906 2362 955 τοῖν
2439 901 2714 975 γυναίκοιν
2790 902 2992 980 ἀμφοῖν
3047 903 3462 975 τελεσθήσεσθαι
3495 949 3511 976 ,
3563 907 3724 957 τοῦτο

308 994 406 1049 τοῦ
460 989 856 1068 αὐτοκράτορος
910 989 1261 1061 ἀξιώσαντος.
1320 987 1595 1064 Τετίμητο
1655 985 1712 1044 δὶ
1768 991 1804 1058 ἡ
1857 989 1994 1064 γυνὴ
2051 984 2283 1058 σεϐαστὴ
2319 1035 2334 1062 ,
2393 989 2530 1064 αὐτῇ
2587 992 2780 1066 πρώτῃ
2837 999 2938 1062 τῆς
2993 993 3186 1067 πρώην
3241 991 3531 1070 βασιλικῆς
3590 992 3727 1048 ἀπο-

303 1080 626 1154 νεμηθείσης
681 1079 771 1134 καὶ
837 1078 986 1151 ἀξίας
1042 1078 1134 1135 καὶ
1192 1077 1486 1152 κλήσεως,
1540 1077 1631 1133 καὶ
1689 1077 2003 1151 ὠνομάζετο
2059 1073 2333 1133 δέσποινα.
2394 1077 2500 1134 Καὶ
2556 1079 2590 1149 ἡ
2651 1079 2866 1156 βασιλὶς
2922 1079 3006 1136 ἐπὶ
3061 1080 3280 1146 τούτοις
3340 1079 3451 1137 οὔτ’
3502 1079 3724 1157 ἐμηνία,

297 1168 411 1226 οὔτ’
458 1167 688 1245 ἤχθετο,
751 1169 912 1243 μέσον
970 1167 1028 1226 δὲ
1083 1173 1414 1242 σκηνοῦντος
1465 1171 1562 1224 τοῦ
1620 1165 1889 1245 βασιλέως
1949 1165 2275 1244 ἑκατέρωθεν
2309 1165 2488 1240 ᾤκουν
2547 1168 2832 1246 παραλλὰξ
2890 1173 2925 1241 ἡ
2985 1170 3205 1248 βασιλὶς
3251 1173 3341 1226 καὶ
3399 1173 3434 1242 ἡ
3467 1165 3724 1242 σεϐαστή·

298 1259 399 1319 Καὶ
427 1255 692 1331 οῦποτεὴ
731 1258 1009 1336 Δύγούστα
1065 1257 1296 1336 προσῂει
1351 1260 1463 1333 (30)
1519 1256 1601 1332 τῷ
1663 1256 1896 1335 βασιλεῖ,
1959 1256 2005 1313 εί
2067 1258 2143 1333 μὴ
2203 1265 2302 1329 τῆς
2333 1259 2611 1335 ἐρωμένης
2662 1263 3009 1334 μεμονῶσθαι
3040 1265 3234 1316 τοῦτον
3276 1255 3725 1336 ἀπηκριϐώσατο,

285 1349 414 1406 ἀλλ’
471 1349 648 1414 οὕτως
681 1344 904 1426 ἔχουσα,
933 1349 1022 1406 καὶ
1056 1349 1135 1412 εἷς
1168 1354 1424 1405 τοσοῦτον
1455 1347 1748 1426 εύκληρίας
1778 1349 2021 1426 ἀρθεῖσα,
2051 1349 2141 1403 καὶ
2170 1349 2422 1424 μείζονας
2453 1347 2500 1412 δῖ
2527 1347 2754 1414 ἐλπίδας
2784 1353 2912 1425 παρ’
2963 1351 3123 1426 ἑαυτῇ
3173 1350 3478 1423 θάλπουσα,
3527 1350 3721 1427 ἀθρόον

287 1438 654 1515 ἀναρπάζεται
684 1439 851 1513 νόσῳ,
910 1440 996 1495 καὶ
1031 1441 1272 1511 θνήσκει.
1310 1439 1447 1514 μέγα
1475 1439 1672 1502 πένθος
1704 1438 2179 1512 καταλιποῦσατῷ
2213 1438 2450 1516 βασιλεῖ.

354 1529 482 1586 KB'.
516 1529 620 1586 Καὶ
662 1532 698 1599 ἡ
754 1530 846 1604 μὲν
891 1527 1156 1600 ἀπῆλθεν,
1206 1533 1283 1602 τῷ
1331 1526 1390 1584 δὶ
1442 1528 1656 1605 βασιλεῖ
1703 1527 1953 1603 πόλεμος

281 1616 524 1688 ἐπῆλθεν
554 1617 825 1696 ἐμφύλιος
857 1661 871 1674 .
916 1620 978 1677 Ὀ
1046 1619 1146 1696 γάρ
1201 1641 1285 1674 τοι
1339 1618 1619 1690 Μανιάκης
1679 1619 1949 1694 Γεώργιος

284 1708 428 1782 (31),
481 1707 619 1784 ἀνὴρ
659 1708 750 1762 καὶ
787 1708 886 1777 τὴν
945 1709 1130 1784 ψυχὴν
1192 1706 1590 1784 ἀνδρειότατος,
1649 1708 1748 1776 τήν
1791 1705 1952 1782 χεῖρά

281 1817 348 1851 τε
404 1797 808 1873 γενναιότατος,
862 1797 952 1852 καὶ
999 1802 1322 1873 στρατηγεῖν
1379 1794 1696 1868 δεξιώτατος
1729 1841 1743 1866 ,
1807 1795 1953 1871 παρὰ

2132 1532 2296 1587 ΧΧΙΙ.
2333 1532 2470 1588 Post
2497 1532 2627 1603 ejus
2656 1531 2884 1588 obitum
2917 1533 3072 1588 idem
3104 1531 3258 1591 bello
3287 1531 3470 1603 :civili
3516 1532 3723 1588 conﬂi-

2061 1624 2273 1676 ctatur.
2297 1622 2442 1678 Nam
2477 1621 2759 1693 Georgius
2791 1621 3107 1691 Maniaces,
3139 1622 3230 1679 vir
3259 1625 3316 1678 et
3345 1621 3543 1679 animo
3605 1622 3721 1677 for-

2061 1709 2316 1779 tissimo,
2358 1715 2415 1766 et
2443 1727 2622 1767 manu
2655 1712 3124 1784 promptissima,
3157 1717 3217 1769 et
3245 1711 3498 1768 ducendi
3556 1727 3721 1766 exer-

2063 1799 2216 1856 citus
2252 1800 2672 1872 peritissimus,
2732 1801 2872 1856 dum
2930 1800 3209 1858 mulieres
3267 1817 3464 1858 rerum
3527 1801 3717 1873 potie-

283 1891 409 1940 ταῖν
475 1884 784 1962 βασιλίδαιν
818 1929 832 1956 ,
892 1883 970 1941 ὅτ’
1048 1885 1246 1942 ἐκεῖναι
1323 1891 1438 1948 τοῖς
1515 1892 1616 1956 τῆς
1676 1884 1946 1961 βασιλείας

2061 1889 2299 1960 bantur,
2327 1891 2396 1946 ad
2437 1889 2665 1946 Italiam
2726 1891 3052 1956 tutandam,
3114 1895 3172 1946 et
3219 1891 3291 1946 ad
3341 1906 3409 1946 ea
3456 1906 3589 1962 quae
3640 1889 3713 1945 ab

286 1974 606 2050 πράγμασιν
685 1974 1065 2054 ἐφειστήκεσαν
1116 2019 1131 2046 ,

285 2062 635 2138 πολεμήσων
668 2066 927 2141 τοῖς
977 2064 1116 2140 αὐτῇ
1168 2061 1576 2139 ἐπεμϐαίνουσι,
1625 2064 1714 2120 καὶ
1753 2063 1954 2134 ταύτης

287 2152 748 2228 οῗκειωσαμένοις
797 2153 914 2212 ἕνια
947 2198 962 2228 ,
1019 2155 1109 2210 καὶ
1166 2153 1234 2229 τῇ
1292 2158 1400 2210 τῶν
1458 2154 1749 2228 Ῥωμαίων
1801 2153 1953 2216 αὗθις

283 2242 569 2320 ἡγεμονίᾳ
622 2241 980 2299 ἐπανασώσων
1042 2243 1179 2299 αὐτὰ
1213 2286 1228 2313 ,
1285 2247 1403 2307 τοῖς
1478 2247 1586 2298 τῶν
1662 2241 1948 2316 Ῥωμαίων

282 2331 688 2407 ἀντιπολέμοις
741 2332 1170 2398 ἀντικαθίστατο.
1221 2333 1371 2391 Ἐπεὶ
1424 2329 1483 2388 δὲ
1513 2332 1590 2398 είς
1634 2331 1727 2388 τὸν
1773 2334 1953 2390 Μονο-

283 2421 476 2498 μάχον
529 2423 558 2477 ὁ
605 2427 705 2494 τῆς
756 2422 1036 2499 βασιλείας
1091 2421 1227 2496 ἄξων
1288 2420 1736 2497 μετακεκύλιστο,
1785 2423 1876 2477 καὶ
1922 2423 1950 2477 ὁ

277 2511 546 2586 Σκληρὸς
574 2512 855 2585 Ῥωμανὸς
883 2510 1139 2587 (ἀδελφὸς
1173 2510 1222 2567 δ’
1249 2515 1316 2582 ἧν
1351 2513 1378 2568 ὁ
1409 2513 1546 2589 ἀνὴρ
1593 2519 1696 2584 τῆς
1740 2511 1953 2589 ἐρωμέ-

270 2622 376 2671 νης
434 2605 516 2672 τῷ
572 2598 810 2676 βασιλεῖ)
869 2603 1003 2676 μέγα
1052 2598 1314 2673 δεδύνητο
1369 2599 1459 2656 διὰ
1517 2602 1617 2672 τὴν
1651 2602 1948 2675 ὁμαίμονα,

276 2688 373 2745 καὶ
455 2687 750 2765 μάγιστρος
829 2691 919 2746 καὶ
989 2691 1428 2768 πρωτοστράτωρ
1499 2690 1810 2765 τετίμητο,
1868 2695 1950 2765 τῷ

275 2777 419 2834 κατᾶ
478 2778 544 2834 τὸ
604 2780 744 2853 θέμα
798 2784 906 2834 τῶν
958 2780 1322 2837 Ἀνατολικῶν
1375 2777 1512 2854 οἷ’κῳ
1559 2785 1657 2836 τοῦ
1691 2781 1945 2850 Μανιάκη

287 2868 727 2944 ἀγχιτερμονῶν,
775 2873 955 2932 κακῶς
1008 2867 1226 2925 διετίθει
1269 2871 1337 2925 τὰ
1387 2873 1484 2925 τοῦ
1540 2867 1758 2946 ἀνδρὸς,
1814 2891 1948 2943 μνη-

297 2961 522 3013 σικακῶν
582 2956 665 3012 ὅτι
724 2958 918 3034 πρώην
980 2959 1372 3038 διαφερόμενος
1441 2958 1628 3032 ἐκείνῳ
1684 2979 1886 3014 κατεπο
1918 2991 1947 3001 -

301 3051 454 3105 νεῖτο.
486 3047 716 3123 Λέγεται
776 3044 835 3102 δὲ
890 3047 979 3102 καὶ
1033 3055 1135 3118 τῆς
1186 3048 1347 3119 εὐνῆς
1395 3043 1652 3118 ἐπιϐῆναι
1700 3051 1794 3102 τοῦ
1833 3053 1946 3103 Μα-

293 3137 471 3206 νιάκη.
501 3140 683 3192 Ταῦτα
710 3140 791 3210 τῷ
815 3135 970 3211 ἀνδρὶ
1019 3135 1420 3213 ἀγγελλόμενα,
1455 3137 1531 3203 εἷς
1582 3137 1753 3211 θυμὸν
1786 3135 1946 3192 ἐκίνει

284 3224 476 3294 αὐτὸν,
508 3225 601 3280 καὶ
654 3224 829 3302 ἄχθος
883 3225 1112 3282 ἐνεποίει
1159 3226 1326 3284 πολύο
1358 3228 1471 3282 εἶτα
1514 3228 1601 3282 καὶ
1633 3227 1732 3296 τὴν
1765 3225 1944 3302 ἀρχὴν

1186 1975 1264 2039 εἷς
1341 1975 1573 2031 Ἰταλίαν
1632 1974 1946 2054 πεμφθεὶς,

2059 1979 2272 2036 exteris
2328 1984 2611 2052 occupata
2669 1984 2857 2047 erant,
2918 1981 3316 2052 recuperanda
3380 1961 3710 2052 ablegatus,

2062 2083 2196 2124 cum
2228 2069 2497 2126 hostibus
2529 2069 2884 2126 decertabat.
2927 2069 3145 2126 Verum
3195 2086 3300 2126 axe
3354 2068 3587 2142 imperii
3634 2067 3709 2124 ad

2059 2159 2510 2216 Monomachum
2542 2159 2834 2215 devoluto.
2893 2160 3191 2216 Romanus
3236 2159 3522 2228 Scelerus,
3569 2158 3709 2214 ada-

2061 2252 2230 2305 mataa
2264 2248 2529 2305 mulieris
2561 2249 2760 2316 frater,
2818 2250 2988 2320 cujus
3042 2249 3115 2305 ab
3168 2265 3429 2306 sororem
3481 2263 3709 2320 magna

2061 2354 2200 2411 opes
2231 2341 2397 2395 erant
2454 2339 2612 2410 (nam
2670 2339 2743 2394 ab
2802 2336 3156 2410 imperatore
3213 2341 3269 2394 et
3328 2337 3596 2410 magistri
3656 2339 3716 2393 et

2059 2427 2504 2501 protostratoris
2535 2427 2814 2484 honorem
2849 2429 3096 2500 adeptus
3128 2427 3296 2500 erat),
3333 2427 3577 2483 domum
3600 2424 3720 2480 Ma-

2060 2517 2270 2587 niacis,
2303 2518 2364 2573 in
2395 2515 2677 2573 Orientali
2708 2515 3008 2588 provincia
3037 2517 3150 2573 sibi
3184 2515 3520 2582 ﬁnitimam,
3563 2513 3718 2570 male

2057 2607 2355 2678 tractavit,
2378 2623 2605 2662 memor
2632 2606 2840 2661 veteris
2871 2604 3123 2678 injurias,
3184 2623 3311 2678 quae
3366 2605 3438 2660 ab
3497 2603 3598 2659 illo
3653 2603 3715 2659 in

2059 2695 2428 2752 contentione
2460 2695 2718 2766 quadam
2775 2711 3094 2766 Oppressus
3153 2696 3364 2750 fuerat.
3417 2693 3577 2750 Idem
3629 2696 3718 2748 to-

2058 2801 2190 2840 rum
2235 2801 2470 2856 quoque
2525 2784 2804 2840 Maniaois
2865 2783 3148 2856 polluisse
3205 2784 3520 2840 ferebatur.
3581 2784 3716 2849 Quae

2055 2875 2178 2931 viro
2210 2874 2482 2930 nuntiata
2511 2889 2789 2945 magnam
2821 2879 2880 2930 et
2903 2872 3369 2946 indignationem
3402 2875 3458 2927 et
3505 2887 3714 2926 mmro-

2056 2980 2180 3019 rem
2213 2964 2559 3020 attulerunt.
2621 2963 2758 3018 Post
2813 2962 3165 3035 magistratu
3224 2962 3402 3018 etiam
3464 2959 3715 3016 Romani

2056 3070 2232 3124 opera
2279 3055 2498 3123 erepto,
2559 3051 2612 3107 si
2668 3051 3242 3125 Constantinopolim
3299 3055 3711 3118 reverteretur,

2057 3159 2119 3199 se
2148 3143 2560 3212 imperatorem
2593 3145 2830 3213 propter
2876 3141 3169 3196 Scelerum
3205 3139 3356 3196 male
3386 3139 3710 3211 propitium

2055 3229 2399 3287 habiturum
2429 3229 2716 3300 cogitans,
2747 3245 2993 3302 regnum
3027 3229 3280 3286 affectat.
3313 3228 3483 3286 Multi
3533 3227 3716 3300 igitur

275 3315 616 3393 ἀφαιρεῖται,
672 3314 764 3371 καὶ
823 3319 984 3371 τοῦτο
1040 3318 1507 3393 κατεργασαμένου
1570 3320 1672 3372 τοῦ
1727 3317 1946 3389 Ῥωμα-

2060 3321 2279 3375 milites
2311 3319 2384 3375 ad
2416 3335 2572 3385 eum,
2605 3322 2672 3373 ut
2699 3335 3000 3374 summum
3034 3319 3244 3374 ducem
3274 3323 3333 3374 et
3361 3318 3556 3374 virum
3592 3316 3717 3372 bel-

275 3408 400 3461 νοῦ.
459 3404 695 3460 Ἐννοῶν
745 3408 1056 3480 τοιγαροῦν,
1092 3405 1166 3466 ὡς
1197 3404 1248 3460 εἷ’
1293 3405 1430 3479 πρὸς
1469 3405 1571 3474 τὴν
1614 3401 1940 3459 Κωνσταντίο

271 3514 380 3548 νου
437 3490 872 3567 ἐπανελεύσεται,
926 3493 990 3549 ού
1039 3497 1299 3570 χρηστῶς
1329 3494 1479 3566 αὐτῷ
1510 3491 1880 3564 διατεθήσεται
1922 3493 1950 3548 ὁ

269 3586 498 3659 κρατῶν
561 3579 650 3637 διὰ
703 3583 796 3637 τὸν
854 3581 1132 3654 Σκληρὸν,
1189 3581 1464 3657 τυραννίδι
1513 3582 1802 3659 ἐπιχειρεῖ.
1847 3582 1945 3638 Καί

273 3675 335 3728 οἱ
371 3674 452 3736 ὡς
483 3672 900 3752 κορυφαιοτάτῳ
943 3677 1053 3729 τῶν
1107 3678 1426 3750 στρατηγῶν
1459 3674 1548 3730 καὶ
1579 3673 1759 3752 ἀρηΐῳ
1791 3670 1944 3748 ἀνδρὶ

271 3761 494 3819 πολλοὶ
556 3767 653 3818 τοῦ
712 3768 1105 3840 στρατιωτικοῦ
1162 3764 1620 3840 προσεχώρησαν.
1674 3764 1735 3821 Ὁ
1783 3760 1841 3818 δὲ
1893 3761 1943 3836 ἐξ

273 3850 526 3915 Ἰταλίας
555 3853 694 3928 πρὸς
735 3853 836 3924 τὴν
884 3853 1106 3930 ἀντικρὺ
1155 3852 1360 3925 ταύτης
1413 3850 1668 3929 ἤπειρον,
1723 3852 1945 3914 πλοίοις

273 3937 592 4016 ἐμϐιϐάσας
638 3943 700 3998 τὸ
739 3941 1066 4020 στράτευμα,
1121 3941 1350 4020 γίνεται.
1382 3948 1552 3998 Τοῦτο
1604 3942 1680 4006 είς
1712 3936 1943 4018 θόρυϐον

272 4033 370 4088 τὸν
438 4029 668 4109 βασιλέα
714 4028 938 4089 ἐνέϐαλε
970 4075 985 4102 ,
1042 4031 1132 4089 καὶ
1203 4034 1418 4110 γραφὴν
1485 4032 1812 4109 ἐγχαράττει
1864 4035 1946 4105 τῷ

278 4122 558 4198 Mundam,
618 4122 819 4186 παντὸς
875 4123 972 4198 μὲν
1047 4119 1304 4197 δείματος
1359 4122 1520 4178 αὐτὸν
1575 4120 1943 4194 ἀπολύουσαν,

288 4209 339 4265 εἶ
358 4213 425 4266 τὰ
473 4210 624 4268 ὅπλα
667 4212 982 4282 κατάθοιτο,
1027 4210 1510 4288 ἐπαγγελλομένην
1567 4207 1623 4266 δὶ
1679 4210 1747 4265 τὰ
1801 4229 1944 4286 χρη·-

294 4297 509 4378 στότερα
541 4319 555 4334 ·
613 4301 688 4363 ὡς
764 4297 812 4356 δ’
888 4300 1095 4364 ἐκεῖνος
1174 4300 1311 4372 ἅπαξ
1366 4295 1532 4356 κύϐον
1593 4299 1892 4376 ἀναρρίψας
1928 4343 1942 4369 ,

288 4388 466 4444 οὐκέτι
546 4393 656 4445 τῶν
742 4387 930 4445 ὅπλων
1023 4389 1262 4466 μεθίετο,
1357 4387 1751 4466 ἀντιστρατεύει
1832 4397 1947 4444 κατ’

279 4477 450 4534 αὐτοῦ
501 4478 595 4533 καὶ
649 4479 677 4534 ὁ
729 4478 1007 4556 βασιλεύς.
1068 4479 1294 4558 Ἐφιστᾷ
1353 4475 1412 4534 δὲ
1465 4483 1545 4551 τῷ
1585 4478 1944 4555 στρατεύματι

271 4565 337 4624 οὔ
393 4588 519 4623 τινα
563 4571 671 4624 τῶν
702 4569 966 4646 γενναίων
999 4566 1228 4643 ἀνδρῶν,
1290 4566 1327 4638 ἢ
1357 4571 1466 4623 τῶν
1503 4566 1555 4624 ἐν
1590 4567 1947 4644 στρατηγίαις

273 4655 660 4730 ἐξητασμένων
687 4701 703 4729 ,
773 4655 968 4720 δεδιὼς

2060 3409 2309 3465 licosum
2366 3406 2797 3464 conﬂuxerunt.
2860 3408 3064 3480 Itaque
3147 3407 3469 3464 exercitum
3559 3405 3715 3463 250

2062 3500 2311 3556 navibus
2339 3497 2687 3570 impositum
2721 3497 2781 3553 in
2823 3497 3224 3553 continentem
3272 3496 3453 3552 Italiae
3504 3495 3715 3552 obver-

2055 3606 2182 3646 am
2214 3587 2452 3659 trajicit.
2505 3591 2581 3642 Ea
2637 3603 2698 3642 re
2756 3587 3082 3659 imperator
3138 3585 3539 3659 perturbatus,
3595 3586 3714 3640 Ma-

2056 3680 2286 3734 niacem
2345 3693 2450 3748 per
2502 3675 2729 3732 litteras
2786 3676 2949 3731 omni
2997 3683 3156 3731 metu
3217 3674 3449 3742 liberat,
3507 3673 3558 3728 si
3639 3673 3712 3729 ab

2057 3766 2240 3823 armis
2280 3765 2637 3835 discesserit,
2687 3763 3216 3836 pollicitationibus
3271 3763 3510 3819 additis.
3561 3761 3708 3818 Cum

2053 3873 2190 3913 vero
2222 3855 2318 3911 ille
2345 3857 2504 3926 jacta
2558 3854 2742 3910 semel
2798 3853 2927 3910 alea
2974 3870 3139 3910 arma
3187 3853 3441 3908 retinere
3490 3851 3708 3908 consti-

2053 3947 2290 4012 tuisset,
2338 3943 2556 4000 bellum
2606 3947 2809 3999 contra
2866 3960 3000 3999 cum
3059 3941 3308 4015 suscipit
3364 3941 3704 4014 imperator,

2056 4036 2202 4092 duce
2232 4033 2414 4106 cOpiis
2445 4033 2756 4106 praeposito
2787 4049 2904 4088 non
2948 4037 3190 4088 strenuo
3233 4030 3431 4103 aliquo
3480 4030 3601 4087 viro
3651 4033 3710 4086 et

2053 4125 2115 4181 in
2146 4143 2209 4181 re
2236 4123 2450 4180 bellica
2478 4121 2814 4192 exercitato,
2847 4121 3067 4178 veritus
3097 4137 3171 4176 ne
3215 4119 3350 4176 talis
3399 4119 3556 4176 idem
3604 4136 3708 4175 au-

2056 4215 2237 4281 deret,
2279 4213 2378 4269 sed
2409 4211 2670 4284 spadone
2704 4215 3016 4283 perspecta:
3065 4209 3178 4266 sibi
3233 4208 3389 4279 ﬁdei,
3451 4207 3711 4264 cubiculi

2055 4303 2350 4359 ministro.
2408 4304 2531 4366 Quo
2589 4316 2726 4355 cum
2784 4300 3041 4356 exercitu
3082 4300 3359 4367 abeunte,
3417 4297 3712 4354 Maniaces

2055 4392 2314 4461 festinat,
2375 4394 2440 4446 ut
2495 4389 2697 4446 hostes
2759 4390 3084 4462 imparatos
3143 4388 3336 4444 adhuc
3394 4388 3712 4460 opprimat,

2056 4497 2274 4553 eosque
2305 4479 2624 4535 commisso
2670 4477 2868 4550 praelio
2923 4477 2984 4535 in
3044 4478 3236 4551 prima
3292 4477 3414 4534 acie
3470 4493 3713 4534 versans

2054 4570 2348 4644 proﬂigat.
2382 4569 2495 4625 Sed
2531 4568 2909 4625 Providentia
2935 4572 3084 4624 nutu
3115 4584 3210 4624 res
3239 4572 3472 4625 nostras
3498 4567 3712 4640 guber-

1051 4658 1127 4732 μὴ
1204 4657 1452 4720 κάκεῖνος
1524 4655 1826 4732 τολμήσειε
1878 4658 1946 4714 τὰ

2059 4660 2270 4730 nantis,
2303 4657 2502 4716 subito
2551 4661 2916 4716 commutata
2973 4657 3111 4715 belli
3169 4658 3425 4728 fortuna,
3485 4657 3711 4714 milites

1571 4795 1774 4857 Variae
1803 4795 2111 4858 lectiones
2141 4801 2204 4858 et
2232 4800 2422 4856 notae.

348 4916 468 4990 (30)
499 4916 1192 4994 'H_Adyo-5_ctat‘jnpoovisi.
1231 4920 1344 4994 ,Sic
1402 4936 1548 4977 mss.
1609 4920 1710 4994 ubi
1768 4921 1934 4976 VVOI-

266 4986 394 5074 sua
423 4986 730 5074 {Malim},
768 4986 1008 5066 βασιλὶς,
1042 4986 1178 5048 nam
1201 4993 1484 5065 Sclerena,
1515 4995 1568 5049 et
1607 4993 1856 5062 Augusta
1887 4997 1940 5050 et

266 5057 533 5136 ἐρωμένη
567 5057 730 5134 fuit;
769 5057 779 5066 '
994 5057 1002 5060 ’
1467 5057 1482 5065 '
1693 5057 1712 5062 '

316 5132 1223 5209 A(31)"0Mavwixns_l‘td)pytoc.
1273 5135 1386 5191 Res
1435 5151 1470 5190 8.
1516 5134 1762 5209 Georgio
1815 5133 1941 5191 Ma-

264 5203 537 5280 niace'in
569 5208 738 5264 bellis
771 5203 948 5280 variis
981 5203 1257 5280 pr'ze'clare
1299 5211 1519 5280 gestas,
1546 5203 1753 5263 multis
1804 5225 1941 5280 pro-

267 5279 552 5350 sequitur
579 5281 838 5337 Joannes
869 5279 1169 5348 Scylitzes,
1202 5297 1257 5350 p.
1289 5281 1416 5347 727,
1458 5279 1585 5347 731,
1636 5280 1763 5347 737,
1813 5279 1941 5349 738,

265 5350 410 5407 739.
444 5351 571 5407 741.
601 5353 730 5407 743.
761 5351 890 5407 753.
921 5352 1030 5406 756
1059 5357 1116 5407 et
1164 5351 1290 5407 853.
1345 5356 1404 5407 et
1445 5367 1514 5407 ex
1565 5367 1631 5406 eo
1687 5354 1941 5407 Joannes

267 5367 410 5412 'mu,
455 5367 571 5420 141,
603 5367 730 5420 1113,
773 5367 890 5417 1:35,
934 5367 1030 5406 IDO
1059 5367 1116 5407 et
1164 5367 1290 5417 vos,
1345 5367 1404 5407 et
1445 5367 1514 5407 ex
1565 5367 1631 5406 eo
1687 5367 1944 5407 Joannes

267 5421 607 5506 Eollandus
638 5426 711 5480 ad
748 5422 1074 5506 Ηέιςίοῐςίειιξ]⁵
1093 5423 1353 5506 corporis
1385 5423 1444 5478 S.
1481 5422 1711 5506 agatbm
1745 5423 1815 5506 ab
1848 5440 1942 5479 eo-

273 5493 714 5568 demManiace
770 5493 1341 5568 Constantinopolim
1389 5511 1456 5550 ex
1501 5493 1701 5568 Sicilia
1746 5500 1944 5551 trans-

271 5565 478 5634 missi,
512 5569 796 5641 scriptam
814 5584 871 5641 _a
893 5565 1177 5630 Mauricio
1203 5566 1525 5641 _Catanensi
1562 5567 1877 5641 episcopo,
1912 5585 1947 5623 a

278 5653 405 5710 quo
439 5641 497 5694 in
526 5635 696 5697 rebits
745 5637 952 5694 bellici:
997 5639 1412 5710 expertissimus
1459 5635 1696 5694 dicitur.
1748 5635 1830 5695 De
1879 5655 1945 5695 eo

280 5709 468 5787 etiam
500 5713 855 5787 agitg_l_._upus
878 5709 1276 5787 protospatha
1300 5711 1412 5787 sub
1442 5712 1732 5787 an_._10_3_8,
1784 5710 1944 5787 1ρ41,

285 5780 451 5854 1043,
480 5780 598 5858 quo
621 5780 788 5842 illius
812 5780 1192 5841 rebellionem
1238 5782 1324 5840 ita
1361 5781 1594 5854 attigit:
1626 5782 1802 5838 Mense
1820 5782 1947 5856 Sep-

2046 4921 2247 4978 tembri
2271 4933 2484 4975 reverso
2514 4922 2590 4974 est
2609 4918 2810 4974 civitas
2838 4922 3050 4974 Barum
3097 4919 3162 4974 in
3191 4933 3367 4973 manu
3414 4915 3714 4988 imperato-

2049 4995 2133 5049 ris
2154 4999 2208 5048 et
2236 4991 2522 5048 descendit
2548 4991 2765 5046 Pardus
2809 4993 3087 5061 patricius
3143 5005 3268 5045 cum
3314 4988 3488 5043 multo
3533 5003 3712 5061 auro;

2050 5082 2211 5137 quem
2240 5063 2551 5119 Maniache:
2580 5063 2714 5132 fecit
2744 5059 2939 5128 occidi,
2994 5078 3157 5134 seque
3206 5063 3592 5132 imperatorem
3638 5059 3709 5114 ab

2051 5137 2305 5193 omnibus
2336 5135 2610 5207 appellari
2633 5150 2654 5195 ;
2685 5137 2737 5189 et
2767 5151 2948 5190 mense
2992 5134 3209 5191 Octobri
3263 5133 3412 5207 venit
3466 5133 3709 5207 Barum,

2633 5175 2647 5195 ι
2685 5171 2736 5189 νυ
2768 5171 2946 5190 υσυησυ
2992 5171 3169 5191 υννυνι
3189 5171 3208 5189 ὖ
3267 5171 3412 5189 υνιικν
3466 5171 3569 5187 IlI-bl
3591 5171 3709 5199 νιν-ι’,

2051 5204 2578 5280 ηιίηίνηείίιιέῖιιιιῖη
2612 5207 2838 5272 recepit.
2871 5207 3047 5280 Mense
3096 5221 3220 5280 vero
3277 5204 3434 5259 Febr.
3479 5204 3712 5280 descen-

2052 5281 2134 5336 dit
2168 5277 2467 5335 Theo—dorus
2507 5278 2689 5332 Canus
2719 5279 2986 5346 magister
3025 5286 3075 5334 et
3120 5278 3454 5348 Catapanus,
3502 5277 3717 5332 Maniu-

2052 5353 2178 5408 ches
2206 5351 2505 5422 prwdictas
2531 5351 2792 5422 petirexit
2823 5349 3254 5422 Dyrrhachium,
3290 5349 3713 5422 Aguntietiam

2055 5426 2126 5479 de
2157 5419 2415 5479 M'aniace
2447 5419 2798 5475 Gauﬁ'redus
2830 5419 3159 5477 Malaterra.
3221 5419 3367 5476 Leo—
3393 5420 3707 5488 Ostiensis,

2054 5495 2367 5552 Ordericus
2400 5492 2605 5548 Vitalis
2637 5499 2693 5548 et
2727 5493 2825 5548 alii
2857 5492 3078 5549 laudati
3110 5495 3171 5549 in
3201 5493 3363 5548 Notis
3396 5494 3468 5550 ad
3485 5492 3713 5550 Alexia-

2055 5569 2227 5640 dem,
2247 5586 2303 5640 p.
2334 5566 2439 5640 227
2473 5570 2530 5619 et
2559 5565 2684 5640 339.

2127 5633 2674 5712 (32)ίΠολεμηεί;υν.
2731 5633 3113 5712 ῌρ-λεμήσωνσ
3167 5652 3456 5712 ωεηλῐζθε.
3511 5639 3569 5712 et
3623 5636 3710 5692 ita

2052 5707 2368 5784 legendum
2429 5707 2705 5784 censebat
2753 5707 3020 5770 Wolﬁus.
3081 5709 3208 5767 Duo
3266 5709 3366 5766 alii
3404 5707 3705 5784 “priorem

2053 5780 2364 5839 lectionem
2395 5780 2668 5839 retinent.
