4126 6376
384 410 497 472 2H
1736 401 2069 465 JOANNIS
2111 403 2318 466 ZONA
2333 405 2462 466 RE
3690 413 3807 471 212

389 543 523 614 ejus
551 541 892 598 vineuntur.
926 541 1076 597 Nam
1107 541 1247 597 dum
1284 539 1467 596 aciem
1501 538 1851 610 obequitans
1894 537 2018 611 pha'

2179 537 2308 593 ιύτα⁸
2370 535 2497 594 ἀλλ’
2543 537 2798 612 ἐκτομίαν
2845 544 2951 594 τῶν
3001 539 3578 614 θαλαμηπολουντων,
3618 543 3808 598 πιστὸν

387 631 593 704 langes
622 632 893 704 dissipat,
921 634 978 686 et
1010 630 1046 684 ii
1078 646 1227 702 quos
1259 628 1559 694 inclamat,
1610 629 1806 682 statim
1858 627 2016 683 disso

2182 627 2347 682 ιέντοι
2398 628 2567 700 αὐτῷ.
2615 629 2673 686 '0
2717 626 2774 683 δὲ
2819 629 2915 691 τὰς
2972 626 3227 702 δυνάμεις
3284 627 3574 686 ἀναλαϐὼν
3624 631 3811 705 ἀπῄει,

390 722 519 778 luta
551 720 824 778 estudine
856 721 1092 789 cedunt,
1147 718 1362 774 lcthale
1419 717 1634 773 vulnus
1693 716 1925 788 accipit,
1983 735 2016 772 a

2185 716 2244 770 αἱ
2306 718 2334 771 6
2391 718 2673 789 Μανιάκης
2723 715 2971 774 ἔσπευδεν
3049 719 3414 783 ἀσυντάκτους
3495 719 3622 782 τοὺς
3687 721 3814 796 περὶ

391 811 565 867 multi
611 810 920 883 sanguinis
971 808 1254 881 proﬂuvio
1300 808 1545 878 caligine
1589 806 1775 862 oculis
1824 807 2020 862 oborta

2193 806 2248 860 ὸν
2325 805 2579 880 ἐκτομίαν
2663 804 2990 864 καταλαϐεῖν
3029 852 3041 865 .
3093 810 3241 866 Ἐπεὶ
3324 807 3383 865 δὲ
3466 805 3814 885 προσέϐαλον

392 899 646 958 habenis
678 917 856 957 manu
890 898 1108 972 elapsis
1149 897 1292 954 sella
1331 896 1677 966 devolvitur,
1728 896 2021 967 statimqul

2186 893 2436 966 ,llﬁlaz;
2467 898 2520 951 ai
2553 898 2819 973 στρατιαὶ,
2852 898 2912 954 τὸ
2957 899 3052 972 μὲν
3103 896 3190 953 ἐπὶ
3220 903 3300 971 τῷ
3355 903 3815 975 πρωταγωνιστῇ,

391 994 665 1046 mortuus
686 989 1082 1057 concidit,non
1097 986 1271 1060 longe
1294 1004 1326 1042 a
1344 1003 1552 1059 campo
1573 986 1629 1041 in
1648 1003 1762 1058 quo
1785 985 2020 1057 praelium

2191 988 2235 1056 ᾦ
2295 983 2545 1060 Μανιάκη
2577 1032 2591 1059 ,
2648 987 2843 1064 φημὶ,
2898 992 3195 1062 τροποῦται
3268 987 3328 1042 τὸ
3377 992 3485 1043 τῶν
3558 986 3815 1043 ἐναντίων

389 1079 886 1136 committebatur.
916 1077 1283 1149 Imperatorii
1318 1081 1516 1132 tamen
1554 1092 1666 1130 non
1703 1074 1871 1147 prius
1911 1090 2018 1131 eun

2188 1072 2544 1149 ’τρατόπεδονο
2604 1076 2667 1131 τὸ
2723 1074 2769 1131 δ’
2801 1074 2887 1130 ἐπὶ
2939 1080 3008 1150 τῇ
3066 1077 3133 1132 τὰ
3190 1075 3433 1151 ἡμέτερα
3487 1074 3817 1152 διεξαγοῦσῃ

394 1168 635 1242 aggredi
667 1167 817 1238 ausi,
851 1184 1026 1239 quam
1060 1167 1188 1239 ejus
1219 1165 1439 1222 milites
1471 1165 1638 1222 ducis
1669 1163 1907 1220 interitu
1951 1180 2017 1219 co

2187 1163 2398 1237 Ιρονοίᾳ
2454 1163 2652 1241 ἀθρόον
2711 1165 3074 1240 ἀντέστραπτο
3128 1166 3197 1220 τὰ
3249 1169 3350 1231 τῆς
3426 1164 3615 1242 μάχης
3650 1211 3664 1236 ,
3723 1168 3816 1220 καί

396 1256 557 1328 gnito
589 1255 882 1328 perterriti
932 1271 997 1311 ac
1056 1255 1328 1327 dissipati
1387 1258 1564 1310 sunt:
1624 1257 1750 1309 tum
1811 1253 2025 1308 demun

2188 1251 2394 1324 ἣττηντο
2453 1254 2506 1308 οἱ
2559 1253 2682 1329 περὶ
2737 1255 2829 1310 τὸν
2889 1256 3172 1326 Μανιάκην
3208 1298 3220 1312 .
3280 1256 3368 1317 Ὡς
3445 1254 3545 1332 γὰρ
3605 1255 3817 1320 ἐκεῖνος

395 1345 598 1402 miseri
629 1348 1196 1418 caputamputatum
1222 1360 1327 1400 suo
1351 1343 1486 1399 duci
1510 1342 1858 1410 attulerunt,
1891 1359 2024 1414 qum

2192 1343 2329 1398 πιὼν
2380 1342 2476 1405 τὰς
2532 1343 2726 1415 τάξεις,
2785 1341 3053 1400 διεκλόνει
3084 1344 3181 1407 τὰς
3219 1342 3528 1423 φάλαγγας,
3585 1343 3676 1399 καὶ
3735 1345 3821 1409 οἷς

396 1434 496 1490 ille
529 1436 733 1490 statim
766 1436 837 1490 ad
872 1435 1283 1506 imperatorem
1314 1433 1496 1501 misit,
1531 1433 1629 1505 qui
1656 1431 1788 1488 idin
1811 1431 2025 1488 sublim

2193 1425 2481 1505 μϐοήσειεν
2541 1431 2701 1496 εὐθὺς
2757 1433 3105 1509 ἀνειχάζοντο
3140 1478 3154 1505 ,
3207 1433 3298 1488 καὶ
3355 1435 3384 1488 6
3443 1435 3819 1508 συνασπισμὸς

403 1524 632 1581 theatro
665 1525 1000 1596 suspendit,
1033 1528 1092 1579 et
1121 1523 1369 1595 spadoni
1395 1539 1528 1578 cum
1553 1521 1804 1578 exercitu
1830 1520 2026 1576 reduci

2201 1520 2429 1593 ιελύετο,
2492 1519 2688 1601 αἶ’φνης
2746 1521 3138 1598 πεπληγμένος
3194 1521 3383 1598 εὑρέθη
3442 1523 3529 1578 καὶ
3590 1522 3821 1598 πληγήν

402 1618 469 1668 ut
501 1631 560 1668 re
591 1614 739 1669 bene
780 1619 966 1686 gesta,
1027 1612 1393 1685 triumphum
1452 1611 1746 1667 decernit:
1809 1611 1936 1682 ipse
1991 1609 2031 1664 ii

2195 1610 2420 1687 ,atpiav,
2479 1610 2529 1682 ἐξ
2586 1614 2651 1680 ἧς
2729 1613 2791 1667 τὸ
2853 1614 2990 1686 αἷμα
3063 1611 3358 1689 καταῤῥέον
3431 1612 3578 1667 πολὺ
3639 1611 3824 1688 ἀχλὺν

403 1701 700 1759 vestibulo
733 1703 874 1758 aedis
904 1703 1226 1758 Servatoris
1263 1703 1322 1758 in
1381 1702 1611 1774 Chalce,
1672 1701 1861 1757 forum
1918 1717 2032 1772 spe

2198 1699 2331 1755 ὐτοῢ
2387 1698 2762 1774 κατεσκέδασε,
2822 1701 2912 1756 καὶ
2971 1703 3194 1777 πάρεσιν
3252 1707 3369 1766 τοῖς
3433 1701 3650 1775 μέλεσιν
3707 1701 3827 1757 ἐνε-

404 1796 598 1849 ctante
630 1793 861 1848 medius
893 1793 1045 1848 inter
1077 1792 1476 1864 imperatrices
1507 1809 1640 1847 cum
1679 1807 1895 1863 magna
1928 1807 2033 1845 mai

2198 1788 2414 1860 τοίησεν,
2470 1790 2608 1845 ὥστε
2653 1789 2743 1844 καὶ
2790 1791 2883 1845 τὸν
2938 1789 3168 1867 χαλινὸν
3222 1788 3520 1846 διεκπεσεῖν
3567 1797 3669 1860 τῆς
3698 1810 3827 1867 χει-

393 1880 613 1952 jestate
672 1880 1013 1952 praesidens.
1073 1881 1150 1936 Ac
1197 1881 1478 1937 Maniacis
1534 1880 1629 1936 hic
1684 1880 1794 1936 fuit
1843 1879 2022 1936 exitus

2205 1878 2262 1941 ὸς
2315 1879 2502 1951 αὐτοῦ,
2560 1879 2805 1934 κάκεῖνον
2857 1875 3272 1951 καταϐληθῆναι
3327 1879 3402 1941 εἷς
3459 1885 3560 1955 γῆν
3616 1879 3676 1935 ἐκ
3725 1883 3830 1934 τοῦ

401 1968 616 2024 Verum
641 1969 756 2024 alia
775 1969 1037 2042 tyrannis
1065 1974 1154 2025 est
1176 1973 1394 2034 exorta,
1429 1975 1668 2031 auctore
1705 1969 2030 2042 Theophilo

2193 1989 2359 2041 ππου,
2417 1975 2516 2038 τῆς
2572 1965 2735 2044 ἕδρας
2803 1966 3248 2040 ἆπολισθήσαντα
3283 2015 3294 2027 .
3355 1971 3571 2027 Ἐκειτο
3636 1968 3822 2024 τοίνυν

400 2058 652 2115 Erotico.
676 2059 731 2115 Is
750 2075 882 2114 cum
903 2059 1146 2115 secundi
1170 2059 1496 2131 Michaelis,
1531 2060 1633 2132 qui
1667 2059 1843 2133 primi
1875 2077 2022 2131 nepo

2203 2055 2358 2111 ὖτίκα
2414 2057 2586 2111 θανὼν
2622 2101 2635 2126 ,
2695 2052 2797 2128 ἔξω
2868 2079 2921 2112 τι
2995 2061 3092 2112 τοῦ
3155 2057 3493 2134 μεταιχμίου
3529 2103 3543 2127 ,
3600 2059 3691 2112 καὶ
3769 2058 3829 2112 οἱ

399 2153 546 2216 erat,
579 2147 823 2215 exitum,
857 2151 913 2204 et
966 2148 1284 2204 mulierum
1320 2148 1631 2220 imperium
1666 2149 2028 2222 cognovisset

2200 2145 2449 2202 ιασιλικοὲ
2502 2144 2748 2210 ἐπελθεῖν
2798 2146 2934 2211 τέως
2991 2147 3136 2220 αὐτῷ
3193 2145 3480 2205 ἐδεδίεσαν.
3540 2147 3629 2209 Ὡς
3675 2144 3724 2201 δ’
3771 2147 3829 2201 οἱ

399 2237 626 2310 Cypriis
659 2255 910 2310 quorum
942 2242 1071 2293 tum
1104 2242 1317 2310 praetor
1345 2242 1492 2308 erat,
1522 2245 1641 2294 arte
1697 2239 1809 2294 sibi
1870 2239 2028 2295 conci

2197 2233 2376 2289 κείνου
2427 2235 2518 2288 τὸν
2568 2235 2820 2311 σφέτερον
2882 2231 3046 2311 ἔγνων
3107 2236 3358 2311 ἀρχηγὸν
3418 2235 3673 2303 πεσόντα,
3731 2235 3825 2289 καὶ

399 2325 582 2393 liatis,
617 2326 833 2382 deﬁcit.
867 2327 977 2382 Sed
1011 2332 1208 2383 motus
1243 2327 1360 2394 ille,
1394 2328 1544 2383 citra
1590 2344 1814 2384 moram
1871 2329 2028 2385 class

2206 2323 2336 2394 ’τοία
2393 2320 2687 2400 ληφθέντες
2749 2321 3223 2394 διεσκεδάσθησαν,
3283 2322 3405 2379 τότε
3458 2328 3540 2396 τῷ
3595 2323 3835 2396 κειμένῳ

404 2413 611 2478 missa,
645 2419 734 2471 est
758 2432 1138 2488 suppressus,
1168 2417 1319 2472 victo
1351 2416 1600 2483 Erotico,
1652 2421 1708 2473 et
1755 2416 1947 2473 insula
1995 2418 2033 2472 ii

2199 2409 2476 2486 πέδραμον
2531 2411 2581 2466 οἱ
2636 2419 2738 2481 τῆς
2777 2412 2960 2480 ἐτέρας
3012 2413 3233 2486 μοίρας,
3279 2413 3369 2468 καὶ
3417 2414 3514 2483 τὴν
3568 2416 3665 2467 τοῦ
3715 2409 3827 2467 δει-

403 2503 748 2561 servitutem
782 2507 1034 2561 redacta.
1066 2505 1264 2560 Alexio
1295 2505 1627 2577 patriarcha
1648 2511 1898 2574 mortuo,
1924 2523 2032 2562 cun

2200 2499 2327 2554 αίου
2387 2497 2631 2576 κεφαλὴν
2693 2499 3009 2574 ἐκτεμόντες
3045 2543 3059 2570 ,
3117 2505 3198 2573 τῷ
3270 2505 3418 2579 σφῶν
3475 2502 3829 2576 προσήγαγον

406 2594 606 2650 sedem
637 2592 801 2650 illam
833 2611 1018 2649 annos
1041 2595 1107 2648 18
1137 2593 1332 2666 quiete
1364 2595 1669 2662 tenuisset,
1701 2595 1943 2651 Michael
1964 2612 2030 2650 co

2192 2594 2458 2666 ττρατηγῷ
2491 2633 2505 2647 .
2564 2590 2627 2646 Ὀ
2686 2587 2744 2644 δὲ
2813 2589 3014 2660 ταύτην
3076 2589 3268 2644 αὐτίκα
3321 2594 3404 2662 τῷ
3461 2588 3821 2663 αὐτοκράτορι

408 2687 725 2755 gnomento
757 2683 1113 2753 Cerularius,
1147 2683 1204 2737 in
1237 2688 1366 2755 ejus
1397 2683 1590 2740 locum
1624 2689 1715 2740 est
1753 2685 2036 2740 suffectus

2187 2678 2427 2754 τέπομφε
2460 2723 2473 2748 ,
2525 2678 2769 2741 κάκεῖνος
2831 2680 3102 2754 μετέωρον
3153 2678 3356 2749 ταύτην
3413 2679 3516 2753 ἦρε
3569 2677 3708 2733 κατὰ
3759 2679 3816 2733 τὸ

408 2771 834 2828 Monomachus
867 2788 997 2828 vere
1029 2772 1154 2827 auri
1183 2771 1546 2828 centenarias
1599 2773 1672 2827 25
1699 2789 1730 2828 e
1760 2777 2037 2828 monastel

2192 2769 2415 2844 θέατρον,
2488 2768 2600 2823 εἶτα
2655 2769 2744 2823 καὶ
2803 2773 2900 2822 τοῦ
2945 2769 3038 2824 τὸν
3097 2767 3344 2842 πόλεμον
3406 2767 3821 2842 κατωρθωκέναι

411 2859 497 2916 rio
530 2859 687 2916 Διοκὶ
721 2861 794 2916 ab
850 2859 954 2917 illo
1011 2860 1071 2915 in
1129 2859 1440 2916 thesauros
1498 2860 1736 2932 relatos,
1793 2862 2039 2918 abstulit

2200 2858 2426 2928 ῑόξαντος
2483 2857 2760 2930 ἐκτομίου,
2817 2856 3207 2921 ἐπανελθόντος
3245 2856 3380 2930 μετὰ
3405 2863 3507 2926 τῆς
3548 2861 3829 2931 στρατιᾶς,

404 2948 665 3006 Joannes
697 2950 844 3006 251
884 2965 1055 3021 porro
1094 2949 1300 3020 spado,
1348 2948 1896 3020 Orphanotrophus,
1952 2951 2028 3005 im

2208 2942 2441 3024 ρίαμϐος
2491 2947 2720 3022 γίνεται,
2779 2945 2874 3001 τοῦ
2955 2945 3228 3020 βασιλέως
3287 2947 3340 3002 ἐν
3395 2951 3476 3019 τῷ
3530 2947 3671 3022 πρὸς
3727 2947 3837 3017 τὴν

401 3038 692 3110 peratoris
714 3037 1017 3093 Michaelis
1040 3037 1435 3109 Paphlagonis
1458 3039 1653 3104 frater,
1679 3038 2020 3095 Monomach

2208 3037 2371 3113 Υθρὰν
2448 3036 2878 3114 ἐπεστραμμένῳ
2953 3034 3414 3112 προτεμενίσματι
3483 3040 3585 3090 τοῦ
3644 3033 3697 3091 ἐν
3757 3040 3837 3111 τῇ

403 3126 757 3199 imperante,
807 3126 1140 3198 Mitylenem
1197 3126 1543 3198 translatus,
1600 3131 1870 3196 caecatur,
1943 3129 2030 3185 siv

2210 3124 2368 3200 ζαλκῇ
2430 3123 2731 3201 λεγομένου
2773 3128 2870 3179 τοῦ
2923 3127 3184 3200 Σωτῆρος
3213 3129 3345 3178 ναοῦ
3402 3125 3839 3200 προκαθημένου

406 3215 723 3272 Theodoraa
749 3216 946 3288 jussu,
978 3216 1290 3288 ignorante
1346 3216 1740 3288 imperatore;
1791 3217 1913 3274 sive
1953 3219 2030 3274 im

2213 3216 2314 3270 ,ετᾶι
2368 3213 2590 3283 πολλῆς
2646 3221 2747 3283 τῆς
2805 3212 3221 3289 λαμπρότητος,
3280 3214 3608 3289 ἑκατέρωθεν
3665 3213 3842 3269 αὐτοῦ

408 3305 697 3376 peratoris
729 3285 1031 3374 mandato,
1063 3304 1113 3359 ei
1143 3309 1381 3377 propter
1407 3285 1771 3360 immeritum
1823 3310 1911 3361 tot
1957 3323 2027 3361 an

2213 3304 2265 3358 αὶ
2322 3307 2431 3358 τῶν
2495 3300 2790 3376 βασιλίδων
2852 3285 3310 3378 συγκαθημένων.
3369 3285 3554 3359 Ἀλλὰ
3604 3303 3675 3357 τὰ
3733 3303 3841 3376 μὶν

413 3408 625 3447 norum
657 3392 928 3448 exsilium
958 3392 1106 3450 irato
1137 3393 1236 3466 qui
1267 3392 1420 3449 cladi
1485 3393 1791 3451 oculorum
1845 3411 2042 3467 pauco:

2217 3393 2313 3448 ατὰ
2393 3391 2486 3446 τὸν
2569 3391 2850 3460 Μανιάκην
2938 3391 2989 3445 ἐν
3075 3391 3290 3452 τούτοις
3362 3389 3846 3462 τετελευτήκασιν.

416 3481 544 3536 dies
569 3481 912 3553 supervixit.

2219 3479 2361 3550 λλλη
2421 3477 2470 3534 δ’
2525 3477 2677 3544 αὖθις
2737 3479 2984 3546 κεκίνητο
3038 3479 3311 3556 τυραννὶς,
3369 3480 3440 3549 ἦς
3486 3482 3552 3549 ἦν
3601 3478 3848 3555 ἐργάτης

419 3567 684 3646 Θεόφιλος
742 3570 771 3624 6
829 3565 1143 3646 Ἐρωτικός.
1202 3572 1299 3633 Ὃς
1355 3571 1423 3626 τὰ
1476 3572 1614 3626 κατὰ
1666 3573 1762 3627 τὸν
1821 3568 2068 3649 δεύτερον
2128 3570 2380 3648 Μιχαὴλ,
2438 3570 2529 3624 τὸν
2585 3574 2682 3625 τοῦ
2740 3570 2960 3645 πρώτου
2989 3567 3336 3648 ἀδελφιδοῦν,
3373 3569 3578 3642 μαθὼν,
3611 3570 3703 3624 καὶ
3758 3571 3843 3634 ὡς

411 3657 650 3732 γυναιξὶν
707 3660 742 3728 ἡ
807 3657 1059 3734 βασιλεία
1113 3659 1504 3731 πεπίστευται,
1560 3659 1688 3723 τοὺς
1767 3661 2044 3738 Κυπρίους
2115 3660 2362 3724 ὑπελθὼν
2437 3659 2662 3734 (τούτων
2719 3660 2822 3735 γὰρ
2881 3655 3070 3736 ἔτυχεν
3128 3657 3316 3735 ἅρχων
3373 3658 3542 3732 τότε),
3595 3659 3845 3714 ἀποστα-

416 3745 508 3819 σίᾳ
561 3746 852 3824 ἐπιχειρεῖ.
909 3747 987 3805 Οὐ
1051 3750 1233 3823 μέντοι
1294 3750 1406 3824 (33)
1461 3744 1660 3825 τριϐῆς
1714 3754 1791 3822 τῷ
1850 3752 2178 3828 Μονομάχῳ
2233 3748 2420 3820 ἐδέησε
2475 3749 2611 3826 πρὸς
2664 3750 2764 3818 τὴν
2823 3749 3019 3804 τούτου
3074 3748 3402 3826 καθαίρεσιν.
3468 3748 3676 3804 Στόλον
3735 3749 3846 3825 γὰρ

417 3834 655 3906 στείλας,
718 3834 789 3891 δι’
845 3836 1014 3892 αὐτοῦ
1067 3839 1159 3893 τὸν
1221 3839 1519 3912 Ἐρωτικὸν
1580 3837 1939 3915 ἐχειρώσατο,
1998 3841 2088 3896 καὶ
2145 3842 2244 3909 τήν
2304 3845 2467 3908 νῆσον
2528 3837 2657 3914 ῥᾷον
2717 3835 2793 3900 εἷς
2825 3835 3076 3892 δουλείαν
3137 3837 3468 3913 ὑπηγάγετο.
3523 3839 3754 3909 Θνήσκει
3786 3835 3846 3893 δὲ

417 3922 446 3976 6
504 3925 852 4000 πατριάρχης
909 3923 1150 3996 Ἀλέξιος
1209 3924 1292 3979 ἐπ’
1345 3923 1438 3996 ἔτη
1500 3923 1630 3981 δέκα
1685 3927 1821 4002 πρὸς
1876 3932 1996 3991 τοῖς
2051 3929 2196 3984 ὀκτὼ
2253 3923 2670 3986 καταπολαύσας
2727 3928 2824 3978 τοῦ
2883 3923 3080 4000 θρόνου
3129 3929 3227 3980 τοῦ
3281 3929 3707 4000 πατριαρχικοῦ,
3752 3927 3842 3980 καὶ

418 4010 655 4088 Μιχαὴλ
715 4014 743 4068 6
795 4013 1090 4088 λεγόμενος
1151 4011 1535 4091 Κηρουλάριος
1591 4017 1702 4091 (34)
1751 4017 1889 4093 πρὸς
1945 4017 2106 4072 αὐτὸν
2169 4013 2534 4091 ἀνθιδρόεται.
2602 4013 2842 4090 Χρυσίου
2903 4011 2960 4068 δὲ
3017 4015 3339 4090 κεντηνάρια
3396 4014 3555 4069 πέντε
3601 4013 3684 4070 καί
3733 4011 3837 4066 εἷ’-

415 4121 538 4156 κοσι
588 4100 648 4156 ἐκ
702 4108 802 4172 τῆς
854 4107 952 4157 τοῦ
1009 4103 1357 4178 πατριάρχου
1435 4101 1682 4175 ’Δλεξίου
1761 4111 1935 4178 μονῆς
1986 4105 2014 4159 ὁ
2069 4106 2416 4179 Μονομάχος
2491 4101 2743 4180 ἀφείλετο
2779 4146 2792 4171 ,
2852 4103 2981 4176 παρ’
3054 4101 3261 4158 ἐκείνου
3331 4107 3430 4158 τοῦ
3495 4099 3831 4178 πατριάρχου

418 4192 845 4267 θησαυρισθέντα
904 4191 1060 4248 ἐκεῖ.
1116 4195 1186 4250 ’Ὀ
1239 4214 1300 4267 γε
1359 4193 1468 4266 μὴν
1525 4193 1783 4268 ἐκτομίας
1833 4195 2137 4264 Ἰωάννης,
2196 4195 2224 4248 6
2285 4192 2528 4269 γεγονὼς
2581 4192 3020 4270 Ὀρφανοτρόφος
3057 4237 3072 4262 ,
3130 4193 3158 4246 6
3236 4196 3334 4247 τοῦ
3422 4191 3843 4268 βασιλεύσαντος

417 4279 650 4356 Μιχαὴλ
705 4285 804 4336 τοῦ
864 4280 1218 4359 Παφλαγόνος
1274 4281 1633 4361 αὐτάδελφος,
1695 4284 1770 4346 εἰς
1826 4283 2171 4354 Μιτυλήνην,
2223 4287 2320 4338 τοῦ
2371 4280 2715 4356 Μονομάχου
2767 4284 3160 4355 κρατήσαντος,
3223 4281 3534 4357 μεταχθεὶς,
3569 4281 3680 4336 ἐκεῖ
3733 4302 3846 4351 πη-

422 4375 608 4446 ροῦται
663 4371 791 4433 τοὺς
846 4369 1188 4449 ὀφθαλμοὺς,
1245 4371 1320 4434 ὡς
1382 4374 1477 4444 μέν
1535 4393 1643 4427 τισι
1705 4369 1876 4440 δοκεῖ,
1933 4375 2082 4447 παρὰ
2136 4378 2234 4441 τῆς
2301 4368 2586 4447 βασιλίδος
2646 4367 2929 4445 Θεοδώρας
2985 4371 3215 4446 γνώμης
3249 4368 3374 4444 ἄτερ
3429 4376 3527 4426 τοῦ
3586 4369 3856 4445 αὐτοκρά-

419 4479 600 4534 τορος,
663 4459 738 4524 ὡς
793 4456 840 4514 δ’
895 4458 1090 4537 ἐνίοις,
1147 4459 1311 4514 αὐτου
1367 4465 1464 4515 τοῦ
1522 4464 1851 4536 κρατοῦντος
1905 4465 2068 4516 τοῦτο
2124 4460 2499 4531 κελεύσαντος,
2563 4464 2872 4532 μηνιῶντος
2932 4458 3080 4532 αὐτῷ
3137 4457 3227 4514 διὰ
3282 4459 3345 4514 τὸ
3403 4465 3503 4529 τῆς
3557 4457 3856 4534 ὑπερορίας

422 4545 686 4612 πολυετὶς
739 4547 831 4602 καὶ
867 4546 1134 4604 ἀναίτιον.
1166 4550 1288 4621 ‘Oc,
1325 4549 1588 4624 βραχείας
1619 4549 1831 4623 ἡμέρας
1856 4551 1925 4623 τῇ
1955 4548 2202 4626 πηρώσει
2235 4543 2552 4616 ἐπιϐιώσας,
2581 4549 2681 4617 τὴν
2714 4549 2860 4618 ζωὴν
2891 4546 3264 4624 ἐξεμέτρησεν.

493 4639 694 4696 XXIII.
719 4639 1002 4696 Caeterum
1021 4639 1156 4696 alia
1188 4640 1452 4712 tyrannis
1485 4639 1737 4695 atrocior
1764 4644 1855 4695 est
1872 4643 2078 4696 contra

2258 4639 2376 4692 Kl".
2436 4635 2616 4706 Ἀλλη
2651 4634 2702 4692 δ’
2729 4634 2883 4701 αὖθις
2911 4637 3162 4712 τυραννὶς
3190 4641 3271 4710 τῷ
3309 4636 3636 4712 Μονομάχῳ
3670 4635 3861 4692 δεινο-

419 4729 872 4784 Monomachum
895 4732 1116 4796 exorta,
1147 4728 1328 4783 Leone
1350 4726 1618 4783 Tornicio
1657 4731 1916 4799 auctore,
1948 4745 2046 4784 ma

2227 4727 2313 4802 ἒρα
2365 4725 2687 4798 ἐξυπανέστη
2723 4769 2737 4784 .
2797 4727 2860 4782 Ἦ
2933 4731 3034 4781 τοῦ
3108 4726 3392 4803 Τορνικίου
3469 4723 3517 4780 δ’
3583 4727 3648 4794 ἦν
3708 4725 3856 4798 αὕτη

425 4822 594 4873 terno
625 4818 755 4888 ejus
796 4822 1066 4890 cognato.
1101 4817 1211 4881 Qui
1242 4833 1377 4872 cum
1438 4816 1806 4872 Orestiadem
1845 4817 2054 4874 habita

2233 4814 2448 4886 ,έοντος,
2499 4816 2557 4878 ὃς
2612 4815 2884 4892 μητρόθεν
2929 4814 3066 4870 κατᾶ
3110 4816 3264 4891 γένος
3303 4821 3552 4889 προσῆκε
3605 4818 3686 4887 τῷ
3747 4813 3862 4869 αὐ-

421 4910 512 4962 ret
538 4907 647 4979 (sic
677 4905 834 4962 enim
867 4905 1008 4962 olim
1048 4904 1466 4977 Adrianopolis
1515 4904 1810 4977 appellata
1861 4911 1953 4962 est
2006 4905 2050 4960 al

2230 4905 2506 4980 οκράτορι.
2594 4904 2768 4968 Οὗτος
2848 4901 3031 4960 τοίνυν
3109 4905 3208 4972 τήν
3283 4900 3604 4979 Ὀρεστιάδα
3680 4900 3859 4957 οἰκῶν

424 4995 626 5054 Oreste
646 4995 1109 5070 Agamemnonis
1131 4993 1647 5066 filio),Macedones
1661 4994 2053 5052 habebatdicti

2235 4990 2366 5049 ὤτω
2442 4991 2499 5048 δὶ
2573 4991 2745 5048 πάλαι
2802 4995 2838 5063 ἡ
2896 4991 3062 5056 πόλις
3120 4989 3369 5049 ἐκαλεῖτο
3426 4996 3525 5048 τοῦ
3583 4989 3864 5069 βασιλέως

1708 5169 1914 5233 Variae
1946 5169 2249 5233 lectiones
2277 5175 2338 5232 et
2366 5174 2554 5232 notas.

521 5315 610 5389 33)
641 5314 716 5389 Οᾷὐ
746 5313 986 5389 μέναοι.⁸
1009 5313 1172 5371 Alter
1201 5331 1269 5389 eg
1300 5314 1440 5389 Reg.
1467 5312 1827 5389 καξμέν-τοι.
2065 5386 2075 5389 _

2231 5314 2356 5389 misit
2386 5331 2539 5389 anno
2572 5314 2730 5371 1034.
2761 5313 3080 5389 Historiam
3115 5318 3358 5389 narrant
3395 5315 3508 5389 Leo
3539 5312 3860 5379 Ostiensis,

523 5383 634 5462 34⁷)Δ
673 5383 912 5462 Μιχαὴλ
956 5386 995 5462 Δὁ
1049 5383 1451 5462 Κηρουλάριός.
1515 5383 1621 5462 Hie
1677 5386 1776 5444 ille
1802 5390 1912 5462 _est
1979 5386 2078 5460 qui

2226 5386 2604 5462 ib._n,_Chr_on.
2629 5389 2819 5444 Casia.
2845 5405 2972 5460 cap.
2993 5388 3083 5454 89,
3109 5393 3166 5442 et
3198 5387 3296 5462 alii
3318 5387 3636 5462 scriptores
3650 5403 3855 5462 rerum

424 5459 922 5533 virus'hereaens
952 5459 1009 5514 in
1045 5459 1430 5532 apostolicam
1463 5460 1662 5533 sedem
1695 5459 1892 5533 aerius
1947 5459 2079 5533 evo-
2193 5459 2758 5533 ecclesiasticarum,
2789 5477 2856 5533 ac
2886 5459 3002 5533 prae
3051 5459 3278 5516 ceteris
3322 5459 3640 5516 cardinalis
3683 5459 3860 5533 Baro-

427 5532 580 5588 muit
601 5537 733 5604 post
752 5531 1048 5604 Photium,
1076 5530 1212 5588 eum
1231 5533 1300 5587 ad
1322 5530 2078 5604 conciliandamEcclesiam
2189 5531 2347 5599 nius,
2376 5535 2433 5587 et
2463 5536 2573 5588 Leo
2629 5530 2904 5604 Allatius,
2947 5533 3024 5604 in,
3067 5533 3368 5589 dissertet.
3430 5549 3492 5589 Il.
3551 5533 3627 5587 De
3682 5531 3856 5604 libris

425 5605 536 5677 Leo
569 5603 640 5659 IX
670 5603 929 5677 pontifex
969 5604 1386 5661 cancellarium
1445 5620 1622 5677 suum
1681 5603 2074 5677 Humbertum
2184 5604 2486 5658 coctumst.
2512 5607 2783 5675 Grecam,
2807 5610 2867 5661 et
2886 5603 2958 5661 in
2989 5603 3140 5660 libro
3165 5605 3243 5661 De
3268 5606 3554 5677 utriusque
3582 5603 3852 5660 Ecclesia

428 5674 774 5747 episcopum
831 5674 992 5748 Silvas
1049 5677 1316 5748 Candidas
1373 5679 1433 5731 et
1485 5674 1723 5748 Petrum
1782 5675 2073 5748 archiepi-
2183 5689 2468 5732 consensu.

427 5746 674 5822 scapum
713 5746 1197 5821 Amalpbitanum
1240 5747 1460 5820 legatos
1489 5747 1562 5803 ad
1617 5746 2070 5805 Monomachum
