4126 6362
2787 16 2984 24 --ειι-η--ω
2999 15 3198 22 -.——-——-——-—
3207 13 3450 23 ----—---—~-—.--——
3467 15 3486 18 —

281 394 424 454 213
1605 389 2016 454 ANNALIUM
2064 392 2210 453 LIB.
2258 393 2445 456 XVII.
3617 385 3734 446 214

279 521 430 601 Ἀδρ
462 526 595 578 οινοῦ
647 521 700 594 ἐξ
729 522 987 598 Ὀρέστου
1032 527 1132 578 τοῦ
1161 521 1601 599 Ἀγαμέμνονος)
1630 520 1758 586 τοὺς
1787 527 1939 578 Μακε

2051 582 2058 594 ,
2090 525 2418 595 audientes,
2451 529 2736 597 tanquam
2768 523 2856 580 vir
2885 519 3256 595 praestantior
3285 517 3532 588 caeteris,
3585 519 3735 574 Nam

286 611 460 676 δόνας
508 613 626 688 εἶχε
671 613 1051 688 προσέχοντας
1101 611 1268 684 αὑτῷ,
1303 613 1376 675 ὡς
1425 609 1490 683 δή
1540 633 1643 667 τινι
1673 611 1940 687 κρείττονι

2077 632 2264 687 usque
2295 615 2440 671 facie
2472 630 2660 685 neque
2692 613 2927 686 ingenio
2960 615 3085 667 erat
3132 609 3559 665 contemnendo
3591 625 3603 663 :
3652 607 3735 662 in-

287 704 396 761 Ἢν
442 703 541 779 γὰρ
593 703 620 756 ὁ
674 703 812 776 ἀνὴρ
873 697 996 757 οὕτε
1022 703 1084 756 τὸ
1117 700 1259 766 ε’ίδος
1290 701 1498 780 φαῦλος
1530 698 1654 756 οὕτε
1711 702 1774 756 τὸ
1832 702 1934 779 φρό

2075 714 2199 762 erat
2227 707 2279 762 ei
2309 707 2489 761 etiam
2522 705 2679 761 aliud
2715 703 3183 776 quiddam,quod
3216 700 3484 756 homines
3517 697 3735 755 allicie-

296 813 478 866 νημα.
524 791 656 867 Εἶχε
713 788 771 845 δὲ
822 812 873 845 τι
932 793 1021 846 καὶ
1072 790 1254 867 ἕτερον
1315 793 1360 864 ᾦ
1420 791 1554 866 πρὸς
1606 791 1791 846 ἑαυτὸν
1837 790 1941 846 τοὺ.

2075 797 2191 852 bat.
2225 801 2398 851 Fama
2420 796 2579 852 enim
2612 800 2829 850 temere
2851 793 2920 848 de
2942 792 3141 860 illo,ut
3167 791 3237 846 de
3267 790 3420 861 aliis,
3454 787 3732 844 vaticina-

305 881 590 942 πλείστους
651 879 954 954 ἐφείλκετο.
1013 881 1456 957 Ἐχρησμολόγει
1536 881 1637 957 γὰρ
1697 883 1729 950 ἡ
1801 882 1941 958 φήμη

2073 886 2396 953 batur,fore
2431 890 2494 940 ut
2518 882 2798 938 Romanis
2830 881 3079 952 sceptris
3095 879 3734 951 potiretur.lmperator

301 973 432 1044 περί
487 969 669 1038 αὑτοῦ,
705 971 796 1024 οἷα
849 966 906 1024 δὲ
964 970 1084 1044 περὶ
1145 966 1332 1025 ἄλλων
1381 969 1596 1044 λέγεται
1659 970 1856 1042 μάτην,
1887 968 1941 1022 ὡς

2074 989 2209 1028 vero
2247 989 2359 1028 non
2395 973 2567 1026 modo
2602 988 2717 1026 non
2747 986 2887 1041 erga
2914 965 3730 1039 eum,utcognatumat‘fectus

301 1063 408 1114 τῶν
465 1059 786 1132 Ῥωμαϊκῶν
881 1059 1171 1134 σκήπτρων
1245 1056 1424 1113 ἴσοιτό
1483 1079 1619 1113 ποτε
1675 1057 1939 1134 ἐγκρατής

2074 1061 2206 1128 fuit,
2238 1062 2338 1118 sed
2373 1067 2431 1117 et
2460 1061 2593 1116 odio
2625 1076 2760 1115 eum
2810 1063 3154 1132 persecutus
3185 1061 3296 1113 est.
3322 1055 3536 1110 Contra
3566 1070 3733 1110 soror

293 1148 440 1223 Πρὸς
483 1148 540 1202 ’ὀν
594 1148 621 1201 ὁ
678 1146 932 1222 βασιλευς
981 1144 1104 1202 οὔτε
1152 1147 1226 1210 ὡς
1271 1146 1416 1220 αὖτῷ
1459 1149 1809 1224 προσήκοντα
1851 1144 1941 1202 διε·

2072 1151 2233 1206 illius
2264 1150 2558 1224 Euprepia
2587 1149 2776 1205 virum
2810 1147 2921 1202 sibi
2953 1152 3010 1203 et
3040 1144 3391 1202 conciliabat
3424 1148 3479 1198 et
3513 1141 3732 1214 ample-

289 1237 526 1306 τέθειτο,
575 1236 722 1293 ἀλλὰ
772 1237 952 1312 μέντοι
1010 1239 1099 1292 καὶ
1153 1237 1504 1315 ἀπηχθάνετο
1557 1242 1636 1310 τῷ
1694 1235 1865 1314 ἀνδρί.
1898 1238 1941 1294 ’ἒ

2069 1241 2360 1307 ctebatur,
2391 1256 2676 1313 generosa
2720 1241 2991 1293 matrona
3039 1233 3447 1304 constantique
3505 1232 3723 1303 animo,

289 1324 348 1381 δὲ
408 1331 509 1381 τοῦ
565 1332 894 1401 κρατοῦντος
941 1327 1197 1400 ὁμαίμων
1257 1330 1292 1398 ἡ
1360 1327 1642 1402 Εὑπρεπία
1699 1328 1941 1400 ᾠκειοῦτ‹

2070 1331 2143 1387 ad
2174 1329 2464 1386 illustrem
2497 1330 2792 1385 fortunam
2825 1331 2882 1382 et
2910 1343 3088 1398 opum
3121 1323 3480 1379 affluentiam
3502 1325 3724 1391 evecta,

284 1436 343 1469 τε
375 1415 468 1470 καὶ
503 1412 770 1488 ἐδεξιοῦτο
829 1415 1012 1488 αὑτὸν,
1046 1417 1186 1492 γυνὴ
1239 1417 1460 1492 γενναία
1513 1437 1574 1472 τε
1614 1417 1704 1471 καὶ
1763 1429 1941 1488 σταθη·

2071 1437 2143 1476 ne
2177 1422 2306 1493 ipsa
2336 1421 2574 1491 quidem
2606 1419 2767 1474 fratri
2795 1415 2990 1486 chara,
3040 1414 3194 1487 quod
3253 1430 3382 1469 eam
3441 1411 3514 1467 ob
3583 1409 3723 1464 insi-

288 1510 496 1580 ροτάτη
555 1505 618 1559 τὸ
679 1505 956 1583 φρόνημα,
997 1504 1088 1560 καὶ
1149 1506 1227 1570 εἷς
1280 1507 1461 1583 τύχης
1515 1504 1750 1562 ἐλάσασα
1808 1527 1941 1582 περι·

2069 1525 2244 1582 gnem
2280 1507 2650 1580 prudentiam
2681 1506 3010 1562 verebatur.
3066 1506 3200 1568 Quae
3250 1519 3384 1558 cum
3438 1498 3585 1556 nihil
3647 1499 3718 1554 ab

290 1595 517 1672 φάνειαν
579 1593 669 1649 καὶ
719 1594 794 1656 εἰς
845 1591 1090 1650 πλούτου
1140 1592 1443 1669 δαψίλειαν.
1478 1597 1548 1653 Ἢ
1603 1593 1941 1674 τῷάδελφῆ

2070 1599 2171 1656 illo
2205 1600 2586 1672 magniﬁcum
2621 1599 3100 1666 consequeretur,
3136 1609 3323 1664 neque
3386 1591 3717 1662 frequenta-

289 1683 551 1758 περκτέα
601 1683 699 1738 οὐκ
740 1683 828 1754 ἦν,
859 1679 1157 1754 ηὑλαϐεῖτο
1208 1684 1255 1740 δ’
1304 1685 1472 1756 αὐτὴν
1521 1682 1612 1740 διὰ
1658 1683 1720 1740 τὰ
1769 1686 1941 1762 περιὸπ

2069 1690 2172 1746 bat
2201 1691 2446 1762 regiam,
2479 1687 2843 1760 superbeque
2865 1702 2999 1740 cum
3030 1701 3096 1740 eo
3118 1683 3348 1753 agebat,
3391 1681 3439 1737 si
3481 1679 3716 1752 quando

286 1780 391 1842 τῆς
453 1775 793 1851 φρονήσεως.
825 1774 887 1828 Ἡ
937 1771 996 1828 δὲ
1047 1775 1121 1846 μή
1180 1795 1330 1837 τινος
1377 1774 1428 1846 ἐξ
1479 1774 1691 1830 ἐκείνου
1749 1776 1941 1851 τυγχά-

2069 1785 2416 1848 accesserat,
2448 1795 2582 1834 eum
2613 1792 2864 1847 arguens
2909 1778 2966 1830 et
3015 1774 3361 1845 objurgans,
3390 1773 3448 1826 et
3473 1770 3598 1840 ejus
3649 1768 3720 1824 ob

281 1881 456 1916 νουσα
513 1866 622 1916 τῶν
677 1860 965 1936 μειζόνων,
1000 1859 1124 1918 οὔτε
1179 1865 1439 1939 συχνάκις
1496 1865 1645 1936 αύτῷ
1701 1865 1941 1938 προσῄει

2072 1868 2170 1926 illa
2197 1869 2566 1926 iracundiam
2599 1884 2700 1940 por
2729 1868 3132 1935 contemptum
3165 1860 3399 1917 silentio
3436 1857 3721 1916 dissimu-

275 1951 370 2006 καὶ
464 1950 846 2026 ὑπερηφάνως,
907 1952 997 2007 ὅτε
1078 1951 1482 2028 προσελήλυθε,
1561 1953 1941 2032 προσεφέρετο,

2065 1957 2221 2015 lans.
2261 1959 2584 2030 Imperator
2605 1972 2735 2012 vero
2757 1954 3052 2010 sincerum
3086 1950 3255 2007 illum
3313 1949 3534 2006 sororis
3583 1962 3722 2018 erga

278 2037 654 2116 διελέγχουσά
703 2061 763 2094 τε
817 2041 908 2095 καὶ
961 2039 1321 2110 ἀνειδίζουσα.
1371 2041 1435 2099 Εἰ
1487 2039 1532 2096 δ’
1589 2042 1674 2097 ἐπὶ
1729 2043 1946 2104 τούτοις

276 2130 516 2205 ἑωράκει
562 2130 654 2184 τὸν
714 2127 946 2208 ἀδελφὸν
1011 2129 1392 2206 ὀργιζόμενον,
1450 2127 1800 2186 ἀπεδυσπέτει
1849 2153 1944 2187 κα-

273 2223 719 2297 ταφρονητικῶς.
779 2221 954 2296 Ὁρῶν
1024 2218 1114 2276 οὖν
1172 2221 1273 2291 τήν
1329 2220 1467 2292 πρὸς
1519 2222 1610 2276 τὸν
1663 2220 1942 2296 Τορνίκιοδ

272 2315 382 2378 τῆς
433 2305 675 2386 ἀδελφῆς
733 2309 761 2363 ὁ
814 2307 1068 2385 βασιλεὺς
1131 2308 1486 2384 γνησιότητα,
1539 2311 1823 2366 ὑπώπτευέ
1887 2331 1947 2366 τε

273 2395 376 2451 καί
437 2395 658 2470 ἐμηνία,
691 2397 780 2452 καὶ
836 2395 926 2452 ’ίνα
978 2398 1169 2476 πὸρῤω
1221 2397 1489 2470 ἀλλήλων
1523 2406 1667 2464 θεῖτο
1726 2399 1944 2471 αὑτοὺς,

269 2490 384 2541 τῶν
444 2485 496 2540 ἐν
554 2481 773 2562 Ἴϐηρσι
820 2491 887 2560 τῇ
919 2487 1205 2561 Ῥωμαίων
1259 2488 1527 2565 ἡγεμονίᾳ
1581 2485 1942 2567 διαφερόντων

268 2575 427 2648 αὐτῷ
513 2576 613 2644 τήν
700 2577 882 2652 ἀρχὴν
968 2577 1274 2648 ἀνατίθησι,
1359 2578 1944 2654 κατεσχηματισμένην

271 2665 662 2741 εύπροσώπως
747 2664 1038 2742 ὑπερορίαν
1139 2666 1302 2722 αὑτοῦ
1401 2668 1942 2745 καταψηφισάμενος.

272 2753 377 2808 Καὶ
441 2753 471 2808 ὁ
535 2753 631 2826 μὶν
687 2751 954 2823 ἀπῆλθεν·
987 2757 1023 2826 ἡ
1083 2753 1141 2810 δι
1195 2777 1257 2831 γε
1313 2759 1472 2835 φήμη
1524 2759 1560 2829 ἢ
1609 2757 1746 2833 πρὸς
1809 2759 1945 2833 μέγα

275 2842 458 2918 τύχης
492 2842 653 2897 αὑτὸν
704 2842 888 2919 ἐξῆρεν
931 2843 982 2900 ἐν
1029 2843 1240 2900 ἐλπίσιν
1293 2845 1392 2901 οὐκ
1433 2841 1622 2922 ἔληγε.
1655 2847 1753 2901 Καί
1799 2868 1940 2911 τινες

287 2931 343 2986 lx
387 2932 590 2988 τούτου
637 2932 732 2986 τὸν
791 2929 959 3010 ἄνδρα
1008 2934 1144 3010 πρὸς
1190 2934 1282 2989 τὸν
1341 2933 1565 3010 βασιλέα
1623 2931 1939 2993 διέϐαλλον.

287 3020 346 3076 Ὀ
401 3017 454 3076 δε
506 3025 629 3084 τοῖς
689 3019 877 3098 λόγοις
927 3022 1142 3085 τούτοις
1186 3025 1287 3094 τὴν
1329 3025 1557 3099 γνώμην
1620 3022 1940 3088 διασεισθεὶς

289 3109 499 3166 στέλλει
557 3109 648 3166 καὶ
706 3109 874 3188 κείρει
929 3113 1023 3186 μὶν
1079 3114 1178 3183 τὴν
1227 3113 1410 3186 κόμην
1479 3119 1560 3186 τῷ
1636 3114 1937 3191 Τορνικίῳ,

276 3198 577 3276 συγκείρειν
648 3199 794 3272 αὑτῷ
848 3207 968 3264 ταῖς
1026 3201 1164 3278 θριξὶ
1220 3203 1310 3258 καὶ
1361 3202 1456 3266 τὰς
1490 3201 1714 3266 ἐλπίδας
1747 3203 1938 3277 οἰόμε-

265 3310 381 3357 νος,
420 3287 592 3365 ῥάκος
654 3287 713 3344 δὶ
773 3287 942 3364 μὲλαν
994 3291 1152 3347 αὑτὸν
1191 3292 1531 3368 ἀμφιίννυσι,
1568 3297 1762 3371 ζοφοῦν
1793 3294 1942 3366 αὑτῷ

268 3378 522 3451 νομίζων
577 3376 815 3443 ἐντεῦθεν
871 3381 970 3450 τήν
1041 3378 1507 3456 προσδοκωμένην
1588 3389 1688 3452 τῆς
1762 3381 1941 3458 τύχης

269 3467 672 3540 λαμπρότητα,
733 3467 880 3523 οὕτω
953 3465 996 3524 δ’
1050 3469 1410 3526 ἐπανελθόντα
1468 3472 1596 3545 μήτ’
1653 3472 1940 3548 οἰκτείρας,

269 3555 427 3612 ἀλλὰ
488 3554 581 3611 καί
635 3555 1006 3634 ἐπικαγχάσας
1061 3559 1286 3637 ἀφῆκεν.
1321 3561 1388 3618 Οἱ
1439 3558 1496 3616 δέ
1549 3582 1610 3637 γε
1639 3558 1940 3624 Μακεδόνες

269 3649 420 3720 (34’)
485 3644 578 3700 καὶ
631 3645 849 3722 πρώην,
883 3648 959 3711 ὡς
1017 3645 1248 3723 εἷ’ρηται,
1279 3649 1663 3724 προσκείμενοι
1715 3655 1794 3723 τῷ
1850 3652 1941 3705 ἀν-

269 3732 386 3809 δρὶ,
421 3734 516 3789 καὶ
575 3736 823 3811 χρηστὰς
877 3733 1107 3800 ἐλπίδας
1167 3736 1250 3792 ἐπ’
1297 3737 1445 3811 αὑτῷ
1492 3737 1815 3808 θάλποντες,
1846 3762 1941 3796 νυ-

269 3827 403 3888 κτὸς
436 3825 600 3880 αὑτὸν
631 3825 1050 3901 ὑπεξαγαγόντες
1077 3834 1179 3898 τῆς
1224 3826 1506 3905 βασιλίδος
1550 3835 1658 3885 τῶν
1704 3827 1940 3906 πόλιων,

272 3913 327 3976 ἐς
360 3915 468 3983 τὴν
503 3915 682 3970 αὐτῶν
721 3915 1066 3991 μητρόπολιν
1111 3917 1328 3992 ἀγουσιν
1375 3917 1536 3973 αὑτὸν
1591 3919 1690 3988 τὴν
1721 3918 1942 3996 Ἀδρια-

268 4002 575 4074 νούπολιν,
607 4004 697 4059 καὶ
755 4003 791 4074 ἢ
835 4002 1046 4080 σπουδῇ
1104 4011 1212 4061 τῶν
1271 4009 1735 4084 προστεθειμένων
1795 4008 1942 4082 αύτῷ

269 4092 419 4169 ταχὺ
475 4093 546 4147 τὰ
599 4091 780 4148 πλείω
831 4099 939 4149 τῶν
993 4097 1408 4172 στρατευμάτων
1481 4094 1591 4152 ἐκεῖ
1651 4098 1941 4174 συνηθροί-

285 4194 511 4255 σθησαν,
543 4181 580 4251 ἢ
611 4182 703 4238 καὶ
765 4183 908 4257 μίσει
966 4189 1046 4257 τῷ
1096 4185 1234 4260 πρὸς
1290 4185 1380 4240 τὸν
1423 4184 1814 4261 αὐτοκράτορα.
1847 4185 1944 4241 Διά

289 4290 432 4336 τινας
485 4272 594 4349 γὰρ
651 4271 827 4336 αἰτίας
883 4270 995 4329 οὔτ’
1043 4273 1248 4337 ἐκεῖνος
1304 4271 1491 4339 καλῶς
1517 4281 1635 4338 τοῖς
1685 4276 1943 4352 στρατιώ-

286 4380 398 4422 ταις
455 4361 753 4436 ἐκέχρητο,
815 4361 961 4418 ἀλλὰ
1035 4363 1125 4420 καὶ
1198 4362 1430 4438 ὑποψίας
1513 4365 1772 4442 ὑπέτρεφε
1825 4367 1942 4422 κατ’

277 4448 482 4520 αὐτῶν,
530 4450 772 4507 κάκεῖνοι
831 4449 921 4507 διὰ
971 4455 1141 4509 ταῦτα
1186 4453 1322 4529 πρὸς
1381 4451 1545 4530 ἔχθος
1600 4457 1717 4509 κατ’
1775 4456 1942 4510 αὐτοῦ

269 4539 628 4612 ⁴ἠρεθίζοντο.
681 4541 770 4604 Ὦς
823 4538 866 4596 δ’
915 4540 1006 4596 οὖν
1081 4541 1464 4619 συνελέγησαν,
1516 4543 1790 4622 εὐφημίας
1845 4545 1943 4600 αύ-

2053 2048 2393 2104 Tornicium
2436 2043 2976 2116 atiectumgraviter
3020 2041 3380 2113 molesteque
3403 2039 3618 2105 ferens,
3652 2041 3719 2093 ut

2051 2153 2152 2194 eos
2182 2137 2354 2210 longe
2384 2138 2738 2208 sejungeret,
2761 2132 3100 2188 Tornicium
3132 2131 3400 2187 Iberibus
3431 2128 3707 2184 Romana:

2055 2227 2297 2283 ditionis
2329 2225 2602 2300 prafecit,
2635 2221 2986 2294 relegatione
3007 2220 3270 2295 specioso
3300 2217 3471 2274 titulo
3494 2218 3701 2274 obum-

2053 2317 2241 2374 brata.
2299 2319 2444 2374 Cum
2499 2318 2678 2389 igitur
2724 2313 2823 2370 ille
2878 2313 3091 2382 abiret,
3151 2315 3208 2368 et
3238 2312 3396 2366 fama
3425 2324 3560 2364 eum
3594 2322 3698 2379 spe

2054 2424 2284 2480 magna;
2313 2407 2557 2463 fortuna;
2590 2405 2865 2477 prosequi
2900 2419 3014 2459 non
3046 2400 3355 2457 desisteret
3389 2415 3402 2456 :
3463 2395 3704 2468 quidam

2051 2497 2191 2554 inde
2221 2513 2428 2552 ansam
2476 2495 2851 2568 arripuerunt
2898 2495 3027 2565 ejus
3078 2491 3235 2564 apud
3291 2489 3706 2559 imperatorem

2054 2585 2480 2643 calumniandi.
2511 2585 2771 2649 Quorum
2803 2583 2997 2640 verbis
3029 2583 3360 2637 commotus
3409 2575 3508 2632 ille
3572 2575 3708 2630 Tor-

2052 2678 2207 2733 nioio
2236 2692 2466 2732 comam
2495 2675 2721 2744 tondet,
2771 2690 2836 2729 se
2875 2688 3041 2744 spem
3117 2671 3246 2741 ejus
3308 2683 3426 2722 una
3499 2666 3703 2720 deton-

2051 2782 2259 2823 surum
2291 2770 2476 2835 ratus,
2510 2763 2862 2835 nigramque
2908 2760 3203 2816 lacernam
3263 2756 3477 2822 induit,
3537 2752 3708 2825 quasi

2051 2871 2118 2912 eo
2141 2853 2330 2911 colore
2373 2857 2708 2924 exspectato
2748 2851 2835 2906 illi
2883 2850 3128 2906 fortuna;
3179 2843 3482 2918 splendori
3540 2846 3706 2898 tene-

2049 2946 2189 3001 bras
2218 2945 2300 3000 oil‘
2302 2961 2540 2999 usurus.
2555 2943 2640 2997 lta
2653 2956 2947 2996 reversum
2971 2939 3114 2994 adeo
3133 2953 3247 2992 non
3260 2939 3349 2991 est
3369 2933 3705 2996 miseratus,

2051 3038 2118 3091 ut
2148 3033 2432 3090 cachinno
2464 3031 2641 3087 etiam
2675 3035 3022 3102 prosecutus
3053 3027 3134 3084 sit
3161 3020 3706 3081 abeuntem.Enim-

2047 3139 2182 3179 vero
2210 3122 2554 3177 Macedones
2585 3120 2749 3192 prius
2783 3117 2980 3184 etiam,
3026 3121 3091 3171 ut
3147 3114 3373 3170 dictum
3450 3114 3564 3176 est,
3621 3108 3707 3164 illi

2052 3211 2288 3280 addicti,
2315 3227 2380 3266 ac
2409 3210 2558 3265 bene
2579 3209 2649 3264 de
2680 3224 2747 3264 e0
2777 3209 3106 3278 asperantes
3150 3219 3286 3259 eum
3335 3201 3490 3258 252
3531 3203 3709 3255 noctu

1971 3278 2014 3346 (ἶ
2052 3317 2121 3357 ex
2150 3297 2684 3372 urbeimperatrice
2706 3297 2765 3352 in
2796 3293 3164 3366 metropolim
3197 3308 3368 3348 suam
3417 3289 3707 3345 Adriano-

2053 3390 2232 3462 polim
2275 3389 2599 3452 abducunt,
2650 3385 2750 3442 ubi
2798 3400 2902 3440 seu
2952 3383 3252 3438 fautorum
3309 3381 3437 3452 ejus
3486 3377 3708 3444 studio,

2053 3479 2311 3535 maxima
2341 3494 2477 3549 pars
2508 3475 2871 3532 exercituum
2902 3471 3304 3528 convenit:seu
3333 3465 3708 3540 imperatoris

2054 3570 2209 3638 odio,
2268 3567 2368 3640 qui
2424 3567 2498 3623 ob
2546 3581 2758 3622 causas
2804 3563 3093 3635 quasdam
3122 3559 3341 3616 milites
3400 3574 3518 3613 non
3559 3556 3709 3612 bene

2049 3661 2351 3724 tractarat,
2386 3660 2444 3712 et
2474 3659 2779 3726 suspectos
2810 3651 3087 3716 habebat,
3119 3650 3275 3705 unde
3321 3646 3442 3703 illis
3478 3645 3705 3701 invisus

2051 3764 2183 3803 esse
2213 3748 2486 3818 coeperat.
2521 3742 2734 3799 Statim
2767 3741 2951 3814 igitur
2981 3739 3100 3794 illic
3130 3736 3454 3809 congressi,
3507 3734 3708 3789 Torni-

2053 3837 2210 3893 cium
2242 3835 2453 3890 faustis
2483 3831 3011 3889 acclamationibus
3042 3827 3357 3902 prosecuti,
3388 3825 3704 3896 imperato-

2051 3943 2177 3983 rem
2208 3923 2675 3980 consalutarunt.
2697 3921 3134 3990 Hicvero,citra
3163 3933 3388 3973 moram
3416 3931 3538 3970 rem
3571 3929 3706 3968 cum

2053 4033 2164 4072 sua
2196 4016 2448 4069 factione
2493 4027 2833 4084 aggressus,
2881 4009 3079 4065 subito
3136 4002 3709 4075 Constantinopolim

2051 4103 2293 4170 invadit,
2317 4118 2572 4173 cumque
2637 4099 2810 4155 multi
2841 4099 2915 4154 ad
2966 4113 3103 4153 eum
3169 4101 3292 4151 tam
3341 4095 3493 4150 cives
3529 4107 3709 4164 quam

2052 4193 2270 4250 milites
2291 4190 2670 4257 conﬂuerent,
2695 4189 2755 4244 in
2787 4204 2950 4261 spem
2979 4185 3351 4258 {erigebatur,
3411 4181 3712 4238 neminem

2053 4284 2174 4338 fore
2224 4281 2325 4353 qui
2369 4279 2482 4336 sibi
2517 4279 2792 4334 resistere
2840 4278 3104 4344 auderet,
3149 4273 3251 4329 sed
3302 4272 3456 4328 cives
3509 4275 3709 4344 portas

2052 4371 2216 4428 urbis
2249 4369 2444 4442 potius
2472 4385 2588 4424 non
2633 4367 2921 4441 gravatim
2980 4367 3308 4438 aperturos,
3366 4365 3494 4418 tum
3553 4359 3710 4431 quod

2054 4458 2377 4518 Orientales
2428 4457 2720 4513 exercitus
2779 4453 2952 4511 bellis
2997 4453 3080 4509 ibi
3127 4450 3398 4525 gerendis
3421 4447 3710 4521 occupati,

2051 4554 2182 4606 tum
2238 4547 2391 4619 quod
2437 4546 2592 4602 cives
2643 4543 2982 4618 imperatori
3033 4543 3170 4598 irati
3226 4544 3448 4609 essent,
3497 4555 3531 4594 a
3596 4553 3711 4609 quo

262 4628 400 4683 τίκα
453 4627 747 4705 βασιλικῆς
794 4630 885 4685 καὶ
945 4630 1293 4709 ἀναῤῥήσεως
1355 4631 1715 4704 κατηξίωσαν.
1777 4635 1834 4688 Ὃ
1884 4631 1941 4690 δὲ

2051 4638 2218 4694 aliter
2267 4653 2448 4708 quam
2495 4635 2714 4692 vellent
2761 4633 3137 4690 haberentur.
3197 4629 3552 4702 Hujusmodi
3609 4643 3713 4699 spe

269 4717 370 4772 σὺν
425 4718 614 4782 αὐτοῖς
667 4719 822 4782 εὐθὺς
880 4719 1040 4796 ἔργου
1097 4718 1298 4797 εἷ’χετο,
1326 4719 1415 4776 καί
1463 4721 1658 4799 ἀθρόον
1713 4727 1780 4798 τῇ
1835 4724 1938 4800 βα-

267 4807 574 4882 σιλευούσῃ
630 4807 907 4888 ἐπιφοιτᾷ,
960 4809 1050 4865 καί
1108 4811 1158 4864 οἱ
1211 4809 1489 4887 προσιόντι
1560 4814 1936 4891 προσεφοίτων

264 4896 489 4954 πολλοὶ
541 4900 632 4952 καὶ
687 4905 1013 4975 στρατιῶται
1059 4898 1150 4954 καί
1207 4900 1449 4973 ἀστυκοὶ,
1501 4899 1749 4964 κᾶκεῖνος
1819 4908 1940 4967 ταῖς

265 4985 495 5043 ἐλπίσιν
549 4986 802 5062 ᾐώρητο,
833 4988 908 5050 ὡς
968 4984 1031 5043 οὕ
1079 5009 1230 5052 τινος
1277 4989 1425 5062 αὐτῷ
1457 4991 1935 5066 ἀντιστησομένου,

266 5075 428 5133 ἀλλὰ
490 5073 704 5149 μᾶλλον
777 5078 1219 5134 ἄναπετασόντων
1298 5078 1444 5152 αὑτῷ
1521 5080 1754 5145 εὐπετῶς
1832 5087 1940 5138 τῶν

268 5166 480 5238 ἀστῶν,
513 5165 604 5221 καὶ
653 5167 750 5230 τὰς
803 5166 981 5232 πύλας
1029 5175 1129 5239 τῆς
1177 5167 1416 5241 πόλεως,
1464 5168 1546 5226 ὅτι
1596 5193 1655 5226 τε
1700 5171 1767 5227 τὰ
1795 5173 1941 5246 Ἑῷα

265 5253 660 5330 στρατεύματα
705 5255 980 5332 πολέμοις
1036 5257 1148 5314 ἐκεῖ
1201 5258 1659 5336 προσησχόλητο,
1707 5262 1797 5317 καὶ
1855 5262 1939 5318 ὅτι

2048 4728 2531 4793 inﬂatus,castra
2575 4729 2710 4782 ante
2768 4723 2974 4780 urbem
3031 4720 3216 4794 ponit,
3263 4723 3713 4792 Oppugnaturus

2048 4816 2321 4888 eam,nisi
2351 4815 2622 4872 alacriter
2651 4812 3204 4886 reciperetur.Mane
3228 4809 3716 4882 igiturinstructa

2048 4907 2171 4964 acie
2202 4907 2270 4962 ad
2301 4907 2517 4961 moenia
2549 4905 2713 4960 urbis
2743 4904 2901 4958 circa
2930 4901 3288 4957 Blachernas
3336 4913 3710 4971 progressus,

2045 5001 2248 5068 portas
2280 4995 2495 5068 aperiri
2546 4994 2657 5050 sibi
2689 4992 2852 5066 petit,
2904 4991 3183 5047 cuctodes
3234 4988 3307 5044 ad
3367 4988 3422 5042 id
3483 4985 3714 5042 facinus

2049 5085 2276 5156 magnis
2307 5083 2833 5157 pollicitationibus
2868 5081 3143 5138 invitans.
3180 5077 3285 5145 Qui
3313 5093 3447 5134 cum
3475 5091 3611 5131 eum
3658 5078 3717 5130 et

2048 5175 2416 5249 negligerent
2492 5174 2734 5246 penitus
2806 5178 2863 5228 et
2945 5170 3288 5227 deriderunt
3343 5171 3398 5225 et
3453 5164 3716 5223 dicteriis

2050 5266 2439 5334 incesserent,
2503 5263 3017 5336 ioppugnationem
3068 5259 3326 5315 inchoat.
3396 5257 3721 5329 Imperator

1584 5398 1787 5462 Variae
1817 5399 2121 5463 lectiones
2143 5406 2205 5462 et
2234 5406 2425 5462 notae.

270 5596 287 5610 ο
345 5525 491 5610 (at)
553 5524 622 5582 Οἱ
664 5521 723 5610 δέ
769 5523 1204 5610 γειέξξκεδόνξς.
1240 5529 1594 5610 .Anonymus
1622 5533 1942 5610 LBaLrensis

269 5597 339 5652 in
371 5597 593 5654 Chron.
631 5614 644 5654 :
676 5597 793 5655 An.’
843 5600 1001 5668 1958,
1059 5599 1178 5656 ind.
1231 5600 1286 5666 1,
1365 5597 1652 5661 rebellavit
1720 5607 1946 5662 Tomi/ci

271 5685 408 5754 eum
437 5668 776 5754 ‘Halgedong's
821 5680 873 5728 et
899 5675 1130 5754 Balatu
1155 5687 1514 5754 consecraneo
1551 5693 1669 5744 suo,
1692 5680 1946 5751 perrexit

277 5743 848 5817 Constantinopolim,
877 5752 936 5801 ut
961 5745 1168 5818 faceret
1205 5761 1263 5803 se
1291 5743 1706 5819 imperatorem:
1732 5751 1946 5824 Arger

2051 5535 2326 5603 magistro
2355 5535 2533 5590 exivit
2554 5533 2654 5590 sub
2684 5539 2839 5590 nocte
2871 5546 2997 5585 cum
3026 5530 3332 5601 aliquantis
3380 5528 3612 5603 Francis
3642 5533 3722 5603 fel

2055 5601 2280 5674 Graecis,
2313 5615 2367 5662 el
2394 5610 2649 5678 fecerunt
2698 5603 3066 5678 eiiidamuum
3107 5603 3461 5678 Inaximum.
3518 5601 3722 5678 Postea

2053 5671 2479 5751 comprehensus
2507 5683 2585 5736 est
2614 5679 2729 5751 ipse
2760 5673 3025 5751 Tomi/ekf
3042 5690 3076 5729 a
3099 5672 3528 5751 Μοηοηιασήοβι
3550 5671 3722 5746 jussit

2055 5745 2194 5809 eum'
2212 5765 2442 5824 caecare,
2473 5759 2529 5809 et
2556 5745 2786 5810 Bdlalzi
2813 5746 3008 5808 amati
3025 5752 3154 5804 sunt
3183 5745 3365 5806 ambo.
