4126 6384
364 422 480 481 215

1711 422 2036 484 JOANNIS
2083 425 2425 487 ZONAR/E

3667 428 3783 486 216

362 569 498 609 vero
530 569 664 608 cum
682 553 886 625 paucis
916 553 1207 611 militibus
1239 554 1576 625 urbanaque
1609 553 2010 628 multitudine,

2129 555 2214 610 καὶ
2246 559 2298 612 οἱ
2327 559 2427 627 τῆς
2473 559 2690 620 πόλεως
2720 555 2792 614 δι’
2822 557 2993 634 ὀργῆς
3046 557 3330 613 ἐποιοῦντο
3379 558 3471 612 τὸν
3527 556 3788 632 αύτοκρά-

361 646 419 698 et
439 641 571 698 aliis
602 642 961 715 quibusdam
1002 644 1142 700 viris
1175 648 1488 700 scnaturus
1541 643 1851 714 ministris,
1911 645 2009 716 qui

329 782 332 783 ν
363 748 568 788 omnes
587 733 682 787 vix
715 732 1113 789 millenarium
1149 751 1454 790 numerum
1481 735 1811 806 explebant,
1857 752 1918 791 se
1941 736 2012 790 ad

363 822 766 879 defensionem
801 828 1144 896 paratzquos
1165 841 1294 879 cum
1322 841 1422 896 pro
1455 825 1749 880 mmnihus
1780 825 2014 898 tyranni

347 908 657 969 'militibus
679 914 1073 986 apposuisset,
1106 914 1356 986 putabat
1387 930 1449 969 se
1483 918 1762 970 terrorem
1811 915 2014 970 adver-

363 1001 979 1059 sariisincussurum:
1015 1008 1189 1075 atque
1221 1005 1346 1076 ipse
1370 1003 1427 1058 in
1473 1005 1724 1074 quodam
1768 1004 2018 1077 impera-

358 1092 510 1147 torio
550 1091 806 1148 conclavi
840 1093 1210 1165 prominente
1269 1099 1403 1150 ante
1457 1099 1686 1164 czetera,
1741 1113 1845 1168 pro
1903 1112 2020 1150 ma-

349 1179 568 1252 jestate
591 1181 876 1248 consedit,
921 1187 986 1237 ut
1019 1183 1215 1238 hostes
1248 1187 1306 1238 et
1353 1184 1596 1249 videret,
1648 1187 1705 1239 et
1754 1183 2014 1239 vicissim

358 1270 430 1325 ab
455 1270 526 1325 iis
556 1270 1226 1328 videretur.Macedones
1251 1289 1384 1328 vero
1411 1272 1754 1329 scurrilitati
1771 1272 2016 1340 assueti,

355 1373 738 1442 conspectum
765 1368 1179 1440 imperatorem
1203 1371 1414 1443 partim
1430 1371 1622 1444 palam
1639 1371 2016 1428 contumeliis

351 1457 624 1514 insectati
674 1463 813 1515 sunt
862 1461 1078 1531 partim
1129 1462 1379 1518 cratibus
1422 1461 1715 1518 institutis
1763 1462 2017 1518 comicas

355 1549 645 1620 quasdam
687 1548 1010 1606 cantilenas
1089 1567 1156 1606 ex
1223 1556 1486 1624 tempore
1539 1553 1899 1619 cecinerunt,
1961 1555 2019 1606 et

355 1636 680 1709 saltarunt,
716 1639 966 1711 pedibus
1000 1644 1215 1696 terram
1247 1641 1575 1712 pulsantes,
1631 1641 2018 1713 immissaque

354 1726 596 1782 cohorte
622 1725 681 1782 i'n
739 1744 837 1783 eos
871 1728 971 1798 qui
1021 1733 1182 1784 extra
1232 1731 1446 1785 mmnia
1494 1730 1705 1801 objecti
1755 1731 2014 1798 fuerunt,

357 1814 630 1873 homines
659 1817 873 1887 partim
933 1819 1002 1873 ad
1040 1823 1258 1890 portas,
1284 1819 1497 1890 partim
1529 1821 1600 1875 ad
1631 1820 1820 1876 fossas
1853 1837 2013 1875 com-

357 1904 660 1976 pulerunt,
693 1906 752 1962 in
777 1923 924 1978 quas
956 1908 1300 1980 praecipitati
1356 1909 1675 1978 perierunt,
1733 1914 2016 1982 tantaque
2049 1931 2095 1996 Β

351 1995 606 2051 formido
641 1995 883 2052 incessit
912 1997 1193 2052 omnibus
1217 2002 1282 2052 ut
1310 1998 1344 2052 ii
1382 1999 1556 2054 etiam
1582 1999 1683 2072 qui
1717 2000 1774 2054 in
1809 2000 2015 2054 moeni-

351 2083 462 2139 bus
493 2084 1098 2152 stabant,desilientes
1123 2087 1472 2158 fugerent,et
1495 2089 1593 2160 qui
1623 2088 1822 2144 aditus
1854 2089 2019 2144 urbis

349 2173 788 2242 custodiebant,
806 2190 876 2230 ne
909 2175 1093 2246 portis
1126 2177 1366 2248 quidem
1391 2176 1609 2233 clausis
1641 2195 1704 2234 se
1727 2179 2016 2235 subduce-

349 2267 500 2319 rent.
531 2264 693 2329 Quod
740 2263 789 2319 si
827 2263 1046 2320 bellum
1091 2264 1236 2320 illud
1268 2266 1460 2321 virum
1502 2267 1654 2324 253
1687 2267 2016 2335 habuisset,

357 2352 459 2424 qui
491 2352 573 2408 uti
607 2352 850 2408 victoria
882 2354 1114 2426 scisset,
1156 2354 1305 2410 nihil
1337 2355 1680 2412 Tornicium
1723 2357 1792 2412 ad
1855 2356 2019 2412 urbis

351 2441 623 2514 ingressu
654 2441 744 2498 vel
777 2444 1150 2500 exsecutione
1186 2450 1434 2500 conatus
1466 2445 1557 2500 sui
1597 2445 2019 2518 prohibuisset.

358 2540 469 2596 Sed
505 2556 635 2596 eam
667 2541 1058 2612 occasionem,
1093 2559 1226 2598 cum
1255 2543 1372 2598 Deo
1424 2542 1591 2599 aliter
1621 2545 1811 2598 visum
1845 2548 2020 2610 esset,

352 2635 646 2699 tyrannus
677 2630 898 2686 amisit.
950 2631 1276 2704 Imperator
1323 2637 1520 2688 tamen
1580 2632 1839 2704 periculo
1884 2651 2020 2705 pro-

355 2719 555 2776 ximus
576 2719 686 2775 fuit
716 2736 730 2776 :
759 2737 894 2776 nam
928 2721 1192 2792 quidam,
1225 2722 1443 2778 emissa
1474 2728 1680 2779 contra
1726 2723 1894 2778 illum
1927 2740 2020 2778 sa-

350 2807 722 2881 gitta,ipsum
755 2810 994 2883 quidem
1025 2828 1143 2867 non
1178 2811 1428 2882 percutit
1458 2814 1558 2868 sed
1584 2812 2021 2869 adolescentem

354 2897 615 2954 cubiculi
655 2899 1018 2968 ministrum,
1044 2917 1110 2957 ac
1133 2918 1204 2956 ne
1232 2916 1368 2957 eum
1428 2902 1667 2974 quidem
1725 2902 2025 2958 lethaliter

352 2985 683 3044 vulneravit
737 2989 960 3045 Tamen
998 2989 1285 3046 satellites
1316 2991 1736 3063 territi,statim
1771 3009 2024 3048 recesse-

359 3081 517 3147 runt,
548 3082 606 3133 et
633 3078 760 3150 ipse
794 3079 1120 3152 imperator
1145 3096 1280 3135 cum
1338 3079 1484 3136 sella
1543 3081 1655 3136 alio
1697 3081 2023 3137 translatus

353 3169 461 3222 est.
495 3166 792 3234 Tornicio,
823 3171 988 3224 tanta
1010 3167 1284 3225 felicitate
1298 3168 1679 3240 neglecta,res
1708 3171 1763 3225 in
1799 3176 2023 3226 contra-

354 3255 512 3311 rium
543 3256 736 3312 vertit.
784 3257 932 3313 Nam
994 3259 1136 3314 urbe
1187 3259 1380 3314 denuo
1429 3260 1715 3315 custodiis
1770 3259 2018 3327 munita,

350 3347 640 3417 tyrannus
673 3362 844 3402 mane
882 3364 1091 3412 rursus
1124 3347 1347 3419 impetu
1383 3349 1442 3402 in
1478 3348 1695 3403 mmnia
1727 3349 1902 3416 facto,
1934 3367 2020 3403 re-

353 3433 563 3504 pulsus
592 3441 705 3506 est,
740 3452 845 3492 nec
877 3435 1134 3492 multum
1167 3437 1380 3508 abfuit,
1412 3438 1556 3510 quin
1611 3438 1734 3509 ipse
1783 3438 2019 3510 periret.

359 3531 506 3586 Nam
538 3548 670 3588 cum
687 3549 758 3588 ex
791 3534 1067 3590 machina
1087 3552 1227 3591 saxa
1251 3534 1456 3591 talenti
1476 3537 1731 3607 pondere
1749 3534 1807 3590 in
1823 3536 2023 3593 hostes

358 3627 801 3690 excuterentur,
839 3641 1024 3680 unum
1057 3629 1114 3680 et
1142 3625 1337 3697 ipsum
1370 3625 1685 3696 directum,
1737 3627 2026 3682 aberravit

371 3709 520 3765 illud
551 3712 813 3783 quidem,
839 3714 939 3768 sed
967 3719 1026 3770 et
1054 3714 1168 3786 ipi
1197 3719 1252 3770 et
1283 3715 1637 3772 satellitibus
1667 3716 1798 3786 ejus
1846 3721 2025 3772 terro-

372 3814 497 3855 rem
529 3800 803 3867 incussit,
837 3808 901 3858 ut
930 3803 1219 3874 dissipata
1248 3803 1396 3874 acie,
1434 3805 1492 3861 in
1536 3809 1730 3861 castra
1786 3804 2026 3872 reversi,

371 3889 444 3943 ab
477 3892 914 3963 oppugnatione
943 3893 1310 3948 desisterent.
1345 3893 1555 3950 Paucis
1576 3894 1759 3966 igitur
1817 3893 2025 3949 diebus

369 3976 453 4032 ibi
487 3983 910 4050 commoratus,
943 3997 1079 4037 cum
1110 3998 1141 4038 ο
1174 3983 1301 4039 suis
1333 3983 1480 4040 alios
1503 3983 1574 4039 ad
1609 3983 2024 4056 imperatorem

367 4065 634 4136 deﬁcere,
669 4067 815 4124 alios
874 4069 1129 4143 dispergi
1160 4076 1216 4127 et
1246 4071 1524 4142 aufugero
1559 4071 1798 4128 videret-
1821 4071 2028 4127 relicta

362 4155 528 4214 urbis
558 4158 883 4229 obsidione,
915 4160 1158 4217 castella
1189 4161 1452 4217 Thracia
1485 4177 1548 4218 se
1581 4161 1748 4218 facile
1779 4178 2026 4232 occupa-

361 4249 565 4302 turum
608 4251 791 4319 ratus,
825 4249 895 4304 ab
929 4249 1047 4306 illis
1075 4267 1307 4323 quoque
1338 4249 1613 4322 repulsus
1645 4255 1756 4306 est.
1797 4251 2025 4306 Interea

364 4336 542 4408 copim
573 4336 900 4394 Orientales
930 4344 1206 4396 revocatas
1238 4340 1475 4408 adsunt,
1509 4344 1566 4395 et
1592 4345 1796 4395 contra
1824 4344 2021 4412 tyran-

363 4441 507 4480 num
523 4425 990 4494 mittuntur.0uo
1005 4429 1352 4484 defectionis
1364 4428 1508 4484 socii
1525 4427 1898 4499 cognito,sibi
1912 4442 2027 4481 me-

359 4517 755 4585 tuentes,cum
777 4515 1162 4574 Orientalium
1183 4534 1418 4589 quoque
1449 4518 1568 4572 dux
1599 4521 1792 4572 castra
1843 4532 2023 4588 prope

357 4601 494 4658 illos
524 4606 832 4675 potuisset,
865 4611 922 4662 et
951 4606 1099 4664 alios
1132 4606 1465 4678 colloquiis,
1491 4605 1638 4661 alios
1665 4604 1877 4661 litteris
1909 4605 2021 4659 im—

2122 666 2276 722 τορα,
2308 648 2381 709 ὡς
2440 644 2506 718 δή
2565 669 2616 702 τι
2674 648 2751 721 μὴ
2807 647 2946 702 κατᾶ
2993 648 3222 723 γνώμην
3267 645 3450 711 αὐτοῖς
3477 645 3785 725 προσφερό-

2127 757 2308 808 μενον.
2378 737 2669 802 Τοιαύταις
2757 735 2848 792 οὗν
2919 736 3294 812 αἰωρούμενος
3373 742 3492 800 ταῖς
3575 733 3783 804 ἐλπίσι,

2123 832 2599 908 στρατοπεδεύεται
2677 836 2781 912 πρὸ
2867 843 2968 905 τῆς
3054 834 3274 898 πόλεως
3308 879 3321 906 ,
3391 833 3784 909 πολιορκήσων

2126 920 2315 996 αῢτῆν,
2349 924 2394 978 εἰ
2447 926 2520 998 μή
2576 921 2795 1000 δέχοιτο
2847 925 3008 979 αὐτὸν
3057 923 3402 997 ἐτοιμότατα.
3435 924 3639 980 ’Ἑωθεν
3690 920 3787 976 οὖν

2126 1012 2582 1088 παραταξάμενος,
2632 1013 2720 1068 καὶ
2779 1014 2955 1089 ἀγχοῦ
3018 1011 3115 1067 τοῦ
3169 1007 3468 1088 περιϐόλου
3523 1017 3625 1081 τῆς
3683 1009 3787 1065 πό-

2127 1099 2268 1164 λεως
2309 1103 2548 1180 γεγονὼς
2598 1103 2720 1180 περὶ
2770 1103 2863 1164 τὰς
2917 1103 3256 1178 Βλαχὲρνας,
3317 1101 3523 1173 ἀνοῖξαι
3583 1101 3634 1156 οἱ
3691 1101 3790 1163 τὶς

2126 1191 2302 1254 πύλας
2335 1193 2489 1264 ἠξίου
2518 1193 2646 1256 τοὺς
2677 1189 2851 1262 ἔνδον,
2888 1192 3212 1268 ὑποσχέσεσι
3243 1191 3470 1256 τούτους
3498 1191 3635 1268 πρὸς
3683 1191 3784 1259 τὴν

2126 1281 2314 1357 πρᾶξιν
2397 1281 2822 1360 παραθαρρύνων
2913 1279 3221 1358 λαμπραῖς.
3299 1283 3424 1340 Τῶν
3509 1277 3566 1336 δὲ
3651 1277 3787 1353 μηδ’

2127 1369 2598 1450 ἐπιστρεφομένων
2659 1370 2846 1444 αὐτοῦ,
2901 1371 3046 1427 ἀλλά
3091 1372 3178 1426 καὶ
3243 1369 3644 1446 χλευαζόντων,
3695 1369 3793 1424 καὶ

2125 1461 2261 1535 πρὸς
2333 1459 2535 1516 ἐκεῖνον
2610 1460 3106 1533 ἀποσκωπτόντων,
3159 1459 3430 1536 ἐπεχείρει
3485 1463 3555 1534 τῇ
3613 1478 3791 1535 προσ-

2127 1544 2292 1624 ϐολῇ.
2342 1551 2853 1626 Ἀντιπαρετάττετο
2903 1548 2959 1606 δὶ
2993 1550 3084 1605 καὶ
3125 1551 3152 1606 6
3209 1548 3484 1627 βασιλεὺς,
3518 1548 3787 1626 στρατιώο

2124 1661 2240 1701 ταις
2289 1637 2498 1716 ὀλίγοις
2541 1639 2632 1695 καὶ
2688 1636 2850 1716 ὄχλῳ
2916 1637 3207 1713 δημοτικῷ
3253 1638 3341 1693 καί
3395 1659 3535 1694 τισιν
3591 1635 3791 1700 ἄλλοις

2125 1725 2375 1804 ἀνδράσιν
2423 1728 2570 1784 ἐνίων
2629 1734 2737 1784 τῶν
2799 1737 2898 1800 τῆς
2957 1728 3240 1805 γερουσίας
3297 1726 3610 1805 Θεράπουσι,
3669 1732 3782 1782 τῶν

2124 1818 2340 1874 πάντων
2419 1816 2533 1873 οὐδ’
2590 1818 2666 1882 εἷς
2740 1813 2939 1892 ἀκριϐῆ
3022 1819 3541 1892 συναριθμουμένων
3601 1815 3789 1893 χιλιο-

2123 1906 2269 1961 στύν·
2313 1906 2402 1962 καὶ
2457 1906 2682 1970 τούτους
2743 1907 2848 1984 πρὸ
2915 1911 3010 1962 τοῦ
3067 1901 3368 1982 περιϐόλου
3426 1907 3626 1976 στήσας
3682 1913 3787 1976 τῆς

2127 1995 2342 2060 πόλεως
2399 1999 2810 2070 ἀντιμετώπους
2849 2002 2965 2059 τοῖς
3011 2000 3108 2052 τοῦ
3158 1996 3442 2073 τυράννου,
3493 1993 3629 2069 ᾤετο
3687 2017 3786 2050 κα-

2126 2085 2419 2158 ταπλήξειν
2473 2085 2658 2149 αὐτοῖς
2715 2087 2808 2141 τὸν
2894 2083 3213 2142 ἀντίπαλον.
3265 2083 3362 2141 Καὶ
3424 2086 3586 2146 αὐτὸς
3643 2081 3700 2139 δὲ
3759 2084 3788 2138 6

2128 2175 2478 2250 αὐτοκράτωρ
2538 2173 2592 2230 ἓν
2651 2197 2757 2230 τινι
2813 2179 2920 2230 τῶν
2973 2172 3272 2250 βασιλικῶν
3324 2171 3588 2247 Θαλάμων
3647 2194 3786 2250 προ-

2129 2260 2459 2338 ςεϐλημένῳ
2487 2269 2592 2320 τῶν
2627 2261 2816 2320 ἄλλων
2874 2264 2964 2319 καὶ
3011 2263 3098 2318 ἐπὶ
3160 2265 3221 2318 τὸ
3279 2264 3385 2338 πρὸ
3437 2270 3534 2332 τῆς
3567 2261 3788 2324 πόλεως

2130 2352 2488 2430 ἐττραμμένῳ
2561 2351 2746 2409 πεδίον
2830 2355 3068 2424 καθῆστο
3131 2352 3452 2429 βασιλικῶς,
3505 2350 3579 2406 ’ἶν’
3633 2352 3786 2426 ὁρῴη

2127 2443 2255 2506 τοὺς
2314 2443 2586 2506 ἐναντίους
2645 2443 2734 2498 καὶ
2786 2444 2960 2519 ὁρῷτο
3010 2441 3210 2506 αὐτοῖς.
3245 2443 3312 2500 Ol
3375 2439 3432 2497 δὲ
3489 2439 3792 2503 Μακεδόνες

2135 2543 2499 2620 βωμολοχίας
2550 2539 2699 2606 ὄντες
2760 2542 2967 2612 ἐθάδες,
3029 2539 3238 2606 ἰδόντες
3291 2543 3383 2598 τὸν
3440 2543 3690 2618 βασιλέα,
3739 2543 3792 2597 οἱ

2134 2635 2227 2708 μὶν
2289 2633 2539 2708 ἄντικρυς
2592 2627 2869 2708 ἐξύϐριζον
2922 2633 2998 2695 εἷς
3030 2632 3216 2701 αὐτὸν,
3247 2633 3300 2687 οἱ
3331 2629 3411 2703 δὶ,
3436 2631 3525 2687 καί
3582 2630 3788 2707 χοροὺς

2130 2727 2478 2786 συνιστῶντες
2534 2723 2674 2796 μέλη
2735 2723 2792 2776 τέ
2847 2743 2969 2777 τινα
3045 2719 3423 2796 σχεδιάζοντες
3505 2718 3781 2794 κυμῳδίας

2131 2813 2439 2888 ὠρχοῦντο,
2472 2812 2558 2867 καὶ
2592 2808 2726 2886 ᾖδον
2774 2815 2961 2880 ταῦτα,
2993 2816 3108 2872 τοῖς
3160 2811 3317 2865 ποσὶν
3377 2810 3789 2884 ἐπικροτοῦντες

2131 2905 2228 2972 τήν
2253 2903 2533 2978 γῆν.Εῖτκ
2587 2907 2706 2963 τοῖς
2764 2896 2866 2971 ἔξω
2896 2905 2991 2954 τοῦ
3036 2898 3256 2976 τείχους
3313 2894 3795 2975 προϐεϐλημένοις

2137 2990 2446 3066 βασιλικοῖς
2493 2989 2686 3064 μοίρας
2741 2990 2889 3052 τινὸς
2949 2987 3284 3059 ἐπελθούσης
3338 2994 3447 3044 τῶν
3510 2988 3792 3056 ἐναντίων,

2133 3083 2185 3136 οἱ
2221 3081 2313 3154 μὲν
2348 3079 2436 3136 ἐπὶ
2460 3081 2556 3142 τὰς
2587 3077 2764 3142 πύλας
2799 3078 3086 3154 ὥρμησαν,
3120 3080 3172 3133 οἱ
3231 3077 3275 3133 δ’
3307 3077 3395 3134 ἐπὶ
3444 3080 3542 3148 τὴν
3592 3077 3798 3156 τάφρον

2132 3169 2415 3226 ἐνέπιπτον
2493 3169 2584 3224 καὶ
2663 3166 3014 3238 ἀπώλλυντο,
3068 3172 3326 3224 τοσοῦτον
3393 3165 3440 3222 δ’
3500 3169 3665 3222 ἅπασι
3731 3168 3798 3222 τὸ

2136 3257 2254 3322 δέος
2307 3258 2535 3334 ἐγένετο,
2568 3257 2707 3314 ὥστε
2761 3257 2889 3320 τούς
2948 3279 3007 3312 τε
3056 3263 3172 3320 τοῖς
3217 3257 3455 3333 τείχεσιν
3491 3257 3800 3324 ἐφεστῶτας

2137 3348 2358 3410 ἑαυτοὺς
2388 3348 2447 3403 ἐκ
2493 3347 2690 3402 τούτου
2749 3341 3196 3410 καταϐάλλοντας
3253 3347 3488 3425 φεύγειν,
3521 3346 3611 3401 καὶ
3668 3345 3802 3410 τοὺς

2129 3440 2227 3502 τὰς
2299 3435 2539 3500 εἶ’ςόδους
2618 3441 2985 3514 φρουροῦντας
3048 3443 3150 3506 τῆς
3231 3433 3450 3491 πόλεων
3521 3433 3800 3510 φρούδους

2134 3527 2325 3582 αὐτίκα
2381 3528 2649 3603 γενέσθαι,
2714 3522 2855 3599 μηδὲ
2921 3526 3017 3588 τὰς
3099 3523 3276 3590 πύλας
3333 3523 3796 3600 ἐπιζυγώσαντας.

2133 3625 2196 3684 Εἰ
2253 3630 2381 3701 γοῦν
2441 3625 2584 3700 εἶχεν
2646 3624 2674 3678 ὁ
2739 3620 2863 3678 τὸτε
2914 3621 3162 3696 πόλεμος
3217 3624 3308 3678 τὸν
3368 3619 3551 3678 εἰδότα
3615 3629 3794 3695 νικᾷν,

2135 3713 2290 3770 οὐδὲν
2340 3713 2406 3783 ἦν
2433 3715 2496 3769 τὸ
2543 3712 2760 3768 κωλύον
2794 3711 2949 3777 εὐθὺς
3007 3713 3100 3767 τὸν
3152 3712 3436 3788 Τορνίκιον
3497 3710 3651 3776 ἐντὸς
3709 3735 3800 3788 γε-

2132 3806 2313 3868 νέσθαι
2343 3808 2441 3858 τοῦ
2490 3800 2819 3873 ἅστεος,ξγ.αὶ
2864 3798 3022 3865 τέλος
3068 3800 3332 3856 ἐπιθεῖναι
3388 3806 3470 3874 τῷ
3529 3799 3797 3876 ἐγχειρή-

2137 3915 2287 3966 ματι.
2322 3891 2502 3948 Ἀλλὰ
2529 3895 2691 3946 τοῦτο
2727 3891 2844 3964 μὲν,
2877 3889 2992 3945 ἐπεὶ
3037 3892 3113 3964 μὴ
3172 3889 3241 3964 τῇ
3295 3888 3494 3954 ἄνωθεν
3544 3887 3794 3945 ἐδέδοκτο

2135 3980 2424 4051 διοικήσει,
2474 3981 2564 4035 τὸν
2621 3983 2985 4052 τυραννοῦντα
3052 3977 3318 4057 διέφυγεν.
3368 3980 3428 4037 Ὀ
3483 3976 3541 4034 δέ
3577 3999 3640 4055 γε
3692 3979 3788 4053 βα-

2135 4070 2318 4133 σιλεὺς
2373 4075 2572 4145 μικροῦ
2603 4067 2661 4124 ἂν
2696 4067 3048 4124 ἐκινδύνευσε·
3087 4073 3194 4124 τῶν
3253 4068 3357 4144 γάρ
3402 4089 3485 4132 τις
3541 4066 3778 4122 ἐναντίων

2131 4158 2277 4217 τόνδ’
2336 4159 2729 4230 ἐπιτοξάζεται,
2788 4158 2877 4214 καί
2942 4157 3106 4235 βὲλος
3175 4157 3367 4236 ἀφίησι
3425 4161 3545 4213 κατ’
3597 4155 3779 4211 αὐτοῦ·

2129 4252 2192 4306 τὸ
2251 4247 2318 4320 δ’,
2349 4250 2681 4319 ἀτευκτῆσαν
2737 4251 2836 4304 τοῦ
2898 4245 3184 4324 βασιλέως,
3245 4245 3441 4323 βάλλει
3503 4240 3786 4322 μειράκιόν

2131 4361 2183 4396 τι
2237 4344 2345 4394 τῶν
2407 4335 2975 4410 θαλαμηπολούντων.
3010 4335 3164 4393 Ἀλλ’
3195 4334 3313 4392 οὐδ’
3369 4334 3553 4410 ἐκείνῳ
3603 4334 3794 4412 καιρία

2133 4427 2353 4503 γέγονεν
2386 4429 2420 4496 ἡ
2455 4425 2514 4481 ἐκ
2545 4431 2642 4481 τοῦ
2696 4425 2892 4503 βέλους
2939 4423 3156 4500 πληγή.
3192 4426 3258 4483 Οἱ
3309 4423 3366 4481 δέ
3411 4446 3471 4501 γε
3513 4424 3638 4498 περὶ
3697 4425 3793 4481 τὸν

2137 4513 2386 4590 βασιλέα,
2449 4512 2734 4583 δείσαντες,
2816 4513 3012 4570 αὐτίκα
3102 4513 3452 4586 μετάστησαν,
3540 4511 3793 4573 κάκεῖνος

2132 4603 2293 4665 αὐτὸς
2351 4599 2556 4658 ἄλλοσέ
2612 4625 2689 4674 πη
2751 4600 2842 4656 σὺν
2900 4605 2980 4673 τῷ
3040 4601 3202 4674 Θώκῳ
3252 4601 3565 4673 μετήνεκτο.
3597 4601 3694 4658 Ὃν
3745 4596 3794 4655 δ’

360 4691 629 4764 pulisset,
673 4699 738 4750 ut
777 4695 848 4751 ad
908 4695 1326 4767 imperatorem
1379 4694 1840 4765 transfugerent,
1901 4693 2019 4748 fere

2131 4688 2342 4768 εἷ’ρηται
2371 4691 2575 4766 τρόπον
2608 4692 2698 4746 τὸν
2733 4690 3024 4767 Τορνίκιον
3058 4686 3315 4768 διαφυγὸν
3363 4689 3425 4745 τὸ
3474 4687 3791 4764 εὐτύχημα,

359 4797 564 4838 omnes
597 4783 848 4853 deserto,
884 4789 1134 4857 tyranno
1163 4801 1296 4840 cum
1324 4783 1723 4854 imperatoriis
1753 4798 1817 4838 se
1875 4799 2019 4838 con-

353 4871 715 4943 junxerunt:
743 4891 937 4947 neque
970 4874 1008 4928 ii
1039 4873 1289 4947 gregarii
1325 4878 1555 4928 tantum
1616 4871 1855 4942 milites,
1917 4873 2016 4928 sed

361 4961 540 5017 etiam
573 4962 683 5018 viri
714 4962 999 5032 illustres,
1035 4964 1215 5018 duces
1265 4966 1323 5018 et
1378 4963 1792 5034 magistratus.
1854 4966 2017 5018 Unus

364 5051 651 5107 duntaxat
707 5069 777 5108 ex
837 5052 1269 5125 insignioribns
1322 5055 1590 5108 Batatzes
1648 5053 1804 5124 apud
1849 5051 2016 5107 illum

364 5141 605 5198 mansit.
641 5142 950 5198 Tornicius
1001 5142 1182 5215 igitur
1230 5141 1552 5197 destitutus
1597 5142 1669 5197 ab
1715 5143 2017 5211 omnibus,

364 5237 530 5293 nulla
560 5255 664 5311 spe
693 5239 975 5295 evadendi
1010 5239 1373 5308 relicta,cum
1399 5241 1698 5295 Batatzein
1731 5240 2016 5313 templum

361 5327 654 5398 quoddam
682 5327 966 5400 confugit.
1000 5327 1166 5384 Unde
1197 5328 1254 5383 in
1288 5330 1672 5401 compedibus
1704 5331 1774 5385 ad
1809 5329 2016 5385 Mono-

362 5415 643 5472 machum
667 5417 937 5489 perducti
968 5422 1145 5489 atque
1176 5418 1587 5490 efl‘osis,oculis
1618 5419 1813 5476 caecati
1854 5422 2014 5491 sunt,

361 5505 652 5562 seditione
681 5505 915 5580 penitus
946 5523 1300 5581 compressa.

2130 4791 2208 4856 εἲς
2255 4790 2568 4846 τούναντίον
2627 4788 2776 4862 αύτῷ
2825 4789 2892 4845 τὰ
2929 4787 3223 4864 πράγματα
3289 4787 3658 4864 περιέτρεψεν.
3716 4789 3789 4846 ’Ἠ

2127 4901 2185 4936 τε
2237 4882 2342 4957 γὰρ
2397 4879 2564 4942 πόλις
2621 4879 2776 4943 αὗθις
2828 4878 2932 4934 ὑπὸ
3003 4878 3240 4956 φρουρὰν
3297 4875 3554 4955 ἐγεγόνει,
3607 4876 3699 4932 καὶ
3759 4877 3789 4931 6

2126 4969 2385 5044 τύραννος
2434 4968 2598 5024 πάλιν
2650 4965 2816 5032 ἵωθεν
2874 4962 3202 5043 προσϐαλὼν
3251 4966 3342 5022 καὶ
3392 4965 3786 5042 ἀποκρουσθεὶς

2127 5060 2273 5133 παρὰ
2308 5059 2488 5134 βραχὺ
2517 5055 2607 5112 καὶ
2652 5056 2905 5113 ἀπώλετο
2963 5055 3048 5116 ἅν.
3082 5055 3261 5122 Λίθων
3318 5056 3420 5134 γὰρ
3480 5054 3539 5111 ἐκ
3598 5075 3788 5130 μηχα-

2125 5155 2226 5218 νῆς
2250 5146 2608 5203 ταλαντιαίων
2644 5143 3118 5224 σφενδονουμὲνων
3151 5147 3288 5203 κατὰ
3336 5150 3444 5202 τῶν
3505 5144 3786 5215 ἐναντίων,

2127 5239 2202 5299 εἷς
2236 5236 2322 5291 ἐπὶ
2360 5237 2452 5291 τὸν
2502 5235 2763 5309 τύραννον
2809 5234 2947 5305 θίετο,
2981 5237 3070 5292 καὶ
3119 5233 3216 5290 τοῦ
3260 5235 3358 5309 μὶν
3405 5233 3468 5290 ού
3510 5235 3784 5303 καθίκετο,

2128 5323 2332 5381 δειλίαν
2392 5323 2448 5380 δὲ
2504 5324 2739 5398 κάκείνῳ
2781 5326 2870 5380 καὶ
2918 5331 3034 5388 τοῖς
3088 5325 3211 5400 περὶ
3262 5323 3420 5380 αὐτὸν
3481 5323 3784 5396 ἐνεποίησε,

2126 5414 2216 5470 καὶ
2278 5414 2532 5476 λύσαντες
2587 5415 2687 5484 τὴν
2757 5416 3049 5492 παράταξιν
3127 5413 3493 5485 ὑπενόστησαν
3555 5413 3630 5476 εἶς
3681 5415 3781 5484 τήν

2127 5503 2382 5581 σφετέραν
2440 5498 2821 5579 παρεμϐολὴν,
2889 5504 2981 5562 καὶ
3074 5503 3251 5560 mixtu
3345 5507 3412 5579 τῇ
3483 5501 3787 5579 πολιορκίᾳ

362 5599 859 5677 ἐπικεχειρήκασιν,
920 5601 1096 5659 Ἀλλά
1177 5625 1326 5667 τινας
1405 5603 1670 5682 βραχείας
1741 5605 1954 5678 ἡμέρας
2027 5602 2358 5678 προσμείνας
2439 5603 2468 5658 6
2535 5600 2822 5674 τύραννος,
2897 5601 3013 5660 ἐπεὶ
3085 5601 3228 5680 ἑώρα
3297 5600 3429 5665 τοὺς
3507 5603 3602 5678 μὲν
3675 5605 3784 5658 τῶν

363 5689 580 5748 οἰκείων
652 5697 1113 5769 προσχωροῦντας
1185 5699 1265 5767 τῷ
1344 5695 1579 5770 βασιλεῖ,
1627 5693 1755 5757 τοὺς
1824 5690 1882 5748 δὲ
1955 5689 2346 5767 σκιδναμένους
2405 5691 2497 5748 καὶ
2575 5688 3050 5770 ἐκδιδράσκοντας,
3097 5691 3444 5748 ἀπανίσταται
3517 5691 3612 5766 μὶν
3683 5697 3790 5762 τῆς

363 5779 488 5860 περὶ
545 5781 608 5837 τὸ
666 5778 797 5837 ἄστυ
844 5782 1194 5861 προσεδρίας,
1251 5782 1413 5857 ἀπῄει
1472 5781 1530 5840 δὶ
1585 5784 1658 5846 ὡς
1715 5781 1953 5848 εὐπετῶς
2009 5785 2118 5841 τῶν
2203 5783 2475 5860 Θρᾳκῴων
2547 5785 2833 5860 κρατήσων
2894 5781 3191 5863 φρουρίων,
3251 5779 3380 5841 ἀλλ’
3433 5779 3780 5861 ἀπεκρούσθη
