  <div class='ocr_page' id='page_1' title='image "/cluster/home/n/w/nwhite01/storage/ocr_20150623/135:no.2/coo.31924054870401/114.png"; bbox 0 0 4126 6410; ppageno 0'>
   <div class='ocr_carea' id='block_1_1' title="bbox 124 935 300 1128">
    <p class='ocr_par' dir='ltr' id='par_1_1' title="bbox 124 935 300 1128">
     <span class='ocr_line' id='line_1_1' title="bbox 124 935 300 1128; baseline 0 -150"><span class='ocrx_word' id='word_1_1' title='bbox 124 935 300 1128; x_wconf 46' lang='grc' dir='ltr'>,ί</span> 
     </span>
    </p>
   </div>
   <div class='ocr_carea' id='block_1_2' title="bbox 368 437 488 495">
    <p class='ocr_par' dir='ltr' id='par_1_2' title="bbox 368 437 488 495">
     <span class='ocr_line' id='line_1_2' title="bbox 368 437 488 495; baseline 0 0"><span class='ocrx_word' id='word_1_2' title='bbox 368 437 488 495; x_wconf 71' lang='grc'>217</span> 
     </span>
    </p>
   </div>
   <div class='ocr_carea' id='block_1_3' title="bbox 368 564 656 621">
    <p class='ocr_par' dir='ltr' id='par_1_3' title="bbox 368 564 656 621">
     <span class='ocr_line' id='line_1_3' title="bbox 368 564 656 621; baseline 0 0"><span class='ocrx_word' id='word_1_3' title='bbox 368 564 551 621; x_wconf 76' lang='grc' dir='ltr'>κάκείν</span> <span class='ocrx_word' id='word_1_4' title='bbox 559 584 632 618; x_wconf 91' lang='grc' dir='ltr'>ων</span> <span class='ocrx_word' id='word_1_5' title='bbox 644 610 656 621; x_wconf 97' lang='grc'><strong><em>.</em></strong></span> 
     </span>
    </p>
   </div>
   <div class='ocr_carea' id='block_1_4' title="bbox 1663 431 2514 494">
    <p class='ocr_par' dir='ltr' id='par_1_4' title="bbox 1663 431 2514 494">
     <span class='ocr_line' id='line_1_4' title="bbox 1663 431 2514 494; baseline 0.002 -4"><span class='ocrx_word' id='word_1_6' title='bbox 1663 431 2086 494; x_wconf 76' lang='lat' dir='ltr'>ANNALIUM</span> <span class='ocrx_word' id='word_1_7' title='bbox 2131 431 2275 493; x_wconf 76' lang='lat' dir='ltr'>LIB.</span> <span class='ocrx_word' id='word_1_8' title='bbox 2325 433 2514 494; x_wconf 83' lang='lat' dir='ltr'>XVII.</span> 
     </span>
    </p>
   </div>
   <div class='ocr_carea' id='block_1_5' title="bbox 738 558 3802 639">
    <p class='ocr_par' dir='ltr' id='par_1_5' title="bbox 738 558 3802 639">
     <span class='ocr_line' id='line_1_5' title="bbox 738 558 3802 639; baseline -0 -21"><span class='ocrx_word' id='word_1_9' title='bbox 738 564 829 619; x_wconf 81' lang='grc' dir='ltr'>Ἑν</span> <span class='ocrx_word' id='word_1_10' title='bbox 905 563 1152 635; x_wconf 80' lang='grc' dir='ltr'>τοσούτῳ</span> <span class='ocrx_word' id='word_1_11' title='bbox 1220 558 1277 616; x_wconf 69' lang='grc' dir='ltr'>δὲ</span> <span class='ocrx_word' id='word_1_12' title='bbox 1351 568 1623 638; x_wconf 78' lang='grc' dir='ltr'>παρῆσαν,</span> <span class='ocrx_word' id='word_1_13' title='bbox 1705 563 1760 616; x_wconf 69' lang='grc' dir='ltr'>αἱ</span> <span class='ocrx_word' id='word_1_14' title='bbox 1830 567 1929 631; x_wconf 75' lang='grc' dir='ltr'>τῆς</span> <span class='ocrx_word' id='word_1_15' title='bbox 2005 560 2178 635; x_wconf 77' lang='grc' dir='ltr'>Ἓῷας</span> <span class='ocrx_word' id='word_1_16' title='bbox 2236 560 2491 637; x_wconf 85' lang='grc' dir='ltr'>δυνάμεις</span> <span class='ocrx_word' id='word_1_17' title='bbox 2544 562 2961 638; x_wconf 73' lang='grc' dir='ltr'>ἀνακεκλημένοι</span> <span class='ocrx_word' id='word_1_18' title='bbox 3015 565 3172 639; x_wconf 84' lang='grc' dir='ltr'>παρὰ</span> <span class='ocrx_word' id='word_1_19' title='bbox 3225 567 3322 618; x_wconf 77' lang='grc' dir='ltr'>τοῦ</span> <span class='ocrx_word' id='word_1_20' title='bbox 3373 563 3802 638; x_wconf 79' lang='grc' dir='ltr'>αὐτοκράτορος⁹</span> 
     </span>
    </p>
   </div>
   <div class='ocr_carea' id='block_1_6' title="bbox 3678 433 3801 495">
    <p class='ocr_par' dir='ltr' id='par_1_6' title="bbox 3678 433 3801 495">
     <span class='ocr_line' id='line_1_6' title="bbox 3678 433 3801 495; baseline 0.016 -2"><span class='ocrx_word' id='word_1_21' title='bbox 3678 433 3801 495; x_wconf 74' lang='grc'>218</span> 
     </span>
    </p>
   </div>
   <div class='ocr_carea' id='block_1_7' title="bbox 372 647 3804 730">
    <p class='ocr_par' dir='ltr' id='par_1_7' title="bbox 372 647 3804 730">
     <span class='ocr_line' id='line_1_7' title="bbox 372 647 3804 730; baseline -0.001 -18"><span class='ocrx_word' id='word_1_22' title='bbox 372 655 464 712; x_wconf 78' lang='grc' dir='ltr'>καὶ</span> <span class='ocrx_word' id='word_1_23' title='bbox 521 652 657 709; x_wconf 81' lang='grc' dir='ltr'>κατᾶ</span> <span class='ocrx_word' id='word_1_24' title='bbox 711 656 812 706; x_wconf 72' lang='grc' dir='ltr'>τοῦ</span> <span class='ocrx_word' id='word_1_25' title='bbox 867 656 1250 727; x_wconf 65' lang='grc' dir='ltr'>τυραννοῦντος</span> <span class='ocrx_word' id='word_1_26' title='bbox 1328 649 1642 730; x_wconf 77' lang='grc' dir='ltr'>ἀφείθησαν.</span> <span class='ocrx_word' id='word_1_27' title='bbox 1723 651 1788 708; x_wconf 73' lang='grc' dir='ltr'>Οἱ</span> <span class='ocrx_word' id='word_1_28' title='bbox 1863 647 1910 705; x_wconf 86' lang='grc' dir='ltr'>δ’</span> <span class='ocrx_word' id='word_1_29' title='bbox 1977 649 2124 724; x_wconf 78' lang='grc' dir='ltr'>αὖτῷ</span> <span class='ocrx_word' id='word_1_30' title='bbox 2199 653 2297 721; x_wconf 73' lang='grc' dir='ltr'>τὴν</span> <span class='ocrx_word' id='word_1_31' title='bbox 2367 653 2666 708; x_wconf 77' lang='grc' dir='ltr'>ἀποστασία</span> <span class='ocrx_word' id='word_1_32' title='bbox 2742 657 3187 730; x_wconf 78' lang='grc' dir='ltr'>συγκροτοῦντες,</span> <span class='ocrx_word' id='word_1_33' title='bbox 3269 653 3342 714; x_wconf 81' lang='grc' dir='ltr'>ὡς</span> <span class='ocrx_word' id='word_1_34' title='bbox 3400 651 3561 728; x_wconf 81' lang='grc' dir='ltr'>ἔγνῶν</span> <span class='ocrx_word' id='word_1_35' title='bbox 3619 656 3804 724; x_wconf 56' lang='grc' dir='ltr'>τοτὺτο,</span> 
     </span>
    </p>
   </div>
   <div class='ocr_carea' id='block_1_8' title="bbox 376 738 3798 819">
    <p class='ocr_par' dir='ltr' id='par_1_8' title="bbox 376 738 3798 819">
     <span class='ocr_line' id='line_1_8' title="bbox 376 738 3798 819; baseline -0.002 -19"><span class='ocrx_word' id='word_1_36' title='bbox 376 744 646 805; x_wconf 85' lang='grc' dir='ltr'>δείσαντες</span> <span class='ocrx_word' id='word_1_37' title='bbox 714 742 837 816; x_wconf 81' lang='grc' dir='ltr'>περῖ</span> <span class='ocrx_word' id='word_1_38' title='bbox 917 739 1114 818; x_wconf 71' lang='grc' dir='ltr'>σφίσιν,</span> <span class='ocrx_word' id='word_1_39' title='bbox 1186 738 1332 795; x_wconf 77' lang='grc' dir='ltr'>ἀλλὰ</span> <span class='ocrx_word' id='word_1_40' title='bbox 1403 740 1494 795; x_wconf 82' lang='grc' dir='ltr'>καὶ</span> <span class='ocrx_word' id='word_1_41' title='bbox 1564 743 1661 794; x_wconf 77' lang='grc' dir='ltr'>τοῦ</span> <span class='ocrx_word' id='word_1_42' title='bbox 1723 744 1830 794; x_wconf 86' lang='grc' dir='ltr'>τῶν</span> <span class='ocrx_word' id='word_1_43' title='bbox 1891 740 2075 812; x_wconf 82' lang='grc' dir='ltr'>Ἑῴων</span> <span class='ocrx_word' id='word_1_44' title='bbox 2133 741 2424 814; x_wconf 73' lang='grc' dir='ltr'>ταγμάτων</span> <span class='ocrx_word' id='word_1_45' title='bbox 2482 742 2806 818; x_wconf 59' lang='grc' dir='ltr'>ἐξάργοντος</span> <span class='ocrx_word' id='word_1_46' title='bbox 2866 739 3623 819; x_wconf 79' lang='grc' dir='ltr'>παραστρατοπεδευσαμένου</span> <span class='ocrx_word' id='word_1_47' title='bbox 3679 746 3798 803; x_wconf 83' lang='grc' dir='ltr'>τοῖς</span> 
     </span>
    </p>
   </div>
   <div class='ocr_carea' id='block_1_9' title="bbox 383 826 3794 905">
    <p class='ocr_par' dir='ltr' id='par_1_9' title="bbox 383 826 3794 905">
     <span class='ocr_line' id='line_1_9' title="bbox 383 826 3794 905; baseline -0.002 -15"><span class='ocrx_word' id='word_1_48' title='bbox 383 834 727 901; x_wconf 76' lang='grc' dir='ltr'>ἀποστάταις,</span> <span class='ocrx_word' id='word_1_49' title='bbox 795 830 886 885; x_wconf 76' lang='grc' dir='ltr'>καὶ</span> <span class='ocrx_word' id='word_1_50' title='bbox 957 830 1086 892; x_wconf 80' lang='grc' dir='ltr'>τοὺς</span> <span class='ocrx_word' id='word_1_51' title='bbox 1169 829 1262 903; x_wconf 71' lang='grc' dir='ltr'>μὲν</span> <span class='ocrx_word' id='word_1_52' title='bbox 1344 828 1611 903; x_wconf 78' lang='grc' dir='ltr'>ὀμιλιαις,</span> <span class='ocrx_word' id='word_1_53' title='bbox 1690 829 1819 890; x_wconf 73' lang='grc' dir='ltr'>τοὺς</span> <span class='ocrx_word' id='word_1_54' title='bbox 1893 826 1949 883; x_wconf 79' lang='grc' dir='ltr'>δὲ</span> <span class='ocrx_word' id='word_1_55' title='bbox 2010 827 2100 884; x_wconf 77' lang='grc' dir='ltr'>καὶ</span> <span class='ocrx_word' id='word_1_56' title='bbox 2159 831 2445 904; x_wconf 83' lang='grc' dir='ltr'>γράμμασι</span> <span class='ocrx_word' id='word_1_57' title='bbox 2504 831 2787 895; x_wconf 72' lang='grc' dir='ltr'>πείθοντος</span> <span class='ocrx_word' id='word_1_58' title='bbox 2835 830 3217 904; x_wconf 77' lang='grc' dir='ltr'>αὐτομολῆσαι</span> <span class='ocrx_word' id='word_1_59' title='bbox 3271 835 3352 902; x_wconf 74' lang='grc' dir='ltr'>τῷ</span> <span class='ocrx_word' id='word_1_60' title='bbox 3409 829 3794 905; x_wconf 77' lang='grc' dir='ltr'>αὐτοκράτορι,</span> 
     </span>
    </p>
   </div>
   <div class='ocr_carea' id='block_1_10' title="bbox 386 918 3795 997">
    <p class='ocr_par' dir='ltr' id='par_1_10' title="bbox 386 918 3795 997">
     <span class='ocr_line' id='line_1_10' title="bbox 386 918 3795 997; baseline -0.002 -18"><span class='ocrx_word' id='word_1_61' title='bbox 386 926 580 986; x_wconf 81' lang='grc' dir='ltr'>πάντες</span> <span class='ocrx_word' id='word_1_62' title='bbox 654 918 847 997; x_wconf 80' lang='grc' dir='ltr'>σχεδὸν</span> <span class='ocrx_word' id='word_1_63' title='bbox 929 918 1062 976; x_wconf 83' lang='grc' dir='ltr'>ἀπο)</span> <span class='ocrx_word' id='word_1_64' title='bbox 1085 919 1288 982; x_wconf 83' lang='grc' dir='ltr'>ιπόντες</span> <span class='ocrx_word' id='word_1_65' title='bbox 1370 921 1461 975; x_wconf 84' lang='grc' dir='ltr'>τὸν</span> <span class='ocrx_word' id='word_1_66' title='bbox 1535 921 1955 994; x_wconf 74' lang='grc' dir='ltr'>τυραννήσαντα,</span> <span class='ocrx_word' id='word_1_67' title='bbox 2035 922 2386 995; x_wconf 82' lang='grc' dir='ltr'>προσήνωντο</span> <span class='ocrx_word' id='word_1_68' title='bbox 2461 927 2577 983; x_wconf 80' lang='grc' dir='ltr'>τοῖς</span> <span class='ocrx_word' id='word_1_69' title='bbox 2655 919 2982 996; x_wconf 76' lang='grc' dir='ltr'>βασιλικοῖς,</span> <span class='ocrx_word' id='word_1_70' title='bbox 3065 922 3155 976; x_wconf 76' lang='grc' dir='ltr'>καὶ</span> <span class='ocrx_word' id='word_1_71' title='bbox 3241 920 3303 975; x_wconf 84' lang='grc' dir='ltr'>ού</span> <span class='ocrx_word' id='word_1_72' title='bbox 3379 924 3486 975; x_wconf 86' lang='grc' dir='ltr'>τῶν</span> <span class='ocrx_word' id='word_1_73' title='bbox 3564 921 3795 993; x_wconf 82' lang='grc' dir='ltr'>ἀσήμων</span> 
     </span>
    </p>
   </div>
   <div class='ocr_carea' id='block_1_11' title="bbox 391 1006 3791 1088">
    <p class='ocr_par' dir='ltr' id='par_1_11' title="bbox 391 1006 3791 1088">
     <span class='ocr_line' id='line_1_11' title="bbox 391 1006 3791 1088; baseline -0.001 -22"><span class='ocrx_word' id='word_1_74' title='bbox 391 1014 549 1087; x_wconf 78' lang='grc' dir='ltr'>μόνον</span> <span class='ocrx_word' id='word_1_75' title='bbox 602 1014 733 1080; x_wconf 70' lang='grc' dir='ltr'>ἦσαν</span> <span class='ocrx_word' id='word_1_76' title='bbox 787 1010 938 1065; x_wconf 82' lang='grc' dir='ltr'>οὗτοι</span> <span class='ocrx_word' id='word_1_77' title='bbox 995 1014 1364 1086; x_wconf 73' lang='grc' dir='ltr'>στρατιωτῶν,</span> <span class='ocrx_word' id='word_1_78' title='bbox 1439 1008 1586 1065; x_wconf 77' lang='grc' dir='ltr'>ἀλλὰ</span> <span class='ocrx_word' id='word_1_79' title='bbox 1658 1009 1748 1064; x_wconf 84' lang='grc' dir='ltr'>καὶ</span> <span class='ocrx_word' id='word_1_80' title='bbox 1815 1013 1922 1064; x_wconf 89' lang='grc' dir='ltr'>τῶν</span> <span class='ocrx_word' id='word_1_81' title='bbox 1977 1008 2273 1088; x_wconf 77' lang='grc' dir='ltr'>ἐπιφανῶν,</span> <span class='ocrx_word' id='word_1_82' title='bbox 2330 1011 2418 1064; x_wconf 84' lang='grc' dir='ltr'>καὶ</span> <span class='ocrx_word' id='word_1_83' title='bbox 2481 1006 2965 1087; x_wconf 76' lang='grc' dir='ltr'>ἐστρατηγηκότων</span> <span class='ocrx_word' id='word_1_84' title='bbox 3027 1010 3114 1064; x_wconf 80' lang='grc' dir='ltr'>καὶ</span> <span class='ocrx_word' id='word_1_85' title='bbox 3175 1008 3636 1084; x_wconf 83' lang='grc' dir='ltr'>λαμπρυνθέντων</span> <span class='ocrx_word' id='word_1_86' title='bbox 3693 1008 3791 1085; x_wconf 83' lang='grc' dir='ltr'>ἀρ-</span> 
     </span>
    </p>
   </div>
   <div class='ocr_carea' id='block_1_12' title="bbox 383 1096 3795 1178">
    <p class='ocr_par' dir='ltr' id='par_1_12' title="bbox 383 1096 3795 1178">
     <span class='ocr_line' id='line_1_12' title="bbox 383 1096 3795 1178; baseline -0.001 -21"><span class='ocrx_word' id='word_1_87' title='bbox 383 1107 526 1178; x_wconf 89' lang='grc' dir='ltr'>χαῖς,</span> <span class='ocrx_word' id='word_1_88' title='bbox 586 1101 698 1162; x_wconf 77' lang='grc' dir='ltr'>ἑνὸς</span> <span class='ocrx_word' id='word_1_89' title='bbox 758 1100 928 1174; x_wconf 87' lang='grc' dir='ltr'>μόνου</span> <span class='ocrx_word' id='word_1_90' title='bbox 986 1104 1092 1155; x_wconf 85' lang='grc' dir='ltr'>τῶν</span> <span class='ocrx_word' id='word_1_91' title='bbox 1154 1098 1436 1173; x_wconf 79' lang='grc' dir='ltr'>ἐπισήμων</span> <span class='ocrx_word' id='word_1_92' title='bbox 1491 1097 2016 1173; x_wconf 83' lang='grc' dir='ltr'>παράμεμενηκότος</span> <span class='ocrx_word' id='word_1_93' title='bbox 2074 1098 2222 1173; x_wconf 75' lang='grc' dir='ltr'>αὐτῷ</span> <span class='ocrx_word' id='word_1_94' title='bbox 2276 1103 2372 1154; x_wconf 75' lang='grc' dir='ltr'>τοῖ’)</span> <span class='ocrx_word' id='word_1_95' title='bbox 2430 1099 2672 1171; x_wconf 84' lang='grc' dir='ltr'>Βατάτζη</span> <span class='ocrx_word' id='word_1_96' title='bbox 2711 1142 2723 1156; x_wconf 92' lang='grc'><strong>.</strong></span> <span class='ocrx_word' id='word_1_97' title='bbox 2794 1100 2884 1163; x_wconf 70' lang='grc' dir='ltr'>Ὠς</span> <span class='ocrx_word' id='word_1_98' title='bbox 2959 1096 3004 1153; x_wconf 85' lang='grc' dir='ltr'>δ’</span> <span class='ocrx_word' id='word_1_99' title='bbox 3064 1097 3153 1153; x_wconf 76' lang='grc' dir='ltr'>οὗν</span> <span class='ocrx_word' id='word_1_100' title='bbox 3215 1098 3599 1178; x_wconf 73' lang='grc' dir='ltr'>ἐγκατελείφθη</span> <span class='ocrx_word' id='word_1_101' title='bbox 3656 1097 3795 1169; x_wconf 82' lang='grc' dir='ltr'>πρὸς</span> 
     </span>
    </p>
   </div>
   <div class='ocr_carea' id='block_1_13' title="bbox 375 1185 3796 1265">
    <p class='ocr_par' dir='ltr' id='par_1_13' title="bbox 375 1185 3796 1265">
     <span class='ocr_line' id='line_1_13' title="bbox 375 1185 3796 1265; baseline -0.001 -21"><span class='ocrx_word' id='word_1_102' title='bbox 375 1193 480 1244; x_wconf 84' lang='grc' dir='ltr'>τῶν</span> <span class='ocrx_word' id='word_1_103' title='bbox 541 1185 752 1244; x_wconf 78' lang='grc' dir='ltr'>λοιπῶν</span> <span class='ocrx_word' id='word_1_104' title='bbox 814 1189 842 1242; x_wconf 89' lang='grc' dir='ltr'><strong>ὁ</strong></span> <span class='ocrx_word' id='word_1_105' title='bbox 898 1186 1212 1264; x_wconf 76' lang='grc' dir='ltr'>Τορνίκιος,</span> <span class='ocrx_word' id='word_1_106' title='bbox 1271 1188 1360 1242; x_wconf 80' lang='grc' dir='ltr'>καὶ</span> <span class='ocrx_word' id='word_1_107' title='bbox 1418 1188 1679 1243; x_wconf 81' lang='grc' dir='ltr'>πάντοθεν</span> <span class='ocrx_word' id='word_1_108' title='bbox 1729 1186 1874 1259; x_wconf 83' lang='grc' dir='ltr'>αὐτῷ</span> <span class='ocrx_word' id='word_1_109' title='bbox 1934 1187 2168 1265; x_wconf 66' lang='grc' dir='ltr'>ἄφυκτος</span> <span class='ocrx_word' id='word_1_110' title='bbox 2225 1187 2291 1257; x_wconf 81' lang='grc' dir='ltr'>ἦν</span> <span class='ocrx_word' id='word_1_111' title='bbox 2352 1189 2387 1258; x_wconf 81' lang='grc' dir='ltr'>ἡ</span> <span class='ocrx_word' id='word_1_112' title='bbox 2437 1187 2769 1262; x_wconf 80' lang='grc' dir='ltr'>κατάληψις,</span> <span class='ocrx_word' id='word_1_113' title='bbox 2831 1186 2958 1260; x_wconf 88' lang='grc' dir='ltr'>θείῳ</span> <span class='ocrx_word' id='word_1_114' title='bbox 2987 1191 3102 1259; x_wconf 79' lang='grc' dir='ltr'>ναῷ</span> <span class='ocrx_word' id='word_1_115' title='bbox 3127 1187 3601 1264; x_wconf 74' lang='grc' dir='ltr'>προσπεφεύγασιν</span> <span class='ocrx_word' id='word_1_116' title='bbox 3637 1185 3796 1248; x_wconf 76' lang='grc' dir='ltr'>αὐτός</span> 
     </span>
    </p>
   </div>
   <div class='ocr_carea' id='block_1_14' title="bbox 371 1273 3789 1355">
    <p class='ocr_par' dir='ltr' id='par_1_14' title="bbox 371 1273 3789 1355">
     <span class='ocr_line' id='line_1_14' title="bbox 371 1273 3789 1355; baseline -0.001 -21"><span class='ocrx_word' id='word_1_117' title='bbox 371 1299 434 1334; x_wconf 84' lang='grc' dir='ltr'>τε</span> <span class='ocrx_word' id='word_1_118' title='bbox 505 1277 594 1333; x_wconf 79' lang='grc' dir='ltr'>καὶ</span> <span class='ocrx_word' id='word_1_119' title='bbox 675 1278 703 1332; x_wconf 82' lang='grc' dir='ltr'><strong>ὁ</strong></span> <span class='ocrx_word' id='word_1_120' title='bbox 780 1276 1080 1348; x_wconf 78' lang='grc' dir='ltr'>Βατάτζης.</span> <span class='ocrx_word' id='word_1_121' title='bbox 1153 1279 1389 1335; x_wconf 78' lang='grc' dir='ltr'>Ἐκεῖθεν</span> <span class='ocrx_word' id='word_1_122' title='bbox 1467 1275 1526 1332; x_wconf 77' lang='grc' dir='ltr'>δὲ</span> <span class='ocrx_word' id='word_1_123' title='bbox 1601 1274 1827 1347; x_wconf 79' lang='grc' dir='ltr'>πεδῆται</span> <span class='ocrx_word' id='word_1_124' title='bbox 1903 1279 2015 1351; x_wconf 83' lang='grc'>(35)</span> <span class='ocrx_word' id='word_1_125' title='bbox 2079 1281 2159 1350; x_wconf 79' lang='grc' dir='ltr'>τῷ</span> <span class='ocrx_word' id='word_1_126' title='bbox 2208 1277 2532 1353; x_wconf 82' lang='grc' dir='ltr'>Μονομάχῳ</span> <span class='ocrx_word' id='word_1_127' title='bbox 2585 1279 3007 1355; x_wconf 58' lang='grc' dir='ltr'>προσήχθησαν</span> <span class='ocrx_word' id='word_1_128' title='bbox 3071 1277 3098 1331; x_wconf 89' lang='grc' dir='ltr'>ὁ</span> <span class='ocrx_word' id='word_1_129' title='bbox 3157 1273 3213 1331; x_wconf 75' lang='grc' dir='ltr'>δὲ</span> <span class='ocrx_word' id='word_1_130' title='bbox 3267 1275 3515 1351; x_wconf 72' lang='grc' dir='ltr'>στέρησιν</span> <span class='ocrx_word' id='word_1_131' title='bbox 3586 1276 3789 1353; x_wconf 76' lang='grc' dir='ltr'>ἀμφοῖν</span> 
     </span>
    </p>
   </div>
   <div class='ocr_carea' id='block_1_15' title="bbox 370 1361 3794 1447">
    <p class='ocr_par' dir='ltr' id='par_1_15' title="bbox 370 1361 3794 1447">
     <span class='ocr_line' id='line_1_15' title="bbox 370 1361 3794 1447; baseline -0.001 -24"><span class='ocrx_word' id='word_1_132' title='bbox 370 1366 806 1447; x_wconf 73' lang='grc' dir='ltr'>καταψηφίζεται</span> <span class='ocrx_word' id='word_1_133' title='bbox 835 1371 933 1423; x_wconf 79' lang='grc' dir='ltr'>τοῦ</span> <span class='ocrx_word' id='word_1_134' title='bbox 965 1366 1169 1446; x_wconf 74' lang='grc' dir='ltr'>φωτὸς,</span> <span class='ocrx_word' id='word_1_135' title='bbox 1197 1367 1288 1423; x_wconf 79' lang='grc' dir='ltr'>καὶ</span> <span class='ocrx_word' id='word_1_136' title='bbox 1319 1372 1437 1431; x_wconf 83' lang='grc' dir='ltr'>τοῖς</span> <span class='ocrx_word' id='word_1_137' title='bbox 1472 1367 1565 1441; x_wconf 74' lang='grc' dir='ltr'>μὲν</span> <span class='ocrx_word' id='word_1_138' title='bbox 1624 1363 1951 1438; x_wconf 78' lang='grc' dir='ltr'>ἐσϐέσθησαν</span> <span class='ocrx_word' id='word_1_139' title='bbox 1982 1365 2138 1432; x_wconf 75' lang='grc' dir='ltr'>εὐθὺς</span> <span class='ocrx_word' id='word_1_140' title='bbox 2167 1367 2218 1422; x_wconf 70' lang='grc' dir='ltr'>οἱ</span> <span class='ocrx_word' id='word_1_141' title='bbox 2277 1366 2475 1444; x_wconf 82' lang='grc' dir='ltr'>λύχνοι</span> <span class='ocrx_word' id='word_1_142' title='bbox 2505 1371 2602 1423; x_wconf 82' lang='grc' dir='ltr'>τοῦ</span> <span class='ocrx_word' id='word_1_143' title='bbox 2634 1366 2907 1442; x_wconf 84' lang='grc' dir='ltr'>σώματος.</span> <span class='ocrx_word' id='word_1_144' title='bbox 2967 1369 3001 1437; x_wconf 80' lang='grc' dir='ltr'>ἠ</span> <span class='ocrx_word' id='word_1_145' title='bbox 3063 1363 3108 1421; x_wconf 91' lang='grc' dir='ltr'>δ’</span> <span class='ocrx_word' id='word_1_146' title='bbox 3161 1365 3462 1420; x_wconf 80' lang='grc' dir='ltr'>ἀποστασία</span> <span class='ocrx_word' id='word_1_147' title='bbox 3511 1361 3794 1420; x_wconf 70' lang='grc' dir='ltr'>διελέλυτο</span> 
     </span>
    </p>
   </div>
   <div class='ocr_carea' id='block_1_16' title="bbox 362 1456 578 1514">
    <p class='ocr_par' dir='ltr' id='par_1_16' title="bbox 362 1456 578 1514">
     <span class='ocr_line' id='line_1_16' title="bbox 362 1456 578 1514; baseline 0.005 -1"><span class='ocrx_word' id='word_1_148' title='bbox 362 1456 578 1514; x_wconf 79' lang='grc' dir='ltr'>τέλεον.</span> 
     </span>
    </p>
   </div>
   <div class='ocr_carea' id='block_1_17' title="bbox 438 1547 814 1623">
    <p class='ocr_par' dir='ltr' id='par_1_17' title="bbox 438 1547 814 1623">
     <span class='ocr_line' id='line_1_17' title="bbox 438 1547 814 1623; baseline -0.005 -20"><span class='ocrx_word' id='word_1_149' title='bbox 438 1548 564 1604; x_wconf 88' lang='grc' dir='ltr'>ΚΔ’.</span> <span class='ocrx_word' id='word_1_150' title='bbox 627 1547 814 1623; x_wconf 86' lang='grc' dir='ltr'>Μέχρι</span> 
     </span>
    </p>
   </div>
   <div class='ocr_carea' id='block_1_18' title="bbox 363 1630 2028 1712">
    <p class='ocr_par' dir='ltr' id='par_1_18' title="bbox 363 1630 2028 1712">
     <span class='ocr_line' id='line_1_18' title="bbox 363 1630 2028 1712; baseline -0.001 -22"><span class='ocrx_word' id='word_1_151' title='bbox 363 1633 541 1712; x_wconf 85' lang='grc' dir='ltr'>λόγος</span> <span class='ocrx_word' id='word_1_152' title='bbox 603 1633 1029 1711; x_wconf 74' lang='grc' dir='ltr'>διηγησάμενος,</span> <span class='ocrx_word' id='word_1_153' title='bbox 1084 1630 1442 1708; x_wconf 74' lang='grc' dir='ltr'>μεταϐήσεται</span> <span class='ocrx_word' id='word_1_154' title='bbox 1495 1640 1586 1690; x_wconf 75' lang='grc' dir='ltr'>νῦν</span> <span class='ocrx_word' id='word_1_155' title='bbox 1646 1635 1784 1710; x_wconf 81' lang='grc' dir='ltr'>πρὸς</span> <span class='ocrx_word' id='word_1_156' title='bbox 1848 1634 2028 1710; x_wconf 81' lang='grc' dir='ltr'>μάχας</span> 
     </span>
    </p>
   </div>
   <div class='ocr_carea' id='block_1_19' title="bbox 369 1720 2027 1802">
    <p class='ocr_par' dir='ltr' id='par_1_19' title="bbox 369 1720 2027 1802">
     <span class='ocr_line' id='line_1_19' title="bbox 369 1720 2027 1802; baseline -0.001 -22"><span class='ocrx_word' id='word_1_157' title='bbox 369 1720 735 1802; x_wconf 75' lang='grc' dir='ltr'>βαρϐαρικάς.</span> <span class='ocrx_word' id='word_1_158' title='bbox 793 1722 1106 1801; x_wconf 87' lang='grc' dir='ltr'>Προκείσθω</span> <span class='ocrx_word' id='word_1_159' title='bbox 1138 1722 1195 1780; x_wconf 71' lang='grc' dir='ltr'>δὲ</span> <span class='ocrx_word' id='word_1_160' title='bbox 1248 1729 1357 1779; x_wconf 88' lang='grc' dir='ltr'>τῶν</span> <span class='ocrx_word' id='word_1_161' title='bbox 1417 1723 1604 1781; x_wconf 72' lang='grc' dir='ltr'>ἄλλων</span> <span class='ocrx_word' id='word_1_162' title='bbox 1661 1729 1770 1780; x_wconf 86' lang='grc' dir='ltr'>τῶν</span> <span class='ocrx_word' id='word_1_163' title='bbox 1828 1725 2027 1794; x_wconf 79' lang='grc' dir='ltr'>Ῥὼςή</span> 
     </span>
    </p>
   </div>
   <div class='ocr_carea' id='block_1_20' title="bbox 367 1811 2028 1879">
    <p class='ocr_par' dir='ltr' id='par_1_20' title="bbox 367 1811 2028 1879">
     <span class='ocr_line' id='line_1_20' title="bbox 367 1811 2028 1879; baseline -0.002 -9"><span class='ocrx_word' id='word_1_164' title='bbox 367 1814 692 1877; x_wconf 68' lang='grc' dir='ltr'>ὶπέλευσις,</span> <span class='ocrx_word' id='word_1_165' title='bbox 754 1818 924 1870; x_wconf 77' lang='grc' dir='ltr'>Τοῦτο</span> <span class='ocrx_word' id='word_1_166' title='bbox 976 1813 1039 1868; x_wconf 85' lang='grc' dir='ltr'>τὸ</span> <span class='ocrx_word' id='word_1_167' title='bbox 1098 1811 1250 1879; x_wconf 81' lang='grc' dir='ltr'>ἔθνος</span> <span class='ocrx_word' id='word_1_168' title='bbox 1307 1814 1398 1869; x_wconf 82' lang='grc' dir='ltr'>καὶ</span> <span class='ocrx_word' id='word_1_169' title='bbox 1456 1812 1657 1870; x_wconf 78' lang='grc' dir='ltr'>ἄλλοτε</span> <span class='ocrx_word' id='word_1_170' title='bbox 1710 1812 2028 1876; x_wconf 82' lang='grc' dir='ltr'>πλειστάκις</span> 
     </span>
    </p>
   </div>
   <div class='ocr_carea' id='block_1_21' title="bbox 363 1901 2026 1980">
    <p class='ocr_par' dir='ltr' id='par_1_21' title="bbox 363 1901 2026 1980">
     <span class='ocr_line' id='line_1_21' title="bbox 363 1901 2026 1980; baseline -0.002 -20"><span class='ocrx_word' id='word_1_171' title='bbox 363 1905 510 1960; x_wconf 69' lang='grc' dir='ltr'>κατὰ</span> <span class='ocrx_word' id='word_1_172' title='bbox 583 1903 872 1977; x_wconf 81' lang='grc' dir='ltr'>Ῥωμαίων</span> <span class='ocrx_word' id='word_1_173' title='bbox 951 1902 1180 1980; x_wconf 68' lang='grc' dir='ltr'>ἐγένετο,</span> <span class='ocrx_word' id='word_1_174' title='bbox 1251 1905 1480 1976; x_wconf 67' lang='grc' dir='ltr'>ἡττηθὲν</span> <span class='ocrx_word' id='word_1_175' title='bbox 1559 1901 1635 1976; x_wconf 71' lang='grc' dir='ltr'>δὲ,</span> <span class='ocrx_word' id='word_1_176' title='bbox 1706 1902 1864 1966; x_wconf 90' lang='grc' dir='ltr'>τέλος</span> <span class='ocrx_word' id='word_1_177' title='bbox 1938 1901 2026 1957; x_wconf 79' lang='grc' dir='ltr'>καὶ</span> 
     </span>
    </p>
   </div>
   <div class='ocr_carea' id='block_1_22' title="bbox 365 1990 2028 2068">
    <p class='ocr_par' dir='ltr' id='par_1_22' title="bbox 365 1990 2028 2068">
     <span class='ocr_line' id='line_1_22' title="bbox 365 1990 2028 2068; baseline -0.002 -19"><span class='ocrx_word' id='word_1_178' title='bbox 365 1990 610 2056; x_wconf 80' lang='grc' dir='ltr'>σπδνδὰς</span> <span class='ocrx_word' id='word_1_179' title='bbox 668 1992 941 2063; x_wconf 88' lang='grc' dir='ltr'>πεποίητο</span> <span class='ocrx_word' id='word_1_180' title='bbox 994 1992 1132 2068; x_wconf 86' lang='grc' dir='ltr'>πρὸς</span> <span class='ocrx_word' id='word_1_181' title='bbox 1187 1993 1494 2065; x_wconf 80' lang='grc' dir='ltr'>Ῥωμαίους</span> <span class='ocrx_word' id='word_1_182' title='bbox 1547 1994 1637 2048; x_wconf 87' lang='grc' dir='ltr'>καὶ</span> <span class='ocrx_word' id='word_1_183' title='bbox 1695 1990 1889 2062; x_wconf 81' lang='grc' dir='ltr'>κῆδος,</span> <span class='ocrx_word' id='word_1_184' title='bbox 1942 1991 2028 2046; x_wconf 74' lang='grc' dir='ltr'>ῗνα</span> 
     </span>
    </p>
   </div>
   <div class='ocr_carea' id='block_1_23' title="bbox 367 2078 2022 2158">
    <p class='ocr_par' dir='ltr' id='par_1_23' title="bbox 367 2078 2022 2158">
     <span class='ocr_line' id='line_1_23' title="bbox 367 2078 2022 2158; baseline -0.001 -21"><span class='ocrx_word' id='word_1_185' title='bbox 367 2079 461 2137; x_wconf 80' lang='grc' dir='ltr'>διὰ</span> <span class='ocrx_word' id='word_1_186' title='bbox 491 2083 593 2151; x_wconf 73' lang='grc' dir='ltr'>τὴν</span> <span class='ocrx_word' id='word_1_187' title='bbox 623 2079 935 2157; x_wconf 70' lang='grc' dir='ltr'>ἀγχιστείαν</span> <span class='ocrx_word' id='word_1_188' title='bbox 968 2081 1104 2157; x_wconf 84' lang='grc' dir='ltr'>πρὸς</span> <span class='ocrx_word' id='word_1_189' title='bbox 1166 2081 1423 2155; x_wconf 80' lang='grc' dir='ltr'>ὁμόνοιαν</span> <span class='ocrx_word' id='word_1_190' title='bbox 1456 2083 1522 2136; x_wconf 67' lang='grc' dir='ltr'>τά</span> <span class='ocrx_word' id='word_1_191' title='bbox 1550 2081 1676 2158; x_wconf 87' lang='grc' dir='ltr'>γένη</span> <span class='ocrx_word' id='word_1_192' title='bbox 1725 2078 2022 2149; x_wconf 84' lang='grc' dir='ltr'>συνδέοιτο,</span> 
     </span>
    </p>
   </div>
   <div class='ocr_carea' id='block_1_24' title="bbox 363 2168 2021 2248">
    <p class='ocr_par' dir='ltr' id='par_1_24' title="bbox 363 2168 2021 2248">
     <span class='ocr_line' id='line_1_24' title="bbox 363 2168 2021 2248; baseline -0.002 -22"><span class='ocrx_word' id='word_1_193' title='bbox 363 2172 458 2227; x_wconf 79' lang='grc' dir='ltr'>καὶ</span> <span class='ocrx_word' id='word_1_194' title='bbox 518 2172 648 2248; x_wconf 83' lang='grc' dir='ltr'>παρ’</span> <span class='ocrx_word' id='word_1_195' title='bbox 717 2168 1000 2241; x_wconf 80' lang='grc' dir='ltr'>ἀλλήλους</span> <span class='ocrx_word' id='word_1_196' title='bbox 1050 2169 1276 2248; x_wconf 76' lang='grc' dir='ltr'>ἐφοίτων</span> <span class='ocrx_word' id='word_1_197' title='bbox 1338 2169 1795 2248; x_wconf 80' lang='grc' dir='ltr'>ἐμπορευόμενοι.</span> <span class='ocrx_word' id='word_1_198' title='bbox 1851 2174 2021 2226; x_wconf 82' lang='grc' dir='ltr'>Ἦσαν</span> 
     </span>
    </p>
   </div>
   <div class='ocr_carea' id='block_1_25' title="bbox 364 2257 2021 2335">
    <p class='ocr_par' dir='ltr' id='par_1_25' title="bbox 364 2257 2021 2335">
     <span class='ocr_line' id='line_1_25' title="bbox 364 2257 2021 2335; baseline -0.001 -21"><span class='ocrx_word' id='word_1_199' title='bbox 364 2258 462 2314; x_wconf 78' lang='grc' dir='ltr'>οὗν</span> <span class='ocrx_word' id='word_1_200' title='bbox 525 2261 612 2315; x_wconf 76' lang='grc' dir='ltr'>καὶ</span> <span class='ocrx_word' id='word_1_201' title='bbox 671 2259 792 2314; x_wconf 85' lang='grc' dir='ltr'>τότε</span> <span class='ocrx_word' id='word_1_202' title='bbox 816 2261 1185 2334; x_wconf 77' lang='grc' dir='ltr'>Ταυροσκῢθαι</span> <span class='ocrx_word' id='word_1_203' title='bbox 1216 2257 1424 2315; x_wconf 67' lang='grc' dir='ltr'>πολλοὶ</span> <span class='ocrx_word' id='word_1_204' title='bbox 1452 2261 1595 2334; x_wconf 84' lang='grc' dir='ltr'>παρὰ</span> <span class='ocrx_word' id='word_1_205' title='bbox 1623 2263 1692 2335; x_wconf 80' lang='grc' dir='ltr'>τῇ</span> <span class='ocrx_word' id='word_1_206' title='bbox 1733 2265 2021 2316; x_wconf 86' lang='grc' dir='ltr'>Κωνσταν-</span> 
     </span>
    </p>
   </div>
   <div class='ocr_carea' id='block_1_26' title="bbox 355 2346 2021 2424">
    <p class='ocr_par' dir='ltr' id='par_1_26' title="bbox 355 2346 2021 2424">
     <span class='ocr_line' id='line_1_26' title="bbox 355 2346 2021 2424; baseline -0.003 -17"><span class='ocrx_word' id='word_1_207' title='bbox 355 2351 542 2420; x_wconf 83' lang='grc' dir='ltr'>τίνου,</span> <span class='ocrx_word' id='word_1_208' title='bbox 599 2352 667 2406; x_wconf 68' lang='grc' dir='ltr'>τὲ</span> <span class='ocrx_word' id='word_1_209' title='bbox 721 2351 849 2421; x_wconf 79' lang='grc' dir='ltr'>παρ’</span> <span class='ocrx_word' id='word_1_210' title='bbox 907 2350 1109 2404; x_wconf 75' lang='grc' dir='ltr'>ἑαυτῶν</span> <span class='ocrx_word' id='word_1_211' title='bbox 1159 2346 1570 2423; x_wconf 81' lang='grc' dir='ltr'>ἀποδιδόμενοι,</span> <span class='ocrx_word' id='word_1_212' title='bbox 1627 2351 1717 2405; x_wconf 87' lang='grc' dir='ltr'>καὶ</span> <span class='ocrx_word' id='word_1_213' title='bbox 1771 2351 1839 2405; x_wconf 74' lang='grc' dir='ltr'>τὰ</span> <span class='ocrx_word' id='word_1_214' title='bbox 1893 2349 2021 2424; x_wconf 86' lang='grc' dir='ltr'>παρ’</span> 
     </span>
    </p>
   </div>
   <div class='ocr_carea' id='block_1_27' title="bbox 353 2432 2015 2515">
    <p class='ocr_par' dir='ltr' id='par_1_27' title="bbox 353 2432 2015 2515">
     <span class='ocr_line' id='line_1_27' title="bbox 353 2432 2015 2515; baseline 0 -21"><span class='ocrx_word' id='word_1_215' title='bbox 353 2441 503 2515; x_wconf 72' lang='grc' dir='ltr'>ἡμῖν</span> <span class='ocrx_word' id='word_1_216' title='bbox 536 2437 952 2514; x_wconf 85' lang='grc' dir='ltr'>ἀντωνούμενοι·</span> <span class='ocrx_word' id='word_1_217' title='bbox 1014 2435 1223 2509; x_wconf 77' lang='grc' dir='ltr'>Συνέϐη</span> <span class='ocrx_word' id='word_1_218' title='bbox 1284 2436 1340 2494; x_wconf 88' lang='grc' dir='ltr'>δέ</span> <span class='ocrx_word' id='word_1_219' title='bbox 1366 2461 1474 2494; x_wconf 91' lang='grc' dir='ltr'>τισι</span> <span class='ocrx_word' id='word_1_220' title='bbox 1504 2445 1613 2494; x_wconf 84' lang='grc' dir='ltr'>τῶν</span> <span class='ocrx_word' id='word_1_221' title='bbox 1649 2443 1869 2504; x_wconf 85' lang='grc' dir='ltr'>Σκυθῶν</span> <span class='ocrx_word' id='word_1_222' title='bbox 1907 2432 2015 2513; x_wconf 76' lang='grc' dir='ltr'>ἔριν</span> 
     </span>
    </p>
   </div>
   <div class='ocr_carea' id='block_1_28' title="bbox 350 2527 2016 2605">
    <p class='ocr_par' dir='ltr' id='par_1_28' title="bbox 350 2527 2016 2605">
     <span class='ocr_line' id='line_1_28' title="bbox 350 2527 2016 2605; baseline -0.001 -21"><span class='ocrx_word' id='word_1_223' title='bbox 350 2531 612 2604; x_wconf 83' lang='grc' dir='ltr'>γενέσθαι</span> <span class='ocrx_word' id='word_1_224' title='bbox 670 2529 807 2605; x_wconf 85' lang='grc' dir='ltr'>πρὸς</span> <span class='ocrx_word' id='word_1_225' title='bbox 874 2528 1180 2602; x_wconf 83' lang='grc' dir='ltr'>Ῥωμαίους</span> <span class='ocrx_word' id='word_1_226' title='bbox 1236 2528 1410 2596; x_wconf 68' lang='grc' dir='ltr'>τινὲς,</span> <span class='ocrx_word' id='word_1_227' title='bbox 1441 2529 1650 2605; x_wconf 75' lang='grc' dir='ltr'>πληγαὶ</span> <span class='ocrx_word' id='word_1_228' title='bbox 1713 2527 1759 2584; x_wconf 84' lang='grc' dir='ltr'>δ’</span> <span class='ocrx_word' id='word_1_229' title='bbox 1816 2529 2016 2598; x_wconf 77' lang='grc' dir='ltr'>ἐπηκο-</span> 
     </span>
    </p>
   </div>
   <div class='ocr_carea' id='block_1_29' title="bbox 349 2617 2015 2694">
    <p class='ocr_par' dir='ltr' id='par_1_29' title="bbox 349 2617 2015 2694">
     <span class='ocr_line' id='line_1_29' title="bbox 349 2617 2015 2694; baseline -0.001 -20"><span class='ocrx_word' id='word_1_230' title='bbox 349 2617 593 2675; x_wconf 81' lang='grc' dir='ltr'>λούθουν</span> <span class='ocrx_word' id='word_1_231' title='bbox 652 2617 822 2694; x_wconf 76' lang='grc' dir='ltr'>ταύτῃ</span> <span class='ocrx_word' id='word_1_232' title='bbox 876 2617 966 2672; x_wconf 76' lang='grc' dir='ltr'>καὶ</span> <span class='ocrx_word' id='word_1_233' title='bbox 1009 2617 1338 2693; x_wconf 79' lang='grc' dir='ltr'>τραύματα,</span> <span class='ocrx_word' id='word_1_234' title='bbox 1396 2623 1512 2680; x_wconf 87' lang='grc' dir='ltr'>τοῖς</span> <span class='ocrx_word' id='word_1_235' title='bbox 1567 2618 1625 2673; x_wconf 81' lang='grc' dir='ltr'>δὶ</span> <span class='ocrx_word' id='word_1_236' title='bbox 1682 2619 2015 2694; x_wconf 84' lang='grc' dir='ltr'>παρείποντο</span> 
     </span>
    </p>
   </div>
   <div class='ocr_carea' id='block_1_30' title="bbox 351 2707 2014 2781">
    <p class='ocr_par' dir='ltr' id='par_1_30' title="bbox 351 2707 2014 2781">
     <span class='ocr_line' id='line_1_30' title="bbox 351 2707 2014 2781; baseline -0.001 -19"><span class='ocrx_word' id='word_1_237' title='bbox 351 2707 601 2776; x_wconf 81' lang='grc' dir='ltr'>θάνατοι,</span> <span class='ocrx_word' id='word_1_238' title='bbox 649 2707 737 2761; x_wconf 86' lang='grc' dir='ltr'>καὶ</span> <span class='ocrx_word' id='word_1_239' title='bbox 799 2711 914 2768; x_wconf 83' lang='grc' dir='ltr'>τοῖς</span> <span class='ocrx_word' id='word_1_240' title='bbox 947 2711 1160 2770; x_wconf 79' lang='grc' dir='ltr'>θανοῦσι</span> <span class='ocrx_word' id='word_1_241' title='bbox 1207 2707 1296 2762; x_wconf 75' lang='grc' dir='ltr'>καὶ</span> <span class='ocrx_word' id='word_1_242' title='bbox 1359 2710 1435 2769; x_wconf 81' lang='grc' dir='ltr'>εἷς</span> <span class='ocrx_word' id='word_1_243' title='bbox 1463 2729 1548 2770; x_wconf 87' lang='grc' dir='ltr'>τις</span> <span class='ocrx_word' id='word_1_244' title='bbox 1574 2713 1681 2763; x_wconf 86' lang='grc' dir='ltr'>τῶν</span> <span class='ocrx_word' id='word_1_245' title='bbox 1727 2707 2014 2781; x_wconf 75' lang='grc' dir='ltr'>ἐπισήμων</span> 
     </span>
    </p>
   </div>
   <div class='ocr_carea' id='block_1_31' title="bbox 351 2793 2014 2873">
    <p class='ocr_par' dir='ltr' id='par_1_31' title="bbox 351 2793 2014 2873">
     <span class='ocr_line' id='line_1_31' title="bbox 351 2793 2014 2873; baseline -0.002 -19"><span class='ocrx_word' id='word_1_246' title='bbox 351 2799 484 2873; x_wconf 85' lang='grc' dir='ltr'>παρ’</span> <span class='ocrx_word' id='word_1_247' title='bbox 543 2795 730 2860; x_wconf 77' lang='grc' dir='ltr'>αὐτοῖς</span> <span class='ocrx_word' id='word_1_248' title='bbox 790 2795 1186 2870; x_wconf 83' lang='grc' dir='ltr'>συνηρίθμητο.</span> <span class='ocrx_word' id='word_1_249' title='bbox 1245 2797 1419 2853; x_wconf 75' lang='grc' dir='ltr'>Τοῦτο</span> <span class='ocrx_word' id='word_1_250' title='bbox 1448 2796 1527 2869; x_wconf 81' lang='grc' dir='ltr'>τῷ</span> <span class='ocrx_word' id='word_1_251' title='bbox 1567 2799 1667 2863; x_wconf 77' lang='grc' dir='ltr'>τῆς</span> <span class='ocrx_word' id='word_1_252' title='bbox 1695 2797 1885 2873; x_wconf 85' lang='grc' dir='ltr'>χώρας</span> <span class='ocrx_word' id='word_1_253' title='bbox 1917 2793 2014 2873; x_wconf 75' lang='grc' dir='ltr'>ἅρ-</span> 
     </span>
    </p>
   </div>
   <div class='ocr_carea' id='block_1_32' title="bbox 361 2883 2090 2993">
    <p class='ocr_par' dir='ltr' id='par_1_32' title="bbox 361 2883 2090 2993">
     <span class='ocr_line' id='line_1_32' title="bbox 361 2883 2090 2993; baseline 0 -51"><span class='ocrx_word' id='word_1_254' title='bbox 361 2905 518 2962; x_wconf 72' lang='grc' dir='ltr'>χοντι</span> <span class='ocrx_word' id='word_1_255' title='bbox 569 2883 857 2993; x_wconf 46' lang='grc' dir='ltr'>πρόφασις</span> <span class='ocrx_word' id='word_1_256' title='bbox 885 2890 983 2951; x_wconf 77' lang='grc' dir='ltr'>τῆς</span> <span class='ocrx_word' id='word_1_257' title='bbox 1040 2888 1408 2960; x_wconf 81' lang='grc' dir='ltr'>συγκινήσεως</span> <span class='ocrx_word' id='word_1_258' title='bbox 1459 2888 1576 2942; x_wconf 87' lang='grc' dir='ltr'>καθ’</span> <span class='ocrx_word' id='word_1_259' title='bbox 1605 2890 1764 2960; x_wconf 82' lang='grc' dir='ltr'>ἡμῶν</span> <span class='ocrx_word' id='word_1_260' title='bbox 1798 2888 2008 2963; x_wconf 86' lang='grc' dir='ltr'>γέγονε,</span> <span class='ocrx_word' id='word_1_261' title='bbox 2043 2929 2090 2993; x_wconf 72' lang='grc' dir='ltr'><strong>Β</strong></span> 
     </span>
    </p>
   </div>
   <div class='ocr_carea' id='block_1_33' title="bbox 371 2974 2014 3051">
    <p class='ocr_par' dir='ltr' id='par_1_33' title="bbox 371 2974 2014 3051">
     <span class='ocr_line' id='line_1_33' title="bbox 371 2974 2014 3051; baseline -0.001 -20"><span class='ocrx_word' id='word_1_262' title='bbox 371 2978 456 3031; x_wconf 74' lang='grc' dir='ltr'>καὶ</span> <span class='ocrx_word' id='word_1_263' title='bbox 527 2975 718 3031; x_wconf 75' lang='grc' dir='ltr'>αὐτίκα</span> <span class='ocrx_word' id='word_1_264' title='bbox 791 2975 964 3030; x_wconf 83' lang='grc' dir='ltr'>πλοῖα</span> <span class='ocrx_word' id='word_1_265' title='bbox 1036 2975 1478 3049; x_wconf 74' lang='grc' dir='ltr'>συμπηξάμενος,</span> <span class='ocrx_word' id='word_1_266' title='bbox 1555 2974 1588 3030; x_wconf 80' lang='grc' dir='ltr'>ἃ</span> <span class='ocrx_word' id='word_1_267' title='bbox 1645 2977 1772 3051; x_wconf 89' lang='grc' dir='ltr'>παρ’</span> <span class='ocrx_word' id='word_1_268' title='bbox 1829 2975 2014 3038; x_wconf 69' lang='grc' dir='ltr'>αὐτοῖς</span> 
     </span>
    </p>
   </div>
   <div class='ocr_carea' id='block_1_34' title="bbox 377 3060 2015 3142">
    <p class='ocr_par' dir='ltr' id='par_1_34' title="bbox 377 3060 2015 3142">
     <span class='ocr_line' id='line_1_34' title="bbox 377 3060 2015 3142; baseline -0.001 -22"><span class='ocrx_word' id='word_1_269' title='bbox 377 3063 641 3139; x_wconf 67' lang='grc' dir='ltr'>μονόξυλα</span> <span class='ocrx_word' id='word_1_270' title='bbox 671 3061 952 3138; x_wconf 80' lang='grc' dir='ltr'>λέγονται,</span> <span class='ocrx_word' id='word_1_271' title='bbox 1014 3063 1222 3142; x_wconf 80' lang='grc' dir='ltr'>σφόδρα</span> <span class='ocrx_word' id='word_1_272' title='bbox 1249 3062 1456 3134; x_wconf 82' lang='grc' dir='ltr'>πολλὰ,</span> <span class='ocrx_word' id='word_1_273' title='bbox 1489 3065 1578 3120; x_wconf 79' lang='grc' dir='ltr'>καὶ</span> <span class='ocrx_word' id='word_1_274' title='bbox 1609 3065 1828 3128; x_wconf 76' lang='grc' dir='ltr'>τούτοις</span> <span class='ocrx_word' id='word_1_275' title='bbox 1857 3060 2015 3139; x_wconf 67' lang='grc' dir='ltr'>ἐμϐι-</span> 
     </span>
    </p>
   </div>
   <div class='ocr_carea' id='block_1_35' title="bbox 366 3149 2014 3232">
    <p class='ocr_par' dir='ltr' id='par_1_35' title="bbox 366 3149 2014 3232">
     <span class='ocr_line' id='line_1_35' title="bbox 366 3149 2014 3232; baseline 0 -23"><span class='ocrx_word' id='word_1_276' title='bbox 366 3149 532 3218; x_wconf 71' lang='grc' dir='ltr'>ϐάσας</span> <span class='ocrx_word' id='word_1_277' title='bbox 589 3151 810 3224; x_wconf 83' lang='grc' dir='ltr'>πλῆθος</span> <span class='ocrx_word' id='word_1_278' title='bbox 875 3154 1274 3228; x_wconf 82' lang='grc' dir='ltr'>ὑπερεκπίπτον</span> <span class='ocrx_word' id='word_1_279' title='bbox 1332 3151 1525 3230; x_wconf 82' lang='grc' dir='ltr'>σχεδόν</span> <span class='ocrx_word' id='word_1_280' title='bbox 1559 3175 1610 3209; x_wconf 87' lang='grc' dir='ltr'>τι</span> <span class='ocrx_word' id='word_1_281' title='bbox 1641 3153 1729 3210; x_wconf 81' lang='grc' dir='ltr'>καὶ</span> <span class='ocrx_word' id='word_1_282' title='bbox 1759 3154 2014 3232; x_wconf 86' lang='grc' dir='ltr'>ἀριθμὸν,</span> 
     </span>
    </p>
   </div>
   <div class='ocr_carea' id='block_1_36' title="bbox 352 3241 2015 3320">
    <p class='ocr_par' dir='ltr' id='par_1_36' title="bbox 352 3241 2015 3320">
     <span class='ocr_line' id='line_1_36' title="bbox 352 3241 2015 3320; baseline 0 -22"><span class='ocrx_word' id='word_1_283' title='bbox 352 3241 666 3316; x_wconf 73' lang='grc' dir='ltr'>ἀκήρυκτον</span> <span class='ocrx_word' id='word_1_284' title='bbox 723 3241 1019 3316; x_wconf 82' lang='grc' dir='ltr'>Ῥωμαίοις</span> <span class='ocrx_word' id='word_1_285' title='bbox 1075 3242 1314 3298; x_wconf 77' lang='grc' dir='ltr'>έπέσεισε</span> <span class='ocrx_word' id='word_1_286' title='bbox 1370 3242 1636 3318; x_wconf 84' lang='grc' dir='ltr'>πόλεμον,</span> <span class='ocrx_word' id='word_1_287' title='bbox 1688 3243 2015 3320; x_wconf 79' lang='grc' dir='ltr'>καὶγίνεται</span> 
     </span>
    </p>
   </div>
   <div class='ocr_carea' id='block_1_37' title="bbox 347 3326 2017 3409">
    <p class='ocr_par' dir='ltr' id='par_1_37' title="bbox 347 3326 2017 3409">
     <span class='ocr_line' id='line_1_37' title="bbox 347 3326 2017 3409; baseline 0.001 -22"><span class='ocrx_word' id='word_1_288' title='bbox 347 3337 455 3401; x_wconf 76' lang='grc' dir='ltr'>τῆς</span> <span class='ocrx_word' id='word_1_289' title='bbox 493 3329 866 3408; x_wconf 85' lang='grc' dir='ltr'>Προποντίδος</span> <span class='ocrx_word' id='word_1_290' title='bbox 920 3331 1088 3393; x_wconf 79' lang='grc' dir='ltr'>ἐντός.</span> <span class='ocrx_word' id='word_1_291' title='bbox 1148 3333 1234 3395; x_wconf 81' lang='grc' dir='ltr'>Ὧς</span> <span class='ocrx_word' id='word_1_292' title='bbox 1264 3330 1311 3387; x_wconf 88' lang='grc' dir='ltr'>δ’</span> <span class='ocrx_word' id='word_1_293' title='bbox 1369 3326 1510 3409; x_wconf 76' lang='grc' dir='ltr'>ἔγνω</span> <span class='ocrx_word' id='word_1_294' title='bbox 1547 3335 1646 3404; x_wconf 69' lang='grc' dir='ltr'>τὴν</span> <span class='ocrx_word' id='word_1_295' title='bbox 1677 3331 1954 3389; x_wconf 86' lang='grc' dir='ltr'>έπέλευσιν</span> <span class='ocrx_word' id='word_1_296' title='bbox 1990 3335 2017 3389; x_wconf 85' lang='grc' dir='ltr'>ὁ</span> 
     </span>
    </p>
   </div>
   <div class='ocr_carea' id='block_1_38' title="bbox 347 3418 2016 3500">
    <p class='ocr_par' dir='ltr' id='par_1_38' title="bbox 347 3418 2016 3500">
     <span class='ocr_line' id='line_1_38' title="bbox 347 3418 2016 3500; baseline 0 -22"><span class='ocrx_word' id='word_1_297' title='bbox 347 3425 620 3496; x_wconf 85' lang='grc' dir='ltr'>κρατῶν,</span> <span class='ocrx_word' id='word_1_298' title='bbox 681 3418 902 3476; x_wconf 89' lang='grc' dir='ltr'>σσέλλει</span> <span class='ocrx_word' id='word_1_299' title='bbox 958 3422 1086 3496; x_wconf 82' lang='grc' dir='ltr'>παρ’</span> <span class='ocrx_word' id='word_1_300' title='bbox 1145 3421 1328 3484; x_wconf 78' lang='grc' dir='ltr'>αὐτοῖς</span> <span class='ocrx_word' id='word_1_301' title='bbox 1385 3422 1512 3485; x_wconf 72' lang='grc' dir='ltr'>τοὺς</span> <span class='ocrx_word' id='word_1_302' title='bbox 1569 3419 2016 3500; x_wconf 73' lang='grc' dir='ltr'>πρεσϐεύσοντας,</span> 
     </span>
    </p>
   </div>
   <div class='ocr_carea' id='block_1_39' title="bbox 345 3510 2018 3589">
    <p class='ocr_par' dir='ltr' id='par_1_39' title="bbox 345 3510 2018 3589">
     <span class='ocr_line' id='line_1_39' title="bbox 345 3510 2018 3589; baseline 0.001 -23"><span class='ocrx_word' id='word_1_303' title='bbox 345 3512 680 3575; x_wconf 71' lang='grc' dir='ltr'>καταθέσθαι</span> <span class='ocrx_word' id='word_1_304' title='bbox 724 3511 790 3565; x_wconf 76' lang='grc' dir='ltr'>τά</span> <span class='ocrx_word' id='word_1_305' title='bbox 838 3510 982 3564; x_wconf 84' lang='grc' dir='ltr'>δπλα</span> <span class='ocrx_word' id='word_1_306' title='bbox 1014 3515 1168 3588; x_wconf 69' lang='grc' dir='ltr'>σφᾶς,</span> <span class='ocrx_word' id='word_1_307' title='bbox 1220 3511 1297 3574; x_wconf 86' lang='grc' dir='ltr'>ὡς</span> <span class='ocrx_word' id='word_1_308' title='bbox 1353 3511 1587 3585; x_wconf 65' lang='grc' dir='ltr'>ἑτοίμως</span> <span class='ocrx_word' id='word_1_309' title='bbox 1641 3517 1738 3567; x_wconf 77' lang='grc' dir='ltr'>τοῦ</span> <span class='ocrx_word' id='word_1_310' title='bbox 1799 3511 2018 3589; x_wconf 84' lang='grc' dir='ltr'>βασιλέ-</span> 
     </span>
    </p>
   </div>
   <div class='ocr_carea' id='block_1_40' title="bbox 351 3597 2018 3676">
    <p class='ocr_par' dir='ltr' id='par_1_40' title="bbox 351 3597 2018 3676">
     <span class='ocr_line' id='line_1_40' title="bbox 351 3597 2018 3676; baseline 0.001 -19"><span class='ocrx_word' id='word_1_311' title='bbox 351 3622 452 3670; x_wconf 87' lang='grc' dir='ltr'>ως,</span> <span class='ocrx_word' id='word_1_312' title='bbox 518 3598 573 3656; x_wconf 73' lang='grc' dir='ltr'>εἷ’</span> <span class='ocrx_word' id='word_1_313' title='bbox 623 3621 676 3654; x_wconf 90' lang='grc' dir='ltr'>τι</span> <span class='ocrx_word' id='word_1_314' title='bbox 731 3597 948 3675; x_wconf 76' lang='grc' dir='ltr'>γέγονεν</span> <span class='ocrx_word' id='word_1_315' title='bbox 1008 3600 1196 3665; x_wconf 79' lang='grc' dir='ltr'>αὐτοῖς</span> <span class='ocrx_word' id='word_1_316' title='bbox 1237 3602 1372 3674; x_wconf 85' lang='grc' dir='ltr'>πρὸς</span> <span class='ocrx_word' id='word_1_317' title='bbox 1417 3600 1620 3671; x_wconf 88' lang='grc' dir='ltr'>λύπην,</span> <span class='ocrx_word' id='word_1_318' title='bbox 1672 3601 2018 3676; x_wconf 76' lang='grc' dir='ltr'>ἱξιασομένου</span> 
     </span>
    </p>
   </div>
   <div class='ocr_carea' id='block_1_41' title="bbox 347 3684 2020 3771">
    <p class='ocr_par' dir='ltr' id='par_1_41' title="bbox 347 3684 2020 3771">
     <span class='ocr_line' id='line_1_41' title="bbox 347 3684 2020 3771; baseline 0.001 -26"><span class='ocrx_word' id='word_1_319' title='bbox 347 3690 447 3746; x_wconf 81' lang='grc' dir='ltr'>καὶ</span> <span class='ocrx_word' id='word_1_320' title='bbox 481 3689 927 3762; x_wconf 78' lang='grc' dir='ltr'>θεραπεύσοντος.</span> <span class='ocrx_word' id='word_1_321' title='bbox 987 3689 1049 3747; x_wconf 86' lang='grc' dir='ltr'>Ὁ</span> <span class='ocrx_word' id='word_1_322' title='bbox 1109 3687 1166 3745; x_wconf 75' lang='grc' dir='ltr'>δὲ</span> <span class='ocrx_word' id='word_1_323' title='bbox 1225 3684 1498 3767; x_wconf 77' lang='grc' dir='ltr'>Βάρϐαρος</span> <span class='ocrx_word' id='word_1_324' title='bbox 1547 3693 1906 3771; x_wconf 73' lang='grc' dir='ltr'>ὑπερηφάνως</span> <span class='ocrx_word' id='word_1_325' title='bbox 1962 3713 2020 3748; x_wconf 86' lang='grc' dir='ltr'>τε</span> 
     </span>
    </p>
   </div>
   <div class='ocr_carea' id='block_1_42' title="bbox 346 3773 2018 3857">
    <p class='ocr_par' dir='ltr' id='par_1_42' title="bbox 346 3773 2018 3857">
     <span class='ocr_line' id='line_1_42' title="bbox 346 3773 2018 3857; baseline 0 -21"><span class='ocrx_word' id='word_1_326' title='bbox 346 3779 490 3841; x_wconf 76' lang='grc' dir='ltr'>τοὺς</span> <span class='ocrx_word' id='word_1_327' title='bbox 542 3773 796 3854; x_wconf 76' lang='grc' dir='ltr'>πρέσϐεις</span> <span class='ocrx_word' id='word_1_328' title='bbox 855 3776 1088 3850; x_wconf 73' lang='grc' dir='ltr'>ἐδέξατο,</span> <span class='ocrx_word' id='word_1_329' title='bbox 1121 3780 1208 3834; x_wconf 83' lang='grc' dir='ltr'>καὶ</span> <span class='ocrx_word' id='word_1_330' title='bbox 1268 3777 1464 3856; x_wconf 89' lang='grc' dir='ltr'>λόγους</span> <span class='ocrx_word' id='word_1_331' title='bbox 1516 3780 1900 3857; x_wconf 82' lang='grc' dir='ltr'>μεγαλαύχους</span> <span class='ocrx_word' id='word_1_332' title='bbox 1927 3781 2018 3836; x_wconf 85' lang='grc' dir='ltr'>καὶ</span> 
     </span>
    </p>
   </div>
   <div class='ocr_carea' id='block_1_43' title="bbox 353 3864 2020 3944">
    <p class='ocr_par' dir='ltr' id='par_1_43' title="bbox 353 3864 2020 3944">
     <span class='ocr_line' id='line_1_43' title="bbox 353 3864 2020 3944; baseline 0.001 -20"><span class='ocrx_word' id='word_1_333' title='bbox 353 3864 634 3944; x_wconf 72' lang='grc' dir='ltr'>σοϐαροὺς</span> <span class='ocrx_word' id='word_1_334' title='bbox 690 3866 1044 3944; x_wconf 80' lang='grc' dir='ltr'>ἐξηρεύξατο,</span> <span class='ocrx_word' id='word_1_335' title='bbox 1107 3867 1195 3922; x_wconf 83' lang='grc' dir='ltr'>καὶ</span> <span class='ocrx_word' id='word_1_336' title='bbox 1256 3869 1463 3942; x_wconf 79' lang='grc' dir='ltr'>ἀτίμως</span> <span class='ocrx_word' id='word_1_337' title='bbox 1527 3869 1722 3934; x_wconf 75' lang='grc' dir='ltr'>αὐτοὺς</span> <span class='ocrx_word' id='word_1_338' title='bbox 1783 3873 2020 3944; x_wconf 82' lang='grc' dir='ltr'>ἀπεπέμ-</span> 
     </span>
    </p>
   </div>
   <div class='ocr_carea' id='block_1_44' title="bbox 356 3957 2017 4036">
    <p class='ocr_par' dir='ltr' id='par_1_44' title="bbox 356 3957 2017 4036">
     <span class='ocr_line' id='line_1_44' title="bbox 356 3957 2017 4036; baseline 0.001 -23"><span class='ocrx_word' id='word_1_339' title='bbox 356 3958 526 4034; x_wconf 76' lang='grc' dir='ltr'>ψατό.</span> <span class='ocrx_word' id='word_1_340' title='bbox 589 3957 889 4035; x_wconf 81' lang='grc' dir='ltr'>Ἀπογνοὺς</span> <span class='ocrx_word' id='word_1_341' title='bbox 944 3957 1124 4013; x_wconf 87' lang='grc' dir='ltr'>τοίνυν</span> <span class='ocrx_word' id='word_1_342' title='bbox 1153 3959 1249 4021; x_wconf 74' lang='grc' dir='ltr'>τὰς</span> <span class='ocrx_word' id='word_1_343' title='bbox 1307 3957 1540 4023; x_wconf 75' lang='grc' dir='ltr'>σπονδάς</span> <span class='ocrx_word' id='word_1_344' title='bbox 1589 3961 1878 4036; x_wconf 81' lang='grc' dir='ltr'>ὁκρατῶν,</span> <span class='ocrx_word' id='word_1_345' title='bbox 1928 3961 2017 4016; x_wconf 85' lang='grc' dir='ltr'>καὶ</span> 
     </span>
    </p>
   </div>
   <div class='ocr_carea' id='block_1_45' title="bbox 355 4046 2016 4125">
    <p class='ocr_par' dir='ltr' id='par_1_45' title="bbox 355 4046 2016 4125">
     <span class='ocr_line' id='line_1_45' title="bbox 355 4046 2016 4125; baseline 0.001 -22"><span class='ocrx_word' id='word_1_346' title='bbox 355 4048 528 4109; x_wconf 77' lang='grc' dir='ltr'>αὐτὸς</span> <span class='ocrx_word' id='word_1_347' title='bbox 582 4047 720 4123; x_wconf 82' lang='grc' dir='ltr'>πρὸς</span> <span class='ocrx_word' id='word_1_348' title='bbox 769 4046 1078 4124; x_wconf 81' lang='grc' dir='ltr'>ναυμαχίαν</span> <span class='ocrx_word' id='word_1_349' title='bbox 1127 4050 1571 4125; x_wconf 79' lang='grc' dir='ltr'>παρεσκευάζετο,</span> <span class='ocrx_word' id='word_1_350' title='bbox 1625 4049 1714 4104; x_wconf 82' lang='grc' dir='ltr'>καὶ</span> <span class='ocrx_word' id='word_1_351' title='bbox 1764 4049 1877 4104; x_wconf 69' lang='grc' dir='ltr'>ἐπεὶ</span> <span class='ocrx_word' id='word_1_352' title='bbox 1939 4051 2016 4124; x_wconf 75' lang='grc' dir='ltr'>μὴ</span> 
     </span>
    </p>
   </div>
   <div class='ocr_carea' id='block_1_46' title="bbox 357 4134 2016 4218">
    <p class='ocr_par' dir='ltr' id='par_1_46' title="bbox 357 4134 2016 4218">
     <span class='ocr_line' id='line_1_46' title="bbox 357 4134 2016 4218; baseline 0.001 -26"><span class='ocrx_word' id='word_1_353' title='bbox 357 4134 526 4214; x_wconf 79' lang='grc' dir='ltr'>ἔτυχε</span> <span class='ocrx_word' id='word_1_354' title='bbox 574 4137 638 4192; x_wconf 86' lang='grc' dir='ltr'>τὸ</span> <span class='ocrx_word' id='word_1_355' title='bbox 667 4138 918 4192; x_wconf 85' lang='grc' dir='ltr'>ναυτικὸν</span> <span class='ocrx_word' id='word_1_356' title='bbox 951 4134 1246 4212; x_wconf 81' lang='grc' dir='ltr'>ἐνδήμοῦν,</span> <span class='ocrx_word' id='word_1_357' title='bbox 1277 4137 1616 4215; x_wconf 68' lang='grc' dir='ltr'>πορρωτάτω</span> <span class='ocrx_word' id='word_1_358' title='bbox 1648 4136 1696 4194; x_wconf 88' lang='grc' dir='ltr'>δ’</span> <span class='ocrx_word' id='word_1_359' title='bbox 1726 4139 1808 4212; x_wconf 77' lang='grc' dir='ltr'>ὃν,</span> <span class='ocrx_word' id='word_1_360' title='bbox 1843 4136 2016 4218; x_wconf 77' lang='grc' dir='ltr'>φυλα-</span> 
     </span>
    </p>
   </div>
   <div class='ocr_carea' id='block_1_47' title="bbox 361 4226 2020 4305">
    <p class='ocr_par' dir='ltr' id='par_1_47' title="bbox 361 4226 2020 4305">
     <span class='ocr_line' id='line_1_47' title="bbox 361 4226 2020 4305; baseline 0.003 -26"><span class='ocrx_word' id='word_1_361' title='bbox 361 4231 481 4290; x_wconf 70' lang='grc' dir='ltr'>καῖς</span> <span class='ocrx_word' id='word_1_362' title='bbox 511 4229 712 4302; x_wconf 83' lang='grc' dir='ltr'>χωρῶν</span> <span class='ocrx_word' id='word_1_363' title='bbox 747 4226 1204 4304; x_wconf 85' lang='grc' dir='ltr'>προσησχόλητο,</span> <span class='ocrx_word' id='word_1_364' title='bbox 1261 4229 1510 4305; x_wconf 73' lang='grc' dir='ltr'>τριήρεις</span> <span class='ocrx_word' id='word_1_365' title='bbox 1535 4229 1683 4290; x_wconf 77' lang='grc' dir='ltr'>τινὰς</span> <span class='ocrx_word' id='word_1_366' title='bbox 1717 4227 1807 4283; x_wconf 83' lang='grc' dir='ltr'>καὶ</span> <span class='ocrx_word' id='word_1_367' title='bbox 1856 4226 2020 4285; x_wconf 82' lang='grc' dir='ltr'>ὁλκά-</span> 
     </span>
    </p>
   </div>
   <div class='ocr_carea' id='block_1_48' title="bbox 900 1543 2017 1623">
    <p class='ocr_par' dir='ltr' id='par_1_48' title="bbox 900 1543 2017 1623">
     <span class='ocr_line' id='line_1_48' title="bbox 900 1543 2017 1623; baseline -0.001 -23"><span class='ocrx_word' id='word_1_368' title='bbox 900 1545 992 1620; x_wconf 76' lang='grc' dir='ltr'>μὶν</span> <span class='ocrx_word' id='word_1_369' title='bbox 1040 1543 1131 1600; x_wconf 76' lang='grc' dir='ltr'>οὖν</span> <span class='ocrx_word' id='word_1_370' title='bbox 1186 1543 1346 1602; x_wconf 76' lang='grc' dir='ltr'>τοῦδε</span> <span class='ocrx_word' id='word_1_371' title='bbox 1404 1543 1584 1623; x_wconf 76' lang='grc' dir='ltr'>μάχας</span> <span class='ocrx_word' id='word_1_372' title='bbox 1640 1544 1938 1622; x_wconf 79' lang='grc' dir='ltr'>ἐμφυλίους</span> <span class='ocrx_word' id='word_1_373' title='bbox 1996 1546 2017 1599; x_wconf 79' lang='grc' dir='ltr'>ὁ</span> 
     </span>
    </p>
   </div>
   <div class='ocr_carea' id='block_1_49' title="bbox 2129 1543 3788 1623">
    <p class='ocr_par' dir='ltr' id='par_1_49' title="bbox 2211 1544 3788 1607">
     <span class='ocr_line' id='line_1_49' title="bbox 2211 1544 3788 1607; baseline -0.001 -5"><span class='ocrx_word' id='word_1_374' title='bbox 2211 1549 2400 1607; x_wconf 84' lang='lat' dir='ltr'>XXIV.</span> <span class='ocrx_word' id='word_1_375' title='bbox 2414 1549 2999 1605; x_wconf 88' lang='lat' dir='ltr'>Hactenusintestina</span> <span class='ocrx_word' id='word_1_376' title='bbox 3012 1547 3162 1604; x_wconf 90' lang='lat' dir='ltr'>bella</span> <span class='ocrx_word' id='word_1_377' title='bbox 3175 1544 3686 1603; x_wconf 88' lang='lat' dir='ltr'>commemoravim</span> <span class='ocrx_word' id='word_1_378' title='bbox 3699 1563 3788 1601; x_wconf 91' lang='lat' dir='ltr'>us.</span> 
     </span>
    </p>
   </div>
   <div class='ocr_carea' id='block_1_50' title="bbox 2139 1635 3787 1704">
    <p class='ocr_par' dir='ltr' id='par_1_50' title="bbox 2139 1635 3787 1704">
     <span class='ocr_line' id='line_1_50' title="bbox 2139 1635 3787 1704; baseline -0.001 -12"><span class='ocrx_word' id='word_1_379' title='bbox 2139 1638 2304 1694; x_wconf 89' lang='lat' dir='ltr'>Nunc</span> <span class='ocrx_word' id='word_1_380' title='bbox 2336 1640 2403 1694; x_wconf 84' lang='lat' dir='ltr'>ad</span> <span class='ocrx_word' id='word_1_381' title='bbox 2441 1644 2676 1695; x_wconf 87' lang='lat' dir='ltr'>externa</span> <span class='ocrx_word' id='word_1_382' title='bbox 2706 1656 2767 1695; x_wconf 91' lang='lat' dir='ltr'>se</span> <span class='ocrx_word' id='word_1_383' title='bbox 2797 1642 3095 1693; x_wconf 81' lang='lat' dir='ltr'>convertat</span> <span class='ocrx_word' id='word_1_384' title='bbox 3125 1637 3330 1704; x_wconf 80' lang='lat' dir='ltr'>oratio,</span> <span class='ocrx_word' id='word_1_385' title='bbox 3364 1652 3429 1691; x_wconf 87' lang='lat' dir='ltr'>ac</span> <span class='ocrx_word' id='word_1_386' title='bbox 3461 1635 3787 1691; x_wconf 83' lang='lat' dir='ltr'>Russorum</span> 
     </span>
    </p>
   </div>
   <div class='ocr_carea' id='block_1_51' title="bbox 2140 1723 3788 1800">
    <p class='ocr_par' dir='ltr' id='par_1_51' title="bbox 2140 1723 3788 1800">
     <span class='ocr_line' id='line_1_51' title="bbox 2140 1723 3788 1800; baseline -0.001 -19"><span class='ocrx_word' id='word_1_387' title='bbox 2140 1726 2198 1782; x_wconf 91' lang='lat' dir='ltr'>in</span> <span class='ocrx_word' id='word_1_388' title='bbox 2235 1728 2440 1799; x_wconf 85' lang='lat' dir='ltr'>primis</span> <span class='ocrx_word' id='word_1_389' title='bbox 2470 1728 2760 1800; x_wconf 77' lang='lat' dir='ltr'>expeditio</span> <span class='ocrx_word' id='word_1_390' title='bbox 2796 1731 3083 1781; x_wconf 79' lang='lat' dir='ltr'>narretur.</span> <span class='ocrx_word' id='word_1_391' title='bbox 3112 1725 3245 1790; x_wconf 83' lang='lat' dir='ltr'>Quae</span> <span class='ocrx_word' id='word_1_392' title='bbox 3278 1741 3420 1796; x_wconf 91' lang='lat' dir='ltr'>gens</span> <span class='ocrx_word' id='word_1_393' title='bbox 3468 1740 3601 1779; x_wconf 90' lang='lat' dir='ltr'>cum</span> <span class='ocrx_word' id='word_1_394' title='bbox 3646 1723 3788 1780; x_wconf 88' lang='lat' dir='ltr'>alias</span> 
     </span>
    </p>
   </div>
   <div class='ocr_carea' id='block_1_52' title="bbox 2141 1813 3791 1890">
    <p class='ocr_par' dir='ltr' id='par_1_52' title="bbox 2141 1813 3791 1890">
     <span class='ocr_line' id='line_1_52' title="bbox 2141 1813 3791 1890; baseline -0.001 -19"><span class='ocrx_word' id='word_1_395' title='bbox 2141 1833 2376 1890; x_wconf 89' lang='lat' dir='ltr'>quoque</span> <span class='ocrx_word' id='word_1_396' title='bbox 2405 1818 2732 1889; x_wconf 64' lang='lat' dir='ltr'>saepissime</span> <span class='ocrx_word' id='word_1_397' title='bbox 2763 1817 3058 1872; x_wconf 82' lang='lat' dir='ltr'>Romanos</span> <span class='ocrx_word' id='word_1_398' title='bbox 3116 1831 3355 1886; x_wconf 78' lang='lat' dir='ltr'>agressa</span> <span class='ocrx_word' id='word_1_399' title='bbox 3402 1817 3580 1882; x_wconf 81' lang='lat' dir='ltr'>esset,</span> <span class='ocrx_word' id='word_1_400' title='bbox 3636 1813 3791 1869; x_wconf 86' lang='lat' dir='ltr'>victa</span> 
     </span>
    </p>
   </div>
   <div class='ocr_carea' id='block_1_53' title="bbox 2139 1903 3787 1973">
    <p class='ocr_par' dir='ltr' id='par_1_53' title="bbox 2139 1903 3787 1973">
     <span class='ocr_line' id='line_1_53' title="bbox 2139 1903 3787 1973; baseline -0.002 -13"><span class='ocrx_word' id='word_1_401' title='bbox 2139 1906 2269 1962; x_wconf 86' lang='lat' dir='ltr'>fuit.</span> <span class='ocrx_word' id='word_1_402' title='bbox 2311 1908 2574 1962; x_wconf 83' lang='lat' dir='ltr'>Tandem</span> <span class='ocrx_word' id='word_1_403' title='bbox 2635 1907 2848 1961; x_wconf 70' lang='lat' dir='ltr'>foedere</span> <span class='ocrx_word' id='word_1_404' title='bbox 2907 1905 3043 1968; x_wconf 89' lang='lat' dir='ltr'>icto,</span> <span class='ocrx_word' id='word_1_405' title='bbox 3097 1909 3153 1960; x_wconf 89' lang='lat' dir='ltr'>et</span> <span class='ocrx_word' id='word_1_406' title='bbox 3217 1903 3507 1958; x_wconf 85' lang='lat' dir='ltr'>affinitate</span> <span class='ocrx_word' id='word_1_407' title='bbox 3558 1903 3787 1973; x_wconf 88' lang='lat' dir='ltr'>juncta,</span> 
     </span>
    </p>
   </div>
   <div class='ocr_carea' id='block_1_54' title="bbox 2138 1993 3789 2067">
    <p class='ocr_par' dir='ltr' id='par_1_54' title="bbox 2138 1993 3789 2067">
     <span class='ocr_line' id='line_1_54' title="bbox 2138 1993 3789 2067; baseline -0.002 -17"><span class='ocrx_word' id='word_1_408' title='bbox 2138 2001 2458 2067; x_wconf 88' lang='lat' dir='ltr'>utrumque</span> <span class='ocrx_word' id='word_1_409' title='bbox 2490 1997 2767 2067; x_wconf 85' lang='lat' dir='ltr'>populum</span> <span class='ocrx_word' id='word_1_410' title='bbox 2800 1993 3093 2049; x_wconf 85' lang='lat' dir='ltr'>devincire</span> <span class='ocrx_word' id='word_1_411' title='bbox 3125 1993 3506 2062; x_wconf 87' lang='lat' dir='ltr'>studuerunt,</span> <span class='ocrx_word' id='word_1_412' title='bbox 3539 1997 3595 2046; x_wconf 91' lang='lat' dir='ltr'>et</span> <span class='ocrx_word' id='word_1_413' title='bbox 3625 2008 3789 2046; x_wconf 90' lang='lat' dir='ltr'>com-</span> 
     </span>
    </p>
   </div>
   <div class='ocr_carea' id='block_1_55' title="bbox 2137 2081 3787 2154">
    <p class='ocr_par' dir='ltr' id='par_1_55' title="bbox 2137 2081 3787 2154">
     <span class='ocr_line' id='line_1_55' title="bbox 2137 2081 3787 2154; baseline -0.002 -14"><span class='ocrx_word' id='word_1_414' title='bbox 2137 2085 2354 2140; x_wconf 87' lang='lat' dir='ltr'>mercia</span> <span class='ocrx_word' id='word_1_415' title='bbox 2384 2085 2629 2139; x_wconf 85' lang='lat' dir='ltr'>invicem</span> <span class='ocrx_word' id='word_1_416' title='bbox 2665 2083 2979 2154; x_wconf 82' lang='lat' dir='ltr'>agitarunt.</span> <span class='ocrx_word' id='word_1_417' title='bbox 3014 2086 3156 2137; x_wconf 89' lang='lat' dir='ltr'>Cum</span> <span class='ocrx_word' id='word_1_418' title='bbox 3191 2081 3346 2137; x_wconf 73' lang='grc'>254</span> <span class='ocrx_word' id='word_1_419' title='bbox 3405 2085 3602 2135; x_wconf 88' lang='lat' dir='ltr'>autem</span> <span class='ocrx_word' id='word_1_420' title='bbox 3644 2085 3787 2136; x_wconf 89' lang='lat' dir='ltr'>tunc</span> 
     </span>
    </p>
   </div>
   <div class='ocr_carea' id='block_1_56' title="bbox 2136 2169 3784 2246">
    <p class='ocr_par' dir='ltr' id='par_1_56' title="bbox 2136 2169 3784 2246">
     <span class='ocr_line' id='line_1_56' title="bbox 2136 2169 3784 2246; baseline -0.003 -16"><span class='ocrx_word' id='word_1_421' title='bbox 2136 2174 2308 2230; x_wconf 90' lang='lat' dir='ltr'>multi</span> <span class='ocrx_word' id='word_1_422' title='bbox 2357 2173 2769 2246; x_wconf 72' lang='lat' dir='ltr'>Tauroscythaa</span> <span class='ocrx_word' id='word_1_423' title='bbox 2817 2169 3322 2240; x_wconf 86' lang='lat' dir='ltr'>ConstantinOpoli</span> <span class='ocrx_word' id='word_1_424' title='bbox 3373 2186 3595 2224; x_wconf 89' lang='lat' dir='ltr'>merces</span> <span class='ocrx_word' id='word_1_425' title='bbox 3645 2186 3784 2226; x_wconf 87' lang='lat' dir='ltr'>suas</span> 
     </span>
    </p>
   </div>
   <div class='ocr_carea' id='block_1_57' title="bbox 2131 2258 3778 2330">
    <p class='ocr_par' dir='ltr' id='par_1_57' title="bbox 2131 2258 3778 2330">
     <span class='ocr_line' id='line_1_57' title="bbox 2131 2258 3778 2330; baseline -0.003 -13"><span class='ocrx_word' id='word_1_426' title='bbox 2131 2265 2530 2330; x_wconf 88' lang='lat' dir='ltr'>venderent,et</span> <span class='ocrx_word' id='word_1_427' title='bbox 2546 2266 2838 2318; x_wconf 82' lang='lat' dir='ltr'>nostrates</span> <span class='ocrx_word' id='word_1_428' title='bbox 2861 2263 3401 2315; x_wconf 86' lang='lat' dir='ltr'>commercarentur</span> <span class='ocrx_word' id='word_1_429' title='bbox 3418 2276 3430 2314; x_wconf 89' lang='lat'><strong>:</strong></span> <span class='ocrx_word' id='word_1_430' title='bbox 3450 2258 3666 2312; x_wconf 88' lang='lat' dir='ltr'>accidit.</span> <span class='ocrx_word' id='word_1_431' title='bbox 3689 2263 3778 2324; x_wconf 92' lang='lat' dir='ltr'>ut,</span> 
     </span>
    </p>
   </div>
   <div class='ocr_carea' id='block_1_58' title="bbox 2131 2347 3786 2421">
    <p class='ocr_par' dir='ltr' id='par_1_58' title="bbox 2131 2347 3786 2421">
     <span class='ocr_line' id='line_1_58' title="bbox 2131 2347 3786 2421; baseline -0.003 -13"><span class='ocrx_word' id='word_1_432' title='bbox 2131 2355 2280 2408; x_wconf 88' lang='lat' dir='ltr'>inter</span> <span class='ocrx_word' id='word_1_433' title='bbox 2309 2369 2409 2409; x_wconf 89' lang='lat' dir='ltr'>eos</span> <span class='ocrx_word' id='word_1_434' title='bbox 2440 2357 2496 2408; x_wconf 88' lang='lat' dir='ltr'>et</span> <span class='ocrx_word' id='word_1_435' title='bbox 2526 2351 2820 2407; x_wconf 83' lang='lat' dir='ltr'>Romanos</span> <span class='ocrx_word' id='word_1_436' title='bbox 2853 2349 3140 2421; x_wconf 88' lang='lat' dir='ltr'>quosdam</span> <span class='ocrx_word' id='word_1_437' title='bbox 3175 2347 3548 2414; x_wconf 84' lang='lat' dir='ltr'>contentione</span> <span class='ocrx_word' id='word_1_438' title='bbox 3570 2350 3716 2414; x_wconf 90' lang='lat' dir='ltr'>orta,</span> <span class='ocrx_word' id='word_1_439' title='bbox 3752 2364 3786 2403; x_wconf 91' lang='lat' dir='ltr'>a</span> 
     </span>
    </p>
   </div>
   <div class='ocr_carea' id='block_1_59' title="bbox 2129 2437 3780 2515">
    <p class='ocr_par' dir='ltr' id='par_1_59' title="bbox 2129 2437 3780 2515">
     <span class='ocr_line' id='line_1_59' title="bbox 2129 2437 3780 2515; baseline -0.003 -17"><span class='ocrx_word' id='word_1_440' title='bbox 2129 2443 2346 2515; x_wconf 82' lang='lat' dir='ltr'>pugnis</span> <span class='ocrx_word' id='word_1_441' title='bbox 2379 2443 2446 2498; x_wconf 88' lang='lat' dir='ltr'>ad</span> <span class='ocrx_word' id='word_1_442' title='bbox 2511 2441 2778 2508; x_wconf 81' lang='lat' dir='ltr'>vulnera,</span> <span class='ocrx_word' id='word_1_443' title='bbox 2811 2457 2844 2495; x_wconf 93' lang='lat' dir='ltr'>a</span> <span class='ocrx_word' id='word_1_444' title='bbox 2871 2437 3216 2494; x_wconf 90' lang='lat' dir='ltr'>vulneribus</span> <span class='ocrx_word' id='word_1_445' title='bbox 3261 2438 3333 2492; x_wconf 90' lang='lat' dir='ltr'>ad</span> <span class='ocrx_word' id='word_1_446' title='bbox 3383 2437 3570 2492; x_wconf 70' lang='lat' dir='ltr'>caedes</span> <span class='ocrx_word' id='word_1_447' title='bbox 3614 2437 3780 2493; x_wconf 83' lang='lat' dir='ltr'>ﬁeret</span> 
     </span>
    </p>
   </div>
   <div class='ocr_carea' id='block_1_60' title="bbox 2128 2525 3780 2604">
    <p class='ocr_par' dir='ltr' id='par_1_60' title="bbox 2128 2525 3780 2604">
     <span class='ocr_line' id='line_1_60' title="bbox 2128 2525 3780 2604; baseline -0.003 -18"><span class='ocrx_word' id='word_1_448' title='bbox 2128 2532 2483 2604; x_wconf 77' lang='lat' dir='ltr'>progressio,</span> <span class='ocrx_word' id='word_1_449' title='bbox 2507 2536 2564 2586; x_wconf 91' lang='lat' dir='ltr'>et</span> <span class='ocrx_word' id='word_1_450' title='bbox 2588 2531 2741 2584; x_wconf 90' lang='lat' dir='ltr'>inter</span> <span class='ocrx_word' id='word_1_451' title='bbox 2757 2532 2997 2584; x_wconf 78' lang='lat' dir='ltr'>caeteros</span> <span class='ocrx_word' id='word_1_452' title='bbox 3021 2526 3272 2582; x_wconf 83' lang='lat' dir='ltr'>illustris</span> <span class='ocrx_word' id='word_1_453' title='bbox 3299 2526 3536 2598; x_wconf 87' lang='lat' dir='ltr'>quidem</span> <span class='ocrx_word' id='word_1_454' title='bbox 3566 2525 3780 2594; x_wconf 82' lang='lat' dir='ltr'>Scytha</span> 
     </span>
    </p>
   </div>
   <div class='ocr_carea' id='block_1_61' title="bbox 2127 2615 3780 2688">
    <p class='ocr_par' dir='ltr' id='par_1_61' title="bbox 2127 2615 3780 2688">
     <span class='ocr_line' id='line_1_61' title="bbox 2127 2615 3780 2688; baseline -0.004 -11"><span class='ocrx_word' id='word_1_455' title='bbox 2127 2623 2378 2677; x_wconf 78' lang='lat' dir='ltr'>caderet.</span> <span class='ocrx_word' id='word_1_456' title='bbox 2440 2624 2519 2674; x_wconf 87' lang='lat' dir='ltr'>Ex</span> <span class='ocrx_word' id='word_1_457' title='bbox 2578 2635 2644 2675; x_wconf 91' lang='lat' dir='ltr'>eo</span> <span class='ocrx_word' id='word_1_458' title='bbox 2715 2623 3040 2673; x_wconf 86' lang='lat' dir='ltr'>Russorum</span> <span class='ocrx_word' id='word_1_459' title='bbox 3127 2616 3399 2688; x_wconf 83' lang='lat' dir='ltr'>princeps</span> <span class='ocrx_word' id='word_1_460' title='bbox 3473 2615 3780 2671; x_wconf 80' lang='lat' dir='ltr'>occasione</span> 
     </span>
    </p>
   </div>
   <div class='ocr_carea' id='block_1_62' title="bbox 2130 2704 3781 2782">
    <p class='ocr_par' dir='ltr' id='par_1_62' title="bbox 2130 2704 3781 2782">
     <span class='ocr_line' id='line_1_62' title="bbox 2130 2704 3781 2782; baseline -0.005 -16"><span class='ocrx_word' id='word_1_461' title='bbox 2130 2715 2386 2782; x_wconf 89' lang='lat' dir='ltr'>sumpta,</span> <span class='ocrx_word' id='word_1_462' title='bbox 2421 2708 2618 2766; x_wconf 89' lang='lat' dir='ltr'>statim</span> <span class='ocrx_word' id='word_1_463' title='bbox 2657 2707 2931 2778; x_wconf 88' lang='lat' dir='ltr'>plurimis</span> <span class='ocrx_word' id='word_1_464' title='bbox 2963 2706 3213 2778; x_wconf 83' lang='lat' dir='ltr'>navigiis</span> <span class='ocrx_word' id='word_1_465' title='bbox 3251 2704 3594 2776; x_wconf 86' lang='lat' dir='ltr'>compactis,</span> <span class='ocrx_word' id='word_1_466' title='bbox 3653 2720 3781 2776; x_wconf 68' lang='lat' dir='ltr'>qum</span> 
     </span>
    </p>
   </div>
   <div class='ocr_carea' id='block_1_63' title="bbox 2131 2793 3782 2873">
    <p class='ocr_par' dir='ltr' id='par_1_63' title="bbox 2131 2793 3782 2873">
     <span class='ocr_line' id='line_1_63' title="bbox 2131 2793 3782 2873; baseline -0.005 -17"><span class='ocrx_word' id='word_1_467' title='bbox 2131 2801 2285 2873; x_wconf 89' lang='lat' dir='ltr'>apud</span> <span class='ocrx_word' id='word_1_468' title='bbox 2310 2817 2407 2855; x_wconf 91' lang='lat' dir='ltr'>eos</span> <span class='ocrx_word' id='word_1_469' title='bbox 2433 2797 2743 2869; x_wconf 80' lang='lat' dir='ltr'>monoxyla</span> <span class='ocrx_word' id='word_1_470' title='bbox 2772 2803 3072 2862; x_wconf 85' lang='lat' dir='ltr'>vocantur,</span> <span class='ocrx_word' id='word_1_471' title='bbox 3103 2793 3626 2864; x_wconf 64' lang='lat' dir='ltr'>multitudineque:</span> <span class='ocrx_word' id='word_1_472' title='bbox 3657 2809 3782 2849; x_wconf 89' lang='lat' dir='ltr'>om-</span> 
     </span>
    </p>
   </div>
   <div class='ocr_carea' id='block_1_64' title="bbox 2131 2882 3782 2961">
    <p class='ocr_par' dir='ltr' id='par_1_64' title="bbox 2131 2882 3782 2961">
     <span class='ocr_line' id='line_1_64' title="bbox 2131 2882 3782 2961; baseline -0.005 -16"><span class='ocrx_word' id='word_1_473' title='bbox 2131 2905 2260 2945; x_wconf 90' lang='lat' dir='ltr'>nem</span> <span class='ocrx_word' id='word_1_474' title='bbox 2286 2904 2463 2961; x_wconf 89' lang='lat' dir='ltr'>prope</span> <span class='ocrx_word' id='word_1_475' title='bbox 2486 2902 2797 2942; x_wconf 86' lang='lat' dir='ltr'>numerum</span> <span class='ocrx_word' id='word_1_476' title='bbox 2820 2883 3146 2950; x_wconf 82' lang='lat' dir='ltr'>cxcedit,iis</span> <span class='ocrx_word' id='word_1_477' title='bbox 3166 2883 3461 2954; x_wconf 89' lang='lat' dir='ltr'>imposita.</span> <span class='ocrx_word' id='word_1_478' title='bbox 3479 2882 3782 2954; x_wconf 88' lang='lat' dir='ltr'>Proponti-</span> 
     </span>
    </p>
   </div>
   <div class='ocr_carea' id='block_1_65' title="bbox 2127 2970 3785 3048">
    <p class='ocr_par' dir='ltr' id='par_1_65' title="bbox 2127 2970 3785 3048">
     <span class='ocr_line' id='line_1_65' title="bbox 2127 2970 3785 3048; baseline -0.005 -15"><span class='ocrx_word' id='word_1_479' title='bbox 2127 2979 2257 3033; x_wconf 89' lang='lat' dir='ltr'>dem</span> <span class='ocrx_word' id='word_1_480' title='bbox 2295 2980 2582 3048; x_wconf 82' lang='lat' dir='ltr'>penetrat,</span> <span class='ocrx_word' id='word_1_481' title='bbox 2620 2973 2961 3044; x_wconf 88' lang='lat' dir='ltr'>bellumque</span> <span class='ocrx_word' id='word_1_482' title='bbox 2988 2971 3270 3027; x_wconf 83' lang='lat' dir='ltr'>Romanis</span> <span class='ocrx_word' id='word_1_483' title='bbox 3301 2987 3416 3025; x_wconf 89' lang='lat' dir='ltr'>non</span> <span class='ocrx_word' id='word_1_484' title='bbox 3453 2974 3588 3025; x_wconf 88' lang='lat' dir='ltr'>ante</span> <span class='ocrx_word' id='word_1_485' title='bbox 3630 2970 3785 3025; x_wconf 88' lang='lat' dir='ltr'>indi-</span> 
     </span>
    </p>
   </div>
   <div class='ocr_carea' id='block_1_66' title="bbox 2126 3060 3784 3134">
    <p class='ocr_par' dir='ltr' id='par_1_66' title="bbox 2126 3060 3784 3134">
     <span class='ocr_line' id='line_1_66' title="bbox 2126 3060 3784 3134; baseline -0.006 -11"><span class='ocrx_word' id='word_1_486' title='bbox 2126 3074 2285 3123; x_wconf 86' lang='lat' dir='ltr'>ctum</span> <span class='ocrx_word' id='word_1_487' title='bbox 2310 3067 2668 3129; x_wconf 84' lang='lat' dir='ltr'>inl‘ert.Quos</span> <span class='ocrx_word' id='word_1_488' title='bbox 2694 3063 2792 3117; x_wconf 90' lang='lat' dir='ltr'>ubi</span> <span class='ocrx_word' id='word_1_489' title='bbox 2817 3064 3135 3134; x_wconf 85' lang='lat' dir='ltr'>imperator</span> <span class='ocrx_word' id='word_1_490' title='bbox 3158 3060 3469 3115; x_wconf 88' lang='lat' dir='ltr'>adventare</span> <span class='ocrx_word' id='word_1_491' title='bbox 3487 3060 3784 3131; x_wconf 85' lang='lat' dir='ltr'>cognovit,</span> 
     </span>
    </p>
   </div>
   <div class='ocr_carea' id='block_1_67' title="bbox 2127 3150 3781 3228">
    <p class='ocr_par' dir='ltr' id='par_1_67' title="bbox 2127 3150 3781 3228">
     <span class='ocr_line' id='line_1_67' title="bbox 2127 3150 3781 3228; baseline -0.005 -16"><span class='ocrx_word' id='word_1_492' title='bbox 2127 3157 2328 3212; x_wconf 83' lang='lat' dir='ltr'>missis</span> <span class='ocrx_word' id='word_1_493' title='bbox 2361 3154 2568 3228; x_wconf 83' lang='lat' dir='ltr'>legatis</span> <span class='ocrx_word' id='word_1_494' title='bbox 2597 3154 2763 3224; x_wconf 88' lang='lat' dir='ltr'>petit,</span> <span class='ocrx_word' id='word_1_495' title='bbox 2795 3156 2857 3206; x_wconf 89' lang='lat' dir='ltr'>ut</span> <span class='ocrx_word' id='word_1_496' title='bbox 2890 3167 3053 3206; x_wconf 90' lang='lat' dir='ltr'>arma</span> <span class='ocrx_word' id='word_1_497' title='bbox 3083 3150 3398 3220; x_wconf 85' lang='lat' dir='ltr'>deponant,</span> <span class='ocrx_word' id='word_1_498' title='bbox 3426 3164 3489 3203; x_wconf 90' lang='lat' dir='ltr'>se</span> <span class='ocrx_word' id='word_1_499' title='bbox 3510 3153 3781 3220; x_wconf 88' lang='lat' dir='ltr'>paratum</span> 
     </span>
    </p>
   </div>
   <div class='ocr_carea' id='block_1_68' title="bbox 2127 3237 3781 3316">
    <p class='ocr_par' dir='ltr' id='par_1_68' title="bbox 2127 3237 3781 3316">
     <span class='ocr_line' id='line_1_68' title="bbox 2127 3237 3781 3316; baseline -0.005 -14"><span class='ocrx_word' id='word_1_500' title='bbox 2127 3262 2259 3302; x_wconf 88' lang='lat' dir='ltr'>esse</span> <span class='ocrx_word' id='word_1_501' title='bbox 2289 3245 2340 3301; x_wconf 90' lang='lat' dir='ltr'>si</span> <span class='ocrx_word' id='word_1_502' title='bbox 2371 3243 2512 3316; x_wconf 89' lang='lat' dir='ltr'>quid</span> <span class='ocrx_word' id='word_1_503' title='bbox 2545 3240 2774 3298; x_wconf 86' lang='lat' dir='ltr'>molesti</span> <span class='ocrx_word' id='word_1_504' title='bbox 2807 3240 2890 3295; x_wconf 91' lang='lat' dir='ltr'>eis</span> <span class='ocrx_word' id='word_1_505' title='bbox 2923 3238 3252 3306; x_wconf 84' lang='lat' dir='ltr'>accidisset,</span> <span class='ocrx_word' id='word_1_506' title='bbox 3305 3237 3662 3294; x_wconf 81' lang='lat' dir='ltr'>satisfacere.</span> <span class='ocrx_word' id='word_1_507' title='bbox 3715 3241 3781 3294; x_wconf 83' lang='lat' dir='ltr'>At</span> 
     </span>
    </p>
   </div>
   <div class='ocr_carea' id='block_1_69' title="bbox 2127 3325 3777 3405">
    <p class='ocr_par' dir='ltr' id='par_1_69' title="bbox 2127 3325 3777 3405">
     <span class='ocr_line' id='line_1_69' title="bbox 2127 3325 3777 3405; baseline -0.007 -14"><span class='ocrx_word' id='word_1_508' title='bbox 2127 3337 2419 3391; x_wconf 90' lang='lat' dir='ltr'>Barbarus</span> <span class='ocrx_word' id='word_1_509' title='bbox 2449 3333 2669 3405; x_wconf 80' lang='lat' dir='ltr'>legatos</span> <span class='ocrx_word' id='word_1_510' title='bbox 2699 3329 2950 3402; x_wconf 89' lang='lat' dir='ltr'>superbe</span> <span class='ocrx_word' id='word_1_511' title='bbox 2981 3327 3227 3399; x_wconf 86' lang='lat' dir='ltr'>excepit,</span> <span class='ocrx_word' id='word_1_512' title='bbox 3259 3343 3478 3398; x_wconf 91' lang='lat' dir='ltr'>eosque</span> <span class='ocrx_word' id='word_1_513' title='bbox 3519 3325 3777 3382; x_wconf 90' lang='lat' dir='ltr'>insolen-</span> 
     </span>
    </p>
   </div>
   <div class='ocr_carea' id='block_1_70' title="bbox 2127 3415 3783 3488">
    <p class='ocr_par' dir='ltr' id='par_1_70' title="bbox 2127 3415 3783 3488">
     <span class='ocr_line' id='line_1_70' title="bbox 2127 3415 3783 3488; baseline -0.006 -7"><span class='ocrx_word' id='word_1_514' title='bbox 2127 3426 2288 3482; x_wconf 86' lang='lat' dir='ltr'>tibus</span> <span class='ocrx_word' id='word_1_515' title='bbox 2319 3429 2377 3481; x_wconf 87' lang='lat' dir='ltr'>et</span> <span class='ocrx_word' id='word_1_516' title='bbox 2409 3422 2673 3479; x_wconf 85' lang='lat' dir='ltr'>molestis</span> <span class='ocrx_word' id='word_1_517' title='bbox 2701 3418 2891 3476; x_wconf 83' lang='lat' dir='ltr'>verbis</span> <span class='ocrx_word' id='word_1_518' title='bbox 2925 3417 3228 3484; x_wconf 89' lang='lat' dir='ltr'>eructatis,</span> <span class='ocrx_word' id='word_1_519' title='bbox 3264 3433 3395 3472; x_wconf 91' lang='lat' dir='ltr'>cum</span> <span class='ocrx_word' id='word_1_520' title='bbox 3453 3415 3783 3488; x_wconf 88' lang='lat' dir='ltr'>ignominia</span> 
     </span>
    </p>
   </div>
   <div class='ocr_carea' id='block_1_71' title="bbox 2129 3505 3783 3585">
    <p class='ocr_par' dir='ltr' id='par_1_71' title="bbox 2129 3505 3783 3585">
     <span class='ocr_line' id='line_1_71' title="bbox 2129 3505 3783 3585; baseline -0.006 -15"><span class='ocrx_word' id='word_1_521' title='bbox 2129 3514 2374 3570; x_wconf 87' lang='lat' dir='ltr'>dimisit.</span> <span class='ocrx_word' id='word_1_522' title='bbox 2413 3515 2734 3585; x_wconf 90' lang='lat' dir='ltr'>Imperator</span> <span class='ocrx_word' id='word_1_523' title='bbox 2763 3509 2946 3582; x_wconf 84' lang='lat' dir='ltr'>igitur</span> <span class='ocrx_word' id='word_1_524' title='bbox 2975 3523 3116 3581; x_wconf 81' lang='lat' dir='ltr'>pace</span> <span class='ocrx_word' id='word_1_525' title='bbox 3168 3506 3500 3577; x_wconf 83' lang='lat' dir='ltr'>desperata,</span> <span class='ocrx_word' id='word_1_526' title='bbox 3550 3508 3609 3560; x_wconf 91' lang='lat' dir='ltr'>et</span> <span class='ocrx_word' id='word_1_527' title='bbox 3655 3505 3783 3576; x_wconf 90' lang='lat' dir='ltr'>ipse</span> 
     </span>
    </p>
   </div>
   <div class='ocr_carea' id='block_1_72' title="bbox 2129 3593 3784 3672">
    <p class='ocr_par' dir='ltr' id='par_1_72' title="bbox 2129 3593 3784 3672">
     <span class='ocr_line' id='line_1_72' title="bbox 2129 3593 3784 3672; baseline -0.007 -11"><span class='ocrx_word' id='word_1_528' title='bbox 2129 3606 2200 3661; x_wconf 90' lang='lat' dir='ltr'>ad</span> <span class='ocrx_word' id='word_1_529' title='bbox 2233 3603 2453 3660; x_wconf 90' lang='lat' dir='ltr'>bellum</span> <span class='ocrx_word' id='word_1_530' title='bbox 2481 3600 2682 3658; x_wconf 86' lang='lat' dir='ltr'>navale</span> <span class='ocrx_word' id='word_1_531' title='bbox 2714 3617 2776 3656; x_wconf 85' lang='lat' dir='ltr'>se</span> <span class='ocrx_word' id='word_1_532' title='bbox 2807 3603 2995 3672; x_wconf 84' lang='lat' dir='ltr'>parat,</span> <span class='ocrx_word' id='word_1_533' title='bbox 3027 3602 3084 3652; x_wconf 90' lang='lat' dir='ltr'>et</span> <span class='ocrx_word' id='word_1_534' title='bbox 3115 3595 3256 3668; x_wconf 90' lang='lat' dir='ltr'>quia</span> <span class='ocrx_word' id='word_1_535' title='bbox 3286 3594 3494 3650; x_wconf 81' lang='lat' dir='ltr'>classis</span> <span class='ocrx_word' id='word_1_536' title='bbox 3550 3593 3784 3666; x_wconf 86' lang='lat' dir='ltr'>longis—</span> 
     </span>
    </p>
   </div>
   <div class='ocr_carea' id='block_1_73' title="bbox 2128 3682 3783 3762">
    <p class='ocr_par' dir='ltr' id='par_1_73' title="bbox 2128 3682 3783 3762">
     <span class='ocr_line' id='line_1_73' title="bbox 2128 3682 3783 3762; baseline -0.01 -11"><span class='ocrx_word' id='word_1_537' title='bbox 2128 3696 2277 3752; x_wconf 88' lang='lat' dir='ltr'>sime</span> <span class='ocrx_word' id='word_1_538' title='bbox 2308 3695 2530 3760; x_wconf 88' lang='lat' dir='ltr'>aberat,</span> <span class='ocrx_word' id='word_1_539' title='bbox 2555 3690 2820 3747; x_wconf 86' lang='lat' dir='ltr'>tutandis</span> <span class='ocrx_word' id='word_1_540' title='bbox 2844 3686 3161 3762; x_wconf 84' lang='lat' dir='ltr'>provinciis</span> <span class='ocrx_word' id='word_1_541' title='bbox 3188 3687 3489 3758; x_wconf 83' lang='lat' dir='ltr'>occupata,</span> <span class='ocrx_word' id='word_1_542' title='bbox 3511 3682 3783 3738; x_wconf 87' lang='lat' dir='ltr'>triremes</span> 
     </span>
    </p>
   </div>
   <div class='ocr_carea' id='block_1_74' title="bbox 2130 3773 3781 3849">
    <p class='ocr_par' dir='ltr' id='par_1_74' title="bbox 2130 3773 3781 3849">
     <span class='ocr_line' id='line_1_74' title="bbox 2130 3773 3781 3849; baseline -0.009 -9"><span class='ocrx_word' id='word_1_543' title='bbox 2130 3784 2275 3840; x_wconf 90' lang='lat' dir='ltr'>alias</span> <span class='ocrx_word' id='word_1_544' title='bbox 2305 3788 2356 3838; x_wconf 89' lang='lat' dir='ltr'>et</span> <span class='ocrx_word' id='word_1_545' title='bbox 2388 3781 2688 3838; x_wconf 84' lang='lat' dir='ltr'>onerarias</span> <span class='ocrx_word' id='word_1_546' title='bbox 2722 3795 2920 3844; x_wconf 85' lang='lat' dir='ltr'>naves,</span> <span class='ocrx_word' id='word_1_547' title='bbox 2952 3776 3208 3849; x_wconf 90' lang='lat' dir='ltr'>plurimo</span> <span class='ocrx_word' id='word_1_548' title='bbox 3231 3774 3428 3830; x_wconf 66' lang='lat' dir='ltr'>Graeco</span> <span class='ocrx_word' id='word_1_549' title='bbox 3449 3773 3568 3846; x_wconf 90' lang='lat' dir='ltr'>igni</span> <span class='ocrx_word' id='word_1_550' title='bbox 3591 3774 3781 3844; x_wconf 89' lang='lat' dir='ltr'>impo-</span> 
     </span>
    </p>
   </div>
   <div class='ocr_carea' id='block_1_75' title="bbox 2129 3862 3781 3934">
    <p class='ocr_par' dir='ltr' id='par_1_75' title="bbox 2129 3862 3781 3934">
     <span class='ocr_line' id='line_1_75' title="bbox 2129 3862 3781 3934; baseline -0.009 -5"><span class='ocrx_word' id='word_1_551' title='bbox 2129 3873 2241 3930; x_wconf 91' lang='lat' dir='ltr'>sito</span> <span class='ocrx_word' id='word_1_552' title='bbox 2269 3874 2548 3929; x_wconf 86' lang='lat' dir='ltr'>adversus</span> <span class='ocrx_word' id='word_1_553' title='bbox 2578 3868 2851 3926; x_wconf 84' lang='lat' dir='ltr'>hostilem</span> <span class='ocrx_word' id='word_1_554' title='bbox 2885 3867 3132 3923; x_wconf 81' lang='lat' dir='ltr'>classem</span> <span class='ocrx_word' id='word_1_555' title='bbox 3169 3864 3369 3931; x_wconf 88' lang='lat' dir='ltr'>mittit,</span> <span class='ocrx_word' id='word_1_556' title='bbox 3431 3868 3606 3934; x_wconf 86' lang='lat' dir='ltr'>atque</span> <span class='ocrx_word' id='word_1_557' title='bbox 3655 3862 3781 3933; x_wconf 87' lang='lat' dir='ltr'>ipse</span> 
     </span>
    </p>
   </div>
   <div class='ocr_carea' id='block_1_76' title="bbox 2128 3951 3779 4032">
    <p class='ocr_par' dir='ltr' id='par_1_76' title="bbox 2128 3951 3779 4032">
     <span class='ocr_line' id='line_1_76' title="bbox 2128 3951 3779 4032; baseline -0.008 -14"><span class='ocrx_word' id='word_1_558' title='bbox 2128 3965 2188 4018; x_wconf 91' lang='lat' dir='ltr'>in</span> <span class='ocrx_word' id='word_1_559' title='bbox 2221 3978 2454 4018; x_wconf 87' lang='lat' dir='ltr'>summo</span> <span class='ocrx_word' id='word_1_560' title='bbox 2486 3964 2655 4032; x_wconf 90' lang='lat' dir='ltr'>portu</span> <span class='ocrx_word' id='word_1_561' title='bbox 2690 3957 2975 4013; x_wconf 88' lang='lat' dir='ltr'>considet.</span> <span class='ocrx_word' id='word_1_562' title='bbox 3025 3955 3098 4010; x_wconf 91' lang='lat' dir='ltr'>Ut</span> <span class='ocrx_word' id='word_1_563' title='bbox 3148 3960 3344 4011; x_wconf 89' lang='lat' dir='ltr'>autem</span> <span class='ocrx_word' id='word_1_564' title='bbox 3398 3969 3614 4025; x_wconf 89' lang='lat' dir='ltr'>magna</span> <span class='ocrx_word' id='word_1_565' title='bbox 3664 3951 3779 4006; x_wconf 91' lang='lat' dir='ltr'>diei</span> 
     </span>
    </p>
   </div>
   <div class='ocr_carea' id='block_1_77' title="bbox 2129 4041 3778 4127">
    <p class='ocr_par' dir='ltr' id='par_1_77' title="bbox 2129 4041 3778 4127">
     <span class='ocr_line' id='line_1_77' title="bbox 2129 4041 3778 4127; baseline -0.008 -18"><span class='ocrx_word' id='word_1_566' title='bbox 2129 4058 2294 4127; x_wconf 87' lang='lat' dir='ltr'>parte</span> <span class='ocrx_word' id='word_1_567' title='bbox 2317 4051 2534 4122; x_wconf 85' lang='lat' dir='ltr'>elapsa,</span> <span class='ocrx_word' id='word_1_568' title='bbox 2559 4046 2800 4104; x_wconf 89' lang='lat' dir='ltr'>Barbari</span> <span class='ocrx_word' id='word_1_569' title='bbox 2824 4045 3228 4118; x_wconf 85' lang='lat' dir='ltr'>quiescebant,</span> <span class='ocrx_word' id='word_1_570' title='bbox 3246 4059 3352 4099; x_wconf 90' lang='lat' dir='ltr'>nee</span> <span class='ocrx_word' id='word_1_571' title='bbox 3372 4047 3567 4098; x_wconf 88' lang='lat' dir='ltr'>tamen</span> <span class='ocrx_word' id='word_1_572' title='bbox 3592 4041 3778 4097; x_wconf 87' lang='lat' dir='ltr'>aciem</span> 
     </span>
    </p>
   </div>
   <div class='ocr_carea' id='block_1_78' title="bbox 2129 4130 3780 4208">
    <p class='ocr_par' dir='ltr' id='par_1_78' title="bbox 2129 4130 3780 4208">
     <span class='ocr_line' id='line_1_78' title="bbox 2129 4130 3780 4208; baseline -0.008 -9"><span class='ocrx_word' id='word_1_573' title='bbox 2129 4141 2453 4208; x_wconf 87' lang='lat' dir='ltr'>solvebant,</span> <span class='ocrx_word' id='word_1_574' title='bbox 2475 4137 2994 4195; x_wconf 79' lang='lat' dir='ltr'>Theodorncanum</span> <span class='ocrx_word' id='word_1_575' title='bbox 3009 4133 3184 4206; x_wconf 88' lang='lat' dir='ltr'>jubet</span> <span class='ocrx_word' id='word_1_576' title='bbox 3204 4149 3336 4188; x_wconf 91' lang='lat' dir='ltr'>cum</span> <span class='ocrx_word' id='word_1_577' title='bbox 3371 4131 3560 4188; x_wconf 87' lang='lat' dir='ltr'>tribus</span> <span class='ocrx_word' id='word_1_578' title='bbox 3605 4130 3780 4186; x_wconf 89' lang='lat' dir='ltr'>trire-</span> 
     </span>
    </p>
   </div>
   <div class='ocr_carea' id='block_1_79' title="bbox 2129 4218 3779 4294">
    <p class='ocr_par' dir='ltr' id='par_1_79' title="bbox 2129 4218 3779 4294">
     <span class='ocr_line' id='line_1_79' title="bbox 2129 4218 3779 4294; baseline -0.008 -6"><span class='ocrx_word' id='word_1_579' title='bbox 2129 4232 2326 4288; x_wconf 90' lang='lat' dir='ltr'>mibus</span> <span class='ocrx_word' id='word_1_580' title='bbox 2346 4230 2632 4286; x_wconf 86' lang='lat' dir='ltr'>lacessere</span> <span class='ocrx_word' id='word_1_581' title='bbox 2655 4226 2959 4294; x_wconf 89' lang='lat' dir='ltr'>Barbaros,</span> <span class='ocrx_word' id='word_1_582' title='bbox 3002 4228 3056 4280; x_wconf 90' lang='lat' dir='ltr'>et</span> <span class='ocrx_word' id='word_1_583' title='bbox 3087 4224 3154 4279; x_wconf 90' lang='lat' dir='ltr'>ad</span> <span class='ocrx_word' id='word_1_584' title='bbox 3179 4238 3437 4294; x_wconf 85' lang='lat' dir='ltr'>pugnam</span> <span class='ocrx_word' id='word_1_585' title='bbox 3465 4220 3690 4277; x_wconf 89' lang='lat' dir='ltr'>elicere.</span> <span class='ocrx_word' id='word_1_586' title='bbox 3724 4218 3779 4275; x_wconf 92' lang='lat' dir='ltr'>Is</span> 
     </span>
    </p>
   </div>
   <div class='ocr_carea' id='block_1_80' title="bbox 375 4297 2017 4394">
    <p class='ocr_par' dir='ltr' id='par_1_80' title="bbox 375 4297 2016 4394">
     <span class='ocr_line' id='line_1_80' title="bbox 375 4297 2016 4394; baseline 0.004 -26"><span class='ocrx_word' id='word_1_587' title='bbox 375 4309 464 4376; x_wconf 86' lang='grc' dir='ltr'>δας</span> <span class='ocrx_word' id='word_1_588' title='bbox 513 4297 704 4378; x_wconf 22' lang='grc' dir='ltr'>τάλλας</span> <span class='ocrx_word' id='word_1_589' title='bbox 756 4297 1208 4390; x_wconf 75' lang='grc' dir='ltr'>ἑτοιμασάμενος,</span> <span class='ocrx_word' id='word_1_590' title='bbox 1251 4297 1340 4372; x_wconf 80' lang='grc' dir='ltr'>καὶ</span> <span class='ocrx_word' id='word_1_591' title='bbox 1377 4297 1619 4382; x_wconf 54' lang='grc' dir='ltr'>ταύταις</span> <span class='ocrx_word' id='word_1_592' title='bbox 1670 4318 1732 4372; x_wconf 87' lang='grc' dir='ltr'>τὸ</span> <span class='ocrx_word' id='word_1_593' title='bbox 1788 4321 1894 4394; x_wconf 79' lang='grc' dir='ltr'>πῦρ</span> <span class='ocrx_word' id='word_1_594' title='bbox 1954 4319 2016 4374; x_wconf 87' lang='grc' dir='ltr'>τὸ</span> 
     </span>
    </p>
   </div>
   <div class='ocr_carea' id='block_1_81' title="bbox 2129 4297 3776 4394">
    <p class='ocr_par' dir='ltr' id='par_1_81' title="bbox 2129 4311 3776 4386">
     <span class='ocr_line' id='line_1_81' title="bbox 2129 4311 3776 4386; baseline -0.009 -7"><span class='ocrx_word' id='word_1_595' title='bbox 2129 4340 2262 4379; x_wconf 89' lang='lat' dir='ltr'>vero</span> <span class='ocrx_word' id='word_1_596' title='bbox 2293 4338 2408 4376; x_wconf 90' lang='lat' dir='ltr'>non</span> <span class='ocrx_word' id='word_1_597' title='bbox 2439 4316 2665 4375; x_wconf 87' lang='lat' dir='ltr'>velitari</span> <span class='ocrx_word' id='word_1_598' title='bbox 2697 4315 2890 4386; x_wconf 74' lang='lat' dir='ltr'>coepit,</span> <span class='ocrx_word' id='word_1_599' title='bbox 2923 4314 3026 4369; x_wconf 89' lang='lat' dir='ltr'>sed</span> <span class='ocrx_word' id='word_1_600' title='bbox 3058 4311 3227 4385; x_wconf 89' lang='lat' dir='ltr'>plane</span> <span class='ocrx_word' id='word_1_601' title='bbox 3249 4327 3504 4384; x_wconf 86' lang='lat' dir='ltr'>pugnam</span> <span class='ocrx_word' id='word_1_602' title='bbox 3533 4314 3620 4366; x_wconf 86' lang='lat' dir='ltr'>est</span> <span class='ocrx_word' id='word_1_603' title='bbox 3644 4326 3776 4365; x_wconf 86' lang='lat' dir='ltr'>aus-</span> 
     </span>
    </p>
   </div>
   <div class='ocr_carea' id='block_1_82' title="bbox 362 4403 2026 4484">
    <p class='ocr_par' dir='ltr' id='par_1_82' title="bbox 362 4403 2026 4484">
     <span class='ocr_line' id='line_1_82' title="bbox 362 4403 2026 4484; baseline 0.002 -24"><span class='ocrx_word' id='word_1_604' title='bbox 362 4403 522 4480; x_wconf 77' lang='grc' dir='ltr'>ὅγρόν</span> <span class='ocrx_word' id='word_1_605' title='bbox 569 4406 681 4480; x_wconf 86' lang='grc'>(36)</span> <span class='ocrx_word' id='word_1_606' title='bbox 733 4403 1019 4480; x_wconf 71' lang='grc' dir='ltr'>ἐνθέμενος</span> <span class='ocrx_word' id='word_1_607' title='bbox 1066 4404 1318 4484; x_wconf 76' lang='grc' dir='ltr'>ἄφθονον,</span> <span class='ocrx_word' id='word_1_608' title='bbox 1361 4407 1600 4482; x_wconf 74' lang='grc' dir='ltr'>ἀντέταξε</span> <span class='ocrx_word' id='word_1_609' title='bbox 1655 4407 1852 4471; x_wconf 83' lang='grc' dir='ltr'>ταύτας</span> <span class='ocrx_word' id='word_1_610' title='bbox 1910 4413 2026 4474; x_wconf 80' lang='grc' dir='ltr'>τοῖς</span> 
     </span>
    </p>
   </div>
   <div class='ocr_carea' id='block_1_83' title="bbox 354 4487 2012 4575">
    <p class='ocr_par' dir='ltr' id='par_1_83' title="bbox 354 4487 2012 4575">
     <span class='ocr_line' id='line_1_83' title="bbox 354 4487 2012 4575; baseline 0.004 -28"><span class='ocrx_word' id='word_1_611' title='bbox 354 4494 585 4569; x_wconf 80' lang='grc' dir='ltr'>σκάφεσι</span> <span class='ocrx_word' id='word_1_612' title='bbox 639 4499 757 4558; x_wconf 81' lang='grc' dir='ltr'>τοῖς</span> <span class='ocrx_word' id='word_1_613' title='bbox 814 4487 1189 4571; x_wconf 74' lang='grc' dir='ltr'>βαρϐαρικοῖς,</span> <span class='ocrx_word' id='word_1_614' title='bbox 1246 4498 1336 4552; x_wconf 83' lang='grc' dir='ltr'>καὶ</span> <span class='ocrx_word' id='word_1_615' title='bbox 1394 4497 1554 4561; x_wconf 71' lang='grc' dir='ltr'>αὗτὸς</span> <span class='ocrx_word' id='word_1_616' title='bbox 1607 4496 2012 4575; x_wconf 82' lang='grc' dir='ltr'>ὀαύτοκράτωρ</span> 
     </span>
    </p>
   </div>
   <div class='ocr_carea' id='block_1_84' title="bbox 353 4582 2019 4663">
    <p class='ocr_par' dir='ltr' id='par_1_84' title="bbox 353 4582 2019 4663">
     <span class='ocr_line' id='line_1_84' title="bbox 353 4582 2019 4663; baseline 0.004 -25"><span class='ocrx_word' id='word_1_617' title='bbox 353 4582 574 4660; x_wconf 85' lang='grc' dir='ltr'>παρὼν,</span> <span class='ocrx_word' id='word_1_618' title='bbox 626 4583 718 4639; x_wconf 83' lang='grc' dir='ltr'>καὶ</span> <span class='ocrx_word' id='word_1_619' title='bbox 774 4584 885 4639; x_wconf 77' lang='grc' dir='ltr'>ἅνω</span> <span class='ocrx_word' id='word_1_620' title='bbox 936 4605 1043 4641; x_wconf 88' lang='grc' dir='ltr'>που</span> <span class='ocrx_word' id='word_1_621' title='bbox 1096 4589 1194 4641; x_wconf 77' lang='grc' dir='ltr'>τοῦ</span> <span class='ocrx_word' id='word_1_622' title='bbox 1254 4583 1477 4662; x_wconf 72' lang='grc' dir='ltr'>λιμένος</span> <span class='ocrx_word' id='word_1_623' title='bbox 1530 4589 1876 4663; x_wconf 81' lang='grc' dir='ltr'>καθήμενος.</span> <span class='ocrx_word' id='word_1_624' title='bbox 1927 4589 2019 4653; x_wconf 78' lang='grc' dir='ltr'>Ὠς</span> 
     </span>
    </p>
   </div>
   <div class='ocr_carea' id='block_1_85' title="bbox 357 4667 2016 4754">
    <p class='ocr_par' dir='ltr' id='par_1_85' title="bbox 357 4667 2016 4754">
     <span class='ocr_line' id='line_1_85' title="bbox 357 4667 2016 4754; baseline 0.004 -28"><span class='ocrx_word' id='word_1_625' title='bbox 357 4667 421 4726; x_wconf 81' lang='grc' dir='ltr'>δὶ</span> <span class='ocrx_word' id='word_1_626' title='bbox 477 4671 540 4728; x_wconf 82' lang='grc' dir='ltr'>τὸ</span> <span class='ocrx_word' id='word_1_627' title='bbox 596 4669 742 4728; x_wconf 82' lang='grc' dir='ltr'>πολὺ</span> <span class='ocrx_word' id='word_1_628' title='bbox 800 4679 902 4744; x_wconf 85' lang='grc' dir='ltr'>τῆς</span> <span class='ocrx_word' id='word_1_629' title='bbox 967 4673 1179 4750; x_wconf 79' lang='grc' dir='ltr'>ἡμέρας</span> <span class='ocrx_word' id='word_1_630' title='bbox 1228 4674 1479 4754; x_wconf 81' lang='grc' dir='ltr'>παρῆλθε</span> <span class='ocrx_word' id='word_1_631' title='bbox 1522 4677 1613 4732; x_wconf 79' lang='grc' dir='ltr'>καὶ</span> <span class='ocrx_word' id='word_1_632' title='bbox 1671 4677 1914 4754; x_wconf 76' lang='grc' dir='ltr'>ἠρέμουν</span> <span class='ocrx_word' id='word_1_633' title='bbox 1964 4678 2016 4733; x_wconf 77' lang='grc' dir='ltr'>οἱ</span> 
     </span>
    </p>
   </div>
   <div class='ocr_carea' id='block_1_86' title="bbox 354 4755 2014 4842">
    <p class='ocr_par' dir='ltr' id='par_1_86' title="bbox 354 4755 2014 4842">
     <span class='ocr_line' id='line_1_86' title="bbox 354 4755 2014 4842; baseline 0.002 -23"><span class='ocrx_word' id='word_1_634' title='bbox 354 4755 664 4839; x_wconf 78' lang='grc' dir='ltr'>Βάρϐαροι,</span> <span class='ocrx_word' id='word_1_635' title='bbox 719 4762 810 4818; x_wconf 83' lang='grc' dir='ltr'>καὶ</span> <span class='ocrx_word' id='word_1_636' title='bbox 867 4764 965 4834; x_wconf 77' lang='grc' dir='ltr'>τήν</span> <span class='ocrx_word' id='word_1_637' title='bbox 1017 4764 1260 4836; x_wconf 78' lang='grc' dir='ltr'>σύνταξιν</span> <span class='ocrx_word' id='word_1_638' title='bbox 1322 4767 1391 4822; x_wconf 80' lang='grc' dir='ltr'>ού</span> <span class='ocrx_word' id='word_1_639' title='bbox 1443 4763 1678 4838; x_wconf 86' lang='grc' dir='ltr'>διέλυον,</span> <span class='ocrx_word' id='word_1_640' title='bbox 1732 4772 1880 4842; x_wconf 80' lang='grc' dir='ltr'>τρεῖς</span> <span class='ocrx_word' id='word_1_641' title='bbox 1906 4771 2014 4823; x_wconf 84' lang='grc' dir='ltr'>τῶν</span> 
     </span>
    </p>
   </div>
   <div class='ocr_carea' id='block_1_87' title="bbox 355 4850 2016 4932">
    <p class='ocr_par' dir='ltr' id='par_1_87' title="bbox 355 4850 2016 4932">
     <span class='ocr_line' id='line_1_87' title="bbox 355 4850 2016 4932; baseline 0.004 -26"><span class='ocrx_word' id='word_1_642' title='bbox 355 4855 604 4927; x_wconf 86' lang='grc' dir='ltr'>τριηρῶν</span> <span class='ocrx_word' id='word_1_643' title='bbox 683 4850 960 4908; x_wconf 69' lang='grc' dir='ltr'>ἐκέλευσεν</span> <span class='ocrx_word' id='word_1_644' title='bbox 1036 4853 1065 4908; x_wconf 87' lang='grc' dir='ltr'>ὁ</span> <span class='ocrx_word' id='word_1_645' title='bbox 1140 4852 1396 4931; x_wconf 74' lang='grc' dir='ltr'>βασιλεὺς</span> <span class='ocrx_word' id='word_1_646' title='bbox 1461 4860 1541 4929; x_wconf 82' lang='grc' dir='ltr'>τῷ</span> <span class='ocrx_word' id='word_1_647' title='bbox 1616 4855 2016 4932; x_wconf 89' lang='grc' dir='ltr'>Θεοδωροκάνῳ</span> 
     </span>
    </p>
   </div>
   <div class='ocr_carea' id='block_1_88' title="bbox 357 4935 2013 5022">
    <p class='ocr_par' dir='ltr' id='par_1_88' title="bbox 357 4935 2013 5022">
     <span class='ocr_line' id='line_1_88' title="bbox 357 4935 2013 5022; baseline 0.003 -25"><span class='ocrx_word' id='word_1_648' title='bbox 357 4935 576 5012; x_wconf 73' lang='grc' dir='ltr'>λαϐεῖν,</span> <span class='ocrx_word' id='word_1_649' title='bbox 650 4942 739 4998; x_wconf 84' lang='grc' dir='ltr'>καὶ</span> <span class='ocrx_word' id='word_1_650' title='bbox 810 4937 1269 5018; x_wconf 74' lang='grc' dir='ltr'>ἀκροϐολίσασθαι</span> <span class='ocrx_word' id='word_1_651' title='bbox 1345 4944 1482 5001; x_wconf 86' lang='grc' dir='ltr'>κατᾶ</span> <span class='ocrx_word' id='word_1_652' title='bbox 1533 4951 1644 5002; x_wconf 88' lang='grc' dir='ltr'>τῶν</span> <span class='ocrx_word' id='word_1_653' title='bbox 1695 4941 2013 5022; x_wconf 75' lang='grc' dir='ltr'>Βαρϐάρων,</span> 
     </span>
    </p>
   </div>
   <div class='ocr_carea' id='block_1_89' title="bbox 348 5027 2019 5111">
    <p class='ocr_par' dir='ltr' id='par_1_89' title="bbox 348 5027 2019 5111">
     <span class='ocr_line' id='line_1_89' title="bbox 348 5027 2019 5111; baseline 0.004 -27"><span class='ocrx_word' id='word_1_654' title='bbox 348 5027 430 5084; x_wconf 74' lang='grc' dir='ltr'>ἵν’</span> <span class='ocrx_word' id='word_1_655' title='bbox 481 5029 678 5093; x_wconf 76' lang='grc' dir='ltr'>αὐτοὺς</span> <span class='ocrx_word' id='word_1_656' title='bbox 737 5029 814 5094; x_wconf 64' lang='grc' dir='ltr'>εἲς</span> <span class='ocrx_word' id='word_1_657' title='bbox 846 5030 1093 5106; x_wconf 87' lang='grc' dir='ltr'>πόλεμον</span> <span class='ocrx_word' id='word_1_658' title='bbox 1127 5031 1510 5106; x_wconf 69' lang='grc' dir='ltr'>ἐπισπάσηται.</span> <span class='ocrx_word' id='word_1_659' title='bbox 1569 5037 1626 5090; x_wconf 88' lang='grc' dir='ltr'>Ὁ</span> <span class='ocrx_word' id='word_1_660' title='bbox 1658 5033 1706 5090; x_wconf 80' lang='grc' dir='ltr'>δ’</span> <span class='ocrx_word' id='word_1_661' title='bbox 1736 5036 1836 5091; x_wconf 81' lang='grc' dir='ltr'>οὑκ</span> <span class='ocrx_word' id='word_1_662' title='bbox 1859 5034 2019 5111; x_wconf 81' lang='grc' dir='ltr'>ἀκροο</span> 
     </span>
    </p>
   </div>
   <div class='ocr_carea' id='block_1_90' title="bbox 353 5113 2016 5202">
    <p class='ocr_par' dir='ltr' id='par_1_90' title="bbox 353 5113 2016 5202">
     <span class='ocr_line' id='line_1_90' title="bbox 353 5113 2016 5202; baseline 0.003 -28"><span class='ocrx_word' id='word_1_663' title='bbox 353 5113 662 5194; x_wconf 77' lang='grc' dir='ltr'>ϐολισμοῖς</span> <span class='ocrx_word' id='word_1_664' title='bbox 717 5117 1096 5198; x_wconf 62' lang='grc' dir='ltr'>ἄπεχείρτβεν,</span> <span class='ocrx_word' id='word_1_665' title='bbox 1153 5119 1300 5178; x_wconf 75' lang='grc' dir='ltr'>ἀλλὰ</span> <span class='ocrx_word' id='word_1_666' title='bbox 1355 5124 1563 5202; x_wconf 75' lang='grc' dir='ltr'>καθαρᾷ</span> <span class='ocrx_word' id='word_1_667' title='bbox 1591 5123 1893 5201; x_wconf 84' lang='grc' dir='ltr'>ναυμαχίᾳ,</span> <span class='ocrx_word' id='word_1_668' title='bbox 1927 5123 2016 5180; x_wconf 86' lang='grc' dir='ltr'>καί</span> 
     </span>
    </p>
   </div>
   <div class='ocr_carea' id='block_1_91' title="bbox 350 5206 2015 5294">
    <p class='ocr_par' dir='ltr' id='par_1_91' title="bbox 350 5206 2015 5294">
     <span class='ocr_line' id='line_1_91' title="bbox 350 5206 2015 5294; baseline 0.002 -29"><span class='ocrx_word' id='word_1_669' title='bbox 350 5230 480 5266; x_wconf 88' lang='grc' dir='ltr'>τινα</span> <span class='ocrx_word' id='word_1_670' title='bbox 542 5210 636 5284; x_wconf 80' lang='grc' dir='ltr'>μὶν</span> <span class='ocrx_word' id='word_1_671' title='bbox 693 5211 870 5290; x_wconf 78' lang='grc' dir='ltr'>σκάφη</span> <span class='ocrx_word' id='word_1_672' title='bbox 931 5206 1236 5290; x_wconf 76' lang='grc' dir='ltr'>βαρϐαρικὰ</span> <span class='ocrx_word' id='word_1_673' title='bbox 1292 5213 1582 5294; x_wconf 77' lang='grc' dir='ltr'>κατέφλεξε</span> <span class='ocrx_word' id='word_1_674' title='bbox 1654 5220 1733 5288; x_wconf 84' lang='grc' dir='ltr'>τῷ</span> <span class='ocrx_word' id='word_1_675' title='bbox 1809 5213 2015 5290; x_wconf 85' lang='grc' dir='ltr'>διύγρῳ</span> 
     </span>
    </p>
   </div>
   <div class='ocr_carea' id='block_1_92' title="bbox 347 5296 2013 5380">
    <p class='ocr_par' dir='ltr' id='par_1_92' title="bbox 347 5296 2013 5380">
     <span class='ocr_line' id='line_1_92' title="bbox 347 5296 2013 5380; baseline 0.004 -26"><span class='ocrx_word' id='word_1_676' title='bbox 347 5298 512 5376; x_wconf 81' lang='grc' dir='ltr'>πυρὶ,</span> <span class='ocrx_word' id='word_1_677' title='bbox 572 5299 691 5356; x_wconf 77' lang='grc' dir='ltr'>τινὰ</span> <span class='ocrx_word' id='word_1_678' title='bbox 751 5296 807 5356; x_wconf 71' lang='grc' dir='ltr'>δὲ</span> <span class='ocrx_word' id='word_1_679' title='bbox 862 5297 1150 5357; x_wconf 83' lang='grc' dir='ltr'>κατέδυσεν</span> <span class='ocrx_word' id='word_1_680' title='bbox 1203 5301 1495 5380; x_wconf 67' lang='grc' dir='ltr'>αὔτανδρα,</span> <span class='ocrx_word' id='word_1_681' title='bbox 1545 5301 1601 5361; x_wconf 71' lang='grc' dir='ltr'>ἓν</span> <span class='ocrx_word' id='word_1_682' title='bbox 1658 5301 1715 5360; x_wconf 75' lang='grc' dir='ltr'>δὶ</span> <span class='ocrx_word' id='word_1_683' title='bbox 1752 5305 2013 5380; x_wconf 75' lang='grc' dir='ltr'>κατέσχεν</span> 
     </span>
    </p>
   </div>
   <div class='ocr_carea' id='block_1_93' title="bbox 347 5382 2014 5473">
    <p class='ocr_par' dir='ltr' id='par_1_93' title="bbox 347 5382 2014 5473">
     <span class='ocr_line' id='line_1_93' title="bbox 347 5382 2014 5473; baseline 0.003 -30"><span class='ocrx_word' id='word_1_684' title='bbox 347 5382 510 5444; x_wconf 78' lang='grc' dir='ltr'>ἔνδον</span> <span class='ocrx_word' id='word_1_685' title='bbox 563 5389 725 5454; x_wconf 74' lang='grc' dir='ltr'>αὐτὸς</span> <span class='ocrx_word' id='word_1_686' title='bbox 798 5388 1224 5465; x_wconf 80' lang='grc' dir='ltr'>εἷσπεπεδηκὼς,</span> <span class='ocrx_word' id='word_1_687' title='bbox 1297 5394 1386 5449; x_wconf 86' lang='grc' dir='ltr'>καὶ</span> <span class='ocrx_word' id='word_1_688' title='bbox 1461 5392 1553 5458; x_wconf 73' lang='grc' dir='ltr'>οὕς</span> <span class='ocrx_word' id='word_1_689' title='bbox 1614 5395 1708 5469; x_wconf 75' lang='grc' dir='ltr'>μὲν</span> <span class='ocrx_word' id='word_1_690' title='bbox 1740 5397 1822 5470; x_wconf 81' lang='grc' dir='ltr'>τῷ</span> <span class='ocrx_word' id='word_1_691' title='bbox 1877 5394 2014 5473; x_wconf 75' lang='grc' dir='ltr'>ξίφει</span> 
     </span>
    </p>
   </div>
   <div class='ocr_carea' id='block_1_94' title="bbox 348 5475 2012 5567">
    <p class='ocr_par' dir='ltr' id='par_1_94' title="bbox 348 5475 2012 5567">
     <span class='ocr_line' id='line_1_94' title="bbox 348 5475 2012 5567; baseline 0.005 -32"><span class='ocrx_word' id='word_1_692' title='bbox 348 5475 654 5559; x_wconf 70' lang='grc' dir='ltr'>συγκόψας,</span> <span class='ocrx_word' id='word_1_693' title='bbox 705 5477 798 5544; x_wconf 69' lang='grc' dir='ltr'>οὕς</span> <span class='ocrx_word' id='word_1_694' title='bbox 837 5477 896 5536; x_wconf 78' lang='grc' dir='ltr'>δὶ</span> <span class='ocrx_word' id='word_1_695' title='bbox 949 5481 1326 5555; x_wconf 77' lang='grc' dir='ltr'>καταπλήξας,</span> <span class='ocrx_word' id='word_1_696' title='bbox 1377 5485 1469 5540; x_wconf 86' lang='grc' dir='ltr'>καὶ</span> <span class='ocrx_word' id='word_1_697' title='bbox 1518 5483 1776 5561; x_wconf 85' lang='grc' dir='ltr'>δεσμίους</span> <span class='ocrx_word' id='word_1_698' title='bbox 1832 5487 2012 5567; x_wconf 81' lang='grc' dir='ltr'>ὥσπερ</span> 
     </span>
    </p>
   </div>
   <div class='ocr_carea' id='block_1_95' title="bbox 2137 4396 3777 4485">
    <p class='ocr_par' dir='ltr' id='par_1_95' title="bbox 2137 4396 3777 4485">
     <span class='ocr_line' id='line_1_95' title="bbox 2137 4396 3777 4485; baseline -0.009 -18"><span class='ocrx_word' id='word_1_699' title='bbox 2137 4411 2389 4485; x_wconf 90' lang='lat' dir='ltr'>picatus,</span> <span class='ocrx_word' id='word_1_700' title='bbox 2421 4413 2477 4465; x_wconf 86' lang='lat' dir='ltr'>et</span> <span class='ocrx_word' id='word_1_701' title='bbox 2505 4407 2702 4464; x_wconf 71' lang='lat' dir='ltr'>Graeco</span> <span class='ocrx_word' id='word_1_702' title='bbox 2755 4404 2876 4476; x_wconf 88' lang='lat' dir='ltr'>igni</span> <span class='ocrx_word' id='word_1_703' title='bbox 2935 4401 3158 4475; x_wconf 89' lang='lat' dir='ltr'>aliquot</span> <span class='ocrx_word' id='word_1_704' title='bbox 3206 4417 3384 4456; x_wconf 90' lang='lat' dir='ltr'>naves</span> <span class='ocrx_word' id='word_1_705' title='bbox 3434 4396 3777 4456; x_wconf 77' lang='lat' dir='ltr'>Barbaricas</span> 
     </span>
    </p>
   </div>
   <div class='ocr_carea' id='block_1_96' title="bbox 2127 4491 3776 4567">
    <p class='ocr_par' dir='ltr' id='par_1_96' title="bbox 2127 4491 3776 4567">
     <span class='ocr_line' id='line_1_96' title="bbox 2127 4491 3776 4567; baseline -0.007 -10"><span class='ocrx_word' id='word_1_706' title='bbox 2127 4499 2426 4567; x_wconf 84' lang='lat' dir='ltr'>cremavit,</span> <span class='ocrx_word' id='word_1_707' title='bbox 2459 4497 2603 4555; x_wconf 88' lang='lat' dir='ltr'>alias</span> <span class='ocrx_word' id='word_1_708' title='bbox 2632 4511 2752 4551; x_wconf 88' lang='lat' dir='ltr'>una</span> <span class='ocrx_word' id='word_1_709' title='bbox 2781 4510 2916 4550; x_wconf 88' lang='lat' dir='ltr'>cum</span> <span class='ocrx_word' id='word_1_710' title='bbox 2945 4492 3085 4548; x_wconf 89' lang='lat' dir='ltr'>viris</span> <span class='ocrx_word' id='word_1_711' title='bbox 3115 4491 3418 4562; x_wconf 91' lang='lat' dir='ltr'>demersit,</span> <span class='ocrx_word' id='word_1_712' title='bbox 3479 4505 3776 4562; x_wconf 89' lang='lat' dir='ltr'>unamque</span> 
     </span>
    </p>
   </div>
   <div class='ocr_carea' id='block_1_97' title="bbox 2125 4578 3775 4664">
    <p class='ocr_par' dir='ltr' id='par_1_97' title="bbox 2125 4578 3775 4664">
     <span class='ocr_line' id='line_1_97' title="bbox 2125 4578 3775 4664; baseline -0.008 -16"><span class='ocrx_word' id='word_1_713' title='bbox 2125 4587 2588 4664; x_wconf 89' lang='lat' dir='ltr'>comprehendit,</span> <span class='ocrx_word' id='word_1_714' title='bbox 2621 4585 2679 4641; x_wconf 92' lang='lat' dir='ltr'>in</span> <span class='ocrx_word' id='word_1_715' title='bbox 2710 4598 2885 4656; x_wconf 89' lang='lat' dir='ltr'>quam</span> <span class='ocrx_word' id='word_1_716' title='bbox 2943 4581 3069 4654; x_wconf 88' lang='lat' dir='ltr'>ipse</span> <span class='ocrx_word' id='word_1_717' title='bbox 3118 4579 3351 4651; x_wconf 89' lang='lat' dir='ltr'>insiliit,</span> <span class='ocrx_word' id='word_1_718' title='bbox 3399 4578 3531 4635; x_wconf 91' lang='lat' dir='ltr'>aliis</span> <span class='ocrx_word' id='word_1_719' title='bbox 3587 4578 3775 4646; x_wconf 64' lang='lat' dir='ltr'>cassis,</span> 
     </span>
    </p>
   </div>
   <div class='ocr_carea' id='block_1_98' title="bbox 2128 4667 3776 4753">
    <p class='ocr_par' dir='ltr' id='par_1_98' title="bbox 2128 4667 3776 4753">
     <span class='ocr_line' id='line_1_98' title="bbox 2128 4667 3776 4753; baseline -0.01 -14"><span class='ocrx_word' id='word_1_720' title='bbox 2128 4681 2258 4739; x_wconf 87' lang='lat' dir='ltr'>aliis</span> <span class='ocrx_word' id='word_1_721' title='bbox 2281 4673 2710 4753; x_wconf 85' lang='lat' dir='ltr'>perterrefactis</span> <span class='ocrx_word' id='word_1_722' title='bbox 2732 4676 2790 4728; x_wconf 89' lang='lat' dir='ltr'>et</span> <span class='ocrx_word' id='word_1_723' title='bbox 2813 4673 2972 4728; x_wconf 87' lang='lat' dir='ltr'>metu</span> <span class='ocrx_word' id='word_1_724' title='bbox 2996 4670 3165 4742; x_wconf 90' lang='lat' dir='ltr'>quai</span> <span class='ocrx_word' id='word_1_725' title='bbox 3187 4668 3541 4726; x_wconf 87' lang='lat' dir='ltr'>constrictis.</span> <span class='ocrx_word' id='word_1_726' title='bbox 3564 4667 3776 4724; x_wconf 89' lang='lat' dir='ltr'>Tribus</span> 
     </span>
    </p>
   </div>
   <div class='ocr_carea' id='block_1_99' title="bbox 2125 4757 3776 4832">
    <p class='ocr_par' dir='ltr' id='par_1_99' title="bbox 2125 4757 3776 4832">
     <span class='ocr_line' id='line_1_99' title="bbox 2125 4757 3776 4832; baseline -0.01 -5"><span class='ocrx_word' id='word_1_727' title='bbox 2125 4768 2462 4828; x_wconf 89' lang='lat' dir='ltr'>triremibus</span> <span class='ocrx_word' id='word_1_728' title='bbox 2485 4763 2729 4822; x_wconf 85' lang='lat' dir='ltr'>feliciter</span> <span class='ocrx_word' id='word_1_729' title='bbox 2758 4762 2874 4818; x_wconf 86' lang='lat' dir='ltr'>ista</span> <span class='ocrx_word' id='word_1_730' title='bbox 2899 4761 3083 4828; x_wconf 89' lang='lat' dir='ltr'>ausis,</span> <span class='ocrx_word' id='word_1_731' title='bbox 3111 4759 3280 4832; x_wconf 90' lang='lat' dir='ltr'>signo</span> <span class='ocrx_word' id='word_1_732' title='bbox 3322 4759 3394 4814; x_wconf 91' lang='lat' dir='ltr'>ab</span> <span class='ocrx_word' id='word_1_733' title='bbox 3421 4757 3776 4829; x_wconf 85' lang='lat' dir='ltr'>imperatore</span> 
     </span>
    </p>
   </div>
   <div class='ocr_carea' id='block_1_100' title="bbox 2127 4844 3777 4933">
    <p class='ocr_par' dir='ltr' id='par_1_100' title="bbox 2127 4844 3777 4933">
     <span class='ocr_line' id='line_1_100' title="bbox 2127 4844 3777 4933; baseline -0.01 -16"><span class='ocrx_word' id='word_1_734' title='bbox 2127 4861 2261 4916; x_wconf 88' lang='lat' dir='ltr'>dato</span> <span class='ocrx_word' id='word_1_735' title='bbox 2321 4858 2520 4933; x_wconf 89' lang='lat' dir='ltr'>plures</span> <span class='ocrx_word' id='word_1_736' title='bbox 2574 4851 2852 4912; x_wconf 68' lang='lat' dir='ltr'>onerarias</span> <span class='ocrx_word' id='word_1_737' title='bbox 2910 4850 3184 4907; x_wconf 88' lang='lat' dir='ltr'>solvunt:</span> <span class='ocrx_word' id='word_1_738' title='bbox 3246 4848 3465 4922; x_wconf 87' lang='lat' dir='ltr'>quibus</span> <span class='ocrx_word' id='word_1_739' title='bbox 3540 4844 3777 4902; x_wconf 87' lang='lat' dir='ltr'>Barbari</span> 
     </span>
    </p>
   </div>
   <div class='ocr_carea' id='block_1_101' title="bbox 2126 4935 3774 5022">
    <p class='ocr_par' dir='ltr' id='par_1_101' title="bbox 2126 4935 3774 5022">
     <span class='ocr_line' id='line_1_101' title="bbox 2126 4935 3774 5022; baseline -0.012 -15"><span class='ocrx_word' id='word_1_740' title='bbox 2126 4947 2478 5022; x_wconf 80' lang='lat' dir='ltr'>conspectis,</span> <span class='ocrx_word' id='word_1_741' title='bbox 2497 4960 2706 5018; x_wconf 84' lang='lat' dir='ltr'>pugnae</span> <span class='ocrx_word' id='word_1_742' title='bbox 2727 4937 3325 5011; x_wconf 89' lang='lat' dir='ltr'>immemores,soluta</span> <span class='ocrx_word' id='word_1_743' title='bbox 3347 4935 3550 4992; x_wconf 82' lang='lat' dir='ltr'>aciein</span> <span class='ocrx_word' id='word_1_744' title='bbox 3573 4935 3774 5007; x_wconf 90' lang='lat' dir='ltr'>fugam</span> 
     </span>
    </p>
   </div>
   <div class='ocr_carea' id='block_1_102' title="bbox 2127 5025 3775 5108">
    <p class='ocr_par' dir='ltr' id='par_1_102' title="bbox 2127 5025 3775 5108">
     <span class='ocr_line' id='line_1_102' title="bbox 2127 5025 3775 5108; baseline -0.011 -12"><span class='ocrx_word' id='word_1_745' title='bbox 2127 5039 2388 5096; x_wconf 91' lang='lat' dir='ltr'>conversi</span> <span class='ocrx_word' id='word_1_746' title='bbox 2450 5034 2733 5108; x_wconf 88' lang='lat' dir='ltr'>paulatim</span> <span class='ocrx_word' id='word_1_747' title='bbox 2796 5033 3183 5095; x_wconf 87' lang='lat' dir='ltr'>recesserunt,</span> <span class='ocrx_word' id='word_1_748' title='bbox 3243 5026 3524 5084; x_wconf 86' lang='lat' dir='ltr'>Romanis</span> <span class='ocrx_word' id='word_1_749' title='bbox 3579 5025 3640 5079; x_wconf 89' lang='lat' dir='ltr'>in</span> <span class='ocrx_word' id='word_1_750' title='bbox 3705 5040 3775 5079; x_wconf 87' lang='lat' dir='ltr'>ea</span> 
     </span>
    </p>
   </div>
   <div class='ocr_carea' id='block_1_103' title="bbox 2125 5116 3776 5204">
    <p class='ocr_par' dir='ltr' id='par_1_103' title="bbox 2125 5116 3776 5204">
     <span class='ocr_line' id='line_1_103' title="bbox 2125 5116 3776 5204; baseline -0.011 -18"><span class='ocrx_word' id='word_1_751' title='bbox 2125 5147 2325 5204; x_wconf 90' lang='lat' dir='ltr'>pugna</span> <span class='ocrx_word' id='word_1_752' title='bbox 2353 5124 2632 5182; x_wconf 88' lang='lat' dir='ltr'>divinitus</span> <span class='ocrx_word' id='word_1_753' title='bbox 2663 5121 2840 5178; x_wconf 90' lang='lat' dir='ltr'>etiam</span> <span class='ocrx_word' id='word_1_754' title='bbox 2872 5119 3112 5192; x_wconf 88' lang='lat' dir='ltr'>adjutis.</span> <span class='ocrx_word' id='word_1_755' title='bbox 3146 5117 3294 5174; x_wconf 88' lang='lat' dir='ltr'>Nam</span> <span class='ocrx_word' id='word_1_756' title='bbox 3326 5116 3527 5204; x_wconf 90' lang='lat' dir='ltr'>subito</span> <span class='ocrx_word' id='word_1_757' title='bbox 3564 5117 3776 5170; x_wconf 86' lang='lat' dir='ltr'>ventus</span> 
     </span>
    </p>
   </div>
   <div class='ocr_carea' id='block_1_104' title="bbox 2124 5203 3775 5278">
    <p class='ocr_par' dir='ltr' id='par_1_104' title="bbox 2124 5203 3775 5278">
     <span class='ocr_line' id='line_1_104' title="bbox 2124 5203 3775 5278; baseline -0.012 -2"><span class='ocrx_word' id='word_1_758' title='bbox 2124 5203 2439 5276; x_wconf 87' lang='lat' dir='ltr'>Orientalis</span> <span class='ocrx_word' id='word_1_759' title='bbox 2496 5216 2753 5278; x_wconf 89' lang='lat' dir='ltr'>coortus,</span> <span class='ocrx_word' id='word_1_760' title='bbox 2813 5209 3093 5265; x_wconf 81' lang='lat' dir='ltr'>fluctibus</span> <span class='ocrx_word' id='word_1_761' title='bbox 3150 5223 3354 5263; x_wconf 88' lang='lat' dir='ltr'>versus</span> <span class='ocrx_word' id='word_1_762' title='bbox 3411 5203 3775 5260; x_wconf 88' lang='lat' dir='ltr'>occidentem</span> 
     </span>
    </p>
   </div>
   <div class='ocr_carea' id='block_1_105' title="bbox 2125 5292 3774 5383">
    <p class='ocr_par' dir='ltr' id='par_1_105' title="bbox 2125 5292 3774 5383">
     <span class='ocr_line' id='line_1_105' title="bbox 2125 5292 3774 5383; baseline -0.013 -17"><span class='ocrx_word' id='word_1_763' title='bbox 2125 5307 2463 5383; x_wconf 88' lang='lat' dir='ltr'>ingentibus</span> <span class='ocrx_word' id='word_1_764' title='bbox 2495 5303 2555 5358; x_wconf 88' lang='lat' dir='ltr'>in</span> <span class='ocrx_word' id='word_1_765' title='bbox 2586 5301 2974 5358; x_wconf 83' lang='lat' dir='ltr'>Barbarorum</span> <span class='ocrx_word' id='word_1_766' title='bbox 3007 5313 3184 5353; x_wconf 83' lang='lat' dir='ltr'>naves</span> <span class='ocrx_word' id='word_1_767' title='bbox 3211 5293 3520 5364; x_wconf 89' lang='lat' dir='ltr'>devolutis,</span> <span class='ocrx_word' id='word_1_768' title='bbox 3553 5292 3774 5348; x_wconf 88' lang='lat' dir='ltr'>multas</span> 
     </span>
    </p>
   </div>
   <div class='ocr_carea' id='block_1_106' title="bbox 2125 5380 3771 5464">
    <p class='ocr_par' dir='ltr' id='par_1_106' title="bbox 2125 5380 3771 5464">
     <span class='ocr_line' id='line_1_106' title="bbox 2125 5380 3771 5464; baseline -0.012 -7"><span class='ocrx_word' id='word_1_769' title='bbox 2125 5380 2462 5464; x_wconf 83' lang='lat' dir='ltr'>submersit,</span> <span class='ocrx_word' id='word_1_770' title='bbox 2486 5391 2707 5449; x_wconf 90' lang='lat' dir='ltr'>multas</span> <span class='ocrx_word' id='word_1_771' title='bbox 2728 5389 2908 5461; x_wconf 86' lang='lat' dir='ltr'>petris</span> <span class='ocrx_word' id='word_1_772' title='bbox 2931 5394 2986 5442; x_wconf 92' lang='lat' dir='ltr'>et</span> <span class='ocrx_word' id='word_1_773' title='bbox 3007 5385 3249 5443; x_wconf 86' lang='lat' dir='ltr'>occultis</span> <span class='ocrx_word' id='word_1_774' title='bbox 3280 5381 3541 5456; x_wconf 89' lang='lat' dir='ltr'>scopulis</span> <span class='ocrx_word' id='word_1_775' title='bbox 3584 5380 3771 5438; x_wconf 76' lang='lat' dir='ltr'>illisus</span> 
     </span>
    </p>
   </div>
   <div class='ocr_carea' id='block_1_107' title="bbox 2125 5473 3772 5552">
    <p class='ocr_par' dir='ltr' id='par_1_107' title="bbox 2125 5473 3772 5552">
     <span class='ocr_line' id='line_1_107' title="bbox 2125 5473 3772 5552; baseline -0.013 -5"><span class='ocrx_word' id='word_1_776' title='bbox 2125 5485 2508 5552; x_wconf 87' lang='lat' dir='ltr'>comminuit;</span> <span class='ocrx_word' id='word_1_777' title='bbox 2539 5485 2800 5539; x_wconf 89' lang='lat' dir='ltr'>vectores</span> <span class='ocrx_word' id='word_1_778' title='bbox 2830 5493 3000 5550; x_wconf 87' lang='lat' dir='ltr'>porro</span> <span class='ocrx_word' id='word_1_779' title='bbox 3031 5475 3249 5549; x_wconf 84' lang='lat' dir='ltr'>partim</span> <span class='ocrx_word' id='word_1_780' title='bbox 3273 5475 3442 5530; x_wconf 65' lang='lat' dir='ltr'>undae</span> <span class='ocrx_word' id='word_1_781' title='bbox 3460 5473 3772 5545; x_wconf 87' lang='lat' dir='ltr'>absorpse-</span> 
     </span>
    </p>
   </div>
   <div class='ocr_carea' id='block_1_108' title="bbox 1627 5661 2488 5728">
    <p class='ocr_par' dir='ltr' id='par_1_108' title="bbox 1627 5661 2488 5728">
     <span class='ocr_line' id='line_1_108' title="bbox 1627 5661 2488 5728; baseline -0.009 -4"><span class='ocrx_word' id='word_1_782' title='bbox 1627 5661 1831 5725; x_wconf 63' lang='lat' dir='ltr'>Varia</span> <span class='ocrx_word' id='word_1_783' title='bbox 1872 5662 2173 5728; x_wconf 85' lang='lat' dir='ltr'>lectiones</span> <span class='ocrx_word' id='word_1_784' title='bbox 2201 5666 2268 5725; x_wconf 86' lang='lat' dir='ltr'>et</span> <span class='ocrx_word' id='word_1_785' title='bbox 2295 5663 2488 5722; x_wconf 70' lang='lat' dir='ltr'>notae.</span> 
     </span>
    </p>
   </div>
   <div class='ocr_carea' id='block_1_109' title="bbox 429 5791 1828 5878">
    <p class='ocr_par' dir='ltr' id='par_1_109' title="bbox 429 5791 1828 5878">
     <span class='ocr_line' id='line_1_109' title="bbox 429 5791 1828 5878; baseline 0.005 -24"><span class='ocrx_word' id='word_1_786' title='bbox 429 5793 543 5871; x_wconf 89' lang='lat'>(35)</span> <span class='ocrx_word' id='word_1_787' title='bbox 568 5791 814 5855; x_wconf 82' lang='grc' dir='ltr'>Πεδῖται.</span> <span class='ocrx_word' id='word_1_788' title='bbox 845 5797 1273 5873; x_wconf 82' lang='lat' dir='ltr'>Resposuimus</span> <span class='ocrx_word' id='word_1_789' title='bbox 1301 5817 1370 5860; x_wconf 85' lang='lat' dir='ltr'>ex</span> <span class='ocrx_word' id='word_1_790' title='bbox 1400 5819 1545 5862; x_wconf 84' lang='lat' dir='ltr'>mss.</span> <span class='ocrx_word' id='word_1_791' title='bbox 1577 5799 1828 5878; x_wconf 72' lang='grc' dir='ltr'>πεδῆται.</span> 
     </span>
    </p>
   </div>
   <div class='ocr_carea' id='block_1_110' title="bbox 2189 5787 3465 5881">
    <p class='ocr_par' dir='ltr' id='par_1_110' title="bbox 2189 5787 3465 5881">
     <span class='ocr_line' id='line_1_110' title="bbox 2189 5787 3465 5881; baseline -0.013 -18"><span class='ocrx_word' id='word_1_792' title='bbox 2189 5803 2302 5881; x_wconf 78' lang='lat' dir='ltr'>(se)</span> <span class='ocrx_word' id='word_1_793' title='bbox 2332 5803 2447 5876; x_wconf 80' lang='grc' dir='ltr'>Πῦρ</span> <span class='ocrx_word' id='word_1_794' title='bbox 2479 5793 2666 5875; x_wconf 76' lang='grc' dir='ltr'>ὑγρόν.</span> <span class='ocrx_word' id='word_1_795' title='bbox 2697 5793 2845 5853; x_wconf 77' lang='lat' dir='ltr'>Vide</span> <span class='ocrx_word' id='word_1_796' title='bbox 2881 5789 3060 5850; x_wconf 72' lang='lat' dir='ltr'>Gloss.</span> <span class='ocrx_word' id='word_1_797' title='bbox 3090 5789 3233 5851; x_wconf 79' lang='lat' dir='ltr'>med.</span> <span class='ocrx_word' id='word_1_798' title='bbox 3268 5787 3465 5848; x_wconf 59' lang='lat' dir='ltr'>Greca</span> 
     </span>
    </p>
   </div>
  </div>
