4126 6396
347 379 466 439 219
1692 375 2013 438 JOANNIS

2125 376 2409 440 DNARJE
3648 382 3770 443 220

348 514 510 583 runt,
546 511 760 583 partim
791 512 976 570 ﬂuctu
1007 513 1066 568 in
1098 515 1318 570 terram
1359 511 1575 583 ejectos
1624 509 1842 567 milites
1899 511 2000 566 ob-

2125 513 2189 582 ιῷ
2247 508 2353 566 δέει
2405 510 2907 588 παήειληφώς.Ὡς
2965 508 3012 566 δ’
3064 510 3208 567 οὕτω
3261 516 3384 576 ταῖς
3429 512 3576 589 τρισὶ
3604 515 3772 588 τριή-

347 602 530 657 sessis
545 600 1702 658 littoribustrucidarunt.Barbarororum
1727 598 2002 654 multitu-

2125 619 2229 672 οεσι
2281 603 2658 676 κατευτυχήθη
2713 603 2746 670 ἡ
2805 602 2942 655 κατὰ
2991 605 3101 656 τῶν
3159 599 3412 656 ἕναντίων
3461 600 3770 674 ἐπέλευσις,

348 690 483 744 dine
517 693 589 745 ad
621 690 780 747 hunc
812 693 1054 748 modum
1086 691 1392 753 debellata,
1445 689 1766 760 imperator
1821 689 2000 745 victo-

2125 689 2202 742 ιαὶ
2233 688 2428 752 ἄλλαις
2483 695 2590 744 τῶν
2649 687 2896 744 ὁλκάδων
2928 701 3179 762 συνθημα
3230 691 3499 766 παρέσχεν
3558 691 3586 745 6
3620 693 3776 767 βασι-

345 779 433 834 ria
461 777 714 835 illustris
746 780 804 835 in
837 781 1057 852 regiam
1087 783 1494 846 reversusest.

2125 776 2258 847 λεὺς,
2309 780 2398 832 καὶ
2447 779 2714 855 ἀνήγοντο
2762 778 3046 843 πλείονες·
3104 779 3166 841 ἃς
3227 781 3462 856 ὁρῶντες
3515 779 3777 843 ἐπιούσας

349 865 400 918 οἱ
434 860 727 940 Βάρϐαροι,
763 867 940 922 οὐκέτι
977 869 1161 943 μάχης
1195 865 1527 939 ἐμέμνηντο,
1560 862 1705 919 (Ξιλλιὶ⁵
1735 864 1831 933 τήν
1868 863 2111 938 σύνταξιν
2164 863 2540 938 διαλύσαντες,
2593 868 2843 943 πρύμναν
2895 866 3245 943 ἐκρούσαντο,
3292 867 3384 922 καὶ
3436 868 3776 942 ὡρμήκεσαν

350 953 427 1016 εἷς
463 957 660 1032 φυγήν.
723 956 1082 1031 Συνεμάχησε
1108 953 1166 1010 δὲ
1191 954 1482 1028 Ῥωμαίοις
1514 953 1636 1009 τότε
1667 952 1756 1008 καὶ
1809 952 2012 1018 ἄνωθέν
2059 974 2141 1016 τις
2193 953 2358 1032 ῥοπή·
2418 960 2633 1029 πνεῦμα
2680 955 2785 1032 γὰρ
2835 955 3088 1034 ἐξαίφνης
3141 954 3380 1032 σκληρὸν
3443 961 3678 1011 πνεῦσαν
3723 957 3780 1028 ἐξ

346 1043 520 1116 Ἓῲας
569 1045 708 1118 πρὸς
736 1045 804 1099 τὰ
831 1046 1109 1119 Ἑσπέρια,
1140 1044 1229 1100 καὶ
1260 1041 1544 1120 καταιγίδα
1568 1047 1812 1116 κινῆσαν,
1843 1048 1961 1106 τοῖς
1991 1049 2098 1099 τῶν
2132 1039 2432 1121 Βαρϐάρων
2462 1045 2726 1118 ἐπήνεκτο
2759 1044 3002 1122 σκάφεσι,
3035 1045 3123 1099 καὶ
3152 1042 3341 1100 πολλὰ
3369 1044 3463 1119 μὲν
3487 1043 3778 1114 ἐπέκλυσε,

346 1133 437 1188 καὶ
467 1134 544 1206 τῷ
581 1135 730 1208 βυθῷ
759 1132 1130 1210 παραδέδωκε,
1156 1132 1339 1190 κολλά
1367 1133 1414 1190 δ’
1446 1132 1677 1208 ὑφάλοις
1707 1135 1926 1208 πέτραις
1956 1134 2046 1188 καὶ
2080 1133 2375 1198 σκοπέλοις
2409 1135 2745 1213 προσήρῥαξε
2773 1136 2863 1191 καὶ
2894 1137 3196 1211 συνέτριψε.
3228 1135 3303 1190 Τὰ
3353 1131 3411 1191 δέ
3453 1156 3519 1212 γε
3561 1134 3776 1192 τούτων

345 1221 714 1297 πληρώματα,
744 1224 869 1286 τοὺς
899 1227 992 1299 μὲν
1025 1227 1085 1280 τὸ
1118 1223 1264 1300 ὕδωρ
1299 1223 1556 1299 ἐκάλυψε,
1584 1222 1712 1286 τοὺς
1741 1220 1798 1277 δὲ
1830 1223 2106 1300 σύνταγμα
2139 1227 2507 1301 στρατιοτικὸν
2543 1223 2826 1304 ἐφεδρεῦον
2852 1231 2973 1288 ταῖς
3003 1227 3155 1296 ήϊόσι
3185 1223 3508 1300 διέφθειρεν,
3538 1220 3772 1300 έκϐρασ-

346 1311 605 1384 σομένους
631 1317 727 1367 τοῦ
758 1311 1063 1377 κλύδωνος·
1099 1314 1242 1371 οὕτω
1271 1312 1328 1369 δὲ
1359 1314 1910 1388 καταπολεμηθέντος
1946 1317 2044 1368 τοῦ
2072 1319 2178 1369 τῶν
2212 1311 2509 1392 Βαρϐάρων
2542 1313 2810 1387 πλήθους,
2846 1318 2874 1370 6
2919 1315 3174 1392 βασιλεὺς
3217 1319 3636 1393 τροπαιοφορῶν
3697 1314 3779 1377 εἷς

341 1401 409 1454 τὰ
437 1399 702 1474 ἀνάκτορα
732 1401 1090 1475 έπανέζετξεν·

417 1493 566 1550 255
598 1493 769 1551 XXV.
804 1497 1078 1568 Exposito
1113 1512 1228 1552 uno
1282 1495 1594 1550 Barbarico
1647 1493 1800 1550 bello
1848 1495 2003 1549 Tau-

341 1581 772 1653 roscytharum,
806 1585 877 1640 ad
911 1585 1153 1640 alterius
1205 1585 1417 1655 gentis,
1469 1584 1795 1638 Turcorum
1845 1583 2003 1638 vide-

340 1668 499 1740 licet,
533 1676 762 1728 motum
793 1678 884 1728 est
911 1674 1354 1740 transeundem,
1407 1672 1508 1744 qui
1539 1675 1833 1728 Orientem
1878 1676 2001 1726 tum

273 1832 280 1838 ἢ
342 1759 716 1830 invaserunt,
745 1767 800 1817 et
825 1763 885 1816 in
913 1762 1071 1818 hunc
1098 1779 1284 1834 usque
1305 1763 1460 1818 diem
1484 1761 1544 1817 in
1579 1762 1818 1818 festant.
1854 1764 2002 1816 Sunt

345 1853 542 1905 autem
573 1851 747 1906 Turci
777 1868 922 1922 gens
979 1853 1267 1917 Hunnica,
1319 1851 1779 1924 populosissima
1827 1855 1884 1906 et
1931 1849 1999 1904 li-

2190 1496 2316 1551 KE‘.
2349 1496 2441 1557 Εἷς
2477 1495 2571 1568 μὲν
2606 1492 2673 1564 δὴ
2704 1493 2950 1568 πόλεμος
2989 1489 3322 1571 βαρϐαρικὸς
3355 1493 3554 1550 οὗτωσὶ
3587 1491 3779 1566 δεδιή-

2115 1605 2301 1658 γηται,
2335 1583 2570 1658 εἰρήσθω
2611 1581 2668 1638 δὲ
2724 1585 2811 1638 καὶ
2868 1583 3024 1658 ἑτέρα
3067 1605 3150 1646 τις
3205 1582 3516 1660 συγκίνησις
3565 1579 3778 1654 ἔθνους,

2117 1672 2151 1742 ἢ
2201 1675 2324 1728 τότε
2350 1680 2449 1742 τὴν
2484 1674 2654 1746 Ἐῴαν
2690 1667 2930 1742 διέλαϐε,
2981 1674 3072 1728 καὶ
3121 1672 3288 1748 μέχρι
3347 1677 3446 1727 τοῦ
3476 1677 3567 1727 νῦν
3600 1673 3772 1740 αὐτὴν

2116 1757 2482 1832 ἐπιϐόσκεται,
2539 1762 2666 1825 τοὺς
2723 1762 2994 1838 Τούρκους
3027 1762 3190 1840 φημί.
3251 1762 3373 1820 Εἰσὶ
3409 1761 3502 1835 μέν
3533 1761 3624 1817 οὖν
3659 1765 3779 1836 (37)

2114 1849 2264 1906 οὗτοι
2321 1851 2472 1926 γέιος
2521 1873 2571 1907 τι
2625 1852 2883 1909 Οὐννικὸν
2932 1855 3065 1925 (38),
3101 1851 3280 1907 οἰκοῦν
3311 1851 3378 1906 τὰ
3435 1853 3779 1928 προσάρκτια

343 1937 505 2006 hera,
538 1939 951 1996 Caucasiorum
987 1941 1278 1996 montium
1337 1940 1797 2013 septentrionale
1844 1938 1999 1995 latus

2125 1945 2214 1995 τῶν
2277 1925 2588 1996 Καυκασίων
2649 1942 2814 2016 ὁρῶν,
2872 1938 3232 2010 πολυπληθὶς
3288 1940 3378 1995 καὶ
3437 1925 3768 2014 αὐτόνομον.

346 2027 633 2084 accolens.
666 2033 812 2085 Nam
835 2047 968 2085 cum
993 2031 1199 2100 Persae,
1238 2029 1652 2086 Macedonibus
1684 2031 1835 2084 inter
1869 2044 1999 2085 sese

345 2117 1044 2192 dimicantibus,regnum
1068 2137 1267 2190 suum,
1287 2124 1353 2174 ut
1376 2137 1554 2190 supra
1566 2123 1868 2175 ostensum
1888 2123 1998 2186 est,

343 2213 818 2279 recuperassent,
875 2209 1032 2265 idem
1089 2226 1124 2265 a
1181 2209 1523 2265 Sarracenis
1582 2208 1716 2264 victi
1773 2212 1830 2264 et
1895 2224 1998 2278 op-

344 2295 555 2369 pressi,
583 2314 790 2353 rursus
819 2299 1165 2354 amiserunt.
1201 2297 1507 2360 Sarraceni
1542 2315 1693 2369 vero,
1728 2315 1845 2353 non
1897 2296 2003 2352 uni

347 2384 606 2457 principi
635 2391 979 2458 paruerunt,
1016 2388 1116 2443 sed
1149 2387 1434 2444 seditione
1479 2387 1632 2442 inter
1659 2387 1820 2458 ipsos
1850 2389 1999 2455 orta,

341 2472 404 2530 in
437 2474 721 2532 factiones
765 2475 962 2542 divisi,
977 2476 1076 2532 alii
1105 2476 1253 2533 alios
1283 2481 1720 2549 oppugnarunt.
1757 2475 2002 2530 Muchu-

349 2568 543 2620 metus
631 2565 814 2637 igitur
889 2565 1193 2622 Imbraelis
1266 2565 1446 2633 filius,
1528 2566 1808 2633 Persidis,
1859 2564 2006 2620 Cho-

348 2652 726 2721 rasmiorum,
757 2654 981 2723 Mediae,
1013 2660 1070 2710 et
1101 2655 1352 2712 aliorum
1387 2655 1783 2726 quorumdam
1815 2671 2001 2726 popu-

357 2740 552 2798 lorum
580 2743 835 2814 princes,
861 2745 1228 2816 temporibus
1254 2743 1448 2799 Basilii
1473 2743 1764 2816 Porphyro
1796 2742 2003 2816 geniti,

354 2848 490 2887 cum
527 2838 802 2905 suscepto
861 2839 1066 2889 contra
1123 2834 1298 2890 Indos
1338 2838 1396 2889 et
1445 2832 1796 2906 Babylonios
1857 2831 2005 2888 bello

351 2921 785 2994 succubuisset,
832 2923 1159 2978 Turcorum
1217 2921 1450 2978 auxiliis
1503 2921 1802 2978 accersitis
1856 2922 2007 2977 Tan-

353 3009 638 3082 grolipice
682 3010 970 3066 Mucaleto
1030 3011 1195 3078 duce,
1251 3011 1451 3067 hostes
1512 3011 1848 3082 superavit:
1900 3012 2003 3066 do-

354 3114 640 3171 mumque
661 3115 952 3168 reversus,
977 3101 1195 3156 Turcos
1229 3101 1301 3155 ad
1345 3117 1454 3156 sua
1489 3101 1677 3156 redire
1709 3117 1823 3156 non
1855 3099 2008 3168 sivit,

351 3187 454 3244 sed
480 3188 731 3244 retinere
767 3187 974 3258 voluit,
1010 3194 1072 3243 ut
1123 3206 1323 3244 eorum
1374 3205 1552 3261 opera
1603 3195 1806 3246 contra
1865 3190 2011 3246 alios

2108 2031 2258 2085 Ἐπεὶ
2291 2027 2336 2084 δ’
2367 2033 2401 2100 ἡ
2433 2034 2652 2107 Περσῶν
2681 2030 2853 2106 ἀρχὴ,
2907 2031 3015 2084 τῶν
3066 2027 3395 2087 Μακεδόνων
3433 2028 3512 2108 ἐφ’
3544 2028 3771 2091 ἑαυτοὺς

2106 2121 2438 2195 τραπέντων,
2507 2119 2599 2174 καὶ
2676 2117 3134 2194 ἀντιμαχομένων
3206 2116 3506 2189 ἀλλήλοις,
3576 2114 3775 2193 ἴσχυσε

2110 2207 2274 2264 πάλιν
2333 2209 2431 2278 τὴν
2492 2208 2672 2284 ἀρχὴν
2725 2207 3121 2277 ἀνασώσασθαι,
3175 2207 3252 2270 ὡς
3308 2203 3609 2282 ἔμπροσθέν
3672 2228 3769 2280 μοι

2111 2295 2418 2371 ῗστόρηται,
2467 2299 2502 2367 ἠ
2565 2294 2613 2351 δ’
2672 2296 2821 2359 αὗθις
2882 2296 2987 2351 ὑπὸ
3036 2300 3366 2371 Σαρακηνῶν
3394 2295 3491 2365 τὴν
3527 2293 3772 2365 ἐξουσίαν

2114 2387 2366 2466 ἀφήρητο
2426 2384 2735 2442 δεδούλωτό
2811 2407 2871 2442 τε
2937 2390 3300 2462 Σαρακηνοῖς,
3370 2385 3460 2440 καὶ
3527 2383 3634 2462 οὐχ
3681 2381 3780 2439 ἕνα

2112 2477 2249 2546 ἦσαν
2305 2476 2546 2553 ἡγεμόνα
2599 2473 2900 2544 τελοῦντες,
2932 2473 3069 2548 πρὸς
3102 2471 3390 2546 ἀλλήλους
3416 2495 3474 2529 τε
3503 2473 3593 2529 καὶ
3621 2473 3776 2528 οὗτοι

2115 2567 2516 2634 στασιάσαντες,
2550 2565 2628 2628 εἷς
2715 2562 3045 2628 ἀντιπάλους
3087 2561 3281 2640 μοίρας
3339 2560 3628 2638 διῄρηντο,
3687 2562 3779 2616 καὶ

2117 2654 2393 2726 ἀλλήλοις
2425 2656 2673 2728 έπῆεσαν,
2725 2654 3062 2731 Μουχούμετ
3119 2654 3212 2708 οὖν
3271 2653 3422 2707 ὁτοῦ
3478 2646 3770 2728 Ἰμϐραῆλ,

2118 2742 2383 2816 Περσίδος
2441 2747 2629 2821 ἄρχων
2679 2745 2768 2799 καὶ
2827 2743 3191 2820 Χωρασμίων,
3253 2741 3343 2798 καὶ
3400 2738 3638 2812 Μηδίας,
3690 2739 3774 2795 καί

2116 2856 2277 2890 τινων
2337 2831 2524 2890 ἄλλων
2563 2877 2577 2903 ,
2640 2833 2887 2906 πόλεμον
2940 2829 3113 2910 ἤρατο
3170 2832 3307 2887 κατὰ
3362 2830 3490 2893 τοὺς
3543 2831 3779 2906 χρόνους

2118 2923 2407 2982 Βασιλείου
2465 2929 2561 2978 τοῦ
2618 2925 3170 3002 Πορφυρογεννήτου,
3219 2921 3356 2976 κατὰ
3406 2916 3775 2978 Βαϐυλωνίων

2117 3036 2177 3070 τε
2205 3014 2297 3070 καὶ
2359 3011 2563 3082 Ἰνδῶν,
2595 3014 2910 3086 ἡττώμενος
2960 3010 3017 3067 δὲ
3048 3012 3401 3086 συμμαχικὸν
3435 3009 3495 3065 έκ
3522 3009 3778 3086 Τούρκων

2125 3095 2528 3169 μετεπέμψατο.
2577 3096 2675 3151 Ἦν
2703 3091 2760 3148 δὲ
2788 3099 2904 3157 τοῖς
2964 3091 3039 3154 εἷς
3093 3091 3411 3166 συμμαχίαν
3447 3087 3666 3155 ἐλθοῦσι
3697 3094 3780 3162 τῷ

2123 3183 2458 3260 Μουχούμετ
2489 3189 2886 3260 ταγματάρχης
2914 3181 3283 3258 Ταγγρολίπιξ
3311 3179 3623 3249 Μουκάλετ,
3662 3179 3786 3252 μεθ’

355 3292 589 3348 quoque
620 3281 904 3332 uteretur.
964 3277 1073 3341 Qui
1132 3294 1264 3333 cum
1325 3278 1568 3334 domum
1623 3279 1831 3346 redire,
1897 3277 2007 3334 nisi

2125 3275 2198 3328 ῶν
2261 3275 2288 3328 6
2348 3271 2688 3349 Μουχούμετ
2741 3278 2859 3337 τοῖς
2909 3272 3205 3334 ἀντιθέτοις
3250 3266 3605 3345 προσϐαλὼν,
3654 3289 3786 3344 τρο-

351 3381 457 3437 per
481 3366 750 3421 Araxidis
781 3370 1020 3437 pontem
1054 3367 1368 3438 nequirent
1396 3367 1633 3437 (ﬂuvius
1664 3368 1714 3423 is
1746 3371 1856 3436 est,
1907 3369 2009 3439 qui

352 3454 591 3510 nonnisi
639 3460 818 3525 ponte
873 3458 1142 3527 superari
1190 3460 1384 3528 potest
1443 3457 1722 3528 utrinque
1775 3457 2010 3525 turrito,

353 3558 529 3614 quem
562 3541 889 3615 praesidiari
951 3544 1168 3601 milites
1225 3546 1548 3616 tenebant),
1602 3546 1902 3615 deﬁciunt,
1957 3550 2015 3601 et

353 3636 588 3688 montes
617 3639 907 3706 occupant
937 3634 1096 3706 (nam
1131 3651 1264 3690 cum
1301 3635 1494 3690 tribus
1527 3635 1791 3691 millibus
1816 3635 2014 3708 plures

353 3739 472 3779 non
503 3728 724 3794 essent,
756 3740 892 3779 cum
940 3724 1144 3780 multis
1204 3724 1470 3780 millibus
1527 3726 1650 3780 acie
1703 3726 2013 3781 decernere

355 3829 476 3867 non
497 3812 835 3882 audebant),
860 3815 1012 3869 unde
1034 3819 1470 3885 procurrentes,
1511 3815 1830 3870 Saracenos
1865 3831 2013 3887 prae-

351 3902 582 3957 dantur.
613 3902 1018 3959 Mucbemetus
1048 3920 1180 3959 vero
1211 3905 1284 3959 ad
1315 3921 1389 3958 xx
1438 3902 1626 3959 millia
1671 3909 1873 3960 contra
1919 3922 2018 3960 eos

357 3989 560 4059 mittit,
595 3993 797 4047 decem
828 3993 1080 4048 ducibus
1111 4010 1140 4048 ο
1168 3992 1294 4048 suis
1354 3991 1736 4065 popularibus
1781 4010 2017 4049 summa

356 4079 496 4136 belli
522 4081 762 4147 credita,
794 4098 944 4153 quos
980 4081 1148 4136 Turci
1210 4087 1386 4138 noctu
1446 4083 1703 4154 aggressi
1760 4084 2018 4139 maxima

358 4184 429 4226 ex
459 4175 621 4242 parte
651 4170 822 4226 facile
853 4171 1229 4227 trucidarunt
1257 4198 1271 4237 ;
1304 4173 1568 4244 reliquiae
1601 4189 1736 4228 cum
1761 4173 1887 4228 suis
1908 4172 2018 4228 du-

359 4258 528 4315 cibus
559 4260 632 4316 ad
665 4259 1110 4315 Mucbumetum
1157 4261 1479 4317 redierunt.
1544 4263 1602 4316 ls
1649 4262 1851 4318 decem
1902 4261 2018 4317 illis

363 4347 616 4404 ducibus
640 4349 964 4417 excaecatis,
986 4354 1043 4405 et
1064 4348 1353 4406 militibus
1384 4349 1755 4406 atrocissima
1775 4366 2021 4422 quaeque

362 4436 782 4502 comminatus,
816 4437 1007 4493 ell‘ecit
1029 4443 1093 4493 ut
1115 4456 1231 4510 prae
1263 4443 1419 4494 metu
1445 4439 1517 4494 ad
1541 4440 1766 4494 Turcos
1815 4439 2020 4494 coniu-

365 4530 588 4597 gerent.
621 4526 666 4581 Ii
698 4542 830 4582 vero
853 4527 982 4598 jam
1011 4526 1142 4582 aliis
1190 4543 1422 4600 quoque
1471 4527 1672 4583 multis
1713 4526 2020 4583 conﬂuen-

362 4614 546 4682 tibus,
580 4615 767 4671 servis
798 4621 854 4670 et
887 4616 1234 4672 facinorosis
1281 4615 1645 4686 hominibus,
1679 4616 1778 4688 qui
1812 4632 2021 4671 manu-

363 4703 504 4760 bilis
559 4710 618 4761 et
670 4705 896 4776 rapinis
954 4705 1325 4777 gaudebant,
1387 4722 1704 4761 numeroso
1763 4705 2022 4761 confecto

365 4792 645 4860 exercitu,
679 4792 878 4864 praelio
911 4809 1046 4848 cum
1081 4794 1461 4849 Muchumeto
1492 4794 1647 4849 circa
1695 4794 2020 4866 Apascbam

365 4875 707 4951 commisso,
737 4881 959 4938 multos
995 4884 1346 4939 Sarracenas
1386 4883 1743 4954 ceciderunt,
1779 4900 1843 4939 ac
1876 4883 2027 4940 inter

370 4971 516 5028 alios
558 4971 684 5042 ipse
733 4988 966 5043 quoque
1021 4971 1436 5028 Mucbumetus
1494 4971 1717 5028 cecidit.
1761 4973 2026 5046 Tangro-

367 5059 512 5133 lipix
540 5059 726 5134 igitur
751 5077 1046 5116 consensu
1079 5060 1445 5116 exercituum
1479 5061 1726 5134 imperio
1759 5065 2026 5119 omnium

368 5149 632 5222 gentium
667 5166 794 5220 quae
827 5149 1205 5205 Muchumeto
1231 5155 1576 5221 paruerunt,
1613 5156 1872 5223 accepto,
1907 5157 2030 5209 tur-

369 5252 465 5295 res
495 5238 695 5310 pontis
748 5239 1022 5294 Araxidis
1075 5241 1300 5294 evertit.
1362 5239 1546 5295 Fluvii
1599 5257 1772 5313 porro
1830 5247 2028 5299 trans-

371 5326 458 5382 itu
499 5326 812 5399 patefacto,
857 5343 1074 5400 magna
1129 5327 1282 5386 256
1332 5328 1658 5386 Turcorum
1709 5329 2030 5388 multitudo

2055 4668 2101 4734 D

2125 3367 2321 3418 ποῢται
2382 3363 2595 3436 αὐτοὺς,
2647 3361 2737 3417 καὶ
2795 3361 3079 3432 ἀναζεύξας
3127 3361 3202 3425 εἷς
3246 3361 3314 3415 τὰ
3344 3359 3538 3431 οἰκεῖα,
3571 3357 3671 3414 οὐκ
3703 3355 3791 3412 ε’ία

2122 3451 2251 3516 τοὺς
2309 3452 2589 3528 Τούρκους
2648 3451 2725 3515 εἰς
2782 3452 2882 3522 τήν
2963 3453 3163 3506 ἑαυτῶν
3248 3448 3600 3523 ὑποστρέψαι,
3654 3444 3787 3502 ἀλλ’

2124 3540 2290 3612 ἤθελε
2362 3540 2764 3617 παρακατέχειν
2837 3540 3057 3612 αὐτοὺς,
3126 3538 3220 3594 ’ίνα
3278 3539 3369 3594 καὶ
3444 3536 3525 3616 ἐφ’
3579 3537 3790 3611 ἑτέροις

2125 3635 2311 3707 χρῷτο
2373 3629 2690 3706 συμμάχοις
2750 3629 2954 3692 αὐτοῖς.
3015 3630 3084 3686 Ol.
3142 3626 3200 3683 δὶ
3249 3629 3324 3701 μὴ
3385 3625 3579 3682 οἷοίτε
3634 3621 3789 3688 ὄντες

2126 3721 2333 3775 ἀπιέναι
2391 3719 2528 3795 πρὸς
2557 3722 2658 3789 τήν
2690 3717 2968 3798 σφετέραν,
3029 3717 3072 3772 εί
3136 3719 3212 3791 μὴ
3248 3715 3432 3779 αὐτοῖς
3484 3713 3693 3785 ἀνεθείη
3747 3715 3784 3784 ἡ

2123 3814 2221 3865 τοῦ
2253 3807 2531 3884 Ἀράξιδος
2580 3811 2785 3886 γέφυρα
2833 3808 3099 3882 (ποταμὸς
3133 3805 3179 3861 δ’
3211 3804 3370 3868 οὗτός
3404 3804 3569 3876 ἐστιν,
3605 3802 3652 3858 εί
3705 3805 3783 3875 μή

2129 3898 2217 3955 διὰ
2245 3907 2343 3970 τῆς
2397 3898 2630 3978 γεφύρας
2688 3899 2748 3953 οὐ
2801 3898 3056 3975 περατὸς,
3096 3893 3222 3966 ἡδὶ
3277 3896 3487 3971 γέφυρα
3544 3892 3784 3968 έπεπύρ-

2125 4010 2270 4066 γωτο
2330 3989 2678 4064 ἑκατέρωθεν,
2740 3988 2829 4043 καὶ
2885 3987 3000 4050 τοίς
3058 3987 3293 4062 πύργοις
3350 3982 3582 4061 φρουροὶ
3639 3981 3778 4058 ἐφει-

2129 4081 2442 4154 στήκεσαν),
2497 4078 2880 4149 ἀποστατοῢσι,
2942 4077 3034 4132 καὶ
3091 4076 3169 4138 εἷς
3227 4071 3328 4151 ὅρη
3388 4070 3774 4152 καταφυγόντες

2129 4171 2214 4243 (ου
2270 4171 2373 4246 γὰρ
2431 4168 2687 4246 ἐθάρρουν
2746 4189 2892 4230 οντες
2972 4164 3297 4242 τρισχίλιοι.
3368 4164 3508 4240 πρὸς
3563 4157 3778 4220 πολλὰς

2129 4259 2268 4314 κατὰ
2331 4255 2596 4329 συστάδην
2663 4257 2999 4334 μαχέσασθαι
3065 4252 3377 4330 μυριάδας),
3437 4251 3792 4328 ὲκτρέχοντες

2132 4349 2357 4417 ἐκεῖθεν,
2411 4347 2480 4402 τὰ
2530 4352 2637 4402 τῶν
2700 4349 3034 4420 Σαρακηνῶν
3092 4341 3381 4415 ἐληΐζοντο
3415 4383 3429 4398 .
3489 4341 3796 4413 Ἐκπέμπει

2131 4437 2307 4492 τοίνυν
2357 4437 2475 4491 κατ’
2504 4435 2678 4490 αὐτῶν
2731 4437 2759 4490 ὁ
2813 4433 3150 4510 Μουχούμετ
3191 4431 3497 4509 στράτενμα
3526 4429 3652 4505 περί
3682 4449 3795 4483 που

2132 4525 2226 4588 τὰς
2282 4524 2456 4580 εἴκοσι
2512 4521 2772 4601 χιλιάδδς
2804 4569 2820 4592 ,
2880 4522 3008 4579 δέκα
3060 4528 3172 4578 τῶν
3229 4523 3509 4596 ὁμογενῶν
3563 4516 3798 4592 ἀνδράσι

2131 4615 2231 4684 τὴν
2310 4614 2486 4670 αὐτῶν
2535 4614 2854 4690 ἀγχειρίσας
2903 4611 3221 4690 ἠγεμονίαν.
3283 4613 3378 4673 Οἷς
3439 4611 3491 4665 οἱ
3543 4611 3794 4684 Τοῦρκον

2133 4704 2326 4768 νυκτὸς
2383 4703 2714 4778 ἐπιθέμενοι,
2777 4703 2944 4779 ῥᾷστα
2991 4701 3120 4764 τοὺς
3177 4701 3404 4762 πλείους
3460 4698 3792 4771 κατέκοψαν.

2135 4795 2204 4850 Οἱ
2236 4791 2293 4849 δὶ
2348 4794 2734 4871 περισωθέντες
2772 4792 2865 4848 σὺν
2917 4797 3035 4854 τοῖς
3091 4791 3268 4846 αὐτῶν
3329 4790 3656 4865 στρατηγοῖς
3713 4786 3795 4848 εἷς

2134 4884 2224 4939 τὸν
2258 4884 2594 4960 Μουχούμετ
2628 4882 3120 4952 ἀνθυπενόστησαν.
3180 4882 3236 4933 ’0
3285 4877 3344 4934 δὶ
3372 4879 3501 4940 τοὺς
3536 4877 3630 4951 μὶν
3666 4872 3797 4929 δέκα

2134 4981 2234 5044 τῆς
2287 4978 2538 5050 στρατιᾶς
2622 4971 2895 5047 ἡγεμόνας
2955 4968 3313 5045 έξετύφλωσε,
3371 4967 3506 5024 κατὰ
3565 4964 3624 5020 δὲ
3679 4968 3791 5019 τῶν

2135 5063 2546 5138 περισωθέντων
2599 5065 2944 5136 στρατιωτῶν
2999 5057 3222 5132 ἠπείλει
3277 5055 3550 5128 διαθήσειν
3600 5052 3802 5114 αὐτοὺς

2135 5152 2204 5207 τὰ
2233 5151 2505 5227 χείριστα.
2538 5150 2601 5204 Οἱ
2651 5146 2710 5204 δὲ
2753 5146 3047 5218 δείσαντες,
3109 5153 3226 5213 τοῖς
3281 5145 3545 5221 Τούρκοις
3600 5143 3804 5220 προσέ-

2141 5242 2316 5297 θεντο.
2390 5237 2535 5310 ’Ήδη
2614 5235 2672 5294 δὲ
2732 5239 2822 5293 καὶ
2880 5236 3066 5294 ἄλλων
3118 5235 3500 5312 προσρυέντων
3562 5235 3802 5309 συχνῶν,

2143 5327 2355 5385 δούλων
2414 5349 2474 5385 τε
2529 5327 2620 5384 καὶ
2675 5327 3036 5406 κακούργων,
3117 5323 3440 5398 λεηλασίαις
3493 5321 3804 5400 χαιρόντων

1659 5505 1862 5568 Variae
1891 5506 2194 5569 lectiones
2225 5510 2289 5568 et
2317 5511 2509 5569 notae.

448 5649 561 5734 (37)
593 5647 716 5734 Εἰσὶ
748 5650 841 5724 μὶν
874 5654 987 5734 οὗν.
1016 5656 1102 5734 pe
1132 5656 1480 5734 Turcorum
1521 5657 1747 5734 origine
1792 5659 2028 5734 copiose

377 5727 522 5782 satis
597 5727 830 5796 egimus
885 5729 945 5788 in
1013 5729 1180 5788 Notis
1255 5732 1330 5788 ad
1413 5727 1726 5804 Nicepiiori
1797 5727 2031 5806 Bryenii

2134 5657 2430 5732 Histtlib.
2457 5658 2509 5730 1,
2543 5675 2602 5732 n_.
2627 5659 2684 5715 7.
2863 5731 2867 5732 ν
2896 5726 2911 5732 ,
2961 5728 2968 5732 _

2216 5729 2329 5806 (38)
2358 5726 2642 5789 Οὗννικόν.
2673 5733 2813 5789 Mss.
2846 5726 3092 5786 Οὗνικόν.
