4126 6370
327 395 446 456 221

1626 397 2042 460 ANNALIUM
2087 400 2234 460 LIB.
2283 400 2473 462 XVII.

3639 401 3758 463 222

327 525 422 582 καὶ
465 525 758 602 ἀρπαγαις,
809 523 1166 598 ποΛυπληθὲς
1214 524 1459 603 ἐγένοντο
1517 527 1842 602 στράτευμα,
1902 508 1987 584 καῖ

2112 533 2181 586 ad
2214 547 2349 588 eum
2381 549 2444 588 se
2501 532 2772 589 contulit.
2831 534 2924 590 Sic
2971 534 3204 606 magnis
3260 533 3443 606 copiis
3493 533 3757 590 Turcicis

327 619 409 686 τῷ
466 613 810 690 Μουχούμετ
863 614 988 692 περῖ
1017 615 1079 670 τὸ
1138 616 1414 692 ’Λπασχάν
1452 618 1563 690 (39)
1597 615 1986 693 συῤῥήγνυνται

331 703 427 758 καὶ
484 703 711 759 πολλῶν
770 701 1043 760 πεσόντων
1073 704 1161 760 καὶ
1211 710 1562 780 Σαρακηνῶν,
1611 709 1699 762 καὶ
1753 707 1912 769 αὐτὸς
1960 710 1988 762 ὁ

338 795 670 870 Μουχούμετ
755 789 1084 871 διέφθαρτο.
1166 793 1615 868 Ὁμονοησάντων
1704 795 1793 850 οὖν
1878 801 1986 852 τῶν

347 882 776 958 στρατευμάτων,
837 885 984 959 παρά
1053 882 1267 938 πάντων
1337 885 1364 939 6
1444 883 1816 961 Ταγκρολίπιξ
1886 887 1988 954 τήν

347 973 525 1049 ἀρχὴν
555 975 658 1026 τῶν
697 973 800 1027 ὑπὸ
847 972 939 1027 τὸν
999 973 1330 1049 Μουχούμετ
1388 973 1726 1051 ἐνεχειρίσθη
1759 979 1984 1052 χωρῶν.

341 1060 584 1134 Αἱρεθεὶς
616 1059 661 1115 δ’
692 1060 769 1123 εἷς
801 1061 1123 1136 ἡγεμονίαν,
1156 1062 1374 1138 πεμψας
1413 1064 1541 1127 τοὺς
1568 1063 1621 1120 ἐν
1664 1067 1734 1138 τῇ
1782 1064 1990 1140 γεφύρᾳ

338 1153 432 1204 τοῦ
457 1147 737 1224 Ἀράξιδος
767 1149 1006 1227 πύργους
1034 1147 1353 1209 κατέϐαλεν.
1414 1152 1571 1210 Οὕτω
1622 1149 1668 1207 δ’
1713 1152 1988 1222 ἀνεθείσης

336 1243 451 1300 τοῖς
502 1238 766 1315 Τοόρκοις
819 1246 920 1310 τῆς
970 1237 1156 1296 διόδου
1201 1245 1299 1297 τοῦ
1345 1246 1620 1316 ποταμοῦ,
1680 1239 1824 1296 πολὺ
1879 1247 1987 1296 τῶν

336 1322 637 1402 Βαρϐάρων
691 1329 901 1384 τούτων
954 1329 1170 1400 πλῆθος
1231 1331 1540 1408 προσερῥύη
1598 1335 1678 1404 τῷ
1748 1332 1989 1406 Τάγκρο-

335 1415 539 1490 λίπικι,
572 1417 663 1473 καὶ
695 1423 860 1495 χεῖρα
906 1419 1121 1496 βαρεῖαν
1151 1420 1212 1475 ἐκ
1247 1420 1455 1476 τούτων
1502 1422 1530 1476 6
1575 1425 1685 1476 τῶν
1730 1419 1988 1496 Τούρκων

332 1507 680 1581 κτησάμενος
713 1509 984 1584 ἀρχηγὸς,
1032 1510 1339 1586 ἀφαιρεῖται
1401 1512 1495 1584 μὲν
1553 1509 1808 1565 πάντοθεν
1862 1510 1989 1574 τοὺς

335 1596 694 1672 Σαρακηνοὺς
725 1599 823 1668 τήν
856 1599 1059 1675 ἀρχὴν,
1080 1599 1252 1671 ἑαυτῷ
1283 1597 1340 1654 δὲ
1369 1599 1565 1671 ταύτην
1598 1599 1687 1654 καὶ
1709 1604 1825 1664 τοῖς
1854 1600 1990 1672 ὁμο-

329 1687 508 1761 γενὲσι
541 1685 822 1760 ἀπένειμε,
852 1687 942 1742 καὶ
969 1687 1044 1750 εἷς
1079 1688 1352 1759 ὑπηκόους
1397 1688 1525 1752 τοὺς
1571 1689 1630 1744 ἐκ
1670 1695 1769 1759 τῆς
1820 1692 1990 1764 Ἅγαρ

329 1774 684 1845 κατέστησεν.
741 1777 868 1832 Εἶτα
918 1777 1079 1841 αὐτὸς
1129 1779 1223 1851 μὲν
1268 1778 1422 1854 μάχῃ
1453 1777 1579 1842 τοὺς
1609 1773 1990 1840 Βαϐυλωνίους

331 1867 770 1936 προσεκτήσατο,
802 1865 895 1920 τὸν
927 1862 985 1920 δὲ
1029 1863 1402 1944 ἁδελφόπαιδα
1460 1866 1846 1941 Κουτλουμοὺς
1897 1865 1988 1921 συν

334 1958 565 2028 στρατιᾷ
591 1955 728 2009 κατά
754 1959 860 2010 τῶν
893 1949 1138 2031 Ἀράϐων
1167 1953 1483 2029 ἐξέπεμψενο
1543 1957 1572 2011 ὁ
1620 1955 1679 2012 δὶ
1733 1956 1990 2027 ἡττηθεὶς

335 2042 656 2119 ὑπέστρεφε,
714 2044 804 2098 καὶ
836 2038 1274 2119 διαπρεσϐεύεται
1303 2045 1438 2120 πρὸς
1478 2045 1569 2100 τὸν
1616 2052 1717 2115 τῆς
1774 2043 1989 2116 Μηδίας

331 2131 580 2208 ἄρχοντα
610 2130 776 2206 (οὕτω
807 2129 853 2187 δ’
884 2132 1132 2190 ἐκαλεῖτο
1163 2132 1330 2189 πάλαι
1361 2135 1423 2189 τὸ
1471 2137 1845 2212 Βαασπρακᾶν)
1903 2137 1990 2191 αἱ·

327 2225 444 2276 τῶν
488 2224 965 2298 παραχωρηθῆναι
1014 2221 1105 2278 διὰ
1152 2226 1253 2288 τῆς
1300 2222 1488 2299 χώρας
1536 2225 1700 2279 αὐτοῦ
1732 2221 1989 2289 διελθεῖν.

328 2312 396 2370 Ὀ
458 2308 515 2366 δὲ
572 2318 674 2381 τῆς
726 2313 915 2388 χώρας
966 2311 1172 2384 ταύτης
1229 2313 1289 2368 ἐκ
1322 2311 1590 2389 βασιλέως
1622 2315 1808 2390 ἄρχειν
1856 2334 1992 2388 προ-

329 2400 659 2476 χειρισθεὶς,
707 2401 769 2457 οὗ
821 2401 989 2474 μόνον
1036 2401 1135 2457 οὐκ
1183 2402 1350 2473 ἀνῆκε
1393 2403 1573 2476 τούτῳ
1628 2404 1725 2472 τήν
1785 2401 1990 2476 δίοδον,

331 2487 488 2544 ἀλλά
550 2489 641 2544 καὶ
699 2489 1017 2561 ἀντετάξατο
1094 2493 1211 2546 κατ’
1266 2493 1474 2560 αὐτοῦ,
1549 2491 1638 2547 καῖ
1690 2488 1987 2566 συμϐαλὼν

329 2580 590 2647 ἡττᾶται,
649 2579 738 2634 καὶ
794 2578 1044 2643 πολλοὺς
1102 2581 1196 2653 μὲν
1259 2585 1367 2635 τῶν
1423 2581 1636 2636 οἰκείων
1697 2578 1989 2655 ἀπέϐαλεν,

331 2665 466 2736 ἥλω
525 2664 575 2722 δ’
629 2667 810 2732 αὐτός.
868 2669 929 2727 Ὁ
983 2672 1113 2745 γοῦν
1150 2669 1536 2743 Κουτλουμοὺς
1567 2671 1702 2747 πρὸς
1732 2673 1823 2726 τὸν
1854 2677 1988 2749 Ταγ-

333 2755 636 2831 κρολίπικα
691 2755 1000 2813 ἐπανελθὼν
1031 2758 1099 2814 τὸ.
1127 2760 1248 2834 περὶ
1279 2764 1376 2815 τοῦ
1432 2761 1570 2816 κατά
1625 2762 1722 2830 τὴν
1774 2760 1988 2833 Μηδίαν

344 2842 595 2922 διηγεῖτα
646 2845 920 2920 πολέμου,
984 2847 1073 2903 καὶ
1133 2855 1234 2918 τῆς
1287 2850 1475 2924 χώρας
1508 2849 1724 2923 ἰξυμνεῖ
1751 2851 1812 2906 τὸ
1843 2853 1991 2926 πάμ-

351 2956 525 3013 φορον,
576 2937 666 2992 καὶ
716 2938 1046 3012 προσετίθει,
1097 2938 1369 2995 εὐάλωτον
1421 2941 1553 2996 εἶναι
1579 2941 1798 3013 ταύτην,
1849 2947 1994 3018 παρά

351 3030 606 3098 γυναικῶν
672 3028 1078 3102 καρπουμένην,
1137 3028 1280 3084 οὕτω
1328 3027 1511 3085 καλῶν
1569 3030 1698 3092 τοὺς
1750 3052 1990 3109 μαχεσα-

2100 621 2685 689 suifultus,omnibus
2701 624 3038 678 Sarracenis
3057 624 3397 695 ademptum
3425 623 3755 694 imperium,

2099 709 2159 764 in
2193 727 2254 766 se
2285 716 2340 767 et
2375 711 2688 784 p0pulares
2721 729 2862 768 suos
2896 712 3281 781 transtulit,et
3312 718 3610 783 Agarenos
3641 711 3756 766 sibi

2100 817 2302 871 parere
2335 802 2539 873 coegit.
2595 801 2810 857 Deinde
2861 801 3193 874 Babyloniis
3249 799 3404 856 bello
3463 798 3747 868 subactis,

2099 888 2296 945 fratris
2331 889 3012 945 ﬁliumCutlumumcum
3036 889 3291 945 exercitu
3315 894 3520 944 contra
3537 889 3753 944 Arabes

2101 978 2284 1043 misit,
2317 997 2349 1034 a
2378 979 2592 1049 quibus
2640 986 2954 1050 superatus
2992 995 3091 1050 per
3134 979 3356 1050 legatos
3388 999 3417 1034 a
3471 978 3754 1050 principe,

2097 1085 2272 1139 quem
2304 1067 2622 1138 imperator
2671 1068 2871 1124 Mediae
2916 1068 3023 1140 (sic
3055 1067 3207 1123 enim
3243 1067 3382 1123 olim
3437 1068 3756 1123 vocabatur

2099 1158 2489 1229 Baaspracan)
2514 1159 2870 1229 praefecerat,
2903 1160 3218 1213 transitum
3252 1156 3538 1229 postulat:
3575 1172 3752 1227 quem

2100 1245 2150 1300 is
2172 1247 2315 1302 adeo
2348 1264 2459 1302 non
2496 1247 2804 1304 concessit.
2850 1251 2914 1302 ut
2961 1251 3224 1302 armatus
3272 1245 3359 1300 illi
3402 1249 3750 1302 occurreret.

2099 1334 2211 1391 Sed
2241 1335 2446 1391 multis
2500 1352 2742 1392 suorum
2773 1336 3031 1406 amissis,
3057 1337 3243 1390 victus
3285 1341 3342 1390 et
3396 1341 3604 1406 captus
3662 1337 3754 1389 est

2100 1423 2410 1482 Cutlumus
2441 1431 2636 1482 autem
2670 1427 2738 1481 ad
2765 1425 3309 1498 Tangr0polipicem
3339 1419 3752 1492 reversus,Me-

2101 1514 2297 1569 dicum
2321 1514 2586 1586 praelium
2621 1516 2900 1581 referens,
2933 1517 3060 1585 ejus
3094 1514 3363 1587 regionis
3391 1513 3751 1569 fertilitatem

2101 1603 2376 1670 celebrat,
2402 1621 2528 1660 eam
2562 1610 2897 1676 expugnata
2929 1603 3157 1660 facilem
3200 1620 3328 1660 esse
3363 1620 3653 1669 asserens,
3689 1607 3755 1657 ut

2103 1708 2221 1764 qua
2250 1692 2526 1748 mulieres
2552 1693 2916 1749 fruerentur:
2950 1693 3034 1748 sic
3064 1693 3218 1748 enim
3255 1691 3589 1764 appellabat
3631 1707 3751 1758 eos,

2103 1796 2236 1836 eum
2260 1781 2476 1852 quibus
2502 1786 2810 1853 pugnarat.
2844 1780 3129 1836 Caeterum
3161 1779 3544 1852 Tangrolipix
3565 1778 3650 1833 illi
3683 1781 3756 1834 ob

2023 1905 2070 1970 Β
2104 1869 2330 1924 cladem
2355 1875 2654 1940 acceptam
2679 1869 2886 1940 iratus,
2921 1869 3044 1939 ipse
3078 1873 3283 1924 contra
3311 1869 3532 1923 Arabes
3577 1867 3754 1939 proii-

2101 1957 2361 2015 ciscitur.
2411 1958 2721 2014 Cutlumus
2766 1964 2961 2013 autem
3011 1975 3144 2013 cum
3191 1957 3318 2013 suis
3365 1974 3546 2030 paenae
3596 1961 3756 2012 metu

2102 2047 2351 2117 aufugit,
2383 2051 2440 2102 et
2469 2051 2682 2103 Pasare
2714 2045 3190 2102 Chorasmiorum
3212 2046 3354 2101 urbe
3383 2050 3689 2117 occupata,
3723 2062 3758 2101 a

2100 2136 2335 2192 sultano
2391 2136 2498 2208 (sic
2545 2136 2704 2191 enim
2744 2135 3117 2208 Tangrolipix
3165 2134 3596 2207 appellabatur)
3659 2137 3757 2190 de-

2102 2224 2244 2293 ﬁcit,
2263 2230 2319 2281 et
2341 2230 2552 2298 patruo
2584 2243 2616 2282 a
2643 2243 2758 2298 quo
2799 2225 3198 2292 obsidebatur,
3260 2225 3362 2279 diu
3413 2223 3646 2293 restitit,
3679 2223 3752 2277 ob

2099 2314 2211 2370 loci
2241 2315 2627 2371 munitionem
2660 2317 2879 2371 frustra
2924 2314 3235 2370 laboranti.
3302 2314 3410 2379 Qui
3477 2329 3545 2369 ea
3594 2311 3752 2368 obsi-

2102 2403 2272 2459 dione
2303 2409 2647 2475 occupatus,
2669 2406 2919 2460 Asanem
2955 2421 3090 2460 eum
3116 2403 3298 2475 justis
3331 2403 3515 2474 copiis
3547 2406 3756 2457 contra

2099 2491 2346 2546 Mediam
2377 2491 2578 2546 mittit.
2616 2493 2669 2546 ls
2702 2491 2925 2563 impetu
2962 2491 3018 2546 in
3071 2490 3430 2563 provinciam
3477 2491 3650 2556 facto,
3695 2492 3756 2543 et

2103 2580 2297 2655 praelio
2321 2598 2457 2636 cum
2491 2581 2771 2636 Romanis
2802 2581 3138 2647 commisso,
3170 2579 3295 2652 ipse
3325 2579 3752 2646 cadit,amisso,

2102 2669 2478 2742 paucissimis
2512 2670 2788 2741 exceptis,
2813 2675 2933 2726 toto
2965 2670 3240 2725 exercitu.
3292 2671 3416 2735 Quo
3477 2667 3751 2724 sultanus

2101 2759 2356 2832 cognito,
2391 2776 2532 2815 sane
2553 2758 2760 2828 doluit,
2787 2759 2885 2815 sed
2922 2761 3218 2830 jacturam
3251 2758 3413 2814 illam
3472 2757 3754 2813 resarcire

2102 2848 2367 2920 cupiens,
2406 2848 2595 2902 Alimo
2640 2849 2917 2903 Abramio
2970 2849 3130 2902 fratri
3175 2864 3244 2903 ex
3275 2846 3455 2902 altero
3515 2847 3754 2917 parente

2101 2937 2416 2993 exercitum
2435 2941 2663 2992 centum
2690 2936 2940 2991 millium
2974 2935 3205 2991 circiter
3234 2941 3437 2991 contra
3458 2934 3755 2990 Romanos

2104 3027 2439 3081 ducendum
2473 3027 2806 3082 committit.
2864 3026 2972 3081 Sed
3024 3024 3486 3097 Baasparacanis
3543 3027 3756 3096 prator

349 3113 534 3185 μένους
603 3114 774 3188 αὐτῷ.
829 3117 892 3174 Ὀ
950 3114 1006 3171 δὲ
1062 3117 1434 3194 Ταγκρολίπιζ
1463 3118 1608 3192 αὖτῷ
1644 3121 1738 3194 μὶν
1773 3118 1862 3176 διὰ
1897 3123 1987 3192 τὴν

2104 3113 2300 3188 petitis
2331 3116 2404 3170 ab
2463 3116 2812 3188 imperatore
2869 3113 3122 3181 auxiliis,
3180 3114 3515 3186 Liparitam,
3572 3112 3757 3184 partis

337 3204 502 3271 ἧτταν
559 3201 783 3277 ἐμηνία,
834 3203 1035 3269 ἐκεῖνος
1067 3204 1124 3263 δὲ
1153 3209 1288 3263 κατά
1315 3213 1424 3264 τῶν
1481 3205 1727 3286 ’Δράϐων
1770 3210 1992 3288 ἐχώρει.

2107 3206 2307 3261 Iberia:
2339 3206 2648 3278 dynastam
2679 3205 3074 3276 exspectabat,
3113 3219 3303 3275 neque
3351 3220 3488 3259 cum
3533 3201 3757 3271 Turcis

360 3270 367 3271 ,
590 3270 600 3277 .
655 3270 666 3275 _
769 3270 778 3274 .
1549 3270 1558 3286 .
1799 3270 1837 3287 rt
1890 3270 1899 3288 .

336 3291 438 3346 Καὶ
473 3294 502 3347 6
549 3293 937 3366 Κουτλουμοὺς
969 3293 1144 3359 δείσας
1171 3295 1378 3372 ἀπέδρα
1409 3299 1543 3372 μετά
1569 3303 1676 3354 τῶν
1702 3301 1792 3355 σὺν
1825 3301 1987 3374 αὐτῷ1

2108 3295 2515 3350 dimicandum
2549 3295 2661 3350 sibi
2709 3295 3006 3362 censebat,
3061 3295 3408 3366 priusquam
3467 3309 3537 3348 ex
3596 3307 3760 3346 man-

330 3380 426 3435 καὶ
485 3381 551 3436 τὸ
603 3381 786 3459 Πάσαρ
813 3382 1000 3454 (πόλις
1059 3384 1105 3441 δ’
1155 3382 1267 3441 ἔστι
1311 3391 1420 3442 τῶν
1447 3387 1816 3464 Χωρασμίων)
1841 3393 1994 3447 τουτὶ

326 3470 652 3546 κατασχὼν,
710 3471 999 3550 ἀφίσταται
1031 3479 1127 3529 τοῦ
1178 3474 1409 3532 σουλτάν
1469 3475 1636 3552 (οὕτω
1667 3478 1767 3554 γὰρ
1797 3480 1824 3533 6
1853 3484 1990 3554 Ταγο

326 3556 592 3634 κρολίπιξ
650 3559 959 3636 ὠνόμαστο)
1027 3563 1116 3618 καὶ
1167 3562 1255 3619 ἐπὶ
1313 3561 1457 3620 πολὺ
1514 3567 1650 3642 πρὸς
1707 3569 1796 3622 τὸν
1850 3569 1991 3624 θεῖον

321 3645 762 3718 ἀντικαθίστατο,
821 3648 1226 3727 πολιορκοῦντα
1277 3653 1459 3724 αὐτὸν,
1511 3651 1602 3709 διὰ
1658 3653 1715 3710 δὲ
1743 3657 1842 3726 τὴν
1890 3661 1989 3727 τῆς

319 3735 547 3800 πόλεως
605 3737 922 3815 ὀχυρότητα
977 3738 1147 3814 μηδὲν
1203 3741 1394 3798 ἀνύσαι
1452 3741 1776 3817 δυνάμενον.
1819 3746 1917 3802 Καὶ
1962 3749 1990 3802 6

326 3826 428 3900 μὲν
460 3825 692 3883 σουλτάν
715 3832 783 3903 τῇ
818 3829 1116 3905 πολιορκία
1143 3836 1240 3887 τοῦ
1288 3833 1471 3908 Πάσαρ
1529 3833 1984 3912 προσησχόλητο·

322 3913 551 3970 στέλλει
583 3913 640 3972 δὲ
671 3918 804 3973 κατὰ
860 3916 1076 3989 Μηδίας
1128 3921 1284 3977 Ἀσὰν
1341 3920 1430 3976 σὺν
1489 3922 1780 4000 ἀξιομάχῳ
1827 3922 1986 3980 δυνά-

327 4026 441 4078 μει.
503 4007 565 4063 Ὀ
625 4003 680 4062 δὲ
710 4004 1040 4085 προσϐαλὼν
1085 4014 1152 4085 τῇ
1207 4011 1387 4088 χώρᾳ,
1418 4013 1506 4067 καὶ
1550 4012 1824 4086 συμμίξας
1854 4015 1987 4069 Ῥω-

330 4094 538 4168 μαίοις,
599 4095 784 4152 πίπτει
848 4099 942 4172 μὶν
1000 4098 1183 4168 αὐτὸς,
1226 4102 1451 4170 ἡττᾶται
1485 4099 1542 4156 δὲ
1570 4102 1634 4158 τὸ
1689 4101 1780 4157 σὺν
1836 4104 1986 4177 αὖτῷ

331 4187 742 4258 στρατιωτικὸν,
791 4188 881 4242 καὶ
933 4187 1245 4265 βραχίστων
1305 4186 1452 4268 ἄτερ,
1483 4192 1546 4246 τὸ
1576 4196 1678 4247 πᾶν
1738 4191 1985 4248 ἀπόλλυ-

332 4291 434 4331 ται.
487 4275 558 4332 "0
615 4274 796 4348 μαθὼν
849 4277 877 4332 ὁ
906 4275 1142 4334 σουλτὰν
1175 4278 1430 4352 ἠθύμησε
1459 4280 1574 4354 μὲν,
1625 4276 1984 4337 ἐπαναλαϐεῖν

329 4358 378 4416 δ’
428 4361 583 4429 αὖθις
617 4359 842 4421 ἔσπευδε
868 4367 929 4422 τὸ
962 4363 1312 4444 δυστύχημα,
1345 4367 1436 4424 καὶ
1479 4369 1652 4444 Ἀλὶμ
1699 4365 1986 4446 Ἀϐραμίῳ

318 4450 637 4528 ἐτεροθαλεῖ
687 4455 880 4512 ἑαυτοῦ
935 4453 1157 4535 ἀδελφῷ
1236 4459 1487 4534 στρατιὰν
1542 4458 1848 4536 ἐγχειρίσας
1905 4459 1985 4524 εἷς

314 4541 516 4597 ἑκατὸν
592 4541 1001 4619 ἀριθμουμένην
1079 4545 1428 4623 χιλιοστύας,
1489 4549 1628 4604 κατά
1694 4549 1980 4624 Ῥωμαίων

314 4630 636 4707 ἐξὲπεμψεν.

325 4719 550 4796 βασιλεῖ
600 4723 722 4799 περὶ
782 4722 990 4779 τούτων
1026 4721 1115 4780 διὰ
1141 4725 1481 4803 γραμμάτων
1543 4725 1811 4800 ἐδήλωσε,
1847 4749 1984 4803 συμ-

325 4811 543 4886 μαχίαν
603 4811 792 4868 αίτῶψ
841 4811 938 4868 Καὶ
997 4813 1056 4877 ὃς
1104 4819 1184 4887 τῷ
1237 4816 1503 4892 Λιπαρίτῃ
1535 4814 1765 4892 δυνάστῃ
1795 4818 1986 4894 μοίρας

319 4903 436 4954 τῶν
503 4896 733 4978 Ἱϐηρων
795 4903 1123 4980 τυγχάνοντι
1181 4903 1458 4961 ἐπέστειλα
1529 4903 1802 4961 συνελθεῖν
1862 4917 1982 4970 τοϊς

318 4991 652 5064 Ῥωμαίοις,
704 4992 795 5048 καὶ
851 4991 1116 5067 ἐπαρῆξαι
1161 4995 1300 5050 κατὰ
1348 4998 1456 5050 τῶν
1515 4994 1792 5071 Τούρκων.
1865 5000 1984 5053 Τῶν

317 5078 581 5157 Τούρκων
616 5078 674 5138 δὶ
729 5079 1060 5138 ἐπιστάντων
1085 5079 1218 5156 ἤδη,
1269 5085 1322 5139 οἱ
1375 5089 1638 5160 Ῥωμαῖοι
1667 5083 1984 5161 πολεμῆσαί

315 5191 506 5249 σφισιν
533 5169 632 5228 οὐκ
687 5165 928 5248 ἔκριναν,
985 5172 1030 5228 εἰ
1084 5173 1159 5248 μὴ
1219 5173 1463 5231 ἔνωθεῖεν
1514 5175 1651 5231 κατά
1675 5177 1777 5246 τήν
1832 5177 1983 5252 βασι-

315 5259 491 5330 λικὴν
543 5258 773 5331 ἐντολὴν
820 5260 912 5318 καὶ
958 5265 1077 5326 τοῖς
1131 5258 1401 5341 Ἴϐηρσιν.
1464 5265 1874 5339 Ἀτρεμούντων
1927 5263 1984 5321 δὶ

311 5355 428 5408 τῶν
515 5355 888 5428 στρατιωτῶν,
972 5354 1049 5427 μὴ
1126 5350 1424 5428 δυνάμενος
1491 5354 1676 5421 αὐτοῖς
1732 5357 1761 5411 6
1815 5353 1986 5430 Ἃλὶμ

312 5435 651 5519 συμϐαλεῖν,
704 5441 780 5506 εἷς
839 5441 1112 5521 ὀχύρωμά
1139 5463 1190 5500 τι
1249 5445 1752 5524 προσκαθημένοις,
1807 5441 1978 5502 ἔπεισι

2103 3387 2240 3442 dato
2273 3383 2646 3457 imperatoris
2676 3385 2908 3440 Iberum
2935 3382 3249 3440 auxiliores
3280 3380 3458 3454 cepiae
3491 3379 3756 3437 advenis-

2101 3479 2253 3531 sent.
2289 3474 2568 3530 Romanis
2612 3473 2791 3546 igitur
2838 3473 2994 3529 intra
3049 3472 3406 3529 munitiones
3457 3487 3519 3527 se
3569 3468 3754 3525 conti-

2101 3562 2401 3631 nentibus,
2433 3561 2662 3618 Alimus
2697 3565 2907 3634 negata
2958 3560 3262 3633 pugnandi
3311 3558 3498 3630 copia.
3547 3558 3755 3611 Arzem

2101 3651 2384 3724 oppidum
2404 3651 2566 3708 nullo
2599 3669 2768 3708 muro
2806 3650 3260 3718 circumdatum,
3314 3648 3466 3719 quod
3528 3662 3755 3702 merca-

2099 3745 2256 3798 tores
2289 3759 2436 3814 pene
2467 3740 2950 3808 innumerabiles,
2986 3739 3253 3795 homines
3286 3737 3562 3793 ditissimi
3595 3735 3756 3791 inco-

2097 3830 2315 3899 lebant,
2349 3847 2411 3886 se
2440 3831 2867 3903 primoimpetu
2902 3834 3213 3902 capturum
3269 3833 3455 3894 ratus,
3487 3843 3592 3898 spe
3648 3841 3758 3880 sua

2098 3921 2418 3976 frustratus
2444 3925 2555 3987 est,
2579 3937 2712 3975 cum
2751 3918 2897 3974 illud
2931 3919 3298 3974 invassisset.
3344 3921 3490 3972 Nam
3553 3911 3754 3970 incolae

2099 4011 2296 4068 aditus
2327 4009 2501 4081 lignis
2539 4010 2976 4077 obstruxerunt,
3011 4013 3068 4064 et
3099 4007 3231 4062 telis
3262 4023 3331 4062 ex
3358 4005 3584 4061 aedibus
3615 4017 3753 4058 con-

2087 4099 2367 4172 jiciendis
2401 4098 2619 4154 multos
2640 4097 3030 4154 sustulerunt.
3050 4097 3129 4152 Eo
3152 4113 3254 4168 per
3283 4111 3383 4151 sex
3413 4095 3538 4150 dies
3579 4092 3756 4157 facto,

2097 4204 2232 4244 cum
2262 4187 2584 4243 Turcorum
2617 4187 2736 4242 dux
2783 4190 3037 4242 Arzenos
3086 4184 3406 4241 fortissime
3446 4199 3508 4238 se
3554 4181 3752 4236 defen-

2098 4277 2430 4346 dere,257
2493 4293 2599 4332 nec
2658 4276 2964 4332 obsidione
3022 4274 3190 4330 facile
3242 4273 3371 4346 capi
3424 4287 3598 4345 posse
3630 4285 3752 4325 cer-

2096 4381 2281 4439 neret,
2314 4367 2436 4440 igni
2468 4383 2568 4423 eos
2598 4382 2875 4438 superare
2906 4365 3204 4421 instituit:
3230 4380 3346 4437 quo
3381 4362 3606 4419 uadibus
3662 4358 3752 4414 in-

2087 4457 2270 4528 jecto,
2301 4472 2436 4512 cum
2465 4455 2804 4512 incendium
2839 4453 3094 4527 undique
3127 4453 3375 4523 saeviret,
3427 4449 3652 4507 civibus
3692 4447 3754 4504 in

2093 4546 2296 4618 fugam
2317 4545 2522 4612 versis,
2555 4544 2794 4600 Barbari
2825 4544 3042 4616 oppido
3092 4542 3286 4616 potiti,
3321 4542 3577 4598 multum
3626 4537 3755 4594 auri

716 4633 779 4691 Ὁ
846 4631 904 4689 δὲ
965 4639 1062 4690 τοῦ
1133 4641 1455 4711 Βασπρακᾶν
1535 4638 1840 4715 στρατηγὸς
1904 4639 1985 4712 τῷ

2098 4639 2152 4692 et
2181 4634 2430 4692 aliarum
2453 4651 2632 4707 opum
2664 4633 3035 4704 invenerunt,
3069 4650 3216 4706 quas
3247 4633 3488 4688 ﬂamma
3516 4646 3631 4685 non
3653 4628 3754 4684 ab-

2097 4728 2451 4798 sumpserat.
2485 4724 2627 4779 lnde
2657 4723 2871 4780 iterum
2902 4737 3108 4780 contra
3156 4723 3486 4779 Romanum
3537 4719 3756 4776 exerci-

2095 4821 2226 4872 tum
2255 4816 2660 4886 properarunt.
2693 4817 2836 4869 Cum
2866 4812 3150 4885 Liparites
3171 4829 3305 4868 cum
3336 4809 3603 4867 lberibus
3627 4808 3756 4878 jam

2095 4906 2350 4974 adesset,
2408 4904 2518 4960 sub
2566 4920 2868 4975 vesperam
2954 4902 3274 4958 commisso
3323 4901 3395 4956 ad
3479 4897 3756 4970 Bulytum

2093 4993 2294 5067 prelio
2326 4993 2559 5049 Alimus
2590 5000 2647 5049 et
2667 4993 2994 5048 Cbrosanes
3021 4992 3170 5049 alter
3190 4991 3582 5047 Barbarorum
3615 4987 3754 5053 dux,

2094 5100 2228 5140 cum
2259 5083 2384 5141 suis
2415 5082 2679 5140 conversi
2711 5082 3012 5155 fugerunt,
3045 5080 3324 5138 Romanis
3343 5079 3458 5147 ieos
3499 5078 3558 5133 in
3601 5073 3754 5131 mul-

2091 5178 2214 5232 tam
2247 5178 2475 5230 noctem
2547 5172 2892 5246 persecutis.
2930 5171 3216 5244 Liparites
3293 5186 3429 5226 vero
3505 5167 3566 5222 in
3635 5163 3755 5221 alio

2093 5281 2274 5321 cornu
2301 5280 2574 5336 pugnans
2621 5262 2694 5318 ab
2743 5261 3014 5318 hostibus
3062 5266 3272 5334 captus
3317 5259 3528 5326 fuerat,
3580 5271 3756 5328 quem

2093 5355 2234 5412 dum
2263 5353 2506 5411 Romani
2559 5351 2620 5408 in
2666 5356 2860 5408 castra
2937 5353 3154 5408 reversi
3223 5349 3326 5406 diu
3391 5349 3760 5421 exspectant,

2092 5460 2268 5503 casus
2326 5442 2490 5499 illius
2545 5441 2758 5515 ignari,
2793 5439 3037 5513 quidam
3097 5439 3354 5513 nuntiat,
3395 5442 3634 5512 captum
3685 5435 3760 5492 ab

1611 5601 1818 5665 Variis
1861 5599 2164 5664 lectiones
2191 5604 2255 5661 et
2282 5601 2472 5659 notae.

409 5762 527 5839 (39)
567 5760 873 5836 Ἀσπαχάν.
933 5759 1092 5820 Alter
1119 5777 1151 5822 θ
1179 5762 1322 5838 Reg.
1353 5761 1654 5842 Ἀπασχάν.
