4126 6362
365 379 483 440 223

1710 379 2035 442 JOANNIS
2093 363 2433 441 20mm

3661 379 3784 437 εει

362 507 632 568 hostibus
681 509 1031 567 festinanter
1083 510 1316 568 abduci.
1371 512 1494 578 Quo
1545 510 1777 583 cognito
1823 509 1910 566 illi
1951 509 2010 566 in

2130 512 2206 582 τῷ
2265 509 2467 585 ’Δρτζε
2520 503 2868 582 (κωμόπολις
2898 503 2944 562 δ’
2973 506 3042 577 ἦν
3071 507 3279 580 τοῦτο)·
3312 503 3526 577 πληθὺς
3566 502 3613 561 δ’
3644 505 3784 578 ένῲ-

364 614 608 654 mcsrore
638 605 824 670 erant,
857 601 1100 656 Barbari
1122 617 1255 657 vero
1288 600 1581 673 Lipariten
1605 602 1677 656 ad
1711 599 2011 657 sultanum

358 689 778 760 perduxerunt.
815 695 1140 763 Imperator
1167 695 1364 746 autem
1397 690 1684 746 liberandi
1731 690 1888 746 illius
1921 707 2016 746 cu-

358 778 554 848 pidus,
589 795 861 852 magnam
897 781 1206 852 pecuniam
1239 783 1367 850 ejus
1412 779 1723 836 redimeuti
1769 797 1908 852 ergo
1960 787 2015 835 et

358 882 609 924 munera
638 869 871 926 sultano
905 871 1088 936 misit,
1123 874 1350 942 petens,
1383 873 1451 925 ut
1489 869 1667 925 Turci
1713 886 1848 925 cum
1897 857 2018 924 R04

359 957 551 1014 manis
583 959 768 1016 foedus
798 960 1056 1016 ferirent.
1091 959 1196 1015 Cui
1228 960 1503 1016 sultanus
1535 959 1849 1033 Liparitem
1883 975 2014 1032 gra-

358 1046 437 1102 tis
469 1049 744 1116 restituit,
795 1049 956 1104 omni
1015 1048 1265 1121 pecunia
1309 1049 1395 1104 illi
1459 1050 1701 1117 tradita,
1746 1066 1850 1121 pro
1900 1065 2015 1122 quo

357 1135 542 1192 missa
569 1143 692 1193 erat
724 1154 736 1192 :
773 1139 1064 1206 hortatus,
1099 1156 1173 1195 ne
1196 1139 1258 1195 in
1289 1143 1592 1212 posterum
1617 1157 1781 1196 arma
1813 1143 2018 1195 contra

357 1226 579 1281 Turcos
602 1232 896 1284 sumeret:
933 1234 1110 1302 atque
1140 1230 1267 1302 ipse
1287 1229 1464 1286 etiam
1498 1230 1760 1303 legatum
1792 1229 1865 1285 ad
1898 1229 2018 1284 im-

353 1319 678 1390 peratorem
716 1317 896 1385 misit,
923 1335 1100 1390 quem
1132 1317 1214 1372 illi
1237 1318 1543 1390 Seriphem
1574 1323 1802 1388 vocant,
1847 1319 2018 1388 cujus

357 1405 562 1460 eadem
595 1389 714 1461 fere
745 1389 1005 1464 conditio
1037 1409 1168 1474 fuit,
1195 1426 1323 1480 qua:
1354 1389 1493 1465 olim
1518 1410 1674 1482 apud
1715 1427 1820 1466 nos
1879 1426 2015 1481 syn-

351 1492 505 1548 celli.
537 1494 682 1551 Nam
718 1503 782 1552 ut
814 1497 864 1554 is
923 1498 1272 1569 patriarchas
1323 1500 1536 1555 mortui
1599 1499 1793 1556 locum
1846 1515 2016 1555 occu-

350 1584 548 1655 pabat,
583 1586 668 1641 sic
699 1587 876 1642 etiam
908 1587 1180 1660 Scriphes
1211 1588 1484 1661 chalipha
1509 1590 1782 1645 defuncto
1815 1606 2015 1646 succe-

2123 619 2204 654 κει
2265 597 2434 670 αὐτῷ,
2487 595 2562 651 τίν’
2621 597 2794 658 οὕτως
2829 592 3064 670 εἷ’ποιμι,
3121 596 3210 650 καὶ
3243 595 3475 672 ἀριθμὸν
3526 589 3789 670 ὑπερϐαί-

2125 709 2308 762 νουσα,
2367 685 2603 762 ἔμποροι
2637 684 2683 741 δ’
2715 688 2853 756 ἦσαν
2884 687 2939 741 oi
2971 687 3273 762 ἄνθρωποι,
3323 686 3413 740 καὶ
3444 683 3686 747 πλοῦτος
3714 686 3788 755 ἦν

2125 779 2310 839 αὐτοῖς
2369 777 2640 854 περιττός.
2700 778 2789 839 Ὠς
2843 777 2932 831 οὖν
2965 775 3272 852 ἀτείχιστον
3321 776 3420 844 τὴν
3453 773 3783 848 κωμόπολιν

2124 866 2176 938 ἐξ
2225 865 2423 945 ἐφόδου
2480 867 2650 936 αὐτὴν
2705 865 2848 922 έλεῖν
2906 867 2958 920 oi
3017 861 3296 942 Βάρϐαροι
3343 861 3604 936 ἤλπιζον,
3654 862 3786 920 ἄλλ’

2125 955 2387 1033 ἔγνωσαν,
2446 951 3033 1033 παραϐουκολούμενοι
3089 961 3209 1018 ταῖς
3262 951 3498 1027 ἐλπίσιν,
3560 952 3782 1029 ἐπείπερ

2123 1047 2291 1122 ταύτῃ
2371 1041 2742 1122 προσέϐαλον.
2816 1048 2951 1108 Ταῖς
3017 1045 3122 1122 γὰρ
3180 1041 3387 1107 διόδοις
3454 1041 3592 1106 ὕλας
3647 1043 3787 1098 ἐπα-

2123 1137 2373 1214 γαγόντες
2440 1137 2492 1192 οἱ
2561 1136 2765 1207 ταύτης
2835 1136 3104 1205 κάτοικοι,
3177 1133 3267 1190 καὶ
3339 1132 3561 1196 ταύταις
3619 1132 3790 1196 αὐτὰς

2127 1227 2520 1304 ἀποφράξαντες
2553 1269 2568 1297 ,
2656 1224 2716 1281 ἐκ
2801 1229 2912 1281 τῶν
2999 1222 3267 1298 δωμάτων
3341 1218 3579 1280 ἔϐαλλον
3652 1220 3788 1285 τοὺς

2125 1316 2395 1379 ἐναντίους
2431 1362 2445 1386 ,
2522 1316 2612 1372 καὶ
2681 1316 2916 1393 ἀνῄρουν
2995 1313 3284 1384 πολλοὺς,
3341 1314 3432 1370 καὶ
3489 1319 3650 1369 τοῦτο
3703 1312 3787 1391 ἐφ’

2125 1407 2360 1483 ἡμέραις
2411 1405 2612 1481 ἐγίνετο
2818 1412 2903 1469 Ὠς
2963 1403 3010 1461 δ’
3081 1400 3218 1482 ἔγνω
3273 1406 3302 1460 6
3358 1409 3468 1460 τῶν
3523 1402 3786 1479 Τούρκων

2128 1497 2372 1572 ἀρχηγὸς
2430 1497 2458 1550 6
2512 1495 2689 1570 ’Δλὶμ
2765 1495 3208 1573 ἐρρωμενέστατα
3262 1495 3389 1556 τοὺς
3447 1493 3786 1570 Ἀρτζηνοὺς

2128 1586 2564 1663 ἀντεχομένους,
2631 1585 2722 1641 καὶ
2781 1584 3080 1660 πολιορκίᾳ
3141 1584 3308 1661 ῥᾷστα
3371 1585 3446 1656 μὴ
3508 1582 3786 1653 ἀλωτοὺς,

347 1674 543 1730 debat.
579 1675 632 1731 Is
683 1676 866 1748 igitur
936 1694 1212 1750 magnam
1283 1680 1488 1734 urbem
1563 1679 1892 1752 ingressus,
1961 1685 2018 1737 et

2130 1677 2256 1748 πυρὶ
2335 1679 2443 1730 τῶν
2515 1673 2724 1750 ἀνδρῶν
2793 1676 3160 1751 περιγενέσθαι
3223 1673 3532 1748 διέγνωκεν·
3589 1671 3786 1726 αὐτίκα

357 1765 609 1836 superbe
649 1783 784 1822 cum
826 1766 1180 1838 imperatore
1234 1767 1582 1836 collocutus,
1624 1786 1757 1825 cum
1818 1771 1889 1825 ab
1948 1787 2014 1826 eo

2130 1765 2304 1820 τοίνυν
2360 1767 2568 1831 ἀνῆπτο
2623 1770 2806 1835 τοῦτο,
2866 1765 2955 1820 καὶ
3010 1770 3128 1828 τοῖς
3181 1763 3476 1836 οἰκήμασιν
3543 1757 3784 1817 ὑπεϐάλ-

349 1853 726 1924 postulasset,
760 1859 826 1910 ut
847 1856 1068 1911 tributa
1098 1856 1331 1912 sultano
1363 1859 1660 1930 penderet,
1697 1858 1915 1914 infecta
1955 1877 2014 1915 re

2130 1853 2276 1910 λετο.
2337 1856 2424 1918 Ὡς
2501 1853 2547 1910 δ’
2626 1854 2828 1933 ἐξήφθη
2907 1852 3247 1930 πανταχόθεν
3321 1852 3585 1963 ξυρκαϊα,
3655 1852 3780 1927 τρέ-

353 1945 444 1997 est
465 1942 772 2000 dimissus.
809 1944 931 2008 Qua
978 1946 1048 2002 de
1072 1963 1250 2002 causa
1303 1946 1488 2002 iratus
1536 1947 1828 2016 sultanus,
1887 1948 2016 2020 ipse

2130 1965 2313 2000 πονται
2379 1943 2474 2017 μὶν
2535 1945 2587 1998 οἳ
2635 1943 2922 2020 ἐγχώριοι,
2978 1944 3030 1997 οἱ
3089 1940 3146 1997 δὲ
3203 1937 3480 2018 Βάρϐαροι
3517 1943 3778 2018 κρατοῦσι

351 2033 651 2088 Romanos
704 2050 1020 2107 aggressus
1073 2040 1182 2107 est,
1235 2053 1421 2107 eoque
1463 2041 1727 2109 tempore
1770 2038 2015 2094 Turcica

2130 2042 2222 2104 τῆς
2280 2034 2681 2108 κωμοπόλεως,
2737 2033 2826 2088 καὶ
2883 2030 3057 2088 πολὺν
3116 2031 3169 2087 έν
3229 2031 3365 2105 αὐτῇ
3423 2030 3628 2106 χρυσὸν
3684 2028 3779 2083 καὶ

351 2135 496 2192 gens
526 2119 761 2194 longius
792 2140 1121 2196 progressa,
1170 2129 1362 2181 totum
1403 2125 1697 2181 Orientem
1757 2127 2013 2200 subegit,

2130 2121 2296 2179 ἄλλον
2363 2123 2600 2180 πλοῦνον
2669 2124 2960 2196 εὑρήκασιν
2992 2165 3008 2195 ,
3080 2121 3208 2186 ’ὸσος
3272 2123 3347 2194 μὴ
3423 2117 3780 2174 κατανάλωτο

353 2215 412 2266 et
445 2227 628 2282 usque
665 2213 737 2267 ad
778 2214 1173 2270 continentem
1210 2215 1833 2287 Byzantiombversam
1881 2233 2013 2289 pro-

2130 2213 2274 2290 πυρί.
2351 2215 2624 2277 Ἐντεῦθεν
2708 2211 2862 2277 αὖθις
2935 2211 3072 2267 κατᾶ
3133 2218 3234 2282 τῆς
3293 2211 3610 2284 Ῥωμαϊκῆς
3665 2208 3780 2283 ὡρ-

355 2299 556 2354 oessit.
581 2303 660 2356 Ac
691 2300 773 2356 ita
797 2319 859 2357 se
884 2319 976 2358 res
1006 2303 1260 2358 Turcicse
1295 2303 1651 2359 habuerunt.

2130 2305 2361 2378 μήκασιν
2395 2307 2669 2379 στρατιᾶς.
2719 2299 2859 2372 Ἤδη
2923 2298 2980 2356 δὲ
3034 2300 3124 2356 καὶ
3179 2305 3278 2356 τοῦ
3329 2299 3633 2375 Λιπαρίτου
3690 2298 3788 2352 σὺν

353 2399 472 2458 τοῖς
557 2391 773 2471 Ἴϐηρσι
848 2401 1323 2476 παραγεγονότος,
1412 2396 1667 2474 συμϐολή
1753 2407 1859 2457 τῶν
1953 2404 2374 2479 στρατευμάτων
2463 2401 2676 2478 ἐγένετο
2760 2401 2884 2476 περὶ
2974 2397 3288 2478 Βουλυτον.
3369 2400 3432 2456 Ὁ
3519 2398 3615 2471 μὶν
3696 2395 3794 2450 οῦν

356 2484 535 2560 Ἀλὶμ
590 2488 679 2541 καὶ
745 2489 772 2542 6
824 2489 1138 2566 Χοροσάνης
1196 2490 1398 2565 (ἓτερος
1459 2489 1504 2545 δ’
1564 2490 1722 2556 οὗτος
1771 2492 1836 2561 ἦν
1891 2493 2189 2568 στρατηγὸς
2263 2496 2373 2546 τῶν
2451 2487 2776 2566 Βαρϐάρων)
2839 2492 2974 2566 μετᾶ
3040 2495 3148 2546 τῶν
3228 2490 3316 2544 ὑπ’
3391 2487 3586 2549 αὑτοὺς
3659 2506 3798 2562 τρα-

359 2576 592 2648 πέντες,
676 2575 944 2633 ἐνέκλιναν
1035 2579 1111 2642 εἷς
1183 2581 1403 2654 φυγὴν,
1481 2582 1569 2636 καὶ
1651 2588 1784 2660 σφᾶς
1876 2583 1927 2636 o't
2004 2580 2442 2657 ἀντιτεταγμένοι
2525 2587 2791 2656 Ῥωμαῖοι
2873 2581 3037 2657 μέχρι
3115 2579 3308 2657 πόῤῥω
3383 2581 3592 2633 νυκτῶν
3669 2596 3799 2630 κατ-

365 2662 617 2721 εδίωκον.
696 2668 757 2724 Ὁ
833 2665 891 2723 δὶ
966 2670 1275 2746 Λιπαρίτης
1349 2671 1466 2725 κατ’
1552 2668 1694 2727 ἄλλο
1777 2673 1937 2747 κέρας
2034 2673 2353 2748 μαχόμενος
2431 2669 2577 2727 ἑάλω
2649 2677 2766 2734 τοῖς
2844 2670 3128 2735 ἐναντίοις.
3205 2671 3293 2732 Ὧς
3371 2666 3418 2724 δ’
3493 2665 3789 2722 ἐπαύσαντο

364 2762 466 2826 τῆς
525 2753 762 2827 διώξεως
821 2760 873 2813 οἱ
928 2764 1214 2833 Ῥωμαῖοι,
1272 2761 1364 2815 τὸν
1424 2761 1733 2838 Λιπαρίτην
1789 2765 2144 2839 προσέμενον,
2182 2767 2258 2838 μὴ
2306 2761 2532 2834 εἷ’δότες,
2573 2764 2601 2819 ὃ
2631 2765 2755 2839 περὶ
2791 2763 2992 2819 ἐκεῖνον
3025 2757 3390 2836 συμϐέϐηκεν.
3427 2761 3516 2818 Ἐν
3548 2759 3793 2832 τοσούτῳ

367 2841 426 2899 δέ
493 2865 577 2909 τις
625 2845 812 2910 αὐτοῖς
863 2848 1118 2926 ἀγγέλλει
1164 2854 1262 2904 τοῦ
1317 2851 1617 2927 Λιπαρίτου
1663 2855 1762 2922 τήν
1818 2851 2047 2924 ἅλωσιν,
2098 2854 2187 2909 καὶ
2239 2853 2321 2909 δτι
2371 2849 2631 2916 λαϐόντες
2681 2853 2838 2908 αὐτὸν
2873 2854 2924 2908 οἱ
2955 2852 3171 2917 ἑλόντες
3209 2851 3399 2907 ἀπίασι
3433 2849 3523 2905 σὺν
3558 2845 3795 2922 σπουδῇ.

363 2933 432 2991 Οἳ
487 2933 584 3007 μὲν
648 2933 738 2990 οὗν
807 2938 1072 3010 Ῥωμαῖοι
1139 2943 1306 2994 ταῦτα
1377 2940 1662 3015 μαθόντες,
1733 2942 1785 2998 έν
1852 2943 2108 3016 ἀθυμίαις
2163 2947 2321 3014 ἦσαν,
2375 2945 2426 2998 oi
2480 2939 2751 3020 Βάρϐαροι
2813 2941 2871 2999 δὲ
2911 2948 2991 3016 τῷ
3049 2941 3284 2998 σουλτᾶν
3339 2942 3430 2996 τὸν
3490 2937 3800 3012 Λιπαρίτην

369 3020 652 3096 ἐκόμισαν.
709 3026 772 3082 ⁸ο
825 3029 1011 3100 μέντοι
1064 3027 1318 3104 βασιλεὺς
1366 3035 1462 3086 τοῦ
1525 3032 1830 3109 Λιπαρίτου
1903 3035 2087 3108 μαθὼν
2145 3035 2244 3104 τήν
2305 3031 2529 3104 ἅλωσιν,
2583 3034 2787 3108 πέμπει
2835 3033 2973 3110 πρὸς
3031 3033 3122 3087 τὸν
3170 3030 3425 3099 σουλτὰν,
3486 3025 3801 3102 ἐλευθερίας

365 3111 590 3182 ἀξιῶσαι
667 3115 759 3170 τὸν
837 3116 1140 3193 Λιπαρίτην
1220 3123 1415 3193 ζητῶν,
1488 3122 1576 3176 καὶ
1649 3121 1824 3201 λύτρα
1892 3122 2089 3179 τούτου
2155 3125 2374 3198 πέμψας
2446 3121 2656 3195 πολλὰ,
2726 3123 2816 3178 καί
2889 3121 3036 3195 δῶρα
3121 3119 3179 3176 δὲ
3237 3125 3316 3194 τῷ
3372 3117 3642 3189 Σουλτὰν,
3703 3116 3801 3170 καὶ

363 3199 598 3289 σπονδὰς
672 3203 834 3277 μέσον
905 3208 1188 3280 Ῥωμαίων
1266 3209 1355 3264 καὶ
1438 3209 1692 3286 Τούρκων
1749 3199 1993 3289 γενέσθαι
2069 3217 2268 3270 αυτῶν.
2336 3215 2394 3270 Ὀ
2471 3209 2528 3267 δὶ
2603 3210 2835 3269 σουλτὰν
2919 3211 3010 3267 τὸν
3074 3212 3168 3286 μὲν
3220 3207 3528 3285 Λιπαρίτην
3588 3203 3803 3281 δωρεά-

363 3287 582 3379 στέλλει
635 3292 804 3366 αὐτῷ,
863 3295 930 3348 τὰ
1003 3293 1060 3350 δέ
1127 3317 1188 3374 γε
1259 3295 1431 3375 λύτρα
1499 3299 1674 3356 πάντα
1916 3302 2046 3376 ὑπὲρ
2126 3299 2188 3356 οὗ
2263 3301 2688 3379 έπεπόμιρεισαν,
2767 3297 2989 3371 δέδωκε,
3053 3299 3143 3354 καὶ
3202 3297 3397 3373 μηκέτι
3457 3293 3606 3350 ὅπλα
3659 3292 3805 3348 κατὰ

361 3378 620 3455 Τούρκων
696 3379 922 3459 ἅρασθαι
999 3386 1407 3464 παρηγγύησεν,
1477 3391 1831 3469 Ἐκπέπομφε
1908 3387 1965 3446 δὲ
2040 3391 2287 3454 κάκεῖνος
2363 3378 2598 3468 πρέσϐυν
2678 3391 2816 3466 πρὸς
2879 3388 3122 3466 βασιλέα,
3183 3389 3241 3442 ὃν
3301 3385 3534 3442 ἐκάλουν
3593 3383 3802 3439 έκεῖνοι

364 3469 615 3544 σερίφην.
703 3469 874 3535 Οῦτος
960 3471 1007 3529 δ’
1078 3472 1189 3531 ἴστι
1273 3484 1400 3552 παρ’
1473 3479 1658 3544 αὐτοῖς
1733 3476 1864 3556 ὅπερ
1948 3477 2118 3535 πάλαι
2188 3482 2255 3551 ἦν
2332 3483 2460 3557 παρ’
2525 3483 2662 3555 ἡμῖν
2721 3481 2748 3535 6
2807 3479 3100 3556 λεγόμενος
3168 3474 3493 3553 σύγκελλος·
3563 3474 3638 3537 ὡς
3693 3471 3801 3548 γὰρ

366 3557 397 3610 6
472 3558 777 3633 σύγκελλος
851 3565 951 3616 τοῦ
1026 3567 1370 3643 πατριάρχου
1445 3568 1692 3632 θανόντες
1772 3569 1849 3632 εἷς
1924 3571 2016 3625 τὸν
2091 3570 2299 3625 έκείνου
2376 3565 2544 3625 τόπον
2612 3569 3043 3640 ἀντικαθίστατο,
3103 3566 3248 3622 οὕτω
3306 3564 3396 3620 καὶ
3455 3567 3482 3618 ὁ
3543 3561 3800 3638 σερίφης,

358 3650 456 3736 τοῦ
503 3647 710 3727 καλιιρᾶ
768 3648 1039 3724 θανόντος,
1098 3655 1191 3710 τὸν
1244 3655 1642 3729 τελευτήσαντα
1718 3657 2014 3736 διεδέχετο.
2093 3659 2366 3717 Εἰσελθὼν
2449 3665 2543 3716 οῦν
2614 3659 2690 3722 εἷς
2764 3661 2862 3729 τήν
2933 3656 3176 3734 μεγάλην
3231 3653 3395 3710 πόλιν
3457 3654 3486 3709 ὁ
3543 3652 3800 3730 σερίφης.

360 3735 450 3790 καὶ
482 3736 558 3799 εἷς
593 3737 814 3812 ὁμιλίαν
847 3744 927 3816 τῷ
953 3749 1237 3820 κρατοῦντι
1262 3744 1458 3816 έλθὼν,
1490 3749 1579 3802 καὶ
1613 3735 1899 3822 ὁμιλήσας
1923 3750 2282 3829 ὑπερηφάνως
2315 3749 2516 3828 φόρους
2545 3771 2604 3804 τε
2627 3749 2804 3804 τελεῖν
2835 3749 3076 3803 ἀπαιτῶν
3109 3752 3189 3819 τῷ
3220 3743 3472 3814 σουλτᾶν,
3507 3741 3801 3818 ἀπεπέμφ-

365 3827 454 3892 θη.
486 3827 756 3884 Ἐντεῦθεν
794 3832 1184 3908 βαρυθυμήσας
1225 3836 1252 3890 6
1284 3833 1540 3909 σουλτὰν,
1571 3838 1733 3900 αὐτὸς
1765 3838 1900 3894 κατᾶ
1927 3827 2214 3912 Ῥωμαίων
2249 3827 2523 3915 ἐχώρησε,
2558 3838 2650 3893 καὶ
2683 3837 2866 3894 ἔκτοτε
2902 3833 3233 3913 προχωροῦν
3271 3835 3334 3889 τὸ
3381 3838 3489 3888 τῶν
3541 3831 3797 3905 Τούρκων

361 3917 540 3992 γένος,
599 3927 700 3990 τῆς
730 3921 906 3994 Ἐῲας
938 3923 1150 3996 ἀπάσης
1185 3924 1470 4001 ἐκράτησε,
1501 3927 1590 3982 καὶ
1627 3927 1793 4005 μέχρι
1827 3935 1926 4000 τῆς
1961 3929 2340 4004 ἀντιπύρθμου
2369 3932 2438 4003 τῇ
2471 3926 2759 3998 Βυζαντίδι
2792 3927 3025 4004 ἠπείρου
3055 3927 3378 3997 κατήντησε.
3427 3921 3502 3977 Τὰ
3553 3921 3648 3996 μὶν
3697 3917 3789 3974 οὗν

363 4009 470 4060 τῶν
503 4007 760 4084 Τούρκων
793 4016 986 4068 τοῦτον
1013 4011 1142 4090 ἔσχε
1169 4015 1260 4069 τὸν
1289 4016 1515 4092 τρόπον,

433 4135 626 4192 XXVI.
651 4139 973 4196 Patzinacaa
1020 4158 1155 4198 vero
1215 4143 1275 4198 in
1308 4144 1539 4217 Europa
1569 4147 2018 4218 grassabantur,

2202 4145 2317 4214 Κξ.
2376 4143 2447 4198 Τὸ
2525 4140 2582 4199 δὲ
2653 4147 2761 4198 τῶν
2841 4139 3187 4212 Πατζινάκων
3265 4137 3413 4203 ἔθνος
3493 4134 3627 4192 κατὰ
3683 4132 3786 4202 τὴν

372 4238 519 4296 gens
575 4225 848 4299 Scythica
902 4236 960 4286 et
989 4233 1295 4303 populosa,
1329 4233 2021 4306 ultralstrumincolens,

364 4312 459 4368 oui
488 4319 618 4370 tum
639 4317 941 4389 Tyracbus
973 4319 1326 4393 imperabat,
1353 4323 1438 4377 vir
1470 4324 1683 4380 nobilis
1743 4326 1842 4381 ille
1889 4327 2020 4398 qui-

365 4400 522 4468 dem,
555 4404 657 4459 sed
691 4405 958 4477 ignavus.
992 4410 1158 4464 Alius
1189 4427 1324 4465 vero
1355 4410 1598 4482 quidam
1633 4415 1908 4485 Cegenes,
1960 4418 2026 4468 ut

363 4503 575 4561 genere
605 4493 853 4550 obscuro
877 4497 1154 4565 ortus,ita
1185 4498 1358 4554 homo
1389 4515 1522 4554 acer
1541 4505 1600 4556 et
1630 4506 1930 4568 strenuus,
1949 4504 2023 4557 ob

364 4580 554 4635 multa
583 4583 818 4655 egregia
848 4585 1109 4641 facinora
1131 4587 1189 4641 in
1213 4585 1384 4642 bellis
1397 4589 1554 4644 edita
1571 4589 1787 4661 populo
1809 4590 2026 4646 charus

361 4671 507 4722 erat.
568 4670 692 4734 Qua
741 4672 811 4728 de
853 4689 1034 4729 causa
1090 4674 1394 4748 Tyrachus
1443 4692 1577 4732 eum
1614 4694 1718 4748 per
1775 4677 2027 4734 insidias

359 4756 565 4812 tollere
603 4761 900 4817 studebat.
955 4763 1078 4828 Quo
1115 4763 1222 4819 ille
1267 4764 1700 4832 animadverso,
1735 4767 1965 4824 duabus
1995 4785 2025 4824 e

359 4845 642 4903 tredecim
701 4850 978 4906 tribubus
1011 4851 1123 4907 sibi
1176 4851 1523 4922 conciliatis,
1573 4855 1815 4926 trajecto
1875 4860 2024 4914 lstro

361 4935 514 4992 οδε
547 4936 605 4990 in
640 4937 1039 4995 Romanorum
1086 4940 1233 4996 ﬁnes
1278 4941 1455 5007 venit,
1517 4959 1580 4998 se
1633 4945 2026 5018 transfugisse

358 5023 432 5078 ad
463 5023 1076 5099 imperatorem,eique
1107 5045 1223 5083 non
1255 5028 1524 5086 inutilem
1539 5032 1679 5101 fore,
1699 5035 2021 5106 professus.

360 5115 441 5168 Ea
499 5131 560 5168 re
619 5115 899 5186 indicata,
959 5118 1382 5174 Monomacbus
1439 5121 1746 5191 praesidem
1781 5125 2024 5198 Scythas

360 5204 867 5277 susciperejubet.
889 5212 1144 5278 Cegenes
1176 5224 1307 5263 vero
1329 5208 1672 5279 Byzantium
1707 5215 2022 5284 profectus,

357 5289 418 5346 iu
451 5301 831 5366 conspectum
871 5296 1246 5368 imperatoris
1295 5298 1471 5366 venit,
1520 5305 1578 5355 et
1624 5302 1870 5358 salutari
1920 5305 2022 5360 ba-

358 5382 641 5452 ptismate
676 5385 968 5454 initiatus,
999 5385 1287 5458 patricius
1309 5392 1393 5441 est
1426 5388 2026 5464 appellatus,suisque

357 5470 590 5538 Scythis
631 5474 949 5544 persuasit,
1012 5479 1074 5530 ut
1119 5479 1177 5531 et
1231 5473 1346 5547 ipsi
1404 5476 1600 5534 divino
1651 5478 1752 5536 illo
1792 5480 2024 5538 lavacro

359 5558 760 5617 abluerentur.
811 5567 955 5621 Cum
1000 5580 1133 5622 vero
1195 5563 1256 5620 in
1279 5564 1422 5638 ripis
1479 5567 1615 5622 Istri
1647 5569 1862 5626 stativa
1917 5570 2024 5627 ha-

359 5648 541 5716 beret,
572 5657 629 5706 et
669 5651 915 5711 ﬂumine
973 5655 1170 5712 subito
1229 5655 1500 5725 trajecto,
1542 5657 1859 5729 Tyrachios
1916 5676 2025 5716 cae-

360 5738 538 5795 dibus
569 5745 626 5796 et
681 5741 902 5814 rapinis
931 5745 1263 5804 infestaret:
1295 5745 1598 5816 Tyrachus
1649 5764 1752 5820 per
1795 5748 2022 5821 legatos

2131 4232 2456 4308 Εὐρωπαίαν
2521 4237 2724 4308 μοῖραν
2770 4230 3046 4302 κεκίνητο·
3110 4229 3377 4284 Σκυθικὸν
3437 4224 3495 4282 δὲ
3543 4229 3608 4280 τὸ
3638 4221 3793 4285 ἔθνος

2130 4322 2221 4377 καὶ
2269 4319 2727 4396 πολυάνθρωπον,
2786 4319 2953 4396 πέραν
3013 4321 3230 4395 Ἴστρου
3287 4316 3629 4391 νεμόμενον.
3695 4317 3796 4368 Ἥν

2134 4408 2193 4466 δὲ
2245 4412 2370 4466 τότε
2418 4414 2517 4466 τοῦ
2589 4406 2776 4474 ἔθνους
2836 4411 3024 4486 ἅρχων
3099 4408 3308 4484 Τυρᾶχ,
3382 4407 3520 4480 ἀνὴρ
3576 4403 3641 4459 τὸ
3701 4403 3801 4475 μὶν

2133 4498 2285 4568 γένος
2345 4499 2493 4574 παρά
2539 4504 2618 4572 τῷ
2677 4497 2813 4564 ἔθνει
2843 4496 3124 4573 λαμπρὸς,
3181 4496 3245 4551 τὸ
3304 4493 3361 4550 δὲ
3413 4494 3548 4563 ἦθος
3588 4493 3798 4562 νωθής.

2131 4589 2355 4663 Ἓὶτερος
2413 4585 2470 4643 δέ
2524 4609 2606 4650 τις
2665 4586 2896 4663 Κεγένης
2959 4585 3346 4660 καλούμενος,
3420 4584 3634 4656 ἄσημος
3697 4581 3798 4654 μὲν

2135 4676 2260 4731 ὅσον
2323 4676 2399 4740 εἷς
2456 4675 2647 4753 γένους
2679 4674 2975 4754 ἀναφορὰν,
3029 4675 3161 4749 ἀνὴρ
3222 4671 3280 4729 δὲ
3333 4671 3528 4749 ῥέκτης
3586 4690 3645 4725 τε
3700 4668 3797 4724 καὶ

2136 4763 2486 4843 δραστήριος,
2557 4767 2649 4822 καὶ
2725 4764 3002 4826 πολλάκις
3079 4762 3133 4818 έν
3190 4760 3463 4836 πολέμοις
3523 4757 3796 4834 ἀνδραγαο

2133 4856 2319 4928 θήσας,
2379 4857 2525 4932 παρά
2579 4859 2676 4910 τοῦ
2736 4849 2922 4918 ἔθνους
2977 4850 3291 4930 πεφίλητο.
3352 4851 3446 4906 Διὸ
3501 4849 3593 4905 καὶ
3645 4849 3796 4922 παρὰ

2131 4949 2230 5000 τοῦ
2285 4945 2473 5022 Τυρὰχ
2543 4943 2805 5020 έλοχᾶτο,
2866 4946 3159 5014 ζητοῦντος
3222 4940 3381 4996 αὐτὸν
3440 4937 3670 4994 ἀνελεῖν.
3726 4940 3795 4991 ’Ὀ

2131 5035 2291 5112 γνοὺς
2368 5034 2596 5102 ἐκεῖνος,
2669 5032 2760 5088 καὶ
2817 5028 2913 5087 δύο
2969 5035 3078 5086 τῶν
3139 5028 3324 5108 φυλῶν
3375 5027 3795 5104 προσεταιρισά-

2138 5111 2320 5197 μενος,
2381 5122 2555 5178 ούσῶν
2613 5125 2800 5177 πασῶν
2871 5118 2996 5175 δέκα
3053 5119 3141 5174 ἐπὶ
3199 5111 3377 5193 τρισὶ,
3453 5116 3546 5172 σὺν
3608 5115 3797 5177 αύταῖς

2137 5207 2290 5284 διέϐη
2367 5210 2460 5269 τὸν
2537 5214 2770 5286 Ἵστρον,
2849 5210 2941 5265 καὶ
3021 5207 3107 5264 ἐπὶ
3173 5207 3241 5263 τὰ
3318 5207 3606 5281 Ῥωμαίων
3673 5207 3798 5279 ὅρια

2129 5304 2370 5376 γέγονεν,
2427 5300 2743 5374 αὐτόμολος
2802 5299 2954 5368 ἥκειν
3017 5297 3193 5373 λέγων
3251 5301 3329 5370 τῷ
3386 5295 3642 5371 βασιλεῖ,
3702 5295 3797 5349 καὶ

2135 5390 2234 5445 οὐκ
2307 5389 2515 5444 ἔσεσθαί
2591 5391 2644 5444 οἱ
2727 5386 3050 5458 ἀσυντελής.
3132 5386 3414 5460 Ἐμηνύθη
3491 5390 3659 5440 ταῦτα
3715 5390 3798 5458 τῷ

2133 5481 2497 5554 Μονομάχῳ,
2569 5478 2658 5534 καὶ
2734 5479 2762 5532 6
2831 5485 2930 5548 τῆς
3004 5476 3194 5552 χώρας
3261 5473 3448 5551 ἄρχων
3515 5473 3794 5530 κελεύεται

2137 5567 2382 5642 δέξασθαι
2433 5569 2562 5632 τοὺς
2622 5568 2854 5631 Σκύθας.
2915 5567 2978 5624 Ὀ
3019 5563 3078 5620 δὲ
3133 5564 3373 5642 Κεγένης
3426 5565 3515 5620 καὶ
3567 5565 3644 5626 εἱς
3688 5563 3792 5634 τὴν

2140 5655 2396 5736 βασιλίδα
2445 5662 2552 5713 τῶν
2609 5657 2826 5716 πόλεων
2884 5656 3172 5733 φοιτήσας,
3229 5653 3282 5716 ἐς
3333 5650 3458 5730 ὄψιν
3516 5653 3657 5724 ἦλθε
3710 5658 3792 5727 τῷ

2142 5744 2397 5824 βασιλεῖ,
2472 5749 2563 5805 καὶ
2649 5749 2712 5805 τὸ
2787 5746 3059 5822 σωτήριον
3135 5740 3430 5819 δεξάμενος
3503 5745 3789 5822 βάπτισμα
