4126 6368
377 413 497 473 227

1733 393 2063 459 JOANNlS
2107 394 2457 455 ZONAILE

3676 404 3798 465 228

377 560 551 600 mane
583 539 745 597 Boila
773 539 1118 596 instructas.
1153 541 1209 593 Is
1239 535 1330 591 vir
1357 535 1642 591 obscurus
1672 528 2022 600 erat,lingua

2141 525 2358 602 κράτωρ
2428 524 2706 601 ἐφώρασεν
2735 568 2749 596 ,
2805 527 2868 597 ἦν
2943 527 3220 603 Ῥωμανὸς
3278 532 3306 588 6
3367 533 3571 599 Βοΐλας
3637 557 3795 594 συνε-

375 633 710 697 semimuta,
745 633 803 685 et
833 629 888 684 vi
920 627 1226 683 articulate
1259 621 1537 697 loquendi
1567 619 1874 688 destituta,
1896 634 2028 690 par-

373 725 478 778 tim
517 726 735 776 naturaa
765 719 925 786 vitio,
974 718 1185 790 partim
1248 712 1627 770 simulatione
1683 717 1739 766 et
1796 709 2030 764 affecta-

372 813 552 874 tione,
585 827 698 882 qua
729 808 975 864 insitum
1011 805 1120 861 sibi
1147 804 1351 858 vitium
1389 801 1659 873 augebat.
1691 801 1770 855 Eo
1793 797 2030 854 homine

371 904 694 974 imperator
727 898 857 970 plus
889 913 1059 967 quam
1095 893 1213 949 ullo
1246 892 1360 947 alio
1387 891 1888 955 delectabatur,et
1920 905 2028 943 nu-

375 1009 482 1064 gas
511 989 670 1044 illius
703 1002 1002 1060 perperam
1034 988 1089 1039 et
1138 983 1380 1038 confuse
1421 981 1717 1053 loquentis
1750 978 2028 1034 omnibus

377 1081 509 1136 aliis
536 1076 935 1149 voluptatibus
980 1073 1357 1145 preferebat:
1392 1072 1548 1126 unde
1590 1071 1672 1124 ita
1721 1067 2029 1124 familiaris

372 1169 458 1223 illi
489 1167 676 1222 factus
706 1168 814 1234 est,
849 1167 912 1218 ut
962 1161 1166 1234 quavis
1215 1161 1360 1216 hora
1415 1159 1583 1214 illum
1638 1157 1943 1214 convenire
1973 1161 2030 1212 et

371 1255 586 1328 alloqui
619 1255 880 1310 auderet.
913 1253 1027 1307 Nec
1059 1251 1258 1305 minus
1308 1249 1392 1304 illi
1448 1264 1786 1321 gynazceum
1846 1261 2025 1318 quam

370 1343 742 1417 imperatoris
774 1343 1040 1398 conclave
1063 1341 1320 1412 patebat,
1353 1339 1851 1410 quandocumque
1873 1335 2025 1391 vole-

282 1498 286 1500 ,
371 1437 494 1504 bat,
519 1437 578 1491 et
605 1433 883 1504 utrinque
913 1431 961 1486 ei
995 1430 1214 1486 divitiae
1243 1428 1582 1494 affluebant,
1619 1427 1700 1482 ita
1735 1431 1799 1482 ut
1828 1425 1962 1481 licet
1993 1442 2027 1480 a

370 1523 580 1593 triviis,
612 1524 682 1579 ad
709 1521 1068 1578 senatorium
1124 1517 1427 1590 fastigium
1460 1521 1691 1572 evectus
1722 1519 1879 1571 esset
1911 1532 1924 1571 :
1959 1531 2026 1570 ea

370 1619 568 1670 tamen
603 1611 881 1667 felicitate
907 1627 1020 1665 non
1054 1612 1386 1675 contentus,
1413 1622 1658 1677 regnum
1683 1605 1860 1660 etiam
1883 1621 2024 1659 con-

371 1702 643 1774 cupiscit,
677 1701 856 1772 idquo
889 1698 998 1753 sibi
1040 1697 1340 1752 vindicare
1390 1695 1714 1762 contendit,
1775 1694 2026 1766 impera-

370 1796 497 1846 tore
528 1789 854 1845 interfecto.
883 1789 1040 1852 Quos
1071 1785 1254 1857 igitur
1284 1782 1627 1855 imperatori
1677 1782 1827 1837 male
1874 1781 2022 1838 velle

2144 617 2377 686 στήσατο
2407 657 2420 670 .
2481 616 2605 676 Ἤν,
2643 612 2691 670 δ’
2767 615 2924 682 οὗτος
3005 623 3112 675 τῶν
3191 620 3420 697 ἀσήμων
3487 625 3643 701 ἀνὴρ,
3703 629 3794 684 καὶ

2137 705 2236 773 τὴν
2313 701 2562 794 γλῶσσαν
2637 706 2810 794 εἶχεν
2857 708 3164 784 ἡμίφωνον,
3247 710 3377 785 μηδ’
3433 715 3546 770 οἷαν
3627 716 3797 794 ὀρθο-

2141 799 2309 867 επεῖν,
2343 792 2742 858 ὀλισθαίνουσιν
2794 793 2840 850 δ’
2893 796 2947 852 ἐν
3000 804 3119 862 ταῖς
3174 800 3446 874 ὁμιλίαις,
3487 807 3575 860 καὶ
3633 792 3794 864 άνεπ-

2139 882 2368 954 αίσθητα
2421 888 2540 946 τοῖς
2599 885 2886 960 ἀκροαταῖς
2941 891 3340 966 φθεγγομένην.
3390 895 3559 949 Τοῦτο
3629 894 3675 952 δ’
3731 900 3796 969 ἦν

2136 973 2199 1028 τὸ
2249 973 2344 1046 μὲν
2407 971 2700 1048 ἐλάττωμα
2745 978 3004 1052 φωσικὸν,
3055 979 3117 1034 τὸ
3168 977 3226 1036 δί
3277 985 3640 1058 προσποίησις
3701 989 3791 1044 καὶ

2138 1064 2331 1135 σκηνὴ,
2401 1065 2502 1132 τὴν
2579 1071 2678 1134 τῆς
2737 1065 2946 1143 φύσεως
3005 1067 3328 1145 διαμαρτίαν
3385 1077 3453 1146 τῇ
3511 1076 3792 1151 ὑποκρίσει

2135 1155 2232 1207 τοῦ
2292 1157 2634 1229 σκηνουργοῦ
2690 1153 3053 1221 ἐπιτείνοντος
3091 1203 3103 1215 .
3165 1162 3260 1234 Τῷ
3315 1164 3553 1238 τοιούτῳ
3609 1167 3790 1224 τοίνυν

2136 1238 2290 1318 ἀνδρὶ
2347 1243 2423 1304 ὡς
2483 1240 2660 1298 οὐδενί
2710 1248 2790 1317 τῷ
2820 1245 2848 1300 6
2910 1243 3168 1322 βασιλεὺς
3226 1248 3412 1322 ἥδετο,
3460 1254 3550 1309 καὶ
3582 1254 3628 1310 εἰ
3661 1254 3793 1328 διη-

2139 1329 2462 1422 μαρτημὲνα
2539 1333 2628 1387 καὶ
2713 1331 3058 1412 ἀδιάρθρωτα
3153 1338 3322 1408 ἤκουε
3418 1345 3792 1422 φθεγγομένου

2135 1419 2319 1512 αὑτοῦ,
2383 1421 2515 1498 ὑπὲρ
2591 1427 2761 1478 πᾶσαν
2833 1427 3020 1501 ἠγεῖτο
3093 1428 3187 1490 τὰς
3258 1419 3460 1487 ἐκείνου
3519 1419 3794 1512 φλυαρίας

2132 1508 2505 1584 γλυκυθυμιαν
2544 1553 2557 1567 .
2636 1513 2736 1568 Καὶ
2807 1513 2950 1570 οὕτω
3027 1513 3116 1572 διά
3189 1523 3356 1575 ταῦτα
3431 1508 3798 1601 τεῷ-βασιλεῖ

2133 1601 2546 1674 προσῳκείωτο,
2619 1602 2695 1665 ὡς
2765 1602 2937 1658 πάντα
3011 1607 3201 1682 καιρὸν
3280 1610 3411 1665 εἶναι
3481 1612 3629 1688 αύτῷ
3685 1624 3794 1686 τῆς

2131 1689 2270 1782 πρὸς
2323 1689 2526 1782 ἐκεῖνον
2586 1689 2800 1782 εἰσόδου
2857 1693 2946 1748 καὶ
3003 1701 3105 1766 τῆς
3163 1696 3465 1770 ἐντεύξεως.
3522 1703 3620 1758 Καὶ
3680 1705 3794 1782 οὐχ

2133 1776 2309 1840 οὕτως
2364 1779 2512 1852 αὐτῷ
2558 1780 2624 1835 τὰ
2681 1783 2804 1855 περὶ
2849 1785 2939 1838 τὸν
2996 1783 3245 1862 ἀνδρῶνα
3302 1787 3574 1862 διέκειτο,
3631 1796 3665 1865 ἠ

371 1880 614 1946 sciebat,
672 1878 746 1932 iis
777 1892 1057 1932 arcanum
1090 1874 1394 1945 detegebat
1426 1889 1439 1927 :
1472 1873 1569 1944 qui
1615 1873 1661 1926 si
1695 1872 2018 1927 orationem

2132 1868 2515 1969 γυναικωνῖτις
2681 1869 3092 1969 άέτεκὲκλειστο,
3127 1875 3253 1932 ἀλλ’
3310 1876 3492 1944 ἄνετος
3542 1883 3610 1952 ἦν
3639 1884 3792 1958 αύτῷ

371 1970 500 2040 ejus
532 1968 867 2040 probarent,
900 1982 998 2021 eos
1031 1980 1247 2037 magna
1304 1979 1407 2034 spe
1457 1961 1760 2035 proposita
1818 1961 1888 2015 ad
1939 1961 2024 2016 fa-

372 2059 542 2114 cinus
581 2054 1091 2112 confirmabat.Sin
1117 2070 1249 2108 eum
1285 2055 1560 2108 conatum
1593 2053 2024 2120 aversarentur,

374 2147 586 2214 aiebat,
623 2161 684 2202 se
743 2145 801 2200 id
833 2143 1102 2199 tentandi
1162 2142 1351 2214 gratia
1403 2140 1643 2206 dixisse,
1697 2144 1764 2195 ut
1821 2155 2022 2195 eorum

371 2237 548 2291 ﬁdem
582 2251 717 2301 erga
753 2233 1170 2304 imperatorem
1205 2229 1554 2301 exploraret,
1587 2245 1910 2300 eorumque
1939 2228 2025 2282 in-

370 2324 647 2398 tegritate
676 2321 1026 2390 collaudata,
1069 2318 1535 2375 benevolentiam
1571 2317 1806 2374 illorum
1839 2317 2025 2389 impe-

372 2415 553 2472 ratori
583 2417 937 2470 testaturum
977 2415 1177 2468 sancte
1227 2408 1577 2465 afﬁrmabat.
1629 2408 1773 2464 Cum
1827 2411 2022 2464 autem

373 2507 458 2561 sic
491 2503 802 2576 plerosque
826 2503 1122 2568 tractaret,
1156 2498 1447 2568 conjurati
1506 2497 1636 2568 ejus
1694 2513 1817 2551 rem
1867 2495 2025 2551 facil-

372 2594 512 2650 lime
543 2609 715 2665 posse
745 2589 949 2646 confici
981 2589 1396 2661 opinabantur.
1430 2586 1544 2643 Nec
1565 2586 1719 2642 enim
1753 2585 1812 2640 in
1843 2585 2026 2657 impe-

370 2683 583 2738 ratoris
605 2682 892 2736 duntaxat
919 2677 1279 2747 cubiculum,
1340 2677 1467 2748 ipso
1517 2676 1862 2746 dormiente,
1924 2677 2025 2730 aut

372 2788 505 2828 cum
537 2769 906 2840 imperatrice
938 2768 1214 2838 cubante,
1246 2764 1470 2822 homini
1522 2765 1754 2837 patebat
1806 2763 2021 2834 aditus,

373 2862 472 2917 sed
507 2864 564 2914 et
595 2858 957 2914 occultorum
991 2857 1258 2912 adituum
1319 2854 1510 2911 claves
1541 2853 1776 2909 creditae
1834 2857 2020 2909 erant.

373 2953 562 3017 Quare
593 2949 835 3004 omnino
877 2946 1172 3004 destinata
1201 2950 1508 3001 exsecutus
1567 2945 1794 3015 fuisset,
1830 2944 1944 2999 nisi
1991 2961 2024 2999 a

271 3069 276 3075 ι
375 3039 630 3112 quodam
662 3054 731 3094 ex
761 3036 1013 3092 consciis
1059 3035 1312 3102 delatus,
1365 3035 1422 3089 in
1467 3034 1776 3090 manifesto
1809 3033 2025 3089 scelere

375 3127 780 3200 deprehensus
820 3129 998 3192 esset,
1062 3123 1325 3198 gladium
1377 3123 1573 3196 ipsum
1624 3123 1817 3178 adhuc
1868 3123 2023 3180 που

372 3220 604 3285 tenens,
640 3232 756 3287 quo
786 3215 1200 3287 imperatorem
1261 3229 1654 3286 percussurus
1703 3216 1846 3267 erat.
1905 3215 2021 3266 (ἓως

2133 1955 2379 2028 κάκείνη,
2410 1958 2501 2013 καὶ
2551 1957 2630 2014 ὅτ’
2677 1955 2936 2017 ἐϐούλετο
2999 1963 3257 2038 βάσιμος,
3312 1968 3402 2023 καὶ
3461 1971 3490 2025 6
3547 1955 3793 2038 πλοῦτος

2134 2043 2346 2137 ἐπὲρρει
2403 2052 2484 2137 τῷ
2539 2047 2694 2125 ἀνδρὶ
2752 2051 3100 2126 ἑκατέρωθεν,
3160 2055 3342 2113 ulla
3387 2063 3494 2114 τῶν
3550 2059 3786 2137 τριόδων

2134 2135 2510 2210 ἀναρπασθεὶς,
2591 2138 2666 2201 είς
2741 2139 2908 2209 αὑτὴν
2977 2141 3195 2218 ἀνήχθη
3254 2147 3355 2216 τὴν
3411 2135 3783 2224 συγκλητικῆν

2130 2227 2398 2312 κορυφήν.
2470 2227 2530 2284 Ὀ
2603 2224 2660 2282 δὲ
2738 2229 2838 2284 οὐκ
2896 2231 3082 2305 ἠγάπα
3135 2231 3326 2289 τοῦτον
3385 2234 3786 2312 εὐδαιμονήσεις

2133 2311 2222 2401 τὸν
2301 2313 2542 2390 τρόπον,
2624 2314 2771 2372 ἀλλὰ
2841 2319 2931 2374 καὶ
2999 2327 3099 2391 τῆς
3177 2323 3454 2398 βασιλείας
3508 2311 3638 2401 ἐρᾷ,
3672 2311 3785 2387 καὶ

2137 2399 2336 2474 μελετᾷ
2407 2403 2605 2475 ταύτην
2689 2405 2863 2480 ἑαυτῷ
2946 2417 3322 2484 προσνεῖμαι,
3403 2399 3630 2480 κτείνας.
3686 2421 3784 2476 τὸν

2131 2490 2538 2582 αὐτοκράτορα.
2619 2497 2718 2551 Καὶ
2795 2495 2886 2560 οὕς
2941 2496 3061 2573 ᾔδει
3123 2497 3349 2566 δύσνους
3405 2510 3484 2577 τῷ
3546 2506 3786 2582 βασιλεῖ,

2130 2579 2348 2670 τούτοις
2405 2583 2467 2636 τὸ
2524 2583 2834 2661 ἀπόρρητον
2889 2585 3259 2648 ἀνεκάλυπτε,
3335 2593 3441 2649 Καὶ
3498 2579 3628 2660 τοὺς
3688 2599 3785 2670 μὲν

2130 2669 2221 2724 τὸν
2300 2667 2465 2746 λόγον
2535 2675 2929 2749 προσιεμένους
3009 2677 3273 2754 μεγάλαις
3353 2681 3566 2739 ἐλπίσιν
3644 2667 3781 2758 ἐξαί-

2134 2779 2240 2835 ρων
2281 2805 2295 2830 ,
2355 2761 2489 2837 πρὸς
2546 2767 2780 2839 τοῦργον
2835 2765 3094 2839 ἐρώννυεν
3132 2812 3146 2825 .
3225 2769 3294 2826 Εἴ
3366 2769 3425 2828 δὲ
3497 2795 3639 2838 τινες
3696 2776 3788 2832 καὶ

2131 2848 2268 2940 πρὸς
2452 2846 2798 2940 ,προσϐολὴν
2873 2852 3255 2934 ἐδυσχέραινον
3293 2903 3308 2929 ,
3390 2863 3418 2917 6
3487 2860 3544 2918 δὲ
3598 2870 3792 2940 πεῖραν

2131 2932 2284 3013 ἔλεγε
2309 2938 2399 2993 τὸν
2451 2938 2612 3017 λόγον
2664 2932 3044 3021 προσαγαγεῖνξ
3091 2943 3182 3002 ’ίνα
3237 2947 3353 3026 γνῷ
3407 2951 3508 3021 τὴν
3570 2932 3790 3013 ἐκείνων

2130 3027 2308 3082 πίστιν
2367 3030 2467 3099 τὴν
2537 3030 2612 3092 εἷς
2668 3032 2760 3087 τὸν
2822 3032 3213 3112 αὐτοκράτορα,
3275 3041 3365 3095 καὶ
3409 3040 3596 3116 ἐπῄνει
3651 3044 3792 3108 τοὺς

2131 3113 2328 3208 ἄγδρας
2404 3125 2506 3208 τῆς
2569 3115 2881 3192 διαθὲσεως,
2955 3124 3044 3179 καὶ
3115 3127 3376 3204 γνωρίσαι
3433 3113 3513 3203 τῷ
3571 3131 3794 3208 βασιλεῖ

2132 3199 2316 3268 εὔνους
2367 3207 2514 3280 αὐτῷ
2564 3211 2851 3284 τυγχάνειν
2886 3209 3184 3286 διώμνυτο.
3245 3217 3305 3274 Ὁ
3366 3218 3461 3290 μὶν
3512 3199 3604 3274 οὑν
3639 3220 3790 3278 οὕτω

371 3309 565 3362 terum
592 3305 715 3376 ipse
736 3304 807 3360 ob
834 3303 994 3358 illius
1043 3303 1370 3358 vecordiam
1423 3302 1619 3357 nullas
1669 3317 1872 3374 poenas
1920 3302 2020 3356 de-

2140 3294 2326 3383 μετῄει
2356 3277 2497 3358 robe
2525 3277 2802 3370 πλείονας,
2850 3301 2939 3356 καὶ
2991 3277 3043 3357 οἱ
3100 3303 3290 3378 ἐκείνῳ
3348 3277 3792 3383 συνομοσάμενοι

366 3395 472 3463 dit,
508 3394 861 3448 insidiarum
895 3391 1147 3448 consciis
1164 3393 1448 3446 duntaxat
1469 3389 1758 3462 supplicio
1775 3390 2018 3445 affectis.

360 3482 465 3537 Hic
496 3482 815 3554 imperator
835 3497 968 3536 cum
1003 3497 1064 3536 se
1097 3481 1417 3553 benignum
1462 3484 1520 3535 et
1551 3479 1852 3534 liberalem
1886 3495 2019 3550 per-

361 3571 552 3626 hiberi
613 3569 806 3633 vellet,
861 3568 918 3623 in
982 3587 1047 3625 eo
1105 3573 1302 3624 tamen
1357 3585 1548 3640 neque
1598 3572 1781 3622 artem
1833 3583 2021 3639 neque

361 3662 605 3715 modum
669 3658 992 3726 adhiberet,
1068 3676 1102 3714 a
1159 3658 1370 3713 virtute
1430 3656 1882 3730 magnificentiae
1961 3658 2018 3713 in

359 3749 571 3805 vitium
605 3748 963 3820 profusionis
995 3752 1083 3802 est
1114 3747 1443 3803 devolutus.
1501 3745 1802 3801 Publicam
1861 3746 2018 3802 enim

362 3837 672 3911 pecuniam
708 3838 789 3893 ita
810 3837 1250 3910 dilargiebatur,
1290 3840 1353 3890 ut
1405 3851 1594 3906 neque
1643 3835 1881 3906 quibus,
1915 3853 2020 3891 ne-

362 3944 476 4000 que
507 3931 819 3999 quantum,
871 3943 1061 3998 neque
1106 3926 1344 3997 quando
1404 3930 1560 3980 esset
1616 3924 2017 3994 tribuendum,

360 4017 716 4073 observaret.
757 4020 904 4071 Nam
954 4032 1088 4070 cum
1126 4019 1549 4087 Manganorum
1592 4015 2018 4071 monasterium

359 4105 695 4171 aedificaret,
754 4105 908 4177 quod
964 4105 1036 4159 ob
1106 4105 1439 4159 adamatam
1509 4103 1853 4159 Scleraenam
1929 4103 2018 4158 in~

360 4195 604 4251 choasse
629 4196 836 4262 fertur,
869 4198 934 4249 ut
956 4210 1084 4249 eam
1115 4198 1240 4249 tum
1288 4193 1347 4248 in
1398 4193 1716 4266 Cynegesio
1749 4193 2018 4248 habitan-

359 4287 502 4350 tem,
536 4300 640 4356 per
665 4285 918 4353 speciem
952 4287 1262 4338 structurae
1313 4283 1714 4355 inspicienda,
1749 4283 2018 4338 crebrius

361 4372 594 4442 viseret,
641 4373 780 4428 ﬁsco
839 4375 896 4428 et
937 4371 1187 4444 publicis
1235 4371 1536 4427 thesauris
1591 4371 1912 4440 exhaustis,
1945 4372 2017 4427 ad

361 4462 654 4534 peccuniaa
687 4460 946 4533 inopiam
978 4461 1270 4526 redactus,
1302 4476 1406 4516 nec
1438 4460 1662 4516 illicitis
1694 4461 2018 4531 quaestibus

363 4551 671 4606 abstinuit.
706 4551 813 4606 Sed
844 4566 974 4605 cum
1013 4551 1322 4623 provinciae
1355 4551 1622 4621 quaedam
1676 4555 1874 4604 essent
1906 4551 2014 4604 im-

2133 3382 2300 3460 ῥᾷστα
2350 3385 2411 3440 τὸ
2475 3385 2757 3462 βούλευμα
2807 3386 2983 3463 ᾤοντο
3035 3393 3272 3466 γενέσθαι
3329 3395 3591 3471 ἀνύσιμον
3621 3382 3642 3456 .7
3711 3401 3790 3456 Οὑ

2134 3473 2300 3564 μόνον
2332 3474 2435 3564 γαρ
2466 3479 2500 3546 ἡ
2538 3478 2670 3554 πρὸς
2701 3479 2792 3534 τὸν
2829 3479 3112 3555 βασιλικὸν
3153 3484 3504 3542 κοιτωνίστον
3544 3485 3793 3564 πάροδος

2131 3560 2316 3636 ἐκείνῳ
2377 3560 2561 3630 ἄνετος
2620 3567 2724 3636 ἦν,
2785 3569 2878 3623 κᾶν
2940 3565 3128 3647 ἔτυχεν
3192 3572 3482 3630 ὑπνώττων
3538 3577 3567 3631 6
3625 3560 3790 3654 Bact-

2133 3649 2277 3720 λεὺς,
2335 3653 2431 3708 κᾶν
2482 3655 2572 3710 καὶ
2628 3659 2697 3730 τῇ
2746 3656 2986 3732 βασιλίδι
3046 3662 3312 3732 συνίαυεν,
3371 3663 3516 3720 ἀλλὰ
3571 3649 3792 3731 καὶτὰς

2127 3745 2236 3796 τῶν
2303 3743 2626 3820 άπορῥήνων
2699 3741 2922 3802 εἰσόδων
3001 3748 3152 3814 κλεῖς
3212 3751 3628 3826 ἐμπεπίστευτο.
3684 3757 3794 3814 Καὶ

2129 3829 2283 3907 ἤχθη
2348 3832 2406 3886 ἂν
2463 3832 2539 3896 εἷς
2601 3831 2758 3910 ἔργον
2816 3837 2880 3891 τὸ
2938 3835 3280 3910 διαϐούλιον,
3341 3841 3389 3898 εἷ’
3422 3846 3497 3916 μή
3541 3866 3624 3908 τις
3659 3845 3790 3902 αὐτὸ

2127 3925 2206 3992 τῷ
2277 3918 2494 3996 βασιλεῖ
2563 3926 2903 3997 κατεμήνυσε
2971 3931 3079 3982 τῶν
3151 3933 3605 4002 κοινωνησάντων
3685 3938 3784 3990 τοῦ

2131 4008 2446 4083 σκέμματος
2484 4053 2496 4067 .
2570 4011 2725 4067 Ἦλω
2798 4014 2978 4071 τοίνυν
3057 4015 3139 4072 ἐπ’
3211 4020 3521 4097 αὐτοφώρῳ
3574 4023 3658 4077 καί
3713 4021 3774 4075 τὸ

2131 4099 2282 4174 ξίφος
2336 4099 2466 4154 αὐτὸ
2524 4103 2772 4178 κατέχων
2845 4104 2891 4176 ᾦ
2959 4106 3051 4160 τὸν
3124 4105 3494 4186 αὐτοκράτορα
3550 4106 3772 4184 ἔμελλεν

2129 4189 2322 4244 αὐτίκα
2379 4186 2865 4266 διαχειρίσασθαι.
2940 4193 3102 4252 Ἀλλ’
3173 4197 3200 4251 6
3269 4198 3363 4270 μὲν
3426 4197 3516 4254 διὰ
3568 4201 3630 4255 τὸ
3684 4204 3784 4255 τοῦ

2129 4282 2455 4353 κρατοῦντος
2529 4275 2843 4358 ἀϐέλτερον,
2922 4281 3074 4340 οὐδὲν
3152 4285 3351 4359 ὑπέστη
3427 4289 3668 4366 ἀνιαρὸν,
3731 4291 3785 4344 οἱ

2129 4365 2186 4423 δὲ
2240 4375 2339 4438 τῆς
2396 4362 2695 4439 ἐπιϐουλῆς
2755 4369 2943 4445 ἐκείνῳ
3014 4373 3314 4451 συνίστορες
3393 4377 3492 4434 οὐκ
3555 4362 3787 4451 ’ἔμειναν

2129 4456 2499 4544 ᾀτιμώρητοι,
2575 4458 2746 4521 Οὗτος
2798 4461 2856 4516 ’ὁ
2931 4462 3186 4538 βασιλεὺς
3252 4463 3548 4544 φιλότιμος
3609 4465 3790 4523 δοκεῖν

2130 4543 2332 4607 ἐθέλων
2363 4544 2453 4599 καὶ
2486 4543 2814 4624 ἐλευθέριος,
2873 4552 2948 4623 μὴ
3013 4553 3211 4626 μετιὼν
3267 4543 3328 4610 δὶ
3359 4555 3450 4609 σὺν
3513 4553 3798 4630 ἐπιστήμῃ

364 4657 595 4709 munes,
632 4657 755 4710 quas
804 4657 908 4712 pro
969 4640 1243 4695 omnibus
1292 4637 1699 4711 vectigalibus,
1754 4637 2016 4694 locorum

2132 4634 2230 4702 τῆν
2297 4632 2493 4709 ἀρετὴν
2555 4635 2628 4699 ὡς
2687 4636 2903 4715 ἐχρῆν,
2969 4639 3044 4704 εἷς
3102 4642 3293 4698 κακίαν
3348 4643 3556 4716 ταύτην
3621 4648 3796 4719 μετή-

363 4730 666 4803 angustias
696 4729 1390 4797 tuerentur,etBarbaros
1421 4727 1584 4782 aditu
1618 4727 2018 4782 Romanorum

2127 4745 2334 4798 νεγκεν.
2384 4724 2532 4780 ’Δντὶ
2574 4725 2675 4801 γὰρ
2729 4725 3203 4803 μεγαλοπρεπείας
3263 4731 3340 4795 εἷς
3397 4733 3630 4788 ἀσωτίαν
3694 4755 3795 4807 με·

360 4819 652 4876 ditionum
687 4818 1106 4890 prohiberent:
1141 4817 1431 4873 custodiis
1491 4815 1748 4885 abolitis,
1797 4815 2022 4872 tributa

2132 4811 2503 4883 τακεκύλιστο,
2584 4811 2708 4870 οὔτε
2783 4816 2867 4880 οἷς
2945 4815 3050 4874 ἔδει
3111 4821 3368 4896 παρέχων
3426 4821 3494 4877 τὰ
3547 4820 3792 4896 δημόσια

360 4907 434 4962 iis
463 4906 776 4979 provinciis
827 4906 1172 4977 imperavit:
1204 4906 1358 4960 unde
1409 4905 1681 4960 Barbarie
1741 4904 1867 4960 sine
1899 4905 2019 4962 ullo

2132 4905 2392 4979 χρήματα
2467 4900 2592 4959 οὕτε
2667 4906 2869 4982 ὅσαπερ
2941 4903 3049 4963 ἔδει
3101 4906 3214 4964 οὔθ’
3271 4909 3361 4966 ὅτε
3419 4913 3624 4987 χρεών.
3687 4915 3790 4969 Kal

363 4998 592 5068 negotio
653 5000 990 5068 patuerunt.
1041 4995 1187 5050 Illud
1252 4999 1407 5049 certe
1461 4995 1723 5066 quidem,
1780 4995 1825 5048 si
1886 4997 2018 5068 quis

2132 4995 2224 5062 τὴν
2279 4994 2451 5066 μονὴν
2503 4991 2560 5048 δὲ
2610 4995 2705 5063 τήν
2749 5000 2856 5049 τῶν
2914 4999 3222 5074 Μαγγάνων
3295 5002 3406 5075 (40)
3467 4999 3786 5076 οἰκοδομῶν

361 5103 494 5143 vere
542 5085 889 5152 consideret,
937 5085 989 5140 ei
1049 5089 1353 5156 acceptum
1413 5084 1548 5139 ferri
1605 5088 1816 5157 potest,
1865 5087 2017 5156 quod

2132 5082 2369 5158 (λέγεται
2403 5080 2461 5137 δὲ
2489 5089 2588 5154 τῆς
2619 5082 2923 5158 οἰκοδομῆς
2956 5085 3209 5162 ἄρξασθαι
3271 5086 3360 5145 διὰ
3413 5091 3512 5161 τῆν
3574 5090 3790 5167 ἐρωμὲ-

363 5176 570 5233 Oriens
602 5176 785 5232 Marte
817 5173 1130 5230 Barbarico
1161 5177 1252 5229 est
1283 5173 1587 5229 subactus.

2132 5194 2225 5244 νην
2275 5171 2444 5245 αὐτῷ,
2496 5173 2597 5242 τὴν
2631 5173 2980 5247 Σκλήραιναν
3037 5174 3204 5254 λέγω,
3258 5177 3334 5235 ’τίν’
3390 5179 3571 5257 ἐκείνῃ
3615 5201 3788 5258 προσ-

1690 5317 1894 5378 Variae
1917 5317 2217 5380 lectiones
2246 5321 2309 5377 et
2339 5321 2506 5378 notae

2133 5463 2316 5526 taxat,
2351 5460 2450 5515 sed
2483 5463 2540 5516 et
2570 5460 2627 5516 in
2658 5460 2793 5517 aliis
2812 5461 2927 5519 Deo
2955 5462 3045 5519 vel
3067 5465 3292 5521 sanctis
3323 5466 3538 5523 dicatis
3568 5467 3796 5523 aedibus

364 5535 421 5589 S.
446 5529 682 5612 Georgii
719 5533 808 5612 ad_
823 5536 1068 5612 Mangan
1081 5550 1111 5586 a
1125 5529 1493 5612 monasterio
1605 5531 1761 5612 perii“
1779 5531 2020 5612 thesauf

2133 5531 2542 5589 exstruendis:
2579 5529 2810 5612 EI‘EGUS‘A
2860 5533 2952 5612 καί
3002 5541 3320 5612 πρυτανεῖον
3372 5537 3488 5592 νὲον
3517 5535 3795 5612 ἐπῳκοδό-

368 5623 462 5661 ros
501 5603 840 5685 exhauserit
889 5602 1335 5685 Monomachus,
1395 5602 1675 5685 qualisve.
1736 5604 1911 5685 fuerit
1967 5609 2022 5659 ot

2138 5623 2299 5685 μησε,
2359 5610 2819 5685 πτωχοτροφεῖον.
2859 5609 3020 5661 τοῦτο
3047 5602 3438 5685 ἐπονομάσας,
3464 5610 3552 5664 καὶ
3585 5602 3797 5685 χρυσοῦ

368 5694 545 5762 quam
580 5676 893 5762 magniﬁca
924 5677 1085 5762 illius
1108 5673 1427 5762 structura,
1451 5693 1567 5747 prae
1581 5677 1802 5758 caeteris
1827 5681 2022 5762 na‘rrat

2135 5673 2312 5762 ésB-pa
2389 5673 2622 5740 ἐντεῦθέν
2669 5673 2836 5732 ’πολὺ
2920 5683 3038 5742 τοῖς
3116 5673 3296 5737 ἀσκεῖν
3373 5673 3794 5762 προῃρημένοις

366 5745 612 5806 Michael
647 5745 892 5821 Pacllus,
927 5749 1029 5807 lib.
1057 5767 1091 5806 v
1130 5749 1280 5807 Hist.
1315 5745 1660 5819 mss—neque
1687 5745 1744 5803 in
1779 5764 1845 5806 ea
1877 5748 2026 5805 dun-
2135 5745 2362 5825 ἆφῆκεν.

597 5458 789 5534 Μᾲονῆν
849 5462 956 5513 τῶν
1019 5459 1344 5534 Μαγγάνων.
1424 5459 1529 5534 Ut_
1582 5457 1641 5512 in
1712 5460 2021 5534 condendo
