4126 6372
292 427 416 488 329
1602 419 2014 482 ANNALIUM
2056 420 2206 481 LlB.
2252 422 2446 487 XVII.
3608 426 3733 488 230

293 561 458 638 φοισᾷ
516 556 788 630 συνεχῶς,
821 551 876 609 ἐν
937 556 1017 626 τῷ
1083 550 1223 625 οἴκῳ
1285 554 1389 606 τοῦ
1455 550 1794 638 Κυνηγεσίου
1861 547 2068 638 ἐχούσῃ
2099 549 2223 606 τότε
2262 548 2329 621 δὴ
2396 554 2499 622 τὴν
2553 554 2896 629 κατοίκησιν)
2951 553 3219 634 πρόφασιν
3278 552 3423 630 ἔχων
3479 559 3577 611 τοῦ
3632 576 3727 611 σε·

300 647 485 722 μνείου
535 645 639 713 τὴν
687 642 953 717 δόμησιν,
1011 639 1311 713 ἐξήντλησε
1363 641 1492 702 τοὺς
1556 637 1869 716 βασιλείους
1927 637 1965 708 ἢ
2021 638 2241 702 κοινοὺς
2303 641 2609 718 θησαυροὺς
2685 643 2806 708 ὅθεν
2883 644 3188 722 χρημάτων
3269 642 3541 719 δεόμενος,
3602 644 3728 701 οὐδὲ

283 742 406 793 ’τῶν
471 733 850 808 ἀπειρημένων
935 732 1292 809 πορισμάτων
1379 729 1659 806 ἀπείχετο.
1717 727 1889 786 Ἀλλά
1958 728 2048 783 καὶ
2137 735 2336 804 χωρῶν
2425 732 2710 800 οὐσῶν,αἳ
2780 733 2918 809 πρὸς
3000 735 3062 788 τὸ
3125 732 3392 807 δημόσιον
3449 740 3566 797 τοῖς
3629 736 3726 810 βα-

307 825 548 881 σιλεῦσιν
644 823 707 878 οὐ
813 820 1058 896 δασμοὺς
1160 820 1557 898 συνεισέφερον,
1659 817 1784 874 ἀλλ’
1860 816 1979 872 ἀντὶ
2081 818 2264 890 πάσης
2358 818 2752 899 δασμοφορίας,
2832 819 3147 900 δυσχωρίας
3239 823 3559 901 ἐφρούρουν,
3635 825 3726 880 καὶ

309 921 430 978 τοῖς
496 908 791 988 Βαρϐάροις
857 913 956 980 τὴν
1036 909 1116 972 εἷς
1185 910 1281 972 τὰς
1348 908 1639 982 Ῥωμαίοις
1717 905 2071 980 ὑποκειμένας
2148 909 2337 983 χώρας
2414 910 2757 987 ἀπετείχιζον
2835 910 3096 989 πάροδον,
3130 912 3330 974 ἐκεῖνος
3369 913 3568 992 φόρους
3606 920 3729 978 ταῖς

315 1007 521 1081 χώραις
579 1001 854 1072 ἐπιτάξας,
912 999 1182 1075 ἐσχόλασε
1244 1000 1340 1061 τὰς
1426 997 1682 1076 φρουράς.
1730 997 2028 1062 Κάντεῦθεν
2088 1000 2123 1067 ἡ
2182 998 2318 1074 πρὸς
2376 999 2470 1060 τὰς
2524 1001 2801 1073 Ῥωμαίας
2856 1002 3045 1077 χώρας
3131 1001 3298 1078 ῥᾴστη
3386 1008 3504 1065 τοῖς
3578 1006 3726 1079 Βαρ-

315 1089 502 1170 ϐάροις
531 1090 740 1167 ἐγένετο
771 1086 1031 1166 πάροδος.
1065 1090 1306 1150 Ἐκεῖνος
1333 1086 1512 1142 τοίνυν
1543 1087 1571 1142 ὁ
1621 1087 1756 1162 ἀνὴρ
1807 1083 1982 1150 αἴτιος
2039 1092 2156 1148 τοῖς
2200 1086 2422 1152 ἀπαθῶς
2469 1086 2850 1165 λογιζομένοις
2898 1092 3234 1168 κριθήσεται,
3261 1096 3357 1147 τοῦ
3404 1094 3504 1163 τὴν
3555 1093 3727 1166 Ἓῴαν

315 1188 507 1256 μοῖραν
538 1179 690 1254 δουρὶ
721 1180 1073 1254 κυριευθῆναι
1106 1171 1447 1253 βαρϐαρικῷ.

378 1273 513 1330 ΚΗ’.
551 1277 661 1340 Τῆς
711 1267 769 1324 δε
811 1264 1093 1343 βασιλίδος
1141 1273 1296 1337 Ζωῆς
1349 1268 1460 1339 (41)
1508 1264 1561 1320 ἐν
1608 1267 1753 1342 γήρᾳ
1799 1266 1954 1340 βαθεῖ

2135 1267 2378 1323 XXVIII.
2413 1270 2789 1341 Imperatrice
2818 1272 2926 1326 Zoe
2968 1275 3242 1343 provecta
3279 1275 3445 1328 astate
3495 1277 3729 1330 mortua

305 1361 461 1432 (ὑπὲρ
505 1358 610 1435 γὰρ
665 1357 733 1413 τὰ
778 1352 1161 1429 ἐϐδομήκοντα
1194 1352 1287 1426 ἔτη
1340 1353 1670 1430 παρεξετάθη
1706 1355 1844 1428 αὐτῇ
1902 1355 1966 1410 τὸ

2082 1357 2602 1430 (septuagesimum
2635 1360 2790 1415 enim
2824 1377 3045 1415 annum
3094 1361 3445 1434 excesserat)
3497 1362 3728 1418 obitum

305 1449 604 1524 βιώσιμον)
671 1445 1054 1514 καταλυσάσης
1112 1445 1213 1512 τὴν
1289 1445 1459 1514 ζωὴν,
1525 1444 1628 1498 οὐκ
1697 1441 1966 1516 ἀνδρικῶς

2082 1448 2206 1518 ejus
2228 1465 2340 1503 non
2365 1453 2430 1504 ut
2450 1465 2582 1504 vero
2608 1450 2856 1521 dignum
2879 1454 2994 1514 est,
3018 1450 3177 1517 tulit,
3220 1451 3321 1506 sed
3364 1451 3730 1507 muliebriter

299 1537 509 1599 ἐκεῖνος
565 1535 883 1611 ἐθρήνησεν,
945 1533 1090 1590 ἀλλά
1168 1534 1354 1606 μέντοι
1432 1554 1498 1609 γε
1566 1530 1965 1608 μειρακιωδῶς.

301 1629 536 1703 Λέγεται
597 1623 654 1680 δὲ
707 1626 797 1680 καὶ
864 1621 1116 1701 ἀγγέλοις
1179 1624 1348 1693 αὐτὴν
1430 1622 1772 1696 παρεξισοῦν,
1823 1621 1968 1678 ἐπει-

303 1714 370 1787 δή
407 1735 518 1770 που
545 1719 642 1770 τοῦ
688 1715 974 1788 μνήματος
1013 1711 1225 1781 ἐκείνης
1275 1711 1454 1786 μύκης
1505 1709 1564 1766 ἔκ
1600 1731 1748 1773 τινος
1805 1711 1966 1787 ὑγρό-

302 1826 472 1875 τητος
505 1799 898 1873 ἀνεϐλάστησε,
929 1801 1018 1857 καὶ
1055 1805 1219 1856 τοῦτο
1251 1799 1435 1856 καλεῖν
1489 1805 1716 1874 σημεῖον
1763 1797 1964 1865 ἄνωθεν

306 1893 697 1966 οίκονομηθὶν,
721 1890 814 1946 ’ίνα
848 1892 924 1964 μή
955 1892 1212 1967 ἀγνοῆται
1260 1893 1295 1960 ἡ
1333 1889 1549 1966 βασιλὶς
1592 1894 1713 1954 ταῖς
1754 1894 1967 1964 νοεραῖς

306 1981 709 2056 συντεταγμένη
768 1978 1042 2053 δυνάμεσι.
1098 1983 1212 2049 Τῆς
1270 1977 1316 2034 δ’
1374 1980 1448 2043 ὡς
1504 1977 1714 2054 ὄρηται
1770 1979 1966 2043 θανού-

306 2093 428 2142 σης,
461 2073 490 2126 ὁ
554 2070 807 2145 βασιλεὺς
852 2068 930 2124 ἔτι
986 2067 1342 2147 φλεγμαίνων
1396 2067 1520 2142 περὶ
1577 2067 1704 2128 τοὺς
1763 2063 1968 2144 ἔρωτας

304 2160 583 2236 ἐπεισάγει
633 2165 755 2222 τοῖς
814 2156 1112 2234 βασιλείοις
1155 2157 1384 2232 μείρακά
1439 2177 1558 2212 τινα
1607 2159 1822 2230 ὅμηρον
1879 2153 1968 2210 δο-

303 2256 490 2316 θεῖσαν
531 2248 825 2322 Ῥωμαίοις
873 2248 925 2318 ἐξ
976 2245 1244 2316 Ἀλανῶν,
1276 2245 1444 2302 παῖδά
1479 2267 1626 2308 τινος
1673 2250 1781 2300 τῶν
1841 2245 1966 2320 παρ’

298 2339 532 2400 ἐκείνοις
590 2337 1068 2414 ἀρχηγετούντων,
1127 2336 1217 2391 καὶ
1273 2335 1474 2404 ταύτην
1523 2331 1786 2404 σεϐαστήν
1847 2334 1966 2388 ὀνο-

305 2431 504 2502 μάσας,
562 2427 834 2502 βασίλειον
891 2425 1026 2499 αὐτῇ
1083 2427 1185 2494 τήν
1249 2424 1531 2501 θεραπείαν
1594 2423 1820 2493 ἀπέταξε
1877 2423 1966 2477 καὶ

299 2517 552 2573 πλούτου
579 2515 852 2591 χορηγίον
883 2512 1304 2588 δαψιλεστάτην.
1341 2515 1434 2568 Καὶ
1494 2511 1546 2568 εἴ
1578 2514 1653 2586 μὴ
1683 2514 1781 2582 τὴν
1819 2513 1969 2588 βασι-

300 2604 456 2674 λίδα,
483 2607 586 2674 τὴν
619 2601 899 2677 Θεοδώραν
928 2602 1098 2678 λέγω,
1128 2601 1396 2672 πεποίητο
1429 2599 1497 2656 δι’
1529 2599 1794 2672 αἰδοῦς,ςῆ
1825 2599 1967 2673 μᾶλ-

301 2651 456 2674 ...ν..,
495 2651 581 2674 -.,.
622 2651 799 2660 νη-..
841 2651 893 2658 τ.
930 2651 991 2659 ..,
1035 2651 1098 2670 η,
1137 2651 1392 2672 "me--."
1434 2651 1479 2656 --
1532 2651 1792 2672 ηαμην,
1825 2651 1934 2673 ,πη

301 2695 402 2751 λον
433 2695 499 2749 τὸ
528 2701 628 2763 τῆς
657 2651 1018 2767 τετράγαμίας
1065 2691 1337 2766 ᾐσχύνετο
1387 2692 1644 2764 ἄθεσμον,
1670 2690 1762 2744 καὶ
1815 2690 1964 2764 βασί-
1999 2651 2046 2716 Β

305 2783 472 2838 λισσα
498 2781 559 2838 ἂν
589 2784 690 2851 τὴν
721 2780 999 2856 ἐρωμένην
1047 2779 1248 2850 ταύτην
1296 2779 1500 2847 ἀνεῖπε,
1529 2779 1619 2834 καὶ
1669 2776 1967 2850 διαδήματι

308 2873 711 2944 κατεκόσμησεν
745 2873 828 2926 ἄν.
861 2869 1102 2924 Έκείνου
1135 2867 1192 2924 δὲ
1249 2865 1526 2936 Θανόντος,
1560 2867 1621 2923 οὗ
1680 2867 1970 2943 παρέμεινε

316 2966 386 3035 τῇ
414 2957 643 3034 σεϐαστῇ
673 2960 737 3014 τὸ
778 2959 1093 3035 εὐτύχημα.
1125 2957 1250 3014 ἀλλ’
1284 2957 1362 3018 εἷς
1404 2959 1503 3025 τήν
1560 2956 1825 3032 προτέραν
1870 2963 1970 3024 τῆς

322 3051 544 3125 ὁμηρίας
568 3050 750 3126 τύχην
784 3047 1207 3119 ἐπανελήλυθεν.
1235 3049 1395 3120 ’Ἄρτι
1447 3045 1505 3101 δὲ
1550 3046 1640 3101 καὶ
1691 3047 1814 3121 περὶ
1871 3049 1968 3100 τοῦ

312 3139 497 3201 τέλους
526 3137 847 3215 ἱστορητέον
900 3137 1097 3192 τούτου
1141 3141 1240 3192 τοῦ
1284 3135 1704 3211 αὐτοκράτορος.
1736 3135 1814 3192 Οὐ
1873 3155 1972 3208 μα-

305 3230 436 3304 κρὸς
487 3229 819 3304 ἐξεμετρήθη
875 3227 1099 3303 χρόνος,
1133 3225 1316 3296 ἐξότου
1359 3231 1460 3295 τῆς
1515 3224 1813 3299 ἡγεμονίας
1863 3228 1971 3278 τῶν

304 3318 599 3391 Ῥωμαίων
657 3319 876 3392 γέγονεν
937 3317 1229 3392 ἐγκρατὴς,
1261 3314 1352 3370 καί
1409 3315 1459 3369 οἱ
1515 3310 1675 3376 νόσος
1727 3314 1968 3389 ἀρθρῖτις

306 3407 626 3480 ἐνέσκηψεν,
658 3405 694 3475 ἢ
753 3405 1017 3481 πρότερον
1061 3410 1180 3467 τοῖς
1230 3403 1388 3459 ποσὶν
1435 3401 1644 3458 ἐκείνου
1694 3406 1792 3457 τοῦ
1850 3401 1972 3476 ῥεύ-

307 3517 482 3570 ματος
536 3494 800 3569 ἐπήνεγκε
845 3495 944 3562 τὴν
996 3493 1187 3571 φορὲιν,
1225 3492 1364 3547 ὥστε
1409 3494 1506 3554 τὰς
1569 3493 1750 3567 βάσεις
1809 3490 1973 3546 αὐτοῦ

302 3585 448 3661 πρὸς
506 3583 730 3660 πορείαν
787 3583 878 3637 καὶ
937 3582 1119 3638 στάσιν
1152 3579 1451 3637 ἀδυνατεῖν.
1486 3580 1549 3635 Ei
1581 3578 1639 3636 δέ
1693 3601 1827 3635 ποτε
1881 3581 1970 3635 καὶ

302 3675 579 3744 κινήσεως
628 3671 868 3748 ἀνάγκην
920 3666 1174 3747 ἔσχηκεν,
1207 3671 1242 3739 ἢ
1275 3669 1410 3745 πρός
1458 3690 1622 3724 τινων
1675 3669 1974 3744 ὑποστηρι-

308 3765 542 3836 ζόμενος
589 3757 882 3838 προέϐαινε
926 3759 1231 3836 δυσχερῶς,
1286 3759 1323 3830 ἢ
1371 3761 1461 3815 καὶ
1508 3761 1734 3832 πάμπαν
1794 3759 1974 3834 ἐτερο-

301 3854 537 3923 κίνητος
587 3851 677 3921 ἧν.
712 3854 821 3908 Τοῦ
875 3850 1080 3927 χρόνου
1131 3847 1188 3905 δὶ
1216 3849 1530 3923 προϊόντος,
1561 3849 1650 3903 καὶ
1680 3853 1802 3910 ταῖς
1849 3869 1978 3926 χερο

301 3943 391 3997 σὶν
455 3939 753 4017 ἐπεῤῥύητο
811 3937 1006 3994 αἶ’τιον·
1042 3939 1156 3994 εἶτα
1209 3938 1300 3994 καὶ
1329 3942 1448 4001 τοῖς
1481 3933 1658 4010 ὤμοις
1689 3937 1975 4008 ἐπήνεκτο,

2077 1536 2246 1601 luxit,
2279 1553 2527 1609 eamque
2544 1538 2770 1610 angelis
2791 1539 3190 1610 aaquiparasse
3236 1540 3457 1595 fertur:
3492 1557 3622 1595 cum
3654 1542 3728 1596 ob

2077 1625 2187 1680 loci
2220 1626 2633 1682 humiditatem
2667 1644 2734 1682 ex
2765 1629 2895 1696 ejus
2926 1633 3309 1684 monumento
3341 1630 3556 1700 fungus
3595 1646 3729 1702 ger-

2081 1715 2387 1782 minasset,
2423 1733 2598 1787 quem
2630 1717 2824 1789 sigum
2858 1718 3056 1772 divina
3086 1717 3447 1788 providentia
3506 1719 3728 1775 editum

2075 1805 2322 1871 vocavit,
2353 1811 2419 1859 ut
2451 1821 2522 1860 ne
2552 1805 2928 1875 ignoraretur
2956 1806 3391 1878 imperatricem
3426 1807 3485 1862 in
3513 1813 3730 1863 coetum

2075 1891 2525 1963 intelligentium
2562 1898 2916 1949 Potestatem
2976 1912 3105 1950 esse
3138 1902 3454 1967 receptam.
3516 1897 3730 1952 Verum

2076 1981 2270 2036 adhuc
2300 1983 2518 2038 amoris
2565 1983 2836 2038 incendio
2895 1983 3168 2055 ﬂagrans,
3229 1985 3730 2042 adolescentulam

2076 2069 2394 2140 quamdam
2428 2070 2596 2124 Alani
2633 2069 2918 2141 principis
2942 2069 3142 2135 ﬁliam,
3167 2071 3431 2126 obsidem
3453 2072 3731 2128 Romanis

2076 2159 2296 2224 datam,
2329 2159 2389 2213 in
2422 2160 2639 2228 regiam
2673 2159 3065 2214 introductam
3097 2164 3422 2230 Augustam
3451 2161 3728 2232 appellat,

2074 2249 2273 2303 addita
2303 2249 2572 2303 custodia
2601 2248 2761 2318 regia
2790 2254 2847 2302 et
2878 2247 3217 2320 sumptibus
3264 2249 3726 2308 liberalissimis.

2076 2337 2237 2400 Quod
2273 2338 2332 2391 ni
2357 2337 2720 2392 Theodoram
2753 2336 3185 2408 imperatricem
3220 2339 3501 2394 reveritus
3549 2345 3728 2410 esset,

2083 2444 2147 2482 ac
2181 2429 2376 2500 potius
2409 2429 2601 2499 quarti
2636 2430 2898 2500 conjugii
2941 2430 3197 2484 dedecus
3246 2438 3303 2485 et
3352 2431 3540 2501 nefas,
3579 2432 3729 2486 ami-

2076 2533 2204 2571 cam
2237 2533 2406 2572 suam
2439 2518 2618 2572 etiam
2649 2517 3081 2588 imperatricem
3114 2517 3490 2589 appellasset,
3523 2525 3580 2575 et
3611 2521 3731 2575 dia-

2076 2605 2306 2660 demate
2337 2611 2691 2661 exornasset.
2725 2607 3006 2661 Caeterum
3040 2606 3142 2662 illa
3171 2613 3450 2678 Augustas
3484 2608 3730 2665 felicitas

2079 2711 2194 2749 non
2227 2694 2328 2749 diu
2361 2696 2633 2750 duravit:
2665 2712 2801 2750 nam
2835 2701 2967 2766 post
3001 2695 3631 2770 imperatorisobitum
3655 2700 3729 2754 ad

2079 2783 2387 2854 pristinam
2421 2784 2817 2839 conditionem
2852 2789 2941 2840 est
2964 2801 3215 2841 reversa.
3252 2785 3419 2841 Nunc
3451 2788 3523 2842 de
3570 2787 3728 2842 exitu

2079 2872 2453 2944 imperatoris
2483 2879 2573 2927 est
2604 2873 2938 2929 dicendum.
2977 2873 3101 2929 Non
3135 2873 3322 2929 multo
3373 2880 3506 2946 post
3547 2892 3727 2948 quam

2079 2966 2311 3033 sceptro
2369 2962 2589 3032 politus
2647 2967 2824 3029 esset,
2884 2963 3126 3018 morbus
3182 2979 3317 3018 eum
3396 2964 3729 3021 articularis

2080 3052 2224 3106 261
2265 3051 2498 3120 invasit,
2531 3051 2880 3106 humoribus
2913 3051 3201 3123 principio
3233 3053 3304 3108 ad
3329 3055 3505 3123 pedes
3522 3054 3732 3110 decur-

2080 3140 2365 3208 rentibus,
2401 3145 2464 3193 ut
2495 3156 2684 3210 neque
2743 3147 2919 3207 stare,
2982 3157 3170 3211 neque
3227 3141 3453 3210 ingredi
3511 3147 3732 3214 posset.

2080 3229 2322 3292 Quando
2353 3235 2550 3283 autem
2583 3245 2718 3283 eum
2767 3229 2984 3284 moveri
3032 3246 3270 3285 necesse
3315 3235 3459 3293 erat,
3511 3236 3614 3287 aut
3661 3231 3736 3287 ab

2082 3319 2212 3373 aliis
2244 3317 2522 3374 suffultus
2554 3334 2703 3389 aagre
2734 3318 3197 3389 ingrediebatur,
3229 3327 3333 3373 aut
3365 3321 3735 3389 gestabatur.

2081 3410 2299 3464 Verum
2355 3424 2668 3479 progressu
2718 3409 3026 3478 temporis,
3073 3409 3361 3464 ﬂuxiones
3410 3411 3469 3464 in
3518 3426 3736 3466 manus

2081 3498 2259 3554 etiam
2318 3498 2756 3564 incumbebant,
2825 3497 3035 3552 deinde
3082 3498 3364 3554 humeros
3426 3499 3734 3567 vexabant,

2083 3586 2332 3654 denique
2362 3589 2550 3640 totum
2579 3602 2790 3656 corpus
2821 3586 3180 3641 infestabant
3229 3591 3285 3641 et
3313 3586 3610 3656 laxabant,
3643 3603 3738 3642 ca-

2083 3674 2365 3730 vitatibus
2396 3673 2776 3729 articulorum
2808 3689 2870 3730 se
2900 3674 3293 3730 insinuantes.
3320 3676 3404 3729 Ad
3432 3674 3553 3728 haec
3577 3674 3736 3730 aliud

2086 3764 2336 3820 accessit
2367 3763 2613 3830 malum,
2648 3762 2934 3818 vellicatio
2966 3762 3168 3819 lateris
3199 3781 3266 3819 ex
3298 3762 3586 3830 anhelitu,
3619 3779 3737 3834 qua

2085 3855 2284 3920 fiebat,
2317 3858 2506 3908 utnec
2529 3853 2654 3924 ipse
2675 3854 2803 3907 vitae
2835 3852 3226 3927 diuturnioris
3267 3869 3432 3924 spem
3477 3853 3741 3924 haberet,

2089 3960 2194 3998 nec
2223 3943 2350 4013 ejus
2381 3958 2669 4013 proceres,
2731 3959 2981 4012 quorum
3033 3941 3350 4013 primarius
3401 3947 3524 3996 erat
3577 3941 3738 4015 logo-

303 4032 398 4086 καὶ
461 4029 622 4094 τέλος
676 4028 807 4084 ὅλον
867 4029 1013 4101 αὐτῷ
1066 4029 1129 4083 τὸ
1160 4033 1319 4101 σῶμα
1345 4033 1426 4100 τῷ
1458 4027 1684 4104 ῥεύματι
1715 4025 1973 4083 κατεκλύ-

2085 4033 2247 4088 theta
2285 4031 2564 4097 Joannes,
2623 4035 2912 4086 castratus
2967 4030 3306 4098 homuncio,
3371 4031 3622 4087 obscuro
3681 4035 3740 4088 et

309 4127 457 4190 ζετο,
489 4119 580 4174 καὶ
639 4124 887 4191 παρεῖτο,
918 4119 1008 4173 καὶ
1065 4116 1410 4191 ἐξηρθροῦτο,
1441 4121 1558 4178 τοῖς
1602 4121 1710 4172 τῶν
1761 4113 1973 4192 ἄρθρων

315 4208 658 4281 κοιλώμασιν
721 4206 1106 4284 ἐγκλειομένου
1183 4211 1280 4261 τοῦ
1357 4205 1643 4281 ῥεύματος.
1705 4207 1970 4279 ’Ἑκαμνεν

328 4297 413 4352 οῦν
446 4298 591 4353 οὕτω
622 4298 730 4373 πρὸ
765 4301 976 4372 μακροῦ
1005 4297 1067 4352 τὸ
1099 4301 1260 4370 σῶμα
1305 4299 1383 4367 τῷ
1433 4295 1665 4370 βασιλεῖ.
1703 4296 1832 4350 Εἶτα
1883 4295 1972 4350 καί

318 4409 368 4442 τι
423 4384 608 4462 ἓτερον
666 4381 1108 4460 ἐπισυμϐεϐηκὸς
1163 4386 1246 4458 (τὸ
1307 4381 1354 4439 δ’
1409 4385 1477 4454 ἦν
1555 4383 1614 4440 ἐκ
1672 4383 1976 4457 πνεύματος

311 4478 520 4554 νυγμὸς
579 4477 703 4552 περὶ
769 4477 869 4545 τὴν
946 4475 1209 4549 πλευρὰν)
1263 4471 1713 4550 προσδοκήσιμον
1787 4473 1976 4548 ἐκείνῳ

306 4567 406 4621 καὶ
459 4569 576 4628 τοῖς
645 4564 794 4638 αὐτῷ
867 4562 1428 4638 παραδυναστεύουσιν
1501 4560 1650 4628 ἔθετο
1702 4565 1764 4619 τὸ
1819 4562 1978 4626 τέλος

302 4657 415 4720 τῆς
465 4655 675 4728 βιοτῆς,
709 4655 783 4709 ὧν
831 4654 898 4709 τά
942 4658 1134 4728 πρῶτα
1182 4654 1210 4707 ὁ
1251 4653 1554 4729 λογοθὲτης
1599 4653 1665 4722 ἦν
1700 4655 1976 4724 Ἰωάννης,

305 4742 719 4815 ἐκτετμημένον
771 4741 1081 4818 ἀνδράριον,
1124 4743 1334 4816 ἄσημον
1391 4743 1486 4816 μὶν
1543 4741 1603 4797 ἐκ
1650 4741 1838 4820 γένους
1889 4742 1978 4798 καὶ

311 4829 760 4906 δυσγετέστατον,
837 4832 976 4905 πρὸς
1060 4829 1119 4886 δὲ
1196 4831 1534 4907 πραγμάτων
1612 4831 1978 4908 μεταχείρισιν

309 4921 677 4996 ἀφυὲστατον,
737 4927 1130 4996 γραμματικῆς
1218 4917 1275 4976 δὲ
1343 4921 1547 4996 τέχνης
1603 4925 1829 4976 τοσοῦτο
1883 4942 1979 4994 με-

307 5010 616 5086 τεσχηκὸς,
679 5009 817 5065 ὥστε
877 5011 1003 5082 μήτ’
1056 5010 1336 5085 ὀρθοεπεῖν
1398 5005 1638 5086 ἀκριϐῶς
1691 5009 1983 5080 ἀττικίζον,

316 5101 457 5174 μήτ’
504 5099 810 5162 ἀπττίστως
882 5099 1263 5178 ὀρθογραφεῖν.
1317 5102 1432 5178 Ἐφ’
1491 5098 1537 5173 ᾧ
1595 5096 1663 5170 δὴ
1721 5101 1820 5169 τήν
1876 5104 1984 5156 τῶν

2080 4119 2514 4193 ignobilissimo
2545 4136 2753 4191 genere
2802 4123 2990 4188 ortus,
3049 4125 3107 4175 et
3167 4120 3240 4175 ad
3298 4136 3391 4176 res
3449 4121 3738 4192 gerendas

2082 4209 2514 4282 ineptissimus,
2548 4208 2951 4281 grammaticae
2993 4209 3134 4264 artis
3183 4209 3327 4264 adeo
3377 4209 3624 4280 peritus,
3676 4213 3742 4264 ut

2084 4298 2143 4352 in
2177 4298 2540 4353 affectatione
2569 4297 2882 4362 Alticismi,
2917 4314 3107 4368 neque
3140 4302 3294 4352 recte
3326 4296 3509 4369 loqui,
3551 4314 3742 4369 neque

2086 4386 2232 4442 citra
2260 4403 2516 4442 errorem
2552 4386 2811 4442 scribere
2842 4392 3062 4457 posset.
3099 4385 3161 4441 Ei
3195 4403 3492 4441 summam
3544 4403 3742 4443 rerum

2087 4476 2407 4548 imperator
2437 4475 2774 4531 commisit:
2809 4475 3083 4530 eumdem
3121 4474 3445 4546 principem
3502 4480 3744 4531 senatus
3774 4539 3777 4541 _

2087 4564 2434 4638 designavit.
2480 4565 2628 4620 Nam
2689 4564 2854 4636 prius
2913 4564 3252 4636 reipublica:
3305 4563 3742 4621 administratio

2089 4673 2262 4728 penes
2292 4655 2505 4726 virum,
2539 4655 2674 4710 huic
2705 4653 2945 4710 omnino
2975 4659 3030 4709 et
3059 4670 3270 4725 genere
3303 4659 3358 4710 et
3389 4655 3661 4711 facundia
3685 4659 3744 4711 et

2089 4744 2335 4801 scientia
2366 4745 2630 4817 regendae
2662 4743 2915 4799 civitatis
2959 4742 3312 4799 dissimilem
3372 4743 3595 4799 fuerat:
3643 4744 3750 4815 qui

2089 4851 2224 4891 cum
2257 4835 2576 4906 imperator
2616 4832 2836 4905 aliquid
2890 4848 3062 4888 secus
3107 4849 3282 4903 quam
3345 4832 3746 4902 conveniebat,

2083 4923 2340 4995 juberet,
2373 4939 2488 4978 non
2522 4922 2720 4978 statim
2754 4922 2824 4977 ad
2861 4921 3226 4978 voluntatem
3258 4921 3386 4991 ejus
3431 4922 3750 4993 propende-

2090 5013 2215 5079 bat,
2239 5013 2341 5067 sed
2401 5011 2809 5085 refragabatur
2866 5013 2923 5066 et
2983 5010 3329 5066 deterrebat.
3391 5009 3554 5073 Quod
3614 5027 3750 5065 cum

2095 5102 2312 5175 saepius
2345 5101 2529 5171 ﬂeret,
2564 5101 2662 5157 ille
2694 5100 2950 5174 graviter
2977 5103 3034 5156 et
3073 5099 3277 5172 iniquo
3327 5097 3524 5154 animo
3572 5097 3752 5153 liber-

1615 5288 1821 5352 Variae
1849 5290 2153 5353 lectiones
2183 5293 2247 5352 et
2277 5293 2467 5351 notat.

397 5469 514 5544 (41)
543 5469 650 5544 Τῆς
682 5465 740 5522 δὲ
772 5465 1059 5544 βασιλίδος
1105 5473 1282 5544 Ζωῆς.
1334 5469 1568 5525 Annum
1606 5469 1807 5544 obitus
1844 5470 1987 5544 Zces

313 5542 552 5598 indicat
587 5542 784 5614 Lupus
814 5542 1276 5614 Prostospatha:
1332 5545 1434 5599 An.
1490 5543 1649 5607 1050,
1700 5542 1897 5598 indici.
1930 5543 1984 5612 3,

319 5613 753 5684 obiitZoeinip.
814 5630 968 5670 soror
1020 5613 1337 5679 Theodorae,
1395 5630 1516 5684 quae
1563 5616 1795 5685 fuerunt
1852 5615 1990 5685 ﬁliae

316 5688 685 5743 Constantini
713 5687 850 5754 imp.
885 5687 988 5741 Zoe
1013 5687 1167 5742 enim
1195 5685 1387 5740 habuit
1414 5687 1562 5741 viros
1591 5695 1723 5752 tres,
1742 5687 1992 5756 primum

317 5760 656 5826 Romanum,
689 5759 992 5815 secundum
1047 5757 1397 5825 Michaelom,
1444 5758 1672 5814 tertium
1719 5761 1989 5815 Constan-

2097 5472 2279 5526 tinum
2309 5470 2730 5525 Menonme/ium
2769 5469 3032 5538 Regnavit
3071 5483 3201 5523 cum
3250 5467 3335 5524 his
3386 5467 3566 5524 tribus
3614 5467 3755 5524 viris

2097 5560 2230 5598 ann.
2257 5547 2348 5608 22,
2379 5545 2499 5612 post
2536 5549 2769 5595 mortem
2827 5554 2954 5594 vero
3006 5541 3288 5610 praedith
3335 5542 3462 5596 Zoes
3508 5542 3759 5611 regnavit

2099 5617 2214 5686 ipse
2273 5613 2662 5669 Constantinus
2733 5613 3034 5686 imperator
3112 5628 3240 5666 cum
3310 5614 3592 5669 Theodore
3652 5629 3754 5668 sua

2099 5685 2327 5760 cognata
2338 5687 2462 5756 jam
2491 5699 2682 5740 novem
2713 5685 2899 5740 annis.
