4126 6390
383 395 498 455 231

1729 389 2058 455 JOANNIS
2111 387 2452 452 ZONAM

377 533 560 588 tatem
586 530 746 587 illius
767 531 982 603 ferens,
1007 531 1234 589 homini
1256 530 1571 595 (Licbudes
1591 529 1643 586 is
1661 528 2016 600 vocabatur),

2143 526 2344 580 κοινῶν
2401 525 2736 602 πραγμάτων
2797 521 3068 598 διοίκησιν
3098 526 3127 582 ὁ
3161 526 3422 604 βασιλεὺς
3474 526 3803 604 έποιήσατο,

380 626 445 677 nt
501 623 871 678 adversatore
929 627 1176 690 careret,
1236 638 1454 676 munus
1509 621 1566 676 id
1623 623 1912 691 ereptum,
1972 618 2032 673 in

372 709 661 765 Joannem
695 711 995 777 transfert,
1033 727 1103 786 ne
1134 727 1248 764 suae
1279 709 1640 780 cupiditates
1696 707 2034 763 inhiberen-

371 803 487 855 tur.
523 799 577 856 Is
602 799 782 872 igitur
811 801 1069 856 Joannes
1101 804 1157 853 et
1189 798 1286 853 alii
1344 802 1670 870 magnates,
1725 798 2033 868 desperata

371 889 746 960 imperatoris
775 890 916 957 vita,
972 888 1024 943 ri
1076 892 1342 943 auctores
1392 893 1534 942 sunt
1581 887 1652 942 de
1691 903 2030 942 successore

368 977 761 1034 deliberandi:
798 982 1180 1048 monentque,
1208 978 1617 1032 Protevontem
1664 980 1865 1048 aptum
1901 992 2028 1031 esse

369 1070 440 1123 ad
477 1068 812 1138 imperium,
846 1066 944 1138 qui
975 1083 1113 1123 cum
1144 1065 1485 1138 Bulgariam
1515 1072 1762 1137 regeret,
1787 1067 1859 1121 ab
1885 1066 2028 1122 urbe

374 1158 596 1212 aberat.
649 1157 863 1212 Missus
923 1156 1102 1228 igitur
1150 1161 1260 1222 est,
1319 1155 1420 1226 qui
1478 1172 1612 1210 eum
1668 1161 2025 1211 accerseret:

371 1245 548 1316 idque
581 1245 731 1300 clam
765 1246 1089 1312 Theodora,
1131 1262 1246 1300 non
1281 1249 1478 1299 tamen
1511 1243 1607 1313 ita,
1643 1245 1783 1316 quin
1817 1262 2027 1300 arcano

370 1334 470 1390 illo
501 1334 747 1390 consilio
800 1335 1187 1406 deprehenso,
1239 1338 1521 1406 aegrotum
1569 1338 1914 1405 potestatem
1966 1334 2024 1388 in

369 1423 552 1479 alium
585 1423 964 1480 transtulisse
995 1424 1279 1496 cognorit.
1314 1423 1512 1494 Itaque
1544 1422 1643 1478 illa
1673 1423 2024 1479 moribundo

364 1511 427 1568 in
459 1514 771 1585 Mangania
803 1513 964 1585 regia
991 1513 1215 1580 relicto,
1271 1512 1566 1567 industria
1615 1511 2022 1567 ministrorum

364 1619 608 1658 suorum
641 1619 965 1658 conscensa
996 1619 1139 1657 nave
1168 1602 1240 1658 ad
1274 1617 1546 1672 magnam
1583 1599 1800 1673 regiam
1823 1600 2019 1672 appel-

356 1689 443 1745 lit.
481 1691 563 1746 Ibi
597 1695 654 1746 et
685 1690 1084 1762 imperatoriis
1116 1688 1494 1756 satellitibus,
1551 1693 1606 1745 et
1650 1688 1879 1744 selectis
1928 1705 2022 1745 se-

364 1779 672 1834 natoribus
729 1780 802 1835 ad
850 1796 979 1835 eam
1037 1778 1492 1848 confluentibus,
1548 1777 1890 1849 imperatrix
1947 1777 2020 1834 ab

363 1868 642 1924 omnibus
673 1873 763 1925 est
791 1869 1064 1935 salutata,
1100 1874 1164 1924 ut
1193 1869 1264 1923 ad
1297 1884 1475 1938 quam
1534 1867 1846 1938 imperium
1884 1869 2019 1938 jure

361 1957 730 2014 baereditario
761 1958 1097 2031 pertineret.
1130 1961 1208 2014 Eo
1241 1974 1334 2013 res
1354 1957 1736 2012 Monomacbo
1759 1956 2017 2013 dolorem

355 2047 548 2104 auxit:
595 2064 855 2119 cumque
911 2064 1026 2103 non
1085 2046 1342 2119 amplius
1394 2045 1660 2115 vixisset,
1719 2062 1897 2117 quam
1955 2049 2021 2102 ut

355 2137 619 2208 suspirio
653 2137 917 2192 dolorem
969 2140 1026 2190 et
1069 2136 1364 2191 tristitiam
1424 2136 1560 2191 inde
1618 2136 1771 2192 262
1821 2152 2021 2191 conce-

357 2230 518 2298 ptam
541 2226 746 2281 testari
774 2229 988 2298 posset,
1016 2224 1353 2296 exspiravit.
1401 2225 1687 2296 Regnavit
1724 2242 1911 2280 annos
1939 2242 2019 2280 xu

355 2319 414 2371 et
445 2331 677 2370 menses
710 2320 873 2370 octo:
910 2314 1179 2386 sepultus
1213 2318 1304 2370 est
1334 2314 1391 2369 in
1423 2317 1847 2385 Manganorum
1893 2331 2019 2370 mu-

359 2402 622 2458 nasterio
655 2421 688 2458 a
719 2420 781 2458 se
814 2403 1070 2459 condito.

2050 1919 2098 1984 B

2143 613 2234 669 xui
2280 617 2388 669 τῶν
2434 621 2536 685 τῆς
2583 612 2792 691 βουλῆς
2843 613 3112 689 ἀπέδειξεν
3159 617 3411 675 ἁπάντων
3438 619 3800 697 κορυφαιότα-

2141 725 2256 760 τον.
2309 705 2409 760 Ἦν
2502 705 2595 778 μὶν
2650 704 2751 780 γὰρ
2805 703 2893 760 ἐπὶ
2949 710 3058 761 τῶν
3115 707 3417 782 βασιλικῶν
3473 706 3800 780 διοικήσεων

2141 795 2333 868 πρώην
2381 793 2520 870 ἀνὴρ
2567 793 2746 867 τούτῳ
2792 795 2860 850 τὰ
2907 797 3081 851 πάντα
3117 797 3469 874 ⁴ἀντίρῥοπος
3515 798 3604 854 καὶ
3647 800 3804 875 γένος

2140 883 2228 938 καὶ
2290 882 2477 958 λόγον⁹
2507 883 2595 939 καὶ
2654 885 2754 954 την
2811 886 2935 961 περὶ
2993 885 3090 948 τὰς
3133 885 3422 950 πολιτικὰς
3481 887 3803 963 οἰκονομίας

2138 967 2434 1044 ἀκρίϐειαν.
2505 977 2761 1035 Τοιοῦτος
2820 971 2864 1028 δ’
2924 970 3018 1046 ὢν,
3081 975 3320 1046 ὁπηνίκα
3390 997 3443 1030 τι
3516 977 3663 1054 παρὰ
3734 979 3800 1034 τὸ

2137 1064 2375 1126 καθῆκον
2426 1059 2709 1118 ἐπέταττεν
2763 1063 2914 1135 αὑτῷ
2983 1067 3211 1130 ποιῆσαι
3270 1065 3298 1120 ὁ
3359 1065 3638 1140 βασιλεὺς,
3699 1066 3803 1123 οὑκ

2137 1150 2202 1219 ἧν
2259 1150 2330 1224 τῇ
2380 1152 2691 1227 προαιρέσει
2767 1156 2864 1206 τοῦ
2920 1157 3247 1228 κρατοῦντος
3307 1154 3616 1226 έπικλινὴς,
3666 1154 3800 1213 ἀλλ’

2137 1238 2386 1316 ἀντέλεγέ
2439 1261 2498 1296 τε
2544 1243 2629 1296 καὶ
2685 1241 2896 1318 ἀνεῖργε
2943 1246 3039 1296 τοῦ
3090 1244 3168 1316 μὴ
3201 1246 3592 1318 προσήκοντος.
3620 1246 3682 1304 Ὁ
3737 1244 3800 1302 δὲ

2136 1328 2483 1405 ἐχαλέπαινε,
2516 1331 2605 1385 καὶ
2636 1329 2910 1394 πολλάκις
2963 1332 3160 1387 τούτου
3214 1335 3536 1407 γινομένου,
3594 1333 3801 1408 έμηνία

2131 1422 2199 1492 τῇ
2231 1423 2326 1474 τοῦ
2367 1416 2561 1494 ἀνδρὸς
2590 1419 2797 1475 ἐκείνου
2830 1419 3130 1497 ἐλευθερίᾳ,
3164 1423 3252 1478 καὶ
3299 1421 3388 1479 ’ίνα
3433 1424 3496 1479 τὸ
3548 1424 3794 1496 ἀντίξουν

2131 1508 2576 1587 ἀποφορτίσαιτο,
2613 1514 2837 1583 μεθιστᾷ
2868 1510 2965 1583 μὶν
3025 1509 3228 1566 έκεῖνον
3269 1516 3371 1578 τῆς
3424 1517 3532 1568 τῶν
3588 1518 3792 1568 κοινῶν

2133 1595 2454 1669 διοικήσεως
2485 1599 2536 1673 (ὁ
2567 1597 2881 1674 Λειχούδης
2914 1599 2980 1668 ἦν
3013 1601 3216 1674 οὗτος),
3250 1601 3547 1679 ἀντεισάγει
3598 1595 3656 1658 δὲ
3694 1603 3792 1658 τὸν

2132 1689 2405 1758 Ἰωάννην,
2438 1687 2528 1743 καὶ
2579 1688 2759 1762 τούτῳ
2804 1690 2904 1758 τὴν
2953 1695 3059 1745 τῶν
3112 1688 3414 1746 πολιτικῶν
3449 1691 3793 1768 πραγμάτων

2131 1775 2419 1852 ἐγχειρίζει
2479 1772 2822 1853 κυϐέρνησιν⁹
2866 1775 2960 1832 ’ίνα
3026 1780 3100 1852 μὴ
3174 1779 3310 1854 πρός
3377 1801 3523 1843 τινος
3572 1779 3651 1858 ἐφ’
3705 1784 3794 1844 οἷς

2131 1866 2363 1940 ὁρμήσει
2438 1865 2761 1942 ἀνείργοιτο.
2824 1867 2991 1930 Οὗτος
3057 1867 3236 1924 τοίνυν
3298 1870 3327 1925 ὁ
3385 1869 3643 1942 Ἰωάννης
3694 1871 3793 1926 καὶ

2130 1950 2326 2031 ἕτεροι,
2363 1955 2497 2030 μέγα
2542 1956 2782 2011 κάκεῖνοι
2815 1953 3166 2031 δεδυνημένοι
3216 1959 3363 2033 παρᾶ
3415 1964 3497 2032 τῷ
3548 1959 3788 2035 βασιλεῖ,

2128 2043 2502 2120 ἀπεγνωκότες
2603 2044 2749 2118 αὑτῷ
2834 2046 2897 2102 τὸ
2976 2047 3247 2122 βιώσιμον
3281 2090 3295 2117 ,
3372 2047 3615 2104 πείθουσι
3689 2049 3786 2105 τὸιν

2128 2139 2402 2206 κάμνοντα
2455 2134 2737 2212 φροντίσαι
2787 2135 2910 2212 περὶ
2952 2132 3242 2212 διαδοχῆς,
3291 2138 3382 2192 καὶ
3442 2138 3788 2192 ὑποτιθέασιν

2129 2224 2276 2296 αὐτῷ
2330 2225 2461 2279 εἶναι
2519 2226 2658 2299 πρὸς
2714 2227 2813 2295 τήν
2875 2224 3053 2301 ἀρχὴν
3115 2222 3424 2298 ὶπιτήδειον
3482 2227 3574 2282 τὸν
3623 2229 3791 2302 Πρω-

2126 2313 2351 2368 τεόοντα
2407 2316 2540 2387 (42)·
2604 2315 2632 2369 ὁ
2692 2311 2749 2369 δὲ
2802 2315 2902 2384 τήν
2986 2322 3086 2386 τῆς
3173 2315 3514 2392 Βουλγαρίας
3601 2315 3790 2393 ἀρχὴν

2129 2405 2482 2478 περιέζωστο,
2533 2402 2623 2457 καὶ
2677 2401 2949 2475 ἀπεδήμει
3006 2410 3109 2474 τῆς
3176 2401 3458 2479 βασιλίδος
3516 2409 3624 2459 τῶν
3685 2405 3784 2460 πό-

365 2488 531 2548 λεων.
560 2490 827 2546 Ἔσταλτο
855 2491 1034 2546 τοίνυν
1069 2492 1097 2546 ὁ
1125 2490 1216 2546 τὸν
1248 2489 1530 2565 ἄνθρωπον
1563 2490 2088 2565 μετακαλεσόμενος’
2123 2490 2182 2547 ἐκ
2212 2489 2270 2547 δὲ
2296 2499 2398 2562 τῆς
2433 2489 2712 2568 βασιλίδος
2738 2491 3020 2568 Θεοδώρας
3068 2496 3102 2564 ἡ
3159 2493 3334 2570 βουλή
3384 2494 3786 2569 ἀπεκέκρυπτο.

361 2578 524 2636 Ἀλλ’
557 2579 654 2634 οὐκ
707 2579 782 2642 εἰς
822 2579 982 2644 τέλος
1025 2581 1087 2634 τὸ
1139 2579 1421 2657 βούλευμα
1463 2581 1562 2649 τήν
1617 2578 1870 2656 βασιλίδα
1917 2578 2154 2638 διέλαθε.
2189 2585 2390 2636 Γνοῦσα
2438 2579 2495 2637 δὲ
2542 2582 2616 2644 ὡς
2668 2581 2768 2637 οὐκ
2815 2581 2898 2637 ἐπ’
2936 2581 3072 2657 αὐτῇ
3122 2587 3357 2638 ποιεῖται
3404 2583 3468 2639 τὸ
3515 2583 3713 2659 κράτος
3758 2586 3787 2640 ὁ

360 2667 654 2739 τελευτῶν,
680 2671 770 2725 τὸν
808 2671 901 2743 μὲν
937 2670 996 2742 ἐᾷ
1027 2667 1454 2735 δυσθανατοῦντα
1483 2672 1619 2726 κατὰ
1642 2670 1709 2726 τὰ
1737 2669 1788 2726 έν
1817 2677 1932 2734 τοῖς
1964 2673 2276 2747 Μαγγάνοις
2309 2669 2579 2747 βασίλεια·
2613 2670 2787 2742 ἐκείνη
2823 2669 2881 2726 δὲ
2910 2669 3120 2746 σπουδῇ
3159 2677 3267 2726 τῶν
3329 2673 3779 2748 ὑπηρετουμένων

367 2757 510 2831 αὐτῇ
571 2752 912 2830 έμϐεϐηκυῖα
961 2759 1078 2830 νηῒ,
1112 2759 1188 2821 εἰς
1244 2759 1306 2814 τὸ
1368 2760 1507 2836 μέγα
1562 2758 1958 2837 προσωρμίσθη
2014 2759 2326 2836 ἀνάκτορον.
2361 2760 2459 2816 Καὶ
2509 2761 2647 2835 αὐτῇ
2697 2759 2816 2830 ἥτε
2848 2758 3108 2836 βασιλική
3142 2757 3442 2840 δορυφορίᾳ
3471 2761 3776 2839 πρωερῥὺη

366 2845 578 2914 αὐτίκα,
611 2846 703 2901 καὶ
731 2854 832 2916 τῆς
865 2848 1148 2924 γερουσίας
1179 2849 1240 2903 τὸ
1265 2845 1532 2925 ἔκκριτον,
1565 2849 1654 2905 xui
1687 2851 2038 2927 αὐτοκράτωρ
2069 2851 2204 2926 πρὸς
2233 2852 2449 2907 πάντων
2480 2849 2774 2928 ἀνερρήθη,
2807 2849 2881 2913 ὡς
2911 2849 3047 2925 αὐτῇ
3076 2850 3212 2905 κατὰ
3238 2849 3445 2924 κλῆρον
3475 2858 3578 2920 τῆς
3606 2853 3787 2928 ἀρχῆς

365 2935 777 3010 προσηκούσης.
809 2941 978 2992 Τοῦτο
1010 2942 1088 3008 τῷ
1115 2940 1440 3013 Μονομάχῳ
1484 2940 1746 3014 γνωσθὲν,
1776 2940 2131 3017 προστίθησιν
2183 2938 2436 3016 ἄλγημα,
2468 2941 2556 2996 καὶ
2620 2938 2800 3016 βραχύ
2855 2960 2909 2994 τι
2966 2938 3236 3009 έπιοιοὺς,
3270 2937 3394 2994 ὅσον
3449 2938 3786 3013 ἐπιστενάξαι

361 3029 482 3086 τοῖς
511 3025 826 3099 γενομένοις
855 3027 943 3081 καὶ
969 3026 1247 3099 ἀθυμῆσαι
1278 3027 1506 3099 ἐξέλιπε,
1545 3029 1867 3105 βασιλεύσας
1897 3025 1988 3101 ἔτη
2026 3028 2235 3087 δώδεκα
2259 3032 2349 3087 καὶ
2384 3038 2558 3105 μῆνας
2583 3029 2750 3104 ὀκτὼ,
2779 3031 2868 3086 xui
2900 3030 3156 3101 κατετέθη
3191 3029 3268 3095 εἰς
3298 3030 3396 3100 τήν
3456 3032 3585 3107 παρ’
3616 3029 3789 3087 αὐτου

361 3111 694 3186 δομηθεῐσαν
729 3116 900 3187 μονὴν
932 3121 1039 3171 τῶν
1079 3117 1406 3194 Μαγγάνων.

429 3205 626 3261 XXIX.
660 3206 967 3262 Theodore
989 3208 1114 3264 sola
1172 3210 1357 3280 potita
1406 3227 1625 3280 rerum,
1666 3213 1791 3282 jam
1845 3213 2016 3267 effeta

2197 3211 2323 3267 KO'.
2351 3211 2415 3267 Ἡ
2448 3207 2506 3264 δὶ
2541 3207 2755 3283 βασιλὶς
2785 3206 3063 3284 Θεοδώρα,
3097 3207 3296 3285 ἔξωρος
3342 3214 3445 3278 τῆς
3484 3207 3792 3285 αὗταρχίας

359 3299 548 3364 aetate,
580 3295 994 3366 imperatorem
1027 3297 1140 3352 sibi
1173 3299 1495 3370 adjungere
1526 3301 1738 3368 noluit,
1772 3301 1872 3357 sed
1915 3302 2015 3356 de-

357 3381 570 3439 lectata
603 3384 867 3454 imperio,
903 3386 1092 3456 quoad
1138 3388 1296 3454 vixit,
1351 3389 1544 3443 omnia
1595 3390 1650 3444 in
1697 3406 1807 3444 sua
1856 3395 2012 3460 pote-

363 3476 514 3527 state
546 3472 776 3539 babuit,
809 3473 986 3546 idque
1017 3477 1262 3532 consilio
1295 3481 1352 3531 et
1381 3493 1558 3548 Opera
1605 3477 2014 3534 ministrorum

353 3575 588 3631 quoque
620 3576 887 3630 suorum,
922 3579 1069 3633 quos
1103 3565 1360 3620 summis
1391 3565 1840 3636 magistratibus
1872 3583 2016 3638 prai-

355 3648 510 3705 fecit.
542 3649 757 3704 Rerum
791 3651 1050 3706 civilium
1083 3653 1659 3710 administrationem
1689 3655 1857 3711 Leoni
1882 3673 2015 3727 syn-

354 3738 521 3806 cello,
565 3745 953 3810 cognomento
1012 3743 1472 3815 Paraspondylo,
1534 3745 1855 3813 mandavit,
1911 3745 2012 3817 qui

354 3827 495 3884 olim
519 3828 861 3900 imperatori
883 3831 1154 3902 Michaeli
1171 3849 1410 3903 Operam
1435 3840 1697 3890 navarat.
1722 3841 1857 3907 Ipsa
1877 3853 2010 3891 vero

353 3935 458 3990 pro
475 3920 753 3975 tribunali
779 3923 1070 3993 praesedit,
1095 3922 1304 3995 legatis
1345 3926 1668 3996 respondit,
1705 3927 2012 3999 magistra-

356 4014 454 4064 tus
488 4010 727 4077 creavit,
754 4011 859 4082 jus
886 4011 1053 4081 dixit,
1114 4013 1394 4086 suffragia
1441 4014 1596 4082 tulit,
1658 4017 2010 4072 sententiam

353 4114 521 4153 suam
558 4098 617 4153 in
649 4101 824 4155 rebus
850 4101 1093 4172 privatis
1115 4108 1172 4157 et
1193 4105 1611 4160 communibus
1633 4107 2009 4177 interposuit.

348 4191 432 4242 Ac
465 4187 763 4243 fortunata
814 4189 924 4244 l‘uit
979 4191 1110 4260 ejus
1165 4193 1531 4263 gubernatio.
1594 4194 1793 4266 Neque
1848 4195 2009 4250 enim

351 4276 669 4348 quisquam
703 4277 785 4332 illi
819 4295 881 4334 se
911 4282 1210 4351 opposuit,
1266 4299 1455 4354 neque
1509 4283 1726 4339 subditi
1779 4285 2011 4340 decreta

352 4369 484 4438 ejus
518 4367 921 4440 neglexerunt,
951 4387 1138 4442 neque
1172 4372 1296 4428 ulla
1345 4389 1490 4444 gens
1546 4379 1670 4429 tum
1725 4375 2008 4430 Romanis

348 4455 571 4512 bellum
606 4458 762 4524 fecit,
795 4460 896 4514 sed
929 4464 987 4515 et
1017 4461 1155 4515 anni
1206 4468 1401 4532 partes
1447 4480 1617 4518 suam
1663 4465 2006 4531 temperiem

350 4543 710 4612 habuerunt,
742 4553 800 4603 et
830 4553 985 4638 terra
1016 4550 1226 4606 uberes
1257 4553 1487 4608 fructus
1517 4551 1672 4607 tulit.
1732 4552 2008 4615 Quamvis
2041 4574 2088 4638 Β

351 4640 549 4691 autem
585 4642 723 4693 natu
757 4637 1020 4710 grandis,
1055 4645 1118 4694 ut
1149 4641 1374 4696 dictum
1407 4645 1516 4710 est,
1549 4641 1796 4712 sceptris
1829 4642 2012 4713 potita

350 4729 525 4794 esset,
559 4729 758 4781 tamen
791 4727 985 4782 adhuc
1021 4727 1264 4800 longum
1297 4729 1411 4785 sibi
1443 4729 1570 4784 vitae
1604 4734 1842 4801 tempus
1887 4730 2011 4802 pol-

353 4813 665 4884 licebatur,
695 4833 829 4871 cum
863 4834 1106 4888 corpore
1141 4819 1396 4874 ﬁrmiore
1427 4824 1604 4883 esset,
1647 4819 1801 4891 quod
1849 4819 2012 4876 labo-

347 4905 512 4960 ribus
540 4906 703 4960 baud
739 4904 907 4961 facile
934 4908 1184 4963 cederet.
1215 4908 1324 4962 Sed
1361 4925 1494 4963 cum
1547 4913 1605 4964 et
1653 4909 1841 4980 ipsam
1894 4910 2013 4965 fata

349 4999 625 5066 urgerent
683 4995 818 5061 (etsi
871 4995 1144 5050 monachi
1205 4996 1446 5068 quidam
1507 4998 1701 5054 nescio
1760 5004 1903 5070 quot
1959 4999 2009 5054 ei

346 5082 561 5138 saecula
614 5082 750 5138 viras
798 5084 1243 5155 promittebant)
1291 5091 1349 5141 et
1389 5086 1713 5143 familiares
1757 5089 1886 5158 ejus
1935 5089 2008 5144 ob

349 5171 622 5230 morbum
655 5172 1098 5246 gravissimum,
1133 5190 1307 5245 quem
1341 5175 1585 5233 Iliacum
1646 5176 1861 5233 medici
1909 5194 2010 5234 vo-

2123 3301 2460 3374 κρατήσασα,
2511 3296 2738 3375 βασιλέα
2795 3303 2914 3361 τοῖς
2964 3299 3279 3374 πράγμασιν
3339 3296 3628 3368 έπιστῆσαι
3685 3297 3793 3354 οὑκ

2123 3385 2340 3457 ἤθελεν.
2368 3386 2494 3443 ἀλλ’
2524 3385 2816 3458 ἠδυνθεῖσα
2871 3390 2941 3461 τῇ
2973 3387 3204 3458 ἐξουσίᾳ,
3239 3387 3366 3463 παρ’
3396 3387 3522 3441 ὅσον
3577 3381 3788 3444 ἐπεϐίω

2122 3481 2190 3550 τῇ
2254 3475 2504 3552 βασιλείᾳ
2557 3477 2768 3551 καιρὸν,
2815 3475 2952 3544 αὑτῆ
3009 3479 3116 3530 τῶν
3156 3473 3300 3530 ὅλων
3360 3475 3430 3545 ἦν
3491 3473 3785 3551 ἐγκρατὴς,

2123 3567 2260 3641 πρὸς
2312 3569 2475 3621 τοῦτο
2528 3569 2616 3620 xui
2681 3564 2828 3640 παρὰ
2882 3569 2991 3620 τῶν
3052 3563 3219 3634 αὐτῆς
3275 3561 3620 3640 θεραπόντων
3685 3563 3787 3638 έμ-

2123 3650 2459 3724 ϐιϐασθεῖσα,
2512 3653 2604 3716 οὓς
2661 3654 2752 3709 καὶ
2835 3659 2956 3716 ταῖς
3013 3653 3296 3729 μεγίσταις
3350 3650 3612 3724 ἐπέστησε
3668 3657 3781 3709 τῶν

2121 3743 2332 3819 ἀρχῶν.
2365 3744 2480 3812 Τὴν
2511 3740 2568 3797 δέ
2608 3747 2714 3796 τῶν
2765 3742 3067 3797 πολιτικῶν
3116 3741 3456 3818 πραγμάτων
3508 3737 3786 3811 διοίκησιν

2120 3837 2199 3905 τῷ
2228 3830 2516 3907 συγκέλλῳ
2542 3834 2656 3901 (43)
2688 3829 2902 3901 Λέοντι,
2933 3831 2994 3893 ὃς
3051 3827 3512 3906 Παρασπόνδυλος
3565 3829 3784 3903 ὠνόμα-

2121 3942 2236 3991 στο,
2270 3920 2583 3996 ένεχείρισε,
2609 3920 2670 3976 τὸ
2701 3917 2872 3975 πάλαι
2921 3924 3000 3992 τῷ
3034 3918 3250 3995 βασιλεῖ
3305 3917 3540 3995 Μιχαὴλ
3578 3920 3779 3994 ὑπηρε-

2119 4012 2360 4080 τήσαντι.
2393 4011 2456 4068 Ἡ
2510 4007 2568 4064 δὲ
2619 4007 2969 4083 προὺκάθητο
3020 4009 3108 4064 έπὶ
3160 4009 3432 4084 βήματος,
3466 4006 3556 4062 xui
3609 4006 3773 4080 ἐχρη-

2124 4100 2314 4173 μάτιζε
2397 4094 2675 4174 πρέσϐεσι,
2762 4098 2854 4153 καὶ
2961 4098 3028 4168 ἧν
3118 4096 3622 4173 ἀρχαιρεσιάζουσα,
3675 4093 3767 4148 καὶ

2122 4190 2294 4253 δίκαις
2354 4189 2820 4264 ένθεμιστεὺουσα,
2879 4189 2967 4244 xui
3038 4190 3254 4265 ψήφους
3313 4187 3631 4264 ἐκφέρουσα,
3684 4183 3778 4239 xui

2121 4281 2384 4338 διαιτῶσα
2465 4278 2758 4354 δημοσίαις
2831 4278 2921 4334 καὶ
3015 4283 3223 4340 κοιναῖς
3303 4276 3633 4344 ὑποθέσεσι,
3692 4274 3785 4330 καὶ

2119 4369 2376 4445 εὔδαιμον
2439 4369 2670 4442 ὑπῆρξεν
2727 4367 2866 4442 αὖτῇ
2942 4369 3006 4422 τὸ
3075 4365 3430 4441 αὐτοκρατές.
3493 4362 3629 4420 Οὔτε
3677 4365 3787 4440 γάρ

2117 4481 2200 4523 τις
2257 4461 2456 4532 ἀντῆρε
2512 4463 2674 4534 χεῖρα
2729 4457 2890 4531 αὐτῇ,
2952 4457 3066 4512 οὐτ’
3133 4456 3427 4532 ὀλιγώρως
3505 4453 3643 4527 πρὸς
3718 4453 3791 4508 τὰ

2121 4547 2295 4622 ἐκείνῃ
2361 4545 2659 4623 δεδογμένα
2726 4541 2881 4625 ὤφθη
2935 4543 3171 4610 διατεθέν
3229 4545 3293 4600 τὸ
3351 4545 3616 4615 ὑπήκοον,
3670 4537 3793 4598 οὔτ’

2120 4633 2242 4708 ἔθνη
2322 4637 2445 4692 τότε
2525 4635 2662 4691 κατὰ
2716 4633 3002 4710 Ῥωμαίων
3079 4634 3384 4706 κεκίνηντο,
3464 4631 3613 4688 ἀλλὰ
3692 4631 3790 4687 καὶ

2123 4725 2377 4801 εὐκρασία
2442 4727 2625 4803 γέγονε
2679 4730 2786 4780 τῶν
2849 4725 3026 4796 ὡρῶν,
3059 4724 3149 4779 καὶ
3181 4726 3216 4794 ἡ
3248 4729 3320 4800 γῆ
3352 4721 3480 4785 τοὺς
3537 4719 3792 4794 καρποὺς

2122 4816 2388 4895 ἀφθόνους
2449 4815 2748 4891 ἐξήνεγκεν.
2799 4815 3040 4890 Ἔξωρος
3098 4815 3214 4888 (44)
3272 4811 3351 4882 δὲ,
3401 4811 3476 4874 ὡς
3542 4807 3786 4886 εἷ’ρηται,

2121 4907 2212 4962 xui
2269 4905 2495 4982 πλήρης
2553 4907 2777 4977 ἡμερῶν
2831 4905 2866 4973 ἡ
2917 4900 3133 4979 βασιλὶς
3181 4901 3314 4968 αὕτη
3342 4905 3452 4957 τῶν
3485 4901 3785 4976 σκήπτρων

2121 4998 2455 5071 κρατήσασα,
2489 4994 2640 5068 ὅμως
2674 4991 2915 5069 μακροὺς
2945 4991 3022 5047 ἔτι
3075 4999 3176 5062 τῆς
3231 4994 3373 5062 ζωῆς
3436 4993 3600 5065 έαυτῇ
3661 4987 3790 5044 έπε-

2124 5087 2308 5161 μέτριι
2365 5083 2664 5145 ἐνιαυτούς.
2717 5082 2851 5158 Εἶχε
2908 5079 2966 5136 δὲ
3009 5081 3099 5138 xui
3147 5081 3210 5136 τὸ
3259 5085 3421 5153 σῶμα
3467 5078 3788 5157 έρῤωμινέ-

2120 5194 2333 5251 στερον,
2380 5174 2471 5229 καὶ
2547 5173 2622 5247 μὴ
2681 5171 2850 5248 ῥᾷστα
2904 5171 3093 5234 πόνοις
3151 5170 3566 5245 καμπτόμενον.
3626 5167 3784 5222 Ἐπεὶ

1632 5329 1838 5390 Variae
1866 5328 2172 5391 lectiones
2203 5335 2267 5390 et
2295 5334 2485 5390 notae.

419 5451 507 5520 (42
536 5447 905 5526 Πρωτειξοντα.
939 5448 1334 5526 Nicephorum
1366 5457 1530 5511 vocat
1577 5451 1810 5526 Scylitz.
1858 5451 2005 5508 Vide

348 5522 518 5579 Gloss.
552 5521 691 5577 nied.
719 5522 904 5594 Graec.
940 5522 998 5576 in
1031 5521 1355 5594 Πρωτεὺων.

417 5596 528 5666 (43)
565 5591 880 5666 Συγκέλλῳ.
944 5595 1030 5649 Ita
1082 5591 1459 5666 reposuimus
1507 5615 1572 5653 ex
1623 5597 1801 5652 duob.
1857 5593 2000 5666 Reg.

2114 5468 2274 5508 orem
2306 5450 2587 5506 Graeciam
2617 5449 2870 5507 constat.
2901 5445 3047 5518 Vide
3078 5448 3253 5505 Gloss.
3286 5445 3432 5504 med.
3466 5443 3696 5518 Gracit.

2184 5524 2292 5594 (44)
2325 5523 2614 5596 ’Έξωροςη
2650 5520 2907 5596 Addunt_
2940 5516 3057 5576 duo
3115 5523 3287 5578 codd.
3352 5516 3778 5596 μοναρχή-σασα,

2115 5586 2216 5669 pro
2245 5586 2677 5669 τῆςᾼαὺτάρχίας
2736 5591 3070 5664 κρατήσασα.
3131 5598 3216 5650 Ita
3272 5586 3388 5649 non
3439 5586 3622 5669 εότῌθ]
3668 5586 3785 5642 ha-

344 5661 450 5741 pr_o
477 5661 758 5741 Συγγέλῳ,
792 5661 1088 5741 quomodo
1119 5661 1432 5739 scripserat
1475 5669 1742 5734 Wolﬁus,
1766 5670 1823 5723 et
1853 5661 2004 5741 alter
2112 5661 2322 5723 bentur
2351 5667 2409 5741 in
2435 5661 2594 5741 gmss.‘
2621 5661 2968 5740 synonyma,
3031 5683 3158 5738 quae
3213 5682 3367 5738 sape
3437 5661 3787 5732 omisimus,

345 5737 376 5794 ε
410 5739 547 5811 Reg.
569 5737 829 5812 praefert.
858 5740 948 5796 Sic
973 5739 1128 5798 hanc
1156 5737 1362 5799 vocem
1388 5741 1755 5814 corrupsisse
1808 5737 2003 5810 sequi-

2113 5743 2176 5797 ut
2201 5739 2556 5800 etWolﬁus.
