4126 6374
386 413 508 475 235

1735 411 2066 475 JOANNIS
2114 409 2465 470 ZONARIE

3699 419 3822 480 236

384 546 468 602 Ea
497 561 590 602 res
620 543 875 602 militum
908 546 1138 604 animos
1181 547 1412 619 dejecit,
1445 548 1546 620 qui
1599 545 1941 604 Michaelem
1972 543 2033 598 in

2163 539 2452 616 γενόμενον,
2501 540 2589 596 καὶ
2647 539 2955 613 ἐπέλπηξεν
3005 541 3368 620 ῗταμώτερον,
3411 544 3504 602 καὶ
3560 546 3824 605 όνειδεσιν

389 634 536 690 alios
569 634 1077 705 liberalissimum,
1112 653 1174 692 se
1221 654 1291 692 ne
1323 637 1634 692 verborum
1671 637 1911 708 quidem
1953 639 2057 690 Be-

393 724 678 796 uignitate
708 723 940 796 dignari
997 725 1298 780 viderent:
1351 742 1540 796 neque
1591 731 1786 779 tamen
1848 723 1919 777 ad
1963 737 2056 777 res

394 814 697 869 novandas
727 813 1002 869 concitati
1033 818 1190 881 sunt,
1226 814 1574 886 priusquam
1609 815 1802 869 denuo
1827 811 2054 884 pericu-

399 903 524 958 lum
557 903 687 974 ejus
714 902 1008 957 fecissent.
1059 903 1168 957 Sed
1211 908 1528 974 antequam
1575 904 1645 959 ad
1697 902 1933 957 illorum
1966 917 2055 957 se-

400 992 685 1047 ditionem
743 991 994 1057 veniam,
1053 991 1204 1046 alius
1264 997 1461 1049 metus
1510 996 1598 1048 est
1654 991 2054 1063 exponendus.

399 1080 767 1136 Constantini
801 1080 1166 1136 Menemachi
1193 1081 1496 1151 patruelis.
1527 1080 1893 1136 Theodosius
1917 1096 2057 1150 pras-

398 1186 514 1237 ses,
546 1169 842 1224 Michaelis
887 1170 1355 1242 designationem
1405 1187 1551 1242 aegre
1605 1172 1819 1234 ferens,
1853 1168 2058 1224 statim

397 1257 685 1314 ministris
711 1257 836 1313 suis
869 1260 1217 1330 assumptis,
1251 1265 1308 1314 et
1353 1259 1654 1315 nonnullis
1694 1257 1825 1313 aliis
1855 1257 2059 1312 eadem

393 1346 576 1403 animi
607 1347 843 1403 levitate
878 1347 1287 1404 laborantibus
1331 1349 1556 1416 ascitis,
1609 1347 1955 1420 crepusculo
1985 1346 2058 1402 iis

392 1435 752 1494 satellitibus
783 1437 1212 1503 circumdatus,
1238 1455 1340 1510 per
1371 1439 1632 1493 medium
1662 1438 1849 1492 forum
1877 1437 2059 1491 inces-

393 1527 489 1598 sit,
522 1527 837 1598 imperium
891 1528 962 1582 ob
1013 1527 1386 1582 Menemachi
1436 1528 1845 1600 cognationem
1897 1525 1964 1580 ad
1999 1541 2062 1579 se

394 1616 692 1688 pertinere
723 1615 945 1686 dicens,
995 1621 1170 1684 atque
1219 1617 1499 1687 injuriam
1543 1615 1656 1671 sibi
1702 1615 1826 1670 ﬁeri
1859 1613 2062 1669 clami-

395 1709 552 1761 tans.
587 1705 732 1760 Cum
765 1721 902 1760 vero
931 1706 1002 1760 ad
1036 1705 1338 1777 publicum
1371 1721 1690 1770 carcerem,
1724 1704 1879 1775 quod
1913 1702 2062 1757 Pras-

398 1793 618 1850 torium
651 1794 808 1850 204
839 1793 1073 1864 dicitur,
1117 1793 1391 1865 venisset,
1434 1792 1708 1849 claustris
1744 1793 2062 1864 perruptis,

401 1885 623 1940 exitum
657 1881 876 1937 clausis
909 1883 1201 1953 patefacit.
1238 1883 1397 1938 Idem
1430 1883 1486 1938 in
1511 1899 1578 1938 ea
1609 1897 1844 1954 quoque
1874 1885 2063 1936 custo-

401 1970 500 2029 dia
526 1970 682 2042 fecit,
716 1987 842 2043 quae
875 1972 947 2025 ad
978 1971 1230 2028 Chalcen
1263 1977 1378 2042 est,
1399 1988 1604 2027 eorum
1637 1987 1814 2042 opera
1856 1986 1918 2024 se
1947 1969 2062 2025 voti

398 2063 492 2119 sui
527 2062 646 2119 fore
676 2067 1009 2134 compotem
1058 2079 1326 2135 sperans.
1377 2062 1594 2118 Verum
1649 2062 1748 2117 ubi
1793 2061 2065 2133 cognovit

395 2151 680 2207 militares
712 2151 913 2221 copias
964 2151 1121 2207 circa
1169 2151 1390 2224 regiam
1449 2155 1654 2207 contra
1695 2166 1757 2205 se
1787 2149 2062 2204 collectas

390 2242 639 2314 jamjam
673 2241 870 2308 affore,
915 2241 986 2296 ad
1019 2240 1294 2314 Magnam
1328 2239 1634 2296 ecclesiam
1682 2239 2059 2307 convertitur,

395 2345 464 2384 ex
491 2345 677 2401 eaque
707 2329 868 2385 solus
898 2346 1032 2384 eum
1080 2330 1201 2384 ﬁlio
1253 2329 1513 2394 relictus,
1565 2329 1905 2401 gregalibus
1937 2328 2064 2384 suis

393 2416 663 2488 dilapsis,
692 2418 986 2484 educitur,
1017 2421 1074 2472 et
1107 2417 1422 2490 relegatur.
1459 2421 1577 2472 Hoc
1625 2421 1833 2473 eventu
1884 2432 2060 2472 cena-

395 2509 520 2562 tum
573 2508 701 2578 ejus
754 2510 1092 2576 consecuto,
1136 2506 1340 2578 plebes
1397 2505 1716 2561 multitudo
1765 2521 1866 2577 per
1913 2504 2064 2559 ludi-

396 2595 596 2651 brium
628 2595 778 2650 hauc
811 2595 1165 2650 cantilenam
1197 2595 1255 2649 in
1289 2611 1422 2650 eum
1456 2595 1704 2651 cecinit:

563 2712 774 2769 Factus
805 2711 1227 2781 Monomachus,
1261 2712 1408 2783 quod
1433 2711 1720 2782 cogitavit,
1753 2711 1882 2782 egit.

404 2854 632 2920 ἐλπίσας
662 2854 752 2912 διὰ
774 2857 983 2914 τούτων
1013 2861 1110 2912 τοῦ
1143 2858 1279 2912 κατὰ
1309 2859 1509 2912 σκοπὸν
1551 2856 1943 2931 ἐπιτεύξασθαι.
1977 2857 2067 2918 Ὦς
2123 2852 2152 2909 δ

2165 624 2350 700 ἔϐαλε,
2403 628 2494 684 καὶ
2549 627 2666 685 οὐδ’
2702 628 2948 708 ἐφείσατο
3000 627 3208 710 ὕϐρεων
3240 677 3254 692 .
3311 631 3490 690 ’Δλλὰ
3561 637 3646 692 καὶ
3717 643 3827 693 τῶν

2165 715 2354 774 ἄλλων
2405 717 2805 793 λαμπροτάτων
2859 717 3088 796 ἀνδρῶν,
3138 721 3228 777 καὶ
3271 725 3825 801 συνταγματαρχούν-

2163 829 2272 862 των
2325 807 2550 881 ἐκείνῳ,
2600 807 3184 884 ὑπεραπολογήσασθαι
3230 816 3328 868 τοῦ
3375 811 3566 888 ἀνδρὸς
3626 816 3826 890 ὡρμη-

2165 896 2365 967 κότων,
2401 895 2514 951 οὐδ’
2546 895 2629 952 ἐπ’
2661 896 2898 963 ἐκείνους
2925 906 3025 969 τῆς
3071 897 3324 976 γλώττης
3381 901 3650 980 ἐφείσατο,
3702 901 3828 960 οὕτε

2171 988 2278 1060 μὴν
2313 986 2476 1041 αὐτὸν
2524 984 2728 1061 ᾐδέσθη
2786 988 2876 1042 τὸν
2926 990 3231 1061 Κομνηνόν.
3281 995 3458 1046 Ταῦτα
3505 991 3631 1055 τοὺς
3663 1013 3827 1069 στραο

2165 1076 2365 1136 τιώτας
2419 1073 2498 1136 εἲς
2545 1074 2776 1149 ἀθυμίαν
2827 1071 3070 1150 ἐνέϐαλε,
3119 1084 3238 1141 τοῖς
3297 1080 3392 1154 μὶν
3421 1080 3616 1144 ἄλλοις
3658 1081 3829 1161 φιλο-

2165 1163 2459 1237 τιμότατον
2513 1165 2755 1241 ὁρῶντας
2807 1166 2901 1220 τὸν
2959 1166 3192 1244 Μιχαὴλ
3227 1214 3241 1240 ,
3300 1170 3514 1233 ἑαυτοῖς
3573 1169 3632 1228 δὶ
3691 1170 3825 1246 μηδ’

2169 1252 2220 1308 ἐν
2273 1251 2466 1328 λόγοις
2537 1255 2600 1309 τὸ
2657 1253 2877 1327 εὐμενὲς
2933 1253 3365 1329 ἐνδεικνύμενον,
3422 1259 3578 1332 ὅμως
3642 1260 3832 1334 μέντοι

2171 1341 2401 1417 ἐπέσχον
2461 1339 2629 1415 μηδέν
2686 1364 2739 1398 τι
2793 1343 3153 1418 νεωτερίσαι,
3209 1345 3358 1402 ἀλλὰ
3405 1348 3498 1402 καὶ
3576 1346 3832 1421 δευτέραν

2168 1436 2359 1506 πεῖραν
2395 1431 2682 1506 ἐπαγαγεῖν
2715 1426 3128 1490 ἐϐουλεύσαντο.
3184 1435 3458 1510 Προτέραν
3507 1434 3555 1492 δ’
3594 1438 3622 1492 6
3656 1435 3830 1513 λόγος

2169 1521 2352 1596 ἑτέραν
2407 1521 2543 1575 κατὰ
2588 1525 2686 1575 τοῦ
2735 1520 3000 1596 βασιλίως
3065 1520 3419 1599 διηγησάσθω
3477 1529 3569 1581 νῦν
3629 1526 3834 1583 ἐπανά-

2170 1630 2380 1680 υτασιν,
2438 1608 2528 1664 καὶ
2600 1609 2743 1664 οὕτω
2814 1610 2954 1685 πρὸς
3010 1613 3108 1680 τὴν
3166 1610 3274 1667 τῶν
3353 1611 3563 1692 ἀνδρῶν
3621 1617 3837 1672 τούτων

2171 1695 2579 1753 ἐπανελεύσεται
2615 1739 2628 1753 .
2687 1700 2748 1756 Ὁ
2803 1701 2906 1775 γάρ
2962 1705 3060 1754 τοῦ
3123 1699 3392 1776 βασιλέως
3453 1706 3834 1761 Κωσταντίνου

2169 1791 2267 1842 τοῦ
2325 1789 2668 1862 Μονομάχου
2725 1785 3040 1866 ἐξάδελφος,
3102 1791 3130 1844 6
3189 1788 3456 1867 πρόεδρος
3514 1792 3835 1867 Θεοδόσιος,

2174 1877 2292 1952 ἄρτι
2349 1881 2446 1931 τοῦ
2477 1877 2712 1952 Μιχαὴλ
2765 1877 3182 1954 ἀναρρηθέντος,
3233 1879 3288 1936 ἐν
3334 1880 3495 1956 δεινῷ
3521 1884 3838 1958 ποιησάμε-

2173 1986 2256 2020 νοι
2289 1966 2387 2034 τήν
2420 1964 2629 2021 ἐκείνου
2682 1965 2999 2042 ἀνάρρησιν,
3041 1969 3170 2031 τοὺς
3219 1968 3454 2033 οἷ’κείους
3501 1974 3836 2047 θεράποντας

2173 2049 2648 2131 προσλαϐόμενος,
2697 2056 2786 2110 καί
2846 2077 2996 2115 τινας
3053 2054 3261 2122 ἄλλους
3318 2059 3435 2114 ὅσοι
3465 2063 3584 2115 κατ’
3627 2063 3834 2118 ἐκεῖνον

2173 2143 2430 2221 ἐλαφρίαν
2491 2143 2706 2199 ἐνόσουν
2767 2149 3012 2222 φρενῶν,
3071 2147 3194 2222 περὶ
3255 2144 3445 2218 δείλην
3518 2149 3675 2224 ὀψίαν
3736 2149 3834 2206 διὰ

2169 2239 2270 2302 τῆς
2327 2233 2531 2308 ἀγορᾶς
2586 2233 2771 2303 ἀπήει,
2820 2232 3040 2310 τούροις
3091 2231 3596 2314 δορυφορούμενος,
3654 2239 3836 2313 ἐαυτῷ

2171 2324 2469 2397 προσήκειν
2496 2322 2559 2377 τὸ
2584 2323 2783 2397 κράτος
2831 2321 3029 2398 λέγων,
3081 2320 3170 2378 διὰ
3198 2325 3297 2394 τὴν
3350 2327 3487 2402 πρὸς
3509 2328 3602 2382 τὸν
3643 2330 3837 2386 Μονο-

2175 2411 2354 2486 μάχον
2433 2410 2737 2484 συγγένειαν
2773 2457 2787 2482 ,
2855 2410 2943 2466 καὶ
3025 2409 3325 2476 ἀδικεῖσθαι
3404 2411 3781 2489 ἐπιϐοώμενος
3823 2462 3838 2476 .

2172 2499 2468 2573 Γενόμενος
2503 2496 2560 2553 δέ
2588 2500 2724 2554 κατὰ
2768 2501 2867 2569 τήν
2911 2497 3180 2573 δημοσίαν
3221 2501 3462 2579 εἱρκτὴν,
3501 2503 3538 2574 ἢ
3575 2507 3837 2582 Πραιτώ-

2171 2608 2287 2662 ριον
2342 2590 2452 2661 (48)
2505 2586 2792 2659 κέκληται,
2843 2588 2913 2643 τὰ
2958 2588 3185 2666 κλεῖθρα
3233 2587 3551 2667 διαρρήξας,
3601 2600 3718 2656 τοῖς
3774 2594 3831 2651 ἐν

2169 2677 2310 2748 αὐτῇ
2355 2675 2766 2753 καθειργμένοις
2817 2675 3002 2732 ἄνετον
3044 2678 3288 2754 παρέσχε
3341 2681 3441 2749 τὴν
3503 2679 3713 2753 ἔξοδον.
3756 2685 3824 2739 Τὸ

2171 2763 2216 2820 δ’
2247 2765 2381 2850 αὐτὸ
2437 2766 2529 2820 καὶ
2586 2765 2639 2820 ἐν
2695 2770 2763 2840 τῇ
2819 2773 2920 2836 τῆς
2979 2765 3204 2837 Χαλκῆς
3249 2768 3533 2844 εἰργάσατο
3585 2771 3827 2850 φυλακῇ,

2159 2856 2174 2876 ³
2227 2849 2394 2928 ἔμαθε
2443 2856 2838 2930 στρατιωτικὴν
2879 2856 3217 2932 ἀθροίζεσθαι
3276 2859 3397 2933 περὶ
3452 2859 3520 2914 τὰ
3579 2849 3838 2936 βασίλεια

402 2942 652 3021 δύναμιν,
687 2945 1006 3011 στέλλεσθαι
1038 2948 1155 3002 κατ’
1185 2947 1370 3018 αὐτοῦ,
1400 2948 1538 3023 πρὸς
1567 2949 1665 3017 τὴν
1699 2945 1962 3020 Μεγάλην
1993 2943 2245 3022 τρέπεται
2278 2941 2595 3015 ἐκκλησίαν,
2623 2943 2712 2998 καὶ
2748 2943 2912 3016 μόνος
2946 2943 3037 2999 σὺν
3068 2949 3148 3018 τῷ
3177 2945 3281 3018 υἱῷ
3305 2945 3689 3027 περιληφθεὶς,
3720 2955 3836 3005 τῶν

401 3032 682 3108 ἐπομένων
716 3035 862 3107 αύτῷ
893 3031 1384 3090 διασκεδασθέντων
1416 3036 1654 3110 ἐξάγεται
1685 3041 1786 3104 τῆς
1814 3031 2125 3104 ἐκκλησίας,
2157 3031 2247 3087 καὶ
2285 3031 2575 3107 ὑπερορίαν
2604 3029 3040 3102 καταδικάζεται.
3100 3034 3194 3096 Εἷς
3245 3039 3405 3090 τοῦτο
3437 3033 3496 3091 δὲ
3543 3036 3704 3100 τέλος
3731 3043 3837 3094 τοῦ

393 3122 830 3200 ἐπιχειρήματος
864 3124 1013 3198 αύτῷ
1041 3125 1496 3196 καταντήσαντος,
1525 3125 1552 3179 6
1586 3120 1854 3197 δημώδης
1875 3119 2049 3198 ὄχλος
2081 3120 2440 3197 ἐπιγελῶντες
2471 3121 2643 3193 αὐτῷ,
2756 3123 2900 3196 ματά
2936 3143 3055 3178 τινα
3087 3122 3385 3196 συνθέντες,
3415 3123 3615 3200 ἐπῇδον
3653 3127 3832 3200 αὐτῷ’

387 3211 458 3269 τὰ
489 3209 535 3268 δ’
566 3212 728 3283 ἦσαν.

390 3471 505 3527 Res
535 3471 774 3544 quidem
805 3471 888 3526 ita
917 3487 981 3527 se
1010 3471 1363 3530 habuerunt.

465 3560 535 3615 lI.
589 3559 876 3616 Caeterum
937 3559 1261 3619 Orientales
1308 3562 1490 3618 duces
1546 3559 1782 3633 injuriis
1840 3561 2051 3631 affecti,

395 3649 589 3704 denuo
634 3651 931 3705 fortunam
985 3650 1397 3720 periclitaturi,
1449 3655 1696 3706 Leonem
1747 3654 2052 3722 protosyu-

394 3737 607 3794 cellum
639 3738 975 3794 communia
1003 3741 1236 3811 negotia
1267 3743 1681 3811 procurantem
1714 3739 1953 3808 adeunt,
1984 3753 2052 3794 eo

398 3827 786 3882 intercessore
811 3827 1225 3899 imperatorem
1260 3827 1576 3900 precaturi,
1607 3844 1680 3883 ne
1728 3827 1836 3883 soli
1868 3827 2051 3898 negli-

397 3920 693 3988 gerentur,
723 3931 857 3970 eum
891 3915 1081 3971 caeteri
1111 3932 1317 3971 omnes
1349 3915 1719 3972 liberalitatis
1767 3917 1896 3988 ejus
1927 3917 2048 3972 fru-

392 4007 552 4061 ctum
583 4004 838 4078 aliquem
874 4005 1308 4076 percepissent;
1343 4005 1473 4061 aliis
1507 4006 1829 4076 presertim
1863 4004 2050 4061 suavi-

385 4096 478 4149 ter
505 4094 859 4161 viventibus,
892 4111 952 4150 se
999 4110 1133 4148 vero
1183 4095 1241 4149 in
1291 4095 1414 4150 acie
1473 4097 1794 4165 stantibus,
1842 4096 2051 4150 Roma-

386 4199 651 4255 numque
691 4183 1008 4254 imperium
1044 4185 1578 4256 propugnantibus.
1609 4187 1682 4240 At
1730 4185 1828 4240 ille
1861 4183 2045 4240 nihile

382 4272 678 4328 dexterior
711 4271 1086 4342 imperatore,
1111 4272 1180 4326 ad
1203 4273 1540 4328 tractandos
1568 4273 1723 4328 viros
1755 4273 2040 4341 dolentes,

381 4365 440 4416 et
465 4365 760 4416 tumorem
794 4377 862 4415 ex
884 4359 1081 4415 dolore
1103 4365 1296 4416 ortum
1333 4361 1794 4433 reprimendum,
1827 4361 2044 4433 asperi-

378 4453 558 4505 tatem
593 4465 796 4504 eerum
841 4449 985 4504 adeo
1018 4465 1134 4504 non
1193 4448 1380 4515 leniit,
1441 4453 1506 4505 ut
1555 4450 1733 4506 etiam
1791 4449 2038 4517 auxerit,

377 4537 747 4610 singulorum
777 4537 1056 4592 virtutem
1087 4537 1391 4606 elevando,
1424 4543 1481 4593 et
1528 4555 1734 4594 omnes
1777 4539 1905 4593 sine
1933 4538 2038 4593 ho-

1393 3321 1453 3378 Ὁ
1497 3319 1680 3397 μωρὸς
1711 3321 1738 3376 6
1765 3319 2128 3395 Μονομάχος,
2163 3314 2218 3373 εἴ
2239 3338 2292 3372 τι
2320 3315 2556 3394 ἐφρόνει,
2587 3315 2832 3388 ἐποίησε.

2071 3471 2116 3539 C
2153 3466 2253 3522 Καὶ
2281 3467 2449 3522 ταῦτα
2472 3468 2566 3540 μὶν
2591 3461 2753 3542 ἔσχον
2783 3464 2982 3528 οὕτως.

2239 3557 2314 3614 Β’.
2355 3557 2423 3613 Οἱ
2455 3553 2500 3610 δ’
2553 3555 3043 3630 ἐμπαροινηθέντες
3092 3559 3199 3611 τῶν
3260 3557 3446 3630 Ἑῲων
3507 3559 3824 3637 ἀρχόντων,

2160 3646 2250 3700 καὶ
2318 3643 2469 3706 αὗθις
2513 3650 2704 3721 πεῖραν
2755 3646 3117 3720 προσάγουσι,
3162 3647 3253 3700 καὶ
3305 3647 3560 3722 προσίασι
3615 3655 3698 3722 τῷ
3755 3653 3826 3708 τὰ

2159 3735 2317 3790 κοινὰ
2375 3732 2673 3789 διοικοῦντι
2729 3739 2808 3805 τῷ
2863 3733 3347 3811 πρωτοτυγκέλλῳ
3406 3739 3518 3810 (49)
3573 3737 3820 3812 Λέοντι,

2157 3825 2249 3879 καὶ
2279 3823 2534 3878 ἱκετεύειν
2565 3821 2635 3877 δι’
2681 3821 2887 3878 ἐκείνου
2937 3822 3256 3899 ἐπεχείρουν
3304 3825 3396 3880 τὸν
3451 3825 3700 3901 βασιλέα,
3736 3832 3813 3903 μὴ

2162 3914 2322 3986 μόνοι
2369 3911 2528 3967 αὐτοὶ
2571 3910 2996 3990 καταλειφθῆναι
3050 3912 3338 3988 ἀγέραστοι
3374 3959 3388 3987 ,
3438 3916 3656 3971 πάντων
3715 3916 3813 3973 τοῦ

2157 3999 2456 4079 φιλοτίμου
2508 4001 3036 4057 καταπολαυσάντων
3093 4007 3192 4058 τοῦ
3247 4002 3664 4081 αὐτοκράτορος,
3715 4007 3803 4060 καὶ

2154 4095 2322 4146 ταῦτα
2375 4095 2483 4145 τῶν
2561 4089 2748 4146 ἄλλων
2827 4089 3200 4145 εὐπαθούντων
3238 4133 3253 4159 ,
3306 4091 3461 4148 αὐτοὶ
3519 4093 3600 4148 καί
3671 4096 3799 4170 παρ’

2155 4178 2355 4236 ἀσπίδα
2387 4179 2684 4252 ἱστάμενοι,
2714 4178 2804 4234 καὶ
2854 4177 3333 4255 προπολεμοῦντες
3389 4188 3492 4252 τῆς
3523 4181 3808 4256 Ῥωμαίων

2151 4271 2355 4347 ἀρχῆς.
2386 4277 2445 4328 Ὁ
2488 4268 2545 4324 δὶ
2589 4266 2747 4324 οὐδὲν
2796 4269 2967 4338 ἦττον
3023 4267 3120 4324 τοῦ
3181 4269 3452 4346 βασιλέως
3495 4269 3705 4342 ἀδέξιος
3736 4271 3812 4328 ὣν

2155 4359 2630 4436 μεταχειρίσασθαι
2716 4356 3091 4431 λυπουμένους
3163 4356 3401 4436 ἄνδρας,
3477 4361 3567 4415 καὶ
3644 4383 3811 4417 κατα-

2151 4447 2358 4504 στεῖλαι
2409 4447 2472 4502 τὸ
2521 4446 2582 4502 ἐκ
2625 4453 2725 4518 τῆς
2773 4446 2955 4518 λύπης
2996 4447 3182 4510 αὐτοῖς
3230 4449 3525 4523 γενόμενον
3575 4447 3809 4524 οἴδημα,

2149 4536 2212 4590 ού
2276 4536 2438 4610 μόνον
2499 4537 2602 4591 οὐκ
2660 4534 2874 4590 ἐλέανεν
2935 4534 2988 4591 ἐν
3044 4535 3236 4611 λόγοις
3296 4543 3406 4592 τῶν
3464 4536 3677 4613 ἀνδρῶν
3705 4541 3809 4608 τὴν

376 4643 518 4682 nere
551 4627 928 4682 dimittende.
957 4626 1074 4681 Hac
1107 4628 1367 4682 secunda
1389 4627 1626 4699 repulsa
1658 4627 1893 4693 irritati,
1921 4643 2036 4682 non

2163 4625 2484 4701 τραχύτητα,
2545 4624 2692 4680 άΛλά
2742 4624 2830 4680 καὶ
2902 4624 3118 4698 μᾶλλον
3174 4625 3374 4689 αὐτοὺς
3430 4625 3809 4703 ἐξενράχυνεν,

372 4716 595 4773 diutius
625 4716 737 4773 sibi
765 4717 1162 4771 cunctandum
1197 4732 1328 4770 esse
1349 4717 1836 4782 censuerunl,sed
1874 4715 2036 4788 quis-

371 4822 485 4878 que
517 4806 846 4876 proximum
880 4804 1242 4871 cohortatus,
1277 4805 1473 4859 animo
1507 4809 1857 4877 conceptum
1888 4805 2030 4860 faci-

367 4912 481 4952 nus
511 4896 584 4950 ad
615 4896 836 4951 exitum
877 4893 1193 4965 perducere
1224 4895 1625 4948 decreverunt.
1682 4894 1889 4950 Visum
1923 4914 2024 4952 au-

362 4987 482 5039 tem
515 4983 599 5039 eis
657 4989 749 5038 est
807 4982 1119 5053 Bryenium
1179 4997 1412 5052 quoque
1468 4982 1661 5038 virum
1711 4983 2022 5057 illustrem,

2146 4713 2474 4794 ἐκφαυλίσας
2521 4711 2770 4782 ἕκαστον,
2817 4715 2907 4769 καὶ
2965 4713 3177 4788 ἀτίμως
3233 4717 3435 4778 πάντας
3481 4717 3812 4792 ἀποπεμψά-

2147 4825 2308 4876 μενος
2345 4849 2356 4860 .
2426 4802 2614 4865 Οὕτως
2675 4801 2766 4858 οὖν
2837 4804 2926 4858 καὶ
2983 4810 3084 4874 τῆς
3147 4800 3397 4878 δευτέρας
3453 4807 3805 4878 πειραθέντες

2136 4892 2349 4967 πείρας,
2403 4892 2580 4948 οὐκέτι
2643 4889 2864 4965 μέλλειν
2923 4889 3179 4968 ἔκριναν,
3238 4891 3367 4950 ἀλλ’
3423 4892 3646 4957 ἕκαστος
3705 4896 3802 4951 τὸν

2134 4981 2374 5054 πλησίον
2433 4983 2949 5057 παρακροτήσαντες
2981 5028 2995 5053 ,
3052 4978 3310 5037 ἔσπευδον
3391 4982 3467 5048 εἷς
3515 4989 3800 5061 προῦπτον

361 5071 873 5127 Macedonicarum
908 5068 1210 5139 copiarum
1264 5070 1496 5141 ducem,
1545 5076 1601 5127 et
1647 5073 2022 5145 Cappadociae

2163 5079 2362 5150 κφῆναι
2417 5072 2479 5125 τὸ
2544 5069 2964 5144 μελετώμενον.
3023 5068 3243 5141 Ἕδοξεν
3301 5069 3392 5126 οὖν
3461 5071 3646 5136 αὐτοῖς
3704 5074 3800 5128 καὶ

358 5160 701 5233 praefectum
736 5160 794 5212 in
831 5156 1144 5212 consilium
1172 5161 1229 5212 et
1261 5157 1545 5214 auxilium
1591 5161 1888 5226 adhibere,
1922 5163 2023 5234 qui

355 5264 567 5303 causas
596 5253 654 5303 et
681 5247 806 5318 ipse
829 5243 1150 5300 simultatis
1172 5250 1378 5302 contra
1401 5247 1819 5320 imperatorem
1851 5250 2025 5308 habe-

2131 5161 2224 5216 τὸν
2286 5161 2540 5236 Βρυένιον
2597 5164 2749 5235 σχεῖν
2801 5159 3089 5234 συνίστορα
3143 5160 3234 5215 καὶ
3285 5158 3647 5239 συλλήπτορα
3697 5166 3800 5216 τοῦ

2135 5249 2592 5325 ἐπιχειρήματος,
2652 5243 2780 5302 ὄντα
2835 5269 2895 5304 τε
2945 5253 3052 5304 τῶν
3113 5247 3417 5326 ἐπιφανῶν,
3479 5251 3571 5306 καὶ
3630 5271 3797 5327 στρα-

1640 5397 1844 5458 Variae
1867 5397 2167 5459 lectiones
2198 5403 2258 5457 et
2289 5403 2479 5458 notae.

425 5524 1155 5612 (48)__Ilpaz1cbpto\i.nDe_
1213 5532 1481 5612 praetorio
1533 5536 1614 5612 _e_t
1680 5535 2013 5612 carceribus

2163 5533 2349 5609 pu’rcvjv
2391 5531 2574 5604 πύλην
2630 5537 2728 5588 τοῦ
2778 5535 2934 5609 ἁγίου
2998 5531 3494 5612 μεγαλομάρτύρος
3548 5534 3733 5592 Θεοδώ
3765 5569 3794 5579 -

348 5598 864 5675 praeteriiegimus
897 5601 956 5654 in
993 5598 1491 5675 ροτιιςτίιὴτίηοροιὶ,
1533 5603 1634 5660 lib.
1671 5622 1730 5675 Π,
1781 5612 1920 5662 sect.
1953 5609 2007 5675 9,

346 5671 410 5737 i1,
440 5675 495 5740 6,
529 5671 747 5743 quibus
777 5672 898 5727 haec
949 5672 1291 5743 addiAvelim
1335 5671 1406 5731 ex
1460 5676 1596 5731 Vita
1625 5671 1736 5732 ms.
1789 5678 1847 5733 S.
1882 5671 2008 5734 Ste;

343 5743 523 5817 phani
550 5742 560 5743 7
574 5742 828 5815 junioris
873 5761 887 5803 ;

2122 5626 2243 5680 ρου,
2280 5614 2390 5680 etc.

2189 5679 2304 5756 (139)
2358 5674 2883 5756 Πρωῖρσύγκελλος.
2944 5680 3129 5744 Quem
3189 5695 3370 5752 supra
3427 5681 3588 5738 nude
3645 5679 3784 5756 σύγ-

945 5743 1035 5805 Ὧς
1095 5739 1156 5798 δὶ
1209 5741 1336 5815 ἐξίει
1399 5747 1696 5820 συρόμενος
1751 5746 1828 5810 εἷς
1903 5749 2002 5818 τήν
2115 5739 2316 5806 κελλον
2344 5739 2677 5824 appellavit.
