4126 6358
344 385 475 447 237

1625 383 2043 448 ANNALIUM
2085 383 2236 447 LIB.
2279 385 2500 448 XVIII.

3657 395 3783 460 238

337 535 607 592 τηγουντε
651 518 765 572 τῶν
819 514 880 572 ἐκ
905 514 1250 581 Μακεδονίας
1281 513 1582 593 δυνάμεων,
1613 519 1705 574 καὶ
1759 519 1862 588 τήν
1902 523 2007 588 τῆς

2121 523 2228 576 ret.
2263 520 2373 588 Qui
2402 537 2538 577 cum
2569 537 2809 594 operam
2842 523 3233 597 promisisset,
3267 527 3326 583 in
3354 527 3778 586 deliberatione

345 601 736 668 Καππαδοκίας
784 607 1224 680 περιεζωσμένον
1276 607 1480 683 ἀρχὴν,
1533 605 1716 679 λύπης
1759 608 1809 663 τ’
1838 605 2014 683 αἰτίας

351 694 602 749 κάκεῖνον
662 692 944 771 ἐσχηκότα
998 696 1135 751 κατᾶ
1188 700 1286 751 τοῦ
1353 696 1773 773 αὐτοκράτορος.
1832 697 1922 759 Ὡς
1971 679 2020 751 δ’

354 781 450 838 οὖν
498 782 741 838 κάκεῖνον
785 780 1010 858 ἕτοιμον
1059 785 1213 862 εὗρον
1273 785 1410 861 πρὸς
1465 787 1529 841 τὸ
1575 787 1828 864 σφέτερον
1893 785 2017 862 βού-

358 870 573 946 λευμα,
631 873 855 944 ἐζήτουν
922 873 1015 929 τὸν
1078 871 1130 945 ἐξ
1192 874 1368 930 αὐτῶν
1445 873 1856 951 βασιλεύσοντα,
1926 875 2016 929 καὶ

362 969 519 1018 πᾶσιν
569 963 598 1018 6
644 965 932 1036 Κομνηνὸς
997 963 1245 1020 ἁπάντων
1316 965 1700 1040 προύκέκριτο.
1754 966 1904 1023 Ἐπεὶ
1959 962 2017 1019 δὶ

359 1057 525 1108 ταῦτα
576 1054 875 1127 συνέθεντο,
926 1053 1010 1108 ἐπ’
1063 1051 1218 1109 οἷ’κου
1276 1053 1578 1128 ξύμπαντες
1634 1055 2015 1131 ἀνεχώρησαν,

352 1155 433 1224 τῷ
489 1148 708 1227 βασιλεῖ
787 1151 1174 1228 προσειπόντες
1243 1154 1312 1206 τὰ
1385 1152 1647 1228 ἐξιτήρια.
1709 1153 1901 1226 Ἀπ’(ιει
1959 1151 2017 1208 δὲ

352 1239 442 1295 καὶ
511 1242 540 1296 6
605 1242 888 1316 Βρυέννιος
957 1241 1093 1314 μετὰ
1156 1246 1263 1297 τῶν
1337 1242 1423 1298 ὑπ’
1473 1243 1634 1298 αὐτὸν
1695 1243 2014 1318 ταγμάτων,

349 1328 442 1384 καὶ
499 1329 552 1385 έν
612 1335 694 1402 τῷ
752 1331 944 1404 θέματι
1020 1335 1127 1386 τῶν
1185 1331 1550 1388 Ἀνατολικῶν
1599 1333 1856 1407 γεγονὼς,
1912 1332 2014 1400 τὴν

342 1423 456 1474 τῶν
511 1424 922 1496 στρατιωτικῶν
975 1418 1228 1494 ὀψωνίων
1282 1418 1550 1494 διανομὴν
1590 1420 1702 1476 ἐκεῖ
1731 1419 2014 1485 διετίθετο·

360 1515 531 1578 συνῆν
581 1509 684 1586 γὰρ
731 1507 880 1582 αὐτῷ
925 1508 1016 1564 καὶ
1060 1510 1089 1564 6
1140 1508 1425 1584 πατρίκιος
1473 1509 1730 1582 Ἰωάννης
1778 1511 1806 1565 6
1857 1511 2019 1584 Ὀψα-

345 1602 447 1672 ρᾶς
499 1596 725 1673 χρυσίον
774 1597 1189 1676 ἐπιφερόμενον.
1242 1596 1384 1670 Ἤδη
1461 1597 1518 1655 δὲ
1581 1603 1682 1670 τῆς
1753 1597 2019 1674 διανομῆς

2127 608 2423 681 deligendi
2446 609 2845 682 imperatoris,
2877 615 3142 670 omnium
3203 617 3498 689 suffragiis
3528 617 3782 674 Comne-

2129 714 2241 753 nus
2275 699 2500 754 caeteris
2531 704 2619 755 est
2649 700 2950 772 praelatus.
2999 703 3101 758 His
3135 704 3499 777 compositis,
3533 707 3781 764 domum

2126 801 2332 842 omnes
2362 788 2683 857 redierunt,
2717 789 2983 846 discessu
3017 808 3126 846 suo
3180 793 3521 866 imperatori
3551 796 3781 851 denun-

2125 875 2288 930 tiato.
2319 877 2476 932 Abiit
2504 882 2561 933 et
2617 878 2949 950 Bryennius
3009 896 3145 935 cum
3205 883 3333 938 suis
3392 883 3776 956 legionibus:

2125 989 2380 1045 cumque
2401 976 2460 1029 in
2493 974 3230 1049 Orientalemprovinciam
3262 997 3525 1037 unacum
3554 983 3785 1039 Joanne

2125 1060 2349 1133 Opsara
2369 1065 2633 1134 patricio,
2669 1067 2777 1138 qui
2811 1083 3020 1122 aurum
3055 1068 3322 1137 vehebat,
3347 1071 3784 1139 venisset,mili-

2126 1151 2339 1206 tarium
2354 1152 2789 1225 stipendiorum
2810 1155 3285 1211 distributionem
3303 1158 3782 1217 administrabat:

2127 1257 2245 1312 qua
2266 1241 2390 1312 jam
2423 1241 2720 1314 inchoata,
2755 1243 3007 1316 singulis
3066 1245 3356 1302 militibus
3414 1249 3782 1307 frumentum

2127 1329 2575 1398 admetiebatur,
2600 1336 2656 1386 et
2678 1333 2939 1403 pecunias
2967 1351 3263 1388 summam
3277 1337 3784 1410 augebat.Opsara

2127 1433 2261 1474 vero
2292 1425 2581 1489 quastore
2623 1425 2894 1494 negante,
2953 1439 3016 1477 se
3074 1423 3131 1477 id
3186 1423 3257 1478 ab
3315 1424 3667 1497 imperatore
3715 1428 3777 1483 in

2130 1506 2426 1562 mandatis
2440 1509 2588 1565 265
2608 1508 2860 1567 habere:
2894 1509 3220 1582 Bryennius
3249 1528 3386 1568 eum
3418 1515 3780 1574 insolentius

2129 1598 2343 1662 tacere,
2393 1601 2452 1651 et
2497 1599 2649 1668 quod
2697 1599 3026 1670 juberetur,
3077 1601 3266 1657 facere
3313 1603 3517 1672 jussit.
3571 1605 3780 1661 Adhuc

355 1686 672 1763 ⁴ᾗργμένης,
721 1688 750 1742 6
799 1687 1078 1760 Βρυέννιος
1135 1687 1446 1765 προσετίθει
1493 1695 1612 1752 τοῖς
1669 1690 2010 1764 στρατιώταις

2131 1683 2556 1741 detrectantem
2589 1691 2647 1742 et
2701 1687 2986 1744 audacius
3027 1689 3441 1762 refragantem,
3473 1691 3561 1749 ira
3592 1696 3780 1765 perci-

339 1775 418 1843 τὰ
474 1776 779 1852 σιτηρέσια,
838 1776 928 1832 καὶ
1008 1773 1157 1848 ηὕξει
1239 1777 1302 1832 τὸ
1372 1776 1580 1851 ἑκάστῳ
1651 1779 2010 1852 νενεμημένοι

2132 1776 2253 1840 tus,
2284 1779 2518 1845 arrepta
2547 1791 2714 1831 coma
2743 1781 2801 1830 et
2833 1777 3011 1832 barba
3053 1779 3202 1849 ejus,
3263 1779 3389 1836 solo
3436 1780 3684 1850 illisum,
3717 1783 3778 1839 in

344 1866 646 1966 ποσόν.”ἱο
677 1863 735 1922 δὶ
762 1869 860 1966 τοῦ
889 1870 1103 1966 χρυροῢ
1132 1865 1331 1966 ταμίας
1421 1865 1709 1966 εἰρημένος
1742 1868 1880 1966 ἀνηρ
1939 1869 2016 1941 μὴ
2048 1899 2098 1966 Β

334 1959 508 2009 τοῦτο
566 1952 748 2031 ἔλεγεν
805 1953 1117 2011 ἐντετάλθαι
1177 1955 1229 2010 οἱ
1286 1956 1422 2032 πρὸς
1461 1960 1557 2010 τοῦ
1589 1955 2012 2033 αὐτοκράτορος.

341 2053 448 2108 Καὶ
481 2053 510 2108 6
541 2054 822 2128 Βρυέννιος
858 2058 1066 2124 σιωπᾷν
1115 2054 1288 2126 αὐτῷ,
1319 2054 1410 2109 καὶ
1456 2060 1633 2109 ποιεῖν
1677 2055 1741 2109 τὸ
1791 2055 2014 2110 ἐπιτασ-

338 2143 577 2215 σόμενον
627 2141 966 2198 ἐνεκελεύετο
1012 2142 1377 2219 ἰταμώτερον.
1409 2144 1498 2208 Ὦς
1547 2141 1593 2198 δ’
1644 2141 1725 2198 ἔτι
1774 2145 2013 2217 δ”Οψα-

340 2237 443 2308 ρᾶς
529 2231 629 2287 οὐκ
693 2231 954 2302 ἐπείθετο,
1015 2230 1162 2287 ἀλλὰ
1237 2234 1328 2287 καὶ
1415 2233 1739 2308 θρασύτερον
1825 2233 2015 2307 ἐκείνῳ

338 2317 652 2396 ἀντέλεγεν,
686 2322 714 2375 6
773 2320 1086 2394 Βρυέννιος,
1148 2322 1308 2394 θυμῷ
1367 2319 1624 2400 ληφθεὶς,
1676 2321 1900 2397 ἀνέθορέ
1954 2342 2016 2377 τε

333 2413 446 2476 τῆς
492 2408 775 2486 καθέδρας,
806 2412 896 2466 καὶ
936 2415 1046 2466 τῶν
1089 2418 1192 2480 τῆς
1242 2410 1487 2488 κεφαλῆς
1539 2416 1771 2488 τριχῶν,
1807 2418 1906 2482 τῆς
1957 2431 2016 2466 τε

344 2501 575 2571 ὑπήνης
605 2497 919 2573 λαϐόμενος
949 2504 1052 2554 τοῦ
1101 2497 1297 2576 ἀνδρὸς
1347 2500 1745 2578 προσαῤῥάσσει
1798 2504 1867 2574 τῇ
1917 2504 2012 2576 γῆν

341 2589 438 2644 καὶ
500 2585 830 2665 περιϐάλλει
885 2587 1130 2662 δεσμοῖς.
1182 2589 1381 2665 Ἐγγὺς
1440 2587 1498 2645 δέ
1552 2611 1658 2645 που
1715 2610 2012 2666 στρατοπε-

343 2675 520 2734 δεύων
553 2679 584 2734 6
611 2683 723 2734 τῶν
755 2676 998 2735 Πισιδῶν
1024 2677 1114 2734 καὶ
1143 2682 1253 2734 τῶν
1307 2678 1600 2735 Λυκαόνων
1645 2677 2011 2755 στρατάρχης,

331 2767 428 2824 καὶ
480 2768 550 2823 τά
604 2768 730 2844 περὶ
805 2772 906 2824 τοῦ
961 2770 1172 2844 Ὀψαρᾶ
1250 2768 1476 2842 μαθὼν,
1540 2768 1632 2824 καὶ
1701 2766 2016 2843 τυραννίδος

340 2860 510 2911 ταῦτα
579 2856 776 2933 κρίνας
830 2857 1035 2933 ἀρχὴν,
1092 2857 1288 2932 ἀθρόον
1349 2851 1520 2912 ἔπεισι
1581 2857 1715 2931 μετὰ
1765 2861 1874 2911 τῶν
1927 2857 2016 2912 ὑπ’

351 2945 507 3000 αὐτὸν
541 2947 839 3022 ταγμάτων
869 2950 938 3019 τῇ
984 2950 1081 3000 τοῖ’)
1123 2945 1413 3022 Βρυεννίου
1444 2949 1642 3019 σκηνῇ.
1673 2946 1774 3002 Καὶ
1827 2942 2016 3018 δεσμεῖ

359 3033 450 3107 μὲν
497 3033 724 3104 ἐκεῖνον,
781 3033 904 3091 λύει
953 3033 1012 3090 δὲ
1068 3036 1161 3091 τὸν
1193 3037 1430 3110 Ὀψαρᾶν
1486 3040 1593 3090 τῶν
1648 3033 1885 3107 δεσμῶν,
1923 3029 2014 3088 καὶ

346 3121 490 3195 αύτῷ
531 3125 623 3180 τὸν
684 3123 978 3200 Βρυέννιον
1019 3122 1413 3201 παραδίδωσιν·
1444 3126 1472 3179 ὁ
1529 3121 1588 3180 δὲ
1638 3123 1832 3180 αὐτίκα
1883 3122 2015 3186 τοὺς

338 3210 663 3288 ὀφθαλμοὺς
692 3213 942 3270 ἐκκόπτει
975 3213 1208 3281 ἐκείνου,
1245 3214 1337 3269 καὶ
1381 3213 1526 3269 οὕτω
1561 3214 1654 3269 τὸν
1707 3209 1874 3288 ἄνδρα
1928 3215 2010 3284 τῷ

340 3267 1430 3376 ptas-{aggiaaasjtum...
1463 3267 1656 3374 tm.
1729 3267 1818 3356 καξ
1909 3267 2009 3355 ὅσα
2038 3267 2083 3337 C

333 3388 673 3464 τετόλμηκε.
734 3392 837 3448 Καὶ
912 3396 1081 3448 ταῦτα
1152 3392 1248 3464 μὲν
1332 3391 1690 3467 συνεκύρησεν
1771 3387 2012 3446 οὗτωσί⁶

337 3489 367 3544 6
401 3485 464 3543 δέ
488 3509 552 3562 γε
580 3489 873 3562 Κομνηνὸς
917 3491 1008 3544 καὶ
1058 3491 1111 3544 οἱ
1165 3488 1354 3562 ἐκείνῳ
1397 3490 1834 3563 συνομοσάμενοι
1889 3509 2011 3542 συν-

336 3576 621 3646 ελθόντες,
673 3573 833 3652 ἔργου
887 3577 1152 3648 ἥπτοντο,
1200 3582 1312 3633 τῶν
1383 3582 1788 3654 στρατιωτικῶν
1845 3597 2012 3632 κατα-

338 3665 528 3743 λόγων
575 3666 808 3723 ἄλλοθεν
860 3664 1037 3724 ἄλλου
1084 3667 1604 3744 προσρυϊσκοαένων
1653 3666 1860 3728 αὐτοῖς.
1909 3668 2011 3724 Ἧν

340 3757 442 3830 μὲν
502 3757 606 3832 γὰρ
643 3760 723 3828 τῷ
765 3760 1142 3833 στρατιωτικῷ
1205 3757 1364 3812 παντὶ
1433 3753 1610 3835 ἔφεσις
1667 3776 2008 3832 στρατιωτην

331 3846 442 3915 τήν
513 3845 792 3922 βασίλειον
865 3845 1046 3922 ἀρχὴν
1129 3845 1553 3921 περιζώσασθαι.
1613 3846 1855 3920 ’Ήχθετο
1905 3846 2007 3921 γὰρ

337 3935 449 3990 ὑπὸ
475 3939 575 3989 τοῦ
607 3932 899 3989 πολιτικοῦ
935 3935 1136 4010 μέρους
1184 3933 1518 4010 ἀρχόμενον,
1545 3931 1673 3990 ἀλλ’
1713 3931 1812 3988 οὐκ
1857 3932 2010 4009 ἐθάρ-

329 4021 412 4098 ῥει
472 4023 566 4078 τὸν
623 4024 794 4088 πόθον
853 4023 930 4086 εἲς
985 4027 1264 4099 προῦπτον
1331 4021 1608 4097 ἐξενεγκεῖ,
1664 4019 1894 4097 ἔκρυπτε
1950 4020 2008 4077 δὲ

325 4113 426 4167 τὸν
480 4107 680 4187 ἔρωτα,
711 4112 802 4167 καὶ
848 4107 1009 4168 ὤδινε
1053 4113 1144 4168 τὸν
1192 4110 1318 4182 περί
1374 4111 1572 4167 τούτου
1603 4110 1825 4169 σκοπόν.
1861 4113 2007 4166 Ἐπεὶ

336 4198 392 4256 δὲ
438 4201 534 4256 τὸν
585 4201 870 4275 Κυμνηνὸν
914 4198 1202 4276 τυραννίδι
1260 4200 1692 4276 ἐπιχειρήσαντα
1763 4202 2010 4273 μεμαθή-

335 4307 519 4362 κεσαν,
551 4291 643 4345 καὶ
672 4289 832 4346 αὐτὸν
869 4291 964 4364 μὲν
1014 4295 1312 4368 κορυφαῖον
1371 4289 1507 4345 εἶναι
1557 4293 1656 4345 τοῦ
1705 4287 2007 4364 δράματος,

327 4388 392 4442 τὰ
435 4384 494 4442 δὶ
540 4387 802 4463 κράτιστα
847 4393 952 4442 τῶν
1013 4393 1195 4464 γενῶν
1256 4394 1359 4458 τῆς
1403 4387 1802 4463 ἐπιχειρήσεως
1859 4385 2008 4460 αὐτῷ

323 4473 830 4552 συλλαμϐάνεσθαι’
869 4480 1017 4534 τοῦτ’
1064 4479 1198 4533 εἶναι
1257 4478 1322 4533 τὸ
1387 4478 1477 4533 ὑπ’
1527 4477 1703 4532 αὐτῶν
1759 4476 2006 4550 μελετώ-

328 4587 495 4640 μενον
553 4563 822 4640 δόξαντες,
879 4569 1176 4643 ἁρπάζουσι
1238 4568 1330 4622 τὸν
1392 4568 1603 4642 καιρὸν,
1635 4567 1725 4622 καὶ
1778 4563 2003 4628 ἕκαστος

2132 1861 2363 1917 vincula
2392 1865 2660 1936 coniecit.
2682 1865 2805 1930 Quo
2827 1867 2948 1922 dux
2975 1867 3306 1924 Pisidarum
3334 1874 3390 1925 et
3422 1871 3779 1943 Lycaonum,

2129 1951 2229 2022 qui
2259 1957 2452 2008 castra
2480 1953 2541 2008 in
2556 1955 2884 2026 propinquo
2904 1955 3176 2025 habebat,
3198 1959 3453 2031 cognito,
3470 1960 3526 2015 id
3549 1961 3777 2018 facinus

2123 2041 2450 2109 tyrannidis
2480 2041 2837 2114 principium
2859 2044 3162 2116 judicans,
3197 2047 3473 2119 Bryennii
3502 2049 3780 2105 taberna-

2124 2127 2324 2184 culum
2356 2147 2490 2185 cum
2523 2131 2650 2186 suis
2685 2131 3018 2204 legionibus
3050 2150 3118 2189 ex
3174 2134 3492 2207 improviso
3531 2138 3778 2205 invadit,

2124 2217 2434 2290 solutoque
2463 2220 2697 2291 Opsarae
2729 2222 2897 2276 illum
2924 2224 3126 2292 tradit,
3181 2227 3281 2295 qui
3327 2226 3630 2282 hominem
3663 2232 3780 2283 sta-

2124 2306 2228 2361 tim
2257 2309 2486 2364 ell'ossis
2515 2309 2702 2365 oculis
2741 2312 2811 2366 ad
2847 2310 3260 2384 imperatorem
3293 2330 3426 2369 cum
3447 2316 3776 2372 facinorum

2124 2397 2252 2466 ejus
2283 2399 2844 2456 commemoratione
2878 2401 3059 2456 misit.
3089 2402 3207 2458 Hoc
3240 2403 3321 2459 ita
3351 2408 3538 2476 gesto,
3573 2406 3778 2477 conju-

2124 2486 2232 2541 rati
2263 2488 2561 2560 congressi
2582 2489 2640 2543 in
2666 2507 2872 2559 unum,
2906 2507 3030 2546 rem
3057 2490 3446 2548 nihilominus
3469 2494 3777 2566 urgebant,

2123 2600 2192 2640 ex
2221 2585 2578 2642 militaribus
2611 2588 2894 2660 catalogis
2921 2588 3163 2645 aliunde
3195 2589 3308 2645 alio
3339 2591 3410 2645 ad
3445 2591 3608 2663 ipsos
3641 2609 3777 2648 con-

2125 2673 2359 2730 ﬂuente.
2393 2674 2680 2732 Omnibus
2709 2677 2866 2733 enim
2900 2677 3187 2735 militibus
3236 2679 3294 2734 in
3345 2680 3498 2737 votis
3528 2686 3673 2752 erat,
3717 2685 3784 2737 ut

2125 2763 2564 2836 milesimperio
2592 2765 2897 2837 potiretur.
2932 2771 3078 2822 Nam
3136 2767 3361 2841 iniquis
3419 2770 3637 2826 animis
3694 2774 3784 2826 to-

2123 2859 2259 2923 gato
2283 2854 2586 2924 parebant,
2623 2871 2809 2926 neque
2841 2861 3039 2912 tamen
3064 2857 3398 2913 desiderum
3430 2875 3609 2914 suum
3643 2876 3775 2931 pro-

2123 2942 2261 2996 dere
2289 2941 2441 3013 ausi,
2474 2943 2860 3016 cupiditatem
2893 2944 3077 3015 illam,
3135 2946 3275 3000 dum
3326 2963 3390 3002 se
3432 2949 3774 3004 maturandi

2121 3030 2399 3086 facinoris
2442 3031 2672 3088 oll‘erret
2729 3034 2979 3100 occasio,
3046 3035 3344 3106 tegebant.
3406 3036 3625 3093 Verum
3665 3034 3805 3094 ubi

2123 3118 2489 3176 Comnenum
2521 3121 2823 3178 affectasse
2857 3139 3104 3195 regnum
3137 3135 3568 3196 compererunt,
3593 3132 3774 3200 atque

2122 3208 2317 3280 ipsum
2349 3216 2528 3281 caput
2557 3227 2688 3267 esse
2718 3211 2958 3284 negotii,
2990 3216 3047 3268 et
3075 3229 3110 3267 a
3168 3213 3514 3271 fortioribus
3537 3217 3774 3288 provin-

2122 3297 2229 3354 ciis
2257 3299 2546 3368 adjutari:
2581 3300 2638 3355 id
2672 3301 2910 3356 demum
2943 3317 3073 3356 esse
3103 3302 3407 3374 rati,quod
3440 3305 3540 3360 diu
3560 3305 3775 3364 animis

2122 3387 2461 3459 agitassent,
2484 3395 2718 3461 arrepta
2754 3378 3195 3462 opportunitate
3241 3391 3340 3448 alii
3400 3393 3546 3450 alios
3605 3402 3772 3452 ante-

2121 3483 2342 3536 vertere
2373 3487 2780 3552 properarunt.
2815 3481 2977 3538 Unde
2997 3482 3332 3540 Comnenus
3365 3485 3639 3542 maximis
3671 3502 3777 3543 co-

2119 3569 2235 3640 piis
2285 3571 2659 3642 comparatis,
2700 3571 2921 3626 tributa
2951 3588 3053 3642 per
3082 3577 3270 3628 totum
3305 3573 3602 3631 Orientem
3632 3592 3768 3632 exe-

2119 3657 2224 3730 git,
2255 3660 2716 3729 quaestoribuset
2734 3660 3187 3732 inscriptoribus
3207 3679 3410 3718 eorum
3441 3680 3570 3736 quis
3590 3663 3772 3721 allata

2117 3753 2335 3814 essent,
2369 3748 2730 3804 constitutis.
2756 3749 2978 3804 Deinde
3020 3767 3232 3806 versus
3284 3751 3536 3808 Nicaeam
3569 3754 3773 3824 movit,

2109 3844 2236 3916 jam
2266 3845 2586 3917 imperator
2615 3848 2686 3902 ab
2719 3847 3005 3903 omnibus
3038 3849 3163 3905 suis
3197 3848 3486 3906 militibus
3517 3850 3779 3922 appella-

2116 3939 2234 3999 tus,
2264 3950 2332 3990 ea
2356 3934 2528 4006 potiri
2562 3936 2826 4007 cupiens,
2866 3943 2934 3991 ut
2965 3936 3210 3993 haberet
3233 3939 3439 3994 urbem
3473 3941 3777 4010 undepro-

2117 4023 2302 4094 gredi,
2336 4025 2895 4096 quoqueconfugere
2917 4029 3044 4080 tuto
3066 4024 3303 4080 velutin
3329 4026 3556 4098 asylum
3582 4028 3776 4099 quod-

2118 4112 2254 4165 dam
2303 4112 2510 4182 quovis
2558 4117 2766 4168 eventu
2829 4118 3049 4184 posset,
3109 4131 3293 4186 eaque
3350 4121 3652 4188 occupata,
3719 4120 3777 4172 et

2109 4200 2274 4270 justo
2307 4200 2578 4272 praesidio
2637 4201 2939 4273 imposito,
3000 4202 3308 4258 duodecim
3369 4205 3506 4260 inde
3564 4203 3776 4262 stadiis

2117 4293 2585 4345 castrametatur.
2617 4289 2858 4346 Michael
2912 4306 3049 4346 vero
3100 4292 3437 4364 imperator,
3493 4292 3778 4350 Occiden-

2118 4378 2340 4435 talibus
2373 4379 2704 4452 legionibus
2737 4381 3094 4451 convocatis,
3128 4387 3187 4437 et
3217 4382 3264 4437 si
3297 4400 3424 4454 quae
3477 4399 3548 4438 ex
3577 4384 3776 4440 Orien—

2115 4466 2332 4523 talibus
2363 4486 2396 4523 a
2425 4469 2540 4524 ﬁde
2571 4487 2683 4524 non
2717 4469 2909 4525 disces
2926 4474 3152 4526 serant:
3177 4471 3388 4527 ducem
3433 4488 3566 4528 eum
3589 4473 3778 4545 impe-

2116 4556 2202 4610 rio
2233 4557 2488 4629 praefecit
2515 4557 2769 4614 Orientis
2800 4558 3189 4615 domesticum
3221 4560 3592 4618 Theodorum
3638 4579 3775 4635 spa-

319 4638 419 4710 τὸν
479 4638 647 4718 πέλας
701 4638 1012 4734 προφθάσαι
1068 4656 1351 4732 ἠπείγετο.
1423 4638 1697 4721 Ἐντεῦθεν
1755 4661 1834 4728 τῷ
1891 4659 2002 4712 Κο-

2121 4645 2751 4719 donem,imperatricis
2773 4648 3092 4704 Theodoraa
3123 4648 3776 4722 ministrum,adjuncto

328 4747 524 4816 μνηνῷ
629 4746 820 4822 βαρεῖα
903 4747 1196 4816 συνέστηκε
1281 4743 1550 4820 δύναμις·
1622 4745 1839 4808 στείλας
1917 4745 2008 4800 οὖν

321 4833 468 4887 κατᾶ
519 4832 798 4907 ξύμπασαν
853 4835 952 4902 τὴν
1003 4835 1199 4907 ’Σῴαν,
1247 4834 1375 4897 τοὺς
1431 4836 1635 4911 φόρους
1693 4833 2007 4910 ἐπράττετο,

327 4918 728 4998 ἀποδεκτῆρας
784 4923 992 4978 τούτων
1052 4923 1237 4996 τάξας,
1287 4924 1378 4978 καὶ
1433 4928 1542 4979 τῶν
1587 4925 2009 4998 προσαγομένων

322 5010 704 5086 ἆπογραφεῖς.
759 5013 891 5067 Εἶτα
974 5011 1105 5088 ἔὶρας
1167 5012 1334 5087 ἀπῄει
1390 5015 1529 5088 πρὸς
1587 5011 1836 5083 Νίκαιαν,
1895 5008 2005 5082 ἤδη

327 5097 602 5176 βασιλεὺς
637 5100 774 5173 πρὸς
803 5102 1016 5156 πάντων
1063 5105 1172 5156 τῶν
1224 5100 1316 5156 σὺν
1369 5099 1520 5173 αὐτῷ
1567 5099 2007 5176 στρατευομένων

335 5185 688 5263 ἀναρρηθεὶς,
741 5187 946 5258 ταύτης
1003 5187 1266 5265 ἐγκρατὴς
1339 5187 1584 5264 γενέσθαι
1647 5185 2002 5262 βουλόμενος,

329 5273 410 5330 ’ἕν’
449 5273 553 5352 ἔχῃ
606 5277 707 5347 τὴν
758 5275 923 5332 πόλιν
973 5279 1319 5355 ὁρμητήριον
1369 5277 1405 5347 ἢ
1437 5277 1834 5354 κρησφύγετον,
1869 5277 2004 5332 ὁπο-

323 5366 509 5439 τέρως
571 5364 634 5419 ἂν
692 5365 828 5442 ῥέψῃ
881 5367 950 5421 τὰ
1002 5374 1104 5436 τῆς
1160 5368 1339 5443 τύχης
1395 5369 1565 5438 αὐτῷ,
1606 5367 1695 5421 καὶ
1751 5366 1850 5432 τὴν
1907 5367 2000 5438 μὶν

323 5449 623 5524 λαμϐάνει,
673 5455 836 5518 αὐτὸς
900 5453 958 5510 δε
1025 5457 1261 5534 φρουρὰν
1330 5457 1597 5532 ἀρκοῦσαν
1671 5455 2004 5531 ἐγκαταστή-

326 5564 426 5608 σας
485 5543 648 5620 αύτῇ,
697 5545 806 5620 πρὸ
873 5542 1084 5601 δώδεκα
1142 5543 1376 5601 σταδίων
1432 5545 1638 5617 ταύτης
1707 5564 2002 5619 στρατοπε-

326 5631 564 5691 δεύεται.
627 5635 728 5691 Καὶ
787 5635 816 5689 6
876 5635 1132 5711 βασιλεὺς
1205 5633 1264 5691 δὲ
1335 5633 1572 5712 Μιχαὴλ
1626 5634 1722 5697 τὰς
1775 5632 2002 5698 Δυτικᾶς

321 5721 554 5801 ἀγείρας
611 5719 892 5799 δυνάμεις,
945 5724 1037 5781 καὶ
1108 5721 1164 5782 εἴ
1235 5724 1377 5788 τινές
1458 5745 1566 5781 που
1634 5728 1742 5780 τῶν
1813 5723 1999 5798 Ἐῲων

2124 4734 2346 4807 collega
2375 4737 2660 4808 magistro
2693 4741 2915 4793 Aarone
2954 4739 3128 4793 fratre
3169 4739 3439 4812 conjugis
3469 4741 3774 4797 Comneni.

2121 4833 2226 4899 Qui
2261 4835 2468 4889 castris
2509 4841 2711 4890 contra
2743 4834 2944 4889 hostes
2971 4835 3201 4905 positis,
3235 4836 3501 4907 praelium
3535 4839 3777 4894 commi-

2119 4937 2248 4977 sere
2278 4921 2334 4976 in
2367 4921 2493 4979 loco
2524 4925 2624 4995 qui
2658 4923 2731 4979 ab
2759 4922 2970 4978 incolis
2999 4923 3181 4978 Orcus
3213 4924 3560 4996 appellatur.
3596 4927 3706 4981 Ubi
3739 4943 3774 4983 a

2117 5009 2358 5066 sinistro
2380 5027 2560 5068 cornu
2577 5010 3388 5083 imperatoriorum,dextrum
3421 5013 3771 5070 Comnenio-

2120 5115 2250 5153 rum
2295 5099 2673 5172 proﬂigatum
2731 5106 2840 5168 est,
2883 5105 2939 5155 et
2969 5101 3069 5172 qui
3127 5101 3186 5155 in
3244 5117 3312 5157 eo
3361 5104 3625 5170 curabat,
3658 5103 3771 5159 Ro-

2117 5204 2330 5244 manus
2359 5188 2592 5244 Sclerus
2611 5191 2774 5245 vivus
2798 5189 3144 5261 captus.Sed
3169 5190 3426 5247 hostium
3458 5191 3770 5248 sinistrum

2115 5275 2207 5331 cui
2263 5277 2589 5333 Ambustus
2673 5282 2941 5350 praeerat,
3001 5279 3203 5334 dextro
3258 5279 3770 5351 imperatoriorum

2115 5366 2268 5420 266
2302 5382 2482 5420 cornu
2515 5367 2574 5420 in
2610 5367 2805 5438 fugam
2830 5383 3018 5434 verso,
3054 5368 3113 5422 in
3147 5375 3343 5423 castra
3375 5387 3562 5442 usque
3594 5387 3769 5442 pene-

2110 5456 2308 5525 travit,
2343 5462 2401 5511 et
2431 5457 2684 5510 tentoria
2742 5456 3038 5526 discerpta
3085 5458 3392 5513 subvertit.
3426 5459 3488 5514 Id
3549 5460 3771 5516 factum

2112 5549 2178 5599 ut
2217 5544 2670 5601 Comneniorum
2730 5544 2960 5599 animos
3015 5544 3393 5603 vehementer
3443 5549 3624 5614 auxit,
3684 5549 3770 5606 sic

2109 5631 2626 5706 imperatoriorum
2659 5633 2801 5689 adeo
2833 5632 3066 5704 dejecit,
3100 5638 3165 5688 ut
3221 5651 3284 5692 se
3337 5636 3487 5709 fuga
3520 5638 3766 5694 manda-

2110 5728 2263 5794 rent,
2295 5722 2356 5778 in
2388 5738 2504 5794 qua
2534 5723 2706 5780 multi
2736 5722 2870 5780 caesi
2900 5727 3043 5781 sunt
3072 5740 3189 5780 non
3209 5726 3460 5800 gregarii
3480 5727 3766 5784 duntaxat
