4126 6408
343 421 346 423 ·
413 397 530 456 239
1773 389 2103 454 JOANNIS
2144 391 2490 454 ZONARE
3714 397 3837 459 240

409 525 651 593 milites,
684 524 785 581 sed
807 524 988 581 duces
1009 524 1212 591 etiam,
1244 524 1518 597 pluribus
1549 523 2016 597 captis,Comnen

2128 522 2649 602 ιπεριελείφθησαν,
2713 527 2789 599 μὴ
2865 529 3293 604 συναπαχθεῖσαι
3369 533 3453 602 τῷ
3531 533 3836 603 Κομνηνῷ,

408 615 648 670 victoria
679 613 923 668 minime
963 614 1142 669 dubia
1174 615 1386 684 potito.

2175 611 2364 690 ἐφιστᾷ
2413 616 2629 676 τούτοις
2687 617 2988 690 στρατηγὸν
3069 616 3461 694 αὐτοκράτορα,
3517 620 3610 673 τὸν
3665 616 3839 692 δομὲ-

409 723 587 756 στικον
646 708 746 771 τῆς
796 699 1099 770 Ἀνατολῆς
1155 702 1246 756 τὸν
1305 699 1562 773 ἐκτομίαν
1624 696 1932 774 Θεόδωρον,
1983 700 2075 754 τὸν
2132 707 2233 770 τῆς
2294 701 2615 776 βασιλίσσης
2666 701 2950 781 Θεοδώρας
2998 706 3340 782 θεράποντα’
3376 707 3627 778 συζεύξας
3679 708 3829 780 αύτῷ

411 794 747 869 συνάρχοντα
801 792 890 846 καὶ
947 793 1039 846 τὸν
1095 793 1388 867 μάγιστρον
1438 791 1674 866 Ἀαρὼν,
1705 791 1970 865 σύγγονον
2032 785 2163 845 ὄντα
2209 795 2310 856 τῆς
2367 792 2722 864 συνοικούσης
2779 799 2857 866 τῷ
2917 797 3210 869 Κομνηνῷ.
3268 798 3335 855 Οἳ
3391 803 3508 858 τοῖς
3567 797 3833 861 ἐναντίοις

413 879 1137 958 ἀντιστρατοπεδευσάμενοι,
1169 885 1524 957 συγκροτοῦσι
1555 880 1643 934 καὶ
1675 879 1920 952 πόλεμον
1956 879 2090 934 κατά
2125 900 2243 934 τινα
2289 879 2478 949 τόπον,
2514 879 2688 953 ’ᾍδην
2731 889 2848 946 τοῖς
2893 882 3192 960 ἐγχωρίοις
3237 885 3598 958 καλούμενον,
3629 887 3720 940 καὶ
3769 888 3833 942 τὸ

416 972 511 1046 μὲν
578 972 856 1043 εὖώνυμον
912 971 1072 1046 κέρας
1128 975 1235 1023 τῶν
1289 969 1587 1045 βασιλικῶν
1644 969 1846 1039 ἥττησε
1902 969 1965 1023 τὸ
2015 966 2184 1042 δεξιὸν
2234 968 2392 1045 κέρας
2439 975 2546 1025 τῶν
2593 971 2717 1046 περὶ
2763 973 2854 1027 τὸν
2915 975 3230 1046 Κομνηνὸν,
3261 974 3350 1029 καὶ
3380 974 3471 1030 τὸν
3501 975 3838 1053 ἐφεστηκότα

409 1062 586 1134 τούτῳ
616 1061 889 1132 Ῥωμανὸν
920 1060 1010 1113 τὸν
1046 1058 1296 1134 Σκληρὸν
1332 1059 1559 1134 συνέσχε
1593 1063 1786 1127 ζῶντα.
1819 1059 1892 1112 Τὸ
1926 1054 1982 1112 δέ
2012 1079 2074 1132 γε
2103 1058 2210 1112 τῶν
2244 1058 2495 1113 ἐναντίων
2546 1059 2826 1134 εὐώνυμον
2872 1063 2934 1116 οὗ
2981 1071 3253 1140 κατῆρχεν
3306 1065 3334 1119 ὁ
3386 1065 3744 1136 Κεκαυμὲνος,
3771 1064 3836 1118 τὸ

410 1149 580 1223 δεξιὸν
627 1151 883 1225 ἐτρέψατο
930 1153 1038 1203 τῶν
1100 1148 1419 1223 βασιλικῶν,
1454 1149 1543 1203 καὶ
1603 1148 1678 1209 εἰς
1730 1147 1860 1201 αὐτὸ
1910 1146 1973 1201 τὸ
2022 1141 2382 1222 στρατόπεδον
2438 1147 2684 1218 είσῆλθεν
2735 1149 2930 1220 αὐτῶν,
2962 1153 3176 1216 καὶτὰς
3206 1153 3407 1223 σκηνὰς
3438 1150 3705 1230 διέρρηξε,
3736 1155 3834 1208 καὶ

406 1237 590 1316 ἔρῥιψε
646 1239 782 1293 κατὰ
840 1245 964 1313 γῆς.
1025 1243 1193 1293 Τοῦτο
1250 1245 1368 1300 τοῖς
1429 1237 1552 1312 περὶ
1596 1239 1688 1292 τὸν
1747 1236 2035 1308 Κομνηνὸν
2098 1237 2294 1310 θάρσος
2352 1239 2425 1300 ὡς
2486 1237 2727 1310 μάλιστα
2784 1239 3082 1312 ἐνεποίησε,
3122 1247 3240 1304 τοῖς
3290 1240 3337 1296 δ’
3393 1241 3832 1315 ἀντιπολεμοῦσι

400 1323 665 1384 κατέϐαλε
721 1329 787 1382 τὰ
844 1330 1190 1406 φρονήματα,
1240 1328 1329 1382 καὶ
1383 1328 1594 1406 φεύγειν
1653 1325 1917 1384 ἀνέπεισε.
1975 1325 2182 1380 Γίνεται
2242 1325 2420 1381 τοίνυν
2469 1331 2578 1382 τῶν
2649 1329 2951 1396 βασιλικῶν
3019 1330 3182 1408 φόνος
3253 1330 3452 1401 πολὺς,
3513 1331 3576 1387 οὗ
3626 1337 3832 1388 κοινῶν

402 1417 566 1492 μόνον
600 1421 968 1493 στρατιωτῶν,
1003 1414 1150 1472 ἀλλὰ
1178 1416 1269 1472 καὶ
1303 1421 1682 1494 στραταρχῶν,
1715 1415 1806 1471 καὶ
1852 1414 2076 1476 πλείους
2115 1412 2174 1470 δὲ
2221 1413 2633 1492 ἐζωγρήθησαν,
2666 1419 2756 1472 καὶ
2803 1422 2838 1489 ἡ
2883 1421 3008 1492 νίκη
3057 1419 3354 1499 ἀναφανδὸν
3399 1425 3830 1494 τῆν”Κωμνηνῷ

395 1504 696 1580 ἑπεμειδία.

464 1633 560 1690 III.
595 1633 672 1689 Eo
717 1632 947 1705 cognito
995 1631 1236 1687 Michael
1276 1632 1579 1704 desperato
1640 1630 1813 1698 bello,
1858 1630 2044 1702 impe-

389 1723 546 1778 rium
579 1723 869 1794 deponere
898 1721 1120 1776 voluit:
1157 1722 1257 1776 sed
1291 1721 1345 1776 id
1369 1720 1707 1787 consilium,
1737 1719 2044 1775 familiari-

391 1813 503 1868 bus
535 1811 1028 1882 improbantibus,
1059 1811 1298 1881 exsequi
1349 1828 1465 1866 non
1512 1811 1720 1882 potuit.
1753 1810 2048 1881 Legantur

390 1901 572 1973 igitur
601 1901 673 1956 ad
704 1903 1063 1955 Comneuum
1098 1898 1296 1954 selecti
1331 1899 1436 1952 viri
1468 1915 1536 1954 ex
1595 1898 1864 1953 Patribus
1913 1913 2044 1952 con-

387 1990 650 2061 scriptis,
683 1988 1102 2044 Constantinus
1135 1987 1424 2043 Lichudes
1458 2003 1695 2060 praeses,
1730 1987 1841 2042 Leo
1892 2003 2042 2058 pra:—

2229 1629 2300 1686 I".
2334 1631 2512 1686 Τοῦτο
2547 1630 2734 1702 μαθὼν
2767 1632 2795 1686 6
2833 1630 3088 1704 βασιλεὺς
3120 1632 3352 1709 Μιχαὴλ
3401 1632 3704 1709 ἀπεγνώκει
3751 1633 3827 1688 τὰ

2154 1722 2252 1772 τοῦ
2305 1717 2578 1791 πολέμου,
2618 1719 2707 1774 καὶ
2766 1722 2865 1790 τὴν
2924 1722 3102 1798 ἀρχὴν
3167 1721 3458 1786 ἀποθέσθαι
3517 1719 3819 1793 ἠϐούλετο,

2153 1805 2302 1862 ἀλλὰ
2323 1813 2438 1869 τοῖς
2469 1809 2589 1883 περὶ
2624 1809 2822 1864 ἐκεῖνον
2848 1814 3008 1866 τοῦτο
3041 1806 3351 1882 ἀϐούλητον
3409 1811 3502 1882 ἦν,
3535 1813 3653 1876 ὅθεν
3696 1810 3820 1868 οὐδ’

2155 1894 2232 1958 εἷς
2292 1894 2445 1972 ἔργον
2506 1897 2726 1973 ἀγαγεῖν
2789 1903 3150 1976 συνεχωρήθη
3208 1902 3270 1956 τὸ
3325 1899 3604 1978 βούλημα.
3640 1902 3824 1958 Στέλ-

2154 1982 2342 2040 λονται
2403 1985 2587 2040 τοίνυν
2633 1987 2769 2063 πρὸς
2846 1989 2938 2043 τὸν
3013 1990 3300 2063 Κομνηνὸν
3367 1985 3820 2066 πρεσϐεύσοντες,

387 2097 482 2136 ses
512 2055 755 2152 slopus,
787 2087 842 2133 et
872 2077 1113 2132 Michael
1165 2077 1414 2142 Psellus,
1458 2055 1746 2149 princeps
1779 2055 2016 2147 phil—osor

2153 2071 2341 2147 ἄνδρες
2398 2078 2508 2129 τῶν
2563 2055 2822 2150 ἐκκρίτων
2881 2079 2981 2145 τῆς
3041 2055 3356 2152 συγκλήτου
3413 2055 3662 2154 βουλῆς·
3712 2055 3822 2135 οῗδ;

383 2169 660 2240 phorum,
693 2169 864 2236 cujus
896 2167 1204 2238 legationis
1236 2183 1305 2222 ea
1335 2183 1571 2222 summa
1603 2166 1744 2220 fuit:
1795 2171 2036 2220 Comne-

384 2275 524 2312 num
560 2259 631 2312 ab
664 2257 1017 2327 imperatore
1076 2256 1420 2326 adoptatum
1481 2255 1574 2323 iri,
1640 2260 1698 2310 et
1745 2255 2034 2311 Caesarem

381 2347 815 2419 designandum
841 2363 988 2412 esse,
1025 2361 1306 2400 concessa
1337 2344 1505 2400 venia
1539 2349 1595 2400 et
1625 2343 1913 2399 oblivione
1945 2343 2033 2398 in-

372 2436 668 2505 juriarum
695 2435 765 2489 iis
796 2433 894 2505 qui
926 2433 1254 2506 tyrannidis
1277 2432 1575 2502 adjutores
1608 2433 1864 2487 fuerunt.
1899 2432 2033 2496 Quae

381 2540 514 2578 cum
545 2521 818 2578 audiente
848 2523 1101 2577 exercitu
1135 2521 1430 2576 Comneno
1465 2521 1896 2586 nuntiarentur,
1923 2519 2032 2574 mi-

379 2613 511 2668 lites
543 2609 1098 2668 tumultuabantur:
1136 2615 1416 2682 negantes
1465 2627 1524 2666 se
1556 2627 1834 2682 passuros
1856 2625 2033 2665 suum

376 2702 718 2774 praefectum
751 2700 808 2755 in
832 2699 942 2755 alio
963 2699 1163 2754 habitu
1195 2700 1474 2770 conspici,
1510 2704 1612 2754 aut
1641 2699 1773 2754 exui
1805 2704 2029 2753 vestem

375 2790 835 2862 imperatoriam,
870 2788 1134 2860 quajam
1171 2788 1414 2844 indutus
1463 2793 1637 2843 esset.
1685 2789 1824 2852 Quae
1857 2791 2032 2843 verba

373 2880 708 2952 apluribus
767 2895 868 2950 per
925 2877 1406 2948 assentationem,
1461 2895 1638 2949 quam
1683 2894 1752 2932 ex
1807 2877 2026 2945 animo,

364 2970 767 3040 jactabantur.
809 2967 1010 3022 Soluto
1066 2971 1375 3032 conventu,
1434 2967 1771 3021 Comnenus
1817 2966 2028 3038 legatis

372 3058 655 3124 seductis,
720 3057 845 3112 ait:
899 3056 963 3111 Si
1019 3072 1226 3110 arcana
1284 3055 1532 3126 quaedam
1594 3056 1918 3126 imperatori
1972 3071 2028 3111 se

366 3149 784 3202 renuntiaturos
818 3147 1230 3217 promisissent,
1264 3161 1320 3200 se
1375 3145 1759 3216 expositurum
1789 3161 1873 3212 ea,
1905 3161 2027 3217 qum

365 3239 552 3293 animo
581 3238 806 3292 celaret.
841 3236 947 3299 Qui
1009 3253 1144 3290 cum
1196 3235 1623 3290 taciturnitatis
1684 3235 1860 3290 {idem
1919 3236 2026 3289 de-

367 3327 614 3394 dissent,
666 3341 722 3380 se
775 3341 944 3393 nunc,
1002 3325 1102 3390 ait,
1162 3325 1358 3379 habitu
1418 3324 1655 3381 Caesaris
1704 3326 2024 3379 contentum

2147 2162 2282 2230 ἦσαν
2325 2164 2353 2217 ὁ
2385 2161 2650 2240 πρόεδρος
2683 2171 3084 2229 Κωνσταντῖνος
3118 2168 3146 2221 6
3195 2166 3534 2243 Λειχούδης,
3566 2169 3595 2223 6
3643 2169 3818 2243 πρόε-

2147 2247 2275 2322 δρος
2333 2253 2481 2306 Λὲων
2545 2255 2573 2308 6
2633 2253 2908 2321 Ἀλωπὸς,
2966 2256 3053 2309 καὶ
3127 2256 3358 2332 Μιχαὴλ
3413 2258 3441 2311 6
3491 2259 3817 2334 σοφώτατος

2146 2339 2386 2408 Ψελλὸς,
2417 2346 2526 2396 τῶν
2552 2341 2866 2421 φιλοσόφων
2899 2342 2971 2398 ὢν
3007 2343 3226 2408 ὕπατος.
3265 2346 3348 2403 Τὰ
3396 2343 3455 2401 δὲ
3493 2347 3639 2422 παρᾶ
3682 2347 3816 2403 τού-

2141 2449 2248 2483 των
2308 2429 2815 2506 καταγγελλόμενα,
2867 2434 3171 2504 υἱοθέτησις
3229 2434 3295 2504 ἦν
3354 2431 3452 2490 τοῦ
3511 2438 3815 2509 Κομνηνοῢ

2143 2516 2676 2591 εἷ’σποιηθησομένου
2708 2526 2788 2594 τῷ
2818 2521 3051 2596 βασιλεῖ,
3086 2524 3175 2577 καὶ
3210 2523 3462 2600 ἀναγωγὴ
3511 2525 3650 2602 πρὸς
3698 2529 3803 2596 τῆν

2139 2606 2308 2678 τιμὴν
2364 2607 2464 2675 τὴν
2521 2611 2618 2662 τοῦ
2677 2609 2966 2684 Καίσαρος,
3024 2611 3112 2665 καὶ
3173 2615 3288 2673 τοῖς
3345 2613 3444 2679 τὴν
3513 2611 3804 2688 τυραννίδά

2142 2694 2615 2768 συμμελετήσασιν
2673 2697 2857 2776 ἄφεσίς
2911 2719 2969 2753 τε
3009 2698 3102 2753 καὶ
3151 2699 3426 2772 ἀμνηστία
3465 2705 3565 2754 τοῦ
3614 2699 3795 2774 πλημ-

2145 2783 2485 2856 μελήματος.
2521 2787 2583 2839 Οἱ
2636 2788 2730 2860 μὲν
2786 2786 2878 2842 οὖν
2936 2792 3106 2842 ταῦτα
3159 2792 3238 2860 τῷ
3294 2793 3568 2862 Κομνηνῷ
3625 2791 3790 2865 ἁπηγ-

2139 2871 2394 2947 γὲλκασιν
2429 2874 2479 2928 ἰν
2531 2874 2754 2948 ἐπηκόῳ
2791 2881 2888 2931 τοῦ
2939 2875 3208 2948 πλήθους,
3240 2879 3303 2933 τὸ
3356 2875 3414 2933 δὲ
3468 2874 3801 2952 ἐθορυϐήθη,

2142 2963 2218 3034 μὴ
2285 2963 2576 3037 βούλεσθαι
2630 2963 2787 3041 λέγον
2846 2964 2898 3020 ἂν
2955 2963 3114 3039 ἄλλῳ
3169 2969 3415 3042 σχήματι
3465 2968 3558 3022 τὸν
3621 2967 3801 3023 αὐτῶν

2137 3051 2514 3127 προεστηκότα
2581 3053 2889 3126 θεάσασθαι,
2952 3052 3084 3128 μηδ’
3143 3053 3512 3121 ἀποδύσασθαι
3566 3056 3802 3134 ἀνασχέ-

2138 3150 2259 3203 σθαι
2289 3139 2451 3195 αὐτὸν
2481 3142 2580 3210 τὴν
2625 3143 2827 3210 στολὴν
2866 3143 2966 3211 τὴν
3003 3142 3279 3219 βασίλειον
3321 3147 3384 3213 ἣν
3433 3144 3542 3217 ἤδη
3588 3145 3808 3204 ἐνδέδυ-

2133 3249 2242 3284 ται.
2296 3228 2526 3304 Ἔλεγον
2591 3227 2647 3285 δὲ
2697 3235 2866 3286 ταῦτα
2923 3233 2974 3287 οὶ
3028 3231 3251 3296 πλείους
3308 3233 3417 3311 οὐχ
3473 3234 3617 3291 οὕτω
3666 3257 3806 3314 φρο-

2134 3322 2376 3385 νοῦντες,
2435 3317 2584 3374 ἀλλᾶ
2631 3321 2724 3375 τὸν
2793 3326 3157 3396 τυραννοῦντα
3227 3323 3586 3386 θωπεύοντες.
3651 3326 3807 3382 Ἐπεὶ

369 3431 502 3482 esse,
534 3431 634 3470 nec
661 3416 948 3485 requirere
1006 3415 1462 3484 imperatorium:
1521 3412 1612 3468 sed
1644 3412 1701 3466 id
1728 3413 2016 3482 postulare,

2144 3403 2202 3461 δὲ
2256 3404 2479 3478 διελύθη
2533 3409 2560 3462 ὁ
2610 3407 2909 3484 σύλλογος,
2941 3408 3051 3482 ἰδίᾳ
3091 3411 3216 3474 τοὺς
3246 3408 3500 3488 πρέσϐεις
3532 3414 3560 3468 6
3586 3420 3812 3487 Κομνη-

367 3509 428 3560 ut
459 3506 760 3576 imperator
790 3503 941 3558 nulli
988 3504 1093 3558 alii
1148 3519 1395 3574 unquam
1449 3501 1795 3557 traditurum
1850 3503 2022 3572 impe-

369 3597 537 3664 rium,
568 3598 620 3650 et
651 3595 746 3658 iis,
777 3609 909 3664 quos
938 3593 1212 3660 donasset,
1241 3592 1473 3662 praemia
1528 3608 1646 3646 non
1700 3595 2026 3660 erepturum

371 3684 680 3754 conﬁrmet,
711 3691 760 3738 et
789 3682 1000 3753 aliquid
1032 3681 1407 3745 imperatoriae
1438 3683 1710 3746 potestatis
1732 3681 2022 3751 impertia-

370 3783 480 3842 tur,
538 3776 599 3827 ut
655 3773 962 3828 minoribus
1026 3770 1392 3839 dignitatibus
1447 3770 1744 3824 nonnullos
1823 3785 2022 3825 ornare

367 3863 632 3928 liceat,et
655 3862 726 3916 ad
763 3860 1054 3916 militares
1102 3861 1453 3929 magistratus
1509 3860 1751 3914 evehere.
1811 3860 1941 3928 Quae
1970 3861 2022 3914 si

363 3952 734 4023 impetrasset,
767 3967 826 4005 se
854 3965 985 4019 pace
1025 3951 1183 4020 facta
1240 3950 1298 4003 in
1351 3950 1546 4003 urbem
1602 3958 1920 4016 venturum,
1968 3953 2019 4004 et

359 4042 489 4113 quia
520 4041 619 4095 illa
639 4042 756 4094 suis
805 4039 1179 4110 displicerent,
1213 4037 1369 4092 binas
1397 4040 1740 4108 scripturum
1773 4036 2014 4101 litteras,

354 4147 593 4203 quarum
620 4130 814 4184 alteris
833 4130 1026 4200 [acum
1054 4127 1328 4183 militibus
1339 4125 1781 4199 faceret,alteris
1802 4143 2016 4182 arcana

352 4219 662 4274 mandaret.
696 4219 978 4274 Praeterea
1005 4232 1200 4288 perum
1229 4217 1608 4271 communium
1641 4215 2012 4272 administra-

349 4311 554 4364 tionem
588 4308 641 4362 ei
667 4305 1027 4361 adimendam
1059 4321 1192 4370 esse,
1223 4305 1320 4375 qui
1347 4320 1495 4359 nunc
1529 4305 1643 4358 sibi
1675 4312 1726 4359 et
1773 4306 1891 4359 suis
1921 4307 2010 4360 in-

348 4399 560 4467 fensus,
596 4412 658 4450 ea
689 4397 1035 4467 fungeretur.
1070 4394 1173 4449 His
1203 4394 1376 4448 dictis
1399 4393 1729 4463 litterisque
1750 4393 2006 4461 traditis,

357 4484 626 4539 hortatur
655 4485 812 4538 abire
827 4482 1060 4554 legatos.
1077 4483 1258 4536 Senex
1277 4480 1525 4536 Michael
1542 4497 1672 4534 cum
1689 4479 1899 4535 litteris
1914 4498 2007 4536 ac-

349 4572 555 4644 ceptis,
587 4577 712 4628 tum
745 4571 973 4626 arcanis
1006 4570 1302 4625 mandatis
1334 4569 2004 4634 auditis,delectatus,ad

348 4660 717 4717 omniaillius
741 4659 1037 4733 postulata
1055 4659 1466 4729 annuit,atque
1489 4657 2006 4726 adjecitzQuemad-

345 4752 566 4807 modum
599 4752 905 4808 Comnenus
917 4751 1027 4805 sibi
1036 4765 1135 4818 per
1149 4749 1276 4803 illos
1289 4748 1496 4802 occulta
1511 4746 1767 4816 quaedam
1786 4748 2001 4816 signiﬁ-

341 4843 627 4910 casset,ita
648 4860 707 4898 se
738 4841 837 4898 illi
857 4858 954 4912 per
968 4841 1115 4896 267
1139 4838 1349 4894 eosdem
1373 4836 1680 4892 occultiora
1701 4840 2002 4893 nuntiatu-

343 4948 488 4998 rum,
521 4941 581 4987 ut
595 4931 981 5004 jurejurando
1010 4931 1400 4999 conﬁrmarent
1428 4927 1699 4992 videlicet,
1720 4943 1836 4981 non
1855 4929 1999 4982 mul-

339 5031 458 5077 tum
487 5024 750 5093 temporis
781 5024 1224 5084 intercessurum,
1258 5019 1390 5088 quin
1425 5018 1582 5071 illum
1615 5017 1877 5087 collegam
1900 5020 2000 5072 im-

337 5113 484 5182 perii
512 5112 790 5164 asciturus
819 5116 995 5165 esset:
1026 5123 1172 5162 nunc
1203 5122 1327 5162 vero
1357 5123 1412 5160 se
1445 5108 1508 5160 id
1535 5108 1698 5160 certis
1719 5106 1782 5161 de
1810 5108 1998 5162 causis

336 5201 717 5272 diﬂerreJlaec
747 5215 848 5270 per
881 5199 1102 5267 legatos
1129 5195 1398 5250 nuntiata
1424 5194 1761 5250 Comnenus
1783 5196 1994 5266 cupide

338 5288 601 5355 admisit,
633 5303 738 5342 nec
770 5286 870 5341 alii
905 5286 1069 5340 inviti
1100 5283 1800 5354 acceperunt,praasertiln
1835 5283 1990 5353 quod

335 5393 530 5431 rerum
565 5375 970 5430 communium
997 5374 1360 5446 procuratori
1383 5378 1642 5444 potestas
1674 5372 1990 5427 adimenda

333 5468 512 5529 esset,
535 5464 782 5534 jamque
813 5463 1090 5518 omnibus
1121 5464 1419 5518 decretum
1453 5467 1597 5532 erat,
1661 5461 1870 5532 positis
1894 5478 1986 5515 ar-

334 5554 448 5606 mis
480 5553 784 5623 tyrannide
816 5552 1125 5607 abstinere.
1147 5555 1218 5607 At
1240 5569 1416 5607 senex
1446 5549 1985 5620 imperator,prius-

333 5657 510 5713 quam
544 5656 678 5695 cum
713 5641 1004 5697 Comneno
1064 5644 1428 5711 transigeret,
1466 5645 1793 5712 togatorum
1846 5653 1984 5710 erga

333 5746 394 5786 se
427 5728 864 5804 benevolentia,
924 5735 988 5788 ut
1044 5731 1312 5804 putabat,
1359 5729 1776 5787 conﬁrmanda:
1819 5743 1979 5800 ergo,

2140 3497 2230 3558 νὸς
2287 3492 2764 3572 προσλαϐόμενος,
2815 3497 2882 3556 Εἲ
2937 3500 3058 3554 τινά
3119 3522 3234 3574 μοι,
3283 3501 3469 3578 φησὶν,
3515 3501 3810 3580 ἀπόῤῥητα

2136 3583 2568 3662 διαπορθμεῦσαι
2655 3586 3110 3667 πληροφορήσετε
3212 3590 3350 3665 πρὸς
3443 3591 3536 3646 τὸν
3642 3592 3806 3648 αύτο-

2130 3677 2392 3753 κράτορα,
2451 3674 2561 3752 ἐρῶ
2623 3677 2754 3750 ὑμῖν
2815 3678 2914 3733 ὅσα
2994 3699 3088 3750 μοι
3170 3679 3307 3734 κατὰ
3386 3679 3484 3747 τήν
3571 3678 3798 3757 καρδίαν

2132 3764 2512 3842 ἐγκέκρυπται.
2573 3769 2696 3822 Τῶν
2776 3763 2834 3821 δὲ
2895 3766 3273 3840 καταθεμένων
3344 3768 3643 3846 ἀνέκφορον
3701 3791 3803 3842 τη-

2130 3860 2292 3928 ρῆσαι
2363 3855 2502 3908 ἅπαν
2599 3855 2953 3930 ἀπόρρητον,
3012 3854 3114 3930 ἔφη
3192 3855 3471 3931 ἀρκεῖσθαι
3544 3862 3636 3913 νῦν
3713 3863 3796 3931 τῷ

2129 3944 2374 4018 σ’χήματι
2431 3947 2510 4014 τῷ
2565 3947 2666 3998 τοῦ
2721 3944 3010 4020 Καίσαρος,
3065 3945 3156 4000 καὶ
3208 3946 3284 4018 μὴ
3347 3951 3526 4016 ζητεῖν
3584 3947 3646 4002 τὸ
3696 3949 3792 4023 βα-

2127 4030 2351 4102 σίλειον,
2411 4032 2578 4087 αἰτεῖν
2642 4030 2700 4088 δὲ
2771 4031 3158 4109 πληροφορίαν
3231 4033 3293 4090 ἐκ
3363 4039 3460 4091 τοῦ
3533 4039 3780 4111 κρατοῦν-

2122 4141 2236 4189 τος,
2297 4122 2372 4183 ὡς
2451 4119 2558 4197 οὺχ
2629 4122 2797 4197 ἱτὲρῳ
2864 4120 3028 4178 δώσει
3082 4125 3181 4192 τὴν
3241 4123 3424 4200 ἀρχήν
3479 4144 3622 4193 ποτε,
3679 4123 3773 4178 καὶ

2123 4209 2199 4272 ὡς
2257 4211 2583 4286 συντηρήσει
2643 4210 2849 4284 ἑκάστῳ
2905 4216 3010 4266 τῶν
3065 4211 3156 4267 σὺν
3217 4212 3365 4285 ἐμοὶ,
3409 4212 3510 4269 εἷ’τι
3566 4211 3783 4274 τούτοις

2120 4298 2551 4374 πεφιλοτίμηται
2622 4302 2748 4376 παρ’
2803 4299 2961 4373 ἐμοῦ,
3017 4300 3109 4356 καὶ
3185 4301 3260 4364 ὡς
3340 4303 3430 4356 καί
3489 4323 3634 4365 τινος
3683 4323 3784 4376 με-

2117 4385 2348 4443 ταδώσει
2438 4409 2530 4462 μοι
2619 4393 2710 4443 νῦν
2796 4389 3036 4462 ἐξουσίας
3116 4387 3431 4466 βασιλικῆς,
3520 4389 3582 4445 i’v’
3663 4385 3785 4466 ἔχω

2115 4477 2265 4538 τινὰς
2353 4482 2516 4550 τιμᾷν
2591 4483 2711 4540 τοῖς
2773 4483 2880 4533 τῶν
2961 4478 3285 4552 ἀξιωμάτων
3360 4478 3609 4534 ἐλάττοσι
3687 4481 3786 4536 καὶ

2118 4564 2193 4626 είς
2274 4565 2452 4642 ἀρχὰς
2537 4566 2710 4629 ἐνίους
2812 4568 3170 4642 στρατηγικὰς
3274 4569 3782 4643 προχειρίζεσθαι,

2113 4655 2204 4708 καὶ
2263 4651 2318 4709 εἷ’
2363 4677 2456 4729 μοι
2502 4661 2670 4711 ταῦτα
2741 4655 2966 4728 ἐπιτελῆ
3043 4657 3270 4733 γίνοιτο,
3320 4659 3618 4730 σπείσομαι
3684 4660 3783 4714 καὶ

2112 4743 2393 4821 ἀφίξομαι.
2448 4748 2566 4800 Ὅτι
2635 4743 2694 4800 δὲ
2767 4751 2884 4809 τοῖς
2956 4745 3191 4818 πλήθεσι
3268 4751 3436 4802 ταῦτα
3503 4753 3621 4810 τοῖς
3681 4747 3780 4804 σὺν

2110 4832 2234 4906 ἐμοὶ
2334 4835 2717 4910 ἀπαρέσκουσι,
2800 4834 2980 4899 διττὰς
3063 4837 3200 4912 πρὸς
3282 4838 3373 4892 τὸν
3465 4842 3780 4912 κρατοῦντα

2110 4923 2394 4998 ἐγχαράξω
2479 4923 2789 4993 ἐπιστολὰς,
2849 4925 2937 4979 καὶ
3022 4929 3090 4998 τῇ
3182 4926 3274 4998 μὲν
3363 4923 3776 5002 καταδημαγω-

2107 5014 2264 5086 γήσω
2344 5013 2408 5067 τὸ
2492 5013 2927 5087 στρατιωτικὸν,
2987 5017 3054 5088 τῇ
3141 5012 3189 5068 δ’
3266 5013 3610 5090 ἐγγράψομαι
3699 5018 3776 5072 τὰ

2103 5101 2408 5177 ἀπόρρητα.
2467 5103 2586 5157 Ἐπὶ
2659 5103 2877 5167 τούτοις
2953 5103 3043 5158 καὶ
3118 5105 3212 5159 τὸν
3259 5105 3327 5160 τὰ
3382 5105 3541 5160 κοινὰ
3602 5125 3768 5176 μετα-

2103 5190 2478 5265 χειριζόμενεν
2567 5187 2685 5264 ᾔτει
2772 5195 3097 5264 μεταστῆναι
3200 5200 3299 5262 τῆς
3386 5190 3711 5264 διοικήσεως
3753 5236 3770 5263 ,

2102 5279 2176 5342 ὡς
2254 5277 2478 5334 δύσνουν
2559 5281 2708 5352 αὐτῷ
2788 5281 2880 5336 καὶ
2953 5287 3072 5344 τοῖς
3134 5289 3248 5356 μετ’
3303 5283 3490 5338 αὐτοῦ.
3549 5285 3606 5337 '0
3666 5285 3768 5356 μὲν

2100 5367 2190 5422 οὖν
2241 5374 2408 5424 ταῦτα
2465 5369 2654 5438 εἷ’πὼν,
2687 5371 2778 5425 καὶ
2836 5373 2934 5432 τὰς
2991 5370 3286 5435 ἐπιστολὰς
3335 5371 3522 5436 αὐτοῖς
3572 5373 3764 5449 ἔγχει-

2098 5456 2271 5531 ρίσας,
2325 5457 2579 5514 απελθεῐν
2630 5461 3016 5536 προετρέπετο.
3073 5461 3141 5519 Οἳ
3204 5461 3247 5516 δ’
3299 5460 3610 5531 ἐπανῆλθον
3670 5462 3766 5518 ἐπὶ

2092 5546 2183 5600 τὸν
2241 5548 2472 5621 γηραιὸν
2531 5547 2926 5623 αὐτοκράτορα,
2957 5549 3054 5612 τὰς
3111 5547 3408 5611 ἐπιστολάς
3445 5572 3507 5605 τε
3564 5552 3762 5627 φέρον-

2091 5654 2200 5701 τες,
2234 5636 2322 5689 καὶ
2371 5635 2469 5691 ὅσα
2516 5638 2543 5692 6
2596 5639 2883 5711 Κομνηνὸς
2934 5638 3121 5703 αὐτοῖς
3169 5639 3221 5694 ἐν
3257 5638 3602 5716 ἀποῤῥήτοις
3651 5637 3757 5717 ἔφη

2092 5719 2181 5778 διὰ
2230 5723 2406 5794 ζώσης
2481 5733 2668 5804 φωνῆς
2746 5726 3215 5806 ἀπαγγέλλοντες.
3274 5728 3508 5801 Ἡσθεὶς
3553 5726 3645 5785 οὖν
3705 5729 3758 5787 ἐν
