4126 6372
370 494 494 555 243

1721 497 2056 560 JOANNIS
2101 498 2444 562 ZONARIE

3672 496 3796 556 ΞΜ

361 627 496 699 ejus
521 641 638 682 non
671 625 812 696 Deo,
845 629 947 685 sed
981 628 1094 686 sibi
1125 629 1476 702 ascripsisse
1521 645 1590 686 ex
1637 646 1702 687 ec
1756 635 2021 703 apparet,

2139 627 2195 685 δὲ
2252 632 2547 704 Κομνηνὸς
2601 633 2670 704 τῇ
2737 626 2988 706 βασιλείᾳ
3053 624 3406 702 ἐγκαταστὰς,
3465 625 3640 698 ἐαυτῷ
3689 626 3795 695 τὴν

365 718 520 789 quod
549 717 608 773 in
625 719 892 778 nummis
906 737 1073 776 suam
1095 721 1414 793 imaginem
1439 721 1644 777 stricto
1659 738 1796 777 ense
1815 720 2031 778 inscul-

367 807 621 879 pendam
647 809 892 876 curavit,
918 815 1144 866 tantum
1173 828 1285 865 non
1313 810 1781 879 clamitnns,eum
1810 812 2026 866 sibine-

364 897 667 970 quidquam
693 898 852 953 aliud
881 915 1120 971 regnum
1148 901 1444 970 peperisse.
1480 900 1587 954 Eos
1616 917 1649 956 a
1677 901 1894 972 quibus
1925 901 2025 954 ad-

357 984 530 1054 jutus
560 985 768 1052 fuerat,
804 986 1211 1044 liberalissime
1233 993 1321 1044 est
1347 994 1778 1055 remuneratus,
1815 989 2026 1044 relata-

371 1090 486 1146 que
518 1075 867 1130 festinanter
893 1077 1170 1132 omnibus
1206 1078 1418 1150 gratia,
1453 1094 1698 1151 operum
1742 1079 1921 1148 dedit,
1964 1083 2029 1133 ut

363 1163 562 1219 domos
584 1180 724 1219 suas
753 1164 973 1236 quique
1001 1167 1284 1234 redirent,
1318 1183 1390 1222 ne
1419 1166 1479 1222 in
1514 1167 1659 1222 urbe
1689 1167 2028 1223 oberrantes

360 1252 450 1308 vel
479 1251 806 1308 tumultum
841 1254 1183 1323 excitarent,
1220 1255 1308 1311 vel
1345 1260 1549 1312 contra
1599 1256 1875 1329 populum
1936 1256 2026 1312 in-

359 1342 1107 1413 surgerent.Patriarcham
1141 1361 1498 1417 magnopere
1516 1351 1828 1401 veneratus
1854 1349 2029 1411 est,et

357 1431 556 1487 fratris
582 1433 712 1504 ejus
746 1434 901 1490 filios
932 1435 1165 1506 magnis
1199 1435 1524 1493 honoribus
1555 1437 1794 1492 affectos
1825 1451 2028 1508 super-

355 1521 448 1578 bis
481 1522 932 1592 magistratibus
957 1524 1234 1596 praet’ecit.
1270 1525 1554 1581 Praeterea
1589 1525 1648 1580 in
1681 1525 2024 1597 patriarchas

368 1611 642 1684 gratiam,
679 1611 857 1666 etiam
899 1613 1436 1669 ecclesiasticarum
1495 1631 1693 1671 rerum
1745 1630 2022 1686 procura-

358 1701 577 1756 tionem
613 1700 880 1756 Ecclesiaa
910 1703 1199 1758 attribuit.
1241 1703 1399 1764 Nam
1422 1721 1556 1760 cum
1589 1705 1657 1758 ad
1713 1703 1770 1758 id
1835 1719 2024 1776 usque

291 1825 296 1828 -
357 1792 597 1861 tempus
653 1792 708 1845 et
767 1805 1016 1862 magnus
1108 1794 1468 1859 necenomus,
1530 1798 1587 1848 et
1631 1792 2022 1865 scevophylax

358 1878 432 1933 ab
490 1877 844 1950 imperatore
890 1879 1186 1952 designari
1238 1882 1512 1951 solerent,
1585 1887 1906 1954 utrumque
1959 1881 2016 1937 id

357 1983 578 2023 munus
608 1966 952 2038 patriarcha
982 1969 1259 2042 potestati
1289 1972 1562 2043 subjecit,
1593 1976 1792 2028 amota
1824 1971 2019 2043 publi-

353 2073 420 2112 ca
473 2057 845 2114 auctoritate.
911 2059 1126 2115 Deinde
1167 2061 1301 2115 vitea
1371 2062 1595 2118 sociam
1681 2064 2013 2135 Augustam

353 2145 695 2217 appellavit,
741 2147 980 2202 fratrem
1030 2156 1223 2204 autem
1266 2149 1558 2206 Joannem
1612 2149 2017 2220 curopalatem

351 2239 410 2288 et
445 2250 731 2305 magnum
792 2235 1179 2292 domesticum
1232 2238 1579 2294 nominavit.
1647 2243 1822 2294 Porro
1884 2254 2018 2294 cum

347 2339 555 2379 omnes
584 2323 716 2394 ejus
746 2329 878 2396 post
908 2325 1189 2381 Basiliam
1216 2327 1783 2399 Porphyrogenitum
1815 2328 2020 2383 deces-

348 2426 535 2480 sores,
569 2412 693 2468 ﬁsci
724 2416 782 2468 et
809 2412 998 2469 aerarii
1022 2415 1328 2486 pecuniam
1363 2433 1571 2487 parum
1653 2423 1807 2473 recte
1839 2415 2022 2472 collo-

353 2505 611 2570 cassent,
647 2502 862 2573 partim
893 2501 954 2557 in
986 2520 1127 2558 suas
1175 2503 1526 2576 voluptates,
1587 2510 1643 2561 et
1714 2511 2020 2561 monaste-

353 2589 580 2645 riorum
596 2590 1009 2647 aediﬁcationes
1023 2593 1633 2666 insumptam,partim
1649 2595 1777 2650 sine
1789 2595 2024 2650 delectu

357 2695 425 2733 ac
450 2678 822 2750 prolibidine
861 2697 970 2736 sua
1013 2683 1446 2739 condonatum:
1497 2687 1616 2738 tam
1657 2685 2024 2755 imperatorii

351 2766 620 2824 thesauri
648 2767 919 2824 exhausti
953 2770 1207 2842 fuerunt,
1244 2787 1422 2842 quam
1454 2773 1723 2828 aerarium
1761 2773 2008 2845 pecunia

353 2873 646 2912 vacuum:
720 2858 778 2913 id
828 2858 1036 2914 vitium
1079 2866 1471 2929 correcturus,
1552 2862 2022 2918 emendationem

359 2962 479 3000 non
504 2947 860 3016 pedetentim
893 2952 981 3002 est
1012 2950 1419 3020 agressus,sed
1446 2949 1580 3005 utin
1601 2954 1817 3006 statere
1849 2967 1911 3007 se
1941 2950 2027 3005 in-

350 3033 695 3108 cidijussit,
727 3041 918 3092 erecta
952 3053 1130 3092 manu
1163 3039 1436 3093 strictum
1469 3054 1670 3095 ensem
1722 3040 2024 3096 sustinen-

363 3127 506 3193 tem,
540 3123 622 3179 ita
650 3125 826 3180 etiam
875 3126 934 3180 in
969 3128 1197 3198 negotia
1241 3143 1304 3182 se
1365 3128 1631 3201 ingessit,
1691 3129 1892 3184 statim
1953 3130 2022 3184 ad

364 3213 934 3270 secandostumores
1009 3219 1273 3286 paratus,
1318 3232 1432 3272 non
1488 3215 1771 3273 adhibitis
1831 3217 2024 3272 medi-

359 3302 670 3372 camentis,
729 3319 856 3375 quae
915 3303 1275 3360 exulceratas
1326 3311 1522 3377 partes
1573 3306 1892 3374 imollirent
1949 3321 2018 3361 ac

2134 718 2336 790 ταύτης
2393 718 2702 796 ἐπιτυχίαν,
2753 717 2840 773 καὶ
2898 716 2959 772 οὗ
3006 713 3084 789 τῷ
3124 719 3239 787 Θεῷ
3297 713 3634 790 ἐπιγράψατο
3700 714 3800 768 καὶ

2134 812 2296 863 τοῦτο
2356 807 2550 876 δῆλον,
2611 809 2692 863 ὅτι
2751 811 2832 879 τῷ
2889 805 3191 879 νομίσματι
3223 806 3423 882 ξιφήρη
3459 803 3645 858 ἑαυτὸν
3680 803 3800 857 ἐνε-

2136 899 2356 972 χάραξε,
2420 895 2586 972 μόνον
2648 897 2777 973 οὖχὶ
2813 893 2981 972 βοῶν,
3036 894 3120 950 ὅτι
3175 893 3350 951 Τοῦτό
3387 914 3479 967 μοι
3509 895 3612 961 τήν
3648 893 3808 967 βασι-

2137 984 2306 1055 λείαν,
2382 988 2472 1043 καὶ
2540 988 2652 1062 οὐχ
2713 985 2896 1060 ’ἐτερόν
2969 1007 3022 1040 τι
3090 983 3445 1059 προύξένησε.
3517 983 3654 1044 Τοὺς
3741 978 3808 1036 δὶ

2139 1078 2540 1150 συναραμένους
2627 1077 2774 1148 αὐτῷ
2874 1072 3277 1150 φιλοτιμότατα
3368 1071 3750 1146 ἀντημείψατο
3791 1115 3807 1142 ,

2135 1165 2224 1220 καὶ
2281 1162 2529 1222 ἔσπευσεν
2585 1167 2794 1238 ἑκάστῳ
2850 1165 2948 1226 τὰς
3001 1157 3238 1236 ἀμοιϐὰς
3287 1158 3547 1231 ἀποδοὺς,
3597 1161 3817 1224 πάντας

2136 1251 2322 1310 οἷ’καδε
2377 1254 2776 1332 παρασκευάσαι
2837 1253 3196 1329 ἀποχωρεῖν,
3249 1249 3343 1306 ’ίνα
3393 1251 3469 1324 μή
3524 1270 3577 1305 τι
3635 1260 3815 1323 θορυ-

2136 1339 2397 1416 ϐήσωσιν,
2459 1344 2494 1414 ἢ
2548 1349 2646 1400 τοῦ
2706 1341 2887 1417 δήμου
2917 1342 3372 1413 ητεξαναπῶσιν
3421 1335 3813 1394 ἀστυπολοῧν-

2132 1454 2239 1498 τες.
2297 1435 2396 1489 Τὸν
2453 1432 2512 1489 δὲ
2567 1434 2918 1510 πατριάρχην
2954 1429 3024 1486 δι’
3054 1428 3244 1492 αἰδοῦς
3277 1429 3406 1504 ἦγεν
3439 1429 3523 1483 ὅτι
3554 1425 3814 1496 πολλῆς,

2132 1523 2225 1578 καὶ
2280 1522 2408 1587 τοὺς
2465 1523 2630 1579 αὐτοῦ
2688 1517 3093 1601 ἀδελφόπαιδας
3126 1520 3196 1576 δι’
3228 1518 3427 1574 ἐκεῖνον
3461 1521 3650 1592 τιμαῖς
3682 1515 3811 1572 ἐτί-

2139 1633 2280 1684 μησε
2357 1611 2591 1685 μείζοσι,
2652 1612 2741 1668 καὶ
2817 1612 3018 1688 ἀρχαῖς
3089 1609 3456 1684 ὑπερηφάνοις
3511 1606 3808 1677 ἐπέστησε.

2133 1701 2508 1777 Χαριζόμενος
2560 1699 2606 1756 δ’
2664 1696 2743 1756 ἔτι
2801 1705 2880 1772 τῷ
2937 1698 3293 1774 πατριάρχῃ,
3351 1697 3442 1752 καὶ
3496 1698 3594 1766 τὴν
3681 1700 3810 1751 τῶν

2134 1789 2604 1860 ἐκκλησιαπικῶν
2661 1788 3004 1864 πραγμάτων
3053 1784 3372 1860 οἰκονομίαν
3428 1789 3498 1859 τῇ
3553 1781 3812 1856 Ἐκκλη-

2135 1879 2226 1952 σίᾳ
2283 1881 2562 1953 ἀπένειμε,
2629 1879 2794 1955 μέχρι
2851 1879 2977 1933 τότε
3032 1876 3129 1932 τοῖ’)
3192 1874 3436 1952 μεγάλου
3495 1873 3810 1947 οίκονόμου

2131 1969 2630 2045 προχειριζομένου
2687 1969 2832 2042 παρᾶ
2888 1971 2985 2022 τοῦ
3039 1964 3444 2042 βασιλεύοντος,
3506 1960 3652 2018 ἀλλὰ
3685 1963 3809 2036 μὴν

2132 2057 2222 2112 καὶ
2268 2063 2365 2113 τοῦ
2419 2055 2844 2136 σκευοφύλακος,
2879 2056 3083 2118 ἐκεῖνος
3117 2052 3174 2110 δὲ
3203 2053 3293 2109 καὶ
3325 2053 3491 2130 ἄμφω
3526 2052 3630 2107 ὑπὸ
3696 2053 3818 2121 τήν

2134 2152 2233 2203 τοῦ
2265 2149 2613 2224 πατριάρχου
2671 2141 2821 2212 ἔθετο
2870 2144 3130 2216 ἐξουσίαν,
3189 2143 3531 2213 ἀποξενώσας
3587 2141 3814 2216 ἀμφοῖν

2130 2235 2194 2292 τὸ
2254 2234 2545 2310 δημόσιον.
2606 2237 2736 2291 Εἶτα
2759 2235 2859 2304 τήν
2907 2235 2999 2308 μὶν
3051 2237 3147 2289 τοῦ
3210 2232 3334 2310 βίου
3395 2230 3542 2303 αὗτῷ
3594 2250 3814 2285 κοινω-

2132 2327 2224 2381 νὸν
2272 2328 2386 2400 (51)
2439 2325 2752 2401 Αὐγούσταν
2820 2323 3191 2400 ἀνηγόρευσε,
3266 2321 3360 2377 τὸν
3440 2318 3498 2375 δὲ
3557 2316 3809 2398 ἀδελφὸν

2135 2414 2390 2487 Ἰωάννην
2420 2413 2839 2490 κουροπαλάτην
2891 2413 3174 2487 τετίμηκε,
3235 2411 3326 2466 καὶ
3385 2409 3638 2481 ὠνόμασε
3696 2409 3798 2482 μέ-

2132 2525 2227 2579 γαν
2261 2501 2604 2576 δομέστικον.
2666 2508 2784 2558 Τῶν
2841 2500 2898 2558 δὲ
2949 2501 3056 2578 πρὸ
3115 2500 3280 2556 αὐτοῦ
3342 2497 3614 2576 βασιλέων
3675 2499 3804 2553 ὅσοι

2140 2592 2274 2666 μετὰ
2337 2593 2431 2647 τὸν
2497 2592 3018 2669 Πορφυρογέννητον
3093 2589 3296 2645 ἐκεῖνον
3355 2586 3637 2643 Βασίλειον
3696 2588 3804 2657 τῆς

2140 2679 2418 2757 βασιλείας
2503 2675 2797 2750 ἐπέϐησαν,
2881 2680 2942 2735 οὐ
3011 2677 3195 2741 καλῶς
3256 2677 3618 2754 χρησαμένων
3677 2680 3797 2737 τοῖς

2141 2769 2438 2844 βασιλείοις
2487 2770 2576 2826 καὶ
2626 2775 2833 2832 κοινοῖς
2889 2770 3221 2844 πράγμασιν,
3275 2765 3422 2822 ἀλλᾶ
3467 2765 3536 2820 τὰ
3569 2765 3665 2838 μὶν
3717 2762 3793 2825 είς

2135 2859 2339 2922 οἰκείας
2399 2857 2765 2926 ἀπολαύσεις,
2818 2858 2907 2913 καὶ
2968 2857 3045 2920 είς
3105 2854 3454 2928 ἀσκητηρίων
3517 2874 3802 2909 κατασπα-

2137 2949 2415 3020 θησάντων
2467 2947 2786 3022 οἲκοδομὰς,
2845 2948 2911 3002 τὰ
2950 2945 3009 3002 δὶ
3038 2945 3401 3021 δωρουμένων
3437 2945 3518 3006 οἷς
3580 2941 3809 3018 ἔτυχεν,

2133 3038 2169 3107 ἢ
2226 3039 2364 3102 τέως
2421 3040 2611 3114 οἷσπερ
2671 3033 2988 3105 ἐϐούλοντο,
3018 3037 3069 3091 οἳ
3105 3033 3384 3112 βασιλικοὶ
3417 3031 3681 3109 θησαυροὶ
3719 3031 3813 3086 ἐκ·

2133 3126 2450 3196 κεκένωντο,
2522 3126 2611 3182 καὶ
2691 3126 2761 3182 τὰ
2835 3123 3080 3198 δημόσια
3133 3128 3428 3196 πρυτανεῖα
3483 3122 3807 3198 χρημάτων

2134 3213 2440 3284 ἐσπάνιζον·
2517 3212 2680 3270 τοῦτο
2747 3213 2929 3270 τοίνυν
3003 3215 3031 3268 ὁ
3106 3214 3394 3285 Κομνηνὸς
3454 3211 3804 3286 προθέμενος

2135 3301 2557 3379 διορθώσασθαι,
2590 3303 2690 3359 οὐκ
2719 3305 2903 3379 ἠρέμα
2957 3300 3082 3358 οὐδὶ
3138 3301 3275 3356 κατὰ
3330 3299 3509 3376 βραχὺ
3539 3301 3608 3373 τῇ
3643 3296 3802 3375 διορ-

357 3391 640 3447 foverent.
677 3394 876 3462 Itaque
905 3411 972 3448 ex
1031 3411 1146 3464 quo
1199 3396 1570 3467 tyrannidem
1631 3412 1766 3450 cum
1828 3395 2014 3466 legiti-

2139 3393 2293 3457 θώσει
2371 3391 2808 3468 ἐπικεχείρηκεν,
2867 3389 2995 3446 ἀλλ’
3058 3391 3132 3452 ὡς
3185 3392 3266 3462 τῷ
3318 3394 3544 3462 στατῆρι
3605 3386 3813 3442 ἐαυτὸν

362 3495 458 3536 me
513 3481 666 3536 269
757 3480 1005 3552 imperio
1049 3484 1453 3551 commutavit,
1543 3483 1874 3540 decessoris
1932 3482 2026 3538 sui

365 3571 496 3623 acta
526 3569 652 3624 sine
683 3568 1030 3625 discrimine
1076 3571 1382 3643 abrogavit
1417 3589 1428 3627 :
1462 3572 1512 3628 si
1572 3573 1714 3644 quid
1746 3571 1844 3629 ille
1903 3572 2028 3627 cui-

364 3671 544 3726 quam
579 3655 829 3729 largitus
861 3659 1070 3725 fuerat,
1113 3659 1170 3714 id
1203 3661 1522 3731 eripiebat:
1557 3662 1655 3716 sed
1691 3667 1749 3717 et
1766 3660 2031 3734 superio-

369 3760 504 3799 rum
533 3743 955 3818 imperatorum
988 3747 1177 3804 multa
1215 3754 1346 3805 acta
1375 3749 1666 3818 evertit,et
1707 3750 2031 3822 abrogavit,

371 3852 564 3907 neque
593 3837 652 3892 id
684 3837 742 3892 in
766 3836 926 3910 vulgi
957 3839 1243 3894 duntaxat
1273 3841 1668 3909 fraudem,sed
1699 3858 1770 3896 ne
1799 3839 2033 3897 senatui

369 3924 610 3998 quidem
640 3927 1219 4000 perpercit.Denique
1249 3945 1564 4001 progressu
1601 3929 1882 4002 temporis
1899 3946 2036 3985 con-

367 4017 462 4071 tra
490 4031 584 4072 res
614 4032 814 4072 sacras
837 4033 898 4072 se
927 4018 1234 4085 convertit,
1272 4018 1459 4074 multa
1489 4019 1866 4076 monasteriis
1902 4034 2032 4091 quo

370 4103 444 4161 ab
475 4104 549 4160 iis
579 4110 916 4162 constructa
943 4107 1192 4174 fuerant,
1225 4107 1436 4164 collata
1483 4109 1799 4177 truncavit,
1832 4125 1898 4165 ac
1929 4124 2033 4180 po-

365 4194 486 4249 tius
510 4194 829 4252 monachos
854 4194 1109 4267 publicis
1141 4198 1472 4254 rationibus
1523 4198 1801 4269 subjecit,
1864 4213 2034 4254 sum-

368 4283 570 4354 ptibus
593 4285 945 4340 necessariis
996 4286 1280 4342 duntaxat
1339 4287 1425 4342 illi
1487 4287 1748 4357 redictis,
1809 4285 2035 4341 caeteris

369 4387 504 4426 vero
531 4372 673 4428 ﬁsco
705 4374 1028 4430 attributis.
1063 4375 1212 4430 Dum
1244 4375 1428 4447 igitur
1456 4376 1517 4431 in
1552 4377 1678 4430 dies
1710 4375 1819 4430 hoc
1861 4377 2034 4430 modo

372 4459 532 4515 aliud
563 4477 632 4516 ex
651 4460 766 4517 alio
797 4468 992 4532 novat,
1025 4464 1293 4519 omnium
1352 4466 1410 4519 in
1441 4481 1503 4520 se
1563 4465 1696 4520 odia
1747 4464 2034 4535 suscepit,

370 4551 494 4604 tam
550 4549 788 4607 Patrum
839 4553 1307 4625 conscriptorum
1367 4569 1547 4626 quam
1602 4552 1812 4624 plebis,
1858 4558 2034 4623 atque

374 4637 552 4694 etiam
584 4639 866 4712 militum,
899 4640 1116 4713 quibus
1143 4658 1244 4697 nec
1266 4641 1412 4712 ipsis
1472 4640 1749 4713 pepercit,
1811 4641 2037 4712 quomi-

2138 3480 2534 3553 ἀνεστήλωσεν,
2594 3479 2979 3554 ἀνατεταμένον
3027 3480 3127 3549 τήν
3183 3483 3366 3554 χεῖρα,
3419 3475 3692 3556 φέρουσαν
3742 3477 3812 3532 τὸ

2141 3571 2290 3649 ξίφος
2335 3571 2565 3646 γυμνὸν,
2620 3570 2764 3626 οὕτω
2816 3571 2904 3626 καὶ
2961 3575 3080 3631 τοῖς
3136 3568 3448 3644 πράγμασιν
3510 3564 3808 3642 ἐπήνεγκεν

2141 3661 2352 3727 ἑαυτὸν,
2405 3666 2496 3715 καί
2551 3659 2768 3733 τέμνειν
2826 3659 3022 3714 αὐτίκα
3069 3656 3470 3732 παρεσκεύαστο
3519 3657 3587 3710 τὰ
3637 3653 3808 3726 οἰδή-

2145 3770 2306 3822 ματα,
2340 3747 2468 3805 ἀλλ³
2499 3748 2561 3803 οὐ
2623 3747 2920 3822 μαλάσσειν
2949 3744 3063 3802 οὐδ’
3094 3743 3422 3819 ἐμπλάττειν
3454 3745 3522 3799 τὰ
3563 3742 3804 3802 ὕπουλα.

2141 3839 2298 3896 ’Όθεν
2355 3835 2479 3893 οὐδὲ
2536 3836 2586 3908 ἐξ
2659 3837 2827 3912 οὗπερ
2877 3840 2975 3891 τοῦ
3031 3834 3263 3910 κράτους
3321 3827 3517 3904 ἐπέϐη,
3576 3832 3669 3887 καὶ
3728 3831 3810 3896 είς

2142 3921 2370 4000 ἔννομον
2429 3925 2608 4001 ἀρχὴν
2640 3927 2739 3994 τήν
2789 3924 2915 3998 πρὶν
2975 3923 3138 3980 αὐτοῦ
3194 3918 3481 3996 τυραννίδα
3546 3923 3806 3995 μετήνεγ·

2131 4036 2251 4087 κεν,
2311 4012 2642 4078 ἀναποδίσας
2672 4015 2772 4084 τὴν
2801 4018 2900 4070 τοῦ
2930 4014 3037 4089 πρὸ
3069 4011 3236 4069 αὐτοῦ
3294 4011 3489 4088 πρᾶξιν
3534 4010 3795 4082 ἀνέτρεψε,

2141 4105 2230 4160 καὶ
2293 4101 2394 4159 εἷίει
2466 4103 2670 4166 ἐκεῖνός
2747 4125 2882 4159 νισιν
2956 4100 3312 4176 ἐδωρήσατο,
3386 4101 3639 4178 ἀφῃρεῖτο
3703 4094 3796 4150 καὶ

2144 4193 2422 4270 ἀπεστέρει
2452 4193 2579 4256 τοὺς
2634 4191 2953 4272 εἷ’ληφότας,
3014 4190 3162 4247 ἀλλᾶ
3216 4189 3306 4246 καὶ
3361 4194 3470 4245 τῶν
3502 4188 3607 4265 πρὸ
3661 4183 3799 4241 ἐκεί-

2141 4305 2238 4339 νου
2286 4283 2475 4338 πολλὰ
2500 4282 2778 4358 καθῄρησε
2806 4283 2896 4337 καὶ
2932 4281 3188 4352 ἠθέτησε,
3218 4278 3309 4335 καὶ
3341 4279 3407 4334 οὗ
3444 4277 3610 4352 μόνον
3636 4279 3809 4332 ταῦτα

2143 4374 2280 4448 πρὸς
2310 4374 2374 4427 τὸ
2405 4369 2661 4444 δημῶδες
2722 4371 2914 4440 ἐποίει,
2973 4369 3100 4426 ἀλλ’
3158 4367 3288 4425 οὐδε
3343 4371 3450 4422 τῶν
3477 4369 3578 4437 τῆς
3606 4385 3810 4442 γερου-

2144 4462 2260 4523 σίας
2319 4459 2582 4539 έφείδετο.
2636 4459 2769 4518 Εἶτα
2824 4454 3142 4536 προϐαίνων
3182 4458 3273 4514 καὶ
3325 4457 3464 4512 κατὰ
3507 4460 3606 4512 τοῦ
3658 4454 3811 4519 θείου

2145 4549 2420 4626 ἐχώρησε,
2480 4549 2571 4604 καὶ
2629 4547 2817 4605 πολλᾶ
2870 4553 2978 4604 τῶν
3035 4553 3155 4611 τοῖς
3209 4547 3335 4623 παρ’
3376 4545 3595 4602 ἐκείνων
3628 4541 3815 4618 δυμη-

2148 4645 2284 4703 θεῖσι
2337 4638 2778 4716 φροντιστηρίοις
2830 4637 3220 4714 ἀφιερωμένων
3281 4634 3722 4712 ἠκρωτηρίασεν,
3781 4632 3820 4702 ἢ

377 4743 494 4782 nus
522 4743 694 4800 opere
733 4745 938 4786 eorum
985 4730 1384 4797 imminueret,
1439 4747 1554 4802 prae
1587 4728 1809 4785 caeteris
1839 4733 2026 4785 autem

2151 4726 2363 4800 μᾶλλον
2454 4727 2816 4803 ἐκλογισμοῖς
2900 4722 3235 4782 ὑποϐάλλων
3304 4724 3432 4787 τοὺς
3505 4721 3585 4813 ἐν-
3617 4721 3819 4785 αὐτοῖς

372 4816 648 4873 omnibus
679 4835 882 4874 eorum
915 4818 1017 4889 qui
1037 4819 1098 4874 in
1114 4819 1489 4874 monasteriis
1507 4823 1742 4874 aetatem
1773 4818 2036 4891 exigunt.

372 4908 591 4962 Verum
623 4907 772 4963 nihil
806 4907 976 4963 illum
1011 4909 1083 4963 ab
1113 4908 1386 4963 instituto
1409 4908 1797 4971 deduxit,non
1829 4908 2036 4979 oratio,

371 5011 491 5050 non
549 5005 760 5066 melus,
812 5014 926 5052 non
985 4997 1210 5068 odium,
1261 5013 1383 5066 non
1415 4997 1831 5069 reprehensio:
1891 4998 2036 5053 adeo

373 5083 699 5140 sustulerat
729 5085 958 5141 animos
989 5088 1165 5156 atque
1207 5084 1588 5142 intumuerat.

2152 4816 2518 4891 ἀσκουμένους
2555 4861 2572 4886 ,
2627 4817 2718 4872 καὶ
2771 4818 2871 4886 τὴν
2932 4817 3261 4892 ἀποχρῶσαν
3323 4813 3508 4875 αὐτοῖς
3567 4809 3826 4882 δαπάνην

2149 4907 2459 4980 ἀπονέμων,
2519 4906 2586 4962 τὰ
2638 4904 2916 4978 λοιπὰτῷ
2966 4903 3223 4978 δημοσίῳ
3275 4903 3520 4982 ἀφωσίου
3575 4899 3669 4956 καὶ
3702 4900 3830 4956 ἀνε-

2151 4991 2416 5070 λάμϐανε.
2479 4995 2575 5051 Καὶ
2633 4993 2779 5051 ἄλλο
2812 4995 2895 5050 ἐπ’
2926 4991 3084 5068 ἄλλῳ
3111 4995 3231 5058 καθ’
3284 4992 3512 5063 ἱκάστην
3542 4989 3826 5065 ἐνεόχμου

2147 5091 2421 5141 τοιοῦτον.
2481 5087 2755 5148 Ἐντεῦθεν
2801 5084 2996 5139 ἅπασιν
3048 5083 3115 5152 ἦν
3151 5081 3406 5154 μισητὸς,
3434 5085 3514 5152 τῷ
3541 5100 3601 5135 τε
3631 5075 3822 5152 δημο-

375 5175 514 5242 τικῷ
551 5169 778 5242 πλήθει,
837 5175 906 5245 τῇ
937 5191 995 5226 τε
1052 5175 1344 5248 συγκλήτῳ
1380 5171 1578 5249 βουλῇ,
1638 5170 1784 5230 ἀλλά
1851 5173 2036 5249 μέντοι
2091 5174 2182 5229 καὶ
2238 5176 2319 5246 τῷ
2376 5177 2773 5250 στρατιωτικῷ,
2808 5170 2933 5228 οὐδὲ
2970 5173 3076 5248 γὰρ
3109 5167 3223 5226 οὐδ’
3273 5169 3480 5226 ἐκείνου
3529 5165 3820 5242 ἀπείχετο,

373 5255 520 5311 ἀλλὰ
543 5256 810 5318 κάκείνοις
841 5257 1106 5330 ἀπεμείου
1152 5262 1248 5321 τὰς
1308 5259 1584 5336 εὐπορίας,
1617 5261 1707 5316 καὶ
1738 5266 1847 5316 τῶν
1881 5259 2069 5317 ἄλλων
2107 5260 2322 5336 μᾶλλον
2349 5267 2468 5324 τοῖς
2499 5261 2550 5315 ἐν
2583 5265 2700 5322 τοῖς
2730 5258 2996 5333 σεμνείοις
3024 5260 3124 5328 τὴν
3159 5258 3303 5327 ζωὴν
3353 5254 3648 5312 διανύουσι.
3696 5253 3813 5310 Τὸν

373 5341 431 5398 δὲ
456 5343 607 5400 οὐδέν
641 5346 821 5419 ἀπῆγε
846 5350 954 5400 τῶν
981 5346 1368 5424 ἐγχειρήσεων,
1404 5351 1465 5405 οὐ
1498 5349 1693 5426 λόγος,
1727 5351 1787 5407 οὐ
1815 5349 1958 5420 δέος,
1996 5351 2060 5408 οὐ
2091 5357 2272 5426 μῖσος,
2305 5350 2367 5406 οὐ
2398 5351 2591 5427 ψόγος,
2622 5348 2795 5412 οὕτως
2828 5347 3032 5426 ἐπῆρτο
3061 5350 3125 5406 τὸ
3150 5342 3408 5425 φρόνημα
3436 5344 3528 5401 καὶ
3560 5341 3803 5400 οίδῶσαν

373 5430 631 5504 ἐκέκτητο
661 5436 762 5503 τὴν
795 5437 1005 5510 ψυχήν.

442 5523 719 5598 V.Neque
747 5541 881 5581 vero
894 5526 1233 5598 patriarcha
1249 5529 1529 5600 superbia
1553 5530 1639 5587 illi
1653 5529 1915 5602 cedebat,
1934 5531 2036 5587 sed

2219 5529 2296 5596 E',
2360 5524 2520 5583 Ἀλλ’
2575 5524 2690 5583 οὐδ’
2741 5527 2769 5582 ό
2827 5525 3175 5604 πατριάρχης
3229 5526 3394 5598 ἦττον
3442 5521 3652 5579 ἐκείνου
3709 5539 3812 5576 πε-

1662 5663 1867 5726 Varim
1897 5662 2199 5725 lectiones
2231 5668 2292 5724 et
2321 5667 2510 5725 notae.

467 5765 702 5845 51)__T_o§
735 5762 857 5845 βίου
887 5765 1034 5845 αὖτῴ
1062 5766 1344 5845 κοινωνόν.
1375 5770 1810 5844 Aicatherinam,
1841 5771 1913 5828 ad
1945 5786 2023 5844 qu

2150 5771 2372 5845 scripta
2403 5769 2622 5844 legitur
2650 5767 2831 5828 Pselli
2859 5767 3110 5842 epistola
3141 5769 3200 5827 in
3229 5769 3359 5827 cod.
3401 5771 3542 5840 Reg.
3593 5764 3706 5823 hoc
3735 5763 3812 5823 ti-

442 5765 558 5892 ξ51)
589 5765 702 5846 T_oi3
735 5765 857 5838 βίου
887 5765 1034 5894 αὐτῇ»
1062 5766 1304 5823 κοινωνό·

371 5837 434 5894 tu
464 5854 518 5908 0,
549 5837 630 5910 Τῃ
668 5831 919 5914 δεσποίνῃ
950 5843 998 5898 Α
1024 5839 1304 5916 κατερίτῃ.
