2063 3188
800 220 1011 253 ANNALIUM
1034 222 1110 255 LIB.
1132 225 1243 258 XVIII.

1812 230 1873 262 848

154 289 368 329 φρονημάτιστο
384 311 392 317 .
421 288 534 321 Ἤθελεν
565 287 611 316 οὖν
636 287 789 316 ἐπιτάσσειν
818 287 892 334 αὐτῷ
908 288 990 334 ,Ακαὶ

1057 298 1191 327 mperare
1201 293 1245 321 illi
1256 294 1381 331 volebat,
1393 303 1426 324 ac
1436 296 1461 324 si
1473 297 1593 332 quando
1604 304 1662 325 non
1680 296 1870 334 impetrasset

155 334 252 362 εἴποτε
277 334 347 371 πρὸς
377 333 412 361 τὰ
432 332 579 370 αἲτούμενα
604 332 802 370 ἀπετύγχανεν,
830 333 845 360 ὁ
860 331 890 360 δὶ
913 330 989 360 ἐδυσ-

156 379 272 417 χὲραινε
288 401 295 413 ,
319 377 364 406 καὶ
403 377 513 413 ἠπείλει
550 377 596 405 καὶ
623 376 737 414 ἐπετίμα
753 397 760 411 ,
790 377 846 404 εἶτα
879 377 925 404 καὶ
954 377 991 408 ὡς

160 423 246 455 αὐτὸς
262 423 332 459 αύτῷ
349 423 401 457 τήν
431 421 569 460 βασιλείαν
596 421 819 458 ἀπονενεμηκὼς,
843 421 922 453 αὐτὸς
945 421 991 449 καὶ

165 468 309 506 ἀφελέσθαι
344 467 447 502 ταύτην
479 466 598 498 εἰσαῦθις
627 465 763 502 ήπιίλησε
780 489 786 495 .
813 466 904 495 Ταῦτα
941 466 992 493 οὐκ

164 512 199 547 ἦν
224 510 304 540 οἴσειν
333 512 381 539 τὸν
414 510 528 549 βασιλέα
559 511 661 538 ἰκτῖνον
691 510 817 541 ἐπιεικῶς
836 533 842 545 ,
873 508 914 537 διὸ
947 510 991 537 καὶ

164 556 259 595 δράσαι
287 556 350 595 πρίν
390 567 417 583 τι
446 556 531 588 πάθοι
571 555 796 593 προεμηθεύσατο
814 577 820 583 .
847 557 898 581 Τοῦ
928 556 993 591 γοῦν

159 602 337 640 πατριάρχου
365 599 404 632 εἷς
428 601 478 635 τὴν
510 600 610 628 οἰκείαν
641 599 806 631 ἀπελθόντος
825 600 922 635 μονὴν,
937 597 990 634 ἤδη

157 649 210 682 τῆς
224 645 406 684 πανηγύρεως
434 645 591 683 ἐφεστώσης
619 647 673 672 τῶν
692 644 717 671 ἐν
734 644 803 680 αὐτῇ
827 644 990 680 τιμωμένων

156 690 293 728 οὐρανίων
330 690 476 727 Δυνάμιων
503 711 510 724 ,
539 688 575 716 τίν’
616 689 732 726 ὲορτάσῃ
770 688 962 725 λαμπρότερον
984 703 991 711 ε

154 734 272 773 πέμψας
301 734 357 762 ἐκεῖ
385 737 467 772 χεῖρα
496 734 694 770 στρατιωτικὴν
717 733 730 760 ὁ
759 735 864 770 κρατῶν
884 732 992 769 (οὐγὰρ

153 778 258 815 ἤθελεν
288 780 319 807 (κ
344 782 395 814 τῆς
423 781 471 806 τοῦ
499 780 566 806 Θεοῦ
597 778 686 815 Λόγου
717 777 819 815 Σοφίας
848 777 893 804 τὸν
910 775 993 814 ἄνδρα

151 826 339 862 καταγαγεῖν,
367 822 414 851 ἵνα
445 823 485 860 μὴ
512 823 586 861 παρὰ
613 825 653 859 τῷ
682 822 779 859 κλήρῳ
797 844 804 857 ,
835 822 852 856 ἢ
882 821 926 848 καὶ
953 823 993 857 τῷ

156 867 248 905 δήμῳ
278 866 393 906 θόρυϐος
417 868 550 906 γένηται),
581 867 682 895 ἐκεῖνόν
711 877 740 894 τε
768 867 811 893 καὶ
837 866 900 897 τοὺς
925 865 992 892 ἐκεί-

155 924 211 942 νου
237 912 365 951 ἆνεψιοὺς
394 912 521 944 συνόντας
546 912 621 948 αὺτῷ
647 911 806 949 ὑπερορίους
833 913 916 939 ποιεῖ.
947 910 992 937 Εἶ-

152 969 192 986 τα
221 958 267 985 καὶ
295 957 450 995 καθαιρέσει
480 954 629 984 ὑποὸαλεῖν
664 956 744 983 αὐτὸν
775 955 820 983 διὰ
849 954 990 994 φροντίδος
1007 975 1031 1007 Β

155 1002 268 1030 ἰτίθετο
285 1023 293 1036 ,
322 1001 368 1030 καί
407 1012 462 1029 τισι
488 1003 542 1029 τῶν
573 1001 723 1039 ἀρχιερέων
753 1003 894 1037 συνεργοῖς
922 999 990 1036 πρὸς

159 1049 248 1075 τοῦτο
276 1046 421 1085 ἐκέχρητο,
445 1046 491 1073 καὶ
514 1048 554 1082 τῷ
594 1044 699 1082 Ψελλῷ
736 1044 905 1080 αἷτιαμάτων
935 1044 991 1080 (52)

160 1090 282 1120 πολλῶν
307 1091 353 1119 καὶ
382 1090 542 1119 ἀλλοκότων
570 1093 721 1128 συναγωγεῖ
737 1111 744 1124 ,
775 1089 790 1116 ἃ
814 1088 839 1116 ἐν
868 1091 906 1124 τῷ
934 1088 992 1115 κατ’

161 1135 273 1164 ἐκείνου
296 1134 372 1173 λόγῳ
395 1135 556 1172 συνήθροισὲ
579 1145 609 1162 τι
632 1134 676 1161 καὶ
693 1135 888 1171 συνιγράψατο,
911 1131 994 1168 δηλοῖ

160 1191 195 1208 τε
218 1179 265 1207 διά
288 1190 368 1208 τινων
393 1182 433 1215 τῷ
459 1178 547 1217 ἀνδρὶ,
572 1179 734 1206 ἀπείπασθαι
758 1179 808 1213 τήν
833 1187 963 1214 ποιμαντι
981 1192 992 1197 -

158 1224 280 1260 κήν,⁶ίν’
308 1224 375 1252 ἑκὼν
405 1224 489 1258 αὐτὴν
519 1223 586 1261 δοκῇ
616 1226 815 1261 παραιτεῖσθαι,
843 1223 879 1253 ὡς
908 1222 931 1249 εἰ
956 1221 993 1257 μὴ

157 1272 261 1304 τοῦτο,
289 1269 335 1296 καὶ
363 1268 434 1296 ἄκων
469 1268 552 1303 αὐτὴν
581 1268 813 1307 ἀφαιρεθήσεται,
844 1267 881 1298 είς
914 1267 994 1303 μέσον

216 1315 224 1325 ν
274 1313 281 1324 7
320 1317 333 1322 -
459 1325 468 1330 _
495 1314 505 1329 ι
609 1313 619 1324 ι.
696 1313 700 1322 I
808 1313 814 1322 ρ
842 1324 852 1330 μ
897 1313 902 1322 ›
972 1314 996 1332 ~-

159 1325 215 1343 κατ
251 1324 335 1341 αυτου
357 1320 561 1351 προτιθιμινων
591 1324 779 1350 αιτιαματων.
817 1316 851 1344 Ω,
880 1311 893 1339 δ
928 1311 983 1338 but

161 1370 212 1391 νος
237 1358 290 1387 οὐκ
316 1359 350 1394 ἦν
381 1359 498 1386 ὑπείκων
526 1359 565 1395 τῷ
594 1361 642 1385 τοῦ
674 1356 808 1396 βασιλέως
837 1358 973 1393 Θελήματι
990 1379 997 1391 ,

166 1404 283 1444 φροντὶς
311 1403 344 1438 ἧν
362 1406 401 1439 τῷ
422 1406 564 1440 κρατοῦντι
594 1403 656 1440 περὶ
685 1406 735 1437 τῆς
764 1402 847 1429 αὐτοῦ
873 1400 999 1439 καθαιρέ-

173 1458 259 1480 σεως.
289 1446 368 1476 Ἀλλ’
393 1446 461 1486 ἔφθη
487 1447 572 1478 λύσας
600 1448 650 1482 τὴν
679 1445 806 1485 φροντίδα
832 1448 881 1473 τοῦ
907 1455 1001 1482 πατρι-

176 1492 290 1531 tinnula
311 1493 435 1523 Θάνατος.
463 1492 529 1520 Μετ’
553 1491 649 1529 ὀλίγου
681 1491 731 1529 γὰρ
764 1491 919 1527 μεθίσταται
946 1490 1000 1517 τῶν

176 1535 277 1570 ἐνθένδε
307 1537 322 1565 ὁ
351 1536 545 1575 πατριάρχης,
574 1536 619 1564 καί
648 1547 688 1567 τις
718 1538 757 1572 τῷ
785 1537 925 1572 Κομνηνῷ
952 1535 1001 1569 τήν

171 1581 277 1610 ἐκείνου
293 1580 492 1620 εὐηγγελίσατο
520 1581 662 1617 τελευτὴν,
689 1581 726 1612 ὡς
756 1579 907 1619 φροντίδων
925 1579 1002 1607 αὐτὸν

168 1626 421 1655 ἀπαλλάττουσαν.
452 1627 483 1655 Ὁ
507 1625 530 1653 δ’
560 1626 638 1658 εὐθὺς
667 1626 830 1663 μετεγνώκει
859 1625 904 1652 καὶ
934 1624 1005 1651 ἀνω-

170 1670 294 1707 λόλυξε,
331 1671 376 1699 καὶ
404 1670 450 1698 τὸν
478 1670 579 1698 ἐκείνου
601 1670 694 1708 νεκρὸν
727 1670 783 1706 μετ’
812 1669 923 1706 ἐντίμου
950 1662 1038 1703 τῆςῧ

169 1718 349 1752 προπομπῆς
372 1714 402 1742 lx
438 1718 488 1750 τῆς
526 1715 672 1752 ὑπερορίας
698 1714 835 1752 ἀναγαγὼν
857 1737 863 1747 ,
890 1713 926 1744 ιῐς
951 1713 1000 1747 τήν

170 1759 258 1788 αὐτοῦ
284 1760 368 1797 μονὴν
392 1759 544 1795 ἐναπέθετο,
569 1759 612 1786 καὶ
637 1758 701 1790 τοὺς
726 1758 828 1786 ἐκείνου
840 1756 1003 1797 ἀδελφιδοὺς

171 1803 253 1836 αὖθις
280 1803 497 1839 ἀποκατέστησεν
528 1803 555 1835 ἐς
584 1804 632 1834 τὰς
660 1803 793 1841 προτέρας
831 1803 912 1839 τιμάς
929 1824 935 1831 .
964 1804 1003 1839 Τῇ

173 1848 198 1877 δ’
229 1848 382 1885 Ἐκκλησία
420 1848 466 1876 τὸν
504 1847 636 1886 πρόεδρον
674 1848 719 1874 καὶ
758 1845 1006 1886 πρωτοϐεστιάριον

174 1896 379 1922 Κωνσταντῖνον
407 1894 452 1921 τὸν
490 1892 646 1931 Λειχούδην
676 1892 893 1927 divum-statues,
923 1890 1007 1929 ἄνδρα

173 1941 236 1970 ταῖς
265 1940 319 1966 τῶν
356 1940 454 1966 κοινῶν
493 1938 661 1976 πραγμάτων
700 1936 744 1964 ἐπὶ
775 1937 877 1975 μακρὸν
908 1936 1008 1974 ἐμπρὲ-

174 1985 266 2020 ψαντα
306 1981 481 2019 διοικήσεσι,
523 1982 567 2009 καὶ
609 1981 777 2019 ἀνέγκλητον
822 1980 1006 2017 διαμείναντα,

174 2027 254 2065 ᾧπιρ
270 2028 284 2056 ὁ
298 2028 499 2065 Μονονομάχος
514 2027 560 2054 καὶ
575 2028 625 2061 τὴν
646 2027 701 2054 τῶν
727 2027 877 2064 Μαγγάνων
899 2026 1007 2053 ἀνὲθιτο

175 2072 320 2112 ¹πρόνοιαν,
335 2072 381 2100 καὶ
395 2072 430 2100 τὰ
443 2071 505 2109 περὶ
522 2075 572 2107 τῆς
585 2071 739 2109 ἐλευθερίας
753 2071 842 2098 αὑτῶν
859 2070 1008 2098 ἐνεπίστευ-

180 2127 222 2145 tm
237 2114 371 2156 ἔγγραφοι.
396 2118 483 2154 "Amp
511 2116 553 2154 ὑφ’
581 2115 674 2143 ἑαυτὸν
701 2116 715 2143 ὁ
741 2116 883 2151 Κομνηνὸς
908 2114 1007 2143 ἐθέλων

180 2163 355 2198 ποιήσασθαι,
372 2162 481 2198 σκέμμα
507 2172 533 2189 τι
566 2163 720 2198 μηχανᾶται
746 2160 879 2197 πονηρίας
906 2159 1009 2196 ἀνάμε-

176 2216 251 2241 στον,
265 2206 314 2237 καὶ
324 2205 404 2234 τόκον
417 2206 477 2237 νοὸς
488 2204 700 2242 κακοδαίμονος.
715 2204 789 2233 Ἐπεὶ
800 2205 852 2243 γὰρ
868 2205 882 2232 ὁ
895 2203 1011 2242 Λειχού-

176 2249 229 2287 8ης
245 2250 381 2288 ἰψήωιστό
406 2261 435 2278 τε
459 2251 501 2278 καὶ
528 2250 748 2288 προκεχείριστο,
776 2250 822 2277 καὶ
847 2248 934 2287 ἱερεὺς
953 2248 1008 2285 ἤδη

175 2295 402 2334 κεχειροτόνητο,
430 2294 464 2323 δι’
495 2294 659 2333 ἀπορῥῄτων
690 2294 764 2330 αὐτῷ
794 2293 903 2330 μηνύει,
934 2293 1010 2331 λέγε-

1045 343 1079 363 ea
1091 344 1155 372 quae
1165 338 1299 373 petierat,
1310 347 1386 376 aegre
1397 340 1520 375 ferebat,
1537 341 1709 378 increpabat
1721 351 1728 372 :
1745 342 1873 379 denique

1045 380 1467 419 minabaturquemadmodum
1475 385 1632 422 imperium
1640 386 1682 414 illi
1690 386 1872 422 contulisset,

1046 425 1161 453 seidem
1181 426 1224 454 illi
1237 430 1380 464 ereptum.
1393 429 1461 461 Onus
1472 438 1537 458 cum
1550 431 1619 459 talis
1638 431 1799 467 imperator
1819 432 1874 459 fer-

1048 477 1078 496 re
1088 478 1170 505 aequo
1182 472 1280 500 animo
1290 472 1369 501 haud
1382 474 1484 510 utique
1495 477 1606 510 posset,
1617 475 1792 512 providit,ut
1805 484 1873 504 ma-

1048 513 1109 541 lum
1119 515 1202 542 daret
1213 516 1310 551 potius
1325 526 1412 552 quam
1426 518 1598 546 ferret.Cum
1610 519 1874 556 igiturpatriarcha

1048 558 1077 585 in
1087 568 1173 586 suum
1185 562 1408 594 monasterium,
1427 563 1556 591 instente
1568 567 1736 592 sanctorum
1749 565 1875 600 Angelo-

1049 611 1125 637 rum,
1142 605 1191 639 qui
1207 605 1246 632 ibi
1272 606 1453 641 colebantur,
1480 608 1564 641 festo,
1591 611 1623 636 ut
1645 608 1718 636 illud
1743 609 1874 645 splendi-

1048 647 1115 675 dius
1133 648 1304 683 celebraret,
1320 651 1417 679 iturus
1432 655 1527 680 esset:
1546 654 1638 680 missa
1662 653 1733 681 illuc
1755 654 1874 682 cohorte

1049 692 1176 720 militum
1194 695 1257 728 (nec
1272 695 1351 723 enim
1367 705 1434 724 eum
1465 705 1499 724 ex
1522 697 1645 725 ecclesia
1668 697 1756 726 Verbi
1781 698 1874 726 divini

1048 737 1202 773 Sapientia:
1219 739 1340 767 avellere
1360 741 1460 777 voluit,
1481 750 1514 769 ne
1542 742 1586 769 vel
1612 742 1680 770 cleri
1702 742 1745 770 vel
1772 742 1874 778 populi

1049 785 1146 810 motus
1163 783 1299 820 oriretur)
1315 786 1343 812 et
1358 785 1455 821 ipsum
1473 788 1501 813 et
1518 789 1639 822 nepotes
1663 787 1725 822 eius
1751 787 1871 822 relegat.

1048 826 1158 854 Deinde
1175 828 1210 855 de
1234 828 1401 864 abrogando
1431 830 1472 858 illi
1502 831 1702 867 patriarchatu
1729 831 1873 867 cogitans,

1048 879 1135 906 opera
1150 874 1341 906 quorumdam
1353 875 1561 910 primariorum
1573 876 1758 904 sacerdotum
1771 876 1873 910 utitur,

1049 919 1077 944 et
1093 917 1177 944 Pselli
1192 918 1339 946 variarum
1356 923 1384 947 et
1412 920 1609 948 absurdarum
1633 921 1873 949 criminationum

1048 962 1270 997 coacervatoris,
1287 971 1360 999 quas
1377 964 1405 991 in
1422 966 1553 993 oratione
1569 968 1670 993 contra
1687 966 1771 993 illum
1801 965 1875 994 scri-

1046 1008 1095 1041 pta
1111 1007 1267 1041 congessit,
1285 1010 1313 1034 et
1333 1017 1383 1043 per
1396 1010 1539 1044 quosdam
1569 1010 1631 1037 viro
1656 1010 1813 1046 signiﬁcat,
1841 1012 1875 1038 ut

1047 1050 1176 1083 simulet,
1192 1059 1222 1078 se
1246 1052 1320 1079 ultro
1347 1053 1520 1088 pontiﬁcatu
1546 1054 1660 1088 cedere,
1685 1062 1773 1090 quem
1798 1054 1870 1082 alio—

1049 1094 1117 1130 quin
1132 1095 1241 1123 invitus
1253 1104 1318 1123 cum
1332 1097 1448 1132 publica
1459 1098 1583 1125 infamia
1591 1099 1628 1126 sit
1638 1100 1814 1127 amissurus.
1833 1098 1871 1127 Ut

1049 1142 1146 1166 autem
1163 1139 1211 1168 ille
1223 1141 1435 1176 refragabatur,
1448 1142 1633 1178 imperatoris
1658 1144 1694 1171 de
1708 1144 1772 1178 ejus
1787 1151 1874 1171 exau-

1049 1185 1210 1212 ctoratione
1239 1186 1466 1214 sollicitudinem
1494 1196 1573 1215 mors
1602 1188 1733 1216 sustulit.
1773 1188 1875 1223 Neque

1051 1229 1128 1256 enim
1146 1229 1239 1257 multo
1269 1233 1335 1265 post
1362 1231 1442 1259 illius
1476 1232 1749 1267 obitusaquodam
1778 1234 1822 1260 est
1850 1231 1876 1259 ei

1052 1274 1215 1301 nuntiatus.
1233 1275 1285 1306 Qui
1303 1284 1367 1303 cum
1385 1284 1416 1303 se
1433 1277 1509 1304 270
1525 1276 1675 1304 lcetumilli
1688 1277 1790 1305 aﬂ‘erre
1800 1285 1879 1304 nun-

1052 1318 1127 1346 tium
1144 1321 1172 1346 et
1187 1327 1272 1347 curas
1300 1320 1506 1356 adempturum
1536 1324 1674 1356 putaret:
1701 1322 1750 1350 ille
1779 1322 1879 1349 statim

1055 1366 1169 1390 mutata
1184 1365 1332 1392 sententia
1359 1365 1492 1400 ejulavit,
1518 1366 1641 1401 ejusque
1666 1367 1789 1394 cadaver
1812 1374 1880 1393 cum

1056 1408 1216 1435 honoriﬁco
1232 1410 1371 1436 comitatu
1385 1410 1421 1437 ab
1439 1410 1540 1437 exsilio
1569 1413 1737 1438 revocatum
1764 1410 1794 1437 in
1818 1418 1881 1437 mo-

1057 1452 1186 1479 nasterio
1197 1452 1292 1480 abillo
1303 1453 1420 1481 condito
1431 1455 1574 1489 reposuit,
1585 1454 1741 1490 nepotibus
1751 1455 1815 1489 ejus
1823 1455 1881 1490 pri-

1057 1496 1134 1524 stina
1145 1496 1287 1531 dignitate
1311 1497 1456 1526 restituta.
1475 1499 1505 1525 ln
1517 1498 1646 1526 Ecclesia
1658 1506 1725 1527 vero
1738 1499 1882 1526 Constan-

1057 1541 1153 1568 tinum
1165 1541 1324 1568 Lichudem
1335 1542 1487 1577 praasidem
1502 1545 1530 1570 et
1541 1543 1797 1578 protovestiarium
1809 1551 1881 1571 con-

1059 1585 1165 1617 stituit,
1175 1585 1269 1612 virum
1282 1585 1368 1621 longo
1382 1589 1513 1622 tempore
1525 1587 1554 1614 in
1574 1587 1882 1615 administrationibus

1060 1637 1158 1657 rerum
1170 1630 1372 1657 communium
1389 1639 1455 1658 cum
1472 1631 1558 1659 laude
1566 1633 1723 1664 versatum,
1734 1634 1885 1667 spectatae-

1058 1683 1115 1710 que
1144 1674 1221 1707 ﬁdei,
1252 1674 1297 1701 cui
1341 1675 1502 1703 Monachus
1545 1676 1633 1703 etiam
1671 1676 1885 1712 Manganorum

1059 1719 1220 1747 moonomia
1234 1719 1402 1754 commissa,
1419 1720 1535 1747 tabulas
1552 1720 1587 1747 de
1604 1720 1721 1748 illorum
1742 1720 1886 1748 immuni-

1059 1766 1119 1791 tate
1135 1764 1333 1797 commiserat,
1364 1772 1438 1799 quas
1464 1773 1530 1792 cum
1553 1765 1609 1792 sibi
1634 1764 1784 1792 vindicare
1806 1767 1887 1792 Coms

1060 1816 1155 1836 nenus
1171 1810 1341 1836 conaretur:
1370 1812 1572 1836 commentum
1602 1809 1803 1844 improbitatis
1824 1809 1886 1845 ple-

1060 1861 1131 1880 num
1147 1853 1302 1888 excogitat,
1321 1861 1353 1880 ac
1370 1853 1456 1888 plane
1474 1856 1591 1889 partum
1608 1854 1767 1889 quemdam
1783 1854 1885 1881 diabo-

1061 1896 1121 1924 lica:
1138 1897 1246 1924 mentis
1261 1897 1331 1924 edit.
1349 1897 1421 1925 Nam
1438 1906 1504 1925 cum
1520 1898 1665 1926 Lichudes
1681 1906 1731 1934 per
1747 1897 1889 1934 suffragia

1062 1940 1184 1974 electus,
1209 1949 1243 1968 ac
1271 1941 1407 1969 sacerdos
1433 1942 1496 1977 jam
1525 1944 1640 1970 creatus
1664 1944 1751 1976 esset,
1781 1950 1886 1970 arcano

1062 1993 1129 2013 eum
1142 1987 1252 2018 monet,
1268 1985 1324 2012 dici
1337 1986 1472 2021 quaedam
1484 1995 1548 2022 quas
1563 1995 1579 2014 a
1590 1986 1777 2022 patriarchali
1791 1986 1887 2014 ofﬁcio

1062 2029 1146 2057 illum
1163 2031 1306 2064 arcerent,
1323 2032 1352 2056 et
1376 2030 1401 2057 si
1424 2030 1453 2057 in
1480 2031 1591 2066 synodo
1614 2030 1807 2067 agitarentur,
1835 2039 1889 2058 nec

1064 2074 1119 2101 rite
1146 2074 1380 2108 confutarentur,
1411 2083 1467 2102 non
1493 2082 1581 2110 posse
1606 2083 1673 2102 eum
1700 2075 1890 2110 pontificatus

1064 2119 1234 2146 unctionem
1251 2118 1386 2154 adipisci.
1411 2118 1519 2146 Verum
1545 2118 1569 2146 si
1595 2119 1808 2156 Manganorum
1832 2119 1890 2147 sibi

1065 2162 1216 2198 privilegia
1232 2162 1371 2195 traderet,
1389 2171 1419 2190 se
1444 2162 1647 2199 neglecturum
1670 2163 1890 2191 criminationes

1065 2206 1131 2234 illas
1146 2214 1241 2241 neque
1256 2206 1468 2241 impedimento
1485 2208 1545 2235 fore
1561 2207 1722 2243 quominus
1751 2210 1891 2244 ungatur.

1066 2251 1223 2283 Lichudes,
1238 2251 1288 2287 qui
1304 2251 1414 2279 videret
1434 2260 1492 2279 non
1508 2252 1596 2280 licere
1613 2251 1668 2280 sibi
1685 2252 1720 2280 ad
1734 2252 1892 2288 pristinam

1066 2296 1264 2324 conditionem
1281 2295 1386 2329 redire,
1402 2296 1444 2324 sic
1473 2305 1540 2324 vero
1565 2305 1684 2325 manere
1707 2299 1793 2333 turpe
1815 2305 1892 2332 esse,

177 2339 242 2369 σθαί
254 2350 316 2368 τινα
341 2340 400 2368 κατ’
431 2340 524 2374 αὐτοῦ,
549 2339 713 2377 ἀπείργοντα
739 2340 788 2366 τοῦ
814 2339 936 2377 ἱερᾶσθαι
964 2339 996 2366 αὖ

1064 2348 1186 2376 propere
1206 2340 1304 2367 allatis
1331 2340 1366 2367 iis
1396 2348 1460 2375 quae
1487 2341 1676 2377 putabantur,
1697 2341 1814 2369 nemine
1840 2341 1892 2369 ob-

177 2385 238 2421 τὸν,
266 2384 311 2412 καὶ
340 2384 362 2412 εἰ
395 2385 433 2421 μὴ
461 2386 546 2412 ταῦτα
571 2383 717 2419 λαληθεῖεν
743 2383 789 2411 καὶ
810 2382 916 2410 λυθεῖεν
932 2393 1007 2411 συνο-

1064 2386 1170 2418 stante,
1187 2384 1335 2419 pontiﬁcio
1351 2384 1409 2412 ritu
1426 2384 1569 2413 initiatur.

179 2427 277 2463 δικῶς,
309 2430 347 2466 μὴ
380 2428 439 2457 οἷόν
466 2439 495 2457 τε
524 2429 589 2456 εἶναι
615 2430 664 2456 τοῦ
690 2429 843 2466 χρίσματος
858 2427 938 2455 αὐτὸν
965 2431 1014 2462 τῆς
1042 2427 1247 2466 ἀρχιερωσύνης
1276 2431 1381 2466 τυχεῖν.
1411 2428 1446 2457 Ei’
1474 2428 1503 2456 δὲ
1532 2428 1610 2464 δοίης
1643 2440 1702 2467 μοι,
1731 2427 1807 2469 ἔφη,
1835 2432 1890 2458 τῶν

179 2473 333 2512 Μαγγάνων
361 2473 396 2501 τὰ
426 2472 609 2510 δικαιώματα,
638 2470 853 2510 παραϐλέψομαι
876 2473 910 2499 τὰ
939 2471 1083 2510 λεγόμενα,
1113 2472 1158 2499 καὶ
1187 2473 1385 2510 παραχωρήσω
1412 2474 1557 2511 χρισθῆναί
1588 2484 1626 2502 σε.
1657 2473 1776 2501 Συνιδὼν
1804 2474 1849 2502 οὖν
1877 2476 1891 2502 ὁ

178 2517 347 2556 Λειχούδης,
377 2518 414 2550 ὡς
442 2517 530 2546 οὐκέτι
561 2518 635 2554 αὖτῷ
665 2518 703 2549 είς
730 2517 779 2552 τὴν
806 2517 939 2555 προτέραν
969 2517 1123 2545 ἐπανελθεῖν
1153 2517 1312 2544 κατάστασιν
1343 2517 1442 2553 ἔξεστιν

1459 2542 1467 2554 ,
1498 2517 1569 2545 οὕτω
1607 2516 1636 2546 δὲ
1666 2518 1753 2555 μένειν
1789 2518 1823 2546 δι’
1849 2519 1893 2547 αἰ-

179 2562 284 2602 σχύνης
311 2562 497 2600 ποιούμενος,
528 2562 616 2602 φέρων
647 2561 741 2590 δίδωσι
770 2561 803 2589 τὰ
828 2561 997 2599 αῗτούμενα,
1028 2561 1073 2589 καὶ
1099 2561 1173 2589 οὕτω
1201 2564 1407 2600 παραχωρεῖται
1431 2562 1590 2598 τελεσθῆναι
1619 2563 1668 2598 τήν
1698 2563 1893 2602 ἀρχιερατικὴν

279 2619 306 2637 ν.

177 2607 297 2685 ὡςᾞο
313 2650 342 2680 δὲ
369 2652 513 2689 Κομνηνὸς
540 2651 609 2679 κατὰ
638 2653 692 2679 τῶν
723 2649 854 2689 Οὕγγρων
881 2651 927 2678 καὶ
955 2653 1009 2679 τῶν

179 2697 317 2734 Σκυθῶν,
345 2697 372 2725 οἳ
410 2696 575 2732 Πατζινάκαι
611 2695 759 2735 λεγονται,
789 2695 983 2734 ἐκστρατεύσας
1000 2718 1009 2733 ,

1100 2651 1147 2679 VI.
1165 2651 1297 2679 Postheec
1308 2652 1475 2681 Comnenus
1488 2653 1673 2689 expeditione
1695 2656 1797 2683 contra
1811 2657 1894 2684 Hnn-

1065 2704 1151 2733 ειη-οε
1173 2697 1201 2723 et
1228 2696 1363 2732 Scythas,
1394 2698 1445 2734 qui
1467 2697 1628 2726 Patzinacae
1652 2698 1801 2736 dicuntur,
1827 2709 1894 2729 sus-

825 2760 929 2791 Variae
952 2760 1102 2792 lectiones
1117 2763 1147 2791 et
1162 2763 1256 2791 notae.

219 2824 276 2861 (52)
287 2823 431 2864 *Καὶ-τῷ.
447 2821 551 2864 Ψιλλῴ
580 2821 896 2864 αἱτιαμάτων.ωΕξεῑο.ι
934 2822 1012 2864 inhter

182 2858 275 2902 opera:
287 2860 375 2889 Pselli
389 2858 617 2901 calumniatoria
629 2858 688 2886 ista
701 2859 731 2886 in
759 2858 932 2887 Michaelem
955 2858 1012 2900 pm-

182 2896 330 2926 rularmm
345 2898 424 2933 patr.
438 2893 690 2931 Constantinopol.
707 2894 743 2923 ad
759 2894 905 2930 synodum
933 2895 1011 2923 dicta

1066 2822 1159 2861 oratio
1174 2831 1239 2861 quis
1267 2823 1436 2861 propediem
1461 2825 1689 2861 cumrejusdem
1714 2825 1839 2855 historia
1863 2829 1893 2856 et

1066 2859 1177 2897 aliquot
1192 2859 1257 2897 aliis
1270 2859 1420 2897 opusculis
1450 2862 1478 2888 et
1498 2859 1641 2896 epistolis,
1672 2862 1801 2897 prodibit
1823 2871 1891 2892 cum

1065 2895 1199 2924 versione
1214 2895 1380 2925 Gombeﬂsii
1395 2904 1429 2925 ex
1443 2895 1639 2933 typographia
1651 2895 1750 2934 Rosia.
