4126 6364
299 446 430 510 249

1595 449 2006 514 ANNALIUM
2052 451 2198 513 LIB.
2243 452 2470 515 XVIII.

3617 456 3738 514 250

307 576 438 652 λεια
492 577 990 655 ἐγκαταστήσαντα,
1048 579 1186 656 πρὸς
1261 582 1361 650 τὴν
1434 579 1664 656 κρείττω
1743 582 1969 655 μετατά-

2092 590 2272 652 retur,
2305 585 2363 641 in
2399 602 2559 642 mare
2588 587 2927 642 demersum
2949 586 3280 652 evanuisse,
3295 590 3352 642 et
3382 604 3414 641 a
3446 585 3740 658 plerisque

311 669 504 739 ξασθαι
565 668 781 742 βιοτήν.
840 669 901 724 Ὀ
952 666 1008 722 δέ
1063 690 1124 744 γε
1180 673 1508 746 Θρᾳκήσιος,
1571 672 1738 745 θηρᾷν
1793 671 1978 726 κάκεῖ-

2089 692 2203 730 non
2239 677 2576 746 aprum,sed
2600 681 2900 747 spectrum
2926 676 3221 746 quoddam
3245 675 3595 730 diabolicum
3613 691 3741 732 esse

314 778 416 820 νος
447 758 538 812 τὸν
575 755 799 830 βασιλέα
827 761 1019 812 τοῦτον
1061 757 1316 835 ἱστόρησε
1361 761 1484 832 περὶ
1530 760 1627 828 τὴν
1681 760 1969 830 Νεάπολιν,

2082 763 2413 834 judicatum
2443 781 2455 819 :
2490 770 2666 836 atque
2721 765 2955 820 interim
2991 764 3214 836 fulgore
3261 764 3516 835 quodam
3549 763 3740 818 instar

323 850 424 901 σῦν
485 844 531 901 δ’
587 844 910 923 ἐπιφανῆναί
982 859 1169 920 ποθεν,
1226 850 1325 918 τήν
1389 849 1506 904 θέαν
1589 849 1834 924 φρικτὸν,
1887 850 1977 904 καὶ

325 935 423 991 τὸν
481 935 752 1008 Κομνηνὸν
809 933 1143 992 ἐνδεδωκότα
1197 937 1276 1010 τῷ
1336 935 1493 1012 ’ίππῳ
1563 940 1654 994 τὸν
1724 938 1976 1015 χαλινὸν,

329 1021 542 1079 διώκειν
567 1025 656 1079 τὸν
682 1028 798 1093 σῦν,
817 1025 908 1079 τὸν
944 1022 1001 1080 δέ
1032 1025 1268 1082 εἰσδῦναι
1296 1028 1394 1097 τὴν
1425 1027 1974 1104 θάλασσαν,γενέσθαι

320 1133 382 1168 τε
411 1113 610 1191 ἀφανῆ,
643 1113 702 1167 ’ὸν
734 1113 798 1167 οὐ
831 1119 922 1168 σῦν
953 1115 1005 1168 οἱ
1035 1113 1265 1185 πολλοὶ,
1299 1117 1585 1194 φάντασμα
1614 1114 1672 1172 δέ
1698 1139 1751 1171 τι
1779 1116 1972 1191 δαιμὸ-

318 1223 433 1257 νιον
492 1199 888 1280 ὒπειλήφασιν·
938 1203 988 1258 ἐν
1048 1204 1294 1277 τοσούτῳ
1351 1203 1398 1260 δ’
1456 1207 1532 1269 ὡς
1587 1205 1637 1276 ἐξ
1696 1206 1974 1280 ἀστραπῆς

313 1288 581 1365 ἐνσκῆψαι
642 1289 975 1364 λαμπηδόνα
1029 1299 1107 1366 τῷ
1184 1293 1418 1370 βασιλεῖ,
1479 1296 1565 1350 καὶ
1637 1299 1706 1370 τῇ
1774 1297 1978 1366 ταύτης

307 1378 469 1453 Βολῇ
529 1377 960 1458 διαταραχθέντα
1030 1384 1122 1438 τὸν
1182 1383 1572 1459 αὐτοκράτορα,
1630 1390 1728 1440 τοῦ
1798 1383 1973 1440 ’ίππου

301 1489 367 1524 τε
417 1469 683 1543 ἐκπεσεῖν,
741 1472 831 1525 καὶ
888 1473 1097 1527 κεῖσθαι
1167 1473 1314 1546 παρὰ
1385 1473 1455 1549 τῇ
1526 1478 1600 1549 γῇ
1649 1474 1818 1550 ἀφρὸν
1876 1479 1974 1529 τοῦ

306 1555 596 1631 στόματος
667 1559 1039 1630 ἀποπτύοντα,
1090 1563 1180 1617 καὶ
1240 1560 1410 1635 μηδὲν
1477 1568 1584 1618 τῶν
1638 1565 1753 1619 κατ’
1812 1562 1971 1619 αὐτὸν

305 1645 736 1721 αἰσθανόμενον,
785 1649 989 1722 ἀκατίῳ
1051 1648 1098 1705 δ’
1143 1650 1342 1717 ἐκεῖθεν
1412 1648 1828 1726 ἐμϐιϐασθέντα,
1874 1674 1973 1708 κο-

314 1737 586 1809 μισθῆναι
617 1736 693 1799 εἰς
741 1738 808 1793 τὰ
863 1738 1133 1814 βασίλεια,
1165 1740 1256 1795 καὶ
1301 1743 1604 1813 νοσήσαντά
1657 1763 1710 1798 τι
1770 1741 1970 1818 βραχὺ,

310 1825 432 1880 εἶτα
487 1823 554 1896 δή
610 1827 698 1881 καὶ
757 1827 1194 1904 ἀπογνωσθέντα,
1225 1830 1500 1907 κείρασθαί
1529 1853 1588 1886 τε
1627 1833 1726 1902 τήν
1784 1831 1970 1908 τρίχα,

307 1915 405 2025 καὶ
459 1915 576 2020 ἀντὲ
623 1921 721 1986 τῆς
781 1917 1062 1994 πορφύρας
1113 1918 1290 1994 τραχὺ
1345 1915 1633 1996 τριϐώνιον
1701 1921 1972 2000 ἀμφιέσα-
2001 1960 2048 2025 Β

307 2005 462 2073 σθαι,
521 2005 613 2059 τὸν
691 2010 869 2061 Δοῦκα
942 2014 1338 2064 Κωνσταντῖνον
1399 2008 1626 2085 βασιλέα
1681 2031 1970 2086 προχειρι-

306 2095 572 2166 σάμενον,
630 2094 722 2148 καὶ
799 2095 942 2151 οὕτω
997 2101 1066 2162 τῇ
1121 2102 1220 2152 τοῦ
1276 2096 1541 2154 Στουδίου
1598 2101 1968 2175 προσορμίσαι

311 2187 486 2256 μονῇ,
545 2183 702 2238 κάκεῖ
772 2184 835 2240 τὸ
918 2184 1114 2242 λοιπὸν
1196 2183 1528 2242 καταϐιῶναι
1609 2195 1704 2258 τῆς
1784 2189 1972 2263 βιοτῆς

301 2271 724 2347 ἀναρῥωσθέντα
798 2273 858 2328 ἐκ
930 2279 1028 2329 τοῦ
1105 2278 1438 2349 νοσήματος.
1510 2272 1855 2334 Ἐϐασίλευσε
1914 2277 1972 2334 δέ

305 2357 409 2416 δύο
469 2359 748 2423 ἐνιαυτοὺς
802 2364 891 2417 καὶ
947 2371 1120 2437 μῆνας
1167 2371 1333 2441 τρεῖς,
1367 2363 1694 2442 δραστήριος
1753 2366 1846 2440 ὣν,
1878 2368 1970 2423 καὶ

303 2451 370 2505 τὸ
421 2450 560 2520 ἦθος
611 2445 842 2526 σοϐαρὸν
906 2451 1334 2527 ἐνδεικνύμενος,
1382 2458 1521 2531 πρὸς
1573 2456 1790 2532 πράξεις
1846 2456 1966 2528 ὀξύ-

2088 852 2339 925 fulguris
2369 855 2740 926 perstrictum
2773 853 3372 926 imperatorum,equo
3395 858 3738 924 praeterrore

2087 959 2422 1008 excussum,
2455 948 2510 998 et
2541 960 2811 1014 spumam
2845 959 2942 998 ore
2973 943 3356 1012 rejicientem,
3390 943 3556 997 humi
3584 947 3736 997 atto-

2089 1033 2277 1086 nitum
2331 1033 2607 1103 jacuisse,
2658 1039 2834 1103 atque
2891 1031 3027 1086 inde
3075 1031 3346 1087 navicula
3396 1033 3453 1086 in
3513 1032 3735 1104 regiam

2087 1127 2402 1188 revectum,
2434 1138 2566 1177 cum
2601 1121 2898 1193 paulisper
2925 1125 3281 1192 aegrotasset,
3308 1121 3435 1191 jam
3465 1120 3736 1192 deplora-

2085 1213 2235 1276 tum,
2271 1227 2402 1265 raso
2433 1210 2643 1282 capillo
2674 1214 2730 1266 et
2760 1228 3032 1282 purpura:
3063 1209 3188 1265 loco
3247 1226 3454 1280 aspera
3505 1209 3737 1264 lacerna

2087 1304 2346 1370 sumpta,
2379 1305 2555 1371 atque
2589 1299 2969 1355 Constantino
3001 1299 3160 1354 Duca
3192 1299 3544 1370 imperatore
3574 1298 3732 1354 desi-

2084 1394 2284 1460 gnato,
2319 1395 2374 1443 in
2407 1389 2718 1444 Studiensc
2751 1389 3169 1444 monasterium
3205 1406 3266 1443 se
3283 1386 3731 1456 contulisse,ubi

2085 1483 2424 1547 recuperata
2453 1477 2628 1532 etiam
2657 1477 3005 1548 valetudine,
3039 1477 3168 1531 vitae
3200 1476 3487 1548 reliquum
3525 1493 3730 1549 exege-

2085 1566 2180 1622 rit.
2217 1567 2493 1639 Regnavit
2525 1567 2825 1622 biennium
2859 1572 2914 1622 et
2961 1573 3080 1622 tres
3113 1584 3365 1635 menses,
3389 1566 3564 1622 homo
3585 1573 3730 1622 stre-

2086 1673 2261 1727 nuus,
2292 1656 2524 1728 ingenio
2556 1656 2875 1729 arroganti,
2898 1656 2954 1711 in
2991 1656 3166 1712 rebus
3195 1657 3468 1728 gerendis
3497 1655 3729 1711 celerri-

2085 1762 2241 1809 mus,
2301 1746 2380 1800 rei
2440 1743 2663 1801 bellicae
2720 1745 3134 1817 peritissimus.
3197 1745 3257 1800 In
3323 1744 3537 1800 litteris
3613 1761 3729 1800 non

2083 1835 2321 1905 quidem
2379 1839 2668 1905 versatus,
2730 1837 2829 1890 sed
2889 1835 3218 1890 litterarum
3279 1834 3602 1898 studiosus,
3671 1837 3730 1888 et

2085 1925 2386 1979 doctorum
2417 1941 2652 1990 amans;
2686 1924 2746 1978 in
2767 1924 3040 1995 conjugio
3071 1924 3214 1978 adeo
3249 1929 3468 1990 castus,
3502 1929 3568 1978 ut
3590 1940 3724 1978 cum

2079 2015 2398 2086 peregreﬁn
2427 2014 2696 2070 morbum
2721 2014 3045 2079 incidisset,
3104 2019 3162 2069 et
3218 2032 3252 2069 a
3300 2013 3542 2070 medicis
3573 2014 3728 2069 27‘!

2081 2106 2436 2168 moneretur,
2499 2107 2564 2156 ut
2615 2102 3044 2158 consuetudine
3117 2102 3383 2157 mulieris
3453 2102 3727 2157 morbum

2079 2189 2316 2257 levaret,
2347 2208 2481 2246 cum
2506 2191 2621 2246 ulla
2648 2199 2855 2263 printer
2878 2207 3115 2247 uxorem
3148 2207 3477 2261 suam,rem
3512 2191 3728 2246 habere

2080 2280 2386 2335 recusarit.
2447 2280 2594 2335 Cum
2657 2280 2708 2335 ei
2769 2280 2930 2351 regni
3005 2280 3295 2336 affectatio
3352 2280 3724 2351 objiceretur,

2080 2368 2417 2440 respondit:
2443 2367 2508 2424 Se
2533 2371 2654 2441 pati
2693 2385 2805 2425 non
2829 2371 3074 2440 potuisse
3111 2370 3359 2424 conservi
3402 2371 3727 2440 imperium,

2077 2476 2113 2514 α
2142 2475 2246 2530 quo
2265 2459 2423 2530 juxta
2441 2460 2550 2514 sibi
2576 2461 2812 2530 praemia
2839 2465 3206 2528 negarentur.

303 2559 493 2607 τατος,
527 2541 1035 2615 στρατηγικώτατος
1064 2542 1132 2598 τὰ
1159 2541 1422 2616 πολέμια.
1457 2545 1653 2621 Λόγοις
1684 2546 1778 2619 μὲν
1809 2547 1916 2622 οὐχ
1945 2545 2272 2620 ὡμιληκὼς,
2301 2547 2593 2622 προσέχων
2617 2545 2663 2601 δ’
2696 2546 3009 2609 αὖτοῖς,καὶ
3037 2544 3163 2608 τοὺς
3193 2545 3399 2600 τούτων
3422 2544 3727 2624 τροφίμους

309 2625 752 2704 ἀποδεχόμενος,
787 2630 1018 2709 σώφρὼν
1049 2631 1202 2687 textu
1228 2635 1363 2706 πρὸς
1395 2632 1575 2705 εὐνήν.
1605 2636 1834 2711 Λέγεται
1865 2657 1967 2712 γαρ
1997 2656 2131 2690 ποτε
2159 2643 2385 2706 νοσῆσαι
2415 2639 2516 2700 τῆς
2545 2635 2722 2698 οἰκίας
2751 2633 3076 2708 ἀποδημῶν,
3094 2636 3182 2690 καὶ
3215 2635 3361 2710 παρὰ
3385 2639 3492 2690 τῶν
3530 2634 3731 2712 ἰατρῶν

310 2717 529 2790 γυναικὶ
590 2724 816 2790 μιγῆναι
875 2719 1014 2795 πρὸς
1069 2720 1352 2795 θεραπείαν
1410 2725 1509 2792 τῆς
1564 2723 1726 2778 νόσου
1772 2723 2190 2800 προτρέπεσθαι·
2217 2725 2309 2778 τὸν
2343 2721 2399 2778 δὲ
2433 2724 2510 2797 μὴ
2551 2724 2878 2800 ἀνασχέσθαι
2910 2725 3065 2798 ἑτέρᾳ
3092 2721 3393 2794 πλησιάσαι
3426 2722 3570 2798 παρᾶ
3626 2723 3728 2790 τὴν

317 2805 584 2862 σύνοικον.
623 2806 962 2880 Δίτιώμενος
992 2805 1050 2864 δὶ
1079 2808 1161 2864 ὅτι
1191 2831 1353 2887 τυραν
1367 2808 1464 2867 θίδι
1497 2811 1927 2889 ἐπικεχείρηκεν,
1959 2814 2210 2882 "vaow,
2242 2811 2420 2888 ἔλεγε,
2445 2817 2524 2885 τῷ
2553 2810 2833 2887 συνδούλῳ
2880 2811 3181 2881 δουλεύειν,
3211 2811 3303 2867 καὶ
3344 2815 3451 2866 τῶν
3502 2809 3726 2865 εἰκότων

331 2893 406 2964 μὴ
430 2894 741 2971 τυγχάνειν.

399 3018 558 3073 Η’.Ὁ
612 3016 882 3096 πρόεδρος
942 3018 1000 3077 δὲ
1059 3029 1460 3088 Κωνσταντῖνος
1519 3027 1546 3080 ὁ
1606 3026 1830 3095 Δούκας,
1871 3033 1973 3096 τῆς

324 3104 593 3179 βασιλείας
646 3110 836 3185 τυχὼν
887 3111 1278 3187 ἀπραγμόνως,
1313 3114 1388 3176 ὡς
1441 3114 1675 3189 εἴρηται,
1724 3114 1972 3179 πολλοὺς

310 3197 416 3248 τῶν
441 3202 543 3264 τῆς
575 3199 890 3272 συγκΑήτου
941 3199 1148 3274 βουλῆς
1191 3202 1281 3257 καὶ
1330 3208 1427 3258 τοῦ
1472 3201 1767 3276 δημώδους
1823 3203 1971 3276 πλή-

2155 3029 2303 3085 Vili.
2327 3031 2748 3086 Constantinus
2782 3029 2972 3086 Ducas
3006 3046 3239 3101 prases,
3293 3026 3538 3099 imperio
3587 3026 3734 3082 citra

2081 3117 2366 3183 laborem,
2399 3124 2462 3173 ut
2490 3119 2710 3174 dictum
2744 3124 2852 3186 est,
2895 3120 3143 3190 positus,
3206 3119 3425 3172 multos
3455 3115 3733 3172 senatorii

2079 3207 2304 3263 ordinis
2333 3213 2391 3264 et
2423 3207 2656 3280 plebeiae
2688 3207 3042 3262 conditionis
3072 3208 3143 3261 ad
3167 3205 3402 3260 altiores
3424 3204 3732 3276 dignitatis

309 3284 436 3346 θους
493 3285 572 3347 είς
629 3287 882 3359 μείζονας
934 3289 1257 3364 ἀξιωμάτων
1320 3293 1562 3368 βαθμοὺς
1619 3288 1967 3371 προεϐίϐασε.

2082 3297 2301 3368 gradus
2330 3296 2544 3352 evexit:
2578 3301 2757 3367 atque
2786 3295 2919 3350 illos
2949 3295 3148 3360 etiam,
3205 3311 3352 3365 quos
3399 3298 3731 3348 Comnenus

308 3372 414 3428 Καὶ
475 3372 637 3436 ὅσους
665 3371 714 3429 δ’
744 3377 772 3430 ὁ
807 3379 1090 3450 Κομνηνὸς
1124 3379 1376 3458 ἀφείλετο
1406 3381 1501 3444 τὰς
1555 3382 1755 3446 οἰκείας
1803 3383 1968 3456 τιμὰς

302 3460 544 3536 (πολλοὶ
593 3460 640 3518 δ’
691 3465 829 3533 ἦσαν
879 3466 966 3520 καὶ
1012 3468 1205 3542 οὗτοι),
1241 3469 1317 3534 εἷς
1361 3471 1558 3533 ταύτας
1606 3470 1758 3536 αὖθις
1813 3472 1972 3534 αὐτὸς

308 3549 551 3613 ἐκείνους
625 3552 1075 3625 ἀποκατέστησεν.
1124 3553 1459 3627 Ἐπιϐουλῆς
1519 3558 1576 3614 δὲ
1629 3563 1748 3615 κατ’
1805 3562 1973 3616 αὐτοῦ

308 3641 790 3711 συσκευασθείσης,
853 3649 1051 3720 μικροῦ
1135 3643 1242 3700 δεῖν
1322 3646 1530 3723 ἐγένετο
1617 3648 1675 3704 ἂν
1734 3645 1970 3727 ὑποϐρύ-

307 3748 465 3805 χιος.
522 3731 622 3786 Ἢν
677 3731 771 3804 μὲν
819 3732 921 3809 γὰρ
970 3732 1022 3788 έν
1067 3739 1183 3796 τοῖς
1227 3735 1527 3810 βασιλείοις
1583 3742 1691 3792 τῶν
1747 3739 1971 3815 Μαγγά-

302 3838 440 3874 νωνο
473 3818 767 3894 ἐσκέψαντο
800 3817 858 3876 δέ
905 3823 958 3876 οἱ
1008 3824 1463 3898 συνομοσάμενοι,
1494 3828 1568 3889 ὡς
1629 3826 1679 3882 εἴ
1737 3824 1970 3904 θόρυϐος

301 3907 463 3982 ιντῇ
493 3914 595 3978 τῆς
652 3909 872 3973 πόλεως
923 3913 1166 3988 γεγονὼς
1220 3913 1509 3990 ἀγγελθείη
1569 3917 1720 3990 αὖτῷ
1777 3917 1969 3994 ἀγορᾷ,

300 3996 502 4052 αὐτίκα
560 3995 648 4052 διὰ
703 4007 806 4068 τῆς
863 3998 1139 4074 θαλάσσης
1192 4002 1396 4067 ἐκεῖνος
1426 4003 1778 4061 ἀπελεύσεται
1833 4008 1970 4082 πρὸς

301 4087 366 4140 τὸ
445 4081 586 4162 μέγα
651 4088 970 4166 ἀνάκτορον.
1025 4091 1472 4166 Προῳκονόμητο
1527 4091 1578 4147 δ’
1633 4093 1836 4162 αὐτοῖς,
1881 4081 1968 4167 μὴ

309 4175 444 4229 εἶναι
490 4177 592 4245 τήν
658 4175 950 4252 βασιλικὴν
998 4181 1202 4254 τριήρη
1264 4180 1393 4251 ἐκεῖ,
1433 4181 1523 4236 καὶ
1578 4181 1707 4245 τοὺς
1765 4181 1971 4254 ἐκείνης

320 4263 778 4344 οἷακοστρόφους,
855 4266 948 4330 οὖς
1023 4265 1485 4345 πρωτοωράϐους
1557 4273 1593 4340 ἠ
1699 4269 1969 4345 δημώδης

319 4348 455 4428 λέγει
485 4355 666 4432 φωνὴ,
700 4362 800 4426 τῆς
857 4357 1182 4431 συνομοσίας
1233 4360 1484 4436 μετέχειν
1544 4358 1968 4424 σπουδάσαντες.

307 4441 364 4495 Ὃ
433 4444 529 4517 μὲν
599 4443 693 4499 οὖν
763 4444 1020 4520 βασιλεὺς
1077 4447 1152 4510 ὡς
1210 4449 1303 4504 τὸν
1357 4445 1590 4525 θόρυϐον
1657 4449 1966 4520 ἐνωτίσατο,

302 4529 521 4587 ἀπιέναι
578 4530 690 4588 δεῖν
746 4527 924 4610 ἔκρινε
969 4540 1079 4591 τῶν
1134 4537 1442 4616 ἀνακτόρων
1505 4539 1651 4597 εὐθύ.
1713 4541 1862 4598 Ἐπεὶ
1922 4532 1969 4598 δ’

298 4621 417 4708 οὐχ
461 4620 675 4708 ⁸εὕρητο
731 4625 767 4692 ἡ
827 4621 1087 4700 βασιλικὴ
1117 4629 1353 4703 τριήρης
1387 4627 1515 4698 ἐκεῖ,
1553 4627 1628 4694 εἷς
1681 4629 1743 4685 τὸ
1798 4631 1966 4708 τυχὸν

296 4697 604 4784 ἐμϐεϐήκει
661 4697 883 4768 ἀκάτιον
917 4734 932 4749 ο
994 4697 1262 4781 ἀπιόντος·
1311 4697 1410 4789 Ϋδὶ,
1464 4717 1695 4796 ἀνεφάνη
1771 4697 1964 4793 καὶιὶἡ
1997 4697 2044 4763 D

295 4804 433 4861 ναῦς
485 4803 519 4869 ἡ
575 4799 872 4877 βασίλειος,
930 4803 1020 4858 καὶ
1097 4804 1298 4880 εἰρεσίᾳ
1379 4805 1570 4882 πολλῂ⁹
1656 4807 1748 4862 σὺν
1821 4807 1966 4885 ῥύμῃ

300 4885 518 4963 σφοδρᾷ
589 4891 654 4944 τὸ
734 4889 918 4966 ῥόθιον
972 4893 1266 4966 τέμνουσα,
1313 4896 1449 4972 πρὸς
1521 4897 1584 4951 τὸ
1649 4897 1962 4972 πλοιάριον,

298 4978 457 5053 ᾧπερ
509 4980 536 5034 ὁ
571 4977 828 5056 βασιλεὺς
860 4976 1180 5054 ἐμϐεϐήγει,
1208 4984 1344 5058 πρὸς
1395 4989 1504 5040 τῶν
1562 4982 1966 5060 πηδαλιούχων

297 5067 541 5132 ἰθύνετο.
598 5073 698 5126 Ἦν
743 5067 789 5124 δ’
843 5071 1032 5133 αὐτοῖς
1085 5073 1149 5127 τὸ
1229 5071 1593 5148 βουλόμενον,
1651 5069 1964 5130 ἐπιϐιϐάσαι

292 5156 402 5225 τὴν
461 5159 661 5233 τριήρη
719 5161 820 5212 τοῦ
878 5157 1192 5236 πλοιαρίου,
1233 5158 1304 5215 ἵν’
1357 5162 1487 5219 αὐτὸ
1543 5161 1816 5239 καταδύσῃ
1875 5163 1965 5218 καὶ

298 5245 398 5301 σὺν
445 5250 526 5317 τῷ
577 5246 795 5322 βασιλεῖ
836 5250 1137 5320 ποιήσηται
1189 5246 1553 5328 ὑποϐρύχιον.
1597 5254 1687 5316 Ὦς
1728 5252 1776 5308 δ’
1824 5251 1967 5309 εἶδον

291 5335 400 5404 τήν
457 5342 556 5406 τῆς
607 5338 871 5412 τριήρους
922 5334 1184 5416 ἐπιφορὰν
1235 5340 1291 5394 οἱ
1347 5345 1428 5415 τῷ
1483 5346 1770 5417 κρατοῦντι
1832 5363 1967 5417 σομ-

293 5421 584 5494 πλέοντες,
646 5423 933 5502 ἀνέκραξάν
1012 5447 1072 5482 τε
1156 5428 1246 5483 καὶ
1335 5428 1551 5508 ἐπέχειν
1637 5429 1962 5508 θρασύτερον

296 5508 617 5584 ἐξεϐόησαν,
667 5514 759 5569 καὶ
832 5515 1182 5592 μετατρέπειν
1239 5517 1366 5582 τοὺς
1422 5518 1629 5583 οῗάκας.
1663 5526 1813 5583 ’Ταῖς
1870 5520 1960 5576 οὖν

295 5600 518 5657 ἐκείνων
584 5603 737 5678 βοαῖς
812 5601 993 5680 ὥσπερ
1073 5600 1532 5681 ἐμϐροντηθέντες
1591 5611 1648 5666 οἱ
1708 5609 1795 5666 ἐπὶ
1852 5615 1960 5667 τῶν

295 5688 506 5776 οἰάκων
563 5691 731 5766 (θείας
785 5687 831 5746 δ’
889 5692 980 5761 ἦν
1013 5695 1077 5748 τὸ
1132 5693 1346 5768 ξύμπαν
1404 5700 1774 5776 προμηθείας)
1831 5701 1961 5755 ἀπε-

297 5775 606 5839 δειλίασαν.
639 5781 736 5837 Καὶ
767 5779 912 5837 οὕτω
957 5781 1050 5838 τὸν
1106 5781 1356 5843 κίνδυνον
1411 5775 1456 5844 67
1492 5787 1747 5866 βασιλεὺς
1799 5788 1964 5870 ἐκφυ·

2083 3385 2401 3440 honoribus
2431 3385 2730 3456 spoliarat,
2757 3385 2855 3455 qui
2889 3383 3060 3438 multi
3081 3382 3404 3452 fuerunt,in
3435 3382 3731 3452 integrum

2084 3475 2360 3530 restituit.
2417 3476 2524 3531 Sed
2568 3491 2774 3545 parum
2830 3474 3037 3536 abfuit,
3118 3474 3262 3542 quin
3323 3487 3424 3543 per
3483 3471 3732 3525 insidias

2083 3563 2578 3634 submergeretur.
2610 3567 2757 3617 Nam
2815 3578 2950 3616 cum
3010 3561 3067 3615 in
3117 3560 3462 3632 Mangunico
3517 3557 3732 3629 palatio

2083 3657 2300 3722 ageret,
2333 3653 2621 3724 conjurati
2655 3652 2878 3706 ratione
2909 3650 3078 3720 inita,
3138 3650 3185 3704 si
3237 3650 3285 3704 ei
3346 3648 3638 3703 tumultus
3671 3648 3729 3702 in

2083 3741 2207 3795 foro
2239 3742 2404 3797 urbis
2434 3742 2825 3807 nuntiaretur,
2877 3741 3075 3794 statim
3135 3739 3283 3794 mari
3342 3738 3399 3791 in
3453 3753 3729 3809 magnam

2081 3831 2299 3901 regiam
2359 3830 2774 3898 transiturum,
2848 3833 3147 3894 curarant,
3230 3831 3295 3882 ut
3353 3827 3732 3898 imperatoria

2081 3919 2360 3990 triremis,
2393 3918 2670 3989 illiusque
2709 3918 3153 3990 gubernatores,
3203 3916 3304 3987 qui
3363 3913 3732 3987 protocarabi

2080 4006 2254 4079 vulgo
2285 4007 2676 4080 appellantur,
2709 4011 2764 4062 et
2794 4007 2852 4060 in
2911 4005 3332 4076 conjuralionis
3392 4007 3730 4060 societatem

2081 4097 2245 4152 asciti
2279 4103 2463 4162 erant,
2497 4097 2790 4152 abessent.
2834 4095 3174 4166 Imperator,
3209 4094 3410 4150 audito
3442 4093 3728 4164 tumultu,

2080 4186 2316 4240 rectain
2349 4185 2565 4256 regiam
2587 4185 2923 4240 abeundum
2963 4200 3093 4239 esse
3139 4184 3390 4238 censuit.
3449 4183 3560 4238 Sed
3593 4199 3727 4238 cum

2079 4274 2459 4346 imperatoria
2487 4273 2746 4329 triremis
2765 4273 2845 4328 ibi
2866 4290 2983 4328 non
3001 4272 3727 4344 inveniretur,proximum

2079 4362 2342 4418 lembum
2373 4363 2728 4420 conscendit.
2765 4364 2920 4418 Inter
2969 4361 3364 4434 navigandum
3384 4377 3520 4418 vero
3549 4361 3728 4417 etiam

2080 4453 2244 4508 navis
2277 4452 2659 4524 imperatoria
2688 4451 2981 4525 apparuit,
3011 4468 3140 4523 quae
3165 4450 3453 4523 frequenti
3484 4450 3728 4524 remigio

2079 4548 2138 4599 et
2167 4542 2497 4600 vehementi
2528 4541 2752 4613 impetu
2787 4541 3000 4596 ﬂuctus
3021 4557 3288 4612 secans,a
3313 4540 3729 4614 gubernatori-

2080 4633 2191 4687 bus
2223 4637 2377 4687 recta
2406 4631 2476 4686 ad
2505 4630 2763 4691 lembum
2793 4629 3178 4702 dirigebatur,
3237 4645 3303 4686 eo
3360 4628 3628 4699 consilio,
3661 4635 3730 4684 ut

2075 4720 2174 4777 illo
2205 4737 2523 4793 suppresso
2571 4719 2893 4792 imperator
2948 4720 3404 4791 demergeretur.
3455 4718 3533 4775 lis
3589 4735 3725 4775 vero

2078 4811 2176 4883 qui
2211 4826 2344 4866 cum
2377 4826 2443 4866 eo
2470 4809 2852 4879 vehebantur,
2885 4809 3373 4875 exclamantibus,
3434 4813 3491 4864 et
3547 4808 3728 4862 confi-

2076 4900 2310 4955 dentius
2340 4897 2817 4966 vociferantibus,
2851 4902 2915 4951 ut
2934 4896 3206 4951 inhibitis
3235 4897 3413 4952 remis
3435 4899 3729 4968 guberna-

2074 4989 2208 5044 cula
2238 4992 2638 5044 converterent
2662 5005 2674 5056 ;
2707 4987 3130 5060 gubernatores
3148 4983 3305 5041 velut
3328 4985 3585 5054 attoniti,
3609 4985 3724 5040 Deo

2074 5076 2428 5144 itavolente,
2463 5079 2802 5147 paruerunt.
2862 5077 2956 5128 Sic
3010 5072 3267 5145 periculo
3315 5072 3549 5141 evitato,
3610 5087 3726 5142 quo

2074 5171 2245 5238 pacto
2277 5172 2334 5221 et
2359 5182 2392 5220 a
2423 5165 2639 5236 quibus
2671 5169 2884 5236 paratae
2915 5167 3110 5219 essent
3165 5162 3395 5218 insidiae
3432 5160 3722 5233 cognovit,

2074 5273 2140 5311 ac
2171 5259 2368 5312 sontes
2401 5255 2570 5309 bonis
2601 5254 2884 5308 duntaxat
2914 5253 3208 5324 ademptis
3265 5251 3427 5306 ultus
3464 5257 3572 5305 est.
3603 5249 3724 5305 Etsi

2075 5349 2271 5400 autem
2303 5360 2372 5399 ex
2396 5348 2658 5398 veterum
2692 5342 2985 5396 Ducarum
3031 5342 3368 5410 Andronici,
3402 5340 3725 5408 Pantherii,

2074 5438 2132 5489 et
2161 5431 2522 5489 Constantini
2555 5430 2779 5485 familia
2808 5446 2868 5485 se
2899 5437 3091 5486 ortum
3152 5446 3280 5486 esse
3339 5429 3722 5503 gloriabatur,

2072 5528 2268 5579 tamen
2292 5539 2419 5578 eam
2453 5520 2755 5586 familiam,
2789 5535 2924 5574 cum
2965 5521 3384 5576 Constantinus
3435 5523 3520 5591 (ut
3548 5536 3730 5590 supra

2075 5613 2294 5668 dictum
2318 5612 2430 5681 est)
2463 5625 2708 5682 regnum
2741 5607 3092 5676 alI'ectasset,
3150 5608 3534 5664 Constantino
3591 5607 3726 5663 Por-

2073 5702 2455 5776 phyrogenito
2502 5699 2872 5772 imperatoris
2931 5699 3142 5754 Leonis
3208 5697 3544 5770 Philosophi
3602 5697 3724 5752 ﬁlio

2072 5797 2374 5864 regnante,
2407 5794 2464 5847 et
2492 5789 2566 5847 ob
2596 5788 3237 5867 immaturam'_aatatem
3267 5789 3458 5845 adhuc
3499 5786 3611 5843 sub
3632 5789 3722 5841 tu-
