4126 6366
360 434 473 493 251

1715 431 2044 494 JOANNIS
2089 432 2433 494 ZONARIE

3660 438 3782 498 252

368 565 600 621 toribus
660 569 886 637 agente,
929 565 1198 623 funditus
1255 580 1514 622 eversam
1573 581 1704 622 esse
1769 567 2018 632 constat,

2135 566 2268 638 γὼν,
2314 562 2463 627 ὅπως
2518 584 2576 620 τε
2623 564 2714 619 καὶ
2769 565 2898 640 παρ’
2954 563 3028 619 ὦν
3071 567 3108 635 ἡ
3167 560 3438 636 ἐπιϐουλή
3496 567 3781 623 συνεσκεύ-

366 653 526 709 nullo
555 670 716 710 mare
746 654 970 711 relicto.
1004 656 1191 726 Hujus
1223 655 1403 727 igitur
1417 657 1690 726 majores,
1713 658 1779 709 ut
1809 656 2012 725 fertur,

365 761 398 797 a
428 743 648 800 femina
679 745 935 816 quadam
968 745 1250 816 originem
1303 746 1616 800 duxerunt.
1675 743 1839 800 Unde
1896 761 2011 798 non

363 848 682 904 germanus
741 835 930 889 Ducas
990 835 1358 904 censebatur,
1437 835 1537 889 sed
1617 833 2010 905 promiscuus,

364 924 711 994 cognatione
744 923 842 979 illa
871 923 1026 979 velut
1055 924 1403 979 adulterata.
1429 925 1631 996 Itaque
1662 941 1695 979 a
1718 922 2014 995 plerisque

365 1027 481 1067 non
514 1013 666 1068 273
701 1017 909 1078 Ducas,
941 1013 1042 1067 sed
1079 1012 1342 1068 Ducitzes
1401 1030 1504 1085 per
1561 1012 2011 1068 diminutionem

364 1101 700 1156 vocabatur.
762 1101 1043 1156 Craterum
1130 1102 1217 1157 vir
1269 1101 1401 1173 pius
1463 1103 1571 1156 fuit
1617 1117 1756 1172 erga
1806 1106 2010 1170 Deum,

365 1190 629 1244 moribus
661 1190 1284 1261 commodis,justitiaa
1342 1207 1572 1256 amans,
1629 1190 1728 1247 sed
1775 1189 2013 1262 ingenio

363 1278 531 1335 tardo
577 1284 634 1335 et
680 1279 912 1347 hebeti;
955 1285 1012 1335 et
1040 1286 1106 1335 ut
1154 1280 1226 1336 iis
1283 1279 1700 1349 delectabatur,
1761 1295 2031 1352 quorum.

365 1373 628 1439 spectata
652 1374 778 1424 erat
834 1369 1161 1441 integritas,
1192 1370 1276 1424 sic
1323 1371 1634 1441 pecuniam
1665 1386 1845 1441 supra
1884 1383 2015 1422 mo-

365 1455 508 1511 dum
554 1458 814 1524 amabat,
894 1463 951 1513 et
1039 1457 1295 1514 rationes
1352 1459 1738 1529 excogitabat,
1797 1457 2014 1528 quibus

366 1544 586 1601 multos
617 1547 929 1602 thesauros
957 1554 1342 1603 coacervaret.
1361 1547 1752 1610 Quamobrem
1784 1545 2015 1600 duabus

366 1637 543 1692 rebus
573 1653 852 1709 magnum
900 1638 1192 1710 impendit
1249 1639 1537 1705 studium,
1593 1654 1846 1709 quarum
1899 1653 2018 1692 una

366 1729 510 1792 erat,
546 1730 610 1781 ut
631 1726 870 1797 publica
890 1727 1198 1799 vectigalia
1227 1733 1485 1799 augeret,
1516 1743 1703 1799 eaque
1739 1726 1810 1781 de
1839 1742 2018 1782 causa

368 1814 566 1870 curias
592 1814 918 1870 rationibus
961 1816 1291 1886 quaestoriis
1339 1815 1665 1871 destinatas
1708 1815 2016 1888 quibusvis

366 1905 678 1972 vendebat,
709 1911 768 1960 et
805 1905 1173 1977 vectigalium
1225 1905 1627 1962 collectionem
1686 1904 2017 1977 publicanis

371 2009 501 2048 cum
535 2002 700 2062 pacto
721 1994 963 2050 auctarii
994 1996 1294 2063 credebat;
1327 1995 1528 2065 altera,
1589 2000 1655 2050 ut
1685 1999 2018 2051 controver-

373 2082 490 2138 sias
513 2084 761 2152 audiret,
786 2087 844 2139 et
871 2085 1104 2140 decreta
1143 2085 1442 2140 scriberet.
1501 2084 1719 2140 Verum
1778 2083 1836 2138 in
1885 2084 2021 2154 jure

371 2171 618 2228 dicendo
650 2189 766 2229 non
798 2190 1032 2244 semper
1061 2174 1396 2246 praescripta
1423 2174 1621 2247 legum
1653 2175 2022 2242 observabat,

375 2261 476 2316 sed
508 2261 723 2318 alicubi
761 2262 941 2318 etiam
1001 2267 1128 2318 erat
1182 2279 1287 2335 pro
1341 2263 1567 2319 ratione
1607 2263 1900 2330 voluntas,
1960 2265 2027 2316 ut

377 2351 754 2406 commutatis
784 2351 1026 2408 calculis
1058 2353 1116 2407 in
1148 2353 1586 2424 pronuntiando
1641 2367 2024 2425 personarum

377 2439 663 2496 rationem
694 2440 957 2497 haberet.
980 2441 1112 2497 Jaiu
1131 2447 1195 2497 ut
1224 2447 1348 2498 erat
1362 2447 1536 2498 tenax
1565 2446 1622 2498 et
1651 2457 2024 2514 parcus,cum

375 2527 573 2584 animo
603 2546 712 2586 suo
743 2531 1070 2602 constituit,
1104 2531 1259 2588 nolle
1288 2549 1349 2588 se
1379 2530 1548 2587 bellis
1577 2529 2028 2601 conﬂictari,sed

374 2623 579 2688 gentes
611 2619 958 2675 muneribus
1001 2626 1059 2676 et
1089 2620 1218 2676 aliis
1275 2620 1572 2693 obsequiis
1623 2621 1938 2689 devincire,
1970 2623 2028 2676 et

377 2710 642 2763 Romano
669 2708 915 2780 imperio
964 2708 1378 2778 reconciliare;
1411 2727 1528 2782 qua
1587 2727 1648 2767 re
1703 2711 1818 2766 duo
1875 2726 2030 2765 com-

378 2796 553 2851 moda
579 2797 925 2866 venabatur,
952 2797 1202 2854 alterum
1239 2815 1310 2854 ne
1342 2798 1510 2871 plura
1542 2800 1600 2854 in
1649 2797 2030 2870 expeditioni-

377 2888 491 2941 bus
522 2891 930 2942 consumeret:
966 2891 1242 2955 alterum,
1275 2892 1340 2943 ut
1372 2904 1474 2960 per
1504 2903 1809 2943 summum
1841 2885 2027 2942 otium

378 2973 754 3030 cumulandis
801 2975 1100 3031 thesauris
1165 2975 1517 3048 invigilaret.
1569 2979 1654 3032 Ita
1710 2977 1907 3044 ﬁebat,
1966 2979 2031 3031 ut

377 3062 665 3120 militares
677 3063 970 3136 catalogos
1009 3064 1350 3137 negligeret,
1374 3081 1442 3122 ac
1460 3065 1654 3138 potius
1680 3066 2029 3124 fortissimos

378 3169 641 3224 quosque
671 3154 744 3210 ob
781 3153 1058 3225 stipendii
1092 3154 1558 3227 magnitudinem
1591 3154 1829 3211 deleret.
1865 3155 2030 3212 Unde

2123 673 2274 722 αστο,
2329 649 2488 729 ἔγνω,
2547 653 2637 708 καὶ
2708 652 2834 715 τοὺς
2907 653 3116 716 αἰτίους
3199 655 3450 727 ἠμύνατο
3529 659 3781 732 στερήσει

2126 741 2263 816 μόνῃ
2313 747 2420 796 τῶν
2472 742 2692 797 οὐσιῶν.
2727 743 2900 805 Οὗτος
2950 744 2978 798 ὁ
3032 741 3285 818 βασιλεὺς
3331 742 3495 820 ηὔχει
3549 746 3668 818 μὶν,
3700 745 3780 808 ὡς

2121 830 2208 886 ἐπὶ
2249 831 2544 907 προγόνοις
2586 837 2705 895 τοῖς
2750 831 2920 886 πάλαι
2977 831 3045 907 τῇ
3091 838 3199 888 τῶν
3230 835 3444 889 Δουκῶν
3498 835 3782 907 κεκλημὲ-

2119 942 2234 982 νοις
2320 921 2621 994 ἐπωνυμίᾳ,
2677 926 2758 994 τῷ
2815 921 3144 998 ’Δνδρονίκῳ
3227 921 3467 995 δηλαδὴ,
3519 923 3610 978 καὶ
3697 923 3782 998 τῷ

2123 1010 2437 1085 Πανθηρίῳ,
2469 1011 2557 1066 καὶ
2616 1010 2701 1066 ἰπὶ
2758 1011 2974 1075 τούτοις
3020 1017 3099 1084 τῷ
3149 1013 3564 1086 Κωνσταντίνῳ.
3597 1012 3786 1069 Ἀλλὰ

2119 1102 2216 1153 τοῦ
2271 1100 2460 1173 γένους
2510 1099 2724 1156 ἐκείνων
2774 1099 2944 1156 πάλαι
3001 1102 3218 1156 πανοικὶ
3278 1099 3781 1176 ἐξολοθρευθεντος,

2123 1187 2214 1242 ὅτε
2268 1188 2297 1242 6
2351 1190 2757 1252 Κωνσταντῖνος
2837 1188 3107 1267 τυραννίδι
3193 1189 3607 1267 ἐπικεχείρηκεν
3677 1191 3782 1262 (ὡς

2123 1274 2424 1351 ἔμπροσθεν
2473 1275 2706 1354 εἷ’ρηται)
2763 1282 2861 1335 τοῦ
2927 1282 3441 1357 Πορφυρογεννήτου
3495 1287 3787 1336 Κώνσταν-

2121 1363 2274 1420 τίνου
2301 1364 2397 1420 τοῦ
2429 1364 2622 1430 παιδὸς
2649 1371 2747 1422 τοῦ
2779 1366 3003 1430 ἄνακτος
3031 1371 3284 1435 Λέοντος,
3311 1370 3408 1424 τοῦ
3454 1363 3786 1448 Φιλοσόφου

2124 1454 2294 1530 φημὶ,
2332 1455 2734 1531 βασιλεύοντος,
2793 1457 2883 1512 καὶ
2945 1458 3050 1513 ὑπὸ
3110 1457 3436 1534 ἂπιτρόπους
3491 1457 3790 1522 τελοῦντος

2126 1542 2204 1599 ἔτι
2264 1543 2353 1599 διὰ
2391 1546 2490 1614 τὴν
2542 1546 2869 1618 νηπιότητα,
2912 1547 3001 1603 καὶ
3057 1544 3292 1620 μηδενὸς
3344 1547 3570 1625 ἂρῥενος
3625 1569 3788 1625 περι-

2127 1633 2463 1710 λειφθέντας.
2498 1637 2593 1692 Ἐκ
2647 1635 2874 1707 θηλείας
2927 1637 3097 1707 τινὸς,
3131 1638 3204 1698 ὡς
3263 1635 3448 1713 λόγος,
3481 1638 3534 1692 οἱ
3582 1638 3790 1692 τούτου

2125 1727 2430 1799 κατήγοντο
2486 1724 2768 1801 πρόγονοι,
2819 1725 2938 1781 ὅθεν
3020 1723 3149 1780 οὐδὲ
3201 1730 3406 1788 Δοῦκας
3466 1724 3788 1803 λελόγιστο,

2125 1814 2374 1890 καθαρὸς,
2422 1813 2549 1870 ἀλλ’
2593 1814 2876 1888 ἑπίμικτος
2928 1815 3018 1870 καὶ
3075 1811 3581 1888 κεκιϐδηλευμὲνην
3631 1813 3786 1891 ἔχων

2125 1904 2224 1972 τήν
2282 1904 2420 1979 πρὸς
2476 1901 2605 1967 τοὺς
2672 1903 2876 1967 Δούκας
2947 1905 3277 1980 συγγένειαν.
3335 1905 3428 1960 Διὸ
3494 1903 3584 1958 καὶ
3657 1909 3786 1966 τοῖς

2126 1990 2372 2048 πλείοσιν
2427 1992 2489 2047 ού
2547 1991 2773 2064 Δούκας,
2833 1993 3129 2064 Δουκίτζης
3351 1991 3398 2048 δ’
3461 1993 3794 2069 ὑποκοριζό-

2134 2102 2292 2156 μενος
2349 2079 2728 2154 ἐπωπθόμαστο.
2788 2084 2890 2140 Ἦν
2950 2079 3008 2138 δὲ
3064 2084 3091 2137 6
3147 2083 3284 2160 ἀνὴρ
3333 2085 3401 2138 τὰ
3453 2083 3590 2159 πρὸς
3645 2083 3786 2138 Θεὸν

2132 2169 2378 2240 εὐσεϐὴς,
2434 2172 2498 2228 τὸ
2571 2171 2707 2241 ἦθος
2776 2171 3039 2244 ἐπιεικής,
3100 2169 3450 2244 δικαιοσύνης
3525 2171 3785 2247 ἐραστὴς,

2130 2262 2230 2330 τὴν
2289 2261 2513 2335 γνώμην
2566 2257 2624 2315 δὲ
2678 2262 2888 2337 νωθρὸς
2958 2261 3050 2317 καὶ
3099 2257 3342 2335 ἀμϐλὺς,
3401 2251 3609 2337 χαίρων
3667 2267 3794 2323 τοῖς

2136 2345 2224 2402 ἰπὶ
2309 2346 2430 2416 βίου
2509 2349 2974 2423 μαρτυρουμένοις
3061 2350 3375 2422 σεμνότητι,
3435 2348 3680 2412 ἐκτόπως
3742 2347 3796 2404 δ’

2137 2436 2599 2511 ἐρασιχρήματος,
2660 2437 2750 2493 καὶ
2833 2439 3037 2516 πόρους
3114 2439 3345 2495 ἐπινοῶν
3433 2437 3584 2502 ὅπως
3639 2440 3798 2513 αὐτῷ

2134 2527 2370 2603 γὲνοιντο
2436 2524 2642 2582 πολλοὶ
2708 2527 2991 2604 θησαυροί.
3041 2530 3200 2586 ’Όθεν
3259 2529 3349 2584 καὶ
3401 2530 3510 2605 πρὸ
3563 2530 3794 2585 πάντων

2137 2615 2213 2678 είς
2273 2613 2369 2671 δύο
2426 2616 2592 2671 ταῦτα
2646 2616 2913 2672 κατέτεινε
2963 2619 3063 2688 τὴν
3121 2615 3388 2689 σπουδὴν,
3443 2616 3528 2679 εἴς
3583 2639 3642 2674 τε
3691 2618 3790 2687 τὴν

2135 2710 2242 2760 τῶν
2277 2702 2561 2778 δημοσίων
2591 2701 2774 2782 φόρων
2805 2706 3118 2778 ἐπαύξησιν,
3159 2705 3244 2762 διὸ
3299 2708 3390 2762 καὶ
3444 2707 3513 2763 τὰ
3570 2709 3782 2783 ἀρχεῖα,

2135 2796 2204 2850 τὰ
2232 2793 2359 2857 τοὺς
2403 2794 2742 2874 φορολόγους
2791 2793 3288 2872 λογοπραττοῦντα,
3320 2795 3508 2868 ὠνητὰ
3556 2801 3794 2873 παρεῖχε

2135 2889 2253 2948 τοῖς
2308 2883 2691 2960 βουλομένοις,
2736 2884 2825 2940 καὶ
2878 2885 3145 2948 τελώναις
3198 2889 3297 2955 τὴν
3352 2883 3640 2962 συλλογὴν
3687 2890 3801 2941 τῶν

2139 2973 2319 3051 φόρων
2377 2971 2465 3028 ἰπὶ
2523 2975 2813 3044 συνθήκαις
2871 2979 3197 3050 προσθηκῶν
3255 2973 3579 3030 ἐνεπίστευε.
3641 2979 3801 3046 Πρῶ-

2136 3083 2229 3118 τον
2295 3063 2389 3135 μὲν
2447 3060 2537 3118 οὖν
2590 3064 2740 3117 τοῦτ’
2773 3061 2958 3136 ἐκείνῳ
3014 3063 3080 3132 ἦν
3138 3060 3462 3138 σπούδασμα
3495 3061 3802 3138 ’δεύτερον

2141 3151 2198 3208 δὲ
2241 3148 2407 3206 δικῶν
2432 3146 2686 3228 ἀκρόασις
2744 3152 2835 3206 καὶ
2891 3153 3236 3230 ψηφίσματα.
3281 3151 3353 3208 Ού
3412 3154 3551 3208 πάνυ
3610 3149 3669 3207 δὲ
3726 3156 3801 3227 τῇ

377 3242 614 3298 Barbari
649 3243 960 3299 ferociores
991 3243 1350 3300 evadebant:
1384 3245 1654 3300 Romanae
1684 3261 1820 3301 vero
1847 3245 2026 3318 legio-

2139 3236 2388 3315 ἀκριϐείᾳ
2442 3246 2705 3316 προσεῖχε
2761 3239 3018 3312 δικάζων,
3063 3240 3190 3298 ἀλλ’
3222 3241 3445 3318 ἐνιαχοῦ
3495 3241 3582 3297 οιαὶ
3643 3239 3811 3313 ἐνηυ-

379 3347 485 3387 nes
515 3332 844 3389 timidiores
874 3338 931 3388 et
961 3332 1330 3402 humiliores,
1358 3338 1541 3406 atque
1570 3333 1886 3407 imperium
1915 3316 2026 3389 ini-

2146 3331 2338 3401 θὲντει,
2379 3330 2466 3385 καὶ
2518 3330 2614 3392 τὰς
2659 3331 2874 3409 ψήφους
2926 3329 3261 3404 ὑπήλλαττε,
3312 3316 3450 3408 πρὸς
3507 3330 3573 3386 τὰ
3627 3331 3806 3406 πρόσ-

380 3421 693 3476 nuebatur.
727 3421 875 3478 Nam
908 3422 1108 3478 multae
1165 3429 1292 3478 tum
1354 3422 1680 3480 Orientales
1725 3423 2026 3496 provincia

2145 3442 2269 3475 ωπα
2313 3421 2410 3482 τὰς
2453 3419 2752 3498 ἀποφάσεις
2803 3420 3112 3494 τιθέμενος.
3147 3419 3424 3497 Γλίσχρος
3479 3417 3540 3475 δὲ
3586 3418 3804 3495 τυγχά-

381 3509 598 3582 partim
649 3510 1082 3582 diripiebantur
1137 3516 1194 3567 et
1239 3513 1648 3579 vastabantur,
1701 3513 1912 3585 partim
1964 3512 2026 3568 ab

2145 3531 2252 3564 νων
2327 3509 2416 3564 καὶ
2491 3507 2782 3587 φειδωλὸς,
2834 3503 2984 3574 ἔθετο
3039 3511 3166 3581 παρ’
3225 3511 3396 3582 ἑαυτῷ
3456 3509 3532 3582 μή
3596 3511 3808 3585 μάχαις

382 3598 656 3655 hostibus
685 3600 1146 3670 occupabantur.

2145 3600 2281 3673 πρὸς
2313 3599 2379 3653 τὰ
2406 3593 2530 3669 ἔθνη
2579 3598 2999 3675 συρρήγνυσθαι,
3032 3597 3182 3654 ἀλλὰ
3234 3596 3434 3674 δώροις
3490 3597 3582 3652 καὶ
3643 3597 3805 3676 φιλο-

384 3685 675 3763 φροσύναις
709 3681 905 3749 ἄλλαις
940 3686 1073 3742 αὐτὰ
1102 3686 1453 3760 οἰκειοῦσθαι,
1485 3687 1576 3743 καὶ
1605 3687 1993 3745 καταλλάττειν
2025 3691 2094 3762 τῇ
2124 3687 2412 3761 Ῥωμαίων
2442 3688 2614 3764 ἀρχῇ.
2645 3687 2750 3742 Δύο
2782 3687 3017 3752 ἐντεῦθεν
3057 3693 3224 3743 ταῦτα
3276 3687 3561 3762 μνώμενος
3603 3687 3807 3760 ἑαυτῷ,

383 3773 446 3829 τό
492 3795 551 3829 τε
603 3775 677 3847 μὴ
722 3773 900 3830 πλείω
950 3773 1188 3848 δαπανᾷν
1234 3776 1285 3832 ἐν
1331 3776 1718 3854 ἐκστρατείαις,
1750 3779 1840 3832 καὶ
1887 3779 1950 3833 τὸ
1999 3777 2157 3841 αὐτὸς
2188 3779 2435 3853 ἠρεμεῖν,
2473 3779 2564 3832 καὶ
2595 3775 2886 3853 σχολάζειν
2921 3777 2995 3839 ὡς
3025 3777 3220 3832 ἐπίπαν
3247 3780 3356 3832 τῶν
3387 3777 3697 3853 χρημάτων
3737 3778 3807 3850 τῇ

387 3860 659 3939 συλλογῇ·
694 3861 778 3919 διὸ
834 3864 925 3919 καὶ
976 3870 1083 3920 τῶν
1145 3870 1545 3941 στρατιωτικῶν
1606 3866 1929 3942 καταλόγων
1988 3865 2290 3941 ἠμέλησεν,
2324 3868 2358 3936 ἢ
2394 3863 2608 3939 μᾶλλον
2664 3863 2912 3930 πολλοὺς
2960 3864 3049 3920 καὶ
3078 3865 3204 3928 τοὺς
3257 3863 3664 3942 γενναιοτέρους
3696 3868 3806 3918 τῶν

388 3953 714 4031 ἀπογραφῶν
768 3953 1042 4029 ἀπήλειψε
1089 3951 1179 4010 διὰ
1225 3955 1288 4010 τὸ
1343 3956 1695 4031 βαρύμισθον.
1728 3959 1890 4012 Ὥστε
1937 3951 2251 4030 συμϐαίνειν
2306 3954 2657 4032 θρασύνεσθαι
2695 3955 2788 4028 μὲν
2830 3955 2893 4010 τὸ
2945 3948 3296 4031 βαρϐαρικὸν,
3331 3950 3712 4017 συστέλλεσθαι
3744 3949 3802 4004 δὲ

389 4044 480 4099 καὶ
537 4046 954 4100 καταπονεῖσθαι
1013 4045 1082 4100 τὰ
1126 4049 1233 4100 τῶν
1284 4046 1569 4120 Ῥωμαίων
1619 4046 2011 4122 στρατεύματα,
2042 4045 2133 4101 καὶ
2187 4046 2468 4119 μειοῦσθαι
2508 4046 2607 4115 τὴν
2639 4044 2936 4121 ἠγεμονίαν
2959 4044 3056 4112 τὴν
3089 4044 3427 4117 Ῥωμαϊκήν.
3464 4041 3665 4099 Πολλαί
3693 4056 3793 4114 γαρ

389 4131 515 4189 τότε
561 4137 669 4189 τῶν
729 4134 913 4207 Ἐῴων
973 4135 1174 4212 χωρῶν
1229 4135 1285 4190 αἱ
1345 4136 1440 4209 μὶν
1500 4134 1787 4209 ἐληΐζοντο
1843 4136 1935 4192 καὶ
1993 4135 2070 4200 είς
2130 4135 2431 4214 ἀφανισμὸν
2480 4133 2868 4210 προύχώρουν,
2901 4133 2956 4188 αἱ
3009 4130 3067 4188 δὲ
3094 4132 3184 4188 καὶ
3216 4133 3318 4189 ὑπὸ
3345 4131 3475 4195 τοὺς
3501 4127 3801 4203 πολεμίους

394 4222 651 4300 ἐγίνοντο.

465 4315 561 4370 ΙΧ.
594 4313 793 4387 Neque
823 4315 1003 4371 etiam
1035 4315 1093 4371 in
1145 4315 1458 4373 Occidente
1511 4317 1712 4374 omnia
1737 4334 1799 4374 se
1839 4318 2026 4375 rectis-

2227 4314 2299 4371 Θ’.
2335 4312 2432 4368 Καὶ
2486 4313 2556 4369 τὰ
2614 4313 2708 4387 μὲν
2733 4313 2868 4385 πρὸς
2900 4311 3194 4390 ἁνίυχοντα
3225 4311 3387 4382 ἥλιον
3431 4310 3606 4374 οὕτως
3661 4308 3815 4384 εἶχον

393 4404 542 4460 sime
571 4403 886 4472 habebant,
919 4405 992 4461 ob
1027 4403 1281 4460 militum
1312 4411 1370 4461 et
1401 4407 1756 4476 paucitatem
1788 4411 1846 4463 et
1873 4408 2026 4479 igna-

2153 4407 2357 4471 κακῶς,
2387 4402 2456 4456 τὰ
2499 4399 2545 4456 δ’
2579 4401 2820 4478 Εσπὲρια
2866 4401 2955 4458 καὶ
2997 4406 3166 4456 ταῦτα
3212 4405 3392 4463 κακῶς
3441 4397 3670 4474 ἔπασχε,
3727 4395 3822 4452 διὰ

393 4492 570 4548 viam.
607 4491 751 4549 Uzos
781 4494 936 4549 enim
968 4495 1077 4566 (est
1111 4499 1307 4550 autem
1339 4494 1461 4550 hac
1504 4512 1740 4567 quoque
1777 4495 2026 4568 Scythia:

2156 4495 2501 4566 στρατιωτῶν
2558 4490 2649 4546 καὶ
2708 4491 2902 4548 σπάσιν
2979 4493 3071 4546 καὶ
3126 4490 3482 4566 ἀχρειότητα.
3541 4490 3654 4546 Τοῦ
3711 4487 3820 4564 γὰρ

394 4596 560 4654 gens,
584 4598 712 4654 qua
741 4582 1066 4639 Patzinacis
1095 4587 1154 4639 et
1181 4583 1413 4655 generis
1444 4583 1782 4655 praestantia
1810 4592 1868 4639 et
1891 4583 2026 4639 mul‘

2153 4583 2262 4634 τῶν
2296 4575 2484 4649 Οὕζων
2510 4575 2696 4643 ἔθνους
2732 4582 2958 4655 (Σκύθαι
3000 4579 3091 4634 καὶ
3137 4584 3300 4635 τοῦτο
3345 4579 3456 4635 ἔστι
3505 4582 3613 4632 τῶν
3674 4582 3824 4632 Πατ-

398 4671 652 4727 titudine
707 4671 827 4728 illis
882 4672 940 4726 in
999 4671 1141 4728 locis
1195 4673 1565 4742 antefertur).
1626 4673 1841 4729 Istrum
1909 4689 2046 4728 cum

401 4761 681 4816 uxoribus
712 4765 770 4816 et
797 4760 998 4818 liberis
1027 4761 1406 4831 trajicientes,
1465 4765 1719 4817 rectores
1769 4761 2048 4818 ﬁnitima-

400 4867 531 4905 rum
580 4849 814 4906 urbium
857 4849 1138 4923 magister
1182 4850 1547 4922 Nicephorus
1586 4850 1944 4918 Botaniates,
1993 4855 2052 4907 et

401 4939 684 5012 magister
738 4939 991 4995 Basilius
1049 4944 1370 5011 Apocapes,
1425 4939 1675 4996 transitu
1743 4940 2052 5012 prohibere

401 5029 624 5085 frustra
655 5029 871 5096 conati,
902 5027 1072 5084 victis
1103 5027 1456 5100 legionibus,
1488 5028 1662 5084 ambo
1719 5028 1872 5101 capti
1913 5034 2054 5086 sunt

401 5123 458 5174 et
487 5118 721 5173 abducti
752 5135 786 5173 a
816 5117 1115 5188 Barbaris,
1145 5117 1244 5188 qui
1298 5117 1566 5173 Danubio
1598 5123 1894 5190 superato,
1926 5135 2052 5175 om-

403 5224 536 5262 nem
584 5209 714 5275 ejus
767 5211 1017 5262 tractum
1085 5205 1541 5277 compleverunt.
1595 5207 1739 5262 Nam
1791 5208 2054 5280 plerique

2161 4669 2409 4742 ζινάκων,
2441 4668 2530 4725 καὶ
2586 4671 2723 4725 κατὰ
2769 4668 2956 4746 γένους
2999 4668 3276 4745 ἔπεροχην
3330 4669 3417 4723 καὶ
3476 4667 3616 4722 κατὰ
3673 4664 3827 4738 πλή-

2158 4759 2285 4820 θους
2318 4754 2627 4834 ὑπερϐολὴν
2672 4757 2819 4835 παρὰ
2870 4763 2989 4820 τοῖς
3039 4759 3332 4820 Σκυθικοῖς
3383 4755 3820 4834 προτιμώμενον

2159 4841 2352 4921 ἔθνεσι)
2400 4849 2493 4903 τὸν
2539 4850 2752 4924 ’Ἰστρον
2799 4846 3054 4923 παγγενεὶ
3099 4841 3501 4918 διαϐαίνοντος,
3529 4843 3827 4922 ἐπειράθη-

2162 4958 2253 4991 σαν
2310 4937 2403 5011 μὲν
2455 4938 2511 4992 οἱ
2566 4958 2674 4992 των
2733 4936 3069 5011 παριστρίων
3109 4934 3328 4991 πόλεων
3359 4933 3622 5012 ἄρχοντες
3655 4933 3821 5008 (ἦσαν

2163 5023 2207 5082 δ’
2235 5028 2384 5082 οὗτοι
2443 5028 2471 5083 6
2533 5025 2825 5103 μάγιστρος
2881 5025 3202 5104 Νικηφόρος
3254 5026 3282 5080 6
3315 5022 3694 5096 Βοτανειάτης,
3726 5023 3825 5078 καὶ

2165 5118 2192 5172 6
2227 5115 2525 5192 μάγιστρος
2580 5113 2872 5179 Βασίλειος
2929 5116 2956 5171 6
3009 5116 3354 5189 Ἀποκάπης)
3411 5113 3655 5191 ἀπεῖρξαι
3717 5112 3829 5168 αὐ-

2162 5210 2280 5269 τοῖς
2323 5207 2423 5276 τὴν
2480 5201 2747 5274 διάϐασιν,
2783 5204 2844 5260 οὗ
2899 5203 3082 5278 μέντοι
3127 5225 3192 5281 γε
3241 5201 3614 5276 ἠδυνήθησαν.
3645 5199 3830 5259 Ἀλλὰ

405 5296 806 5365 consentiunt,
841 5313 1045 5352 eorum
1079 5296 1175 5366 qui
1233 5313 1398 5351 arma
1428 5297 1575 5353 ferre
1606 5302 1870 5369 possent,
1903 5298 2026 5353 ultr;

2167 5295 2435 5369 συμμίξαν
2492 5293 2638 5372 σφίσι
2695 5294 2758 5349 τὸ
2819 5288 3114 5370 βάρϐαρον,
3147 5294 3244 5364 τήν
3299 5313 3358 5348 τε
3415 5295 3672 5348 συνοῦσαν
3727 5287 3829 5345 αὖ·

404 5385 709 5458 sexaginta
730 5385 915 5442 millia
933 5385 1278 5443 fuisse.lnde
1291 5385 1585 5459 progressi
1602 5403 1671 5444 ex
1700 5387 2026 5445 Macedonia

2167 5389 2283 5448 τοῖς
2337 5382 2749 5461 κατηγωνίσατο
2808 5383 3082 5459 στρατιὰν,
3141 5381 3231 5438 καὶ
3285 5380 3415 5447 τοὺς
3496 5378 3829 5455 εἰρημένους

1687 5549 1892 5611 Varia:
1921 5549 2220 5612 lectiones
2253 5554 2313 5609 et
2340 5553 2532 5610 notae.

475 5698 586 5770 (56)
620 5696 934 5772 Δουκίτζης.
971 5703 1051 5760 ita
1080 5701 1417 5776 appellatur
1436 5701 1496 5758 in
1527 5702 1812 5760 Chronico
1836 5700 2114 5776 annoymi
2143 5701 2418 5759 Barensis
2449 5701 2578 5758 loco
2606 5699 2866 5759 laudato.
2906 5701 3052 5758 Vide
3097 5699 3365 5758 Familia:
3395 5699 3743 5774 Byzantina:
3761 5697 3832 5757 in

406 5792 641 5846 Ducena
671 5786 916 5850 familia.
