4126 6362
1741 373 2069 437 JOANNIS
2113 371 2464 439 ZONARIE

3693 389 3821 452 σεο

390 509 659 568 nonnihil
690 511 1132 577 retunderetnr,
1155 509 1255 566 illo
1287 509 1686 566 armiseorum
1708 506 2038 563 resistente.

2159 507 2465 584 αφαίρετον.
2499 509 2579 566 Οὔ
2635 511 2743 588 γὰρ
2787 509 2860 568 δι’
2888 511 3185 570 ἀκολασίαν
3244 515 3415 588 αὐτήν
3468 539 3650 596 φασιν,
3701 519 3826 579 οὔδ’

393 600 523 656 Fuit
543 605 739 656 autem
771 606 828 656 et
858 616 1070 672 genere
1101 599 1317 654 illustri
1351 603 1606 665 ortus,et
1636 598 1810 652 rebus
1837 595 2044 668 gentis

391 689 607 745 clarus.
629 691 813 757 Cujus
848 696 1010 761 pater
1039 705 1174 744 cum
1208 687 1453 743 Romani
1487 686 1686 759 Argyri
1711 691 1944 758 neptem
1977 702 2048 741 ex

391 778 567 833 fratre
592 795 826 832 uxorem
879 777 1143 842 haberet,
1203 776 1364 847 regni
1425 773 1677 831 affectati
1723 773 2046 844 convictus,

391 869 652 940 seipsum
687 865 1093 938 pracipitavit,
1130 882 1199 920 ne
1233 864 1660 937 quaestionibus
1721 861 2044 932 adhibitus,

393 964 661 1020 conscios
711 964 957 1036 prodere
1014 967 1336 1034 cogeretur.
1411 961 1513 1017 Hic
1571 977 1705 1016 vero
1764 960 2049 1032 Diogenes

393 1055 692 1110 Romanus
734 1052 1173 1108 vestarcharum
1243 1051 1522 1123 dignitate
1578 1054 1844 1116 ornatus,
1903 1056 1958 1104 et
2015 1066 2050 1105 a

394 1148 551 1198 Duca
572 1142 820 1197 Sardicaa
846 1142 963 1196 dux
1017 1141 1357 1210 designatus
1411 1142 1621 1203 fuerat,
1662 1142 1719 1193 et
1759 1154 1891 1194 cum
1931 1137 2049 1194 illic

391 1230 608 1288 alicubi
657 1231 714 1286 in
767 1230 1108 1286 Patzinacas
1156 1230 1481 1293 incidisset,
1557 1226 1758 1283 multis
1817 1226 2047 1297 occisis,

393 1337 496 1375 nec
555 1319 933 1390 paucioribus
993 1318 1203 1390 captis,
1252 1322 1309 1372 et
1352 1317 1612 1372 viventes
1662 1321 1718 1370 et
1766 1331 2049 1372 caesorum

392 1409 588 1482 capita
617 1408 864 1464 miserat
889 1408 959 1462 ad
984 1407 1440 1478 imperatorem:
1473 1423 1506 1462 a
1527 1423 1642 1478 quo
1673 1421 1742 1460 ea
1772 1404 1843 1460 de
1874 1421 2052 1462 causa

388 1499 700 1553 vestarcha
789 1497 1131 1565 designatus
1229 1495 1438 1566 fuerat,
1518 1512 1652 1550 cum
1712 1495 2054 1552 honorificis

388 1585 628 1653 litteris,
665 1585 882 1658 quibus
914 1583 1226 1651 scribebat,
1260 1601 1382 1639 eam
1421 1583 1748 1655 dignitatem
1801 1585 1890 1640 illi
1939 1599 2049 1638 non

388 1674 608 1742 donari,
639 1672 731 1729 sed
757 1689 854 1744 pro
885 1672 1096 1742 egregii
1123 1674 1395 1742 facinori:
1411 1675 1870 1729 remuneratione
1899 1672 2047 1728 dari.

389 1763 516 1820 Illic
547 1761 727 1834 igitur
757 1779 891 1818 cum
922 1766 1138 1834 ageret,
1167 1777 1227 1817 se
1258 1762 1330 1818 ad
1364 1762 1774 1833 occupandum
1801 1778 2050 1833 regnum

391 1851 659 1926 parabat.
695 1851 924 1920 cognito
958 1851 1332 1922 imperatoris
1365 1851 1548 1906 obitu.
1583 1852 1704 1916 Quo
1727 1853 1855 1921 ejus
1911 1867 2049 1906 con-
2086 1884 2130 1949 Β

391 1940 522 1999 silio
560 1939 878 2008 intellecto,
939 1939 1278 2012 imperatrix
1351 1955 1486 1995 eum
1556 1940 2054 2012 comprehenden-

392 2034 533 2088 dum
564 2034 815 2086 curarat.
851 2032 932 2086 Ita
963 2030 1021 2086 in
1055 2029 1306 2085 vinculis
1338 2029 1680 2102 Byzantium
1708 2031 2053 2103 perductus,

392 2120 670 2176 facinoris
701 2119 1086 2189 convincitur,
1101 2123 1158 2174 et
1190 2124 1256 2174 ut
1285 2118 1597 2174 insidiator
1625 2119 2054 2176 condemnatus

392 2210 554 2266 intra
582 2210 956 2282 praescriptos
987 2209 1205 2264 limites
1265 2214 1579 2264 coercetur.
1646 2209 1860 2264 Deinde
1919 2226 2053 2264 rur—

393 2316 498 2355 sus
552 2304 616 2354 ut
672 2299 1099 2354 condemnatus
1157 2299 1228 2354 ad
1282 2297 1542 2354 tribunal
1603 2298 2050 2370 imperatorium

393 2388 729 2456 adducitur,
757 2392 821 2442 ut
851 2388 1144 2444 sententia
1188 2387 1244 2442 in
1303 2387 1601 2460 eumllata
1648 2387 2048 2444 conﬁrmetur.

394 2489 613 2542 Verum
681 2485 958 2541 omnibus
1045 2485 1376 2540 astantibus
1465 2484 1868 2540 misericordia
1944 2484 2052 2540 viri

393 2573 658 2644 incessit,
712 2579 769 2628 et
817 2573 999 2629 animi
1051 2572 1391 2629 doluerunt.
1459 2574 1572 2629 Nec
1626 2574 1784 2629 enim
1845 2574 2050 2629 robore

393 2663 682 2719 duntaxat
713 2669 838 2718 erat
896 2661 1368 2734 incomparabili,
1439 2663 1542 2717 sed
1629 2663 1818 2718 lorma
1873 2661 2048 2718 etiam

394 2752 734 2826 praestandi.
766 2754 840 2808 Ac
871 2751 1239 2823 imperatrice
1272 2769 1388 2807 una
1419 2768 1551 2807 cum
1609 2752 1834 2806 casteria
1890 2750 2052 2807 illius

395 2842 660 2910 miserta,
695 2859 766 2896 an
803 2858 938 2897 vero
961 2857 1158 2896 amore
1189 2856 1424 2913 quoque
1456 2845 1648 2911 capta,
1700 2841 1894 2896 dicere
1935 2857 2050 2895 non

395 2947 662 3003 possum,
709 2931 1002 2986 sententia
1067 2930 1441 2985 damnatoria
1511 2930 1570 2985 in
1626 2928 2048 2986 absolutoriam

397 3023 776 3088 commutata,
834 3019 1081 3074 crimine
1147 3018 1396 3087 solutus,
1481 3019 1540 3074 in
1619 3019 2049 3090 Cappadociam

395 3110 648 3182 patriam
682 3108 824 3165 abit.
861 3107 1207 3180 Imperatrix
1235 3125 1370 3164 vero
1403 3125 1535 3164 eum
1561 3124 1628 3162 ex
1659 3108 1864 3164 itinere
1894 3109 2045 3165 277

393 3203 752 3265 revocatum,
788 3197 1137 3271 magistrum
1170 3202 1228 3252 ct
1273 3199 1483 3253 ducem
1539 3199 1840 3270 copiarum
1899 3196 2051 3252 desi-

395 3292 557 3359 gnat.
591 3287 856 3359 Cumque
894 3288 1020 3358 jam
1067 3303 1268 3342 secum
1310 3285 1736 3352 constituisset,
1789 3303 1925 3342 eum
1987 3289 2051 3340 ut

397 3377 589 3432 virum
624 3375 1036 3445 fortissimum,
1089 3375 1503 3447 imperatorem
1563 3392 1780 3445 creare,
1849 3381 2049 3430 tamen

387 3465 777 3536 jurejurando
799 3471 858 3520 et
889 3464 1249 3537 syngrapha,
1280 3481 1458 3536 quam
1490 3481 1524 3520 a
1574 3462 1925 3535 patriarcha,
1956 3462 2052 3517 cui

396 3555 754 3610 asservanda
785 3555 920 3609 data
949 3559 1094 3619 erat,
1133 3558 1537 3624 recuperatam
1576 3552 1827 3618 volebat,
1873 3551 2055 3623 impe-

393 3641 687 3698 diebatur.
768 3643 884 3698 Init
939 3641 1122 3715 igitur
1173 3643 1512 3712 improbum
1570 3647 1630 3696 et
1686 3640 2050 3712 profundum

389 3731 918 3803 consilium,idque
949 3749 1080 3787 cum
1100 3731 1507 3787 cunuchorum
1527 3745 1768 3785 suorum
1793 3729 2052 3800 quodam

389 3821 816 3886 communicat,
850 3820 952 3877 illo
985 3820 1258 3875 ministro
1290 3836 1393 3891 pro
1426 3818 1636 3873 lenone
1663 3835 1789 3882 usa,
1823 3821 2053 3872 monet-

385 3925 500 3982 que
521 3910 1018 3981 quemadmodum
1042 3925 1177 3965 cum
1198 3907 1531 3980 patriarcha
1555 3907 1850 3978 agendum
1873 3909 2052 3975 esset,

391 4009 446 4064 Is
475 4025 608 4063 cum
645 4008 916 4079 pontiﬁce
949 4022 1340 4079 congressus:
1372 4003 1767 4075 Scitodnquit,
1801 4005 2048 4070 domine,

389 4098 802 4167 imperutricem
830 4098 1046 4167 nepotis
1078 4097 1164 4150 tui
1192 4110 1384 4150 amore
1413 4101 1628 4160 captam
1647 4092 2053 4160 es:e(habebat

380 4191 539 4246 enim
571 4196 840 4262 nepotem
875 4190 1126 4245 Bardam
1173 4187 1614 4242 adolescentem
1679 4184 1965 4240 lascivum
1995 4188 2052 4241 et

381 4280 464 4334 rei
495 4296 751 4334 venerea
782 4278 1091 4349 deditum),
1129 4282 1189 4331 et
1217 4275 1402 4344 addit,
1424 4274 1567 4345 quod
1593 4275 1643 4328 si
1669 4279 1732 4329 tu
1760 4275 2048 4340 annueris,

385 4369 487 4423 hoc
527 4371 703 4440 est,si
723 4366 1110 4440 jurisjurandi
1151 4364 1575 4435 chirographum
1618 4364 1671 4418 ei
1727 4363 2048 4418 reddideris.

383 4462 436 4512 et
459 4459 802 4527 persuaseris
830 4457 1068 4511 multum
1096 4471 1166 4510 ea:
1193 4470 1263 4509 ea
1288 4469 1350 4508 re
1393 4452 1696 4522 periculum
1720 4453 1830 4522 ipsi
1861 4453 2047 4506 immi-

381 4560 540 4609 nere,
570 4547 759 4600 statim
815 4561 940 4599 eam
967 4545 1167 4614 fratri:
1223 4543 1310 4597 tui
1349 4541 1467 4612 ﬁtio
1498 4549 1821 4608 nupturam,
1853 4545 1904 4594 et
1950 4555 2046 4610 po-

2157 597 2482 687 ἠπηθεὶσαν
2528 596 2762 687 ἡδονῆς,
2815 601 2979 676 ἑαυτῇ
3031 605 3408 678 προσαρμόσαι
3475 607 3567 662 τὸν
3625 613 3818 687 Διογέ-

2154 705 2277 773 νην,
2335 683 2464 740 ἀλλ’
2521 687 2596 750 ὡς
2657 685 2824 764 ἄνδρα
2881 687 3226 768 δραστήριον,
3276 695 3368 748 καὶ
3442 695 3509 750 τὰ
3574 683 3822 773 πολέμια

2157 768 2405 846 δόκιμον,
2455 774 2545 830 καὶ
2587 777 2686 844 τήν
2729 777 2888 854 ίσχὺν
2937 778 3346 856 ἁπαράμιλλον,
3391 783 3678 855 ἐπιστῆσαι
3721 768 3822 844 ἀὐ-

2155 861 2246 916 τὸν
2277 867 2346 938 τῇ
2382 863 2558 940 ἀρχῇ,
2586 863 2661 918 τίν’
2708 868 2742 937 ἡ
2801 863 3106 944 βαρϐαρική
3147 872 3290 944 φορά
3347 871 3664 949 ἰπισχεθείη
3723 879 3823 932 πό-

2158 972 2288 1020 σως,
2345 952 2510 1008 αὐτοῦ
2563 955 2780 1020 τούτοις
2847 957 3248 1034 ἆντερείσαντος
3295 961 3424 1024 τοὺς
3491 965 3817 1041 βραχίονος.

2157 1051 2256 1105 Ἦν
2288 1048 2336 1104 δ’
2365 1050 2561 1136 ὁῗάνὴρ
2589 1053 2747 1116 οὗτος
2778 1055 2870 1110 καὶ
2899 1060 3007 1111 τῶν
3058 1056 3118 1111 ἐκ
3163 1056 3350 1132 γένους
3399 1057 3695 1136 λαμπρῶν,
3727 1065 3818 1120 καὶ

2156 1144 2263 1229 τῶν
2293 1135 2598 1229 διαϐοήτων
2627 1142 2713 1197 ἐπὶ
2741 1149 2857 1206 τοῖς
2887 1142 3191 1221 ἀνδραγαθή
3204 1168 3386 1218 μασιν.
3419 1149 3497 1206 υῦ
3634 1154 3816 1229 πατὴρ

2157 1227 2182 1284 ι
2230 1229 2240 1249 ’
2283 1225 2336 1283 ’δ
2370 1227 2401 1284 λ
2447 1229 2474 1285 ό
2580 1228 2607 1286 δ
2750 1237 2775 1248 υ
3039 1233 3053 1254 '
3373 1238 3383 1256 '
3609 1244 3632 1255 θ
3787 1225 3810 1262 λ

2187 1249 2226 1282 π
2271 1249 2304 1284 α
2341 1249 2365 1284 ε
2407 1251 2442 1307 φ
2478 1251 2574 1285 παι
2617 1253 2631 1285 ι
2678 1253 2778 1287 του
2832 1232 3256 1308 βασιλευσαντος
3313 1237 3486 1293 παλαι
3539 1260 3636 1294 του
3683 1262 3820 1298 κατα

2157 1316 2283 1378 τοὺς
2337 1318 2634 1395 Ἀργυροὺς
2690 1320 2972 1396 Ῥωμανοῦ
3049 1320 3316 1394 κηδεστὴς
3401 1329 3658 1402 γεγονὼς,
3726 1331 3815 1386 καὶ

2158 1403 2247 1459 ἐπὶ
2303 1405 2577 1483 τυραννίδι
2632 1407 2821 1481 ἁλοὺς,
2868 1411 3052 1466 ἑαυτὸν
3113 1415 3567 1487 κατεκρήμνισεν,
3595 1415 3686 1473 ’ίνα
3736 1421 3813 1491 μὴ

2160 1492 2357 1558 ἐκεῖθεν
2407 1497 2696 1570 κρατηθεὶς
2749 1499 2988 1576 γνωρίσῃ
3055 1500 3182 1564 τοὺς
3265 1503 3582 1580 συνίστορας
3635 1505 3822 1577 ἐταζό-

2163 1604 2346 1655 μενος,
2405 1585 2687 1641 κάντεῦθεν
2741 1589 2831 1642 καὶ
2881 1588 3030 1644 οὗτοι
3106 1597 3488 1667 τιμωρηθῶσι.
3549 1595 3820 1669 Τετίμητο

2160 1669 2217 1726 δὶ
2245 1677 2324 1745 τῷ
2355 1678 2460 1728 τῶν
2493 1675 2808 1752 βεσταρχῶν
2859 1678 3147 1752 ἀξιώματι.
3183 1679 3316 1754 Δοὺξ
3367 1683 3472 1757 γὰρ
3525 1685 3674 1760 παρὰ
3719 1685 3820 1741 τοῦ

2161 1761 2336 1816 Δούκα
2389 1769 2492 1832 τῆς
2540 1761 2814 1838 Σαρδικῆς
2859 1768 3121 1844 γεγονὼς,
3156 1770 3244 1824 καὶ
3297 1772 3658 1841 Πατζινάκαις
3708 1774 3823 1831 ἐκεῖ

2160 1871 2264 1905 που
2317 1853 2650 1929 περιτυχὼν,
2686 1854 2776 1910 καὶ
2833 1856 3047 1919 τούτοις
3100 1853 3423 1931 συμϐαλὼν,
3455 1860 3704 1926 πολλούς
3759 1885 3822 1920 τε

2165 1937 2415 2008 διώλεσε,
2473 1941 2563 1995 καὶ
2621 1942 2683 1996 οὐ
2746 1944 2929 2017 μείους
2985 1945 3315 2023 ἐζώγρησεν,
3371 1950 3444 2004 ὧν
3521 1949 3649 2014 τοὺς
3720 1953 3816 2026 μὲν

2162 2028 2474 2118 ἑαλωκότας
2535 2031 2729 2101 ζωοὺς,
2758 2038 2866 2088 τῶν
2927 2031 2974 2089 δ’
3020 2033 3372 2114 ἐσφαγμένων
3425 2039 3520 2102 τὰς
3577 2039 3816 2118 κεφαλὰς

2163 2117 2375 2180 στείλας
2416 2124 2496 2192 τῷ
2558 2119 2791 2195 βασιλεῖ,
2827 2125 3142 2199 Βεστάρχης
3197 2126 3486 2199 τετίμητο,
3514 2117 3818 2204 γράψαντος

2164 2207 2220 2262 δὲ
2260 2208 2358 2262 τοῦ
2405 2214 2735 2284 κρατοῦντος
2769 2210 2934 2283 αὐτῷ,
2971 2213 3044 2274 ὡς
3089 2214 3164 2269 Οὐ
3214 2211 3389 2290 δῶρόν
3443 2237 3556 2284 σοι,
3587 2218 3632 2273 ὦ
3691 2227 3814 2274 Διο-

2159 2317 2324 2371 γενες,
2368 2297 2432 2380 τὸ
2490 2297 2724 2371 ἀξίωμα,
2782 2305 2880 2355 τοῦ
2939 2298 2984 2356 δ’
3042 2299 3536 2378 ἀνδραγαθήματος
3581 2302 3814 2380 ἀμοιϐή.

2162 2379 2462 2460 Διατρίϐων
2541 2385 2631 2441 οὖν
2743 2387 2855 2443 ἐκεῖ
2887 2436 2899 2460 ,
2956 2397 3282 2465 τυραννῆσαι
3368 2379 3816 2468 παρεσκευάζετο,

2160 2481 2275 2537 ἐπεὶ
2333 2481 2472 2558 ἔγνω
2526 2485 2770 2541 τεθνᾶναι
2819 2487 2910 2542 τὸν
2948 2487 3341 2565 αὐτοκράτορα.
3374 2491 3462 2553 Ὦς
3491 2489 3539 2546 δ’
3567 2491 3813 2566 ἐμηνύθη

2158 2576 2228 2645 τῇ
2287 2570 2582 2649 Βασιλίσσῃ
2642 2576 2705 2630 τὸ
2767 2575 3048 2650 βούλευμα
3115 2581 3212 2632 τοῦ
3286 2575 3502 2653 ἀνδρὸς,
3559 2580 3814 2637 στείλασα

2160 2661 2415 2737 συνέσχεν
2473 2661 2655 2732 αὐτὸν,
2685 2664 2775 2718 καὶ
2827 2661 2980 2740 ἤχθη
3033 2662 3321 2738 δεσμώτης
3371 2667 3447 2731 εἷς
3498 2669 3561 2723 τὸ
3617 2670 3817 2738 Βυζάν-

2159 2770 2297 2819 τιον,
2355 2750 2444 2804 καὶ
2495 2750 2774 2827 ἐλεγχθεὶς
2846 2754 2921 2815 ὡς
2979 2749 3296 2823 ὶπίϐουλος,
3348 2757 3662 2832 κατεκρίθη,
3721 2757 3814 2812 καὶ

2159 2839 2294 2900 τὲως
2355 2839 2528 2914 ὁρίοις
2593 2838 2946 2912 κατεκλείσοη
3019 2849 3440 2918 περιγραπτοῖς.
3497 2846 3606 2900 Εἶτ’
3663 2843 3818 2909 αὖθις

2161 2929 2234 2991 ὡς
2267 2927 2589 3004 κατάκριτος
2618 2929 2838 3000 εἰσῆκτο
2894 2933 3032 3007 πρὸς
3085 2934 3147 2987 τὸ
3208 2934 3364 3007 βῆμα
3416 2931 3482 3003 δὴ
3543 2935 3608 2989 τὸ
3662 2933 3817 3009 βασί-

2161 3016 2330 3086 λειον,
2358 3016 2429 3072 ’ἶν’
2461 3021 2496 3088 ἡ
2545 3021 2729 3096 ψῆφος
2774 3019 3049 3094 κυρωθείη
3100 3023 3216 3076 κατ’
3246 3021 3434 3078 αὐτοῦ.
3470 3019 3666 3085 Ἔλεος
3716 3021 3814 3077 οὗν

2161 3105 2329 3181 εἰσῄει
2359 3110 2456 3160 τοῦ
2486 3104 2680 3182 ἀνδρὸς
2732 3106 2863 3170 τοὺς
2913 3112 3286 3182 παρεστῶτας,
3319 3110 3408 3164 καὶ
3467 3116 3628 3166 πᾶσιν
3686 3111 3816 3166 ἐπα-

2159 3194 2371 3250 θαίνετο
2402 3198 2435 3264 ἡ
2468 3197 2647 3270 ψυχή.
2675 3201 2770 3250 Ἦν
2799 3195 2902 3270 γὰρ
2935 3196 2996 3250 οὐ
3032 3196 3190 3268 μόνον
3235 3197 3334 3265 τήν
3386 3196 3548 3273 ἴσχὺν
3607 3199 3816 3272 ἀπαρά-

2080 3251 2123 3318 C
2165 3283 2386 3356 μιλλος,
2717 3251 2922 3338 ἰδέσθαι
2951 3251 3139 3346 καλός.
3175 3251 3484 3350 Sevi-nues:

2157 3377 2268 3426 τῶν
2299 3369 2487 3428 ἄλλων
2518 3373 2608 3426 καὶ
2639 3375 2674 3442 ἡ
2720 3370 2938 3448 βασιλὶς
2971 3373 3054 3428 ἐπ’
3085 3373 3252 3446 αὐτῷ,
3283 3375 3374 3429 καὶ
3423 3377 3603 3439 οἶκτος
3658 3373 3826 3433 ἔλαϐε

2158 3464 2256 3515 τοῦ
2287 3457 2477 3536 ἀνδρὸς
2525 3461 2617 3516 καὶ
2663 3462 2854 3532 αὐτὴν,
2888 3460 2941 3516 εἷ’
2989 3461 3046 3517 δὶ
3092 3463 3183 3518 καὶ
3233 3461 3395 3539 ἔρως,
3427 3464 3529 3520 οὐκ
3575 3464 3691 3542 ἔχω
3736 3465 3824 3522 λὲ-

2159 3570 2294 3626 γειν,
2324 3549 2413 3604 καὶ
2447 3548 2563 3604 ἀντὶ
2594 3556 2694 3620 τῆς
2733 3552 2918 3628 ψήφου
2971 3554 3071 3615 τῆς
3131 3551 3421 3628 ὁριζούσης
3477 3553 3666 3627 ἐκείνῳ
3721 3555 3824 3624 τήν

2161 3637 2408 3711 κόλασιν,
2465 3645 2565 3708 τῆς
2635 3636 2912 3701 κολάσεως
2980 3637 3296 3716 ἰλευθεροῦν
3351 3639 3510 3696 αὐτὸν
3566 3641 3820 3714 ἐξήνεκτο

2161 3729 2441 3802 ψήφισμα.
2475 3727 2580 3784 Καὶ
2639 3728 2666 3782 ὁ
2727 3729 2822 3801 μὲν
2883 3728 3066 3790 λυθεὶς
3123 3733 3221 3784 τοῦ
3270 3727 3640 3806 ἐγκλήματος,
3674 3731 3822 3805 ἐξῄει

2161 3817 2299 3892 πρὸς
2349 3818 2448 3886 τὴν
2509 3814 2899 3874 Καππαδοκίαν
2958 3815 3116 3888 (αὕτη
3171 3819 3274 3893 γὰρ
3331 3817 3522 3891 ἐκείνῳ
3578 3821 3818 3895 πατρὶς),

2160 3908 2195 3976 ἡ
2251 3903 2309 3960 δὲ
2361 3904 2575 3981 βασιλὶς
2620 3907 3085 3980 μεταπεμψαμένη
3138 3906 3317 3974 αὐτὸν,
3372 3909 3669 3984 μάγιστρον
3721 3908 3814 3963 καὶ

2162 3994 2538 4070 στρατηλάτην
2589 3996 3011 4070 προεχειρίσατο
3043 3993 3152 4066 ἤδη
3204 3997 3293 4051 καὶ
3349 3995 3575 4073 βασιλέα
3619 4001 3808 4051 τοῦτον

2159 4084 2419 4151 ἀνειπεῖν,
2478 4085 2552 4147 ὡς
2608 4082 2776 4158 ἄνδρα
2831 4084 3056 4158 κρίνασα
3110 4086 3239 4161 παρ’
3293 4085 3458 4162 ἑαυτῇ
3511 4083 3816 4162 γενναιότα-

2157 4196 2272 4229 τον.
2303 4172 2660 4229 Ἀνεκόπτετο
2715 4173 2894 4246 μέντοι
2928 4170 3017 4228 διὰ
3044 4173 3110 4228 τὰ
3164 4173 3342 4247 ὅρκια,
3375 4174 3465 4229 καὶ
3513 4175 3576 4230 τὸ
3625 4171 3820 4250 ἔγγρα-

2159 4284 2281 4341 φον,
2315 4263 2511 4337 ’ὀπαρά
2537 4266 2634 4317 τοῦ
2679 4263 3026 4337 πατριάρχου
3071 4264 3365 4338 τετήρητο.
3406 4262 3505 4318 Καὶ
3561 4265 3627 4332 ἦν
3686 4261 3826 4336 αὖτῇ

2163 4360 2410 4434 μέλημα,
2444 4362 2598 4421 ὅπως
2621 4364 2785 4414 τοῦτο
2815 4358 3082 4434 ἀφέλητο.
3117 4361 3411 4416 Σκέπτεται
3470 4361 3657 4416 τοίνυν
3702 4381 3829 4437 περι

2156 4449 2354 4504 τούτου
2418 4447 2626 4523 βουλὴν
2687 4448 2929 4522 πονηράν
2988 4469 3046 4503 τε
3102 4449 3190 4504 καὶ
3261 4450 3674 4525 βαθυγνώμονα,
3733 4449 3828 4504 καὶ

2155 4537 2361 4607 ταύτην
2416 4536 2602 4610 ἐνίτῳ
2632 4542 2738 4592 τῶν
2796 4537 2922 4613 περὶ
2973 4537 3141 4606 αὐτὴν
3194 4537 3463 4611 ἐκτομιῶν
3522 4543 3824 4610 κοινοῦται,

381 4641 634 4688 testatum
667 4634 1091 4705 imperatoriam
1141 4630 1500 4687 traditurum.
1563 4629 1903 4684 Patriarcha
1955 4628 2048 4683 his

2164 4626 2253 4682 καὶ
2289 4630 2403 4681 οἷον
2458 4631 2773 4701 προαγωγῷ
2823 4625 2904 4699 τῷ
2960 4626 3248 4702 θεράποντι
3296 4625 3592 4704 κέχρηται,
3629 4630 3828 4684 ὑποθε-

382 4720 674 4778 illecebris
727 4721 969 4791 irretito,
1015 4738 1081 4775 ac
1131 4721 1202 4775 de
1271 4724 1428 4774 statu
1502 4718 1716 4774 mentis
1799 4717 2045 4789 dejecto,

382 4819 690 4876 eunuchus
733 4819 1028 4892 postulare
1053 4818 1272 4890 lpergit,
1306 4822 1370 4872 ut.
1421 4821 1760 4871 senatorum
1813 4831 2046 4886 quoque

381 4908 616 4963 animos
648 4913 851 4963 tentet.
911 4907 963 4962 Is
1025 4908 1207 4979 igitur
1267 4904 1638 4961 senatoribus
1697 4904 2041 4976 singulatim

383 4997 683 5053 accersitis
739 4998 862 5054 ait:
914 5002 1182 5068 tempora
1250 4993 1548 5066 postulare
1605 4994 2042 5065 imperatorem,

385 5088 487 5159 qui
521 5086 920 5143 defensionem
956 5085 1293 5156 reipublicae
1352 5083 1660 5155 suscipiat.
1715 5084 2043 5138 Romanum

383 5175 542 5231 enim
574 5174 911 5246 imperium,
946 5173 996 5230 si
1051 5191 1086 5228 a
1144 5171 1496 5228 muliercula
1535 5177 1594 5227 et
1652 5173 1851 5244 pueris
1902 5171 2044 5227 solis

383 5264 854 5331 administretur,
886 5263 1042 5318 haud
1077 5263 1159 5317 ita
1191 5261 1376 5316 multo
1409 5267 1560 5333 post,
1607 5278 1722 5316 non
1791 5266 2044 5316 remotas

382 5353 670 5407 duntaxat
714 5351 1044 5424 provincias
1115 5355 1174 5405 et
1252 5349 1525 5404 hostibus
1577 5349 1882 5419 finitimas,
1943 5349 2044 5404 sed

385 5441 761 5496 suburbanas
808 5441 987 5495 etiam
1034 5440 1347 5511 perituras.
1406 5439 1506 5494 His
1545 5438 1943 5507 jurisjurandi
1990 5443 2048 5492 et

382 5530 730 5602 syngraphas
764 5529 1281 5602 reprchensionem
1313 5544 1508 5583 aerem
1542 5527 1960 5598 subjungebat,
1989 5531 2047 5581 et

384 5623 618 5674 mortuo
651 5618 988 5690 imperatori
1031 5617 1435 5683 maledicebat,
1472 5615 1642 5687 quasi
1702 5631 1816 5670 non
1858 5613 2049 5686 reipu-

2165 4717 2298 4789 μὲνη
2332 4711 2506 4770 ὁπὸσα
2537 4715 2595 4769 ἂν
2629 4715 2720 4769 καὶ
2757 4717 2848 4770 οἷα
2895 4719 2975 4786 τῷ
3030 4717 3347 4792 πατριάρχῃ
3402 4716 3828 4792 προσομιλήσῃ,

2159 4807 2222 4862 Ὁ
2276 4802 2334 4858 δὲ
2377 4809 2457 4875 τῷ
2507 4805 2755 4879 ἀρχιερεῖ
2804 4802 3150 4879 προσελθών·
3183 4805 3345 4877 Ἳσθί,
3397 4804 3586 4883 φησὶν,
3638 4807 3683 4860 ὦ
3737 4802 3830 4860 δὲ-

2161 4914 2356 4962 σποτα,
2419 4893 2492 4955 ὡς
2551 4892 2686 4968 ἐρῶν
2762 4897 2860 4948 τοῦ
2938 4893 3161 4968 ἀνεψιοῦ
3212 4915 3309 4949 σου
3365 4897 3400 4964 ἡ
3466 4893 3684 4970 βασιλὶς
3738 4894 3832 4967 (ἦν

2159 4983 2264 5059 γὰρ
2320 4982 2536 5056 ἀνεψιὸς
2623 4983 2775 5054 αὐτῷ
2846 4978 3078 5057 Βάρδας,
3131 4981 3248 5045 νὲος
3295 5003 3356 5038 τε
3411 4983 3502 5038 καὶ
3561 4987 3831 5058 σφριγῶν,

2157 5083 2248 5137 καὶ
2298 5078 2630 5157 ἀφροδισίων
2678 5082 3041 5152 ἡττώμενος),
3098 5079 3190 5134 καὶ
3242 5087 3605 5156 προσεπῆγεν,
3637 5079 3712 5142 ὠς
3764 5079 3836 5136 Εἴ

2160 5172 2226 5226 σὺ
2280 5168 2632 5240 ἐπινεύσειας,
2690 5169 2754 5223 τὸ
2807 5165 2855 5223 δ’
2907 5167 3019 5222 ἐστὶ
3075 5169 3138 5222 τὸ
3191 5172 3287 5222 τοῦ
3364 5166 3530 5243 ὅρκου
3587 5169 3650 5224 τὸ
3707 5187 3835 5243 χει-

2159 5259 2432 5336 ρόγραφον
2537 5253 2834 5312 ἀποδοῦναι
2910 5260 2981 5330 τῇ
3071 5255 3385 5332 βασιλίσσῃ,
3468 5257 3558 5312 καὶ
3643 5261 3834 5312 πεῖσαι

2167 5351 2240 5422 μή
2327 5367 2449 5402 τινα
2535 5343 2786 5401 κίνδυνον
2849 5343 2909 5400 ἐκ
2963 5343 3160 5400 τούτου
3245 5345 3584 5419 ἀπηρτῆσθαι
3659 5345 3830 5417 αὐτῇ,

2159 5437 2355 5491 αὐτίκα
2439 5434 2728 5488 συνοικίσει
2809 5434 2902 5507 μὲν
2988 5434 3151 5506 ἑαυτῇ
3231 5432 3324 5487 τὸν
3403 5433 3498 5486 σὸν
3592 5429 3835 5510 ἀδελφό-

2161 5523 2350 5594 παιδα,
2409 5522 2499 5578 καί
2558 5525 2610 5578 o't
2682 5523 2746 5578 τὸ
2825 5522 3027 5599 κράτος
3109 5518 3296 5596 ἕψεται
3381 5522 3443 5577 τὸ
3522 5520 3830 5598 βασίλειον.

2160 5615 2252 5677 Ὠς
2303 5609 2361 5667 δὲ
2403 5611 2620 5674 τούτοις
2663 5612 2693 5668 ’ὀ
2742 5614 3093 5688 πατριάρχης
3127 5605 3664 5688 παραϐουκοληθεὶς,
3696 5607 3833 5668 ὅλον

384 5706 547 5764 blicea
578 5708 796 5776 studio,
829 5708 929 5764 sed
961 5723 1030 5763 ex
1052 5706 1280 5779 privata
1348 5703 1636 5776 zelotypia
1692 5702 2046 5760 inusitatum

2159 5699 2410 5761 ὶνὲδωκεν
2463 5700 2800 5777 δαυτὸνηκαὶ
2847 5706 2954 5758 τῶν
3009 5707 3109 5773 τῆς
3169 5698 3483 5778 συγκλήτου
3542 5696 3755 5776 βουλῆς
3799 5725 3830 5781 δ
