4126 6372
345 427 456 486 261

1615 419 2031 484 ANNALIUM
2073 420 2219 481 LlB.
2267 420 2484 481 XVIII.

3646 418 3768 476 262

343 555 606 631 έκτομίας
661 555 912 631 ἀπῄτητο
957 554 1138 611 θέσθαι
1195 553 1514 630 ἀπόπειραν.
1580 560 1636 610 '0
1685 551 1742 609 δὲ
1786 552 1995 610 τούτων

2121 553 2598 626 iusjurarandum
2627 556 2686 608 et
2729 551 3097 625 syngraphas
3153 549 3384 624 legibus
3429 550 3760 606 contrarias

341 646 572 704 ἕκαστον
641 645 1124 720 προσκαλούμενος
1159 693 1174 719 ,
1258 647 1326 700 τὰ
1397 644 1695 720 πράγματα
1779 649 1956 714 ζητεῖν
1985 688 1999 714 ,

345 733 520 810 ἔλεγε,
574 733 805 812 βασιλέα
859 735 948 790 τὸν
1008 735 1216 790 τούτων
1274 730 1735 809 ἀντιληψόμενον.
1789 731 1856 788 Ei
1900 732 2003 808 γὰρ

346 821 425 881 ἔτι
472 824 688 901 γυναικὶ
741 823 881 898 μόνῃ
932 824 1024 879 καὶ
1079 821 1390 901 παιδαρίοις
1431 828 1598 879 ταῦτα
1653 821 2004 894 διοικηθήσε-

347 936 457 980 ται,
519 913 806 990 οἷχήγεται
879 914 1096 976 πάντως
1171 912 1270 968 οὐκ
1337 913 1413 975 είς
1474 913 1680 988 μακρὰν
1733 911 1812 986 τῷ
1870 913 2002 966 Ῥω-

364 1003 526 1078 μαίων
558 1001 845 1078 ἡγεμονίᾳ,
881 1001 942 1056 ού
969 1003 1038 1057 τὰ
1067 1001 1256 1078 πόρῥω
1292 998 1480 1075 μόνον,
1513 1001 1602 1056 καὶ
1633 1007 1749 1064 τοῖς
1781 1001 2003 1076 ἐχθροῖς

359 1090 744 1169 ἆγχιτέρμονα,
779 1089 924 1147 ἀλλὰ
961 1091 1051 1146 καὶ
1099 1091 1235 1146 αὐτὰ
1283 1091 1351 1146 τὰ
1408 1091 1707 1168 ἀγχίθυμα.
1759 1090 1857 1145 Καὶ
1916 1088 2004 1144 ἐπὶ

353 1180 530 1252 τούτῳ
559 1183 670 1235 τῶν
701 1176 878 1255 ὅρκων
910 1179 1002 1234 καὶ
1031 1183 1128 1234 τοῦ
1184 1178 1460 1259 ἐγγράφου
1500 1179 1717 1249 πολλὴν
1770 1178 2005 1234 ἐποιεῖτο

352 1265 729 1344 καταδρομὴν,
779 1267 869 1322 καὶ
917 1267 1010 1323 τὸν
1070 1266 1300 1343 βασιλέα
1345 1273 1613 1333 τεθνεῶτα
1666 1267 2006 1344 ἐκακηγόρει,

353 1358 430 1420 ὡς
491 1359 568 1430 μὴ
630 1361 727 1411 τοῦ
777 1360 938 1430 κοινῇ
1017 1355 1388 1435 συμφέροντος
1450 1357 1674 1432 θέμενον
1725 1357 2008 1434 πρόνοιαν,

352 1444 483 1502 ἀλλ’
544 1445 604 1500 ὲκ
663 1443 1000 1517 ζηλοτυπίας
1057 1446 1355 1519 έκθέςμους
1414 1441 1610 1523 ὅρκους
1668 1447 2008 1522 ἀπῃτηκότα,

351 1535 444 1590 καὶ
500 1534 793 1610 παράνομα
849 1534 1103 1613 ἔγγραφα.
1155 1535 1378 1598 Τούτοις
1420 1535 1548 1598 τοὺς
1606 1533 1832 1598 πλείους
1889 1556 2012 1590 συν-

2111 644 2421 715 exegisset.
2455 644 2832 710 Quibuscum
2865 642 3129 715 plerique
3179 643 3627 708 assentirentur,
3685 641 3761 697 iis

2115 735 2289 790 etiam
2310 734 2410 804 qui
2428 733 2895 806 refragabantur,
2925 732 3137 802 partim
3158 731 3523 798 muneribus,
3550 731 3764 803 partim

2114 823 2635 895 pollicitationibus
2666 824 2723 877 in
2783 822 3139 877 sententiam
3199 837 3370 876 suam
3425 821 3758 892 pertractis,

2115 909 3348 982 imperatricijurisjurandichirographum
3374 909 3765 974 remittit.Quo

2115 1002 2217 1057 illa
2247 1005 2503 1072 accepto,
2538 999 2850 1056 consilium
2879 1016 3056 1054 suum
3082 1005 3450 1069 exsecutura,
3483 1016 3604 1054 rem
3631 1016 3766 1054 cum

2119 1092 2236 1146 ﬁlio
2269 1097 2412 1146 natu
2448 1092 2686 1161 majore,
2718 1093 2776 1144 et
2805 1091 3045 1155 Caesare,
3098 1090 3160 1143 in
3217 1087 3435 1158 regiam
3488 1089 3768 1144 accersito

2118 1179 2553 1236 communicat:
2586 1178 2687 1249 qui
2724 1194 2858 1233 cum
2913 1177 3213 1250 hymenmo
3267 1177 3653 1246 interfuisset,
3711 1183 3769 1233 et

2121 1269 2414 1341 nuptiales
2447 1271 2702 1323 crateres
2760 1270 3080 1339 gustasset,
3144 1267 3313 1321 nubit
3357 1265 3456 1321 illa
3503 1266 3766 1338 Diogeni.

2120 1359 2213 1415 Sic
2245 1357 2343 1413 ille
2376 1359 2693 1430 imperator
2719 1355 3069 1422 declaratur,
3119 1372 3252 1411 cum
3303 1356 3560 1411 Eudocia
3609 1355 3769 1426 ejus-

2124 1464 2237 1519 que
2269 1447 2373 1502 ﬁlii
2423 1463 2652 1502 menses
2700 1450 2925 1517 septem
2974 1450 3030 1501 et
3087 1445 3212 1500 dies
3258 1444 3483 1517 aliquot
3530 1460 3770 1516 regnas-

2125 1543 2273 1592 sent.

352 1625 672 1697 τιθεμένους
705 1623 958 1700 ἐσχηκὼς
991 1623 1216 1693 ἐκεῖνος,
1251 1623 1302 1680 εἷ’
1333 1623 1390 1680 δέ
1418 1646 1559 1687 τινες
1586 1625 1675 1680 καὶ
1706 1623 2010 1698 ἀντέλεγον,
2031 1622 2159 1689 τοὺς
2193 1625 2286 1698 μὲν
2319 1621 2542 1699 δώροις,
2599 1621 2727 1686 τοὺς
2782 1618 2830 1676 δ’
2891 1622 3219 1697 ὑποσχέσεσι
3268 1618 3772 1695 συμψήτιθεμένους

353 1711 548 1774 πείσας
580 1713 731 1784 αὗτῷ
761 1714 1028 1789 γενέσθαι,
1061 1711 1276 1769 στέλλει
1308 1717 1376 1788 τῇ
1412 1712 1701 1790 βασιλίσσῃ
1730 1715 1791 1769 τὸ
1819 1718 1928 1768 τῶν
1957 1708 2132 1783 ὅρκων
2162 1712 2552 1791 χειρόγραφον.
2600 1716 2662 1768 Ἡ
2711 1708 2769 1766 δὲ
2813 1711 3008 1766 τούτου
3051 1705 3330 1784 λαϐομένη
3385 1709 3460 1774 εἷς
3503 1707 3662 1785 ἔργον
3709 1710 3773 1764 τὸ

359 1800 646 1877 βούλευμα
676 1799 984 1871 ἀπετέλεσε,
1016 1800 1106 1856 καὶ
1140 1799 1322 1876 ἄγεται
1359 1803 1450 1876 μὲν
1477 1803 1570 1858 τὸν
1598 1801 1880 1878 Διογένην,
1915 1802 2004 1857 καὶ
2031 1802 2212 1875 τούτῳ
2252 1801 2618 1878 συζεύγνυται.
2653 1804 2937 1855 Κοινοῢται
2969 1798 3027 1855 δὲ
3055 1800 3153 1868 τὴν
3187 1799 3375 1875 πρᾶξιν
3411 1803 3491 1872 τῷ
3539 1795 3774 1875 πρεσϐυ-

352 1891 501 1965 τέρῳ
528 1910 586 1945 τε
609 1894 718 1945 τῶν
745 1891 897 1959 υἱῶν,
928 1891 1019 1946 καὶ
1050 1895 1130 1964 τῷ
1161 1890 1386 1968 Καίσαρι
1421 1892 1813 1964 μετακληθέντι
1853 1892 1988 1967 πρὸς
2016 1892 2084 1946 τὰ
2117 1892 2386 1968 βασίλεια,
2417 1890 2508 1945 καὶ
2545 1889 2872 1965 μετασχόντι
2901 1894 3009 1945 τῶν
3048 1888 3336 1961 ὑμεναίων,
3361 1888 3452 1944 καὶ
3495 1893 3603 1944 τῶν
3655 1887 3774 1943 έπι-

360 1977 578 2054 γαμίων
610 1978 1033 2052 ἀπογευσαμένῳ
1057 1980 1344 2054 κρατήρων
1379 1982 1514 2053 (69),
1545 1981 1634 2036 καὶ
1670 1978 1930 2054 Διογένης
1967 1978 2220 2056 βασιλεὺς
2250 1980 2606 2056 ἀνηγόρευτο,
2649 1985 2750 2048 τῆς
2811 1975 3093 2054 βασιΛίδος
3147 1975 3411 2039 Εὐδοκίας
3483 1978 3616 2051 μετά
3671 1981 3776 2031 τῶν

359 2068 522 2122 υἱέων
556 2066 789 2142 ἀρξάσης
819 2067 908 2121 ἐπὶ
942 2074 1118 2140 μῆνας
1148 2067 1283 2122 ἑπτὰ
1311 2069 1400 2123 καὶ
1431 2070 1641 2144 ἡμέρας
1669 2069 1840 2132 τινάς.

431 2157 543 2212 ΙΛ’.
574 2157 856 2229 Ῥωμανὸς
907 2154 965 2211 δὲ
1003 2159 1031 2212 ὁ
1081 2155 1352 2232 Διογένης
1407 2164 1508 2227 τῆς
1565 2161 1672 2212 τῶν
1722 2157 2005 2236 Ῥωμαίων

2188 2160 2280 2215 XI.
2341 2160 2641 2216 Romanus
2698 2159 2989 2231 Diogenes
3051 2159 3448 2214 Romanorum
3519 2157 3766 2229 imperio

359 2243 543 2320 ἀρχῆς
587 2244 878 2322 γενόμενος
925 2244 1210 2322 ἐγκρατὴς,
1263 2245 1324 2300 οὐ
1371 2247 1508 2301 κατᾶ
1535 2247 1630 2309 τὰς
1661 2245 1883 2310 ἐλπίδας
1912 2255 2013 2317 τῆς

365 2332 765 2410 βασιλευσάσης
816 2333 976 2389 αὐτὸν
1025 2331 1285 2396 Εύδοκίας
1360 2330 1714 2406 ἀποϐεϐήκει.
1791 2337 1855 2393 Ἡ
1919 2337 2012 2410 μὲν

358 2421 466 2495 γὰρ
525 2419 586 2474 έκ
641 2421 1009 2496 κατακρίτου,
1067 2421 1158 2476 καὶ
1231 2419 1340 2492 ἤδη
1402 2419 1596 2498 σχεδὸν
1661 2425 1753 2478 τὸν
1813 2422 2014 2497 δήμιον

361 2507 699 2587 ἐφεστηκότα
755 2510 994 2584 ὁρῶντος
1053 2509 1219 2583 αὐτῷ,
1261 2509 1324 2566 οὗ
1380 2511 1544 2585 μόνον
1601 2510 1852 2568 κινδύνου
1880 2535 2016 2588 προ-

361 2601 564 2674 φανοῦς
640 2597 998 2672 ἐξαρπάσασα,
1072 2597 1219 2655 ἀλλὰ
1281 2600 1368 2654 καὶ
1439 2598 1780 2672 τηλικαύτης
1834 2602 2016 2679 ἀρχῆς

362 2686 656 2758 ἀξιώσασα,
735 2683 872 2760 ᾤετο
949 2686 1002 2742 έν
1058 2692 1219 2742 πᾶσιν
1275 2682 1420 2764 ἔχειν
1477 2693 1668 2745 τοῦτον
1729 2691 2014 2748 ὑπείκοντο

361 2776 452 2830 καὶ
508 2775 678 2843 αὐτὴν
737 2777 1022 2851 κατέρχειν
1083 2779 1179 2831 τοῦ
1241 2776 1658 2854 βασιλεύοντος.
1706 2781 1766 2837 Ὁ
1826 2778 1885 2836 δὶ
1925 2783 2016 2836 καὶ

366 2861 553 2926 ἄλλως
586 2860 660 2918 ὢν
695 2861 1018 2933 ἀλαζονικὸς
1049 2865 1139 2920 καὶ
1168 2863 1506 2935 ἀδούλωτος,
1540 2865 1624 2922 ἐπ’
1681 2866 1866 2944 ὀλίγον
1921 2872 2016 2944 μὶν

375 2953 698 3028 βιασάμενος
744 2953 808 3008 τὸ
851 2955 982 3023 ἦθος
1013 3001 1027 3026 ,
1077 2955 1340 3010 ὑπέπιπτε
1384 2960 1504 3017 ταῖς
1548 2962 1648 3026 τῆς
1695 2956 2016 3033 Αὐγούστης

382 3039 644 3110 θελήσεσι,
714 3042 803 3096 καὶ
864 3042 1178 3117 ὑπεκρίνετο
1224 3044 1322 3112 τὴν
1373 3043 1706 3102 ὑπόπτωσιν.
1762 3048 1890 3103 Εἶτα
1938 3050 2011 3121 μὴ

373 3129 561 3206 στέγων
619 3131 719 3200 τήν
783 3130 942 3207 βίαν,
999 3131 1142 3208 ταχὺ
1210 3133 1346 3210 πρὸς
1411 3132 1504 3189 τὸν
1559 3133 1759 3190 οἴκεῖον
1810 3136 2012 3212 τρόπον

363 3217 754 3292 ἐπανελήλυθε,
811 3219 901 3275 καὶ
975 3221 1074 3289 τὴν
1156 3223 1400 3291 ὑπακοὴν
1484 3221 1852 3300 ἐδυσχέραινε,
1922 3226 2015 3281 καὶ

358 3304 552 3376 ἤθελεν
642 3308 804 3371 αὐτὸς
877 3310 942 3364 τὸ
1035 3310 1234 3385 κράτος
1297 3313 1548 3387 καθαρῶς
1624 3310 2010 3385 ἀναδήσασθαι.

356 3402 549 3461 Κακῶς
606 3394 666 3452 δὶ
710 3402 818 3452 τῶν
872 3398 1057 3471 Ἐῴων
1111 3396 1462 3474 διακείμενων
1489 3449 1504 3474 ,
1581 3402 1670 3456 καὶ

355 3483 467 3556 ἤδη
521 3487 980 3560 ἀπεγνωσμένων,
1037 3492 1145 3544 τῶν
1208 3486 1267 3544 δὶ
1295 3490 1432 3564 πρὸς
1459 3495 1622 3546 τοῦτο
1654 3492 2009 3567 χωρούντων,

353 3573 696 3649 έκστρατείαν
753 3574 1032 3649 κηρύττει,
1090 3577 1181 3631 καὶ
1236 3579 1467 3654 πήγνυσι
1523 3582 1621 3648 τὴν
1656 3582 1858 3652 σκηνὴν
1909 3582 2011 3651 τὴν

358 3661 637 3740 βασίλειον
689 3665 826 3719 κατὰ
863 3665 926 3719 τὸ
971 3671 1073 3735 τῆς
1118 3666 1293 3739 Ἑῴας
1321 3674 1521 3741 τμῆμα
1573 3669 1635 3724 τὸ
1683 3673 1752 3744 τῇ
1812 3675 2010 3740 Βυζαν-

352 3750 464 3807 τίδι
549 3752 918 3829 άντίπορθμον
955 3773 969 3787 θ
1054 3752 1151 3810 δύο
1230 3753 1398 3812 ταῦτα
1473 3759 2010 3833 πραγματευόμενος,

353 3841 702 3918 ἀποτειχίσαι
753 3862 812 3898 τε
866 3847 984 3906 τοῖς
1034 3838 1339 3920 Βαρϐάροις
1367 3846 1466 3916 τὴν
1500 3843 1716 3924 ἔφοδον,
1748 3847 1839 3903 καὶ
1870 3847 2012 3903 οὕτω

358 3929 652 4006 σωτηρίαν,
686 3931 760 3993 ὡς
794 3929 907 3986 ένὸν
941 3936 1297 4007 πρυτανεῦσαι
1326 3939 1407 4007 τῷ
1454 3935 1703 4009 ὑπηκόῳ,
1744 3937 1833 3991 καὶ
1883 3937 2012 3992 έαυ-

357 4025 442 4090 τῷ
496 4019 775 4096 γαυρίαμά
825 4041 879 4075 τι
903 4023 1382 4097 περιποιήσασθαι,
1414 4024 1504 4078 καὶ
1540 4025 1616 4097 μή
1647 4025 1818 4081 πάντα
1862 4027 2012 4082 ὑπεί-

355 4129 470 4162 κειν
510 4112 579 4182 τῇ
635 4105 901 4184 βασιλίδι,
964 4108 1095 4164 ἀλλ’
1146 4110 1308 4173 αὐτὸς
1363 4111 1674 4188 αύτιιρχεῖν.
1709 4119 1882 4190 ’Ἄρας
1923 4114 2014 4171 οὖν

361 4197 422 4252 ἐκ
451 4202 557 4252 τῶν
623 4195 916 4273 βασιλείων
963 4197 1303 4270 πανοπλίτης
1357 4199 1663 4274 ἐπεραιώθη
1722 4203 1858 4278 πρὸς
1912 4207 2011 4274 τὴν

359 4286 551 4359 Ἐῴαν,
605 4283 716 4341 οὔτ’
775 4285 1076 4362 ἀξιόμαχον
1136 4287 1472 4363 ἐπαγόμενος
1548 4290 1873 4366 στράτευμα,
1925 4294 2012 4349 καὶ

355 4374 383 4430 ὃ
446 4372 503 4429 δὶ
559 4373 820 4452 ἐπείγετο,
880 4375 1082 4450 ἀπορίᾳ
1137 4377 1224 4431 καὶ
1299 4376 1486 4433 ὅπλων
1535 4380 1626 4434 καὶ
1688 4378 1874 4436 ’ίππων
1922 4381 2013 4437 καὶ

352 4466 462 4518 τῶν
512 4461 822 4538 ἀναγκαίων
879 4464 1056 4520 αὐτῶν
1111 4463 1474 4542 έτετρύχωτο.
1520 4469 1619 4525 Ἐκ
1671 4473 1881 4544 μακροῦ
1910 4472 2012 4547 γὰρ

351 4549 888 4626 κατολιγωρηθεῖσαν
981 4554 1080 4622 τὴν
1156 4555 1428 4630 στρατιὰν,
1504 4555 1685 4633 ὣσπερ
1757 4556 2010 4632 εἷ’ρηται,

351 4639 550 4714 ἀθρόον
619 4640 913 4704 ἀνακτῆναι
979 4641 1079 4697 οὐκ
1135 4641 1202 4711 ἧν
1283 4642 1526 4721 εὐχερές.
1595 4646 2010 4722 Ἀθροισθέντων

353 4727 445 4782 οὖν
495 4732 605 4784 τῶν
665 4729 840 4791 οὕτως
891 4728 1131 4806 ἑχόντων
1166 4738 1532 4806 στρατιωτῶν,
1563 4735 1698 4790 κατὰ
1734 4737 1796 4790 τὸ
1873 4739 2014 4810 θέμα

350 4821 458 4871 τῶν
519 4816 910 4887 Ἀνατολικῶν,
968 4821 997 4874 ὃ
1051 4827 1152 4890 τῆς
1182 4820 1425 4897 Φρυγίας
1455 4827 1566 4897 (70)
1600 4824 1682 4889 τίς
1721 4824 1830 4880 ἐστι
1885 4832 2010 4900 μοῖ-

1753 3407 1862 3459 τῶν
1920 3405 2016 3477 μὲν

2131 2250 2367 2316 potitus,
2393 2249 2657 2304 Eudociae
2681 2249 2827 2303 tanti
2853 2248 3067 2321 fastigii
3093 2247 3348 2303 auctoris
3371 2263 3536 2320 spem
3567 2247 3766 2302 elusit.

2126 2341 2261 2404 Quaa
2283 2355 2418 2393 cum
2440 2355 2572 2393 eum
2598 2338 2750 2394 218
2777 2339 3258 2402 condemnatum,
3281 2344 3337 2391 et
3384 2341 3618 2392 tantum
3653 2353 3767 2392 non

2126 2427 2459 2482 carniﬁcem
2495 2427 2714 2482 instare
2752 2427 3066 2492 videntem,
3102 2443 3216 2480 non
3268 2427 3438 2481 modo
3469 2426 3778 2482 manifesto

2128 2517 2386 2589 periculo
2443 2517 2780 2588 eripuisset,
2836 2517 2934 2571 sed
2997 2517 3068 2571 ad
3151 2520 3380 2570 tantum
3455 2515 3772 2587 imperium

2127 2606 2431 2673 evexisset,
2466 2606 2710 2676 putabat
2739 2622 2799 2660 se
2828 2604 2993 2659 illum
3029 2605 3086 2659 in
3146 2604 3424 2660 omnibus
3470 2605 3626 2660 dicto
3678 2621 3776 2660 au-

2127 2694 2383 2750 dientem
2415 2693 2775 2759 habituram,
2805 2699 2861 2748 et
2901 2693 3014 2765 ipsi
3065 2693 3403 2764 imperatori
3456 2693 3774 2765 imperatu-

2127 2801 2275 2838 ram.
2307 2788 2380 2838 Αι
2409 2783 2506 2838 ille
2536 2784 2634 2854 qui
2669 2783 2903 2853 ingenio
2934 2787 3090 2838 esset
3117 2782 3414 2854 arroganti
3448 2787 3624 2853 atque
3682 2782 3774 2837 in-

2126 2873 2368 2940 domito,
2399 2874 2468 2928 ad
2501 2878 2738 2943 tempus
2770 2877 2990 2926 natura
3021 2888 3144 2926 suae
3198 2871 3252 2924 vi
3301 2872 3453 2925 facta
3497 2877 3774 2943 Augusta

2125 2961 2406 3017 voluntati
2448 2961 2646 3028 cessit,
2679 2960 3077 3016 submissione
3121 2959 3421 3015 simulata.
3481 2960 3588 3014 Sed
3638 2976 3775 3016 cum

2126 3067 2256 3104 eam
2286 3050 2402 3104 vim
2437 3051 2584 3105 ferre
2616 3066 2728 3102 non
2763 3053 2979 3119 posset,
3039 3048 3303 3104 celeriter
3345 3064 3589 3105 excusso
3625 3049 3773 3121 jugo

2127 3139 2198 3192 ad
2230 3138 2534 3211 ingenium
2567 3139 2762 3207 rediit,
2795 3143 2970 3209 atque
3000 3137 3186 3193 libera
3216 3142 3501 3208 potestate
3531 3138 3614 3193 uti
3675 3155 3776 3193 vo-

2125 3227 2255 3282 luit.
2296 3230 2438 3283 Cum
2498 3233 2693 3283 autem
2755 3225 3073 3282 Orientalia
3127 3227 3278 3281 male
3337 3244 3399 3282 se
3466 3227 3774 3297 haberent,

2126 3322 2301 3388 atque
2330 3315 2446 3371 alia
2473 3317 2780 3386 desperata
2810 3320 3026 3382 essent,
3061 3315 3177 3371 alia
3205 3316 3601 3387 desperationi
3633 3333 3771 3387 pro-

2124 3403 2366 3476 pinqua,
2402 3404 2767 3476 expeditione
2797 3404 3162 3470 denuntiata,
3195 3404 3640 3476 imperatorium
3683 3409 3773 3460 ta-

2125 3493 2506 3549 bernaculum
2539 3495 2599 3548 in
2631 3494 2867 3565 regione
2896 3493 3150 3549 Orientis
3181 3494 3497 3565 Byzantino
3527 3495 3774 3550 observa

2124 3582 2270 3654 figit,
2304 3582 2536 3638 duabus
2566 3582 2636 3637 de
2667 3582 2894 3638 causis:
2954 3588 3082 3637 tum
3140 3583 3199 3636 in
3244 3583 3631 3638 Barbarorum
3681 3584 3773 3638 in-

2124 3671 2500 3726 cursionibus
2534 3671 2864 3743 prohibitis,
2897 3671 3297 3736 subditorum,
3329 3677 3619 3742 quantum
3679 3688 3772 3727 res

2123 3761 2359 3827 sineret,
2393 3760 2570 3816 saluti
2601 3760 2970 3816 consuleret:
3003 3766 3130 3815 tum
3164 3765 3229 3815 ut
3256 3759 3457 3833 gloriae
3515 3760 3772 3817 occasio-

2123 3866 2257 3905 nem
2298 3854 2580 3921 captaret,
2634 3865 2740 3904 nec
2794 3850 3186 3920 imperatricis
3246 3849 3631 3921 mancipium,
3671 3851 3772 3905 sed

2125 3937 2586 4010 ipseimperator
2601 3943 2777 3994 esset.
2803 3938 3026 3993 Relicta
3052 3938 3234 4010 igitur
3259 3939 3436 4010 regia,
3461 3939 3521 3993 in
3568 3939 3778 3995 Orien-

2123 4033 2243 4084 tem
2273 4028 2519 4097 trajecit,
2553 4044 2657 4083 nec
2683 4029 2846 4098 justo
2876 4028 3126 4083 exercitu
3156 4029 3387 4098 educto,
3419 4035 3476 4084 et
3530 4045 3597 4084 eo
3646 4028 3774 4100 ipso

2124 4134 2300 4188 quem
2332 4117 2638 4186 educebat,
2671 4134 2992 4183 armorum,
3023 4135 3310 4188 equorum
3345 4124 3402 4172 et
3444 4134 3640 4172 rerum
3674 4135 3774 4173 ne-

2123 4207 2509 4262 cessariarum
2532 4206 2731 4277 inopia
2755 4206 3233 4262 laborante.Nam
3256 4207 3576 4262 exercitum
3597 4207 3772 4278 longo

2124 4305 2380 4368 tempore
2413 4312 2514 4367 per
2542 4296 2870 4352 socordiam
2905 4295 3260 4367 neglectum,
3295 4298 3490 4352 subito
3522 4295 3583 4350 in
3615 4295 3770 4351 inte-

2123 4403 2292 4458 grum
2329 4385 2555 4441 restitui
2588 4403 2702 4440 non
2733 4385 3070 4457 expeditum
3102 4391 3247 4440 erat.
3282 4385 3563 4441 Militibus
3584 4385 3769 4456 igitur

2123 4475 2233 4530 hoc
2291 4475 2463 4531 modo
2513 4473 2738 4530 affectis
2795 4475 2854 4528 in
2923 4473 3206 4530 Orientali
3265 4475 3582 4546 provincia,
3642 4489 3770 4546 qua:

2124 4564 2384 4636 Phrygiae
2417 4581 2553 4634 pars
2583 4572 2694 4630 est,
2723 4564 3114 4635 congregatis,
3149 4580 3283 4618 cum
3318 4564 3512 4618 hostes
3559 4579 3774 4635 cogno-

2123 4653 2343 4708 vissent
2373 4653 2568 4723 ipsum
2600 4653 3017 4724 imperatorem
3049 4653 3548 4723 adesse,eumque
3568 4651 3771 4722 talem,

2124 4743 2225 4814 qui
2260 4741 2517 4814 pericula
2576 4760 2678 4814 pro
2736 4743 2863 4797 suis
2917 4741 3079 4796 adire
3135 4741 3290 4796 haud
3342 4741 3772 4808 reformidaret,

2119 4832 2316 4886 virum
2350 4831 2690 4886 bellicosum
2739 4837 2794 4885 et
2851 4831 3059 4886 robore
3106 4830 3398 4885 immenso
3453 4830 3766 4900 praeditum

351 4926 441 4982 ρα,
474 4908 525 4962 οἱ
557 4906 784 4963 έναντίοι
847 4908 1109 4981 μαθόντες
1162 4909 1251 4965 τὸν
1286 4909 1513 4986 βασιλέα
1560 4912 1764 4968 έπιέναι
1823 4917 2002 4992 σφίσιν

2121 4923 2328 4990 (neque
2356 4919 2536 4986 enim,
2570 4925 2635 4975 ut
2664 4919 2958 4974 exercitus
3011 4934 3074 4972 se
3131 4917 3437 4984 haberent,
3496 4922 3765 4972 accurate

347 4995 552 5064 αὐτὸν,
608 4996 699 5052 καὶ
754 5002 1001 5054 τοιοῦτον
1064 4999 1222 5072 εἶναι,
1281 5001 1356 5063 ὡς
1407 5001 1642 5075 ἑτοίμως
1699 5002 2001 5079 προκινδυ-

342 5083 520 5139 νεύειν
566 5089 674 5140 τῶν
709 5085 992 5155 ὑπηκόων,
1040 5087 1234 5163 ἀρήϊόν
1266 5109 1326 5144 τε
1363 5091 1450 5146 καὶ
1496 5093 1596 5161 τήν
1648 5092 1828 5167 ὁρμὴν
1876 5094 2000 5149 ἀνυ-

338 5172 612 5229 πόστατον
661 5174 750 5247 (τὰ
793 5173 894 5252 γὰρ
940 5179 1039 5242 τῆς
1091 5183 1343 5251 στρατιᾶς
1395 5177 1544 5243 ὅπως
1597 5177 1850 5254 διέκειτο,
1901 5183 2001 5239 οὐκ

2119 5015 2402 5064 noverant
2432 5007 2709 5078 Barbari),
2743 5012 2910 5063 caute
2941 5007 3237 5078 agendum
3286 5022 3414 5061 esse
3464 5005 3596 5071 rati,
3642 5005 3764 5060 acie

2113 5098 2427 5153 decernere
2458 5097 2831 5152 recusabant.
2867 5094 3026 5150 Unde
3056 5093 3330 5149 sultanus
3362 5098 3515 5149 retro
3565 5096 3764 5160 cessit,

2110 5191 2168 5243 et
2183 5187 2415 5242 duabus
2442 5186 2630 5258 partib
2642 5202 2708 5242 us
2729 5186 2800 5240 ab
2821 5183 3076 5240 exercitu
3091 5183 3399 5239 Barbarico
3412 5182 3738 5257 segregatis

1633 5383 1838 5445 Variae
1867 5384 2169 5447 lectiones
2199 5391 2261 5446 et
2288 5389 2476 5446 notae.

409 5533 891 5616 (QQLKParwjpwv;
913 5534 1093 5616 Hunc.
1111 5535 1306 5594 locum
1336 5542 1700 5612 explicemus
1723 5544 1783 5600 in
1805 5545 1997 5604 Gloss.

338 5607 812 5683 me_d_._Graa_citin
844 5610 912 5683 ν,
944 5608 1228 5683 ποτήριον.

412 5679 526 5764 (Ἱρ)
551 5677 697 5764 ΔΤῆς
730 5675 1463 5764 .ypeyiaiGo'nst'antinus,
1499 5686 1536 5739 l.
1565 5703 1591 5764 _I
1626 5686 1869 5764 Themat.
1944 5707 1995 5746 c.

332 5750 390 5822 1,
425 5747 515 5805 ait
534 5747 912 5808 Anatolicum
942 5751 1163 5812 Thema
1193 5747 1528 5816 habitatum
1559 5758 1744 5816 fuisse
1766 5776 2000 5833 aqum-

2110 5565 2224 5633 que
2277 5548 2586 5633 gentibus,
2637 5548 2966 5633 Qbrygibus
3005 5547 3758 5633 'videlicet,_.Lycaonibus,

2041 5642 2044 5644 ·
2109 5619 2353 5686 Isauria,
2387 5619 2773 5692 Pamphyliis,
2803 5629 2856 5675 et
2901 5620 3157 5675 Pisidis:
3217 5619 3580 5692 continuisse
3628 5619 3762 5678 vero

2109 5699 2333 5764 partem
2365 5691 2633 5766 Phrygias
2659 5693 2960 5750 Salutatim
2990 5698 3049 5749 et
3075 5691 3338 5766 Phrygias
3393 5693 3762 5767 Capatianes,
