4126 6358
380 398 500 460 263

1728 387 2059 455 JOANNIS
2101 388 2450 451 ΖΟΝΑΗΕ

3681 395 3802 459 Ξϐι

379 529 620 587 alterius
641 529 820 585 duces
842 529 902 584 in
925 527 1244 586 australem
1258 531 1316 583 et
1331 525 1694 598 superiorem
1715 520 2021 589 Asiam,al-

2136 514 2398 595 ἠκρίϐουν
2439 521 2492 575 οἳ
2541 515 2841 598 Βάρϐαροι)
2895 517 3150 586 εὐλαϐῶς
3208 525 3388 600 εἷχον,
3446 524 3537 580 καὶ
3593 522 3806 582 ὢκνουν

378 620 565 676 terius
592 620 650 674 in
699 618 1116 689 Aquilonarem
1168 617 1517 672 contendere
1551 615 1752 684 jussit.
1791 614 1830 668 li
1864 612 2033 668 obvia

380 727 626 781 quisque
651 709 936 780 populati,
961 725 1026 763 ac
1049 713 1422 764 Neocaesarea
1471 705 1668 761 subita
1697 703 2033 760 incursione

377 803 607 854 vastata
627 798 925 853 manubiis
947 813 1152 869 graves
1175 796 1312 850 inde
1336 795 1858 860 recesserunt.0uo
1877 809 2033 847 nun-

379 889 462 942 tio
485 887 1065 958 accepto,imperator
1086 883 1310 948 dolens,
1334 883 1794 955 expeditioribus
1826 881 2033 936 militi-

381 976 494 1032 bus
507 974 1097 1047 assumptis,perloca
1112 974 1123 1026 i
1136 973 1332 1029 nviaet
1347 978 1614 1028 montosa
1627 969 2032 1044 perﬁciscitur,

383 1071 447 1120 ut
469 1067 661 1120 hostes
682 1066 1248 1127 anteverteret.Quos
1271 1079 1337 1118 ex
1359 1062 1674 1134 improviso
1697 1076 2032 1132 aggressus,

383 1154 779 1225 perterrefecit
801 1168 1027 1220 omnes,
1053 1151 1358 1220 utstatim,
1387 1156 1619 1222 arrepta
1643 1151 1798 1221 fuga,
1832 1148 1949 1204 illic
1979 1156 2036 1203 et

381 1244 636 1314 praedam
660 1247 716 1297 et
762 1241 1188 1313 impedimenta
1219 1240 1633 1309 relinquerent.
1667 1243 1788 1293 Non
1836 1243 2033 1292 tamen

377 1332 766 1386 Barbarorum
793 1347 1008 1402 magna
1025 1334 1254 1401 strages
1277 1328 1530 1384 est219
1548 1327 1724 1395 edita,
1743 1326 1898 1397 quod
1924 1327 2034 1380 mi-

373 1419 506 1476 lites
521 1421 729 1476 itinere
753 1417 1244 1491 fatigati,longius
1261 1435 1360 1474 eos
1377 1417 1644 1489 persequi
1663 1417 1819 1470 haud
1835 1420 2038 1488 potue-

376 1515 536 1566 runt.
564 1508 784 1581 Captivi
805 1513 1024 1579 tamen,
1049 1512 1106 1562 et
1127 1507 1176 1562 si
1212 1507 1352 1578 quid
1379 1506 1534 1561 aliud
1556 1506 1812 1577 praedam
1836 1505 2034 1576 exple-

375 1601 493 1666 bat,
519 1600 576 1653 in
604 1597 930 1652 libertatem
953 1602 1178 1652 asserta
1201 1595 1716 1651 suntomnia.[nde
1733 1594 2036 1667 Syriteiter

375 1688 706 1759 ingressus,
741 1685 1035 1758 phalange
1070 1703 1184 1740 una
1212 1683 1546 1739 Melitenam
1583 1683 1790 1751 missa,
1825 1682 2030 1739 Chale-

373 1793 515 1848 pum
548 1791 823 1847 magnam
855 1779 912 1830 et
942 1774 1250 1830 hominum
1282 1781 1340 1829 et
1371 1773 1763 1828 animantium
1783 1775 2031 1844 praedam

2139 609 2275 663 κατά
2305 606 2572 680 συστάδην
2608 609 2969 686 μαχέσασθαι.
3023 613 3208 669 Ἔνθεν
3247 635 3332 669 τοι
3388 615 3417 668 ὁ
3473 614 3568 687 μὶν
3621 614 3803 671 Σουλ-

2139 698 2235 750 τάν
2270 697 2344 760 εἷς
2367 698 2613 754 τούπίσω
2656 699 2926 770 πεποίητο
2957 702 3056 771 τὴν
3091 703 3294 779 ὁρμὴν,
3356 701 3452 758 δύο
3503 701 3560 758 δὲ
3611 704 3808 780 μοίρας

2140 792 2240 854 τῆς
2300 782 2639 863 βαρϐαρικῆς
2685 786 2883 845 διελὼν
2953 798 3224 867 στρατιᾶς,
3268 793 3367 862 τὴν
3425 793 3522 867 μὶν
3575 792 3654 856 εἷς
3701 795 3804 864 τήν

2143 876 2464 952 νοτιωτέραν
2527 878 2708 932 Ἀσίαν
2769 880 2870 948 τήν
2932 881 3060 949 ἄνω,
3116 883 3216 951 τὴν
3270 879 3327 937 δέ
3382 883 3520 958 πρὸς
3549 883 3648 952 τὴν
3705 884 3810 958 βο-

2145 967 2418 1040 ρειοτέραν
2495 968 2735 1043 ὁρμῆσαι
2792 974 2910 1034 τοῖς
2967 975 3304 1045 προεστῶσιν
3372 972 3551 1026 αὐτῶν
3610 971 3805 1028 ἐνετεί-

2144 1052 2298 1110 λατο.
2361 1053 2428 1113 Οἳ
2493 1054 2732 1120 ἐπιόντες
2785 1057 2852 1112 τὰ
2899 1058 3280 1134 προστυχόντο
3335 1080 3396 1114 τε
3455 1055 3803 1134 ληϊζόμενοι,

2141 1145 2241 1212 τὴν
2297 1146 2757 1220 Νεοκαισάρειαν,
2819 1145 3091 1222 αἰφνίδιον
3153 1137 3560 1214 ἐπείσπεσόντες
3614 1150 3800 1224 αὐτῇ,

2147 1231 2530 1307 ἐξεπόρθησαν,
2599 1233 2690 1288 καὶ
2769 1231 3027 1312 λαφύρων
3104 1234 3532 1308 ἐμπλησθέντες,
3602 1236 3805 1294 ἐκεῖθεν

2145 1320 2468 1396 ἐπανῄεσαν.
2553 1327 2727 1378 Τοῦτο
2801 1329 2882 1397 τῷ
2960 1323 3177 1400 βασιλεῖ
3246 1324 3507 1401 ἀγγελθὲν
3565 1328 3798 1400 ἀθυμίαν

2143 1408 2422 1483 ἐνέσταξε,
2497 1413 2588 1466 καὶ
2663 1412 2790 1475 τοὺς
2875 1412 3268 1490 εὖζωνοτέρους
3348 1410 3634 1471 ἀναλαϐὼν
3704 1421 3800 1472 τοῦ

2144 1500 2568 1576 στρατεύματος,
2622 1500 2809 1576 ἀπῄει,
2862 1499 2950 1557 διὰ
2997 1497 3276 1558 δυσϐάτων
3328 1501 3469 1559 ὁδῶν
3511 1505 3598 1560 καὶ
3633 1507 3804 1580 ὁρῶν,

2143 1591 2340 1667 φθάσαι
2396 1591 2522 1652 τοὺς
2578 1588 2813 1666 ἐχθροὺς
2877 1591 3254 1666 ἐπειγόμενος.
3315 1594 3404 1656 Ὠς
3463 1594 3556 1648 οὗν
3611 1593 3804 1658 αὐτοῖς

2143 1677 2378 1747 ἐπῆλθεν
2439 1675 2744 1748 ἀδόκητος,
2805 1678 2883 1743 είς
2953 1680 3144 1736 πτοίαν
3202 1676 3455 1737 ἐνέϐαλεν
3513 1683 3748 1746 ἅπαντας
3783 1727 3801 1758 ,

2139 1767 2229 1822 καὶ
2287 1769 2424 1842 πρὸς
2479 1765 2718 1842 δρασμὸν
2779 1766 2998 1824 άπεῖδον
3031 1768 3204 1840 εὐθὺς,
3264 1771 3436 1826 αὐτοῦ
3491 1792 3598 1827 που
3627 1793 3802 1828 κατα-

373 1865 784 1922 abduxit.lnde
806 1863 1161 1936 Hierapolim
1181 1863 1518 1936 Syriaa,cum
1543 1863 1906 1918 obsidionem
1931 1880 2021 1935 pa-

2142 1852 2412 1926 λιπόντες,
2469 1856 2558 1911 καὶ
2609 1858 2709 1927 τήν
2769 1856 2918 1913 λείαν
2970 1857 3059 1913 καὶ
3107 1859 3210 1928 τὴν
3249 1859 3579 1932 ἀποσκευήν.
3613 1862 3800 1937 Φθορὰ

371 1959 661 2026 raret,per
681 1953 1035 2009 deditionem
1057 1951 1460 2024 capit.Deinde
1477 1967 1612 2006 cum
1641 1951 1877 2006 Barbari
1913 1951 2024 2007 Ro-

373 2060 681 2098 manarum
707 2043 1006 2114 copiarum
1029 2047 1253 2112 partem
1273 2043 2022 2112 superassent,ca3terorum

371 2149 545 2188 nemo
575 2131 694 2188 illis
725 2147 894 2202 opem
929 2131 1078 2187 ferre
1105 2130 1356 2194 studuit,
1407 2131 1507 2186 sed
1560 2130 1878 2202 imperator
1925 2129 2024 2186 illo

371 2227 580 2277 eventu
611 2221 864 2293 cognito,
898 2219 956 2274 in
1001 2224 1172 2292 capta
1232 2220 1371 2274 urbe
1430 2219 1668 2290 degens,
1723 2218 2025 2274 celerrime

371 2310 545 2366 victis
573 2309 879 2382 suppetias
902 2309 1025 2363 ivit.
1049 2307 1285 2379 Cbalepi
1303 2313 1498 2364 autem
1549 2309 1876 2379 praefectus,
1911 2309 2021 2364 Ro-

373 2414 684 2453 manorum
717 2399 881 2453 clade
899 2396 1191 2467 nuntiata,
1219 2401 1275 2452 et
1295 2397 1420 2468 ipse
1442 2413 1576 2454 eum
1601 2396 1728 2452 suis
1741 2397 1928 2467 copiis
1950 2396 2022 2451 ad

370 2487 659 2544 Barbaros
689 2486 954 2550 descivit,
983 2501 1228 2558 sperans
1259 2501 1322 2541 se
1354 2485 1762 2557 imperatorem
1821 2484 2020 2541 statim

369 2575 668 2646 captivum
709 2575 1126 2630 abducturum.
1146 2574 1288 2630 Cum
1312 2578 1509 2628 autem
1538 2574 1802 2629 Romana
1831 2578 2024 2628 castra

369 2681 586 2720 corona
605 2664 1157 2732 circumdedissent,
1186 2662 1522 2734 imperator,
1559 2662 1757 2735 praelia
1788 2663 1873 2718 eis
1906 2678 2020 2717 non

369 2753 735 2822 denuntiato,
769 2753 972 2806 eduxit
1001 2753 1344 2818 exercitum,
1404 2755 1462 2806 et
1523 2751 1683 2806 nullo
1741 2751 2019 2806 tubarum

367 2842 588 2902 sonitu.
621 2841 781 2896 nullo
805 2841 917 2895 alio
942 2840 1251 2896 manifesto
1276 2841 1446 2912 signo
1465 2842 1622 2908 dato,
1656 2841 1851 2896 hostes
1884 2857 2020 2911 pro-

366 2931 598 3003 ﬂigatos
630 2931 686 2985 in
724 2931 920 3003 fugam
954 2930 1223 3000 conjecit.
1257 2931 1417 2996 Quod
1449 2930 1496 2984 si
1532 2934 1831 2985 Romanus
1860 2945 2021 2984 exer-

367 3019 521 3075 citus
551 3018 786 3092 longius
833 3017 966 3074 illos
1015 3023 1362 3090 persecutus
1401 3025 1575 3083 esset,
1626 3019 1868 3075 victoria
1915 3035 2020 3090 po-

365 3110 512 3164 titus
548 3116 702 3164 esset
735 3108 994 3164 maxima
1025 3113 1082 3163 et
1110 3107 1348 3164 illustri.
1383 3109 1526 3163 Nam
1562 3108 1849 3164 Arabibus
1884 3107 2020 3179 equi

364 3203 505 3254 sunt
537 3199 726 3270 primo
757 3197 978 3269 impetu
1011 3198 1234 3254 veloces
1265 3202 1442 3269 atque
1473 3198 1739 3252 omnium
1781 3197 2018 3254 celerri-

2145 1947 2239 2020 μὶν
2291 1943 2382 2000 οὖν
2435 1949 2544 2001 τῶν
2579 1945 2876 2022 Βαρβάρων
2910 1946 2972 2002 οὐ
3003 1948 3140 2002 πάνυ
3169 1969 3223 2003 τι
3251 1947 3456 2026 γέγονε,
3509 1955 3616 2005 τῶν
3669 1951 3798 2027 περὶ

2135 2035 2227 2090 τὸν
2281 2032 2507 2111 βασιλέα
2553 2035 2963 2090 κεκοπιακότων
3030 2035 3090 2092 ἐκ
3143 2044 3242 2107 τῆς
3294 2036 3636 2114 ὁδοιπορίας,
3702 2042 3792 2098 καὶ

2137 2124 2214 2198 μὴ
2249 2122 2377 2178 οἷ’ων
2407 2145 2466 2179 τε
2491 2120 2660 2178 ὄντων
2711 2121 2927 2180 διώκειν
2984 2124 3071 2180 ἐπὶ
3131 2125 3299 2182 πολύ.
3351 2127 3420 2186 Οἱ
3469 2129 3656 2201 μέντοι
3687 2129 3794 2202 λη-

2133 2215 2350 2293 φθέντες
2406 2211 2762 2290 αἶ’χμάλωτοι
2819 2214 2910 2269 καὶ
2961 2213 3016 2270 εί¹
3054 2235 3107 2270 τι
3156 2209 3336 2290 ἕτερον
3392 2214 3642 2294 ἐπλήρου
3691 2220 3794 2290 τήν

2133 2300 2308 2372 λείαν,
2383 2302 2666 2376 ξύμπαντα
2721 2303 3122 2380 ήλευθέρωντο.
3190 2306 3423 2371 Ἐκεῖθεν
3482 2315 3583 2379 τῆς
3652 2311 3791 2388 πρὸς

2135 2391 2332 2463 Συρίαν
2408 2390 2588 2465 ἥψατο
2659 2391 2992 2469 ἀπαγούσης,
3070 2394 3162 2450 καὶ
3224 2395 3482 2474 φάλαγγα
3552 2399 3646 2472 μὶν
3715 2398 3796 2462 είς

2133 2477 2450 2551 Μελιτηνὴν
2505 2478 2896 2550 ἐξαπέστειλεν,
2954 2483 3118 2548 αὐτὸς
3174 2481 3233 2538 δὲ
3311 2483 3388 2548 εΐς
3461 2487 3524 2542 τὸ
3595 2486 3791 2543 Χάλεπ

2132 2570 2406 2644 ὁρμήσας,
2483 2569 2705 2639 πολλὴν
2777 2571 3027 2647 ἀπήγαγε
3101 2569 3250 2628 λείαν
3327 2574 3626 2647 ἀνθρώπων
3693 2576 3786 2630 καὶ

2133 2659 2285 2727 ζώων
2366 2656 2576 2716 ἄλλων.
2633 2658 2884 2714 Κάκεῖθεν
2939 2661 3016 2725 είς
3063 2661 3365 2739 Ἱεράπολιν
3422 2671 3522 2734 τῆς
3582 2663 3783 2740 Συρίας

2129 2745 2379 2822 ἐγένετο,
2437 2747 2526 2802 καὶ
2587 2745 2904 2822 πολιορκεῖν
2961 2748 3320 2826 ἐπιχειρήσας
3373 2750 3538 2822 αὐτὴν
3570 2797 3584 2823 ,
3641 2753 3787 2825 ὁμο-

2132 2834 2291 2912 λογίᾳ
2357 2837 2456 2905 τήν
2519 2834 2676 2890 πόλιν
2754 2833 3078 2913 παρέκαϐεν.
3138 2840 3269 2895 Είτα
3319 2861 3429 2896 των
3489 2837 3788 2918 Βαρϐάρων

2129 2924 2456 2997 ἐπιθεμένων
2519 2923 2670 2999 μέρει
2747 2933 2848 2996 τῆς
2923 2927 3235 3002 Ῥωμαϊκῆς
3323 2934 3616 3002 στρατιᾶς,
3696 2929 3790 2984 καὶ

2127 3013 2474 3085 ἡττησάντων
2535 3014 2688 3084 αὐτὸ,
2741 3013 2919 3078 οὐδεὶς
2965 3020 3072 3072 τῶν
3097 3015 3284 3073 ἄλλων
3340 3019 3416 3082 εἰς
3473 3017 3790 3092 ἐπικουρίαν

2126 3107 2234 3158 τῶν
2297 3102 2628 3177 ἡττημένων
2693 3105 2935 3179 γενέσθαι
3012 3109 3397 3180 προεθυμήθη.
3481 3114 3540 3166 Ὁ
3596 3105 3654 3163 δέ
3731 3129 3795 3184 γε

2135 3192 2390 3270 βασιλεὺς
2447 3189 2597 3248 ἐνδον
2654 3199 2754 3262 τῆς
2810 3190 3116 3256 ἑαλωκυίας
3176 3194 3393 3258 πόλεως
3437 3193 3532 3262 ὣν,
3590 3196 3682 3251 καὶ
3727 3197 3794 3252 τὸ

363 3288 466 3358 mi,
497 3288 598 3344 sed
633 3303 872 3342 cursum
898 3303 1012 3342 non
1031 3285 1202 3358 longe
1229 3287 1572 3354 extendunt,
1601 3286 2020 3358 celerrimeque

2133 3265 2342 3354 συμϐὰν
2412 3281 2684 3358 ἐγνωκὼς,
2751 3281 3038 3356 ταχύτπτα
3097 3283 3232 3355 μετά
3279 3287 3388 3338 τῶν
3447 3284 3571 3361 περὶ
3630 3285 3792 3342 αὐτὸν

362 3377 702 3449 fatigantur.
739 3376 951 3430 Verum
986 3374 1259 3442 revocati,
1291 3381 1352 3430 ut
1411 3377 1610 3430 hostes
1662 3392 1776 3430 non
1827 3390 2020 3447 perse-

362 3465 592 3534 quendo
627 3469 1070 3531 conservarunt,
1108 3464 1188 3518 ita
1221 3465 1569 3535 semetipsos
1620 3481 1834 3536 magno
1885 3481 2017 3520 suc-

360 3571 529 3609 cessu
553 3557 610 3608 et
631 3552 814 3620 gloria
832 3553 1182 3624 spoliarunt.
1209 3553 1553 3623 Imperatori
1573 3557 1768 3608 tamen
1783 3554 2018 3608 abunde

357 3643 571 3710 visum,
605 3643 761 3714 quod
800 3641 1044 3698 Romani
1078 3641 1279 3697 hostes
1314 3641 1588 3697 invadere
1617 3642 1745 3697 ausi
1795 3647 2016 3712 essent,

357 3741 610 3814 pristina
633 3741 954 3796 timiditate
975 3739 1226 3809 abjecta.
1253 3739 1630 3812 Imperatoris
1673 3742 1845 3810 jussu
1880 3740 2018 3796 Hie-

357 3829 685 3901 rapolitana
705 3846 807 3884 arx
830 3829 1068 3883 condita
1091 3829 1271 3883 estJn
1295 3844 1606 3900 progressu
1632 3829 1767 3884 aliis
1784 3829 2016 3900 oppidis

358 3918 566 3991 captis,
599 3917 730 3973 aliis
763 3916 918 3988 quod
969 3916 1450 3989 inexpugnabilia
1506 3922 1724 3982 essent,
1774 3917 2014 3985 relictis,

356 4007 417 4063 in
449 4007 659 4062 Ciliciae
695 4007 896 4062 urbem
932 4004 1347 4060 Alexandriam
1381 4007 1664 4076 pervenit.
1699 4005 1860 4062 Unde
1889 4006 2016 4062 dis-

353 4097 583 4153 cedenti
618 4095 926 4152 nuntiatur
954 4095 1260 4151 Amorium
1292 4094 1495 4151 multis
1525 4094 1734 4151 occisis
1766 4111 1896 4152 esse
1927 4097 2014 4150 di-

348 4192 606 4259 reptum.
640 4185 804 4251 Quod
837 4184 946 4240 etsi
979 4200 1130 4256 aegre
1163 4183 1406 4249 ferebat,
1439 4189 1641 4240 tamen
1672 4201 1806 4240 cum
1867 4185 2013 4240 nihil

349 4277 478 4347 opis
511 4277 658 4331 ferre
680 4277 897 4347 posset,
926 4273 1222 4328 militibus
1241 4272 1302 4328 in
1323 4273 1572 4329 hiberna
1588 4274 1878 4340 deductis,
1913 4275 2012 4330 ubi

351 4366 516 4422 nulla
538 4363 1110 4436 commeatusinopia
1141 4369 1564 4435 premerentur,
1590 4364 1714 4435 ipse
1734 4365 1793 4420 in
1811 4366 2014 4421 urbem

351 4457 571 4529 regiam
605 4456 936 4521 revertitur,
972 4455 1164 4510 factus
1207 4456 1599 4525 arrogantior,
1632 4457 1800 4526 quasi
1849 4456 2016 4526 plura

349 4544 717 4613 confecisset,
751 4559 867 4597 non
925 4559 1066 4612 erga
1135 4542 1282 4597 alios
1343 4543 1648 4608 duntaxat,
1711 4545 1810 4599 sed
1873 4562 2013 4617 erga

2127 3371 2205 3433 εἷς
2231 3371 2448 3448 ἀρωγήν
2505 3375 2616 3425 τῶν
2683 3370 3006 3442 ἡττημένων
3053 3371 3358 3447 ἐξώρμησε.
3417 3375 3616 3438 Μαθὼν
3651 3373 3712 3430 δὲ
3763 3376 3792 3430 ὁ

2124 3458 2222 3516 τοῖ’)
2281 3458 2476 3516 Χάλεπ
2513 3459 2867 3534 ἡγεμονεύων
2920 3461 3020 3529 τήν
3079 3465 3187 3516 τῶν
3243 3462 3531 3535 Ῥωμαίων
3591 3463 3788 3536 ἧτταν,

2127 3549 2420 3624 προσέθετο
2476 3549 2566 3604 καὶ
2625 3549 2788 3614 αὐτὸς
2843 3553 2962 3612 τοῖς
3023 3548 3220 3615 ἄλλοις
3288 3545 3590 3628 Βαρϐάροις
3652 3553 3794 3626 μετὰ

2124 3647 2225 3709 τῆς
2279 3637 2480 3700 οἰκείας
2527 3639 2705 3708 πάσης
2767 3635 3083 3712 δυνάμεως,
3153 3638 3347 3696 αὐτίκα
3402 3641 3494 3695 τὸν
3549 3640 3786 3716 βασιλέα

2125 3726 2446 3803 προσδοκῶν
2518 3727 2820 3803 ἀπαγαγεῖν
2899 3724 3274 3803 δορυάλωτον.
3352 3729 3451 3786 Καὶ
3511 3731 3573 3784 τὸ
3647 3731 3786 3785 Ῥω-

2129 3819 2324 3892 μαῖκὸν
2378 3815 2569 3890 κύκλῳ
2628 3813 2990 3892 στρανόπεδον
3045 3813 3396 3894 περιέλαϐον.
3453 3821 3514 3877 Ὁ
3594 3819 3782 3892 μέντοι

2131 3905 2386 3984 βασιλεὺς
2459 3906 2763 3980 ἀκήρυκτον
2841 3905 3024 3968 αὐτοῖς
3080 3908 3179 3975 τήν
3239 3909 3426 3984 μάχην
3477 3908 3779 3982 ἐπενεγκὼν

2128 3995 2294 4071 (ἐξῄει
2339 3996 2442 4071 γὰρ
2489 3997 2586 4050 τοῦ
2653 3995 2897 4070 χάρακος
2945 3995 3035 4050 καὶ
3083 3996 3145 4050 τὸ
3190 4017 3498 4071 στρατευμα
3556 3998 3779 4068 ζυνεξή-

2125 4106 2282 4162 γαγε,
2341 4086 2482 4157 μήτε
2539 4083 2851 4160 σαλπίγγων
2906 4086 3206 4159 γενομένης
3253 4087 3428 4160 ἠχῆς,
3491 4091 3614 4159 μηθ’
3666 4084 3780 4139 ἐτέ-

2126 4195 2222 4251 ρου
2266 4170 2535 4244 διαδήλου
2585 4173 2954 4246 συνθήματος)
3014 4172 3276 4248 ἐτρέψατο
3324 4175 3453 4236 τοὺς
3489 4171 3784 4246 ἐναντίους,

2123 4273 2212 4328 καὶ
2263 4272 2339 4334 είς
2389 4272 2566 4346 φυγήν
2621 4272 2925 4344 ἠνάγκασεν
2975 4268 3211 4327 ἀπιδεῖν.
3256 4271 3323 4327 El
3363 4277 3495 4349 γοῦν
3545 4269 3786 4327 ἐπιπολῦ

2121 4363 2184 4418 τὸ
2241 4358 2548 4434 Ῥωμαϊκὸν
2593 4357 2852 4429 ἐπεδίωξε
2895 4363 3240 4434 στράτευμα,
3287 4361 3440 4431 νίκην
3487 4357 3547 4417 ἂν
3607 4358 3785 4437 ἤρατο

2128 4451 2391 4526 μεγίστην
2441 4448 2532 4504 καὶ
2562 4443 2915 4524 περιϐόητον.
2949 4450 3017 4507 Οἱ
3063 4451 3166 4526 γὰρ
3211 4447 3377 4504 ’ίπποι
3405 4455 3524 4512 τοῖς
3580 4452 3787 4526 ’Ἀραψι

2120 4544 2312 4614 ταχεῖς
2373 4539 2468 4612 μέν
2503 4537 2607 4592 εἶσι
2633 4537 2734 4605 τὴν
2765 4538 2990 4613 πρώτην
3027 4539 3228 4614 ὁρμήν.
3270 4538 3360 4594 καὶ
3402 4543 3512 4594 τῶν
3571 4538 3788 4596 λοιπῶν

347 4634 540 4704 ipsam
572 4632 750 4686 etiam
786 4630 1242 4700 imperatrieem.
1271 4629 1376 4684 Illa
1409 4647 1541 4686 vero
1574 4647 1737 4702 spem
1761 4650 1929 4688 suam
1955 4635 2012 4688 in

2133 4625 2552 4695 ποδωκέστατοι,
2605 4626 2706 4680 οὐκ
2752 4624 2840 4680 ἐπὶ
2889 4626 3034 4682 πολὺ
3088 4626 3147 4682 δὶ
3205 4627 3298 4682 τὸν
3348 4625 3554 4702 δρόμον
3611 4627 3791 4683 ἐκτεί-

352 4720 714 4776 contrarium
750 4720 993 4775 vertisse
1036 4735 1307 4785 cernens,
1361 4727 1564 4774 mmsta
1621 4736 1720 4775 cor
1776 4722 2006 4788 edebat,

353 4824 459 4864 nec
495 4807 934 4879 obiurgationes
965 4808 1121 4862 ferre
1155 4811 1398 4876 poteral.

2119 4738 2300 4771 νουσιν
2338 4761 2351 4786 ,
2412 4714 2537 4771 ἀλλ’
2595 4714 2950 4770 ἀποκναίουσι
3007 4715 3243 4792 τάχιστα
3275 4761 3289 4787 ,
3356 4715 3792 4788 Ἀνακληθέντες

2121 4804 2201 4875 δὲ,
2269 4807 2359 4862 καὶ
2424 4813 2526 4875 τῆς
2591 4802 2828 4876 διώξεως
2886 4805 3286 4881 ἀποσχόμενοι,
3338 4805 3466 4868 τοὺς
3516 4806 3792 4870 ἐναντίους

351 4894 707 4970 περιέσωσαν,
759 4893 982 4955 ἑαυτοὺς
1037 4891 1094 4948 δὲ
1155 4892 1400 4967 μεγάλου
1455 4895 1880 4970 κατορθώματος
1934 4896 2025 4951 καὶ
2076 4895 2321 4959 εὐκλείας
2379 4895 2686 4973 ἐστέρησαι.
2746 4897 2943 4967 ’Όμως
2999 4896 3078 4966 τῷ
3139 4893 3377 4971 βασιλεῖ,
3437 4896 3520 4950 ὃτι
3555 4893 3706 4958 ὃλῶς
3733 4898 3794 4951 οὶ

352 4985 616 5056 Ῥωμαῖοι
692 4988 812 5045 τοῖς
887 4981 1112 5057 ἐχθροῖς
1189 4982 1488 5037 ἀντεπιέναι
1568 4983 1973 5061 ἀπεθάῤῥησαν,

2060 4986 2149 5041 καὶ
2216 4987 2279 5042 τὸ
2357 4985 2502 5041 πολὺ
2577 4987 2678 5054 τῆς
2734 4984 2928 5060 πρώην
2989 4981 3199 5049 δειλίας
3253 4985 3536 5053 ἀπέθεντο,
3584 4984 3792 5059 ἀρκοῦν

353 5071 528 5129 ἐδόκει
583 5071 894 5148 εὐτύχημα.
953 5071 1247 5143 Ἑνῴκιστο
1307 5069 1365 5126 δὲ
1421 5074 1520 5141 τῆς
1580 5071 1942 5148 Ἰεραπόλεως
2001 5077 2036 5145 ἡ
2106 5074 2429 5152 ἀκρόπολις,
2501 5079 2598 5130 τοῦ
2673 5073 2946 5150 βασιλέως
3017 5073 3434 5150 προστάξαντος.
3509 5074 3605 5129 Καὶ
3673 5070 3796 5128 ἑτέ-

356 5183 470 5238 ροις
531 5159 970 5232 δὲ’πολίσμασιν
1031 5157 1300 5230 ἐπελθὼν,
1358 5161 1448 5216 καὶ
1504 5163 1570 5216 τά
1633 5163 1724 5234 μὲν
1788 5161 1877 5218 διὰ
1937 5165 2000 5219 τὸ
2082 5163 2364 5220 ἀνάλωτον
2443 5161 2757 5240 παρελθὼν,
2831 5163 2898 5217 τὰ
2975 5158 3034 5216 δὶ
3108 5163 3421 5238 κατασχὼν,
3491 5163 3566 5224 εἰς
3621 5159 3792 5216 πόλιν

353 5253 454 5318 τῆς
510 5250 779 5318 Κιλικίας,
838 5251 936 5318 τήν
1013 5247 1369 5325 Ἀλέξανδρον
1453 5250 1782 5325 λεγομένην,
1853 5256 2179 5324 κατήντησε.
2264 5253 2515 5308 Κάκεῖθεν
2592 5251 2807 5306 ἀπιόντι
2887 5249 3428 5326 λαφυραγωγηθῆναι
3508 5250 3571 5306 τὸ
3621 5250 3797 5323 Ἀμό-

357 5363 471 5416 ριον
526 5339 931 5417 διαγγέλλεται,
989 5341 1078 5395 καὶ
1126 5343 1418 5411 κτανθῆναι
1476 5341 1749 5404 πολλούς.
1821 5341 2188 5422 Ἐδυσιρόρησε
2243 5345 2337 5418 μὲν
2396 5343 2488 5398 οὖν
2537 5343 2674 5417 πρὸς
2725 5345 2893 5396 ταῦτα
2923 5342 2952 5396 ὁ
2989 5341 3262 5416 βασιλεὺς,
3301 5343 3377 5415 μὴ
3407 5339 3706 5415 δυνάμενος
3738 5327 3804 5394 δ’

351 5429 619 5502 ἐπαμῦναι
679 5436 794 5492 τοῖς
843 5430 1160 5497 πεπονθόσι,
1214 5431 1284 5484 τὰ
1341 5431 1462 5505 περὶ
1523 5431 1616 5486 τὸν
1678 5431 1884 5486 οἰκεῖον
1942 5443 2165 5509 στρατὸν
2227 5432 2754 5506 οἰκονομησάμενος,
2807 5429 2901 5486 ’ίνα
2952 5431 3050 5498 τὴν
3126 5435 3224 5486 τοῦ
3298 5435 3578 5507 χειμῶνος
3644 5427 3793 5502 ὥραν

359 5516 618 5581 ἁνενδεῶς
649 5524 755 5574 τῶν
790 5518 1096 5595 ἀναγκαίων
1126 5517 1494 5596 παρέλθωσιν,
1527 5520 1687 5582 αὐτὸς
1719 5520 1805 5574 ἐπὶ
1837 5524 1936 5591 τὴν
1974 5521 2231 5598 βασιλίδα
2260 5528 2365 5577 τῶν
2399 5522 2616 5577 πόλεων
2649 5517 2975 5589 ἐπανῆλθεν,
3007 5517 3479 5595 ἀλαζονικώτερον
3511 5516 3794 5590 διακείμε-

356 5629 447 5670 νος
481 5608 553 5670 ὡς
582 5607 723 5684 τάχα
753 5608 1128 5685 κατωρθωκὼς
1169 5607 1367 5677 πλείω,
1402 5607 1464 5662 οὐ
1500 5608 1663 5681 μόνον
1715 5611 1851 5686 πρὸς
1875 5610 2002 5674 τοὺς
2031 5609 2263 5678 ἄλλους,
2295 5611 2436 5667 ἀλκὰ
2461 5609 2551 5666 καὶ
2581 5611 2716 5686 πρὸς
2746 5609 2912 5677 αὐτὴν
2939 5609 3041 5677 τήν
3077 5608 3421 5685 βασίλισσαν.
3453 5609 3517 5665 Ἦ
3554 5605 3613 5662 δὶ
3645 5604 3790 5680 πρὸς

352 5697 667 5753 τούναντίον
698 5697 832 5772 αὐτῇ
866 5699 960 5760 τὰς
989 5695 1213 5761 ἐλπίδας
1239 5698 1533 5774 τραπείσας
1561 5705 1919 5772 καταγνοῦσα,
1953 5698 2299 5781 ἐδυσχέραινε
2347 5699 2437 5758 καὶ
2479 5700 2580 5771 τὴν
2630 5695 2854 5778 καρδίαν
2907 5698 3053 5775 εἶχεν
3113 5695 3472 5768 οἶδαίνουσαν,
3520 5695 3618 5760 τὰς
3667 5693 3796 5752 ἐπι-

357 5787 585 5862 πλήξεις
618 5789 697 5866 μὴ
722 5785 1008 5867 στέγουσα.
