4126 6404
302 406 426 468 265

1585 405 1996 470 ANNALIUM
2043 407 2189 469 LIB.
2233 409 2452 472 XVIII.

3611 410 3734 472 266

381 540 451 596 ῙΒ
471 580 484 595 .
515 538 675 613 ¹Ἄρτι
707 534 757 592 δ’
781 533 1129 611 ἁναλάμπειν
1159 537 1444 615 ἠργμένου
1472 541 1570 593 τοῦ
1601 533 1779 613 ἔαρος,
1809 536 1964 602 αὖθις

2149 543 2274 597 ΧΠ.
2309 542 2431 599 Sub
2449 543 2606 601 veris
2634 543 2872 600 initium
2899 544 3221 616 imperator
3274 544 3457 602 altera
3503 545 3736 618 expedi-

306 629 336 684 ὑ
382 625 640 704 βασιλεὺς
695 626 876 701 ἐτέρας
924 625 1270 703 ἐκστρατείας
1317 627 1616 702 ἐμέμνητο.
1680 623 1965 700 Έκδημήι

302 738 403 780 σας
461 715 642 772 τοίνυν
687 718 788 785 τῆς
840 714 1167 786 Βυζαντίδος
1218 717 1307 772 καὶ
1359 718 1653 793 γενόμενος
1698 717 1774 778 εἷς
1831 719 1962 774 Και-

302 808 549 882 σάρειαν,
600 802 768 880 ἔμαθε
827 805 1088 883 Τούρκων
1142 805 1362 878 πλῆθος
1415 805 1559 862 πολὺ
1611 805 1963 882 κατατρέχειν

302 899 404 966 τὴν
433 896 650 972 χώραν,
695 895 785 951 καὶ
827 896 1046 958 τούτοις
1094 903 1170 967 πῆ
1227 897 1322 970 μὲν
1381 897 1542 972 μέρος
1583 899 1683 966 τῆς
1713 887 1964 971 στρατιᾶς

312 984 590 1064 ἐπαφιεὶς,
650 992 729 1056 πῆ
790 982 847 1041 δὲ
904 985 993 1040 καὶ
1054 986 1220 1048 αὐτὸς
1281 981 1642 1058 συμϐάλλων,
1704 984 1964 1060 ἐτρέψατο

317 1076 436 1138 τοὺς
466 1073 728 1152 ἐχθροὺς,
778 1074 867 1131 καὶ
920 1075 1046 1138 τοὺς
1097 1077 1476 1152 ζωγρηθέντας
1520 1080 1598 1146 τῷ
1631 1074 1768 1151 ξίφει
1826 1074 1967 1128 πάν-

314 1185 402 1226 τας
464 1165 760 1241 ὑπαγαγὼν
819 1164 956 1239 πρὸς
1014 1165 1104 1220 τὸν
1165 1165 1456 1244 Εὐφράτην
1511 1162 1670 1218 ἐτίθει
1737 1164 1798 1217 τὸ
1874 1161 1964 1236 ὅρ-

312 1274 491 1328 μημα.
538 1254 647 1311 Τὸν
698 1255 883 1326 μέντοι
935 1251 1237 1327 Φιλάρετον
1285 1253 1585 1329 στρατηγὸν
1643 1247 1962 1328 προϐαλλό-

309 1364 472 1416 μενος
498 1345 587 1417 (ἦν
632 1339 690 1398 δὲ
729 1347 826 1398 τοῦ
884 1342 1218 1419 Βραχαμίων
1277 1344 1432 1418 γένου
1491 1343 1519 1396 ὁ
1577 1341 1742 1417 ἀνὴρ,
1787 1338 1962 1396 δοκῶν

307 1433 405 1505 μὲν
479 1433 618 1509 πρὸς
691 1433 1086 1503 στρατιωτικὴν
1157 1431 1444 1506 ἐμπειρίαν
1526 1432 1728 1493 ἱκανῶς
1789 1426 1961 1507 ἔχειν,

306 1521 431 1598 βίου
464 1519 523 1577 δέ
547 1522 840 1597 τυγχάνων
875 1521 976 1576 οὐκ
1005 1522 1233 1597 ἀγαθοῦ,
1265 1519 1393 1577 ἀλλ’
1437 1519 1768 1596 ἀντιρῥόπου
1825 1518 1963 1574 πάνυ

301 1612 446 1687 πρὸς
477 1612 578 1680 τήν
613 1609 814 1680 κλῆσιν
863 1610 1074 1684 αὐτοῦ),
1102 1609 1284 1683 τούτῳ
1311 1611 1374 1665 τὸ
1404 1609 1578 1683 ἥμισυ
1625 1606 1962 1685 παραδίδωσι

298 1704 400 1756 τοῦ
434 1699 862 1775 στρατεύματος,
914 1698 1074 1761 αὐτὸς
1125 1696 1172 1754 δ’
1231 1699 1488 1754 ἀπένευσε
1544 1699 1681 1774 πρὸς
1737 1698 1805 1752 τὰ
1864 1698 1962 1774 βο-

301 1790 574 1866 ρειότερα.
636 1791 771 1851 Τοῖς
811 1785 869 1843 δὶ
929 1787 1062 1862 μετὰ
1115 1792 1213 1844 τοῦ
1264 1785 1570 1864 Φιλαρέτου
1622 1786 1965 1864 ἐπιφανέντες

302 1881 356 1934 οἱ
390 1875 668 1954 Βάρίὶαροι
718 1877 910 1933 πτοίαν
960 1871 1244 1947 ἐνέϐαλον,
1295 1876 1386 1932 καὶ
1443 1876 1570 1938 τοὺς
1611 1877 1816 1938 τόπους
1864 1896 1960 1931 κα-
1994 1915 2040 1980 Β

295 1965 650 2036 ταλιποῦσιν,
711 1965 803 2028 οὖς
852 1965 1140 2044 φυλάττειν
1193 1967 1526 2041 ὡρίσθησαν,
1581 1964 1670 2020 καὶ
1730 1964 1807 2028 εἷς
1864 1986 1962 2042 φυ-

295 2058 405 2133 γὴν
465 2060 749 2130 τραπεῖσιν
779 2052 997 2110 εἷ’ποντο
1031 2056 1084 2110 οἱ
1127 2053 1414 2127 πολέμιοι,
1475 2053 1565 2109 καὶ
1625 2052 1770 2109 εἷλον
1825 2053 1962 2108 ἅπα-

297 2167 396 2202 σαν
446 2146 548 2215 τήν
607 2144 826 2201 ἐκείνων
883 2145 1212 2214 ἀποσκευήν.
1246 2148 1416 2198 Τοῦτο
1459 2141 1616 2198 ἐλθὸν
1657 2141 1733 2205 εἷς
1764 2147 1958 2217 γνῶσιν

296 2240 379 2309 τῷ
417 2232 656 2312 βασιλεῖ,
689 2233 1073 2310 σκυθρωπάσαι
1105 2231 1425 2304 πεποίηκεν.
1488 2232 1555 2290 Οἱ
1615 2230 1661 2286 δ’
1692 2231 1784 2287 ἐνα
1829 2232 1959 2304 τίοι,

294 2325 443 2380 κατὰ
465 2327 568 2390 τῆς
623 2320 1008 2387 Καππαδοκίας
1054 2323 1116 2378 τὸ
1168 2324 1400 2400 ὅρμημα
1432 2319 1670 2394 θέμενοι,
1703 2321 1870 2392 αὐτήν
1904 2343 1963 2376 τε

295 2414 596 2491 ἐπόρθουν,
651 2412 740 2468 καὶ
795 2412 932 2487 πρὸς
987 2413 1050 2467 τὸ
1107 2411 1332 2469 Ἰκόνιον
1369 2413 1480 2484 (71)
1529 2408 1697 2482 ἵεντο,
1753 2411 1960 2486 ἀνθρώ-

293 2525 420 2559 πων
482 2523 541 2558 τε
597 2500 1014 2573 πολυπλήθειαν
1048 2499 1200 2577 ἔχον,
1233 2502 1321 2556 καὶ
1368 2506 1498 2556 πᾶσι
1546 2505 1665 2562 τοῖς
1716 2497 1963 2556 δοκοῦσιν

297 2595 528 2670 ἀγαθοῖς
587 2591 1001 2665 εὐθύνούμενον.
1063 2593 1120 2644 '0
1175 2588 1232 2646 δὶ
1288 2588 1541 2666 βασιλεὺς
1576 2632 1590 2659 ,
1652 2589 1728 2653 εἷς
1792 2585 1960 2645 Σεϐά-

297 2705 480 2739 στειαν
527 2681 875 2761 ἀφικόμενος,
944 2681 1034 2735 καὶ
1093 2680 1280 2753 μαθὼν
1335 2681 1438 2748 τὴν
1495 2678 1630 2734 κατᾶ
1677 2682 1773 2734 τοῦ
1827 2681 1962 2736 Ἰκο-

295 2773 420 2828 νίου
469 2775 578 2826 τῶν
631 2771 893 2843 Τούρκων
958 2767 1236 2825 ἐπέλευσιν
1266 2816 1282 2843 ,
1334 2769 1594 2824 συνέτεινε
1649 2767 1740 2822 καὶ
1793 2769 1959 2832 αὐτὸς

296 2864 399 2931 τήν
431 2859 654 2934 πορείαν
707 2862 822 2934 (72)
856 2859 1029 2914 ὁπίσω
1062 2857 1261 2915 αὐτῶν.
1321 2859 1490 2920 Γνοὺς
1524 2855 1580 2912 δὲ
1625 2855 1735 2927 ἤδη
1799 2856 1959 2912 ἐκπε-

312 2951 636 3023 πορθηκέναι
681 2947 878 3012 αὐτοὺς
926 2948 989 3002 τὸ
1047 2947 1297 3017 Ἰκόνιον,
1352 2947 1442 3002 καὶ
1499 2947 1598 3015 τήν
1658 2945 1821 3001 αὐτοῦ
1873 2945 1960 3002 εὗ-

323 3032 681 3111 λαῧουμένους
755 3037 1087 3111 κατάληψιν,
1149 3038 1372 3111 ἀπᾶραι,
1430 3039 1508 3107 τῷ
1561 3041 1661 3105 τῆς
1713 3033 1960 3110 μεγάλης

325 3126 642 3202 ’Δντιοχείας
701 3123 856 3182 δουκὶ
910 3131 990 3198 τῷ
1031 3124 1378 3200 Κατατουρίῳ
1421 3128 1616 3200 μοῖραν
1675 3122 1956 3198 ἐκπέμψας

309 3215 422 3271 τινὰ
501 3221 610 3272 τῶν
684 3217 1015 3288 Ῥωμαϊκῶν
1105 3211 1427 3288 δυνάμεων,
1505 3212 1806 3269 ἐνετείλατο
1882 3213 1957 3274 εἰς

2074 630 2232 688 tione
2262 636 2554 704 suscepta,
2580 649 2714 689 cum
2747 634 3068 690 Cesaream
3100 634 3730 707 venisset,etmagnam

2075 724 2394 777 Turcorum
2456 722 2895 779 multitudinem
2952 724 3107 780 280
3176 740 3303 779 eam
3363 724 3728 796 provinciam

2075 810 2379 866 incursare
2426 813 2828 882 cognovisset:
2862 812 3042 867 etiam
3078 812 3135 867 in
3172 812 3303 868 illos
3352 829 3509 868 nunc
3565 816 3729 885 parte

2075 899 2374 970 copiarum
2406 901 2697 967 immissa,
2730 918 2886 956 nunc
2919 901 3045 973 ipse
3079 900 3369 972 invectus,
3405 901 3728 974 profligatis

2074 988 2216 1057 illis,
2263 989 2625 1061 captivisque
2675 991 2842 1046 caesis
2894 991 3191 1059 omnibus,
3249 991 3321 1045 ad
3372 991 3728 1062 Euphratem

2075 1079 2395 1145 contendit,
2447 1079 2738 1135 Philareto
2793 1081 2941 1134 duce
3000 1080 3329 1148 designato.
3375 1083 3513 1136 Erat
3556 1081 3608 1136 is
3662 1097 3731 1136 ex

2075 1184 2285 1240 genere
2316 1169 2816 1238 Brachamiorum,
2863 1169 2960 1240 qui
2998 1173 3061 1224 ut
3090 1169 3234 1224 satis
3266 1169 3481 1225 habere
3511 1169 3730 1241 peritiae

2077 1258 2348 1312 militaris
2376 1258 2704 1327 videbatur,
2738 1258 2819 1314 ita
2850 1258 3130 1330 improbae
3155 1259 3282 1312 vitae
3314 1262 3456 1323 erat,
3516 1263 3574 1314 et
3624 1275 3729 1314 no-

2077 1347 2221 1402 mini
2252 1364 2380 1417 suo,
2439 1349 2591 1418 quod
2643 1347 2879 1403 virtutis
2939 1348 3270 1403 studiosum
3313 1352 3496 1416 notat,
3558 1348 3732 1420 plane

2074 1436 2398 1492 contrariae.
2425 1436 2572 1491 IIuic
2631 1437 2881 1492 semisse
2936 1435 3226 1492 exercitus
3276 1438 3429 1505 dato,
3482 1436 3610 1509 ipse
3657 1436 3730 1492 ad

2073 1525 2552 1596 septemtrionem
2580 1525 2913 1581 declinavit.
2939 1525 3148 1581 Hostes
3197 1529 3395 1581 autem
3454 1525 3732 1581 Philareti

2074 1613 2362 1670 militibus
2395 1618 2611 1670 terrore
2635 1613 2818 1683 illato,
2881 1619 2948 1670 ut
2992 1615 3138 1670 locis
3196 1614 3412 1686 quibus
3469 1613 3730 1687 praesidii

2073 1720 2250 1759 causa
2279 1707 2464 1770 erant,
2498 1702 2735 1773 relictis,
2783 1703 3073 1775 fugerent,
3133 1704 3402 1772 insecuti,
3453 1704 3730 1760 omnibus

2073 1807 2274 1846 eorum
2321 1789 2764 1862 impedimentis
2797 1791 3125 1862 potiuntur,
3189 1792 3345 1864 quod
3388 1792 3730 1865 imperatori

2072 1879 2375 1935 tristitiam
2426 1879 2662 1935 attulit:
2713 1884 2770 1934 et
2817 1880 2877 1935 in
2931 1880 3358 1952 Cappadociam
3414 1882 3730 1954 progressi,

2074 1967 2230 2040 agris
2254 1967 2496 2024 vastatis
2527 1967 2788 2024 Iconium
2852 1972 3080 2040 petunt,
3142 1969 3347 2025 urbem
3403 1970 3736 2043 frequentia

2071 2057 2403 2124 hominum,
2456 2061 2514 2112 et
2570 2056 2848 2113 omnibus
2880 2056 2952 2113 iis
3001 2074 3129 2130 qua
3157 2057 3312 2115 bona
3343 2058 3622 2115 dicuntur
3651 2059 3732 2115 fe-

2070 2145 2264 2202 licem.
2297 2145 2417 2209 Quo
2439 2145 2759 2216 imperator
2779 2147 3053 2202 Sebastiae
3108 2147 3364 2220 cognito,
3389 2150 3445 2203 et
3465 2146 3592 2220 ipse
3622 2147 3735 2204 iter

2070 2235 2276 2291 eodem
2309 2235 2581 2290 intendit.
2612 2234 2830 2291 Verum
2864 2236 3136 2292 nuntiata
3165 2237 3294 2307 ejus
3347 2236 3509 2292 urbis
3536 2241 3734 2294 vasta-

2070 2326 2251 2394 tione,
2281 2330 2340 2382 et
2369 2327 2696 2382 Turcorum
2717 2342 2892 2382 suum
2918 2327 3236 2382 adventum
3258 2327 3594 2382 timentium
3620 2328 3739 2384 dis-

2073 2432 2267 2484 cessu,
2299 2432 2524 2488 magnae
2572 2415 2890 2471 Antiochiae
2946 2415 3082 2472 duci
3114 2415 3409 2472 Cataturio
3441 2417 3729 2473 Romana-

2072 2522 2204 2561 rum
2235 2504 2532 2578 legionum
2566 2509 2730 2577 parte
2761 2505 3293 2574 missa,mandavit,
3329 2510 3394 2561 ut
3416 2506 3486 2561 ad
3518 2505 3733 2577 Mopsi-

2070 2595 2322 2652 hestiam
2357 2595 2598 2662 veniret,
2632 2599 2690 2649 et
2712 2598 2931 2651 Turcos
2962 2594 3094 2650 illac
3148 2597 3505 2650 transituros
3526 2611 3728 2667 aggre-

2071 2685 2327 2740 deretur.
2355 2685 2634 2740 Caeterum
2663 2683 2856 2739 hostes
2901 2700 3034 2739 cum
3094 2683 3154 2738 in
3206 2683 3373 2739 Tarsi
3422 2683 3728 2755 planitiem

2069 2773 2388 2839 venissent,
2422 2774 2494 2828 ab
2525 2773 2821 2829 Armeniis
2851 2775 3014 2829 omni
3066 2775 3181 2829 fere
3232 2774 3430 2844 praeda
3489 2771 3726 2845 spoliati

2069 2867 2229 2931 sunt,
2264 2863 2596 2935 auditisque
2628 2867 3024 2918 Romanorum
3060 2864 3130 2918 ad
3164 2862 3602 2934 Mopsihestiam
3635 2862 3726 2917 in-

2067 2952 2257 3018 sidiis,
2318 2957 2492 3006 noctu
2547 2952 2656 3007 iter
2709 2952 2963 3023 ingressi
3029 2952 3426 3024 diffugerunt:
3463 2969 3590 3023 qua
3633 2969 3726 3008 res

2066 3038 2402 3110 imperatori
2437 3055 2616 3095 causa
2640 3041 2905 3096 maeroris
2941 3042 3070 3106 fuit,
3106 3045 3169 3094 ut
3192 3041 3366 3096 rebus
3399 3040 3727 3112 desperatis

2070 3129 2413 3198 Byzantium
2447 3129 2682 3184 rediret.
2718 3131 2847 3185 Iam
2897 3129 3052 3187 enim
3087 3135 3414 3185 autumnus
3445 3129 3724 3197 instabat,

2068 3235 2185 3289 qua
2202 3222 2552 3289 tempestate
2573 3219 2986 3274 Blachernium
3009 3235 3240 3290 quoque
3273 3235 3554 3292 magnum
3587 3235 3726 3274 con-

298 3305 684 3380 Μόψουεστίαν
759 3305 1072 3383 ἀφίξεσθαι,
1153 3304 1243 3358 καὶ
1317 3309 1434 3365 τοῖς
1510 3301 1772 3379 Τούρκοις
1847 3301 1958 3358 ἐκεῖ

2074 3307 2359 3379 ﬂagravit,
2393 3325 2544 3362 anno
2575 3308 2647 3363 ab
2679 3308 2818 3363 orbe
2849 3309 3084 3364 condito
3145 3308 3331 3364 sexies
3385 3291 3725 3376 millesimo,

295 3393 502 3451 διιοῦσι
561 3394 852 3468 συμμίξαι.
909 3391 1066 3450 Ἀλλ’
1123 3394 1174 3448 oi
1241 3391 1524 3466 πολεμιοι,
1586 3391 1662 3454 είς
1714 3393 1814 3461 τὴν
1858 3398 1959 3461 τῆς

296 3488 521 3560 Ταρσοῦ
575 3482 804 3540 πεδιάδα
833 3481 1144 3560 γενόμενοι,
1197 3486 1314 3544 τοῖς
1344 3481 1658 3556 Ἀρμενίοις
1689 3480 1958 3550 ἐνέπεσον,

289 3575 389 3629 καὶ
444 3581 618 3629 πᾶσαν
680 3571 876 3649 σχεδὸν
926 3573 1026 3642 τὴν
1075 3570 1221 3626 Λείαν
1270 3566 1564 3627 ἀπέϐαλονυ
1624 3569 1962 3634 Ἐνωτισθέν-

285 3685 387 3725 τες
450 3660 510 3717 δὲ
561 3662 651 3718 καὶ
705 3664 808 3731 τήν
864 3660 918 3716 ἐν
973 3659 1324 3734 Μοψουεστίᾳ
1377 3665 1484 3716 τῶν
1516 3660 1803 3734 Ῥωμαίων
1837 3659 1960 3736 ἐφέ-

289 3753 544 3828 δρευσιν,
601 3747 821 3827 ᾤχοντο
880 3749 969 3806 διὰ
1021 3752 1120 3820 τῆς
1177 3750 1370 3811 νυκτὸς
1427 3750 1517 3805 καὶ
1577 3746 1849 3827 διέφυγον.
1891 3750 1962 3805 "0

286 3847 380 3915 τῷ
428 3839 646 3917 βασιλεῖ
701 3838 885 3911 λύπης
936 3839 1193 3903 ὑπόθεσις
1249 3837 1480 3914 γέγονε,
1539 3839 1628 3893 καὶ
1689 3836 1960 3914 ἀπογνοὺς

291 3933 558 4007 ὡρμήκει
602 3931 737 4008 πρὸς
786 3931 848 3985 τὸ
907 3928 1223 3999 Βυζάντιον.
1278 3927 1420 3998 Ἤδη
1480 3929 1580 4004 γὰρ
1628 3927 1822 3998 ἐπέστη
1872 3926 1962 3982 καὶ

293 4021 361 4076 τὸ
403 4019 746 4096 μετόπωρον.
778 4020 906 4077 ⁴Ὸτε
933 4018 1023 4073 καὶ
1054 4019 1082 4072 ὁ
1141 4018 1310 4092 μέγας
1338 4021 1444 4071 τῶν
1485 4016 1815 4092 Βλαχερνῶν
1847 4018 1962 4090 (73)

293 4108 668 4182 ἐπυρπολήθη
724 4108 852 4170 ναὸς
886 4151 902 4179 ,
962 4105 1117 4169 ἔτους
1174 4104 1524 4179 ἐνισταμένου
1576 4109 1689 4180 (74)
1743 4105 1796 4176 ἐξ
1851 4127 1966 4160 κισ-

293 4198 599 4277 χιλιοστοῦ
681 4200 1139 4253 πεντακοσιοστοῦ
1223 4190 1641 4268 ἐϐδομηκοστοῦ
1719 4192 1961 4270 ὀγδόου.

293 4287 702 4368 Ἐφισταμένου
761 4284 818 4342 δέ
871 4307 934 4361 γε
987 4287 1083 4341 τοῦ
1152 4281 1349 4360 ἔαρος,
1418 4282 1682 4352 Μανουὴλ
1737 4288 1964 4358 Πρωτο-

298 4377 576 4456 πρόεδρον
647 4376 740 4432 τόν
802 4375 1085 4449 Κομνηνὸν
1119 4418 1133 4445 ,
1192 4375 1282 4429 τὸν
1339 4377 1436 4428 τοῦ
1499 4368 1963 4448 βεϐασιλευκότως

305 4467 414 4540 ἤδη
481 4466 751 4525 Ἰσαακίου
805 4461 1174 4542 ἀδελφιδοῦν,
1228 4459 1648 4539 κουροπαλάτην
1701 4464 1964 4535 τιμήσας,

305 4558 560 4638 ἐφίστησι
614 4560 732 4618 τοῖς
792 4553 1207 4630 στρατεύμασιν.
1269 4555 1329 4611 Ὁ
1385 4549 1443 4607 δὲ
1497 4552 1617 4616 νέος
1677 4551 1965 4638 μὲνᾹὲτύγ-

2073 3398 2567 3468 quingentesimo,
2587 3396 3025 3468 septuagesimo
3056 3402 3278 3453 octavo.
3313 3399 3572 3453 Instante
3596 3413 3729 3453 vere

2073 3485 2402 3541 Manuelem
2434 3486 2922 3558 Protoproedrum
2958 3487 3345 3554 Comnenum,
3375 3486 3581 3542 Isaacii
3613 3485 3726 3542 im-

2072 3575 2358 3647 peratoris
2386 3591 2454 3629 ex
2479 3575 2656 3628 fratre
2689 3579 2981 3644 nepotem,
3023 3573 3422 3647 curepalatem
3454 3574 3732 3647 designa-

2070 3668 2220 3730 tum,
2252 3663 2586 3736 legionibus
2617 3663 2897 3735 przet'ecit,
2929 3663 3028 3735 qui
3063 3663 3334 3735 quamvis
3368 3662 3732 3735 adolescens,

2072 3769 2207 3808 cum
2241 3751 2410 3808 senili
2443 3751 2756 3823 prudentia
2785 3752 3098 3807 exercitum
3147 3756 3394 3824 regeret,
3445 3753 3734 3809 Barbaros

2070 3841 2231 3897 vicit.
2265 3841 2348 3896 0b
2382 3857 2555 3912 quem
2589 3856 2936 3896 successum
2963 3841 3247 3911 Diogenes
3299 3840 3383 3896 illi
3437 3840 3732 3912 invidens,

2073 3934 2238 4002 parte
2269 3947 2383 3985 non
2419 3929 2665 3984 minima
2713 3929 3015 4002 cepiarum
3068 3931 3364 4002 adempta,
3398 3930 3455 3985 in
3507 3931 3734 4002 Syriam

2027 4018 2033 4020 ”
2082 4035 2217 4075 eum
2249 4018 2605 4074 misit.Unde
2637 4020 2928 4074 Comneno
2954 4035 3088 4072 cum
3123 4018 3368 4089 reliquis
3401 4018 3731 4074 Sebastiam

2074 4107 2716 4180 profecto,Turcorum
2775 4104 3099 4161 multitudo
3161 4123 3223 4160 se
3281 4105 3575 4161 ostendit:
3627 4106 3730 4176 qui

2075 4193 2352 4252 simulata
2375 4195 2530 4266 fuga,
2562 4193 2663 4250 illo
2697 4199 3107 4266 persequente,
3142 4211 3210 4249 ex
3240 4195 3564 4266 composito
3589 4210 3731 4249 con-

2073 4286 2246 4356 versi,
2276 4286 2572 4340 Romanos
2631 4284 2934 4356 dispersos
2983 4282 3367 4351 invaserunt;
3424 4288 3482 4339 et
3529 4283 3733 4339 multis

2075 4375 2261 4442 caesis,
2287 4390 2393 4429 nec
2418 4372 2796 4446 paucioribus
2811 4371 3272 4444 captis,ipsoque
3287 4373 3432 4428 duce
3449 4372 3735 4440 Manuale,

2075 4467 2270 4519 castra
2299 4463 2698 4535 diripuerunt.
2737 4463 2815 4517 Ea
2837 4478 2950 4530 res,
3004 4478 3109 4516 nec
3142 4462 3342 4517 minus
3394 4462 3552 4517 fama
3583 4462 3731 4519 281

2077 4554 2148 4609 de
2180 4553 2516 4608 Chonarum
2549 4551 2847 4623 republica
2877 4554 2935 4606 et
2965 4551 3178 4606 celebri
3207 4553 3405 4606 Sancti
3435 4551 3735 4609 Michaelis

301 4635 468 4723 χανεν
531 4642 628 4716 ὢν,
686 4646 823 4719 ἦρχε
872 4640 929 4699 δὲ
985 4643 1124 4698 κατὰ
1168 4643 1444 4719 γέροντας,
1516 4641 1606 4696 καὶ
1661 4635 1964 4718 Βαρϐάρων

2075 4641 2295 4714 templo
2325 4659 2358 4697 a
2391 4641 2664 4696 Barbaris
2696 4645 2999 4712 occupato,
3061 4641 3475 4712 imperatorem
3511 4646 3742 4712 pertur-

303 4736 552 4811 ἐντυχὼν
639 4737 882 4806 στρατιᾷ,
961 4732 1322 4809 προσμίγνυσι
1398 4731 1488 4785 καὶ
1566 4735 1715 4801 νικᾷ.
1795 4734 1964 4784 Τοῦτο

303 4826 529 4901 λέγεται
584 4828 664 4896 τῷ
722 4824 958 4898 Διογένει
991 4821 1190 4896 φθόνον
1243 4824 1482 4889 κινῆσαι,
1533 4820 1622 4874 καὶ
1673 4817 1764 4874 διὰ
1803 4824 1964 4874 τοῦτο

303 4923 406 4985 τῆς
465 4913 593 4989 περὶ
669 4912 871 4968 ἐκεῖνον
934 4916 1186 4986 στρατιᾶς
1272 4915 1464 4985 μοῖραν
1525 4907 1625 4964 οὐκ
1666 4907 1963 4983 ἐλαχίστην

313 5000 671 5072 ἀποδιελεῖν,
731 5001 823 5057 καὶ
879 4999 1088 5057 στεῖλαι
1144 5000 1281 5054 κατὰ
1338 4997 1578 5074 Συρίας.
1650 4997 1817 5067 Εἶτα,
1870 5002 1968 5053 τοῦ

2079 4731 2257 4799 bavit,
2293 4737 2356 4786 ut
2388 4736 2550 4786 totus
2585 4731 2642 4785 in
2668 4747 2733 4785 eo
2765 4735 2942 4795 esset,
3008 4737 3071 4785 ut
3111 4730 3554 4818 quamprimum
3587 4730 3741 4788 bello

2079 4821 2163 4877 eis
2194 4819 2357 4876 illato
2380 4818 2752 4891 periclitante
2785 4823 3183 4876 conservaret.
3249 4819 3356 4874 Sed
3399 4820 3540 4874 dum
3591 4836 3740 4892 quo-

2080 4909 2354 4966 rumdam
2380 4908 2608 4964 monitu
2640 4910 2971 4971 cunctatur,
3007 4907 3174 4962 adest
3225 4906 3562 4963 Comnenus
3603 4924 3741 4964 cum

2079 5016 2146 5055 eo
2174 4999 2386 5067 Turca,
2411 5014 2445 5054 a
2476 5013 2595 5069 quo
2617 4999 2823 5069 captus
2847 4994 3439 5067 fuerat.Namis,cum
3468 4994 3744 5053 sultanus

1609 5180 1814 5244 Variae
1842 5179 2146 5244 lectiones
2177 5183 2240 5242 et
2267 5183 2457 5240 notae.

377 5339 499 5413 (71)
533 5334 780 5413 Ἰκόνιον.
803 5336 861 5413 Ἀ
884 5335 1438 5413 quoexpugnatum
1490 5333 1666 5389 fuerit
1709 5333 1977 5413 Iconium

314 5405 582 5468 diiimus
614 5409 674 5464 in
704 5407 854 5464 serie
884 5405 1275 5463 Iconiensium
1309 5405 1679 5462 sultanorum
1732 5407 1792 5462 in
1839 5407 1975 5462 Hist.

313 5487 556 5558 Bymnt.
590 5483 914 5558 inaurata,
938 5484 1070 5551 part
1102 5479 1242 5558 12p.
1276 5479 1402 5558 3_5_4.

385 5555 506 5629 (72)
541 5548 957 5629 Συχέτεινεπήν
982 5623 996 5629 _
1019 5548 1289 5629 πορείαν...
1307 5549 1743 5629 Expedithan
1804 5549 1982 5629 istam

319 5621 570 5685 Romani
604 5623 882 5698 Diogenis
928 5623 1000 5678 ad
1022 5621 1404 5698 Antiochiam
1428 5626 1513 5698 et_
1528 5621 1790 5698 Ciliciam
1818 5623 1983 5698 vide-

312 5708 411 5759 tur
440 5694 802 5757 intellexisse
829 5698 1084 5768 Joannes
1117 5696 1354 5768 Tzetzes
1382 5694 1442 5768 in
1463 5694 1736 5768 Epistola
1766 5694 1838 5751 ad
1879 5696 1982 5768 Pa-

311 5779 580 5834 trensem
607 5765 1297 5844 metropolitanum:Kat
1352 5764 1835 5845 αύτὸξγινώσκεις
1880 5766 1982 5836 τὴν

600 5902 875 5965 ΡΑι-ιιοι..
923 5898 1036 5963 GR.
1077 5895 1372 5961 CXXXV.

2091 5328 2450 5406 ἐκστρατείαν,
2487 5331 2583 5384 τοῦ
2640 5329 2900 5406 κραταιοῦ
2955 5323 3572 5406 ἠμῶνῳαύτοκράτορος
3631 5326 3741 5406 ,τὴν

2091 5399 2228 5480 πρὸς
2260 5401 2540 5480 ΚιλικίανΔ
2577 5399 2685 5455 καί
2713 5399 3079 5475 Ἀντιόχειαν.
3112 5400 3268 5457 Vixit
3315 5399 3490 5457 enim'
3511 5400 3747 5458 Tretzes

2092 5477 2201 5535 hac
2231 5477 2604 5545 tempestate.

2164 5543 2662 5622 (73)Βλαχερνῶν.
2723 5544 2939 5601 Eadem
2997 5543 3172 5600 verba
3237 5545 3413 5601 habet
3451 5544 3746 5620 Scylitzes,

2094 5622 2512 5767 p.($7i§."ETOUC
2546 5687 2918 5763 ἐνισταμένου.
2950 5690 3117 5747 Anno
3149 5688 3284 5748 Chr.
3318 5688 3445 5748 470.

3433 5892 3470 5952 9
