  <div class='ocr_page' id='page_1' title='image "/cluster/home/n/w/nwhite01/storage/ocr_20150623/135:no.2/coo.31924054870401/140.png"; bbox 0 0 4126 6422; ppageno 0'>
   <div class='ocr_carea' id='block_1_1' title="bbox 319 425 441 489">
    <p class='ocr_par' dir='ltr' id='par_1_1' title="bbox 319 425 441 489">
     <span class='ocr_line' id='line_1_1' title="bbox 319 425 441 489; baseline 0.016 -2"><span class='ocrx_word' id='word_1_1' title='bbox 319 425 441 489; x_wconf 77' lang='grc'>269</span> 
     </span>
    </p>
   </div>
   <div class='ocr_carea' id='block_1_2' title="bbox 1607 411 2478 479">
    <p class='ocr_par' dir='ltr' id='par_1_2' title="bbox 1607 411 2478 479">
     <span class='ocr_line' id='line_1_2' title="bbox 1607 411 2478 479; baseline 0 -1"><span class='ocrx_word' id='word_1_2' title='bbox 1607 411 2023 479; x_wconf 76' lang='lat' dir='ltr'><strong>ANNALIUM</strong></span> <span class='ocrx_word' id='word_1_3' title='bbox 2065 412 2216 476; x_wconf 88' lang='lat' dir='ltr'>LIB.</span> <span class='ocrx_word' id='word_1_4' title='bbox 2258 413 2478 478; x_wconf 82' lang='lat' dir='ltr'><strong>XVIII.</strong></span> 
     </span>
    </p>
   </div>
   <div class='ocr_carea' id='block_1_3' title="bbox 3623 413 3750 477">
    <p class='ocr_par' dir='ltr' id='par_1_3' title="bbox 3623 413 3750 477">
     <span class='ocr_line' id='line_1_3' title="bbox 3623 413 3750 477; baseline 0.008 -1"><span class='ocrx_word' id='word_1_5' title='bbox 3623 413 3750 477; x_wconf 72' lang='grc'>270</span> 
     </span>
    </p>
   </div>
   <div class='ocr_carea' id='block_1_4' title="bbox 317 544 2000 630">
    <p class='ocr_par' dir='ltr' id='par_1_4' title="bbox 317 544 1980 630">
     <span class='ocr_line' id='line_1_4' title="bbox 317 544 1980 630; baseline -0.006 -18"><span class='ocrx_word' id='word_1_6' title='bbox 317 574 518 629; x_wconf 78' lang='grc' dir='ltr'>τευμα,</span> <span class='ocrx_word' id='word_1_7' title='bbox 546 551 640 610; x_wconf 83' lang='grc' dir='ltr'>καὶ</span> <span class='ocrx_word' id='word_1_8' title='bbox 692 557 892 630; x_wconf 88' lang='grc' dir='ltr'>μοῖραν</span> <span class='ocrx_word' id='word_1_9' title='bbox 945 550 1039 626; x_wconf 65' lang='grc' dir='ltr'>μὲν</span> <span class='ocrx_word' id='word_1_10' title='bbox 1068 552 1149 624; x_wconf 75' lang='grc' dir='ltr'>τῷ</span> <span class='ocrx_word' id='word_1_11' title='bbox 1199 544 1501 621; x_wconf 80' lang='grc' dir='ltr'>Ῥουσελίῳ</span> <span class='ocrx_word' id='word_1_12' title='bbox 1534 548 1646 622; x_wconf 89' lang='grc'>(78)</span> <span class='ocrx_word' id='word_1_13' title='bbox 1689 545 1980 623; x_wconf 81' lang='grc' dir='ltr'>παρέσχεν.</span> 
     </span>
    </p>
   </div>
   <div class='ocr_carea' id='block_1_5' title="bbox 2111 544 3747 630">
    <p class='ocr_par' dir='ltr' id='par_1_5' title="bbox 2111 545 3747 622">
     <span class='ocr_line' id='line_1_5' title="bbox 2111 545 3747 622; baseline 0 -19"><span class='ocrx_word' id='word_1_14' title='bbox 2111 545 2250 604; x_wconf 79' lang='lat' dir='ltr'><strong>bello</strong></span> <span class='ocrx_word' id='word_1_15' title='bbox 2280 548 2536 620; x_wconf 85' lang='lat' dir='ltr'><strong>gerendo</strong></span> <span class='ocrx_word' id='word_1_16' title='bbox 2567 564 2684 605; x_wconf 89' lang='lat' dir='ltr'>non</span> <span class='ocrx_word' id='word_1_17' title='bbox 2715 564 2907 622; x_wconf 89' lang='lat' dir='ltr'><strong>pares.</strong></span> <span class='ocrx_word' id='word_1_18' title='bbox 2940 549 3019 605; x_wconf 83' lang='lat' dir='ltr'><strong>Ac</strong></span> <span class='ocrx_word' id='word_1_19' title='bbox 3076 547 3546 606; x_wconf 88' lang='lat' dir='ltr'><strong>Mantziciertum</strong></span> <span class='ocrx_word' id='word_1_20' title='bbox 3605 547 3747 621; x_wconf 82' lang='lat' dir='ltr'><strong>qui-</strong></span> 
     </span>
    </p>
   </div>
   <div class='ocr_carea' id='block_1_6' title="bbox 320 635 1982 719">
    <p class='ocr_par' dir='ltr' id='par_1_6' title="bbox 320 635 1982 719">
     <span class='ocr_line' id='line_1_6' title="bbox 320 635 1982 719; baseline -0.007 -18"><span class='ocrx_word' id='word_1_21' title='bbox 320 645 492 719; x_wconf 69' lang='grc' dir='ltr'>’ᾼνὴρ</span> <span class='ocrx_word' id='word_1_22' title='bbox 552 641 600 698; x_wconf 88' lang='grc' dir='ltr'>δ’</span> <span class='ocrx_word' id='word_1_23' title='bbox 651 642 808 706; x_wconf 79' lang='grc' dir='ltr'>οὗτος</span> <span class='ocrx_word' id='word_1_24' title='bbox 864 644 1095 702; x_wconf 88' lang='grc' dir='ltr'>Λατῖνος</span> <span class='ocrx_word' id='word_1_25' title='bbox 1154 635 1651 713; x_wconf 82' lang='grc' dir='ltr'>πολεμικώτατος,</span> <span class='ocrx_word' id='word_1_26' title='bbox 1700 636 1790 691; x_wconf 81' lang='grc' dir='ltr'>καὶ</span> <span class='ocrx_word' id='word_1_27' title='bbox 1845 635 1982 690; x_wconf 82' lang='grc' dir='ltr'>κατά</span> 
     </span>
    </p>
   </div>
   <div class='ocr_carea' id='block_1_7' title="bbox 317 721 1978 801">
    <p class='ocr_par' dir='ltr' id='par_1_7' title="bbox 317 721 1978 801">
     <span class='ocr_line' id='line_1_7' title="bbox 317 721 1978 801; baseline -0.007 -11"><span class='ocrx_word' id='word_1_28' title='bbox 317 730 418 790; x_wconf 75' lang='grc' dir='ltr'>τοῦ</span> <span class='ocrx_word' id='word_1_29' title='bbox 477 731 661 789; x_wconf 73' lang='grc' dir='ltr'>Χλιᾰτ</span> <span class='ocrx_word' id='word_1_30' title='bbox 718 729 880 786; x_wconf 79' lang='grc' dir='ltr'>αὐτὸν</span> <span class='ocrx_word' id='word_1_31' title='bbox 937 726 1328 801; x_wconf 80' lang='grc' dir='ltr'>ἐξαπέστειλεν.</span> <span class='ocrx_word' id='word_1_32' title='bbox 1388 726 1604 801; x_wconf 83' lang='grc' dir='ltr'>Ἑτέραν</span> <span class='ocrx_word' id='word_1_33' title='bbox 1666 721 1725 780; x_wconf 79' lang='grc' dir='ltr'>δὶ</span> <span class='ocrx_word' id='word_1_34' title='bbox 1784 729 1978 800; x_wconf 88' lang='grc' dir='ltr'>μοῖραν</span> 
     </span>
    </p>
   </div>
   <div class='ocr_carea' id='block_1_8' title="bbox 320 815 1980 899">
    <p class='ocr_par' dir='ltr' id='par_1_8' title="bbox 320 815 1980 899">
     <span class='ocr_line' id='line_1_8' title="bbox 320 815 1980 899; baseline -0.007 -19"><span class='ocrx_word' id='word_1_35' title='bbox 320 824 491 899; x_wconf 67' lang='grc' dir='ltr'>ἑτέρῳ</span> <span class='ocrx_word' id='word_1_36' title='bbox 550 819 919 899; x_wconf 76' lang='grc' dir='ltr'>προσένειμε,</span> <span class='ocrx_word' id='word_1_37' title='bbox 978 816 1282 895; x_wconf 75' lang='grc' dir='ltr'>προστάξας</span> <span class='ocrx_word' id='word_1_38' title='bbox 1359 815 1507 889; x_wconf 81' lang='grc' dir='ltr'>αὖτῷ</span> <span class='ocrx_word' id='word_1_39' title='bbox 1580 820 1854 891; x_wconf 78' lang='grc' dir='ltr'>πορθῆσαι</span> <span class='ocrx_word' id='word_1_40' title='bbox 1919 815 1980 869; x_wconf 87' lang='grc' dir='ltr'>τὸ</span> 
     </span>
    </p>
   </div>
   <div class='ocr_carea' id='block_1_9' title="bbox 321 902 1980 985">
    <p class='ocr_par' dir='ltr' id='par_1_9' title="bbox 321 902 1980 985">
     <span class='ocr_line' id='line_1_9' title="bbox 321 902 1980 985; baseline -0.007 -17"><span class='ocrx_word' id='word_1_41' title='bbox 321 913 651 985; x_wconf 74' lang='grc' dir='ltr'>Μανζικίερτ</span> <span class='ocrx_word' id='word_1_42' title='bbox 682 911 815 985; x_wconf 86' lang='grc'>(79)·</span> <span class='ocrx_word' id='word_1_43' title='bbox 864 907 1027 973; x_wconf 83' lang='grc' dir='ltr'>αὐτὸς</span> <span class='ocrx_word' id='word_1_44' title='bbox 1074 903 1133 962; x_wconf 70' lang='grc' dir='ltr'>δὲ</span> <span class='ocrx_word' id='word_1_45' title='bbox 1180 907 1208 961; x_wconf 99' lang='lat'>6</span> <span class='ocrx_word' id='word_1_46' title='bbox 1262 903 1520 983; x_wconf 81' lang='grc' dir='ltr'>βασιλεὺς</span> <span class='ocrx_word' id='word_1_47' title='bbox 1558 903 1694 979; x_wconf 79' lang='grc' dir='ltr'>μετά</span> <span class='ocrx_word' id='word_1_48' title='bbox 1720 908 1828 961; x_wconf 81' lang='grc' dir='ltr'>τῶν</span> <span class='ocrx_word' id='word_1_49' title='bbox 1861 902 1980 959; x_wconf 85' lang='grc' dir='ltr'>λοι-</span> 
     </span>
    </p>
   </div>
   <div class='ocr_carea' id='block_1_10' title="bbox 330 991 1979 1074">
    <p class='ocr_par' dir='ltr' id='par_1_10' title="bbox 330 991 1979 1074">
     <span class='ocr_line' id='line_1_10' title="bbox 330 991 1979 1074; baseline -0.005 -17"><span class='ocrx_word' id='word_1_50' title='bbox 330 1006 462 1073; x_wconf 74' lang='grc' dir='ltr'>πῶν,</span> <span class='ocrx_word' id='word_1_51' title='bbox 520 997 622 1055; x_wconf 86' lang='grc' dir='ltr'>ούκ</span> <span class='ocrx_word' id='word_1_52' title='bbox 679 999 1000 1074; x_wconf 82' lang='grc' dir='ltr'>ἀξιομάχων</span> <span class='ocrx_word' id='word_1_53' title='bbox 1056 992 1251 1065; x_wconf 81' lang='grc' dir='ltr'>ὄντων,</span> <span class='ocrx_word' id='word_1_54' title='bbox 1299 991 1735 1070; x_wconf 86' lang='grc' dir='ltr'>περιελέλειπτο.</span> <span class='ocrx_word' id='word_1_55' title='bbox 1778 994 1849 1049; x_wconf 87' lang='grc' dir='ltr'>Τὸ</span> <span class='ocrx_word' id='word_1_56' title='bbox 1886 994 1979 1068; x_wconf 75' lang='grc' dir='ltr'>μὲν</span> 
     </span>
    </p>
   </div>
   <div class='ocr_carea' id='block_1_11' title="bbox 335 1079 1981 1162">
    <p class='ocr_par' dir='ltr' id='par_1_11' title="bbox 335 1079 1981 1162">
     <span class='ocr_line' id='line_1_11' title="bbox 335 1079 1981 1162; baseline -0.005 -15"><span class='ocrx_word' id='word_1_57' title='bbox 335 1089 422 1147; x_wconf 78' lang='grc' dir='ltr'>οὗν</span> <span class='ocrx_word' id='word_1_58' title='bbox 450 1086 783 1161; x_wconf 83' lang='grc' dir='ltr'>Μανζικίερτ</span> <span class='ocrx_word' id='word_1_59' title='bbox 814 1085 886 1143; x_wconf 87' lang='grc' dir='ltr'>δι’</span> <span class='ocrx_word' id='word_1_60' title='bbox 935 1084 1237 1162; x_wconf 82' lang='grc' dir='ltr'>ὁμολογίας</span> <span class='ocrx_word' id='word_1_61' title='bbox 1286 1082 1366 1158; x_wconf 81' lang='grc' dir='ltr'>τῷ</span> <span class='ocrx_word' id='word_1_62' title='bbox 1419 1081 1633 1160; x_wconf 88' lang='grc' dir='ltr'>βασιλεῖ</span> <span class='ocrx_word' id='word_1_63' title='bbox 1678 1079 1981 1160; x_wconf 82' lang='grc' dir='ltr'>παραδέδο-</span> 
     </span>
    </p>
   </div>
   <div class='ocr_carea' id='block_1_12' title="bbox 329 1171 1984 1252">
    <p class='ocr_par' dir='ltr' id='par_1_12' title="bbox 329 1171 1984 1252">
     <span class='ocr_line' id='line_1_12' title="bbox 329 1171 1984 1252; baseline -0.006 -16"><span class='ocrx_word' id='word_1_64' title='bbox 329 1201 408 1252; x_wconf 90' lang='grc' dir='ltr'>το,</span> <span class='ocrx_word' id='word_1_65' title='bbox 442 1175 973 1234; x_wconf 76' lang='grc' dir='ltr'>ἀποδεδειλιακότων</span> <span class='ocrx_word' id='word_1_66' title='bbox 1022 1178 1131 1230; x_wconf 80' lang='grc' dir='ltr'>τῶν</span> <span class='ocrx_word' id='word_1_67' title='bbox 1179 1172 1437 1250; x_wconf 87' lang='grc' dir='ltr'>Τούρκων</span> <span class='ocrx_word' id='word_1_68' title='bbox 1480 1171 1571 1227; x_wconf 80' lang='grc' dir='ltr'>καὶ</span> <span class='ocrx_word' id='word_1_69' title='bbox 1619 1173 1799 1227; x_wconf 88' lang='grc' dir='ltr'>πίστιν</span> <span class='ocrx_word' id='word_1_70' title='bbox 1832 1171 1984 1242; x_wconf 70' lang='grc' dir='ltr'>αἴτηο</span> 
     </span>
    </p>
   </div>
   <div class='ocr_carea' id='block_1_13' title="bbox 327 1257 1982 1342">
    <p class='ocr_par' dir='ltr' id='par_1_13' title="bbox 327 1257 1982 1342">
     <span class='ocr_line' id='line_1_13' title="bbox 327 1257 1982 1342; baseline -0.005 -18"><span class='ocrx_word' id='word_1_71' title='bbox 327 1268 596 1342; x_wconf 79' lang='grc' dir='ltr'>σαμένων,</span> <span class='ocrx_word' id='word_1_72' title='bbox 638 1265 730 1322; x_wconf 78' lang='grc' dir='ltr'>καὶ</span> <span class='ocrx_word' id='word_1_73' title='bbox 775 1265 974 1321; x_wconf 88' lang='grc' dir='ltr'>τούτου</span> <span class='ocrx_word' id='word_1_74' title='bbox 1023 1262 1344 1320; x_wconf 82' lang='grc' dir='ltr'>ἐκστάντων.</span> <span class='ocrx_word' id='word_1_75' title='bbox 1398 1263 1768 1339; x_wconf 83' lang='grc' dir='ltr'>Στρατιώταις</span> <span class='ocrx_word' id='word_1_76' title='bbox 1817 1257 1875 1316; x_wconf 75' lang='grc' dir='ltr'>δὲ</span> <span class='ocrx_word' id='word_1_77' title='bbox 1904 1260 1982 1324; x_wconf 68' lang='grc' dir='ltr'>εἷς</span> 
     </span>
    </p>
   </div>
   <div class='ocr_carea' id='block_1_14' title="bbox 328 1348 1983 1433">
    <p class='ocr_par' dir='ltr' id='par_1_14' title="bbox 328 1348 1983 1433">
     <span class='ocr_line' id='line_1_14' title="bbox 328 1348 1983 1433; baseline -0.005 -20"><span class='ocrx_word' id='word_1_78' title='bbox 328 1356 611 1433; x_wconf 74' lang='grc' dir='ltr'>συλλογὴν</span> <span class='ocrx_word' id='word_1_79' title='bbox 656 1352 933 1426; x_wconf 77' lang='grc' dir='ltr'>ἐξελθοῦσι</span> <span class='ocrx_word' id='word_1_80' title='bbox 980 1357 1089 1408; x_wconf 83' lang='grc' dir='ltr'>τῶν</span> <span class='ocrx_word' id='word_1_81' title='bbox 1137 1349 1423 1429; x_wconf 82' lang='grc' dir='ltr'>χρειωδῶν</span> <span class='ocrx_word' id='word_1_82' title='bbox 1491 1349 1751 1423; x_wconf 86' lang='grc' dir='ltr'>πολέμιοι</span> <span class='ocrx_word' id='word_1_83' title='bbox 1794 1348 1983 1424; x_wconf 81' lang='grc' dir='ltr'>ἀθρόοι</span> 
     </span>
    </p>
   </div>
   <div class='ocr_carea' id='block_1_15' title="bbox 324 1438 1985 1520">
    <p class='ocr_par' dir='ltr' id='par_1_15' title="bbox 324 1438 1985 1520">
     <span class='ocr_line' id='line_1_15' title="bbox 324 1438 1985 1520; baseline -0.005 -18"><span class='ocrx_word' id='word_1_84' title='bbox 324 1444 663 1516; x_wconf 72' lang='grc' dir='ltr'>ἑπήλθοσαν.</span> <span class='ocrx_word' id='word_1_85' title='bbox 691 1447 753 1498; x_wconf 82' lang='grc' dir='ltr'><strong>Ὀ</strong></span> <span class='ocrx_word' id='word_1_86' title='bbox 795 1441 957 1520; x_wconf 79' lang='grc' dir='ltr'>γνοὺς</span> <span class='ocrx_word' id='word_1_87' title='bbox 989 1443 1018 1497; x_wconf 87' lang='grc' dir='ltr'><strong>ὁ</strong></span> <span class='ocrx_word' id='word_1_88' title='bbox 1052 1439 1310 1517; x_wconf 75' lang='grc' dir='ltr'>βασιλεὺς</span> <span class='ocrx_word' id='word_1_89' title='bbox 1356 1440 1448 1495; x_wconf 85' lang='grc' dir='ltr'>τὸν</span> <span class='ocrx_word' id='word_1_90' title='bbox 1481 1438 1775 1515; x_wconf 85' lang='grc' dir='ltr'>μάγιστρον</span> <span class='ocrx_word' id='word_1_91' title='bbox 1808 1444 1985 1510; x_wconf 63' lang='lat' dir='ltr'><strong>Ninn-</strong></span> 
     </span>
    </p>
   </div>
   <div class='ocr_carea' id='block_1_16' title="bbox 328 1526 1990 1614">
    <p class='ocr_par' dir='ltr' id='par_1_16' title="bbox 328 1526 1990 1614">
     <span class='ocr_line' id='line_1_16' title="bbox 328 1526 1990 1614; baseline -0.005 -25"><span class='ocrx_word' id='word_1_92' title='bbox 328 1535 499 1614; x_wconf 77' lang='grc' dir='ltr'>φόρον</span> <span class='ocrx_word' id='word_1_93' title='bbox 574 1533 668 1588; x_wconf 84' lang='grc' dir='ltr'>τὸν</span> <span class='ocrx_word' id='word_1_94' title='bbox 742 1530 996 1608; x_wconf 86' lang='grc' dir='ltr'>Βρυένιον</span> <span class='ocrx_word' id='word_1_95' title='bbox 1062 1529 1146 1585; x_wconf 85' lang='grc' dir='ltr'>ἐπ’</span> <span class='ocrx_word' id='word_1_96' title='bbox 1203 1527 1398 1590; x_wconf 75' lang='grc' dir='ltr'>αὐτοὺς</span> <span class='ocrx_word' id='word_1_97' title='bbox 1452 1526 1792 1602; x_wconf 71' lang='grc' dir='ltr'>ἐξαπέστειλε</span> <span class='ocrx_word' id='word_1_98' title='bbox 1851 1528 1990 1601; x_wconf 86' lang='grc' dir='ltr'>μετά</span> 
     </span>
    </p>
   </div>
   <div class='ocr_carea' id='block_1_17' title="bbox 322 1612 1988 1697">
    <p class='ocr_par' dir='ltr' id='par_1_17' title="bbox 322 1612 1988 1697">
     <span class='ocr_line' id='line_1_17' title="bbox 322 1612 1988 1697; baseline -0.004 -19"><span class='ocrx_word' id='word_1_99' title='bbox 322 1612 477 1684; x_wconf 81' lang='grc' dir='ltr'>τινος</span> <span class='ocrx_word' id='word_1_100' title='bbox 506 1626 907 1697; x_wconf 77' lang='grc' dir='ltr'>συντάγματος,</span> <span class='ocrx_word' id='word_1_101' title='bbox 939 1620 1023 1693; x_wconf 80' lang='grc' dir='ltr'>ὃς,</span> <span class='ocrx_word' id='word_1_102' title='bbox 1051 1623 1172 1681; x_wconf 87' lang='grc' dir='ltr'>τοῖς</span> <span class='ocrx_word' id='word_1_103' title='bbox 1201 1615 1468 1695; x_wconf 81' lang='grc' dir='ltr'>Τούρκοις</span> <span class='ocrx_word' id='word_1_104' title='bbox 1515 1612 1865 1691; x_wconf 87' lang='grc' dir='ltr'>προσϐαλὼν,</span> <span class='ocrx_word' id='word_1_105' title='bbox 1896 1631 1988 1686; x_wconf 69' lang='grc' dir='ltr'>καὶ</span> 
     </span>
    </p>
   </div>
   <div class='ocr_carea' id='block_1_18' title="bbox 286 1702 1991 1785">
    <p class='ocr_par' dir='ltr' id='par_1_18' title="bbox 286 1702 1991 1785">
     <span class='ocr_line' id='line_1_18' title="bbox 286 1702 1991 1785; baseline -0.004 -18"><span class='ocrx_word' id='word_1_106' title='bbox 286 1708 641 1785; x_wconf 73' lang='grc' dir='ltr'>¹κάμνουσαν</span> <span class='ocrx_word' id='word_1_107' title='bbox 698 1707 914 1784; x_wconf 87' lang='grc' dir='ltr'>βλέπων</span> <span class='ocrx_word' id='word_1_108' title='bbox 972 1708 1072 1777; x_wconf 84' lang='grc' dir='ltr'>τὴν</span> <span class='ocrx_word' id='word_1_109' title='bbox 1104 1707 1221 1781; x_wconf 87' lang='grc' dir='ltr'>μετ’</span> <span class='ocrx_word' id='word_1_110' title='bbox 1275 1706 1441 1761; x_wconf 78' lang='grc' dir='ltr'>αὐτοῦ</span> <span class='ocrx_word' id='word_1_111' title='bbox 1489 1702 1741 1780; x_wconf 84' lang='grc' dir='ltr'>δύναμιν,</span> <span class='ocrx_word' id='word_1_112' title='bbox 1775 1705 1991 1768; x_wconf 76' lang='grc' dir='ltr'>στείλας</span> 
     </span>
    </p>
   </div>
   <div class='ocr_carea' id='block_1_19' title="bbox 328 1793 1990 1876">
    <p class='ocr_par' dir='ltr' id='par_1_19' title="bbox 328 1793 1990 1876">
     <span class='ocr_line' id='line_1_19' title="bbox 328 1793 1990 1876; baseline -0.004 -20"><span class='ocrx_word' id='word_1_113' title='bbox 328 1797 455 1876; x_wconf 71' lang='grc' dir='ltr'>ᾔτει</span> <span class='ocrx_word' id='word_1_114' title='bbox 506 1796 845 1874; x_wconf 84' lang='grc' dir='ltr'>ἐπικουρίαν.</span> <span class='ocrx_word' id='word_1_115' title='bbox 894 1798 956 1855; x_wconf 84' lang='grc' dir='ltr'>Ὁ</span> <span class='ocrx_word' id='word_1_116' title='bbox 1005 1793 1063 1852; x_wconf 68' lang='grc' dir='ltr'>δὲ</span> <span class='ocrx_word' id='word_1_117' title='bbox 1116 1793 1395 1871; x_wconf 81' lang='grc' dir='ltr'>βασιλεὺς,</span> <span class='ocrx_word' id='word_1_118' title='bbox 1449 1794 1656 1872; x_wconf 80' lang='grc' dir='ltr'>ἀγνοῶν</span> <span class='ocrx_word' id='word_1_119' title='bbox 1703 1799 1810 1852; x_wconf 84' lang='grc' dir='ltr'>τῶν</span> <span class='ocrx_word' id='word_1_120' title='bbox 1841 1794 1990 1851; x_wconf 88' lang='grc' dir='ltr'>ἐναν-</span> 
     </span>
    </p>
   </div>
   <div class='ocr_carea' id='block_1_20' title="bbox 322 1882 1984 1961">
    <p class='ocr_par' dir='ltr' id='par_1_20' title="bbox 322 1882 1984 1961">
     <span class='ocr_line' id='line_1_20' title="bbox 322 1882 1984 1961; baseline -0.004 -15"><span class='ocrx_word' id='word_1_121' title='bbox 322 1890 460 1947; x_wconf 80' lang='grc' dir='ltr'>τίων</span> <span class='ocrx_word' id='word_1_122' title='bbox 505 1890 607 1959; x_wconf 83' lang='grc' dir='ltr'>τήν</span> <span class='ocrx_word' id='word_1_123' title='bbox 658 1884 911 1960; x_wconf 87' lang='grc' dir='ltr'>δύναμιν,</span> <span class='ocrx_word' id='word_1_124' title='bbox 963 1882 1170 1941; x_wconf 83' lang='grc' dir='ltr'>δειλίαν</span> <span class='ocrx_word' id='word_1_125' title='bbox 1229 1885 1472 1961; x_wconf 79' lang='grc' dir='ltr'>κατέγνω</span> <span class='ocrx_word' id='word_1_126' title='bbox 1525 1888 1623 1940; x_wconf 74' lang='grc' dir='ltr'>τοῦ</span> <span class='ocrx_word' id='word_1_127' title='bbox 1679 1884 1934 1960; x_wconf 76' lang='grc' dir='ltr'>Βρυενίου</span> <span class='ocrx_word' id='word_1_128' title='bbox 1967 1929 1984 1952; x_wconf 85' lang='grc'>,</span> 
     </span>
    </p>
   </div>
   <div class='ocr_carea' id='block_1_21' title="bbox 324 1945 2064 2050">
    <p class='ocr_par' dir='ltr' id='par_1_21' title="bbox 324 1945 2064 2050">
     <span class='ocr_line' id='line_1_21' title="bbox 324 1945 2064 2050; baseline -0.004 -14"><span class='ocrx_word' id='word_1_129' title='bbox 324 1979 419 2037; x_wconf 78' lang='grc' dir='ltr'>καὶ</span> <span class='ocrx_word' id='word_1_130' title='bbox 451 1976 592 2034; x_wconf 79' lang='grc' dir='ltr'>κατὰ</span> <span class='ocrx_word' id='word_1_131' title='bbox 637 1979 735 2032; x_wconf 76' lang='grc' dir='ltr'>τοῦ</span> <span class='ocrx_word' id='word_1_132' title='bbox 791 1972 987 2049; x_wconf 86' lang='grc' dir='ltr'>ἀνδρὸς</span> <span class='ocrx_word' id='word_1_133' title='bbox 1035 1972 1380 2050; x_wconf 79' lang='grc' dir='ltr'>ἐτραχύνετο.</span> <span class='ocrx_word' id='word_1_134' title='bbox 1428 1974 1630 2050; x_wconf 86' lang='grc' dir='ltr'>Ἔτυχε</span> <span class='ocrx_word' id='word_1_135' title='bbox 1674 1971 1733 2029; x_wconf 74' lang='grc' dir='ltr'>δὲ</span> <span class='ocrx_word' id='word_1_136' title='bbox 1775 1974 1900 2029; x_wconf 90' lang='grc' dir='ltr'>τότε</span> <span class='ocrx_word' id='word_1_137' title='bbox 1957 1974 1984 2029; x_wconf 89' lang='grc' dir='ltr'><strong>ὁ</strong></span> <span class='ocrx_word' id='word_1_138' title='bbox 2017 1945 2064 2011; x_wconf 79' lang='grc' dir='ltr'><strong>Β</strong></span> 
     </span>
    </p>
   </div>
   <div class='ocr_carea' id='block_1_22' title="bbox 326 2061 1993 2144">
    <p class='ocr_par' dir='ltr' id='par_1_22' title="bbox 326 2061 1993 2144">
     <span class='ocr_line' id='line_1_22' title="bbox 326 2061 1993 2144; baseline -0.004 -20"><span class='ocrx_word' id='word_1_139' title='bbox 326 2067 511 2144; x_wconf 79' lang='grc' dir='ltr'>ἱερεὺς</span> <span class='ocrx_word' id='word_1_140' title='bbox 563 2064 944 2141; x_wconf 80' lang='grc' dir='ltr'>ἀναγινώσκων</span> <span class='ocrx_word' id='word_1_141' title='bbox 1002 2062 1064 2117; x_wconf 86' lang='grc' dir='ltr'>τὸ</span> <span class='ocrx_word' id='word_1_142' title='bbox 1116 2061 1477 2138; x_wconf 75' lang='grc' dir='ltr'>Εὗαγγέλιον,</span> <span class='ocrx_word' id='word_1_143' title='bbox 1537 2063 1630 2118; x_wconf 78' lang='grc' dir='ltr'>καὶ</span> <span class='ocrx_word' id='word_1_144' title='bbox 1682 2062 1876 2139; x_wconf 79' lang='grc' dir='ltr'>λέγων·</span> <span class='ocrx_word' id='word_1_145' title='bbox 1930 2061 1993 2118; x_wconf 85' lang='grc' dir='ltr'>Εἰ</span> 
     </span>
    </p>
   </div>
   <div class='ocr_carea' id='block_1_23' title="bbox 330 2145 1997 2231">
    <p class='ocr_par' dir='ltr' id='par_1_23' title="bbox 330 2145 1997 2231">
     <span class='ocr_line' id='line_1_23' title="bbox 330 2145 1997 2231; baseline -0.005 -19"><span class='ocrx_word' id='word_1_146' title='bbox 330 2155 434 2231; x_wconf 72' lang='grc' dir='ltr'>ἐμὲ</span> <span class='ocrx_word' id='word_1_147' title='bbox 492 2152 761 2226; x_wconf 68' lang='grc' dir='ltr'>ἐδίωξαν,</span> <span class='ocrx_word' id='word_1_148' title='bbox 818 2152 911 2208; x_wconf 85' lang='grc' dir='ltr'>καὶ</span> <span class='ocrx_word' id='word_1_149' title='bbox 970 2152 1108 2225; x_wconf 74' lang='grc' dir='ltr'>ὑμᾶς</span> <span class='ocrx_word' id='word_1_150' title='bbox 1167 2148 1487 2222; x_wconf 81' lang='grc' dir='ltr'>διώξουσιν.</span> <span class='ocrx_word' id='word_1_151' title='bbox 1543 2153 1733 2223; x_wconf 86' lang='grc' dir='ltr'>Ὅμως</span> <span class='ocrx_word' id='word_1_152' title='bbox 1788 2145 1997 2207; x_wconf 78' lang='grc' dir='ltr'>ἔστειλε</span> 
     </span>
    </p>
   </div>
   <div class='ocr_carea' id='block_1_24' title="bbox 337 2239 2002 2318">
    <p class='ocr_par' dir='ltr' id='par_1_24' title="bbox 337 2239 2002 2318">
     <span class='ocr_line' id='line_1_24' title="bbox 337 2239 2002 2318; baseline -0.003 -17"><span class='ocrx_word' id='word_1_153' title='bbox 337 2246 434 2302; x_wconf 85' lang='grc' dir='ltr'>καὶ</span> <span class='ocrx_word' id='word_1_154' title='bbox 480 2245 574 2300; x_wconf 87' lang='grc' dir='ltr'>τὸν</span> <span class='ocrx_word' id='word_1_155' title='bbox 633 2243 924 2318; x_wconf 73' lang='grc' dir='ltr'>μάγιστρον</span> <span class='ocrx_word' id='word_1_156' title='bbox 984 2240 1286 2317; x_wconf 80' lang='grc' dir='ltr'>Νικηφόριν</span> <span class='ocrx_word' id='word_1_157' title='bbox 1342 2240 1436 2295; x_wconf 86' lang='grc' dir='ltr'>τὸν</span> <span class='ocrx_word' id='word_1_158' title='bbox 1491 2239 1813 2297; x_wconf 85' lang='grc' dir='ltr'>Βασιλάκιον</span> <span class='ocrx_word' id='word_1_159' title='bbox 1866 2240 2002 2315; x_wconf 87' lang='grc' dir='ltr'>μετά</span> 
     </span>
    </p>
   </div>
   <div class='ocr_carea' id='block_1_25' title="bbox 342 2330 1998 2412">
    <p class='ocr_par' dir='ltr' id='par_1_25' title="bbox 342 2330 1998 2412">
     <span class='ocr_line' id='line_1_25' title="bbox 342 2330 1998 2412; baseline -0.003 -21"><span class='ocrx_word' id='word_1_160' title='bbox 342 2336 545 2412; x_wconf 83' lang='grc' dir='ltr'>μοίρας</span> <span class='ocrx_word' id='word_1_161' title='bbox 597 2336 962 2410; x_wconf 80' lang='grc' dir='ltr'>στρατιωτῶν,</span> <span class='ocrx_word' id='word_1_162' title='bbox 1009 2332 1085 2386; x_wconf 81' lang='grc' dir='ltr'>ὧν</span> <span class='ocrx_word' id='word_1_163' title='bbox 1130 2330 1535 2407; x_wconf 69' lang='grc' dir='ltr'>προστεθέντων</span> <span class='ocrx_word' id='word_1_164' title='bbox 1589 2335 1667 2403; x_wconf 78' lang='grc' dir='ltr'>τῷ</span> <span class='ocrx_word' id='word_1_165' title='bbox 1712 2332 1998 2405; x_wconf 84' lang='grc' dir='ltr'>Βρυενίῳ,</span> 
     </span>
    </p>
   </div>
   <div class='ocr_carea' id='block_1_26' title="bbox 342 2418 2000 2501">
    <p class='ocr_par' dir='ltr' id='par_1_26' title="bbox 342 2418 2000 2501">
     <span class='ocr_line' id='line_1_26' title="bbox 342 2418 2000 2501; baseline -0.004 -21"><span class='ocrx_word' id='word_1_166' title='bbox 342 2426 518 2501; x_wconf 81' lang='grc' dir='ltr'>μέχρι</span> <span class='ocrx_word' id='word_1_167' title='bbox 553 2422 648 2497; x_wconf 86' lang='grc' dir='ltr'>μέν</span> <span class='ocrx_word' id='word_1_168' title='bbox 677 2442 827 2484; x_wconf 87' lang='grc' dir='ltr'>τινος</span> <span class='ocrx_word' id='word_1_169' title='bbox 876 2419 1149 2491; x_wconf 81' lang='grc' dir='ltr'>ἷσοπαλής</span> <span class='ocrx_word' id='word_1_170' title='bbox 1189 2419 1256 2489; x_wconf 85' lang='grc' dir='ltr'>ἦν</span> <span class='ocrx_word' id='word_1_171' title='bbox 1290 2419 1318 2474; x_wconf 88' lang='lat'>6</span> <span class='ocrx_word' id='word_1_172' title='bbox 1368 2418 1532 2496; x_wconf 85' lang='grc' dir='ltr'>ἀγών·</span> <span class='ocrx_word' id='word_1_173' title='bbox 1566 2419 1680 2475; x_wconf 81' lang='grc' dir='ltr'>εἶτα</span> <span class='ocrx_word' id='word_1_174' title='bbox 1707 2424 1803 2475; x_wconf 78' lang='grc' dir='ltr'>τοῦ</span> <span class='ocrx_word' id='word_1_175' title='bbox 1842 2426 2000 2479; x_wconf 87' lang='grc' dir='ltr'>Βασι-</span> 
     </span>
    </p>
   </div>
   <div class='ocr_carea' id='block_1_27' title="bbox 340 2507 2000 2588">
    <p class='ocr_par' dir='ltr' id='par_1_27' title="bbox 340 2507 2000 2588">
     <span class='ocr_line' id='line_1_27' title="bbox 340 2507 2000 2588; baseline -0.002 -18"><span class='ocrx_word' id='word_1_176' title='bbox 340 2511 544 2570; x_wconf 82' lang='grc' dir='ltr'>λακίου</span> <span class='ocrx_word' id='word_1_177' title='bbox 593 2511 940 2588; x_wconf 79' lang='grc' dir='ltr'>ὁρμήσαντος</span> <span class='ocrx_word' id='word_1_178' title='bbox 987 2507 1042 2565; x_wconf 88' lang='grc' dir='ltr'>ἐν</span> <span class='ocrx_word' id='word_1_179' title='bbox 1090 2509 1412 2585; x_wconf 85' lang='grc' dir='ltr'>προμάχοις</span> <span class='ocrx_word' id='word_1_180' title='bbox 1449 2508 1585 2564; x_wconf 84' lang='grc' dir='ltr'>κατᾶ</span> <span class='ocrx_word' id='word_1_181' title='bbox 1611 2512 1720 2564; x_wconf 78' lang='grc' dir='ltr'>τῶν</span> <span class='ocrx_word' id='word_1_182' title='bbox 1751 2507 2000 2566; x_wconf 74' lang='grc' dir='ltr'>ἐναντίων</span> 
     </span>
    </p>
   </div>
   <div class='ocr_carea' id='block_1_28' title="bbox 346 2594 2002 2678">
    <p class='ocr_par' dir='ltr' id='par_1_28' title="bbox 346 2594 2002 2678">
     <span class='ocr_line' id='line_1_28' title="bbox 346 2594 2002 2678; baseline -0.002 -20"><span class='ocrx_word' id='word_1_183' title='bbox 346 2603 622 2678; x_wconf 82' lang='grc' dir='ltr'>μετὰτῶν</span> <span class='ocrx_word' id='word_1_184' title='bbox 668 2600 794 2674; x_wconf 78' lang='grc' dir='ltr'>περὶ</span> <span class='ocrx_word' id='word_1_185' title='bbox 854 2597 1040 2671; x_wconf 86' lang='grc' dir='ltr'>αύτὸν,</span> <span class='ocrx_word' id='word_1_186' title='bbox 1091 2598 1159 2654; x_wconf 80' lang='grc' dir='ltr'>τὰ</span> <span class='ocrx_word' id='word_1_187' title='bbox 1207 2602 1352 2652; x_wconf 80' lang='grc' dir='ltr'>νῶτα</span> <span class='ocrx_word' id='word_1_188' title='bbox 1407 2594 1666 2675; x_wconf 83' lang='grc' dir='ltr'>ἔστρεψαν</span> <span class='ocrx_word' id='word_1_189' title='bbox 1723 2600 1776 2654; x_wconf 77' lang='grc' dir='ltr'>οἱ</span> <span class='ocrx_word' id='word_1_190' title='bbox 1831 2598 2002 2655; x_wconf 91' lang='grc' dir='ltr'>πολέ-</span> 
     </span>
    </p>
   </div>
   <div class='ocr_carea' id='block_1_29' title="bbox 347 2686 2007 2768">
    <p class='ocr_par' dir='ltr' id='par_1_29' title="bbox 347 2686 2007 2768">
     <span class='ocr_line' id='line_1_29' title="bbox 347 2686 2007 2768; baseline -0.001 -22"><span class='ocrx_word' id='word_1_191' title='bbox 347 2713 490 2768; x_wconf 81' lang='grc' dir='ltr'>μιοι,</span> <span class='ocrx_word' id='word_1_192' title='bbox 526 2691 553 2746; x_wconf 85' lang='grc' dir='ltr'>ὁ</span> <span class='ocrx_word' id='word_1_193' title='bbox 586 2687 644 2745; x_wconf 74' lang='grc' dir='ltr'>δὲ</span> <span class='ocrx_word' id='word_1_194' title='bbox 677 2687 889 2757; x_wconf 85' lang='grc' dir='ltr'>ἐδίωκε,</span> <span class='ocrx_word' id='word_1_195' title='bbox 938 2691 1035 2743; x_wconf 79' lang='grc' dir='ltr'>τοῦ</span> <span class='ocrx_word' id='word_1_196' title='bbox 1085 2687 1343 2762; x_wconf 82' lang='grc' dir='ltr'>Βρυενίου</span> <span class='ocrx_word' id='word_1_197' title='bbox 1393 2686 1486 2742; x_wconf 75' lang='grc' dir='ltr'>σὺν</span> <span class='ocrx_word' id='word_1_198' title='bbox 1532 2693 1651 2751; x_wconf 86' lang='grc' dir='ltr'>τοῖς</span> <span class='ocrx_word' id='word_1_199' title='bbox 1683 2687 1818 2766; x_wconf 80' lang='grc' dir='ltr'>ἀμφ’</span> <span class='ocrx_word' id='word_1_200' title='bbox 1847 2688 2007 2744; x_wconf 82' lang='grc' dir='ltr'>αὐτὸν</span> 
     </span>
    </p>
   </div>
   <div class='ocr_carea' id='block_1_30' title="bbox 349 2773 2004 2857">
    <p class='ocr_par' dir='ltr' id='par_1_30' title="bbox 349 2773 2004 2857">
     <span class='ocr_line' id='line_1_30' title="bbox 349 2773 2004 2857; baseline -0.002 -21"><span class='ocrx_word' id='word_1_201' title='bbox 349 2783 426 2857; x_wconf 73' lang='grc' dir='ltr'>μὴ</span> <span class='ocrx_word' id='word_1_202' title='bbox 460 2779 787 2841; x_wconf 81' lang='grc' dir='ltr'>διώκοντος,</span> <span class='ocrx_word' id='word_1_203' title='bbox 820 2779 908 2840; x_wconf 82' lang='grc' dir='ltr'>Ὡς</span> <span class='ocrx_word' id='word_1_204' title='bbox 939 2773 997 2832; x_wconf 74' lang='grc' dir='ltr'>δὶ</span> <span class='ocrx_word' id='word_1_205' title='bbox 1047 2775 1169 2853; x_wconf 82' lang='grc' dir='ltr'>περὶ</span> <span class='ocrx_word' id='word_1_206' title='bbox 1216 2777 1308 2832; x_wconf 88' lang='grc' dir='ltr'>τὸν</span> <span class='ocrx_word' id='word_1_207' title='bbox 1363 2775 1579 2852; x_wconf 82' lang='grc' dir='ltr'>χάρακα</span> <span class='ocrx_word' id='word_1_208' title='bbox 1614 2781 1723 2833; x_wconf 81' lang='grc' dir='ltr'>τῶν</span> <span class='ocrx_word' id='word_1_209' title='bbox 1752 2776 2004 2833; x_wconf 81' lang='grc' dir='ltr'>ἐναντίων</span> 
     </span>
    </p>
   </div>
   <div class='ocr_carea' id='block_1_31' title="bbox 351 2861 2008 2948">
    <p class='ocr_par' dir='ltr' id='par_1_31' title="bbox 351 2861 2008 2948">
     <span class='ocr_line' id='line_1_31' title="bbox 351 2861 2008 2948; baseline -0.003 -22"><span class='ocrx_word' id='word_1_210' title='bbox 351 2871 582 2948; x_wconf 85' lang='grc' dir='ltr'>ἐγένετο,</span> <span class='ocrx_word' id='word_1_211' title='bbox 614 2866 928 2943; x_wconf 83' lang='grc' dir='ltr'>πληγέντος</span> <span class='ocrx_word' id='word_1_212' title='bbox 960 2866 1107 2938; x_wconf 80' lang='grc' dir='ltr'>αὐτῷ</span> <span class='ocrx_word' id='word_1_213' title='bbox 1133 2869 1232 2922; x_wconf 81' lang='grc' dir='ltr'>τοῦ</span> <span class='ocrx_word' id='word_1_214' title='bbox 1256 2864 1455 2933; x_wconf 66' lang='grc' dir='ltr'>ἵππου,</span> <span class='ocrx_word' id='word_1_215' title='bbox 1495 2861 1670 2936; x_wconf 87' lang='grc' dir='ltr'>ἀπέϐη</span> <span class='ocrx_word' id='word_1_216' title='bbox 1705 2866 1889 2934; x_wconf 79' lang='grc' dir='ltr'>αὐτοῦ,</span> <span class='ocrx_word' id='word_1_217' title='bbox 1915 2867 2008 2923; x_wconf 87' lang='grc' dir='ltr'>καὶ</span> 
     </span>
    </p>
   </div>
   <div class='ocr_carea' id='block_1_32' title="bbox 360 2952 2009 3031">
    <p class='ocr_par' dir='ltr' id='par_1_32' title="bbox 360 2952 2009 3031">
     <span class='ocr_line' id='line_1_32' title="bbox 360 2952 2009 3031; baseline -0.002 -17"><span class='ocrx_word' id='word_1_218' title='bbox 360 2958 452 3014; x_wconf 69' lang='grc' dir='ltr'>διὰ</span> <span class='ocrx_word' id='word_1_219' title='bbox 474 2960 534 3014; x_wconf 84' lang='grc' dir='ltr'>τὸ</span> <span class='ocrx_word' id='word_1_220' title='bbox 562 2962 671 3014; x_wconf 85' lang='grc' dir='ltr'>τῶν</span> <span class='ocrx_word' id='word_1_221' title='bbox 723 2955 913 3013; x_wconf 79' lang='grc' dir='ltr'>ὅπλων</span> <span class='ocrx_word' id='word_1_222' title='bbox 965 2955 1131 3031; x_wconf 81' lang='grc' dir='ltr'>βάρος</span> <span class='ocrx_word' id='word_1_223' title='bbox 1185 2954 1286 3010; x_wconf 82' lang='grc' dir='ltr'>οὐκ</span> <span class='ocrx_word' id='word_1_224' title='bbox 1334 2952 1617 3026; x_wconf 77' lang='grc' dir='ltr'>εὐκίνητος</span> <span class='ocrx_word' id='word_1_225' title='bbox 1668 2953 1741 3010; x_wconf 86' lang='grc' dir='ltr'>ὢν</span> <span class='ocrx_word' id='word_1_226' title='bbox 1771 2953 2009 3011; x_wconf 76' lang='grc' dir='ltr'>κυκλοῦ-</span> 
     </span>
    </p>
   </div>
   <div class='ocr_carea' id='block_1_33' title="bbox 367 3042 2007 3122">
    <p class='ocr_par' dir='ltr' id='par_1_33' title="bbox 367 3042 2007 3122">
     <span class='ocr_line' id='line_1_33' title="bbox 367 3042 2007 3122; baseline -0.002 -20"><span class='ocrx_word' id='word_1_227' title='bbox 367 3068 454 3102; x_wconf 85' lang='grc' dir='ltr'>ται</span> <span class='ocrx_word' id='word_1_228' title='bbox 483 3048 615 3122; x_wconf 75' lang='grc' dir='ltr'>παρᾶ</span> <span class='ocrx_word' id='word_1_229' title='bbox 661 3050 772 3102; x_wconf 81' lang='grc' dir='ltr'>τῶν</span> <span class='ocrx_word' id='word_1_230' title='bbox 824 3042 1135 3118; x_wconf 82' lang='grc' dir='ltr'>πολεμίων,</span> <span class='ocrx_word' id='word_1_231' title='bbox 1187 3044 1278 3098; x_wconf 84' lang='grc' dir='ltr'>καί</span> <span class='ocrx_word' id='word_1_232' title='bbox 1335 3042 1656 3119; x_wconf 82' lang='grc' dir='ltr'>ζωγρηθεὶς,</span> <span class='ocrx_word' id='word_1_233' title='bbox 1712 3048 1790 3115; x_wconf 80' lang='grc' dir='ltr'>τῷ</span> <span class='ocrx_word' id='word_1_234' title='bbox 1843 3042 2007 3099; x_wconf 86' lang='grc' dir='ltr'>σουλ-</span> 
     </span>
    </p>
   </div>
   <div class='ocr_carea' id='block_1_34' title="bbox 368 3128 2010 3212">
    <p class='ocr_par' dir='ltr' id='par_1_34' title="bbox 368 3128 2010 3212">
     <span class='ocr_line' id='line_1_34' title="bbox 368 3128 2010 3212; baseline -0.002 -20"><span class='ocrx_word' id='word_1_235' title='bbox 368 3134 505 3210; x_wconf 79' lang='grc' dir='ltr'>τάνῳ</span> <span class='ocrx_word' id='word_1_236' title='bbox 571 3133 939 3212; x_wconf 75' lang='grc' dir='ltr'>προσάγεται·</span> <span class='ocrx_word' id='word_1_237' title='bbox 1011 3130 1134 3188; x_wconf 76' lang='grc' dir='ltr'>οὕτε</span> <span class='ocrx_word' id='word_1_238' title='bbox 1189 3128 1233 3187; x_wconf 86' lang='grc' dir='ltr'>δ’</span> <span class='ocrx_word' id='word_1_239' title='bbox 1323 3129 1528 3196; x_wconf 82' lang='grc' dir='ltr'>ἐκεῖνος</span> <span class='ocrx_word' id='word_1_240' title='bbox 1609 3129 2010 3208; x_wconf 83' lang='grc' dir='ltr'>δουλικώτερον</span> 
     </span>
    </p>
   </div>
   <div class='ocr_carea' id='block_1_35' title="bbox 2089 638 3743 712">
    <p class='ocr_par' dir='ltr' id='par_1_35' title="bbox 2089 638 3743 712">
     <span class='ocr_line' id='line_1_35' title="bbox 2089 638 3743 712; baseline 0.001 -19"><span class='ocrx_word' id='word_1_241' title='bbox 2089 638 2246 706; x_wconf 90' lang='lat' dir='ltr'><strong>dem,</strong></span> <span class='ocrx_word' id='word_1_242' title='bbox 2276 639 2479 696; x_wconf 79' lang='lat' dir='ltr'>Turcis</span> <span class='ocrx_word' id='word_1_243' title='bbox 2504 639 2856 712; x_wconf 80' lang='lat' dir='ltr'>perterritis,</span> <span class='ocrx_word' id='word_1_244' title='bbox 2882 640 2998 696; x_wconf 85' lang='lat' dir='ltr'>ﬁde</span> <span class='ocrx_word' id='word_1_245' title='bbox 3028 645 3290 712; x_wconf 87' lang='lat' dir='ltr'><strong>accepta,</strong></span> <span class='ocrx_word' id='word_1_246' title='bbox 3340 644 3399 695; x_wconf 93' lang='lat' dir='ltr'>et</span> <span class='ocrx_word' id='word_1_247' title='bbox 3457 640 3602 696; x_wconf 82' lang='lat' dir='ltr'>urbe</span> <span class='ocrx_word' id='word_1_248' title='bbox 3650 655 3743 695; x_wconf 83' lang='lat' dir='ltr'>re-</span> 
     </span>
    </p>
   </div>
   <div class='ocr_carea' id='block_1_36' title="bbox 2089 725 3743 802">
    <p class='ocr_par' dir='ltr' id='par_1_36' title="bbox 2089 725 3743 802">
     <span class='ocr_line' id='line_1_36' title="bbox 2089 725 3743 802; baseline 0.002 -21"><span class='ocrx_word' id='word_1_249' title='bbox 2089 725 2248 795; x_wconf 88' lang='lat' dir='ltr'><strong>licta,</strong></span> <span class='ocrx_word' id='word_1_250' title='bbox 2270 727 2630 785; x_wconf 89' lang='lat' dir='ltr'><strong>deditionem</strong></span> <span class='ocrx_word' id='word_1_251' title='bbox 2684 730 2835 785; x_wconf 87' lang='lat' dir='ltr'><strong>fecit.</strong></span> <span class='ocrx_word' id='word_1_252' title='bbox 2889 728 3103 785; x_wconf 83' lang='lat' dir='ltr'>Milites</span> <span class='ocrx_word' id='word_1_253' title='bbox 3155 733 3353 786; x_wconf 91' lang='lat' dir='ltr'><strong>autem</strong></span> <span class='ocrx_word' id='word_1_254' title='bbox 3395 728 3743 802; x_wconf 82' lang='lat' dir='ltr'>pabulatum</span> 
     </span>
    </p>
   </div>
   <div class='ocr_carea' id='block_1_37' title="bbox 2091 815 3739 892">
    <p class='ocr_par' dir='ltr' id='par_1_37' title="bbox 2091 815 3739 892">
     <span class='ocr_line' id='line_1_37' title="bbox 2091 815 3739 892; baseline 0.001 -19"><span class='ocrx_word' id='word_1_255' title='bbox 2091 815 2245 874; x_wconf 74' lang='lat'><strong>282</strong></span> <span class='ocrx_word' id='word_1_256' title='bbox 2278 817 2514 888; x_wconf 79' lang='lat' dir='ltr'>egressi,</span> <span class='ocrx_word' id='word_1_257' title='bbox 2554 819 2626 874; x_wconf 91' lang='lat' dir='ltr'>ab</span> <span class='ocrx_word' id='word_1_258' title='bbox 2670 818 2944 875; x_wconf 81' lang='lat' dir='ltr'>hostibus</span> <span class='ocrx_word' id='word_1_259' title='bbox 3004 824 3145 875; x_wconf 91' lang='lat' dir='ltr'><strong>sunt</strong></span> <span class='ocrx_word' id='word_1_260' title='bbox 3199 820 3398 876; x_wconf 83' lang='lat' dir='ltr'><strong>subito</strong></span> <span class='ocrx_word' id='word_1_261' title='bbox 3450 819 3739 892; x_wconf 82' lang='lat' dir='ltr'>Oppressi,</span> 
     </span>
    </p>
   </div>
   <div class='ocr_carea' id='block_1_38' title="bbox 2090 905 3741 982">
    <p class='ocr_par' dir='ltr' id='par_1_38' title="bbox 2090 905 3741 982">
     <span class='ocr_line' id='line_1_38' title="bbox 2090 905 3741 982; baseline 0.001 -21"><span class='ocrx_word' id='word_1_262' title='bbox 2090 921 2210 977; x_wconf 93' lang='lat' dir='ltr'>quo</span> <span class='ocrx_word' id='word_1_263' title='bbox 2289 906 2606 979; x_wconf 78' lang='lat' dir='ltr'>imperator</span> <span class='ocrx_word' id='word_1_264' title='bbox 2668 908 2925 980; x_wconf 87' lang='lat' dir='ltr'><strong>cognito,</strong></span> <span class='ocrx_word' id='word_1_265' title='bbox 2978 908 3373 981; x_wconf 85' lang='lat' dir='ltr'>Nicephorum</span> <span class='ocrx_word' id='word_1_266' title='bbox 3433 905 3741 982; x_wconf 62' lang='lat' dir='ltr'><strong>Bryenium</strong></span> 
     </span>
    </p>
   </div>
   <div class='ocr_carea' id='block_1_39' title="bbox 2092 994 3743 1069">
    <p class='ocr_par' dir='ltr' id='par_1_39' title="bbox 2092 994 3743 1069">
     <span class='ocr_line' id='line_1_39' title="bbox 2092 994 3743 1069; baseline 0.003 -19"><span class='ocrx_word' id='word_1_267' title='bbox 2092 994 2443 1068; x_wconf 87' lang='lat' dir='ltr'><strong>magistrum</strong></span> <span class='ocrx_word' id='word_1_268' title='bbox 2476 1013 2611 1052; x_wconf 92' lang='lat' dir='ltr'>cum</span> <span class='ocrx_word' id='word_1_269' title='bbox 2643 995 2867 1069; x_wconf 79' lang='lat' dir='ltr'>aliquot</span> <span class='ocrx_word' id='word_1_270' title='bbox 2918 998 3259 1054; x_wconf 90' lang='lat' dir='ltr'><strong>cohortibus</strong></span> <span class='ocrx_word' id='word_1_271' title='bbox 3305 999 3587 1055; x_wconf 78' lang='lat' dir='ltr'><strong>adversus</strong></span> <span class='ocrx_word' id='word_1_272' title='bbox 3642 1014 3743 1055; x_wconf 91' lang='lat' dir='ltr'>eos</span> 
     </span>
    </p>
   </div>
   <div class='ocr_carea' id='block_1_40' title="bbox 2093 1085 3744 1161">
    <p class='ocr_par' dir='ltr' id='par_1_40' title="bbox 2093 1085 3744 1161">
     <span class='ocr_line' id='line_1_40' title="bbox 2093 1085 3744 1161; baseline 0.003 -22"><span class='ocrx_word' id='word_1_273' title='bbox 2093 1085 2276 1152; x_wconf 82' lang='lat' dir='ltr'>misit,</span> <span class='ocrx_word' id='word_1_274' title='bbox 2300 1085 2403 1157; x_wconf 89' lang='lat' dir='ltr'>qui</span> <span class='ocrx_word' id='word_1_275' title='bbox 2427 1103 2561 1142; x_wconf 88' lang='lat' dir='ltr'>cum</span> <span class='ocrx_word' id='word_1_276' title='bbox 2590 1087 2796 1142; x_wconf 85' lang='lat' dir='ltr'>Turcis</span> <span class='ocrx_word' id='word_1_277' title='bbox 2819 1103 3191 1160; x_wconf 67' lang='lat' dir='ltr'><strong>congressus,</strong></span> <span class='ocrx_word' id='word_1_278' title='bbox 3219 1103 3353 1143; x_wconf 89' lang='lat' dir='ltr'>cum</span> <span class='ocrx_word' id='word_1_279' title='bbox 3375 1105 3516 1144; x_wconf 88' lang='lat' dir='ltr'><strong>suas</strong></span> <span class='ocrx_word' id='word_1_280' title='bbox 3545 1088 3744 1161; x_wconf 89' lang='lat' dir='ltr'><strong>copias</strong></span> 
     </span>
    </p>
   </div>
   <div class='ocr_carea' id='block_1_41' title="bbox 2093 1174 3746 1249">
    <p class='ocr_par' dir='ltr' id='par_1_41' title="bbox 2093 1174 3746 1249">
     <span class='ocr_line' id='line_1_41' title="bbox 2093 1174 3746 1249; baseline 0.003 -21"><span class='ocrx_word' id='word_1_281' title='bbox 2093 1174 2372 1246; x_wconf 83' lang='lat' dir='ltr'><strong>fatigatas</strong></span> <span class='ocrx_word' id='word_1_282' title='bbox 2402 1175 2646 1241; x_wconf 80' lang='lat' dir='ltr'><strong>videret,</strong></span> <span class='ocrx_word' id='word_1_283' title='bbox 2678 1176 3013 1232; x_wconf 81' lang='lat' dir='ltr'>subsidium</span> <span class='ocrx_word' id='word_1_284' title='bbox 3048 1177 3231 1248; x_wconf 86' lang='lat' dir='ltr'><strong>petiit.</strong></span> <span class='ocrx_word' id='word_1_285' title='bbox 3256 1179 3582 1249; x_wconf 90' lang='lat' dir='ltr'><strong>Imperator</strong></span> <span class='ocrx_word' id='word_1_286' title='bbox 3611 1194 3746 1234; x_wconf 88' lang='lat' dir='ltr'><strong>vero</strong></span> 
     </span>
    </p>
   </div>
   <div class='ocr_carea' id='block_1_42' title="bbox 2090 1263 3743 1339">
    <p class='ocr_par' dir='ltr' id='par_1_42' title="bbox 2090 1263 3743 1339">
     <span class='ocr_line' id='line_1_42' title="bbox 2090 1263 3743 1339; baseline 0.002 -21"><span class='ocrx_word' id='word_1_287' title='bbox 2090 1263 2244 1319; x_wconf 74' lang='lat' dir='ltr'><strong>vires</strong></span> <span class='ocrx_word' id='word_1_288' title='bbox 2276 1263 2532 1319; x_wconf 88' lang='lat' dir='ltr'><strong>hostium</strong></span> <span class='ocrx_word' id='word_1_289' title='bbox 2567 1264 2865 1335; x_wconf 86' lang='lat' dir='ltr'><strong>ignorans,</strong></span> <span class='ocrx_word' id='word_1_290' title='bbox 2900 1266 3214 1339; x_wconf 82' lang='lat' dir='ltr'><strong>Bryenium</strong></span> <span class='ocrx_word' id='word_1_291' title='bbox 3273 1267 3516 1338; x_wconf 64' lang='lat' dir='ltr'><strong>ignavia</strong></span> <span class='ocrx_word' id='word_1_292' title='bbox 3571 1283 3743 1323; x_wconf 83' lang='lat' dir='ltr'><strong>accu-</strong></span> 
     </span>
    </p>
   </div>
   <div class='ocr_carea' id='block_1_43' title="bbox 2094 1349 3746 1428">
    <p class='ocr_par' dir='ltr' id='par_1_43' title="bbox 2094 1349 3746 1428">
     <span class='ocr_line' id='line_1_43' title="bbox 2094 1349 3746 1428; baseline 0.005 -22"><span class='ocrx_word' id='word_1_293' title='bbox 2094 1352 2263 1420; x_wconf 88' lang='lat' dir='ltr'><strong>savit,</strong></span> <span class='ocrx_word' id='word_1_294' title='bbox 2279 1349 2519 1425; x_wconf 75' lang='lat' dir='ltr'><strong>viroque</strong></span> <span class='ocrx_word' id='word_1_295' title='bbox 2544 1355 2883 1410; x_wconf 91' lang='lat' dir='ltr'><strong>succensuit</strong></span> <span class='ocrx_word' id='word_1_296' title='bbox 2906 1354 3143 1428; x_wconf 85' lang='lat' dir='ltr'><strong>(accidit</strong></span> <span class='ocrx_word' id='word_1_297' title='bbox 3163 1361 3359 1411; x_wconf 88' lang='lat' dir='ltr'><strong>autem</strong></span> <span class='ocrx_word' id='word_1_298' title='bbox 3377 1360 3444 1410; x_wconf 88' lang='lat' dir='ltr'>ut</span> <span class='ocrx_word' id='word_1_299' title='bbox 3474 1356 3746 1413; x_wconf 90' lang='lat' dir='ltr'><strong>sacerdos</strong></span> 
     </span>
    </p>
   </div>
   <div class='ocr_carea' id='block_1_44' title="bbox 2094 1444 3747 1517">
    <p class='ocr_par' dir='ltr' id='par_1_44' title="bbox 2094 1444 3747 1517">
     <span class='ocr_line' id='line_1_44' title="bbox 2094 1444 3747 1517; baseline 0.004 -20"><span class='ocrx_word' id='word_1_300' title='bbox 2094 1456 2162 1497; x_wconf 91' lang='lat' dir='ltr'>eo</span> <span class='ocrx_word' id='word_1_301' title='bbox 2197 1446 2455 1513; x_wconf 84' lang='lat' dir='ltr'><strong>tempore</strong></span> <span class='ocrx_word' id='word_1_302' title='bbox 2488 1445 2865 1516; x_wconf 79' lang='lat' dir='ltr'><strong>Evangelium</strong></span> <span class='ocrx_word' id='word_1_303' title='bbox 2907 1444 3053 1500; x_wconf 88' lang='lat' dir='ltr'><strong>illud</strong></span> <span class='ocrx_word' id='word_1_304' title='bbox 3083 1444 3380 1501; x_wconf 78' lang='lat' dir='ltr'><strong>recitaret:</strong></span> <span class='ocrx_word' id='word_1_305' title='bbox 3414 1445 3475 1501; x_wconf 91' lang='lat' dir='ltr'><strong>Si</strong></span> <span class='ocrx_word' id='word_1_306' title='bbox 3503 1461 3589 1502; x_wconf 89' lang='lat' dir='ltr'>me</span> <span class='ocrx_word' id='word_1_307' title='bbox 3614 1462 3747 1517; x_wconf 78' lang='lat' dir='ltr'><strong>per-</strong></span> 
     </span>
    </p>
   </div>
   <div class='ocr_carea' id='block_1_45' title="bbox 2095 1533 3746 1607">
    <p class='ocr_par' dir='ltr' id='par_1_45' title="bbox 2095 1533 3746 1607">
     <span class='ocr_line' id='line_1_45' title="bbox 2095 1533 3746 1607; baseline 0.003 -20"><span class='ocrx_word' id='word_1_308' title='bbox 2095 1533 2271 1587; x_wconf 76' lang='lat' dir='ltr'><strong>secuti</strong></span> <span class='ocrx_word' id='word_1_309' title='bbox 2297 1542 2446 1599; x_wconf 73' lang='lat' dir='ltr'><strong>sunt,</strong></span> <span class='ocrx_word' id='word_1_310' title='bbox 2467 1542 2519 1588; x_wconf 76' lang='lat' dir='ltr'>et</span> <span class='ocrx_word' id='word_1_311' title='bbox 2548 1549 2641 1589; x_wconf 78' lang='lat' dir='ltr'><strong>vos</strong></span> <span class='ocrx_word' id='word_1_312' title='bbox 2666 1542 3073 1606; x_wconf 74' lang='lat' dir='ltr'><strong>persequentur</strong></span> <span class='ocrx_word' id='word_1_313' title='bbox 3097 1534 3162 1607; x_wconf 80' lang='grc' dir='ltr'>ί),</span> <span class='ocrx_word' id='word_1_314' title='bbox 3209 1539 3269 1591; x_wconf 91' lang='lat' dir='ltr'>et</span> <span class='ocrx_word' id='word_1_315' title='bbox 3321 1539 3519 1592; x_wconf 83' lang='lat' dir='ltr'><strong>tamen</strong></span> <span class='ocrx_word' id='word_1_316' title='bbox 3575 1535 3746 1592; x_wconf 88' lang='lat' dir='ltr'><strong>Nice-</strong></span> 
     </span>
    </p>
   </div>
   <div class='ocr_carea' id='block_1_46' title="bbox 2097 1620 3746 1696">
    <p class='ocr_par' dir='ltr' id='par_1_46' title="bbox 2097 1620 3746 1696">
     <span class='ocr_line' id='line_1_46' title="bbox 2097 1620 3746 1696; baseline 0.004 -22"><span class='ocrx_word' id='word_1_317' title='bbox 2097 1620 2714 1692; x_wconf 87' lang='lat' dir='ltr'><strong>phorumBasilacium</strong></span> <span class='ocrx_word' id='word_1_318' title='bbox 2739 1623 3088 1696; x_wconf 86' lang='lat' dir='ltr'><strong>magistrum</strong></span> <span class='ocrx_word' id='word_1_319' title='bbox 3112 1640 3246 1679; x_wconf 88' lang='lat' dir='ltr'>cum</span> <span class='ocrx_word' id='word_1_320' title='bbox 3261 1629 3426 1696; x_wconf 89' lang='lat' dir='ltr'><strong>parte</strong></span> <span class='ocrx_word' id='word_1_321' title='bbox 3445 1623 3746 1696; x_wconf 89' lang='lat' dir='ltr'><strong>copiarum</strong></span> 
     </span>
    </p>
   </div>
   <div class='ocr_carea' id='block_1_47' title="bbox 2100 1709 3750 1785">
    <p class='ocr_par' dir='ltr' id='par_1_47' title="bbox 2100 1709 3750 1785">
     <span class='ocr_line' id='line_1_47' title="bbox 2100 1709 3750 1785; baseline 0.002 -20"><span class='ocrx_word' id='word_1_322' title='bbox 2100 1709 2282 1781; x_wconf 86' lang='lat' dir='ltr'><strong>misit,</strong></span> <span class='ocrx_word' id='word_1_323' title='bbox 2331 1710 2547 1781; x_wconf 85' lang='lat' dir='ltr'><strong>quibus</strong></span> <span class='ocrx_word' id='word_1_324' title='bbox 2606 1711 2849 1784; x_wconf 81' lang='lat' dir='ltr'><strong>Bryeuio</strong></span> <span class='ocrx_word' id='word_1_325' title='bbox 2909 1713 3264 1784; x_wconf 86' lang='lat' dir='ltr'><strong>conjunctis,</strong></span> <span class='ocrx_word' id='word_1_326' title='bbox 3320 1712 3750 1785; x_wconf 89' lang='lat' dir='ltr'><strong>aliquantisper</strong></span> 
     </span>
    </p>
   </div>
   <div class='ocr_carea' id='block_1_48' title="bbox 2099 1797 3743 1871">
    <p class='ocr_par' dir='ltr' id='par_1_48' title="bbox 2099 1797 3743 1871">
     <span class='ocr_line' id='line_1_48' title="bbox 2099 1797 3743 1871; baseline 0.002 -17"><span class='ocrx_word' id='word_1_327' title='bbox 2099 1797 2378 1870; x_wconf 90' lang='lat' dir='ltr'><strong>utrinque</strong></span> <span class='ocrx_word' id='word_1_328' title='bbox 2410 1816 2514 1871; x_wconf 88' lang='lat' dir='ltr'>par</span> <span class='ocrx_word' id='word_1_329' title='bbox 2534 1806 2828 1857; x_wconf 83' lang='lat' dir='ltr'><strong>certamen</strong></span> <span class='ocrx_word' id='word_1_330' title='bbox 2855 1802 3213 1860; x_wconf 82' lang='lat' dir='ltr'><strong>fuit.Deinde</strong></span> <span class='ocrx_word' id='word_1_331' title='bbox 3241 1801 3563 1859; x_wconf 83' lang='lat' dir='ltr'><strong>Basilacius</strong></span> <span class='ocrx_word' id='word_1_332' title='bbox 3610 1817 3743 1858; x_wconf 88' lang='lat' dir='ltr'>cum</span> 
     </span>
    </p>
   </div>
   <div class='ocr_carea' id='block_1_49' title="bbox 2102 1888 3752 1962">
    <p class='ocr_par' dir='ltr' id='par_1_49' title="bbox 2102 1888 3752 1962">
     <span class='ocr_line' id='line_1_49' title="bbox 2102 1888 3752 1962; baseline 0.003 -19"><span class='ocrx_word' id='word_1_333' title='bbox 2102 1888 2250 1955; x_wconf 88' lang='lat' dir='ltr'><strong>suis,</strong></span> <span class='ocrx_word' id='word_1_334' title='bbox 2282 1889 2528 1961; x_wconf 84' lang='lat' dir='ltr'><strong>Bryenio</strong></span> <span class='ocrx_word' id='word_1_335' title='bbox 2559 1907 2675 1945; x_wconf 88' lang='lat' dir='ltr'>non</span> <span class='ocrx_word' id='word_1_336' title='bbox 2705 1894 3041 1959; x_wconf 81' lang='lat' dir='ltr'><strong>consecuta,</strong></span> <span class='ocrx_word' id='word_1_337' title='bbox 3101 1890 3257 1946; x_wconf 90' lang='lat' dir='ltr'><strong>inter</strong></span> <span class='ocrx_word' id='word_1_338' title='bbox 3307 1891 3532 1962; x_wconf 89' lang='lat' dir='ltr'><strong>primos</strong></span> <span class='ocrx_word' id='word_1_339' title='bbox 3586 1890 3752 1948; x_wconf 89' lang='lat' dir='ltr'><strong>inve-</strong></span> 
     </span>
    </p>
   </div>
   <div class='ocr_carea' id='block_1_50' title="bbox 2103 1977 3752 2052">
    <p class='ocr_par' dir='ltr' id='par_1_50' title="bbox 2103 1977 3752 2052">
     <span class='ocr_line' id='line_1_50' title="bbox 2103 1977 3752 2052; baseline 0.001 -18"><span class='ocrx_word' id='word_1_340' title='bbox 2103 1977 2461 2046; x_wconf 88' lang='lat' dir='ltr'><strong>ctus,hostes</strong></span> <span class='ocrx_word' id='word_1_341' title='bbox 2479 1977 2538 2034; x_wconf 90' lang='lat' dir='ltr'>in</span> <span class='ocrx_word' id='word_1_342' title='bbox 2562 1979 2760 2051; x_wconf 81' lang='lat' dir='ltr'><strong>fugam</strong></span> <span class='ocrx_word' id='word_1_343' title='bbox 2792 1980 3059 2052; x_wconf 87' lang='lat' dir='ltr'><strong>conjecit,</strong></span> <span class='ocrx_word' id='word_1_344' title='bbox 3085 1996 3232 2052; x_wconf 83' lang='lat' dir='ltr'><strong>quos</strong></span> <span class='ocrx_word' id='word_1_345' title='bbox 3254 1982 3396 2036; x_wconf 92' lang='lat' dir='ltr'>dum</span> <span class='ocrx_word' id='word_1_346' title='bbox 3427 1982 3501 2037; x_wconf 88' lang='lat' dir='ltr'>ad</span> <span class='ocrx_word' id='word_1_347' title='bbox 3531 1978 3752 2038; x_wconf 78' lang='lat' dir='ltr'><strong>vallum</strong></span> 
     </span>
    </p>
   </div>
   <div class='ocr_carea' id='block_1_51' title="bbox 2104 2067 3751 2142">
    <p class='ocr_par' dir='ltr' id='par_1_51' title="bbox 2104 2067 3751 2142">
     <span class='ocr_line' id='line_1_51' title="bbox 2104 2067 3751 2142; baseline 0.002 -20"><span class='ocrx_word' id='word_1_348' title='bbox 2104 2084 2292 2140; x_wconf 91' lang='lat' dir='ltr'><strong>usque</strong></span> <span class='ocrx_word' id='word_1_349' title='bbox 2325 2067 2714 2140; x_wconf 90' lang='lat' dir='ltr'><strong>persequitur,</strong></span> <span class='ocrx_word' id='word_1_350' title='bbox 2761 2084 2912 2141; x_wconf 92' lang='lat' dir='ltr'><strong>equo</strong></span> <span class='ocrx_word' id='word_1_351' title='bbox 2970 2068 3274 2126; x_wconf 89' lang='lat' dir='ltr'><strong>vulnerato</strong></span> <span class='ocrx_word' id='word_1_352' title='bbox 3305 2069 3365 2125; x_wconf 90' lang='lat' dir='ltr'>in</span> <span class='ocrx_word' id='word_1_353' title='bbox 3414 2071 3592 2142; x_wconf 86' lang='lat' dir='ltr'><strong>pedes</strong></span> <span class='ocrx_word' id='word_1_354' title='bbox 3649 2070 3751 2126; x_wconf 87' lang='lat' dir='ltr'>de-</span> 
     </span>
    </p>
   </div>
   <div class='ocr_carea' id='block_1_52' title="bbox 2105 2156 3750 2231">
    <p class='ocr_par' dir='ltr' id='par_1_52' title="bbox 2105 2156 3750 2231">
     <span class='ocr_line' id='line_1_52' title="bbox 2105 2156 3750 2231; baseline 0.001 -18"><span class='ocrx_word' id='word_1_355' title='bbox 2105 2157 2259 2224; x_wconf 86' lang='lat' dir='ltr'><strong>silit;</strong></span> <span class='ocrx_word' id='word_1_356' title='bbox 2284 2161 2339 2213; x_wconf 90' lang='lat' dir='ltr'>et</span> <span class='ocrx_word' id='word_1_357' title='bbox 2359 2156 2499 2228; x_wconf 90' lang='lat' dir='ltr'><strong>quia</strong></span> <span class='ocrx_word' id='word_1_358' title='bbox 2526 2158 2600 2213; x_wconf 92' lang='lat' dir='ltr'>ob</span> <span class='ocrx_word' id='word_1_359' title='bbox 2629 2175 2927 2214; x_wconf 87' lang='lat' dir='ltr'><strong>armorum</strong></span> <span class='ocrx_word' id='word_1_360' title='bbox 2950 2159 3180 2229; x_wconf 89' lang='lat' dir='ltr'><strong>pondus</strong></span> <span class='ocrx_word' id='word_1_361' title='bbox 3237 2175 3447 2231; x_wconf 91' lang='lat' dir='ltr'><strong>parum</strong></span> <span class='ocrx_word' id='word_1_362' title='bbox 3505 2177 3593 2216; x_wconf 63' lang='lat' dir='ltr'><strong>se,</strong></span> <span class='ocrx_word' id='word_1_363' title='bbox 3624 2175 3750 2215; x_wconf 89' lang='lat' dir='ltr'>mo-</span> 
     </span>
    </p>
   </div>
   <div class='ocr_carea' id='block_1_53' title="bbox 2105 2246 3748 2322">
    <p class='ocr_par' dir='ltr' id='par_1_53' title="bbox 2105 2246 3748 2322">
     <span class='ocr_line' id='line_1_53' title="bbox 2105 2246 3748 2322; baseline 0 -20"><span class='ocrx_word' id='word_1_364' title='bbox 2105 2263 2237 2302; x_wconf 89' lang='lat' dir='ltr'><strong>vere</strong></span> <span class='ocrx_word' id='word_1_365' title='bbox 2267 2251 2516 2319; x_wconf 86' lang='lat' dir='ltr'><strong>poterat,</strong></span> <span class='ocrx_word' id='word_1_366' title='bbox 2574 2247 2646 2303; x_wconf 87' lang='lat' dir='ltr'>ab</span> <span class='ocrx_word' id='word_1_367' title='bbox 2704 2246 2974 2304; x_wconf 88' lang='lat' dir='ltr'><strong>hostibus</strong></span> <span class='ocrx_word' id='word_1_368' title='bbox 3008 2248 3443 2305; x_wconf 89' lang='lat' dir='ltr'><strong>circumventus</strong></span> <span class='ocrx_word' id='word_1_369' title='bbox 3497 2250 3748 2322; x_wconf 90' lang='lat' dir='ltr'><strong>capitur.</strong></span> 
     </span>
    </p>
   </div>
   <div class='ocr_carea' id='block_1_54' title="bbox 2108 2335 3751 2411">
    <p class='ocr_par' dir='ltr' id='par_1_54' title="bbox 2108 2335 3751 2411">
     <span class='ocr_line' id='line_1_54' title="bbox 2108 2335 3751 2411; baseline 0.002 -20"><span class='ocrx_word' id='word_1_370' title='bbox 2108 2341 2256 2392; x_wconf 91' lang='lat' dir='ltr'>Dum</span> <span class='ocrx_word' id='word_1_371' title='bbox 2289 2353 2424 2392; x_wconf 87' lang='lat' dir='ltr'><strong>vero</strong></span> <span class='ocrx_word' id='word_1_372' title='bbox 2456 2337 2528 2392; x_wconf 90' lang='lat' dir='ltr'>ad</span> <span class='ocrx_word' id='word_1_373' title='bbox 2560 2335 2885 2393; x_wconf 86' lang='lat' dir='ltr'><strong>sulitanum</strong></span> <span class='ocrx_word' id='word_1_374' title='bbox 2918 2337 3257 2406; x_wconf 88' lang='lat' dir='ltr'><strong>adducitur,</strong></span> <span class='ocrx_word' id='word_1_375' title='bbox 3284 2355 3391 2395; x_wconf 90' lang='lat' dir='ltr'>nec</span> <span class='ocrx_word' id='word_1_376' title='bbox 3422 2339 3549 2411; x_wconf 87' lang='lat' dir='ltr'><strong>ipse</strong></span> <span class='ocrx_word' id='word_1_377' title='bbox 3580 2338 3751 2395; x_wconf 85' lang='lat' dir='ltr'><strong>aliter</strong></span> 
     </span>
    </p>
   </div>
   <div class='ocr_carea' id='block_1_55' title="bbox 2111 2426 3759 2500">
    <p class='ocr_par' dir='ltr' id='par_1_55' title="bbox 2111 2426 3759 2500">
     <span class='ocr_line' id='line_1_55' title="bbox 2111 2426 3759 2500; baseline 0.001 -20"><span class='ocrx_word' id='word_1_378' title='bbox 2111 2440 2291 2497; x_wconf 89' lang='lat' dir='ltr'><strong>quam</strong></span> <span class='ocrx_word' id='word_1_379' title='bbox 2322 2426 2645 2497; x_wconf 87' lang='lat' dir='ltr'><strong>ingenuum</strong></span> <span class='ocrx_word' id='word_1_380' title='bbox 2678 2426 2864 2494; x_wconf 83' lang='lat' dir='ltr'><strong>decet,</strong></span> <span class='ocrx_word' id='word_1_381' title='bbox 2898 2443 2960 2483; x_wconf 89' lang='lat' dir='ltr'>se</span> <span class='ocrx_word' id='word_1_382' title='bbox 2984 2427 3157 2500; x_wconf 84' lang='lat' dir='ltr'><strong>gerit,</strong></span> <span class='ocrx_word' id='word_1_383' title='bbox 3191 2444 3295 2483; x_wconf 90' lang='lat' dir='ltr'>nec</span> <span class='ocrx_word' id='word_1_384' title='bbox 3326 2426 3600 2484; x_wconf 89' lang='lat' dir='ltr'><strong>sultanus</strong></span> <span class='ocrx_word' id='word_1_385' title='bbox 3621 2442 3759 2483; x_wconf 85' lang='lat' dir='ltr'>eum</span> 
     </span>
    </p>
   </div>
   <div class='ocr_carea' id='block_1_56' title="bbox 2112 2514 3763 2589">
    <p class='ocr_par' dir='ltr' id='par_1_56' title="bbox 2112 2514 3763 2589">
     <span class='ocr_line' id='line_1_56' title="bbox 2112 2514 3763 2589; baseline 0.001 -20"><span class='ocrx_word' id='word_1_386' title='bbox 2112 2531 2216 2587; x_wconf 90' lang='lat' dir='ltr'>pro</span> <span class='ocrx_word' id='word_1_387' title='bbox 2245 2514 2471 2587; x_wconf 89' lang='lat' dir='ltr'><strong>captivo</strong></span> <span class='ocrx_word' id='word_1_388' title='bbox 2503 2519 2735 2586; x_wconf 81' lang='lat' dir='ltr'><strong>tractat,</strong></span> <span class='ocrx_word' id='word_1_389' title='bbox 2766 2516 2866 2571; x_wconf 89' lang='lat' dir='ltr'>sed</span> <span class='ocrx_word' id='word_1_390' title='bbox 2900 2517 3115 2589; x_wconf 61' lang='lat' dir='ltr'><strong>saepius</strong></span> <span class='ocrx_word' id='word_1_391' title='bbox 3147 2516 3500 2572; x_wconf 90' lang='lat' dir='ltr'><strong>accersitum</strong></span> <span class='ocrx_word' id='word_1_392' title='bbox 3530 2517 3603 2573; x_wconf 91' lang='lat' dir='ltr'>de</span> <span class='ocrx_word' id='word_1_393' title='bbox 3648 2516 3763 2571; x_wconf 83' lang='lat' dir='ltr'><strong>im-</strong></span> 
     </span>
    </p>
   </div>
   <div class='ocr_carea' id='block_1_57' title="bbox 2114 2604 3766 2677">
    <p class='ocr_par' dir='ltr' id='par_1_57' title="bbox 2114 2604 3766 2677">
     <span class='ocr_line' id='line_1_57' title="bbox 2114 2604 3766 2677; baseline 0 -17"><span class='ocrx_word' id='word_1_394' title='bbox 2114 2609 2379 2677; x_wconf 86' lang='lat' dir='ltr'><strong>peratore</strong></span> <span class='ocrx_word' id='word_1_395' title='bbox 2409 2604 2748 2677; x_wconf 81' lang='lat' dir='ltr'><strong>interrogat,</strong></span> <span class='ocrx_word' id='word_1_396' title='bbox 2794 2604 2981 2677; x_wconf 91' lang='lat' dir='ltr'><strong>copiis</strong></span> <span class='ocrx_word' id='word_1_397' title='bbox 3038 2604 3169 2662; x_wconf 89' lang='lat' dir='ltr'><strong>suis</strong></span> <span class='ocrx_word' id='word_1_398' title='bbox 3233 2605 3568 2671; x_wconf 88' lang='lat' dir='ltr'><strong>ostentatis,</strong></span> <span class='ocrx_word' id='word_1_399' title='bbox 3617 2621 3766 2677; x_wconf 90' lang='lat' dir='ltr'><strong>quas</strong></span> 
     </span>
    </p>
   </div>
   <div class='ocr_carea' id='block_1_58' title="bbox 2116 2691 3768 2767">
    <p class='ocr_par' dir='ltr' id='par_1_58' title="bbox 2116 2691 3768 2767">
     <span class='ocr_line' id='line_1_58' title="bbox 2116 2691 3768 2767; baseline 0 -19"><span class='ocrx_word' id='word_1_400' title='bbox 2116 2691 2214 2748; x_wconf 91' lang='lat' dir='ltr'><strong>ille</strong></span> <span class='ocrx_word' id='word_1_401' title='bbox 2244 2692 2352 2748; x_wconf 87' lang='lat' dir='ltr'><strong>etsi</strong></span> <span class='ocrx_word' id='word_1_402' title='bbox 2384 2691 2688 2760; x_wconf 82' lang='lat' dir='ltr'><strong>laudabat,</strong></span> <span class='ocrx_word' id='word_1_403' title='bbox 2721 2699 2916 2749; x_wconf 88' lang='lat' dir='ltr'><strong>tamen</strong></span> <span class='ocrx_word' id='word_1_404' title='bbox 2948 2709 2979 2750; x_wconf 91' lang='lat' dir='ltr'>e</span> <span class='ocrx_word' id='word_1_405' title='bbox 3010 2710 3070 2750; x_wconf 89' lang='lat' dir='ltr'>re</span> <span class='ocrx_word' id='word_1_406' title='bbox 3128 2696 3258 2765; x_wconf 89' lang='lat' dir='ltr'><strong>ejus</strong></span> <span class='ocrx_word' id='word_1_407' title='bbox 3306 2710 3437 2751; x_wconf 87' lang='lat' dir='ltr'><strong>esse</strong></span> <span class='ocrx_word' id='word_1_408' title='bbox 3494 2695 3768 2767; x_wconf 80' lang='lat' dir='ltr'><strong>negabat,</strong></span> 
     </span>
    </p>
   </div>
   <div class='ocr_carea' id='block_1_59' title="bbox 2117 2781 3770 2855">
    <p class='ocr_par' dir='ltr' id='par_1_59' title="bbox 2117 2781 3770 2855">
     <span class='ocr_line' id='line_1_59' title="bbox 2117 2781 3770 2855; baseline 0 -17"><span class='ocrx_word' id='word_1_409' title='bbox 2117 2787 2180 2838; x_wconf 83' lang='lat' dir='ltr'>ut</span> <span class='ocrx_word' id='word_1_410' title='bbox 2210 2798 2344 2837; x_wconf 89' lang='lat' dir='ltr'>cum</span> <span class='ocrx_word' id='word_1_411' title='bbox 2377 2781 2477 2837; x_wconf 90' lang='lat' dir='ltr'><strong>illo</strong></span> <span class='ocrx_word' id='word_1_412' title='bbox 2504 2782 2860 2838; x_wconf 87' lang='lat' dir='ltr'><strong>decerneret.</strong></span> <span class='ocrx_word' id='word_1_413' title='bbox 2893 2782 3220 2855; x_wconf 88' lang='lat' dir='ltr'><strong>Imperator</strong></span> <span class='ocrx_word' id='word_1_414' title='bbox 3248 2800 3381 2840; x_wconf 87' lang='lat' dir='ltr'><strong>vero</strong></span> <span class='ocrx_word' id='word_1_415' title='bbox 3437 2800 3573 2840; x_wconf 91' lang='lat' dir='ltr'>cum</span> <span class='ocrx_word' id='word_1_416' title='bbox 3632 2782 3770 2839; x_wconf 90' lang='lat' dir='ltr'><strong>reli-</strong></span> 
     </span>
    </p>
   </div>
   <div class='ocr_carea' id='block_1_60' title="bbox 2116 2870 3773 2944">
    <p class='ocr_par' dir='ltr' id='par_1_60' title="bbox 2116 2870 3773 2944">
     <span class='ocr_line' id='line_1_60' title="bbox 2116 2870 3773 2944; baseline 0 -18"><span class='ocrx_word' id='word_1_417' title='bbox 2116 2871 2272 2944; x_wconf 88' lang='lat' dir='ltr'><strong>quiis</strong></span> <span class='ocrx_word' id='word_1_418' title='bbox 2320 2871 2612 2926; x_wconf 86' lang='lat' dir='ltr'><strong>exercitus</strong></span> <span class='ocrx_word' id='word_1_419' title='bbox 2669 2870 2817 2927; x_wconf 80' lang='lat' dir='ltr'><strong>vallo</strong></span> <span class='ocrx_word' id='word_1_420' title='bbox 2874 2887 3169 2943; x_wconf 85' lang='lat' dir='ltr'><strong>egressus,</strong></span> <span class='ocrx_word' id='word_1_421' title='bbox 3244 2877 3308 2927; x_wconf 91' lang='lat' dir='ltr'>ut</span> <span class='ocrx_word' id='word_1_422' title='bbox 3367 2871 3773 2944; x_wconf 87' lang='lat' dir='ltr'><strong>specularetur</strong></span> 
     </span>
    </p>
   </div>
   <div class='ocr_carea' id='block_1_61' title="bbox 2119 2960 3769 3033">
    <p class='ocr_par' dir='ltr' id='par_1_61' title="bbox 2119 2960 3769 3033">
     <span class='ocr_line' id='line_1_61' title="bbox 2119 2960 3769 3033; baseline -0.001 -17"><span class='ocrx_word' id='word_1_423' title='bbox 2119 2961 2260 3033; x_wconf 91' lang='lat' dir='ltr'><strong>quid</strong></span> <span class='ocrx_word' id='word_1_424' title='bbox 2292 2960 2474 3030; x_wconf 83' lang='lat' dir='ltr'><strong>ﬁeret,</strong></span> <span class='ocrx_word' id='word_1_425' title='bbox 2504 2961 2567 3016; x_wconf 90' lang='lat' dir='ltr'><strong>in</strong></span> <span class='ocrx_word' id='word_1_426' title='bbox 2605 2960 2853 3017; x_wconf 90' lang='lat' dir='ltr'><strong>collibus</strong></span> <span class='ocrx_word' id='word_1_427' title='bbox 2876 2977 3065 3032; x_wconf 87' lang='lat' dir='ltr'><strong>usque</strong></span> <span class='ocrx_word' id='word_1_428' title='bbox 3095 2961 3168 3017; x_wconf 90' lang='lat' dir='ltr'>ad</span> <span class='ocrx_word' id='word_1_429' title='bbox 3226 2976 3529 3033; x_wconf 85' lang='lat' dir='ltr'><strong>vesperam</strong></span> <span class='ocrx_word' id='word_1_430' title='bbox 3586 2963 3769 3018; x_wconf 84' lang='lat' dir='ltr'><strong>stetit.</strong></span> 
     </span>
    </p>
   </div>
   <div class='ocr_carea' id='block_1_62' title="bbox 2118 3048 3768 3118">
    <p class='ocr_par' dir='ltr' id='par_1_62' title="bbox 2118 3048 3768 3118">
     <span class='ocr_line' id='line_1_62' title="bbox 2118 3048 3768 3118; baseline 0.001 -14"><span class='ocrx_word' id='word_1_431' title='bbox 2118 3049 2260 3104; x_wconf 87' lang='lat' dir='ltr'>Cum</span> <span class='ocrx_word' id='word_1_432' title='bbox 2286 3048 2345 3103; x_wconf 91' lang='lat' dir='ltr'>in</span> <span class='ocrx_word' id='word_1_433' title='bbox 2378 3053 2569 3104; x_wconf 84' lang='lat' dir='ltr'><strong>castra</strong></span> <span class='ocrx_word' id='word_1_434' title='bbox 2601 3049 2874 3105; x_wconf 89' lang='lat' dir='ltr'><strong>redisset.</strong></span> <span class='ocrx_word' id='word_1_435' title='bbox 2903 3048 3079 3104; x_wconf 89' lang='lat' dir='ltr'><strong>Turci</strong></span> <span class='ocrx_word' id='word_1_436' title='bbox 3110 3065 3179 3105; x_wconf 88' lang='lat' dir='ltr'>ea</span> <span class='ocrx_word' id='word_1_437' title='bbox 3225 3049 3768 3118; x_wconf 90' lang='lat' dir='ltr'><strong>circumdederunt,</strong></span> 
     </span>
    </p>
   </div>
   <div class='ocr_carea' id='block_1_63' title="bbox 2119 3136 3773 3208">
    <p class='ocr_par' dir='ltr' id='par_1_63' title="bbox 2119 3136 3773 3208">
     <span class='ocr_line' id='line_1_63' title="bbox 2119 3136 3773 3208; baseline 0 -14"><span class='ocrx_word' id='word_1_438' title='bbox 2119 3143 2177 3194; x_wconf 87' lang='lat' dir='ltr'>et</span> <span class='ocrx_word' id='word_1_439' title='bbox 2204 3136 2613 3208; x_wconf 89' lang='lat' dir='ltr'><strong>obequitantes</strong></span> <span class='ocrx_word' id='word_1_440' title='bbox 2664 3137 2780 3192; x_wconf 85' lang='lat' dir='ltr'><strong>tela</strong></span> <span class='ocrx_word' id='word_1_441' title='bbox 2820 3137 3222 3208; x_wconf 87' lang='lat' dir='ltr'><strong>conjecerunt,</strong></span> <span class='ocrx_word' id='word_1_442' title='bbox 3278 3137 3638 3194; x_wconf 89' lang='lat' dir='ltr'><strong>clamoribus</strong></span> <span class='ocrx_word' id='word_1_443' title='bbox 3687 3137 3773 3193; x_wconf 90' lang='lat' dir='ltr'>in-</span> 
     </span>
    </p>
   </div>
   <div class='ocr_carea' id='block_1_64' title="bbox 362 3217 2000 3302">
    <p class='ocr_par' dir='ltr' id='par_1_64' title="bbox 362 3217 2000 3302">
     <span class='ocr_line' id='line_1_64' title="bbox 362 3217 2000 3302; baseline -0.004 -19"><span class='ocrx_word' id='word_1_444' title='bbox 362 3225 504 3300; x_wconf 80' lang='grc' dir='ltr'>αύτῷ</span> <span class='ocrx_word' id='word_1_445' title='bbox 529 3222 787 3302; x_wconf 78' lang='grc' dir='ltr'>προσῄει,</span> <span class='ocrx_word' id='word_1_446' title='bbox 811 3218 935 3278; x_wconf 68' lang='grc' dir='ltr'>οὔτε</span> <span class='ocrx_word' id='word_1_447' title='bbox 958 3223 1067 3296; x_wconf 74' lang='grc' dir='ltr'>μὴν</span> <span class='ocrx_word' id='word_1_448' title='bbox 1090 3222 1117 3276; x_wconf 85' lang='lat'>6</span> <span class='ocrx_word' id='word_1_449' title='bbox 1142 3217 1373 3277; x_wconf 82' lang='grc' dir='ltr'>σουλτὰν</span> <span class='ocrx_word' id='word_1_450' title='bbox 1403 3221 1478 3285; x_wconf 90' lang='grc' dir='ltr'>ὡς</span> <span class='ocrx_word' id='word_1_451' title='bbox 1496 3220 1845 3297; x_wconf 82' lang='grc' dir='ltr'>αἲχμαλώτῳ</span> <span class='ocrx_word' id='word_1_452' title='bbox 1865 3221 2000 3295; x_wconf 70' lang='grc' dir='ltr'>αὐτᾷ</span> 
     </span>
    </p>
   </div>
   <div class='ocr_carea' id='block_1_65' title="bbox 2111 3217 3771 3302">
    <p class='ocr_par' dir='ltr' id='par_1_65' title="bbox 2121 3225 3771 3298">
     <span class='ocr_line' id='line_1_65' title="bbox 2121 3225 3771 3298; baseline -0.001 -16"><span class='ocrx_word' id='word_1_453' title='bbox 2121 3225 2373 3282; x_wconf 87' lang='lat' dir='ltr'><strong>conditis</strong></span> <span class='ocrx_word' id='word_1_454' title='bbox 2402 3230 2459 3281; x_wconf 88' lang='lat' dir='ltr'>et</span> <span class='ocrx_word' id='word_1_455' title='bbox 2489 3225 2814 3281; x_wconf 88' lang='lat' dir='ltr'><strong>ululatibus</strong></span> <span class='ocrx_word' id='word_1_456' title='bbox 2863 3227 3185 3282; x_wconf 81' lang='lat' dir='ltr'><strong>exercitum</strong></span> <span class='ocrx_word' id='word_1_457' title='bbox 3242 3225 3771 3298; x_wconf 86' lang='lat' dir='ltr'><strong>circumsonantes,</strong></span> 
     </span>
    </p>
   </div>
   <div class='ocr_carea' id='block_1_66' title="bbox 354 3305 2000 3389">
    <p class='ocr_par' dir='ltr' id='par_1_66' title="bbox 354 3305 2000 3389">
     <span class='ocr_line' id='line_1_66' title="bbox 354 3305 2000 3389; baseline -0.002 -18"><span class='ocrx_word' id='word_1_458' title='bbox 354 3316 716 3389; x_wconf 72' lang='grc' dir='ltr'>προσηνεκτο.</span> <span class='ocrx_word' id='word_1_459' title='bbox 779 3312 1051 3387; x_wconf 87' lang='grc' dir='ltr'>Συχνάκις</span> <span class='ocrx_word' id='word_1_460' title='bbox 1108 3307 1167 3365; x_wconf 78' lang='grc' dir='ltr'>δὲ</span> <span class='ocrx_word' id='word_1_461' title='bbox 1219 3310 1311 3365; x_wconf 86' lang='grc' dir='ltr'>τὸν</span> <span class='ocrx_word' id='word_1_462' title='bbox 1380 3305 1548 3385; x_wconf 72' lang='grc' dir='ltr'>ἄνδρα</span> <span class='ocrx_word' id='word_1_463' title='bbox 1606 3309 2000 3385; x_wconf 86' lang='grc' dir='ltr'>μετακαλούμε-</span> 
     </span>
    </p>
   </div>
   <div class='ocr_carea' id='block_1_67' title="bbox 2111 3305 3771 3389">
    <p class='ocr_par' dir='ltr' id='par_1_67' title="bbox 2125 3313 3771 3389">
     <span class='ocr_line' id='line_1_67' title="bbox 2125 3313 3771 3389; baseline 0.001 -17"><span class='ocrx_word' id='word_1_464' title='bbox 2125 3324 2180 3372; x_wconf 81' lang='lat' dir='ltr'>et</span> <span class='ocrx_word' id='word_1_465' title='bbox 2208 3314 2317 3371; x_wconf 90' lang='lat' dir='ltr'>hoc</span> <span class='ocrx_word' id='word_1_466' title='bbox 2350 3315 2522 3371; x_wconf 91' lang='lat' dir='ltr'><strong>modo</strong></span> <span class='ocrx_word' id='word_1_467' title='bbox 2553 3321 2732 3370; x_wconf 78' lang='lat' dir='ltr'><strong>noctes</strong></span> <span class='ocrx_word' id='word_1_468' title='bbox 2766 3313 2865 3370; x_wconf 85' lang='lat' dir='ltr'><strong>illa</strong></span> <span class='ocrx_word' id='word_1_469' title='bbox 2886 3320 3106 3370; x_wconf 89' lang='lat' dir='ltr'><strong>exacta.</strong></span> <span class='ocrx_word' id='word_1_470' title='bbox 3138 3319 3304 3370; x_wconf 86' lang='lat' dir='ltr'><strong>Mane</strong></span> <span class='ocrx_word' id='word_1_471' title='bbox 3337 3316 3583 3373; x_wconf 88' lang='lat' dir='ltr'><strong>Uzorum</strong></span> <span class='ocrx_word' id='word_1_472' title='bbox 3612 3332 3771 3389; x_wconf 65' lang='lat' dir='ltr'><strong>qum-</strong></span> 
     </span>
    </p>
   </div>
   <div class='ocr_carea' id='block_1_68' title="bbox 352 3384 2000 3479">
    <p class='ocr_par' dir='ltr' id='par_1_68' title="bbox 352 3384 2000 3479">
     <span class='ocr_line' id='line_1_68' title="bbox 352 3384 2000 3479; baseline -0.004 -17"><span class='ocrx_word' id='word_1_473' title='bbox 352 3384 467 3478; x_wconf 75' lang='grc' dir='ltr'>νός,</span> <span class='ocrx_word' id='word_1_474' title='bbox 500 3405 752 3478; x_wconf 76' lang='grc' dir='ltr'>περὶτοῦ</span> <span class='ocrx_word' id='word_1_475' title='bbox 787 3398 1055 3479; x_wconf 88' lang='grc' dir='ltr'>βασιλέως</span> <span class='ocrx_word' id='word_1_476' title='bbox 1104 3398 1501 3470; x_wconf 80' lang='grc' dir='ltr'>διεπυνθάνετο,</span> <span class='ocrx_word' id='word_1_477' title='bbox 1551 3399 1765 3462; x_wconf 73' lang='grc' dir='ltr'>καὶτὰς</span> <span class='ocrx_word' id='word_1_478' title='bbox 1810 3401 2000 3456; x_wconf 72' lang='grc' dir='ltr'>οἶκείαι</span> 
     </span>
    </p>
   </div>
   <div class='ocr_carea' id='block_1_69' title="bbox 2111 3384 3773 3479">
    <p class='ocr_par' dir='ltr' id='par_1_69' title="bbox 2124 3384 3773 3477">
     <span class='ocr_line' id='line_1_69' title="bbox 2124 3384 3773 3477; baseline 0.001 -18"><span class='ocrx_word' id='word_1_479' title='bbox 2124 3405 2260 3460; x_wconf 91' lang='lat' dir='ltr'>dam</span> <span class='ocrx_word' id='word_1_480' title='bbox 2290 3403 2500 3459; x_wconf 90' lang='lat' dir='ltr'><strong>cohors</strong></span> <span class='ocrx_word' id='word_1_481' title='bbox 2531 3403 2601 3460; x_wconf 93' lang='lat' dir='ltr'>ad</span> <span class='ocrx_word' id='word_1_482' title='bbox 2629 3404 2852 3459; x_wconf 89' lang='lat' dir='ltr'><strong>Turcos</strong></span> <span class='ocrx_word' id='word_1_483' title='bbox 2885 3404 3223 3477; x_wconf 77' lang='lat' dir='ltr'><strong>lransfugit,</strong></span> <span class='ocrx_word' id='word_1_484' title='bbox 3256 3407 3434 3475; x_wconf 88' lang='lat' dir='ltr'><strong>atque</strong></span> <span class='ocrx_word' id='word_1_485' title='bbox 3465 3420 3564 3460; x_wconf 92' lang='lat' dir='ltr'>eos</span> <span class='ocrx_word' id='word_1_486' title='bbox 3594 3384 3773 3460; x_wconf 72' lang='lat' dir='ltr'><strong>etiam</strong></span> 
     </span>
    </p>
   </div>
   <div class='ocr_carea' id='block_1_70' title="bbox 353 3486 2000 3568">
    <p class='ocr_par' dir='ltr' id='par_1_70' title="bbox 353 3486 2000 3568">
     <span class='ocr_line' id='line_1_70' title="bbox 353 3486 2000 3568; baseline -0.003 -17"><span class='ocrx_word' id='word_1_487' title='bbox 353 3492 614 3568; x_wconf 74' lang='grc' dir='ltr'>δυνάμεις</span> <span class='ocrx_word' id='word_1_488' title='bbox 676 3488 960 3547; x_wconf 84' lang='grc' dir='ltr'>ἐδείκνυεν.</span> <span class='ocrx_word' id='word_1_489' title='bbox 1021 3490 1083 3547; x_wconf 82' lang='grc' dir='ltr'><strong>Ὀ</strong></span> <span class='ocrx_word' id='word_1_490' title='bbox 1142 3486 1200 3544; x_wconf 75' lang='grc' dir='ltr'>δὲ</span> <span class='ocrx_word' id='word_1_491' title='bbox 1256 3486 1346 3544; x_wconf 83' lang='grc' dir='ltr'>καὶ</span> <span class='ocrx_word' id='word_1_492' title='bbox 1403 3486 1590 3562; x_wconf 76' lang='grc' dir='ltr'>ἐπῄνει</span> <span class='ocrx_word' id='word_1_493' title='bbox 1626 3489 1717 3545; x_wconf 90' lang='grc' dir='ltr'>τὸν</span> <span class='ocrx_word' id='word_1_494' title='bbox 1779 3490 2000 3546; x_wconf 57' lang='grc' dir='ltr'>σουλτάκ</span> 
     </span>
    </p>
   </div>
   <div class='ocr_carea' id='block_1_71' title="bbox 2111 3486 3325 3568">
    <p class='ocr_par' dir='ltr' id='par_1_71' title="bbox 2124 3491 3325 3564">
     <span class='ocr_line' id='line_1_71' title="bbox 2124 3491 3325 3564; baseline -0.003 -15"><span class='ocrx_word' id='word_1_495' title='bbox 2124 3492 2272 3549; x_wconf 86' lang='lat' dir='ltr'><strong>Uzos</strong></span> <span class='ocrx_word' id='word_1_496' title='bbox 2303 3492 2404 3564; x_wconf 90' lang='lat' dir='ltr'><strong>qui</strong></span> <span class='ocrx_word' id='word_1_497' title='bbox 2438 3496 2804 3559; x_wconf 88' lang='lat' dir='ltr'><strong>manserant,</strong></span> <span class='ocrx_word' id='word_1_498' title='bbox 2836 3496 3144 3563; x_wconf 88' lang='lat' dir='ltr'><strong>suspectos</strong></span> <span class='ocrx_word' id='word_1_499' title='bbox 3170 3491 3325 3547; x_wconf 86' lang='lat' dir='ltr'><strong>fecit.</strong></span> 
     </span>
    </p>
   </div>
   <div class='ocr_carea' id='block_1_72' title="bbox 355 3574 3778 3657">
    <p class='ocr_par' dir='ltr' id='par_1_72' title="bbox 355 3574 3778 3657">
     <span class='ocr_line' id='line_1_72' title="bbox 355 3574 3778 3657; baseline -0.002 -16"><span class='ocrx_word' id='word_1_500' title='bbox 355 3584 444 3641; x_wconf 72' lang='grc' dir='ltr'>ιιαὶ</span> <span class='ocrx_word' id='word_1_501' title='bbox 504 3581 829 3655; x_wconf 80' lang='grc' dir='ltr'>ἐθαύμαζεν,</span> <span class='ocrx_word' id='word_1_502' title='bbox 890 3579 952 3636; x_wconf 87' lang='grc' dir='ltr'>ού</span> <span class='ocrx_word' id='word_1_503' title='bbox 987 3579 1174 3653; x_wconf 87' lang='grc' dir='ltr'>μέντοι</span> <span class='ocrx_word' id='word_1_504' title='bbox 1204 3579 1497 3657; x_wconf 76' lang='grc' dir='ltr'>συμφέρειν</span> <span class='ocrx_word' id='word_1_505' title='bbox 1542 3577 1690 3653; x_wconf 79' lang='grc' dir='ltr'>αὐτῷ</span> <span class='ocrx_word' id='word_1_506' title='bbox 1737 3574 1916 3654; x_wconf 82' lang='grc' dir='ltr'>ἔλεγεν</span> <span class='ocrx_word' id='word_1_507' title='bbox 1950 3579 2467 3656; x_wconf 78' lang='grc' dir='ltr'>ἀντιπαρατάξασθαι</span> <span class='ocrx_word' id='word_1_508' title='bbox 2498 3584 2577 3651; x_wconf 81' lang='grc' dir='ltr'>τῷ</span> <span class='ocrx_word' id='word_1_509' title='bbox 2632 3577 2866 3655; x_wconf 87' lang='grc' dir='ltr'>βασιλεῖ.</span> <span class='ocrx_word' id='word_1_510' title='bbox 2925 3579 2986 3637; x_wconf 84' lang='grc' dir='ltr'>Ὁ</span> <span class='ocrx_word' id='word_1_511' title='bbox 3044 3576 3102 3634; x_wconf 82' lang='grc' dir='ltr'>δέ</span> <span class='ocrx_word' id='word_1_512' title='bbox 3129 3600 3190 3655; x_wconf 87' lang='grc' dir='ltr'>γε</span> <span class='ocrx_word' id='word_1_513' title='bbox 3223 3577 3474 3655; x_wconf 78' lang='grc' dir='ltr'>βασιλεὺς</span> <span class='ocrx_word' id='word_1_514' title='bbox 3509 3578 3645 3654; x_wconf 78' lang='grc' dir='ltr'>μετὰ</span> <span class='ocrx_word' id='word_1_515' title='bbox 3670 3583 3778 3635; x_wconf 82' lang='grc' dir='ltr'>τῶν</span> 
     </span>
    </p>
   </div>
   <div class='ocr_carea' id='block_1_73' title="bbox 351 3666 3782 3751">
    <p class='ocr_par' dir='ltr' id='par_1_73' title="bbox 351 3666 3782 3751">
     <span class='ocr_line' id='line_1_73' title="bbox 351 3666 3782 3751; baseline -0.001 -21"><span class='ocrx_word' id='word_1_516' title='bbox 351 3671 696 3751; x_wconf 77' lang='grc' dir='ltr'>περιλοίπων</span> <span class='ocrx_word' id='word_1_517' title='bbox 756 3669 949 3742; x_wconf 80' lang='grc' dir='ltr'>ἐξῆλθε</span> <span class='ocrx_word' id='word_1_518' title='bbox 1001 3671 1099 3723; x_wconf 79' lang='grc' dir='ltr'>τοῦ</span> <span class='ocrx_word' id='word_1_519' title='bbox 1151 3669 1397 3744; x_wconf 77' lang='grc' dir='ltr'>χάρακος</span> <span class='ocrx_word' id='word_1_520' title='bbox 1451 3670 1881 3739; x_wconf 80' lang='grc' dir='ltr'>κατασκοπήσων</span> <span class='ocrx_word' id='word_1_521' title='bbox 1936 3671 1988 3725; x_wconf 88' lang='grc' dir='ltr'>τί</span> <span class='ocrx_word' id='word_1_522' title='bbox 2046 3671 2109 3725; x_wconf 88' lang='grc' dir='ltr'>τὸ</span> <span class='ocrx_word' id='word_1_523' title='bbox 2165 3669 2477 3747; x_wconf 84' lang='grc' dir='ltr'>γινόμενον·</span> <span class='ocrx_word' id='word_1_524' title='bbox 2545 3669 2713 3731; x_wconf 74' lang='grc' dir='ltr'>ἑστὼς</span> <span class='ocrx_word' id='word_1_525' title='bbox 2768 3666 2814 3723; x_wconf 86' lang='grc' dir='ltr'>δ’</span> <span class='ocrx_word' id='word_1_526' title='bbox 2872 3667 2961 3723; x_wconf 84' lang='grc' dir='ltr'>ἐπὶ</span> <span class='ocrx_word' id='word_1_527' title='bbox 3020 3667 3320 3746; x_wconf 78' lang='grc' dir='ltr'>γεωλόφων</span> <span class='ocrx_word' id='word_1_528' title='bbox 3379 3669 3576 3744; x_wconf 85' lang='grc' dir='ltr'>μέχρις</span> <span class='ocrx_word' id='word_1_529' title='bbox 3626 3668 3782 3751; x_wconf 80' lang='grc' dir='ltr'>ἐσπέ-</span> 
     </span>
    </p>
   </div>
   <div class='ocr_carea' id='block_1_74' title="bbox 354 3750 3785 3838">
    <p class='ocr_par' dir='ltr' id='par_1_74' title="bbox 354 3750 3785 3838">
     <span class='ocr_line' id='line_1_74' title="bbox 354 3750 3785 3838; baseline -0.002 -20"><span class='ocrx_word' id='word_1_530' title='bbox 354 3750 454 3838; x_wconf 81' lang='grc' dir='ltr'>ρας</span> <span class='ocrx_word' id='word_1_531' title='bbox 514 3760 834 3834; x_wconf 78' lang='grc' dir='ltr'>ὑπέστρεψε.</span> <span class='ocrx_word' id='word_1_532' title='bbox 893 3756 1002 3814; x_wconf 83' lang='grc' dir='ltr'>Καὶ</span> <span class='ocrx_word' id='word_1_533' title='bbox 1061 3754 1216 3819; x_wconf 82' lang='grc' dir='ltr'>εὐθὺς</span> <span class='ocrx_word' id='word_1_534' title='bbox 1275 3755 1326 3810; x_wconf 73' lang='grc' dir='ltr'>οῖ</span> <span class='ocrx_word' id='word_1_535' title='bbox 1382 3757 1619 3832; x_wconf 83' lang='grc' dir='ltr'>Τοῦρκοι</span> <span class='ocrx_word' id='word_1_536' title='bbox 1676 3754 1991 3814; x_wconf 79' lang='grc' dir='ltr'>ἐκύκλωσαν</span> <span class='ocrx_word' id='word_1_537' title='bbox 2049 3758 2112 3814; x_wconf 87' lang='grc' dir='ltr'>τὸ</span> <span class='ocrx_word' id='word_1_538' title='bbox 2170 3754 2558 3833; x_wconf 88' lang='grc' dir='ltr'>στρατόπεδον,</span> <span class='ocrx_word' id='word_1_539' title='bbox 2617 3757 2707 3812; x_wconf 82' lang='grc' dir='ltr'>καὶ</span> <span class='ocrx_word' id='word_1_540' title='bbox 2761 3760 2924 3811; x_wconf 78' lang='grc' dir='ltr'>τοῦτο</span> <span class='ocrx_word' id='word_1_541' title='bbox 2954 3756 3402 3832; x_wconf 78' lang='grc' dir='ltr'>περιιππεύοντες</span> <span class='ocrx_word' id='word_1_542' title='bbox 3466 3756 3602 3833; x_wconf 86' lang='grc' dir='ltr'>βέλη</span> <span class='ocrx_word' id='word_1_543' title='bbox 3662 3750 3785 3813; x_wconf 77' lang='grc' dir='ltr'>ἔϐα-</span> 
     </span>
    </p>
   </div>
   <div class='ocr_carea' id='block_1_75' title="bbox 356 3843 3787 3924">
    <p class='ocr_par' dir='ltr' id='par_1_75' title="bbox 356 3843 3787 3924">
     <span class='ocr_line' id='line_1_75' title="bbox 356 3843 3787 3924; baseline 0.008 -32"><span class='ocrx_word' id='word_1_544' title='bbox 356 3850 482 3922; x_wconf 54' lang='grc' dir='ltr'>λον,</span> <span class='ocrx_word' id='word_1_545' title='bbox 542 3848 633 3905; x_wconf 76' lang='grc' dir='ltr'>καὶ</span> <span class='ocrx_word' id='word_1_546' title='bbox 668 3848 823 3924; x_wconf 83' lang='grc' dir='ltr'>βοαῖς</span> <span class='ocrx_word' id='word_1_547' title='bbox 854 3847 1093 3919; x_wconf 76' lang='grc' dir='ltr'>ἀσήμοις</span> <span class='ocrx_word' id='word_1_548' title='bbox 1124 3844 1217 3901; x_wconf 78' lang='grc' dir='ltr'>καὶ</span> <span class='ocrx_word' id='word_1_549' title='bbox 1275 3843 1504 3909; x_wconf 78' lang='grc' dir='ltr'>ὑλακαῖς</span> <span class='ocrx_word' id='word_1_550' title='bbox 1554 3847 1857 3922; x_wconf 73' lang='grc' dir='ltr'>περιηχουν</span> <span class='ocrx_word' id='word_1_551' title='bbox 1907 3849 2009 3918; x_wconf 77' lang='grc' dir='ltr'>τὴν</span> <span class='ocrx_word' id='word_1_552' title='bbox 2060 3847 2334 3922; x_wconf 82' lang='grc' dir='ltr'>στρατιάν.</span> <span class='ocrx_word' id='word_1_553' title='bbox 2370 3845 2528 3904; x_wconf 76' lang='grc' dir='ltr'>Οὕτω</span> <span class='ocrx_word' id='word_1_554' title='bbox 2581 3846 2676 3919; x_wconf 72' lang='grc' dir='ltr'>μὲν</span> <span class='ocrx_word' id='word_1_555' title='bbox 2728 3844 2819 3901; x_wconf 66' lang='grc' dir='ltr'>οὖν</span> <span class='ocrx_word' id='word_1_556' title='bbox 2861 3848 2895 3916; x_wconf 72' lang='grc' dir='ltr'>ἦ</span> <span class='ocrx_word' id='word_1_557' title='bbox 2944 3844 3034 3918; x_wconf 66' lang='grc' dir='ltr'>νὺξ</span> <span class='ocrx_word' id='word_1_558' title='bbox 3088 3844 3266 3915; x_wconf 68' lang='grc' dir='ltr'>ἐκείνη</span> <span class='ocrx_word' id='word_1_559' title='bbox 3319 3845 3616 3921; x_wconf 74' lang='grc' dir='ltr'>παρῆλθεν·</span> <span class='ocrx_word' id='word_1_560' title='bbox 3648 3849 3787 3903; x_wconf 74' lang='grc' dir='ltr'>Ἕω·</span> 
     </span>
    </p>
   </div>
   <div class='ocr_carea' id='block_1_76' title="bbox 359 3932 3785 4012">
    <p class='ocr_par' dir='ltr' id='par_1_76' title="bbox 359 3932 3785 4012">
     <span class='ocr_line' id='line_1_76' title="bbox 359 3932 3785 4012; baseline -0.002 -14"><span class='ocrx_word' id='word_1_561' title='bbox 359 3952 448 4006; x_wconf 84' lang='grc' dir='ltr'>θεν</span> <span class='ocrx_word' id='word_1_562' title='bbox 505 3936 564 3995; x_wconf 70' lang='grc' dir='ltr'>δέ</span> <span class='ocrx_word' id='word_1_563' title='bbox 594 3936 782 4007; x_wconf 78' lang='grc' dir='ltr'>Οὕζων</span> <span class='ocrx_word' id='word_1_564' title='bbox 809 3957 864 3990; x_wconf 90' lang='grc' dir='ltr'>τι</span> <span class='ocrx_word' id='word_1_565' title='bbox 894 3933 1174 4012; x_wconf 80' lang='grc' dir='ltr'>σύνταγμα</span> <span class='ocrx_word' id='word_1_566' title='bbox 1200 3933 1337 4009; x_wconf 84' lang='grc' dir='ltr'>πρὸς</span> <span class='ocrx_word' id='word_1_567' title='bbox 1367 3932 1494 3997; x_wconf 80' lang='grc' dir='ltr'>τοὺς</span> <span class='ocrx_word' id='word_1_568' title='bbox 1523 3934 1830 4008; x_wconf 86' lang='grc' dir='ltr'>πολεμίους</span> <span class='ocrx_word' id='word_1_569' title='bbox 1863 3935 2315 4010; x_wconf 85' lang='grc' dir='ltr'>ἀπηυτομόλησε.</span> <span class='ocrx_word' id='word_1_570' title='bbox 2353 3935 2450 3990; x_wconf 80' lang='grc' dir='ltr'>Καὶ</span> <span class='ocrx_word' id='word_1_571' title='bbox 2504 3939 2666 3990; x_wconf 81' lang='grc' dir='ltr'>τοῦτο</span> <span class='ocrx_word' id='word_1_572' title='bbox 2715 3933 2954 3990; x_wconf 73' lang='grc' dir='ltr'>ὕποπτον</span> <span class='ocrx_word' id='word_1_573' title='bbox 2996 3933 3085 3989; x_wconf 86' lang='grc' dir='ltr'>καὶ</span> <span class='ocrx_word' id='word_1_574' title='bbox 3130 3935 3194 3991; x_wconf 86' lang='grc' dir='ltr'>τὸ</span> <span class='ocrx_word' id='word_1_575' title='bbox 3250 3939 3432 4008; x_wconf 76' lang='grc' dir='ltr'>μεῖναν</span> <span class='ocrx_word' id='word_1_576' title='bbox 3460 3933 3538 3991; x_wconf 82' lang='grc' dir='ltr'>ἔτι</span> <span class='ocrx_word' id='word_1_577' title='bbox 3569 3933 3785 4006; x_wconf 79' lang='grc' dir='ltr'>πλῆθος</span> 
     </span>
    </p>
   </div>
   <div class='ocr_carea' id='block_1_77' title="bbox 356 4024 1001 4097">
    <p class='ocr_par' dir='ltr' id='par_1_77' title="bbox 356 4024 1001 4097">
     <span class='ocr_line' id='line_1_77' title="bbox 356 4024 1001 4097; baseline -0.006 -11"><span class='ocrx_word' id='word_1_578' title='bbox 356 4035 470 4086; x_wconf 79' lang='grc' dir='ltr'>τῶν</span> <span class='ocrx_word' id='word_1_579' title='bbox 500 4024 692 4097; x_wconf 74' lang='grc' dir='ltr'>Ούζων</span> <span class='ocrx_word' id='word_1_580' title='bbox 727 4024 1001 4095; x_wconf 82' lang='grc' dir='ltr'>ἐποίησεν.</span> 
     </span>
    </p>
   </div>
   <div class='ocr_carea' id='block_1_78' title="bbox 434 4110 2000 4188">
    <p class='ocr_par' dir='ltr' id='par_1_78' title="bbox 434 4110 1995 4187">
     <span class='ocr_line' id='line_1_78' title="bbox 434 4110 1995 4187; baseline -0.004 -10"><span class='ocrx_word' id='word_1_581' title='bbox 434 4119 535 4177; x_wconf 83' lang='grc' dir='ltr'>ΙΔ’,</span> <span class='ocrx_word' id='word_1_582' title='bbox 558 4118 619 4175; x_wconf 77' lang='lat'>&#39;0</span> <span class='ocrx_word' id='word_1_583' title='bbox 651 4114 708 4172; x_wconf 74' lang='grc' dir='ltr'>δὲ</span> <span class='ocrx_word' id='word_1_584' title='bbox 738 4110 1019 4187; x_wconf 83' lang='grc' dir='ltr'>ϐασιλεὺς,</span> <span class='ocrx_word' id='word_1_585' title='bbox 1068 4111 1301 4184; x_wconf 85' lang='grc' dir='ltr'>ἀξύτατα</span> <span class='ocrx_word' id='word_1_586' title='bbox 1341 4110 1560 4187; x_wconf 81' lang='grc' dir='ltr'>πέμψας</span> <span class='ocrx_word' id='word_1_587' title='bbox 1609 4112 1687 4178; x_wconf 69' lang='lat' dir='ltr'><strong>sic</strong></span> <span class='ocrx_word' id='word_1_588' title='bbox 1712 4114 1776 4170; x_wconf 86' lang='grc' dir='ltr'>τὸ</span> <span class='ocrx_word' id='word_1_589' title='bbox 1823 4112 1995 4171; x_wconf 79' lang='grc' dir='ltr'>Χλιὰτ</span> 
     </span>
    </p>
   </div>
   <div class='ocr_carea' id='block_1_79' title="bbox 2111 4110 3781 4188">
    <p class='ocr_par' dir='ltr' id='par_1_79' title="bbox 2201 4113 3781 4188">
     <span class='ocr_line' id='line_1_79' title="bbox 2201 4113 3781 4188; baseline -0.001 -16"><span class='ocrx_word' id='word_1_590' title='bbox 2201 4115 2347 4172; x_wconf 89' lang='lat' dir='ltr'><strong>XIV.</strong></span> <span class='ocrx_word' id='word_1_591' title='bbox 2382 4116 2712 4188; x_wconf 88' lang='lat' dir='ltr'><strong>Imperator</strong></span> <span class='ocrx_word' id='word_1_592' title='bbox 2739 4115 2923 4187; x_wconf 84' lang='lat' dir='ltr'><strong>igitur</strong></span> <span class='ocrx_word' id='word_1_593' title='bbox 2951 4113 3256 4171; x_wconf 89' lang='lat' dir='ltr'><strong>celerrime</strong></span> <span class='ocrx_word' id='word_1_594' title='bbox 3274 4114 3569 4172; x_wconf 89' lang='lat' dir='ltr'><strong>Chliatum</strong></span> <span class='ocrx_word' id='word_1_595' title='bbox 3593 4115 3781 4182; x_wconf 89' lang='lat' dir='ltr'><strong>misit,</strong></span> 
     </span>
    </p>
   </div>
   <div class='ocr_carea' id='block_1_80' title="bbox 363 4200 2000 4283">
    <p class='ocr_par' dir='ltr' id='par_1_80' title="bbox 363 4200 2000 4283">
     <span class='ocr_line' id='line_1_80' title="bbox 363 4200 2000 4283; baseline -0.002 -20"><span class='ocrx_word' id='word_1_596' title='bbox 363 4202 750 4283; x_wconf 82' lang='grc' dir='ltr'>μετακαλεῖται</span> <span class='ocrx_word' id='word_1_597' title='bbox 804 4203 872 4258; x_wconf 78' lang='grc' dir='ltr'>τὰ</span> <span class='ocrx_word' id='word_1_598' title='bbox 927 4202 1099 4258; x_wconf 84' lang='grc' dir='ltr'>ἐκεῖσε</span> <span class='ocrx_word' id='word_1_599' title='bbox 1156 4200 1532 4275; x_wconf 85' lang='grc' dir='ltr'>στρατεύματα</span> <span class='ocrx_word' id='word_1_600' title='bbox 1563 4243 1577 4258; x_wconf 92' lang='grc'><strong>.</strong></span> <span class='ocrx_word' id='word_1_601' title='bbox 1636 4209 1720 4265; x_wconf 85' lang='grc' dir='ltr'>Ὧς</span> <span class='ocrx_word' id='word_1_602' title='bbox 1797 4200 1844 4258; x_wconf 90' lang='grc' dir='ltr'>δ’</span> <span class='ocrx_word' id='word_1_603' title='bbox 1920 4203 2000 4259; x_wconf 60' lang='grc' dir='ltr'>οὐδ</span> 
     </span>
    </p>
   </div>
   <div class='ocr_carea' id='block_1_81' title="bbox 2111 4200 3785 4283">
    <p class='ocr_par' dir='ltr' id='par_1_81' title="bbox 2129 4204 3785 4275">
     <span class='ocr_line' id='line_1_81' title="bbox 2129 4204 3785 4275; baseline -0.001 -14"><span class='ocrx_word' id='word_1_604' title='bbox 2129 4206 2202 4261; x_wconf 92' lang='lat' dir='ltr'>ad</span> <span class='ocrx_word' id='word_1_605' title='bbox 2239 4205 2594 4260; x_wconf 88' lang='lat' dir='ltr'><strong>revocandos</strong></span> <span class='ocrx_word' id='word_1_606' title='bbox 2633 4205 2946 4275; x_wconf 84' lang='lat' dir='ltr'><strong>exercitus,</strong></span> <span class='ocrx_word' id='word_1_607' title='bbox 2997 4204 3098 4275; x_wconf 90' lang='lat' dir='ltr'><strong>qui</strong></span> <span class='ocrx_word' id='word_1_608' title='bbox 3168 4220 3302 4258; x_wconf 89' lang='lat' dir='ltr'>cum</span> <span class='ocrx_word' id='word_1_609' title='bbox 3349 4220 3464 4259; x_wconf 89' lang='lat' dir='ltr'>non</span> <span class='ocrx_word' id='word_1_610' title='bbox 3514 4205 3785 4261; x_wconf 88' lang='lat' dir='ltr'><strong>venirent</strong></span> 
     </span>
    </p>
   </div>
   <div class='ocr_carea' id='block_1_82' title="bbox 360 4290 2000 4376">
    <p class='ocr_par' dir='ltr' id='par_1_82' title="bbox 360 4290 2000 4376">
     <span class='ocr_line' id='line_1_82' title="bbox 360 4290 2000 4376; baseline -0.004 -23"><span class='ocrx_word' id='word_1_611' title='bbox 360 4295 622 4376; x_wconf 71' lang='grc' dir='ltr'>ἀφίκοντο</span> <span class='ocrx_word' id='word_1_612' title='bbox 653 4294 704 4367; x_wconf 92' lang='lat'>(6</span> <span class='ocrx_word' id='word_1_613' title='bbox 751 4291 851 4369; x_wconf 82' lang='grc' dir='ltr'>γὰρ</span> <span class='ocrx_word' id='word_1_614' title='bbox 895 4290 1346 4367; x_wconf 87' lang='grc' dir='ltr'>Ταρχανειώτης,</span> <span class='ocrx_word' id='word_1_615' title='bbox 1398 4290 1555 4353; x_wconf 73' lang='grc' dir='ltr'>οὗτος</span> <span class='ocrx_word' id='word_1_616' title='bbox 1596 4291 1700 4366; x_wconf 76' lang='grc' dir='ltr'>γὰρ</span> <span class='ocrx_word' id='word_1_617' title='bbox 1749 4291 1815 4361; x_wconf 83' lang='grc' dir='ltr'>ἦν</span> <span class='ocrx_word' id='word_1_618' title='bbox 1863 4293 1891 4347; x_wconf 89' lang='lat'>6</span> <span class='ocrx_word' id='word_1_619' title='bbox 1940 4295 2000 4347; x_wconf 68' lang='grc' dir='ltr'>εἷς</span> 
     </span>
    </p>
   </div>
   <div class='ocr_carea' id='block_1_83' title="bbox 2111 4290 3785 4376">
    <p class='ocr_par' dir='ltr' id='par_1_83' title="bbox 2128 4291 3785 4367">
     <span class='ocr_line' id='line_1_83' title="bbox 2128 4291 3785 4367; baseline 0.001 -19"><span class='ocrx_word' id='word_1_620' title='bbox 2128 4297 2288 4363; x_wconf 89' lang='lat' dir='ltr'><strong>(nam</strong></span> <span class='ocrx_word' id='word_1_621' title='bbox 2314 4293 2754 4363; x_wconf 82' lang='lat' dir='ltr'><strong>Tarcbaniotes,</strong></span> <span class='ocrx_word' id='word_1_622' title='bbox 2790 4310 2944 4348; x_wconf 88' lang='lat' dir='ltr'><strong>unus</strong></span> <span class='ocrx_word' id='word_1_623' title='bbox 2975 4309 3043 4348; x_wconf 84' lang='lat' dir='ltr'><strong>ex</strong></span> <span class='ocrx_word' id='word_1_624' title='bbox 3078 4291 3194 4348; x_wconf 86' lang='lat' dir='ltr'><strong>illis</strong></span> <span class='ocrx_word' id='word_1_625' title='bbox 3225 4292 3501 4362; x_wconf 90' lang='lat' dir='ltr'><strong>ducibus,</strong></span> <span class='ocrx_word' id='word_1_626' title='bbox 3551 4294 3785 4367; x_wconf 84' lang='lat' dir='ltr'><strong>cognito</strong></span> 
     </span>
    </p>
   </div>
   <div class='ocr_carea' id='block_1_84' title="bbox 357 4378 2000 4463">
    <p class='ocr_par' dir='ltr' id='par_1_84' title="bbox 357 4378 2000 4459">
     <span class='ocr_line' id='line_1_84' title="bbox 357 4378 2000 4459; baseline -0.004 -17"><span class='ocrx_word' id='word_1_627' title='bbox 357 4390 473 4443; x_wconf 81' lang='grc' dir='ltr'>τῶν</span> <span class='ocrx_word' id='word_1_628' title='bbox 505 4383 619 4440; x_wconf 81' lang='grc' dir='ltr'>ἐκεῖ</span> <span class='ocrx_word' id='word_1_629' title='bbox 664 4385 1046 4458; x_wconf 84' lang='grc' dir='ltr'>στραταρχῶν,</span> <span class='ocrx_word' id='word_1_630' title='bbox 1099 4378 1284 4453; x_wconf 86' lang='grc' dir='ltr'>μαθὼν</span> <span class='ocrx_word' id='word_1_631' title='bbox 1334 4382 1431 4433; x_wconf 79' lang='grc' dir='ltr'>τοῦ</span> <span class='ocrx_word' id='word_1_632' title='bbox 1480 4378 1711 4435; x_wconf 78' lang='grc' dir='ltr'>σουλτάν</span> <span class='ocrx_word' id='word_1_633' title='bbox 1760 4382 1863 4452; x_wconf 69' lang='grc' dir='ltr'>τὴν</span> <span class='ocrx_word' id='word_1_634' title='bbox 1893 4379 2000 4459; x_wconf 74' lang='grc' dir='ltr'>ἄφιε</span> 
     </span>
    </p>
   </div>
   <div class='ocr_carea' id='block_1_85' title="bbox 2111 4378 3783 4463">
    <p class='ocr_par' dir='ltr' id='par_1_85' title="bbox 2130 4380 3783 4463">
     <span class='ocr_line' id='line_1_85' title="bbox 2130 4380 3783 4463; baseline 0.001 -25"><span class='ocrx_word' id='word_1_635' title='bbox 2130 4382 2351 4438; x_wconf 88' lang='lat' dir='ltr'><strong>sultani</strong></span> <span class='ocrx_word' id='word_1_636' title='bbox 2382 4383 2661 4451; x_wconf 89' lang='lat' dir='ltr'><strong>adventu,</strong></span> <span class='ocrx_word' id='word_1_637' title='bbox 2693 4388 3072 4454; x_wconf 87' lang='lat' dir='ltr'><strong>persuaserat</strong></span> <span class='ocrx_word' id='word_1_638' title='bbox 3099 4380 3359 4449; x_wconf 87' lang='lat' dir='ltr'><strong>Ruselio,</strong></span> <span class='ocrx_word' id='word_1_639' title='bbox 3384 4386 3450 4437; x_wconf 94' lang='lat' dir='ltr'>ut</span> <span class='ocrx_word' id='word_1_640' title='bbox 3497 4398 3615 4463; x_wconf 86' lang='lat' dir='ltr'>una</span> <span class='ocrx_word' id='word_1_641' title='bbox 3645 4399 3783 4439; x_wconf 91' lang='lat' dir='ltr'>cum</span> 
     </span>
    </p>
   </div>
   <div class='ocr_carea' id='block_1_86' title="bbox 364 4467 2000 4550">
    <p class='ocr_par' dir='ltr' id='par_1_86' title="bbox 364 4467 2000 4550">
     <span class='ocr_line' id='line_1_86' title="bbox 364 4467 2000 4550; baseline -0.002 -20"><span class='ocrx_word' id='word_1_642' title='bbox 364 4478 466 4550; x_wconf 79' lang='grc' dir='ltr'>ξιν,</span> <span class='ocrx_word' id='word_1_643' title='bbox 524 4470 819 4547; x_wconf 83' lang='grc' dir='ltr'>παρέπεισε</span> <span class='ocrx_word' id='word_1_644' title='bbox 873 4468 964 4525; x_wconf 86' lang='grc' dir='ltr'>καὶ</span> <span class='ocrx_word' id='word_1_645' title='bbox 1018 4469 1110 4525; x_wconf 91' lang='grc' dir='ltr'>τὸν</span> <span class='ocrx_word' id='word_1_646' title='bbox 1159 4467 1515 4523; x_wconf 86' lang='grc' dir='ltr'>Ῥουσέλιον·</span> <span class='ocrx_word' id='word_1_647' title='bbox 1568 4469 1656 4524; x_wconf 87' lang='grc' dir='ltr'>καὶ</span> <span class='ocrx_word' id='word_1_648' title='bbox 1721 4471 1853 4544; x_wconf 79' lang='grc' dir='ltr'>μετὰ</span> <span class='ocrx_word' id='word_1_649' title='bbox 1910 4474 2000 4526; x_wconf 57' lang='grc' dir='ltr'>τῶι</span> 
     </span>
    </p>
   </div>
   <div class='ocr_carea' id='block_1_87' title="bbox 2111 4467 3789 4550">
    <p class='ocr_par' dir='ltr' id='par_1_87' title="bbox 2131 4470 3789 4544">
     <span class='ocr_line' id='line_1_87' title="bbox 2131 4470 3789 4544; baseline 0 -16"><span class='ocrx_word' id='word_1_650' title='bbox 2131 4471 2258 4528; x_wconf 90' lang='lat' dir='ltr'><strong>suis</strong></span> <span class='ocrx_word' id='word_1_651' title='bbox 2287 4471 2472 4544; x_wconf 87' lang='lat' dir='ltr'><strong>copiis</strong></span> <span class='ocrx_word' id='word_1_652' title='bbox 2495 4471 2555 4526; x_wconf 91' lang='lat' dir='ltr'><strong>in</strong></span> <span class='ocrx_word' id='word_1_653' title='bbox 2578 4475 2976 4527; x_wconf 82' lang='lat' dir='ltr'><strong>Romanorum</strong></span> <span class='ocrx_word' id='word_1_654' title='bbox 3009 4470 3157 4526; x_wconf 82' lang='lat' dir='ltr'><strong>ﬁnes</strong></span> <span class='ocrx_word' id='word_1_655' title='bbox 3189 4471 3789 4543; x_wconf 78' lang='lat' dir='ltr'><strong>c0nl‘ugerét),decre-</strong></span> 
     </span>
    </p>
   </div>
   <div class='ocr_carea' id='block_1_88' title="bbox 366 4555 2000 4636">
    <p class='ocr_par' dir='ltr' id='par_1_88' title="bbox 366 4555 1994 4636">
     <span class='ocr_line' id='line_1_88' title="bbox 366 4555 1994 4636; baseline -0.004 -16"><span class='ocrx_word' id='word_1_656' title='bbox 366 4564 458 4620; x_wconf 79' lang='grc' dir='ltr'>ὑπ’</span> <span class='ocrx_word' id='word_1_657' title='bbox 515 4561 711 4624; x_wconf 79' lang='grc' dir='ltr'>αὐτοὺς</span> <span class='ocrx_word' id='word_1_658' title='bbox 767 4557 1048 4632; x_wconf 87' lang='grc' dir='ltr'>δυνάμεων</span> <span class='ocrx_word' id='word_1_659' title='bbox 1107 4555 1355 4635; x_wconf 78' lang='grc' dir='ltr'>ἄραντες,</span> <span class='ocrx_word' id='word_1_660' title='bbox 1414 4561 1558 4636; x_wconf 79' lang='grc' dir='ltr'>φυγῇ</span> <span class='ocrx_word' id='word_1_661' title='bbox 1607 4558 1743 4635; x_wconf 77' lang='grc' dir='ltr'>πρὸς</span> <span class='ocrx_word' id='word_1_662' title='bbox 1795 4561 1862 4615; x_wconf 76' lang='grc' dir='ltr'>τὰ</span> <span class='ocrx_word' id='word_1_663' title='bbox 1890 4561 1994 4615; x_wconf 83' lang='grc' dir='ltr'>Ῥω</span> 
     </span>
    </p>
   </div>
   <div class='ocr_carea' id='block_1_89' title="bbox 2111 4555 3795 4636">
    <p class='ocr_par' dir='ltr' id='par_1_89' title="bbox 2131 4559 3795 4634">
     <span class='ocr_line' id='line_1_89' title="bbox 2131 4559 3795 4634; baseline 0 -17"><span class='ocrx_word' id='word_1_664' title='bbox 2131 4561 2211 4617; x_wconf 89' lang='lat' dir='ltr'>vit</span> <span class='ocrx_word' id='word_1_665' title='bbox 2245 4561 2526 4634; x_wconf 78' lang='lat' dir='ltr'><strong>Diogenes</strong></span> <span class='ocrx_word' id='word_1_666' title='bbox 2557 4560 2840 4633; x_wconf 89' lang='lat' dir='ltr'><strong>postridie</strong></span> <span class='ocrx_word' id='word_1_667' title='bbox 2870 4576 3006 4615; x_wconf 89' lang='lat' dir='ltr'>cum</span> <span class='ocrx_word' id='word_1_668' title='bbox 3037 4560 3165 4616; x_wconf 90' lang='lat' dir='ltr'><strong>suis</strong></span> <span class='ocrx_word' id='word_1_669' title='bbox 3198 4560 3400 4616; x_wconf 82' lang='lat' dir='ltr'><strong>Martis</strong></span> <span class='ocrx_word' id='word_1_670' title='bbox 3454 4559 3644 4617; x_wconf 90' lang='lat' dir='ltr'><strong>aleam</strong></span> <span class='ocrx_word' id='word_1_671' title='bbox 3697 4577 3795 4617; x_wconf 84' lang='lat' dir='ltr'>ex-</span> 
     </span>
    </p>
   </div>
   <div class='ocr_carea' id='block_1_90' title="bbox 371 4641 2000 4729">
    <p class='ocr_par' dir='ltr' id='par_1_90' title="bbox 371 4641 2000 4729">
     <span class='ocr_line' id='line_1_90' title="bbox 371 4641 2000 4729; baseline -0.003 -20"><span class='ocrx_word' id='word_1_672' title='bbox 371 4651 547 4729; x_wconf 81' lang='grc' dir='ltr'>μαίων</span> <span class='ocrx_word' id='word_1_673' title='bbox 609 4650 901 4727; x_wconf 83' lang='grc' dir='ltr'>ἐχώρησαν</span> <span class='ocrx_word' id='word_1_674' title='bbox 956 4648 1125 4725; x_wconf 80' lang='grc' dir='ltr'>ὅρια),</span> <span class='ocrx_word' id='word_1_675' title='bbox 1176 4641 1315 4723; x_wconf 76' lang='grc' dir='ltr'>ἔγνω</span> <span class='ocrx_word' id='word_1_676' title='bbox 1367 4647 1397 4701; x_wconf 86' lang='grc' dir='ltr'>ὁ</span> <span class='ocrx_word' id='word_1_677' title='bbox 1447 4645 1704 4724; x_wconf 87' lang='grc' dir='ltr'>Διογένης</span> <span class='ocrx_word' id='word_1_678' title='bbox 1755 4648 1891 4722; x_wconf 85' lang='grc' dir='ltr'>μετά</span> <span class='ocrx_word' id='word_1_679' title='bbox 1916 4653 2000 4705; x_wconf 82' lang='grc' dir='ltr'>τῶ</span> 
     </span>
    </p>
   </div>
   <div class='ocr_carea' id='block_1_91' title="bbox 2111 4641 3799 4729">
    <p class='ocr_par' dir='ltr' id='par_1_91' title="bbox 2140 4649 3799 4723">
     <span class='ocr_line' id='line_1_91' title="bbox 2140 4649 3799 4723; baseline 0 -16"><span class='ocrx_word' id='word_1_680' title='bbox 2140 4650 2335 4723; x_wconf 90' lang='lat' dir='ltr'><strong>periri.</strong></span> <span class='ocrx_word' id='word_1_681' title='bbox 2368 4650 2595 4707; x_wconf 89' lang='lat' dir='ltr'><strong>Interea</strong></span> <span class='ocrx_word' id='word_1_682' title='bbox 2624 4649 2797 4719; x_wconf 90' lang='lat' dir='ltr'><strong>legati</strong></span> <span class='ocrx_word' id='word_1_683' title='bbox 2849 4667 2882 4704; x_wconf 89' lang='lat' dir='ltr'>a</span> <span class='ocrx_word' id='word_1_684' title='bbox 2939 4649 3175 4705; x_wconf 88' lang='lat' dir='ltr'><strong>sultano</strong></span> <span class='ocrx_word' id='word_1_685' title='bbox 3235 4649 3477 4705; x_wconf 91' lang='lat' dir='ltr'><strong>veniunt</strong></span> <span class='ocrx_word' id='word_1_686' title='bbox 3522 4651 3595 4707; x_wconf 92' lang='lat' dir='ltr'>de</span> <span class='ocrx_word' id='word_1_687' title='bbox 3652 4665 3799 4723; x_wconf 84' lang='lat' dir='ltr'><strong>pace</strong></span> 
     </span>
    </p>
   </div>
   <div class='ocr_carea' id='block_1_92' title="bbox 369 4733 2000 4812">
    <p class='ocr_par' dir='ltr' id='par_1_92' title="bbox 369 4733 2000 4812">
     <span class='ocr_line' id='line_1_92' title="bbox 369 4733 2000 4812; baseline -0.002 -15"><span class='ocrx_word' id='word_1_688' title='bbox 369 4740 643 4798; x_wconf 83' lang='grc' dir='ltr'>συνόντων</span> <span class='ocrx_word' id='word_1_689' title='bbox 700 4737 849 4810; x_wconf 77' lang='grc' dir='ltr'>αὐτῷ</span> <span class='ocrx_word' id='word_1_690' title='bbox 904 4733 1329 4811; x_wconf 81' lang='grc' dir='ltr'>διαγωνίσασθαι</span> <span class='ocrx_word' id='word_1_691' title='bbox 1386 4734 1440 4800; x_wconf 83' lang='grc' dir='ltr'>ἐς</span> <span class='ocrx_word' id='word_1_692' title='bbox 1495 4737 1593 4806; x_wconf 78' lang='grc' dir='ltr'>τήν</span> <span class='ocrx_word' id='word_1_693' title='bbox 1644 4736 1832 4812; x_wconf 70' lang='grc' dir='ltr'>αὔριον</span> <span class='ocrx_word' id='word_1_694' title='bbox 1867 4782 1881 4808; x_wconf 92' lang='grc'>,</span> <span class='ocrx_word' id='word_1_695' title='bbox 1940 4760 2000 4794; x_wconf 78' lang='grc' dir='ltr'>κα</span> 
     </span>
    </p>
   </div>
   <div class='ocr_carea' id='block_1_93' title="bbox 2111 4733 3793 4812">
    <p class='ocr_par' dir='ltr' id='par_1_93' title="bbox 2143 4738 3793 4812">
     <span class='ocr_line' id='line_1_93' title="bbox 2143 4738 3793 4812; baseline -0.001 -16"><span class='ocrx_word' id='word_1_696' title='bbox 2143 4739 2352 4807; x_wconf 89' lang='lat' dir='ltr'><strong>acturi,</strong></span> <span class='ocrx_word' id='word_1_697' title='bbox 2376 4755 2524 4810; x_wconf 89' lang='lat' dir='ltr'><strong>quos</strong></span> <span class='ocrx_word' id='word_1_698' title='bbox 2552 4739 2872 4809; x_wconf 89' lang='lat' dir='ltr'><strong>imperator</strong></span> <span class='ocrx_word' id='word_1_699' title='bbox 2903 4754 3110 4809; x_wconf 88' lang='lat' dir='ltr'><strong>parum</strong></span> <span class='ocrx_word' id='word_1_700' title='bbox 3138 4738 3478 4794; x_wconf 87' lang='lat' dir='ltr'><strong>humaniter</strong></span> <span class='ocrx_word' id='word_1_701' title='bbox 3507 4738 3793 4812; x_wconf 89' lang='lat' dir='ltr'><strong>suscepit,</strong></span> 
     </span>
    </p>
   </div>
   <div class='ocr_carea' id='block_1_94' title="bbox 371 4822 2000 4905">
    <p class='ocr_par' dir='ltr' id='par_1_94' title="bbox 371 4822 2000 4905">
     <span class='ocr_line' id='line_1_94' title="bbox 371 4822 2000 4905; baseline -0.002 -19"><span class='ocrx_word' id='word_1_702' title='bbox 371 4832 492 4905; x_wconf 73' lang='grc' dir='ltr'>ἅμα</span> <span class='ocrx_word' id='word_1_703' title='bbox 528 4826 678 4904; x_wconf 76' lang='grc' dir='ltr'>πρωΐ</span> <span class='ocrx_word' id='word_1_704' title='bbox 740 4825 874 4902; x_wconf 87' lang='grc' dir='ltr'>πρὸς</span> <span class='ocrx_word' id='word_1_705' title='bbox 922 4825 1013 4881; x_wconf 88' lang='grc' dir='ltr'>τὸν</span> <span class='ocrx_word' id='word_1_706' title='bbox 1063 4822 1310 4898; x_wconf 83' lang='grc' dir='ltr'>πόλεμον</span> <span class='ocrx_word' id='word_1_707' title='bbox 1357 4823 1664 4902; x_wconf 75' lang='grc' dir='ltr'>ἐξηρτύετο.</span> <span class='ocrx_word' id='word_1_708' title='bbox 1714 4828 1801 4884; x_wconf 85' lang='grc' dir='ltr'>Ἐν</span> <span class='ocrx_word' id='word_1_709' title='bbox 1854 4826 2000 4884; x_wconf 80' lang='grc' dir='ltr'>τούτι</span> 
     </span>
    </p>
   </div>
   <div class='ocr_carea' id='block_1_95' title="bbox 2111 4822 3800 4905">
    <p class='ocr_par' dir='ltr' id='par_1_95' title="bbox 2141 4827 3800 4900">
     <span class='ocr_line' id='line_1_95' title="bbox 2141 4827 3800 4900; baseline -0.001 -14"><span class='ocrx_word' id='word_1_710' title='bbox 2141 4834 2339 4886; x_wconf 86' lang='lat' dir='ltr'><strong>tamen</strong></span> <span class='ocrx_word' id='word_1_711' title='bbox 2364 4834 2422 4884; x_wconf 85' lang='lat' dir='ltr'>et</span> <span class='ocrx_word' id='word_1_712' title='bbox 2441 4828 2677 4884; x_wconf 89' lang='lat' dir='ltr'><strong>dicendi</strong></span> <span class='ocrx_word' id='word_1_713' title='bbox 2707 4829 2936 4900; x_wconf 78' lang='lat' dir='ltr'><strong>capiam</strong></span> <span class='ocrx_word' id='word_1_714' title='bbox 2970 4827 3126 4897; x_wconf 83' lang='lat' dir='ltr'><strong>fecit,</strong></span> <span class='ocrx_word' id='word_1_715' title='bbox 3155 4832 3213 4882; x_wconf 90' lang='lat' dir='ltr'>et</span> <span class='ocrx_word' id='word_1_716' title='bbox 3245 4827 3520 4884; x_wconf 89' lang='lat' dir='ltr'><strong>hortatus</strong></span> <span class='ocrx_word' id='word_1_717' title='bbox 3570 4834 3681 4895; x_wconf 83' lang='lat' dir='ltr'><strong>est,</strong></span> <span class='ocrx_word' id='word_1_718' title='bbox 3732 4831 3800 4885; x_wconf 86' lang='lat' dir='ltr'>ut</span> 
     </span>
    </p>
   </div>
   <div class='ocr_carea' id='block_1_96' title="bbox 373 4911 2000 4994">
    <p class='ocr_par' dir='ltr' id='par_1_96' title="bbox 373 4911 2000 4994">
     <span class='ocr_line' id='line_1_96' title="bbox 373 4911 2000 4994; baseline -0.003 -19"><span class='ocrx_word' id='word_1_719' title='bbox 373 4916 435 4975; x_wconf 80' lang='grc' dir='ltr'>δὶ</span> <span class='ocrx_word' id='word_1_720' title='bbox 462 4912 716 4994; x_wconf 86' lang='grc' dir='ltr'>πρέσϐεις</span> <span class='ocrx_word' id='word_1_721' title='bbox 772 4916 907 4985; x_wconf 82' lang='grc' dir='ltr'>ἦκον</span> <span class='ocrx_word' id='word_1_722' title='bbox 957 4913 1018 4969; x_wconf 86' lang='grc' dir='ltr'>ἐκ</span> <span class='ocrx_word' id='word_1_723' title='bbox 1064 4917 1163 4969; x_wconf 78' lang='grc' dir='ltr'>τοῦ</span> <span class='ocrx_word' id='word_1_724' title='bbox 1213 4911 1443 4968; x_wconf 72' lang='grc' dir='ltr'>σουλτὲιν</span> <span class='ocrx_word' id='word_1_725' title='bbox 1494 4913 1618 4989; x_wconf 80' lang='grc' dir='ltr'>περὶ</span> <span class='ocrx_word' id='word_1_726' title='bbox 1660 4914 1884 4991; x_wconf 70' lang='grc' dir='ltr'>εἰρήνης</span> <span class='ocrx_word' id='word_1_727' title='bbox 1915 4913 2000 4971; x_wconf 86' lang='grc' dir='ltr'>δια</span> 
     </span>
    </p>
   </div>
   <div class='ocr_carea' id='block_1_97' title="bbox 2111 4911 3799 4994">
    <p class='ocr_par' dir='ltr' id='par_1_97' title="bbox 2143 4914 3799 4987">
     <span class='ocr_line' id='line_1_97' title="bbox 2143 4914 3799 4987; baseline -0.001 -14"><span class='ocrx_word' id='word_1_728' title='bbox 2143 4933 2250 4974; x_wconf 91' lang='lat' dir='ltr'>suo</span> <span class='ocrx_word' id='word_1_729' title='bbox 2282 4917 2519 4973; x_wconf 90' lang='lat' dir='ltr'><strong>domino</strong></span> <span class='ocrx_word' id='word_1_730' title='bbox 2559 4917 3001 4973; x_wconf 88' lang='lat' dir='ltr'><strong>renuntiarent:</strong></span> <span class='ocrx_word' id='word_1_731' title='bbox 3034 4916 3098 4972; x_wconf 88' lang='lat' dir='ltr'><strong>Si</strong></span> <span class='ocrx_word' id='word_1_732' title='bbox 3123 4914 3191 4970; x_wconf 85' lang='lat' dir='ltr'>de</span> <span class='ocrx_word' id='word_1_733' title='bbox 3212 4915 3626 4973; x_wconf 78' lang='lat' dir='ltr'><strong>conditionibus</strong></span> <span class='ocrx_word' id='word_1_734' title='bbox 3644 4916 3799 4987; x_wconf 82' lang='lat' dir='ltr'><strong>loqui</strong></span> 
     </span>
    </p>
   </div>
   <div class='ocr_carea' id='block_1_98' title="bbox 373 4999 2033 5081">
    <p class='ocr_par' dir='ltr' id='par_1_98' title="bbox 373 4999 2033 5081">
     <span class='ocr_line' id='line_1_98' title="bbox 373 4999 2033 5081; baseline -0.002 -18"><span class='ocrx_word' id='word_1_735' title='bbox 373 5006 703 5081; x_wconf 81' lang='grc' dir='ltr'>λεξόμενοι.</span> <span class='ocrx_word' id='word_1_736' title='bbox 756 5006 814 5061; x_wconf 88' lang='grc' dir='ltr'>Ὁ</span> <span class='ocrx_word' id='word_1_737' title='bbox 869 5002 928 5058; x_wconf 70' lang='grc' dir='ltr'>δὲ</span> <span class='ocrx_word' id='word_1_738' title='bbox 983 4999 1237 5079; x_wconf 79' lang='grc' dir='ltr'>βασιλεὺς</span> <span class='ocrx_word' id='word_1_739' title='bbox 1297 5001 1360 5056; x_wconf 82' lang='grc' dir='ltr'>οὐ</span> <span class='ocrx_word' id='word_1_740' title='bbox 1431 5003 1570 5057; x_wconf 80' lang='grc' dir='ltr'>πάνυ</span> <span class='ocrx_word' id='word_1_741' title='bbox 1629 5001 2033 5080; x_wconf 80' lang='grc' dir='ltr'>φιλανθρώπως</span> 
     </span>
    </p>
   </div>
   <div class='ocr_carea' id='block_1_99' title="bbox 369 5089 2034 5173">
    <p class='ocr_par' dir='ltr' id='par_1_99' title="bbox 369 5089 2034 5173">
     <span class='ocr_line' id='line_1_99' title="bbox 369 5089 2034 5173; baseline -0.001 -20"><span class='ocrx_word' id='word_1_742' title='bbox 369 5096 505 5159; x_wconf 81' lang='grc' dir='ltr'>τοὺς</span> <span class='ocrx_word' id='word_1_743' title='bbox 532 5089 784 5173; x_wconf 86' lang='grc' dir='ltr'>πρέσϐεις</span> <span class='ocrx_word' id='word_1_744' title='bbox 813 5089 1045 5164; x_wconf 78' lang='grc' dir='ltr'>ἐδέξατο·</span> <span class='ocrx_word' id='word_1_745' title='bbox 1100 5091 1255 5165; x_wconf 79' lang='grc' dir='ltr'>ὅμως</span> <span class='ocrx_word' id='word_1_746' title='bbox 1310 5094 1502 5165; x_wconf 86' lang='grc' dir='ltr'>μέντοι</span> <span class='ocrx_word' id='word_1_747' title='bbox 1552 5093 1640 5147; x_wconf 86' lang='grc' dir='ltr'>καὶ</span> <span class='ocrx_word' id='word_1_748' title='bbox 1689 5091 1852 5171; x_wconf 90' lang='grc' dir='ltr'>λόγον</span> <span class='ocrx_word' id='word_1_749' title='bbox 1886 5094 2034 5172; x_wconf 81' lang='grc' dir='ltr'>σφίσι</span> 
     </span>
    </p>
   </div>
   <div class='ocr_carea' id='block_1_100' title="bbox 375 5179 2034 5262">
    <p class='ocr_par' dir='ltr' id='par_1_100' title="bbox 375 5179 2034 5262">
     <span class='ocr_line' id='line_1_100' title="bbox 375 5179 2034 5262; baseline -0.002 -19"><span class='ocrx_word' id='word_1_750' title='bbox 375 5183 674 5262; x_wconf 67' lang='grc' dir='ltr'>μετέδωκε,</span> <span class='ocrx_word' id='word_1_751' title='bbox 704 5182 795 5239; x_wconf 87' lang='grc' dir='ltr'>καὶ</span> <span class='ocrx_word' id='word_1_752' title='bbox 826 5179 1077 5238; x_wconf 84' lang='grc' dir='ltr'>ἀπελθεῖν</span> <span class='ocrx_word' id='word_1_753' title='bbox 1120 5179 1257 5256; x_wconf 83' lang='grc' dir='ltr'>πρὸς</span> <span class='ocrx_word' id='word_1_754' title='bbox 1302 5180 1395 5237; x_wconf 84' lang='grc' dir='ltr'>τὸν</span> <span class='ocrx_word' id='word_1_755' title='bbox 1445 5179 1633 5256; x_wconf 82' lang='grc' dir='ltr'>κύριον</span> <span class='ocrx_word' id='word_1_756' title='bbox 1666 5182 1840 5239; x_wconf 78' lang='grc' dir='ltr'>αὐτῶν</span> <span class='ocrx_word' id='word_1_757' title='bbox 1873 5204 2034 5259; x_wconf 85' lang='grc' dir='ltr'>προε-</span> 
     </span>
    </p>
   </div>
   <div class='ocr_carea' id='block_1_101' title="bbox 2149 5004 3793 5077">
    <p class='ocr_par' dir='ltr' id='par_1_101' title="bbox 2149 5004 3793 5077">
     <span class='ocr_line' id='line_1_101' title="bbox 2149 5004 3793 5077; baseline -0.002 -14"><span class='ocrx_word' id='word_1_758' title='bbox 2149 5007 2334 5075; x_wconf 69' lang='lat' dir='ltr'><strong>vellet,</strong></span> <span class='ocrx_word' id='word_1_759' title='bbox 2367 5011 2423 5062; x_wconf 78' lang='lat' dir='ltr'><strong>ut</strong></span> <span class='ocrx_word' id='word_1_760' title='bbox 2463 5004 2658 5062; x_wconf 81' lang='lat' dir='ltr'><strong>relicto</strong></span> <span class='ocrx_word' id='word_1_761' title='bbox 2676 5006 2788 5062; x_wconf 82' lang='lat' dir='ltr'><strong>loco</strong></span> <span class='ocrx_word' id='word_1_762' title='bbox 2811 5008 2870 5061; x_wconf 86' lang='lat' dir='ltr'>in</span> <span class='ocrx_word' id='word_1_763' title='bbox 2890 5020 2997 5077; x_wconf 82' lang='lat' dir='ltr'>quo</span> <span class='ocrx_word' id='word_1_764' title='bbox 3019 5006 3141 5077; x_wconf 86' lang='lat' dir='ltr'><strong>jam</strong></span> <span class='ocrx_word' id='word_1_765' title='bbox 3169 5008 3352 5059; x_wconf 73' lang='lat' dir='ltr'><strong>castra</strong></span> <span class='ocrx_word' id='word_1_766' title='bbox 3411 5004 3654 5071; x_wconf 81' lang='lat' dir='ltr'><strong>haberet,</strong></span> <span class='ocrx_word' id='word_1_767' title='bbox 3706 5015 3793 5060; x_wconf 76' lang='lat' dir='ltr'>ta-</span> 
     </span>
    </p>
   </div>
   <div class='ocr_carea' id='block_1_102' title="bbox 2145 5092 3796 5167">
    <p class='ocr_par' dir='ltr' id='par_1_102' title="bbox 2145 5092 3796 5167">
     <span class='ocr_line' id='line_1_102' title="bbox 2145 5092 3796 5167; baseline -0.001 -15"><span class='ocrx_word' id='word_1_768' title='bbox 2145 5095 2448 5152; x_wconf 77' lang='lat' dir='ltr'><strong>bernacuia</strong></span> <span class='ocrx_word' id='word_1_769' title='bbox 2458 5094 2658 5165; x_wconf 76' lang='lat' dir='ltr'><strong>procul</strong></span> <span class='ocrx_word' id='word_1_770' title='bbox 2688 5095 3038 5167; x_wconf 65' lang='lat' dir='ltr'><strong>transferret,</strong></span> <span class='ocrx_word' id='word_1_771' title='bbox 3062 5099 3125 5150; x_wconf 83' lang='lat' dir='ltr'>ut</span> <span class='ocrx_word' id='word_1_772' title='bbox 3144 5094 3262 5166; x_wconf 80' lang='lat' dir='ltr'><strong>ipse</strong></span> <span class='ocrx_word' id='word_1_773' title='bbox 3288 5093 3501 5149; x_wconf 83' lang='lat' dir='ltr'><strong>vallum</strong></span> <span class='ocrx_word' id='word_1_774' title='bbox 3529 5094 3612 5150; x_wconf 84' lang='lat' dir='ltr'>ibi</span> <span class='ocrx_word' id='word_1_775' title='bbox 3641 5092 3796 5151; x_wconf 68' lang='lat'>288</span> 
     </span>
    </p>
   </div>
   <div class='ocr_carea' id='block_1_103' title="bbox 2143 5184 3800 5257">
    <p class='ocr_par' dir='ltr' id='par_1_103' title="bbox 2143 5184 3800 5257">
     <span class='ocr_line' id='line_1_103' title="bbox 2143 5184 3800 5257; baseline -0.001 -16"><span class='ocrx_word' id='word_1_776' title='bbox 2143 5187 2529 5257; x_wconf 69' lang='lat' dir='ltr'><strong>communiret,</strong></span> <span class='ocrx_word' id='word_1_777' title='bbox 2559 5184 2658 5241; x_wconf 83' lang='lat' dir='ltr'><strong>ubi</strong></span> <span class='ocrx_word' id='word_1_778' title='bbox 2699 5192 2821 5240; x_wconf 77' lang='lat' dir='ltr'>tum</span> <span class='ocrx_word' id='word_1_779' title='bbox 2872 5184 3251 5241; x_wconf 82' lang='lat' dir='ltr'><strong>Barbarorum</strong></span> <span class='ocrx_word' id='word_1_780' title='bbox 3306 5184 3547 5240; x_wconf 75' lang='lat' dir='ltr'><strong>tentoria</strong></span> <span class='ocrx_word' id='word_1_781' title='bbox 3600 5185 3800 5241; x_wconf 72' lang='lat' dir='ltr'><strong>essent.</strong></span> 
     </span>
    </p>
   </div>
   <div class='ocr_carea' id='block_1_104' title="bbox 448 5308 923 5381">
    <p class='ocr_par' dir='ltr' id='par_1_104' title="bbox 448 5308 923 5381">
     <span class='ocr_line' id='line_1_104' title="bbox 448 5308 923 5381; baseline -0.017 -12"><span class='ocrx_word' id='word_1_782' title='bbox 448 5313 466 5348; x_wconf 91' lang='grc'>¹</span> <span class='ocrx_word' id='word_1_783' title='bbox 499 5314 671 5368; x_wconf 87' lang='lat' dir='ltr'><strong>Joan.</strong></span> <span class='ocrx_word' id='word_1_784' title='bbox 704 5324 798 5381; x_wconf 82' lang='lat' dir='ltr'>xv,</span> <span class='ocrx_word' id='word_1_785' title='bbox 830 5308 923 5363; x_wconf 89' lang='lat'><strong>20.</strong></span> 
     </span>
    </p>
   </div>
   <div class='ocr_carea' id='block_1_105' title="bbox 1664 5407 2523 5472">
    <p class='ocr_par' dir='ltr' id='par_1_105' title="bbox 1664 5407 2523 5472">
     <span class='ocr_line' id='line_1_105' title="bbox 1664 5407 2523 5472; baseline 0.003 -4"><span class='ocrx_word' id='word_1_786' title='bbox 1664 5407 1868 5469; x_wconf 71' lang='lat' dir='ltr'><strong>Variis</strong></span> <span class='ocrx_word' id='word_1_787' title='bbox 1899 5407 2202 5472; x_wconf 88' lang='lat' dir='ltr'><strong>lectiones</strong></span> <span class='ocrx_word' id='word_1_788' title='bbox 2231 5415 2294 5471; x_wconf 88' lang='lat' dir='ltr'>et</span> <span class='ocrx_word' id='word_1_789' title='bbox 2332 5414 2523 5471; x_wconf 65' lang='lat' dir='ltr'><strong>notae.</strong></span> 
     </span>
    </p>
   </div>
   <div class='ocr_carea' id='block_1_106' title="bbox 458 5526 2047 5655">
    <p class='ocr_par' dir='ltr' id='par_1_106' title="bbox 458 5526 2047 5655">
     <span class='ocr_line' id='line_1_106' title="bbox 458 5526 2047 5655; baseline 0 -66"><span class='ocrx_word' id='word_1_790' title='bbox 458 5535 591 5619; x_wconf 78' lang='grc'>(78)</span> <span class='ocrx_word' id='word_1_791' title='bbox 648 5526 971 5602; x_wconf 79' lang='grc' dir='ltr'>Ῥουσελίῳ,</span> <span class='ocrx_word' id='word_1_792' title='bbox 1048 5529 1133 5586; x_wconf 89' lang='lat' dir='ltr'>Ita</span> <span class='ocrx_word' id='word_1_793' title='bbox 1186 5528 1497 5655; x_wconf 55' lang='lat' dir='ltr'><strong>Sczlitzes:</strong></span> <span class='ocrx_word' id='word_1_794' title='bbox 1567 5533 1626 5586; x_wconf 89' lang='lat' dir='ltr'>at</span> <span class='ocrx_word' id='word_1_795' title='bbox 1684 5530 2047 5605; x_wconf 90' lang='lat' dir='ltr'><strong>Nicephorus</strong></span> 
     </span>
     <span class='ocr_line' id='line_1_107' title="bbox 460 5599 2039 5655; baseline 0 0"><span class='ocrx_word' id='word_1_796' title='bbox 460 5622 691 5655; x_wconf 68' lang='lat' dir='ltr'><strong>vanius-</strong></span> <span class='ocrx_word' id='word_1_797' title='bbox 722 5603 761 5655; x_wconf 89' lang='lat' dir='ltr'>l.</span> <span class='ocrx_word' id='word_1_798' title='bbox 796 5619 949 5655; x_wconf 68' lang='lat' dir='ltr'>mn.</span> <span class='ocrx_word' id='word_1_799' title='bbox 993 5603 1046 5655; x_wconf 79' lang='grc'>4.</span> <span class='ocrx_word' id='word_1_800' title='bbox 1104 5599 1406 5655; x_wconf 77' lang='grc' dir='ltr'>Οὐοσι.ιον</span> <span class='ocrx_word' id='word_1_801' title='bbox 1459 5606 1646 5655; x_wconf 88' lang='lat' dir='ltr'><strong>vocat.</strong></span> <span class='ocrx_word' id='word_1_802' title='bbox 1702 5609 1765 5655; x_wconf 90' lang='lat' dir='ltr'>ut</span> <span class='ocrx_word' id='word_1_803' title='bbox 1822 5608 1880 5655; x_wconf 88' lang='lat' dir='ltr'>et</span> <span class='ocrx_word' id='word_1_804' title='bbox 1935 5605 2039 5655; x_wconf 81' lang='lat' dir='ltr'><strong>Ln-</strong></span> 
     </span>
    </p>
   </div>
   <div class='ocr_carea' id='block_1_107' title="bbox 375 5599 2039 5680">
    <p class='ocr_par' dir='ltr' id='par_1_107' title="bbox 375 5599 2039 5680">
     <span class='ocr_line' id='line_1_108' title="bbox 375 5599 2039 5680; baseline -0.002 -15"><span class='ocrx_word' id='word_1_805' title='bbox 375 5599 691 5680; x_wconf 50' lang='lat' dir='ltr'><strong>Br&#39;yenius,</strong></span> <span class='ocrx_word' id='word_1_806' title='bbox 722 5603 761 5659; x_wconf 90' lang='lat' dir='ltr'>l.</span> <span class='ocrx_word' id='word_1_807' title='bbox 796 5619 858 5670; x_wconf 84' lang='grc' dir='ltr'>ιι,</span> <span class='ocrx_word' id='word_1_808' title='bbox 993 5603 1047 5672; x_wconf 82' lang='grc'>4,</span> <span class='ocrx_word' id='word_1_809' title='bbox 1071 5673 1083 5680; x_wconf 87' lang='lat'>_</span> <span class='ocrx_word' id='word_1_810' title='bbox 1104 5599 1406 5680; x_wconf 48' lang='grc' dir='ltr'>Οὐρσέιτιον</span> <span class='ocrx_word' id='word_1_811' title='bbox 1449 5606 1677 5680; x_wconf 56' lang='lat' dir='ltr'><strong>_vocat_,_</strong></span> <span class='ocrx_word' id='word_1_812' title='bbox 1702 5609 1765 5658; x_wconf 91' lang='lat' dir='ltr'>ut</span> <span class='ocrx_word' id='word_1_813' title='bbox 1811 5599 1880 5680; x_wconf 66' lang='lat' dir='ltr'>et</span> <span class='ocrx_word' id='word_1_814' title='bbox 1910 5605 2039 5680; x_wconf 87' lang='lat' dir='ltr'><strong>_La-</strong></span> 
     </span>
    </p>
   </div>
   <div class='ocr_carea' id='block_1_108' title="bbox 379 5672 2041 5749">
    <p class='ocr_par' dir='ltr' id='par_1_108' title="bbox 379 5672 2041 5749">
     <span class='ocr_line' id='line_1_109' title="bbox 379 5672 2041 5749; baseline -0.002 -11"><span class='ocrx_word' id='word_1_815' title='bbox 379 5672 491 5738; x_wconf 65' lang='lat' dir='ltr'><strong>tin&#39;i</strong></span> <span class='ocrx_word' id='word_1_816' title='bbox 517 5672 867 5748; x_wconf 77' lang='lat' dir='ltr'><strong>Scriptores,</strong></span> <span class='ocrx_word' id='word_1_817' title='bbox 900 5676 969 5749; x_wconf 83' lang='lat' dir='ltr'>de</span> <span class='ocrx_word' id='word_1_818' title='bbox 991 5673 1164 5749; x_wconf 66' lang='lat' dir='ltr'><strong>cujus</strong></span> <span class='ocrx_word' id='word_1_819' title='bbox 1194 5672 1377 5749; x_wconf 80' lang='lat' dir='ltr'><strong>gestis</strong></span> <span class='ocrx_word' id='word_1_820' title='bbox 1408 5677 1466 5729; x_wconf 90' lang='lat' dir='ltr'>et</span> <span class='ocrx_word' id='word_1_821' title='bbox 1496 5672 1721 5749; x_wconf 74' lang='lat' dir='ltr'><strong>familia</strong></span> <span class='ocrx_word' id='word_1_822' title='bbox 1767 5675 2041 5749; x_wconf 89' lang='lat' dir='ltr'><strong>pluribus</strong></span> 
     </span>
    </p>
   </div>
   <div class='ocr_carea' id='block_1_109' title="bbox 382 5744 1645 5828">
    <p class='ocr_par' dir='ltr' id='par_1_109' title="bbox 382 5744 1645 5828">
     <span class='ocr_line' id='line_1_110' title="bbox 382 5744 1645 5828; baseline -0.007 -17"><span class='ocrx_word' id='word_1_823' title='bbox 382 5751 620 5828; x_wconf 85' lang='lat' dir='ltr'><strong>egimus</strong></span> <span class='ocrx_word' id='word_1_824' title='bbox 651 5744 723 5806; x_wconf 78' lang='lat' dir='ltr'>ad</span> <span class='ocrx_word' id='word_1_825' title='bbox 757 5746 1033 5805; x_wconf 86' lang='lat' dir='ltr'><strong>eumdem</strong></span> <span class='ocrx_word' id='word_1_826' title='bbox 1051 5744 1392 5820; x_wconf 72' lang='lat' dir='ltr'><strong>Bryenium,</strong></span> <span class='ocrx_word' id='word_1_827' title='bbox 1427 5762 1484 5820; x_wconf 90' lang='lat' dir='ltr'>p.</span> <span class='ocrx_word' id='word_1_828' title='bbox 1518 5746 1645 5804; x_wconf 82' lang='grc'>340.</span> 
     </span>
    </p>
   </div>
   <div class='ocr_carea' id='block_1_110' title="bbox 2228 5527 3810 5607">
    <p class='ocr_par' dir='ltr' id='par_1_110' title="bbox 2228 5527 3810 5607">
     <span class='ocr_line' id='line_1_111' title="bbox 2228 5527 3810 5607; baseline -0.001 -17"><span class='ocrx_word' id='word_1_829' title='bbox 2228 5534 2343 5607; x_wconf 86' lang='grc'>(79)</span> <span class='ocrx_word' id='word_1_830' title='bbox 2374 5527 2720 5607; x_wconf 64' lang='grc' dir='ltr'>Μανζικιέρῖ.</span> <span class='ocrx_word' id='word_1_831' title='bbox 2766 5534 2842 5607; x_wconf 74' lang='lat' dir='ltr'><strong>De</strong></span> <span class='ocrx_word' id='word_1_832' title='bbox 2871 5530 2983 5607; x_wconf 82' lang='lat' dir='ltr'>hoc</span> <span class='ocrx_word' id='word_1_833' title='bbox 3041 5530 3258 5607; x_wconf 78' lang='lat' dir='ltr'><strong>oppido</strong></span> <span class='ocrx_word' id='word_1_834' title='bbox 3315 5532 3582 5607; x_wconf 66' lang='lat' dir='ltr'><strong>quaedam</strong></span> <span class='ocrx_word' id='word_1_835' title='bbox 3632 5531 3810 5607; x_wconf 86' lang='lat' dir='ltr'><strong>etiam</strong></span> 
     </span>
    </p>
   </div>
   <div class='ocr_carea' id='block_1_111' title="bbox 2153 5602 3811 5679">
    <p class='ocr_par' dir='ltr' id='par_1_111' title="bbox 2153 5602 3811 5679">
     <span class='ocr_line' id='line_1_112' title="bbox 2153 5602 3811 5679; baseline -0.001 -18"><span class='ocrx_word' id='word_1_836' title='bbox 2153 5602 2538 5679; x_wconf 80' lang='lat' dir='ltr'><strong>observamus</strong></span> <span class='ocrx_word' id='word_1_837' title='bbox 2567 5602 2824 5660; x_wconf 58' lang='lat' dir='ltr'><strong>in&#39;Notis</strong></span> <span class='ocrx_word' id='word_1_838' title='bbox 2881 5602 3661 5679; x_wconf 82' lang='lat' dir='ltr'><strong>ad_eumdem_Bryenium,</strong></span> <span class='ocrx_word' id='word_1_839' title='bbox 3712 5604 3811 5679; x_wconf 89' lang='lat' dir='ltr'><strong>qui</strong></span> 
     </span>
    </p>
   </div>
   <div class='ocr_carea' id='block_1_112' title="bbox 2152 5673 3566 5750">
    <p class='ocr_par' dir='ltr' id='par_1_112' title="bbox 2152 5673 3566 5750">
     <span class='ocr_line' id='line_1_113' title="bbox 2152 5673 3566 5750; baseline 0 -14"><span class='ocrx_word' id='word_1_840' title='bbox 2152 5678 2550 5736; x_wconf 86' lang='lat' dir='ltr'><strong>consulendus</strong></span> <span class='ocrx_word' id='word_1_841' title='bbox 2580 5694 2654 5733; x_wconf 90' lang='lat' dir='ltr'>an</span> <span class='ocrx_word' id='word_1_842' title='bbox 2685 5692 2755 5736; x_wconf 88' lang='lat' dir='ltr'>ea</span> <span class='ocrx_word' id='word_1_843' title='bbox 2783 5692 2911 5750; x_wconf 68' lang='lat' dir='ltr'><strong>quis</strong></span> <span class='ocrx_word' id='word_1_844' title='bbox 2933 5673 3028 5732; x_wconf 89' lang='lat' dir='ltr'>hic</span> <span class='ocrx_word' id='word_1_845' title='bbox 3047 5680 3252 5735; x_wconf 86' lang='lat' dir='ltr'><strong>narrat</strong></span> <span class='ocrx_word' id='word_1_846' title='bbox 3288 5673 3566 5736; x_wconf 73' lang='lat' dir='ltr'><strong>Zonaras.</strong></span> 
     </span>
    </p>
   </div>
  </div>
