4126 6394
347 395 460 459 271

1631 453 1638 456 .
1699 387 2032 452 .IOANNIS
2074 389 2422 452 ZONAlt/E

3657 394 3777 452 272

344 531 482 586 Haec
511 526 885 600 arrogantius
908 526 1144 584 locutus
1159 525 1381 599 legatos
1403 524 1607 582 statim
1630 523 1992 595 abirejussit.

2113 523 2349 599 τρέψατο
2395 522 2487 580 καὶ
2531 524 2858 601 ἀπαγγεῖλαι
2901 525 2976 587 ὡς
3034 523 3103 580 Εἴ
3152 522 3412 601 βούλοιτο
3460 523 3586 602 περὶ
3637 545 3776 599 συμ-

345 619 453 685 Qui
485 633 620 672 cum
652 617 887 673 sultano
909 616 1284 689 imperatoris
1312 615 1490 671 verba
1536 614 1997 680 renuntiassent,

342 707 443 764 illo
466 723 601 763 cum
632 706 757 763 suis
789 707 861 762 de
904 706 1066 778 pacis
1124 705 1562 761 conditionibus
1612 703 1998 775 deliberante,

343 799 664 870 imperator
684 797 964 869 superbia
996 795 1390 863 elatus,ﬁdem
1413 794 1768 866 quibusdam
1792 793 2001 848 habuit

343 887 706 945 familiarum
759 903 1024 953 suorum,
1083 884 1182 956 qui
1233 883 1534 940 sultanum
1587 883 1794 938 timere
1842 882 1998 938 dice-

344 979 511 1047 bant,
541 982 599 1033 et
627 977 782 1049 quod
806 977 1003 1047 justas
1025 974 1224 1045 copias
1258 989 1372 1029 non
1405 972 1670 1041 haberet,
1694 976 2000 1044 propterea

346 1069 418 1124 de
450 1084 590 1139 pace
620 1082 811 1139 agere,
846 1069 911 1120 ut
952 1080 1055 1136 per
1108 1062 1376 1119 inducias
1433 1060 1616 1117 alium
1676 1061 1997 1117 exercitum

346 1156 690 1212 adduceret:
727 1169 842 1209 non
871 1157 1204 1225 exspectato
1246 1151 1570 1222 legatorum
1621 1148 1833 1217 reditu,
1893 1165 1998 1204 nec

345 1245 467 1302 ulla
497 1261 558 1300 re
590 1243 705 1299 alia
735 1243 1122 1310 considerata,
1157 1241 1331 1313 signa
1362 1256 1569 1295 canere
1596 1237 1797 1308 jussit.
1859 1242 1996 1292 Bar-

343 1336 516 1390 baros
549 1332 658 1388 etsi
690 1348 783 1388 res
815 1331 1135 1404 improvisa
1174 1328 1510 1398 commovit,
1558 1332 1753 1385 tamen
1813 1327 1995 1383 aciem

339 1425 772 1488 instruxerunt,
799 1437 904 1478 nec
933 1419 1201 1492 quamvis
1232 1437 1266 1476 a
1317 1417 1596 1474 Romanis
1652 1417 1996 1474 invaderen-

338 1519 460 1583 tur,
494 1512 888 1578 contraibant,
945 1511 1047 1567 sed
1098 1509 1320 1566 sensim
1384 1506 1756 1576 recedebant,
1813 1523 1996 1578 neque

339 1601 858 1674 fugientes,neque
884 1605 1237 1672 pugnantes.
1262 1598 1404 1653 Cum
1429 1601 1624 1653 autem
1659 1613 1855 1653 serum
1878 1595 1994 1651 diei

338 1695 519 1759 esset,
540 1692 878 1762 imperator,
903 1697 965 1743 ut
996 1688 1098 1760 qui
1122 1692 1451 1744 castrorum
1477 1685 1804 1742 custodiam
1837 1686 1993 1756 justo

341 1780 631 1837 minorem
666 1795 796 1836 esse
819 1778 1014 1848 sciret,
1041 1777 1262 1834 veritus
1295 1793 1365 1832 ne
1399 1776 1474 1832 ab
1531 1775 1804 1832 hostibus
1845 1774 1992 1830 diri-

343 1873 642 1941 perentur,
678 1867 887 1969 statuit
917 1865 1140 1922 omissa
1169 1882 1369 1938 pugna
1399 1864 1588 1921 redire
1619 1865 1689 1920 ad
1749 1863 1988 1966 vallum:
2025 1907 2073 1973 B

342 1959 488 2014 Cum
518 1957 699 2030 igitur
727 1956 1109 2030 imperatorio
1141 1955 1348 2011 vexillo
1373 1971 1674 2022 converso,
1715 1953 1993 2010 exercitui

341 2045 734 2114 denuntisset,
767 2048 832 2100 ut
862 2044 1016 2100 idem
1050 2044 1307 2100 faceret:
1345 2043 1384 2098 ii
1421 2042 1523 2113 qui
1583 2042 1738 2099 circa
1791 2043 1986 2114 ipsum

338 2138 524 2206 erant,
559 2134 705 2190 citra
735 2133 1059 2189 tumultum
1085 2134 1260 2204 jussa
1283 2133 1687 2200 suntcxecuti,
1710 2133 1811 2187 sed
1848 2148 1991 2204 quo-

335 2241 469 2281 rum
499 2223 737 2282 ordines
758 2222 991 2295 longius
1023 2223 1346 2289 distabant,
1398 2237 1696 2278 recessum
1738 2222 1990 2292 impera-

334 2313 500 2382 toris,
535 2313 737 2384 fugam
771 2311 1141 2384 interpretati
1167 2318 1324 2379 sunt,
1361 2327 1426 2367 eo
1460 2327 1730 2367 sermone
1763 2311 1835 2365 ab
1879 2314 1994 2366 An-

333 2403 575 2460 dronico
607 2401 850 2457 Caesaris
882 2399 1002 2456 ﬁlio
1033 2401 1189 2472 apud
1229 2399 1555 2472 phalanges
1585 2416 1815 2471 sparso.
1847 2403 1991 2455 Nam

333 2497 523 2549 Cassar
555 2492 804 2564 ejusque
830 2489 934 2546 ﬁlii
997 2490 1251 2546 subinde
1309 2489 1653 2563 imperatori
1704 2490 1993 2545 obtrecta-

334 2583 500 2651 bant,
529 2585 586 2638 et
615 2579 947 2637 clanculum
981 2578 1440 2636 insidiabantur.
1474 2579 1530 2636 Is
1560 2579 1741 2652 igitur
1767 2579 1993 2635 Andro-

336 2672 528 2740 nicus,
549 2687 683 2726 cum
717 2687 831 2726 non
868 2669 1128 2725 minima
1150 2668 1300 2740 parti
1333 2669 1623 2725 exercitus
1655 2668 1993 2740 imperaret,

339 2760 538 2818 statim
562 2776 691 2815 cum
715 2761 839 2815 suis
871 2775 1020 2830 equo
1053 2759 1363 2826 concitato,
1415 2759 1476 2813 in
1530 2757 1749 2813 vallum
1799 2755 1991 2827 rediit,

339 2867 466 2924 quae
497 2865 589 2906 res
621 2853 860 2905 caeteros
891 2851 1068 2903 etiam
1115 2848 1176 2902 in
1237 2849 1432 2917 fugam
1485 2847 1788 2902 convertit.
1838 2849 1994 2911 Quos

337 2955 476 2996 cum
507 2938 590 2994 ita
620 2937 965 3010 perturbate
997 2937 1208 2992 reverti
1241 2937 1464 2993 videret
1485 2936 1828 3008 imperator,
1853 2935 1993 2991 sub-

337 3028 509 3099 stitit,
541 3030 600 3083 et
628 3027 914 3083 abeuntes
945 3026 1122 3083 etiam
1154 3029 1220 3081 ut
1269 3025 1681 3093 subsisterent,
1723 3024 1994 3080 hortatus

334 3121 465 3176 est:
498 3117 602 3173 sed
633 3116 1073 3172 obsurduerant
1092 3130 1320 3184 omnes,
1357 3131 1462 3170 nec
1485 3115 1685 3187 fugam
1728 3114 1990 3169 remitte-

330 3209 500 3265 bant.
532 3205 679 3264 Gum
709 3211 908 3262 autem
936 3204 1140 3260 hostes
1173 3203 1541 3275 inopinatam
1583 3206 1984 3258 Romanorum

2110 607 2316 668 ϐάσεων
2405 610 2750 685 διαλέξασθαι
2787 657 2801 683 ,
2881 611 3232 670 καταλιπέτω
3308 615 3400 670 τὸν
3476 614 3646 670 τόπον
3719 614 3775 670 ἐν

2109 702 2258 778 ᾧπερ
2319 700 2818 779 ἐστρατοπέδευται,
2872 702 2964 757 καὶ
3020 702 3210 780 πόρῥω
3269 724 3362 758 ποι
3421 723 3773 775 κατασκηνῶ-

2110 793 2278 859 σάτω,
2348 790 2487 847 ὥστε
2545 815 2611 864 με
2671 793 2804 866 μετὰ
2857 795 2957 858 τῆς
3015 794 3332 866 Ῥωμαῖκῆς
3379 799 3632 869 στρατιᾶς
3681 793 3776 848 τὸν

2108 879 2333 955 χάρακα.
2381 881 2692 954 πήξασθαι,
2752 879 2890 936 ὅπου
2937 885 3028 936 νῦν
3099 882 3239 938 ἐστιν
3299 884 3334 952 ἡ
3393 887 3502 937 τῶν
3559 877 3772 959 βαρϐά-

2109 990 2217 1046 ρων
2276 966 2602 1045 παρεμϐολή
2640 1011 2653 1026 .
2705 973 2888 1028 Ταῦτα
2962 977 3079 1034 τοῖς
3137 967 3392 1048 πρέσϐεσι
3452 969 3770 1047 διαλεχθεὶς

2109 1057 2575 1136 ἀλαζονικώτερον
2610 1106 2623 1132 ,
2682 1059 2964 1133 συντόμως
3055 1059 3364 1117 ἐπανελθεῖν
3435 1060 3766 1119 ἐνετείλατο.

2106 1150 2174 1206 Oi
2209 1149 2303 1221 μὲν
2334 1149 2426 1204 οὗν
2479 1153 2559 1222 τῷ
2613 1149 2844 1205 σουλτὰν
2902 1151 3031 1215 τοὺς
3084 1154 3180 1206 τοῦ
3245 1149 3516 1226 βασιλέως
3563 1149 3768 1228 λόγους

2108 1237 2478 1312 ἀπήγγελλον,
2507 1239 2758 1304 κάκεῖνος
2791 1240 2927 1313 μετὰ
2965 1244 3072 1294 τῶν
3107 1239 3233 1314 περὶ
3281 1239 3441 1296 αὐτὸν
3491 1241 3617 1316 περὶ
3657 1244 3763 1296 τῶν

2105 1333 2204 1397 τῆς
2253 1327 2476 1403 εἶ’ρήνης
2534 1332 2814 1398 συνθηκῶν
2875 1324 3217 1384 ἐϐουλεύετο.
3273 1330 3329 1384 ’0
3391 1327 3448 1385 δέ
3497 1351 3558 1405 γε
3613 1330 3770 1407 βασι-

2107 1413 2256 1485 λεὺς,
2292 1417 2722 1495 ὑπερφρονήσας,
2749 1416 2838 1472 καί
2867 1439 2974 1472 τισι
3006 1418 3368 1492 πεπεισμένος
3411 1423 3520 1474 τῶν
3553 1419 3766 1492 ᾠκειω-

2111 1505 2281 1580 μένων
2315 1505 2482 1579 αὐτῷ,
2517 1504 2905 1562 δεδειλιακέναι
2965 1505 3184 1584 λέγουσι
3240 1507 3334 1564 τὸν
3395 1505 3649 1576 σουλ-τὰν,
3691 1507 3765 1571 ὡς

2107 1596 2185 1668 μὴ
2247 1595 2555 1671 ἀξιόμαχον
2608 1595 2938 1672 ἐπαγόμενον
3000 1593 3263 1671 δύναμιν¹,
3319 1599 3408 1653 καὶ
3472 1595 3561 1652 διὰ
3606 1595 3767 1653 τοῦτο

2101 1685 2200 1754 τὴν
2264 1683 2484 1760 εἰρήνην
2539 1689 2742 1755 ζητεῖν,
2792 1683 2908 1754 ἳνα,
2965 1692 3066 1756 τῆς
3120 1687 3306 1762 μάχης
3359 1685 3762 1762 ὑπερτεθείσης,

2103 1774 2192 1828 καὶ
2249 1771 2427 1841 ἄλλην
2481 1771 2709 1847 δύναμιν
2767 1775 3227 1851 προσαγάγηται,
3290 1776 3429 1848 μήτε
3493 1777 3596 1844 τήν
3651 1780 3762 1830 τῶν

2102 1858 2378 1938 πρέσϐεων
2435 1863 2725 1936 ἀναμείνας
2798 1863 3145 1942 ὑποστροφὴν
3185 1907 3198 1933 ,
3255 1866 3384 1938 μήθ’
3460 1862 3643 1938 ἕτερόν
3708 1887 3764 1920 τι

2105 1955 2384 2024 σκοπήσας
2417 1999 2429 2022 ,
2488 1958 2608 2015 τοῖς
2686 1950 3018 2028 σαλπιγκαῖς
3088 1953 3360 2009 ἐκέλευσεν
3429 1956 3642 2029 ἠχῆσαι
3699 1955 3762 2010 τὸ

2105 2042 2374 2100 ἐνυάλιον.
2404 2042 2538 2104 Τοὺς
2571 2040 2628 2097 δὲ
2659 2038 2972 2118 Βαρϐάρους
2999 2043 3061 2096 τὸ
3111 2040 3377 2119 αἰφνίδιον
3421 2041 3761 2120 διεθρόησεν,

2101 2129 2248 2187 ἀλλὰ
2295 2131 2386 2186 καὶ
2458 2131 2602 2186 οὕτω
2681 2130 2759 2193 εἷς
2833 2130 3244 2205 ἀντιπαράταξιν
3317 2127 3544 2202 ἔστησαν
3575 2174 3588 2200 ,
3673 2134 3764 2188 καὶ

2103 2218 2364 2276 ἐπιόντων
2437 2222 2625 2284 αὐτοῖς
2706 2225 2810 2274 τῶν
2888 2219 3178 2294 Ῥωμαίων
3249 2222 3353 2276 οὐκ
3412 2220 3762 2298 ἀντεπῇεσαν,

2103 2309 2228 2366 ἀλλ’
2260 2309 2610 2386 ἀνεχάζοντο,
2646 2312 2785 2384 μήτε
2813 2309 2880 2365 τὰ
2907 2315 3055 2365 νῶτα
3102 2310 3414 2385 τρέποντες,
3467 2314 3606 2386 μήτε
3640 2313 3764 2385 μόν-

2101 2420 2187 2455 τοι
2241 2400 2570 2476 μαχόμενοι.
2621 2400 2709 2461 Ὧς
2763 2397 2820 2454 δὲ
2877 2400 3000 2475 περὶ
3052 2396 3240 2470 δείλην
3287 2399 3445 2474 ὀψίαν
3493 2403 3528 2471 ἡ
3579 2402 3762 2476 ἠμὲρα

2103 2487 2333 2566 ἐγένετο,
2366 2486 2526 2552 εἰδὼς
2561 2491 2588 2544 ὁ
2621 2487 2884 2551 Βασιλεὺς
2936 2490 3017 2543 ὅτι
3070 2488 3287 2568 φυλακὴ
3339 2490 3462 2565 περὶ
3508 2491 3572 2546 τὸ
3601 2511 3762 2562 στρα-

2100 2576 2329 2634 τόπεδον
2364 2579 2463 2634 οὐκ.
2490 2580 2555 2648 ἦν
2591 2577 2904 2656 ἀξιόλογος,
2937 2575 3118 2641 δείσας
3154 2580 3230 2652 μὴ
3267 2577 3601 2635 ἐπελθόντων
3646 2583 3754 2634 τῶν

2104 2667 2357 2724 ἐναντίων
2387 2670 2532 2741 αὐτῷ
2563 2667 2858 2746 διαρπαγῇ,
2908 2665 3050 2744 ἔγνω
3096 2671 3197 2738 τήν
3250 2669 3436 2744 μάχην
3479 2668 3635 2725 λῦσαι
3665 2669 3754 2723 καὶ

2103 2754 2451 2826 ἐπαναζεῦξαι
2494 2754 2618 2832 περὶ
2666 2755 2758 2811 τὸν
2803 2757 3019 2832 χάρακα
3052 2799 3064 2812 .
3116 2755 3470 2832 Ἐπιστρέψας
3525 2753 3614 2810 οὖν
3651 2756 3752 2823 τήν

2108 2844 2396 2920 βασιλικὴν
2431 2845 2691 2918 σημαίαν,
2741 2844 2901 2908 αὐτός
2946 2846 2994 2900 τ’
3044 2844 3266 2921 ἐπανῂει
3314 2845 3403 2900 καὶ
3450 2845 3548 2914 τὴν
3593 2864 3756 2920 στρα-

2100 2935 2218 2990 τιὰν
2274 2935 2438 2990 ταυτὸ
2513 2939 2690 2989 ποιεῖν
2750 2932 3096 3010 διεσήμαινεν
3133 2979 3147 2994 .
3209 2937 3272 2990 0i.
3334 2935 3427 3009 μὶν
3485 2932 3576 2989 οὖν
3633 2933 3760 3008 περὶ

2102 3022 2260 3079 αὐτὸν
2287 3019 2436 3086 ὄντες
2486 3019 2772 3100 ἀθορύϐως
2821 3023 3106 3080 ἐποιοῦντο
3151 3026 3215 3080 τὸ
3262 3022 3567 3080 κελευσθὲν.
3601 3025 3762 3082 Ὅσοι

2103 3111 2159 3169 δέ
2189 3113 2381 3190 πόρῥω
2412 3135 2510 3168 ποι
2562 3114 2660 3176 τὰς
2708 3115 3028 3191 παρατάξεις
3078 3115 3391 3188 ἐκέκτηντο,
3440 3115 3614 3194 φυγὴν
3661 3119 3761 3170 τοῦ

2111 3201 2378 3278 βασιλέως
2430 3204 2530 3271 τὴν
2583 3203 2936 3282 ὑποστροφὴν
2986 3203 3349 3274 ὑπετόπαταν,
3407 3202 3765 3279 Ἀνδρονίκου

328 3299 532 3372 fugam
562 3314 632 3353 ex
663 3295 862 3351 divina
889 3295 979 3351 ira
1008 3299 1267 3350 coortam
1314 3291 1732 3364 intelligerent,
1783 3291 1984 3347 statim

2103 3277 2192 3347 τοῦ
2224 3294 2344 3347 υἱοῦ
2394 3296 2490 3347 τοῦ
2540 3277 2814 3368 Καίσαρος
2843 3277 2952 3348 ἰτὸν
3003 3293 3168 3369 λόγον
3216 3277 3598 3357 ὀποϐαλόντος
3644 3301 3763 3358 ταῖς

331 3389 749 3460 imperatorem
784 3385 1145 3440 invaserunt.
1186 3384 1238 3437 Is
1269 3398 1403 3437 vero
1435 3397 1570 3436 cum
1617 3381 1743 3436 suis
1793 3397 1990 3452 pugna

333 3494 452 3533 non
476 3477 817 3542 detrectata,
844 3473 916 3530 ad
949 3477 1185 3544 tempus
1221 3472 1448 3527 fortiter
1478 3469 1717 3526 restitit.
1769 3469 1991 3525 Deinde

336 3564 470 3623 aliis
500 3563 690 3632 caesis,
723 3562 854 3618 aliis
875 3561 1084 3634 captis,
1117 3559 1554 3616 circumventus
1607 3576 1640 3615 a
1697 3558 1987 3628 Barbaris,

337 3671 412 3711 ne
444 3655 528 3710 sic
559 3652 799 3725 quidem
833 3650 1030 3707 cessit.
1054 3649 1360 3705 Enimvero
1418 3664 1552 3704 cum
1599 3648 1816 3704 multos
1863 3647 1990 3704 vul-

338 3748 626 3814 nerasset,
663 3739 881 3796 multos
913 3738 1246 3806 occidisset,
1273 3738 1515 3794 tandem
1547 3743 1604 3792 et
1623 3738 1748 3809 ipse
1787 3738 1991 3810 fatiga-

339 3839 604 3904 tus,cum
637 3847 817 3886 manu
850 3828 1292 3897 vulnerata,neo
1321 3827 1441 3882 vim
1469 3827 1721 3899 amplius
1753 3825 1991 3900 propul-

341 3937 494 3990 sare,
527 3937 654 3993 nec,
686 3935 835 3992 equo
869 3934 1037 3989 caeso,
1069 3921 1232 3974 extra
1261 3915 1510 3972 telorum
1536 3919 1762 3988 jactum
1793 3917 1993 3988 fugere

340 4009 845 4084 posset,captivus
876 4011 966 4064 est
1000 4007 1289 4064 abductus
1319 4007 1391 4062 ad
1432 4007 1720 4062 Barbaros
1777 4011 1990 4062 Roma-

339 4118 550 4158 norum
575 4101 918 4171 imperator.
951 4100 1074 4165 Quo
1131 4096 1340 4153 nuntio
1397 4100 1658 4169 accepto,
1717 4095 1992 4153 sultanus

338 4191 576 4249 nomine
597 4193 781 4260 Axan,
821 4187 1090 4261 gravisus
1122 4193 1232 4254 est,
1269 4186 1425 4243 284
1468 4192 1531 4242 ut
1589 4190 1800 4242 natura
1856 4187 1990 4257 fert,

335 4298 526 4354 neque
557 4285 754 4336 tamen
784 4278 1063 4350 superbia
1094 4277 1306 4333 elatus.
1367 4276 1448 4331 De
1501 4276 1673 4346 cujus
1723 4276 1990 4331 modera-

335 4373 493 4428 tione
522 4374 580 4425 et
601 4369 840 4440 justitia
871 4369 1060 4424 multa
1089 4372 1514 4422 memorantur.
1538 4365 1703 4420 Unde
1751 4364 1991 4436 captivi-

332 4463 512 4515 tatem
547 4457 921 4529 imperatoris
962 4454 1120 4510 haud
1179 4454 1474 4520 credebat,
1523 4454 1595 4509 ob
1643 4452 1986 4510 immoderao

335 4553 466 4604 tum
499 4561 842 4603 successum
873 4562 886 4601 :
915 4560 1101 4618 eoque
1130 4542 1254 4599 viso
1285 4559 1404 4597 non
1455 4543 1622 4614 prius
1677 4542 1990 4615 acquievit,

336 4654 516 4710 quam
539 4635 715 4708 legati
741 4651 888 4705 quos
918 4634 1145 4690 dudum
1169 4632 1576 4699 miserat,cum
1608 4638 1986 4704 agnoverunt:

335 4733 394 4784 et
422 4725 883 4796 Basilacius,qui
916 4724 995 4780 ibi
1027 4723 1360 4792 tenebatur,
1394 4721 1790 4789 adductus,ad
1815 4725 1992 4795 pedes

335 4817 465 4889 ejus
497 4817 646 4872 flens
677 4832 738 4870 se
765 4813 1258 4887 prostravit.Tum
1292 4812 1459 4883 quasi
1485 4811 1726 4868 numine
1758 4813 1992 4870 afﬂatus

336 4924 366 4964 e
396 4906 540 4962 solio
573 4904 876 4969 exsiliit,et
907 4904 977 4959 de
1009 4919 1171 4958 more
1197 4901 1363 4958 humi
1389 4902 1688 4973 jacentem
1722 4903 1994 4965 calcavit:

335 4997 556 5053 Deinde
589 4994 767 5052 erexit
802 4998 977 5066 atque
995 4991 1302 5064 amplexus
1332 4996 1442 5061 est,
1484 5009 1620 5048 cum
1645 4991 1992 5064 bujusmodi

335 5086 569 5143 verbis:
595 5085 722 5142 Noli
748 5099 997 5154 maerere,
1025 5084 1345 5153 imperator,
1380 5084 1461 5137 ita
1510 5083 1664 5138 enim
1720 5087 1850 5138 sunt
1901 5100 1993 5138 res

336 5177 622 5232 humanae.
654 5175 763 5243 Ego
793 5188 924 5229 vero
951 5174 1004 5227 te
1033 5187 1141 5228 non
1175 5174 1234 5226 ut
1265 5172 1564 5243 capti-vum,
1597 5171 1688 5227 sed
1716 5181 1778 5228 ut
1825 5174 1992 5244 impe-

335 5267 578 5319 ratorem
611 5262 877 5318 tractabo.
911 5261 980 5317 Et
1008 5260 1212 5316 statim
1244 5260 1294 5316 ei
1331 5261 1776 5317 tabernaculum
1834 5263 1990 5318 desi-

335 5354 497 5422 gnat,
525 5354 581 5407 et
613 5349 940 5406 ministeria
963 5347 1364 5422 imperatoria,
1397 5363 1732 5422 mensasque
1761 5349 1990 5407 adhibi-

2100 3381 2383 3460 φάλαγξιν.
2417 3382 2532 3437 Ἀεὶ
2579 3383 2680 3458 γὰρ
2731 3381 2761 3437 8
2806 3403 2864 3438 τε
2894 3386 3095 3460 Καῖσαρ
3137 3384 3228 3438 καὶ
3279 3383 3331 3438 οἱ
3379 3383 3577 3439 τούτου
3629 3386 3766 3448 υἱεῖς

2099 3468 2396 3547 ἐφήδρευον
2470 3476 2550 3544 τῷ
2629 3470 2884 3548 βασιλεῖ,
2930 3473 3020 3527 καὶ
3085 3472 3302 3552 ἀφανῶς
3371 3469 3760 3531 ἐπεϐούλευον.

2101 3566 2270 3638 Ἄρας
2303 3558 2395 3616 οὖν
2450 3560 2639 3616 αὐτίκα
2697 3561 2830 3636 μετὰ
2883 3567 2992 3617 τῶν
3031 3563 3156 3637 περὶ
3213 3562 3372 3618 αὐτὸν
3407 3564 3435 3618 ὁ
3484 3559 3766 3638 Ἀνδρόνις

2100 3672 2193 3713 κος
2241 3651 2464 3727 (ἐξῆρχε
2504 3653 2605 3727 γὰρ
2657 3650 2757 3706 οὐκ
2803 3650 3102 3727 ἐλαχίστης
3149 3651 3343 3728 μοίρας
3389 3655 3760 3727 στρατιωτῶν)

2103 3741 2208 3796 ἀπὸ
2267 3741 2502 3816 ῥυτῆρος
2562 3739 2961 3811 ἐπανελήλυθεν
3018 3741 3095 3805 εἷς
3149 3741 3240 3796 τὸν
3300 3739 3536 3818 χάρακα.
3586 3747 3757 3797 Τοῦτο

2099 3831 2190 3885 καὶ
2221 3829 2347 3891 τοὺς
2381 3827 2610 3893 λοιποὺς
2657 3828 2914 3905 ἐτρέψατο
2964 3830 3040 3892 εἷς
3077 3832 3277 3908 φυγὴν,
3311 3830 3406 3893 οὒς
3439 3830 3602 3904 οὕτω,
3634 3832 3759 3886 ἀκό-

2102 3940 2256 3993 σμως
2290 3918 2605 3980 ἐπανιόντας
2637 3920 2664 3974 ὁ
2721 3918 2973 3995 βασιλεὺς
3021 3919 3372 3994 θεασάμενος,
3425 3916 3572 3991 ἔστη,
3626 3926 3761 3990 στῆ-

2101 4008 2187 4064 ναί
2237 4029 2296 4063 τε
2343 4009 2430 4063 καὶ
2480 4013 2600 4069 τοῖς
2653 4008 2901 4064 ἀπιοῦσιν
2954 4007 3289 4066 ἐνεκελεύετο
3325 4056 3337 4069 .
3390 4008 3547 4068 ’Λλλ’
3585 4009 3754 4079 ἐξεκε-

2100 4099 2370 4178 κώφεισαν
2428 4097 2676 4171 ἅπαντες,
2733 4098 2824 4152 καὶ
2880 4105 2979 4168 τῆς
3034 4105 3208 4177 φυγῆς
3252 4101 3315 4154 οὐ
3373 4098 3631 4173 μεθίεντο.
3664 4098 3754 4160 Ὦς

2103 4185 2162 4243 δέ
2214 4189 2277 4243 τὸ
2329 4186 2640 4263 παράλογον
2695 4195 2795 4257 τῆς
2857 4191 3030 4265 φυγῆς
3089 4185 3418 4265 δυστύχημα
3464 4192 3568 4243 τῶν
3619 4189 3760 4242 Ῥω-

2107 4277 2304 4352 μαίων,
2338 4277 2429 4332 καὶ
2462 4279 2678 4351 μήνιμα
2725 4279 2868 4332 θεῖον
2920 4271 3148 4353 ἔγιωσαν
3184 4279 3236 4332 οἱ
3285 4277 3570 4351 πολέμιοι,
3607 4275 3764 4340 εὐθὺς

2102 4365 2341 4438 ἐπῆλθον
2387 4371 2466 4439 τῷ
2513 4364 2749 4443 βασιλεῖ.
2780 4369 2838 4425 Ὁ
2873 4363 2930 4421 δέ
2977 4367 3112 4441 μετὰ
3152 4371 3260 4423 τῶν
3316 4367 3438 4443 περὶ
3471 4366 3630 4423 αὐτὸν
3662 4367 3766 4435 τὴν

2105 4457 2292 4534 μάχην
2356 4454 2570 4528 ἐδέξατο
2605 4499 2618 4526 ,
2679 4455 2768 4511 καὶ
2849 4455 3013 4533 μέχρι
3094 4456 3186 4532 μὲν
3238 4478 3382 4519 τινος
3427 4455 3758 4534 ἐρῥωμένως

2101 4547 2374 4622 ἀντεῖχον·
2407 4546 2518 4601 εἶτα
2565 4550 2672 4601 τῶν
2728 4545 2824 4620 μὶν
2873 4546 3173 4616 πεσόντων,
3218 4544 3543 4601 ἑαλωκότων
3580 4543 3627 4599 δ’
3656 4542 3768 4599 ἐτὲο

2021 4655 2068 4721 D
2103 4657 2233 4712 ρων,
2266 4635 2708 4712 περιεστοιχίσθη
2758 4636 2896 4713 πρὸς
2936 4641 3044 4692 τῶν
3096 4631 3386 4713 Βαρϐάρων
3419 4637 3448 4690 ὁ
3484 4632 3765 4711 βασιλεύς.

2103 4723 2260 4781 Ἀλλ’
2293 4723 2419 4780 οὐδὲ
2473 4725 2648 4788 οὕτως
2706 4725 2954 4784 ἐνέδωκε.
3012 4724 3268 4790 Ηολλοὺς
3318 4723 3376 4780 δέ
3406 4723 3621 4797 πλήξας
3672 4723 3765 4778 καὶ

2101 4813 2332 4886 ἀνελὼν,
2362 4815 2577 4891 ἐπλήγη
2606 4815 2853 4878 κάκεῖνος
2903 4818 3003 4886 τήν
3054 4821 3238 4892 χεῖρα,
3283 4815 3373 4870 καὶ
3420 4813 3595 4878 οὕτως
3623 4813 3765 4869 ἀπο-

2099 4905 2314 4979 καμὼν,
2377 4905 2464 4960 καὶ
2521 4907 2717 4979 μηκέτι
2769 4904 3060 4979 ἀμύνεσθαι
3108 4903 3235 4968 τοὺς
3294 4903 3547 4965 ἐπιόντας
3601 4900 3760 4957 δύνα-

2106 5015 2284 5068 μενος,
2341 4996 2480 5068 μήτε
2542 4995 2727 5068 μέντοι
2781 5001 2992 5072 φυγεῖν,
3047 4993 3156 5066 ἤδη
3218 4998 3314 5049 τοῦ
3366 4991 3542 5048 ’ίππου
3591 4989 3763 5047 αὐτού

2100 5085 2455 5149 πεπτωκότος
2507 5085 2567 5140 ἐκ
2613 5090 2718 5140 τῶν
2775 5085 2975 5160 βελῶν,
3020 5085 3166 5140 ἐάλω
3223 5085 3311 5140 καὶ
3368 5084 3582 5153 ἀπῆκτο
3640 5087 3760 5144 τοῖς

2100 5169 2407 5250 Βαρϐάροις
2470 5175 2498 5229 ὁ
2561 5173 2818 5250 βασιλεὺς
2864 5173 3148 5248 Ῥωμαίων
3200 5173 3564 5250 αἶ’χμάλωτος
3631 5174 3762 5245 (80).

2098 5265 2460 5339 Ἀγγεκθεῖσα
2489 5261 2547 5319 δέ
2577 5266 2610 5334 ἡ
2663 5269 2759 5319 τοῦ
2813 5262 3085 5340 βασιλέως
3135 5262 3341 5326 ἅλωσις
3390 5267 3469 5336 τῷ
3508 5258 3762 5332 σουλτᾶν,
3843 5263 3856 5272 ’

2100 5354 2275 5429 χαρὰν
2313 5353 2431 5429 μὲν,
2490 5355 2566 5418 ὡς
2625 5353 2792 5428 εἰκὸς,
2844 5353 3174 5430 ἐνεποίησεν,
3226 5353 3287 5410 οὐ
3340 5352 3524 5429 μέντοι
3561 5352 3760 5428 ἐπῆρεν

1616 5529 1822 5591 Variae
1851 5529 2152 5596 lectiones
2182 5540 2245 5597 et
2273 5541 2464 5598 notae.

403 5671 516 5744 (80)
547 5666 941 5746 Αἲχμάλωτος.
975 5671 1199 5732 Accidit
1221 5672 1343 5732 haec
1365 5669 1561 5730 clades
1593 5635 1797 5731 mense
1827 5673 1983 5734 Julio

2103 5703 2130 5734 ι.
2189 5677 2353 5750 4072,
2413 5677 2539 5735 ind.
2598 5678 2687 5748 10,
2752 5681 2818 5736 ut
2871 5682 2960 5737 est
3018 5679 3176 5753 apud
3229 5691 3590 5751 anonymum
3650 5679 3761 5731 Ba-

335 5759 591 5802 rensem.
