  <div class='ocr_page' id='page_1' title='image "/cluster/home/n/w/nwhite01/storage/ocr_20150623/135:no.2/coo.31924054870401/144.png"; bbox 0 0 4126 6422; ppageno 0'>
   <div class='ocr_carea' id='block_1_1' title="bbox 403 429 3834 501">
    <p class='ocr_par' dir='ltr' id='par_1_1' title="bbox 403 429 3834 501">
     <span class='ocr_line' id='line_1_1' title="bbox 403 429 3834 501; baseline 0 -4"><span class='ocrx_word' id='word_1_1' title='bbox 403 442 526 501; x_wconf 70' lang='lat'>2&#39;17</span> <span class='ocrx_word' id='word_1_2' title='bbox 1690 429 2101 492; x_wconf 79' lang='lat' dir='ltr'>ANNALIUM</span> <span class='ocrx_word' id='word_1_3' title='bbox 2147 431 2295 492; x_wconf 90' lang='lat' dir='ltr'>LIB.</span> <span class='ocrx_word' id='word_1_4' title='bbox 2341 434 2565 498; x_wconf 78' lang='lat' dir='ltr'>XVIII;</span> <span class='ocrx_word' id='word_1_5' title='bbox 3716 438 3834 499; x_wconf 72' lang='lat'>278</span> 
     </span>
    </p>
   </div>
   <div class='ocr_carea' id='block_1_2' title="bbox 400 559 2035 643">
    <p class='ocr_par' dir='ltr' id='par_1_2' title="bbox 400 559 2035 643">
     <span class='ocr_line' id='line_1_2' title="bbox 400 559 2035 643; baseline -0.007 -19"><span class='ocrx_word' id='word_1_6' title='bbox 400 567 532 630; x_wconf 73' lang='grc' dir='ltr'>τοὺς</span> <span class='ocrx_word' id='word_1_7' title='bbox 617 563 937 643; x_wconf 75' lang='grc' dir='ltr'>ὀφθαλμοὺς</span> <span class='ocrx_word' id='word_1_8' title='bbox 1015 561 1376 637; x_wconf 79' lang='grc' dir='ltr'>ἐξορώρυκτο,</span> <span class='ocrx_word' id='word_1_9' title='bbox 1449 559 1734 635; x_wconf 83' lang='grc' dir='ltr'>παρόντων</span> <span class='ocrx_word' id='word_1_10' title='bbox 1802 559 1892 613; x_wconf 75' lang='grc' dir='ltr'>καὶ</span> <span class='ocrx_word' id='word_1_11' title='bbox 1947 562 2035 613; x_wconf 71' lang='grc' dir='ltr'>τῶε</span> 
     </span>
    </p>
   </div>
   <div class='ocr_carea' id='block_1_3' title="bbox 2146 559 3834 643">
    <p class='ocr_par' dir='ltr' id='par_1_3' title="bbox 2173 562 3834 642">
     <span class='ocr_line' id='line_1_3' title="bbox 2173 562 3834 642; baseline 0.006 -26"><span class='ocrx_word' id='word_1_12' title='bbox 2173 562 2246 618; x_wconf 90' lang='lat' dir='ltr'>ad</span> <span class='ocrx_word' id='word_1_13' title='bbox 2274 562 2588 636; x_wconf 91' lang='lat' dir='ltr'>imperium</span> <span class='ocrx_word' id='word_1_14' title='bbox 2622 566 2880 639; x_wconf 88' lang='lat' dir='ltr'>ineptus,</span> <span class='ocrx_word' id='word_1_15' title='bbox 2912 571 2977 624; x_wconf 91' lang='lat' dir='ltr'>ut</span> <span class='ocrx_word' id='word_1_16' title='bbox 3005 583 3078 625; x_wconf 91' lang='lat' dir='ltr'>ne</span> <span class='ocrx_word' id='word_1_17' title='bbox 3119 567 3422 627; x_wconf 90' lang='lat' dir='ltr'>levissima</span> <span class='ocrx_word' id='word_1_18' title='bbox 3465 568 3701 642; x_wconf 86' lang='lat' dir='ltr'>quidem</span> <span class='ocrx_word' id='word_1_19' title='bbox 3732 583 3834 626; x_wconf 89' lang='lat' dir='ltr'>ne-</span> 
     </span>
    </p>
   </div>
   <div class='ocr_carea' id='block_1_4' title="bbox 402 647 2035 736">
    <p class='ocr_par' dir='ltr' id='par_1_4' title="bbox 402 647 2032 736">
     <span class='ocr_line' id='line_1_4' title="bbox 402 647 2032 736; baseline -0.007 -23"><span class='ocrx_word' id='word_1_20' title='bbox 402 656 710 736; x_wconf 83' lang='grc' dir='ltr'>ἀρχιερέων</span> <span class='ocrx_word' id='word_1_21' title='bbox 748 699 762 726; x_wconf 90' lang='grc'>,</span> <span class='ocrx_word' id='word_1_22' title='bbox 857 655 943 709; x_wconf 82' lang='grc' dir='ltr'>καὶ</span> <span class='ocrx_word' id='word_1_23' title='bbox 1031 652 1082 706; x_wconf 81' lang='grc' dir='ltr'>ἐν</span> <span class='ocrx_word' id='word_1_24' title='bbox 1161 647 1318 723; x_wconf 90' lang='grc' dir='ltr'>δεινῷ</span> <span class='ocrx_word' id='word_1_25' title='bbox 1391 649 1736 722; x_wconf 69' lang='grc' dir='ltr'>ποιουμένων</span> <span class='ocrx_word' id='word_1_26' title='bbox 1808 648 1906 717; x_wconf 75' lang='grc' dir='ltr'>τὴν</span> <span class='ocrx_word' id='word_1_27' title='bbox 1987 648 2032 702; x_wconf 80' lang='grc' dir='ltr'>εί</span> 
     </span>
    </p>
   </div>
   <div class='ocr_carea' id='block_1_5' title="bbox 2146 647 3832 736">
    <p class='ocr_par' dir='ltr' id='par_1_5' title="bbox 2174 651 3832 732">
     <span class='ocr_line' id='line_1_5' title="bbox 2174 651 3832 732; baseline 0.006 -27"><span class='ocrx_word' id='word_1_28' title='bbox 2174 651 2332 724; x_wconf 86' lang='lat' dir='ltr'>gotia</span> <span class='ocrx_word' id='word_1_29' title='bbox 2363 654 2780 714; x_wconf 88' lang='lat' dir='ltr'>administrare</span> <span class='ocrx_word' id='word_1_30' title='bbox 2811 662 3030 731; x_wconf 83' lang='lat' dir='ltr'>posset.</span> <span class='ocrx_word' id='word_1_31' title='bbox 3077 660 3281 732; x_wconf 83' lang='lat' dir='ltr'>Itaque</span> <span class='ocrx_word' id='word_1_32' title='bbox 3327 663 3572 731; x_wconf 89' lang='lat' dir='ltr'>patruus</span> <span class='ocrx_word' id='word_1_33' title='bbox 3621 659 3832 728; x_wconf 66' lang='lat' dir='ltr'>Caesar,</span> 
     </span>
    </p>
   </div>
   <div class='ocr_carea' id='block_1_6' title="bbox 401 736 2035 822">
    <p class='ocr_par' dir='ltr' id='par_1_6' title="bbox 401 736 2035 822">
     <span class='ocr_line' id='line_1_6' title="bbox 401 736 2035 822; baseline -0.007 -18"><span class='ocrx_word' id='word_1_34' title='bbox 401 750 494 804; x_wconf 89' lang='grc' dir='ltr'>τὸν</span> <span class='ocrx_word' id='word_1_35' title='bbox 530 745 818 822; x_wconf 69' lang='grc' dir='ltr'>ἄνθρωπον</span> <span class='ocrx_word' id='word_1_36' title='bbox 874 742 1179 822; x_wconf 75' lang='grc' dir='ltr'>συμφοράν,</span> <span class='ocrx_word' id='word_1_37' title='bbox 1239 737 1508 816; x_wconf 80' lang='grc' dir='ltr'>μηδεμιᾶς</span> <span class='ocrx_word' id='word_1_38' title='bbox 1571 739 1757 812; x_wconf 88' lang='grc' dir='ltr'>μέντοι</span> <span class='ocrx_word' id='word_1_39' title='bbox 1817 736 2035 811; x_wconf 82' lang='grc' dir='ltr'>ἀξιουμέ</span> 
     </span>
    </p>
   </div>
   <div class='ocr_carea' id='block_1_7' title="bbox 2146 736 3830 822">
    <p class='ocr_par' dir='ltr' id='par_1_7' title="bbox 2174 741 3830 822">
     <span class='ocr_line' id='line_1_7' title="bbox 2174 741 3830 822; baseline 0.005 -27"><span class='ocrx_word' id='word_1_40' title='bbox 2174 741 2302 811; x_wconf 84' lang='lat' dir='ltr'>ejus</span> <span class='ocrx_word' id='word_1_41' title='bbox 2333 743 2712 817; x_wconf 84' lang='lat' dir='ltr'>simplicitate</span> <span class='ocrx_word' id='word_1_42' title='bbox 2744 747 3017 817; x_wconf 87' lang='lat' dir='ltr'>abutens,</span> <span class='ocrx_word' id='word_1_43' title='bbox 3050 766 3119 804; x_wconf 88' lang='lat' dir='ltr'><strong>ex</strong></span> <span class='ocrx_word' id='word_1_44' title='bbox 3149 749 3376 822; x_wconf 85' lang='lat' dir='ltr'>privato</span> <span class='ocrx_word' id='word_1_45' title='bbox 3410 748 3541 804; x_wconf 92' lang='lat' dir='ltr'>odio</span> <span class='ocrx_word' id='word_1_46' title='bbox 3571 747 3670 803; x_wconf 91' lang='lat' dir='ltr'>illa</span> <span class='ocrx_word' id='word_1_47' title='bbox 3700 765 3830 804; x_wconf 89' lang='lat' dir='ltr'>om-</span> 
     </span>
    </p>
   </div>
   <div class='ocr_carea' id='block_1_8' title="bbox 399 824 2035 914">
    <p class='ocr_par' dir='ltr' id='par_1_8' title="bbox 399 824 2026 914">
     <span class='ocr_line' id='line_1_8' title="bbox 399 824 2026 914; baseline -0.007 -19"><span class='ocrx_word' id='word_1_48' title='bbox 399 860 506 895; x_wconf 90' lang='grc' dir='ltr'>νων</span> <span class='ocrx_word' id='word_1_49' title='bbox 571 838 927 914; x_wconf 73' lang='grc' dir='ltr'>ἐπιστροφῆς.</span> <span class='ocrx_word' id='word_1_50' title='bbox 986 832 1261 907; x_wconf 87' lang='grc' dir='ltr'>Ὠμότατα</span> <span class='ocrx_word' id='word_1_51' title='bbox 1309 829 1367 886; x_wconf 72' lang='grc' dir='ltr'>δὲ</span> <span class='ocrx_word' id='word_1_52' title='bbox 1412 829 1478 884; x_wconf 80' lang='grc' dir='ltr'>τὰ</span> <span class='ocrx_word' id='word_1_53' title='bbox 1535 824 1758 904; x_wconf 76' lang='grc' dir='ltr'>ὄμματα</span> <span class='ocrx_word' id='word_1_54' title='bbox 1812 828 2026 884; x_wconf 75' lang='grc' dir='ltr'>ἐκκοπεὶ</span> 
     </span>
    </p>
   </div>
   <div class='ocr_carea' id='block_1_9' title="bbox 2146 824 3120 914">
    <p class='ocr_par' dir='ltr' id='par_1_9' title="bbox 2174 831 3120 912">
     <span class='ocr_line' id='line_1_9' title="bbox 2174 831 3120 912; baseline 0.01 -27"><span class='ocrx_word' id='word_1_55' title='bbox 2174 831 2271 886; x_wconf 90' lang='lat' dir='ltr'>nia</span> <span class='ocrx_word' id='word_1_56' title='bbox 2300 831 2361 888; x_wconf 91' lang='lat' dir='ltr'>in</span> <span class='ocrx_word' id='word_1_57' title='bbox 2394 833 2712 909; x_wconf 80' lang='lat' dir='ltr'>Diogenem</span> <span class='ocrx_word' id='word_1_58' title='bbox 2743 839 3120 912; x_wconf 80' lang='lat' dir='ltr'>perpetravit.</span> 
     </span>
    </p>
   </div>
   <div class='ocr_carea' id='block_1_10' title="bbox 405 915 3823 1002">
    <p class='ocr_par' dir='ltr' id='par_1_10' title="bbox 405 915 3823 1002">
     <span class='ocr_line' id='line_1_10' title="bbox 405 915 3823 1002; baseline -0.002 -19"><span class='ocrx_word' id='word_1_59' title='bbox 405 928 493 983; x_wconf 85' lang='grc' dir='ltr'>καὶ</span> <span class='ocrx_word' id='word_1_60' title='bbox 527 924 658 1002; x_wconf 88' lang='grc' dir='ltr'>μηδ’</span> <span class='ocrx_word' id='word_1_61' title='bbox 689 921 1005 998; x_wconf 83' lang='grc' dir='ltr'>ἐπιμελείας</span> <span class='ocrx_word' id='word_1_62' title='bbox 1036 926 1134 988; x_wconf 78' lang='grc' dir='ltr'>τῆς</span> <span class='ocrx_word' id='word_1_63' title='bbox 1167 918 1394 992; x_wconf 76' lang='grc' dir='ltr'>δεούσης</span> <span class='ocrx_word' id='word_1_64' title='bbox 1425 920 1636 996; x_wconf 86' lang='grc' dir='ltr'>τυχών,</span> <span class='ocrx_word' id='word_1_65' title='bbox 1671 916 1931 992; x_wconf 81' lang='grc' dir='ltr'>διῳδήκει</span> <span class='ocrx_word' id='word_1_66' title='bbox 1962 919 2062 988; x_wconf 80' lang='grc' dir='ltr'>τήν</span> <span class='ocrx_word' id='word_1_67' title='bbox 2093 915 2358 993; x_wconf 77' lang='grc' dir='ltr'>κεφαλὴν,</span> <span class='ocrx_word' id='word_1_68' title='bbox 2392 922 2482 976; x_wconf 85' lang='grc' dir='ltr'>καὶ</span> <span class='ocrx_word' id='word_1_69' title='bbox 2514 924 2566 978; x_wconf 74' lang='grc' dir='ltr'>αἱ</span> <span class='ocrx_word' id='word_1_70' title='bbox 2592 923 2801 1002; x_wconf 86' lang='grc' dir='ltr'>πληγαί</span> <span class='ocrx_word' id='word_1_71' title='bbox 2831 927 2881 981; x_wconf 71' lang='grc' dir='ltr'>οἱ</span> <span class='ocrx_word' id='word_1_72' title='bbox 2913 926 3148 998; x_wconf 75' lang='grc' dir='ltr'>ἐξέζεσαν</span> <span class='ocrx_word' id='word_1_73' title='bbox 3182 925 3497 998; x_wconf 79' lang='grc' dir='ltr'>σκώληκας,</span> <span class='ocrx_word' id='word_1_74' title='bbox 3526 926 3618 980; x_wconf 80' lang='grc' dir='ltr'>καὶ</span> <span class='ocrx_word' id='word_1_75' title='bbox 3653 925 3680 979; x_wconf 85' lang='grc' dir='ltr'>ὁ</span> <span class='ocrx_word' id='word_1_76' title='bbox 3717 924 3823 998; x_wconf 81' lang='grc' dir='ltr'>ἀὴρ</span> 
     </span>
    </p>
   </div>
   <div class='ocr_carea' id='block_1_11' title="bbox 412 1006 3830 1092">
    <p class='ocr_par' dir='ltr' id='par_1_11' title="bbox 412 1006 3830 1092">
     <span class='ocr_line' id='line_1_11' title="bbox 412 1006 3830 1092; baseline -0.001 -20"><span class='ocrx_word' id='word_1_77' title='bbox 412 1020 438 1072; x_wconf 92' lang='lat'>6</span> <span class='ocrx_word' id='word_1_78' title='bbox 467 1017 586 1092; x_wconf 75' lang='grc' dir='ltr'>περὶ</span> <span class='ocrx_word' id='word_1_79' title='bbox 621 1015 831 1072; x_wconf 79' lang='grc' dir='ltr'>ἐκεῖνον</span> <span class='ocrx_word' id='word_1_80' title='bbox 865 1010 1128 1074; x_wconf 82' lang='grc' dir='ltr'>δυσωδίας</span> <span class='ocrx_word' id='word_1_81' title='bbox 1162 1010 1480 1085; x_wconf 87' lang='grc' dir='ltr'>μεμέστωτο</span> <span class='ocrx_word' id='word_1_82' title='bbox 1518 1009 1576 1065; x_wconf 84' lang='grc' dir='ltr'>ἐκ</span> <span class='ocrx_word' id='word_1_83' title='bbox 1605 1016 1704 1080; x_wconf 82' lang='grc' dir='ltr'>τῆς</span> <span class='ocrx_word' id='word_1_84' title='bbox 1738 1010 1974 1084; x_wconf 77' lang='grc' dir='ltr'>σήψεως.</span> <span class='ocrx_word' id='word_1_85' title='bbox 2009 1007 2198 1070; x_wconf 79' lang='grc' dir='ltr'>Οὕτως</span> <span class='ocrx_word' id='word_1_86' title='bbox 2231 1006 2322 1064; x_wconf 78' lang='grc' dir='ltr'>οὖν</span> <span class='ocrx_word' id='word_1_87' title='bbox 2350 1016 2532 1076; x_wconf 83' lang='grc' dir='ltr'>κακῶς</span> <span class='ocrx_word' id='word_1_88' title='bbox 2564 1011 2898 1090; x_wconf 80' lang='grc' dir='ltr'>διακείμενος</span> <span class='ocrx_word' id='word_1_89' title='bbox 2947 1015 3025 1080; x_wconf 67' lang='grc' dir='ltr'>είς</span> <span class='ocrx_word' id='word_1_90' title='bbox 3051 1017 3149 1085; x_wconf 68' lang='grc' dir='ltr'>τὴν</span> <span class='ocrx_word' id='word_1_91' title='bbox 3197 1014 3544 1089; x_wconf 76' lang='grc' dir='ltr'>καλουμένην</span> <span class='ocrx_word' id='word_1_92' title='bbox 3598 1015 3830 1089; x_wconf 83' lang='grc' dir='ltr'>Πρώτην</span> 
     </span>
    </p>
   </div>
   <div class='ocr_carea' id='block_1_12' title="bbox 404 1097 3831 1181">
    <p class='ocr_par' dir='ltr' id='par_1_12' title="bbox 404 1097 3831 1181">
     <span class='ocr_line' id='line_1_12' title="bbox 404 1097 3831 1181; baseline -0.002 -18"><span class='ocrx_word' id='word_1_93' title='bbox 404 1116 568 1180; x_wconf 79' lang='grc' dir='ltr'>τῆσον</span> <span class='ocrx_word' id='word_1_94' title='bbox 597 1103 884 1180; x_wconf 80' lang='grc' dir='ltr'>ἀπάγεται,</span> <span class='ocrx_word' id='word_1_95' title='bbox 918 1102 968 1157; x_wconf 76' lang='grc' dir='ltr'>ἐν</span> <span class='ocrx_word' id='word_1_96' title='bbox 1000 1101 1036 1177; x_wconf 71' lang='grc' dir='ltr'>ᾖ</span> <span class='ocrx_word' id='word_1_97' title='bbox 1069 1106 1311 1176; x_wconf 86' lang='grc' dir='ltr'>σεμνεῖον</span> <span class='ocrx_word' id='word_1_98' title='bbox 1344 1099 1546 1162; x_wconf 83' lang='grc' dir='ltr'>ἐκεῖνος</span> <span class='ocrx_word' id='word_1_99' title='bbox 1576 1099 1827 1174; x_wconf 74' lang='grc' dir='ltr'>ἀνήγειρε</span> <span class='ocrx_word' id='word_1_100' title='bbox 1856 1098 1978 1174; x_wconf 84' lang='grc' dir='ltr'>περὶ</span> <span class='ocrx_word' id='word_1_101' title='bbox 2004 1097 2066 1152; x_wconf 84' lang='grc' dir='ltr'>τὸ</span> <span class='ocrx_word' id='word_1_102' title='bbox 2098 1103 2198 1168; x_wconf 84' lang='grc' dir='ltr'>τῆς</span> <span class='ocrx_word' id='word_1_103' title='bbox 2229 1100 2398 1169; x_wconf 73' lang='grc' dir='ltr'>νήσου</span> <span class='ocrx_word' id='word_1_104' title='bbox 2455 1105 2876 1181; x_wconf 86' lang='grc' dir='ltr'>μετεωρότερον.</span> <span class='ocrx_word' id='word_1_105' title='bbox 2929 1105 3118 1181; x_wconf 82' lang='grc' dir='ltr'>Βραχὺ</span> <span class='ocrx_word' id='word_1_106' title='bbox 3168 1127 3220 1161; x_wconf 90' lang='grc' dir='ltr'>τι</span> <span class='ocrx_word' id='word_1_107' title='bbox 3268 1107 3448 1162; x_wconf 80' lang='grc' dir='ltr'>τοίνυν</span> <span class='ocrx_word' id='word_1_108' title='bbox 3509 1100 3831 1172; x_wconf 75' lang='grc' dir='ltr'>ἐπιϐιώσας,</span> 
     </span>
    </p>
   </div>
   <div class='ocr_carea' id='block_1_13' title="bbox 400 1182 3832 1270">
    <p class='ocr_par' dir='ltr' id='par_1_13' title="bbox 400 1182 3832 1270">
     <span class='ocr_line' id='line_1_13' title="bbox 400 1182 3832 1270; baseline -0.001 -20"><span class='ocrx_word' id='word_1_109' title='bbox 400 1193 512 1250; x_wconf 81' lang='grc' dir='ltr'>ἐκεῖ</span> <span class='ocrx_word' id='word_1_110' title='bbox 538 1193 630 1249; x_wconf 82' lang='grc' dir='ltr'>τὸν</span> <span class='ocrx_word' id='word_1_111' title='bbox 690 1195 828 1267; x_wconf 76' lang='grc' dir='ltr'>χοῦν</span> <span class='ocrx_word' id='word_1_112' title='bbox 859 1190 1168 1245; x_wconf 84' lang='grc' dir='ltr'>ἀποτίθεται</span> <span class='ocrx_word' id='word_1_113' title='bbox 1203 1187 1254 1243; x_wconf 92' lang='grc' dir='ltr'>ἐν</span> <span class='ocrx_word' id='word_1_114' title='bbox 1289 1187 1448 1263; x_wconf 78' lang='grc' dir='ltr'>αὐτῇ,</span> <span class='ocrx_word' id='word_1_115' title='bbox 1480 1187 1627 1262; x_wconf 82' lang='grc' dir='ltr'>παρὰ</span> <span class='ocrx_word' id='word_1_116' title='bbox 1662 1192 1762 1256; x_wconf 87' lang='grc' dir='ltr'>τῆς</span> <span class='ocrx_word' id='word_1_117' title='bbox 1813 1182 2097 1262; x_wconf 80' lang='grc' dir='ltr'>βασιλίδος</span> <span class='ocrx_word' id='word_1_118' title='bbox 2143 1183 2408 1250; x_wconf 82' lang='grc' dir='ltr'>Εὑδοκίας</span> <span class='ocrx_word' id='word_1_119' title='bbox 2455 1186 2815 1266; x_wconf 78' lang='grc' dir='ltr'>λαμπρότατα</span> <span class='ocrx_word' id='word_1_120' title='bbox 2862 1192 3164 1267; x_wconf 76' lang='grc' dir='ltr'>κηδευθεὶς,</span> <span class='ocrx_word' id='word_1_121' title='bbox 3219 1193 3542 1270; x_wconf 80' lang='grc' dir='ltr'>βασιλεύσας</span> <span class='ocrx_word' id='word_1_122' title='bbox 3586 1191 3679 1263; x_wconf 82' lang='grc' dir='ltr'>ἔτη</span> <span class='ocrx_word' id='word_1_123' title='bbox 3707 1190 3832 1264; x_wconf 88' lang='grc' dir='ltr'>τρία</span> 
     </span>
    </p>
   </div>
   <div class='ocr_carea' id='block_1_14' title="bbox 399 1272 3823 1359">
    <p class='ocr_par' dir='ltr' id='par_1_14' title="bbox 399 1272 3823 1359">
     <span class='ocr_line' id='line_1_14' title="bbox 399 1272 3823 1359; baseline -0.002 -20"><span class='ocrx_word' id='word_1_124' title='bbox 399 1284 490 1340; x_wconf 80' lang='grc' dir='ltr'>καὶ</span> <span class='ocrx_word' id='word_1_125' title='bbox 555 1289 730 1358; x_wconf 84' lang='grc' dir='ltr'>μῆνας</span> <span class='ocrx_word' id='word_1_126' title='bbox 760 1280 926 1335; x_wconf 83' lang='grc' dir='ltr'>ὀκτώ.</span> <span class='ocrx_word' id='word_1_127' title='bbox 987 1277 1210 1354; x_wconf 84' lang='grc' dir='ltr'>Λέγεται</span> <span class='ocrx_word' id='word_1_128' title='bbox 1259 1274 1317 1333; x_wconf 74' lang='grc' dir='ltr'>δὲ</span> <span class='ocrx_word' id='word_1_129' title='bbox 1363 1277 1430 1332; x_wconf 79' lang='grc' dir='ltr'>τὰ</span> <span class='ocrx_word' id='word_1_130' title='bbox 1478 1275 1554 1340; x_wconf 62' lang='grc' dir='ltr'>εἷς</span> <span class='ocrx_word' id='word_1_131' title='bbox 1599 1276 1692 1331; x_wconf 82' lang='grc' dir='ltr'>τὸν</span> <span class='ocrx_word' id='word_1_132' title='bbox 1747 1272 1914 1351; x_wconf 68' lang='grc' dir='ltr'>ἄνδρα</span> <span class='ocrx_word' id='word_1_133' title='bbox 1959 1272 2152 1331; x_wconf 71' lang='grc' dir='ltr'>τοῦτον</span> <span class='ocrx_word' id='word_1_134' title='bbox 2197 1275 2460 1351; x_wconf 79' lang='grc' dir='ltr'>γενόμενα</span> <span class='ocrx_word' id='word_1_135' title='bbox 2507 1281 2682 1335; x_wconf 83' lang='grc' dir='ltr'>πάντα</span> <span class='ocrx_word' id='word_1_136' title='bbox 2727 1285 2826 1336; x_wconf 79' lang='grc' dir='ltr'>τοῦ</span> <span class='ocrx_word' id='word_1_137' title='bbox 2872 1280 3140 1357; x_wconf 86' lang='grc' dir='ltr'>Καίσαρος</span> <span class='ocrx_word' id='word_1_138' title='bbox 3171 1283 3302 1338; x_wconf 77' lang='grc' dir='ltr'>εἶναι</span> <span class='ocrx_word' id='word_1_139' title='bbox 3336 1280 3613 1359; x_wconf 80' lang='grc' dir='ltr'>διαταγὰς,</span> <span class='ocrx_word' id='word_1_140' title='bbox 3653 1277 3823 1355; x_wconf 74' lang='grc' dir='ltr'>μηδὲν</span> 
     </span>
    </p>
   </div>
   <div class='ocr_carea' id='block_1_15' title="bbox 395 1362 3825 1446">
    <p class='ocr_par' dir='ltr' id='par_1_15' title="bbox 395 1362 3825 1446">
     <span class='ocr_line' id='line_1_15' title="bbox 395 1362 3825 1446; baseline -0.002 -16"><span class='ocrx_word' id='word_1_141' title='bbox 395 1371 622 1436; x_wconf 81' lang='grc' dir='ltr'>εἰδότως</span> <span class='ocrx_word' id='word_1_142' title='bbox 678 1373 775 1426; x_wconf 81' lang='grc' dir='ltr'>τοῦ</span> <span class='ocrx_word' id='word_1_143' title='bbox 823 1369 1224 1445; x_wconf 77' lang='grc' dir='ltr'>αὐτοκράτορος</span> <span class='ocrx_word' id='word_1_144' title='bbox 1287 1364 1539 1442; x_wconf 75' lang='grc' dir='ltr'>Μιχαήλ.</span> <span class='ocrx_word' id='word_1_145' title='bbox 1611 1367 1713 1423; x_wconf 88' lang='grc' dir='ltr'>Ἦν</span> <span class='ocrx_word' id='word_1_146' title='bbox 1769 1363 1869 1440; x_wconf 83' lang='grc' dir='ltr'>γὰρ</span> <span class='ocrx_word' id='word_1_147' title='bbox 1927 1365 2132 1428; x_wconf 77' lang='grc' dir='ltr'>χαῦνος</span> <span class='ocrx_word' id='word_1_148' title='bbox 2190 1362 2322 1441; x_wconf 67' lang='grc' dir='ltr'>ἄγαν</span> <span class='ocrx_word' id='word_1_149' title='bbox 2367 1367 2428 1422; x_wconf 86' lang='grc' dir='ltr'>τὸ</span> <span class='ocrx_word' id='word_1_150' title='bbox 2473 1370 2607 1438; x_wconf 68' lang='grc' dir='ltr'>ἦθος</span> <span class='ocrx_word' id='word_1_151' title='bbox 2659 1370 2687 1425; x_wconf 89' lang='lat'>6</span> <span class='ocrx_word' id='word_1_152' title='bbox 2740 1368 2993 1446; x_wconf 81' lang='grc' dir='ltr'>βασιλεὺς</span> <span class='ocrx_word' id='word_1_153' title='bbox 3043 1371 3133 1426; x_wconf 77' lang='grc' dir='ltr'>καὶ</span> <span class='ocrx_word' id='word_1_154' title='bbox 3191 1371 3487 1446; x_wconf 73' lang='grc' dir='ltr'>ἀνειμένος,</span> <span class='ocrx_word' id='word_1_155' title='bbox 3544 1369 3633 1426; x_wconf 84' lang='grc' dir='ltr'>καὶ</span> <span class='ocrx_word' id='word_1_156' title='bbox 3687 1370 3825 1445; x_wconf 87' lang='grc' dir='ltr'>πρὸς</span> 
     </span>
    </p>
   </div>
   <div class='ocr_carea' id='block_1_16' title="bbox 398 1451 3826 1536">
    <p class='ocr_par' dir='ltr' id='par_1_16' title="bbox 398 1451 3826 1536">
     <span class='ocr_line' id='line_1_16' title="bbox 398 1451 3826 1536; baseline -0.001 -21"><span class='ocrx_word' id='word_1_157' title='bbox 398 1458 775 1536; x_wconf 76' lang='grc' dir='ltr'>μεταχείρισιν</span> <span class='ocrx_word' id='word_1_158' title='bbox 834 1458 1175 1535; x_wconf 73' lang='grc' dir='ltr'>πραγμάτων</span> <span class='ocrx_word' id='word_1_159' title='bbox 1231 1455 1321 1510; x_wconf 84' lang='grc' dir='ltr'>καὶ</span> <span class='ocrx_word' id='word_1_160' title='bbox 1396 1460 1502 1510; x_wconf 81' lang='grc' dir='ltr'>τῶν</span> <span class='ocrx_word' id='word_1_161' title='bbox 1575 1454 1855 1529; x_wconf 73' lang='grc' dir='ltr'>τυχόντων</span> <span class='ocrx_word' id='word_1_162' title='bbox 1926 1451 2156 1524; x_wconf 79' lang='grc' dir='ltr'>ἀδέξιος,</span> <span class='ocrx_word' id='word_1_163' title='bbox 2231 1453 2449 1510; x_wconf 80' lang='grc' dir='ltr'>πολλοῦ</span> <span class='ocrx_word' id='word_1_164' title='bbox 2524 1479 2587 1532; x_wconf 87' lang='grc' dir='ltr'>γε</span> <span class='ocrx_word' id='word_1_165' title='bbox 2660 1455 2744 1513; x_wconf 83' lang='grc' dir='ltr'>δεῖ</span> <span class='ocrx_word' id='word_1_166' title='bbox 2801 1459 2935 1534; x_wconf 85' lang='grc' dir='ltr'>πγὸς</span> <span class='ocrx_word' id='word_1_167' title='bbox 2999 1459 3279 1536; x_wconf 85' lang='grc' dir='ltr'>βασιλείας</span> <span class='ocrx_word' id='word_1_168' title='bbox 3339 1458 3630 1532; x_wconf 89' lang='grc' dir='ltr'>διοίκησιν.</span> <span class='ocrx_word' id='word_1_169' title='bbox 3686 1458 3826 1514; x_wconf 85' lang='grc' dir='ltr'>Κάν-</span> 
     </span>
    </p>
   </div>
   <div class='ocr_carea' id='block_1_17' title="bbox 394 1543 3822 1626">
    <p class='ocr_par' dir='ltr' id='par_1_17' title="bbox 394 1543 3822 1626">
     <span class='ocr_line' id='line_1_17' title="bbox 394 1543 3822 1626; baseline -0.001 -20"><span class='ocrx_word' id='word_1_170' title='bbox 394 1555 582 1615; x_wconf 82' lang='grc' dir='ltr'>τεῦθεν</span> <span class='ocrx_word' id='word_1_171' title='bbox 624 1550 724 1618; x_wconf 73' lang='grc' dir='ltr'>τῆς</span> <span class='ocrx_word' id='word_1_172' title='bbox 775 1546 1019 1619; x_wconf 74' lang='grc' dir='ltr'>εὐηθείας</span> <span class='ocrx_word' id='word_1_173' title='bbox 1052 1544 1258 1601; x_wconf 84' lang='grc' dir='ltr'>ἐκείνου</span> <span class='ocrx_word' id='word_1_174' title='bbox 1287 1548 1640 1622; x_wconf 73' lang='grc' dir='ltr'>κατατρυφῶν</span> <span class='ocrx_word' id='word_1_175' title='bbox 1678 1544 1705 1597; x_wconf 98' lang='lat'>6</span> <span class='ocrx_word' id='word_1_176' title='bbox 1737 1549 1880 1606; x_wconf 84' lang='grc' dir='ltr'>θεῖος</span> <span class='ocrx_word' id='word_1_177' title='bbox 1908 1543 2074 1598; x_wconf 79' lang='grc' dir='ltr'>αὐτοῦ</span> <span class='ocrx_word' id='word_1_178' title='bbox 2105 1549 2330 1620; x_wconf 84' lang='grc' dir='ltr'>Καῖσαρ,</span> <span class='ocrx_word' id='word_1_179' title='bbox 2362 1545 2536 1600; x_wconf 81' lang='grc' dir='ltr'>πάντα</span> <span class='ocrx_word' id='word_1_180' title='bbox 2559 1547 2628 1602; x_wconf 74' lang='grc' dir='ltr'>τὰ</span> <span class='ocrx_word' id='word_1_181' title='bbox 2658 1547 2734 1610; x_wconf 81' lang='grc' dir='ltr'>εἰς</span> <span class='ocrx_word' id='word_1_182' title='bbox 2766 1549 2859 1604; x_wconf 86' lang='grc' dir='ltr'>τὸν</span> <span class='ocrx_word' id='word_1_183' title='bbox 2893 1549 3154 1626; x_wconf 84' lang='grc' dir='ltr'>Διογένην</span> <span class='ocrx_word' id='word_1_184' title='bbox 3186 1548 3459 1626; x_wconf 74' lang='grc' dir='ltr'>ἐτόρευσεν</span> <span class='ocrx_word' id='word_1_185' title='bbox 3506 1550 3618 1624; x_wconf 90' lang='grc'>(88)</span> <span class='ocrx_word' id='word_1_186' title='bbox 3667 1547 3822 1624; x_wconf 74' lang='grc' dir='ltr'>ἐγκο-</span> 
     </span>
    </p>
   </div>
   <div class='ocr_carea' id='block_1_18' title="bbox 394 1633 821 1712">
    <p class='ocr_par' dir='ltr' id='par_1_18' title="bbox 394 1633 821 1712">
     <span class='ocr_line' id='line_1_18' title="bbox 394 1633 821 1712; baseline -0.009 -16"><span class='ocrx_word' id='word_1_187' title='bbox 394 1644 509 1696; x_wconf 82' lang='grc' dir='ltr'>τῶν</span> <span class='ocrx_word' id='word_1_188' title='bbox 535 1642 615 1710; x_wconf 77' lang='grc' dir='ltr'>τῷ</span> <span class='ocrx_word' id='word_1_189' title='bbox 643 1633 821 1712; x_wconf 82' lang='grc' dir='ltr'>ἀνδρί.</span> 
     </span>
    </p>
   </div>
   <div class='ocr_carea' id='block_1_19' title="bbox 467 1719 2035 1806">
    <p class='ocr_par' dir='ltr' id='par_1_19' title="bbox 467 1719 2035 1803">
     <span class='ocr_line' id='line_1_19' title="bbox 467 1719 2035 1803; baseline -0.007 -17"><span class='ocrx_word' id='word_1_190' title='bbox 467 1729 558 1798; x_wconf 83' lang='grc' dir='ltr'>Ιζ’.</span> <span class='ocrx_word' id='word_1_191' title='bbox 618 1727 1015 1803; x_wconf 80' lang='grc' dir='ltr'>Ἀποπεφυκὼς</span> <span class='ocrx_word' id='word_1_192' title='bbox 1075 1720 1132 1778; x_wconf 73' lang='grc' dir='ltr'>δὲ</span> <span class='ocrx_word' id='word_1_193' title='bbox 1190 1724 1218 1777; x_wconf 97' lang='lat'>6</span> <span class='ocrx_word' id='word_1_194' title='bbox 1292 1721 1562 1798; x_wconf 86' lang='grc' dir='ltr'>βασιλεὼς</span> <span class='ocrx_word' id='word_1_195' title='bbox 1637 1719 1869 1796; x_wconf 78' lang='grc' dir='ltr'>Μιχαὴλ</span> <span class='ocrx_word' id='word_1_196' title='bbox 1917 1721 2035 1796; x_wconf 81' lang='grc' dir='ltr'>πρὸι</span> 
     </span>
    </p>
   </div>
   <div class='ocr_carea' id='block_1_20' title="bbox 2146 1719 3821 1806">
    <p class='ocr_par' dir='ltr' id='par_1_20' title="bbox 2231 1723 3821 1806">
     <span class='ocr_line' id='line_1_20' title="bbox 2231 1723 3821 1806; baseline 0.003 -28"><span class='ocrx_word' id='word_1_197' title='bbox 2231 1723 2374 1780; x_wconf 90' lang='lat' dir='ltr'>XVI.</span> <span class='ocrx_word' id='word_1_198' title='bbox 2426 1725 2671 1806; x_wconf 87' lang='lat' dir='ltr'>Michael</span> <span class='ocrx_word' id='word_1_199' title='bbox 2722 1727 2970 1800; x_wconf 91' lang='lat' dir='ltr'>imperio</span> <span class='ocrx_word' id='word_1_200' title='bbox 3022 1729 3267 1785; x_wconf 89' lang='lat' dir='ltr'>minime</span> <span class='ocrx_word' id='word_1_201' title='bbox 3323 1730 3589 1796; x_wconf 88' lang='lat' dir='ltr'>idoneus,</span> <span class='ocrx_word' id='word_1_202' title='bbox 3633 1727 3821 1784; x_wconf 78' lang='lat' dir='ltr'>Joan-</span> 
     </span>
    </p>
   </div>
   <div class='ocr_carea' id='block_1_21' title="bbox 389 1808 2035 1892">
    <p class='ocr_par' dir='ltr' id='par_1_21' title="bbox 389 1808 2035 1892">
     <span class='ocr_line' id='line_1_21' title="bbox 389 1808 2035 1892; baseline -0.005 -20"><span class='ocrx_word' id='word_1_203' title='bbox 389 1818 492 1887; x_wconf 83' lang='grc' dir='ltr'>τὴν</span> <span class='ocrx_word' id='word_1_204' title='bbox 544 1823 646 1886; x_wconf 83' lang='grc' dir='ltr'>τῆς</span> <span class='ocrx_word' id='word_1_205' title='bbox 675 1811 953 1892; x_wconf 75' lang='grc' dir='ltr'>βασιλείας</span> <span class='ocrx_word' id='word_1_206' title='bbox 987 1810 1272 1882; x_wconf 84' lang='grc' dir='ltr'>διοίκησιν,</span> <span class='ocrx_word' id='word_1_207' title='bbox 1304 1813 1395 1867; x_wconf 85' lang='grc' dir='ltr'>τὸν</span> <span class='ocrx_word' id='word_1_208' title='bbox 1433 1809 1854 1885; x_wconf 84' lang='grc' dir='ltr'>μητροπολίτην</span> <span class='ocrx_word' id='word_1_209' title='bbox 1884 1808 2035 1880; x_wconf 75' lang='grc' dir='ltr'>Σίδηι</span> 
     </span>
    </p>
   </div>
   <div class='ocr_carea' id='block_1_22' title="bbox 2146 1808 3816 1892">
    <p class='ocr_par' dir='ltr' id='par_1_22' title="bbox 2162 1813 3816 1890">
     <span class='ocr_line' id='line_1_22' title="bbox 2162 1813 3816 1890; baseline 0.002 -23"><span class='ocrx_word' id='word_1_210' title='bbox 2162 1828 2295 1868; x_wconf 91' lang='lat' dir='ltr'>nem</span> <span class='ocrx_word' id='word_1_211' title='bbox 2324 1813 2468 1869; x_wconf 65' lang='lat' dir='ltr'>Sida;</span> <span class='ocrx_word' id='word_1_212' title='bbox 2502 1815 2954 1888; x_wconf 90' lang='lat' dir='ltr'>metropolitam,</span> <span class='ocrx_word' id='word_1_213' title='bbox 2988 1818 3311 1890; x_wconf 82' lang='lat' dir='ltr'>spadonem</span> <span class='ocrx_word' id='word_1_214' title='bbox 3361 1817 3528 1872; x_wconf 90' lang='lat' dir='ltr'>illum</span> <span class='ocrx_word' id='word_1_215' title='bbox 3557 1817 3816 1888; x_wconf 87' lang='lat' dir='ltr'>quidem,</span> 
     </span>
    </p>
   </div>
   <div class='ocr_carea' id='block_1_23' title="bbox 395 1896 2035 1979">
    <p class='ocr_par' dir='ltr' id='par_1_23' title="bbox 395 1896 2035 1979">
     <span class='ocr_line' id='line_1_23' title="bbox 395 1896 2035 1979; baseline -0.008 -15"><span class='ocrx_word' id='word_1_216' title='bbox 395 1905 654 1976; x_wconf 81' lang='grc' dir='ltr'>Ἰωάννην</span> <span class='ocrx_word' id='word_1_217' title='bbox 706 1906 840 1979; x_wconf 87' lang='grc'>(89),</span> <span class='ocrx_word' id='word_1_218' title='bbox 895 1901 1152 1975; x_wconf 73' lang='grc' dir='ltr'>ἐκτομίαν</span> <span class='ocrx_word' id='word_1_219' title='bbox 1209 1897 1356 1968; x_wconf 76' lang='grc' dir='ltr'>ὄντα,</span> <span class='ocrx_word' id='word_1_220' title='bbox 1415 1897 1742 1977; x_wconf 82' lang='grc' dir='ltr'>δρασνήριον</span> <span class='ocrx_word' id='word_1_221' title='bbox 1802 1896 1880 1968; x_wconf 76' lang='grc' dir='ltr'>δὲ,</span> <span class='ocrx_word' id='word_1_222' title='bbox 1937 1904 2035 1954; x_wconf 62' lang='grc' dir='ltr'>τοῖς</span> 
     </span>
    </p>
   </div>
   <div class='ocr_carea' id='block_1_24' title="bbox 2146 1896 3816 1979">
    <p class='ocr_par' dir='ltr' id='par_1_24' title="bbox 2163 1901 3816 1979">
     <span class='ocr_line' id='line_1_24' title="bbox 2163 1901 3816 1979; baseline 0.004 -25"><span class='ocrx_word' id='word_1_223' title='bbox 2163 1901 2265 1955; x_wconf 90' lang='lat' dir='ltr'>sed</span> <span class='ocrx_word' id='word_1_224' title='bbox 2318 1901 2506 1958; x_wconf 87' lang='lat' dir='ltr'>virum</span> <span class='ocrx_word' id='word_1_225' title='bbox 2569 1909 2899 1972; x_wconf 84' lang='lat' dir='ltr'>strenuum,</span> <span class='ocrx_word' id='word_1_226' title='bbox 2957 1907 3132 1961; x_wconf 86' lang='lat' dir='ltr'>rebus</span> <span class='ocrx_word' id='word_1_227' title='bbox 3208 1905 3481 1979; x_wconf 81' lang='lat' dir='ltr'>gerendis</span> <span class='ocrx_word' id='word_1_228' title='bbox 3540 1904 3816 1978; x_wconf 72' lang='lat' dir='ltr'>prae‘ecit.</span> 
     </span>
    </p>
   </div>
   <div class='ocr_carea' id='block_1_25' title="bbox 393 1987 2035 2072">
    <p class='ocr_par' dir='ltr' id='par_1_25' title="bbox 393 1987 2035 2072">
     <span class='ocr_line' id='line_1_25' title="bbox 393 1987 2035 2072; baseline -0.005 -21"><span class='ocrx_word' id='word_1_229' title='bbox 393 1997 713 2072; x_wconf 76' lang='grc' dir='ltr'>πράγμασιν</span> <span class='ocrx_word' id='word_1_230' title='bbox 763 1993 996 2071; x_wconf 79' lang='grc' dir='ltr'>ἐφιστᾷ.</span> <span class='ocrx_word' id='word_1_231' title='bbox 1069 1991 1182 2054; x_wconf 67' lang='grc' dir='ltr'>Εἶθ’</span> <span class='ocrx_word' id='word_1_232' title='bbox 1253 1987 1436 2067; x_wconf 74' lang='grc' dir='ltr'>ἓτερον</span> <span class='ocrx_word' id='word_1_233' title='bbox 1497 1987 1753 2062; x_wconf 78' lang='grc' dir='ltr'>ἐκτομίαν</span> <span class='ocrx_word' id='word_1_234' title='bbox 1808 1987 1898 2042; x_wconf 83' lang='grc' dir='ltr'>τὸν</span> <span class='ocrx_word' id='word_1_235' title='bbox 1957 1995 2035 2044; x_wconf 83' lang='grc' dir='ltr'>Νι·</span> 
     </span>
    </p>
   </div>
   <div class='ocr_carea' id='block_1_26' title="bbox 2146 1987 3821 2072">
    <p class='ocr_par' dir='ltr' id='par_1_26' title="bbox 2164 1987 3821 2066">
     <span class='ocr_line' id='line_1_26' title="bbox 2164 1987 3821 2066; baseline 0.005 -24"><span class='ocrx_word' id='word_1_236' title='bbox 2164 1987 2383 2045; x_wconf 90' lang='lat' dir='ltr'>Deinde</span> <span class='ocrx_word' id='word_1_237' title='bbox 2414 1990 2593 2046; x_wconf 89' lang='lat' dir='ltr'>alium</span> <span class='ocrx_word' id='word_1_238' title='bbox 2629 1994 2948 2065; x_wconf 84' lang='lat' dir='ltr'>spadonem</span> <span class='ocrx_word' id='word_1_239' title='bbox 2996 1994 3412 2066; x_wconf 82' lang='lat' dir='ltr'>Nic-ephorum,</span> <span class='ocrx_word' id='word_1_240' title='bbox 3462 1995 3562 2066; x_wconf 90' lang='lat' dir='ltr'>qui</span> <span class='ocrx_word' id='word_1_241' title='bbox 3593 1993 3821 2051; x_wconf 90' lang='lat' dir='ltr'>adoles-</span> 
     </span>
    </p>
   </div>
   <div class='ocr_carea' id='block_1_27' title="bbox 393 2051 2035 2160">
    <p class='ocr_par' dir='ltr' id='par_1_27' title="bbox 393 2051 2035 2160">
     <span class='ocr_line' id='line_1_27' title="bbox 393 2051 2035 2160; baseline -0.006 -20"><span class='ocrx_word' id='word_1_242' title='bbox 393 2051 667 2160; x_wconf 69' lang='grc' dir='ltr'>κηφόρον,</span> <span class='ocrx_word' id='word_1_243' title='bbox 701 2051 952 2155; x_wconf 23' lang='grc' dir='ltr'>’ὀςίνέοξ</span> <span class='ocrx_word' id='word_1_244' title='bbox 996 2051 1370 2158; x_wconf 72' lang='grc' dir='ltr'>προσληφθεὶς</span> <span class='ocrx_word' id='word_1_245' title='bbox 1401 2079 1547 2156; x_wconf 76' lang='grc' dir='ltr'>παρὰ</span> <span class='ocrx_word' id='word_1_246' title='bbox 1583 2051 1678 2133; x_wconf 71' lang='grc' dir='ltr'>του</span> <span class='ocrx_word' id='word_1_247' title='bbox 1710 2077 2035 2152; x_wconf 84' lang='grc' dir='ltr'>Μονομάχοι</span> 
     </span>
    </p>
   </div>
   <div class='ocr_carea' id='block_1_28' title="bbox 2146 2051 3818 2160">
    <p class='ocr_par' dir='ltr' id='par_1_28' title="bbox 2166 2079 3818 2152">
     <span class='ocr_line' id='line_1_28' title="bbox 2166 2079 3818 2152; baseline 0.004 -20"><span class='ocrx_word' id='word_1_248' title='bbox 2166 2093 2304 2134; x_wconf 91' lang='lat' dir='ltr'>cens</span> <span class='ocrx_word' id='word_1_249' title='bbox 2335 2095 2365 2133; x_wconf 76' lang='grc' dir='ltr'>ει</span> <span class='ocrx_word' id='word_1_250' title='bbox 2410 2079 2794 2136; x_wconf 87' lang='lat' dir='ltr'>Monomacho</span> <span class='ocrx_word' id='word_1_251' title='bbox 2849 2082 2908 2136; x_wconf 91' lang='lat' dir='ltr'>in</span> <span class='ocrx_word' id='word_1_252' title='bbox 2943 2082 3136 2138; x_wconf 89' lang='lat' dir='ltr'>aulam</span> <span class='ocrx_word' id='word_1_253' title='bbox 3171 2083 3416 2152; x_wconf 88' lang='lat' dir='ltr'>ascitus,</span> <span class='ocrx_word' id='word_1_254' title='bbox 3469 2084 3540 2139; x_wconf 93' lang='lat' dir='ltr'>ob</span> <span class='ocrx_word' id='word_1_255' title='bbox 3589 2086 3818 2140; x_wconf 64' lang='lat' dir='ltr'>aetatem</span> 
     </span>
    </p>
   </div>
   <div class='ocr_carea' id='block_1_29' title="bbox 397 2165 2035 2247">
    <p class='ocr_par' dir='ltr' id='par_1_29' title="bbox 397 2165 2035 2247">
     <span class='ocr_line' id='line_1_29' title="bbox 397 2165 2035 2247; baseline -0.005 -18"><span class='ocrx_word' id='word_1_256' title='bbox 397 2175 477 2236; x_wconf 75' lang='grc' dir='ltr'>εἷς</span> <span class='ocrx_word' id='word_1_257' title='bbox 551 2171 621 2229; x_wconf 75' lang='grc' dir='ltr'>τὰ</span> <span class='ocrx_word' id='word_1_258' title='bbox 673 2170 960 2247; x_wconf 86' lang='grc' dir='ltr'>βασίλεια,</span> <span class='ocrx_word' id='word_1_259' title='bbox 1018 2167 1477 2246; x_wconf 81' lang='grc' dir='ltr'>ὑποκοριζόμενος</span> <span class='ocrx_word' id='word_1_260' title='bbox 1542 2165 1632 2222; x_wconf 79' lang='grc' dir='ltr'>διὰ</span> <span class='ocrx_word' id='word_1_261' title='bbox 1678 2167 1776 2236; x_wconf 78' lang='grc' dir='ltr'>τὴν</span> <span class='ocrx_word' id='word_1_262' title='bbox 1823 2165 2035 2236; x_wconf 72' lang='grc' dir='ltr'>νεότητι</span> 
     </span>
    </p>
   </div>
   <div class='ocr_carea' id='block_1_30' title="bbox 2146 2165 3814 2247">
    <p class='ocr_par' dir='ltr' id='par_1_30' title="bbox 2161 2167 3814 2245">
     <span class='ocr_line' id='line_1_30' title="bbox 2161 2167 3814 2245; baseline 0.004 -24"><span class='ocrx_word' id='word_1_263' title='bbox 2161 2182 2265 2237; x_wconf 92' lang='lat' dir='ltr'>per</span> <span class='ocrx_word' id='word_1_264' title='bbox 2293 2167 2749 2225; x_wconf 83' lang='lat' dir='ltr'>diminutionem</span> <span class='ocrx_word' id='word_1_265' title='bbox 2783 2170 3216 2244; x_wconf 90' lang='lat' dir='ltr'>Nicephoritzes</span> <span class='ocrx_word' id='word_1_266' title='bbox 3266 2172 3814 2245; x_wconf 83' lang='lat' dir='ltr'>cognominabatur,</span> 
     </span>
    </p>
   </div>
   <div class='ocr_carea' id='block_1_31' title="bbox 391 2253 2035 2338">
    <p class='ocr_par' dir='ltr' id='par_1_31' title="bbox 391 2253 2035 2338">
     <span class='ocr_line' id='line_1_31' title="bbox 391 2253 2035 2338; baseline -0.006 -20"><span class='ocrx_word' id='word_1_267' title='bbox 391 2259 807 2338; x_wconf 80' lang='grc' dir='ltr'>Νικηφορίτζης</span> <span class='ocrx_word' id='word_1_268' title='bbox 884 2257 1213 2333; x_wconf 81' lang='grc' dir='ltr'>ὠνόμαστο,</span> <span class='ocrx_word' id='word_1_269' title='bbox 1275 2256 1386 2312; x_wconf 70' lang='grc' dir='ltr'>ικαὶ</span> <span class='ocrx_word' id='word_1_270' title='bbox 1472 2253 1654 2330; x_wconf 83' lang='grc' dir='ltr'>ὥσπερ</span> <span class='ocrx_word' id='word_1_271' title='bbox 1733 2253 2035 2328; x_wconf 61' lang='grc' dir='ltr'>ἐπωνυμίαι</span> 
     </span>
    </p>
   </div>
   <div class='ocr_carea' id='block_1_32' title="bbox 2146 2253 3818 2338">
    <p class='ocr_par' dir='ltr' id='par_1_32' title="bbox 2160 2257 3818 2333">
     <span class='ocr_line' id='line_1_32' title="bbox 2160 2257 3818 2333; baseline 0.005 -24"><span class='ocrx_word' id='word_1_272' title='bbox 2160 2269 2228 2310; x_wconf 90' lang='lat' dir='ltr'><strong>ex</strong></span> <span class='ocrx_word' id='word_1_273' title='bbox 2260 2257 2479 2312; x_wconf 76' lang='lat' dir='ltr'>Graecia</span> <span class='ocrx_word' id='word_1_274' title='bbox 2524 2262 2584 2313; x_wconf 91' lang='lat' dir='ltr'>et</span> <span class='ocrx_word' id='word_1_275' title='bbox 2644 2258 3039 2332; x_wconf 86' lang='lat' dir='ltr'>Peloponneso</span> <span class='ocrx_word' id='word_1_276' title='bbox 3093 2262 3405 2330; x_wconf 83' lang='lat' dir='ltr'><strong>revocavit,</strong></span> <span class='ocrx_word' id='word_1_277' title='bbox 3465 2260 3565 2317; x_wconf 89' lang='lat' dir='ltr'>ubi</span> <span class='ocrx_word' id='word_1_278' title='bbox 3595 2262 3818 2333; x_wconf 82' lang='lat' dir='ltr'>judicia.</span> 
     </span>
    </p>
   </div>
   <div class='ocr_carea' id='block_1_33' title="bbox 391 2344 2050 2427">
    <p class='ocr_par' dir='ltr' id='par_1_33' title="bbox 391 2344 2050 2427">
     <span class='ocr_line' id='line_1_33' title="bbox 391 2344 2050 2427; baseline -0.006 -20"><span class='ocrx_word' id='word_1_279' title='bbox 391 2351 600 2427; x_wconf 71' lang='grc' dir='ltr'>ἔσχηκε</span> <span class='ocrx_word' id='word_1_280' title='bbox 652 2354 839 2422; x_wconf 77' lang='grc' dir='ltr'>τοῦτο,</span> <span class='ocrx_word' id='word_1_281' title='bbox 891 2348 942 2419; x_wconf 80' lang='grc' dir='ltr'>ἐξ</span> <span class='ocrx_word' id='word_1_282' title='bbox 999 2344 1267 2408; x_wconf 83' lang='grc' dir='ltr'>Ἑλλάδος</span> <span class='ocrx_word' id='word_1_283' title='bbox 1323 2346 1414 2401; x_wconf 88' lang='grc' dir='ltr'>καὶ</span> <span class='ocrx_word' id='word_1_284' title='bbox 1475 2345 1898 2416; x_wconf 76' lang='grc' dir='ltr'>Πελοποννήσου</span> <span class='ocrx_word' id='word_1_285' title='bbox 1953 2344 2050 2408; x_wconf 83' lang='grc' dir='ltr'>τὰς</span> 
     </span>
    </p>
   </div>
   <div class='ocr_carea' id='block_1_34' title="bbox 386 2433 2050 2518">
    <p class='ocr_par' dir='ltr' id='par_1_34' title="bbox 386 2433 2050 2518">
     <span class='ocr_line' id='line_1_34' title="bbox 386 2433 2050 2518; baseline -0.005 -22"><span class='ocrx_word' id='word_1_286' title='bbox 386 2442 596 2518; x_wconf 87' lang='grc' dir='ltr'>κρίσεις</span> <span class='ocrx_word' id='word_1_287' title='bbox 677 2442 870 2494; x_wconf 77' lang='grc' dir='ltr'>τοῦτον</span> <span class='ocrx_word' id='word_1_288' title='bbox 955 2435 1216 2492; x_wconf 87' lang='grc' dir='ltr'>διέποντα</span> <span class='ocrx_word' id='word_1_289' title='bbox 1301 2433 1675 2509; x_wconf 85' lang='grc' dir='ltr'>μετεπέμκατο</span> <span class='ocrx_word' id='word_1_290' title='bbox 1706 2478 1720 2491; x_wconf 94' lang='grc'><strong>.</strong></span> <span class='ocrx_word' id='word_1_291' title='bbox 1811 2439 2050 2511; x_wconf 76' lang='grc' dir='ltr'>Ἔφθασε</span> 
     </span>
    </p>
   </div>
   <div class='ocr_carea' id='block_1_35' title="bbox 383 2521 2048 2607">
    <p class='ocr_par' dir='ltr' id='par_1_35' title="bbox 383 2521 2048 2607">
     <span class='ocr_line' id='line_1_35' title="bbox 383 2521 2048 2607; baseline -0.006 -21"><span class='ocrx_word' id='word_1_292' title='bbox 383 2532 492 2607; x_wconf 77' lang='grc' dir='ltr'>γὰρ</span> <span class='ocrx_word' id='word_1_293' title='bbox 545 2531 576 2584; x_wconf 90' lang='lat'>6</span> <span class='ocrx_word' id='word_1_294' title='bbox 653 2529 790 2603; x_wconf 76' lang='grc' dir='ltr'>ἀνὴρ</span> <span class='ocrx_word' id='word_1_295' title='bbox 867 2524 1025 2589; x_wconf 75' lang='grc' dir='ltr'>οὗτος</span> <span class='ocrx_word' id='word_1_296' title='bbox 1103 2525 1192 2580; x_wconf 88' lang='grc' dir='ltr'>καὶ</span> <span class='ocrx_word' id='word_1_297' title='bbox 1262 2529 1342 2598; x_wconf 80' lang='grc' dir='ltr'>τῷ</span> <span class='ocrx_word' id='word_1_298' title='bbox 1398 2523 1561 2599; x_wconf 75' lang='grc' dir='ltr'>πατρὶ</span> <span class='ocrx_word' id='word_1_299' title='bbox 1618 2526 1715 2578; x_wconf 79' lang='grc' dir='ltr'>τοῦ</span> <span class='ocrx_word' id='word_1_300' title='bbox 1777 2521 2048 2598; x_wconf 83' lang='grc' dir='ltr'>βασιλέως</span> 
     </span>
    </p>
   </div>
   <div class='ocr_carea' id='block_1_36' title="bbox 383 2612 2043 2695">
    <p class='ocr_par' dir='ltr' id='par_1_36' title="bbox 383 2612 2043 2695">
     <span class='ocr_line' id='line_1_36' title="bbox 383 2612 2043 2695; baseline -0.004 -21"><span class='ocrx_word' id='word_1_301' title='bbox 383 2626 465 2693; x_wconf 76' lang='grc' dir='ltr'>τῷ</span> <span class='ocrx_word' id='word_1_302' title='bbox 520 2619 738 2695; x_wconf 86' lang='grc' dir='ltr'>βασιλεῖ</span> <span class='ocrx_word' id='word_1_303' title='bbox 791 2613 1174 2688; x_wconf 82' lang='grc' dir='ltr'>Κωνσταντίνῳ</span> <span class='ocrx_word' id='word_1_304' title='bbox 1226 2618 1306 2686; x_wconf 77' lang='grc' dir='ltr'>τῷ</span> <span class='ocrx_word' id='word_1_305' title='bbox 1364 2622 1541 2685; x_wconf 80' lang='grc' dir='ltr'>Δουκᾳ</span> <span class='ocrx_word' id='word_1_306' title='bbox 1583 2612 2043 2686; x_wconf 77' lang='grc' dir='ltr'>ὑπηρετήσασθαι.</span> 
     </span>
    </p>
   </div>
   <div class='ocr_carea' id='block_1_37' title="bbox 383 2697 2041 2780">
    <p class='ocr_par' dir='ltr' id='par_1_37' title="bbox 383 2697 2041 2780">
     <span class='ocr_line' id='line_1_37' title="bbox 383 2697 2041 2780; baseline -0.005 -17"><span class='ocrx_word' id='word_1_307' title='bbox 383 2709 486 2765; x_wconf 88' lang='grc' dir='ltr'>Ἦν</span> <span class='ocrx_word' id='word_1_308' title='bbox 540 2704 600 2761; x_wconf 71' lang='grc' dir='ltr'>δὲ</span> <span class='ocrx_word' id='word_1_309' title='bbox 653 2705 778 2779; x_wconf 86' lang='grc' dir='ltr'>περὶ</span> <span class='ocrx_word' id='word_1_310' title='bbox 850 2703 1186 2780; x_wconf 87' lang='grc' dir='ltr'>πραγμάτων</span> <span class='ocrx_word' id='word_1_311' title='bbox 1249 2701 1619 2778; x_wconf 83' lang='grc' dir='ltr'>μεταχείρισιν</span> <span class='ocrx_word' id='word_1_312' title='bbox 1676 2697 1847 2770; x_wconf 79' lang='grc' dir='ltr'>δεξιὸς</span> <span class='ocrx_word' id='word_1_313' title='bbox 1881 2745 1894 2770; x_wconf 88' lang='grc'>,</span> <span class='ocrx_word' id='word_1_314' title='bbox 1954 2700 2041 2754; x_wconf 82' lang='grc' dir='ltr'>καὶ</span> 
     </span>
    </p>
   </div>
   <div class='ocr_carea' id='block_1_38' title="bbox 391 2787 2042 2871">
    <p class='ocr_par' dir='ltr' id='par_1_38' title="bbox 391 2787 2042 2871">
     <span class='ocr_line' id='line_1_38' title="bbox 391 2787 2042 2871; baseline -0.005 -21"><span class='ocrx_word' id='word_1_315' title='bbox 391 2794 584 2871; x_wconf 81' lang='grc' dir='ltr'>λόγοις</span> <span class='ocrx_word' id='word_1_316' title='bbox 639 2790 970 2869; x_wconf 86' lang='grc' dir='ltr'>ὡμιληκὼς,</span> <span class='ocrx_word' id='word_1_317' title='bbox 1025 2792 1086 2848; x_wconf 87' lang='grc' dir='ltr'>τὸ</span> <span class='ocrx_word' id='word_1_318' title='bbox 1136 2789 1193 2847; x_wconf 78' lang='grc' dir='ltr'>δὲ</span> <span class='ocrx_word' id='word_1_319' title='bbox 1220 2790 1351 2859; x_wconf 72' lang='grc' dir='ltr'>ἦθος</span> <span class='ocrx_word' id='word_1_320' title='bbox 1404 2787 1549 2866; x_wconf 81' lang='grc' dir='ltr'>ἔχων</span> <span class='ocrx_word' id='word_1_321' title='bbox 1612 2790 2042 2863; x_wconf 74' lang='grc' dir='ltr'>ὑποκαθήμενον,</span> 
     </span>
    </p>
   </div>
   <div class='ocr_carea' id='block_1_39' title="bbox 401 2877 2047 2961">
    <p class='ocr_par' dir='ltr' id='par_1_39' title="bbox 401 2877 2047 2961">
     <span class='ocr_line' id='line_1_39' title="bbox 401 2877 2047 2961; baseline -0.003 -22"><span class='ocrx_word' id='word_1_322' title='bbox 401 2887 490 2940; x_wconf 79' lang='grc' dir='ltr'>καὶ</span> <span class='ocrx_word' id='word_1_323' title='bbox 538 2886 708 2961; x_wconf 80' lang='grc' dir='ltr'>γέμον</span> <span class='ocrx_word' id='word_1_324' title='bbox 772 2881 1126 2953; x_wconf 88' lang='grc' dir='ltr'>δεινότητος.</span> <span class='ocrx_word' id='word_1_325' title='bbox 1185 2884 1361 2939; x_wconf 79' lang='grc' dir='ltr'>Τοῦτο</span> <span class='ocrx_word' id='word_1_326' title='bbox 1413 2883 1542 2956; x_wconf 77' lang='grc' dir='ltr'>γοῦν</span> <span class='ocrx_word' id='word_1_327' title='bbox 1601 2877 1895 2955; x_wconf 75' lang='grc' dir='ltr'>ἐγχειρίζει</span> <span class='ocrx_word' id='word_1_328' title='bbox 1949 2879 2047 2943; x_wconf 77' lang='grc' dir='ltr'>τὰς</span> 
     </span>
    </p>
   </div>
   <div class='ocr_carea' id='block_1_40' title="bbox 410 2963 2040 3047">
    <p class='ocr_par' dir='ltr' id='par_1_40' title="bbox 410 2963 2040 3047">
     <span class='ocr_line' id='line_1_40' title="bbox 410 2963 2040 3047; baseline -0.001 -22"><span class='ocrx_word' id='word_1_329' title='bbox 410 2972 552 3042; x_wconf 71' lang='grc' dir='ltr'>ἡνίας</span> <span class='ocrx_word' id='word_1_330' title='bbox 599 2980 703 3044; x_wconf 76' lang='grc' dir='ltr'>τῆς</span> <span class='ocrx_word' id='word_1_331' title='bbox 766 2972 1088 3047; x_wconf 76' lang='grc' dir='ltr'>βασιλείας,</span> <span class='ocrx_word' id='word_1_332' title='bbox 1157 2968 1453 3047; x_wconf 69' lang='grc' dir='ltr'>λογοθέτην</span> <span class='ocrx_word' id='word_1_333' title='bbox 1512 2967 1788 3041; x_wconf 81' lang='grc' dir='ltr'>ὀνομάσας</span> <span class='ocrx_word' id='word_1_334' title='bbox 1841 2963 2040 3023; x_wconf 76' lang='grc' dir='ltr'>αὐτόν.</span> 
     </span>
    </p>
   </div>
   <div class='ocr_carea' id='block_1_41' title="bbox 406 3058 2042 3137">
    <p class='ocr_par' dir='ltr' id='par_1_41' title="bbox 406 3058 2042 3137">
     <span class='ocr_line' id='line_1_41' title="bbox 406 3058 2042 3137; baseline -0.004 -20"><span class='ocrx_word' id='word_1_335' title='bbox 406 3065 656 3118; x_wconf 78' lang='grc' dir='ltr'>Ἐντεῦθεν</span> <span class='ocrx_word' id='word_1_336' title='bbox 719 3063 748 3117; x_wconf 91' lang='lat'>6</span> <span class='ocrx_word' id='word_1_337' title='bbox 824 3059 994 3134; x_wconf 84' lang='grc' dir='ltr'>Σίδης</span> <span class='ocrx_word' id='word_1_338' title='bbox 1065 3059 1552 3137; x_wconf 82' lang='grc' dir='ltr'>παραγκωνίζεται,</span> <span class='ocrx_word' id='word_1_339' title='bbox 1612 3058 1701 3112; x_wconf 82' lang='grc' dir='ltr'>καὶ</span> <span class='ocrx_word' id='word_1_340' title='bbox 1761 3058 1788 3112; x_wconf 89' lang='lat'>6</span> <span class='ocrx_word' id='word_1_341' title='bbox 1837 3061 2042 3133; x_wconf 88' lang='grc' dir='ltr'>Καῖσαρ</span> 
     </span>
    </p>
   </div>
   <div class='ocr_carea' id='block_1_42' title="bbox 397 3144 2041 3224">
    <p class='ocr_par' dir='ltr' id='par_1_42' title="bbox 397 3144 2041 3224">
     <span class='ocr_line' id='line_1_42' title="bbox 397 3144 2041 3224; baseline -0.005 -16"><span class='ocrx_word' id='word_1_342' title='bbox 397 3151 702 3217; x_wconf 73' lang='grc' dir='ltr'>καθίσταται</span> <span class='ocrx_word' id='word_1_343' title='bbox 763 3151 1049 3224; x_wconf 75' lang='grc' dir='ltr'>ὕποπτος,</span> <span class='ocrx_word' id='word_1_344' title='bbox 1112 3151 1199 3222; x_wconf 84' lang='grc' dir='ltr'>καὶ</span> <span class='ocrx_word' id='word_1_345' title='bbox 1279 3155 1423 3205; x_wconf 77' lang='grc' dir='ltr'>πᾶσα</span> <span class='ocrx_word' id='word_1_346' title='bbox 1481 3151 1510 3219; x_wconf 66' lang='grc' dir='ltr'>ἢ</span> <span class='ocrx_word' id='word_1_347' title='bbox 1567 3154 1667 3219; x_wconf 84' lang='grc' dir='ltr'>τῆς</span> <span class='ocrx_word' id='word_1_348' title='bbox 1725 3144 2041 3224; x_wconf 84' lang='grc' dir='ltr'>βασιλείας,</span> 
     </span>
    </p>
   </div>
   <div class='ocr_carea' id='block_1_43' title="bbox 390 3237 2042 3316">
    <p class='ocr_par' dir='ltr' id='par_1_43' title="bbox 390 3237 2042 3316">
     <span class='ocr_line' id='line_1_43' title="bbox 390 3237 2042 3316; baseline -0.004 -19"><span class='ocrx_word' id='word_1_349' title='bbox 390 3239 660 3312; x_wconf 86' lang='grc' dir='ltr'>διοίκησις</span> <span class='ocrx_word' id='word_1_350' title='bbox 710 3241 813 3298; x_wconf 85' lang='grc' dir='ltr'>ὑπὸ</span> <span class='ocrx_word' id='word_1_351' title='bbox 857 3241 948 3297; x_wconf 86' lang='grc' dir='ltr'>τὸν</span> <span class='ocrx_word' id='word_1_352' title='bbox 999 3239 1297 3316; x_wconf 82' lang='grc' dir='ltr'>λογοθέτην</span> <span class='ocrx_word' id='word_1_353' title='bbox 1357 3238 1588 3314; x_wconf 83' lang='grc' dir='ltr'>ἐγένετο,</span> <span class='ocrx_word' id='word_1_354' title='bbox 1644 3237 1734 3292; x_wconf 76' lang='grc' dir='ltr'>καὶ</span> <span class='ocrx_word' id='word_1_355' title='bbox 1793 3237 1820 3291; x_wconf 92' lang='lat'>6</span> <span class='ocrx_word' id='word_1_356' title='bbox 1883 3237 2042 3312; x_wconf 84' lang='grc' dir='ltr'>βασι-</span> 
     </span>
    </p>
   </div>
   <div class='ocr_carea' id='block_1_44' title="bbox 386 3325 2038 3406">
    <p class='ocr_par' dir='ltr' id='par_1_44' title="bbox 386 3325 2038 3406">
     <span class='ocr_line' id='line_1_44' title="bbox 386 3325 2038 3406; baseline -0.004 -19"><span class='ocrx_word' id='word_1_357' title='bbox 386 3331 513 3394; x_wconf 82' lang='grc' dir='ltr'>λεὺς</span> <span class='ocrx_word' id='word_1_358' title='bbox 545 3333 633 3387; x_wconf 86' lang='grc' dir='ltr'>ὑπ’</span> <span class='ocrx_word' id='word_1_359' title='bbox 687 3331 852 3387; x_wconf 79' lang='grc' dir='ltr'>αὑτοῦ</span> <span class='ocrx_word' id='word_1_360' title='bbox 908 3332 982 3393; x_wconf 86' lang='grc' dir='ltr'>ὡς</span> <span class='ocrx_word' id='word_1_361' title='bbox 1039 3327 1379 3406; x_wconf 79' lang='grc' dir='ltr'>ἀνδράποδον</span> <span class='ocrx_word' id='word_1_362' title='bbox 1411 3325 1597 3406; x_wconf 68' lang='grc' dir='ltr'>ἤγετο.</span> <span class='ocrx_word' id='word_1_363' title='bbox 1642 3327 1746 3384; x_wconf 82' lang='grc' dir='ltr'>Καὶ</span> <span class='ocrx_word' id='word_1_364' title='bbox 1796 3325 1896 3381; x_wconf 84' lang='grc' dir='ltr'>οὑκ</span> <span class='ocrx_word' id='word_1_365' title='bbox 1949 3328 2038 3399; x_wconf 73' lang='grc' dir='ltr'>ἦν,</span> 
     </span>
    </p>
   </div>
   <div class='ocr_carea' id='block_1_45' title="bbox 2157 2346 3814 2419">
    <p class='ocr_par' dir='ltr' id='par_1_45' title="bbox 2157 2346 3814 2419">
     <span class='ocr_line' id='line_1_45' title="bbox 2157 2346 3814 2419; baseline 0.004 -20"><span class='ocrx_word' id='word_1_366' title='bbox 2157 2346 2481 2412; x_wconf 82' lang='lat' dir='ltr'>exercebat,</span> <span class='ocrx_word' id='word_1_367' title='bbox 2515 2347 2617 2418; x_wconf 90' lang='lat' dir='ltr'>qui</span> <span class='ocrx_word' id='word_1_368' title='bbox 2666 2348 2818 2419; x_wconf 89' lang='lat' dir='ltr'>patri</span> <span class='ocrx_word' id='word_1_369' title='bbox 2867 2349 3043 2404; x_wconf 89' lang='lat' dir='ltr'>etiam</span> <span class='ocrx_word' id='word_1_370' title='bbox 3093 2350 3474 2406; x_wconf 89' lang='lat' dir='ltr'>Constantino</span> <span class='ocrx_word' id='word_1_371' title='bbox 3522 2351 3692 2405; x_wconf 68' lang='lat' dir='ltr'>Ducas</span> <span class='ocrx_word' id='word_1_372' title='bbox 3725 2350 3814 2405; x_wconf 91' lang='lat' dir='ltr'>in-</span> 
     </span>
    </p>
   </div>
   <div class='ocr_carea' id='block_1_46' title="bbox 2158 2433 3813 2509">
    <p class='ocr_par' dir='ltr' id='par_1_46' title="bbox 2158 2433 3813 2509">
     <span class='ocr_line' id='line_1_46' title="bbox 2158 2433 3813 2509; baseline 0.004 -22"><span class='ocrx_word' id='word_1_373' title='bbox 2158 2433 2475 2491; x_wconf 88' lang='lat' dir='ltr'>servierat:</span> <span class='ocrx_word' id='word_1_374' title='bbox 2507 2436 2596 2490; x_wconf 93' lang='lat' dir='ltr'>vir</span> <span class='ocrx_word' id='word_1_375' title='bbox 2628 2436 2826 2492; x_wconf 85' lang='lat' dir='ltr'>solerti</span> <span class='ocrx_word' id='word_1_376' title='bbox 2863 2437 3096 2509; x_wconf 87' lang='lat' dir='ltr'>ingenio</span> <span class='ocrx_word' id='word_1_377' title='bbox 3128 2443 3184 2493; x_wconf 90' lang='lat' dir='ltr'>et</span> <span class='ocrx_word' id='word_1_378' title='bbox 3224 2438 3516 2509; x_wconf 86' lang='lat' dir='ltr'>eruditus,</span> <span class='ocrx_word' id='word_1_379' title='bbox 3550 2439 3651 2494; x_wconf 87' lang='lat' dir='ltr'>sed</span> <span class='ocrx_word' id='word_1_380' title='bbox 3686 2439 3813 2494; x_wconf 90' lang='lat' dir='ltr'>ani-</span> 
     </span>
    </p>
   </div>
   <div class='ocr_carea' id='block_1_47' title="bbox 2159 2523 3816 2600">
    <p class='ocr_par' dir='ltr' id='par_1_47' title="bbox 2159 2523 3816 2600">
     <span class='ocr_line' id='line_1_47' title="bbox 2159 2523 3816 2600; baseline 0.004 -24"><span class='ocrx_word' id='word_1_381' title='bbox 2159 2538 2252 2577; x_wconf 92' lang='lat' dir='ltr'>mo</span> <span class='ocrx_word' id='word_1_382' title='bbox 2284 2523 2507 2594; x_wconf 87' lang='lat' dir='ltr'>dejecto</span> <span class='ocrx_word' id='word_1_383' title='bbox 2537 2531 2594 2580; x_wconf 89' lang='lat' dir='ltr'>et</span> <span class='ocrx_word' id='word_1_384' title='bbox 2633 2524 2950 2582; x_wconf 87' lang='lat' dir='ltr'>caliditatis</span> <span class='ocrx_word' id='word_1_385' title='bbox 2984 2526 3170 2599; x_wconf 91' lang='lat' dir='ltr'>pleno.</span> <span class='ocrx_word' id='word_1_386' title='bbox 3226 2529 3281 2584; x_wconf 91' lang='lat' dir='ltr'>Is</span> <span class='ocrx_word' id='word_1_387' title='bbox 3330 2527 3629 2600; x_wconf 87' lang='lat' dir='ltr'>logotheta</span> <span class='ocrx_word' id='word_1_388' title='bbox 3658 2526 3816 2584; x_wconf 88' lang='lat' dir='ltr'>desi-</span> 
     </span>
    </p>
   </div>
   <div class='ocr_carea' id='block_1_48' title="bbox 2155 2615 3809 2690">
    <p class='ocr_par' dir='ltr' id='par_1_48' title="bbox 2155 2615 3809 2690">
     <span class='ocr_line' id='line_1_48' title="bbox 2155 2615 3809 2690; baseline 0.004 -22"><span class='ocrx_word' id='word_1_389' title='bbox 2155 2620 2391 2685; x_wconf 84' lang='lat' dir='ltr'>gnatus,</span> <span class='ocrx_word' id='word_1_390' title='bbox 2441 2615 2675 2687; x_wconf 91' lang='lat' dir='ltr'>imperii</span> <span class='ocrx_word' id='word_1_391' title='bbox 2719 2615 2965 2672; x_wconf 90' lang='lat' dir='ltr'>habenis</span> <span class='ocrx_word' id='word_1_392' title='bbox 3015 2618 3292 2690; x_wconf 79' lang='lat' dir='ltr'>acceptis,</span> <span class='ocrx_word' id='word_1_393' title='bbox 3345 2619 3652 2675; x_wconf 89' lang='lat' dir='ltr'>Sideusem</span> <span class='ocrx_word' id='word_1_394' title='bbox 3681 2618 3809 2674; x_wconf 89' lang='lat' dir='ltr'>loco</span> 
     </span>
    </p>
   </div>
   <div class='ocr_carea' id='block_1_49' title="bbox 2155 2705 3812 2780">
    <p class='ocr_par' dir='ltr' id='par_1_49' title="bbox 2155 2705 3812 2780">
     <span class='ocr_line' id='line_1_49' title="bbox 2155 2705 3812 2780; baseline 0.004 -22"><span class='ocrx_word' id='word_1_395' title='bbox 2155 2707 2367 2772; x_wconf 87' lang='lat' dir='ltr'>movet,</span> <span class='ocrx_word' id='word_1_396' title='bbox 2401 2708 2457 2760; x_wconf 90' lang='lat' dir='ltr'>et</span> <span class='ocrx_word' id='word_1_397' title='bbox 2485 2705 2767 2762; x_wconf 68' lang='lat' dir='ltr'>Caesarem</span> <span class='ocrx_word' id='word_1_398' title='bbox 2801 2711 3141 2778; x_wconf 85' lang='lat' dir='ltr'>suspectum</span> <span class='ocrx_word' id='word_1_399' title='bbox 3187 2707 3402 2775; x_wconf 87' lang='lat' dir='ltr'>reddit,</span> <span class='ocrx_word' id='word_1_400' title='bbox 3454 2706 3581 2780; x_wconf 89' lang='lat' dir='ltr'>ipse</span> <span class='ocrx_word' id='word_1_401' title='bbox 3611 2707 3812 2764; x_wconf 84' lang='lat' dir='ltr'>omnia</span> 
     </span>
    </p>
   </div>
   <div class='ocr_carea' id='block_1_50' title="bbox 2153 2792 3811 2867">
    <p class='ocr_par' dir='ltr' id='par_1_50' title="bbox 2153 2792 3811 2867">
     <span class='ocr_line' id='line_1_50' title="bbox 2153 2792 3811 2867; baseline 0.005 -21"><span class='ocrx_word' id='word_1_402' title='bbox 2153 2792 2527 2865; x_wconf 88' lang='lat' dir='ltr'>imperatoris</span> <span class='ocrx_word' id='word_1_403' title='bbox 2555 2795 2762 2850; x_wconf 88' lang='lat' dir='ltr'>munia</span> <span class='ocrx_word' id='word_1_404' title='bbox 2790 2796 3410 2867; x_wconf 90' lang='lat' dir='ltr'>obiens,eumdemque</span> <span class='ocrx_word' id='word_1_405' title='bbox 3425 2795 3613 2853; x_wconf 88' lang='lat' dir='ltr'>instar</span> <span class='ocrx_word' id='word_1_406' title='bbox 3644 2815 3811 2854; x_wconf 87' lang='lat' dir='ltr'>man-</span> 
     </span>
    </p>
   </div>
   <div class='ocr_carea' id='block_1_51' title="bbox 2154 2881 3812 2957">
    <p class='ocr_par' dir='ltr' id='par_1_51' title="bbox 2154 2881 3812 2957">
     <span class='ocr_line' id='line_1_51' title="bbox 2154 2881 3812 2957; baseline 0.004 -21"><span class='ocrx_word' id='word_1_407' title='bbox 2154 2881 2291 2953; x_wconf 91' lang='lat' dir='ltr'>cipii</span> <span class='ocrx_word' id='word_1_408' title='bbox 2323 2883 2566 2938; x_wconf 89' lang='lat' dir='ltr'>ducens.</span> <span class='ocrx_word' id='word_1_409' title='bbox 2628 2887 2827 2956; x_wconf 89' lang='lat' dir='ltr'><strong>Neque</strong></span> <span class='ocrx_word' id='word_1_410' title='bbox 2858 2884 3182 2956; x_wconf 88' lang='lat' dir='ltr'>quidquam</span> <span class='ocrx_word' id='word_1_411' title='bbox 3241 2889 3387 2952; x_wconf 91' lang='lat' dir='ltr'>erat,</span> <span class='ocrx_word' id='word_1_412' title='bbox 3438 2886 3594 2957; x_wconf 92' lang='lat' dir='ltr'>quod</span> <span class='ocrx_word' id='word_1_413' title='bbox 3642 2903 3677 2942; x_wconf 87' lang='lat' dir='ltr'>a</span> <span class='ocrx_word' id='word_1_414' title='bbox 3725 2885 3812 2942; x_wconf 80' lang='lat' dir='ltr'>lo-</span> 
     </span>
    </p>
   </div>
   <div class='ocr_carea' id='block_1_52' title="bbox 2153 2972 3808 3046">
    <p class='ocr_par' dir='ltr' id='par_1_52' title="bbox 2153 2972 3808 3046">
     <span class='ocr_line' id='line_1_52' title="bbox 2153 2972 3808 3046; baseline 0.002 -20"><span class='ocrx_word' id='word_1_415' title='bbox 2153 2972 2390 3042; x_wconf 84' lang='lat' dir='ltr'>gotheta</span> <span class='ocrx_word' id='word_1_416' title='bbox 2421 2989 2536 3028; x_wconf 91' lang='lat' dir='ltr'>non</span> <span class='ocrx_word' id='word_1_417' title='bbox 2569 2973 3102 3046; x_wconf 83' lang='lat' dir='ltr'>gereretur.Itaque</span> <span class='ocrx_word' id='word_1_418' title='bbox 3132 2990 3262 3030; x_wconf 87' lang='lat' dir='ltr'>cum</span> <span class='ocrx_word' id='word_1_419' title='bbox 3293 2973 3463 3030; x_wconf 88' lang='lat' dir='ltr'>multi</span> <span class='ocrx_word' id='word_1_420' title='bbox 3495 2975 3649 3030; x_wconf 83' lang='lat' dir='ltr'>bona</span> <span class='ocrx_word' id='word_1_421' title='bbox 3680 2992 3808 3042; x_wconf 88' lang='lat' dir='ltr'>sua,</span> 
     </span>
    </p>
   </div>
   <div class='ocr_carea' id='block_1_53' title="bbox 2154 3061 3808 3136">
    <p class='ocr_par' dir='ltr' id='par_1_53' title="bbox 2154 3061 3808 3136">
     <span class='ocr_line' id='line_1_53' title="bbox 2154 3061 3808 3136; baseline 0.004 -22"><span class='ocrx_word' id='word_1_422' title='bbox 2154 3061 2251 3114; x_wconf 89' lang='lat' dir='ltr'>alii</span> <span class='ocrx_word' id='word_1_423' title='bbox 2284 3077 2388 3132; x_wconf 89' lang='lat' dir='ltr'>per</span> <span class='ocrx_word' id='word_1_424' title='bbox 2417 3061 2561 3117; x_wconf 89' lang='lat' dir='ltr'>alias</span> <span class='ocrx_word' id='word_1_425' title='bbox 2591 3079 2822 3130; x_wconf 89' lang='lat' dir='ltr'>causas,</span> <span class='ocrx_word' id='word_1_426' title='bbox 2857 3062 3213 3134; x_wconf 86' lang='lat' dir='ltr'>amitterent,</span> <span class='ocrx_word' id='word_1_427' title='bbox 3245 3063 3630 3136; x_wconf 87' lang='lat' dir='ltr'>hominesque</span> <span class='ocrx_word' id='word_1_428' title='bbox 3659 3069 3808 3121; x_wconf 89' lang='lat' dir='ltr'>atte-</span> 
     </span>
    </p>
   </div>
   <div class='ocr_carea' id='block_1_54' title="bbox 2153 3152 3809 3223">
    <p class='ocr_par' dir='ltr' id='par_1_54' title="bbox 2153 3152 3809 3223">
     <span class='ocr_line' id='line_1_54' title="bbox 2153 3152 3809 3223; baseline 0.003 -19"><span class='ocrx_word' id='word_1_429' title='bbox 2153 3154 2438 3217; x_wconf 89' lang='lat' dir='ltr'>rerentur,</span> <span class='ocrx_word' id='word_1_430' title='bbox 2473 3154 2530 3204; x_wconf 82' lang='lat' dir='ltr'>et</span> <span class='ocrx_word' id='word_1_431' title='bbox 2559 3152 2841 3207; x_wconf 67' lang='lat' dir='ltr'>aerumnis</span> <span class='ocrx_word' id='word_1_432' title='bbox 2873 3155 3318 3223; x_wconf 89' lang='lat' dir='ltr'>premerentur:</span> <span class='ocrx_word' id='word_1_433' title='bbox 3351 3169 3522 3209; x_wconf 90' lang='lat' dir='ltr'>nemo</span> <span class='ocrx_word' id='word_1_434' title='bbox 3554 3153 3809 3222; x_wconf 91' lang='lat' dir='ltr'>erat,cui</span> 
     </span>
    </p>
   </div>
   <div class='ocr_carea' id='block_1_55' title="bbox 2150 3237 3807 3314">
    <p class='ocr_par' dir='ltr' id='par_1_55' title="bbox 2150 3237 3807 3314">
     <span class='ocr_line' id='line_1_55' title="bbox 2150 3237 3807 3314; baseline 0.003 -20"><span class='ocrx_word' id='word_1_435' title='bbox 2150 3237 2249 3294; x_wconf 87' lang='lat' dir='ltr'>illa</span> <span class='ocrx_word' id='word_1_436' title='bbox 2279 3255 2430 3294; x_wconf 73' lang='lat' dir='ltr'>curae</span> <span class='ocrx_word' id='word_1_437' title='bbox 2462 3245 2679 3296; x_wconf 88' lang='lat' dir='ltr'>essent.</span> <span class='ocrx_word' id='word_1_438' title='bbox 2711 3239 2856 3294; x_wconf 91' lang='lat' dir='ltr'>Nam</span> <span class='ocrx_word' id='word_1_439' title='bbox 2903 3241 3225 3312; x_wconf 84' lang='lat' dir='ltr'>imperator</span> <span class='ocrx_word' id='word_1_440' title='bbox 3272 3241 3599 3314; x_wconf 89' lang='lat' dir='ltr'>puerilibus</span> <span class='ocrx_word' id='word_1_441' title='bbox 3633 3243 3807 3299; x_wconf 84' lang='lat' dir='ltr'>rebus</span> 
     </span>
    </p>
   </div>
   <div class='ocr_carea' id='block_1_56' title="bbox 2151 3329 3805 3404">
    <p class='ocr_par' dir='ltr' id='par_1_56' title="bbox 2151 3329 3805 3404">
     <span class='ocr_line' id='line_1_56' title="bbox 2151 3329 3805 3404; baseline 0.002 -20"><span class='ocrx_word' id='word_1_442' title='bbox 2151 3335 2493 3401; x_wconf 87' lang='lat' dir='ltr'>occupatus,</span> <span class='ocrx_word' id='word_1_443' title='bbox 2527 3346 2561 3384; x_wconf 89' lang='lat' dir='ltr'>a</span> <span class='ocrx_word' id='word_1_444' title='bbox 2583 3345 2856 3401; x_wconf 87' lang='lat' dir='ltr'>supremo</span> <span class='ocrx_word' id='word_1_445' title='bbox 2885 3329 3369 3403; x_wconf 88' lang='lat' dir='ltr'>philosophorum</span> <span class='ocrx_word' id='word_1_446' title='bbox 3394 3336 3451 3387; x_wconf 91' lang='lat' dir='ltr'>et</span> <span class='ocrx_word' id='word_1_447' title='bbox 3469 3331 3805 3404; x_wconf 77' lang='lat' dir='ltr'>Hypertimo</span> 
     </span>
    </p>
   </div>
   <div class='ocr_carea' id='block_1_57' title="bbox 383 3415 2035 3498">
    <p class='ocr_par' dir='ltr' id='par_1_57' title="bbox 383 3415 2035 3498">
     <span class='ocr_line' id='line_1_57' title="bbox 383 3415 2035 3498; baseline -0.004 -21"><span class='ocrx_word' id='word_1_448' title='bbox 383 3422 413 3477; x_wconf 76' lang='grc' dir='ltr'><strong>ὃ</strong></span> <span class='ocrx_word' id='word_1_449' title='bbox 473 3423 549 3496; x_wconf 86' lang='grc' dir='ltr'>μή</span> <span class='ocrx_word' id='word_1_450' title='bbox 613 3419 702 3476; x_wconf 78' lang='grc' dir='ltr'>διὰ</span> <span class='ocrx_word' id='word_1_451' title='bbox 756 3425 854 3476; x_wconf 78' lang='grc' dir='ltr'>τοῦ</span> <span class='ocrx_word' id='word_1_452' title='bbox 902 3419 1196 3498; x_wconf 81' lang='grc' dir='ltr'>λογοθέτου</span> <span class='ocrx_word' id='word_1_453' title='bbox 1255 3418 1478 3494; x_wconf 82' lang='grc' dir='ltr'>ἐγίνετο,</span> <span class='ocrx_word' id='word_1_454' title='bbox 1537 3418 1628 3472; x_wconf 85' lang='grc' dir='ltr'>καὶ</span> <span class='ocrx_word' id='word_1_455' title='bbox 1680 3415 1885 3472; x_wconf 86' lang='grc' dir='ltr'>πολλοὶ</span> <span class='ocrx_word' id='word_1_456' title='bbox 1928 3420 2035 3470; x_wconf 82' lang='grc' dir='ltr'>τῶν</span> 
     </span>
    </p>
   </div>
   <div class='ocr_carea' id='block_1_58' title="bbox 2146 3415 3800 3498">
    <p class='ocr_par' dir='ltr' id='par_1_58' title="bbox 2147 3417 3800 3479">
     <span class='ocr_line' id='line_1_58' title="bbox 2147 3417 3800 3479; baseline 0.004 -7"><span class='ocrx_word' id='word_1_457' title='bbox 2147 3418 2422 3474; x_wconf 88' lang='lat' dir='ltr'>Michaele</span> <span class='ocrx_word' id='word_1_458' title='bbox 2453 3419 2642 3474; x_wconf 87' lang='lat' dir='ltr'>Psello</span> <span class='ocrx_word' id='word_1_459' title='bbox 2673 3419 2742 3474; x_wconf 92' lang='lat' dir='ltr'>ad</span> <span class='ocrx_word' id='word_1_460' title='bbox 2779 3417 3105 3474; x_wconf 88' lang='lat' dir='ltr'>litterarum</span> <span class='ocrx_word' id='word_1_461' title='bbox 3153 3420 3352 3476; x_wconf 86' lang='lat' dir='ltr'>studia.</span> <span class='ocrx_word' id='word_1_462' title='bbox 3381 3420 3591 3476; x_wconf 90' lang='lat' dir='ltr'>deduci</span> <span class='ocrx_word' id='word_1_463' title='bbox 3637 3422 3800 3479; x_wconf 90' lang='lat' dir='ltr'>vide-</span> 
     </span>
    </p>
   </div>
   <div class='ocr_carea' id='block_1_59' title="bbox 379 3503 2035 3590">
    <p class='ocr_par' dir='ltr' id='par_1_59' title="bbox 379 3503 2035 3590">
     <span class='ocr_line' id='line_1_59' title="bbox 379 3503 2035 3590; baseline -0.004 -25"><span class='ocrx_word' id='word_1_464' title='bbox 379 3515 712 3586; x_wconf 79' lang='grc' dir='ltr'>περιουσιῶν</span> <span class='ocrx_word' id='word_1_465' title='bbox 771 3508 1166 3590; x_wconf 76' lang='grc' dir='ltr'>ἐφτερήθησαν,</span> <span class='ocrx_word' id='word_1_466' title='bbox 1223 3506 1416 3569; x_wconf 77' lang='grc' dir='ltr'>ἄλλοις</span> <span class='ocrx_word' id='word_1_467' title='bbox 1444 3503 1629 3563; x_wconf 73' lang='grc' dir='ltr'>ἄλλων</span> <span class='ocrx_word' id='word_1_468' title='bbox 1679 3504 2035 3582; x_wconf 83' lang='grc' dir='ltr'>ἐπενηνεγμέ-</span> 
     </span>
    </p>
   </div>
   <div class='ocr_carea' id='block_1_60' title="bbox 381 3590 2036 3673">
    <p class='ocr_par' dir='ltr' id='par_1_60' title="bbox 381 3590 2036 3673">
     <span class='ocr_line' id='line_1_60' title="bbox 381 3590 2036 3673; baseline -0.005 -19"><span class='ocrx_word' id='word_1_469' title='bbox 381 3621 490 3656; x_wconf 87' lang='grc' dir='ltr'>νων</span> <span class='ocrx_word' id='word_1_470' title='bbox 551 3594 759 3673; x_wconf 71' lang='grc' dir='ltr'>λαϐὦν,</span> <span class='ocrx_word' id='word_1_471' title='bbox 817 3599 906 3655; x_wconf 84' lang='grc' dir='ltr'>καὶ</span> <span class='ocrx_word' id='word_1_472' title='bbox 961 3599 1034 3668; x_wconf 80' lang='grc' dir='ltr'>ἦν</span> <span class='ocrx_word' id='word_1_473' title='bbox 1093 3601 1200 3652; x_wconf 81' lang='grc' dir='ltr'>τῶν</span> <span class='ocrx_word' id='word_1_474' title='bbox 1253 3597 1552 3673; x_wconf 84' lang='grc' dir='ltr'>ἀνθρώπων</span> <span class='ocrx_word' id='word_1_475' title='bbox 1600 3595 1911 3672; x_wconf 72' lang='grc' dir='ltr'>σὺντριμμα</span> <span class='ocrx_word' id='word_1_476' title='bbox 1947 3590 2036 3648; x_wconf 82' lang='grc' dir='ltr'>καί</span> 
     </span>
    </p>
   </div>
   <div class='ocr_carea' id='block_1_61' title="bbox 380 3682 2036 3764">
    <p class='ocr_par' dir='ltr' id='par_1_61' title="bbox 380 3682 2036 3764">
     <span class='ocr_line' id='line_1_61' title="bbox 380 3682 2036 3764; baseline -0.002 -22"><span class='ocrx_word' id='word_1_477' title='bbox 380 3687 777 3764; x_wconf 88' lang='grc' dir='ltr'>ταλαιπωρία,</span> <span class='ocrx_word' id='word_1_478' title='bbox 831 3687 923 3743; x_wconf 76' lang='grc' dir='ltr'>καὶ</span> <span class='ocrx_word' id='word_1_479' title='bbox 982 3689 1010 3742; x_wconf 91' lang='lat'>6</span> <span class='ocrx_word' id='word_1_480' title='bbox 1080 3687 1288 3742; x_wconf 73' lang='grc' dir='ltr'>τούτων</span> <span class='ocrx_word' id='word_1_481' title='bbox 1343 3686 1801 3764; x_wconf 77' lang='grc' dir='ltr'>ἐπιστρεφόμενος</span> <span class='ocrx_word' id='word_1_482' title='bbox 1869 3682 2036 3739; x_wconf 79' lang='grc' dir='ltr'>οὐδα-</span> 
     </span>
    </p>
   </div>
   <div class='ocr_carea' id='block_1_62' title="bbox 388 3771 2035 3854">
    <p class='ocr_par' dir='ltr' id='par_1_62' title="bbox 388 3771 2035 3854">
     <span class='ocr_line' id='line_1_62' title="bbox 388 3771 2035 3854; baseline -0.002 -22"><span class='ocrx_word' id='word_1_483' title='bbox 388 3781 546 3852; x_wconf 80' lang='grc' dir='ltr'>μοῦς.</span> <span class='ocrx_word' id='word_1_484' title='bbox 607 3779 665 3831; x_wconf 69' lang='grc' dir='ltr'>Ὀ</span> <span class='ocrx_word' id='word_1_485' title='bbox 739 3777 844 3854; x_wconf 82' lang='grc' dir='ltr'>γὰρ</span> <span class='ocrx_word' id='word_1_486' title='bbox 925 3773 1180 3852; x_wconf 86' lang='grc' dir='ltr'>βασιλεὺς</span> <span class='ocrx_word' id='word_1_487' title='bbox 1252 3772 1671 3851; x_wconf 87' lang='grc' dir='ltr'>παιδαριώδεσιν</span> <span class='ocrx_word' id='word_1_488' title='bbox 1762 3771 2035 3849; x_wconf 81' lang='grc' dir='ltr'>ἐσχόλαζε</span> 
     </span>
    </p>
   </div>
   <div class='ocr_carea' id='block_1_63' title="bbox 381 3863 2032 3944">
    <p class='ocr_par' dir='ltr' id='par_1_63' title="bbox 381 3863 2032 3944">
     <span class='ocr_line' id='line_1_63' title="bbox 381 3863 2032 3944; baseline -0.003 -22"><span class='ocrx_word' id='word_1_489' title='bbox 381 3868 607 3944; x_wconf 81' lang='grc' dir='ltr'>πράξεσι</span> <span class='ocrx_word' id='word_1_490' title='bbox 640 3868 779 3942; x_wconf 86' lang='grc'>(90),</span> <span class='ocrx_word' id='word_1_491' title='bbox 827 3869 922 3921; x_wconf 79' lang='grc' dir='ltr'>τοῦ</span> <span class='ocrx_word' id='word_1_492' title='bbox 971 3866 1176 3921; x_wconf 78' lang='grc' dir='ltr'>ὑπάτου</span> <span class='ocrx_word' id='word_1_493' title='bbox 1225 3869 1332 3919; x_wconf 76' lang='grc' dir='ltr'>τῶν</span> <span class='ocrx_word' id='word_1_494' title='bbox 1376 3863 1691 3943; x_wconf 80' lang='grc' dir='ltr'>φιλοσόφων</span> <span class='ocrx_word' id='word_1_495' title='bbox 1725 3863 1815 3918; x_wconf 79' lang='grc' dir='ltr'>καὶ</span> <span class='ocrx_word' id='word_1_496' title='bbox 1845 3865 2032 3938; x_wconf 85' lang='grc' dir='ltr'>Ὑπερ-</span> 
     </span>
    </p>
   </div>
   <div class='ocr_carea' id='block_1_64' title="bbox 379 3951 2030 4032">
    <p class='ocr_par' dir='ltr' id='par_1_64' title="bbox 379 3951 2030 4032">
     <span class='ocr_line' id='line_1_64' title="bbox 379 3951 2030 4032; baseline -0.002 -21"><span class='ocrx_word' id='word_1_497' title='bbox 379 3957 549 4031; x_wconf 87' lang='grc' dir='ltr'>τίμου</span> <span class='ocrx_word' id='word_1_498' title='bbox 580 3955 813 4032; x_wconf 80' lang='grc' dir='ltr'>Μιχαὴλ</span> <span class='ocrx_word' id='word_1_499' title='bbox 865 3960 962 4011; x_wconf 83' lang='grc' dir='ltr'>τοῦ</span> <span class='ocrx_word' id='word_1_500' title='bbox 1011 3954 1236 4010; x_wconf 81' lang='grc' dir='ltr'>ΨελΛοῦ</span> <span class='ocrx_word' id='word_1_501' title='bbox 1288 3952 1480 4029; x_wconf 91' lang='grc' dir='ltr'>λόγοις</span> <span class='ocrx_word' id='word_1_502' title='bbox 1523 3959 1603 4028; x_wconf 79' lang='grc' dir='ltr'>τῷ</span> <span class='ocrx_word' id='word_1_503' title='bbox 1663 3951 1839 4009; x_wconf 84' lang='grc' dir='ltr'>δοκεῖν</span> <span class='ocrx_word' id='word_1_504' title='bbox 1872 3951 2030 4008; x_wconf 82' lang='grc' dir='ltr'>αὑτὸν</span> 
     </span>
    </p>
   </div>
   <div class='ocr_carea' id='block_1_65' title="bbox 379 4041 2031 4120">
    <p class='ocr_par' dir='ltr' id='par_1_65' title="bbox 379 4041 2031 4120">
     <span class='ocr_line' id='line_1_65' title="bbox 379 4041 2031 4120; baseline -0.002 -19"><span class='ocrx_word' id='word_1_505' title='bbox 379 4041 799 4120; x_wconf 76' lang='grc' dir='ltr'>ἐμϐιϐάζοντος,</span> <span class='ocrx_word' id='word_1_506' title='bbox 843 4045 934 4100; x_wconf 90' lang='grc' dir='ltr'>καὶ</span> <span class='ocrx_word' id='word_1_507' title='bbox 967 4042 1333 4107; x_wconf 86' lang='grc' dir='ltr'>διδάσκοντος’</span> <span class='ocrx_word' id='word_1_508' title='bbox 1388 4049 1481 4100; x_wconf 73' lang='grc' dir='ltr'>νῦν</span> <span class='ocrx_word' id='word_1_509' title='bbox 1543 4045 1637 4118; x_wconf 79' lang='grc' dir='ltr'>μὲν</span> <span class='ocrx_word' id='word_1_510' title='bbox 1694 4045 1794 4113; x_wconf 80' lang='grc' dir='ltr'>τὴν</span> <span class='ocrx_word' id='word_1_511' title='bbox 1852 4063 2031 4119; x_wconf 90' lang='grc' dir='ltr'>γραμ-</span> 
     </span>
    </p>
   </div>
   <div class='ocr_carea' id='block_1_66' title="bbox 383 4130 2030 4212">
    <p class='ocr_par' dir='ltr' id='par_1_66' title="bbox 383 4130 2030 4212">
     <span class='ocr_line' id='line_1_66' title="bbox 383 4130 2030 4212; baseline -0.003 -20"><span class='ocrx_word' id='word_1_512' title='bbox 383 4137 618 4209; x_wconf 73' lang='grc' dir='ltr'>ματικὴν</span> <span class='ocrx_word' id='word_1_513' title='bbox 669 4134 913 4212; x_wconf 77' lang='grc' dir='ltr'>τέχνην,</span> <span class='ocrx_word' id='word_1_514' title='bbox 971 4135 1062 4190; x_wconf 84' lang='grc' dir='ltr'>καὶ</span> <span class='ocrx_word' id='word_1_515' title='bbox 1118 4134 1286 4211; x_wconf 86' lang='grc' dir='ltr'>μέτρα</span> <span class='ocrx_word' id='word_1_516' title='bbox 1339 4135 1431 4189; x_wconf 83' lang='grc' dir='ltr'>καὶ</span> <span class='ocrx_word' id='word_1_517' title='bbox 1509 4130 1868 4206; x_wconf 72' lang='grc' dir='ltr'>διαλέκτους,</span> <span class='ocrx_word' id='word_1_518' title='bbox 1937 4136 2030 4188; x_wconf 76' lang='grc' dir='ltr'>νῦν</span> 
     </span>
    </p>
   </div>
   <div class='ocr_carea' id='block_1_67' title="bbox 2147 3508 3800 3580">
    <p class='ocr_par' dir='ltr' id='par_1_67' title="bbox 2147 3508 3800 3580">
     <span class='ocr_line' id='line_1_67' title="bbox 2147 3508 3800 3580; baseline 0.002 -16"><span class='ocrx_word' id='word_1_519' title='bbox 2147 3509 2340 3578; x_wconf 84' lang='lat' dir='ltr'>batur,</span> <span class='ocrx_word' id='word_1_520' title='bbox 2371 3524 2436 3564; x_wconf 89' lang='lat' dir='ltr'>ac</span> <span class='ocrx_word' id='word_1_521' title='bbox 2469 3509 2642 3563; x_wconf 91' lang='lat' dir='ltr'>modo</span> <span class='ocrx_word' id='word_1_522' title='bbox 2673 3508 2734 3562; x_wconf 91' lang='lat' dir='ltr'>in</span> <span class='ocrx_word' id='word_1_523' title='bbox 2758 3510 2881 3564; x_wconf 90' lang='lat' dir='ltr'>arte</span> <span class='ocrx_word' id='word_1_524' title='bbox 2907 3509 3586 3580; x_wconf 86' lang='lat' dir='ltr'>grammatica,versibus</span> <span class='ocrx_word' id='word_1_525' title='bbox 3615 3514 3671 3567; x_wconf 88' lang='lat' dir='ltr'>et</span> <span class='ocrx_word' id='word_1_526' title='bbox 3692 3511 3800 3567; x_wconf 90' lang='lat' dir='ltr'>lin-</span> 
     </span>
    </p>
   </div>
   <div class='ocr_carea' id='block_1_68' title="bbox 2146 3597 3799 3671">
    <p class='ocr_par' dir='ltr' id='par_1_68' title="bbox 2146 3597 3799 3671">
     <span class='ocr_line' id='line_1_68' title="bbox 2146 3597 3799 3671; baseline 0.002 -19"><span class='ocrx_word' id='word_1_527' title='bbox 2146 3613 2397 3671; x_wconf 86' lang='lat' dir='ltr'>guarum</span> <span class='ocrx_word' id='word_1_528' title='bbox 2428 3597 2774 3653; x_wconf 74' lang='lat' dir='ltr'>differentiis</span> <span class='ocrx_word' id='word_1_529' title='bbox 2803 3597 3199 3665; x_wconf 87' lang='lat' dir='ltr'>erudiebatur,</span> <span class='ocrx_word' id='word_1_530' title='bbox 3226 3599 3400 3655; x_wconf 89' lang='lat' dir='ltr'>modo</span> <span class='ocrx_word' id='word_1_531' title='bbox 3423 3599 3799 3657; x_wconf 87' lang='lat' dir='ltr'>declamatio-</span> 
     </span>
    </p>
   </div>
   <div class='ocr_carea' id='block_1_69' title="bbox 2147 3685 3790 3756">
    <p class='ocr_par' dir='ltr' id='par_1_69' title="bbox 2147 3685 3790 3756">
     <span class='ocr_line' id='line_1_69' title="bbox 2147 3685 3790 3756; baseline 0.003 -14"><span class='ocrx_word' id='word_1_532' title='bbox 2147 3687 2320 3742; x_wconf 89' lang='lat' dir='ltr'>nibus</span> <span class='ocrx_word' id='word_1_533' title='bbox 2352 3685 2679 3753; x_wconf 89' lang='lat' dir='ltr'>rhetoricis,</span> <span class='ocrx_word' id='word_1_534' title='bbox 2712 3687 2886 3742; x_wconf 92' lang='lat' dir='ltr'>modo</span> <span class='ocrx_word' id='word_1_535' title='bbox 2919 3686 3179 3744; x_wconf 79' lang='lat' dir='ltr'>historiis</span> <span class='ocrx_word' id='word_1_536' title='bbox 3206 3689 3582 3756; x_wconf 85' lang='lat' dir='ltr'>assuefiebat,</span> <span class='ocrx_word' id='word_1_537' title='bbox 3617 3691 3790 3748; x_wconf 92' lang='lat' dir='ltr'>modo</span> 
     </span>
    </p>
   </div>
   <div class='ocr_carea' id='block_1_70' title="bbox 2144 3775 3790 3854">
    <p class='ocr_par' dir='ltr' id='par_1_70' title="bbox 2144 3775 3790 3854">
     <span class='ocr_line' id='line_1_70' title="bbox 2144 3775 3790 3854; baseline 0.002 -22"><span class='ocrx_word' id='word_1_538' title='bbox 2144 3777 2217 3832; x_wconf 89' lang='lat' dir='ltr'>ad</span> <span class='ocrx_word' id='word_1_539' title='bbox 2275 3776 2567 3832; x_wconf 89' lang='lat' dir='ltr'>audienda</span> <span class='ocrx_word' id='word_1_540' title='bbox 2623 3775 3030 3848; x_wconf 86' lang='lat' dir='ltr'>philosophica</span> <span class='ocrx_word' id='word_1_541' title='bbox 3108 3782 3394 3850; x_wconf 68' lang='lat' dir='ltr'><strong>praecepta</strong></span> <span class='ocrx_word' id='word_1_542' title='bbox 3450 3780 3790 3854; x_wconf 86' lang='lat' dir='ltr'>parabatur,</span> 
     </span>
    </p>
   </div>
   <div class='ocr_carea' id='block_1_71' title="bbox 2144 3864 3796 3941">
    <p class='ocr_par' dir='ltr' id='par_1_71' title="bbox 2144 3864 3796 3941">
     <span class='ocr_line' id='line_1_71' title="bbox 2144 3864 3796 3941; baseline 0.002 -20"><span class='ocrx_word' id='word_1_543' title='bbox 2144 3865 2415 3938; x_wconf 91' lang='lat' dir='ltr'>quamvis</span> <span class='ocrx_word' id='word_1_544' title='bbox 2445 3866 2516 3920; x_wconf 90' lang='lat' dir='ltr'>ad</span> <span class='ocrx_word' id='word_1_545' title='bbox 2545 3864 2666 3920; x_wconf 70' lang='lat' dir='ltr'>haec</span> <span class='ocrx_word' id='word_1_546' title='bbox 2697 3864 2897 3921; x_wconf 88' lang='lat' dir='ltr'>omnia</span> <span class='ocrx_word' id='word_1_547' title='bbox 2943 3865 3199 3938; x_wconf 90' lang='lat' dir='ltr'>ineptus.</span> <span class='ocrx_word' id='word_1_548' title='bbox 3233 3867 3584 3938; x_wconf 88' lang='lat' dir='ltr'>Hujusmodi</span> <span class='ocrx_word' id='word_1_549' title='bbox 3615 3869 3796 3941; x_wconf 77' lang='lat' dir='ltr'>igitur</span> 
     </span>
    </p>
   </div>
   <div class='ocr_carea' id='block_1_72' title="bbox 2143 3954 3798 4029">
    <p class='ocr_par' dir='ltr' id='par_1_72' title="bbox 2143 3954 3798 4029">
     <span class='ocr_line' id='line_1_72' title="bbox 2143 3954 3798 4029; baseline 0.002 -18"><span class='ocrx_word' id='word_1_550' title='bbox 2143 3954 2358 4011; x_wconf 90' lang='lat' dir='ltr'>studiis</span> <span class='ocrx_word' id='word_1_551' title='bbox 2381 3955 2779 4010; x_wconf 87' lang='lat' dir='ltr'>Romanorum</span> <span class='ocrx_word' id='word_1_552' title='bbox 2801 3954 3119 4026; x_wconf 89' lang='lat' dir='ltr'>imperator</span> <span class='ocrx_word' id='word_1_553' title='bbox 3140 3957 3371 4029; x_wconf 82' lang='lat' dir='ltr'>afﬁxus,</span> <span class='ocrx_word' id='word_1_554' title='bbox 3395 3973 3591 4013; x_wconf 88' lang='lat' dir='ltr'>rerum</span> <span class='ocrx_word' id='word_1_555' title='bbox 3615 3959 3798 4015; x_wconf 89' lang='lat' dir='ltr'>admi-</span> 
     </span>
    </p>
   </div>
   <div class='ocr_carea' id='block_1_73' title="bbox 2146 4042 3796 4122">
    <p class='ocr_par' dir='ltr' id='par_1_73' title="bbox 2146 4042 3796 4122">
     <span class='ocr_line' id='line_1_73' title="bbox 2146 4042 3796 4122; baseline 0.003 -22"><span class='ocrx_word' id='word_1_556' title='bbox 2146 4043 2553 4101; x_wconf 88' lang='lat' dir='ltr'>nistrationem</span> <span class='ocrx_word' id='word_1_557' title='bbox 2587 4042 2777 4114; x_wconf 84' lang='lat' dir='ltr'>alteri,</span> <span class='ocrx_word' id='word_1_558' title='bbox 2828 4044 3000 4116; x_wconf 90' lang='lat' dir='ltr'>eique</span> <span class='ocrx_word' id='word_1_559' title='bbox 3049 4045 3150 4100; x_wconf 91' lang='lat' dir='ltr'>uni</span> <span class='ocrx_word' id='word_1_560' title='bbox 3201 4047 3520 4119; x_wconf 88' lang='lat' dir='ltr'>commisit,</span> <span class='ocrx_word' id='word_1_561' title='bbox 3554 4051 3619 4103; x_wconf 87' lang='lat' dir='ltr'>ut</span> <span class='ocrx_word' id='word_1_562' title='bbox 3648 4047 3796 4122; x_wconf 80' lang='lat' dir='ltr'>legis</span> 
     </span>
    </p>
   </div>
   <div class='ocr_carea' id='block_1_74' title="bbox 2144 4131 3798 4207">
    <p class='ocr_par' dir='ltr' id='par_1_74' title="bbox 2144 4131 3798 4207">
     <span class='ocr_line' id='line_1_74' title="bbox 2144 4131 3798 4207; baseline 0.002 -16"><span class='ocrx_word' id='word_1_563' title='bbox 2144 4133 2555 4191; x_wconf 86' lang='lat' dir='ltr'>auctoritatem</span> <span class='ocrx_word' id='word_1_564' title='bbox 2587 4131 2851 4200; x_wconf 88' lang='lat' dir='ltr'>haberet,</span> <span class='ocrx_word' id='word_1_565' title='bbox 2884 4135 3039 4205; x_wconf 88' lang='lat' dir='ltr'>quod</span> <span class='ocrx_word' id='word_1_566' title='bbox 3072 4134 3377 4207; x_wconf 78' lang='lat' dir='ltr'>logolhetae</span> <span class='ocrx_word' id='word_1_567' title='bbox 3395 4135 3586 4193; x_wconf 89' lang='lat' dir='ltr'>visum</span> <span class='ocrx_word' id='word_1_568' title='bbox 3618 4143 3798 4206; x_wconf 86' lang='lat' dir='ltr'>esset,</span> 
     </span>
    </p>
   </div>
   <div class='ocr_carea' id='block_1_75' title="bbox 1660 4278 2504 4342">
    <p class='ocr_par' dir='ltr' id='par_1_75' title="bbox 1660 4278 2504 4342">
     <span class='ocr_line' id='line_1_75' title="bbox 1660 4278 2504 4342; baseline 0.002 -2"><span class='ocrx_word' id='word_1_569' title='bbox 1660 4278 1864 4340; x_wconf 76' lang='lat' dir='ltr'>Variae</span> <span class='ocrx_word' id='word_1_570' title='bbox 1895 4279 2194 4341; x_wconf 75' lang='lat' dir='ltr'>lectiones</span> <span class='ocrx_word' id='word_1_571' title='bbox 2223 4285 2287 4342; x_wconf 90' lang='lat' dir='ltr'>et</span> <span class='ocrx_word' id='word_1_572' title='bbox 2313 4287 2504 4342; x_wconf 73' lang='lat' dir='ltr'>notae.</span> 
     </span>
    </p>
   </div>
   <div class='ocr_carea' id='block_1_76' title="bbox 452 4404 2030 4482">
    <p class='ocr_par' dir='ltr' id='par_1_76' title="bbox 452 4404 2030 4482">
     <span class='ocr_line' id='line_1_76' title="bbox 452 4404 2030 4482; baseline -0.001 -21"><span class='ocrx_word' id='word_1_573' title='bbox 452 4407 565 4482; x_wconf 74' lang='grc'>(88)</span> <span class='ocrx_word' id='word_1_574' title='bbox 622 4405 954 4482; x_wconf 78' lang='grc' dir='ltr'>Ἑτύριυσεν.</span> <span class='ocrx_word' id='word_1_575' title='bbox 1016 4407 1104 4463; x_wconf 88' lang='lat' dir='ltr'>Ita</span> <span class='ocrx_word' id='word_1_576' title='bbox 1168 4406 1286 4463; x_wconf 88' lang='lat' dir='ltr'>duo</span> <span class='ocrx_word' id='word_1_577' title='bbox 1341 4421 1486 4463; x_wconf 90' lang='lat' dir='ltr'>mss.</span> <span class='ocrx_word' id='word_1_578' title='bbox 1545 4404 1684 4478; x_wconf 81' lang='lat' dir='ltr'>Reg.</span> <span class='ocrx_word' id='word_1_579' title='bbox 1744 4404 1856 4460; x_wconf 90' lang='lat' dir='ltr'>Alii</span> <span class='ocrx_word' id='word_1_580' title='bbox 1914 4404 2030 4461; x_wconf 90' lang='lat' dir='ltr'>duo</span> 
     </span>
    </p>
   </div>
   <div class='ocr_carea' id='block_1_77' title="bbox 375 4479 902 4548">
    <p class='ocr_par' dir='ltr' id='par_1_77' title="bbox 375 4479 902 4548">
     <span class='ocr_line' id='line_1_77' title="bbox 375 4479 902 4548; baseline -0.004 -13"><span class='ocrx_word' id='word_1_581' title='bbox 375 4479 633 4548; x_wconf 70' lang='grc' dir='ltr'>ἐποίησιν</span> <span class='ocrx_word' id='word_1_582' title='bbox 670 4479 902 4536; x_wconf 89' lang='lat' dir='ltr'>habent.</span> 
     </span>
    </p>
   </div>
   <div class='ocr_carea' id='block_1_78' title="bbox 452 4544 2030 4625">
    <p class='ocr_par' dir='ltr' id='par_1_78' title="bbox 452 4544 2030 4625">
     <span class='ocr_line' id='line_1_78' title="bbox 452 4544 2030 4625; baseline -0.002 -19"><span class='ocrx_word' id='word_1_583' title='bbox 452 4544 566 4624; x_wconf 76' lang='lat'>(89)</span> <span class='ocrx_word' id='word_1_584' title='bbox 640 4547 1074 4625; x_wconf 57' lang='lat' dir='ltr'>Mmponoltmv</span> <span class='ocrx_word' id='word_1_585' title='bbox 1154 4544 1327 4625; x_wconf 83' lang='grc' dir='ltr'>Σίδης</span> <span class='ocrx_word' id='word_1_586' title='bbox 1411 4547 1689 4625; x_wconf 38' lang='grc' dir='ltr'>ξίῳάν-νην.</span> <span class='ocrx_word' id='word_1_587' title='bbox 1745 4548 2030 4625; x_wconf 83' lang='lat' dir='ltr'>_Idipsu_m</span> 
     </span>
    </p>
   </div>
   <div class='ocr_carea' id='block_1_79' title="bbox 381 4619 2029 4696">
    <p class='ocr_par' dir='ltr' id='par_1_79' title="bbox 381 4619 2029 4696">
     <span class='ocr_line' id='line_1_79' title="bbox 381 4619 2029 4696; baseline -0.002 -17"><span class='ocrx_word' id='word_1_588' title='bbox 381 4619 577 4696; x_wconf 80' lang='lat' dir='ltr'>prodit</span> <span class='ocrx_word' id='word_1_589' title='bbox 605 4619 918 4680; x_wconf 83' lang='lat' dir='ltr'>Balsamon</span> <span class='ocrx_word' id='word_1_590' title='bbox 953 4623 1023 4696; x_wconf 84' lang='lat' dir='ltr'>ad</span> <span class='ocrx_word' id='word_1_591' title='bbox 1047 4639 1175 4696; x_wconf 82' lang='lat' dir='ltr'>can.</span> <span class='ocrx_word' id='word_1_592' title='bbox 1210 4623 1242 4675; x_wconf 86' lang='grc'>4</span> <span class='ocrx_word' id='word_1_593' title='bbox 1263 4619 1492 4696; x_wconf 83' lang='lat' dir='ltr'>concilii</span> <span class='ocrx_word' id='word_1_594' title='bbox 1517 4619 2029 4696; x_wconf 78' lang='lat' dir='ltr'>Chalcedonensis,</span> 
     </span>
    </p>
   </div>
   <div class='ocr_carea' id='block_1_80' title="bbox 381 4693 2032 4769">
    <p class='ocr_par' dir='ltr' id='par_1_80' title="bbox 381 4693 2032 4769">
     <span class='ocr_line' id='line_1_80' title="bbox 381 4693 2032 4769; baseline -0.002 -18"><span class='ocrx_word' id='word_1_595' title='bbox 381 4693 484 4752; x_wconf 75' lang='lat' dir='ltr'>ubi</span> <span class='ocrx_word' id='word_1_596' title='bbox 515 4697 596 4752; x_wconf 89' lang='lat' dir='ltr'>ait</span> <span class='ocrx_word' id='word_1_597' title='bbox 624 4697 931 4769; x_wconf 86' lang='lat' dir='ltr'>episcopos</span> <span class='ocrx_word' id='word_1_598' title='bbox 963 4694 1262 4769; x_wconf 68' lang='lat' dir='ltr'>interdum</span> <span class='ocrx_word' id='word_1_599' title='bbox 1291 4694 1364 4748; x_wconf 91' lang='lat' dir='ltr'>ab</span> <span class='ocrx_word' id='word_1_600' title='bbox 1398 4693 1750 4769; x_wconf 76' lang='lat' dir='ltr'>imperatore</span> <span class='ocrx_word' id='word_1_601' title='bbox 1785 4693 2032 4769; x_wconf 61' lang='lat' dir='ltr'>publica;</span> 
     </span>
    </p>
   </div>
   <div class='ocr_carea' id='block_1_81' title="bbox 382 4762 2028 4837">
    <p class='ocr_par' dir='ltr' id='par_1_81' title="bbox 382 4762 2028 4837">
     <span class='ocr_line' id='line_1_81' title="bbox 382 4762 2028 4837; baseline -0.005 -13"><span class='ocrx_word' id='word_1_602' title='bbox 382 4771 466 4824; x_wconf 87' lang='lat' dir='ltr'>rei</span> <span class='ocrx_word' id='word_1_603' title='bbox 498 4762 995 4837; x_wconf 75' lang='lat' dir='ltr'>administrationi</span> <span class='ocrx_word' id='word_1_604' title='bbox 1055 4764 1266 4837; x_wconf 68' lang='lat' dir='ltr'>praefici</span> <span class='ocrx_word' id='word_1_605' title='bbox 1299 4762 1505 4837; x_wconf 44' lang='lat' dir='ltr'>posse.—</span> <span class='ocrx_word' id='word_1_606' title='bbox 1550 4765 1646 4837; x_wconf 80' lang='grc' dir='ltr'>Διὰ</span> <span class='ocrx_word' id='word_1_607' title='bbox 1690 4762 1804 4837; x_wconf 57' lang='grc' dir='ltr'>γάρ</span> <span class='ocrx_word' id='word_1_608' title='bbox 1845 4767 2028 4837; x_wconf 67' lang='grc' dir='ltr'>τοῦτο,</span> 
     </span>
    </p>
   </div>
   <div class='ocr_carea' id='block_1_82' title="bbox 2139 4403 3789 4479">
    <p class='ocr_par' dir='ltr' id='par_1_82' title="bbox 2139 4403 3789 4479">
     <span class='ocr_line' id='line_1_82' title="bbox 2139 4403 3789 4479; baseline 0.002 -19"><span class='ocrx_word' id='word_1_609' title='bbox 2139 4403 2458 4479; x_wconf 82' lang='lat' dir='ltr'>superstite</span> <span class='ocrx_word' id='word_1_610' title='bbox 2489 4404 2754 4479; x_wconf 87' lang='lat' dir='ltr'>Michaeli</span> <span class='ocrx_word' id='word_1_611' title='bbox 2785 4405 2904 4462; x_wconf 80' lang='lat' dir='ltr'>filio</span> <span class='ocrx_word' id='word_1_612' title='bbox 2955 4411 3369 4479; x_wconf 60' lang='lat' dir='ltr'>praeceptorem</span> <span class='ocrx_word' id='word_1_613' title='bbox 3422 4407 3627 4464; x_wconf 90' lang='lat' dir='ltr'>datum</span> <span class='ocrx_word' id='word_1_614' title='bbox 3657 4423 3669 4464; x_wconf 89' lang='lat'><strong>:</strong></span> <span class='ocrx_word' id='word_1_615' title='bbox 3704 4407 3789 4464; x_wconf 91' lang='lat' dir='ltr'>sic</span> 
     </span>
    </p>
   </div>
   <div class='ocr_carea' id='block_1_83' title="bbox 2141 4476 3788 4552">
    <p class='ocr_par' dir='ltr' id='par_1_83' title="bbox 2141 4476 3788 4552">
     <span class='ocr_line' id='line_1_83' title="bbox 2141 4476 3788 4552; baseline 0 -20"><span class='ocrx_word' id='word_1_616' title='bbox 2141 4477 2297 4552; x_wconf 84' lang='lat' dir='ltr'>enim</span> <span class='ocrx_word' id='word_1_617' title='bbox 2330 4476 2790 4552; x_wconf 81' lang='lat' dir='ltr'>illa_c_oncipitur</span> <span class='ocrx_word' id='word_1_618' title='bbox 2818 4480 2876 4534; x_wconf 91' lang='lat' dir='ltr'>in</span> <span class='ocrx_word' id='word_1_619' title='bbox 2920 4476 3174 4552; x_wconf 76' lang='lat' dir='ltr'>editione</span> <span class='ocrx_word' id='word_1_620' title='bbox 3209 4481 3519 4552; x_wconf 85' lang='lat' dir='ltr'>Bosqueti:</span> <span class='ocrx_word' id='word_1_621' title='bbox 3553 4481 3666 4536; x_wconf 78' lang='grc' dir='ltr'>Τοῦ</span> <span class='ocrx_word' id='word_1_622' title='bbox 3697 4499 3788 4552; x_wconf 79' lang='grc' dir='ltr'>σο-</span> 
     </span>
    </p>
   </div>
   <div class='ocr_carea' id='block_1_84' title="bbox 2141 4546 3788 4678">
    <p class='ocr_par' dir='ltr' id='par_1_84' title="bbox 2141 4546 3788 4678">
     <span class='ocr_line' id='line_1_84' title="bbox 2141 4546 3788 4625; baseline 0.002 -25"><span class='ocrx_word' id='word_1_623' title='bbox 2141 4546 2391 4624; x_wconf 78' lang='grc' dir='ltr'>φωτάτου</span> <span class='ocrx_word' id='word_1_624' title='bbox 2449 4546 2685 4623; x_wconf 72' lang='grc' dir='ltr'>Μιχαῆλ</span> <span class='ocrx_word' id='word_1_625' title='bbox 2714 4553 2810 4604; x_wconf 76' lang='grc' dir='ltr'>τοῦ</span> <span class='ocrx_word' id='word_1_626' title='bbox 2854 4547 3080 4604; x_wconf 74' lang='grc' dir='ltr'>ΨελΑοῦ</span> <span class='ocrx_word' id='word_1_627' title='bbox 3134 4551 3224 4605; x_wconf 84' lang='grc' dir='ltr'>καὶ</span> <span class='ocrx_word' id='word_1_628' title='bbox 3280 4546 3604 4625; x_wconf 75' lang='grc' dir='ltr'>Ὑπερτίμου</span> <span class='ocrx_word' id='word_1_629' title='bbox 3655 4550 3788 4605; x_wconf 80' lang='grc' dir='ltr'>Σύν-</span> 
     </span>
     <span class='ocr_line' id='line_1_85' title="bbox 2141 4616 3783 4678; baseline 0.004 -6"><span class='ocrx_word' id='word_1_630' title='bbox 2141 4621 2270 4678; x_wconf 77' lang='grc' dir='ltr'>οῲις</span> <span class='ocrx_word' id='word_1_631' title='bbox 2322 4622 2428 4673; x_wconf 80' lang='grc' dir='ltr'>τῶν</span> <span class='ocrx_word' id='word_1_632' title='bbox 2457 4619 2641 4678; x_wconf 79' lang='grc' dir='ltr'>νόμων</span> <span class='ocrx_word' id='word_1_633' title='bbox 2704 4618 2793 4676; x_wconf 78' lang='grc' dir='ltr'>διὰ</span> <span class='ocrx_word' id='word_1_634' title='bbox 2850 4621 3056 4678; x_wconf 85' lang='grc' dir='ltr'>στίγων</span> <span class='ocrx_word' id='word_1_635' title='bbox 3116 4616 3335 4678; x_wconf 63' lang='lat' dir='ltr'>ictu.ng</span> <span class='ocrx_word' id='word_1_636' title='bbox 3367 4624 3457 4678; x_wconf 79' lang='grc' dir='ltr'>καὶ</span> <span class='ocrx_word' id='word_1_637' title='bbox 3483 4622 3783 4678; x_wconf 83' lang='grc' dir='ltr'>πολιτικῶν</span> 
     </span>
    </p>
   </div>
   <div class='ocr_carea' id='block_1_85' title="bbox 2140 4621 3786 4770">
    <p class='ocr_par' dir='ltr' id='par_1_85' title="bbox 2140 4621 3786 4770">
     <span class='ocr_line' id='line_1_86' title="bbox 2141 4621 3783 4696; baseline 0.004 -24"><span class='ocrx_word' id='word_1_638' title='bbox 2141 4621 2270 4692; x_wconf 78' lang='grc' dir='ltr'>ὀψις</span> <span class='ocrx_word' id='word_1_639' title='bbox 2322 4622 2428 4673; x_wconf 80' lang='grc' dir='ltr'>τῶν</span> <span class='ocrx_word' id='word_1_640' title='bbox 2457 4621 2641 4693; x_wconf 73' lang='grc' dir='ltr'>νόμων</span> <span class='ocrx_word' id='word_1_641' title='bbox 2704 4621 2793 4676; x_wconf 78' lang='grc' dir='ltr'>διὰ</span> <span class='ocrx_word' id='word_1_642' title='bbox 2850 4621 3056 4696; x_wconf 91' lang='grc' dir='ltr'>στίχων</span> <span class='ocrx_word' id='word_1_643' title='bbox 3116 4621 3335 4696; x_wconf 72' lang='grc' dir='ltr'>ΐάμϐων</span> <span class='ocrx_word' id='word_1_644' title='bbox 3367 4621 3457 4678; x_wconf 79' lang='grc' dir='ltr'>καὶ</span> <span class='ocrx_word' id='word_1_645' title='bbox 3483 4621 3783 4678; x_wconf 80' lang='grc' dir='ltr'>πολιτικῶν</span> 
     </span>
     <span class='ocr_line' id='line_1_87' title="bbox 2140 4691 3786 4770; baseline 0.003 -25"><span class='ocrx_word' id='word_1_646' title='bbox 2140 4693 2277 4765; x_wconf 88' lang='grc' dir='ltr'>πρὸς</span> <span class='ocrx_word' id='word_1_647' title='bbox 2327 4691 2416 4770; x_wconf 65' lang='grc' dir='ltr'>τρν</span> <span class='ocrx_word' id='word_1_648' title='bbox 2488 4691 2715 4770; x_wconf 77' lang='grc' dir='ltr'>βασιλέα</span> <span class='ocrx_word' id='word_1_649' title='bbox 2760 4693 3006 4770; x_wconf 42' lang='grc' dir='ltr'>Καίσαρα·</span> <span class='ocrx_word' id='word_1_650' title='bbox 3044 4693 3273 4770; x_wconf 71' lang='grc' dir='ltr'>Μιχαὴλ</span> <span class='ocrx_word' id='word_1_651' title='bbox 3315 4694 3407 4770; x_wconf 76' lang='grc' dir='ltr'>τὸν</span> <span class='ocrx_word' id='word_1_652' title='bbox 3444 4701 3669 4770; x_wconf 63' lang='grc' dir='ltr'>⁸ᾼουκᾶν</span> <span class='ocrx_word' id='word_1_653' title='bbox 3710 4693 3786 4770; x_wconf 57' lang='grc' dir='ltr'>ἐκ</span> 
     </span>
    </p>
   </div>
   <div class='ocr_carea' id='block_1_86' title="bbox 2141 4763 3784 4841">
    <p class='ocr_par' dir='ltr' id='par_1_86' title="bbox 2141 4763 3784 4841">
     <span class='ocr_line' id='line_1_88' title="bbox 2141 4763 3784 4841; baseline 0.004 -24"><span class='ocrx_word' id='word_1_654' title='bbox 2141 4763 2498 4838; x_wconf 65' lang='grc' dir='ltr'>προστάξεως</span> <span class='ocrx_word' id='word_1_655' title='bbox 2536 4767 2654 4841; x_wconf 38' lang='grc' dir='ltr'>τοῦ-</span> <span class='ocrx_word' id='word_1_656' title='bbox 2689 4766 2891 4840; x_wconf 87' lang='grc' dir='ltr'>πατρὸς</span> <span class='ocrx_word' id='word_1_657' title='bbox 2931 4763 3251 4841; x_wconf 59' lang='grc' dir='ltr'>ἀὐτῷ”καὶ</span> <span class='ocrx_word' id='word_1_658' title='bbox 3316 4765 3584 4841; x_wconf 71' lang='grc' dir='ltr'>βασιλέως</span> <span class='ocrx_word' id='word_1_659' title='bbox 3623 4808 3635 4822; x_wconf 93' lang='grc'><strong>.</strong></span> <span class='ocrx_word' id='word_1_660' title='bbox 3705 4769 3784 4824; x_wconf 88' lang='grc' dir='ltr'>ΕΟ</span> 
     </span>
    </p>
   </div>
   <div class='ocr_carea' id='block_1_87' title="bbox 382 4831 2035 4983">
    <p class='ocr_par' dir='ltr' id='par_1_87' title="bbox 382 4831 2026 4983">
     <span class='ocr_line' id='line_1_89' title="bbox 382 4831 2026 4910; baseline -0.002 -18"><span class='ocrx_word' id='word_1_661' title='bbox 382 4839 460 4901; x_wconf 83' lang='grc' dir='ltr'>ὡς</span> <span class='ocrx_word' id='word_1_662' title='bbox 515 4835 677 4909; x_wconf 64' lang='grc' dir='ltr'>ἔοικε,</span> <span class='ocrx_word' id='word_1_663' title='bbox 705 4838 797 4894; x_wconf 79' lang='grc' dir='ltr'>καὶ</span> <span class='ocrx_word' id='word_1_664' title='bbox 829 4839 857 4893; x_wconf 91' lang='lat'>6</span> <span class='ocrx_word' id='word_1_665' title='bbox 891 4857 1000 4910; x_wconf 87' lang='grc' dir='ltr'>μητ</span> <span class='ocrx_word' id='word_1_666' title='bbox 1041 4831 1317 4905; x_wconf 73' lang='grc' dir='ltr'>ὁπολίτηξ</span> <span class='ocrx_word' id='word_1_667' title='bbox 1360 4835 1563 4899; x_wconf 75' lang='grc' dir='ltr'>ἐκεῖνος</span> <span class='ocrx_word' id='word_1_668' title='bbox 1591 4835 1619 4888; x_wconf 91' lang='lat'>6</span> <span class='ocrx_word' id='word_1_669' title='bbox 1675 4831 1844 4904; x_wconf 79' lang='grc' dir='ltr'>Σίδης</span> <span class='ocrx_word' id='word_1_670' title='bbox 1895 4831 2026 4889; x_wconf 61' lang='grc' dir='ltr'>ἀπαξ</span> 
     </span>
     <span class='ocr_line' id='line_1_90' title="bbox 382 4855 2024 4983; baseline -0.002 -19"><span class='ocrx_word' id='word_1_671' title='bbox 382 4909 759 4983; x_wconf 81' lang='grc' dir='ltr'>ρεμποδίστως</span> <span class='ocrx_word' id='word_1_672' title='bbox 780 4912 848 4966; x_wconf 79' lang='grc' dir='ltr'>τὰ</span> <span class='ocrx_word' id='word_1_673' title='bbox 866 4917 964 4980; x_wconf 84' lang='grc' dir='ltr'>τῆς</span> <span class='ocrx_word' id='word_1_674' title='bbox 1001 4855 1282 4983; x_wconf 68' lang='grc' dir='ltr'>βασιλείας</span> <span class='ocrx_word' id='word_1_675' title='bbox 1314 4906 1587 4983; x_wconf 79' lang='grc' dir='ltr'>ᾠκονόμει</span> <span class='ocrx_word' id='word_1_676' title='bbox 1617 4908 1899 4983; x_wconf 82' lang='grc' dir='ltr'>προσώπῳ</span> <span class='ocrx_word' id='word_1_677' title='bbox 1927 4910 2024 4960; x_wconf 78' lang='grc' dir='ltr'>τοῦ</span> 
     </span>
    </p>
   </div>
   <div class='ocr_carea' id='block_1_88' title="bbox 2146 4831 3786 4983">
    <p class='ocr_par' dir='ltr' id='par_1_88' title="bbox 2146 4831 3786 4983">
     <span class='ocr_line' id='line_1_91' title="bbox 2146 4831 3786 4913; baseline 0.002 -22"><span class='ocrx_word' id='word_1_678' title='bbox 2146 4831 2267 4892; x_wconf 74' lang='lat' dir='ltr'>vero</span> <span class='ocrx_word' id='word_1_679' title='bbox 2299 4831 2468 4908; x_wconf 82' lang='lat' dir='ltr'>pacto</span> <span class='ocrx_word' id='word_1_680' title='bbox 2500 4836 2687 4892; x_wconf 75' lang='lat' dir='ltr'>effecit</span> <span class='ocrx_word' id='word_1_681' title='bbox 2717 4831 2948 4908; x_wconf 76' lang='lat' dir='ltr'>parens,</span> <span class='ocrx_word' id='word_1_682' title='bbox 2972 4843 3037 4892; x_wconf 91' lang='lat' dir='ltr'>ut</span> <span class='ocrx_word' id='word_1_683' title='bbox 3061 4839 3220 4894; x_wconf 88' lang='lat' dir='ltr'>hisce</span> <span class='ocrx_word' id='word_1_684' title='bbox 3243 4831 3478 4913; x_wconf 79' lang='lat' dir='ltr'>studiis,</span> <span class='ocrx_word' id='word_1_685' title='bbox 3506 4841 3646 4895; x_wconf 91' lang='lat' dir='ltr'>dum</span> <span class='ocrx_word' id='word_1_686' title='bbox 3679 4842 3786 4895; x_wconf 83' lang='lat' dir='ltr'>mi-</span> 
     </span>
     <span class='ocr_line' id='line_1_92' title="bbox 2146 4907 3785 4983; baseline 0.002 -21"><span class='ocrx_word' id='word_1_687' title='bbox 2146 4924 2247 4983; x_wconf 71' lang='lat' dir='ltr'>nus</span> <span class='ocrx_word' id='word_1_688' title='bbox 2277 4909 2736 4983; x_wconf 79' lang='lat' dir='ltr'>etiam_idoneus</span> <span class='ocrx_word' id='word_1_689' title='bbox 2764 4909 3007 4983; x_wconf 84' lang='lat' dir='ltr'>Michael</span> <span class='ocrx_word' id='word_1_690' title='bbox 3036 4916 3222 4976; x_wconf 72' lang='lat' dir='ltr'>vacat,</span> <span class='ocrx_word' id='word_1_691' title='bbox 3253 4910 3391 4982; x_wconf 78' lang='grc' dir='ltr'>πρὸς</span> <span class='ocrx_word' id='word_1_692' title='bbox 3427 4911 3566 4966; x_wconf 78' lang='grc' dir='ltr'>ἅπαν</span> <span class='ocrx_word' id='word_1_693' title='bbox 3603 4907 3785 4983; x_wconf 78' lang='grc' dir='ltr'>ἔργον·</span> 
     </span>
    </p>
   </div>
   <div class='ocr_carea' id='block_1_89' title="bbox 419 4909 964 4984">
    <p class='ocr_par' dir='ltr' id='par_1_89' title="bbox 419 4909 964 4984">
     <span class='ocr_line' id='line_1_93' title="bbox 419 4909 964 4984; baseline -0.002 -20"><span class='ocrx_word' id='word_1_694' title='bbox 419 4909 759 4984; x_wconf 78' lang='grc' dir='ltr'>εμποδίστως</span> <span class='ocrx_word' id='word_1_695' title='bbox 780 4912 848 4966; x_wconf 79' lang='grc' dir='ltr'>τὰ</span> <span class='ocrx_word' id='word_1_696' title='bbox 866 4909 964 4980; x_wconf 84' lang='grc' dir='ltr'>τῆς</span> 
     </span>
    </p>
   </div>
   <div class='ocr_carea' id='block_1_90' title="bbox 382 4930 1517 5058">
    <p class='ocr_par' dir='ltr' id='par_1_90' title="bbox 382 4930 1517 5058">
     <span class='ocr_line' id='line_1_94' title="bbox 419 4930 1517 4984; baseline -0.005 -20"><span class='ocrx_word' id='word_1_697' title='bbox 419 4930 759 4984; x_wconf 84' lang='grc' dir='ltr'>εμποοιστως</span> <span class='ocrx_word' id='word_1_698' title='bbox 780 4931 848 4966; x_wconf 83' lang='grc' dir='ltr'>τα</span> <span class='ocrx_word' id='word_1_699' title='bbox 866 4930 964 4980; x_wconf 90' lang='grc' dir='ltr'>της</span> <span class='ocrx_word' id='word_1_700' title='bbox 1001 4930 1282 4983; x_wconf 71' lang='grc' dir='ltr'>βασιΛειας</span> <span class='ocrx_word' id='word_1_701' title='bbox 1314 4930 1517 4981; x_wconf 61' lang='grc' dir='ltr'>ῳκονοιι</span> 
     </span>
     <span class='ocr_line' id='line_1_95' title="bbox 382 4930 1517 5058; baseline -0.002 -22"><span class='ocrx_word' id='word_1_702' title='bbox 382 4930 854 5058; x_wconf 62' lang='grc' dir='ltr'>βασιλέωςκυροβ</span> <span class='ocrx_word' id='word_1_703' title='bbox 902 4977 1132 5058; x_wconf 59' lang='grc' dir='ltr'>Μιχαὴλ</span> <span class='ocrx_word' id='word_1_704' title='bbox 1153 4983 1260 5058; x_wconf 31' lang='grc' dir='ltr'>,τοῦ</span> <span class='ocrx_word' id='word_1_705' title='bbox 1292 4978 1517 5058; x_wconf 47' lang='grc' dir='ltr'>Δοιζκός.</span> 
     </span>
    </p>
   </div>
   <div class='ocr_carea' id='block_1_91' title="bbox 453 5045 2026 5130">
    <p class='ocr_par' dir='ltr' id='par_1_91' title="bbox 453 5045 2026 5130">
     <span class='ocr_line' id='line_1_96' title="bbox 453 5045 2026 5130; baseline -0.006 -19"><span class='ocrx_word' id='word_1_706' title='bbox 453 5057 560 5130; x_wconf 66' lang='lat'>(90)</span> <span class='ocrx_word' id='word_1_707' title='bbox 632 5045 723 5130; x_wconf 78' lang='lat' dir='ltr'>&#39;O_</span> <span class='ocrx_word' id='word_1_708' title='bbox 757 5045 880 5130; x_wconf 75' lang='grc' dir='ltr'>¹γὰρ</span> <span class='ocrx_word' id='word_1_709' title='bbox 958 5045 1213 5130; x_wconf 66' lang='grc' dir='ltr'>βασιλεὺς</span> <span class='ocrx_word' id='word_1_710' title='bbox 1279 5047 1700 5130; x_wconf 39' lang='grc' dir='ltr'>παιδαριιώδεσιν</span> <span class='ocrx_word' id='word_1_711' title='bbox 1739 5045 2026 5130; x_wconf 40' lang='grc' dir='ltr'>,ἐσχόλαζε</span> 
     </span>
    </p>
   </div>
   <div class='ocr_carea' id='block_1_92' title="bbox 379 5067 2024 5199">
    <p class='ocr_par' dir='ltr' id='par_1_92' title="bbox 379 5067 2024 5199">
     <span class='ocr_line' id='line_1_97' title="bbox 453 5067 2024 5130; baseline -0.007 -18"><span class='ocrx_word' id='word_1_712' title='bbox 453 5067 560 5128; x_wconf 78' lang='lat'>(90)</span> <span class='ocrx_word' id='word_1_713' title='bbox 633 5067 696 5113; x_wconf 80' lang='grc' dir='ltr'>ὐ</span> <span class='ocrx_word' id='word_1_714' title='bbox 816 5067 880 5130; x_wconf 82' lang='grc' dir='ltr'>αρ</span> <span class='ocrx_word' id='word_1_715' title='bbox 958 5067 1213 5128; x_wconf 74' lang='grc' dir='ltr'>βασιλευς</span> <span class='ocrx_word' id='word_1_716' title='bbox 1279 5067 1700 5123; x_wconf 77' lang='grc' dir='ltr'>παιοαριωοεσιν</span> <span class='ocrx_word' id='word_1_717' title='bbox 1757 5067 1816 5104; x_wconf 90' lang='grc' dir='ltr'>εσ</span> <span class='ocrx_word' id='word_1_718' title='bbox 1863 5067 2024 5116; x_wconf 69' lang='grc' dir='ltr'>οΛαςε</span> 
     </span>
     <span class='ocr_line' id='line_1_98' title="bbox 379 5067 2024 5199; baseline -0.003 -20"><span class='ocrx_word' id='word_1_719' title='bbox 379 5125 623 5199; x_wconf 79' lang='grc' dir='ltr'>πράξεσι.</span> <span class='ocrx_word' id='word_1_720' title='bbox 703 5074 859 5199; x_wconf 51' lang='lat' dir='ltr'>InFra</span> <span class='ocrx_word' id='word_1_721' title='bbox 897 5141 944 5199; x_wconf 67' lang='lat'>§_</span> <span class='ocrx_word' id='word_1_722' title='bbox 985 5125 1042 5199; x_wconf 71' lang='grc' dir='ltr'>’ρ</span> <span class='ocrx_word' id='word_1_723' title='bbox 1116 5124 1221 5199; x_wconf 74' lang='grc' dir='ltr'>γὰρ</span> <span class='ocrx_word' id='word_1_724' title='bbox 1302 5121 1555 5199; x_wconf 79' lang='grc' dir='ltr'>βασιλεὺς</span> <span class='ocrx_word' id='word_1_725' title='bbox 1591 5120 1762 5199; x_wconf 41' lang='grc' dir='ltr'>,περί</span> <span class='ocrx_word' id='word_1_726' title='bbox 1821 5067 2024 5199; x_wconf 43' lang='grc' dir='ltr'>λό-γρυς</span> 
     </span>
    </p>
   </div>
   <div class='ocr_carea' id='block_1_93' title="bbox 374 5189 2030 5340">
    <p class='ocr_par' dir='ltr' id='par_1_93' title="bbox 374 5189 2030 5340">
     <span class='ocr_line' id='line_1_99' title="bbox 374 5189 2026 5326; baseline -0.004 -74"><span class='ocrx_word' id='word_1_727' title='bbox 374 5189 693 5326; x_wconf 53' lang='grc' dir='ltr'>ἠσχόλητο,</span> <span class='ocrx_word' id='word_1_728' title='bbox 744 5197 832 5252; x_wconf 84' lang='grc' dir='ltr'>καὶ</span> <span class='ocrx_word' id='word_1_729' title='bbox 897 5189 1142 5270; x_wconf 59' lang='grc' dir='ltr'>ἰάμϐους</span> <span class='ocrx_word' id='word_1_730' title='bbox 1180 5189 1477 5258; x_wconf 66' lang='grc' dir='ltr'>συντιθέναι</span> <span class='ocrx_word' id='word_1_731' title='bbox 1507 5191 1645 5269; x_wconf 85' lang='grc' dir='ltr'>πρὸς</span> <span class='ocrx_word' id='word_1_732' title='bbox 1669 5189 1767 5246; x_wconf 77' lang='grc' dir='ltr'>τοῦ</span> <span class='ocrx_word' id='word_1_733' title='bbox 1800 5189 2026 5247; x_wconf 79' lang='grc' dir='ltr'>Ψελλοῦ</span> 
     </span>
     <span class='ocr_line' id='line_1_100' title="bbox 377 5267 2030 5340; baseline -0.002 -16"><span class='ocrx_word' id='word_1_734' title='bbox 377 5267 457 5325; x_wconf 78' lang='grc' dir='ltr'>ἐδι</span> <span class='ocrx_word' id='word_1_735' title='bbox 499 5269 710 5327; x_wconf 80' lang='grc' dir='ltr'>άσκετο.</span> <span class='ocrx_word' id='word_1_736' title='bbox 748 5271 962 5328; x_wconf 88' lang='lat' dir='ltr'>Eadem</span> <span class='ocrx_word' id='word_1_737' title='bbox 993 5269 1170 5324; x_wconf 90' lang='lat' dir='ltr'>habet</span> <span class='ocrx_word' id='word_1_738' title='bbox 1216 5269 1368 5340; x_wconf 82' lang='lat' dir='ltr'>Scyl.</span> <span class='ocrx_word' id='word_1_739' title='bbox 1420 5269 1482 5324; x_wconf 91' lang='lat' dir='ltr'>Id</span> <span class='ocrx_word' id='word_1_740' title='bbox 1542 5283 1709 5338; x_wconf 86' lang='lat' dir='ltr'>porro</span> <span class='ocrx_word' id='word_1_741' title='bbox 1735 5269 2030 5340; x_wconf 82' lang='lat' dir='ltr'>testantur</span> 
     </span>
    </p>
   </div>
   <div class='ocr_carea' id='block_1_94' title="bbox 377 5337 2028 5411">
    <p class='ocr_par' dir='ltr' id='par_1_94' title="bbox 377 5337 2028 5411">
     <span class='ocr_line' id='line_1_101' title="bbox 377 5337 2028 5411; baseline -0.005 -11"><span class='ocrx_word' id='word_1_742' title='bbox 377 5349 465 5400; x_wconf 86' lang='lat' dir='ltr'>tot</span> <span class='ocrx_word' id='word_1_743' title='bbox 497 5343 790 5400; x_wconf 86' lang='lat' dir='ltr'>Michaelis</span> <span class='ocrx_word' id='word_1_744' title='bbox 813 5340 990 5399; x_wconf 87' lang='lat' dir='ltr'>Pselli</span> <span class='ocrx_word' id='word_1_745' title='bbox 1022 5340 1251 5411; x_wconf 64' lang='lat' dir='ltr'>scripta;</span> <span class='ocrx_word' id='word_1_746' title='bbox 1282 5337 1409 5395; x_wconf 78' lang='lat' dir='ltr'>tum</span> <span class='ocrx_word' id='word_1_747' title='bbox 1462 5337 1728 5396; x_wconf 83' lang='lat' dir='ltr'>versibus</span> <span class='ocrx_word' id='word_1_748' title='bbox 1757 5337 2028 5411; x_wconf 87' lang='lat' dir='ltr'>lamhicis</span> 
     </span>
    </p>
   </div>
   <div class='ocr_carea' id='block_1_95' title="bbox 378 5410 2029 5489">
    <p class='ocr_par' dir='ltr' id='par_1_95' title="bbox 378 5410 2029 5489">
     <span class='ocr_line' id='line_1_102' title="bbox 378 5410 2029 5489; baseline -0.005 -17"><span class='ocrx_word' id='word_1_749' title='bbox 378 5422 508 5472; x_wconf 87' lang='lat' dir='ltr'>tum</span> <span class='ocrx_word' id='word_1_750' title='bbox 559 5415 834 5489; x_wconf 84' lang='lat' dir='ltr'>politicis,</span> <span class='ocrx_word' id='word_1_751' title='bbox 868 5418 1044 5485; x_wconf 89' lang='lat' dir='ltr'>atque</span> <span class='ocrx_word' id='word_1_752' title='bbox 1075 5410 1218 5489; x_wconf 74' lang='lat' dir='ltr'>adeo</span> <span class='ocrx_word' id='word_1_753' title='bbox 1257 5412 1451 5489; x_wconf 83' lang='lat' dir='ltr'>soluta</span> <span class='ocrx_word' id='word_1_754' title='bbox 1499 5411 1760 5489; x_wconf 74' lang='lat' dir='ltr'>oratione</span> <span class='ocrx_word' id='word_1_755' title='bbox 1805 5411 1863 5489; x_wconf 84' lang='lat' dir='ltr'>in</span> <span class='ocrx_word' id='word_1_756' title='bbox 1889 5410 2029 5489; x_wconf 85' lang='lat' dir='ltr'>_Epi-</span> 
     </span>
    </p>
   </div>
   <div class='ocr_carea' id='block_1_96' title="bbox 376 5483 2033 5560">
    <p class='ocr_par' dir='ltr' id='par_1_96' title="bbox 376 5483 2033 5560">
     <span class='ocr_line' id='line_1_103' title="bbox 376 5483 2033 5560; baseline -0.006 -14"><span class='ocrx_word' id='word_1_757' title='bbox 376 5483 578 5547; x_wconf 71' lang='lat' dir='ltr'>tomeri</span> <span class='ocrx_word' id='word_1_758' title='bbox 609 5483 1052 5560; x_wconf 76' lang='lat' dir='ltr'>disciplinarum</span> <span class='ocrx_word' id='word_1_759' title='bbox 1082 5485 1201 5560; x_wconf 82' lang='lat' dir='ltr'><strong>fere</strong></span> <span class='ocrx_word' id='word_1_760' title='bbox 1230 5484 1496 5560; x_wconf 80' lang='lat' dir='ltr'>omnium</span> <span class='ocrx_word' id='word_1_761' title='bbox 1519 5484 1785 5560; x_wconf 75' lang='lat' dir='ltr'>redactae,</span> <span class='ocrx_word' id='word_1_762' title='bbox 1817 5483 2033 5560; x_wconf 82' lang='lat' dir='ltr'>eidem-</span> 
     </span>
    </p>
   </div>
   <div class='ocr_carea' id='block_1_97' title="bbox 379 5555 2032 5634">
    <p class='ocr_par' dir='ltr' id='par_1_97' title="bbox 379 5555 2032 5634">
     <span class='ocr_line' id='line_1_104' title="bbox 379 5555 2032 5634; baseline -0.005 -17"><span class='ocrx_word' id='word_1_763' title='bbox 379 5578 497 5634; x_wconf 88' lang='lat' dir='ltr'>que</span> <span class='ocrx_word' id='word_1_764' title='bbox 536 5555 836 5634; x_wconf 61' lang='lat' dir='ltr'>inscrip&#39;ta;</span> <span class='ocrx_word' id='word_1_765' title='bbox 885 5558 1375 5634; x_wconf 71' lang='lat' dir='ltr'>lucubratipnes,</span> <span class='ocrx_word' id='word_1_766' title='bbox 1407 5557 1478 5634; x_wconf 79' lang='lat' dir='ltr'>de</span> <span class='ocrx_word' id='word_1_767' title='bbox 1535 5556 1751 5627; x_wconf 89' lang='lat' dir='ltr'>quibus</span> <span class='ocrx_word' id='word_1_768' title='bbox 1798 5555 2032 5628; x_wconf 90' lang='lat' dir='ltr'>copiose</span> 
     </span>
    </p>
   </div>
   <div class='ocr_carea' id='block_1_98' title="bbox 379 5627 2031 5700">
    <p class='ocr_par' dir='ltr' id='par_1_98' title="bbox 379 5627 2031 5700">
     <span class='ocr_line' id='line_1_105' title="bbox 379 5627 2031 5700; baseline -0.005 -10"><span class='ocrx_word' id='word_1_769' title='bbox 379 5627 502 5700; x_wconf 70' lang='lat' dir='ltr'>egit</span> <span class='ocrx_word' id='word_1_770' title='bbox 529 5627 778 5689; x_wconf 77' lang='lat' dir='ltr'>Allatius</span> <span class='ocrx_word' id='word_1_771' title='bbox 809 5631 869 5685; x_wconf 93' lang='lat' dir='ltr'>in</span> <span class='ocrx_word' id='word_1_772' title='bbox 897 5629 1141 5686; x_wconf 87' lang='lat' dir='ltr'>laudata</span> <span class='ocrx_word' id='word_1_773' title='bbox 1170 5627 1582 5684; x_wconf 89' lang='lat' dir='ltr'>dissertatione</span> <span class='ocrx_word' id='word_1_774' title='bbox 1609 5643 1623 5683; x_wconf 89' lang='lat'>:</span> <span class='ocrx_word' id='word_1_775' title='bbox 1671 5644 1739 5700; x_wconf 62' lang='lat' dir='ltr'><strong>ex</strong></span> <span class='ocrx_word' id='word_1_776' title='bbox 1777 5627 2031 5700; x_wconf 82' lang='lat' dir='ltr'>quarum</span> 
     </span>
    </p>
   </div>
   <div class='ocr_carea' id='block_1_99' title="bbox 382 5698 2030 5782">
    <p class='ocr_par' dir='ltr' id='par_1_99' title="bbox 382 5698 2030 5782">
     <span class='ocr_line' id='line_1_106' title="bbox 382 5698 2030 5782; baseline -0.006 -19"><span class='ocrx_word' id='word_1_777' title='bbox 382 5698 590 5782; x_wconf 63' lang='lat' dir='ltr'>altera,</span> <span class='ocrx_word' id='word_1_778' title='bbox 613 5703 962 5782; x_wconf 83' lang='lat' dir='ltr'>illa_sci_l_icet</span> <span class='ocrx_word' id='word_1_779' title='bbox 981 5717 1159 5782; x_wconf 71' lang='lat' dir='ltr'>quam</span> <span class='ocrx_word' id='word_1_780' title='bbox 1180 5698 2030 5782; x_wconf 44' lang='lat' dir='ltr'>Synopsinlegumins—cripsit,</span> 
     </span>
    </p>
   </div>
   <div class='ocr_carea' id='block_1_100' title="bbox 382 5772 2035 5846">
    <p class='ocr_par' dir='ltr' id='par_1_100' title="bbox 382 5772 2035 5846">
     <span class='ocr_line' id='line_1_107' title="bbox 382 5772 2035 5846; baseline -0.004 -10"><span class='ocrx_word' id='word_1_781' title='bbox 382 5772 672 5838; x_wconf 76' lang='lat' dir='ltr'>discimus</span> <span class='ocrx_word' id='word_1_782' title='bbox 701 5774 962 5836; x_wconf 85' lang='lat' dir='ltr'>Psellum</span> <span class='ocrx_word' id='word_1_783' title='bbox 994 5772 1029 5831; x_wconf 67' lang='grc' dir='ltr'>ἆ</span> <span class='ocrx_word' id='word_1_784' title='bbox 1065 5772 1443 5834; x_wconf 84' lang='lat' dir='ltr'>Constantino</span> <span class='ocrx_word' id='word_1_785' title='bbox 1473 5772 1635 5829; x_wconf 88' lang='lat' dir='ltr'>Duca</span> <span class='ocrx_word' id='word_1_786' title='bbox 1681 5772 2035 5846; x_wconf 85' lang='lat' dir='ltr'>imperatore</span> 
     </span>
    </p>
   </div>
   <div class='ocr_carea' id='block_1_101' title="bbox 1040 4906 2035 4986">
    <p class='ocr_par' dir='ltr' id='par_1_101' title="bbox 1040 4906 2024 4986">
     <span class='ocr_line' id='line_1_108' title="bbox 1040 4906 2024 4986; baseline 0 -26"><span class='ocrx_word' id='word_1_787' title='bbox 1040 4908 1282 4986; x_wconf 64' lang='grc' dir='ltr'>ασιλείας</span> <span class='ocrx_word' id='word_1_788' title='bbox 1314 4906 1587 4986; x_wconf 75' lang='grc' dir='ltr'>ᾠκονόμει</span> <span class='ocrx_word' id='word_1_789' title='bbox 1617 4908 1899 4983; x_wconf 83' lang='grc' dir='ltr'>προσώπῳ</span> <span class='ocrx_word' id='word_1_790' title='bbox 1927 4910 2024 4960; x_wconf 77' lang='grc' dir='ltr'>τοῦ</span> 
     </span>
    </p>
   </div>
   <div class='ocr_carea' id='block_1_102' title="bbox 2146 4906 3785 4986">
    <p class='ocr_par' dir='ltr' id='par_1_102' title="bbox 2146 4906 3785 4986">
     <span class='ocr_line' id='line_1_109' title="bbox 2146 4906 3785 4986; baseline 0.002 -24"><span class='ocrx_word' id='word_1_791' title='bbox 2146 4924 2247 4986; x_wconf 68' lang='lat' dir='ltr'>nus</span> <span class='ocrx_word' id='word_1_792' title='bbox 2277 4906 2736 4986; x_wconf 33' lang='lat' dir='ltr'>etiam‘idoneus</span> <span class='ocrx_word' id='word_1_793' title='bbox 2764 4906 3007 4986; x_wconf 71' lang='lat' dir='ltr'>Michael</span> <span class='ocrx_word' id='word_1_794' title='bbox 3036 4916 3222 4986; x_wconf 73' lang='lat' dir='ltr'>vacat,</span> <span class='ocrx_word' id='word_1_795' title='bbox 3253 4906 3566 4986; x_wconf 30' lang='grc' dir='ltr'>πρὸς-ἅπαν</span> <span class='ocrx_word' id='word_1_796' title='bbox 3603 4907 3785 4986; x_wconf 78' lang='grc' dir='ltr'>ἔργον·</span> 
     </span>
    </p>
   </div>
   <div class='ocr_carea' id='block_1_103' title="bbox 2133 4976 3781 5055">
    <p class='ocr_par' dir='ltr' id='par_1_103' title="bbox 2133 4976 3781 5055">
     <span class='ocr_line' id='line_1_110' title="bbox 2133 4976 3781 5055; baseline 0.004 -23"><span class='ocrx_word' id='word_1_797' title='bbox 2133 4976 2341 5055; x_wconf 71' lang='grc' dir='ltr'>ἀδέξιος</span> <span class='ocrx_word' id='word_1_798' title='bbox 2388 4978 2479 5033; x_wconf 78' lang='grc' dir='ltr'>καὶ</span> <span class='ocrx_word' id='word_1_799' title='bbox 2511 4979 2780 5055; x_wconf 73' lang='grc' dir='ltr'>ἄπρακτος</span> <span class='ocrx_word' id='word_1_800' title='bbox 2825 4981 3065 5038; x_wconf 68' lang='lat' dir='ltr'>effectus</span> <span class='ocrx_word' id='word_1_801' title='bbox 3124 4983 3224 5055; x_wconf 76' lang='lat' dir='ltr'>sit,</span> <span class='ocrx_word' id='word_1_802' title='bbox 3253 4976 3451 5055; x_wconf 75' lang='lat' dir='ltr'>inquit</span> <span class='ocrx_word' id='word_1_803' title='bbox 3504 4976 3781 5040; x_wconf 67' lang='lat' dir='ltr'>Zonaras.</span> 
     </span>
    </p>
   </div>
   <div class='ocr_carea' id='block_1_104' title="bbox 2136 5051 3781 5128">
    <p class='ocr_par' dir='ltr' id='par_1_104' title="bbox 2136 5051 3781 5128">
     <span class='ocr_line' id='line_1_111' title="bbox 2136 5051 3781 5128; baseline 0.003 -21"><span class='ocrx_word' id='word_1_804' title='bbox 2136 5051 2300 5128; x_wconf 82' lang='lat' dir='ltr'>Hinc_</span> <span class='ocrx_word' id='word_1_805' title='bbox 2318 5051 2652 5128; x_wconf 82' lang='lat' dir='ltr'>ProcOpius,</span> <span class='ocrx_word' id='word_1_806' title='bbox 2706 5051 2752 5128; x_wconf 78' lang='lat' dir='ltr'>_l.</span> <span class='ocrx_word' id='word_1_807' title='bbox 2785 5070 2803 5107; x_wconf 84' lang='grc' dir='ltr'>ι</span> <span class='ocrx_word' id='word_1_808' title='bbox 2837 5056 2916 5128; x_wconf 71' lang='lat' dir='ltr'>De</span> <span class='ocrx_word' id='word_1_809' title='bbox 2941 5055 3076 5111; x_wconf 81' lang='lat' dir='ltr'>bello</span> <span class='ocrx_word' id='word_1_810' title='bbox 3125 5051 3376 5128; x_wconf 65' lang='lat' dir='ltr'>Gothica,</span> <span class='ocrx_word' id='word_1_811' title='bbox 3400 5073 3451 5112; x_wconf 92' lang='lat' dir='ltr'>c.</span> <span class='ocrx_word' id='word_1_812' title='bbox 3492 5058 3548 5126; x_wconf 88' lang='lat'>2,</span> <span class='ocrx_word' id='word_1_813' title='bbox 3582 5072 3781 5128; x_wconf 43' lang='lat' dir='ltr'>procef</span> 
     </span>
    </p>
   </div>
   <div class='ocr_carea' id='block_1_105' title="bbox 2136 5123 3783 5200">
    <p class='ocr_par' dir='ltr' id='par_1_105' title="bbox 2136 5123 3783 5200">
     <span class='ocr_line' id='line_1_112' title="bbox 2136 5123 3783 5200; baseline 0.002 -21"><span class='ocrx_word' id='word_1_814' title='bbox 2136 5140 2229 5179; x_wconf 87' lang='lat' dir='ltr'>res</span> <span class='ocrx_word' id='word_1_815' title='bbox 2261 5123 2507 5200; x_wconf 71' lang='lat' dir='ltr'>Gotthos</span> <span class='ocrx_word' id='word_1_816' title='bbox 2561 5126 2991 5200; x_wconf 72' lang='lat' dir='ltr'>Amalasunthae</span> <span class='ocrx_word' id='word_1_817' title='bbox 3025 5127 3381 5200; x_wconf 71' lang='lat' dir='ltr'>Theoderici</span> <span class='ocrx_word' id='word_1_818' title='bbox 3433 5123 3601 5200; x_wconf 72' lang='lat' dir='ltr'>regis</span> <span class='ocrx_word' id='word_1_819' title='bbox 3618 5127 3783 5200; x_wconf 81' lang='lat' dir='ltr'>uxori</span> 
     </span>
    </p>
   </div>
   <div class='ocr_carea' id='block_1_106' title="bbox 2136 5195 3786 5270">
    <p class='ocr_par' dir='ltr' id='par_1_106' title="bbox 2136 5195 3786 5270">
     <span class='ocr_line' id='line_1_113' title="bbox 2136 5195 3786 5270; baseline 0.002 -20"><span class='ocrx_word' id='word_1_820' title='bbox 2136 5195 2394 5270; x_wconf 79' lang='lat' dir='ltr'>graviter</span> <span class='ocrx_word' id='word_1_821' title='bbox 2423 5197 2832 5270; x_wconf 77' lang='lat' dir='ltr'>suscensuisse</span> <span class='ocrx_word' id='word_1_822' title='bbox 2862 5198 3087 5264; x_wconf 89' lang='lat' dir='ltr'>scribit,</span> <span class='ocrx_word' id='word_1_823' title='bbox 3116 5201 3268 5270; x_wconf 86' lang='lat' dir='ltr'>quod</span> <span class='ocrx_word' id='word_1_824' title='bbox 3293 5195 3692 5256; x_wconf 70' lang='lat' dir='ltr'>Athalaricum</span> <span class='ocrx_word' id='word_1_825' title='bbox 3721 5199 3786 5254; x_wconf 84' lang='lat' dir='ltr'>ﬂ-</span> 
     </span>
    </p>
   </div>
   <div class='ocr_carea' id='block_1_107' title="bbox 2135 5268 3782 5342">
    <p class='ocr_par' dir='ltr' id='par_1_107' title="bbox 2135 5268 3782 5342">
     <span class='ocr_line' id='line_1_114' title="bbox 2135 5268 3782 5342; baseline 0.004 -20"><span class='ocrx_word' id='word_1_826' title='bbox 2135 5269 2213 5322; x_wconf 89' lang='lat' dir='ltr'>liu</span> <span class='ocrx_word' id='word_1_827' title='bbox 2226 5284 2281 5322; x_wconf 90' lang='lat' dir='ltr'>m</span> <span class='ocrx_word' id='word_1_828' title='bbox 2305 5268 2759 5342; x_wconf 67' lang='lat' dir='ltr'>praeceptoribus</span> <span class='ocrx_word' id='word_1_829' title='bbox 2781 5269 2990 5342; x_wconf 86' lang='lat' dir='ltr'>litteris</span> <span class='ocrx_word' id='word_1_830' title='bbox 3013 5268 3330 5327; x_wconf 77' lang='lat' dir='ltr'>imbuenda</span> <span class='ocrx_word' id='word_1_831' title='bbox 3343 5289 3397 5326; x_wconf 89' lang='lat' dir='ltr'>m</span> <span class='ocrx_word' id='word_1_832' title='bbox 3418 5273 3782 5342; x_wconf 88' lang='lat' dir='ltr'>tradidisset,</span> 
     </span>
    </p>
   </div>
   <div class='ocr_carea' id='block_1_108' title="bbox 2137 5339 3784 5412">
    <p class='ocr_par' dir='ltr' id='par_1_108' title="bbox 2137 5339 3784 5412">
     <span class='ocr_line' id='line_1_115' title="bbox 2137 5339 3784 5412; baseline 0.003 -16"><span class='ocrx_word' id='word_1_833' title='bbox 2137 5346 2194 5396; x_wconf 85' lang='lat' dir='ltr'>et</span> <span class='ocrx_word' id='word_1_834' title='bbox 2224 5339 2680 5412; x_wconf 80' lang='lat' dir='ltr'>operterelonge</span> <span class='ocrx_word' id='word_1_835' title='bbox 2713 5341 2906 5412; x_wconf 89' lang='lat' dir='ltr'>potius</span> <span class='ocrx_word' id='word_1_836' title='bbox 2965 5346 3028 5396; x_wconf 88' lang='lat' dir='ltr'>ut</span> <span class='ocrx_word' id='word_1_837' title='bbox 3074 5343 3130 5397; x_wconf 92' lang='lat' dir='ltr'>in</span> <span class='ocrx_word' id='word_1_838' title='bbox 3184 5360 3242 5398; x_wconf 94' lang='lat' dir='ltr'><strong>re</strong></span> <span class='ocrx_word' id='word_1_839' title='bbox 3301 5344 3506 5400; x_wconf 88' lang='lat' dir='ltr'>bellica</span> <span class='ocrx_word' id='word_1_840' title='bbox 3547 5339 3784 5402; x_wconf 81' lang='lat' dir='ltr'>futurus</span> 
     </span>
    </p>
   </div>
   <div class='ocr_carea' id='block_1_109' title="bbox 2139 5411 3782 5485">
    <p class='ocr_par' dir='ltr' id='par_1_109' title="bbox 2139 5411 3782 5485">
     <span class='ocr_line' id='line_1_116' title="bbox 2139 5411 3782 5485; baseline 0.003 -18"><span class='ocrx_word' id='word_1_841' title='bbox 2139 5413 2442 5485; x_wconf 84' lang='lat' dir='ltr'>animosus</span> <span class='ocrx_word' id='word_1_842' title='bbox 2465 5411 3052 5485; x_wconf 86' lang='lat' dir='ltr'>gloriaqueinsignis,</span> <span class='ocrx_word' id='word_1_843' title='bbox 3068 5420 3262 5470; x_wconf 90' lang='lat' dir='ltr'>amoto</span> <span class='ocrx_word' id='word_1_844' title='bbox 3274 5416 3577 5473; x_wconf 87' lang='lat' dir='ltr'>doctorum</span> <span class='ocrx_word' id='word_1_845' title='bbox 3599 5421 3782 5484; x_wconf 89' lang='lat' dir='ltr'>metu,</span> 
     </span>
    </p>
   </div>
   <div class='ocr_carea' id='block_1_110' title="bbox 2139 5483 3786 5563">
    <p class='ocr_par' dir='ltr' id='par_1_110' title="bbox 2139 5483 3786 5563">
     <span class='ocr_line' id='line_1_117' title="bbox 2139 5483 3786 5563; baseline 0.004 -25"><span class='ocrx_word' id='word_1_846' title='bbox 2139 5483 2866 5563; x_wconf 68' lang='lat' dir='ltr'>armis_ei_terc_eretur._Sed</span> <span class='ocrx_word' id='word_1_847' title='bbox 2894 5483 3108 5563; x_wconf 77' lang='lat' dir='ltr'>quibus</span> <span class='ocrx_word' id='word_1_848' title='bbox 3134 5487 3512 5563; x_wconf 14' lang='lat' dir='ltr'>potissimum,</span> <span class='ocrx_word' id='word_1_849' title='bbox 3530 5483 3786 5563; x_wconf 59' lang='lat' dir='ltr'>disciplif</span> 
     </span>
    </p>
   </div>
   <div class='ocr_carea' id='block_1_111' title="bbox 2140 5556 3790 5630">
    <p class='ocr_par' dir='ltr' id='par_1_111' title="bbox 2140 5556 3790 5630">
     <span class='ocr_line' id='line_1_118' title="bbox 2140 5556 3790 5630; baseline 0.004 -19"><span class='ocrx_word' id='word_1_850' title='bbox 2140 5556 2253 5630; x_wconf 10' lang='lat' dir='ltr'>nisi</span> <span class='ocrx_word' id='word_1_851' title='bbox 2285 5556 2604 5630; x_wconf 75' lang='lat' dir='ltr'>Michaelis</span> <span class='ocrx_word' id='word_1_852' title='bbox 2662 5556 2925 5612; x_wconf 84' lang='lat' dir='ltr'>animum</span> <span class='ocrx_word' id='word_1_853' title='bbox 3003 5556 3336 5615; x_wconf 82' lang='lat' dir='ltr'>informarit</span> <span class='ocrx_word' id='word_1_854' title='bbox 3389 5562 3639 5630; x_wconf 88' lang='lat' dir='ltr'>Psellus,</span> <span class='ocrx_word' id='word_1_855' title='bbox 3683 5556 3790 5618; x_wconf 57' lang='lat' dir='ltr'>&#39;vel</span> 
     </span>
    </p>
   </div>
   <div class='ocr_carea' id='block_1_112' title="bbox 2181 5628 3790 5706">
    <p class='ocr_par' dir='ltr' id='par_1_112' title="bbox 2181 5628 3790 5706">
     <span class='ocr_line' id='line_1_119' title="bbox 2181 5628 3790 5706; baseline 0.004 -22"><span class='ocrx_word' id='word_1_856' title='bbox 2181 5629 2335 5706; x_wconf 81' lang='lat' dir='ltr'>otius</span> <span class='ocrx_word' id='word_1_857' title='bbox 2367 5645 2515 5706; x_wconf 76' lang='lat' dir='ltr'>quas</span> <span class='ocrx_word' id='word_1_858' title='bbox 2546 5628 2645 5706; x_wconf 82' lang='lat' dir='ltr'>ille</span> <span class='ocrx_word' id='word_1_859' title='bbox 2676 5630 2999 5706; x_wconf 58' lang='lat' dir='ltr'>praesertim</span> <span class='ocrx_word' id='word_1_860' title='bbox 3030 5631 3317 5706; x_wconf 76' lang='lat' dir='ltr'>callucrit,</span> <span class='ocrx_word' id='word_1_861' title='bbox 3349 5633 3600 5706; x_wconf 86' lang='lat' dir='ltr'>ipsemet</span> <span class='ocrx_word' id='word_1_862' title='bbox 3628 5628 3790 5706; x_wconf 50' lang='lat' dir='ltr'>Psclg</span> 
     </span>
    </p>
   </div>
   <div class='ocr_carea' id='block_1_113' title="bbox 2165 5701 3792 5766">
    <p class='ocr_par' dir='ltr' id='par_1_113' title="bbox 2165 5701 3792 5766">
     <span class='ocr_line' id='line_1_120' title="bbox 2165 5701 3792 5766; baseline 0.002 -10"><span class='ocrx_word' id='word_1_863' title='bbox 2165 5718 2233 5756; x_wconf 92' lang='lat' dir='ltr'>us</span> <span class='ocrx_word' id='word_1_864' title='bbox 2289 5701 2513 5757; x_wconf 85' lang='lat' dir='ltr'>indicat</span> <span class='ocrx_word' id='word_1_865' title='bbox 2586 5701 2973 5757; x_wconf 38' lang='lat' dir='ltr'>in’Historia</span> <span class='ocrx_word' id='word_1_866' title='bbox 3045 5704 3307 5759; x_wconf 88' lang='lat' dir='ltr'>nondum</span> <span class='ocrx_word' id='word_1_867' title='bbox 3372 5701 3570 5766; x_wconf 77' lang='lat' dir='ltr'>edita:</span> <span class='ocrx_word' id='word_1_868' title='bbox 3633 5703 3792 5764; x_wconf 85' lang='grc' dir='ltr'>Ἀλλ’</span> 
     </span>
    </p>
   </div>
   <div class='ocr_carea' id='block_1_114' title="bbox 2139 5765 3789 5849">
    <p class='ocr_par' dir='ltr' id='par_1_114' title="bbox 2139 5765 3789 5849">
     <span class='ocr_line' id='line_1_121' title="bbox 2139 5765 3789 5849; baseline 0.005 -23"><span class='ocrx_word' id='word_1_869' title='bbox 2139 5765 2319 5848; x_wconf 73' lang='grc' dir='ltr'>ἔροιτό</span> <span class='ocrx_word' id='word_1_870' title='bbox 2374 5791 2482 5844; x_wconf 80' lang='grc' dir='ltr'>τις,</span> <span class='ocrx_word' id='word_1_871' title='bbox 2535 5769 2657 5827; x_wconf 89' lang='grc' dir='ltr'>τίνα</span> <span class='ocrx_word' id='word_1_872' title='bbox 2704 5775 2786 5846; x_wconf 76' lang='grc' dir='ltr'>τῷ</span> <span class='ocrx_word' id='word_1_873' title='bbox 2863 5768 3078 5848; x_wconf 83' lang='grc' dir='ltr'>βασιλεῖ</span> <span class='ocrx_word' id='word_1_874' title='bbox 3133 5772 3381 5849; x_wconf 75' lang='grc' dir='ltr'>παιδικὰ,</span> <span class='ocrx_word' id='word_1_875' title='bbox 3436 5779 3528 5836; x_wconf 85' lang='grc' dir='ltr'>καὶ</span> <span class='ocrx_word' id='word_1_876' title='bbox 3560 5765 3666 5844; x_wconf 13' lang='grc' dir='ltr'>θοῖς</span> <span class='ocrx_word' id='word_1_877' title='bbox 3725 5777 3789 5835; x_wconf 79' lang='grc' dir='ltr'>ἂν</span> 
     </span>
    </p>
   </div>
  </div>
