4126 6398
300 427 421 490 279
1645 423 1976 487 JOANNIS
2020 423 2362 488 ZONARAE
3602 423 3724 485 280

304 559 556 617 Proinde
585 556 920 631 respublica
963 556 1117 615 male
1160 557 1435 617 habebat.
1467 557 1795 615 Orientales
1822 573 1959 615 vero

2084 555 2120 613 ς’
2170 554 2264 613 ’ίνα
2318 558 2458 614 κάτά
2513 515 2721 636 ῥήτορα
2779 554 3128 634 διαλέγοιτο,
3180 561 3273 613 νῦν
3328 552 3375 611 δ’
3457 554 3724 633 ἱστορίαις

305 647 616 722 provinciae
646 647 884 720 gravius
935 664 1111 720 quam
1160 648 1324 720 prius
1379 649 1761 705 vexabantur.
1809 648 1957 706 Nam

2084 646 2229 701 ιιῦτὸν
2302 648 2749 723 προσεθίζοντος,
2827 644 3029 703 ἄλλοτε
3100 644 3157 701 δὲ
3222 644 3537 725 φιλοσόφων
3589 646 3723 700 Osco-

305 737 581 795 sultauus
613 754 747 793 cum
777 737 1098 807 didicisset,
1132 738 1633 810 quemadmodum
1665 754 1799 793 cum
1834 737 1958 793 Dio-

303 844 451 901 gene
480 831 677 884 actum
708 831 884 899 esset,
917 843 1172 899 eumque
1203 844 1237 883 a
1267 827 1393 885 suis
1427 826 1834 884 crudelissime
1865 827 1958 881 in-

301 918 636 988 terfectum,
661 933 837 989 quem
860 916 988 988 ipse
1010 916 1302 990 captivum
1326 916 1647 974 honorifice
1677 917 1749 973 ad
1781 931 1958 973 suum

304 1006 624 1079 imperium
657 1004 1005 1073 remisisset,
1037 1008 1094 1061 et
1122 1006 1286 1078 pacis
1312 1007 1676 1063 conditiones
1702 1022 1834 1062 cum
1857 1004 1960 1061 illo

307 1096 468 1152 initae.
520 1111 759 1153 manere
788 1094 986 1151 irritas
1011 1112 1024 1152 :
1058 1111 1272 1169 magno
1295 1095 1495 1153 dolore
1524 1096 1787 1167 affectus,
1820 1112 1961 1152 suas

308 1186 508 1257 copias
539 1188 744 1241 contra
797 1184 1195 1243 Romanorum
1244 1185 1575 1258 provincias
1624 1185 1958 1253 concitavit,

308 1290 459 1347 quas
489 1289 606 1329 non
650 1274 774 1344 jam
824 1273 1207 1345 praedabundi
1256 1275 1405 1332 287
1453 1275 1826 1343 invadebant,
1860 1273 1961 1330 sed

309 1367 376 1418 ut
404 1361 710 1419 subacturi
740 1365 800 1418 et
837 1363 1194 1435 possessuri,
1247 1380 1383 1420 cum
1433 1380 1605 1420 nemo
1653 1368 1825 1432 esset,
1861 1362 1963 1437 qui

309 1450 640 1509 obsisteret.
674 1452 808 1518 Quae
841 1466 969 1507 cum
1002 1450 1089 1507 illi
1120 1453 1391 1523 facerent,
1419 1453 1739 1527 imperator
1767 1456 1963 1509 coacto

308 1541 593 1611 exercitu,
625 1541 918 1598 Isaacium
949 1546 1314 1599 (‘omnenum
1345 1543 1554 1599 ducem
1578 1546 1757 1599 creat.
1790 1543 1969 1598 Ruse-

306 1631 388 1687 lio
420 1631 629 1688 Latino
660 1630 886 1703 collega
914 1632 1139 1701 addito,
1172 1632 1267 1689 cui
1306 1649 1443 1689 cccc
1492 1632 1806 1705 populares
1836 1632 1966 1704 ejus

307 1721 613 1794 parebant.
651 1719 868 1776 Verum
900 1720 950 1777 is
982 1722 1238 1777 exercitu
1270 1722 1341 1777 ad
1373 1721 1634 1778 Iconium
1662 1723 1964 1794 perducto,

309 1825 449 1865 cum
481 1809 608 1865 suis
639 1813 797 1865 certa
817 1810 887 1864 de
922 1816 1102 1866 causa
1129 1810 1345 1878 deﬁcit,
1370 1827 1436 1867 ac
1456 1827 1560 1884 per
1580 1828 1643 1868 se
1663 1811 1809 1868 alias
1831 1828 1964 1867 cum

314 1897 524 1954 Turcis
553 1900 798 1970 pugnat.
847 1897 994 1954 alias
1037 1899 1334 1955 Romanas
1382 1900 1715 1972 provincias
1753 1904 1963 1957 vastat.

2003 1944 2050 2010 B

2072 736 2332 812 ρημάτων
2393 737 2689 812 ἀκροᾶσθαι
2745 739 3249 812 παρασκευάζοντος
3287 781 3299 794 .
3354 736 3416 793 Ὀ
3473 732 3533 791 δὲ
3582 735 3725 810 πρὸς

2070 822 2224 882 ούδὶν
2274 823 2546 903 ἐπεφύκει.
2600 824 2832 887 Τούτοις
2863 825 2953 881 οὗν
2985 826 3015 880 6
3046 823 3335 899 Ῥωμαίων
3367 823 3722 899 αὐτοκράτωρ

2068 914 2475 989 προστετηκὼς,
2555 914 2643 991 ὑφ’
2712 911 2920 990 ἕτερον,
3002 916 3094 970 καὶ
3164 918 3360 971 τοῦτον
3436 910 3550 983 ἕνα,
3618 913 3723 981 τὴν

2066 1007 2175 1059 τῶν
2250 1008 2448 1059 κοινῶν
2505 998 2830 1080 κυϐέρνησιν
2891 1003 3220 1077 ἐποιήσατο,
3278 1009 3371 1060 καῖ
3426 1002 3599 1077 νόμος
3653 1001 3721 1071 ἧν

2067 1093 2131 1149 τὸ
2177 1097 2257 1166 τῷ
2314 1088 2583 1170 λογοθέτῃ
2638 1091 2854 1152 δοκοῦν.
2912 1095 2988 1150 Τὰ
3047 1096 3140 1168 μὶν
3166 1091 3260 1149 οὖν
3291 1100 3392 1164 τῆς
3434 1090 3724 1155 πολιτείας

2071 1180 2245 1245 οὕτως
2304 1183 2454 1259 εἶχον
2511 1187 2693 1248 κακῶς
2725 1225 2737 1238 .
2798 1183 2881 1241 Τὰ
2938 1180 2996 1238 δὶ
3050 1184 3187 1239 κατὰ
3241 1184 3339 1253 τὴν
3398 1178 3475 1237 ἕω
3530 1186 3724 1259 χεῖρον

2068 1268 2233 1349 ἔσχον
2287 1271 2323 1342 ἢ
2381 1271 2667 1349 πρότερον.
2728 1274 2786 1327 Ὃ
2840 1272 2941 1350 γὰρ
2994 1272 3240 1328 σουλπὰν
3302 1274 3437 1346 (91),
3480 1273 3549 1328 τὰ
3593 1268 3731 1326 κατὰ

2068 1361 2161 1416 τὸν
2219 1361 2481 1436 Διογένην
2540 1363 2722 1436 μαθὼν
2756 1405 2775 1430 ,
2848 1362 2940 1416 καὶ
3017 1360 3100 1416 ὅτι
3160 1362 3219 1416 ’ὸν
3277 1360 3479 1423 ἐκεῖνος
3539 1354 3724 1416 λαϐὼν

2074 1447 2420 1527 δορυάλωτον
2488 1450 2711 1525 ἐτίμησε
2742 1497 2758 1525 ,
2819 1451 2909 1505 καὶ
2978 1451 3182 1526 ἀφῆκεν
3242 1449 3319 1513 εἰς
3370 1451 3470 1518 τὴν
3526 1446 3724 1504 οἰκείαν

2074 1538 2503 1614 ἀπελευσόμενον
2585 1540 2865 1618 βασιλείαν
2899 1583 2913 1610 ,
2994 1543 3185 1596 τοῦτον
3262 1539 3314 1594 οἱ
3388 1537 3729 1617 συμφυλεται

2073 1628 2300 1700 ἀπηνῶς
2355 1628 2613 1703 οἰκτίστῳ
2666 1630 2874 1703 θανάτῳ
2928 1626 3273 1706 παρέδωκαν,
3331 1627 3422 1684 καὶ
3481 1629 3537 1683 αἱ
3586 1627 3727 1703 πρὸς

2074 1717 2281 1773 ἐκεῖνον
2348 1717 2473 1795 περί
2530 1715 2777 1774 σπονδῶν
2838 1720 3096 1789 συνθῆκαι
3155 1714 3422 1796 ἄπρακτοι
3484 1718 3726 1791 μεμενή-

2075 1827 2254 1880 κασιν,
2317 1806 2675 1883 ύπερήλησε,
2734 1808 2825 1865 καὶ
2881 1809 2976 1871 τὰς
3035 1808 3236 1871 οἰκείας
3293 1804 3547 1881 δυνάμεις
3599 1804 3737 1861 κατᾶ

2075 1900 2185 1952 τῶν
2239 1902 2556 1971 Ῥωμαϊκῶν
2610 1902 2811 1976 χωρῶν
2866 1903 3072 1975 χωρεῖν
3132 1897 3474 1972 ἐξηρέθισεν·
3547 1896 3728 1952 οὐκετι

314 1986 577 2043 Isaacius
605 2003 743 2044 vero
793 1986 1150 2044 Comnemus
1191 2004 1326 2044 cum
1373 1988 1601 2061 reliquo
1654 1989 1908 2046 exercitu
1942 2006 1976 2044 a

2084 1985 2260 2042 τοίνυν
2321 1985 2397 2050 ὡς
2453 1985 2780 2060 ληϊζόμενοι
2835 1993 2954 2051 ταῖς
3014 1988 3227 2064 χώραις
3286 1986 3539 2057 ἐπήεσαν,
3604 1984 3734 2042 ἀλλ’

319 2076 529 2133 Turcis
555 2075 831 2144 vincitur,
892 2093 959 2133 ac
1019 2078 1225 2134 multis
1282 2077 1470 2147 caesis,
1529 2078 1733 2136 multis
1764 2080 1974 2153 captis,

320 2164 652 2238 castrisque
691 2165 957 2237 direptis,
1007 2165 1135 2239 ipse
1182 2182 1418 2239 quoque
1459 2166 1520 2223 in
1558 2167 1816 2225 hostium
1873 2184 1975 2241 po-

319 2257 598 2311 testatem
623 2254 843 2325 venit,a
865 2254 1082 2327 quibus
1107 2272 1324 2329 magna
1345 2256 1594 2329 pecunia
1623 2275 1685 2314 se
1707 2258 1973 2315 redemit.

319 2346 648 2416 Imperator
673 2360 808 2401 vero
857 2346 1138 2401 Caesarem
1188 2350 1466 2419 patruum
1516 2347 1668 2405 bello
1715 2347 1979 2422 praeﬁcit,

321 2450 438 2507 quo
467 2432 742 2491 Ruselius
775 2435 1033 2506 cognito,
1065 2435 1343 2509 Sangario
1375 2441 1690 2510 antequam
1732 2438 1830 2494 ille
1859 2442 1980 2494 tra-

310 2523 545 2595 jiceret,
618 2527 926 2596 occupato,
985 2528 1183 2580 castra
1238 2528 1444 2582 contra
1500 2543 1634 2584 eum
1692 2526 1866 2595 locat,
1925 2531 1983 2584 et

319 2611 597 2686 quamvis
628 2610 731 2668 illo
763 2611 995 2669 veniam
1026 2612 1225 2669 delicti
1275 2615 1677 2687 promittente,
1709 2617 1760 2673 si
1800 2617 1983 2673 armis

321 2702 532 2777 positis
561 2704 635 2760 ad
665 2701 1082 2776 imperatorem
1115 2706 1351 2779 rediret,
1385 2708 1694 2765 barbarica
1721 2708 1983 2766 insolen-

322 2793 412 2851 tia
440 2794 512 2850 de
528 2793 826 2851 deditione
848 2794 1091 2851 minime
1111 2796 1399 2869 cogitans,
1419 2797 1618 2870 proelio
1641 2798 1980 2870 commisso,

326 2881 615 2939 Caesarem
644 2882 845 2952 vincit,
880 2886 937 2939 et
979 2899 1115 2939 cum
1164 2883 1436 2955 pluribus
1485 2884 1618 2941 aliis
1663 2890 1901 2958 captum
1929 2890 1987 2942 et

326 2972 613 3045 vinctum,
645 2988 884 3045 unaque
915 2972 1197 3029 Basilium
1233 2972 1534 3046 Malesam,
1559 2974 1731 3047 paulo
1763 2980 1895 3032 ante
1916 2991 1985 3031 ex

330 3060 668 3134 captivitate
698 3078 834 3118 cum
860 3061 1113 3135 Diogene
1134 3062 1469 3131 liberatum,
1502 3064 1845 3137 Byzantium
1868 3082 1987 3121 ver-

331 3168 437 3209 sus
467 3151 654 3221 ducit,
705 3151 1014 3208 Botaniata
1060 3152 1303 3209 Caesaris
1346 3153 1570 3227 collega
1618 3172 1752 3210 cum
1786 3153 1988 3229 paucis

329 3239 553 3314 elapso,
586 3257 653 3296 ac
676 3240 1051 3314 GhySOpolim
1102 3259 1163 3299 se
1218 3242 1448 3315 recipit,
1495 3244 1595 3299 ubi
1642 3245 1839 3300 statim
1887 3244 1987 3299 do-

2084 2077 2160 2139 ὡς
2216 2075 2414 2138 ταύτας
2470 2075 2785 2150 ωθὲξοντέσ
2837 2098 2897 2135 τε
2974 2077 3065 2132 καὶ
3136 2075 3512 2152 κυριεύσοντες
3547 2117 3562 2144 ,
3635 2078 3734 2130 τοῦ

2084 2168 2220 2243 σφᾶς
2276 2163 2618 2243 ἀνείργοντος
2678 2167 2756 2239 μὴ
2817 2164 3100 2242 παρόντος.
3159 2165 3264 2222 Καὶ
3316 2166 3370 2220 οἰ
3431 2166 3525 2238 μὲν
3569 2166 3738 2219 ταῦτα

2086 2253 2341 2311 ἐποίουνο
2401 2256 2430 2310 6
2489 2252 2548 2312 δὲ
2607 2252 2903 2331 βασιλεὺς,
2958 2252 3186 2329 δύναμιν
3244 2254 3511 2332 ἀγείρας,
3573 2273 3735 2330 στρα-

2085 2343 2297 2421 τάρχην
2341 2343 2542 2416 ταύτης
2585 2344 2676 2400 τὸν
2718 2345 3004 2418 Κομνηνὸν
3038 2338 3417 2420 προϐάλλεται
3449 2342 3735 2414 Ἰσαάκιον,

2089 2433 2341 2505 συζεύξας
2395 2433 2542 2507 αύτῷ
2596 2434 2688 2490 καὶ
2743 2433 2834 2489 τὸν
2889 2438 3115 2489 Λατῖνον
3168 2432 3474 2490 Ῥουσέλιον
3506 2478 3521 2505 ,
3598 2434 3737 2507 ὁμο-

2085 2528 2254 2600 γενῶν
2312 2521 2555 2601 ἑίρχοντα
2597 2523 2958 2599 τετρακοσίων
2983 2521 3215 2599 ἀνδρῶν.
3248 2523 3402 2581 Ἐπεὶ
3434 2520 3492 2579 δὲ
3521 2523 3643 2601 περὶ
3672 2523 3735 2578 τὸ

2091 2613 2318 2670 Ἰκόνιον
2357 2612 2592 2688 ἐγεγόνει
2639 2613 2702 2669 τὸ
2754 2613 3080 2690 στράτευμα,
3137 2611 3188 2685 ἐξ
3227 2612 3404 2676 αἰτίας
3433 2613 3574 2674 τινὸς
3596 2612 3733 2667 ἀπο-

2091 2709 2275 2759 στατεῖ
2298 2703 2326 2758 ὁ
2355 2702 2682 2774 Ῥουσέλιος,
2714 2704 2799 2758 καῖ
2847 2702 2976 2766 τοὺς
3020 2700 3340 2781 ὁμοφύλους
3382 2696 3733 2777 παραλαϐὼν,

2090 2794 2210 2849 καθ’
2241 2793 2426 2849 ἐαυτὸν
2475 2792 2566 2864 ἦν,
2598 2792 2688 2848 καὶ
2718 2799 2795 2863 πῆ
2832 2793 2927 2867 μὲν
2957 2798 3076 2856 τοῖς
3117 2792 3384 2871 Τούρκοις
3409 2792 3742 2869 προσέμισγε

2091 2888 2169 2953 πῆ
2204 2879 2262 2937 δὲ
2287 2882 2382 2944 τὰς
2410 2883 2600 2958 χώρας
2626 2882 2721 2945 τὰς
2765 2881 3076 2955 Ῥωμαϊκὰς
3121 2882 3416 2960 ἐκεράϊζεν.
3475 2886 3534 2939 Ὀ
3560 2877 3618 2935 δέ
3648 2885 3747 2935 Κο-

2097 2971 2298 3045 μνηνὸς
2330 2970 2616 3045 Ἰσαάκιος,
2664 2970 2798 3045 μετᾶ
2843 2969 2940 3026 τοῦ
2983 2968 3312 3049 περιλοίπου
3343 2970 3748 3045 στρατεύματος

2092 3066 2211 3126 τοῖς
2266 3059 2527 3138 Τούρκοις
2576 3054 2930 3136 προσϐαλὼν,
2987 3060 3218 3132 ἥττητο,
3274 3060 3365 3115 καὶ
3415 3054 3607 3115 ἔπεσον
3642 3057 3736 3132 μὲν

2094 3149 2321 3220 πολλοὶ,
2354 3149 2445 3205 καὶ
2503 3148 2888 3226 ἐζωργήθησαν
2943 3149 3119 3227 ἓτεροι
3166 3149 3255 3205 καὶ
3298 3147 3460 3211 αὐτὸς
3509 3150 3539 3203 6
3585 3167 3748 3224 στρα-

2094 3241 2301 3316 τάρχη,
2331 3239 2423 3295 καὶ
2478 3237 2781 3316 διήρπαστο
2829 3242 2864 3309 ἡ
2914 3233 3267 3317 παρεμϐολή.
3299 3243 3353 3292 Ὁ
3382 3239 3478 3312 μὲν
3512 3235 3605 3293 οὖν
3639 3239 3752 3295 Κο-

330 3331 532 3387 mibus
564 3330 761 3403 ignem
790 3329 1029 3401 injecit:
1063 3346 1252 3403 neque
1284 3332 1457 3387 homo
1508 3332 1817 3403 barbarus,
1850 3349 1983 3389 cum

2104 3329 2306 3403 μνηνὸς
2334 3326 2562 3384 πολλῶν
2594 3348 2704 3404 χρη
2718 3329 2900 3402 μάτων
2927 3331 3027 3399 τὴν
3076 3325 3380 3404 ἐλευθερίαν
3413 3326 3689 3399 ὠνήσατοο
3721 3327 3749 3382 6

326 3419 729 3493 imperator,si
759 3437 925 3476 arma
954 3421 1289 3493 deponeret,
1323 3421 1676 3493 curopalatee
1708 3422 1990 3479 honorem

331 3509 386 3567 ei
416 3508 671 3579 offerret,
704 3525 1062 3581 uxoremque
1121 3526 1255 3565 cum
1306 3509 1506 3567 liberis
1562 3511 1846 3581 misisset,
1873 3511 1994 3567 ulla

333 3616 397 3656 re
426 3602 517 3656 est
542 3598 870 3671 mitigatus.
907 3602 1110 3672 itaque
1139 3599 1344 3656 Turcis
1392 3602 1659 3657 mercede
1698 3605 1902 3658 contra
1932 3618 1995 3658 se

333 3687 613 3758 evocatis,
646 3705 781 3744 cum
811 3687 932 3744 illis
963 3705 1025 3743 se
1056 3704 1171 3743 non
1212 3704 1343 3745 esse
1387 3706 1587 3761 parem
1622 3690 1993 3764 intelligeret,

334 3778 620 3836 Caesarem
661 3777 915 3832 vinculis
958 3776 1238 3845 solutum,
1290 3777 1702 3849 imperatorem
1755 3779 1994 3849 salutat,

338 3866 561 3925 multos
593 3881 656 3921 se
685 3882 821 3922 cum
864 3883 930 3922 eo
980 3865 1400 3937 conjuncturos
1448 3883 1580 3923 esse
1627 3875 1811 3925 ratus.
1853 3871 1997 3926 Cum

338 3960 537 4013 autem
566 3955 787 4011 Turcos
818 3955 1124 4011 barbarica
1156 3955 1371 4012 ferocia
1416 3955 1851 4015 inconsiderate
1898 3973 1999 4031 ag-

340 4061 583 4121 gressus
615 4047 794 4114 esset,
842 4044 1049 4101 Franci
1097 4043 1320 4101 multos
1368 4049 1724 4119 straverunt,
1763 4051 2002 4104 caeteros

338 4136 401 4192 in
450 4135 652 4208 fugam
707 4135 1009 4206 conjectos
1056 4134 1430 4193 continenter
1478 4141 1623 4193 sunt
1664 4137 1998 4210 persecuti:

339 4226 541 4300 plures
569 4227 769 4282 tamen
816 4224 1235 4297 substiterunt,
1286 4226 1454 4298 equis
1486 4225 1567 4283 ita
1625 4227 1904 4300 fatigatis,
1938 4229 2005 4283 ut

338 4314 665 4388 longiorem
714 4313 1165 4371 insectationem
1214 4315 1364 4371 ferre
1410 4332 1527 4371 non
1588 4321 1854 4389 possent.
1892 4317 2002 4374 Sed

340 4402 615 4460 Ruselius
643 4405 701 4458 et
750 4405 939 4458 Caesar
967 4403 1173 4475 paucis
1220 4403 1644 4461 comitantibus
1693 4405 2003 4475 instantes,

343 4495 405 4549 et
457 4489 694 4565 longius
750 4506 787 4547 a
840 4490 967 4549 suis
1024 4491 1284 4565 provecti
1341 4490 1403 4547 in
1462 4492 1639 4550 aliam
1679 4494 2004 4551 Turcarum

2104 3417 2162 3475 δὲ
2221 3416 2475 3496 βασιλεὺς
2502 3418 2594 3473 τὸν
2628 3423 2772 3483 θεῖον
2801 3419 2891 3475 τὸν
2925 3419 3162 3496 Καίσαρα
3189 3423 3269 3491 τῷ
3296 3416 3532 3492 πολέμῳ
3563 3436 3757 3491 στρατ-

2102 3509 2288 3586 άρχην
2331 3507 2618 3587 ἐφίστησι.
2697 3511 2873 3566 Τοῦτο
2930 3509 3111 3582 μαθὼν
3172 3509 3201 3564 6
3252 3505 3589 3578 Ῥουσέλιος,
3644 3505 3753 3583 πρὸ

2100 3603 2199 3655 τοῦ
2261 3598 2325 3654 τὸ
2396 3597 2697 3676 Σαγγάριον
2768 3598 2859 3653 τὸν
2936 3596 3187 3675 Καίσαρα
3261 3592 3517 3668 διαϐῆναι
3585 3615 3757 3653 κατα-

2103 3682 2309 3758 λαϐὼν,
2389 3684 3002 3762 ἀντεστρατοπεδεύσατν
3078 3685 3248 3762 αὐτῷ,
3313 3687 3403 3743 καὶ
3457 3687 3487 3744 6
3546 3687 3755 3762 Καῖσαρ

2105 3775 2400 3851 ἀμνηστίαν
2456 3776 2606 3850 αύτῷ
2684 3781 2781 3832 τοῦ
2849 3776 3186 3851 πταίσματος
3242 3775 3646 3854 ἐπηγγέλλετο,
3706 3772 3758 3831 εἰ

2104 3866 2496 3940 προσχωρήσει
2527 3862 2608 3937 τῷ
2641 3862 2876 3939 βασιλεῖ.
2911 3864 3063 3922 Ἀλλ’
3119 3864 3347 3937 ἐκεῖνος,
3405 3860 3755 3942 βαρϐαρικῶς

2107 3954 2532 4030 φρυαττόμενος,
2583 3952 2738 4011 ούδὶν
2791 3954 3005 4034 ἐφρόνει
3062 3952 3391 4029 ἐνδόσιμον.
3448 3952 3758 4031 Συρρήγνυ-

2105 4064 2194 4099 ται
2241 4042 2419 4098 τοίνυν
2477 4043 2726 4118 πόλεμος
2755 4092 2772 4120 ,
2843 4046 2933 4101 καὶ
3005 4046 3322 4117 ἡττήθησαν
3382 4046 3436 4101 οἰ
3484 4041 3604 4118 περὶ
3655 4039 3749 4095 τὸν

2107 4132 2384 4210 Καίσαρα,
2442 4134 2535 4189 καὶ
2591 4134 2755 4198 αὐτὸς
2820 4132 2969 4190 ἑάλω
3037 4133 3131 4190 σὺν
3197 4132 3447 4191 πλείοσιν
3522 4130 3756 4202 ἄλλοις,

2108 4227 2205 4280 τοῦ
2260 4224 2620 4280 Βοτανειάτου
2652 4268 2668 4298 ,
2729 4224 2790 4290 ὃς
2847 4238 3261 4302 συνεστρατηγει
3332 4228 3412 4296 τῷ
3480 4221 3760 4297 Καίσαρι,

2116 4314 2231 4389 μετ’
2279 4312 2483 4391 ἀλίγων
2534 4315 2840 4394 φυγόντος.
2900 4316 2958 4369 Ὃ
3019 4314 3204 4389 μέντοι
3262 4310 3573 4374 Ῥουσέλιος
3625 4312 3766 4389 πρὸς

2108 4404 2173 4459 τὸ
2222 4403 2510 4473 Βυζάντιον
2568 4401 2681 4458 ἰ¹ετο
2734 4400 2878 4481 ἄγων
2935 4404 3028 4458 τὸν
3072 4402 3310 4481 Καίσαρα
3357 4398 3617 4475 δέσμιον,
3673 4398 3769 4457 καὶ

2112 4493 2206 4549 τὸν
2246 4490 2509 4565 Μαλέσην
2538 4492 2839 4567 Βασίλειον,
2888 4491 3008 4570 ἄρτι
3034 4496 3135 4561 τῆς
3170 4491 3306 4568 μετὰ
3349 4494 3446 4547 τοῦ
3477 4488 3773 4567 Διογένους

1631 4668 1837 4732 Variae
1872 4669 2175 4733 lectiones
2202 4674 2267 4733 et
2292 4674 2484 4733 notae.

354 4846 697 4939 ἆγλαΐζοέτο.
784 4841 988 4936 Βιξλία
1045 4843 1259 4939 ,σοφίας
1334 4842 1761 4939 παντοιδαποῢςη
1830 4846 2009 4926 λόγων
2042 4851 2089 4918 D
2120 4849 2296 4939 γηεῆν
2328 4834 2464 4939 πρός
2479 4844 2958 4939 ρισξςθτωνῃεῖλετο,
3001 4848 3093 4905 καὶ
3125 4848 3230 4939 ὶέπὶ
3257 4855 3419 4939 πᾶσιν
3451 4847 3778 4939 ἐδημοσίὶυε

359 4991 624 5069 μολογίαί
654 5039 668 5064 ,
737 4991 1268 5069 καλλιρρημοσύνηί
1304 4992 1576 5069 συνθήκης
1733 4991 2004 5069 *ποικίλος

353 5060 459 5122 τῶν
514 5060 700 5143 λόγων
731 5060 1145 5143 σχημάτισμᾲ,
1203 5061 1240 5143 ᾖ
1296 5067 1404 5143 τῶν
1440 5060 1597 5119 ἰδεῶν
1642 5062 2005 5143 ἐξαλλαγή,ᾒ

354 5132 693 5214 καινολῄογία,
731 5132 1087 5214 ﬂammas
1132 5132 1242 5214 τοῦ
1296 5132 1467 5214 λόγου
1501 5132 1867 5214 ,κατασκευήοξ
1901 5132 2010 5213 πρό

358 5206 417 5286 δὲ
462 5204 965 5286 τούτων’-,ἁπάντων
1015 5204 1575 5286 ὁμπρρςιφιλοσοφίαν
1624 5204 1880 5286 ἔρως,’τὸ
1908 5204 2010 5286 τῇς

360 5282 645 5356 ἀναγωγῆς
692 5280 851 5356 ἷξψος,
910 5280 954 5356 ἢ
1005 5275 1505 5356 τῆς’ᾁλληγρρίοὶς
1562 5275 1867 5356 μεταϐολή.
1929 5275 2009 5340 Οὐ

398 5347 482 5428 ἂρ’
516 5347 634 5409 οἰδα
680 5347 751 5407 si."
781 5347 866 5414 τις
930 5347 1841 5427 βαθυγνώμωνηὲτεροίἐγεγόνει
1899 5359 2009 5410 τῶν

359 5373 661 5551 ἒασιλέων,
715 5421 753 5493 ἢ
810 5420 946 5498 πρὸς
999 5420 1221 5477 ’ἑκαστον
1266 5425 1372 5478 τῶν
1408 5428 1755 5499 ζητουμένων
1790 5421 2009 5482 εὐθυϐο-

408 5497 638 5551 ώτατος.
696 5497 885 5551 Infra:
945 5494 1052 5550 Καὶ
1107 5496 1207 5551 γὰρ
1264 5492 1590 5551 φιλοσόφοις
1650 5499 2009 5551 συνετάῖεται-

408 5492 656 5574 ιὶξτατοςς
696 5492 885 5574 Ῑῂΐΐεςτ
945 5494 1207 5574 Καζγᾲρ
1264 5492 1590 5574 φιλοσόφοις
1650 5499 2011 5574 συνετάζεται,

810 5420 946 5498 πρὸς
999 5420 1221 5499 ’ἕκαστον
1266 5425 1372 5499 τῶν
1408 5420 1755 5499 ζητουμένων
1790 5421 2014 5482 εὐθυϐο-

354 4916 701 5051 χόιρακτῆρες
757 4924 974 4998 σοφῶν,
1035 4916 1425 4996 ἀποφθέγματα
1484 4921 1808 4994 Λακωνικὰ,
1865 4916 2015 4996 γὺω-
2042 4916 2073 4918 ⁷
2119 4916 2385 4996 τοῦνομαξ
2421 4917 2655 4995 Ἰάμϐων
2703 4919 2761 4976 δὲ
2807 4923 2883 4995 μή
2925 4916 3186 4998 προσχὼν
3224 4923 3464 5001 μέτροις,
3500 4916 3776 5000 σχεδιάζει

359 5015 428 5051 uo
474 4996 618 5051 ογίαι
654 5039 668 5051 .
737 4991 1224 5051 καλλιὸὸημοσύνη
1304 4992 1576 5051 συνθήκης
1651 4994 1678 5048 6
1749 4994 2004 5051 ποικίλος
2116 4993 2367 5051 τούτους.
2399 4993 2448 5048 εἴ
2474 4993 2565 5049 καὶ
2618 4993 2694 5051 μὴ
2740 4991 3115 5051 ἐπιτυγγάνων
3162 4994 3230 5051 τὰ
3270 4995 3459 5051 πολλὰ
3502 5000 3601 5051 τοῦ
3642 4994 3776 5051 dun-

2116 4991 2374 5073 τούτους,
2398 4991 2587 5073 εἷμκαὶ.
2618 4993 2694 5068 μή
2740 4991 3115 5073 ἐπιτυγχάνων
3162 4991 3234 5073 τᾷ
3261 4991 3459 5073 πόλλᾶ
3502 4991 3601 5051 τοῦ
3642 4991 3778 5073 ῥυθ-

2122 5014 2367 5058 τουτους,
2399 5013 2446 5048 εῖ
2474 5013 2565 5049 και
2618 5013 2694 5068 μη
2740 5013 2893 5048 επιτυ
2974 5013 3115 5049 ανων
3162 5016 3230 5051 τα
3270 5013 3459 5052 ποΛΛα

2122 5064 2410 5142 politely
2443 5064 2784 5142 ύγιαίνουσαν
2815 5013 3161 5135 τὴνΐξννοιαν
3194 5065 3465 5131 ἐκδιδούς.

2189 5139 2387 5214 (91)ξο
2415 5134 2517 5214 γὰρ
2564 5134 2818 5195 σουλτάν.
2870 5134 2951 5196 Ac
3000 5144 3127 5197 tum
3185 5142 3442 5214 primum
3488 5139 3661 5196 Turci
3700 5140 3775 5214 ad

2118 5210 2439 5287 Bithipiam
2471 5210 2660 5287 usque
2689 5227 3022 5284 pervenere,
3057 5210 3213 5287 quod
3261 5213 3494 5287 Sibyllae
3524 5213 3777 5287 foraculo

2121 5282 2768 5359 pradictum_vo:lebant
2813 5282 3465 5359 Constantinopolitani.
3514 5286 3777 5344 Joannes

2120 5356 2353 5413 Tzetzes
2386 5355 2523 5413 chil.
2553 5357 2611 5427 9,
2642 5372 2771 5428 cap.
2804 5359 2948 5415 288:

2121 5498 2224 5577 ξςαζ
2254 5496 2377 5577 περί
2410 5500 2698 5577 Διο-γένιους
2733 5497 2790 5554 δὲ
2822 5493 3076 5577 ἐφο-ίϐασε
3104 5498 3195 5577 καί
3224 5500 3501 5577 Ἱξούρκωνο

365 5568 459 5625 καὶ
524 5572 658 5641 μετᾶ
724 5565 972 5643 ῥητόρων
1037 5563 1204 5622 εἰπών
1276 5563 1329 5621 τι
1394 5563 1518 5646 περὶ
1579 5570 1664 5639 ζεύ
1709 5563 1876 5643 ματος
1922 5563 2015 5625 καί
2125 5570 2230 5627 Καὶ
2258 5563 2334 5625 τᾶ’
2355 5563 2532 5628 λοιπδι¹
2552 5571 2814 5645 ἐάσωμεν,
2848 5563 3091 5646 λέξωμεν
3149 5569 3207 5628 δὲ
3240 5563 3472 5651 βραχέα.

371 5639 697 5697 ἐμφάσεως·
774 5637 864 5694 καὶ
942 5636 1076 5697 μετᾶ
1160 5640 1397 5696 ὀπτικῶν
1469 5641 1595 5697 περὶ
1668 5592 2018 5697 Excantata):
2127 5643 2201 5697 Δῆ
2232 5642 2356 5697 τότε
2386 5642 2608 5697 Βίθυνον
2638 5649 2795 5697 ’γαῖαν
2828 5643 2990 5697 λύκοι
3020 5644 3327 5697 οἰκήσουσι.

371 5636 697 5715 ἐμφᾴσεως·
724 5636 746 5715 '_
774 5636 873 5715 καῖ’
942 5636 1076 5715 μετὰ
1160 5640 1397 5715 ᾆπτικῶν
1466 5636 1595 5715 περῖ

1706 5642 2018 5718 ποστάσεῳς
2127 5643 2203 5713 Δή
2232 5642 2356 5718 τότε
2386 5642 2608 5718 Βίθυνον
2638 5642 2805 5718 γαῖαν
2828 5642 3328 5718 λύκοιοίκήσουσι,

373 5706 616 5790 ἐκτίνων.
661 5708 752 5769 καὶ
782 5706 1122 5790 διαστᾷσεευςο
1156 5706 1579 5790 ἀλλ-ηχορεῖν-δὲ
1611 5710 1852 5790 ⁸δεῆσαν,
1884 5710 2020 5772 πολ-

374 5782 537 5849 λάκις
566 5785 657 5845 τὸν
689 5785 999 5866 συγγραφέα
1024 5779 1448 5860 ὑπερεϐάλλετο,
1493 5784 1552 5843 ὃν
1609 5783 1676 5859 δὴ
1716 5779 2020 5863 ’καὶκὰθη-

2127 5712 2298 5795 ζηνρς
2328 5712 2743 5795 ἐπιφρ-οσύνῄσι,
2769 5718 2937 5795 κακὸν
2974 5713 3021 5773 δ’
3048 5712 3366 5795 ἐπιϐήσεται
3399 5713 3616 5795 ἄνδρας,

2124 5785 2365 5866 Ἀνδρας
2395 5785 2744 5862 οἰΒύζαντὸς
2768 5787 2892 5857 ἕδος
2920 5785 3415 5854 καταναιετάουσιν.
