4126 6370
309 435 422 494 281
1589 427 2007 492 ANNALIUM
2053 428 2202 489 LIB.
2245 427 2462 488 XVIII.
3622 431 3740 491 282

309 563 618 638 λελυμένον
683 562 1075 640 αἰχμαλωσίας
1111 607 1126 634 ,
1184 562 1276 618 καὶ
1331 564 1368 633 ἡ
1426 560 1773 638 Χρυσόπολις
1830 561 1938 636 εἶχε

2114 560 2535 617 nultitudinem
2565 577 2692 632 quas
2726 561 2914 618 multa
2942 561 3130 618 millia
3146 562 3496 636 complebat,
3521 561 3743 619 incide-

308 655 405 709 τὸν
436 653 775 724 ἀποστάτην,
831 653 922 708 καὶ
982 651 1172 708 αὐτίκα
1219 656 1326 728 πῦρ
1385 656 1504 713 ταῖς
1561 649 1732 706 ἐκεῖσε
1781 648 1937 705 οἰκίαι

2116 654 2260 706 unt:
2295 667 2427 705 cum
2463 651 2679 722 quibus
2711 651 2802 708 vel
2830 653 2997 708 inviti
3049 669 3311 725 pugnare
3370 651 3575 720 coacti,
3625 655 3681 707 et
3710 669 3745 708 θ.

312 744 520 814 ἐνῆκεν.
579 746 640 800 Ὁ
717 740 775 798 δὲ
845 741 1099 819 βασιλεὺς
1157 741 1372 816 ἀξίωμά
1445 762 1504 796 τε
1560 738 1939 816 κουροπαλάτο

2114 739 2464 796 nultitudine
2495 740 2877 796 circumventi
2909 741 3149 798 amissis
3193 743 3364 813 equis
3414 742 3588 796 ambo
3643 757 3743 796 ca-

314 834 463 906 αὐτῷ
513 831 912 909 ἐπηγγέλλετο,
963 832 1008 887 εἰ
1059 832 1127 888 τὰ
1183 829 1328 886 ὅπλα
1375 832 1687 898 κατάθοιτο,
1738 829 1827 885 καὶ
1874 829 1942 898 τή

2116 830 2348 885 υἱιιηῐυν.
2386 833 2458 884 Ac
2489 829 2795 886 Ruselium
2830 848 2972 888 uxor
3002 835 3232 887 mature
3263 832 3532 898 redemit,
3564 833 3745 886 Cresa-

317 928 540 1000 γυναῖκα
590 922 759 978 αὐτοῦ
815 921 952 996 μετά
994 927 1103 979 τῶν
1149 923 1346 978 τέκνων
1395 921 1710 994 ἐξέπεμψεν·
1764 917 1890 975 ἀλλ’

2110 935 2206 974 ’θω
2241 936 2374 976 vero
2409 920 2728 990 imperator
2760 937 2772 986 ;
2807 921 2877 976 ad
2940 936 3116 992 quem
3177 922 3318 976 dum
3373 919 3739 992 perducitur,

332 1009 601 1090 βάρϐαρος
681 1013 965 1076 ἀτίθασσος
1039 1013 1106 1083 ἧν
1164 1058 1178 1071 .
1237 1013 1631 1086 Μετεπέμψατο
1705 1010 1886 1066 τοίνυν
1947 1010 1961 1064 ί

2112 1025 2219 1064 sum
2251 1009 2322 1064 ad
2357 1009 2770 1080 Propontidem
2803 1011 3078 1080 venisset,
3139 1010 3348 1082 capillo
3398 1027 3551 1076 raso,
3611 1028 3741 1068 mu-

331 1103 576 1178 βασιλεὺς
623 1103 761 1158 κατὰ
795 1107 893 1159 τοῦ
940 1102 1260 1159 Ῥουσελίου
1307 1101 1589 1176 Τούρκους
1641 1101 1729 1156 ἐπὶ
1774 1103 1951 1173 μισθῷ

2106 1102 2326 1171 .ataque
2357 1098 2509 1154 288
2541 1103 2721 1170 veste,
2757 1101 3142 1156 monasticam
3177 1099 3472 1155 lacernam
3530 1101 3735 1173 sumit,

319 1193 348 1247 ὁ
377 1190 454 1265 δὲ,
491 1195 567 1266 μή
602 1192 906 1268 ἀξιόχρεως
962 1191 1038 1248 ὣν
1093 1193 1230 1267 πρὸς
1276 1192 1368 1247 τὸν
1415 1190 1686 1264 πόλεμον,
1734 1188 1852 1244 λύει
1882 1189 1948 1244 τὸ

2106 1192 2355 1244 netuens
2378 1205 2450 1244 ne
2476 1188 2548 1244 ob
2592 1188 2825 1261 imperii
2867 1189 3106 1245 titulum
3132 1206 3164 1244 a
3193 1194 3396 1260 nepote
3441 1189 3735 1262 supplicio

314 1282 555 1356 Καίσαρα
609 1287 719 1336 τῶν
797 1279 1010 1355 δεσμῶν
1047 1324 1062 1351 ,
1116 1281 1207 1336 καὶ
1285 1280 1580 1358 εὐφημίαις
1662 1278 1943 1356 ἀναγορεύε

2106 1277 2433 1334 ifﬁceretur.
2465 1283 2537 1332 At
2567 1278 2840 1334 Ruselius
2899 1297 2934 1334 a
2988 1278 3318 1349 captivitate
3373 1279 3735 1352 redemptus,

313 1369 654 1446 βασιλικαῖς,
705 1370 963 1443 οἷ’όμενος
1015 1369 1386 1446 προσθήσεθαί
1448 1371 1500 1424 οἱ
1557 1366 1822 1431 πολλούς·
1883 1368 1942 1425 Αἱ

2104 1372 2146 1422 It
2175 1368 2396 1422 dictum
2425 1371 2696 1434 est,cum
2734 1385 2909 1423 uxore
2963 1372 3020 1423 et
3079 1368 3323 1440 reliquis
3380 1368 3617 1424 Francis
3671 1369 3733 1426 in

308 1481 451 1537 φνης
512 1458 572 1515 δὶ
636 1459 898 1534 Τούρκων
961 1460 1351 1537 ἀναφανέντων,
1414 1459 1442 1513 ὁ
1489 1455 1798 1518 Ῥουσέλιος
1857 1478 1937 1511 και

2104 1458 2438 1514 πονὶοοίαω
2472 1458 2953 1514 Armeniacnrum
2987 1475 3048 1514 se
3088 1459 3357 1525 contulit,
3421 1459 3518 1514 ubi
3570 1458 3733 1530 prius

309 1549 492 1606 αὐτῶν
546 1544 854 1627 βαρϐαρικῇ
907 1550 1202 1626 θρασύτητι
1244 1545 1650 1622 ἀπερισκέπτως
1697 1545 1938 1623 ἐχώρησε

2107 1548 2258 1602 ιίίοω
2289 1547 2471 1602 vitam
2494 1551 2714 1618 egerat.
2736 1549 3057 1620 Imperator
3080 1547 3256 1617 igitur
3276 1546 3542 1603 Alcxium
3568 1548 3736 1603 Com-

307 1639 400 1694 καὶ
471 1637 720 1701 πολλοὺς
771 1640 866 1713 μὲν
925 1640 977 1694 οἱ
1036 1639 1280 1716 Φράγγοι
1337 1641 1444 1692 τῶν
1501 1635 1757 1711 Τοόρκων
1815 1635 1936 1692 κατέ

2105 1653 2301 1692 ienum
2334 1636 2668 1708 praesidem,
2702 1636 3125 1692 adolescentem
3163 1636 3326 1692 illum
3349 1637 3611 1708 quidem,
3632 1639 3734 1693 sed

309 1723 510 1795 ϐαλον,
561 1728 690 1790 τοὺς
747 1726 794 1783 δ’
850 1726 1057 1791 ἄλλους
1127 1727 1416 1804 ἐτρέψαντο
1470 1725 1544 1788 εἷς
1598 1727 1770 1802 φυγὴν
1803 1771 1816 1796 ,
1881 1747 1938 1780 κο

2106 1727 2428 1782 ιιιιιὰειιῐεηι
2461 1729 2518 1782 et
2557 1731 2888 1794 strenuum,
2916 1731 3117 1782 contra
3174 1743 3307 1782 eum
3367 1726 3566 1782 mittit.
3627 1726 3735 1792 Qui

310 1819 565 1893 ἀκρατῶς
623 1815 869 1875 ἐδίωκον.
925 1819 993 1876 Ol
1055 1818 1150 1892 μὲν
1208 1815 1299 1872 οὖν
1354 1815 1580 1878 πλείους
1637 1815 1809 1870 ὀπίσω
1866 1837 1936 1870 πο

2107 1833 2216 1871 sum
2247 1817 2547 1872 Amasiam
2580 1817 2960 1888 pervenisset,
2995 1816 3204 1873 Turcis
3234 1817 3461 1872 occulte
3511 1816 3736 1888 signiﬁ-

312 1907 722 1984 ἀπελείφθησαν
755 1953 773 1977 ,
831 1912 940 1963 τῶν
1011 1905 1199 1962 ’ίππων
1270 1905 1416 1985 σφίσι
1480 1906 1556 1980 μὴ
1610 1905 1941 1961 εὐτονούντω

397 1998 410 2010 .
547 1997 561 2010 ι
706 1996 759 2010 ,ς
869 2003 897 2010 _
994 1994 1018 2010 α
1070 1998 1118 2010 ,μ
1301 1997 1360 2010 ,η
1408 1997 1459 2010 ...
1584 1991 1615 2010 ις
1752 1992 1795 2010 ι..

2106 1910 2198 1960 :at.
2229 1905 2279 1961 si
2311 1904 2613 1961 Ruselium
2653 1905 2766 1962 sibi
2796 1908 3119 1973 traderent,
3154 1923 3217 1962 se
3273 1905 3392 1962 illis
3452 1907 3735 1978 grandem

307 1998 451 2074 πρὸς
507 1997 572 2052 τὸ
629 1996 774 2053 πολὺ
831 2003 932 2066 τῆς
991 1994 1250 2070 διώξεως.
1301 1997 1365 2053 Ὁ
1408 1991 1717 2057 Ῥουσέλιος
1748 1992 1806 2050 δὲ
1842 2015 1936 2068 μετ

2108 1995 2344 2052 pecuniis
2375 2011 2672 2051 summam
2732 1997 3033 2052 daturum.
3086 1996 3292 2068 Itaque
3340 1995 3424 2050 illi
3473 1995 3737 2051 amicitia

300 2091 406 2143 τοῦ
466 2086 734 2162 Καίσαρος
781 2084 874 2140 σὺν
926 2084 1138 2161 ὀλίγοις
1193 2081 1527 2156 ἐπήλαυσον.
1579 2080 1718 2155 Ἤδη
1771 2080 1830 2138 δέ
1856 2088 1929 2138 τῶ

2107 2083 2382 2152 simulata,
2425 2085 2616 2140 virum
2675 2086 3165 2158 comprehensum
3217 2101 3435 2156 magna
3485 2085 3736 2155 pecunia

309 2175 530 2232 οἰκείων
585 2176 967 2250 ἐκμηκυνθεῖσι
1009 2174 1189 2248 πολὺ,
1249 2173 1404 2250 έτέρα
1459 2171 1676 2245 πληθὺς
1731 2172 1938 2252 ἀνεφάνη

2105 2179 2541 2246 :ommutarunt,
2569 2174 2668 2247 qui
2692 2175 2890 2230 statim
2914 2174 2985 2231 ab
3014 2174 3215 2231 Alexio
3238 2173 3580 2247 Byzantium
3600 2189 3734 2246 per-

297 2266 566 2344 Τοὖρκων
628 2266 709 2329 εἷς
767 2265 983 2328 πολλὰς
1039 2265 1176 2320 πάνυ
1231 2263 1490 2340 χιλιάδας
1544 2263 1922 2339 ἀριθμουμένη

2103 2265 2313 2336 luctus,
2347 2274 2401 2321 et
2432 2268 2566 2337 post
2596 2266 2816 2322 atrocia
2845 2271 3140 2323 tormenta
3169 2266 3229 2321 in
3270 2265 3418 2321 turri
3477 2265 3732 2337 quadam

300 2358 382 2419 ὡς
417 2355 466 2412 δ’
498 2355 742 2426 ἐπῆλθον
775 2355 959 2418 αὐτοῖς
987 2356 1040 2411 οἱ
1083 2352 1361 2432 φανέντες,
1382 2351 1472 2408 καί
1515 2349 1734 2416 ἄκοντες
1778 2353 1929 2407 aii-col

2104 2359 2168 2411 ist
2192 2355 2481 2411 inclusus.
2516 2355 2662 2420 Quia
2691 2372 2825 2411 vero
2848 2356 2959 2412 sub
2983 2356 3091 2412 hoc
3117 2356 3465 2427 imperatore
3487 2370 3733 2411 annona

303 2446 740 2524 συνερράγησαν,
789 2445 1226 2521 περιειληθέντες
1277 2440 1324 2497 δ’
1393 2443 1496 2498 ὑπὸ
1545 2446 1642 2496 τοῦ
1698 2440 1932 2512 πλήθουι

2106 2445 2326 2501 ;aritate
2356 2444 2688 2500 laboratum
2719 2449 2827 2513 est,
2863 2449 2928 2501 ut
2983 2462 3100 2502 non
3132 2445 3358 2517 integer
3397 2443 3735 2500 medimnus

299 2534 557 2597 καὶτοὺς
589 2533 798 2596 ’ίππους
847 2529 1239 2602 ἀποϐαλόντες,
1290 2530 1538 2587 ἑάλωσαν
1584 2530 1613 2585 ὅ
1659 2552 1717 2586 τε
1760 2536 1928 2586 Καῖσα

2105 2535 2440 2591 iumismate
2470 2536 2838 2604 venderetur,
2872 2537 2972 2592 sed
3007 2536 3237 2608 pinacio
3262 2536 3473 2603 minus,
3508 2535 3608 2606 qui
3642 2539 3734 2590 est

301 2625 397 2680 καὶ
463 2625 493 2679 ὁ
551 2623 906 2687 Ῥουσέλιος.
957 2619 1140 2678 Ἀλλά
1209 2621 1302 2676 τὸν
1383 2621 1476 2694 μὲν
1554 2617 1861 2674 Ῥουσέλιον

2099 2623 2364 2680 nedimni
2395 2626 2695 2696 quadrans
2726 2642 2739 2680 :
2775 2624 3011 2697 publica
3036 2625 3342 2682 calamitas
3402 2640 3728 2697 cognomen

305 2714 562 2775 σύνευνος
643 2707 1002 2789 προλαϐοῦσα
1083 2711 1308 2784 ἐπρίατο
1344 2754 1358 2780 ,
1426 2710 1518 2764 τὸν
1591 2707 1648 2764 δὲ
1729 2709 1934 2785 Καίσαρ

2106 2713 2166 2769 lli
2198 2714 2352 2784 fecit,
2386 2719 2451 2770 ut
2480 2714 2656 2770 etiam
2690 2714 2862 2771 hodie
2889 2715 2972 2772 sic
3002 2720 3262 2784 vocetur,
3325 2731 3512 2786 neque
3562 2713 3735 2770 aliter

311 2806 342 2859 ὁ
404 2801 660 2879 βασιλεὺς
715 2800 1064 2878 ἐλυτρώσατο
1101 2843 1114 2857 .
1171 2802 1232 2857 Ὁ
1291 2797 1370 2867 δὲ,
1429 2797 1774 2874 ἀπαγόμενος
1833 2801 1938 2874 πρὸ

1723 2819 1774 2860 ος
1833 2801 1969 2874 πρὸς
2084 2809 2459 2874 agnoscatur,
2491 2803 2606 2858 nisi
2636 2804 3088 2876 Parapinacium
3114 2805 3352 2860 dixeris.

315 2893 412 2946 τὸν
471 2891 696 2966 βασιλέα
730 2935 744 2961 ,
805 2891 897 2946 καὶ
956 2890 1009 2946 ἐν
1089 2893 1159 2963 τῇ
1213 2885 1542 2964 Προποντίδι
1597 2889 1931 2962 γενόμενος,
1989 2888 2220 2966 κείρεται
2273 2892 2371 2959 τὴν
2429 2891 2599 2966 τρίχα
2653 2891 2742 2945 καὶ
2805 2893 3260 2971 μεταμφιέννυται
3313 2893 3412 2961 τὴν
3472 2889 3675 2959 στολὴν
3715 2934 3731 2961 ,

328 2987 493 3064 ῥάκος
518 2989 816 3065 μοναχικὸν
882 2987 1264 3062 μεταθέμενος·
1325 2981 1622 3055 ηὖλαϐεῖτο
1680 2985 1783 3060 γὰρ
1847 2988 1922 3058 μή
1949 3008 2002 3040 τι
2031 2989 2194 3050 πάθοι
2251 2989 2386 3062 πρὸς
2441 2992 2538 3042 τοῦ
2569 2988 2790 3061 ἀνεψιοῦ
2817 2987 2907 3044 διὰ
2931 2991 3031 3059 τὴν
3061 2988 3355 3066 ἀνάρρησιν
3411 2995 3465 3042 ‘0
3498 2987 3556 3043 δὲ
3580 2995 3730 3042 Ῥου-

331 3076 522 3148 σὲλιος,
553 3079 760 3147 λυθεῖς,
794 3079 868 3140 ὡς
904 3074 1136 3153 εἴρηται,
1174 3082 1271 3145 τῆς
1301 3072 1713 3150 αἰχμαλωσίας,
1744 3075 1842 3143 τήν
1873 3081 2103 3149 γυναῖκα
2137 3077 2270 3148 μετὰ
2298 3083 2403 3131 τῶν
2433 3078 2889 3154 περιλειφθέντων
2941 3080 3213 3153 Φράγγων
3266 3073 3473 3147 λαϐὼν,
3537 3078 3615 3140 εἰς
3669 3079 3732 3132 τὸ

318 3171 420 3224 τῶν
453 3169 828 3242 ’Λρμενιακῶν
857 3167 996 3239 θέμα
1024 3163 1253 3241 ἐγένετο,
1287 3161 1338 3217 ἐν
1367 3163 1413 3234 ᾦ
1446 3160 1601 3237 διῆγε
1629 3163 1718 3217 καὶ
1751 3163 2038 3238 πρότερον.
2093 3163 2320 3221 Στέλλει
2365 3166 2546 3221 τοίνυν
2580 3167 2607 3221 ὁ
2644 3167 2898 3243 βασιλεὺς
2947 3169 3063 3222 κατ’
3112 3166 3276 3222 αὐτοῦ
3323 3169 3412 3222 τὸν
3462 3163 3729 3243 πρόεδρον

309 3255 550 3328 Ἀλέξιον
578 3257 672 3312 τὸν
705 3255 1020 3330 Κομνηνὸν,
1050 3254 1168 3309 νέαν
1208 3253 1300 3326 μὲν
1335 3247 1483 3321 ὄντα,
1517 3248 1681 3327 ἄνδρα
1713 3249 1770 3306 δέ
1797 3272 1861 3326 γε
1891 3253 2106 3308 συνετὸν
2137 3254 2228 3310 καὶ
2259 3251 2608 3332 δραστήριον.
2641 3258 2760 3329 Ὃς,
2790 3256 3085 3333 γενόμενος
3113 3256 3248 3311 κατὰ
3278 3258 3377 3326 τὴν
3411 3257 3733 3329 Ἀμάσειαν,

311 3351 384 3409 δι’
431 3353 760 3430 ἀποῤῥήτων
814 3350 983 3424 δηλοῖ
1009 3357 1127 3414 τοῖς
1157 3349 1424 3425 Τούρκοις
1455 3349 1552 3420 ὡς,
1585 3350 1631 3405 εί
1659 3370 2024 3427 κατασχοντες
2069 3353 2162 3409 τὸν
2215 3351 2524 3409 Ῥουσέλιον
2569 3352 2863 3430 παραδοῖεν
2907 3359 3098 3411 τοῦτον
3150 3353 3316 3426 αὐτῷ,
3349 3351 3578 3409 πολλῶν
3639 3352 3737 3408 αὖ·

306 3443 436 3506 τοὺς
496 3442 772 3516 ἐμπλήσει
829 3442 1134 3519 χρημάτων
1170 3485 1183 3498 .
1245 3439 1444 3497 Φιλίαν
1514 3438 1605 3495 οὖν
1683 3441 2063 3515 ὑποκριθέντες
2146 3442 2343 3498 ἐκεῖνοι
2399 3444 2534 3519 πρὸς
2592 3445 2685 3500 τὸν
2739 3443 3049 3502 Ῥουσέλιον
3107 3446 3372 3520 κατέσχον
3424 3443 3514 3498 τὸν
3575 3439 3739 3518 ἄνδρα

307 3541 400 3597 καὶ
445 3540 673 3597 πολκῶν
731 3540 887 3595 αὐτὸν
919 3540 1224 3616 χρημάτων
1256 3535 1566 3609 ἠλλάξαντο
1601 3582 1616 3608 ,
1675 3539 1735 3603 ’ὸς
1785 3538 1979 3594 αὐτίκα
2032 3542 2181 3617 παρὰ
2234 3545 2332 3596 τοῦ
2403 3541 2650 3615 Ἀλεξίου
2727 3539 2949 3616 δέσμιος
3006 3542 3235 3616 ἀπήχθη
3307 3542 3444 3618 πρὸς
3519 3541 3580 3596 τὸ
3632 3543 3740 3597 Βυ-

313 3633 552 3702 ζάντιον,
611 3631 703 3686 καὶ
753 3627 1004 3709 σφοδρῶς
1048 3628 1309 3692 αἶ’κισθείς
1366 3627 1441 3690 εἰς
1497 3628 1702 3705 πύργον
1763 3625 1984 3703 δέσμιος
2039 3630 2482 3689 κατακέκλαστο.
2544 3632 2707 3687 Σίτου
2767 3630 2824 3687 δὲ
2879 3633 3178 3709 γενομένης
3235 3629 3442 3689 ἐνδείας
3505 3630 3558 3686 ἐν
3619 3635 3737 3694 ταῖς

313 3731 554 3806 ἡμέραις
611 3732 708 3784 τοῦ
765 3726 1036 3805 βασιλέως
1088 3726 1334 3797 τούτου,
1395 3725 1533 3781 ὥστε
1593 3727 1666 3800 μὴ
1751 3725 1885 3783 ὅλον
1971 3727 2234 3803 μέδιμνον
2303 3730 2379 3794 εἷς
2456 3730 2703 3806 νόμισμα
2772 3728 3149 3804 ἀποδίδοσθαι,
3227 3728 3374 3786 ἀλλά
3450 3731 3597 3802 παρᾶ
3653 3749 3744 3783 πι-

313 3821 523 3888 νάκιον,
555 3817 585 3873 ὅ
615 3817 725 3873 ἐστι
757 3815 1022 3892 μεδίμνου
1049 3816 1112 3872 τὸ
1145 3815 1421 3893 τέταρτον,
1455 3815 1532 3880 είς
1561 3813 1846 3890 ἐπώνυμον
1877 3821 1956 3890 τῷ
1991 3819 2208 3894 βασιλεῖ
2233 3821 2296 3874 τὸ
2324 3821 2506 3877 κοινὸν
2538 3819 2867 3897 δυστύχημα
2912 3820 3275 3898 ἐχρημάτισε,
3331 3819 3404 3883 ὡς
3453 3821 3543 3876 καὶ
3574 3817 3742 3894 μέχρι

310 3915 474 3974 τοῦδε
504 3915 650 3972 οὕτω
678 3919 870 3971 τοῦτον
901 3914 1181 3972 καλεῖσθαι
1210 3914 1302 3970 τὸν
1335 3911 1555 3970 ἄνακτα·
1591 3914 1653 3970 οὗ
1682 3913 1783 3992 γάρ
1813 3936 1897 3980 τις
1927 3914 2115 3981 ἄλλως
2144 3923 2368 3994 γνωριεῖ
2393 3921 2586 3976 τοῦτον
2619 3925 2735 3985 τοῖς
2763 3920 2885 3996 περὶ
2937 3922 3102 3976 αὐτοῦ
3150 3918 3428 3996 λέγουσιν,
3461 3918 3506 3974 εἷ
3541 3920 3616 3992 μὴ
3647 3917 3740 3972 τὸν

314 4005 724 4082 Παραπινάκιον
756 4004 898 4081 εἷ’-πῃ.

389 4175 488 4234 ΙΖ’.
546 4178 639 4248 Τῷ
690 4175 862 4252 τρίτῳ
920 4171 966 4229 δ’
1026 4169 1133 4230 ἔτει
1188 4179 1289 4244 τῆς
1351 4172 1631 4250 βασιλείας
1691 4172 1855 4229 αὐτοῦ
1909 4172 2018 4242 τὸ(

2158 4178 2328 4235 XVII.
2360 4179 2554 4237 Tertio
2586 4197 2758 4253 porro
2790 4196 2944 4237 anno
2974 4179 3208 4253 imperii
3239 4178 3402 4234 illius
3433 4193 3579 4251 gens
3601 4180 3735 4234 Cro-

311 4269 424 4321 τῶν
461 4259 756 4340 Χροόάτων
807 4257 984 4336 ἔθνος,
1037 4261 1128 4326 οὓς
1177 4260 1244 4333 δὴ
1286 4263 1376 4318 καὶ
1431 4258 1667 4339 Σέρϐους
1711 4263 1852 4327 τινὶς
1881 4285 1940 4319 κα

2110 4271 2378 4339 ratorum,
2411 4285 2558 4341 quos
2591 4268 2861 4324 nonnulli
2892 4269 3124 4326 Servios
3155 4265 3739 4340 vocant,Bulgarium

315 4351 501 4424 λοῦσι,
533 4351 1001 4425 ἐκκεκίνητο,τήν
1057 4357 1166 4408 τῶν
1221 4349 1552 4430 Βουλγάρων
1616 4353 1802 4428 χώραν
1859 4352 1944 4409 ἐπι

2114 4373 2373 4430 ιεουρειιεο
2405 4375 2680 4432 ageressa
2705 4363 2814 4426 est,
2849 4375 2913 4414 ac
2946 4359 3214 4431 quaedam
3249 4356 3379 4414 loca
3427 4356 3600 4429 cepit,
3642 4356 3743 4413 sed

314 4443 646 4520 κεχειρηκὸς
698 4447 1028 4520 κατασχεῖν.
1079 4440 1260 4499 Ἀλλὰ
1318 4443 1427 4516 μὴν
1481 4441 1572 4498 καί
1619 4463 1740 4498 τινα
1777 4442 1943 4514 ταῦτη

2116 4446 2292 4502 uultis
2325 4447 2540 4519 praeliis
2573 4447 2761 4515 factis,
2801 4448 3006 4504 multis
3055 4447 3338 4519 utrinque
3388 4445 3576 4514 caesis,
3617 4449 3745 4502 tum

316 4534 682 4610 κατεσχηκὸς,
712 4531 958 4596 πολλαῖς
1009 4529 1066 4587 δὲ
1127 4529 1332 4608 μάχαις
1389 4530 1480 4587 καὶ
1535 4536 1712 4608 φθορᾷ
1748 4531 1945 4589 πολλῶ

2120 4535 2162 4592 is
2193 4537 2426 4606 excidit,
2461 4554 2587 4610 quae
2617 4541 2910 4610 tenuerat,
2942 4541 3069 4592 tum
3103 4537 3355 4607 devicta,
3381 4540 3437 4592 et
3485 4535 3749 4592 Romana

319 4621 672 4699 ἑκατέρωθεν,
723 4625 833 4677 τῶν
890 4643 950 4677 τε
998 4622 1426 4698 κατεσχημένων
1495 4619 1828 4694 έκπέπτωκι,
1886 4643 1948 4677 κα

2119 4625 2310 4683 iitione
2340 4626 2602 4699 expulsa,
2637 4626 2698 4682 in
2727 4644 2868 4684 suas
2921 4625 3111 4683 redire
3161 4627 3330 4682 sedes
3377 4628 3581 4681 coacta
3637 4628 3748 4682 est.

319 4710 778 4787 καταπολεμηθέν
833 4716 941 4767 τῶν
991 4713 1312 4786 Ῥωμαϊκῶν
1375 4711 1540 4786 ὁρίων
1592 4710 1840 4787 ἐξώσθη,
1886 4733 1948 4768 κα

2121 4734 2302 4774 μοι-νας
2329 4733 2501 4790 porro
2520 4717 2762 4790 quidam
2801 4721 3081 4789 paternus
3104 4713 3503 4787 imperatoris,
3539 4717 3750 4771 Nestor

322 4800 400 4867 εἷς
454 4803 522 4858 τά
573 4803 800 4878 σφέτερα
853 4799 960 4874 ἤθη
1021 4800 1194 4876 μένειν
1252 4799 1599 4880 ἧνάγκαοτο.
1659 4801 1866 4866 Δοῦλος
1923 4799 1950 4856 δ

2118 4807 2352 4877 ιοιῑιίηθ,
2386 4807 2672 4880 dignitate
2702 4806 3058 4877 vestarcbes,
3092 4806 3236 4877 ripae
3268 4803 3403 4860 Istri
3446 4803 3565 4858 dux
3593 4803 3747 4859 desi-

319 4911 402 4953 τις
457 4895 554 4946 τοῦ
609 4892 816 4966 πατρὸς
868 4890 1064 4946 τούτου
1121 4895 1218 4945 τοῦ
1292 4889 1692 4968 αὐτοκράτορος
1752 4890 1948 4956 Νέστωη

2120 4902 2326 4967 matus,
2360 4914 2525 4953 arma
2553 4901 2758 4954 contra
2789 4896 2958 4953 illum
2991 4896 3167 4968 cepit,
3210 4899 3268 4950 et
3313 4891 3749 4965 conspiratione

323 4977 523 5054 ὄνομα,
577 4981 892 5057 βεστάρχης
967 4978 1024 5035 δὶ
1077 4980 1142 5036 τὸ
1212 4979 1448 5054 ἀξίωμα,
1511 4978 1633 5054 δοὺξ
1693 4985 1802 5036 τῶν
1864 4986 1946 5036 Πα

2125 5003 2223 5043 um
2257 4987 2512 5058 quodam
2539 4987 2978 5042 Patzinacarum
3011 4986 3158 5041 duce
3186 4984 3334 5039 Tato
3362 4982 3530 5050 inita,
3555 4985 3749 5039 castra

321 5069 578 5146 ριστρίων
647 5069 1087 5147 προχειρισθεὶς,
1147 5069 1274 5145 ἦρεν
1337 5068 1483 5125 ὅπλα
1537 5069 1672 5125 κατά
1726 5074 1825 5125 τοῦ
1888 5071 1950 5146 βα

2117 5079 2226 5131 .nte
2259 5076 2466 5130 urbem
2500 5075 2939 5146 imperatricem
2973 5073 3195 5146 posuit.
3244 5071 3500 5127 Monitus
3549 5075 3746 5127 autem

321 5157 567 5223 σιλέως.
626 5159 970 5236 Ὁμαιχμίαν
1045 5159 1147 5237 γὰρ
1203 5160 1431 5233 θέμενος
1497 5159 1629 5234 μετά
1685 5180 1831 5223 τινος
1887 5159 1950 5238 ἀρ

2118 5163 2164 5217 .b
2193 5162 2566 5233 imperatore,
2601 5165 2668 5217 ut
2697 5162 2770 5217 ab
2803 5163 2986 5218 armis
3018 5161 3367 5230 discederet,
3388 5159 3446 5214 id
3465 5174 3528 5213 se
3554 5158 3747 5213 factu-

319 5253 506 5324 χηγοῦ
555 5249 927 5318 Πατζινάκων,
986 5249 1047 5312 ’ὀς
1114 5247 1362 5305 ἐκαλεῖτο
1421 5251 1629 5312 Τατοῦς
1659 5294 1674 5320 ,
1733 5248 1810 5312 εἷς
1878 5250 1946 5319 τῆ

2117 5267 2224 5307 um
2258 5250 2583 5322 respondit,
2616 5250 2665 5305 si
2697 5249 2996 5322 logotheta
3023 5250 3387 5322 Nicephorus
3433 5245 3746 5318 republica:

317 5343 428 5394 τῶν
487 5337 704 5395 πόλεων
773 5337 1162 5413 βασιλεύουσαν
1233 5341 1614 5415 παρεγένοντο,
1673 5338 1762 5394 καὶ
1819 5359 1928 5414 παρ

2118 5339 2274 5398 uestis
2306 5344 2364 5395 et
2395 5338 2592 5396 clades
2626 5338 2849 5411 populi,
2894 5340 3008 5397 sibi
3062 5339 3150 5395 vel
3201 5339 3528 5409 dederetur,
3579 5337 3665 5394 vel
3716 5353 3747 5393 e

320 5422 574 5483 ενέϐαλον
637 5428 744 5505 πρὸ
800 5427 1002 5498 αὐτῆς.
1055 5427 1389 5494 Καταθέσθαι
1451 5425 1509 5484 δὲ
1563 5429 1632 5482 τὰ
1685 5426 1834 5484 ὅπλα
1881 5436 1949 5484 το

2120 5431 2284 5487 nedio
2316 5429 2638 5486 excederet.
2672 5429 2750 5484 Eo
2775 5431 2846 5484 ab
2879 5430 3234 5502 imperatore
3265 5431 3496 5501 negato,
3545 5427 3749 5484 relicta

323 5515 597 5595 βασιλέως
672 5514 973 5590 δηλοῦντος
1031 5517 1178 5590 αὐτῷ
1212 5561 1226 5588 ,
1285 5515 1491 5581 ἐκεῖνος
1554 5513 1778 5592 ἕτοιμος
1846 5519 1952 5573 εἶναι

2117 5521 2259 5592 urbe,
2277 5519 2585 5575 Thraciam
2609 5521 2667 5574 et
2685 5518 3081 5575 Macedoniam
3108 5523 3165 5575 et
3186 5518 3279 5574 his
3310 5517 3566 5574 ﬁnitima
3608 5516 3746 5572 Bul-

318 5612 481 5665 τοῦτο
512 5615 742 5680 ποιῆσαι
796 5604 1000 5685 ἔλεγεν,
1035 5605 1080 5664 εἰ
1125 5605 1270 5681 αὖτῷ
1301 5608 1329 5663 ὁ
1375 5605 1674 5686 λογοθέτης
1731 5603 1947 5672 ἐκδοθεί·

2112 5608 2422 5684 gariaeloca
2464 5607 2781 5682 praedatus,
2842 5608 2914 5664 ad
2973 5607 3320 5664 Patzinacas
3378 5622 3442 5663 se
3497 5606 3741 5662 confert.

318 5699 688 5777 Νικηφόρος,
748 5697 786 5768 ἢ
842 5697 980 5761 τέως
1032 5697 1092 5757 ἐκ
1147 5698 1314 5772 μέσου
1369 5698 1628 5775 γένηται,
1689 5697 1764 5761 ὡς
1819 5719 1947 5754 κοιν⁴

2112 5699 2338 5758 dichael
2370 5698 2559 5755 ﬁlium
2590 5715 2659 5755 ex
2687 5696 2870 5756 Maria
2916 5696 3121 5769 Alana,
3182 5714 3361 5770 quam
3411 5699 3741 5770 Augustam

320 5787 580 5868 συμφορὰ
658 5788 750 5845 καὶ
818 5789 984 5846 κακὸν
1070 5785 1365 5864 ἐπιδήμιον
1401 5832 1416 5849 .
1501 5790 1676 5848 Τοῦτο
1747 5785 1805 5844 Si
1882 5795 1949 5845 το

2111 5789 2437 5864 ippellarat,
2493 5792 2860 5862 susceptum,
2918 5787 3371 5848 Constantinum
3429 5787 3504 5848 ob
3554 5783 3740 5858 patris
