4126 6362
401 413 520 475 283

1753 408 2086 472 JOANNIS
2133 409 2474 471 ZONAPuE

3701 407 3821 469 εει

397 547 741 606 memoriam
775 550 1020 616 vocavit,
1053 553 1109 605 et
1138 549 1370 621 imperii
1400 546 1737 618 insignibus
1769 546 2047 601 adornata

2164 543 2434 619 βασιλέως
2487 547 2564 618 μή
2613 547 2899 606 ποιοῦντος
2933 588 2949 618 ,
2980 544 3338 600 ἀπανίσταται
3400 543 3495 617 μὶν
3553 549 3655 614 τῆς
3715 543 3822 598 πό-

397 637 814 709 Longobardiae
847 638 1017 695 ducis
1049 639 1284 696 Roberti
1338 639 1523 693 ﬁliam
1577 635 1912 710 despondit,
1960 634 2055 690 cui

399 727 662 782 abductze
711 745 923 783 nomen
982 728 1214 784 Helenae
1271 728 1505 784 indidit.
1568 732 1647 784 Ea
1704 729 2056 799 tempestate

398 816 659 889 Byzantii
693 817 844 873 289
881 834 1023 889 puer
1051 817 1224 873 nalus
1283 817 1540 888 caprinis
1599 815 1872 888 pedibus,
1936 830 2053 870 uno

399 906 572 963 oculo
605 906 666 961 in
699 907 888 961 fronte
913 907 1193 978 przeditus
1218 906 1492 962 Barbarie
1514 911 1712 963 autem
1753 906 2052 961 Orientem

399 995 788 1065 vastantibus,
821 1000 876 1050 et
908 995 1107 1051 obvios
1132 1013 1397 1068 quosque
1423 997 1571 1052 ferro
1597 995 2053 1064 trucidantibus,

399 1084 602 1140 Asiani
671 1085 1244 1157 ConstantinOpolim
1331 1087 1743 1158 confugerunt.
1812 1084 2056 1140 Nemine

398 1178 596 1231 autem
630 1174 852 1229 bonum
883 1173 1189 1245 publicum
1237 1180 1480 1231 curante
1531 1177 1690 1245 (nam
1739 1175 2056 1247 imperator

394 1261 612 1318 studiis
633 1278 867 1330 vacans,
891 1263 1121 1319 iambos
1144 1264 1397 1321 scribere
1421 1283 1453 1321 a
1474 1265 1663 1320 Psello
1715 1263 2054 1334 docebatur)

397 1351 654 1408 urbanos
675 1369 922 1408 annonae
948 1353 1189 1425 penuria
1209 1370 1470 1426 premere
1493 1354 1876 1426 ccepit,quam
1899 1352 2053 1408 cala-

398 1441 665 1497 mitatem
686 1447 750 1497 ut
775 1441 1106 1499 evidentius
1127 1448 1182 1498 et
1207 1445 1461 1499 atrocius
1487 1443 1796 1509 declarem,
1830 1443 1888 1497 id
1931 1459 2052 1497 ma-

396 1529 522 1586 lum
554 1531 737 1586 fames
797 1531 925 1602 fuit,
987 1547 1112 1587 eam
1176 1534 1354 1602 pestis
1414 1533 1827 1588 comitabatur.
1890 1531 2054 1587 Unde

395 1617 705 1674 hominum
754 1619 1030 1675 interitus
1094 1626 1291 1675 tantus
1352 1625 1409 1675 et
1458 1627 1575 1676 tam
1636 1621 1908 1691 frequens
1963 1623 2055 1676 est

395 1713 772 1775 consecutus,
828 1715 891 1763 ut
949 1709 1208 1765 viventes
1269 1710 1651 1765 morientibus
1701 1707 2054 1779 sepeliendis

396 1801 597 1853 essent
629 1797 904 1869 impares.
941 1799 1049 1853 Tot
1080 1800 1237 1853 enim
1271 1799 1562 1870 peribant,
1602 1805 1666 1854 ut
1696 1815 1849 1870 saepe
1881 1797 2052 1853 multi

393 1885 454 1940 in
477 1902 594 1940 uno
621 1885 833 1942 lectulo
866 1887 1229 1955 efferrentur,
1274 1887 1441 1942 multi
1485 1888 1542 1942 in
1574 1887 1741 1942 biviis
1771 1887 2047 1959 insepulti
2081 1920 2128 1984 B

384 1975 669 2046 jacerent.
704 1978 893 2042 Quare
925 1993 1056 2032 cum
1089 1976 1196 2031 hac
1227 1977 1297 2032 de
1328 1993 1529 2045 causa,
1564 1981 1689 2032 tum
1714 1977 1785 2032 ob
1813 1977 2049 2048 iniquas

393 2063 724 2120 exactiones
756 2065 955 2120 omnia
1002 2065 1164 2120 luctu
1222 2073 1279 2121 et
1337 2083 1583 2121 maerore
1643 2066 1814 2137 plena
1862 2071 2048 2133 erant,

394 2152 475 2208 Eo
506 2169 702 2207 rerum
735 2157 916 2221 statu,
951 2153 1338 2210 Orientalium
1393 2161 1706 2227 praetorum
1756 2155 2052 2226 principes

397 2240 780 2298 defectionem
811 2245 1226 2314 parturientes.
1261 2243 1652 2316 Nicephorum
1686 2244 2052 2300 Botaniatem

398 2330 792 2401 curopalatem
829 2330 1134 2402 praelatum
1184 2331 1427 2401 caeteris,
1490 2333 1901 2405 imperatorem
1958 2351 2052 2388 sa-

396 2417 608 2474 lutant.
660 2419 720 2474 Id
779 2419 1118 2476 Michaelem
1179 2421 1639 2492 perturbationis
1699 2427 1754 2477 et
1813 2422 2052 2477 terroris

398 2507 732 2578 complevit.
767 2509 1094 2564 Canebatur
1139 2511 1296 2566 enim
1351 2511 1602 2566 litteram
1635 2512 1680 2566 N
1713 2512 1831 2567 fore
1880 2529 2052 2583 supe-

397 2598 611 2653 riorem
645 2596 843 2653 littera
865 2602 936 2654 M.
963 2599 1101 2654 Erat
1123 2604 1319 2655 autem
1335 2600 1673 2657 Botaniates
1691 2601 1845 2656 claro
1880 2606 2052 2657 natus

398 2702 632 2760 genere,
657 2690 830 2758 atque
861 2706 895 2743 a
917 2688 1111 2744 Phoca
1135 2689 1421 2762 originem
1462 2691 1673 2747 ducere
1713 2692 2049 2762 putabatur.

396 2776 720 2848 Imperator
743 2775 918 2847 igitur
944 2793 1047 2848 per
1074 2779 1492 2834 caduceatores
1515 2779 1737 2852 ingenti
1764 2780 2055 2852 promissa

399 2864 670 2938 pecunia,
707 2882 740 2920 a
768 2865 973 2920 Turcis
1004 2866 1169 2938 petit,
1203 2871 1267 2922 ut
1295 2868 1605 2924 seditiosos
1637 2869 1748 2924 sibi
1803 2869 2052 2925 tradant.

406 2954 742 3010 Botaniates
773 2959 968 3010 autem
1001 2955 1400 3028 imperatorio,
1454 2964 1517 3012 ut
1564 2957 1784 3014 dictum
1831 2964 1941 3025 est,
2000 2962 2057 3013 et

405 3041 642 3098 nomine
663 3046 720 3098 et
747 3042 950 3098 habitu
987 3049 1291 3116 usurpato,
1344 3046 1682 3118 Byzantium
1731 3048 2053 3103 contendit.

403 3131 516 3187 Sed
539 3136 594 3187 et
616 3132 687 3187 ab
710 3131 1017 3188 Occidente
1034 3133 1148 3189 alia
1169 3134 1476 3191 seditionis
1517 3141 1837 3208 tempestas
1879 3139 2056 3192 exsti-

400 3221 493 3277 tit.
521 3221 666 3279 Nam
689 3222 1052 3294 Nicephorus
1076 3225 1357 3296 Bryenius
1394 3225 1690 3298 Dyrrachii
1743 3227 1878 3295 dux,
1916 3244 2050 3282 cum

401 3309 515 3366 sibi
534 3310 874 3383 abrogatum
898 3328 1028 3367 esse
1048 3312 1394 3384 dignitatem
1419 3314 1812 3386 cognovisset,
1841 3319 1898 3370 et
1927 3317 2052 3388 ipse

401 3398 617 3466 deﬁcit,
647 3400 884 3471 imperii
928 3395 1262 3471 insignibus
1318 3404 1588 3476 arreptis,
1641 3409 1698 3460 et
1753 3404 2051 3478 legionum

401 3503 550 3558 quas
576 3487 656 3543 ibi
683 3489 936 3544 habebat
965 3491 1231 3546 custodia
1266 3493 1555 3564 munitus,
1618 3494 2054 3567 Adrianopolim

400 3576 564 3649 petit,
602 3577 755 3632 unde
786 3582 950 3633 ortus
972 3583 1129 3635 erat:
1157 3581 1255 3636 ubi
1283 3581 1460 3637 fratre
1489 3582 1713 3639 Joanne
1747 3585 2053 3656 adjuncto,

400 3667 459 3720 ct
489 3663 776 3720 militibus
808 3666 1129 3737 gentilibus
1162 3672 1219 3722 et
1252 3669 1670 3725 Macedonibus
1722 3671 1925 3727 multis
1982 3673 2054 3728 ad

401 3768 464 3810 se
492 3751 778 3825 pellectis,
797 3755 1168 3827 tyrannidem
1194 3758 2056 3830 auspicatur.Theodorocanus

402 3845 603 3898 autem
635 3859 770 3898 cum
804 3849 967 3915 parte
1016 3846 1321 3919 copiarum
1375 3847 1534 3904 illius
1590 3866 1944 3923 congressus
1999 3856 2056 3908 et

400 3930 659 3988 vincitur
686 3937 744 3988 et
773 3933 1022 4003 capitur.
1086 3935 1237 4001 Quin
1295 3939 1352 3991 et
1408 3935 1720 3994 Razdestini
1779 3944 1835 3996 et
1888 3940 2056 3997 Panii

402 4019 608 4077 incolae
649 4022 722 4077 ad
781 4023 1094 4096 Bryenium
1157 4025 1585 4084 conﬂuxerunt.
1641 4029 1843 4101 Itaque
1892 4031 2056 4087 defe-

401 4109 655 4166 ctionem
689 4112 918 4168 naviter
948 4129 1185 4186 urgens,
1219 4116 1457 4172 fratrem
1517 4118 1914 4190 curopalatem
1955 4120 2056 4176 de-

403 4199 705 4272 signatum
737 4217 872 4256 cum
907 4202 1091 4274 copiis
1149 4205 1492 4277 Byzantium
1544 4207 1728 4274 misit,
1779 4208 1949 4280 quasi
1998 4209 2058 4266 id

405 4289 608 4346 statim
632 4294 913 4362 capturus
933 4298 1105 4348 esset.
1133 4293 1272 4349 Eam
1297 4295 1449 4350 enim
1476 4312 1641 4367 spem
1689 4296 1900 4365 alebat,
1934 4315 1996 4354 se
2026 4315 2060 4354 a

407 4381 617 4435 senatu
642 4383 764 4435 tam
796 4397 865 4436 ex
893 4379 1198 4454 logotbetaa
1227 4381 1534 4455 Nicephori
1568 4384 1718 4456 odio,
1753 4403 1928 4458 quam
1986 4389 2058 4443 ob

409 4466 1183 4542 Michaelissimplicitatem,
1218 4472 1402 4530 obviis
1425 4473 1603 4544 (quod
1633 4473 1869 4548 dicitur)
1904 4476 2060 4534 ulnis

408 4561 753 4629 susceptum
787 4558 878 4614 iri.
912 4559 1128 4616 Verum
1161 4561 1315 4616 290
1348 4577 1438 4616 res
1470 4561 1551 4616 illi
1585 4578 1702 4618 non
1760 4580 1829 4619 ex
1875 4565 2059 4621 animi

2166 632 2327 702 λεως,
2355 634 2421 687 τὰ
2451 638 2673 710 Θρᾳκῶν
2708 630 2765 688 δὲ
2807 634 2894 688 καὶ
2945 635 3013 689 τὰ
3063 630 3385 691 Μακεδόνων
3417 630 3688 705 ληίζεται,
3728 633 3821 687 καὶ

2166 724 2264 778 ὅσα
2290 722 2503 785 τούτοις
2532 730 2630 793 τῆς
2674 721 3012 800 Βουλγαρίας
3054 724 3429 798 παράκεινται,
3477 724 3567 778 καὶ
3610 721 3686 785 εἷς
3716 723 3818 790 τήν

2163 817 2270 868 τῶν
2296 814 2640 882 Πατζινάκων
2697 818 3027 889 μεταχωρεῖ.
3079 814 3207 867 Υἱοῦ
3256 810 3314 867 δὲ
3350 811 3642 888 τεχθέντος
3672 811 3821 883 αύτῷ

2165 901 2224 957 ἐκ
2243 910 2342 972 τῆς
2374 902 2424 973 ἐξ
2457 902 2704 958 Ἀλανῶν
2754 901 2988 978 Μαρίας,
3028 904 3090 972 ἣν
3121 902 3212 957 καὶ
3257 901 3573 977 βασίλισσαν
3609 898 3819 974 ἔστεψε,

2165 997 2565 1047 Κωνσταντῖνον
2619 991 2776 1048 αὐτὸν
2817 992 3096 1065 ὠνόμασεν
3127 991 3215 1046 ἐπὶ
3262 996 3343 1063 τῷ
3371 991 3556 1067 πατρὶ,
3589 990 3679 1045 καὶ
3715 991 3820 1065 βα-

2166 1080 2395 1144 σιλικῶς
2445 1081 2740 1153 έταινίωσε,
2792 1081 2881 1137 καὶ
2932 1080 3148 1144 στείλας
3197 1081 3334 1156 πρὸς
3366 1081 3456 1135 τὸν
3506 1074 3820 1156 Λογγιϐαρο

2165 1167 2280 1232 δίας
2307 1171 2709 1246 ἡγεμονεύοντα
2755 1172 3109 1246 Ῥομπέρτον,
3159 1171 3258 1239 τὴν
3313 1167 3518 1225 ἐκείνου
3551 1170 3822 1244 θυγατέρα

2161 1263 2239 1331 τῷ
2289 1261 2392 1331 υίῴ
2440 1258 2864 1334 ἐμνηστεύσατο,
2915 1259 2981 1329 ἥν
3013 1258 3104 1314 καὶ
3151 1258 3412 1335 ἀχθεῖσαν
3452 1254 3670 1328 Ἑλένην
3701 1259 3818 1331 (92)

2168 1347 2573 1421 μετωνόμασεν.
2654 1348 2886 1424 Ἐτέχθη
2963 1346 3021 1403 δὲ
3093 1348 3217 1403 τότε
3296 1345 3348 1402 έν
3400 1350 3481 1419 τῷ
3537 1345 3820 1418 Βυζαντίῳ

2161 1435 2376 1491 παιδίον
2461 1434 2550 1492 ἕνα
2620 1432 2748 1513 ἕχον
2832 1439 2969 1492 κατά
3051 1437 3114 1492 τὸ
3175 1437 3425 1511 μέτωπον
3506 1432 3816 1514 ὀφθαλμὸν,

2160 1525 2519 1602 τραγοσκελές
2553 1570 2565 1582 .
2625 1529 2749 1584 Τῶν
2835 1527 3018 1599 μέντοι
3097 1520 3390 1602 Βαρϐάρων
3464 1525 3562 1594 τὴν
3643 1524 3812 1596 Ἐῲαν

2162 1615 2507 1689 ληϊζομένων
2563 1658 2578 1684 ,
2626 1615 2714 1671 καὶ
2789 1618 2870 1677 οἷς
2942 1614 3220 1689 ἐντύχοιεν
3297 1611 3451 1691 ἔργον
3521 1611 3814 1686 τιθεμένων

2165 1705 2468 1780 μαχαίρας,
2527 1704 2818 1784 φεύγοντες
2874 1706 2925 1759 οἱ
2985 1706 3226 1763 Ἀσιανοὶ
3281 1707 3350 1778 τῇ
3415 1702 3814 1760 Κωνσταντίνου

2161 1793 2464 1870 προσῄεσαν
2498 1838 2511 1851 .
2583 1797 2674 1865 Μή
2735 1817 2878 1857 τινος
2930 1791 2988 1850 δὲ
3032 1794 3440 1870 προνοουμένου
3491 1796 3600 1848 τῶν
3653 1794 3813 1865 κοινῇ

2162 1884 2542 1962 συμφερόντων
2603 1886 2655 1958 (ὁ
2684 1886 2784 1960 γὰρ
2820 1883 3075 1960 βασιλεὺς
3096 1883 3220 1959 περὶ
3269 1881 3467 1958 λόγους
3495 1881 3810 1956 ἡσχόλητο,

2161 1975 2249 2028 καὶ
2315 1968 2547 2046 ἰάμϐους
2595 1973 2893 2037 συντιθέναι
2940 1975 3076 2051 πρὸς
3124 1975 3220 2027 τοῦ
3260 1969 3487 2026 Ψελλοῦ
3532 1967 3812 2025 ἐδιδάσκε-

2160 2064 2264 2136 eo),
2301 2060 2538 2118 σιτοδεία
2583 2062 2709 2124 τοὺς
2752 2062 2802 2116 ἐν
2854 2067 2922 2137 τῇ
2971 2061 3130 2117 πόλει
3183 2060 3408 2129 ἐπίεζεν.
3461 2061 3579 2116 Ἵνα
3628 2057 3674 2114 δ’
3723 2059 3810 2115 έκ-

2163 2153 2560 2230 φαντικώτερον
2618 2154 2680 2208 τὸ
2739 2152 2910 2216 πάθος
2967 2148 3468 2228 ἐκτραγῳδήσαιμι,
3525 2149 3691 2224 λιμὸς
3742 2151 3810 2220 ἦν

2163 2238 2409 2315 ἄντικρυς
2439 2242 2499 2295 τὸ
2527 2242 2715 2309 κακὸν,
2743 2245 2821 2312 τῷ
2866 2238 2924 2294 δὲ
2967 2238 3258 2315 παρείπετο
3299 2238 3390 2293 καὶ
3439 2239 3662 2311 λοιμὸς,
3709 2239 3816 2294 κάκ

2160 2331 2356 2385 τούτου
2390 2325 2698 2385 συνέϐαινον
2754 2330 2992 2399 θάνατοι,
3042 2329 3130 2384 καὶ
3176 2326 3324 2383 οὗτοι
3376 2327 3569 2403 συχνοί
3613 2349 3671 2383 τε
3721 2329 3814 2383 καὶ

2164 2417 2590 2490 ἀλλεπάλληλοί
2624 2465 2638 2491 ,
2689 2419 2826 2475 ὥστε
2893 2417 3169 2474 ἀδυνατεῖν
3230 2416 3357 2480 τοὺς
3414 2420 3616 2486 ζῶντας
3667 2419 3812 2495 ταφῇ

2162 2506 2518 2583 παραδιδόναι
2564 2507 2697 2563 τοὺσ
2753 2510 3118 2578 θνήσκοντας.
3176 2509 3443 2563 Τοσοῦτοι
3493 2505 3595 2581 γὰρ
3648 2506 3808 2577 ἦσαν,

2163 2599 2236 2660 ὡς
2267 2595 2536 2659 πολλάκις
2593 2595 2840 2658 πολλοὺς
2886 2597 2936 2651 ἐν
2990 2600 3088 2670 μιᾷ
3115 2593 3277 2670 κλίνῃ
3328 2593 3660 2671 ἐκφέρεσθαι,
3709 2593 3805 2647 κάν

2161 2693 2282 2749 ταῖς
2312 2685 2585 2766 ἀμφόδοις
2635 2684 2692 2741 δὲ
2738 2686 2974 2764 ἀτάφους
3025 2690 3231 2748 κεῖσθαι
3285 2681 3550 2741 πολλούς.
3597 2684 3807 2740 Ἐντεῦ-

2164 2788 2249 2840 θεν
2309 2779 2482 2831 πάντα
2539 2777 2834 2855 κατηφείας
2898 2775 3214 2848 μεμέστωτο
3265 2772 3354 2828 διά
3397 2794 3455 2828 τε
3500 2777 3687 2840 ταῦτα,
3717 2772 3810 2827 καὶ

2164 2866 2246 2922 ὅτι
2305 2867 2393 2921 καὶ
2443 2864 2650 2928 ἀδίκοις
2705 2864 3038 2940 εἷ’σπράξεσιν
3100 2863 3341 2933 ἰπιέζετο
3397 2863 3459 2917 τὸ
3519 2862 3763 2933 ὑπήκοον
3797 2903 3811 2917 .

2163 2956 2322 3014 Οὕτω
2365 2954 2423 3010 δὲ
2477 2959 2585 3010 τῶν
2643 2953 2974 3030 πραγμάτων
3037 2952 3298 3028 ἐχόντων,
3357 2953 3410 3006 οἱ
3464 2955 3572 3006 τῶν
3628 2951 3814 3022 Ἑῲων

2167 3045 2445 3121 ἀρχόντων
2543 3043 2874 3120 προέχοντες
2906 3085 2919 3111 ,
3006 3040 3398 3109 συνελθόντες,
3487 3039 3815 3095 ἀποστασίαν

2167 3132 2476 3206 ὡδίνησαν,
2531 3134 2622 3188 καὶ
2688 3134 2779 3188 τὸν
2855 3129 3275 3204 κουροπαλάτην
3351 3129 3675 3208 Νικηφόρον
3727 3131 3820 3185 τὸν

2172 3225 2527 3294 Βοτανειάτην
2562 3223 2636 3284 εἷς
2688 3221 2914 3297 βασιλέα
2959 3218 3278 3295 προείλοντο
3317 3219 3406 3274 καὶ
3449 3219 3812 3295 ἀνηγόρευσαν

2165 3313 2536 3389 αὐτοκράτορα
2570 3355 2582 3367 .
2629 3315 2798 3366 Τοῦτο
2850 3311 2942 3364 τὸν
3006 3308 3234 3386 βασιλέα
3289 3309 3402 3382 (93)
3448 3305 3687 3384 θορύϐου
3726 3306 3813 3363 καὶ

2167 3401 2319 3466 δέους
2359 3401 2704 3478 ἐπλήρωσεν.
2755 3399 2950 3469 ’ᾙδετο
3001 3398 3104 3475 γὰρ
3155 3399 3229 3460 ὡς
3281 3399 3634 3474 ὑπερτερήσει
3687 3397 3820 3454 ποτὶ

2162 3498 2259 3550 τοῦ
2291 3499 2341 3549 Μ
2391 3491 2668 3567 στοιχείου
2725 3491 2788 3544 τὸ
2847 3497 2910 3544 Ν.
2963 3493 3061 3545 Ἢν
3123 3486 3181 3543 δὶ
3232 3492 3342 3543 τῶν
3401 3485 3740 3565 εὐπατριδῶν
3789 3487 3818 3542 ὁ

2167 3583 2546 3653 Βοτανειάτης,
2606 3580 2666 3635 ἐκ
2720 3584 2814 3634 τοῦ
2873 3579 3043 3634 Φωκά
3096 3579 3195 3647 τήν
3252 3581 3350 3632 τοῦ
3399 3576 3588 3652 γένους
3634 3574 3816 3632 ἕλκειν

2164 3673 2341 3749 σειρὰν
2413 3670 2770 3745 νομιζόμενος
2846 3671 2960 3742 (94)
3015 3712 3028 3726 .
3110 3666 3559 3742 Διακηρυκεύεται
3633 3666 3815 3723 τοίνυν

2162 3761 2297 3837 πρὸς
2347 3759 2476 3822 τοὺς
2532 3757 2804 3834 Τούρκους
2850 3757 2878 3810 ὁ
2931 3752 3205 3830 βασιλεὺς,
3240 3753 3406 3828 ἀδράς
3439 3754 3625 3816 αὐτοῖς
3652 3753 3818 3830 ἐπαγ-

2163 3849 2465 3926 γελόμενος
2517 3845 2742 3921 δωρεὰς,
2775 3845 2843 3915 εί,
2887 3843 3016 3909 τοὺς
3061 3843 3539 3914 ἀποστατήσαντας
3586 3842 3818 3918 συσχόνο

2161 3961 2269 4008 τες,
2326 3935 2620 4013 παραδοῖεν
2677 3934 2824 4008 αὐτῷ
2858 3977 2871 3990 .
2926 3935 2987 3992 Ὀ
3046 3934 3140 4006 μὲν
3199 3931 3289 3988 οὖν
3352 3931 3704 4003 Βοτανειάτης
3758 3931 3812 4002 ἆξ

2161 4030 2362 4102 Ἐῴας,
2396 4028 2470 4090 ὡς
2518 4022 2754 4102 εἷ’ρηται,
2810 4021 3085 4099 βασιλείας
3137 4021 3285 4095 αὐτῷ
3332 4022 3675 4097 περιθέμενος
3716 4019 3810 4074 καὶ

2165 4124 2360 4193 σχῆμα
2413 4113 2503 4171 καὶ
2547 4112 2742 4188 ὄνομα,
2794 4112 2982 4190 ἐφοίτα
3037 4113 3174 4189 πρὸς
3238 4112 3299 4166 τὸ
3357 4108 3665 4181 Βυζάντιον.
3723 4107 3818 4180 Ἐξ

2164 4208 2426 4283 Ἑσπέρας
2490 4201 2531 4260 δ¹
2587 4201 2740 4268 αὖθις
2813 4201 2996 4275 ἑτέρας
3073 4201 3399 4266 ἀποστασίας
3473 4198 3818 4273 έπεκυμάνθη

2164 4293 2495 4352 κλυδώνιον.
2553 4295 2614 4350 Ὀ
2653 4292 2751 4369 γὰρ
2795 4288 3062 4368 πρόεδρος
3116 4291 3436 4366 Νικηφόρος
3487 4291 3515 4344 ὁ
3562 4287 3826 4365 Βρυένιος

2169 4383 2292 4459 δοὺξ
2349 4383 2658 4461 Δυρραχίου
2710 4379 3019 4457 τυγχάνων,
3077 4379 3191 4436 ἐπεὶ
3240 4381 3546 4454 μεμαθήκει
3597 4378 3826 4454 ἀφαιρε-

2170 4474 2278 4540 θεὶς
2311 4475 2408 4543 τὴν
2459 4473 2666 4548 ἀρχὴν,
2707 4470 2990 4548 ἀφίσταται
3042 4469 3133 4524 καὶ
3184 4468 3366 4538 αὐτὸς,
3416 4469 3506 4523 καὶ
3552 4466 3827 4542 περιβάλ-

2171 4563 2321 4620 λεται
2378 4562 2444 4616 τὰ
2498 4567 2598 4631 τῆς
2662 4558 2941 4636 βασιλείας
2991 4559 3331 4635 παράσημα,
3388 4558 3476 4612 καὶ
3535 4562 3653 4620 τοῖς
3714 4557 3831 4613 ἐκεῖ

406 4647 701 4704 sententia
721 4653 1215 4706 cesserunt.Nam
1241 4649 1279 4703 ii
1305 4667 1453 4722 quos
1491 4649 1752 4723 miserat,
1786 4653 2054 4712 Blacbcr-

2166 4657 2396 4730 παροῦσι
2457 4647 2934 4728 δορυφορούμενος
2975 4647 3268 4724 τάγμασιν,
3321 4646 3398 4709 εἷς
3447 4648 3547 4717 τὴν
3599 4644 3826 4711 Ἀδθια-

407 4751 618 4792 narum
651 4740 867 4795 mmnia
910 4739 1120 4808 adorti,
1176 4739 1325 4794 levia
1382 4739 1615 4811 quidem
1661 4743 1863 4814 praelia
1907 4745 2057 4802 fece-

405 4829 568 4896 runt,
600 4828 701 4884 sed
731 4827 880 4886 nihil
912 4828 1306 4902 profecerunt.
1341 4828 1504 4885 Unde
1551 4847 1656 4902 per
1706 4837 1946 4904 pontem
1996 4835 2056 4891 in

2169 4739 2433 4797 νούπολιν
2493 4737 2705 4814 ἀπῄει,
2759 4740 2849 4814 ἀφ’
2904 4738 3079 4815 ἧσπερ
3137 4737 3227 4792 καὶ
3286 4733 3538 4811 ὥρμητο.
3592 4736 3684 4790 καὶ
3743 4740 3830 4809 τῷ

2170 4830 2392 4910 ἀδελφῷ
2419 4831 2640 4905 Ἰωάννῃ
2689 4826 2800 4884 ἐκεῖ
2849 4827 3085 4900 ἰνωθεὶς,
3131 4824 3343 4896 πλῆθός
3375 4847 3433 4882 τε
3475 4829 3825 4902 στρατιωτῶν

1688 4978 1894 5042 Variae
1925 4980 2226 5045 lectiones
2254 4983 2316 5042 et
2344 4984 2534 5040 notae.

480 5105 595 5178 (92)
626 5103 861 5172 Ἑλένην.
895 5106 1141 5164 Consule
1171 5106 1352 5162 Notas
1409 5117 1640 5167 nostras
1699 5113 1770 5170 ad
1829 5118 2058 5174 Annam

412 5177 814 5252 Commenam,
852 5196 905 5252 p.
939 5181 1066 5252 229,
1088 5180 1375 5252 233,234.

626 5247 803 5331 Τούτο
832 5247 930 5331 τ-ὸν
958 5247 1590 5331 βασιλέαίρυὶῐιείίθίζη
1627 5257 1802 5331 tradit
1858 5259 2058 5331 Lupus

406 5323 828 5393 Prostospatba
858 5323 1222 5390 Michaelcm,
1273 5325 1474 5380 audita
1514 5325 1826 5384 Botaniatae
1871 5323 2058 5387 rebel-

407 5390 582 5474 lione,
617 5390 1252 5474 venisseinAppliam
1311 5398 1631 5474 ann._1080
1674 5405 1731 5457 et
1775 5404 2058 5459 auxilium

409 5468 714 5532 petiissea
751 5469 999 5524 Roberte
1056 5469 1377 5525 Guiscardo
1436 5469 1582 5526 duce
1637 5477 1838 5530 contra
1893 5492 2060 5531 eum-

408 5535 939 5661 deéntBotaniatam
967 5557 980 5596 :
1017 5543 1172 5613 quod
1208 5549 1359 5598 certe
1390 5541 1760 5602 simillimum
1786 5563 1918 5604 vero
1941 5564 2057 5604 non

408 5621 465 5661 v1
512 5624 540 5660 e
571 5625 658 5661 ur.

408 5621 658 5662 videtur.

452 5677 868 5765 κ(94)Ἒικητου
928 5687 1097 5765 tbing
1151 5683 1252 5765 civ
1311 5685 1408 5765 τοῦ
1461 5683 1656 5765 γένους
1712 5682 2059 5765 ἕλκειν-σει-

409 5751 503 5822 ρὰν
557 5751 939 5826 νομιζόμενος.
1000 5761 1080 5813 Ex
1166 5754 1375 5813 Phocis
1456 5751 1638 5829 igitur
1721 5761 2058 5820 Botaniates

2167 5111 2774 5191 nataliumpriginem
2807 5109 3158 5191 arcessebat,
3191 5123 3631 5191 quorum’gens
3688 5121 3832 5177 per-

2167 5185 2424 5262 illustris
2467 5178 2610 5262 fuit:
2634 5189 2759 5262 _ut__
2780 5199 2906 5262 quae
2958 5178 3376 5262 imperatorem
3389 5251 3399 5262 .
3427 5178 3832 5262 Nicephorum

2168 5259 2426 5313 Phocam
2459 5251 2878 5328 protuleritfet
2908 5270 2978 5311 ex
3025 5251 3092 5310 eo
3139 5252 3305 5328 vi_ros_
3342 5251 3737 5328 dignitatibus
3767 5252 3832 5305 et

2169 5329 2382 5386 bellica
2401 5323 2575 5384 laude
2595 5323 2862 5398 eximios,
2885 5343 3136 5398 quarum
3159 5325 3349 5397 elogia
3368 5323 3832 5398 perstrinximus

2171 5402 2230 5457 in
2263 5403 2517 5457 Famitiis
2564 5401 2822 5472 Augustis
2848 5396 3218 5472 'Bymntinis,
3254 5396 3373 5469 Qua
3401 5396 3638 5472 quidem
3666 5401 3828 5472 tem-

2167 5478 2392 5546 pestate
2424 5467 2702 5546 Φωκάδων
2736 5467 3019 5546 familiam
3051 5467 3292 5546 summa
3321 5467 3582 5546 potentia
3612 5467 3684 5546 ad
3718 5481 3836 5522 sua

2169 5539 2358 5616 usque
2388 5549 2651 5618 tempora
2681 5544 2952 5618 ﬂoruisse
2980 5547 3231 5618 testatur
3259 5539 3513 5618 Basilius
3543 5539 3832 5618 Bulgaro-

2168 5611 2380 5674 etenus
2415 5611 2560 5689 imp.
2593 5617 2653 5672 in
2684 5615 2941 5686 Novella,
2991 5631 3120 5689 Quae
3179 5613 3533 5672 describitur
3579 5612 3640 5670 in
3665 5611 3834 5669 ’Jure

2165 5693 2362 5747 Graeco
2392 5686 2677 5758 Romano,
2706 5693 2747 5747 ι.
2783 5689 2856 5756 ΙΙ,
2887 5705 2946 5760 p.
2980 5686 3104 5745 I73.
