4126 6374
285 455 408 516 285

1563 456 1982 520 ANNALIUM
2026 456 2172 519 LIB.
2221 456 2436 520 XVIII.

3593 453 3712 516 286

283 586 492 642 ἐκεῖθεν
546 584 770 641 ἐθνικῶν
824 607 884 642 τε
938 586 1026 642 καὶ
1110 585 1436 644 Μακεδόνων
1513 588 1704 652 πείσας
1788 587 1943 642 συνάι

2072 589 2363 645 Jbversam
2394 587 2524 645 urbi
2556 588 2953 644 continentem
2995 587 3311 658 progressi,
3343 585 3588 641 aediﬁcia
3617 588 3709 641 in-

286 674 482 753 ρασθαί
542 675 617 743 οὶ,
675 681 776 746 τῆς
833 673 1150 750 τυραννίδος
1205 678 1501 754 ἀπήρξατο.
1549 676 1667 732 Τισὶ
1730 675 1788 731 δὲ
1837 681 1946 731 τῶν

282 769 383 821 τοῦ
444 764 702 841 Βρυενίου
761 767 788 820 6
847 764 1256 844 Θεοδωροκάνος
1289 767 1579 842 συμμίξας,
1612 766 1837 836 ἡττᾶταί
1893 786 1952 820 τε

287 854 381 911 καὶ
434 853 736 911 ἁλίσκεται.
792 855 1214 933 Προσερῥύησαν
1277 854 1334 912 δὲ
1405 862 1484 930 τῷ
1569 856 1803 931 Βρυενίῳ
1859 855 1950 910 καὶ

296 947 351 999 οῖ.
401 941 796 1016 Ῥαιδεστηνοὶ,
854 943 1003 1001 ἀλλᾶ
1063 947 1248 1020 μέντοι
1305 947 1396 1002 καὶ
1456 947 1509 1001 oi
1555 945 1830 1007 οἷ’κοῦντες
1887 945 1950 999 τὸ

303 1035 511 1088 Πάνιον.
574 1032 779 1109 Εἴχετο
835 1033 1016 1090 τοίνυν
1075 1042 1175 1106 τῆς
1235 1035 1564 1098 ἀποστασίας
1615 1036 1643 1089 6
1701 1035 1952 1110 Βρυένιος

300 1125 588 1196 κραταιῶς,
636 1123 731 1178 τὸν
790 1121 1024 1200 ἀδελφὸν
1074 1123 1497 1200 κουροπαλάτην
1550 1126 1809 1197 τιμήσας,
1861 1121 1951 1177 καὶ

295 1210 511 1276 στείλας
569 1209 660 1265 σὺν
721 1208 942 1290 δυνάμει
995 1214 1132 1290 πρὸς
1188 1215 1250 1270 τὸ
1294 1214 1704 1286 Βυξάντιον,ὡς
1761 1211 1954 1268 αὐτίκα

285 1302 458 1354 τοῦτο
526 1297 1022 1375 παραληψόμενον.
1084 1303 1334 1378 ’ῌώρητο
1417 1303 1517 1380 γὰρ
1603 1301 1815 1357 ἐλπίσιν
1877 1300 1952 1362 ὡς

2060 678 2402 749 cenderunt,
2435 682 2612 749 atque
2635 677 2772 732 inde
2795 676 3072 748 Athyram
3100 675 3418 731 redierunt.
3451 675 3709 747 Impera-

2061 771 2150 823 tor
2180 768 2237 821 in
2271 767 2454 824 tantis
2483 768 2742 838 undique
2764 766 2936 821 malis
2968 766 3204 821 Ruselio
3227 763 3474 820 vinculis
3495 763 3708 832 soluto,

2061 861 2118 912 et
2147 857 2339 911 verbis
2379 862 2436 912 et
2477 856 2726 929 pecunia
2782 854 3022 911 delinito
3075 855 3410 926 persuadet,
3461 859 3525 909 ut
3576 869 3711 908 cum

2060 945 2261 1001 Alexio
2318 947 2611 1001 Comneno
2657 945 2919 1016 praeside,
2977 946 3077 1014 qui
3128 944 3311 1015 copiis
3379 941 3714 1016 Byzantinis

2062 1041 2323 1106 praeerat,
2375 1034 2604 1107 Bryenii
2637 1035 2871 1089 fratrem
2935 1033 3220 1088 Joannem
3282 1032 3541 1088 invadat.
3600 1032 3714 1087 Sed

2059 1124 2316 1180 Joannes
2347 1140 2415 1180 ea
2443 1141 2505 1179 re
2525 1127 2753 1180 mature
2783 1123 3035 1193 cognita,
3070 1122 3208 1194 fuga
3236 1123 3486 1178 salutem
3503 1121 3712 1193 quassi-

2060 1213 2163 1269 vit.
2199 1211 2370 1268 Multi
2399 1216 2597 1268 tamen
2630 1212 2972 1268 Macedones
3004 1210 3104 1282 qui
3152 1210 3232 1266 ibi
3291 1209 3477 1266 relicti
3522 1213 3712 1280 erant,

2063 1301 2278 1372 partim
2311 1301 2464 1367 cassi,
2498 1301 2714 1374 partim
2735 1301 2887 1374 capti
2921 1304 3078 1356 sunt.

293 1387 533 1459 ὑπτίαις,
564 1391 626 1444 τὸ
682 1394 780 1444 τοῦ
841 1388 1032 1466 λόγου,
1066 1393 1256 1468 χερσὶν
1309 1393 1361 1447 οἱ
1416 1399 1515 1462 τῆς
1576 1390 1890 1466 συγκλήτου
1952 1387 2164 1462 βουλῆς
2223 1389 2380 1445 αὐτὸν
2441 1386 2788 1462 ὑποδέξονται
2847 1386 2937 1443 διὰ
2981 1388 3078 1456 τὴν
3129 1387 3265 1462 πρὸς
3291 1387 3380 1441 τὸν
3414 1384 3711 1461 λογοθέτην

283 1477 608 1554 Νικηφόρον
659 1478 975 1555 ἀπέχθειαν,
1008 1481 1097 1536 καὶ
1147 1483 1247 1551 τήν
1306 1486 1402 1536 τοῦ
1466 1478 1734 1558 βασιλέως
1791 1476 2223 1556 ἀφέλειανοάλλ’
2256 1479 2319 1533 ού
2379 1478 2514 1533 κατᾶ
2564 1480 2656 1533 τὸν
2708 1479 2912 1533 σκοπὸν
2971 1477 3115 1548 αύτῷ
3172 1476 3261 1531 καὶ
3307 1477 3374 1531 τὰ
3421 1476 3718 1551 πράγματα

289 1565 694 1637 ἀπηντήκασιν.
735 1567 1087 1633 Ἐπελθόντες
1119 1569 1222 1647 γάρ
1256 1572 1309 1625 οἱ
1340 1569 1623 1634 σταλέντες
1658 1574 1738 1642 τῷ
1766 1569 1938 1644 τείχει
1987 1571 2096 1622 τῶν
2150 1565 2500 1643 Βλαχερνῶν,
2534 1563 2972 1644 ἠκροϐολίσαντο
3030 1566 3144 1640 μὲν,
3176 1563 3374 1635 ἤνυσαν
3423 1562 3480 1620 δὲ
3537 1560 3713 1621 οὐδέν.

286 1656 456 1718 ’Όθεν
492 1653 582 1710 διὰ
609 1663 711 1727 τῆς
737 1657 977 1736 γεφύρας
1002 1662 1116 1734 (95)
1143 1655 1424 1724 διαϐάντες
1453 1659 1528 1722 εἷς
1558 1661 1657 1729 τὴν
1691 1656 1909 1734 ἀντικρὺ
1957 1662 2059 1726 τῆς
2119 1655 2336 1721 πόλεως
2389 1654 2642 1731 ἤπειρον,
2673 1657 2768 1719 τὰς
2829 1655 2939 1711 ἐκεῖ
2991 1655 3364 1732 τυγχανούσας
3420 1650 3720 1727 οἰκοδομὰς

290 1742 601 1816 παρέδοσαν
629 1752 707 1820 τῷ
737 1748 890 1822 πυρὶ,
923 1749 1168 1804 κάκεῖθεν
1203 1749 1280 1813 εἷς
1310 1751 1400 1805 τὸν
1437 1749 1665 1824 Ἀθύραν
1715 1748 2068 1821 ὑπέστρεψαν.
2102 1745 2260 1803 Οὕτω
2309 1743 2356 1800 δ’
2405 1747 2432 1802 6
2486 1745 2741 1822 βασιλεὺς
2777 1743 3270 1822 περιστατούμενος
3317 1741 3594 1815 πάντοθεν,
3625 1741 3718 1798 τὸν

290 1832 604 1889 Ῥουσέλιον
641 1834 758 1890 λύει
788 1856 847 1891 τε
874 1838 981 1891 τῶν
1017 1836 1255 1912 δεσμῶν,
1287 1839 1375 1894 καὶ
1410 1839 1620 1915 ῥήμασι
1651 1837 1740 1892 καὶ
1794 1838 2046 1912 χρήμασι
2101 1836 2193 1890 τὸν
2252 1832 2418 1909 ἄνδρα
2480 1833 2945 1909 ἐκμειλιξάμενος,
2974 1834 3219 1889 ἐπελθεῖν
3276 1831 3448 1895 πείθει
3497 1835 3576 1903 τῷ
3622 1833 3719 1885 τοῦ

294 1923 595 1997 Βρυεννίου
627 1925 894 1998 ὁμαίμονι
933 1927 1068 2000 μετά
1123 1931 1219 1982 τοῦ
1277 1925 1546 2004 προέδρου
1580 1923 1831 1997 Ἀλεξίου
1888 1928 1984 1980 τοῖ’)
2032 1929 2321 1998 Κομνήνοῦ
2381 1929 2850 2000 στράταρχοῦντος
2907 1930 3009 1993 τῆς
3058 1927 3136 1995 τῷ
3198 1920 3416 1996 βασιλεῖ
3468 1920 3606 1975 κατά
3658 1919 3723 1974 τὸ

292 2015 590 2080 Βυζάντιον
650 2012 964 2089 προσούσης
1025 2013 1328 2090 δυνάμεως.
1358 2019 1425 2075 Ὃ
1459 2017 1643 2090 μαθὼν
1678 2017 1833 2070 ὁτοῢ
1892 2013 2178 2089 Βρυεννίου
2236 2011 2471 2090 ἀδελφὸς
2529 2008 2664 2093 ἔφθη
2724 2009 2968 2088 διαδράς.
3000 2015 3122 2070 Τῶν
3173 2007 3501 2070 Μακεδόνων
3535 2007 3721 2082 μέντοι

291 2100 746 2174 καταλειφθέντες
776 2104 1006 2176 πολλοὶ,
1043 2107 1094 2161 οἱ
1129 2106 1225 2181 μὶν
1257 2105 1470 2176 ἔπεσον,
1508 2107 1560 2160 οἱ
1591 2104 1638 2160 δ’
1669 2103 1936 2160 ἑάλωσαν.

367 2192 480 2248 ΙΗ’.
541 2193 628 2249 Ἐν
687 2193 936 2268 τοσούτῳ
1013 2193 1071 2250 δὲ
1147 2196 1238 2250 καὶ
1315 2195 1662 2264 Πατζινάκων
1749 2191 1961 2261 πλῆθος

2142 2192 2335 2250 XVIII.
2362 2194 2584 2250 Interea
2606 2193 3046 2249 Patzinacarum
3086 2191 3400 2248 multitudo
3432 2189 3720 2245 Adriano-

293 2279 508 2350 ἐπῆλθε
585 2284 722 2338 κατὰ
809 2281 1336 2360 Ἀδριανουπόλεως,
1404 2284 1495 2339 καὶ
1569 2283 1692 2357 περὶ
1757 2280 1958 2352 ταύτην

2072 2281 2252 2354 polim
2287 2299 2586 2355 aggressa,
2628 2282 2841 2338 castris
2874 2282 3081 2355 positis
3137 2297 3310 2353 agros
3350 2279 3723 2336 suburbanos

291 2365 770 2444 παρεμϐαλόντες,
819 2373 920 2442 τὴν
972 2375 1127 2449 πέριξ
1179 2372 1356 2429 αὐτῶν
1405 2371 1692 2444 ἐληΐζοντο
1746 2370 1959 2446 χώραν,

2072 2377 2276 2441 vastat,
2312 2390 2345 2428 a
2371 2373 2584 2443 quibus
2617 2372 2900 2444 Cryenius
2955 2370 3202 2442 pecunia
3251 2371 3390 2425 data
3443 2368 3722 2440 impetra-

295 2457 389 2520 οὓς
449 2460 479 2513 ὁ
535 2461 791 2536 Βρυένιος
853 2459 1243 2536 δεξιωσάμενος
1297 2465 1574 2538 χρήμασι,
1633 2466 1959 2535 μεταστῆναι

292 2553 395 2617 τῆς
455 2546 676 2611 πόλεως
756 2544 954 2607 ἔπεισε.
1012 2552 1141 2627 Περὶ
1222 2549 1279 2606 δέ
1330 2572 1389 2628 γε
1441 2552 1540 2620 τήν
1599 2549 1826 2618 Κύζικον
1883 2551 1962 2619 τῷ

298 2635 523 2716 ἀδελφῷ
581 2638 744 2693 αύτοῦ
822 2637 1162 2712 ἀπελθόντι,
1222 2640 1312 2695 καὶ
1389 2638 1714 2715 πειρωμένῳ
1768 2637 1964 2714 ὑπαγα-

296 2726 482 2801 γέσθαι
539 2728 668 2789 τοὺς
747 2726 880 2798 ἐκεῖ,
931 2731 958 2784 6
1011 2728 1326 2793 Ῥουσέλιος
1380 2728 1644 2804 ἐντυχὼν,
1702 2718 1962 2804 ἐτρέψατο

300 2817 439 2870 κατὰ
517 2817 718 2892 κράτος
803 2817 985 2876 αὐτόν.
1048 2820 1206 2894 ’Ἄρτι
1295 2817 1352 2873 δὲ
1441 2821 1540 2872 τοῦ
1618 2816 1962 2891 πατριάρχου

306 2907 558 2960 ’ὶωάννου
639 2910 738 2961 τοῦ
820 2906 1118 2985 Ξιφιλίνου
1349 2906 1488 2980 πρὸς
1554 2908 1651 2967 τὰς
1710 2903 1960 2964 αἰωνίους

327 2994 676 3068 μεταθεμέθου
764 2997 948 3070 μονὰς,
1028 2996 1116 3052 ἐπὶ
1194 2993 1322 3052 δέκα
1395 2994 1669 3056 ἐνιαυτοὺς
1746 2993 1828 3068 ἐφ’
1885 2991 1962 3046 ἐνὶ

321 3081 403 3136 καί
483 3085 646 3157 μησὶν
728 3085 863 3140 ἑπτὰ
943 3087 1044 3156 τήν
1128 3083 1454 3156 Ἐκκλησίαν
1545 3081 1911 3156 ποιμάναντος
1947 3125 1962 3152 ,

317 3173 698 3249 προεχειρίσθη
788 3174 1138 3251 πατριάρχης
1223 3176 1446 3247 Κοσμᾶς
1534 3171 1773 3248 μοναχὸς
1827 3173 1962 3244 (97),

306 3258 495 3337 λόγοις
571 3263 668 3337 μὶν
751 3263 861 3340 οὐχ
917 3262 1244 3338 ὡμιληκὼς,
1295 3263 1508 3340 ἀρεταῖς
1567 3259 1624 3316 δὲ
1685 3258 1965 3322 παντοίαις

300 3351 707 3426 κοσμούμενος,
738 3353 829 3408 καὶ
884 3350 976 3408 διὰ
1029 3357 1191 3409 τοῦτο
1243 3352 1332 3407 καὶ
1380 3353 1516 3428 πρὸς
1542 3355 1640 3406 τοῦ
1695 3347 1963 3426 βασιλέως

301 3440 513 3516 ἐξόχως
562 3442 900 3515 τιμώμενος.
937 3443 998 3499 Ὁ
1054 3440 1236 3516 μέντοι
1289 3441 1668 3513 Βοτανειάτης,
1729 3437 1788 3493 ἐκ
1847 3435 1962 3493 δια-

302 3529 487 3607 φόρων
575 3535 750 3606 γενῶν
848 3531 1024 3604 ἑαυτῷ
1111 3531 1610 3606 περιποιησάμενος
1691 3527 1963 3604 τάγματα,
1996 3565 2040 3634 C

300 3619 391 3673 καὶ
449 3619 725 3695 Τούρκους
779 3619 1269 3696 προσηταιρίσατο,
1329 3620 1402 3674 ὧν
1458 3618 1686 3695 ἐξῆρχεν
1745 3620 1773 3672 6
1823 3624 1963 3672 Κου-

303 3707 586 3781 τλουμοῢς
631 3711 764 3782 (98),
814 3713 924 3764 τῶν
969 3710 1118 3782 παρὰ
1184 3708 1414 3786 Πέρσαις
1470 3709 1762 3783 τυγχάνων
1811 3728 1966 3784 περι-

307 3803 516 3873 φανῶν,
547 3799 630 3867 ὃς,
677 3803 758 3872 τῷ
814 3797 1044 3854 σουλτὰν
1097 3798 1233 3854 κατᾶ
1275 3798 1431 3875 γένος
1482 3799 1794 3873 προσήκων,
1843 3795 1968 3870 περὶ

306 3893 409 3955 τῆς
487 3889 668 3963 ἀρχῆς
739 3888 885 3961 αὐτῷ
955 3885 1248 3966 διεφέρετο,
1313 3887 1404 3942 καὶ
1478 3888 1614 3964 πρὸς
1687 3883 1967 3959 πολέμους

305 3973 419 4045 ἤδη
472 3983 680 4052 χωρεῖν
729 3977 1116 4050 ἡτοιμάζοντο.
1165 3979 1342 4034 Τοῦτο
1396 3980 1476 4048 τῷ
1529 3975 1744 4052 χαλιφᾷ
1794 3976 1970 4050 ἀπαγε

304 4063 494 4140 γελθὲν
531 4066 710 4138 (οὗτος
769 4065 827 4120 δὲ
886 4072 1011 4142 παρ’
1062 4065 1254 4128 αὐτοῖς
1316 4060 1776 4141 ὑπερϐαλλόντως
1831 4062 1970 4118 τετί-

310 4173 480 4227 μητο,
513 4155 588 4220 ὡς
643 4155 704 4210 ἐκ
759 4159 857 4211 τοῦ
909 4156 1100 4232 γένους
1149 4159 1246 4211 τοῦ
1302 4154 1604 4230 Μαχουμὶν
1649 4154 1968 4228 κατάγεσθαι

302 4243 696 4316 νομιζόμενος)
756 4242 832 4307 είς
901 4243 1136 4320 ἀγωνίαν
1210 4238 1484 4313 ἐνέϐαλεν,
1535 4240 1629 4298 Ἵνα
1706 4244 1783 4316 μὴ
1840 4253 1971 4318 παρ’

304 4333 496 4396 αὐτοῖς
552 4331 824 4410 ἐμφύλιος
881 4333 1100 4408 γένηται
1158 4331 1425 4406 πόλεμος.
1481 4331 1687 4389 Λύτίκα
1767 4331 1971 4406 τοίνυν,

305 4422 351 4477 εἰ
441 4422 532 4476 καὶ
603 4429 708 4492 τῆς
798 4421 1000 4486 οἰκείας
1087 4417 1372 4499 διατριϐῆς
1472 4423 1548 4496 μὴ
1634 4420 1824 4493 ἐξιέναι
1889 4427 1970 4496 τῷ

304 4510 543 4590 χαλιφᾷ,
599 4509 741 4584 μηδὲ
798 4510 1144 4586 δημοσιεύειν
1201 4513 1534 4582 νενόμισται,
1589 4511 1814 4583 ἐκεῖνος,
1871 4516 1971 4568 τοῦ

306 4598 470 4663 ἔθους
533 4603 969 4679 καταφρονήσας,
1030 4597 1189 4672 ἔξεισι
1255 4601 1345 4656 καὶ
1402 4598 1584 4657 ἄπεισι
1648 4603 1787 4680 πρὸς
1844 4602 1972 4666 τοὺς

305 4689 435 4764 περὶ
491 4693 592 4756 τῆς
649 4691 831 4768 ἀρχῆς
887 4691 1286 4766 ἀντερίζοντας,
1344 4689 1434 4746 καὶ
1493 4692 1671 4756 πείθει
1743 4690 1971 4756 τούτους

304 4786 408 4849 τῆς
440 4779 537 4852 μὲν
573 4780 1103 4860 μάχηςιάφέξεσθαι,
1134 4780 1226 4836 τὸν
1277 4777 1335 4835 δὶ
1382 4779 1612 4836 σουλτδιν
1663 4777 1808 4856 ἔχειν
1871 4781 1966 4854 μὶν

2068 2460 2171 2529 vit,
2206 2465 2270 2516 ut
2301 2461 2374 2516 ab
2408 2462 2550 2517 urbe
2572 2462 2928 2516 recederent.
2967 2459 3244 2515 Ruselius
3301 2476 3433 2515 vero
3483 2459 3723 2512 fratrem

2070 2551 2199 2621 ejus
2267 2551 2555 2606 Joannem
2613 2549 2879 2623 Cyzicum
2937 2549 3333 2620 invadentem,
3393 2565 3460 2603 ac
3489 2550 3724 2619 gentem

2070 2638 2232 2695 illam
2257 2640 2532 2712 subigere
2579 2645 2888 2696 conantem
2923 2639 3195 2710 adeptus,
3256 2636 3453 2709 praelio
3501 2635 3724 2693 victum

2072 2727 2418 2800 profligavit.
2450 2728 2674 2785 Joanne
2705 2728 3004 2800 Xiphilino
3037 2726 3367 2799 patriarcha
3389 2725 3448 2781 in
3479 2731 3726 2781 aaternas

2072 2817 2412 2873 mansiones
2445 2819 2752 2888 translato,
2778 2835 2911 2873 cum
2971 2817 3288 2872 Ecclesium
3323 2832 3507 2871 annos
3562 2831 3619 2870 χι
3669 2817 3727 2870 et

2073 2921 2307 2962 menses
2354 2923 2432 2961 vn
2509 2906 2772 2975 rexisset,
2835 2905 3167 2978 patriarcha
3223 2905 3566 2976 designatus
3633 2905 3728 2958 est

2072 2995 2314 3051 Cosmas
2347 2996 2690 3062 monachus,
2737 2995 3070 3051 ineruditus
3129 2993 3227 3050 ille
3285 2995 3546 3066 quidem,
3620 2991 3725 3048 sed

2073 3085 2263 3140 omnis
2293 3085 2524 3156 generis
2575 3085 2888 3139 virtutibus
2946 3088 3213 3153 ornatus,
3258 3100 3374 3154 qua
3423 3083 3494 3138 de
3549 3097 3730 3138 causa

2072 3175 2246 3230 etiam
2279 3175 2352 3229 ab
2379 3174 2728 3245 imperatore
2758 3173 2817 3228 in
2852 3174 3105 3228 maximo
3139 3173 3320 3244 pretio
3372 3171 3727 3226 habebatur.

2073 3263 2355 3319 Caeterum
2401 3263 2731 3318 Botaniates
2753 3261 3084 3336 legionibus
3116 3278 3146 3317 e
3177 3261 3424 3317 diversis
3446 3260 3728 3334 gentibus

2075 3353 2362 3418 conﬂatis,
2394 3357 2611 3408 Turcas
2660 3353 2836 3409 etiam
2899 3352 3011 3408 sibi
3068 3351 3419 3420 conciliavit,
3470 3365 3726 3421 quorum

2073 3443 2383 3498 Cutlumus
2416 3443 2534 3498 dux
2563 3446 2705 3508 erat,
2740 3443 2914 3498 Persa
2947 3440 3217 3509 illustris,
3251 3440 3352 3512 qui
3409 3456 3543 3494 cum
3603 3436 3726 3493 sul-

2075 3537 2232 3599 tano,
2267 3534 2360 3588 cui
2389 3548 2600 3605 genere
2631 3531 3000 3604 propinquus
3049 3533 3192 3600 erat,
3227 3530 3299 3585 de
3347 3545 3526 3601 regno
3583 3543 3729 3583 con-

2075 3623 2371 3686 tendebat,
2397 3622 2645 3694 jamque
2675 3621 2744 3676 ad
2782 3637 2947 3676 arma
2978 3637 3068 3675 res
3096 3620 3420 3691 spectabat.
3457 3617 3520 3672 Id
3551 3615 3732 3672 Chali-

2077 3710 2226 3783 phse,
2261 3711 2430 3782 cujus
2461 3711 2614 3784 apud
2639 3709 2769 3766 illos
2804 3709 3060 3765 maxima
3089 3711 3214 3764 erat
3262 3705 3605 3774 auctoritas,
3664 3708 3732 3761 ut

2077 3800 2176 3871 qui
2211 3817 2244 3854 a
2272 3799 2602 3855 Mahumeto
2624 3803 2820 3854 ortum
2841 3813 3073 3853 sumere
3095 3800 3420 3868 putaretur,
3449 3810 3728 3867 magnum

2077 3888 2338 3944 dolorem
2371 3888 2586 3954 attulit,
2627 3889 2672 3944 si
2707 3889 2863 3942 inter
2911 3887 3069 3959 ipsos
3102 3885 3252 3942 bella
3281 3885 3476 3942 civilia
3505 3884 3732 3940 oriren-

2076 3982 2194 4045 tur,
2216 3982 2274 4034 et
2303 3978 2572 4049 quamvis
2603 3976 2782 4032 moris
2812 3992 2928 4031 non
2959 3979 3134 4041 esset,
3170 3979 3236 4030 ut
3265 3991 3370 4030 suo
3404 3974 3529 4030 loco
3561 3988 3727 4030 exce-

2078 4068 2260 4138 deret,
2291 4082 2356 4123 ac
2414 4066 2474 4122 in
2505 4066 2740 4139 publico
2786 4069 3140 4132 versaretur,
3197 4068 3396 4120 tamen
3457 4063 3728 4118 instituto

2078 4159 2430 4228 contempto,
2466 4155 2537 4211 ad
2569 4171 2669 4211 eos
2727 4154 2848 4210 abit
2889 4153 2989 4225 qui
3045 4154 3117 4208 de
3169 4168 3348 4226 regno
3389 4151 3726 4225 litigabant,

2078 4245 2281 4317 eisque
2309 4245 2640 4316 persuadet,
2680 4246 2745 4298 ut
2772 4241 2992 4298 omisso
3021 4241 3174 4298 bello
3201 4241 3474 4297 sultanus
3505 4241 3724 4313 princi-

2079 4339 2280 4407 patum
2315 4348 2486 4389 suum
2541 4334 2831 4406 integrum
2882 4336 3098 4402 teneat,
3149 4335 3514 4405 cognatoque
3563 4329 3729 4388 omni

2079 4440 2188 4496 ope
2216 4427 2424 4496 praesto
2456 4423 2551 4492 sit,
2586 4426 2650 4476 ut
2681 4421 2957 4477 Romanis
2981 4421 3296 4493 provinciis
3326 4419 3587 4477 subactis
3616 4419 3729 4475 im-

2080 4517 2259 4586 peret.
2297 4512 2372 4568 lis
2389 4510 2761 4584 pactionibus
2791 4510 3058 4580 ﬁrmatis,
3089 4510 3730 4566 CutlumusRomanam

2081 4601 2360 4658 ditionem
2394 4601 2697 4672 ingressus
2729 4599 3053 4654 Botaniates
3103 4615 3341 4672 operam
3403 4602 3594 4670 navat,
3629 4598 3732 4670 qui

2070 4692 2255 4766 justis
2276 4690 2459 4763 copiis
2489 4690 2822 4744 instructus
2856 4688 3107 4744 Nicaeam
3141 4705 3428 4762 occupare
3456 4704 3730 4761 propera-

2079 4781 2361 4852 bat:jam
2419 4779 2574 4836 enim
2635 4777 2980 4852 praesidiarii
3034 4778 3254 4834 milites
3294 4779 3528 4851 prodita
3585 4779 3732 4834 urbe

304 4870 407 4938 τὴν
493 4868 696 4926 οἰκείαν
780 4871 960 4946 ἀρχὴν
1045 4868 1586 4946 ἀνακρωτηρίαστυν,
1642 4871 1961 4947 συνάρασθαι

2079 4872 2231 4929 ultro
2255 4887 2319 4926 se
2340 4886 2474 4926 cum
2496 4868 2624 4941 ipso
2682 4868 3129 4938 conjunxerant,
3161 4871 3220 4922 et
3272 4884 3305 4922 a
3336 4883 3546 4938 magna
3575 4867 3724 4924 291

308 4933 374 5018 δὲ.
417 4966 499 5034 τῷ
557 4933 826 5036 συγγενεῖ.
855 4933 1130 5023 παντοίως
1187 4933 1264 5015 ¹ἐν
1323 4933 1662 5037 ’κατασχέσει
1728 4933 1961 5036 γένὲσθαι

2082 4963 2226 5020 urbe
2255 4964 2316 5018 in
2339 4962 2463 5017 dies
2486 4933 2668 5033 aliqui
2702 4960 2773 5014 ad
2789 4933 2973 5014 ‘illum
3009 4933 3404 5014 conﬂuebant.
3435 4933 3526 5016 Ita
3555 4959 3733 5015 rebus

305 5051 503 5128 χώρας
560 5053 898 5126 Ῥωμαϊκῆς,
929 5048 1023 5106 καὶ
1072 5048 1276 5122 ταύτης
1326 5045 1539 5127 ἄρχειν.
1574 5049 1694 5108 Ἐπὶ
1751 5049 1970 5117 τούτοις

2082 5071 2152 5111 ex
2198 5050 2495 5110 sententia
2550 5048 3026 5118 succedentibus,
3079 5047 3406 5105 Botaniates
3469 5047 3531 5104 in
3589 5047 3737 5105 urbe

1597 5215 1803 5278 Variae
1831 5215 2136 5281 lectiones
2167 5221 2229 5278 et
2258 5219 2449 5277 notae.

381 5360 496 5432 (95)
528 5354 902 5432 Psqdpaq._De
932 5356 1044 5413 hoc
1063 5356 1532 5432 pontegdiximus
1579 5357 1640 5414 in
1689 5361 1964 5416 Constan-

307 5429 543 5503 ῑίηορὸιὶ
567 5429 764 5503 Christ.
792 5429 891 5486 lib.
917 5447 993 5503 iv,
1022 5435 1163 5503 sect.
1200 5430 1286 5485 14.

543 5500 879 5578 Ξιιγιοιλίνουζ
920 5499 1206 5578 Ἰωάννου-
1253 5503 1373 5578 τοῦ.
1423 5502 1653 5578 _E;st_at
1701 5501 1763 5557 in
1833 5503 1962 5578 cod.

380 5523 494 5578 ψο)
543 5523 859 5631 ιιἙιΛινου.
940 5523 1171 5558 ιωαννου
1253 5523 1373 5558 του.
1450 5523 1653 5558 Exstat
1701 5523 1763 5557 111
1833 5523 1962 5559 οοα.

303 5575 819 5707 ξῗὲρηξξιοωοοιὶε
847 5574 1020 5630 Pselli
1051 5573 1248 5631 Oratio
1279 5573 1546 5631 funebris
1581 5574 1641 5630 in
1688 5575 1962 5633 eumdem

357 5663 692 5705 ιοωιιηιιω.

379 5667 692 5720 pnmnum.

379 5721 498 5803 (9.7)
545 5714 980 5803 .IIP?§X“P‘€°'!
1017 5789 1049 5803 η
1086 5713 1436 5803 πετριάρχης
1475 5719 1764 5803 ηιξοςιξεις
1861 5737 1962 5803 εο-

379 5737 498 5795 (ῊΙ)
578 5737 813 5804 ιιροεχει
859 5737 978 5789 ισθη
1086 5737 1436 5802 πατριαρχης
1544 5737 1654 5772 ιιοσ
1686 5737 1764 5800 ,ας
1861 5737 1960 5790 μο-

305 5790 505 5872 ναχός.
543 5792 773 5854 Similia
809 5737 990 5852 ﬂabat
1016 5789 1312 5864 Scyhtzes,
1362 5807 1422 5864 p.
1473 5790 1599 5845 860.
1631 5737 1960 5864 llierosoly-

2077 5358 2369 5414 mitanum
2384 5354 2866 5429 cognominatum
2889 5371 3020 5412 esse
3041 5353 3227 5429 tradit
3244 5358 3448 5429 auctor
3474 5354 3733 5429 Catalogi

2072 5429 2340 5487 Patr.CP.
2363 5429 2426 5484 in
2455 5427 2597 5484 Jure
2626 5427 3058 5483 Graecorom.ad
3089 5428 3408 5482 discrimen
3426 5427 3573 5483 forte
3593 5427 3734 5484 Cos-

2074 5519 2181 5559 ωε
2213 5502 2388 5559 Attici
2420 5499 2576 5567 dicti,
2614 5499 2999 5556 subManuele
3028 5498 3736 5573 Commeno,ubipontifi-

2073 5580 2270 5632 catum
2296 5574 2552 5647 gessisse
2573 5573 2972 5640 an.5,menses
2992 5573 3027 5626 6
3048 5571 3348 5647 scribitur,
3370 5571 3514 5647 eum
3534 5573 3727 5646 digni-

2071 5652 2252 5704 tatem
2281 5645 2633 5703 abdicasset.
2666 5647 2919 5700 Causam
2964 5658 3099 5698 vero
3131 5645 3519 5702 abdicationis
3549 5645 3726 5704 refert

2069 5723 2238 5776 Anna
2268 5719 2605 5789 Commena,
2630 5715 2732 5773 lib.
2764 5733 2850 5789 ιιι,
2875 5715 3135 5772 Alexiad.
3164 5733 3300 5789 pag.
3325 5718 3418 5774 79.

2142 5792 2255 5865 (98)
2270 5787 2664 5865 Κουτλουμοῦς
2691 5786 2994 5862 Scylitzes,
3023 5803 3084 5861 p.
3113 5788 3240 5862 861,
