4126 6374
330 383 451 446 289

1614 375 2022 439 ANNALIUM
2069 376 2215 438 LIB.
2266 377 2481 439 XVlll.

3639 388 3761 452 290

333 513 592 588 μέστικον
629 557 643 584 ,
702 513 792 568 καὶ
861 516 971 568 τῶν
1045 512 1366 584 Ῥωμαϊκῶν
1459 506 1620 563 αὐτὸν
1708 505 1980 580 δυνάμεων

2107 509 2341 581 dicitur,
2374 510 2537 568 illius
2576 513 2830 570 exercitu
2861 515 3029 572 facile
3087 522 3380 589 superato,
3438 523 3756 593 tyrannum

327 603 806 678 προστησάμενος,
860 600 998 657 κατὰ
1045 605 1142 656 τοῦ
1202 598 1461 675 Βρυενίου
1519 596 1850 670 ἐξεπεμιῖιιεν⁸
1905 597 1985 664 ὃς,

325 692 511 765 τούτῳ
588 686 886 764 συμϐαλὼν
947 689 1085 744 κατά
1145 710 1199 744 τι
1255 686 1462 764 χωρίον
1523 680 1850 760 Καλαόρύην
1914 687 1987 758 (4)

328 781 658 857 λεγόμενον,
693 778 784 835 διὰ
824 779 886 835 τὸ
930 777 1262 855 κατάρρυτον
1315 776 1449 832 εἶναι
1495 775 1585 830 τὸν
1637 773 1803 829 τόπον
1859 773 1989 849 βρύ-

330 892 474 927 σεσιν
530 867 740 925 ὑδάτων
797 867 1025 924 πολλῶν
1084 888 1145 923 τε
1198 868 1286 922 καὶ
1349 867 1587 942 ἀγαθῶν,
1650 862 1846 941 ῥᾳδίως
1887 870 1989 934 τῆς

335 961 537 1017 ἐκείνου
567 959 904 1038 περιεγένετο
957 963 1232 1035 στρατιᾶς,
1286 955 1376 1011 καὶ
1414 959 1522 1010 τῶν
1561 955 1654 1028 μὲν
1688 955 1986 1023 πεσόντων,

338 1056 443 1107 τῶν
469 1049 525 1106 δὲ
557 1049 864 1127 φυγόντων,
920 1048 1030 1105 εἷλε
1082 1048 1394 1122 μονωθέντα
1435 1047 1525 1101 τὸν
1558 1045 1985 1120 τυραννήσαντα,

337 1142 544 1197 καὶτοῦ
576 1142 756 1220 φωτὸς
786 1141 879 1196 τὸν
910 1136 1145 1195 δείλαιον
1191 1136 1523 1212 ἀπεστέρησε
1546 1182 1561 1210 ,
1613 1135 1701 1190 καὶ
1737 1134 1989 1210 εἰσήγαγε

329 1229 536 1311 τυφλὸν
569 1230 645 1294 εἷς
672 1232 772 1301 τὴν
828 1228 1244 1308 βασιλεύουσαν.
1277 1227 1377 1282 Καὶ
1429 1229 1464 1295 ἡ
1513 1226 1606 1300 μὲν
1661 1229 1758 1279 τοῦ
1805 1225 1989 1300 βρυεν-

326 1320 451 1377 νίου
521 1319 598 1383 εἷς
664 1324 826 1376 τοῦτο
898 1318 1095 1381 τέλους
1171 1319 1502 1388 κατήντησεν
1580 1313 1936 1376 ἐπανάστασις
1969 1357 1983 1372 .

323 1411 732 1482 Ἐπανέστησαν
798 1406 857 1464 δὲ
927 1409 1014 1463 καὶ
1095 1407 1147 1462 οἳ
1224 1405 1491 1481 Βάραγγοι
1557 1405 1635 1477 (5)
1699 1401 1834 1458 κατὰ
1888 1405 1986 1457 τοῦ

329 1499 625 1576 βασιλέως,
686 1497 895 1554 ἀνελεῖν
956 1497 1119 1552 αὐτὸν
1189 1493 1582 1569 μελετήσαντες
1617 1535 1630 1549 .
1685 1491 1990 1562 Ἀντιταξα-

329 1589 503 1664 μένης
537 1586 582 1644 δ’
613 1588 797 1651 αὐτοῖς
840 1586 1030 1663 χειρὸς
1081 1585 1263 1660 ἑτέρας
1295 1585 1636 1658 Ῥωμαϊκῆς,
1669 1581 1748 1644 εἷς
1782 1580 1984 1636 ἱκεσίαν

324 1679 653 1757 ἐτράποντο,
694 1677 783 1734 καὶ
829 1676 1164 1754 συγγνώμης
1214 1671 1500 1749 ἐπέτυχον.
1532 1675 1618 1744 Τῷ
1665 1668 1723 1726 δὲ
1774 1669 1990 1747 βασιλεῖ

323 1769 510 1842 τούτῳ
584 1771 683 1837 τῆς
744 1767 1022 1842 ὁμοζύγου
1076 1762 1480 1835 τελευτησάσης
1515 1807 1532 1831 ,
1593 1759 1800 1818 πολλαὶ
1889 1761 1984 1834 μὲν

327 1856 726 1934 ἐμνηστεύοντο
773 1854 1051 1933 παρθένοι,
1105 1854 1194 1910 καὶ
1252 1853 1359 1929 πρὸ
1405 1856 1512 1908 τῶν
1547 1849 1734 1956 ἄλλων
1780 1853 1828 1956 ζὴ
1887 1854 1985 1956 τοῦ
2018 1890 2064 1956 Β

329 1949 605 2025 βασιλέως
661 1953 757 2004 τοῦ
814 1945 990 2004 Δούκα
1046 1948 1288 2022 θυγάτηρ
1341 1947 1462 2016 Ζωή
1494 1986 1506 2000 .
1566 1945 1627 2002 Ὁ
1669 1941 1725 1999 δὲ
1773 1943 1809 2012 ἢ
1883 1943 1980 2012 τὴν

331 2037 593 2117 βασιλίδα
667 2036 935 2096 Εύδοκίαν
1001 2034 1196 2106 ἤθελεν
1263 2035 1602 2111 ἀγαγέσθαι,
1661 2033 1697 2103 ἢ
1754 2033 1853 2102 τὴν
1932 2031 1983 2103 ἐξ

324 2128 577 2188 Ἀλανῶν
635 2127 865 2200 Μαρίαν,
922 2127 1021 2195 τὴν
1078 2129 1158 2198 τῷ
1215 2124 1320 2200 πρὸ
1352 2121 1516 2178 αὐτοῦ
1565 2123 1981 2192 συνοικήσασαν.

324 2216 564 2275 Στέλλει
595 2221 726 2294 γοῦν
770 2218 869 2285 τήν
921 2213 1188 2273 Εὐδοκίαν
1245 2210 1741 2288 μετακαλούμενος.
1793 2213 1852 2268 Ἡ
1903 2208 1980 2284 δὲ,

323 2310 401 2374 ὡς
430 2307 619 2384 λόγος,
681 2305 781 2362 οὐκ
834 2305 1174 2377 ἀπηνήνατο,
1230 2301 1480 2373 ἐκωλύθη
1532 2300 1590 2356 δὲ
1636 2301 1772 2378 πρὸς
1821 2298 1980 2356 τοῦτο

323 2401 353 2454 6
411 2395 669 2474 βασιλεὺς
719 2394 864 2472 παρά
917 2416 1079 2450 τινων
1143 2393 1423 2468 μοναχῶν.
1485 2391 1587 2448 Καὶ
1646 2391 1828 2466 ἄγεται
1878 2391 1979 2460 τὴν

325 2483 588 2566 βασιλίδα
635 2485 871 2560 Μαρίαν,
919 2485 1016 2554 τήν
1077 2487 1156 2555 τῷ
1203 2482 1308 2558 πρὸ
1356 2480 1521 2536 αὐτοῦ
1563 2481 1978 2566 συνοικήσασαν,

323 2575 478 2633 οὐδὲν

321 2667 581 2744 ἠγάγετο.
642 2663 881 2740 Μοιχεία
932 2664 1034 2740 γὰρ
1063 2662 1130 2732 ἦν
1183 2657 1666 2736 ἀπηρυθριασμένη
1731 2661 1793 2713 τὸ
1847 2659 1980 2714 τολ-

329 2756 496 2832 μηθέν
535 2799 551 2813 .
608 2755 702 2810 Διὸ
757 2754 847 2810 καὶ
906 2754 934 2808 6
992 2753 1090 2822 τὴν
1169 2748 1485 2827 ἱερολογίαν
1540 2745 1836 2812 τετελεκὼς
1898 2747 1980 2804 ἔπ’

331 2847 514 2909 αὐτοῖς
564 2851 666 2916 τῆς
715 2842 1018 2921 ἱερωσύνης
1073 2838 1436 2897 ἐκπέπτωκεν.
1467 2839 1530 2896 Ὀ
1565 2839 1750 2914 μέντοι
1781 2833 1980 2916 προϐε-

340 2929 669 2996 ϐασιλευκὼς
717 2930 974 3008 Μιχαὴλ,
1029 2930 1105 2992 ὡς
1153 2927 1387 3005 εἴρηται,
1438 2929 1537 2998 τὴν
1564 2926 1731 3004 τρίχα
1777 2926 1978 3003 χαρεὶς,

343 3023 427 3077 καὶ
484 3025 646 3099 ψήφῳ
706 3019 967 3095 συνοδικῇ
1022 3017 1442 3095 μητροπολίτης
1505 3017 1727 3095 Ἐφέσου
1759 3020 1833 3092 (6)
1889 3039 1982 3072 κε-

340 3113 714 3188 χειροτόνητο,
748 3112 838 3166 καὶ
871 3110 1007 3182 ἅπαξ
1061 3110 1324 3188 φοιτήσας
1373 3105 1503 3177 ἐκεῖ,
1555 3105 1845 3177 ἐπανῆλθε,
1889 3105 1980 3161 καὶ

327 3199 479 3276 ἐντῇ
527 3205 625 3256 τοῦ
677 3199 943 3270 Μανουὴλ
992 3199 1134 3273 μονῇ
1188 3200 1261 3273 (7)
1316 3197 1552 3252 ἐποιεῖτο
1591 3197 1688 3264 τήν
1749 3194 1977 3252 δίαιταν.

2101 600 2230 656 aliis
2260 603 2449 669 caecis,
2483 600 2616 658 aliis
2647 603 2860 673 fugatis
2889 607 3264 676 destitutum,
3297 609 3543 681 cepit,ac
3576 611 3758 669 mise-

2102 706 2234 744 rum
2269 690 2568 746 hominem
2619 695 2982 750 caecatumin
3016 699 3220 753 urbem
3255 700 3542 771 perduxit.
3587 701 3754 757 Hunc

2099 780 2328 850 Byronii
2381 784 2578 838 motus
2648 782 2864 839 exitum
2932 785 3158 842 habuit.
3219 789 3328 843 Sed
3389 792 3444 844 et
3500 789 3754 863 Varangi

2098 867 2514 940 imperatorem
2547 887 2645 942 per
2661 873 3008 930 seditionem
3041 877 3368 933 interﬁcere
3407 879 3623 948 conati,
3681 881 3753 935 ab

2099 957 2214 1014 alia
2243 959 2503 1016 Romana
2529 977 2702 1017 manu
2735 963 3020 1034 oppressi,
3055 967 3437 1038 conversique
3482 971 3554 1024 ad
3617 986 3752 1041 pre-

2099 1063 2216 1116 ces,
2247 1049 2472 1104 veniam
2521 1050 2930 1122 impetrarunt.
2984 1052 3126 1109 Cum
3184 1061 3381 1111 autem
3432 1056 3752 1114 Botaniatae

2099 1154 2243 1192 uxor
2268 1137 2531 1205 obiisset,
2565 1140 2762 1195 multa:
2783 1141 3060 1214 virgines,
3086 1146 3352 1216 quamvis
3391 1147 3592 1202 eli'eoto
3645 1148 3752 1203 im-

2099 1228 2352 1299 peratori
2386 1229 2798 1298 oﬂ'erebantur,
2843 1248 2908 1287 ac
2938 1249 3052 1304 pra:
3099 1235 3324 1290 caeteris
3381 1237 3750 1294 Constantini

2099 1320 2266 1373 Ducas
2293 1317 2414 1374 filia
2442 1323 2570 1375 Zoe.
2607 1323 2823 1376 Verum
2855 1321 2937 1375 illi
2971 1321 3256 1394 placebat,
3289 1328 3390 1380 aut
3419 1325 3753 1397 imperatri-

2098 1421 2223 1461 cem
2258 1407 2572 1464 Eudociam
2604 1409 2842 1480 ducere,
2873 1416 2976 1467 aut
3007 1412 3246 1468 Mariam
3277 1413 3604 1470 decessoris
3655 1415 3751 1470 sui

2097 1495 2426 1567 conjugem.
2465 1496 2624 1552 Misit
2653 1497 2836 1570 igitur
2862 1500 2933 1554 ad
2965 1501 3302 1572 Eudociam,
3337 1519 3462 1574 quae
3493 1520 3628 1559 cum
3661 1505 3751 1576 (ut

2096 1585 2300 1657 fertur)
2361 1585 2700 1659 conjugium
2759 1604 2874 1643 non
2928 1597 3244 1659 recusaret,
3285 1592 3587 1649 monachis
3618 1595 3745 1665 qui-

2095 1675 2347 1730 busdam
2378 1675 2733 1742 vetantibus,
2780 1677 3020 1733 Mariam
3073 1680 3504 1751 imperatricem
3563 1683 3748 1750 ducit,

2095 1762 2153 1818 in
2188 1779 2302 1835 quo
2360 1763 2543 1820 nihilo
2601 1765 2814 1821 rectius
2873 1766 3029 1835 fecit,
3093 1785 3271 1840 quam
3329 1770 3376 1826 si
3431 1771 3745 1826 Eudociam

2096 1853 2436 1925 accepisset,
2471 1859 2574 1910 aut
2618 1855 2874 1911 deterius
2930 1857 3130 1913 etiam.
3194 1859 3254 1913 Id
3305 1859 3462 1914 enim
3519 1859 3748 1916 facinus

2095 1943 2410 2014 impudens
2441 1947 2566 1999 erat
2614 1943 2992 2000 adulterium.
3028 1946 3130 2002 Ille
3157 1951 3314 2004 certa
3343 1947 3444 2021 qui
3508 1965 3744 2005 sacrum

2095 2031 2359 2104 nuptiale
2414 2037 2736 2106 peregerat,
2787 2035 3110 2091 sacerdotio
3181 2037 3414 2092 excidit.
3495 2038 3744 2094 Michael

2091 2137 2226 2177 vero
2247 2121 2474 2194 pridem
2507 2123 2844 2196 imperator,
2877 2128 3046 2181 tonsa
3076 2141 3263 2195 coma,
3288 2131 3354 2182 ut
3386 2127 3610 2183 dictum
3634 2135 3745 2198 est,

2094 2210 2321 2267 concilii
2354 2212 2652 2284 suffragiis
2685 2213 2893 2286 Ephesi
2927 2215 3411 2288 metropolitanus
3441 2221 3531 2273 est
3587 2233 3746 2273 crea-

2091 2303 2209 2371 tus,
2242 2305 2466 2356 etcum
2497 2301 2677 2358 semel
2712 2319 2777 2358 eo
2821 2303 3098 2374 venisset,
3162 2322 3451 2374 reversus,
3497 2306 3556 2361 in
3618 2305 3746 2363 Ma-

2093 2389 2284 2444 nuelis
2315 2393 2674 2447 monasterio
2707 2393 2888 2449 vitam
2921 2393 3055 2466 egit.
3081 2397 3219 2451 Post
3249 2395 3538 2451 amissum
3573 2412 3606 2450 a
3636 2396 3744 2452 Bo-

2092 2479 2316 2535 taniata
2373 2479 2711 2552 imperium,
2758 2499 2791 2537 a
2842 2483 3025 2538 Maria
3081 2483 3471 2556 imperatrice,
3505 2489 3562 2541 et
3617 2485 3747 2555 ipsa

565 2575 729 2644 ἧττον
811 2574 1206 2650 παρανομήσας
1290 2570 1326 2641 ἢ
1404 2569 1448 2626 εί
1537 2569 1639 2638 τήν
1715 2565 1977 2624 Εὐδοκίαν

2092 2568 2212 2640 jam
2244 2568 2528 2625 monacha
2565 2571 2733 2640 facta,
2769 2573 3158 2629 moribundus
3188 2573 3416 2630 veniam
3466 2573 3746 2647 supplici-

2093 2662 2180 2712 ter
2209 2662 2430 2727 oratus,
2461 2658 2684 2732 ignovit
2741 2661 2998 2729 mulieri,
3049 2679 3113 2718 ac
3159 2665 3337 2719 Deum
3373 2664 3617 2736 rogavit,
3679 2667 3745 2720 ut

2091 2746 2294 2804 itidem
2327 2749 2379 2805 ei
2410 2749 2759 2821 ignosceret.
2794 2751 3078 2808 Caeterum
3135 2753 3596 2825 Protoproedrus
3645 2751 3745 2808 Ni-

2092 2837 2382 2909 cephorus
2451 2839 2792 2909 Basdacius,
2853 2843 2952 2913 qui
3039 2841 3283 2914 Bryenio
3337 2841 3396 2896 in
3441 2840 3745 2912 Dyrrachii

2092 2927 2437 2998 praefectura
2469 2928 2876 3000 successerat,l
2903 2935 2960 2984 et
2990 2930 3114 3002 ipse
3137 2929 3365 3002 imperii
3423 2930 3746 3001 cupiditate

2091 3020 2372 3086 aestuans,
2405 3016 2641 3073 collecto
2673 3018 2926 3074 exercitu
2957 3019 3428 3075 Thesselonicam
3481 3020 3745 3092 proficis-

2091 3105 2262 3160 citur.
2288 3105 2395 3161 Ubi
2429 3121 2562 3161 cum
2589 3107 2912 3174 didicisset,
2950 3109 3303 3164 Botaniatem
3347 3125 3538 3164 rerum
3591 3109 3742 3181 poti-

2091 3198 2218 3249 tum
2251 3211 2400 3263 esse,
2436 3194 2676 3250 serviles
2715 3197 2783 3251 ad
2820 3213 2952 3252 eum
2986 3197 3211 3252 litteras
3263 3197 3440 3268 dedit,
3501 3197 3739 3254 interim

324 3261 476 3348 Μετά
506 3287 565 3346 δὲ
602 3290 664 3346 τὸ
703 3290 794 3345 τὸν
845 3261 1204 3359 Βοτανειάτην
1251 3293 1351 3356 τῆς
1398 3283 1674 3362 βασιλείας
1704 3284 1978 3340 ἐκπεπτω-

2096 3302 2226 3340 vero
2258 3283 2408 3340 clam
2432 3285 2814 3341 defectionem
2866 3287 3108 3342 molitus
3143 3292 3250 3358 est,
3301 3287 3624 3343 Paitzinacis
3681 3287 3742 3343 in

317 3381 490 3450 κέναι,
547 3381 799 3450 θνήσκων
857 3377 1014 3440 οὗτος
1068 3378 1096 3432 ὁ
1145 3373 1404 3452 Μιχαὴλ,
1459 3373 1648 3431 πολλά
1697 3371 1984 3444 δεηθείσης

321 3467 490 3524 αὐτοῦ
528 3475 629 3538 τῆς
683 3465 1007 3543 βασιλίσσης
1067 3466 1306 3540 Μαρίας,
1357 3462 1458 3536 ἤδη
1514 3463 1770 3535 κάκείνης
1822 3484 1986 3537 μονα-

318 3565 430 3634 χῆς
479 3557 800 3634 γεγονυίας,
854 3556 1181 3632 συγγνώμης
1233 3549 1413 3628 ἔνειμε
1458 3552 1664 3629 ταύτῃ,
1712 3551 1803 3608 καὶ
1853 3573 1981 3628 συγ-

321 3649 578 3722 χώρησιν
615 3645 881 3716 ἐπηύξατο
909 3645 968 3700 ἐκ
1017 3648 1170 3700 Θεοῦ.
1200 3645 1260 3701 Ὁ
1294 3641 1350 3698 δὲ
1401 3639 1858 3720 πρωτοπρόεδρος
1887 3648 1986 3699 Νι-

321 3734 570 3813 κηφόρος
629 3735 656 3789 6
706 3733 1035 3796 Βασιλάκιος
1247 3737 1346 3788 τοῦ
1396 3731 1647 3810 Βρυενίου
1693 3730 1980 3810 γενὸμενες

323 3823 410 3878 ἐπὶ
471 3829 552 3896 τῷ
611 3822 904 3900 Δυρραχίῳ
961 3820 1246 3899 διάδοχος,
1305 3822 1393 3877 καὶ
1454 3823 1617 3885 αὐτὸς
1678 3820 1853 3896 ἔρωτα
1881 3829 1982 3894 τῆς

328 3911 609 3988 βασιλείας
670 3911 1056 3986 ἐνεκυμόνησε,
1111 3911 1200 3967 καὶ
1251 3912 1500 3988 στρατιὰν
1550 3911 1826 3988 ἀθροίσας,
1889 3911 1981 3966 σὺν

325 4001 465 4076 αὐτῇ
512 3989 666 4076 πρὸς¹
706 3999 1102 4072 Θεσσαλονίκην
1164 4000 1315 4076 ἀνῄει
1349 4044 1361 4058 .
1422 4002 1585 4058 Ἔνθα
1655 4003 1838 4074 μαθὼν
1903 4002 1976 4064 ὡς

320 4093 350 4146 6
412 4091 769 4162 Βοτανειάτης
837 4085 1212 4153 βεϐασιλεύκει
1245 4133 1258 4159 ,
1317 4089 1505 4162 ἐκείνῳ
1557 4091 1650 4163 μὲν
1703 4089 1979 4146 ἐπέστειλε

321 4178 600 4244 δουλικῶς
638 4227 653 4252 ,
712 4178 888 4257 λάθρα
939 4177 996 4235 δὲ
1051 4181 1118 4234 τὰ
1173 4185 1276 4248 τῆς
1330 4179 1655 4242 ἀποστασίας
1713 4177 1975 4255 ἐτύρευε,

317 4269 412 4326 καὶ
474 4271 610 4346 πρὸς
686 4269 1006 4345 συμμαχίαν
1088 4267 1496 4342 μεταπέμπεται
1565 4267 1926 4337 Πατζινάκους
1961 4311 1973 4325 .

315 4361 387 4416 ⁶0
415 4359 577 4434 γνοὺς
609 4360 637 4414 6
671 4359 1053 4431 Βοτανειάτης,
1097 4351 1518 4433 χρυσόϐουλλον
1570 4357 1718 4428 αὐτῷ
1761 4354 1975 4412 στέλλει

315 4450 560 4526 γραφήν,
606 4449 722 4522 ἅμα
774 4449 868 4522 μὲν
912 4447 1302 4524 περιποιοῦσαν
1357 4447 1506 4518 αὐτῷ
1561 4445 1639 4525 ἐφ’
1687 4447 1767 4509 οἷς
1817 4445 1974 4503 ἐτόλ-

321 4558 466 4612 μησε
512 4538 575 4592 τὸ
605 4538 936 4612 ἀμέριμνον,
987 4539 1101 4611 ἅμα
1150 4533 1209 4592 δὲ
1255 4536 1345 4591 καὶ
1393 4537 1562 4610 τιμὴν
1610 4534 1755 4608 αὐτῷ
1801 4531 1975 4590 νωϐε-

2096 3374 2378 3429 auxilium
2402 3374 2672 3430 evocatis.
2733 3377 2854 3439 Quo
2914 3377 3251 3432 Botaniates
3309 3377 3746 3448 coginto,aurea

2095 3461 2255 3519 bulla
2287 3463 2489 3531 missa,
2526 3466 2582 3519 et
2611 3463 3023 3536 impunitatem
3050 3465 3100 3522 ei
3132 3471 3188 3521 et
3243 3465 3612 3522 Nobilissim1
3644 3465 3747 3522 ho-

2093 3569 2294 3608 norem
2325 3552 2654 3626 pollicetur.
2687 3553 2903 3610 Verum
2935 3571 3066 3610 cum
3088 3555 3184 3611 ille
3217 3573 3331 3611 non
3385 3556 3738 3613 flecteretur.

2091 3641 2360 3698 Alexium
2418 3647 2801 3714 Comnenum,
2835 3661 3009 3716 quem
3043 3645 3348 3701 Sebastum
3395 3644 3741 3718 appellarat,

2093 3736 2297 3789 contra
2325 3732 2494 3789 illum
2523 3733 2722 3789 mittit.
2771 3735 2824 3789 Is
2883 3734 3362 3790 Thessalonicam
3425 3736 3739 3808 profectus,

2091 3823 2274 3895 copiis
2305 3824 2434 3895 ejus
2466 3824 2837 3897 profﬂigatis,
2891 3823 3112 3897 ipsum,
3175 3841 3306 3880 arce
3362 3825 3524 3880 urbis
3568 3841 3744 3898 expu-

2090 3917 2288 3985 gnata,
2318 3919 2579 3986 captum,
2604 3916 2781 3986 jussu
2811 3913 3203 3988 imperatoris,
3239 3915 3424 3971 oculis
3472 3914 3742 3987 privavit.

2091 4007 2213 4070 Qua
2245 4003 2473 4076 Bryenii
2503 4009 2562 4061 et
2617 4003 2887 4061 Basilacii
2913 4004 3096 4074 clade,
3162 4005 3315 4061 293
3379 4004 3555 4060 etiam
3619 4004 3742 4075 alii,

2090 4093 2187 4163 qui
2248 4093 2599 4148 seditionem
2657 4099 2858 4149 contra
2933 4095 3346 4165 imperatorem
3411 4098 3740 4161 moverant,

2089 4182 2477 4238 modestiores
2512 4182 2666 4249 facti,
2701 4199 2863 4239 arma
2920 4188 3260 4254 posuerunt.
3321 4183 3532 4238 Contra
3589 4183 3742 4237 Tur-

2088 4287 2185 4325 cos
2219 4287 2389 4342 porro
2457 4270 2756 4327 Orientem
2807 4272 3200 4341 incursantes,
3253 4272 3423 4343 juxto
3483 4271 3736 4327 exercitu

2087 4359 2372 4416 attribute
2427 4360 2749 4432 imperator
2802 4362 3280 4431 Constantinum,
3343 4361 3735 4428 Constantini,

2085 4449 2253 4504 Ducas
2294 4450 2520 4522 pridem
2571 4442 2940 4524 im'peratoris
2990 4450 3176 4505 tilium
3222 4493 3236 4519 ,
3295 4467 3427 4505 cum
3495 4450 3744 4523 imperio

2085 4538 2266 4594 misit.
2295 4540 2350 4596 Is
2378 4556 2511 4596 vero
2542 4557 2677 4595 cum
2700 4540 3106 4612 Chrysopolim
3142 4539 3491 4611 trajecisset,
3543 4540 3741 4596 statim

318 4625 580 4701 λισσίμου
644 4621 1051 4702 βραϐεύουσανο
1107 4624 1234 4682 ἀλλ’
1287 4624 1489 4688 ἐκεῖνος
1543 4626 1797 4702 ἄτεγκτος
1854 4625 1920 4695 ἦν
1958 4671 1970 4684 .

2092 4628 2249 4684 novis
2306 4629 2483 4685 rebus
2541 4629 2758 4695 studet,
2818 4635 2876 4685 et
2933 4628 3172 4684 militari
3231 4630 3405 4684 turba
3436 4645 3564 4701 qua)
3624 4627 3744 4684 illic

317 4719 477 4780 ’Όθεν
509 4716 600 4771 καὶ
658 4717 775 4771 κατ’
816 4715 980 4772 αὐτοῦ
1022 4717 1050 4770 6
1108 4717 1398 4789 Κομνηνὸς
1440 4713 1689 4786 Ἀλέξιος
1745 4712 1970 4771 στέλλε-

319 4827 430 4875 ται,
505 4807 762 4880 τιμηθεῖς
841 4801 1158 4878 Σεϐαστὸς,
1211 4805 1301 4860 καὶ
1381 4805 1517 4860 κατὰ
1573 4803 1973 4877 Θεσσαλονίκην

318 4896 632 4972 γενόμενος,
692 4895 781 4952 καὶ
846 4901 926 4970 τῷ
978 4894 1290 4970 Βασιλακίῳ
1347 4894 1652 4970 συμμίξας,
1689 4896 1816 4958 τοὺς
1846 4894 1970 4973 περὶ

2083 4722 2229 4786 erat,
2255 4718 2573 4790 imperator
2595 4719 2908 4775 salutatur.
2939 4722 3154 4774 Verum
3189 4719 3510 4790 imperator
3537 4718 3743 4774 militi-

2082 4808 2196 4864 bus
2227 4809 2436 4880 partim
2459 4810 2806 4865 muneribus
2839 4809 3351 4880 adductis,partim
3384 4808 3739 4880 dignitatum

2081 4898 2409 4954 honoribus
2440 4898 2787 4968 conciliatis,
2850 4898 3066 4970 partim
3117 4897 3282 4954 aliter
3339 4901 3516 4968 atque
3574 4895 3744 4952 aliter

1607 5111 1811 5174 Variae
1840 5111 2142 5174 lectiones
2173 5119 2236 5174 et
2263 5117 2455 5175 notae.

387 5300 464 5373 (4)
498 5292 848 5373 Καλαϐρύην.
885 5298 1035 5373 Vide
1085 5297 1242 5355 idem
1300 5297 1490 5373 Gloss.
1522 5298 1584 5373 in
1644 5297 1868 5372 Βρύσις,
1921 5304 1979 5358 et

311 5369 554 5428 Dissert.
590 5373 661 5428 de
692 5369 990 5428 Hebdemo
1024 5371 1181 5427 hisce
1213 5369 1367 5427 notis
1401 5369 1755 5443 subjectam.

382 5444 461 5528 (ᾗ)
493 5443 886 5528 Οἱ-Ιξᾴραγγοι..
921 5445 1002 5528 pe
1033 5443 1328 5528 Varangis
1356 5442 1596 5528 copiose
1645 5442 1878 5515 egimus
1910 5443 1970 5500 in

308 5515 478 5573 Notis
509 5517 582 5572 ad
615 5515 1116 5580 Villharduinum,
1140 5520 1196 5571 et
1225 5516 1296 5574 ad
1333 5516 1680 5573 Atexiadem.

385 5585 936 5717 (6))M'qtpzwitoltmq
997 5587 1244 5662 Ἐφέσου.
1317 5586 1466 5645 Vide
1555 5585 1840 5645 Allatium
1898 5589 1972 5646 De

387 5677 417 5717 8
468 5677 536 5717 ιε.
569 5678 628 5717 ι).
738 5701 753 5717 ο
1559 5705 1565 5713 .

307 5662 536 5719 Pullis.
569 5678 628 5719 ι).
661 5662 753 5717 41.
1559 5705 1565 5713 .

383 5678 860 5808 ῗίςιξὲξατιίῇμτοῦ
932 5728 1203 5803 Μανουὴλ
1287 5732 1450 5807 μονῇ.
1530 5705 1612 5790 De
1685 5731 1972 5792 Manuelis

2087 5299 2699 5385 monasterioagimus
2717 5299 2774 5355 in
2799 5302 3000 5357 nostra
3022 5299 3508 5373 Constantinopoli
3537 5297 3739 5356 Christ.

2082 5373 2186 5430 lib.
2216 5391 2289 5443 Iv,
2323 5373 2525 5445 p.158.

2151 5446 2229 5518 (8)
2265 5444 2583 5522 μικηφόρος
2644 5441 2672 5496 6
2707 5439 3051 5522 βασιλάκιος.
3110 5444 3290 5516 Cujus
3348 5441 3738 5522 rebellionem

2082 5515 2555 5573 etqtortuna'm
2663 5515 2934 5586 pluribus
3016 5515 3293 5572 enarrant
3372 5516 3738 5588 Nicephorus

2081 5589 2366 5661 Byrenius
2405 5590 2463 5646 in
2496 5589 2642 5647 ηεει.
2679 5592 2736 5645 et
2767 5589 2982 5659 conjux
3033 5590 3200 5645 Anna
3229 5588 3548 5661 Comnena,
3583 5589 3686 5646 lib.
3721 5607 3738 5646 ι

2078 5662 2333 5720 Αιεωίαιί.
