4126 6362
380 329 494 390 291

1740 321 2067 387 JOANNIS
2109 322 2456 385 ΖΟΝΛΒιΕ

379 461 610 529 inectis,
644 459 854 531 effecit,
905 463 971 516 ut
1025 457 1450 517 Constantinus
1506 456 1618 512 sibi
1675 455 2021 511 traderetur.

2149 449 2354 508 ἐκεῖνον
2383 455 2856 530 κατετροπώσατο,
2915 452 3190 524 κάκεῖνον,
3250 451 3330 518 εθς
3372 456 3474 526 τὴν
3519 460 3622 524 τῆς
3664 465 3798 515 Θεο-

379 549 736 606 Adolescens
768 548 949 620 igitur
978 547 1204 603 raditur
1233 547 1498 620 (quidam
1531 545 1710 602 etiam
1761 544 2033 600 sacerdo-

380 646 500 695 tem
534 642 777 693 unctum
811 638 1107 707 ferunt)fet
1138 637 1197 690 in
1231 635 1485 690 insulam
1520 633 2032 706 redegaturJEmi-

381 729 538 786 liano
567 728 926 784 Antiocheno
949 727 1278 799 patriarcha
1301 731 1555 795 mortuo,
1585 726 1643 780 in
1677 726 1807 796 ejus
1838 724 2030 779 locum

382 820 670 876 successit
699 818 1059 889 Nicephorus
1117 820 1504 885 cognomento
1537 815 1794 870 Maurus.
1850 815 2032 886 Impe-

381 915 543 969 rator
575 907 667 962 hic
699 907 908 978 partim
943 905 1014 959 ob
1043 909 1370 976 provectam
1398 909 1646 971 artatem,
1683 904 1897 976 partim
1959 903 2029 957 ob

381 997 703 1054 naturalem
740 994 1038 1050 mollitiem
1068 995 1242 1047 rebus
1299 992 1788 1048 administrandis
1823 1008 2028 1062 parum

378 1088 640 1142 intentus
700 1084 831 1148 fuit,
890 1083 992 1136 sed
1043 1083 1277 1137 Sidcnsi
1333 1081 1782 1154 metropolitano
1809 1086 1868 1136 et
1906 1081 2032 1152 ipse

379 1191 578 1232 curam
614 1172 974 1245 negotiorum
1009 1171 1330 1224 mandavit.
1382 1171 1463 1224 Ad
1520 1169 1642 1224 hanc
1695 1185 1889 1225 servos
1933 1168 2027 1223 ha-

373 1261 501 1318 buit
522 1261 689 1321 duos,
718 1275 969 1332 quorum
1001 1256 1166 1312 alteri
1204 1257 1451 1324 Borilus,
1485 1257 1650 1312 alteri
1687 1257 2030 1313 'Germanus

375 1367 589 1407 nomen
623 1349 733 1404 fuit
765 1365 778 1403 :
812 1347 870 1404 hi
906 1365 1006 1420 pro
1041 1364 1150 1402 sua
1180 1346 1424 1403 libidine
1470 1363 1709 1402 sursum
1751 1347 2027 1403 deorsum

372 1439 702 1496 miscebant
731 1436 950 1498 omnia,
985 1440 1159 1506 atque
1191 1435 1301 1507 ipsi
1331 1435 1527 1507 :etiam
1577 1435 1912 1506 imperatori
1973 1446 2030 1496 et

373 1529 612 1584 domino
637 1527 1006 1598 imperabant
1041 1542 1054 1580 :
1089 1525 1164 1580 ob
1197 1541 1447 1596 quorum
1495 1524 1802 1579 audaciam
1836 1527 1892 1579 et
1944 1541 2026 1580 aro

371 1617 698 1689 rogantiam
733 1616 859 1687 ipse
891 1631 1124 1686 quoque
1153 1614 1297 1669 viris
1327 1612 1611 1686 dignitate
1640 1613 1900 1686 praeditis
1933 1613 2026 1668 in-

373 1707 535 1762 visus
572 1704 699 1759 fuit.
732 1703 1093 1774 Nicephorus
1128 1719 1258 1757 vero
1291 1701 1613 1774 logotheta,
1639 1718 1774 1757 cum
1833 1718 1896 1757 se
1953 1703 2024 1758 ad

376 1793 680 1850 Ruselium
715 1791 1084 1858 contulisset,
1136 1793 1206 1846 ab
1255 1807 1320 1846 eo
1388 1790 1640 1846 vinculis
1699 1796 1788 1846 est
1837 1808 2024 1847 asser-

371 1888 564 1954 vatus,
597 1888 653 1938 et
684 1881 921 1937 Ruselio
953 1881 1150 1936 subito
1207 1881 1492 1935 exstincto
1537 1880 1593 1934 in
1627 1879 2026 1951 suspicionem

370 1972 529 2027 venit
558 1973 676 2026 dati
712 1970 794 2025 illi
820 1970 1047 2026 veneni.
1083 1969 1247 2025 Unde
1277 1969 1347 2024 ab
1381 1969 1540 2024 illius
1573 1969 1859 2042 cognatis,
1914 1968 2026 2024 Bo-

369 2061 603 2117 taniatae
633 2060 908 2127 traditus,
933 2059 988 2112 in
1022 2059 1339 2131 quamdam
1372 2056 1792 2122 insulam,ante
1820 2058 2024 2112 urbem

369 2150 806 2222 imperatricem
838 2150 1034 2215 sitam,
1069 2147 1382 2220 relegatur.
1420 2145 1602 2202 Aulici
1637 2164 1807 2219 porro
1837 2147 2024 2212 veriti,

372 2255 445 2294 ne
471 2241 518 2295 si
552 2240 608 2294 in
643 2238 1015 2309 imperatoris
1059 2242 1438 2308 conspectum
1485 2236 1724 2304 veniret,
1761 2253 2023 2291 assume-

371 2332 555 2398 retur,
586 2333 761 2400 atque
793 2343 997 2382 omnes
1029 2326 1154 2382 loco
1205 2332 1481 2392 moveret,
1543 2325 1875 2397 imperatori
1935 2326 2021 2379 di-

369 2422 531 2488 cunt,
564 2417 865 2472 hominem
899 2416 1249 2471 immensam
1273 2415 1483 2470 habere
1508 2415 2024 2486 percuniam,eam-

368 2508 562 2579 quein
595 2507 803 2560 ﬁscum
852 2521 980 2560 esse
1040 2504 1428 2558 referendam.
1487 2503 1674 2575 Igitur
1716 2503 2020 2558 Straboro-

367 2611 602 2664 manus,
660 2599 787 2648 tum
840 2610 1086 2664 magnus
1137 2592 1526 2658 hetariarcha,
1593 2591 1874 2661 mittitur,
1921 2592 2020 2663 qui

369 2683 668 2739 hominem
706 2687 952 2754 rogaret,
991 2682 1087 2736 ubi
1121 2697 1188 2736 ea
1208 2681 1603 2736 occultaretur
1635 2685 1657 2736 ?
1687 2680 1780 2735 cui
1841 2680 2018 2735 iidem

365 2773 744 2846 persuadent,
782 2777 845 2826 ut
867 2787 998 2826 eum
1032 2771 1307 2825 omnibus
1336 2770 1527 2825 modis
1558 2768 1809 2827 tollat.ls
1840 2770 2024 2841 igitur

365 2863 425 2919 in
457 2861 714 2917 insulam
780 2865 1106 2932 pervectus,
1154 2861 1430 2915 miserum
1475 2860 1556 2915 ita
1607 2859 1890 2927 torsii,ut
1961 2860 2036 2915 iu‘

366 2951 794 3024 quaestionibus
823 2950 1138 3021 expirarit:
1191 2949 1460 3021 quamvis
1513 2949 1900 3020 promitteret,
1959 2966 2021 3005 se

367 3040 588 3112 scripto
617 3039 1021 3108 expositurum
1046 3038 1322 3106 omnia,si
1355 3038 1784 3109 questionibus
1816 3037 2016 3094 libera-

367 3134 550 3185 retur.
585 3131 664 3184 Ac
693 3127 788 3183 ille
811 3128 1044 3200 quidem
1081 3126 1161 3182 ita
1185 3128 1375 3199 periit.

2058 1842 2105 1906 Β

2145 540 2442 614 σαλονίκης
2494 543 2840 622 συμφυγόντα
2894 542 3243 618 ἀκρόπολιν,
3294 541 3592 622 πολιορκίᾳ
3657 546 3796 618 ἐζώ-

2141 651 2330 708 γρησε,
2361 635 2452 688 καὶ
2500 633 2628 696 τοὺς
2677 631 2999 712 ὀφθαλμοὺς
3051 633 3266 707 ἐξέκοψε
3317 639 3415 689 τοῦ
3454 634 3651 713 ἀνδρὸς
3707 659 3798 694 κε-

2144 721 2322 777 λεύσει
2359 722 2637 798 βασιλικῇ.
2677 723 2773 777 Καὶ
2823 719 2986 776 ἄλλοι
3034 719 3090 776 δὲ
3139 723 3459 799 ἀντάραντες
3505 725 3644 795 ἦσαν
3675 732 3799 802 χεῖ-

2144 831 2238 888 ρας
2266 811 2445 883 τούτῳ
2476 817 2554 885 τῷ
2607 811 2841 888 βασιλεῖ,
2889 809 3014 866 ἀλλ’
3065 811 3122 866 ἐκ
3169 817 3279 866 τῶν
3325 813 3451 889 περὶ
3505 815 3598 870 τὸν
3632 815 3800 892 Βρυέ-

2140 920 2254 955 νιον
2306 896 2626 973 συμϐάντων
2678 903 2768 957 καὶ
2816 901 2938 975 περὶ
2988 900 3080 955 τὸν
3135 901 3458 958 Βασι).άκιον
3524 925 3795 982 σωφρονι-

2141 990 2371 1057 σθέντες,
2429 991 2497 1045 τά
2555 989 2700 1045 δπλα
2755 990 3058 1046 κατέθεντο.
3119 991 3240 1046 Τῶν
3290 990 3549 1067 Τούρκων
3597 991 3654 1048 δέ
3693 995 3796 1064 τήν

2141 1079 2310 1150 Ἐῴαν
2362 1079 2832 1156 κατατρεχόντων,
2887 1077 3101 1134 στέλλει
3152 1079 3272 1134 κατ’
3330 1079 3505 1135 αὐτῶν
3559 1083 3586 1137 ὁ
3639 1083 3793 1160 βασι-

2141 1165 2265 1229 λεὺς
2323 1167 2413 1221 σὺν
2482 1169 2773 1244 ἀξιομάχῳ
2831 1169 3192 1242 στρατεύματι
3252 1171 3657 1226 Κωνσταντῖνον
3699 1173 3795 1228 τὸν

2139 1256 2252 1309 υἱὸν
2284 1257 2379 1311 τοῦ
2409 1251 2974 1333 προϐεϐασιλευκότος
3007 1257 3416 1314 Κωνσταντίνου
3463 1264 3559 1315 τοῦ
3591 1261 3793 1333 Δούκα,

2139 1342 2343 1400 ἐκεῖνον
2374 1346 2720 1422 πρατάρχήν
2764 1353 2864 1416 τῆς
2909 1347 3046 1401 κατὰ
3085 1351 3196 1402 τῶν
3249 1346 3506 1425 Τούρκων
3541 1357 3800 1425 στρατιᾶς

2137 1434 2602 1509 προστησάμενος.
2637 1437 2698 1494 Ὁ
2746 1433 2825 1509 δὲ,
2877 1436 3012 1512 πρὸς
3058 1437 3155 1505 τὴν
3201 1434 3547 1510 καλουμένην
3581 1441 3794 1515 Χρυσό-

2136 1521 2300 1578 πολιν
2335 1521 2773 1600 διαπεραιωθεὶς,
2819 1524 3121 1599 νεωτερίζει
3174 1525 3352 1597 εὐθὺς,
3380 1526 3470 1580 καὶ
3520 1529 3669 1604 παρᾶ
3696 1536 3791 1599 τῆς

2137 1611 2309 1668 έκεῖσε
2375 1612 2539 1682 οὔσης
2623 1620 3019 1689 στρατιωτικῆς
3089 1613 3341 1685 πληθύος
3411 1615 3791 1693 ἀναγορεύεται

2141 1701 2412 1775 βασιλεύς.
2451 1701 2625 1759 Ἀλλά
2651 1702 2780 1764 τοὺς
2837 1704 2932 1776 μὲν
2963 1707 3070 1758 τῶν
3119 1709 3464 1780 στρατιωτῶν
3497 1704 3696 1784 δώροις
3763 1709 3790 1763 6

2141 1791 2394 1867 βασιλεὺς
2467 1793 2776 1869 ὑπηγάγετο
2813 1838 2826 1863 ,
2884 1793 3010 1854 τοὺς
3084 1789 3128 1846 δ’
3209 1794 3530 1868 ἀξιωμάτων
3600 1803 3790 1870 τιμαῖς

2137 1880 2471 1952 ᾠκειώσατο,
2537 1879 2741 1945 ἄλλους
2822 1879 2868 1936 δ’
2927 1879 3114 1944 ἄλλως
3186 1884 3634 1959 μετεχειρίσατο,
3695 1886 3791 1941 καὶ

2135 1971 2262 2046 παρ’
2336 1971 2516 2025 αὐτῶν
2591 1971 2843 2046 συσχθεῖς
2899 1973 2925 2026 6
2995 1972 3453 2042 Κωνσταντῖνος,
3512 1974 3789 2051 παρεδόθη

2133 2063 2212 2131 τῷ
2273 2057 2508 2134 βασιλεῖ.
2569 2061 2814 2134 Κείρεται
2861 2059 3041 2115 τοίνυν
3094 2060 3122 2114 6
3169 2061 3405 2129 νεανίας,
3455 2063 3545 2116 καὶ
3588 2063 3666 2126 εἲς
3695 2071 3794 2135 νῆ-

2136 2169 2228 2202 σον
2259 2149 2646 2224 περιορίζεται.
2703 2145 2874 2224 Λόγος
2926 2146 2972 2204 δ’
3010 2147 3126 2225 ἔχει
3175 2149 3265 2203 καὶ
3315 2151 3464 2225 ἱερέα
3492 2159 3790 2227 χρισθῆναι

2132 2237 2222 2292 τὸν
2271 2236 2572 2313 ἄνθρωπον.
2623 2242 2728 2292 Τοῦ
2779 2236 3122 2313 πατριάρχου
3185 2235 3242 2292 δέ
3299 2239 3643 2315 ’Δντιοχείας
3695 2246 3794 2298 τοῦ

2131 2325 2464 2399 Αῗ’μιλιανοῦ
2524 2326 2616 2380 τὸν
2682 2326 2801 2402 βίον
2867 2324 3312 2401 μετηλλαχότος,
3368 2329 3791 2406 προκεχείριστο

2129 2411 2314 2491 ἕτερος
2366 2414 2686 2493 Νικηφόρος
2735 2416 2764 2470 6
2812 2417 3032 2491 Μαῦρος
3081 2412 3406 2490 λεγόμενος.
3460 2416 3632 2482 Οὗτος
3671 2419 3786 2474 τοί-

2129 2525 2223 2558 νυν
2274 2505 2302 2559 6
2360 2503 2618 2580 βασιλεὺς
2658 2504 2721 2559 τὸ
2776 2505 2872 2578 μέν
2919 2525 3004 2560 τοι
3052 2506 3145 2558 καὶ
3197 2502 3287 2558 διὰ
3324 2513 3496 2582 γῆρας
3531 2507 3688 2583 βαθὺ,
3720 2509 3784 2564 τὸ

2133 2590 2189 2647 δέ
2241 2613 2296 2647 τι
2351 2591 2441 2647 καὶ
2492 2591 2582 2648 δια
2641 2594 2872 2672 φυσικὴν
2930 2591 3205 2668 χαύνωσιν
3267 2592 3328 2649 ού
3387 2593 3522 2650 πάνυ
3577 2617 3630 2650 τι
3681 2604 3784 2668 τῆς

2127 2685 2236 2738 τῶν
2265 2683 2601 2758 πραγμάτων
2652 2682 2856 2752 ἥπτετο
2908 2679 3253 2755 διοικήσεως,
3291 2680 3437 2739 ἀλλά
3491 2686 3582 2740 τὸν
3615 2683 3788 2757 Σίδης

2134 2769 2551 2845 μητροπολίτην
2582 2770 2672 2825 καὶ
2722 2771 2880 2832 οὗτος
2929 2765 3406 2846 προσλαϐόμενος,
3451 2772 3632 2847 ἐκείνῳ
3681 2775 3787 2844 τὴν

2127 2863 2236 2913 τῶν
2267 2863 2466 2913 κοινῶν
2517 2857 2730 2922 ἀνέθετο
2783 2857 3064 2932 πρύνοιαν.
3118 2859 3286 2916 Ἦσαν
3339 2857 3397 2914 δὲ
3443 2865 3522 2933 τῷ
3568 2861 3794 2937 βασιλεῖ

2127 2946 2307 3020 τούτῳ
2337 2948 2425 3002 καὶ
2479 2945 2574 3002 δύο
2624 2943 2838 3016 δοῦλοι,
2889 2947 2964 3001 ὧν
2998 2947 3026 3002 6
3062 2947 3156 3020 μὶν
3209 2946 3462 3024 Βόριλος,
3507 2950 3696 3026 ἅτερος
3730 2949 3790 3006 δὲ

2127 3038 2402 3114 Γερμανὸς
2461 3038 2836 3111 ὠνομάζοντο·
2887 3034 3037 3091 οὗτοι
3086 3035 3265 3091 τοίνυν
3317 3037 3450 3113 ἦγον
3496 3038 3564 3094 τὰ
3609 3042 3786 3096 πάντα

2128 3126 2218 3180 καὶ
2279 3124 2470 3204 ἔφερον
2530 3127 2603 3188 ὡς
2659 3120 2972 3194 ἐϐούλοντο,
3024 3124 3112 3179 καὶ
3158 3124 3318 3180 αύτὸν
3367 3129 3459 3180 τὸν
3490 3133 3791 3204 κρατοῦντα

361 3216 451 3272 καὶ
507 3215 694 3288 κύριον
749 3214 972 3287 ἑαυτῶν,
1002 3213 1070 3269 δι’
1128 3213 1219 3278 οὒς
1275 3215 1364 3269 καὶ
1402 3216 1672 3287 μισεῖσθαι
1701 3218 1894 3269 τοῦτον
1927 3216 2073 3286 παρὰ
2127 3219 2236 3270 τῶν
2269 3215 2320 3270 ὲν
2371 3214 2518 3270 τέλει
2576 3209 2874 3281 συνέϐαινε,
2933 3215 3391 3290 προσφερομένων
3423 3221 3532 3270 τῶν
3576 3215 3784 3274 δούλων

364 3305 590 3367 ἐκείνοις
623 3303 1089 3380 ἀλαζονικώτερον
1121 3303 1209 3358 καὶ
1238 3303 1582 3379 θρασύτερον.
1617 3305 1704 3366 Ὦς
1737 3301 1846 3373 ἤδη
1881 3300 1937 3357 δὲ
1970 3299 2206 3379 εἴρηται,
2241 3304 2267 3358 6
2300 3303 2600 3380 λογοθέτης
2643 3303 2984 3381 Νικηφόρος,
3017 3305 3426 3378 προσχωρησας
3475 3309 3555 3378 τῷ
3584 3311 3792 3362 Ῥουσε-

361 3392 494 3466 λίῳ,
523 3393 626 3448 ὑπὸ
657 3390 880 3465 δεσμοῖς
907 3395 1036 3467 παρ’
1066 3391 1272 3447 ξκείνου
1300 3395 1592 3464 τετήρητο.
1628 3391 1787 3447 Ἀλλ’
1816 3390 2087 3467 αἰφνίδιον
2139 3394 2312 3448 θανὼν
2346 3395 2373 3448 6
2405 3391 2735 3461 Ῥουσέλιος,
2791 3391 3024 3466 ὑποψίαν
3066 3394 3336 3468 παρέσχεν
3387 3394 3462 3455 ὡς
3509 3396 3657 3471 παρᾶ
3698 3393 3798 3452 τοῦ

366 3488 665 3565 λογοθέτου
697 3491 967 3570 φαρμάκῳ
996 3489 1260 3566 ἀνῂρητο.
1297 3490 1390 3544 Διὸ
1421 3490 1508 3544 καὶ
1558 3490 1704 3566 παρὰ
1756 3495 1864 3545 τῶν
1913 3494 1990 3562 τῷ
2033 3489 2328 3564 Ῥουσελίῳ
2375 3489 2763 3566 προσηκόντων
2816 3494 2896 3561 τῷ
2943 3488 3271 3565 Βοτανειάτῃ
3318 3489 3667 3566 παραδοθεὶς,
3719 3493 3798 3559 εἷς

365 3579 490 3654 μίαν
521 3583 630 3634 τῶν
657 3579 764 3657 πρὸ
793 3586 891 3649 τῆς
926 3576 1206 3654 βασιλίδος
1235 3585 1344 3635 τῶν
1375 3580 1590 3635 πόλεων
1643 3580 1905 3652 κειμένων
1937 3580 2116 3650 νήσων
2167 3581 2559 3656 περιορίζεται.
2593 3580 2661 3636 Ol.
2693 3576 2748 3634 δέ
2777 3599 2839 3653 γε
2883 3579 3005 3652 περὶ
3057 3578 3147 3632 τὸν
3202 3578 3450 3654 βασιλέα,
3488 3577 3795 3646 δεδοικότες

365 3679 464 3748 ὡς,
498 3677 545 3734 εἷ’
575 3679 651 3743 εἷς
681 3676 804 3753 ὄψιν
869 3678 1142 3734 ἐλεύσεται
1195 3684 1275 3752 τῷ
1329 3678 1563 3755 βασιλεῖ,
1621 3679 2106 3756 προσληφθήσεται
2162 3681 2250 3736 καὶ
2310 3683 2512 3742 πάντας
2569 3677 3063 3754 παραγκωνίσεται,
3123 3678 3437 3734 ὑποτιθέασι
3493 3687 3573 3754 τῷ
3623 3688 3794 3738 Βοτα-

356 3766 538 3842 νειάτῃ
611 3769 902 3842 ἀμυθήτων
959 3769 1206 3844 εὐπορεῖν
1261 3770 1565 3845 χρημάτων
1625 3770 1715 3825 τὸν
1775 3769 2070 3845 λογοθέτην
2104 3813 2122 3842 ,
2180 3769 2268 3825 καὶ
2342 3775 2509 3825 ταῦτα
2587 3773 2664 3840 τῷ
2737 3767 3006 3844 βασιλικῷ
3077 3773 3279 3842 χρῆναι
3358 3779 3797 3846 προσενεχθῆναι

367 3855 922 3930 ταμείῳ.Στέλλεται
979 3858 1159 3913 τοίνυν
1217 3860 1244 3914 ὁ
1304 3854 1797 3935 Στραϐορωμανὸς,
1862 3858 2028 3934 μέγας
2081 3857 2465 3935 ἐταιρειάρχης
2517 3857 2640 3912 τότε
2695 3856 3007 3932 γενόμενος.
3060 3853 3349 3930 ἐρωτήσων
3426 3858 3515 3912 τὸν
3587 3858 3796 3936 ἄνθρωο

366 3965 468 4000 πον
521 3945 628 4018 ὅπη
684 3947 828 4020 αὐτῷ
884 3947 949 4003 τὰ
1005 3949 1265 4024 χθήματα
1322 3949 1636 4025 κέκρυπται.
1695 3950 1762 4006 Ol.
1813 3945 1870 4004 δὲ
1927 3947 2048 4026 περὶ
2103 3949 2194 4004 τὸν
2259 3946 2506 4024 βασιλέα,
2568 3945 2660 4010 οὓς
2703 3945 2792 4000 καὶ
2833 3942 3130 4000 δεδοικέναι
3185 3945 3284 4014 τήν
3335 3950 3431 4001 τοῦ
3490 3944 3784 4023 λογοθέτου

363 4042 661 4120 παρουσίαν
741 4045 769 4100 6
837 4041 1002 4120 λόγος
1085 4044 1520 4123 προδιηγήσατο,
1600 4045 1845 4111 πείθουσι
1921 4046 2014 4101 τὸν
2085 4039 2557 4121 Στραϐορωμανὸν
2634 4039 2842 4097 ἀνελεῖν
2918 4041 3012 4096 τὸν
3085 4038 3370 4114 ἄνθρωπον
3441 4040 3499 4096 ἐκ
3567 4043 3779 4118 τρόπου

362 4134 584 4197 παντός.
646 4137 742 4199 ⁸ος
795 4136 908 4207 καὶ,
961 4134 1248 4215 γενόμενος
1281 4137 1417 4192 κατὰ
1446 4137 1543 4206 τὴν
1605 4143 1767 4208 νῆσον
1829 4135 1878 4191 ἐν
2021 4134 2373 4210 περιώριστο,
2434 4133 2605 4202 ἐτάζει
2663 4133 2754 4188 τὸν
2815 4128 2985 4206 άνδρα
3041 4129 3184 4186 οὕτω
3237 4129 3489 4208 σφοδρῶς
3523 4174 3536 4200 ,
3597 4131 3670 4194 ὡς
3722 4131 3776 4188 έν

361 4235 554 4299 αὐταῖς
611 4242 728 4300 ταῖς
791 4238 1046 4314 βασάνοις
1102 4237 1452 4313 ἐναπόψύξαι,
1483 4237 1571 4294 καὶ
1601 4242 1769 4293 ταῦτα
1817 4235 2256 4310 ὑπισχνούμενον
2309 4234 2381 4297 ὡς
2422 4235 2598 4290 πάντα
2643 4229 2764 4302 δοίη
2819 4231 2871 4287 έν
2922 4231 3280 4310 ἀπογράφοις,
3334 4230 3379 4286 εἷ
3427 4233 3519 4288 τὸν
3553 4233 3789 4308 έτασμὸν

361 4319 722 4402 διαφεύξοιτο.
755 4327 815 4385 Ὀ
850 4327 944 4401 μὲν
981 4327 1070 4382 οὗν
1101 4328 1270 4389 οὕτως
1299 4326 1612 4385 ἀπόλωλεν.

429 4502 542 4559 ΧΧ.
577 4505 879 4560 Commeni
909 4522 1041 4562 vero
1073 4505 1332 4562 lsaacius
1359 4510 1416 4560 et
1449 4504 1685 4560 Alexius
1715 4504 1788 4560 ab
1829 4504 2013 4576 impe-

2199 4502 2379 4558 K'.Ol
2438 4497 2496 4555 δὲ
2552 4499 2831 4574 Κομνηνοὶ
2888 4499 2915 4554 ὁ
2976 4499 3243 4563 Ἰσαάκιος
3298 4500 3389 4555 καὶ
3447 4501 3478 4558 6
3537 4500 3788 4573 Ἀλέξιος

353 4595 550 4648 ratore
581 4610 761 4664 supra
811 4595 1052 4649 modum
1111 4602 1168 4649 et
1225 4595 1664 4650 honorabantur
1713 4599 1770 4648 et
1815 4591 2014 4664 dilige-

354 4681 594 4748 bantur,
630 4684 784 4739 294
807 4689 863 4738 et
890 4682 1120 4754 imperii
1147 4700 1514 4738 successores
1533 4683 2007 4738 nominabantur.

354 4772 480 4837 Qua
517 4772 588 4827 de
619 4789 800 4828 causa
822 4772 1147 4828 aulicorum
1173 4778 1230 4827 et
1261 4772 1316 4826 in
1353 4771 1559 4843 primis
1601 4772 1853 4827 duorum
1896 4789 2014 4828 ser-

351 4877 580 4928 vorum,
617 4880 764 4934 quos
796 4862 1076 4930 diximus,
1127 4861 1654 4917 obtrectationibus
1704 4861 1863 4917 fuere
1921 4861 2014 4917 ob-

355 4949 534 5016 noxii,
567 4951 668 5022 qui
725 4967 824 5006 eus
875 4951 1030 5020 apud
1079 4949 1246 5005 illum
1299 4949 1597 5004 criminati
1650 4956 1790 5005 sunt
1841 4951 2012 5022 quasi

349 5053 600 5110 regnum
633 5039 980 5111 cogitarent,
1013 5044 1069 5094 et
1098 5039 1472 5110 imperatoris
1502 5055 1639 5111 erga
1692 5039 1822 5092 illos
1868 5040 2007 5094 affe-

349 5133 509 5182 ctum
542 5143 670 5184 eam
693 5129 1045 5184 vellicarunt
1068 5133 1126 5184 et
1157 5127 1586 5185 exulcerarunt.
1634 5130 1755 5194 Quo
1780 5129 1865 5184 illi
1917 5146 2010 5185 co-

349 5217 535 5288 gnito,
569 5217 762 5281 veriti,
789 5234 859 5272 ne
889 5217 1031 5288 quid
1068 5219 1124 5272 in
1154 5235 1216 5273 se
1245 5219 1482 5290 gravius
1511 5220 1932 5287 consuleretur,
1955 5225 2014 5274 et

345 5309 413 5358 ut
442 5305 599 5359 fama
631 5306 913 5376 est,regni
951 5306 1414 5378 cupiditatejam
1475 5306 1612 5361 olim
1669 5294 2010 5377 aestuantes,

349 5393 783 5448 communicato
807 5411 942 5449 cum
989 5394 1061 5450 iis
1119 5396 1337 5467 quibus
1404 5396 1682 5463 ﬁdebant,
1743 5395 2009 5465 consilio,

348 5480 494 5534 urbe
524 5484 832 5549 excedunt,
866 5485 924 5538 et
973 5483 1348 5556 Adrianopoli
1380 5491 1684 5554 occupata,
1709 5483 2013 5539 universas

347 5584 496 5639 pene
527 5568 783 5641 legiones
815 5572 888 5627 ad
921 5589 983 5627 se
1015 5575 1345 5628 attrahunt.
1368 5573 1601 5628 Alexius
1634 5579 1830 5628 autem
1855 5572 2014 5627 salu-

348 5658 512 5712 tatur
541 5659 879 5732 imperator,
903 5666 1042 5717 natu
1079 5663 1289 5732 majori
1330 5662 1488 5717 fratri
1526 5661 1824 5733 praelatus,
1878 5677 2010 5718 cum

2127 4585 2582 4666 ὑπερϐαλλόντως
2639 4589 2775 4666 πρὸς
2831 4593 2928 4645 τοῦ
2989 4588 3258 4666 βασιλέως
3315 4588 3405 4644 καὶ
3463 4589 3786 4664 τετίμηντο,

2123 4679 2213 4734 καὶ
2245 4678 2583 4756 έστέργοντο,
2631 4678 2721 4734 καὶ
2772 4673 3068 4753 διαδόχους
3115 4676 3318 4742 αὐτοὺς
3348 4681 3448 4744 τῆς
3501 4679 3784 4754 βασιλείας

2124 4769 2396 4842 ὠνόμαζε.
2431 4769 2524 4823 Διὸ
2554 4769 2645 4823 καὶ
2678 4768 2825 4842 παρὰ
2849 4773 2954 4822 τῶν
2987 4767 3111 4839 περὶ
3139 4767 3232 4822 τὸν
3262 4769 3618 4840 Βοτανειάτην
3651 4791 3782 4847 σφο-

2124 4856 2266 4933 δρῶς
2295 4854 2705 4928 ἐϐασκαίνοντο,
2752 4855 2843 4910 καὶ
2897 4853 3112 4929 μᾶλλον
3155 4855 3299 4929 παρᾶ
3327 4861 3434 4912 τῶν
3470 4857 3777 4932 εἰρημένων

2129 4945 2224 5002 δύο
2258 4945 2471 5002 δούλων
2523 4945 2707 5014 αὐτοῦ,
2760 4946 2812 5000 οἳ
2853 4945 2944 5000 καὶ
2992 4945 3127 5012 πρὸς
3178 4943 3377 5000 ἐκεῖνον
3419 4945 3549 5008 τοὺς
3581 4943 3787 5022 ἄνδρας

2125 5033 2438 5103 διέϐαλλον,
2500 5037 2573 5098 ὡς
2629 5033 2920 5112 τυραννίδα
2984 5033 3348 5107 μελετῶντας,
3406 5033 3495 5090 καὶ
3547 5035 3646 5104 τὴν
3703 5035 3782 5099 εἷς

2123 5126 2320 5187 αὐτοὺς
2388 5126 2484 5180 τοῦ
2556 5124 2827 5198 βασιλέως
2899 5120 3135 5186 διάθεσιν
3201 5122 3516 5197 ὑπώρυττόν
3576 5145 3634 5178 τε
3687 5124 3778 5179 καὶ

2123 5212 2514 5290 παρεσάλευον.
2565 5222 2631 5271 "0
2683 5215 2898 5289 γνόντες
2959 5213 3132 5281 οὗτοι,
3194 5211 3284 5267 καὶ
3332 5214 3408 5285 μή
3468 5233 3521 5267 τι
3567 5212 3781 5267 πάθωσι

2122 5302 2472 5374 πτοηθέντες,
2507 5303 2582 5365 ὡς
2615 5300 2673 5357 δὲ
2717 5301 2906 5377 λόγος,
2940 5299 3030 5355 καὶ
3079 5299 3250 5355 πάλαι
3282 5301 3410 5373 παρ’
3444 5302 3657 5362 ἑαυτοῖς
3684 5301 3778 5356 τὸν

2122 5401 2220 5464 τῆς
2255 5391 2534 5467 βασιλείας
2581 5391 2869 5470 τρέφοντες
2921 5387 3118 5465 ἔρωτα,
3143 5390 3234 5445 καὶ
3287 5387 3484 5454 ἄλλοις
3517 5391 3602 5448 οἷς
3633 5387 3788 5466 έθάῤ-

2125 5482 2275 5559 ῥουν,
2324 5483 2384 5536 τὸ
2444 5479 2728 5556 βούλευμα
2774 5480 3193 5551 κοινωσάμενοι,
3241 5476 3472 5548 ἐξῆλθον
3525 5485 3625 5548 τῆς
3681 5478 3785 5533 πό-

2124 5569 2288 5635 λεως,
2335 5570 2426 5624 καὶ
2478 5571 2580 5639 τήν
2634 5569 2800 5625 πόλιν
2856 5567 3144 5641 Ἀδριανοῦ
3202 5566 3598 5646 κατειληφότες
3635 5614 3650 5630 ,
3710 5567 3788 5631 εἷς

2125 5658 2348 5722 ἑαυτοὺς
2403 5660 2466 5714 τὸ
2533 5659 2919 5737 στρατιωτικὸν
2998 5657 3209 5732 ξύμπαν
3268 5655 3465 5735 σχεδὸν
3521 5656 3725 5714 ἐπεσπά
3757 5690 3786 5705 -
