4126 6376
306 379 429 438 993

1575 370 1992 433 ANNALIUM
2047 369 2192 431 LIB.
2241 371 2464 433 XVIII.

3605 373 3726 432 294

305 527 513 574 σαντο,
571 504 662 560 καὶ
719 503 1104 580 ἀναγορεύεται
1159 501 1414 580 βασιλεὺς
1464 504 1493 558 ὁ
1541 499 1814 574 ’Λλέξιος,
1863 504 1962 556 τοῦ

2084 504 2230 576 quod
2262 503 2335 559 ob
2358 502 2438 559 rei
2473 502 2749 558 militaris
2781 502 3050 574 peritiam
3081 503 3437 560 exercitibus
3495 503 3728 560 charior

309 597 563 672 μείζονος
606 592 970 669 προτιμηθεὶς
1027 589 1289 670 ἀδελφοῦ,
1349 590 1434 648 ὅτι
1493 613 1552 648 τε
1619 591 1966 668 προσέκειντο

303 685 490 758 τούτῳ
548 681 762 758 μᾶλλον
824 684 898 744 ὡς
946 681 1442 759 στρατηγικωτέρῳ
1496 683 1549 737 οἱ
1600 685 1966 758 στρατιῶται,

307 786 401 841 καὶ
448 783 534 838 ὅτι
585 779 796 857 σπουδῇ
840 801 899 836 τε
946 781 1036 835 καὶ
1097 779 1430 855 ὑποσχέσεσι
1487 779 1634 855 παρὰ
1683 784 1791 834 τῶν
1843 771 1968 854 περὶ

308 874 472 930 αὑτὸν
510 869 994 946 μεθειλκύσθησαν·
1029 866 1212 932 Οὕτως
1243 868 1334 924 οὖν
1377 869 1698 947 ἀναῤῥηθεὶς
1731 870 1758 923 ὁ
1809 867 1968 925 Ἀλέ-

316 965 464 1036 ξιος,
525 960 616 1014 καὶ
675 964 773 1014 τοῦ
824 958 1103 1016 Ἰσαακίου
1157 961 1233 1032 μὴ
1283 958 1421 1014 πάνυ
1474 959 1611 1033 πρὸς
1659 960 1758 1027 τὴν
1805 957 1967 1033 ἀνάρ·

324 1052 471 1130 ῥησιν
535 1047 1000 1126 δυσχεράναντος,
1057 1050 1156 1118 τὴν
1222 1046 1483 1124 βασιλίδα
1535 1043 1966 1121 καταλαμϐάνει,

319 1150 404 1205 καὶ
449 1147 588 1224 πρὸς
637 1145 962 1222 πολιορκίαν
1011 1147 1344 1220 ἡτοίμαστο.
1395 1148 1457 1204 Ὀ
1513 1144 1572 1200 δὲ
1603 1149 1967 1215 Βοτανειατης

312 1242 431 1300 τοῖς
458 1236 694 1312 τείχεσιν
746 1236 1009 1308 έπέστησε
1057 1234 1325 1314 φύλακας.
1375 1237 1542 1290 Ἦσαν
1594 1232 1651 1290 δὲ
1679 1235 1826 1310 παρά
1849 1255 1970 1289 τινα

309 1325 516 1402 πύργον
547 1325 686 1400 πρὸς
733 1327 801 1398 τῇ
852 1323 1001 1400 πύλῃ
1051 1327 1152 1390 τῆς
1190 1322 1410 1386 πόλεως
1441 1323 1477 1393 ἢ
1509 1322 1748 1400 Χαρσίου
1780 1320 1968 1378 καλεῖ-

305 1437 441 1484 ται,
503 1414 866 1493 φυλάσσοντες
933 1413 1197 1487 Νέμιτζοι
1251 1409 1427 1488 (ἔθνος
1483 1409 1529 1468 δ’
1585 1413 1637 1467 οἱ
1700 1413 1967 1486 Νέμιτζοι

306 1511 624 1586 κελτικόν)·
679 1512 830 1566 οὗτοι
887 1509 1065 1588 λάθρα
1118 1516 1235 1574 τοῖς
1294 1511 1416 1585 περὶ
1474 1510 1602 1576 τοὺς
1653 1510 1967 1584 Κομνηνοὺς

307 1600 812 1677 ἐκοινολογήσαντο
845 1600 970 1675 περὶ
1001 1598 1296 1676 προδοσίας
1325 1608 1424 1671 τῆς
1475 1599 1714 1663 πόλεως.
1763 1602 1965 1655 ’Έωθεν

312 1690 406 1747 οὖν
436 1691 575 1746 κατὰ
618 1691 718 1760 τὴν
773 1689 1014 1766 μεγάλην
1062 1688 1314 1763 πέμπτην
1362 1697 1463 1760 τῆς
1517 1686 1826 1764 ἑϐδομάδος
1871 1694 1968 1745 τοῦ

313 1779 594 1856 σωτηρίου
621 1779 828 1843 πάθους
856 1784 952 1834 τοῦ
987 1786 1217 1856 Σωτῆρο
1263 1780 1480 1854 ἡμῶνοί
1519 1780 1614 1854 μὲν
1663 1779 1786 1854 περὶ
1839 1779 1966 1842 τοὺς

2079 597 2223 661 erat,
2257 597 2381 648 tum
2409 593 2562 664 quod
2595 592 2951 648 familiarum
2989 592 3201 648 studiis
3245 596 3302 648 et
3352 591 3726 665 pollicitatio-

2081 690 2257 746 nibus
2283 691 2756 746 commendatus.
2780 691 2832 745 Is
2862 689 3045 762 igitur
3074 690 3157 746 sic
3189 691 3540 756 declaratus,
3567 691 3726 746 Isaa-

2078 779 2167 836 cio
2201 797 2312 836 non
2334 780 2656 836 admodum
2683 797 2832 851 aegre
2865 780 3102 847 ferente,
3154 781 3354 835 urbem
3396 778 3728 850 imperatri-

2079 884 2227 937 cem,
2263 869 2333 924 ad
2377 868 2734 925 obsidionem
2769 873 3028 940 paratus,
3087 869 3329 924 invadit.
3393 869 3728 925 Botaniates

2081 984 2214 1023 vero
2246 968 2520 1023 custodes
2555 968 2613 1022 in
2657 967 2942 1023 maenibus
2981 967 3244 1023 collocat.
3307 967 3486 1022 Erant
3533 971 3727 1023 autem

2081 1056 2140 1112 in
2175 1057 2317 1112 turri
2354 1057 2609 1128 quadam
2641 1058 2713 1112 ad
2744 1057 2906 1112 urbis
2939 1063 3166 1129 portam
3200 1057 3504 1112 Charsiam
3531 1061 3730 1111 custo-

2079 1147 2183 1202 des
2213 1147 2479 1214 Neniitzi,
2508 1163 2651 1218 gens
2683 1145 2938 1202 Gallica:
2974 1145 3014 1200 ii
3045 1146 3196 1202 clam
3229 1162 3363 1200 cum
3397 1145 3732 1201 Commenis

2080 1237 2150 1290 de
2182 1235 2513 1307 proditione
2543 1239 2810 1308 egerunt.
2842 1237 3007 1290 Mane
3041 1235 3218 1307 igitur
3249 1234 3307 1289 in
3343 1251 3556 1305 magna
3587 1234 3732 1289 feria

2080 1334 2286 1404 quinta
2333 1333 2677 1404 septimanae
2727 1333 3004 1389 salutaris
3063 1332 3357 1388 Passionis
3414 1330 3731 1387 Salvatoris

2079 1423 2286 1478 nostri.
2315 1424 2610 1478 Commeni
2637 1421 2696 1476 in
2727 1438 2963 1477 murum
2999 1422 3344 1476 exteriorem
3405 1436 3436 1475 θ
3494 1420 3730 1492 regione

2078 1512 2259 1567 turris
2290 1511 2473 1579 illius,
2506 1528 2680 1582 quam
2704 1509 2951 1566 Nemitzi
2985 1510 3282 1577 tenebant,
3316 1525 3384 1565 ex
3404 1511 3728 1580 composito

2079 1611 2344 1666 fecerunt
2376 1611 2683 1681 impetum,
2715 1627 2862 1680 quos
2894 1609 3218 1664 subeuntes
3262 1607 3392 1663 telis
3450 1608 3730 1662 arcebant

2079 1699 2435 1754 defensores.
2465 1699 2534 1754 Ut
2555 1705 2751 1753 autem
2776 1716 2808 1753 a
2838 1697 3134 1765 Nemitzis,
3169 1697 3207 1751 ii
3254 1697 3356 1768 qui
3415 1697 3473 1750 in
3543 1697 3730 1751 muris

2079 1803 2269 1863 erant,
2297 1815 2366 1853 ex
2388 1797 2537 1852 turri
2561 1797 2938 1867 perebantur,
2970 1811 3075 1850 nec
3134 1794 3311 1849 simul
3365 1799 3420 1849 et
3476 1793 3730 1848 externis

313 1867 643 1944 Κομνηνοὺς
691 1873 771 1941 τῷ
819 1867 1143 1944 καταντικρὺ
1191 1872 1288 1923 τοῦ
1336 1869 1482 1943 παρὰ
1526 1873 1634 1923 τῶν
1687 1867 1966 1942 Νεμίτζων

2084 1894 2134 1943 et
2165 1886 2412 1942 internis
2446 1886 2715 1941 hostibus
2745 1901 2776 1940 e
2803 1900 3106 1956 superiore
3153 1883 3276 1938 loco
3325 1882 3732 1953 jaculantibus

310 1968 696 2044 κατεχομένου
727 1966 940 2042 πύργου
973 1965 1216 2043 έξωτέρῳ
1263 1966 1433 2042 τείχει
1465 1962 1805 2042 προσέϐαλον
1837 1967 1972 2022 κατά

314 2057 591 2130 σύνθημα,
639 2055 692 2111 o't
736 2053 793 2110 δὲ
837 2055 1130 2128 ἐφεστῶτες
1183 2054 1330 2126 αὖτῷ
1357 2055 1484 2118 τοὺς
1515 2051 1967 2132 προσϐάλλοντας

312 2142 574 2219 ἔϐαλλον,
615 2144 705 2200 καὶ
756 2145 1012 2221 ἀπεῖργον
1063 2149 1163 2199 τοῦ
1213 2144 1492 2219 προσιέναι
1542 2145 1737 2220 ἀγχοῦ.
1781 2147 1868 2206 Ὡς
1925 2143 1971 2198 δ’

312 2236 421 2292 ὑπὸ
453 2240 562 2290 τῶν
595 2233 876 2308 Νεμίτζων
926 2231 986 2288 ἐκ
1037 2237 1133 2287 τοῦ
1182 2233 1390 2309 πύργου
1436 2235 1486 2287 οἱ
1518 2233 1568 2289 ὲν
1599 2239 1679 2305 τῷ
1706 2233 1877 2308 τείχει
1912 2232 1970 2288 έ-

311 2321 613 2394 ϐάλλοντο,
650 2324 724 2396 μὴ
756 2323 865 2378 οἷοί
894 2343 954 2377 τε
983 2318 1130 2385 ὄντες
1160 2322 1248 2376 καὶ
1281 2323 1416 2398 πρὸς
1441 2322 1568 2383 τοὺς
1619 2321 1772 2384 ἐκτὸς
1819 2322 1970 2386 ἀνθί-

310 2415 538 2470 στασθαι
569 2412 658 2467 καὶ
689 2412 826 2487 πρὸς
850 2413 919 2466 τὰ
948 2411 998 2466 έν
1047 2409 1142 2473 τός
1191 2411 1598 2487 ἀπομάχεσθαι,
1633 2410 1682 2482 ἐξ
1740 2409 1968 2486 ὑπερδε-

311 2503 439 2576 ξίων
493 2502 571 2564 είς
627 2499 821 2564 αὐτοὺς
854 2500 1256 2571 ἀκοντίζοντας,
1312 2499 1575 2556 ἐνέδωκαν
1627 2504 1726 2570 τῆς
1763 2500 1964 2576 ὁρμῆς·

309 2603 378 2662 Ol
413 2599 472 2657 δὶ
499 2599 996 2677 τειχομαχούντες,
1021 2597 1279 2672 κλίμαξιν
1307 2598 1497 2654 αὐτίκα
1525 2601 1662 2672 πρὸς
1691 2599 1754 2653 τὸ
1780 2605 1971 2674 τεῖχος

311 2692 592 2767 ἀνῄεσαν,
648 2688 738 2744 καὶ
811 2689 878 2743 τὰ
933 2687 1159 2763 κλεῖθρα
1212 2693 1320 2743 τῶν
1377 2686 1565 2743 πυλῶν
1625 2685 1970 2761 διατεμόντες

312 2780 634 2848 πελέκεσιν,
695 2778 903 2842 ἄνετοῖς
957 2783 1073 2840 τοῖς
1135 2777 1475 2851 συνωμόταις
1529 2779 1806 2854 παρέσχον
1865 2779 1964 2847 τὴν

318 2867 552 2938 εἶ’σοδον,
607 2871 780 2944 ’Ὁπερ
812 2865 1017 2929 ἰδόντες
1049 2867 1099 2921 οἱ
1129 2868 1221 2922 τὸν
1267 2866 1416 2932 έντὸς
1460 2871 1751 2942 τηροῦντες
1809 2866 1968 2943 περί-

327 2952 515 3029 ϐολον,
545 2953 836 3032 σύγκλυδες
870 2953 1169 3029 ἄνθρωποι,
1201 2959 1288 3010 καὶ
1325 2953 1585 3029 πολέμων
1616 2957 1667 3010 οἱ
1716 2955 1967 3018 πλείονες

329 3053 517 3125 ἀδαεῖς,
590 3056 627 3126 ἢ
703 3052 917 3128 μᾶλλον
1001 3054 1050 3127 ἐξ
1123 3053 1390 3127 ἀγοραίων
1451 3053 1818 3128 ἀθροισθέντες
1877 3055 1967 3109 καὶ

325 3144 562 3211 πληθύος
603 3139 927 3218 δημότιδος,
987 3145 1039 3197 οἱ
1103 3145 1195 3215 μὶν
1255 3143 1530 3205 κατιόντες
1561 3141 1793 3214 ᾦκοντο,
1827 3145 1879 3198 οἱ
1910 3141 1968 3198 δὲ

2081 1977 2354 2032 resistere
2389 1979 2676 2044 poterant,
2711 1974 2996 2045 impetum
3024 1973 3391 2028 remiserunt.
3441 1972 3550 2035 Qui
3597 1988 3732 2027 vero

2081 2065 2292 2120 maenia
2321 2046 2949 2136 oppugnabant,scalis
2971 2061 3171 2116 statim
3203 2077 3370 2116 muro
3387 2076 3729 2127 conscenso,

2081 2159 2498 2226 portarumque
2530 2151 2803 2206 claustris
2846 2149 3198 2222 bipennibus
3231 2149 3556 2221 perfractis,
3587 2148 3732 2204 Iibe-

2079 2269 2210 2308 rum
2254 2251 2580 2321 conjuratis
2640 2249 2974 2320 ingressum
3032 2248 3449 2318 patefecerunt.
3501 2247 3624 2311 Quo
3690 2247 3728 2300 ii

2078 2341 2223 2408 viso,
2259 2340 2357 2408 qui
2389 2339 2669 2394 interiora
2709 2337 2924 2392 moenia
2974 2338 3312 2402 tuebantur,
3373 2336 3734 2391 confusanea

2077 2431 2270 2493 turba,
2295 2433 2350 2483 et
2381 2428 2517 2482 belli
2553 2426 2814 2498 plerique
2841 2427 3038 2491 rudes,
3062 2443 3126 2480 ac
3153 2427 3347 2496 potius
3379 2441 3447 2479 ex
3476 2425 3730 2479 circum-

2079 2519 2334 2574 foraneis
2366 2517 2591 2571 collecti
2621 2515 2963 2586 plebeiaque
2995 2514 3407 2569 multitudine:
3471 2512 3572 2568 alii
3630 2513 3730 2569 de-

2079 2609 2380 2672 scendere,
2413 2605 2510 2659 alii
2548 2620 2609 2660 se
2641 2621 2774 2659 cum
2810 2604 3067 2675 periculo
3099 2604 3485 2673 praecipitare,
3520 2618 3586 2657 ac
3635 2601 3731 2656 fu-

2078 2713 2214 2768 gam
2253 2710 2579 2766 capessere.
2618 2695 2822 2764 Itaque
2857 2692 3161 2748 Comnenii
3220 2693 3396 2747 etiam
3451 2690 3732 2746 interiora

2079 2793 2295 2850 mmnia
2325 2792 2732 2848 defensoribus
2767 2790 2936 2862 plane
2966 2807 3147 2845 vacua
3177 2807 3314 2844 occu
3329 2793 3732 2861 pant,eorum-

2079 2900 2192 2955 que
2217 2882 2399 2954 portis
2453 2881 2654 2935 itidem
2712 2880 3038 2951 patefaclis,
3098 2879 3358 2950 undique
3416 2878 3473 2933 in
3523 2878 3731 2933 urbem

2078 2981 2303 3035 aditum
2347 2978 2638 3049 aperiunt,
2664 2977 2861 3030 statim
2897 2978 2965 3030 ad
3008 2977 3363 3048 direptiones
3396 2992 3458 3030 se
3501 2990 3734 3031 conver-

2079 3073 2295 3133 tentes,
2331 3067 2547 3138 quippe
2579 3066 2750 3119 turba
2784 3065 3066 3136 permista
3091 3081 3160 3119 ex
3211 3064 3558 3136 Thracibus,
3613 3066 3730 3118 Ma-

2078 3155 2418 3223 cedonibus,
2446 3154 2726 3207 Romanis
2760 3157 2935 3225 atque
2968 3152 3399 3209 aliis.Barbaris
3431 3157 3731 3219 constans,

312 3235 399 3289 καὶ
457 3233 684 3297 ἑαυτοὺς
753 3233 1068 3310 ἐπισφαλῶς
1132 3231 1662 3308 κατακρημνίζοντες
1721 3230 1962 3310 ἔφευγον.

2084 3243 2268 3298 nihilo
2302 3241 2511 3296 melius
2545 3259 2719 3312 quam
2748 3240 2969 3303 hostes,
2998 3257 3131 3312 erga
3166 3247 3478 3312 populares
3522 3240 3737 3298 affecti.

309 3334 463 3387 Ὅθεν
520 3331 658 3386 κατὰ
713 3329 933 3398 πολλὴν
1011 3334 1108 3384 τοῦ
1181 3329 1528 3392 κωλύσοντος
1589 3329 1820 3404 ἐρημίαν
1879 3331 1969 3385 καὶ

307 3423 398 3479 τὸν
430 3421 582 3482 ἐντὸς
642 3415 937 3495 περιϐολον
973 3425 1026 3473 οὶ
1066 3419 1189 3494 περὶ
1237 3419 1366 3481 τοὺς
1417 3419 1737 3492 Κομνηνοὺς
1789 3441 1976 3495 παρει-

313 3509 547 3588 λήφασι,
589 3509 676 3563 καὶ
735 3510 830 3570 τὰς
887 3507 1084 3562 τούτου
1145 3507 1324 3572 πύλας
1367 3508 1576 3580 ὁμοίως
1607 3508 1970 3564 ἀναπετάσαν-

313 3619 420 3666 τες,
487 3597 658 3673 βατήν
707 3596 805 3664 τὴν
864 3595 1026 3651 πόλιν
1081 3596 1241 3650 παντί
1300 3617 1405 3651 που
1459 3597 1833 3673 πάρέσχοντο,
1883 3596 1973 3653 καί

317 3695 513 3751 αὐτίκα
564 3694 701 3770 πρὸς
762 3691 1066 3769 διαρπαγὴν
1140 3693 1446 3768 χρημάτων
1519 3696 1570 3748 οἱ
1643 3693 1972 3758 εΐσελθόντες

317 3785 615 3859 ὡρμήκασι
688 3781 996 3855 σύμμικτον
1063 3780 1278 3851 πλῆθος
1355 3783 1415 3837 έκ
1488 3787 1712 3859 Θρᾳκῶν
1769 3805 1827 3838 τε
1883 3783 1972 3839 καὶ

318 3869 690 3940 Μακεδόνων,
752 3873 840 3926 καὶ
916 3871 1201 3944 Ῥωμαίων
1279 3870 1465 3926 ἄλλων
1523 3873 1612 3927 καὶ
1672 3869 1970 3949 Βαρϐάρων

320 3961 672 4032 συνεστηκὸς,
732 3957 885 4015 οὐδὲν
916 3957 1136 4032 ἄμεινον
1165 3958 1447 4031 πολεμίων
1508 3961 1644 4035 πρὸς
1673 3982 1800 4022 τους
1834 3963 1977 4034 ὁμό-

316 4050 527 4124 φύλους
605 4047 992 4123 διατιθέμενοι.
1081 4049 1176 4103 Καὶ
1266 4050 1434 4125 μέχρι
1519 4050 1620 4126 γὰρ
1696 4050 1974 4125 έκχύσεως

317 4146 566 4219 αἱμάτων
621 4148 996 4223 προύχώρησε
1041 4148 1104 4202 τὸ
1152 4147 1339 4217 κακὸν,
1385 4148 1475 4201 καὶ
1507 4146 1763 4222 παρθένοι
1796 4146 1853 4203 δὲ
1897 4150 1976 4221 τῷ

315 4242 430 4308 Θιῷ
468 4238 866 4310 καθιερωμέναι
919 4231 1126 4298 ἀσεϐῶς
1179 4235 1535 4309 έμιάνθησαν,
1585 4236 1675 4291 καὶ
1724 4243 1974 4312 γυναῖκες

313 4324 544 4402 ἀνδράσι
600 4324 1016 4400 συνεζευγμέναι
1075 4325 1214 4400 πρὸς
1277 4323 1396 4399 βίαν
1460 4321 1827 4402 ὑϐρίσθησαν,
1887 4327 1976 4382 καὶ

317 4421 457 4482 θεῖοι
514 4415 628 4470 ναοὶ
689 4415 779 4469 τὸν
834 4414 1041 4488 κόσμον
1100 4413 1273 4469 αὐτῶν
1306 4412 1672 4485 έσυλήθησαν,
1714 4416 1803 4470 καὶ
1854 4413 1979 4471 οὐδὲ

316 4509 426 4560 τῶν
459 4503 625 4581 ἆγίων
667 4507 954 4579 κρατήρων
1009 4503 1341 4580 ἀπέσχοντο.
1391 4501 1572 4559 Ἀλλὰ
1618 4504 1709 4559 καὶ
1750 4505 1976 4568 τούτους

2083 3342 2228 3398 Nam
2265 3340 2415 3396 295
2443 3340 2510 3394 ad
2546 3340 2889 3394 effusionem
2924 3339 3233 3410 sanguinis
3257 3338 3477 3393 malum
3502 3354 3736 3410 proces-

2085 3431 2184 3499 sit,
2217 3435 2273 3484 et
2303 3429 2560 3500 virgines
2589 3428 2704 3482 Deo
2728 3433 3078 3482 consecratae
3108 3427 3288 3499 impie
3309 3427 3543 3499 pollutae
3572 3430 3734 3483 sunt.

2085 3535 2143 3586 et
2174 3532 2452 3584 matronae
2479 3526 2725 3598 violatas,
2759 3529 2814 3582 et
2844 3525 3065 3597 templa
3087 3531 3293 3581 ornatu
3327 3525 3576 3599 spoliata
3632 3541 3739 3582 nec

2086 3635 2120 3675 α
2150 3616 2538 3674 sacrosanctis
2571 3615 2898 3671 crateribus
2930 3620 3344 3686 temperatum,
3396 3617 3494 3672 sed
3556 3615 3743 3671 homi-

2084 3725 2188 3765 nes
2221 3705 2602 3764 audacissimi
2635 3706 2742 3762 hos
2774 3705 2950 3762 etiam
2985 3711 3042 3759 et
3073 3705 3303 3776 phialas
3338 3704 3627 3760 incruenti
3685 3709 3742 3760 et

2083 3795 2365 3854 terribilis
2444 3794 2716 3851 sacriﬁcii
2797 3793 3000 3866 plenas
3050 3793 3444 3864 diripuerunt,
3513 3791 3743 3850 Sanctis

2084 3886 2256 3941 humi
2289 3885 2511 3940 eIYusis.
2545 3885 2860 3940 Senatores
2891 3899 3124 3955 quoque
3156 3883 3356 3938 obvios
3420 3882 3599 3938 mulis
3648 3883 3744 3938 de-

2086 3979 2412 4043 traxerunt,
2444 3973 2760 4029 nonnullos
2797 3973 3079 4028 detractis
3099 3972 3366 4028 vestibus
3398 3971 3744 4028 seminudos

2086 4071 2386 4143 etpedites
2431 4071 2490 4126 iu
2551 4070 2694 4126 vicis
2754 4070 3147 4142 reliquerunt.
3209 4069 3340 4125 Haec
3393 4085 3496 4142 per
3556 4073 3742 4124 totum

2088 4160 2242 4215 diem
2276 4165 2404 4214 acta
2435 4163 2594 4224 sunt,
2628 4175 2694 4213 ac
2729 4158 2947 4214 malum
2982 4159 3255 4230 usquead
3283 4163 3487 4214 Bovem
3513 4157 3745 4228 publice

2089 4266 2156 4305 ac
2187 4249 2316 4304 sine
2343 4248 2683 4303 discrimine
2713 4252 2988 4319 vagatum
3023 4252 3129 4303 est.
3179 4248 3428 4318 Jamque
3477 4245 3747 4302 nonnulli

2089 4347 2159 4403 ad
2183 4345 2662 4417 Philadelphiam
2694 4351 2752 4402 et
2783 4345 2938 4401 ultra
2968 4351 3401 4417 procurrerant,
3437 4345 3745 4402 Commem-

2083 4435 2506 4507 que,omnibus
2524 4435 2596 4490 ad
2621 4436 2935 4492 manubias
2966 4433 3575 4502 discurrentibus,soli
3609 4451 3744 4490 cum

2091 4525 2299 4598 exiguo
2323 4541 2569 4582 numero
2603 4525 2809 4593 relicti,
2840 4542 2973 4580 cum
3007 4528 3076 4580 ad
3125 4526 3387 4580 Taurum
3443 4524 3745 4596 pervenis-

317 4596 371 4650 οἱ
398 4592 709 4666 πάντολμοι
757 4595 846 4648 καὶ
896 4593 992 4656 τὰς
1040 4594 1189 4671 ἱερὰς
1242 4592 1440 4671 φιάλας
1484 4601 1584 4663 τῆς
1644 4594 1971 4669 ἀναιμάκτον

2089 4592 2244 4686 seut,
2279 4631 2395 4670 non
2429 4620 2568 4671 sunt
2598 4614 2726 4671 ausi
2779 4592 3028 4671 ulterius
3087 4615 3382 4687 progredi,
3441 4592 3522 4670 ita
3562 4613 3745 4685 justis

317 4693 408 4747 καὶ
440 4689 753 4770 φρικώδους
785 4690 966 4752 θυσίας
1019 4689 1253 4767 πλήρεις
1310 4689 1628 4767 διήρπαξον,
1690 4691 1973 4768 ἐκχέαντες

320 4781 390 4836 τὰ
421 4782 584 4856 ’Λγια
615 4780 753 4836 κατὰ
811 4787 937 4855 γῆς.
1003 4781 1105 4836 Καὶ
1140 4781 1290 4842 ὅσοις
1319 4778 1376 4835 δὲ
1405 4788 1504 4850 τῆς
1537 4782 1820 4858 γερουσίας
1853 4804 1970 4837 συν-

326 4873 527 4942 ήντων,
561 4873 942 4932 κατασπῶντες
968 4875 1076 4925 τῶν
1108 4869 1357 4942 ἡμιόνων
1423 4870 1642 4943 αὐτοὺς,
1690 4871 1863 4934 ένίους
1920 4870 1976 4927 δέ

320 4968 415 5024 καὶ
465 4965 822 5036 ἀποδύοντες,
885 4967 936 5024 ἐν
1001 4966 1189 5040 μέσαις
1245 4973 1362 5030 ταῖς
1419 4969 1628 5045 ἀγυιαῖς
1677 4970 1803 5024 εἲων
1840 4973 1976 5044 ἡμι-

319 5056 563 5133 γύμνους
617 5077 675 5111 τε
734 5055 824 5110 καὶ
882 5056 1100 5126 πεζούς.
1165 5057 1263 5112 Καὶ
1306 5062 1473 5113 ταῦτα
1519 5058 1639 5122 καθ’
1685 5059 1820 5128 ὅλην
1875 5060 1973 5128 τήν

322 5153 534 5231 ἡμέραν
586 5154 950 5229 έπράττοντο,
1011 5153 1101 5209 καὶ
1156 5156 1218 5210 τὸ
1268 5153 1441 5212 δεινὸν
1503 5152 1636 5232 ἄχρι
1688 5161 1783 5210 τοῦ
1840 5158 1979 5221 Βοὸς

322 5243 608 5322 έπεφθάκει
669 5243 981 5318 γινόμενον,
1040 5243 1222 5298 κοινόν
1271 5265 1329 5299 τε
1369 5244 1458 5299 καὶ
1487 5241 1797 5317 πάνδημον,
1866 5243 1975 5316 ἤδη

322 5330 380 5387 δέ
409 5353 550 5386 τινες
583 5333 672 5386 καῖ
709 5334 877 5407 μέχρι
925 5335 1022 5386 τοῦ
1055 5330 1435 5409 Φιλαδελφίου
1460 5337 1494 5403 ἢ
1528 5333 1616 5388 καὶ
1647 5334 1980 5409 προσωτέρω

322 5429 652 5507 ἐπέδραμον.
717 5431 784 5486 Οἱ
845 5427 901 5485 δὲ
933 5431 1236 5504 Κομνηνοὶ,
1271 5431 1346 5495 εἷς
1377 5433 1476 5501 τήν
1527 5435 1811 5507 προνομὴν
1862 5455 1980 5489 an-

321 5518 627 5585 δασθεντων
683 5519 922 5588 πάντων,
983 5520 1140 5592 μόνοι
1193 5520 1286 5574 σὺν
1337 5521 1728 5596 εὖαριθμήτοις
1777 5521 1984 5602 σφόδρα

320 5625 442 5680 τοῖς
490 5621 613 5693 περὶ
663 5617 856 5680 αὐτοὺς
904 5617 1353 5697 κατελείφθησαν,
1396 5621 1486 5676 καὶ
1541 5618 1644 5684 ἓως
1691 5627 1790 5677 τοῦ
1847 5625 1984 5678 Ταύ-

327 5730 427 5788 ρου
456 5707 760 5785 γενόμενοι,
821 5708 1153 5787 προσωτέρω
1194 5708 1404 5766 ἀπιέναι
1459 5711 1561 5766 οὐκ
1625 5711 1983 5790 άπεθάρῥουν.

2089 4713 2294 4769 nudati
2317 4713 2525 4785 copiis,
2559 4718 2622 4768 ut
2653 4714 2701 4769 si
2735 4716 2950 4786 quieos
2984 4713 3243 4786 aggressi
3301 4717 3522 4782 essent,
3579 4711 3747 4769 facile

2089 4803 2244 4875 capti
2278 4821 2343 4857 ac
2375 4803 2554 4858 vincti
2589 4804 2906 4858 Botaniata:
2938 4803 3134 4858 traditi
3181 4807 3398 4857 essent.
3433 4802 3546 4856 Sed
3602 4801 3746 4856 divi-

2093 4908 2234 4946 num
2269 4892 2569 4946 decretum
2595 4893 2771 4947 everti
2797 4895 2920 4962 jam
2956 4908 3069 4946 non
3097 4889 3744 4963 poterat.Quamobrem

2093 4989 2426 5045 Botaniates
2457 4990 2891 5046 Comnenorum
2923 4991 3192 5061 ingressu
3225 4988 3478 5060 cognito,
3531 4987 3748 5058 palatio

2089 5079 2288 5133 statim
2324 5078 2551 5145 relicto,
2585 5084 2920 5150 temereque
2966 5077 3208 5149 abjeclis
3265 5077 3576 5148 purpureis
3632 5075 3749 5130 cal-

2091 5169 2229 5236 ceis,
2310 5167 2658 5239 Peribleptae
2719 5169 3145 5223 monasterium
3205 5166 3530 5238 ingressus,
3575 5166 3748 5235 cujus

2093 5269 2225 5336 post
2255 5264 2578 5319 Romanum
2633 5265 2920 5336 Argyrum
2985 5266 3400 5337 imperatorem
3453 5261 3749 5318 secundus

2095 5353 2364 5410 conditor
2382 5353 2725 5420 vocabatur,
2759 5370 2924 5409 coma
2973 5371 3125 5425 rasa,
3185 5356 3529 5425 mutataque
3570 5355 3750 5420 veste,

2093 5450 2386 5507 lacernam
2425 5449 2809 5505 monasticam
2855 5450 3066 5504 induit.
3094 5449 3204 5504 Ubi
3235 5467 3370 5504 cum
3422 5449 3752 5520 aliquandm

2095 5539 2360 5609 vixisset,
2397 5537 2629 5608 pulvere
2652 5537 2878 5610 pulveri
2910 5538 3185 5593 restituto
3234 5539 3536 5610 sepelitur.
3583 5540 3752 5593 Com-

2099 5629 2235 5685 neni
2269 5633 2467 5684 autem
2494 5627 2820 5684 obsistente
2843 5626 3080 5682 nemine
3101 5626 3322 5698 regiam
3345 5627 3596 5702 ingressi
3619 5631 3761 5685 sunt

2098 5717 2246 5776 citra
2273 5716 2558 5787 laborem,
2589 5717 2794 5792 [plana
2835 5720 2892 5774 et
2946 5714 3219 5790 expedita
3273 5715 3387 5775 via.
3448 5716 3588 5774 Tale
3643 5715 3755 5772 fuit
