  <div class='ocr_page' id='page_1' title='image "/cluster/home/n/w/nwhite01/storage/ocr_20150623/135:no.2/coo.31924054870401/153.png"; bbox 0 0 4126 6366; ppageno 0'>
   <div class='ocr_carea' id='block_1_1' title="bbox 359 339 3791 413">
    <p class='ocr_par' dir='ltr' id='par_1_1' title="bbox 359 339 3791 413">
     <span class='ocr_line' id='line_1_1' title="bbox 359 339 3791 413; baseline -0.004 -1"><span class='ocrx_word' id='word_1_1' title='bbox 359 353 479 413; x_wconf 80' lang='lat'>295</span> <span class='ocrx_word' id='word_1_2' title='bbox 1714 339 2044 404; x_wconf 78' lang='lat' dir='ltr'>JOANNIS</span> <span class='ocrx_word' id='word_1_3' title='bbox 2085 341 2429 404; x_wconf 68' lang='lat' dir='ltr'>201mm:</span> <span class='ocrx_word' id='word_1_4' title='bbox 3670 346 3791 410; x_wconf 75' lang='lat'>296</span> 
     </span>
    </p>
   </div>
   <div class='ocr_carea' id='block_1_2' title="bbox 355 473 1983 553">
    <p class='ocr_par' dir='ltr' id='par_1_2' title="bbox 355 473 1983 550">
     <span class='ocr_line' id='line_1_2' title="bbox 355 473 1983 550; baseline -0.007 -10"><span class='ocrx_word' id='word_1_5' title='bbox 355 481 846 550; x_wconf 89' lang='lat' dir='ltr'>coruminitium,</span> <span class='ocrx_word' id='word_1_6' title='bbox 881 480 1020 537; x_wconf 85' lang='lat' dir='ltr'>talis</span> <span class='ocrx_word' id='word_1_7' title='bbox 1048 480 1107 536; x_wconf 91' lang='lat' dir='ltr'>in</span> <span class='ocrx_word' id='word_1_8' title='bbox 1157 479 1365 535; x_wconf 83' lang='lat' dir='ltr'>urbem</span> <span class='ocrx_word' id='word_1_9' title='bbox 1394 473 1889 548; x_wconf 82' lang='lat' dir='ltr'>impereratrioem</span> <span class='ocrx_word' id='word_1_10' title='bbox 1924 473 1983 530; x_wconf 89' lang='lat' dir='ltr'>in</span> 
     </span>
    </p>
   </div>
   <div class='ocr_carea' id='block_1_3' title="bbox 2099 473 3788 553">
    <p class='ocr_par' dir='ltr' id='par_1_3' title="bbox 2099 474 3788 553">
     <span class='ocr_line' id='line_1_3' title="bbox 2099 474 3788 553; baseline 0.001 -23"><span class='ocrx_word' id='word_1_11' title='bbox 2099 532 2104 542; x_wconf 82' lang='lat'><em>_</em></span> <span class='ocrx_word' id='word_1_12' title='bbox 2133 475 2407 530; x_wconf 78' lang='grc' dir='ltr'>Τοσοῦτον</span> <span class='ocrx_word' id='word_1_13' title='bbox 2468 476 2574 552; x_wconf 86' lang='grc' dir='ltr'>γὰρ</span> <span class='ocrx_word' id='word_1_14' title='bbox 2624 474 2900 551; x_wconf 73' lang='grc' dir='ltr'>ἐψίλωντο</span> <span class='ocrx_word' id='word_1_15' title='bbox 2931 475 3244 553; x_wconf 80' lang='grc' dir='ltr'>ἀξιομόχου</span> <span class='ocrx_word' id='word_1_16' title='bbox 3273 474 3575 552; x_wconf 80' lang='grc' dir='ltr'>δυνάμεως,</span> <span class='ocrx_word' id='word_1_17' title='bbox 3609 477 3708 548; x_wconf 83' lang='grc' dir='ltr'>ὡς,</span> <span class='ocrx_word' id='word_1_18' title='bbox 3739 477 3788 533; x_wconf 82' lang='grc' dir='ltr'>εὶ</span> 
     </span>
    </p>
   </div>
   <div class='ocr_carea' id='block_1_4' title="bbox 356 563 1983 646">
    <p class='ocr_par' dir='ltr' id='par_1_4' title="bbox 356 567 1368 646">
     <span class='ocr_line' id='line_1_4' title="bbox 356 567 1368 646; baseline -0.006 -18"><span class='ocrx_word' id='word_1_19' title='bbox 356 589 618 646; x_wconf 79' lang='lat' dir='ltr'>gressus,</span> <span class='ocrx_word' id='word_1_20' title='bbox 650 569 791 627; x_wconf 83' lang='lat' dir='ltr'>talia</span> <span class='ocrx_word' id='word_1_21' title='bbox 821 569 1052 642; x_wconf 87' lang='lat' dir='ltr'>imperii</span> <span class='ocrx_word' id='word_1_22' title='bbox 1085 567 1368 640; x_wconf 85' lang='lat' dir='ltr'>auspicia.</span> 
     </span>
    </p>
   </div>
   <div class='ocr_carea' id='block_1_5' title="bbox 2099 563 3791 646">
    <p class='ocr_par' dir='ltr' id='par_1_5' title="bbox 2108 563 3791 646">
     <span class='ocr_line' id='line_1_5' title="bbox 2108 563 3791 646; baseline 0.004 -30"><span class='ocrx_word' id='word_1_23' title='bbox 2108 563 2234 618; x_wconf 83' lang='grc' dir='ltr'>τότε</span> <span class='ocrx_word' id='word_1_24' title='bbox 2279 564 2474 628; x_wconf 78' lang='grc' dir='ltr'>τούτος</span> <span class='ocrx_word' id='word_1_25' title='bbox 2508 564 2752 632; x_wconf 79' lang='grc' dir='ltr'>ἔπῆλθόν</span> <span class='ocrx_word' id='word_1_26' title='bbox 2806 586 2975 636; x_wconf 79' lang='grc' dir='ltr'>τινες,</span> <span class='ocrx_word' id='word_1_27' title='bbox 3033 566 3162 643; x_wconf 80' lang='grc' dir='ltr'>ῥᾷον</span> <span class='ocrx_word' id='word_1_28' title='bbox 3222 565 3283 622; x_wconf 76' lang='grc' dir='ltr'>ἂν</span> <span class='ocrx_word' id='word_1_29' title='bbox 3343 565 3515 637; x_wconf 75' lang='grc' dir='ltr'>εἶλον,</span> <span class='ocrx_word' id='word_1_30' title='bbox 3563 565 3791 646; x_wconf 73' lang='grc' dir='ltr'>αὐτοὺς,</span> 
     </span>
    </p>
   </div>
   <div class='ocr_carea' id='block_1_6' title="bbox 357 649 3788 733">
    <p class='ocr_par' dir='ltr' id='par_1_6' title="bbox 357 649 3788 733">
     <span class='ocr_line' id='line_1_6' title="bbox 357 649 3788 733; baseline -0.002 -16"><span class='ocrx_word' id='word_1_31' title='bbox 357 663 447 717; x_wconf 82' lang='grc' dir='ltr'>καὶ</span> <span class='ocrx_word' id='word_1_32' title='bbox 481 659 737 733; x_wconf 79' lang='grc' dir='ltr'>δεσμίους</span> <span class='ocrx_word' id='word_1_33' title='bbox 789 663 870 732; x_wconf 76' lang='grc' dir='ltr'>τῷ</span> <span class='ocrx_word' id='word_1_34' title='bbox 922 657 1252 730; x_wconf 75' lang='grc' dir='ltr'>Βοτανειάτῃ</span> <span class='ocrx_word' id='word_1_35' title='bbox 1311 655 1682 730; x_wconf 73' lang='grc' dir='ltr'>προσήγαγον.</span> <span class='ocrx_word' id='word_1_36' title='bbox 1743 649 1922 707; x_wconf 77' lang='grc' dir='ltr'>Ἀλλὰ</span> <span class='ocrx_word' id='word_1_37' title='bbox 1976 652 2040 707; x_wconf 85' lang='grc' dir='ltr'>τὸ</span> <span class='ocrx_word' id='word_1_38' title='bbox 2103 649 2259 726; x_wconf 79' lang='grc' dir='ltr'>δόξαν</span> <span class='ocrx_word' id='word_1_39' title='bbox 2315 651 2424 726; x_wconf 76' lang='grc' dir='ltr'>ἤδη</span> <span class='ocrx_word' id='word_1_40' title='bbox 2486 660 2601 728; x_wconf 79' lang='grc' dir='ltr'>Θεῷ</span> <span class='ocrx_word' id='word_1_41' title='bbox 2663 663 3071 732; x_wconf 86' lang='grc' dir='ltr'>μετατραπῆναι</span> <span class='ocrx_word' id='word_1_42' title='bbox 3122 657 3221 712; x_wconf 86' lang='grc' dir='ltr'>οὐκ</span> <span class='ocrx_word' id='word_1_43' title='bbox 3250 657 3336 727; x_wconf 82' lang='grc' dir='ltr'>ἧν.</span> <span class='ocrx_word' id='word_1_44' title='bbox 3391 658 3580 722; x_wconf 85' lang='grc' dir='ltr'>Ἔνθεν</span> <span class='ocrx_word' id='word_1_45' title='bbox 3639 657 3788 712; x_wconf 87' lang='grc' dir='ltr'>τοιὸ</span> 
     </span>
    </p>
   </div>
   <div class='ocr_carea' id='block_1_7' title="bbox 358 740 3792 825">
    <p class='ocr_par' dir='ltr' id='par_1_7' title="bbox 358 740 3792 825">
     <span class='ocr_line' id='line_1_7' title="bbox 358 740 3792 825; baseline -0.001 -19"><span class='ocrx_word' id='word_1_46' title='bbox 358 752 454 825; x_wconf 74' lang='grc' dir='ltr'>μὲν</span> <span class='ocrx_word' id='word_1_47' title='bbox 517 747 896 819; x_wconf 81' lang='grc' dir='ltr'>Βοτανειάτης,</span> <span class='ocrx_word' id='word_1_48' title='bbox 961 746 1145 821; x_wconf 77' lang='grc' dir='ltr'>μαθὼν</span> <span class='ocrx_word' id='word_1_49' title='bbox 1196 749 1304 799; x_wconf 88' lang='grc' dir='ltr'>τῶν</span> <span class='ocrx_word' id='word_1_50' title='bbox 1363 746 1667 816; x_wconf 90' lang='grc' dir='ltr'>Κομνηνῶν</span> <span class='ocrx_word' id='word_1_51' title='bbox 1725 744 1824 812; x_wconf 75' lang='grc' dir='ltr'>τὴν</span> <span class='ocrx_word' id='word_1_52' title='bbox 1887 741 2208 811; x_wconf 81' lang='grc' dir='ltr'>εἷσέλευσιν,</span> <span class='ocrx_word' id='word_1_53' title='bbox 2265 740 2452 799; x_wconf 69' lang='grc' dir='ltr'>ἔπεσιν</span> <span class='ocrx_word' id='word_1_54' title='bbox 2514 745 2706 801; x_wconf 76' lang='grc' dir='ltr'>αὐτίκα</span> <span class='ocrx_word' id='word_1_55' title='bbox 2759 750 2868 801; x_wconf 89' lang='grc' dir='ltr'>τῶν</span> <span class='ocrx_word' id='word_1_56' title='bbox 2935 745 3260 822; x_wconf 82' lang='grc' dir='ltr'>βασιλείων,</span> <span class='ocrx_word' id='word_1_57' title='bbox 3293 747 3460 802; x_wconf 82' lang='grc' dir='ltr'>αὐτοῦ</span> <span class='ocrx_word' id='word_1_58' title='bbox 3491 768 3597 802; x_wconf 85' lang='grc' dir='ltr'>που</span> <span class='ocrx_word' id='word_1_59' title='bbox 3628 745 3792 824; x_wconf 77' lang='grc' dir='ltr'>ῥίψας</span> 
     </span>
    </p>
   </div>
   <div class='ocr_carea' id='block_1_8' title="bbox 354 829 3789 916">
    <p class='ocr_par' dir='ltr' id='par_1_8' title="bbox 354 829 3789 916">
     <span class='ocr_line' id='line_1_8' title="bbox 354 829 3789 916; baseline -0.001 -18"><span class='ocrx_word' id='word_1_60' title='bbox 354 844 386 898; x_wconf 79' lang='grc' dir='ltr'>ἂ</span> <span class='ocrx_word' id='word_1_61' title='bbox 420 839 668 898; x_wconf 84' lang='grc' dir='ltr'>ὑπεδεῖτο</span> <span class='ocrx_word' id='word_1_62' title='bbox 726 838 1085 916; x_wconf 82' lang='grc' dir='ltr'>φοινικόχροα</span> <span class='ocrx_word' id='word_1_63' title='bbox 1113 833 1333 905; x_wconf 89' lang='grc' dir='ltr'>πέδιλα,</span> <span class='ocrx_word' id='word_1_64' title='bbox 1389 835 1480 890; x_wconf 90' lang='grc' dir='ltr'>καὶ</span> <span class='ocrx_word' id='word_1_65' title='bbox 1529 834 1604 897; x_wconf 78' lang='grc' dir='ltr'>εἰς</span> <span class='ocrx_word' id='word_1_66' title='bbox 1661 836 1759 904; x_wconf 75' lang='grc' dir='ltr'>τὴν</span> <span class='ocrx_word' id='word_1_67' title='bbox 1818 831 1876 888; x_wconf 73' lang='grc' dir='ltr'>δὲ</span> <span class='ocrx_word' id='word_1_68' title='bbox 1934 829 2311 908; x_wconf 73' lang='grc' dir='ltr'>Περιϐλέπτου</span> <span class='ocrx_word' id='word_1_69' title='bbox 2373 838 2543 909; x_wconf 70' lang='grc' dir='ltr'>μονὴν</span> <span class='ocrx_word' id='word_1_70' title='bbox 2600 837 2872 907; x_wconf 79' lang='grc' dir='ltr'>ἀπεὸθὼν,</span> <span class='ocrx_word' id='word_1_71' title='bbox 2933 837 3002 906; x_wconf 76' lang='grc' dir='ltr'>ἧς</span> <span class='ocrx_word' id='word_1_72' title='bbox 3059 837 3258 900; x_wconf 79' lang='grc' dir='ltr'>ἐκεῖνος</span> <span class='ocrx_word' id='word_1_73' title='bbox 3310 839 3444 912; x_wconf 70' lang='grc' dir='ltr'>μετὰ</span> <span class='ocrx_word' id='word_1_74' title='bbox 3498 839 3588 893; x_wconf 89' lang='grc' dir='ltr'>τὸν</span> <span class='ocrx_word' id='word_1_75' title='bbox 3649 839 3789 894; x_wconf 86' lang='grc' dir='ltr'>κατά</span> 
     </span>
    </p>
   </div>
   <div class='ocr_carea' id='block_1_9' title="bbox 348 922 3781 1005">
    <p class='ocr_par' dir='ltr' id='par_1_9' title="bbox 348 922 3781 1005">
     <span class='ocr_line' id='line_1_9' title="bbox 348 922 3781 1005; baseline -0.001 -20"><span class='ocrx_word' id='word_1_76' title='bbox 348 931 475 993; x_wconf 69' lang='grc' dir='ltr'>τοὺς</span> <span class='ocrx_word' id='word_1_77' title='bbox 554 928 850 1005; x_wconf 79' lang='grc' dir='ltr'>Ἀργυροὺς</span> <span class='ocrx_word' id='word_1_78' title='bbox 937 927 1232 999; x_wconf 82' lang='grc' dir='ltr'>(Ῥωμανὸν</span> <span class='ocrx_word' id='word_1_79' title='bbox 1315 925 1516 979; x_wconf 82' lang='grc' dir='ltr'>ἐκεῖνον</span> <span class='ocrx_word' id='word_1_80' title='bbox 1593 924 1682 978; x_wconf 86' lang='grc' dir='ltr'>τὸν</span> <span class='ocrx_word' id='word_1_81' title='bbox 1771 922 2164 998; x_wconf 79' lang='grc' dir='ltr'>αὐτοκράτορα)</span> <span class='ocrx_word' id='word_1_82' title='bbox 2244 927 2470 1002; x_wconf 85' lang='grc' dir='ltr'>κρήτωρ</span> <span class='ocrx_word' id='word_1_83' title='bbox 2553 923 2803 1001; x_wconf 71' lang='grc' dir='ltr'>δεύτερος</span> <span class='ocrx_word' id='word_1_84' title='bbox 2893 925 3274 1002; x_wconf 72' lang='grc' dir='ltr'>ἐχρημάτισε,</span> <span class='ocrx_word' id='word_1_85' title='bbox 3359 927 3597 1003; x_wconf 80' lang='grc' dir='ltr'>κείρεται</span> <span class='ocrx_word' id='word_1_86' title='bbox 3682 929 3781 998; x_wconf 75' lang='grc' dir='ltr'>τὴν</span> 
     </span>
    </p>
   </div>
   <div class='ocr_carea' id='block_1_10' title="bbox 347 1007 3786 1095">
    <p class='ocr_par' dir='ltr' id='par_1_10' title="bbox 347 1007 3786 1095">
     <span class='ocr_line' id='line_1_10' title="bbox 347 1007 3786 1095; baseline -0.001 -21"><span class='ocrx_word' id='word_1_87' title='bbox 347 1020 537 1095; x_wconf 84' lang='grc' dir='ltr'>τρίχα,</span> <span class='ocrx_word' id='word_1_88' title='bbox 589 1018 679 1072; x_wconf 86' lang='grc' dir='ltr'>καὶ</span> <span class='ocrx_word' id='word_1_89' title='bbox 741 1016 1194 1090; x_wconf 66' lang='grc' dir='ltr'>μεταμφιέννυται</span> <span class='ocrx_word' id='word_1_90' title='bbox 1250 1014 1348 1082; x_wconf 83' lang='grc' dir='ltr'>τήν</span> <span class='ocrx_word' id='word_1_91' title='bbox 1408 1011 1639 1084; x_wconf 68' lang='grc' dir='ltr'>στολὴν,</span> <span class='ocrx_word' id='word_1_92' title='bbox 1714 1007 2004 1088; x_wconf 80' lang='grc' dir='ltr'>τριϐώνιον</span> <span class='ocrx_word' id='word_1_93' title='bbox 2083 1013 2220 1068; x_wconf 74' lang='grc' dir='ltr'>κατὰ</span> <span class='ocrx_word' id='word_1_94' title='bbox 2301 1017 2635 1087; x_wconf 81' lang='grc' dir='ltr'>μονάζοντας</span> <span class='ocrx_word' id='word_1_95' title='bbox 2711 1013 3110 1090; x_wconf 82' lang='grc' dir='ltr'>ἐνδυσάμινος.</span> <span class='ocrx_word' id='word_1_96' title='bbox 3188 1017 3354 1071; x_wconf 84' lang='grc' dir='ltr'>Ἔνθα</span> <span class='ocrx_word' id='word_1_97' title='bbox 3423 1015 3512 1071; x_wconf 88' lang='grc' dir='ltr'>καὶ</span> <span class='ocrx_word' id='word_1_98' title='bbox 3584 1016 3786 1092; x_wconf 85' lang='grc' dir='ltr'>χρόνον</span> 
     </span>
    </p>
   </div>
   <div class='ocr_carea' id='block_1_11' title="bbox 350 1100 3778 1179">
    <p class='ocr_par' dir='ltr' id='par_1_11' title="bbox 350 1100 3778 1179">
     <span class='ocr_line' id='line_1_11' title="bbox 350 1100 3778 1179; baseline -0.001 -16"><span class='ocrx_word' id='word_1_99' title='bbox 350 1105 596 1169; x_wconf 76' lang='grc' dir='ltr'>ἐπιϐιοός</span> <span class='ocrx_word' id='word_1_100' title='bbox 625 1127 764 1173; x_wconf 90' lang='grc' dir='ltr'>τινα,</span> <span class='ocrx_word' id='word_1_101' title='bbox 823 1105 913 1158; x_wconf 87' lang='grc' dir='ltr'>τὸν</span> <span class='ocrx_word' id='word_1_102' title='bbox 970 1107 1105 1179; x_wconf 87' lang='grc' dir='ltr'>χοῦν</span> <span class='ocrx_word' id='word_1_103' title='bbox 1170 1102 1396 1166; x_wconf 79' lang='grc' dir='ltr'>ἀπέθετο</span> <span class='ocrx_word' id='word_1_104' title='bbox 1452 1107 1532 1174; x_wconf 77' lang='grc' dir='ltr'>τῷ</span> <span class='ocrx_word' id='word_1_105' title='bbox 1588 1102 1708 1177; x_wconf 69' lang='grc' dir='ltr'>χοῖ,</span> <span class='ocrx_word' id='word_1_106' title='bbox 1767 1101 1953 1178; x_wconf 79' lang='grc' dir='ltr'>ταφεὶς</span> <span class='ocrx_word' id='word_1_107' title='bbox 2004 1102 2130 1174; x_wconf 89' lang='grc' dir='ltr'>παρ’</span> <span class='ocrx_word' id='word_1_108' title='bbox 2172 1101 2329 1176; x_wconf 80' lang='grc' dir='ltr'>αὐτῇ.</span> <span class='ocrx_word' id='word_1_109' title='bbox 2366 1104 2432 1160; x_wconf 82' lang='grc' dir='ltr'><strong>Οἱ</strong></span> <span class='ocrx_word' id='word_1_110' title='bbox 2466 1101 2523 1158; x_wconf 75' lang='grc' dir='ltr'>δὶ</span> <span class='ocrx_word' id='word_1_111' title='bbox 2552 1105 2855 1178; x_wconf 84' lang='grc' dir='ltr'>Κομνηνοὶ,</span> <span class='ocrx_word' id='word_1_112' title='bbox 2895 1101 3128 1178; x_wconf 86' lang='grc' dir='ltr'>μηδενὸς</span> <span class='ocrx_word' id='word_1_113' title='bbox 3159 1104 3343 1167; x_wconf 76' lang='grc' dir='ltr'>αὐτοῖς</span> <span class='ocrx_word' id='word_1_114' title='bbox 3373 1100 3778 1169; x_wconf 79' lang='grc' dir='ltr'>ἀντιϐαίνοντος</span> 
     </span>
    </p>
   </div>
   <div class='ocr_carea' id='block_1_12' title="bbox 347 1187 3782 1271">
    <p class='ocr_par' dir='ltr' id='par_1_12' title="bbox 347 1187 3782 1271">
     <span class='ocr_line' id='line_1_12' title="bbox 347 1187 3782 1271; baseline -0.001 -18"><span class='ocrx_word' id='word_1_115' title='bbox 347 1203 467 1260; x_wconf 88' lang='grc' dir='ltr'>τοῖς</span> <span class='ocrx_word' id='word_1_116' title='bbox 519 1195 837 1270; x_wconf 80' lang='grc' dir='ltr'>ἀνακτόροις</span> <span class='ocrx_word' id='word_1_117' title='bbox 884 1194 1438 1271; x_wconf 79' lang='grc' dir='ltr'>προσπεφοιτήκασιν,</span> <span class='ocrx_word' id='word_1_118' title='bbox 1470 1189 1875 1266; x_wconf 84' lang='grc' dir='ltr'>ἀααλαιπώρως</span> <span class='ocrx_word' id='word_1_119' title='bbox 1901 1189 2092 1252; x_wconf 60' lang='grc' dir='ltr'>τούτοις</span> <span class='ocrx_word' id='word_1_120' title='bbox 2115 1187 2395 1255; x_wconf 75' lang='grc' dir='ltr'>ἐπιϐάντες</span> <span class='ocrx_word' id='word_1_121' title='bbox 2424 1194 2515 1249; x_wconf 82' lang='grc' dir='ltr'>καὶ</span> <span class='ocrx_word' id='word_1_122' title='bbox 2547 1191 2776 1268; x_wconf 83' lang='grc' dir='ltr'>ὁμαλῶς</span> <span class='ocrx_word' id='word_1_123' title='bbox 2798 1195 2889 1250; x_wconf 87' lang='grc' dir='ltr'>καὶ</span> <span class='ocrx_word' id='word_1_124' title='bbox 2924 1194 3060 1268; x_wconf 83' lang='grc' dir='ltr'>μετὰ</span> <span class='ocrx_word' id='word_1_125' title='bbox 3085 1193 3307 1265; x_wconf 82' lang='grc' dir='ltr'>πολλῆς</span> <span class='ocrx_word' id='word_1_126' title='bbox 3335 1202 3434 1265; x_wconf 85' lang='grc' dir='ltr'>τῆς</span> <span class='ocrx_word' id='word_1_127' title='bbox 3469 1190 3782 1266; x_wconf 83' lang='grc' dir='ltr'>λειότητος.</span> 
     </span>
    </p>
   </div>
   <div class='ocr_carea' id='block_1_13' title="bbox 348 1278 3781 1362">
    <p class='ocr_par' dir='ltr' id='par_1_13' title="bbox 348 1278 3781 1362">
     <span class='ocr_line' id='line_1_13' title="bbox 348 1278 3781 1362; baseline -0 -21"><span class='ocrx_word' id='word_1_128' title='bbox 348 1286 584 1342; x_wconf 72' lang='grc' dir='ltr'>Τοιαῦτα</span> <span class='ocrx_word' id='word_1_129' title='bbox 615 1305 762 1362; x_wconf 88' lang='grc' dir='ltr'>σφισι</span> <span class='ocrx_word' id='word_1_130' title='bbox 792 1282 860 1338; x_wconf 76' lang='grc' dir='ltr'>τὰ</span> <span class='ocrx_word' id='word_1_131' title='bbox 887 1279 1208 1359; x_wconf 90' lang='grc' dir='ltr'>προεισόδια</span> <span class='ocrx_word' id='word_1_132' title='bbox 1237 1283 1444 1358; x_wconf 77' lang='grc' dir='ltr'>γέγονε,</span> <span class='ocrx_word' id='word_1_133' title='bbox 1477 1285 1703 1335; x_wconf 88' lang='grc' dir='ltr'>τοιαῦτα</span> <span class='ocrx_word' id='word_1_134' title='bbox 1729 1280 1796 1335; x_wconf 72' lang='grc' dir='ltr'>τὰ</span> <span class='ocrx_word' id='word_1_135' title='bbox 1826 1279 1900 1342; x_wconf 76' lang='grc' dir='ltr'>εἰς</span> <span class='ocrx_word' id='word_1_136' title='bbox 1930 1280 2027 1349; x_wconf 83' lang='grc' dir='ltr'>τήν</span> <span class='ocrx_word' id='word_1_137' title='bbox 2061 1278 2318 1355; x_wconf 87' lang='grc' dir='ltr'>βασιλίδα</span> <span class='ocrx_word' id='word_1_138' title='bbox 2347 1288 2454 1338; x_wconf 92' lang='grc' dir='ltr'>τῶν</span> <span class='ocrx_word' id='word_1_139' title='bbox 2489 1283 2703 1340; x_wconf 83' lang='grc' dir='ltr'>πόλεων</span> <span class='ocrx_word' id='word_1_140' title='bbox 2740 1285 3029 1361; x_wconf 79' lang='grc' dir='ltr'>είσιτήρια,</span> <span class='ocrx_word' id='word_1_141' title='bbox 3060 1288 3286 1339; x_wconf 86' lang='grc' dir='ltr'>τοιαῦτα</span> <span class='ocrx_word' id='word_1_142' title='bbox 3345 1285 3414 1340; x_wconf 82' lang='grc' dir='ltr'>τὰ</span> <span class='ocrx_word' id='word_1_143' title='bbox 3467 1291 3566 1356; x_wconf 86' lang='grc' dir='ltr'>τῆς</span> <span class='ocrx_word' id='word_1_144' title='bbox 3628 1286 3781 1362; x_wconf 88' lang='grc' dir='ltr'>βασι-</span> 
     </span>
    </p>
   </div>
   <div class='ocr_carea' id='block_1_14' title="bbox 349 1368 878 1449">
    <p class='ocr_par' dir='ltr' id='par_1_14' title="bbox 349 1368 878 1449">
     <span class='ocr_line' id='line_1_14' title="bbox 349 1368 878 1449; baseline -0.002 -19"><span class='ocrx_word' id='word_1_145' title='bbox 349 1374 496 1438; x_wconf 81' lang='grc' dir='ltr'>λείας</span> <span class='ocrx_word' id='word_1_146' title='bbox 529 1368 878 1449; x_wconf 76' lang='grc' dir='ltr'>ἐπιϐατήρια.</span> 
     </span>
    </p>
   </div>
   <div class='ocr_carea' id='block_1_15' title="bbox 414 1457 2005 1533">
    <p class='ocr_par' dir='ltr' id='par_1_15' title="bbox 414 1457 2005 1533">
     <span class='ocr_line' id='line_1_15' title="bbox 414 1457 2005 1533; baseline -0.004 -11"><span class='ocrx_word' id='word_1_147' title='bbox 414 1467 561 1522; x_wconf 84' lang='lat' dir='ltr'>XXI.</span> <span class='ocrx_word' id='word_1_148' title='bbox 597 1463 904 1532; x_wconf 88' lang='lat' dir='ltr'>Comneni,</span> <span class='ocrx_word' id='word_1_149' title='bbox 937 1465 1114 1520; x_wconf 85' lang='lat' dir='ltr'>rebus</span> <span class='ocrx_word' id='word_1_150' title='bbox 1145 1461 1404 1533; x_wconf 85' lang='lat' dir='ltr'>suisjam</span> <span class='ocrx_word' id='word_1_151' title='bbox 1437 1461 1495 1516; x_wconf 90' lang='lat' dir='ltr'>in</span> <span class='ocrx_word' id='word_1_152' title='bbox 1523 1464 1650 1516; x_wconf 90' lang='lat' dir='ltr'>tuto</span> <span class='ocrx_word' id='word_1_153' title='bbox 1683 1457 2005 1528; x_wconf 76' lang='lat' dir='ltr'>collocatis,</span> 
     </span>
    </p>
   </div>
   <div class='ocr_carea' id='block_1_16' title="bbox 344 1548 2005 1626">
    <p class='ocr_par' dir='ltr' id='par_1_16' title="bbox 344 1548 2005 1626">
     <span class='ocr_line' id='line_1_16' title="bbox 344 1548 2005 1626; baseline -0.005 -13"><span class='ocrx_word' id='word_1_154' title='bbox 344 1561 593 1612; x_wconf 80' lang='lat' dir='ltr'>matrem</span> <span class='ocrx_word' id='word_1_155' title='bbox 634 1558 691 1610; x_wconf 86' lang='lat' dir='ltr'>et</span> <span class='ocrx_word' id='word_1_156' title='bbox 750 1554 1030 1626; x_wconf 89' lang='lat' dir='ltr'>conjuges</span> <span class='ocrx_word' id='word_1_157' title='bbox 1104 1569 1175 1608; x_wconf 86' lang='lat' dir='ltr'>ex</span> <span class='ocrx_word' id='word_1_158' title='bbox 1231 1550 1484 1608; x_wconf 87' lang='lat' dir='ltr'>Caniclei</span> <span class='ocrx_word' id='word_1_159' title='bbox 1530 1548 1886 1606; x_wconf 88' lang='lat' dir='ltr'>monasterio</span> <span class='ocrx_word' id='word_1_160' title='bbox 1946 1549 2005 1605; x_wconf 91' lang='lat' dir='ltr'>in</span> 
     </span>
    </p>
   </div>
   <div class='ocr_carea' id='block_1_17' title="bbox 343 1639 1983 1720">
    <p class='ocr_par' dir='ltr' id='par_1_17' title="bbox 343 1639 1983 1717">
     <span class='ocr_line' id='line_1_17' title="bbox 343 1639 1983 1717; baseline -0.004 -17"><span class='ocrx_word' id='word_1_161' title='bbox 343 1646 564 1717; x_wconf 84' lang='lat' dir='ltr'>regiam</span> <span class='ocrx_word' id='word_1_162' title='bbox 589 1643 1046 1699; x_wconf 89' lang='lat' dir='ltr'>accersiverunt.</span> <span class='ocrx_word' id='word_1_163' title='bbox 1076 1642 1222 1697; x_wconf 90' lang='lat' dir='ltr'>Nam</span> <span class='ocrx_word' id='word_1_164' title='bbox 1256 1657 1392 1697; x_wconf 90' lang='lat' dir='ltr'>cum</span> <span class='ocrx_word' id='word_1_165' title='bbox 1451 1639 1567 1712; x_wconf 86' lang='lat' dir='ltr'>ipsi</span> <span class='ocrx_word' id='word_1_166' title='bbox 1627 1639 1983 1696; x_wconf 84' lang='lat' dir='ltr'>defecissent</span> 
     </span>
    </p>
   </div>
   <div class='ocr_carea' id='block_1_18' title="bbox 2099 1639 3774 1720">
    <p class='ocr_par' dir='ltr' id='par_1_18' title="bbox 2114 1641 3774 1720">
     <span class='ocr_line' id='line_1_18' title="bbox 2114 1641 3774 1720; baseline 0.004 -28"><span class='ocrx_word' id='word_1_167' title='bbox 2114 1646 2215 1708; x_wconf 83' lang='grc' dir='ltr'>τῆς</span> <span class='ocrx_word' id='word_1_168' title='bbox 2273 1647 2446 1712; x_wconf 81' lang='grc' dir='ltr'>μονῆς</span> <span class='ocrx_word' id='word_1_169' title='bbox 2499 1646 2597 1697; x_wconf 89' lang='grc' dir='ltr'>τοῦ</span> <span class='ocrx_word' id='word_1_170' title='bbox 2652 1641 2976 1698; x_wconf 82' lang='grc' dir='ltr'>Κανικλείου</span> <span class='ocrx_word' id='word_1_171' title='bbox 3037 1643 3150 1715; x_wconf 74' lang='grc'>(40)</span> <span class='ocrx_word' id='word_1_172' title='bbox 3203 1643 3341 1718; x_wconf 89' lang='grc' dir='ltr'>πρὸς</span> <span class='ocrx_word' id='word_1_173' title='bbox 3395 1642 3464 1698; x_wconf 75' lang='grc' dir='ltr'>τὰ</span> <span class='ocrx_word' id='word_1_174' title='bbox 3524 1642 3774 1720; x_wconf 84' lang='grc' dir='ltr'>βασίλεια</span> 
     </span>
    </p>
   </div>
   <div class='ocr_carea' id='block_1_19' title="bbox 345 1728 1983 1807">
    <p class='ocr_par' dir='ltr' id='par_1_19' title="bbox 345 1729 1983 1802">
     <span class='ocr_line' id='line_1_19' title="bbox 345 1729 1983 1802; baseline -0.005 -11"><span class='ocrx_word' id='word_1_175' title='bbox 345 1733 621 1791; x_wconf 84' lang='lat' dir='ltr'>mulieres</span> <span class='ocrx_word' id='word_1_176' title='bbox 651 1731 854 1788; x_wconf 88' lang='lat' dir='ltr'>statim</span> <span class='ocrx_word' id='word_1_177' title='bbox 882 1731 939 1786; x_wconf 91' lang='lat' dir='ltr'>in</span> <span class='ocrx_word' id='word_1_178' title='bbox 963 1746 1246 1802; x_wconf 85' lang='lat' dir='ltr'>magnum</span> <span class='ocrx_word' id='word_1_179' title='bbox 1271 1729 1454 1784; x_wconf 87' lang='lat' dir='ltr'>divini</span> <span class='ocrx_word' id='word_1_180' title='bbox 1486 1729 1660 1784; x_wconf 87' lang='lat' dir='ltr'>Verbi</span> <span class='ocrx_word' id='word_1_181' title='bbox 1691 1729 1983 1800; x_wconf 82' lang='lat' dir='ltr'>Sapientia</span> 
     </span>
    </p>
   </div>
   <div class='ocr_carea' id='block_1_20' title="bbox 2099 1728 3770 1807">
    <p class='ocr_par' dir='ltr' id='par_1_20' title="bbox 2120 1728 3770 1807">
     <span class='ocr_line' id='line_1_20' title="bbox 2120 1728 3770 1807; baseline 0.005 -27"><span class='ocrx_word' id='word_1_182' title='bbox 2120 1728 2550 1800; x_wconf 82' lang='grc' dir='ltr'>μετεστείλαντο.</span> <span class='ocrx_word' id='word_1_183' title='bbox 2613 1731 2862 1788; x_wconf 83' lang='grc' dir='ltr'>Ἐκείνων</span> <span class='ocrx_word' id='word_1_184' title='bbox 2913 1731 3017 1806; x_wconf 79' lang='grc' dir='ltr'>γὰρ</span> <span class='ocrx_word' id='word_1_185' title='bbox 3073 1730 3572 1807; x_wconf 78' lang='grc' dir='ltr'>ἐπικεχειρηκότων</span> <span class='ocrx_word' id='word_1_186' title='bbox 3633 1731 3770 1788; x_wconf 86' lang='grc' dir='ltr'>ἀπο-</span> 
     </span>
    </p>
   </div>
   <div class='ocr_carea' id='block_1_21' title="bbox 343 1790 1983 1896">
    <p class='ocr_par' dir='ltr' id='par_1_21' title="bbox 343 1790 1983 1895">
     <span class='ocr_line' id='line_1_21' title="bbox 343 1790 1983 1895; baseline -0.005 -16"><span class='ocrx_word' id='word_1_187' title='bbox 343 1821 634 1895; x_wconf 85' lang='lat' dir='ltr'>templum</span> <span class='ocrx_word' id='word_1_188' title='bbox 663 1790 1096 1893; x_wconf 38' lang='lat' dir='ltr'>confugerunt:</span> <span class='ocrx_word' id='word_1_189' title='bbox 1117 1820 1274 1875; x_wconf 86' lang='lat' dir='ltr'>Unde</span> <span class='ocrx_word' id='word_1_190' title='bbox 1308 1836 1341 1874; x_wconf 89' lang='lat' dir='ltr'>a</span> <span class='ocrx_word' id='word_1_191' title='bbox 1372 1819 1682 1874; x_wconf 82' lang='lat' dir='ltr'>Botaniata</span> <span class='ocrx_word' id='word_1_192' title='bbox 1725 1790 1787 1872; x_wconf 75' lang='lat' dir='ltr'>in</span> <span class='ocrx_word' id='word_1_193' title='bbox 1843 1817 1983 1873; x_wconf 79' lang='lat' dir='ltr'>aliuc</span> 
     </span>
    </p>
   </div>
   <div class='ocr_carea' id='block_1_22' title="bbox 2099 1790 3771 1896">
    <p class='ocr_par' dir='ltr' id='par_1_22' title="bbox 2117 1790 3771 1896">
     <span class='ocr_line' id='line_1_22' title="bbox 2117 1790 3771 1896; baseline 0.002 -24"><span class='ocrx_word' id='word_1_194' title='bbox 2117 1819 2323 1891; x_wconf 85' lang='grc' dir='ltr'>στασίᾳ,</span> <span class='ocrx_word' id='word_1_195' title='bbox 2384 1819 2536 1884; x_wconf 81' lang='grc' dir='ltr'>εὐθὺς</span> <span class='ocrx_word' id='word_1_196' title='bbox 2590 1821 2645 1874; x_wconf 77' lang='grc' dir='ltr'>αἱ</span> <span class='ocrx_word' id='word_1_197' title='bbox 2691 1826 2938 1896; x_wconf 88' lang='grc' dir='ltr'>γυναῖκες</span> <span class='ocrx_word' id='word_1_198' title='bbox 2996 1820 3072 1883; x_wconf 84' lang='grc' dir='ltr'>εἷς</span> <span class='ocrx_word' id='word_1_199' title='bbox 3120 1821 3183 1876; x_wconf 89' lang='grc' dir='ltr'>τὸ</span> <span class='ocrx_word' id='word_1_200' title='bbox 3220 1790 3357 1896; x_wconf 47' lang='grc' dir='ltr'>μέγα</span> <span class='ocrx_word' id='word_1_201' title='bbox 3386 1822 3611 1894; x_wconf 83' lang='grc' dir='ltr'>τέμενος</span> <span class='ocrx_word' id='word_1_202' title='bbox 3668 1829 3771 1892; x_wconf 80' lang='grc' dir='ltr'>τῆς</span> 
     </span>
    </p>
   </div>
   <div class='ocr_carea' id='block_1_23' title="bbox 344 1907 1983 1985">
    <p class='ocr_par' dir='ltr' id='par_1_23' title="bbox 344 1907 1983 1976">
     <span class='ocr_line' id='line_1_23' title="bbox 344 1907 1983 1976; baseline -0.005 -7"><span class='ocrx_word' id='word_1_203' title='bbox 344 1910 768 1968; x_wconf 78' lang='lat' dir='ltr'>monasterium</span> <span class='ocrx_word' id='word_1_204' title='bbox 829 1913 969 1964; x_wconf 83' lang='lat' dir='ltr'>sunt</span> <span class='ocrx_word' id='word_1_205' title='bbox 1051 1907 1370 1976; x_wconf 62' lang='lat' dir='ltr'>translatae,</span> <span class='ocrx_word' id='word_1_206' title='bbox 1433 1923 1506 1962; x_wconf 89' lang='lat' dir='ltr'>ne</span> <span class='ocrx_word' id='word_1_207' title='bbox 1564 1907 1635 1962; x_wconf 88' lang='lat' dir='ltr'>ad</span> <span class='ocrx_word' id='word_1_208' title='bbox 1689 1907 1983 1963; x_wconf 77' lang='lat' dir='ltr'>seditioso:</span> 
     </span>
    </p>
   </div>
   <div class='ocr_carea' id='block_1_24' title="bbox 2099 1907 3768 1985">
    <p class='ocr_par' dir='ltr' id='par_1_24' title="bbox 2111 1907 3768 1985">
     <span class='ocr_line' id='line_1_24' title="bbox 2111 1907 3768 1985; baseline 0.002 -23"><span class='ocrx_word' id='word_1_209' title='bbox 2111 1911 2208 1962; x_wconf 86' lang='grc' dir='ltr'>τοῦ</span> <span class='ocrx_word' id='word_1_210' title='bbox 2267 1913 2399 1963; x_wconf 86' lang='grc' dir='ltr'>Θεοῦ</span> <span class='ocrx_word' id='word_1_211' title='bbox 2444 1907 2624 1984; x_wconf 85' lang='grc' dir='ltr'>Λόγου</span> <span class='ocrx_word' id='word_1_212' title='bbox 2685 1910 2891 1984; x_wconf 81' lang='grc' dir='ltr'>Σοφίας</span> <span class='ocrx_word' id='word_1_213' title='bbox 2952 1913 3488 1985; x_wconf 82' lang='grc' dir='ltr'>προσπεφοιτήκασιν</span> <span class='ocrx_word' id='word_1_214' title='bbox 3525 1955 3537 1967; x_wconf 96' lang='grc'>.</span> <span class='ocrx_word' id='word_1_215' title='bbox 3607 1913 3768 1976; x_wconf 75' lang='grc' dir='ltr'>’Όοεν</span> 
     </span>
    </p>
   </div>
   <div class='ocr_carea' id='block_1_25' title="bbox 340 1995 1983 2075">
    <p class='ocr_par' dir='ltr' id='par_1_25' title="bbox 340 1995 1983 2070">
     <span class='ocr_line' id='line_1_25' title="bbox 340 1995 1983 2070; baseline -0.004 -14"><span class='ocrx_word' id='word_1_216' title='bbox 340 2001 636 2058; x_wconf 83' lang='lat' dir='ltr'>missitare</span> <span class='ocrx_word' id='word_1_217' title='bbox 660 1999 900 2055; x_wconf 88' lang='lat' dir='ltr'>nuntios</span> <span class='ocrx_word' id='word_1_218' title='bbox 932 2001 1192 2070; x_wconf 86' lang='lat' dir='ltr'>possent,</span> <span class='ocrx_word' id='word_1_219' title='bbox 1240 1995 1404 2051; x_wconf 89' lang='lat' dir='ltr'>nulla</span> <span class='ocrx_word' id='word_1_220' title='bbox 1464 1995 1580 2051; x_wconf 88' lang='lat' dir='ltr'>alia</span> <span class='ocrx_word' id='word_1_221' title='bbox 1611 1995 1682 2051; x_wconf 89' lang='lat' dir='ltr'>ab</span> <span class='ocrx_word' id='word_1_222' title='bbox 1710 2019 1721 2031; x_wconf 83' lang='lat'><strong>-</strong></span> <span class='ocrx_word' id='word_1_223' title='bbox 1750 2013 1815 2051; x_wconf 91' lang='lat' dir='ltr'>eo</span> <span class='ocrx_word' id='word_1_224' title='bbox 1876 2012 1983 2050; x_wconf 35' lang='lat' dir='ltr'>mo&#39;</span> 
     </span>
    </p>
   </div>
   <div class='ocr_carea' id='block_1_26' title="bbox 2099 1995 3767 2075">
    <p class='ocr_par' dir='ltr' id='par_1_26' title="bbox 2111 1998 3767 2075">
     <span class='ocr_line' id='line_1_26' title="bbox 2111 1998 3767 2075; baseline 0.003 -25"><span class='ocrx_word' id='word_1_225' title='bbox 2111 1999 2258 2071; x_wconf 84' lang='grc' dir='ltr'>παρά</span> <span class='ocrx_word' id='word_1_226' title='bbox 2340 2002 2437 2053; x_wconf 88' lang='grc' dir='ltr'>τοῦ</span> <span class='ocrx_word' id='word_1_227' title='bbox 2509 1998 2868 2054; x_wconf 84' lang='grc' dir='ltr'>Βοτανειάτου</span> <span class='ocrx_word' id='word_1_228' title='bbox 2945 1998 3020 2061; x_wconf 83' lang='grc' dir='ltr'>εἷς</span> <span class='ocrx_word' id='word_1_229' title='bbox 3093 2001 3192 2069; x_wconf 75' lang='grc' dir='ltr'>τὴν</span> <span class='ocrx_word' id='word_1_230' title='bbox 3269 2000 3521 2075; x_wconf 80' lang='grc' dir='ltr'>ῥηθεῖσαν</span> <span class='ocrx_word' id='word_1_231' title='bbox 3594 2002 3767 2074; x_wconf 76' lang='grc' dir='ltr'>μονὴν</span> 
     </span>
    </p>
   </div>
   <div class='ocr_carea' id='block_1_27' title="bbox 2193 1459 3768 1540">
    <p class='ocr_par' dir='ltr' id='par_1_27' title="bbox 2193 1459 3768 1540">
     <span class='ocr_line' id='line_1_27' title="bbox 2193 1459 3768 1540; baseline 0.001 -23"><span class='ocrx_word' id='word_1_232' title='bbox 2193 1463 2315 1517; x_wconf 81' lang='lat' dir='ltr'>KA’.</span> <span class='ocrx_word' id='word_1_233' title='bbox 2350 1459 2579 1535; x_wconf 59' lang='grc' dir='ltr'>’Ήδηξδ</span> <span class='ocrx_word' id='word_1_234' title='bbox 2626 1462 2680 1518; x_wconf 74' lang='grc' dir='ltr'>ιν</span> <span class='ocrx_word' id='word_1_235' title='bbox 2737 1463 2972 1538; x_wconf 71' lang='grc' dir='ltr'>ἀσφαλεῖ</span> <span class='ocrx_word' id='word_1_236' title='bbox 3020 1462 3303 1540; x_wconf 87' lang='grc' dir='ltr'>γεγονότες</span> <span class='ocrx_word' id='word_1_237' title='bbox 3363 1463 3414 1518; x_wconf 74' lang='grc' dir='ltr'>οἱ</span> <span class='ocrx_word' id='word_1_238' title='bbox 3471 1463 3768 1537; x_wconf 81' lang='grc' dir='ltr'>Κομνηνοί,</span> 
     </span>
    </p>
   </div>
   <div class='ocr_carea' id='block_1_28' title="bbox 2117 1549 3771 1630">
    <p class='ocr_par' dir='ltr' id='par_1_28' title="bbox 2117 1549 3771 1630">
     <span class='ocr_line' id='line_1_28' title="bbox 2117 1549 3771 1630; baseline 0.002 -26"><span class='ocrx_word' id='word_1_239' title='bbox 2117 1549 2207 1604; x_wconf 83' lang='grc' dir='ltr'>καὶ</span> <span class='ocrx_word' id='word_1_240' title='bbox 2265 1551 2363 1620; x_wconf 88' lang='grc' dir='ltr'>τήν</span> <span class='ocrx_word' id='word_1_241' title='bbox 2428 1550 2638 1627; x_wconf 78' lang='grc' dir='ltr'>μητέρα</span> <span class='ocrx_word' id='word_1_242' title='bbox 2688 1554 2763 1626; x_wconf 84' lang='grc'>(9)</span> <span class='ocrx_word' id='word_1_243' title='bbox 2810 1556 2958 1630; x_wconf 85' lang='grc' dir='ltr'>σφῶν</span> <span class='ocrx_word' id='word_1_244' title='bbox 3008 1553 3096 1607; x_wconf 86' lang='grc' dir='ltr'>καὶ</span> <span class='ocrx_word' id='word_1_245' title='bbox 3155 1553 3251 1615; x_wconf 71' lang='grc' dir='ltr'>τὰς</span> <span class='ocrx_word' id='word_1_246' title='bbox 3304 1550 3656 1627; x_wconf 78' lang='grc' dir='ltr'>ὁμευνὲτιδας</span> <span class='ocrx_word' id='word_1_247' title='bbox 3714 1551 3771 1608; x_wconf 74' lang='grc' dir='ltr'>ἰκ</span> 
     </span>
    </p>
   </div>
   <div class='ocr_carea' id='block_1_29' title="bbox 341 2085 1998 2157">
    <p class='ocr_par' dir='ltr' id='par_1_29' title="bbox 341 2085 1998 2157">
     <span class='ocr_line' id='line_1_29' title="bbox 341 2085 1998 2157; baseline -0.003 -12"><span class='ocrx_word' id='word_1_248' title='bbox 341 2089 513 2146; x_wconf 89' lang='lat' dir='ltr'>lestia</span> <span class='ocrx_word' id='word_1_249' title='bbox 561 2089 800 2145; x_wconf 63' lang='lat' dir='ltr'>affectae.</span> <span class='ocrx_word' id='word_1_250' title='bbox 852 2085 1149 2142; x_wconf 84' lang='lat' dir='ltr'>Enimvero</span> <span class='ocrx_word' id='word_1_251' title='bbox 1210 2086 1328 2142; x_wconf 90' lang='lat' dir='ltr'>fere</span> <span class='ocrx_word' id='word_1_252' title='bbox 1388 2085 1732 2156; x_wconf 86' lang='lat' dir='ltr'>priusquam</span> <span class='ocrx_word' id='word_1_253' title='bbox 1792 2086 1998 2157; x_wconf 89' lang='lat' dir='ltr'>pedem</span> 
     </span>
    </p>
   </div>
   <div class='ocr_carea' id='block_1_30' title="bbox 339 2174 2001 2249">
    <p class='ocr_par' dir='ltr' id='par_1_30' title="bbox 339 2174 2001 2249">
     <span class='ocr_line' id='line_1_30' title="bbox 339 2174 2001 2249; baseline -0.003 -14"><span class='ocrx_word' id='word_1_254' title='bbox 339 2179 399 2235; x_wconf 91' lang='lat' dir='ltr'>in</span> <span class='ocrx_word' id='word_1_255' title='bbox 432 2179 674 2249; x_wconf 89' lang='lat' dir='ltr'>imperio</span> <span class='ocrx_word' id='word_1_256' title='bbox 704 2176 1268 2242; x_wconf 83' lang='lat' dir='ltr'>ﬁrmassent,statim</span> <span class='ocrx_word' id='word_1_257' title='bbox 1304 2174 1490 2231; x_wconf 90' lang='lat' dir='ltr'>multa</span> <span class='ocrx_word' id='word_1_258' title='bbox 1519 2174 1835 2230; x_wconf 79' lang='lat' dir='ltr'>Botaniatae</span> <span class='ocrx_word' id='word_1_259' title='bbox 1871 2180 2001 2230; x_wconf 90' lang='lat' dir='ltr'>acta</span> 
     </span>
    </p>
   </div>
   <div class='ocr_carea' id='block_1_31' title="bbox 339 2263 1998 2341">
    <p class='ocr_par' dir='ltr' id='par_1_31' title="bbox 339 2263 1998 2341">
     <span class='ocr_line' id='line_1_31' title="bbox 339 2263 1998 2341; baseline -0.004 -16"><span class='ocrx_word' id='word_1_260' title='bbox 339 2269 724 2341; x_wconf 82' lang='lat' dir='ltr'>abrogarunt,</span> <span class='ocrx_word' id='word_1_261' title='bbox 771 2283 888 2321; x_wconf 88' lang='lat' dir='ltr'>non</span> <span class='ocrx_word' id='word_1_262' title='bbox 948 2265 1020 2320; x_wconf 90' lang='lat' dir='ltr'>ab</span> <span class='ocrx_word' id='word_1_263' title='bbox 1081 2281 1147 2320; x_wconf 91' lang='lat' dir='ltr'>eo</span> <span class='ocrx_word' id='word_1_264' title='bbox 1196 2263 1483 2336; x_wconf 89' lang='lat' dir='ltr'>auspicati</span> <span class='ocrx_word' id='word_1_265' title='bbox 1544 2269 1826 2336; x_wconf 88' lang='lat' dir='ltr'>tempore,</span> <span class='ocrx_word' id='word_1_266' title='bbox 1883 2281 1998 2336; x_wconf 92' lang='lat' dir='ltr'>quo</span> 
     </span>
    </p>
   </div>
   <div class='ocr_carea' id='block_1_32' title="bbox 338 2352 1996 2431">
    <p class='ocr_par' dir='ltr' id='par_1_32' title="bbox 338 2352 1996 2431">
     <span class='ocr_line' id='line_1_32' title="bbox 338 2352 1996 2431; baseline -0.002 -19"><span class='ocrx_word' id='word_1_267' title='bbox 338 2356 709 2431; x_wconf 81' lang='lat' dir='ltr'>tyrannidem</span> <span class='ocrx_word' id='word_1_268' title='bbox 763 2355 1120 2424; x_wconf 86' lang='lat' dir='ltr'>invaserant,</span> <span class='ocrx_word' id='word_1_269' title='bbox 1181 2353 1280 2409; x_wconf 89' lang='lat' dir='ltr'>sed</span> <span class='ocrx_word' id='word_1_270' title='bbox 1383 2352 1528 2408; x_wconf 90' lang='lat' dir='ltr'>illud</span> <span class='ocrx_word' id='word_1_271' title='bbox 1603 2353 1996 2426; x_wconf 85' lang='lat' dir='ltr'>supergressi,</span> 
     </span>
    </p>
   </div>
   <div class='ocr_carea' id='block_1_33' title="bbox 337 2442 1996 2516">
    <p class='ocr_par' dir='ltr' id='par_1_33' title="bbox 337 2442 1996 2516">
     <span class='ocr_line' id='line_1_33' title="bbox 337 2442 1996 2516; baseline -0.002 -14"><span class='ocrx_word' id='word_1_272' title='bbox 337 2446 497 2502; x_wconf 86' lang='lat' dir='ltr'>brevi</span> <span class='ocrx_word' id='word_1_273' title='bbox 551 2445 772 2516; x_wconf 89' lang='lat' dir='ltr'>scripto</span> <span class='ocrx_word' id='word_1_274' title='bbox 838 2443 1144 2515; x_wconf 89' lang='lat' dir='ltr'>complura</span> <span class='ocrx_word' id='word_1_275' title='bbox 1192 2442 1350 2498; x_wconf 89' lang='lat' dir='ltr'>illius</span> <span class='ocrx_word' id='word_1_276' title='bbox 1401 2443 1635 2498; x_wconf 87' lang='lat' dir='ltr'>decreta</span> <span class='ocrx_word' id='word_1_277' title='bbox 1694 2442 1996 2516; x_wconf 78' lang='lat' dir='ltr'>tyrannica</span> 
     </span>
    </p>
   </div>
   <div class='ocr_carea' id='block_1_34' title="bbox 339 2532 1995 2615">
    <p class='ocr_par' dir='ltr' id='par_1_34' title="bbox 339 2532 1995 2615">
     <span class='ocr_line' id='line_1_34' title="bbox 339 2532 1995 2615; baseline -0.002 -25"><span class='ocrx_word' id='word_1_278' title='bbox 339 2533 967 2615; x_wconf 37' lang='lat' dir='ltr'>abol‘evorunt.Deinde</span> <span class='ocrx_word' id='word_1_279' title='bbox 992 2532 1190 2588; x_wconf 86' lang='lat' dir='ltr'>Alexio</span> <span class='ocrx_word' id='word_1_280' title='bbox 1225 2532 1519 2604; x_wconf 88' lang='lat' dir='ltr'>augustali</span> <span class='ocrx_word' id='word_1_281' title='bbox 1553 2549 1766 2589; x_wconf 86' lang='lat' dir='ltr'>corona</span> <span class='ocrx_word' id='word_1_282' title='bbox 1790 2536 1995 2588; x_wconf 90' lang='lat' dir='ltr'>ornato</span> 
     </span>
    </p>
   </div>
   <div class='ocr_carea' id='block_1_35' title="bbox 341 2621 1990 2694">
    <p class='ocr_par' dir='ltr' id='par_1_35' title="bbox 341 2621 1990 2694">
     <span class='ocr_line' id='line_1_35' title="bbox 341 2621 1990 2694; baseline -0.002 -14"><span class='ocrx_word' id='word_1_283' title='bbox 341 2624 613 2680; x_wconf 67' lang='lat' dir='ltr'>secundae</span> <span class='ocrx_word' id='word_1_284' title='bbox 671 2621 979 2693; x_wconf 75' lang='lat' dir='ltr'>dignitatis</span> <span class='ocrx_word' id='word_1_285' title='bbox 1031 2627 1225 2694; x_wconf 89' lang='lat' dir='ltr'>partes</span> <span class='ocrx_word' id='word_1_286' title='bbox 1277 2623 1498 2677; x_wconf 87' lang='lat' dir='ltr'>Ieaacio</span> <span class='ocrx_word' id='word_1_287' title='bbox 1552 2627 1693 2678; x_wconf 89' lang='lat' dir='ltr'>sunt</span> <span class='ocrx_word' id='word_1_288' title='bbox 1742 2622 1990 2693; x_wconf 72' lang='lat' dir='ltr'>lributae,</span> 
     </span>
    </p>
   </div>
   <div class='ocr_carea' id='block_1_36' title="bbox 338 2710 1990 2782">
    <p class='ocr_par' dir='ltr' id='par_1_36' title="bbox 338 2710 1990 2782">
     <span class='ocr_line' id='line_1_36' title="bbox 338 2710 1990 2782; baseline -0.002 -13"><span class='ocrx_word' id='word_1_289' title='bbox 338 2729 486 2769; x_wconf 90' lang='lat' dir='ltr'>novo</span> <span class='ocrx_word' id='word_1_290' title='bbox 510 2713 662 2768; x_wconf 76' lang='lat'><strong>296</strong></span> <span class='ocrx_word' id='word_1_291' title='bbox 724 2711 911 2766; x_wconf 90' lang='lat' dir='ltr'>indito</span> <span class='ocrx_word' id='word_1_292' title='bbox 965 2710 1457 2766; x_wconf 79' lang='lat' dir='ltr'>Sebastocratoris</span> <span class='ocrx_word' id='word_1_293' title='bbox 1515 2711 1774 2776; x_wconf 90' lang='lat' dir='ltr'>nomine,</span> <span class='ocrx_word' id='word_1_294' title='bbox 1835 2712 1990 2782; x_wconf 84' lang='lat' dir='ltr'>quod</span> 
     </span>
    </p>
   </div>
   <div class='ocr_carea' id='block_1_37' title="bbox 334 2799 1993 2858">
    <p class='ocr_par' dir='ltr' id='par_1_37' title="bbox 334 2799 1993 2858">
     <span class='ocr_line' id='line_1_37' title="bbox 334 2799 1993 2858; baseline -0.001 -1"><span class='ocrx_word' id='word_1_295' title='bbox 334 2801 663 2858; x_wconf 71' lang='lat' dir='ltr'>Caesariano</span> <span class='ocrx_word' id='word_1_296' title='bbox 685 2805 840 2856; x_wconf 89' lang='lat' dir='ltr'>esset</span> <span class='ocrx_word' id='word_1_297' title='bbox 869 2799 1267 2855; x_wconf 79' lang='lat' dir='ltr'>excellentius.</span> <span class='ocrx_word' id='word_1_298' title='bbox 1338 2800 1553 2855; x_wconf 88' lang='lat' dir='ltr'>Eorum</span> <span class='ocrx_word' id='word_1_299' title='bbox 1611 2817 1745 2856; x_wconf 90' lang='lat' dir='ltr'>vero</span> <span class='ocrx_word' id='word_1_300' title='bbox 1804 2806 1993 2856; x_wconf 86' lang='lat' dir='ltr'>mater</span> 
     </span>
    </p>
   </div>
   <div class='ocr_carea' id='block_1_38' title="bbox 334 2889 1989 2961">
    <p class='ocr_par' dir='ltr' id='par_1_38' title="bbox 334 2889 1989 2961">
     <span class='ocr_line' id='line_1_38' title="bbox 334 2889 1989 2961; baseline -0.001 -14"><span class='ocrx_word' id='word_1_301' title='bbox 334 2893 406 2947; x_wconf 87' lang='lat' dir='ltr'>ob</span> <span class='ocrx_word' id='word_1_302' title='bbox 441 2890 834 2947; x_wconf 80' lang='lat' dir='ltr'>monasticam</span> <span class='ocrx_word' id='word_1_303' title='bbox 867 2890 1159 2960; x_wconf 85' lang='lat' dir='ltr'>habitum,</span> <span class='ocrx_word' id='word_1_304' title='bbox 1215 2889 1447 2961; x_wconf 85' lang='lat' dir='ltr'>imperii</span> <span class='ocrx_word' id='word_1_305' title='bbox 1502 2890 1850 2961; x_wconf 88' lang='lat' dir='ltr'>insignium,</span> <span class='ocrx_word' id='word_1_306' title='bbox 1890 2909 1989 2946; x_wconf 90' lang='lat' dir='ltr'>ce-</span> 
     </span>
    </p>
   </div>
   <div class='ocr_carea' id='block_1_39' title="bbox 334 2978 1988 3051">
    <p class='ocr_par' dir='ltr' id='par_1_39' title="bbox 334 2978 1988 3051">
     <span class='ocr_line' id='line_1_39' title="bbox 334 2978 1988 3051; baseline 0.001 -16"><span class='ocrx_word' id='word_1_307' title='bbox 334 2979 698 3046; x_wconf 90' lang='lat' dir='ltr'>lebrationis,</span> <span class='ocrx_word' id='word_1_308' title='bbox 734 2983 790 3034; x_wconf 87' lang='lat' dir='ltr'>et</span> <span class='ocrx_word' id='word_1_309' title='bbox 820 2979 1298 3050; x_wconf 88' lang='lat' dir='ltr'>proclamationis</span> <span class='ocrx_word' id='word_1_310' title='bbox 1349 2994 1574 3051; x_wconf 87' lang='lat' dir='ltr'>expers,</span> <span class='ocrx_word' id='word_1_311' title='bbox 1631 2978 1818 3036; x_wconf 91' lang='lat' dir='ltr'>solius</span> <span class='ocrx_word' id='word_1_312' title='bbox 1879 2997 1988 3036; x_wconf 93' lang='lat' dir='ltr'>no-</span> 
     </span>
    </p>
   </div>
   <div class='ocr_carea' id='block_1_40' title="bbox 335 3067 1986 3140">
    <p class='ocr_par' dir='ltr' id='par_1_40' title="bbox 335 3067 1986 3140">
     <span class='ocr_line' id='line_1_40' title="bbox 335 3067 1986 3140; baseline 0.001 -15"><span class='ocrx_word' id='word_1_313' title='bbox 335 3069 512 3125; x_wconf 90' lang='lat' dir='ltr'>minis</span> <span class='ocrx_word' id='word_1_314' title='bbox 543 3067 902 3140; x_wconf 89' lang='lat' dir='ltr'>imperatorii</span> <span class='ocrx_word' id='word_1_315' title='bbox 940 3067 1048 3123; x_wconf 84' lang='lat' dir='ltr'>fuit</span> <span class='ocrx_word' id='word_1_316' title='bbox 1072 3068 1367 3140; x_wconf 87' lang='lat' dir='ltr'>particeps</span> <span class='ocrx_word' id='word_1_317' title='bbox 1395 3086 1407 3124; x_wconf 93' lang='lat'><strong>:</strong></span> <span class='ocrx_word' id='word_1_318' title='bbox 1442 3067 1624 3125; x_wconf 84' lang='lat' dir='ltr'>nihilo</span> <span class='ocrx_word' id='word_1_319' title='bbox 1656 3074 1850 3125; x_wconf 88' lang='lat' dir='ltr'>tamen</span> <span class='ocrx_word' id='word_1_320' title='bbox 1895 3087 1986 3126; x_wconf 88' lang='lat' dir='ltr'>se—</span> 
     </span>
    </p>
   </div>
   <div class='ocr_carea' id='block_1_41' title="bbox 334 3156 1983 3237">
    <p class='ocr_par' dir='ltr' id='par_1_41' title="bbox 334 3156 1983 3231">
     <span class='ocr_line' id='line_1_41' title="bbox 334 3156 1983 3231; baseline 0.001 -17"><span class='ocrx_word' id='word_1_321' title='bbox 334 3159 462 3214; x_wconf 88' lang='lat' dir='ltr'>cius</span> <span class='ocrx_word' id='word_1_322' title='bbox 488 3158 751 3214; x_wconf 89' lang='lat' dir='ltr'>omnium</span> <span class='ocrx_word' id='word_1_323' title='bbox 776 3173 972 3213; x_wconf 90' lang='lat' dir='ltr'>rerum</span> <span class='ocrx_word' id='word_1_324' title='bbox 1004 3156 1578 3214; x_wconf 87' lang='lat' dir='ltr'>administrationem</span> <span class='ocrx_word' id='word_1_325' title='bbox 1609 3159 1983 3231; x_wconf 89' lang='lat' dir='ltr'>suscepit.Sic</span> 
     </span>
    </p>
   </div>
   <div class='ocr_carea' id='block_1_42' title="bbox 2099 3156 3160 3237">
    <p class='ocr_par' dir='ltr' id='par_1_42' title="bbox 2103 3157 3160 3237">
     <span class='ocr_line' id='line_1_42' title="bbox 2103 3157 3160 3237; baseline 0.004 -25"><span class='ocrx_word' id='word_1_326' title='bbox 2103 3157 2266 3213; x_wconf 80' lang='grc' dir='ltr'>αὖτοῦ</span> <span class='ocrx_word' id='word_1_327' title='bbox 2346 3157 2804 3237; x_wconf 80' lang='grc' dir='ltr'>ἐπιφημισθὲντος</span> <span class='ocrx_word' id='word_1_328' title='bbox 2892 3159 3160 3234; x_wconf 80' lang='grc' dir='ltr'>ὀνόματος</span> 
     </span>
    </p>
   </div>
   <div class='ocr_carea' id='block_1_43' title="bbox 331 3247 1986 3320">
    <p class='ocr_par' dir='ltr' id='par_1_43' title="bbox 331 3247 1986 3320">
     <span class='ocr_line' id='line_1_43' title="bbox 331 3247 1986 3320; baseline 0 -16"><span class='ocrx_word' id='word_1_329' title='bbox 331 3247 578 3320; x_wconf 89' lang='lat' dir='ltr'>imperio</span> <span class='ocrx_word' id='word_1_330' title='bbox 611 3248 764 3303; x_wconf 89' lang='lat' dir='ltr'>inter</span> <span class='ocrx_word' id='word_1_331' title='bbox 796 3251 1112 3318; x_wconf 89' lang='lat' dir='ltr'>utrumque</span> <span class='ocrx_word' id='word_1_332' title='bbox 1153 3249 1307 3319; x_wconf 88' lang='lat' dir='ltr'>apud</span> <span class='ocrx_word' id='word_1_333' title='bbox 1342 3253 1589 3304; x_wconf 88' lang='lat' dir='ltr'>matrem</span> <span class='ocrx_word' id='word_1_334' title='bbox 1646 3249 1986 3319; x_wconf 88' lang='lat' dir='ltr'>distributo,</span> 
     </span>
    </p>
   </div>
   <div class='ocr_carea' id='block_1_44' title="bbox 333 3338 1992 3411">
    <p class='ocr_par' dir='ltr' id='par_1_44' title="bbox 333 3338 1992 3411">
     <span class='ocr_line' id='line_1_44' title="bbox 333 3338 1992 3411; baseline 0.001 -17"><span class='ocrx_word' id='word_1_335' title='bbox 333 3339 479 3395; x_wconf 90' lang='lat' dir='ltr'>alios</span> <span class='ocrx_word' id='word_1_336' title='bbox 510 3339 659 3394; x_wconf 90' lang='lat' dir='ltr'>duos</span> <span class='ocrx_word' id='word_1_337' title='bbox 690 3339 898 3393; x_wconf 79' lang='lat' dir='ltr'>fratres</span> <span class='ocrx_word' id='word_1_338' title='bbox 937 3338 1222 3409; x_wconf 80' lang='lat' dir='ltr'>juniores,</span> <span class='ocrx_word' id='word_1_339' title='bbox 1278 3338 1603 3395; x_wconf 87' lang='lat' dir='ltr'>Adrianum</span> <span class='ocrx_word' id='word_1_340' title='bbox 1658 3341 1992 3411; x_wconf 86' lang='lat' dir='ltr'>protoseba-</span> 
     </span>
    </p>
   </div>
   <div class='ocr_carea' id='block_1_45' title="bbox 329 3427 1985 3500">
    <p class='ocr_par' dir='ltr' id='par_1_45' title="bbox 329 3427 1985 3500">
     <span class='ocr_line' id='line_1_45' title="bbox 329 3427 1985 3500; baseline 0.001 -16"><span class='ocrx_word' id='word_1_341' title='bbox 329 3427 917 3498; x_wconf 85' lang='lat' dir='ltr'>stum,Nicephorum</span> <span class='ocrx_word' id='word_1_342' title='bbox 950 3427 1562 3496; x_wconf 88' lang='lat' dir='ltr'>sebastum,etclassis</span> <span class='ocrx_word' id='word_1_343' title='bbox 1595 3429 1985 3500; x_wconf 79' lang='lat' dir='ltr'>drungarium</span> 
     </span>
    </p>
   </div>
   <div class='ocr_carea' id='block_1_46' title="bbox 331 3515 1984 3588">
    <p class='ocr_par' dir='ltr' id='par_1_46' title="bbox 331 3515 1984 3588">
     <span class='ocr_line' id='line_1_46' title="bbox 331 3515 1984 3588; baseline 0.001 -15"><span class='ocrx_word' id='word_1_344' title='bbox 331 3516 728 3575; x_wconf 88' lang='lat' dir='ltr'>declararunt.</span> <span class='ocrx_word' id='word_1_345' title='bbox 805 3515 1070 3571; x_wconf 90' lang='lat' dir='ltr'>Habuere</span> <span class='ocrx_word' id='word_1_346' title='bbox 1155 3533 1390 3588; x_wconf 90' lang='lat' dir='ltr'>quoque</span> <span class='ocrx_word' id='word_1_347' title='bbox 1439 3518 1665 3584; x_wconf 84' lang='lat' dir='ltr'>afﬁnes,</span> <span class='ocrx_word' id='word_1_348' title='bbox 1716 3534 1984 3574; x_wconf 90' lang='lat' dir='ltr'>sororum</span> 
     </span>
    </p>
   </div>
   <div class='ocr_carea' id='block_1_47' title="bbox 331 3604 1985 3677">
    <p class='ocr_par' dir='ltr' id='par_1_47' title="bbox 331 3604 1985 3677">
     <span class='ocr_line' id='line_1_47' title="bbox 331 3604 1985 3677; baseline 0.002 -17"><span class='ocrx_word' id='word_1_349' title='bbox 331 3605 577 3661; x_wconf 82' lang='lat' dir='ltr'>maritos</span> <span class='ocrx_word' id='word_1_350' title='bbox 631 3604 1032 3677; x_wconf 88' lang='lat' dir='ltr'>Nicephorum</span> <span class='ocrx_word' id='word_1_351' title='bbox 1087 3605 1486 3672; x_wconf 87' lang='lat' dir='ltr'>Melissenum,</span> <span class='ocrx_word' id='word_1_352' title='bbox 1537 3611 1589 3662; x_wconf 91' lang='lat' dir='ltr'>et</span> <span class='ocrx_word' id='word_1_353' title='bbox 1647 3607 1985 3663; x_wconf 87' lang='lat' dir='ltr'>Michaelem</span> 
     </span>
    </p>
   </div>
   <div class='ocr_carea' id='block_1_48' title="bbox 327 3694 1982 3767">
    <p class='ocr_par' dir='ltr' id='par_1_48' title="bbox 327 3694 1982 3767">
     <span class='ocr_line' id='line_1_48' title="bbox 327 3694 1982 3767; baseline 0 -17"><span class='ocrx_word' id='word_1_354' title='bbox 327 3695 660 3750; x_wconf 87' lang='lat' dir='ltr'>Taronitem</span> <span class='ocrx_word' id='word_1_355' title='bbox 688 3706 984 3764; x_wconf 85' lang='lat' dir='ltr'>:‘quorum</span> <span class='ocrx_word' id='word_1_356' title='bbox 1015 3694 1171 3749; x_wconf 89' lang='lat' dir='ltr'>hunc</span> <span class='ocrx_word' id='word_1_357' title='bbox 1203 3695 1408 3766; x_wconf 74' lang='lat' dir='ltr'>primae</span> <span class='ocrx_word' id='word_1_358' title='bbox 1439 3696 1622 3750; x_wconf 88' lang='lat' dir='ltr'>sorori</span> <span class='ocrx_word' id='word_1_359' title='bbox 1683 3697 1982 3767; x_wconf 88' lang='lat' dir='ltr'>junctum,</span> 
     </span>
    </p>
   </div>
   <div class='ocr_carea' id='block_1_49' title="bbox 327 3781 1983 3858">
    <p class='ocr_par' dir='ltr' id='par_1_49' title="bbox 327 3781 1983 3858">
     <span class='ocr_line' id='line_1_49' title="bbox 327 3781 1983 3858; baseline 0.001 -20"><span class='ocrx_word' id='word_1_360' title='bbox 327 3783 582 3838; x_wconf 89' lang='lat' dir='ltr'>etmatri</span> <span class='ocrx_word' id='word_1_361' title='bbox 613 3781 997 3850; x_wconf 74' lang='lat' dir='ltr'>charissimm,</span> <span class='ocrx_word' id='word_1_362' title='bbox 1032 3788 1090 3839; x_wconf 89' lang='lat' dir='ltr'>et</span> <span class='ocrx_word' id='word_1_363' title='bbox 1119 3785 1190 3838; x_wconf 85' lang='lat' dir='ltr'>ab</span> <span class='ocrx_word' id='word_1_364' title='bbox 1224 3784 1370 3855; x_wconf 90' lang='lat' dir='ltr'>ipsis</span> <span class='ocrx_word' id='word_1_365' title='bbox 1402 3784 1721 3853; x_wconf 62' lang='lat' dir='ltr'>honorata,</span> <span class='ocrx_word' id='word_1_366' title='bbox 1760 3785 1983 3858; x_wconf 80' lang='lat' dir='ltr'>Panhy-</span> 
     </span>
    </p>
   </div>
   <div class='ocr_carea' id='block_1_50' title="bbox 326 3870 1982 3946">
    <p class='ocr_par' dir='ltr' id='par_1_50' title="bbox 326 3870 1982 3946">
     <span class='ocr_line' id='line_1_50' title="bbox 326 3870 1982 3946; baseline 0.002 -19"><span class='ocrx_word' id='word_1_367' title='bbox 326 3873 736 3944; x_wconf 89' lang='lat' dir='ltr'>persebastum</span> <span class='ocrx_word' id='word_1_368' title='bbox 762 3870 1156 3943; x_wconf 89' lang='lat' dir='ltr'>appellarunt,</span> <span class='ocrx_word' id='word_1_369' title='bbox 1182 3889 1249 3928; x_wconf 90' lang='lat' dir='ltr'>ea</span> <span class='ocrx_word' id='word_1_370' title='bbox 1283 3890 1516 3946; x_wconf 91' lang='lat' dir='ltr'>quoque</span> <span class='ocrx_word' id='word_1_371' title='bbox 1547 3874 1836 3946; x_wconf 89' lang='lat' dir='ltr'>dignitate</span> <span class='ocrx_word' id='word_1_372' title='bbox 1876 3891 1982 3930; x_wconf 90' lang='lat' dir='ltr'>no-</span> 
     </span>
    </p>
   </div>
   <div class='ocr_carea' id='block_1_51' title="bbox 328 3959 1983 4035">
    <p class='ocr_par' dir='ltr' id='par_1_51' title="bbox 328 3959 1983 4035">
     <span class='ocr_line' id='line_1_51' title="bbox 328 3959 1983 4035; baseline 0.002 -18"><span class='ocrx_word' id='word_1_373' title='bbox 328 3965 479 4017; x_wconf 87' lang='lat' dir='ltr'>vata.</span> <span class='ocrx_word' id='word_1_374' title='bbox 515 3959 901 4016; x_wconf 91' lang='lat' dir='ltr'>Melissenum</span> <span class='ocrx_word' id='word_1_375' title='bbox 934 3967 1154 4032; x_wconf 88' lang='lat' dir='ltr'>autem,</span> <span class='ocrx_word' id='word_1_376' title='bbox 1182 3961 1284 4034; x_wconf 92' lang='lat' dir='ltr'>qui</span> <span class='ocrx_word' id='word_1_377' title='bbox 1343 3968 1399 4018; x_wconf 84' lang='lat' dir='ltr'>et</span> <span class='ocrx_word' id='word_1_378' title='bbox 1445 3963 1572 4035; x_wconf 88' lang='lat' dir='ltr'>ipse</span> <span class='ocrx_word' id='word_1_379' title='bbox 1631 3964 1690 4019; x_wconf 90' lang='lat' dir='ltr'>in</span> <span class='ocrx_word' id='word_1_380' title='bbox 1750 3963 1983 4021; x_wconf 88' lang='lat' dir='ltr'>Oriente</span> 
     </span>
    </p>
   </div>
   <div class='ocr_carea' id='block_1_52' title="bbox 324 4050 1981 4126">
    <p class='ocr_par' dir='ltr' id='par_1_52' title="bbox 324 4050 1981 4126">
     <span class='ocr_line' id='line_1_52' title="bbox 324 4050 1981 4126; baseline 0 -17"><span class='ocrx_word' id='word_1_381' title='bbox 324 4069 359 4109; x_wconf 86' lang='lat' dir='ltr'>a</span> <span class='ocrx_word' id='word_1_382' title='bbox 414 4050 722 4107; x_wconf 86' lang='lat' dir='ltr'>Botaniata</span> <span class='ocrx_word' id='word_1_383' title='bbox 779 4050 1072 4107; x_wconf 84' lang='lat' dir='ltr'>defecerat</span> <span class='ocrx_word' id='word_1_384' title='bbox 1142 4053 1392 4108; x_wconf 90' lang='lat' dir='ltr'>necdum</span> <span class='ocrx_word' id='word_1_385' title='bbox 1445 4070 1612 4109; x_wconf 86' lang='lat' dir='ltr'>arma</span> <span class='ocrx_word' id='word_1_386' title='bbox 1684 4058 1981 4126; x_wconf 88' lang='lat' dir='ltr'>posuerat,</span> 
     </span>
    </p>
   </div>
   <div class='ocr_carea' id='block_1_53' title="bbox 327 4139 1983 4200">
    <p class='ocr_par' dir='ltr' id='par_1_53' title="bbox 327 4139 1983 4200">
     <span class='ocr_line' id='line_1_53' title="bbox 327 4139 1983 4200; baseline -0.001 -2"><span class='ocrx_word' id='word_1_387' title='bbox 327 4140 573 4200; x_wconf 74' lang='lat' dir='ltr'>Caesaris</span> <span class='ocrx_word' id='word_1_388' title='bbox 605 4139 825 4198; x_wconf 86' lang='lat' dir='ltr'>honore</span> <span class='ocrx_word' id='word_1_389' title='bbox 857 4141 1079 4198; x_wconf 89' lang='lat' dir='ltr'>tributo</span> <span class='ocrx_word' id='word_1_390' title='bbox 1112 4146 1171 4199; x_wconf 83' lang='lat' dir='ltr'>et</span> <span class='ocrx_word' id='word_1_391' title='bbox 1202 4142 1626 4200; x_wconf 87' lang='lat' dir='ltr'>Thessatonica</span> <span class='ocrx_word' id='word_1_392' title='bbox 1683 4144 1753 4199; x_wconf 89' lang='lat' dir='ltr'>ad</span> <span class='ocrx_word' id='word_1_393' title='bbox 1815 4143 1983 4200; x_wconf 63' lang='lat' dir='ltr'>habi~</span> 
     </span>
    </p>
   </div>
   <div class='ocr_carea' id='block_1_54' title="bbox 317 4233 1986 4306">
    <p class='ocr_par' dir='ltr' id='par_1_54' title="bbox 317 4233 1986 4306">
     <span class='ocr_line' id='line_1_54' title="bbox 317 4233 1986 4306; baseline 0 -17"><span class='ocrx_word' id='word_1_394' title='bbox 317 4235 566 4290; x_wconf 86' lang='lat' dir='ltr'>tandum</span> <span class='ocrx_word' id='word_1_395' title='bbox 601 4233 926 4306; x_wconf 84' lang='lat' dir='ltr'>assignate,</span> <span class='ocrx_word' id='word_1_396' title='bbox 959 4233 1020 4289; x_wconf 91' lang='lat' dir='ltr'>in</span> <span class='ocrx_word' id='word_1_397' title='bbox 1051 4251 1192 4291; x_wconf 91' lang='lat' dir='ltr'>suas</span> <span class='ocrx_word' id='word_1_398' title='bbox 1224 4238 1419 4306; x_wconf 89' lang='lat' dir='ltr'>partes</span> <span class='ocrx_word' id='word_1_399' title='bbox 1486 4238 1876 4304; x_wconf 84' lang='lat' dir='ltr'>attraxerunt,</span> <span class='ocrx_word' id='word_1_400' title='bbox 1928 4237 1986 4289; x_wconf 87' lang='lat' dir='ltr'>et</span> 
     </span>
    </p>
   </div>
   <div class='ocr_carea' id='block_1_55' title="bbox 319 4321 1984 4392">
    <p class='ocr_par' dir='ltr' id='par_1_55' title="bbox 319 4321 1984 4392">
     <span class='ocr_line' id='line_1_55' title="bbox 319 4321 1984 4392; baseline -0.001 -14"><span class='ocrx_word' id='word_1_401' title='bbox 319 4323 544 4378; x_wconf 89' lang='lat' dir='ltr'>reditus</span> <span class='ocrx_word' id='word_1_402' title='bbox 596 4326 718 4379; x_wconf 88' lang='lat' dir='ltr'>tam</span> <span class='ocrx_word' id='word_1_403' title='bbox 797 4322 936 4378; x_wconf 87' lang='lat' dir='ltr'>huic</span> <span class='ocrx_word' id='word_1_404' title='bbox 1025 4341 1202 4392; x_wconf 86' lang='lat' dir='ltr'>quam</span> <span class='ocrx_word' id='word_1_405' title='bbox 1264 4323 1490 4380; x_wconf 67' lang='lat' dir='ltr'>caeteris</span> <span class='ocrx_word' id='word_1_406' title='bbox 1547 4323 1825 4378; x_wconf 88' lang='lat' dir='ltr'>omnibus</span> <span class='ocrx_word' id='word_1_407' title='bbox 1879 4321 1984 4377; x_wconf 84' lang='lat' dir='ltr'>tali</span> 
     </span>
    </p>
   </div>
   <div class='ocr_carea' id='block_1_56' title="bbox 325 4412 1981 4485">
    <p class='ocr_par' dir='ltr' id='par_1_56' title="bbox 325 4412 1981 4485">
     <span class='ocr_line' id='line_1_56' title="bbox 325 4412 1981 4485; baseline -0.001 -18"><span class='ocrx_word' id='word_1_408' title='bbox 325 4412 570 4467; x_wconf 72' lang='lat' dir='ltr'>fortuna:</span> <span class='ocrx_word' id='word_1_409' title='bbox 602 4415 884 4483; x_wconf 87' lang='lat' dir='ltr'>tantoque</span> <span class='ocrx_word' id='word_1_410' title='bbox 917 4412 1271 4485; x_wconf 88' lang='lat' dir='ltr'>dignitatum</span> <span class='ocrx_word' id='word_1_411' title='bbox 1324 4413 1558 4484; x_wconf 86' lang='lat' dir='ltr'>fastigio</span> <span class='ocrx_word' id='word_1_412' title='bbox 1598 4429 1766 4484; x_wconf 86' lang='lat' dir='ltr'>pares</span> <span class='ocrx_word' id='word_1_413' title='bbox 1816 4413 1981 4467; x_wconf 87' lang='lat' dir='ltr'>attri-</span> 
     </span>
    </p>
   </div>
   <div class='ocr_carea' id='block_1_57' title="bbox 321 4500 1984 4573">
    <p class='ocr_par' dir='ltr' id='par_1_57' title="bbox 321 4500 1984 4573">
     <span class='ocr_line' id='line_1_57' title="bbox 321 4500 1984 4573; baseline 0 -17"><span class='ocrx_word' id='word_1_414' title='bbox 321 4501 599 4556; x_wconf 86' lang='lat' dir='ltr'>buerunt.</span> <span class='ocrx_word' id='word_1_415' title='bbox 621 4500 784 4556; x_wconf 88' lang='lat' dir='ltr'>Unde</span> <span class='ocrx_word' id='word_1_416' title='bbox 815 4501 1204 4573; x_wconf 86' lang='lat' dir='ltr'>vectigalibus</span> <span class='ocrx_word' id='word_1_417' title='bbox 1235 4501 1629 4572; x_wconf 84' lang='lat' dir='ltr'>imperatoriis</span> <span class='ocrx_word' id='word_1_418' title='bbox 1662 4517 1728 4556; x_wconf 89' lang='lat' dir='ltr'>ac</span> <span class='ocrx_word' id='word_1_419' title='bbox 1792 4502 1984 4573; x_wconf 86' lang='lat' dir='ltr'>potius</span> 
     </span>
    </p>
   </div>
   <div class='ocr_carea' id='block_1_58' title="bbox 318 4588 1981 4662">
    <p class='ocr_par' dir='ltr' id='par_1_58' title="bbox 318 4588 1981 4662">
     <span class='ocr_line' id='line_1_58' title="bbox 318 4588 1981 4662; baseline 0.001 -18"><span class='ocrx_word' id='word_1_420' title='bbox 318 4589 741 4644; x_wconf 88' lang='lat' dir='ltr'>communibus</span> <span class='ocrx_word' id='word_1_421' title='bbox 768 4594 824 4644; x_wconf 89' lang='lat' dir='ltr'>et</span> <span class='ocrx_word' id='word_1_422' title='bbox 855 4591 1108 4662; x_wconf 88' lang='lat' dir='ltr'>publicis</span> <span class='ocrx_word' id='word_1_423' title='bbox 1155 4591 1231 4644; x_wconf 83' lang='lat' dir='ltr'>ita</span> <span class='ocrx_word' id='word_1_424' title='bbox 1260 4588 1617 4657; x_wconf 88' lang='lat' dir='ltr'>distributis,</span> <span class='ocrx_word' id='word_1_425' title='bbox 1670 4589 1981 4661; x_wconf 85' lang='lat' dir='ltr'>imperato-</span> 
     </span>
    </p>
   </div>
   <div class='ocr_carea' id='block_1_59' title="bbox 320 4677 1979 4750">
    <p class='ocr_par' dir='ltr' id='par_1_59' title="bbox 320 4677 1979 4750">
     <span class='ocr_line' id='line_1_59' title="bbox 320 4677 1979 4750; baseline 0.001 -18"><span class='ocrx_word' id='word_1_426' title='bbox 320 4677 444 4733; x_wconf 89' lang='lat' dir='ltr'>rius</span> <span class='ocrx_word' id='word_1_427' title='bbox 478 4677 809 4744; x_wconf 83' lang='lat' dir='ltr'>ﬁscus,sive</span> <span class='ocrx_word' id='word_1_428' title='bbox 834 4679 1136 4750; x_wconf 91' lang='lat' dir='ltr'>publicum</span> <span class='ocrx_word' id='word_1_429' title='bbox 1162 4679 1454 4748; x_wconf 63' lang='lat' dir='ltr'>aerarium,</span> <span class='ocrx_word' id='word_1_430' title='bbox 1487 4678 1979 4734; x_wconf 88' lang='lat' dir='ltr'>exhauriebatur:</span> 
     </span>
    </p>
   </div>
   <div class='ocr_carea' id='block_1_60' title="bbox 311 4767 1981 4839">
    <p class='ocr_par' dir='ltr' id='par_1_60' title="bbox 311 4767 1981 4839">
     <span class='ocr_line' id='line_1_60' title="bbox 311 4767 1981 4839; baseline 0.001 -16"><span class='ocrx_word' id='word_1_431' title='bbox 311 4767 643 4839; x_wconf 89' lang='lat' dir='ltr'>imperator</span> <span class='ocrx_word' id='word_1_432' title='bbox 671 4784 800 4823; x_wconf 82' lang='lat' dir='ltr'>vero</span> <span class='ocrx_word' id='word_1_433' title='bbox 825 4768 1083 4839; x_wconf 86' lang='lat' dir='ltr'>pecunias</span> <span class='ocrx_word' id='word_1_434' title='bbox 1115 4785 1314 4839; x_wconf 85' lang='lat' dir='ltr'>egeno,</span> <span class='ocrx_word' id='word_1_435' title='bbox 1373 4785 1489 4824; x_wconf 92' lang='lat' dir='ltr'>non</span> <span class='ocrx_word' id='word_1_436' title='bbox 1547 4785 1746 4824; x_wconf 86' lang='lat' dir='ltr'>annua</span> <span class='ocrx_word' id='word_1_437' title='bbox 1801 4770 1981 4825; x_wconf 88' lang='lat' dir='ltr'>dona-</span> 
     </span>
    </p>
   </div>
   <div class='ocr_carea' id='block_1_61' title="bbox 309 4855 1978 4930">
    <p class='ocr_par' dir='ltr' id='par_1_61' title="bbox 309 4855 1978 4930">
     <span class='ocr_line' id='line_1_61' title="bbox 309 4855 1978 4930; baseline 0.001 -18"><span class='ocrx_word' id='word_1_438' title='bbox 309 4857 437 4912; x_wconf 87' lang='lat' dir='ltr'>tiva</span> <span class='ocrx_word' id='word_1_439' title='bbox 467 4860 700 4913; x_wconf 89' lang='lat' dir='ltr'>tantum</span> <span class='ocrx_word' id='word_1_440' title='bbox 733 4855 872 4912; x_wconf 89' lang='lat' dir='ltr'>viris</span> <span class='ocrx_word' id='word_1_441' title='bbox 905 4856 1195 4930; x_wconf 88' lang='lat' dir='ltr'>dignitate</span> <span class='ocrx_word' id='word_1_442' title='bbox 1227 4858 1450 4913; x_wconf 85' lang='lat' dir='ltr'>ornatis</span> <span class='ocrx_word' id='word_1_443' title='bbox 1483 4856 1815 4930; x_wconf 85' lang='lat' dir='ltr'>antiquitus</span> <span class='ocrx_word' id='word_1_444' title='bbox 1853 4859 1978 4915; x_wconf 89' lang='lat' dir='ltr'>dari</span> 
     </span>
    </p>
   </div>
   <div class='ocr_carea' id='block_1_62' title="bbox 317 4945 1974 5020">
    <p class='ocr_par' dir='ltr' id='par_1_62' title="bbox 317 4945 1974 5020">
     <span class='ocr_line' id='line_1_62' title="bbox 317 4945 1974 5020; baseline 0.001 -18"><span class='ocrx_word' id='word_1_445' title='bbox 317 4945 495 5003; x_wconf 85' lang='lat' dir='ltr'>solita</span> <span class='ocrx_word' id='word_1_446' title='bbox 523 4945 786 5017; x_wconf 82' lang='lat' dir='ltr'>sustulit,</span> <span class='ocrx_word' id='word_1_447' title='bbox 837 4947 940 5002; x_wconf 90' lang='lat' dir='ltr'>sed</span> <span class='ocrx_word' id='word_1_448' title='bbox 997 4950 1055 5002; x_wconf 90' lang='lat' dir='ltr'>et</span> <span class='ocrx_word' id='word_1_449' title='bbox 1113 4945 1486 5003; x_wconf 87' lang='lat' dir='ltr'>senatoribus</span> <span class='ocrx_word' id='word_1_450' title='bbox 1542 4962 1682 5019; x_wconf 89' lang='lat' dir='ltr'>opes</span> <span class='ocrx_word' id='word_1_451' title='bbox 1737 4947 1974 5020; x_wconf 87' lang='lat' dir='ltr'>eripuit.</span> 
     </span>
    </p>
   </div>
   <div class='ocr_carea' id='block_1_63' title="bbox 2116 2085 3770 2164">
    <p class='ocr_par' dir='ltr' id='par_1_63' title="bbox 2116 2085 3770 2164">
     <span class='ocr_line' id='line_1_63' title="bbox 2116 2085 3770 2164; baseline 0.001 -22"><span class='ocrx_word' id='word_1_452' title='bbox 2116 2088 2554 2162; x_wconf 79' lang='grc' dir='ltr'>μετηνέχθήσαν,</span> <span class='ocrx_word' id='word_1_453' title='bbox 2608 2085 2699 2142; x_wconf 53' lang='grc' dir='ltr'>τίνα</span> <span class='ocrx_word' id='word_1_454' title='bbox 2761 2089 2836 2162; x_wconf 77' lang='grc' dir='ltr'>μὴ</span> <span class='ocrx_word' id='word_1_455' title='bbox 2890 2086 3070 2164; x_wconf 80' lang='grc' dir='ltr'>ἔχοιεν</span> <span class='ocrx_word' id='word_1_456' title='bbox 3126 2088 3264 2162; x_wconf 86' lang='grc' dir='ltr'>πρὸς</span> <span class='ocrx_word' id='word_1_457' title='bbox 3304 2088 3430 2151; x_wconf 77' lang='grc' dir='ltr'>τοὺς</span> <span class='ocrx_word' id='word_1_458' title='bbox 3461 2089 3770 2161; x_wconf 85' lang='grc' dir='ltr'>ἀποστατη-</span> 
     </span>
    </p>
   </div>
   <div class='ocr_carea' id='block_1_64' title="bbox 2111 2174 3772 2254">
    <p class='ocr_par' dir='ltr' id='par_1_64' title="bbox 2111 2174 3772 2254">
     <span class='ocr_line' id='line_1_64' title="bbox 2111 2174 3772 2254; baseline 0.002 -26"><span class='ocrx_word' id='word_1_459' title='bbox 2111 2196 2301 2238; x_wconf 86' lang='grc' dir='ltr'>σαντας</span> <span class='ocrx_word' id='word_1_460' title='bbox 2360 2174 2780 2250; x_wconf 78' lang='grc' dir='ltr'>διαπέμπεσθκι,</span> <span class='ocrx_word' id='word_1_461' title='bbox 2841 2174 2995 2232; x_wconf 72' lang='grc' dir='ltr'>οὐδὲν</span> <span class='ocrx_word' id='word_1_462' title='bbox 3052 2174 3099 2232; x_wconf 86' lang='grc' dir='ltr'>δ’</span> <span class='ocrx_word' id='word_1_463' title='bbox 3127 2174 3309 2254; x_wconf 72' lang='grc' dir='ltr'>ἕτερον</span> <span class='ocrx_word' id='word_1_464' title='bbox 3355 2179 3571 2254; x_wconf 86' lang='grc' dir='ltr'>ἀνιαρὸν</span> <span class='ocrx_word' id='word_1_465' title='bbox 3628 2177 3772 2233; x_wconf 76' lang='grc' dir='ltr'>ἐκεί-</span> 
     </span>
    </p>
   </div>
   <div class='ocr_carea' id='block_1_65' title="bbox 2107 2263 3764 2343">
    <p class='ocr_par' dir='ltr' id='par_1_65' title="bbox 2107 2263 3764 2343">
     <span class='ocr_line' id='line_1_65' title="bbox 2107 2263 3764 2343; baseline 0.004 -25"><span class='ocrx_word' id='word_1_466' title='bbox 2107 2286 2222 2327; x_wconf 90' lang='grc' dir='ltr'>ναις</span> <span class='ocrx_word' id='word_1_467' title='bbox 2282 2265 2548 2340; x_wconf 74' lang='grc' dir='ltr'>ἐπήνεγκε</span> <span class='ocrx_word' id='word_1_468' title='bbox 2582 2308 2593 2321; x_wconf 98' lang='grc'>.</span> <span class='ocrx_word' id='word_1_469' title='bbox 2648 2268 2835 2337; x_wconf 78' lang='grc' dir='ltr'>Μήπω</span> <span class='ocrx_word' id='word_1_470' title='bbox 2905 2265 2962 2322; x_wconf 73' lang='grc' dir='ltr'>δὲ</span> <span class='ocrx_word' id='word_1_471' title='bbox 3023 2263 3218 2343; x_wconf 85' lang='grc' dir='ltr'>σχεδὸν</span> <span class='ocrx_word' id='word_1_472' title='bbox 3277 2266 3406 2330; x_wconf 75' lang='grc' dir='ltr'>τοὺς</span> <span class='ocrx_word' id='word_1_473' title='bbox 3462 2264 3636 2331; x_wconf 81' lang='grc' dir='ltr'>πόδας</span> <span class='ocrx_word' id='word_1_474' title='bbox 3693 2272 3764 2343; x_wconf 78' lang='grc' dir='ltr'>τῇ</span> 
     </span>
    </p>
   </div>
   <div class='ocr_carea' id='block_1_66' title="bbox 2110 2353 3762 2430">
    <p class='ocr_par' dir='ltr' id='par_1_66' title="bbox 2110 2353 3762 2430">
     <span class='ocr_line' id='line_1_66' title="bbox 2110 2353 3762 2430; baseline 0.002 -22"><span class='ocrx_word' id='word_1_475' title='bbox 2110 2353 2362 2430; x_wconf 79' lang='grc' dir='ltr'>βασιλείᾳ</span> <span class='ocrx_word' id='word_1_476' title='bbox 2419 2353 2737 2430; x_wconf 81' lang='grc' dir='ltr'>ἐρείσαντες,</span> <span class='ocrx_word' id='word_1_477' title='bbox 2793 2355 2983 2411; x_wconf 79' lang='grc' dir='ltr'>αὐτίκα</span> <span class='ocrx_word' id='word_1_478' title='bbox 3012 2355 3240 2412; x_wconf 76' lang='grc' dir='ltr'>πολλῶν</span> <span class='ocrx_word' id='word_1_479' title='bbox 3273 2361 3369 2412; x_wconf 90' lang='grc' dir='ltr'>τοῦ</span> <span class='ocrx_word' id='word_1_480' title='bbox 3403 2360 3762 2414; x_wconf 83' lang='grc' dir='ltr'>Βοτανειάτου</span> 
     </span>
    </p>
   </div>
   <div class='ocr_carea' id='block_1_67' title="bbox 2105 2442 3758 2524">
    <p class='ocr_par' dir='ltr' id='par_1_67' title="bbox 2105 2442 3758 2524">
     <span class='ocr_line' id='line_1_67' title="bbox 2105 2442 3758 2524; baseline 0.002 -26"><span class='ocrx_word' id='word_1_481' title='bbox 2105 2443 2352 2518; x_wconf 80' lang='grc' dir='ltr'>πράξεων</span> <span class='ocrx_word' id='word_1_482' title='bbox 2430 2442 2644 2520; x_wconf 74' lang='grc' dir='ltr'>σχολὴν</span> <span class='ocrx_word' id='word_1_483' title='bbox 2718 2445 3175 2524; x_wconf 79' lang='grc' dir='ltr'>κατεψηφίσαντο,</span> <span class='ocrx_word' id='word_1_484' title='bbox 3252 2446 3342 2501; x_wconf 86' lang='grc' dir='ltr'>καὶ</span> <span class='ocrx_word' id='word_1_485' title='bbox 3403 2444 3518 2502; x_wconf 79' lang='grc' dir='ltr'>οὐδ’</span> <span class='ocrx_word' id='word_1_486' title='bbox 3575 2445 3758 2520; x_wconf 78' lang='grc' dir='ltr'>ἐξότου</span> 
     </span>
    </p>
   </div>
   <div class='ocr_carea' id='block_1_68' title="bbox 2103 2532 3758 2612">
    <p class='ocr_par' dir='ltr' id='par_1_68' title="bbox 2103 2532 3758 2612">
     <span class='ocr_line' id='line_1_68' title="bbox 2103 2532 3758 2612; baseline 0.004 -26"><span class='ocrx_word' id='word_1_487' title='bbox 2103 2533 2239 2603; x_wconf 81' lang='grc' dir='ltr'>ἦσαν</span> <span class='ocrx_word' id='word_1_488' title='bbox 2310 2532 2788 2609; x_wconf 76' lang='grc' dir='ltr'>ἐπικεχειρηκότες</span> <span class='ocrx_word' id='word_1_489' title='bbox 2861 2539 2930 2609; x_wconf 81' lang='grc' dir='ltr'>τῇ</span> <span class='ocrx_word' id='word_1_490' title='bbox 2999 2532 3273 2610; x_wconf 84' lang='grc' dir='ltr'>τυραννίδι</span> <span class='ocrx_word' id='word_1_491' title='bbox 3329 2537 3450 2606; x_wconf 79' lang='grc' dir='ltr'>-τὴν</span> <span class='ocrx_word' id='word_1_492' title='bbox 3507 2535 3758 2612; x_wconf 78' lang='grc' dir='ltr'>ἀγὲτησιν</span> 
     </span>
    </p>
   </div>
   <div class='ocr_carea' id='block_1_69' title="bbox 2099 2621 3760 2701">
    <p class='ocr_par' dir='ltr' id='par_1_69' title="bbox 2099 2621 3760 2701">
     <span class='ocr_line' id='line_1_69' title="bbox 2099 2621 3760 2701; baseline 0.004 -25"><span class='ocrx_word' id='word_1_493' title='bbox 2099 2624 2220 2686; x_wconf 84' lang='grc' dir='ltr'>τοίς</span> <span class='ocrx_word' id='word_1_494' title='bbox 2271 2623 2397 2698; x_wconf 86' lang='grc' dir='ltr'>παρ’</span> <span class='ocrx_word' id='word_1_495' title='bbox 2457 2621 2662 2678; x_wconf 85' lang='grc' dir='ltr'>ἐκείνου</span> <span class='ocrx_word' id='word_1_496' title='bbox 2720 2625 3044 2700; x_wconf 78' lang='grc' dir='ltr'>πραχθεῖσιν</span> <span class='ocrx_word' id='word_1_497' title='bbox 3105 2623 3431 2701; x_wconf 73' lang='grc' dir='ltr'>ἐπήνεγκαν,</span> <span class='ocrx_word' id='word_1_498' title='bbox 3472 2625 3617 2682; x_wconf 83' lang='grc' dir='ltr'>ἀλλά</span> <span class='ocrx_word' id='word_1_499' title='bbox 3667 2625 3760 2682; x_wconf 83' lang='grc' dir='ltr'>καὶ</span> 
     </span>
    </p>
   </div>
   <div class='ocr_carea' id='block_1_70' title="bbox 2099 2711 3760 2790">
    <p class='ocr_par' dir='ltr' id='par_1_70' title="bbox 2099 2711 3760 2790">
     <span class='ocr_line' id='line_1_70' title="bbox 2099 2711 3760 2790; baseline 0.003 -24"><span class='ocrx_word' id='word_1_500' title='bbox 2099 2715 2262 2766; x_wconf 87' lang='grc' dir='ltr'>τοῦτο</span> <span class='ocrx_word' id='word_1_501' title='bbox 2322 2711 2629 2788; x_wconf 82' lang='grc' dir='ltr'>ὖπερήαντο</span> <span class='ocrx_word' id='word_1_502' title='bbox 2682 2717 2778 2768; x_wconf 84' lang='grc' dir='ltr'>τοῦ</span> <span class='ocrx_word' id='word_1_503' title='bbox 2859 2718 3074 2790; x_wconf 86' lang='grc' dir='ltr'>καιροῦ,</span> <span class='ocrx_word' id='word_1_504' title='bbox 3128 2714 3218 2769; x_wconf 83' lang='grc' dir='ltr'>καὶ</span> <span class='ocrx_word' id='word_1_505' title='bbox 3276 2713 3464 2770; x_wconf 83' lang='grc' dir='ltr'>πολλὰ</span> <span class='ocrx_word' id='word_1_506' title='bbox 3507 2721 3616 2771; x_wconf 88' lang='grc' dir='ltr'>τῶν</span> <span class='ocrx_word' id='word_1_507' title='bbox 3668 2717 3760 2771; x_wconf 83' lang='grc' dir='ltr'>ὑπ’</span> 
     </span>
    </p>
   </div>
   <div class='ocr_carea' id='block_1_71' title="bbox 2099 2799 3754 2880">
    <p class='ocr_par' dir='ltr' id='par_1_71' title="bbox 2099 2799 3754 2880">
     <span class='ocr_line' id='line_1_71' title="bbox 2099 2799 3754 2880; baseline 0.002 -25"><span class='ocrx_word' id='word_1_508' title='bbox 2099 2799 2306 2856; x_wconf 80' lang='grc' dir='ltr'>ἐκείνου</span> <span class='ocrx_word' id='word_1_509' title='bbox 2365 2801 2761 2877; x_wconf 76' lang='grc' dir='ltr'>πεπραγμένων</span> <span class='ocrx_word' id='word_1_510' title='bbox 2844 2801 3149 2879; x_wconf 77' lang='grc' dir='ltr'>βασιλικῶς</span> <span class='ocrx_word' id='word_1_511' title='bbox 3208 2804 3541 2880; x_wconf 77' lang='grc' dir='ltr'>ἀνῃρήκασιν</span> <span class='ocrx_word' id='word_1_512' title='bbox 3599 2805 3754 2860; x_wconf 84' lang='grc' dir='ltr'>οῦτοι</span> 
     </span>
    </p>
   </div>
   <div class='ocr_carea' id='block_1_72' title="bbox 2095 2886 3750 2969">
    <p class='ocr_par' dir='ltr' id='par_1_72' title="bbox 2095 2886 3750 2969">
     <span class='ocr_line' id='line_1_72' title="bbox 2095 2886 3750 2969; baseline 0.003 -25"><span class='ocrx_word' id='word_1_513' title='bbox 2095 2889 2378 2966; x_wconf 76' lang='grc' dir='ltr'>γράμματι</span> <span class='ocrx_word' id='word_1_514' title='bbox 2440 2886 2886 2966; x_wconf 76' lang='grc' dir='ltr'>βραχυσυλλάϐῳ</span> <span class='ocrx_word' id='word_1_515' title='bbox 2943 2896 3312 2969; x_wconf 80' lang='grc' dir='ltr'>τυραννικῶς.</span> <span class='ocrx_word' id='word_1_516' title='bbox 3386 2893 3513 2948; x_wconf 82' lang='grc' dir='ltr'>Εἶτά</span> <span class='ocrx_word' id='word_1_517' title='bbox 3569 2894 3596 2948; x_wconf 86' lang='grc' dir='ltr'>ὁ</span> <span class='ocrx_word' id='word_1_518' title='bbox 3657 2894 3750 2968; x_wconf 73' lang='grc' dir='ltr'>μὲν</span> 
     </span>
    </p>
   </div>
   <div class='ocr_carea' id='block_1_73' title="bbox 2097 2978 3755 3056">
    <p class='ocr_par' dir='ltr' id='par_1_73' title="bbox 2097 2978 3755 3056">
     <span class='ocr_line' id='line_1_73' title="bbox 2097 2978 3755 3056; baseline 0.002 -20"><span class='ocrx_word' id='word_1_519' title='bbox 2097 2979 2335 3051; x_wconf 80' lang='grc' dir='ltr'>Ἀλέξιος</span> <span class='ocrx_word' id='word_1_520' title='bbox 2389 2979 2671 3056; x_wconf 85' lang='grc' dir='ltr'>βασιλικὸν</span> <span class='ocrx_word' id='word_1_521' title='bbox 2723 2978 2990 3037; x_wconf 74' lang='grc' dir='ltr'>ἀναδεῖται</span> <span class='ocrx_word' id='word_1_522' title='bbox 3049 2979 3312 3056; x_wconf 86' lang='grc' dir='ltr'>διάδημα,</span> <span class='ocrx_word' id='word_1_523' title='bbox 3364 2987 3443 3056; x_wconf 77' lang='grc' dir='ltr'>τῷ</span> <span class='ocrx_word' id='word_1_524' title='bbox 3502 2981 3548 3038; x_wconf 89' lang='grc' dir='ltr'>δ’</span> <span class='ocrx_word' id='word_1_525' title='bbox 3580 2984 3755 3039; x_wconf 86' lang='grc' dir='ltr'>Ἰσαα-</span> 
     </span>
    </p>
   </div>
   <div class='ocr_carea' id='block_1_74' title="bbox 2094 3067 3753 3147">
    <p class='ocr_par' dir='ltr' id='par_1_74' title="bbox 2094 3067 3753 3147">
     <span class='ocr_line' id='line_1_74' title="bbox 2094 3067 3753 3147; baseline 0.002 -24"><span class='ocrx_word' id='word_1_526' title='bbox 2094 3068 2198 3142; x_wconf 81' lang='grc' dir='ltr'>κίῴ</span> <span class='ocrx_word' id='word_1_527' title='bbox 2268 3069 2337 3124; x_wconf 76' lang='grc' dir='ltr'>τὰ</span> <span class='ocrx_word' id='word_1_528' title='bbox 2417 3067 2688 3147; x_wconf 81' lang='grc' dir='ltr'>δευτερεῖα</span> <span class='ocrx_word' id='word_1_529' title='bbox 2767 3070 3087 3144; x_wconf 76' lang='grc' dir='ltr'>νενέμηνται</span> <span class='ocrx_word' id='word_1_530' title='bbox 3153 3078 3255 3143; x_wconf 83' lang='grc' dir='ltr'>τῆς</span> <span class='ocrx_word' id='word_1_531' title='bbox 3311 3079 3502 3145; x_wconf 81' lang='grc' dir='ltr'>τιμῆς,</span> <span class='ocrx_word' id='word_1_532' title='bbox 3561 3077 3753 3128; x_wconf 84' lang='grc' dir='ltr'>καινοῦ</span> 
     </span>
    </p>
   </div>
   <div class='ocr_carea' id='block_1_75' title="bbox 3254 3156 3750 3237">
    <p class='ocr_par' dir='ltr' id='par_1_75' title="bbox 3254 3156 3750 3237">
     <span class='ocr_line' id='line_1_75' title="bbox 3254 3156 3750 3237; baseline 0.004 -23"><span class='ocrx_word' id='word_1_533' title='bbox 3254 3163 3272 3234; x_wconf 94' lang='grc'>(</span> <span class='ocrx_word' id='word_1_534' title='bbox 3301 3156 3750 3237; x_wconf 81' lang='grc' dir='ltr'>σεϐαστοκράτωρ</span> 
     </span>
    </p>
   </div>
   <div class='ocr_carea' id='block_1_76' title="bbox 2099 3246 3748 3325">
    <p class='ocr_par' dir='ltr' id='par_1_76' title="bbox 2099 3246 3748 3325">
     <span class='ocr_line' id='line_1_76' title="bbox 2099 3246 3748 3325; baseline 0.001 -24"><span class='ocrx_word' id='word_1_535' title='bbox 2099 3247 2202 3322; x_wconf 81' lang='grc' dir='ltr'>γὰρ</span> <span class='ocrx_word' id='word_1_536' title='bbox 2263 3246 2566 3321; x_wconf 73' lang='grc' dir='ltr'>ἐπεκλήθη)</span> <span class='ocrx_word' id='word_1_537' title='bbox 2626 3247 2716 3302; x_wconf 82' lang='grc' dir='ltr'>καὶ</span> <span class='ocrx_word' id='word_1_538' title='bbox 2780 3250 3038 3324; x_wconf 82' lang='grc' dir='ltr'>ὑπερεῖχε</span> <span class='ocrx_word' id='word_1_539' title='bbox 3093 3254 3188 3304; x_wconf 90' lang='grc' dir='ltr'>τοῦ</span> <span class='ocrx_word' id='word_1_540' title='bbox 3248 3249 3544 3325; x_wconf 89' lang='grc' dir='ltr'>Καίσαρος.</span> <span class='ocrx_word' id='word_1_541' title='bbox 3600 3251 3662 3307; x_wconf 73' lang='grc' dir='ltr'><strong>Ἠ</strong></span> <span class='ocrx_word' id='word_1_542' title='bbox 3692 3246 3748 3304; x_wconf 70' lang='grc' dir='ltr'>δὲ</span> 
     </span>
    </p>
   </div>
   <div class='ocr_carea' id='block_1_77' title="bbox 2103 3336 3748 3417">
    <p class='ocr_par' dir='ltr' id='par_1_77' title="bbox 2103 3336 3748 3417">
     <span class='ocr_line' id='line_1_77' title="bbox 2103 3336 3748 3417; baseline 0.001 -26"><span class='ocrx_word' id='word_1_543' title='bbox 2103 3338 2287 3410; x_wconf 90' lang='grc' dir='ltr'>μήτηρ</span> <span class='ocrx_word' id='word_1_544' title='bbox 2344 3336 2578 3406; x_wconf 80' lang='grc' dir='ltr'>τούτων,</span> <span class='ocrx_word' id='word_1_545' title='bbox 2633 3339 2977 3412; x_wconf 88' lang='grc' dir='ltr'>παρασήμων</span> <span class='ocrx_word' id='word_1_546' title='bbox 3043 3339 3119 3413; x_wconf 84' lang='grc' dir='ltr'>μὴ</span> <span class='ocrx_word' id='word_1_547' title='bbox 3184 3343 3534 3415; x_wconf 87' lang='grc' dir='ltr'>μετασχοῦσα</span> <span class='ocrx_word' id='word_1_548' title='bbox 3597 3340 3748 3417; x_wconf 87' lang='grc' dir='ltr'>βασι-</span> 
     </span>
    </p>
   </div>
   <div class='ocr_carea' id='block_1_78' title="bbox 2099 3424 3755 3508">
    <p class='ocr_par' dir='ltr' id='par_1_78' title="bbox 2099 3424 3755 3508">
     <span class='ocr_line' id='line_1_78' title="bbox 2099 3424 3755 3508; baseline 0 -26"><span class='ocrx_word' id='word_1_549' title='bbox 2099 3424 2272 3484; x_wconf 82' lang='grc' dir='ltr'>λικῶν</span> <span class='ocrx_word' id='word_1_550' title='bbox 2332 3425 2420 3482; x_wconf 76' lang='grc' dir='ltr'>διὰ</span> <span class='ocrx_word' id='word_1_551' title='bbox 2475 3429 2536 3482; x_wconf 88' lang='grc' dir='ltr'>τὸ</span> <span class='ocrx_word' id='word_1_552' title='bbox 2565 3424 2770 3502; x_wconf 64' lang='grc' dir='ltr'>ἔνδυμα</span> <span class='ocrx_word' id='word_1_553' title='bbox 2797 3427 2858 3482; x_wconf 87' lang='grc' dir='ltr'>τὸ</span> <span class='ocrx_word' id='word_1_554' title='bbox 2893 3429 3218 3504; x_wconf 86' lang='grc' dir='ltr'>μοναχικὸν,</span> <span class='ocrx_word' id='word_1_555' title='bbox 3275 3431 3415 3502; x_wconf 84' lang='grc' dir='ltr'>μήτε</span> <span class='ocrx_word' id='word_1_556' title='bbox 3448 3437 3556 3502; x_wconf 75' lang='grc' dir='ltr'>μὴν</span> <span class='ocrx_word' id='word_1_557' title='bbox 3587 3429 3755 3508; x_wconf 75' lang='grc' dir='ltr'>εὔφη-</span> 
     </span>
    </p>
   </div>
   <div class='ocr_carea' id='block_1_79' title="bbox 2101 3515 3762 3594">
    <p class='ocr_par' dir='ltr' id='par_1_79' title="bbox 2101 3515 3762 3594">
     <span class='ocr_line' id='line_1_79' title="bbox 2101 3515 3762 3594; baseline 0.002 -25"><span class='ocrx_word' id='word_1_558' title='bbox 2101 3515 2224 3588; x_wconf 88' lang='grc' dir='ltr'>μίας</span> <span class='ocrx_word' id='word_1_559' title='bbox 2248 3515 2338 3570; x_wconf 84' lang='grc' dir='ltr'>καὶ</span> <span class='ocrx_word' id='word_1_560' title='bbox 2369 3515 2739 3592; x_wconf 66' lang='grc' dir='ltr'>ἀναρρήσεως,</span> <span class='ocrx_word' id='word_1_561' title='bbox 2806 3516 2974 3590; x_wconf 88' lang='grc' dir='ltr'>μόνου</span> <span class='ocrx_word' id='word_1_562' title='bbox 3028 3523 3250 3593; x_wconf 88' lang='grc' dir='ltr'>μετεῖχε</span> <span class='ocrx_word' id='word_1_563' title='bbox 3295 3523 3394 3572; x_wconf 90' lang='grc' dir='ltr'>τοῦ</span> <span class='ocrx_word' id='word_1_564' title='bbox 3443 3519 3543 3588; x_wconf 80' lang='grc' dir='ltr'>τῆς</span> <span class='ocrx_word' id='word_1_565' title='bbox 3606 3519 3762 3594; x_wconf 87' lang='grc' dir='ltr'>βασι-</span> 
     </span>
    </p>
   </div>
   <div class='ocr_carea' id='block_1_80' title="bbox 2098 3603 3756 3682">
    <p class='ocr_par' dir='ltr' id='par_1_80' title="bbox 2098 3603 3756 3682">
     <span class='ocr_line' id='line_1_80' title="bbox 2098 3603 3756 3682; baseline 0.002 -24"><span class='ocrx_word' id='word_1_566' title='bbox 2098 3603 2247 3667; x_wconf 89' lang='grc' dir='ltr'>λείας</span> <span class='ocrx_word' id='word_1_567' title='bbox 2307 3603 2598 3679; x_wconf 86' lang='grc' dir='ltr'>ὀνόματος·</span> <span class='ocrx_word' id='word_1_568' title='bbox 2663 3605 2797 3675; x_wconf 77' lang='grc' dir='ltr'>αὐτὴ</span> <span class='ocrx_word' id='word_1_569' title='bbox 2829 3604 2885 3660; x_wconf 73' lang='grc' dir='ltr'>δὲ</span> <span class='ocrx_word' id='word_1_570' title='bbox 2914 3607 3013 3676; x_wconf 71' lang='grc' dir='ltr'>τὴν</span> <span class='ocrx_word' id='word_1_571' title='bbox 3072 3611 3180 3661; x_wconf 90' lang='grc' dir='ltr'>τῶν</span> <span class='ocrx_word' id='word_1_572' title='bbox 3213 3609 3551 3682; x_wconf 77' lang='grc' dir='ltr'>πραγμάτων</span> <span class='ocrx_word' id='word_1_573' title='bbox 3580 3612 3756 3662; x_wconf 82' lang='grc' dir='ltr'>πᾶσαν</span> 
     </span>
    </p>
   </div>
   <div class='ocr_carea' id='block_1_81' title="bbox 2098 3693 3838 3771">
    <p class='ocr_par' dir='ltr' id='par_1_81' title="bbox 2098 3693 3838 3771">
     <span class='ocr_line' id='line_1_81' title="bbox 2098 3693 3838 3771; baseline 0.001 -23"><span class='ocrx_word' id='word_1_574' title='bbox 2098 3693 2369 3764; x_wconf 89' lang='grc' dir='ltr'>διοίκησιν</span> <span class='ocrx_word' id='word_1_575' title='bbox 2425 3694 2751 3763; x_wconf 84' lang='grc' dir='ltr'>ἀνεζώσατο.</span> <span class='ocrx_word' id='word_1_576' title='bbox 2811 3693 2970 3752; x_wconf 76' lang='grc' dir='ltr'>Οὕτω</span> <span class='ocrx_word' id='word_1_577' title='bbox 3030 3697 3123 3768; x_wconf 67' lang='grc' dir='ltr'>μὲν</span> <span class='ocrx_word' id='word_1_578' title='bbox 3181 3695 3271 3750; x_wconf 75' lang='grc' dir='ltr'>οῦν</span> <span class='ocrx_word' id='word_1_579' title='bbox 3317 3697 3383 3750; x_wconf 83' lang='grc' dir='ltr'>τὰ</span> <span class='ocrx_word' id='word_1_580' title='bbox 3434 3702 3535 3765; x_wconf 84' lang='grc' dir='ltr'>τῆς</span> <span class='ocrx_word' id='word_1_581' title='bbox 3601 3697 3756 3771; x_wconf 83' lang='grc' dir='ltr'>βασι·</span> <span class='ocrx_word' id='word_1_582' title='bbox 3833 3719 3838 3724; x_wconf 95' lang='grc'>·</span> 
     </span>
    </p>
   </div>
   <div class='ocr_carea' id='block_1_82' title="bbox 2097 3782 3757 3862">
    <p class='ocr_par' dir='ltr' id='par_1_82' title="bbox 2097 3782 3757 3862">
     <span class='ocr_line' id='line_1_82' title="bbox 2097 3782 3757 3862; baseline -0.001 -23"><span class='ocrx_word' id='word_1_583' title='bbox 2097 3783 2246 3846; x_wconf 82' lang='grc' dir='ltr'>λείας</span> <span class='ocrx_word' id='word_1_584' title='bbox 2303 3785 2450 3859; x_wconf 85' lang='grc' dir='ltr'>παρὰ</span> <span class='ocrx_word' id='word_1_585' title='bbox 2504 3787 2574 3857; x_wconf 73' lang='grc' dir='ltr'>τῇ</span> <span class='ocrx_word' id='word_1_586' title='bbox 2637 3782 2806 3860; x_wconf 77' lang='grc' dir='ltr'>μητρῖ</span> <span class='ocrx_word' id='word_1_587' title='bbox 2863 3783 3162 3857; x_wconf 85' lang='grc' dir='ltr'>νενέμηντο</span> <span class='ocrx_word' id='word_1_588' title='bbox 3219 3784 3309 3839; x_wconf 83' lang='grc' dir='ltr'>καὶ</span> <span class='ocrx_word' id='word_1_589' title='bbox 3369 3786 3574 3862; x_wconf 88' lang='grc' dir='ltr'>ἀμφοῖν</span> <span class='ocrx_word' id='word_1_590' title='bbox 3633 3789 3757 3847; x_wconf 90' lang='grc' dir='ltr'>τοῖς</span> 
     </span>
    </p>
   </div>
   <div class='ocr_carea' id='block_1_83' title="bbox 2095 3869 3751 3950">
    <p class='ocr_par' dir='ltr' id='par_1_83' title="bbox 2095 3869 3751 3950">
     <span class='ocr_line' id='line_1_83' title="bbox 2095 3869 3751 3950; baseline -0.001 -23"><span class='ocrx_word' id='word_1_591' title='bbox 2095 3872 2415 3945; x_wconf 84' lang='grc' dir='ltr'>ὁμαίμοσιν.</span> <span class='ocrx_word' id='word_1_592' title='bbox 2509 3873 2713 3942; x_wconf 82' lang='grc' dir='ltr'>’Πστην</span> <span class='ocrx_word' id='word_1_593' title='bbox 2798 3869 2842 3926; x_wconf 88' lang='grc' dir='ltr'>δ’</span> <span class='ocrx_word' id='word_1_594' title='bbox 2917 3872 3102 3936; x_wconf 81' lang='grc' dir='ltr'>αὐτοῖς</span> <span class='ocrx_word' id='word_1_595' title='bbox 3169 3873 3259 3927; x_wconf 86' lang='grc' dir='ltr'>καὶ</span> <span class='ocrx_word' id='word_1_596' title='bbox 3339 3872 3504 3950; x_wconf 69' lang='grc' dir='ltr'>ἑτέρω</span> <span class='ocrx_word' id='word_1_597' title='bbox 3584 3869 3751 3926; x_wconf 85' lang='grc' dir='ltr'>διττὼ</span> 
     </span>
    </p>
   </div>
   <div class='ocr_carea' id='block_1_84' title="bbox 2095 3958 3746 4039">
    <p class='ocr_par' dir='ltr' id='par_1_84' title="bbox 2095 3958 3746 4039">
     <span class='ocr_line' id='line_1_84' title="bbox 2095 3958 3746 4039; baseline -0.001 -23"><span class='ocrx_word' id='word_1_598' title='bbox 2095 3958 2315 4039; x_wconf 85' lang='grc' dir='ltr'>ἀδελφὼ</span> <span class='ocrx_word' id='word_1_599' title='bbox 2369 3960 2616 4038; x_wconf 87' lang='grc' dir='ltr'>νεωτέρω</span> <span class='ocrx_word' id='word_1_600' title='bbox 2673 3963 2773 4032; x_wconf 78' lang='grc' dir='ltr'>τὴν</span> <span class='ocrx_word' id='word_1_601' title='bbox 2832 3960 3074 4034; x_wconf 76' lang='grc' dir='ltr'>ἡλίκίαν,</span> <span class='ocrx_word' id='word_1_602' title='bbox 3110 3963 3183 4017; x_wconf 82' lang='grc' dir='ltr'>ὧν</span> <span class='ocrx_word' id='word_1_603' title='bbox 3213 3962 3304 4017; x_wconf 86' lang='grc' dir='ltr'>τὸν</span> <span class='ocrx_word' id='word_1_604' title='bbox 3343 3962 3436 4035; x_wconf 75' lang='grc' dir='ltr'>μὶν</span> <span class='ocrx_word' id='word_1_605' title='bbox 3468 3959 3746 4036; x_wconf 83' lang='grc' dir='ltr'>πρωτοσέ-</span> 
     </span>
    </p>
   </div>
   <div class='ocr_carea' id='block_1_85' title="bbox 2095 4047 3742 4129">
    <p class='ocr_par' dir='ltr' id='par_1_85' title="bbox 2095 4047 3742 4129">
     <span class='ocr_line' id='line_1_85' title="bbox 2095 4047 3742 4129; baseline -0.002 -23"><span class='ocrx_word' id='word_1_606' title='bbox 2095 4047 2289 4107; x_wconf 75' lang='grc' dir='ltr'>6άστον</span> <span class='ocrx_word' id='word_1_607' title='bbox 2353 4050 2612 4124; x_wconf 76' lang='grc' dir='ltr'>ἐτίμησαν</span> <span class='ocrx_word' id='word_1_608' title='bbox 2641 4051 2730 4105; x_wconf 89' lang='grc' dir='ltr'>καὶ</span> <span class='ocrx_word' id='word_1_609' title='bbox 2777 4050 2940 4129; x_wconf 86' lang='grc' dir='ltr'>μέγαν</span> <span class='ocrx_word' id='word_1_610' title='bbox 3002 4053 3325 4125; x_wconf 81' lang='grc' dir='ltr'>οομέστικον</span> <span class='ocrx_word' id='word_1_611' title='bbox 3381 4051 3472 4105; x_wconf 84' lang='grc' dir='ltr'>τὸν</span> <span class='ocrx_word' id='word_1_612' title='bbox 3523 4047 3742 4124; x_wconf 83' lang='grc' dir='ltr'>’Δδρια-</span> 
     </span>
    </p>
   </div>
   <div class='ocr_carea' id='block_1_86' title="bbox 2092 4136 3748 4217">
    <p class='ocr_par' dir='ltr' id='par_1_86' title="bbox 2092 4136 3748 4217">
     <span class='ocr_line' id='line_1_86' title="bbox 2092 4136 3748 4217; baseline -0.002 -21"><span class='ocrx_word' id='word_1_613' title='bbox 2092 4142 2202 4209; x_wconf 88' lang='grc' dir='ltr'>νὸν,</span> <span class='ocrx_word' id='word_1_614' title='bbox 2261 4140 2355 4196; x_wconf 87' lang='grc' dir='ltr'>τὸν</span> <span class='ocrx_word' id='word_1_615' title='bbox 2409 4140 2726 4217; x_wconf 79' lang='grc' dir='ltr'>Νικηφόρον</span> <span class='ocrx_word' id='word_1_616' title='bbox 2791 4138 2849 4195; x_wconf 72' lang='grc' dir='ltr'>δὲ</span> <span class='ocrx_word' id='word_1_617' title='bbox 2921 4136 3191 4196; x_wconf 75' lang='grc' dir='ltr'>Σεϐαστὸν</span> <span class='ocrx_word' id='word_1_618' title='bbox 3245 4141 3338 4196; x_wconf 84' lang='grc' dir='ltr'>καὶ</span> <span class='ocrx_word' id='word_1_619' title='bbox 3394 4143 3491 4195; x_wconf 89' lang='grc' dir='ltr'>τοῦ</span> <span class='ocrx_word' id='word_1_620' title='bbox 3547 4138 3748 4193; x_wconf 88' lang='grc' dir='ltr'>στόλου</span> 
     </span>
    </p>
   </div>
   <div class='ocr_carea' id='block_1_87' title="bbox 2095 4225 3750 4308">
    <p class='ocr_par' dir='ltr' id='par_1_87' title="bbox 2095 4225 3750 4308">
     <span class='ocr_line' id='line_1_87' title="bbox 2095 4225 3750 4308; baseline -0.002 -23"><span class='ocrx_word' id='word_1_621' title='bbox 2095 4228 2477 4307; x_wconf 84' lang='grc' dir='ltr'>δρουγγάριον.</span> <span class='ocrx_word' id='word_1_622' title='bbox 2541 4230 2710 4306; x_wconf 76' lang='grc' dir='ltr'>Εἶχον</span> <span class='ocrx_word' id='word_1_623' title='bbox 2769 4227 2826 4285; x_wconf 73' lang='grc' dir='ltr'>δὲ</span> <span class='ocrx_word' id='word_1_624' title='bbox 2874 4230 2963 4284; x_wconf 79' lang='grc' dir='ltr'>καὶ</span> <span class='ocrx_word' id='word_1_625' title='bbox 3020 4230 3102 4285; x_wconf 81' lang='grc' dir='ltr'>ἐπ’</span> <span class='ocrx_word' id='word_1_626' title='bbox 3156 4227 3416 4308; x_wconf 76' lang='grc' dir='ltr'>ἀδελφαῖς</span> <span class='ocrx_word' id='word_1_627' title='bbox 3465 4225 3750 4299; x_wconf 81' lang='grc' dir='ltr'>κηδεστὰς,</span> 
     </span>
    </p>
   </div>
   <div class='ocr_carea' id='block_1_88' title="bbox 2091 4315 3755 4398">
    <p class='ocr_par' dir='ltr' id='par_1_88' title="bbox 2091 4315 3755 4398">
     <span class='ocr_line' id='line_1_88' title="bbox 2091 4315 3755 4398; baseline -0.002 -23"><span class='ocrx_word' id='word_1_628' title='bbox 2091 4320 2184 4375; x_wconf 86' lang='grc' dir='ltr'>τὸν</span> <span class='ocrx_word' id='word_1_629' title='bbox 2241 4317 2580 4390; x_wconf 86' lang='grc' dir='ltr'>Μελισσηνὸν</span> <span class='ocrx_word' id='word_1_630' title='bbox 2655 4322 2768 4393; x_wconf 90' lang='grc'>(11)</span> <span class='ocrx_word' id='word_1_631' title='bbox 2825 4319 3160 4398; x_wconf 81' lang='grc' dir='ltr'>Νικηφόρον,</span> <span class='ocrx_word' id='word_1_632' title='bbox 3213 4321 3304 4374; x_wconf 84' lang='grc' dir='ltr'>καὶ</span> <span class='ocrx_word' id='word_1_633' title='bbox 3363 4315 3602 4394; x_wconf 73' lang='grc' dir='ltr'>Μιχαὴλ</span> <span class='ocrx_word' id='word_1_634' title='bbox 3661 4317 3755 4372; x_wconf 88' lang='grc' dir='ltr'>τὸν</span> 
     </span>
    </p>
   </div>
   <div class='ocr_carea' id='block_1_89' title="bbox 2092 4407 3762 4485">
    <p class='ocr_par' dir='ltr' id='par_1_89' title="bbox 2092 4407 3762 4485">
     <span class='ocr_line' id='line_1_89' title="bbox 2092 4407 3762 4485; baseline -0.001 -21"><span class='ocrx_word' id='word_1_635' title='bbox 2092 4409 2426 4485; x_wconf 89' lang='grc' dir='ltr'>Ταρωνίτην.</span> <span class='ocrx_word' id='word_1_636' title='bbox 2506 4409 2606 4463; x_wconf 90' lang='grc' dir='ltr'>Τὸν</span> <span class='ocrx_word' id='word_1_637' title='bbox 2686 4409 2778 4482; x_wconf 78' lang='grc' dir='ltr'>μὶν</span> <span class='ocrx_word' id='word_1_638' title='bbox 2859 4413 2951 4464; x_wconf 80' lang='grc' dir='ltr'>οῦν</span> <span class='ocrx_word' id='word_1_639' title='bbox 3026 4408 3345 4482; x_wconf 79' lang='grc' dir='ltr'>Ταρωνίτην</span> <span class='ocrx_word' id='word_1_640' title='bbox 3423 4411 3492 4482; x_wconf 83' lang='grc' dir='ltr'>τῇ</span> <span class='ocrx_word' id='word_1_641' title='bbox 3565 4407 3762 4484; x_wconf 81' lang='grc' dir='ltr'>πρώτῃ</span> 
     </span>
    </p>
   </div>
   <div class='ocr_carea' id='block_1_90' title="bbox 2098 4496 3757 4575">
    <p class='ocr_par' dir='ltr' id='par_1_90' title="bbox 2098 4496 3757 4575">
     <span class='ocr_line' id='line_1_90' title="bbox 2098 4496 3757 4575; baseline 0 -23"><span class='ocrx_word' id='word_1_642' title='bbox 2098 4497 2514 4575; x_wconf 75' lang='grc' dir='ltr'>συνεζευγμένον</span> <span class='ocrx_word' id='word_1_643' title='bbox 2545 4503 2654 4553; x_wconf 92' lang='grc' dir='ltr'>τῶν</span> <span class='ocrx_word' id='word_1_644' title='bbox 2687 4496 2964 4575; x_wconf 81' lang='grc' dir='ltr'>ἀδελφῶν,</span> <span class='ocrx_word' id='word_1_645' title='bbox 3028 4497 3166 4554; x_wconf 81' lang='grc' dir='ltr'>πάνυ</span> <span class='ocrx_word' id='word_1_646' title='bbox 3221 4497 3561 4574; x_wconf 67' lang='grc' dir='ltr'>στεργομένη</span> <span class='ocrx_word' id='word_1_647' title='bbox 3611 4499 3757 4574; x_wconf 90' lang='grc' dir='ltr'>πρὸς</span> 
     </span>
    </p>
   </div>
   <div class='ocr_carea' id='block_1_91' title="bbox 2091 4587 3756 4664">
    <p class='ocr_par' dir='ltr' id='par_1_91' title="bbox 2091 4587 3756 4664">
     <span class='ocr_line' id='line_1_91' title="bbox 2091 4587 3756 4664; baseline 0 -22"><span class='ocrx_word' id='word_1_648' title='bbox 2091 4595 2190 4658; x_wconf 78' lang='grc' dir='ltr'>τῆς</span> <span class='ocrx_word' id='word_1_649' title='bbox 2256 4587 2484 4663; x_wconf 82' lang='grc' dir='ltr'>μητρὸς,</span> <span class='ocrx_word' id='word_1_650' title='bbox 2535 4589 2626 4643; x_wconf 87' lang='grc' dir='ltr'>καὶ</span> <span class='ocrx_word' id='word_1_651' title='bbox 2685 4588 2821 4660; x_wconf 86' lang='grc' dir='ltr'>πρὸς</span> <span class='ocrx_word' id='word_1_652' title='bbox 2871 4589 3050 4644; x_wconf 84' lang='grc' dir='ltr'>αὐτῶν</span> <span class='ocrx_word' id='word_1_653' title='bbox 3095 4589 3422 4662; x_wconf 80' lang='grc' dir='ltr'>τιμωμένῃ,</span> <span class='ocrx_word' id='word_1_654' title='bbox 3478 4607 3756 4664; x_wconf 88' lang='grc' dir='ltr'>πανυπερ-</span> 
     </span>
    </p>
   </div>
   <div class='ocr_carea' id='block_1_92' title="bbox 2092 4672 3756 4751">
    <p class='ocr_par' dir='ltr' id='par_1_92' title="bbox 2092 4672 3756 4751">
     <span class='ocr_line' id='line_1_92' title="bbox 2092 4672 3756 4751; baseline -0.001 -19"><span class='ocrx_word' id='word_1_655' title='bbox 2092 4672 2352 4733; x_wconf 79' lang='grc' dir='ltr'>σέϐαστον</span> <span class='ocrx_word' id='word_1_656' title='bbox 2431 4677 2720 4751; x_wconf 84' lang='grc' dir='ltr'>ὠνόμασαν</span> <span class='ocrx_word' id='word_1_657' title='bbox 2756 4722 2770 4748; x_wconf 95' lang='grc'>,</span> <span class='ocrx_word' id='word_1_658' title='bbox 2856 4679 2947 4734; x_wconf 84' lang='grc' dir='ltr'>καὶ</span> <span class='ocrx_word' id='word_1_659' title='bbox 3033 4682 3194 4734; x_wconf 89' lang='grc' dir='ltr'>τοῦτο</span> <span class='ocrx_word' id='word_1_660' title='bbox 3274 4676 3608 4738; x_wconf 84' lang='grc' dir='ltr'>καινίσαντες</span> <span class='ocrx_word' id='word_1_661' title='bbox 3691 4677 3756 4731; x_wconf 87' lang='grc' dir='ltr'>τὸ</span> 
     </span>
    </p>
   </div>
   <div class='ocr_carea' id='block_1_93' title="bbox 2090 4765 3752 4843">
    <p class='ocr_par' dir='ltr' id='par_1_93' title="bbox 2090 4765 3752 4843">
     <span class='ocr_line' id='line_1_93' title="bbox 2090 4765 3752 4843; baseline 0 -23"><span class='ocrx_word' id='word_1_662' title='bbox 2090 4767 2325 4841; x_wconf 81' lang='grc' dir='ltr'>ἀξίωμα,</span> <span class='ocrx_word' id='word_1_663' title='bbox 2386 4766 2481 4822; x_wconf 75' lang='grc' dir='ltr'>τὸν</span> <span class='ocrx_word' id='word_1_664' title='bbox 2536 4765 2594 4822; x_wconf 84' lang='grc' dir='ltr'>δέ</span> <span class='ocrx_word' id='word_1_665' title='bbox 2643 4789 2706 4843; x_wconf 86' lang='grc' dir='ltr'>γε</span> <span class='ocrx_word' id='word_1_666' title='bbox 2737 4767 3106 4838; x_wconf 86' lang='grc' dir='ltr'>Μελισσηνὸν,</span> <span class='ocrx_word' id='word_1_667' title='bbox 3141 4767 3471 4823; x_wconf 88' lang='grc' dir='ltr'>ἀποστασίαν</span> <span class='ocrx_word' id='word_1_668' title='bbox 3503 4766 3752 4821; x_wconf 81' lang='grc' dir='ltr'>κάκεῖνον</span> 
     </span>
    </p>
   </div>
   <div class='ocr_carea' id='block_1_94' title="bbox 2088 4856 3748 4935">
    <p class='ocr_par' dir='ltr' id='par_1_94' title="bbox 2088 4856 3748 4935">
     <span class='ocr_line' id='line_1_94' title="bbox 2088 4856 3748 4935; baseline -0.001 -23"><span class='ocrx_word' id='word_1_669' title='bbox 2088 4856 2226 4912; x_wconf 80' lang='grc' dir='ltr'>κατὰ</span> <span class='ocrx_word' id='word_1_670' title='bbox 2272 4861 2370 4912; x_wconf 91' lang='grc' dir='ltr'>τσῦ</span> <span class='ocrx_word' id='word_1_671' title='bbox 2400 4859 2761 4914; x_wconf 87' lang='grc' dir='ltr'>Βοτανειάτου</span> <span class='ocrx_word' id='word_1_672' title='bbox 2795 4857 2846 4913; x_wconf 79' lang='grc' dir='ltr'>ἐν</span> <span class='ocrx_word' id='word_1_673' title='bbox 2903 4862 2972 4932; x_wconf 82' lang='grc' dir='ltr'>τῇ</span> <span class='ocrx_word' id='word_1_674' title='bbox 3029 4858 3172 4930; x_wconf 84' lang='grc' dir='ltr'>Ἐῴα</span> <span class='ocrx_word' id='word_1_675' title='bbox 3229 4859 3598 4935; x_wconf 82' lang='grc' dir='ltr'>φρονήσαντα,</span> <span class='ocrx_word' id='word_1_676' title='bbox 3657 4856 3748 4910; x_wconf 84' lang='grc' dir='ltr'>καὶ</span> 
     </span>
    </p>
   </div>
   <div class='ocr_carea' id='block_1_95' title="bbox 2087 4940 3752 5023">
    <p class='ocr_par' dir='ltr' id='par_1_95' title="bbox 2087 4940 3752 5023">
     <span class='ocr_line' id='line_1_95' title="bbox 2087 4940 3752 5023; baseline -0.001 -22"><span class='ocrx_word' id='word_1_677' title='bbox 2087 4940 2164 5001; x_wconf 79' lang='grc' dir='ltr'>ἔτι</span> <span class='ocrx_word' id='word_1_678' title='bbox 2236 4945 2437 5018; x_wconf 82' lang='grc' dir='ltr'>ταύτης</span> <span class='ocrx_word' id='word_1_679' title='bbox 2517 4946 2813 5023; x_wconf 80' lang='grc' dir='ltr'>ἐχόμενον,</span> <span class='ocrx_word' id='word_1_680' title='bbox 2890 4946 2977 5002; x_wconf 70' lang='grc' dir='ltr'>ὶπὶ</span> <span class='ocrx_word' id='word_1_681' title='bbox 3046 4941 3373 5022; x_wconf 76' lang='grc' dir='ltr'>συμϐιϐάσει</span> <span class='ocrx_word' id='word_1_682' title='bbox 3424 4947 3752 5020; x_wconf 84' lang='grc' dir='ltr'>τετιμήκασι</span> 
     </span>
    </p>
   </div>
   <div class='ocr_carea' id='block_1_96' title="bbox 1593 5073 2442 5138">
    <p class='ocr_par' dir='ltr' id='par_1_96' title="bbox 1593 5073 2442 5138">
     <span class='ocr_line' id='line_1_96' title="bbox 1593 5073 2442 5138; baseline 0.002 -4"><span class='ocrx_word' id='word_1_683' title='bbox 1593 5073 1798 5135; x_wconf 83' lang='lat' dir='ltr'>Variae</span> <span class='ocrx_word' id='word_1_684' title='bbox 1830 5074 2128 5138; x_wconf 88' lang='lat' dir='ltr'>lectiones</span> <span class='ocrx_word' id='word_1_685' title='bbox 2159 5079 2220 5136; x_wconf 91' lang='lat' dir='ltr'>et</span> <span class='ocrx_word' id='word_1_686' title='bbox 2249 5080 2442 5137; x_wconf 76' lang='lat' dir='ltr'>notae.</span> 
     </span>
    </p>
   </div>
   <div class='ocr_carea' id='block_1_97' title="bbox 379 5195 1968 5273">
    <p class='ocr_par' dir='ltr' id='par_1_97' title="bbox 379 5195 1968 5273">
     <span class='ocr_line' id='line_1_97' title="bbox 379 5195 1968 5273; baseline 0.001 -19"><span class='ocrx_word' id='word_1_687' title='bbox 379 5199 454 5271; x_wconf 86' lang='lat'>(9)</span> <span class='ocrx_word' id='word_1_688' title='bbox 484 5199 592 5267; x_wconf 84' lang='grc' dir='ltr'>Τὴν</span> <span class='ocrx_word' id='word_1_689' title='bbox 629 5195 863 5273; x_wconf 74' lang='grc' dir='ltr'>μητέρα.</span> <span class='ocrx_word' id='word_1_690' title='bbox 898 5201 1071 5261; x_wconf 80' lang='lat' dir='ltr'>Anna</span> <span class='ocrx_word' id='word_1_691' title='bbox 1097 5200 1437 5269; x_wconf 87' lang='lat' dir='ltr'>Dalessena,</span> <span class='ocrx_word' id='word_1_692' title='bbox 1473 5200 1543 5256; x_wconf 91' lang='lat' dir='ltr'>de</span> <span class='ocrx_word' id='word_1_693' title='bbox 1574 5215 1690 5272; x_wconf 91' lang='lat' dir='ltr'>qua</span> <span class='ocrx_word' id='word_1_694' title='bbox 1747 5199 1808 5255; x_wconf 89' lang='lat' dir='ltr'>in</span> <span class='ocrx_word' id='word_1_695' title='bbox 1857 5201 1968 5256; x_wconf 86' lang='lat' dir='ltr'>Fa-</span> 
     </span>
    </p>
   </div>
   <div class='ocr_carea' id='block_1_98' title="bbox 307 5273 750 5344">
    <p class='ocr_par' dir='ltr' id='par_1_98' title="bbox 307 5273 750 5344">
     <span class='ocr_line' id='line_1_98' title="bbox 307 5273 750 5344; baseline -0.005 -18"><span class='ocrx_word' id='word_1_696' title='bbox 307 5273 486 5327; x_wconf 78' lang='lat' dir='ltr'>mitiis</span> <span class='ocrx_word' id='word_1_697' title='bbox 515 5274 750 5344; x_wconf 83' lang='lat' dir='ltr'>Bysant.</span> 
     </span>
    </p>
   </div>
   <div class='ocr_carea' id='block_1_99' title="bbox 383 5340 1965 5412">
    <p class='ocr_par' dir='ltr' id='par_1_99' title="bbox 383 5340 1965 5412">
     <span class='ocr_line' id='line_1_99' title="bbox 383 5340 1965 5412; baseline -0.003 -14"><span class='ocrx_word' id='word_1_698' title='bbox 383 5344 493 5412; x_wconf 88' lang='grc'>(10)</span> <span class='ocrx_word' id='word_1_699' title='bbox 536 5340 629 5397; x_wconf 86' lang='grc' dir='ltr'>Ἐκ</span> <span class='ocrx_word' id='word_1_700' title='bbox 683 5347 786 5410; x_wconf 86' lang='grc' dir='ltr'>τῆς</span> <span class='ocrx_word' id='word_1_701' title='bbox 845 5345 1015 5412; x_wconf 79' lang='grc' dir='ltr'>μονῆς</span> <span class='ocrx_word' id='word_1_702' title='bbox 1065 5345 1162 5395; x_wconf 84' lang='grc' dir='ltr'>τοῦ</span> <span class='ocrx_word' id='word_1_703' title='bbox 1246 5340 1592 5399; x_wconf 83' lang='grc' dir='ltr'>Κανικλείου.</span> <span class='ocrx_word' id='word_1_704' title='bbox 1675 5343 1789 5397; x_wconf 92' lang='grc' dir='ltr'>Τοῦ</span> <span class='ocrx_word' id='word_1_705' title='bbox 1868 5347 1965 5395; x_wconf 84' lang='grc' dir='ltr'>Νι-</span> 
     </span>
    </p>
   </div>
   <div class='ocr_carea' id='block_1_100' title="bbox 304 5411 1966 5472">
    <p class='ocr_par' dir='ltr' id='par_1_100' title="bbox 304 5411 1966 5472">
     <span class='ocr_line' id='line_1_100' title="bbox 304 5411 1966 5472; baseline 0.002 -5"><span class='ocrx_word' id='word_1_706' title='bbox 304 5411 513 5468; x_wconf 83' lang='grc' dir='ltr'>κολάου</span> <span class='ocrx_word' id='word_1_707' title='bbox 546 5415 925 5470; x_wconf 88' lang='lat' dir='ltr'>scribendum</span> <span class='ocrx_word' id='word_1_708' title='bbox 961 5430 1028 5468; x_wconf 87' lang='lat' dir='ltr'>ex</span> <span class='ocrx_word' id='word_1_709' title='bbox 1049 5417 1215 5470; x_wconf 89' lang='lat' dir='ltr'>Anna</span> <span class='ocrx_word' id='word_1_710' title='bbox 1262 5418 1558 5472; x_wconf 87' lang='lat' dir='ltr'>Comnena</span> <span class='ocrx_word' id='word_1_711' title='bbox 1619 5414 1966 5470; x_wconf 81' lang='lat' dir='ltr'>monuimus</span> 
     </span>
    </p>
   </div>
   <div class='ocr_carea' id='block_1_101' title="bbox 304 5486 1964 5558">
    <p class='ocr_par' dir='ltr' id='par_1_101' title="bbox 304 5486 1964 5558">
     <span class='ocr_line' id='line_1_101' title="bbox 304 5486 1964 5558; baseline 0.001 -18"><span class='ocrx_word' id='word_1_712' title='bbox 304 5486 364 5540; x_wconf 93' lang='lat' dir='ltr'>in</span> <span class='ocrx_word' id='word_1_713' title='bbox 400 5486 555 5558; x_wconf 83' lang='lat' dir='ltr'>notis</span> <span class='ocrx_word' id='word_1_714' title='bbox 589 5487 660 5541; x_wconf 89' lang='lat' dir='ltr'>ad</span> <span class='ocrx_word' id='word_1_715' title='bbox 694 5489 823 5556; x_wconf 77' lang='lat' dir='ltr'>ejus</span> <span class='ocrx_word' id='word_1_716' title='bbox 855 5486 1194 5542; x_wconf 67' lang='lat' dir='ltr'>Alexiadem.</span> <span class='ocrx_word' id='word_1_717' title='bbox 1246 5504 1298 5558; x_wconf 93' lang='lat' dir='ltr'>p.</span> <span class='ocrx_word' id='word_1_718' title='bbox 1332 5489 1458 5556; x_wconf 82' lang='grc'>246,</span> <span class='ocrx_word' id='word_1_719' title='bbox 1513 5486 1610 5542; x_wconf 89' lang='lat' dir='ltr'>ubi</span> <span class='ocrx_word' id='word_1_720' title='bbox 1655 5486 1964 5558; x_wconf 86' lang='lat' dir='ltr'>docuimus</span> 
     </span>
    </p>
   </div>
   <div class='ocr_carea' id='block_1_102' title="bbox 305 5555 1964 5629">
    <p class='ocr_par' dir='ltr' id='par_1_102' title="bbox 305 5555 1964 5629">
     <span class='ocr_line' id='line_1_102' title="bbox 305 5555 1964 5629; baseline 0.001 -17"><span class='ocrx_word' id='word_1_721' title='bbox 305 5555 556 5629; x_wconf 84' lang='lat' dir='ltr'>intelligi</span> <span class='ocrx_word' id='word_1_722' title='bbox 587 5555 797 5614; x_wconf 79' lang='lat' dir='ltr'>debere</span> <span class='ocrx_word' id='word_1_723' title='bbox 838 5559 1159 5614; x_wconf 82' lang='lat' dir='ltr'>oratorium</span> <span class='ocrx_word' id='word_1_724' title='bbox 1213 5555 1268 5614; x_wconf 40' lang='lat' dir='ltr'>Si</span> <span class='ocrx_word' id='word_1_725' title='bbox 1329 5558 1551 5615; x_wconf 88' lang='lat' dir='ltr'>Nicolai</span> <span class='ocrx_word' id='word_1_726' title='bbox 1604 5559 1759 5629; x_wconf 88' lang='lat' dir='ltr'>quod</span> <span class='ocrx_word' id='word_1_727' title='bbox 1808 5557 1964 5614; x_wconf 90' lang='lat' dir='ltr'>intra</span> 
     </span>
    </p>
   </div>
   <div class='ocr_carea' id='block_1_103' title="bbox 305 5627 1960 5702">
    <p class='ocr_par' dir='ltr' id='par_1_103' title="bbox 305 5627 1960 5702">
     <span class='ocr_line' id='line_1_103' title="bbox 305 5627 1960 5702; baseline 0.002 -17"><span class='ocrx_word' id='word_1_728' title='bbox 305 5627 528 5702; x_wconf 46' lang='lat' dir='ltr'>Magni&quot;</span> <span class='ocrx_word' id='word_1_729' title='bbox 552 5629 765 5702; x_wconf 88' lang='lat' dir='ltr'>Palatii</span> <span class='ocrx_word' id='word_1_730' title='bbox 815 5635 983 5702; x_wconf 89' lang='lat' dir='ltr'>septa</span> <span class='ocrx_word' id='word_1_731' title='bbox 1023 5631 1332 5688; x_wconf 64' lang='lat' dir='ltr'>aediﬁcavit</span> <span class='ocrx_word' id='word_1_732' title='bbox 1389 5627 1641 5688; x_wconf 86' lang='lat' dir='ltr'>Basilius</span> <span class='ocrx_word' id='word_1_733' title='bbox 1707 5631 1960 5702; x_wconf 89' lang='lat' dir='ltr'>Macedo,</span> 
     </span>
    </p>
   </div>
   <div class='ocr_carea' id='block_1_104' title="bbox 306 5701 1962 5773">
    <p class='ocr_par' dir='ltr' id='par_1_104' title="bbox 306 5701 1962 5773">
     <span class='ocr_line' id='line_1_104' title="bbox 306 5701 1962 5773; baseline 0.002 -16"><span class='ocrx_word' id='word_1_734' title='bbox 306 5701 586 5773; x_wconf 89' lang='lat' dir='ltr'>quodque</span> <span class='ocrx_word' id='word_1_735' title='bbox 617 5701 773 5762; x_wconf 89' lang='lat' dir='ltr'>idem</span> <span class='ocrx_word' id='word_1_736' title='bbox 799 5701 1038 5764; x_wconf 85' lang='lat' dir='ltr'>videtur</span> <span class='ocrx_word' id='word_1_737' title='bbox 1065 5722 1202 5764; x_wconf 90' lang='lat' dir='ltr'>cum</span> <span class='ocrx_word' id='word_1_738' title='bbox 1227 5705 1586 5764; x_wconf 85' lang='lat' dir='ltr'>monasterio</span> <span class='ocrx_word' id='word_1_739' title='bbox 1626 5707 1682 5760; x_wconf 88' lang='lat' dir='ltr'>S.</span> <span class='ocrx_word' id='word_1_740' title='bbox 1737 5701 1962 5765; x_wconf 85' lang='lat' dir='ltr'>Nicolai</span> 
     </span>
    </p>
   </div>
   <div class='ocr_carea' id='block_1_105' title="bbox 2081 5195 3748 5275">
    <p class='ocr_par' dir='ltr' id='par_1_105' title="bbox 2081 5195 3748 5275">
     <span class='ocr_line' id='line_1_105' title="bbox 2081 5195 3748 5275; baseline -0.002 -20"><span class='ocrx_word' id='word_1_741' title='bbox 2081 5199 2736 5275; x_wconf 10' lang='lat' dir='ltr'>sainct‘imonialuuipet</span> <span class='ocrx_word' id='word_1_742' title='bbox 2781 5200 3161 5275; x_wconf 78' lang='grc' dir='ltr'>Πατριαρχικὴ</span> <span class='ocrx_word' id='word_1_743' title='bbox 3195 5272 3204 5275; x_wconf 84' lang='lat'>_</span> <span class='ocrx_word' id='word_1_744' title='bbox 3235 5195 3518 5275; x_wconf 52' lang='grc' dir='ltr'>γυναικεία</span> <span class='ocrx_word' id='word_1_745' title='bbox 3605 5197 3748 5270; x_wconf 83' lang='grc' dir='ltr'>μονὴ</span> 
     </span>
    </p>
   </div>
   <div class='ocr_carea' id='block_1_106' title="bbox 2076 5270 3740 5346">
    <p class='ocr_par' dir='ltr' id='par_1_106' title="bbox 2076 5270 3740 5346">
     <span class='ocr_line' id='line_1_106' title="bbox 2076 5270 3740 5346; baseline 0 -23"><span class='ocrx_word' id='word_1_746' title='bbox 2076 5274 2172 5346; x_wconf 82' lang='grc' dir='ltr'>τοῦ</span> <span class='ocrx_word' id='word_1_747' title='bbox 2231 5271 2299 5346; x_wconf 82' lang='grc' dir='ltr'>ἀγ</span> <span class='ocrx_word' id='word_1_748' title='bbox 2327 5291 2390 5325; x_wconf 93' lang='grc' dir='ltr'>ου</span> <span class='ocrx_word' id='word_1_749' title='bbox 2451 5270 2729 5346; x_wconf 72' lang='grc' dir='ltr'>Νικολάου</span> <span class='ocrx_word' id='word_1_750' title='bbox 2798 5270 3132 5346; x_wconf 61' lang='lat' dir='ltr'>appellatur</span> <span class='ocrx_word' id='word_1_751' title='bbox 3190 5270 3259 5327; x_wconf 69' lang='grc' dir='ltr'>ἱῐ]⁷</span> <span class='ocrx_word' id='word_1_752' title='bbox 3326 5271 3543 5346; x_wconf 81' lang='lat' dir='ltr'>Typico</span> <span class='ocrx_word' id='word_1_753' title='bbox 3627 5287 3740 5325; x_wconf 83' lang='lat' dir='ltr'>ms.</span> 
     </span>
    </p>
   </div>
   <div class='ocr_carea' id='block_1_107' title="bbox 2074 5343 3742 5470">
    <p class='ocr_par' dir='ltr' id='par_1_107' title="bbox 2074 5343 3742 5470">
     <span class='ocr_line' id='line_1_107' title="bbox 2074 5343 3742 5470; baseline 0.001 -73"><span class='ocrx_word' id='word_1_754' title='bbox 2074 5344 2181 5427; x_wconf 71' lang='grc' dir='ltr'>τῆς</span> <span class='ocrx_word' id='word_1_755' title='bbox 2209 5343 2698 5470; x_wconf 56' lang='grc' dir='ltr'>Κεχαριιτωμὲνης,</span> <span class='ocrx_word' id='word_1_756' title='bbox 2750 5343 2853 5400; x_wconf 87' lang='lat' dir='ltr'>ubi</span> <span class='ocrx_word' id='word_1_757' title='bbox 2880 5343 3122 5402; x_wconf 71' lang='lat' dir='ltr'>exserte</span> <span class='ocrx_word' id='word_1_758' title='bbox 3154 5343 3437 5401; x_wconf 84' lang='lat' dir='ltr'>statuitur</span> <span class='ocrx_word' id='word_1_759' title='bbox 3468 5343 3522 5399; x_wconf 91' lang='lat' dir='ltr'>in</span> <span class='ocrx_word' id='word_1_760' title='bbox 3550 5347 3742 5398; x_wconf 86' lang='lat' dir='ltr'>tractu</span> 
     </span>
     <span class='ocr_line' id='line_1_108' title="bbox 2077 5417 2576 5470; baseline 0 0"><span class='ocrx_word' id='word_1_761' title='bbox 2077 5418 2218 5470; x_wconf 73' lang='lat' dir='ltr'>tEdlS</span> <span class='ocrx_word' id='word_1_762' title='bbox 2245 5417 2358 5470; x_wconf 90' lang='lat' dir='ltr'>Son</span> <span class='ocrx_word' id='word_1_763' title='bbox 2409 5433 2576 5470; x_wconf 67' lang='lat' dir='ltr'>lana.</span> 
     </span>
    </p>
   </div>
   <div class='ocr_carea' id='block_1_108' title="bbox 2077 5415 2576 5488">
    <p class='ocr_par' dir='ltr' id='par_1_108' title="bbox 2077 5415 2576 5488">
     <span class='ocr_line' id='line_1_109' title="bbox 2077 5415 2576 5488; baseline 0.004 -18"><span class='ocrx_word' id='word_1_764' title='bbox 2077 5415 2218 5471; x_wconf 73' lang='lat' dir='ltr'>aedis</span> <span class='ocrx_word' id='word_1_765' title='bbox 2245 5415 2576 5488; x_wconf 66' lang='lat' dir='ltr'>Sophianw.</span> 
     </span>
    </p>
   </div>
   <div class='ocr_carea' id='block_1_109' title="bbox 2151 5483 3742 5558">
    <p class='ocr_par' dir='ltr' id='par_1_109' title="bbox 2151 5483 3742 5558">
     <span class='ocr_line' id='line_1_110' title="bbox 2151 5483 3742 5558; baseline -0.004 -14"><span class='ocrx_word' id='word_1_766' title='bbox 2151 5483 2656 5558; x_wconf 78' lang='grc' dir='ltr'>(41)Μελισσηνόν.</span> <span class='ocrx_word' id='word_1_767' title='bbox 2722 5487 3174 5543; x_wconf 87' lang='lat' dir='ltr'>Melissenorum</span> <span class='ocrx_word' id='word_1_768' title='bbox 3236 5486 3472 5542; x_wconf 59' lang='lat' dir='ltr'>familiai</span> <span class='ocrx_word' id='word_1_769' title='bbox 3532 5483 3742 5558; x_wconf 84' lang='lat' dir='ltr'>memi-</span> 
     </span>
    </p>
   </div>
   <div class='ocr_carea' id='block_1_110' title="bbox 2077 5557 3736 5632">
    <p class='ocr_par' dir='ltr' id='par_1_110' title="bbox 2077 5557 3736 5632">
     <span class='ocr_line' id='line_1_111' title="bbox 2077 5557 3736 5632; baseline 0 -20"><span class='ocrx_word' id='word_1_770' title='bbox 2077 5557 2164 5632; x_wconf 85' lang='lat' dir='ltr'>nit</span> <span class='ocrx_word' id='word_1_771' title='bbox 2185 5557 2562 5632; x_wconf 82' lang='lat' dir='ltr'>Anonymum</span> <span class='ocrx_word' id='word_1_772' title='bbox 2590 5561 2648 5616; x_wconf 89' lang='lat' dir='ltr'>in</span> <span class='ocrx_word' id='word_1_773' title='bbox 2682 5560 2816 5615; x_wconf 88' lang='lat' dir='ltr'>Vita</span> <span class='ocrx_word' id='word_1_774' title='bbox 2838 5561 2898 5615; x_wconf 90' lang='lat' dir='ltr'>S.</span> <span class='ocrx_word' id='word_1_775' title='bbox 2930 5559 3149 5616; x_wconf 81' lang='lat' dir='ltr'>Ntcolai</span> <span class='ocrx_word' id='word_1_776' title='bbox 3201 5560 3464 5615; x_wconf 65' lang='lat' dir='ltr'>Studitae.</span> <span class='ocrx_word' id='word_1_777' title='bbox 3509 5575 3564 5632; x_wconf 69' lang='grc' dir='ltr'>ρ.</span> <span class='ocrx_word' id='word_1_778' title='bbox 3609 5557 3736 5612; x_wconf 81' lang='grc'>944.</span> 
     </span>
    </p>
   </div>
   <div class='ocr_carea' id='block_1_111' title="bbox 2073 5629 3736 5707">
    <p class='ocr_par' dir='ltr' id='par_1_111' title="bbox 2073 5629 3736 5707">
     <span class='ocr_line' id='line_1_112' title="bbox 2073 5629 3736 5707; baseline 0 -23"><span class='ocrx_word' id='word_1_779' title='bbox 2073 5629 2253 5707; x_wconf 73' lang='lat' dir='ltr'>Plura</span> <span class='ocrx_word' id='word_1_780' title='bbox 2277 5629 2451 5690; x_wconf 79' lang='lat' dir='ltr'>etiam</span> <span class='ocrx_word' id='word_1_781' title='bbox 2485 5635 2556 5689; x_wconf 91' lang='lat' dir='ltr'>de</span> <span class='ocrx_word' id='word_1_782' title='bbox 2588 5649 2656 5690; x_wconf 86' lang='lat' dir='ltr'>ea</span> <span class='ocrx_word' id='word_1_783' title='bbox 2687 5633 3099 5707; x_wconf 82' lang='lat' dir='ltr'>congessimus</span> <span class='ocrx_word' id='word_1_784' title='bbox 3131 5632 3189 5689; x_wconf 93' lang='lat' dir='ltr'>in</span> <span class='ocrx_word' id='word_1_785' title='bbox 3213 5633 3472 5689; x_wconf 76' lang='lat' dir='ltr'>Famitiis</span> <span class='ocrx_word' id='word_1_786' title='bbox 3513 5630 3736 5702; x_wconf 63' lang='lat' dir='ltr'>Byzan-</span> 
     </span>
    </p>
   </div>
   <div class='ocr_carea' id='block_1_112' title="bbox 2073 5703 2553 5779">
    <p class='ocr_par' dir='ltr' id='par_1_112' title="bbox 2073 5703 2553 5779">
     <span class='ocr_line' id='line_1_113' title="bbox 2073 5703 2553 5779; baseline 0 -17"><span class='ocrx_word' id='word_1_787' title='bbox 2073 5703 2224 5775; x_wconf 72' lang='grc' dir='ltr'>ιίηἰε,</span> <span class='ocrx_word' id='word_1_788' title='bbox 2257 5719 2393 5779; x_wconf 84' lang='lat' dir='ltr'>pag.</span> <span class='ocrx_word' id='word_1_789' title='bbox 2429 5707 2553 5765; x_wconf 84' lang='grc'>175.</span> 
     </span>
    </p>
   </div>
  </div>
