4126 6372
339 399 462 459 299

1703 388 2036 453 JOANNIS
2081 387 2429 450 ZONARE

3659 395 3786 454 300

349 529 622 603 τριάοχης
654 523 790 601 ἁνήρ
828 527 1092 601 μοναχὸς,
1126 527 1154 580 ὁ
1187 522 1572 600 Γραμματικὸς
1604 519 2009 594 ὀνομαζόμενος
2042 517 2336 586 Νικόλαος,
2367 517 2420 573 ἐν
2455 519 2676 590 ἀσκήσει
2701 521 2792 575 τὸν
2830 490 2948 596 βίον
2982 518 3275 592 διηνυκὼς,
3306 522 3395 577 καὶ
3436 520 3564 578 οὐδὲ
3593 529 3696 594 τῆς
3727 523 3784 579 ἐν

353 614 542 691 λόγοις
574 613 818 677 παιδείας
851 615 1144 689 ἀμὲθεκτος
1175 612 1271 685 ὣν,
1304 611 1398 667 κᾶν
1438 613 1513 684 μὴ
1546 609 1861 685 κατακόρως
1891 606 2091 678 ταύτης
2127 607 2482 683 μετέσχηκεν.

418 706 586 760 XXII.
621 707 980 761 Commenus
1014 722 1214 760 recens
1249 704 1471 775 potitus
1490 718 1708 768 rerum,
1735 701 2004 754 nuntiata

2190 698 2305 753 KB'.
2339 698 2495 772 Ἀρτι
2549 696 2606 754 δὲ
2647 701 2744 768 τῆς
2801 695 3080 774 βασιλείας
3132 693 3487 772 ἐπιϐεϐηκότι
3543 705 3622 774 τῷ
3671 704 3783 760 Κο-

347 797 583 852 Roberti
619 799 850 863 Franci,
876 797 982 850 viri
1007 796 1201 850 callidi
1229 801 1285 849 et
1307 793 1764 858 bellicosissimi,
1798 798 2003 846 contra

346 886 739 957 Epidamnum
774 885 1160 956 expeditione,
1223 888 1279 937 et
1320 883 1445 954 ipse
1494 882 1636 937 illuc
1684 880 1999 952 profectus,

346 974 784 1044 commissoque
818 973 1011 1044 prwlio
1041 973 1254 1039 victus,
1299 971 1548 1043 turpiter
1579 969 1749 1041 fugit,
1797 969 2003 1024 multis

347 1081 464 1119 non
499 1064 781 1135 gregariis
814 1061 1105 1117 militibus
1139 1062 1443 1129 duntaxat,
1478 1061 1578 1115 sed
1636 1059 1776 1114 viris
1824 1060 2003 1114 etiam

347 1153 628 1225 dignitate
654 1153 1070 1225 praestantibus
1091 1155 1147 1206 et
1170 1151 1310 1223 regii
1336 1148 2001 1221 sanguinisintcrfectis,

349 1243 608 1312 totisque
630 1241 839 1296 castris
871 1241 1059 1312 captis
1091 1240 1163 1295 ab
1196 1241 1490 1295 hostibus.
1517 1239 1789 1309 Cumque
1820 1239 2002 1310 impe-

343 1335 501 1386 rator
530 1330 875 1401 Byzantium
907 1330 1096 1384 victus
1129 1329 1397 1384 redisset.
1455 1327 1694 1382 Barbari
1768 1325 2009 1382 victoria

347 1418 557 1489 inflati,
605 1417 969 1472 conﬁdenter
1016 1433 1220 1472 omnes
1264 1416 1626 1481 invaserunt,
1677 1419 1734 1469 et
1794 1415 2009 1485 oppida

350 1507 620 1579 quaedam
708 1510 1012 1577 ceperunt,
1075 1511 1137 1560 ut
1189 1506 1512 1560 Castoriam
1574 1508 1630 1558 et
1689 1503 2006 1572 Larissam,

349 1593 742 1667 imperatricis
773 1611 1004 1666 quoque
1055 1594 1217 1650 urbis
1267 1594 1560 1648 excidium
1620 1591 2005 1648 somniantes.

349 1683 570 1739 Verum
600 1681 924 1754 imperator
955 1683 1151 1737 denuo
1182 1682 1409 1737 edactis
1441 1680 1647 1752 copiis,
1681 1685 1738 1735 et
1793 1679 2009 1734 Barba-

353 1775 475 1830 rico
535 1775 802 1846 praesidio
859 1775 1122 1828 Castoria
1181 1773 1376 1844 pulso,
1438 1777 1641 1828 contra
1691 1772 2009 1827 Robertum

353 1863 496 1930 abit,
524 1863 770 1934 ejusque
801 1863 1182 1918 calliditatem
1219 1867 1342 1917 arte
1389 1861 1594 1916 eludit.
1648 1861 1793 1916 Nam
1845 1859 2010 1915 fratri

351 1952 608 2009 Adriano
641 1952 840 2007 habitu
875 1951 1252 2024 imperatorio
1283 1951 1746 2015 accommodato,
1801 1949 2013 2005 exerci-

2116 789 2302 856 μνηνῷ
2349 783 2558 860 ἠγγέλη
2616 787 2643 840 6
2695 787 2950 861 Φράγγος
2980 786 3318 864 Ῥομπὲρτος
3361 786 3438 850 εἰς
3494 790 3594 858 τήν
3629 789 3781 847 Ἐπί-

2113 869 2314 944 δαμνον
2381 871 2893 948 διαπεραιούμενος,
2949 875 3086 950 ἀνὴρ
3169 878 3478 954 πανοῦργός
3551 899 3610 933 τε
3685 879 3779 935 καὶ

2112 960 2588 1034 πολεμικώτατος.
2641 963 2845 1020 Αὐτίκα
2909 965 3090 1018 τοίνυν
3153 965 3243 1020 καὶ
3302 967 3329 1020 6
3387 966 3643 1041 βασιλεὺς
3703 967 3782 1040 ἐξ·

2113 1050 2446 1126 εστράτευσε⁹
2478 1053 2572 1107 καὶ
2603 1053 2896 1128 γενόμενος
2943 1054 3078 1109 κατὰ
3126 1055 3188 1109 τὸ
3240 1054 3570 1132 Δυῤῥάχιον,
3603 1077 3783 1131 προσ-

2116 1135 2312 1196 ϐάλλει
2395 1147 2514 1206 τοῖς
2567 1141 2885 1214 πολεμίοις,
2941 1144 3030 1197 καὶ
3090 1144 3350 1215 ἡττηθεὶς
3403 1147 3514 1218 (16)
3572 1143 3786 1210 ἀκλεῶς

2116 1224 2298 1305 ἔφυγε,
2354 1230 2582 1286 πολλῶν
2645 1230 2756 1286 ἐκεῖ
2837 1231 3110 1287 πεσόντων
3171 1233 3233 1288 οὐ
3313 1237 3421 1288 τῶν
3497 1234 3784 1309 τυχόντων

2123 1319 2283 1390 μόνον
2326 1325 2700 1392 στρατιωτῶν,
2732 1316 2877 1374 ἀλλὰ
2928 1321 3019 1374 καὶ
3065 1324 3174 1375 τῶν
3231 1319 3286 1376 ἐν
3340 1321 3643 1397 ὑπεροχαῖς
3690 1325 3781 1379 καὶ

2124 1405 2404 1480 βασιλείου
2434 1409 2816 1484 τυγχανόντων
2859 1407 2909 1478 ἐξ
2941 1405 3192 1482 α’ίματος,
3223 1410 3314 1464 καὶ
3364 1411 3399 1480 ἡ
3448 1406 3778 1485 παρεμϐολή

2119 1493 2370 1566 ξύμπασα
2427 1496 2574 1552 ἑάλω
2630 1503 2746 1560 τοῖς
2775 1496 3161 1571 πολεμίος.Ὁ
3221 1497 3316 1570 μὶν
3376 1497 3467 1554 οὗν
3527 1499 3779 1574 βασιλεὺς

2118 1584 2429 1656 ἡττημένος
2475 1584 2775 1652 ἐπανῆλθεν
2826 1586 2904 1648 εἴς
2951 1587 3014 1641 τὸ
3063 1587 3373 1656 Βυζάντιον.
3407 1589 3475 1645 Οἱ
3535 1587 3594 1644 δὶ
3643 1591 3781 1663 Βάρ-

2121 1667 2280 1748 ϐαροι
2354 1677 2421 1748 τῇ
2496 1674 2616 1750 νίκῃ
2683 1675 3082 1753 πεφυσημένοι,
3139 1675 3310 1749 ὁμόσε
3367 1677 3506 1732 κατὰ
3561 1679 3777 1734 πάντων

2120 1759 2391 1837 ἐχώρουν,
2424 1763 2513 1819 καὶ
2573 1764 2719 1820 εἷλον
2768 1766 2875 1819 τῶν
2926 1762 3286 1838 πολισμάτων
3336 1767 3477 1837 τινὰ,
3509 1767 3584 1822 ὧν
3643 1768 3779 1836 ἦσαν

2120 1852 2155 1919 ἡ
2203 1851 2470 1925 Καστορία
2531 1874 2592 1908 τε
2666 1855 2754 1908 καὶ
2830 1855 2866 1924 ἡ
2926 1855 3186 1928 Λάρισσα.
3247 1855 3668 1930 Ὠνειροπάλουν
3725 1854 3786 1912 δὲ

2121 1941 2212 1995 καὶ
2273 1939 2440 2010 αὐτὴν
2497 1943 2598 2010 τὴν
2663 1939 2920 2018 βασιλίδα
2948 1947 3059 1998 τῶν
3093 1943 3314 1999 πόλεων
3349 1945 3786 2019 καταλήψεσθαι.

355 2049 535 2113 tuque
562 2041 696 2096 dato
728 2041 992 2112 mandat,
1035 2045 1099 2095 ut
1129 2044 1330 2095 contra
1383 2039 1702 2096 Robertum
1760 2039 1814 2094 in
1874 2056 2004 2110 pro-

2123 2027 2279 2086 Ἀλλ’
2311 2031 2338 2084 6
2369 2029 2624 2106 βασιλεὺς
2654 2032 2741 2086 καὶ
2793 2029 2960 2086 πάλιν
3015 2031 3374 2107 ἐκστρατεύει,
3407 2035 3496 2089 καὶ
3546 2035 3790 2092 ἀπελαύ-

341 2130 539 2186 cinctu
572 2134 709 2196 stet,
744 2146 928 2201 eoque
961 2133 1218 2202 pugn‘am
1261 2127 1468 2194 ciente,
1523 2133 1686 2199 tergo
1738 2127 1872 2182 dato
1927 2127 2012 2182 fu-

350 2217 494 2290 giat,
524 2217 650 2288 ipse
680 2233 811 2272 vero
843 2233 977 2271 cum
1013 2217 1240 2287 reliquo
1272 2217 1528 2270 exercitu
1572 2232 1675 2286 per
1731 2217 2012 2287 ambages

352 2312 409 2361 et
439 2307 598 2361 invia
619 2305 745 2361 loca
774 2305 993 2361 vallum
1020 2306 1372 2360 Francorum
1397 2319 1733 2375 aggressus,
1757 2303 2014 2359 tentoria

347 2410 548 2450 eorum
584 2393 806 2465 diripit,
843 2409 1249 2466 magnamque
1299 2392 1515 2448 caedem
1564 2391 1704 2447 edit.
1760 2391 2009 2447 Roberto

353 2488 550 2538 autem
583 2483 640 2537 in
675 2481 1404 2554 ﬂictitiumimperatorem
1429 2481 1715 2553 impetum
1742 2481 2008 2549 faciente,

352 2573 452 2629 ille
483 2589 616 2627 cum
648 2572 772 2627 suis
802 2572 1011 2627 laxatis
1042 2571 1288 2626 habenis
1320 2571 1486 2642 fugit.
1550 2574 1675 2638 Qua
1716 2571 1788 2626 de
1832 2587 2011 2625 causa

356 2663 647 2717 Barbarus
679 2661 870 2732 magis
900 2660 1074 2715 etiam
1110 2660 1472 2731 gloriabatur
1501 2663 1558 2714 et
1597 2658 2006 2726 insolescebat,

357 2751 525 2824 quasi
560 2767 733 2805 nemo
764 2749 1038 2822 congredi
1073 2765 1272 2805 secum
1311 2749 1573 2804 auderet.
1609 2748 1847 2803 Interim
1877 2765 2007 2804 vero

357 2840 628 2896 nuntiata
655 2839 794 2894 valli
849 2838 1174 2893 vastatione
1230 2843 1288 2894 et
1341 2836 1584 2893 interitu
1639 2853 1841 2893 eorum
1905 2837 2007 2908 qui

353 2929 475 2983 illic
510 2927 778 2998 fuissent,
813 2927 965 2984 ‘298
999 2926 1201 2982 statim
1234 2933 1292 2982 et
1350 2925 1565 2981 animis
1624 2931 1680 2981 et
1734 2927 2008 2982 manibus

353 3017 640 3086 dimissis,
667 3017 930 3072 recessit.
967 3021 1289 3088 Imperator
1319 3015 1884 3087 Constantinopolim
1918 3033 2007 3072 re-

351 3123 578 3178 versus,
604 3105 842 3162 insidiis
871 3105 1139 3172 detectis,
1174 3104 1498 3176 praecipuos
1554 3120 1758 3158 earum
1809 3108 2008 3160 aucto-

359 3212 454 3252 res
485 3195 950 3268 comprehendit,
1011 3212 1042 3250 e
1098 3195 1316 3265 quibus
1373 3196 1541 3248 erant
1596 3196 1654 3248 et
1710 3191 2008 3264 legionum

359 3287 562 3355 duces,
595 3288 652 3340 et
684 3284 850 3339 multi
885 3302 954 3340 ex
1010 3284 1393 3355 popularibus
1450 3286 1508 3337 et
1557 3281 1822 3353 patribus
1872 3299 2010 3337 con-

359 3374 616 3445 scriptis,
645 3373 745 3445 qui
776 3373 1199 3442 conjurationis
1228 3387 1357 3426 esse
1385 3370 1603 3425 conscii
1629 3371 2008 3441 putabantur,

2125 2141 2203 2173 νει
2236 2119 2330 2193 μὶν
2354 2127 2455 2189 τῆς
2484 2122 2788 2196 Καστορίας
2819 2119 2946 2184 τοὺς
2998 2120 3171 2191 αὐτὴν
3222 2127 3593 2201 φρουροῦντας
3649 2127 3791 2201 Βαρ-

2122 2202 2346 2282 ϐάρους,
2380 2209 2560 2263 ἄπεισι
2611 2207 2668 2265 δὲ
2709 2211 2846 2264 κατὰ
2893 2213 2990 2264 τοῦ
3041 2211 3407 2286 Ῥομπὲρτου,
3451 2213 3543 2268 καὶ
3602 2234 3792 2288 στρατ-

2121 2297 2370 2372 ηγήματι
2398 2298 2497 2366 τὴν
2531 2295 2734 2352 ἐκείνου
2791 2295 3077 2370 δεινότητα
3128 2299 3356 2373 μέτεισι.
3389 2305 3476 2374 Τῷ
3536 2302 3633 2375 μὲν
3682 2304 3786 2380 γὰρ

2122 2383 2342 2463 ἀδελφῷ
2369 2383 2641 2463 ’Δδριανῷ
2669 2387 2732 2442 τὸ
2774 2394 2972 2463 σχῆμα
2999 2389 3060 2443 τὸ
3106 2387 3390 2464 βασιλικὸν
3447 2391 3782 2467 περιτίθησι,

2120 2474 2209 2528 καὶ
2259 2474 2564 2550 στράτευμα
2618 2472 2744 2538 δοὺς
2803 2476 2969 2548 αὐτῷ,
3004 2476 3247 2532 ἰναντίον
3303 2483 3401 2534 τοῦ
3439 2481 3777 2556 Ῥομπὲρτου

2120 2570 2308 2633 στῆναι
2369 2561 2760 2620 διακελεύεται.
2796 2565 2858 2620 Εἰ
2913 2562 2960 2620 δ’
2988 2565 3199 2630 ἐκεῖνος
3249 2567 3485 2641 ὁρμήσει
3535 2569 3778 2646 μαχέσα-

2120 2664 2262 2723 σθαι,
2321 2654 2544 2728 στρέψαι
2599 2653 2666 2708 τὰ
2720 2657 2866 2708 νῶτα
2921 2654 3012 2710 καὶ
3078 2655 3272 2710 αὐτίκα
3329 2661 3538 2734 φυγεῖν.
3597 2662 3776 2715 Ταῦτα

2122 2741 2220 2814 μὶν
2287 2739 2378 2796 οὖν
2454 2743 2534 2815 τῷ
2609 2740 3072 2818 ἐσχηματισμένῳ
3153 2743 3369 2819 βασιλεῖ
3426 2745 3772 2802 ἐνετείλατο·

2119 2830 2323 2894 ἰκεῖνος
2374 2829 2432 2886 δὲ
2482 2831 2617 2906 μετᾶ
2661 2839 2760 2902 τῆς
2815 2829 3018 2904 λοιπῆς
3047 2840 3300 2910 στρατιᾶς
3332 2831 3402 2890 δι’
3456 2833 3597 2892 ὁδῶν
3634 2835 3778 2910 ἀδή-

2119 2919 2230 2976 λων
2259 2918 2633 2997 περιοδεύσας,
2659 2921 2748 2976 καὶ
2777 2926 2857 2995 τῷ
2885 2927 2994 2978 τῶν
3033 2923 3308 3000 Φράγγων
3352 2919 3609 2996 ἐμϐαλὼν
3667 2925 3780 3002 χά-

2120 3029 2263 3086 ρακι,
2321 3010 2416 3071 τάς
2472 3030 2530 3064 τε
2589 3009 2789 3080 σκηνὰς
2824 3009 3000 3066 αὐτῶν
3033 3012 3118 3066 καὶ
3152 3011 3219 3066 τὰ
3271 3011 3320 3066 ἰν
3381 3011 3570 3077 αὐταῖς
3627 3012 3783 3087 ἐληΐ-

2119 3120 2270 3168 σατο,
2303 3098 2391 3154 καὶ
2425 3100 2587 3178 φόνον
2620 3099 2794 3155 πολὺν
2827 3099 3146 3172 ἐποιήσατο.
3182 3103 3292 3158 Τοῦ
3333 3102 3674 3179 Ῥομπὲρτου
3723 3101 3780 3160 δὲ

2119 3189 2256 3243 κατᾶ
2283 3193 2378 3243 τοῦ
2435 3186 2913 3266 ἐσχηματισμένοτ
2967 3188 3238 3266 βασιλέως
3283 3190 3629 3266 ὁρμήσαντος
3682 3194 3774 3246 κά-

2118 3282 2295 3340 κεῖνος
2325 3277 2414 3333 καὶ
2445 3281 2480 3348 ἡ
2514 3279 2605 3332 σὺν
2639 3278 2783 3351 αὕτῷ
2814 3279 3039 3354 στρατιὰ
3065 3279 3132 3334 τὰ
3174 3277 3380 3355 χαλινά
3437 3279 3772 3356 χαλάσαντος

2124 3361 2348 3445 ἔφυγον.
2382 3368 2442 3424 Ὁ
2475 3364 2532 3421 δὲ
2567 3362 2841 3442 βάρϐαρος
2872 3366 3099 3444 ἐγαυρία
3131 3365 3346 3441 μᾶλλον
3399 3369 3489 3425 καὶ
3549 3370 3774 3446 ἐπῆρτο,

360 3463 510 3518 falso
543 3461 828 3534 plerique,
863 3466 929 3516 ut
968 3461 1183 3524 ferunt,
1233 3475 1301 3514 ea
1343 3459 1416 3513 de
1463 3474 1641 3513 causa
1686 3457 1746 3512 in
1791 3459 2004 3515 crimen

2126 3439 2198 3517 ὧς
2227 3439 2686 3532 ἀπροσμάχη-τος.
2720 3439 2808 3512 Ἐν
2840 3439 3020 3528 τοότω
3051 3453 3099 3510 δ’
3129 3439 3454 3532 ἆγγιλλεται
3487 3439 3780 3532 αὐτῷ-τοῦ

363 3550 578 3618 vocati,
612 3554 676 3604 ut
706 3549 876 3606 bonis
930 3550 1316 3620 privarentur.
1363 3547 1729 3619 Compressis
1777 3548 2015 3604 Roberti

362 3637 952 3706 insultibus,aliunde
978 3636 1219 3692 Romani
1246 3637 1473 3708 imperii
1500 3635 1697 3692 hostes
1719 3638 2012 3694 exstitere.

364 3727 510 3783 Nam
544 3727 742 3796 Turci,
776 3725 1006 3782 Oriente
1063 3726 1328 3792 subacto,
1386 3741 1458 3781 ne
1505 3725 1718 3781 insulis
1771 3726 2011 3798 quidem

361 3813 1032 3870 abstinebant.Tzachas
1054 3813 1210 3868 enim
1239 3813 1616 3880 Turcus,non
1639 3813 1886 3870 illustris
1915 3815 2012 3870 ille

358 3903 620 3974 quidem,
655 3903 755 3956 sed
789 3901 876 3955 vir
901 3917 1034 3956 acer
1062 3906 1120 3957 et
1146 3918 1367 3972 magna:
1421 3901 1839 3974 improbitatis,
1872 3919 2007 3959 cum

357 3992 561 4066 paucis
593 3991 877 4046 naviculis
907 3990 1102 4047 insula
1131 3992 1272 4048 Chio
1323 4007 1389 4046 ex
1442 3991 1758 4064 improviso
1815 3997 2006 4066 capta,

355 4087 413 4140 et
444 4083 632 4138 classe
663 4081 742 4137 ibi
773 4081 1079 4150 aedificata,
1115 4082 1388 4151 Lesbum,
1421 4088 1686 4149 Samum,
1715 4082 2005 4155 Rhodum,

351 4177 412 4228 et
443 4173 642 4244 plures
675 4170 820 4226 alias
851 4169 1078 4226 insulas
1137 4172 1480 4242 occupavit:
1539 4172 1696 4226 unde
1742 4177 1941 4227 tamen
1972 4189 2007 4227 a

352 4261 619 4317 Romana
648 4260 834 4315 classe
861 4260 1083 4331 [pulsus
1143 4264 1251 4314 est.
1313 4260 1420 4313 Sed
1482 4263 1542 4314 et
1596 4259 1793 4314 insula
1839 4259 2006 4317 Creta

352 4357 528 4422 atque
567 4350 742 4404 etiam
803 4348 1028 4420 Cyprus
1086 4348 1446 4418 defecerunt,
1503 4345 1687 4402 altera
1725 4365 1758 4403 a
1805 4348 2002 4404 Carice

349 4441 651 4508 occupata,
686 4436 1028 4506 imperatori
1064 4452 1126 4490 se
1157 4439 1510 4506 Opponente,
1573 4434 1755 4490 altera
1785 4453 1818 4490 a
1849 4436 2000 4492 Rha-

349 4528 701 4598 psommato.
736 4522 951 4578 Verum
985 4523 1072 4578 ha:
1104 4539 1338 4593 quoque
1369 4522 1553 4576 multo
1586 4527 1718 4593 post
1737 4522 2000 4582 Romano

345 4617 593 4688 imperio
625 4619 765 4670 sunt
794 4617 1168 4684 recuperatae.
1205 4612 1369 4667 Unde
1397 4613 1714 4683 imperator
1770 4615 2000 4688 impen-

346 4721 547 4762 sorum
571 4721 770 4775 egens,
803 4702 1060 4774 pecunias
1093 4701 1372 4758 faciendas
1403 4702 1682 4774 rationes,
1721 4720 1752 4758 a
1775 4706 1998 4763 ratione

2121 3544 2362 3620 χάρακος
2391 3545 2425 3614 ἡ
2462 3540 2806 3620 ἱκπόρθησις,
2837 3544 2928 3599 καὶ
2960 3547 2995 3614 ἡ
3029 3547 3204 3623 φθορὰ
3239 3549 3346 3599 τῶν
3397 3545 3527 3616 ἐκεῖ,
3558 3548 3651 3602 καὶ
3695 3546 3780 3603 εὗ-

2121 3632 2214 3695 θὺς
2269 3638 2494 3708 παρεῖτο
2549 3633 2640 3688 καὶ
2697 3633 2790 3695 τὰς
2833 3638 3045 3709 χεῖρας,
3094 3635 3184 3688 καὶ
3251 3634 3351 3704 τήν
3423 3637 3635 3711 ψυχὴν,
3689 3637 3780 3692 καὶ

2122 3723 2295 3777 ἀπιὼν
2327 3719 2529 3798 ᾤχετο.
2561 3724 2622 3779 Ὁ
2651 3719 2708 3777 δὶ
2742 3721 2997 3798 βασιλεὺς
3022 3722 3329 3779 ἐπανελθὼν
3362 3723 3440 3786 εἷς
3470 3727 3570 3794 τὴν
3632 3732 3781 3781 Κων-

2121 3812 2424 3880 σταντίνου,
2462 3811 2788 3886 μηνυθείσης
2818 3807 3121 3883 ἐπιϐουλῆς
3152 3812 3319 3885 αὐτῷ,
3346 3812 3476 3876 τούς
3532 3835 3591 3869 τε
3646 3814 3778 3869 ταύ-

2118 3922 2215 3972 της
2271 3899 2661 3976 πρωτοσργοὺς
2723 3899 2978 3977 συνέσχεν
3031 3900 3090 3956 ἐκ
3132 3905 3239 3956 τῶν
3294 3905 3641 3979 ταγματικῶν
3685 3899 3774 3957 ὅν-

2115 4012 2210 4053 τας
2241 3989 2524 4066 ἀρχόντων
2557 3987 2646 4044 καί
2676 3987 2921 4051 πολλοὺς
2949 3993 3058 4045 τῶν
3087 3988 3374 4067 ἐγχωρίων
3405 3992 3493 4046 καὶ
3522 3997 3623 4060 τῆς
3648 4011 3772 4067 συγ-

2116 4078 2325 4150 κλήτου
2360 4077 2590 4154 βουλῆς,
2624 4079 2698 4140 ὡς
2733 4079 2873 4153 τάχα
2903 4079 3218 4150 συνίστορας
3248 4080 3373 4142 τοὺς
3417 4078 3658 4148 πλείους,
3692 4078 3768 4142 ὥς

2116 4191 2296 4244 φασιν,
2332 4166 2392 4221 οὗ
2427 4164 2484 4222 δὲ
2529 4168 2666 4240 πρὸς
2717 4166 2998 4239 ἀλήθειαν,
3032 4165 3160 4221 ἀλλ’
3184 4165 3278 4222 ἵνα
3335 4173 3469 4246 σφᾶς
3507 4167 3774 4244 γυμνώσῃ

2111 4263 2218 4314 τῶν
2268 4255 2642 4333 ὑπαρχόντων.
2674 4257 2740 4311 Ἡ
2793 4257 2886 4329 μὲν
2943 4253 3036 4310 οὖν
3089 4260 3185 4311 τοῦ
3216 4257 3554 4331 Ῥομπὲρτου
3601 4255 3780 4312 ἐπίθε-

2114 4369 2196 4410 σις
2227 4345 2492 4415 πέπαυτο,
2524 4345 2782 4421 ἑτέρωθεν
2817 4342 2863 4398 δ’
2893 4346 3047 4408 αὖθις
3076 4349 3144 4419 τῇ
3175 4346 3460 4419 Ῥωμαίων
3508 4345 3780 4420 ἡγεμονίᾳ

2113 4435 2304 4513 ἐχθροὶ
2349 4433 2745 4490 ἐπανίστανται.
2779 4434 2841 4487 Οἱ
2876 4434 2980 4509 γὰρ
3027 4438 3284 4510 Τοῠρκοι,
3315 4435 3415 4504 τὴν
3468 4435 3642 4508 ’Κῴαν
3690 4436 3780 4513 ὑφ’

2111 4525 2334 4587 ἑαυτοὺς
2392 4524 2782 4596 ποιησάμενοι,
2843 4520 2968 4578 οὐδὲ
3020 4528 3129 4578 τῶν
3199 4525 3382 4594 νήσων
3440 4522 3774 4599 ἀπέσχοντο·

2109 4612 2271 4671 Ἀλλ’
2301 4615 2328 4668 6
2357 4617 2590 4687 Τζαχᾶς,
2621 4615 2863 4685 Τοῦρκος
2897 4608 2955 4666 δὲ
2981 4611 3074 4666 καὶ
3107 4611 3290 4681 οὗτος,
3324 4611 3386 4666 οὐ
3437 4616 3548 4666 τῶν
3581 4611 3778 4689 ἐπιφα-

2106 4709 2238 4775 νῶν,
2271 4700 2439 4764 δεινὸς
2469 4699 2527 4756 δὲ
2553 4699 2643 4755 καὶ
2673 4700 2773 4770 τὴν
2805 4697 3073 4776 πονηρίαν
3102 4699 3296 4774 πολὺς,
3329 4696 3419 4755 διὰ
3463 4697 3782 4778 πλοιαρίων

1627 4868 1831 4930 Variae
1861 4868 2162 4935 lectiones
2191 4876 2255 4934 et
2284 4875 2473 4931 notae.

415 5007 520 5077 (16)
549 5001 653 5058 Καὶ
697 4996 974 5077 ἡττηθείς.
1037 4999 1114 5054 De
1176 5000 1279 5077 hac
1337 4999 1572 5077 Roberti
1622 5000 1886 5077 victoria,
1923 5003 1997 5059 ad

341 5072 751 5152 Dyrrachium,
786 5073 870 5152 sic
902 5072 1102 5152 Lupus
1125 5073 1786 5152 protospatbajmdnno
1837 5075 1994 5152 1982,

343 5143 445 5208 hoc
465 5163 612 5204 anno
641 5145 988 5215 complentur
1016 5143 1082 5197 ab
1113 5145 1276 5198 initio
1309 5145 1508 5200 mundi
1536 5145 1699 5210 6281,
1730 5146 1798 5199 ab
1854 5143 1998 5203 Urbi;

342 5224 468 5286 824,
503 5220 734 5274 Alexius
768 5219 1084 5288 imperator,
1110 5217 1334 5270 collecto
1358 5218 1563 5284 grandi
1590 5219 1997 5288 exercitu,iniit

345 5285 554 5350 bellum
575 5307 697 5344 cum
731 5285 958 5343 Roberto
988 5285 1122 5362 duce
1179 5288 1330 5362 haud
1377 5289 1535 5356 longe
1581 5305 1616 5362 ᾳ
1663 5285 1991 5362 Dyrrachio,

341 5371 391 5420 et
437 5369 594 5430 terga
650 5376 833 5414 versus
887 5360 1053 5427 fugit,
1107 5359 1527 5430 cecideruntque
1581 5361 1642 5414 in
1699 5359 1763 5416 ea
1805 5359 1996 5432 pugna

335 5433 805 5507 plusquamtiQOQ
835 5445 903 5484 ex
922 5434 1066 5507 suis,
1090 5435 1333 5507 fuerunt
1354 5437 1544 5487 autem
1575 5433 1633 5507 in
1654 5433 1769 5502 ejus
1801 5449 1988 5507 exer-

337 5503 538 5562 iritu'70
565 5504 750 5576 millia
782 5503 1086 5576 hominum.
1155 5505 1227 5576 De
1285 5504 1471 5558 altera
1526 5504 1598 5557 ad
1656 5503 1992 5576 Cassiopem

341 5575 575 5633 Roberli
606 5575 864 5636 victoria,
899 5591 1076 5636 quam
1127 5575 1301 5628 etiam
1360 5576 1526 5629 Anna
1575 5575 1996 5632 commembrat

339 5651 425 5705 sic
456 5647 555 5702 ille
587 5647 658 5702 ad
683 5664 776 5702 an.
802 5645 941 5700 1085
967 5664 978 5700 :
1017 5646 1321 5702 Praedictus
1350 5645 1468 5718 dua:
1485 5646 1695 5718 grandi
1751 5664 1993 5718 appara-

337 5724 397 5778 tu
425 5721 677 5785 navium,
713 5718 1103 5789 hominumque
1115 5717 1523 5774 innumerabili
1537 5717 1989 5776 exercitu’Brun-

2108 5005 2436 5078 dusiopolim
2466 5002 2690 5058 veniens
2745 5002 3024 5078 depqsita_
3049 4999 3266 5078 ibidem
3311 5000 3505 5056 navali
3559 4998 3774 5078 maelii-

2107 5071 2362 5142 natio'ne,
2386 5078 2668 5146 ingressus
2698 5082 2778 5128 est
2806 5071 3150 5146 Adriaticum
3177 5073 3426 5144 pelagus,
3458 5074 3772 5146 perrexit-

2106 5166 2209 5220 que
2241 5151 2301 5203 in
2331 5143 2574 5204 insulam
2594 5148 2817 5220 nomine
2833 5143 3188 5220 gassiopim,’
3209 5143 3537 5220 ubi_Stqlus
3596 5144 3768 5200 Vene-

2107 5216 2363 5285 iicorum,
2391 5225 2442 5276 et
2472 5220 2623 5290 ﬁlius
2646 5217 2802 5290 duci:
2833 5218 3074 5274 Venetiae
3118 5216 3558 5290 cnm_.plurimos
3602 5232 3768 5290 navis

2107 5293 2225 5362 bus,
2255 5296 2375 5347 erat
2406 5287 2644 5362 infestus
2675 5289 2803 5344 duci
2859 5290 3140 5362 Robcrto_:_
3176 5287 3298 5344 sed’
3319 5287 3461 5344 bello
3511 5288 3570 5342 in
3613 5289 3772 5362 mari

2105 5359 2256 5420 inter
2283 5379 2370 5419 eos
2398 5359 2664 5432 confecto,
2695 5362 2934 5416 victoria
2964 5360 3035 5415 ad
3091 5359 3436 5417 Normannos
3471 5360 3760 5432 concessit.

2105 5436 2259 5492 Caesa
2284 5443 2413 5490 sunt
2441 5429 2510 5490 ἐπ’
2533 5450 2597 5488 ea
2625 5429 2814 5503 pugna
2843 5433 3142 5503 plusquam
3171 5433 3413 5504 quinque
3442 5431 3625 5504 millia
3653 5429 3760 5486 ho-

2102 5510 2318 5562 minum
2341 5526 2358 5561 :
2390 5502 2668 5577 prwterea
2701 5502 2944 5577 quinque
2975 5502 3160 5577 fnoves
3178 5502 3456 5577 κριταί
3483 5502 3605 5557 dum
3633 5517 3766 5558 cum

2103 5576 2418 5635 hominibus
2447 5576 2748 5634 submersa?
2775 5585 2926 5646 sunt,
2958 5576 3040 5631 ita
3066 5577 3242 5646 utqui
3267 5576 3517 5646 gladium
3535 5578 3764 5646 potuere

2104 5650 2331 5708 evadere
2361 5649 2660 5716 bellatoris,
2687 5648 2875 5721 pelagi
2901 5662 2994 5704 eo:
3023 5663 3219 5720 vorago
3254 5649 3502 5718 glutiret.
