4126 6374
374 439 481 499 301

1648 435 2068 499 ANNALIUM
2109 435 2260 498 LIB.
2307 438 2521 501 XVIII.

3679 447 3804 508 302

370 564 582 643 ὀλίγων
650 567 877 623 ἀνωῖστῖ
927 569 1180 642 τῇνήσῳ
1232 566 1349 642 Χίῳ
1397 567 1848 646 προσορμισθεὶς,
1906 587 2012 622 κατ

2151 569 2536 629 humanitatis
2567 574 2946 632 abhorrentes
2984 578 3392 648 excognitavit,
3423 580 3797 638 exactoribus

371 657 502 732 έσχε
553 657 780 728 ταύτην,
812 658 901 712 καὶ
963 655 1158 712 στόλον
1189 657 1240 712 έν
1272 658 1409 733 αὐτῇ
1441 663 1730 734 ναυπηγεῖ,
1767 655 1812 711 δ’
1845 655 1907 711 οὗ
1935 658 2012 726 τηε

2143 659 2345 732 iniqua
2367 663 2584 719 tributa
2606 665 3131 736 postulantibus,et
3147 668 3220 723 iis
3243 669 3792 741 bonaeripientibus

368 767 428 801 τε
489 740 694 801 Λέσϐον
751 745 1055 823 ἀνήρπασε,
1087 746 1178 802 καὶ
1234 748 1333 816 τὴν
1373 748 1579 821 Σάμον,
1632 749 1732 817 τήν
1759 767 1817 801 τε
1845 743 2031 800 Ῥόδον

374 835 461 913 ὑφ’
491 835 678 889 ἐαυτὸν
712 833 1034 906 ἐποιήσατο,
1090 837 1179 891 καὶ
1229 833 1458 896 πλείους
1486 833 1658 897 ἄλλας
1686 839 1794 890 τῶν
1825 836 2030 903 νήσων,

371 923 647 996 Ἐξηλάθη
681 921 726 978 δ’
779 923 930 989 αὖθις
990 925 1191 998 αὐτῶν,
1251 923 1450 980 στόλου
1507 926 1821 998 Ῥωμαϊκοῦ
1871 922 2029 978 ἐπελ-

375 1011 558 1077 θόντος
615 1017 735 1077 ταῖς
789 1011 996 1068 ἐκείνου
1053 1015 1345 1090 τριήρεσι,
1416 1012 1519 1069 Καὶ
1579 1016 1613 1082 ἠ
1673 1015 1834 1081 νῆσος
1890 1009 1936 1065 δ’
1991 1014 2026 1080 ἡ

375 1103 578 1178 Κρήτῃ,
637 1102 772 1178 πρὸς
825 1099 882 1156 δὲ
928 1105 997 1177 τῇ
1046 1103 1197 1172 καὶὴ
1231 1103 1453 1179 Κύπρος
1513 1101 1844 1157 ἀποστασίαν
1911 1100 2026 1156 ἐνό-

370 1211 536 1260 σησαν
611 1193 712 1261 τήν
794 1192 889 1265 μὶν
963 1189 1060 1246 τοῦ
1136 1191 1344 1268 Καρίκη
1381 1221 1383 1223 ί
1425 1191 1852 1266 κατεσχηκότος,
1935 1189 2025 1244 καὶ

365 1278 692 1357 ἀντάραντος
747 1285 910 1356 χεῖρα
936 1285 1018 1353 τῷ
1051 1278 1288 1356 βασιλεῖ,
1320 1280 1410 1334 τὸν
1456 1280 1674 1354 Κύπρον
1711 1277 1766 1334 δέ
1821 1301 1882 1354 γε
1927 1282 2024 1332 τοῦ

362 1368 798 1444 Ῥαψομμάτου.
851 1369 1026 1426 Ἀλλά
1066 1369 1157 1424 καὶ
1204 1369 1358 1423 αὗται
1409 1373 1476 1443 τῇ
1525 1368 1813 1442 Ῥωμαίων
1872 1369 2023 1431 αὗθις

363 1458 466 1514 ούκ
515 1458 590 1522 εἷς
653 1458 861 1536 μακρὰν
921 1459 1338 1528 ἐπανεσώθησαν
1388 1457 1696 1533 ἡγεμονίᾳ.
1748 1459 2018 1512 Ἐντεῦθεν

362 1547 392 1602 6
429 1546 708 1624 βασιλεὺς,
757 1545 1136 1622 ἀναλωμάτων
1181 1545 1462 1621 δεόμενος,
1511 1541 1746 1624 τρόπους
1779 1545 2022 1620 ἀποτρο-

359 1637 565 1700 παίους
613 1636 890 1712 συλλογῆς
938 1639 1246 1713 χρημάτων
1308 1635 1596 1711 ἐξεύρισκε,
1657 1635 1746 1690 καὶ
1795 1634 2018 1696 ὀφειλάς

361 1723 586 1788 ἀδίκους
633 1733 850 1803 εισῆγον
917 1727 1052 1782 κατὰ
1098 1730 1206 1781 τῶν
1260 1725 1559 1799 ἀνθρώπων
1620 1725 1671 1779 οἱ
1731 1724 1815 1779 ἐπ’
1871 1724 2019 1797 αὐτῷ

359 1813 703 1890 τεταγμένοι,
760 1815 851 1870 καὶ
922 1815 1230 1891 ἀφῃροῦντο
1304 1817 1400 1876 τὰς
1460 1814 1662 1876 οἷ’κείας
1721 1813 1906 1874 οὐσίας
1964 1814 2016 1866 οἱ

365 1903 538 1978 μηδὲν
617 1902 840 1966 δικαίως
915 1902 1248 1980 ὀφείλοντες.
1327 1906 1602 1967 Ἐντεῦθεν
1679 1903 2016 1978 ἀπογραφεῖς

357 1998 648 2070 πανταχοῦ
692 1997 800 2048 τῶν
858 1993 908 2047 ἐν
953 1995 1146 2068 ἀγροῖς
1199 1994 1290 2049 καὶ
1349 1991 1584 2069 χωρίοις
1643 1989 2014 2070 διαφερουσῶν

353 2088 476 2145 τοῖς
511 2083 776 2152 ὑπηκόοις
810 2080 1133 2138 ἐστέλλοντο
1186 2085 1453 2154 κτήσεων,
1485 2081 1575 2136 καὶ
1605 2081 1672 2136 τὰ
1701 2081 1859 2136 καινὰ
1903 2084 2010 2134 τῶν

357 2171 646 2246 ὀνομάτων
697 2171 1044 2241 έπινενόηηο,
1103 2172 1172 2226 τὰ
1229 2172 1526 2246 Ὑπέρτιμα
1582 2173 1697 2243 (17)
1726 2169 1872 2243 λέγω
1920 2167 2011 2223 καὶ

349 2263 421 2317 τὰ
477 2259 820 2337 Ὑπέρπλεα,
882 2260 970 2315 καὶ
1024 2259 1228 2316 ἄλλοτε
1287 2260 1451 2316 ἄλλοι
1499 2261 1695 2335 τρόποι
1741 2259 2010 2333 έπηρειῶν

349 2351 492 2406 κατὰ
519 2355 628 2405 τῶν
671 2348 927 2420 ὑπηκόων
981 2349 1286 2424 εἰσήγοντο,
1328 2349 1418 2405 καὶ
1464 2350 1584 2426 ἱερά
1635 2345 1682 2404 δ’
1724 2348 2011 2427 ἀφῄρηντο

350 2441 412 2498 ἐκ
446 2439 605 2504 θείων
645 2443 810 2495 ναῶν.
858 2437 1030 2501 Οὗτος
1089 2441 1116 2494 6
1171 2438 1446 2516 βασιλεὺς,
1501 2439 1592 2493 καὶ
1648 2438 1711 2492 τὸ
1769 2438 2015 2511 νόμισμα

346 2524 846 2600 κεκιϐδηλευμένον
921 2529 1070 2604 παρὰ
1140 2533 1247 2583 τῶν
1316 2529 1422 2604 πρὸ
1499 2527 1662 2582 αὐτοῦ
1739 2527 2012 2601 εὑρηκὼς,

348 2617 592 2696 χάλκεον
641 2615 823 2687 ἔθετε,
892 2617 938 2689 ᾧ
996 2616 1073 2681 εἷς
1126 2617 1195 2673 τὰ
1249 2624 1351 2687 τῆς
1413 2615 1691 2692 βασιλείας
1744 2615 2012 2691 ἐκέχρητο

349 2705 712 2780 ἀναλώματα,
764 2705 897 2768 τοὺς
931 2703 988 2761 δέ
1012 2726 1075 2781 γε
1123 2706 1328 2785 φόρους
1391 2703 1479 2760 διὰ
1533 2705 1806 2781 χρυσίνων
1865 2702 2011 2758 δοκί-

356 2819 473 2872 μων
507 2795 842 2869 εἰσέπραττε,
901 2802 977 2865 πῆ
1027 2793 1083 2850 δέ
1123 2817 1184 2872 γε
1226 2797 1314 2850 καὶ
1363 2793 1432 2849 δι’
1493 2794 1686 2868 ἐτέρων
1747 2793 2011 2870 χρυσίνων

361 2888 455 2957 μὶν
485 2884 766 2956 κάκείνων,
819 2883 948 2939 ἀλλ’
1000 2883 1351 2959 ὴμιχρύσων.
1413 2886 1567 2940 Ἔστι
1608 2880 1654 2937 δ’
1687 2883 1749 2937 οὗ
1798 2881 2010 2937 καὶδιὰ

359 2978 466 3028 τῶν
513 2971 760 3049 χαλκέων
822 2971 1204 3052 έδασμοφόρει.
1263 2973 1423 3030 ’Όθεν
1477 2971 1694 3049 χαλκοῦ
1751 2968 2006 3044 δεόμενος

364 3060 602 3125 πλείονος
636 3107 650 3131 ,
709 3061 839 3126 τοὺς
891 3058 1129 3124 ὀϐολοὺς
1187 3061 1262 3124 είς
1317 3061 1563 3134 νόμισμα
1627 3058 2002 3134 μετετύπωσε,

355 3151 437 3205 καὶ
486 3157 609 3206 τινᾶ
636 3155 744 3206 τῶν
779 3149 1062 3224 δημοσίων
1095 3149 1268 3227 ἔργων
1320 3151 1428 3204 τῶν
1482 3147 2002 3226 χαλκουργημάτων

347 3243 488 3319 φημὶ
571 3239 938 3309 κατασπάσας,
1021 3240 1098 3303 είς
1175 3246 1478 3315 στρατῆρας
1552 3239 1827 3312 συνέκοψε,
1913 3238 2002 3294 καὶ

2142 749 2242 820 qui
2279 749 2419 804 nihil
2468 752 2775 808 debebant.
2823 754 3026 826 Itaque
3077 763 3484 827 procuratores
3535 759 3798 830 quolibet

2141 837 2545 905 mittebantur,
2579 841 2676 910 qui
2708 845 3117 912 possessiones
3149 847 3523 901 subditorum
3557 847 3615 902 in
3637 850 3798 918 agris

2141 931 2198 980 et
2229 928 2462 996 praediis
2493 929 2916 997 describerent,
2949 950 3014 987 ao
3050 935 3214 988 novis
3246 935 3589 990 nominibus
3622 952 3799 991 exco-

2138 1017 2360 1087 gitatis,
2394 1033 2460 1071 ea
2492 1017 2820 1090 hypertima
2849 1028 2907 1076 et
2938 1022 3273 1093 hyperplea,
3308 1023 3792 1095 appellabantur:

2137 1109 2311 1174 atque
2356 1105 2501 1160 aliae
2561 1107 2657 1162 alii
2717 1110 3094 1165 vexationum
3133 1111 3289 1166 modi
3323 1113 3792 1182 reperiebantur,

2135 1194 2237 1247 sed
2269 1194 2512 1250 donaria
2543 1211 2574 1250 e
2597 1197 2835 1267 templis
2869 1199 3306 1254 auferebantur.
3345 1201 3502 1256 Idem
3529 1202 3787 1273 impera-

2130 1285 2225 1335 tor
2253 1282 2392 1338 dum
2427 1289 2721 1340 monetam
2753 1303 2786 1340 a
2834 1287 3243 1344 decessoribus
3293 1290 3420 1344 suis
3479 1291 3788 1346 adultera-

2131 1374 2252 1425 tam
2287 1373 2618 1444 reperisset,
2639 1391 2859 1430 teneam
2883 1376 3016 1430 fecit
3045 1393 3160 1447 qua
3181 1378 3238 1432 in
3260 1377 3490 1450 imperii
3513 1381 3788 1452 expensis

2131 1463 2437 1517 uteretur:
2473 1463 2532 1517 in
2583 1463 2971 1535 vectigalibns
2999 1481 3131 1521 vero
3165 1467 3380 1537 probos
3411 1485 3618 1524 aureos
3665 1471 3785 1526 exi-

2130 1549 2322 1620 gebat,
2373 1551 2691 1624 aliquando
2749 1554 2919 1609 etiam
2981 1571 3237 1612 numnos
3266 1555 3643 1625 semiaureos,
3702 1559 3791 1614 in-

2127 1639 2362 1694 terdum
2423 1657 2622 1696 aereos.
2682 1643 2828 1697 Cum
2870 1643 3053 1715 igitur
3101 1661 3212 1700 tere
3243 1651 3462 1717 egeret,
3493 1663 3562 1702 ex
3594 1645 3783 1704 obolis

2128 1743 2404 1784 nummos
2437 1731 2594 1796 fecit,
2634 1736 2694 1786 et
2722 1747 2896 1801 opera
2928 1733 3197 1803 quaedam
3230 1733 3465 1805 publica
3493 1751 3653 1792 tensa
3683 1736 3783 1791 de-

2127 1817 2360 1886 struxit,
2395 1823 2460 1874 ut
2514 1824 2761 1875 steteras
2792 1820 2928 1876 inde
2977 1823 3238 1888 cuderet,
3299 1840 3477 1880 novas
3537 1841 3770 1896 quoque

2126 1907 2378 1963 decimas
2409 1908 2681 1963 instituit.
2716 1909 3120 1981 Puella,quam
3153 1913 3414 1983 Augusta
3445 1917 3775 1985 pepererat,

2123 1996 2290 2050 Anna
2321 2003 2405 2051 est
2452 1997 2766 2068 appellata,
2800 2004 3038 2070 propter
3095 1999 3308 2066 aviam,
3368 2005 3426 2056 et
3481 2001 3780 2073 desponsa

2123 2083 2318 2140 Mariae
2347 2084 2539 2140 Alanus
2591 2086 2710 2143 ﬁlio
2739 2087 3150 2143 Constantino:
3205 2105 3322 2160 quo
3354 2093 3489 2145 ante
3537 2090 3774 2161 nuptias

2124 2178 2376 2245 mortuo,
2410 2175 2676 2230 eamdem
2702 2177 2828 2246 jam
2863 2176 3122 2232 nubilem
3156 2177 3468 2250 Nicephori
3519 2179 3775 2249 Bryenii,

2124 2280 2294 2333 quem
2337 2280 2517 2335 supra
2550 2269 3006 2320 memoravimus
3040 2266 3111 2320 ob
3147 2267 3307 2338 regni
3341 2268 3774 2324 aﬁ'ectationem

2123 2357 2472 2408 excaecatum
2506 2352 2708 2420 fuisse,
2741 2353 2860 2408 ﬁlio
2891 2358 3030 2408 natu
3074 2356 3283 2425 majori
3317 2372 3556 2411 uxorem
3589 2357 3772 2412 dedit.

2125 2441 2650 2514 Panhypersebasti
2708 2441 2948 2498 titulum
3007 2443 3196 2500 eidem
3245 2444 3580 2517 impertitus
3620 2447 3773 2503 299

2121 2531 2333 2586 Filium
2392 2531 2528 2586 inde
2578 2530 2689 2585 sibi
2743 2537 2968 2600 natum,
3022 2537 3081 2587 et
3139 2550 3173 2588 a
3221 2533 3554 2605 patriarcha
3605 2552 3772 2591 sacro

2121 2619 2476 2690 baptismate
2523 2619 2581 2674 in
2613 2619 2834 2692 templo
2884 2621 3065 2674 divini
3096 2620 3268 2676 Verbi
3325 2622 3631 2694 Sapientiae
3671 2623 3776 2679 ba-

2120 2711 2427 2782 ptizatum,
2452 2708 2740 2764 Joannem
2760 2709 3418 2783 appellavit,statimque
3439 2712 3774 2769 diademate

2120 2798 2367 2854 ornavit.
2429 2797 2631 2852 Eidem
2687 2797 2786 2852 alii
2847 2815 3074 2871 quoque
3132 2800 3248 2854 duo
3307 2800 3426 2855 nati
3475 2805 3614 2857 sunt
3643 2801 3769 2875 ﬁlii,

2118 2885 2491 2940 Andronicus
2525 2889 2581 2939 et
2617 2885 2892 2957 Isaacius,
2927 2891 2983 2941 et
3031 2885 3156 2942 alia:
3188 2891 3307 2944 tres
3360 2889 3515 2959 ﬁliae,
3566 2891 3767 2946 Maria.

2117 2974 2424 3029 Theodora
2471 2977 2527 3029 et
2577 2973 2854 3030 Eudoxia.
2887 2975 3128 3030 Mariam
3187 2977 3502 3049 despondit
3563 2979 3766 3034 Gabra

2115 3063 2278 3118 illius
2310 3062 2598 3117 Theodori
2633 3062 2850 3118 sebasti
2883 3068 2942 3118 et
2993 3065 3268 3137 martyris
3315 3064 3435 3122 ﬁlio
3465 3068 3763 3139 Gregorio.

2116 3151 2336 3208 Deinde
2358 3151 2642 3206 afﬁnitate
2660 3168 2762 3222 pro
2789 3169 2898 3207 sua
2918 3152 3163 3208 libidine
3186 3155 3513 3226 repudiata,
3543 3155 3765 3228 illoque

2114 3241 2380 3306 dimisso,
2417 3239 2594 3296 alium
2658 3239 2791 3295 ﬁliae
2841 3257 3125 3313 sponsum
3187 3242 3412 3314 ascivit,
3475 3243 3762 3300 Phorbeni

342 3317 468 3394 νέας
525 3327 750 3392 δεκάτας
810 3327 1111 3386 ἐκαίνισεν.
1177 3329 1452 3405 Ἐγείνατο
1512 3325 1569 3383 δὲ
1626 3329 1912 3404 Θυγάτριον
1961 3331 1996 3398 ἡ

2123 3329 2479 3386 Batacalonis
2510 3327 2697 3384 ﬁlium
2732 3329 3148 3401 Nicephorum,
3183 3332 3452 3388 Eudoxie
3481 3332 3765 3390 Constan-

344 3415 638 3493 Δύγούστα
701 3417 812 3491 βτῷ
851 3413 1048 3486 ασιλεῖ,
1101 3414 1232 3492 ὅπερ
1273 3416 1432 3472 Ἀννα
1461 3414 1754 3490 ὠνομάσθη
1789 3412 1877 3469 διὰ
1904 3416 2004 3484 τὴν

344 3507 789 3581 πατρομήτορα,
844 3504 924 3583 ἐφ’
995 3506 1041 3577 ᾧ
1095 3505 1188 3560 τὸν
1262 3511 1362 3574 τῆς
1422 3503 1742 3580 βασιλίσσης
1796 3505 2008 3576 Μαρίας

347 3596 466 3650 υἱὸν
504 3599 904 3649 Κωνσταντῖνον
955 3601 1055 3663 τῆς
1085 3594 1135 3666 ἐξ
1189 3593 1436 3648 Ἀλανῶν
1479 3595 1507 3648 6
1561 3591 1811 3670 βασιλεὺς
1837 3591 2006 3666 ἐμνη-

347 3684 609 3739 στεύσατο
640 3703 652 3715 '
714 3680 921 3738 ἐκείνου
989 3680 1036 3736 δ’
1110 3681 1200 3737 ἐπὶ
1257 3685 1325 3757 τῇ
1388 3682 1644 3756 μνηστείᾳ
1697 3683 1797 3752 τὴν
1860 3683 2003 3751 ζωὴν

342 3772 773 3844 καταλύσαντος,
834 3772 908 3836 ὡς
957 3771 1131 3847 ὡραία
1177 3772 1360 3846 γάμου
1404 3773 1438 3842 ἡ
1486 3772 1723 3848 θυγάτηρ
1774 3770 2004 3848 ἐγεγόνει

342 3869 426 3936 τῷ
458 3860 669 3930 ἄνακτι,
702 3861 934 3939 νυμφίον
965 3857 1149 3936 ἕτερον
1185 3859 1266 3915 ἐπ’
1325 3860 1461 3934 αὐτῇ
1510 3859 1856 3933 είσῳκίσατο,
1911 3861 2002 3916 τὸν

347 3953 524 4025 μείζω
577 3951 686 4006 τῶν
743 3951 876 4004 υἱῶν
934 3949 1253 4027 Νικηφόρου
1313 3954 1407 4004 τοῦ
1465 3949 1725 4024 Βρυενίου
1763 3992 1776 4018 ,
1859 3949 1918 4004 ὃν
1975 3952 2004 4005 6

344 4039 512 4118 λόγος
568 4039 846 4117 προέφηνε
899 4042 969 4112 τῇ
1027 4035 1302 4114 τυραννίδι
1363 4039 1836 4114 ἐπιχειρήσαντα,
1913 4040 2003 4093 καὶ

346 4129 551 4185 ἂλόντει
578 4127 667 4184 καὶ
716 4126 1038 4204 πηρωθέντα
1092 4127 1222 4190 τοὺς
1277 4126 1618 4204 ὀφθαλμούς.
1668 4126 1856 4200 Τούτῳ
1902 4128 2002 4195 τήν

343 4219 616 4294 θυγατέρα
662 4216 863 4286 ταύτην
923 4217 1319 4292 κατεγγυήσας,
1377 4217 1641 4290 τετίμηκε
1689 4217 1780 4271 τὸν
1839 4214 2006 4291 ἄνδρα

341 4301 878 4382 πανυπερσέϐαστον.
941 4306 1149 4361 Γίνεται
1205 4303 1263 4360 δὲ
1319 4311 1399 4379 τῷ
1460 4305 1679 4382 βασιλεῖ
1732 4305 1824 4360 καὶ
1889 4307 2006 4371 υῖὸς

343 4398 408 4452 ’ὀν
442 4396 493 4451 ἐν
521 4401 600 4469 τῷ
632 4394 762 4470 θείῳ
809 4394 1015 4469 τεμένει
1060 4401 1161 4465 τῆς
1200 4399 1298 4449 τοῦ
1349 4393 1483 4450 Θεοῦ
1539 4396 1721 4470 Λόγου
1781 4396 2003 4474 Σοφίας,

2117 3419 2221 3473 tini
2251 3418 2434 3473 lasitze
2483 3417 2668 3472 ﬁlium
2721 3418 3094 3475 matrimonio
3118 3420 3336 3490 junxit,
3371 3421 3471 3492 qui
3521 3439 3762 3478 uxorem

2116 3525 2228 3563 non
2265 3513 2331 3562 ut
2386 3507 2759 3578 imperatoria
2816 3506 3000 3562 ﬁliam
3057 3508 3350 3576 tractavit,
3399 3512 3501 3566 sed
3532 3511 3704 3583 quasi
3733 3529 3766 3568 ο

2115 3597 2417 3669 superiore
2449 3595 2574 3652 loco
2604 3612 2738 3650 cum
2760 3596 2862 3651 illa
2889 3599 3091 3668 egit,et
3110 3598 3480 3669 imperatrice
3502 3617 3570 3656 ao
3591 3618 3765 3657 socru

2115 3685 2442 3757 saepissime
2471 3683 2713 3753 offensa,
2737 3684 2928 3740 effecit
2959 3689 3023 3740 ut
3051 3685 3154 3741 illa
3174 3687 3355 3742 ﬁliam
3382 3694 3764 3760 aegrotantem

2116 3775 2316 3831 statim
2338 3774 2630 3841 tonderet,
2683 3779 2861 3844 atque
2909 3773 3105 3845 ipsum
3155 3776 3316 3846 regia
3364 3777 3620 3848 ejiceret.
3655 3779 3766 3834 Po-

2115 3869 2397 3920 stremam
2447 3862 2630 3918 ﬁliam
2664 3861 2966 3918 collocavit
3022 3869 3186 3936 pater
3241 3865 3598 3922 adolescenti
3646 3885 3766 3924 non

2115 3971 2256 4008 sane
2278 3951 2493 4007 illustri
2526 3955 2650 4006 orto
2708 3951 2950 4019 familia,
2991 3952 3092 4007 sed
3126 3953 3315 4008 forma
3343 3956 3586 4026 praedito
3617 3973 3766 4028 pras-

2116 4041 2500 4112 stantissjma.
2553 4039 2672 4095 Sub
2749 4039 2858 4094 hoc
2915 4041 3269 4112 imperatore
3332 4047 3504 4099 terra
3566 4050 3764 4101 motus

2113 4130 2444 4186 horrendus
2477 4128 2586 4184 fuit
2640 4145 2706 4210 eo
2739 4129 2832 4184 die
2881 4145 2996 4200 quo
3045 4129 3326 4186 memoria
3384 4132 3498 4187 divi
3543 4133 3766 4190 Nicolai

2115 4221 2187 4276 ob
2217 4217 2503 4274 miracula
2533 4217 2778 4273 celebris
2836 4217 3051 4290 agitur,
3104 4219 3408 4290 multaque
3438 4220 3760 4292 domicilia,

2116 4307 2305 4363 multa
2335 4307 2575 4376 templa,
2612 4305 2809 4360 multis
2840 4307 3099 4378 porticus
3132 4309 3350 4378 quibus
3380 4309 3482 4363 vim
3515 4308 3764 4380 publica

2113 4394 3001 4470 teguntur,collapete,mortales
3022 4395 3308 4467 plurimos
3321 4403 3764 4469 oppresserunt.

341 4487 500 4560 παρᾶ
568 4489 665 4540 τοῦ
743 4484 1089 4561 πατριάρχου
1162 4485 1558 4556 καταξιωθέντα
1626 4485 1722 4540 τοῦ
1799 4485 1945 4541 Οείου
2021 4486 2414 4564 βαπτίσματος,
2490 4482 2580 4538 καὶ
2648 4483 2906 4552 Ἰωάννην
2984 4482 3280 4553 κληθέντα,
3331 4484 3523 4540 αὐτίκα
3582 4488 3610 4542 6
3661 4509 3769 4542 πα-

342 4577 452 4650 τὴρ
510 4575 602 4630 καὶ
661 4571 958 4647 διαδήματι
1015 4579 1238 4630 ταινιοῖ.
1299 4574 1552 4651 Γεγόνασι
1613 4571 1671 4629 δὲ
1723 4580 1804 4648 τῷ
1865 4575 2081 4653 βασιλεῖ
2131 4575 2220 4631 καὶ
2277 4571 2452 4648 ἕτεροι
2503 4569 2598 4626 δύο
2657 4572 2788 4640 υἱοὶ,
2845 4570 3185 4649 Ἀνδρόνικός
3239 4595 3298 4628 τε
3351 4576 3440 4629 καὶ
3504 4575 3767 4639 Ἰσαάκιος

343 4663 438 4719 καί
494 4663 784 4740 ,θυγατέρες
838 4659 1016 4739 ἕτεραι
1073 4669 1239 4737 τρεῖς,
1301 4663 1506 4738 Μαρία,
1567 4661 1806 4721 Εὐδοκία
1858 4665 1948 4720 καὶ
2007 4663 2281 4739 Θεοδώρα.
2343 4666 2426 4736 Τῇ
2489 4662 2582 4734 μὲν
2643 4660 2734 4714 οὖν
2794 4659 2977 4736 Μαρίᾳ
3023 4662 3116 4716 τὸν
3176 4667 3276 4716 τοῦ
3333 4658 3514 4739 Γαϐρᾶ
3562 4663 3770 4720 ἐκείνου

351 4749 642 4828 Θεοδώρου
692 4756 790 4806 τοῦ
849 4747 1112 4806 σεϐαστοῦ
1185 4751 1276 4806 καὶ
1357 4753 1628 4829 μάρτυρος
1699 4755 1814 4808 υἱὸν
1885 4754 1979 4809 τὸν
2033 4754 2333 4830 Γρηγόριον
2391 4749 2812 4825 ἐμνηστεύσατο.
2873 4751 3005 4806 Εἶτα
3055 4752 3156 4819 τὴν
3219 4752 3510 4824 μνηστείαν
3567 4753 3769 4824 ταύτην

351 4843 542 4911 λύσας,
601 4840 744 4896 οὕτω
799 4838 952 4911 δόξαν
1011 4841 1182 4914 αὐτῷ,
1241 4843 1492 4896 κάκεῖνον
1553 4841 2040 4917 ἀποπεμψάμενος,
2097 4839 2280 4919 ἕτερον
2344 4846 2628 4915 μνηστῆρα
2679 4842 2748 4912 τῇ
2801 4841 3021 4914 θυγατρὶ
3075 4839 3240 4914 ταύτῃ
3292 4841 3384 4895 τὸν
3413 4845 3511 4896 τοῦ
3543 4839 3771 4917 Φορϐη-

347 4936 443 4987 νοῦ
505 4931 622 4986 υἱὸν
694 4934 792 4986 τοῦ
869 4929 1206 4986 Κατακαλὼν
1264 4930 1356 4986 τὸν
1413 4932 1730 5010 Νικηφόρον
1787 4933 2187 5003 εἰσεποιήσατο.
2245 4934 2330 5005 Τῇ
2391 4927 2436 4984 δ’
2495 4926 2732 5001 Εύδοκίᾳ
2809 4930 2900 4983 τὸν
2989 4933 3086 4982 τοῦ
3172 4930 3401 4984 Ἰασίτου
3477 4931 3771 4987 Κωνστανο

342 5021 500 5076 τίνου
553 5016 722 5074 παῖδα
781 5020 1104 5092 συνέζευξεν.
1162 5021 1259 5083 Ὃς
1313 5023 1382 5094 τῇ
1437 5041 1497 5075 τε
1553 5022 1788 5093 συνεύνῳ
1841 5020 1950 5096 οὐχ
2003 5021 2079 5084 ὡς
2139 5017 2407 5096 βασιλέως
2465 5017 2732 5092 ἐκέχρητο
2792 5017 3035 5094 Θυγατρῖ,
3093 5015 3219 5072 ἀλλ’
3254 5017 3313 5073 ἐκ
3341 5022 3437 5073 τοῦ
3466 5017 3771 5094 κρείττονος

349 5107 558 5186 ὡμίλει
611 5107 782 5182 ταύτῃ
840 5107 931 5162 καὶ
977 5108 1361 5187 προσεφέρετο,
1409 5111 1497 5163 καὶ
1544 5113 1613 5184 τῇ
1676 5107 1965 5184 βασιλίσσῃ
2017 5106 2076 5163 δὶ
2125 5106 2443 5169 πλειστάκις
2498 5105 2924 5182 προσκεκρούκει
2975 5105 3065 5162 καὶ
3123 5108 3374 5182 πενθερᾷ,
3423 5106 3564 5180 ἥπερ
3623 5107 3771 5181 αὐτῷ

350 5197 773 5274 προσοχθίσασα
852 5197 950 5266 τὴν
1046 5196 1313 5274 θυγατέρα
1404 5199 1708 5269 νοσήσασαν
1789 5197 1945 5263 εὐθὺς
2026 5197 2306 5274 ἀποκείρει
2392 5198 2505 5270 (18)
2608 5195 2697 5250 καὶ
2782 5195 2872 5250 τὸν
2970 5194 3202 5267 Ἰασίτην
3287 5194 3578 5252 ἀπελαύνει
3659 5201 3770 5253 τῶν

1634 5385 1841 5448 Varia;
1873 5385 2176 5448 lectiones
2203 5390 2268 5447 et
2296 5389 2484 5446 notae.

569 5543 889 5634 Eatenus.
913 5545 1059 5634 Yide
1090 5546 1258 5634 Gloss.
1290 5547 1435 5603 med.
1465 5549 1688 5634 affecit.
1724 5617 1739 5634 θ
1892 5617 1904 5634 Ι
2119 5548 2233 5634 ιιὶε¹
2273 5548 2607 5634 abduceret,
2667 5561 2798 5634 c‘um
2824 5633 2834 5634 ί
2857 5550 3096 5634 sumpta
3169 5547 3364 5634 semel.
3408 5549 3482 5604 ab
3508 5627 3518 5634 ι
3541 5551 3774 5634 aegroti-

424 5617 541 5691 (18)
569 5618 676 5686 Τὴν
701 5617 1054 5695 ’-θυγατέρα-
1091 5619 1392 5695 νοσήσασαν
1475 5617 1641 5695 εὐθὺς-
1714 5617 2010 5695 ἀποκείρει.

2123 5625 2274 5695 veste
2297 5618 2658 5695 monachica,
2692 5617 2843 5671 hanc
2873 5617 3167 5673 dimittere
3187 5636 3303 5675 non
3329 5619 3548 5695 liceret,
3579 5617 3627 5678 si
3652 5625 3775 5695 pris

349 5690 625 5764 Idporro
649 5690 768 5773 egit
801 5690 989 5773 mater
1033 5691 1215 5758 Irene,
1250 5691 1479 5748 infensa
1532 5691 1718 5748 Iasitaa
1777 5690 2011 5773 genero,
2122 5693 2334 5773 stinnam
2368 5690 2758 5773 veletudinem
2791 5696 3293 5773 consequerentur
3349 5698 3414 5773 ut
3461 5690 3772 5750 docuimus

350 5768 420 5822 ut
451 5761 589 5822 eum
649 5761 726 5822 ab
780 5763 943 5822 omni
1000 5780 1103 5836 spe
1160 5780 1295 5820 cum
1351 5779 1532 5821 uxore
1587 5761 2012 5822 reconciliatio;
2123 5765 2184 5823 in
2216 5764 2390 5822 Gtou.
2449 5761 2591 5819 med.
2651 5763 2771 5818 Lat.
2806 5761 2866 5818 in
2897 5777 2951 5818 ν.
2985 5761 3276 5820 Monachus
3330 5765 3402 5821 ad
3450 5781 3772 5824 momen-
