4126 6386
412 410 531 472 305

1689 406 2110 470 ANNALIUM
2147 406 2294 469 LIB.
2340 408 2566 471 XVIII.

3714 410 3834 474 306

413 543 565 612 ὁτῆς
595 539 880 618 πορφύρας
931 539 1185 616 βλαστὸς,
1231 539 1366 614 ἀνὴρ
1409 538 1510 609 τὴν
1565 537 1659 612 μὶν
1702 536 1864 612 ἴσχὺν
1893 537 2052 612 ἀπαρ-

2182 537 2416 597 inﬁnita
2470 540 2786 598 multitudo
2843 543 2914 598 ab
2970 542 3266 598 occidente
3322 545 3470 611 orta,
3551 544 3610 598 et
3663 546 3832 599 tanta

413 629 658 704 άμιλλος
691 678 708 704 ,
764 631 865 698 τήν
926 627 984 684 δὲ
1050 635 1153 698 τῆς
1213 628 1445 704 γνώμης
1500 625 1606 698 ἕξιν
1664 627 1752 681 καὶ
1808 627 1908 695 τήν
1963 633 2052 695 τῆ‹

2179 635 2246 684 ut
2276 630 2429 686 inter
2481 630 2798 687 velandum
2888 631 3130 687 nubilus
3188 632 3695 704 acquipararetur,
3771 637 3830 687 et

411 724 598 796 ψυχῆς
647 719 1002 794 γενναιότητα
1053 718 1117 772 ού
1170 718 1307 772 κατά
1361 718 1462 786 τῆν
1515 717 1831 789 σωματικὴν
1890 714 2063 771 πλου-

404 813 577 881 τήσας
636 808 815 884 ἰσχύν,
868 806 1063 874 υῦτος,
1112 807 1176 861 τὸ
1227 807 1321 879 μὲν
1371 803 1552 880 δρᾶμα
1593 803 1930 877 συνθέμενος,
1962 805 2061 872 τὴν

408 897 466 954 δε
517 899 711 975 πρᾶξιν
782 896 1203 973 ὑπερτιθέμενος
1237 943 1252 967 ,
1300 893 1466 959 ἔλαθε
1516 895 1708 959 ,παθὼν
1769 893 1803 962 ἢ
1864 891 2060 968 δράσας

407 990 483 1053 ὡς
531 983 917 1046 ἐϐουλεύσατο.
962 987 1139 1042 Ἑάλω
1187 985 1314 1061 γὰρ,
1361 986 1449 1040 καὶ
1506 987 1754 1057 ἱτασμῶν
1807 984 2060 1058 ἀνάγκαις

408 1074 755 1150 παραδοθεὶς,
817 1074 891 1130 'iv’
948 1074 1228 1149 έκκαλύψῃ
1281 1073 1411 1137 τοὺς
1476 1072 1794 1146 συνωμότας
1827 1114 1841 1142 ,
1900 1071 2060 1133 τέλος

407 1166 636 1237 ἐξεκόπη
694 1167 762 1221 τὰ
818 1162 1065 1239 ὄμματα,
1123 1164 1213 1219 καὶ
1271 1165 1374 1233 τὴν
1419 1161 1734 1239 περιουσίαν
1783 1160 2056 1236 ἀφῄρητο.

404 1255 537 1310 Εἶτα
565 1255 626 1310 τὸ
657 1259 766 1309 τῶν
817 1255 1087 1330 Φράγγων
1139 1247 1292 1315 ἔθνος
1345 1251 1405 1307 έκ
1447 1256 1554 1308 τῶν
1603 1250 1896 1325 Ἑσπερίων
1929 1269 2058 1324 συγ-

401 1345 645 1416 κινηθὲν,
696 1342 850 1417 ἀνῂει
889 1344 1028 1420 πρὸς
1081 1343 1181 1411 τήν
1233 1339 1485 1418 βασιλίδα
1531 1345 1639 1395 τῶν
1692 1338 1933 1408 πόλεων,
1981 1339 2057 1402 ὡς

405 1433 465 1488 ἐκ
491 1433 694 1504 ταύτης
724 1431 780 1496 ές
807 1434 907 1502 τὴν
958 1431 1131 1504 Ἑῴαν
1177 1428 1805 1505 διαπεραιωθησόμενον·
1836 1428 1909 1482 ὧν
1956 1428 2055 1496 τὴν

402 1522 718 1600 συγκίνησιν
788 1520 1056 1594 θεοσημία
1124 1541 1207 1583 τις
1285 1521 1660 1593 προεμήνυσεν
1715 1562 1728 1575 .
1789 1513 2056 1593 Ἀκρίδων

398 1613 502 1688 γὰρ
535 1609 759 1687 ἄπειρόν
813 1632 866 1665 τι
928 1609 1143 1680 πλῆθος
1199 1607 1260 1664 ἐκ
1313 1615 1415 1679 τῆς
1467 1608 1692 1679 ἑσπέρας
1719 1608 1818 1676 τήν
1849 1606 2052 1680 γένεσιν

401 1700 664 1776 ἒσχηκὸς,
709 1700 800 1754 καὶ
846 1703 1126 1769 τοσοῦτον,
1177 1698 1253 1761 ὡς
1300 1697 1512 1776 νέφεσιν
1558 1696 1854 1770 ἱπτάμενον
1902 1696 2056 1750 ἀπει-

395 1791 676 1862 κάζεσθαι,
724 1789 814 1844 καὶ
873 1787 1175 1858 συσκιάζειν
1229 1787 1320 1842 τὸν
1370 1785 1556 1856 ἥλιον,
1611 1783 1700 1840 διὰ
1753 1792 1852 1855 τῆς
1905 1782 2052 1858 μεγί-

398 1897 536 1948 στης
564 1883 674 1934 τῶν
715 1875 934 1934 πόλεων
982 1877 1071 1933 καὶ
1124 1880 1232 1932 τῶν
1277 1875 1479 1946 ταύτης
1529 1873 1692 1951 ὁρίων
1721 1875 1821 1944 τῆν
1853 1881 2050 1944 πτῆσιν

395 1965 732 2042 ποιούμενον
790 1968 927 2043 πρὸς
976 1967 1075 2036 τὴν
1131 1965 1267 2038 ἑῴαν
1319 1964 1571 2041 ὥρμητο,
1627 1963 1843 2019 κάκεῖσε
1895 1964 2054 2018 κατέ-

395 2077 558 2114 παυε.
638 2056 1034 2132 Περαιωθέντες
1110 2053 1200 2109 οὖν
1235 2098 1250 2124 ,
1307 2053 1400 2109 καὶ
1473 2056 1542 2128 τῇ
1605 2053 1742 2108 κατὰ
1797 2050 2051 2116 Βιθυνίαν

397 2138 812 2222 προσϐαλόντες
862 2142 1087 2216 Νικαίᾳ,
1146 2143 1297 2218 παρὰ
1349 2145 1456 2197 τῶν
1516 2142 1770 2216 Τούρκων
1825 2161 2056 2216 κατεχορ

399 2233 563 2310 μένῃ,
593 2232 688 2290 σὺν
718 2233 908 2310 χρόνῳ
960 2234 1053 2307 μὶν
1106 2231 1197 2288 καὶ
1247 2233 1420 2310 φθορᾷ
1464 2229 1653 2306 πολλῇ
1701 2229 2050 2307 ἑκατέρωθεν,

390 2325 538 2386 τέως
575 2323 758 2397 μέντοι
815 2324 916 2391 τὴν
969 2321 1134 2377 πόλιν
1193 2321 1456 2397 ᾗρήκασι,
1513 2321 1606 2381 καὶ
1659 2321 1852 2387 ταύτην
1919 2321 2054 2394 μετά

391 2410 631 2468 πολλῶν
691 2408 952 2467 ἀπέδοντο
982 2431 1094 2487 χρη
1107 2411 1291 2485 μάτων
1319 2415 1400 2483 τῷ
1435 2408 1668 2485 βασιλεῖ.
1702 2411 1764 2465 Οἱ
1796 2408 1844 2465 δ’
1869 2409 1946 2474 εἰς
1989 2410 2052 2464 τὸ

389 2501 590 2577 πρόσω
648 2499 1016 2576 προύχώρουν
1057 2543 1070 2558 .
1130 2501 1235 2556 Καὶ
1310 2501 1362 2555 οἱ
1445 2501 1540 2573 μὶν
1607 2499 1706 2569 τὴν
1784 2499 1920 2576 πρὸς
1971 2499 2052 2571 τῷ

396 2590 630 2667 Ὀρόντῃ
677 2589 825 2645 εἶλον
886 2588 978 2644 σὺν
1038 2588 1233 2665 γόχθῳ
1286 2588 1376 2644 καὶ
1409 2585 1559 2668 φόνῳ
1587 2587 1788 2661 πολλῷ
1845 2587 2050 2646 Ἀντιό-

396 2699 581 2756 χειαν,
638 2680 690 2733 οἱ
722 2675 778 2733 δὲ
805 2684 906 2748 τῆς
936 2676 1334 2753 Ἱεροσολύμων
1371 2677 1628 2754 μεγάλοις
1663 2678 1862 2752 ἀγῶσιν
1893 2676 2051 2752 ἐκρά-

393 2788 567 2838 τησαν
601 2764 842 2830 πόλεως.
895 2764 1055 2822 Ἀλλ’
1103 2766 1246 2823 οὕτω
1299 2767 1393 2840 μὶν
1423 2767 1492 2822 τὰ
1534 2771 1630 2822 τοῦ
1669 2761 1856 2830 ἔθνους
1886 2762 2048 2841 ἔσχον

398 2862 505 2912 τῶν
554 2859 849 2933 Φράγγων,
891 2857 1348 2930 συντετμημένως
1397 2856 1588 2914 εἰπεῖν.
1633 2854 1852 2930 Αἵρεσις
1885 2853 1940 2910 δέ
1967 2877 2053 2920 τις

413 2945 546 2999 κατᾶ
593 2943 721 3006 τοὺς
772 2944 1008 3022 χρόνους
1063 2945 1290 3008 τούτους
1347 2945 1653 3024 ἀναπέφηνε
1712 2947 1962 3022 μυσαρὰ,
2011 2947 2048 3015 ἡ

2179 717 2359 773 solem
2391 719 2789 786 obumbraret,
2833 720 2976 776 urbe
3007 719 3264 776 maxima
3313 724 3372 775 et
3429 720 3647 776 finibus
3697 722 3825 790 ejus

2175 806 2512 876 pervolatis,
2573 809 2810 880 quievit.
2885 809 3030 864 Cum
3116 808 3489 879 trajecissent
3570 809 3822 863 Nicaeam

2173 895 2451 963 Bibyniae,
2487 915 2664 968 quam
2689 899 2863 953 Turci
2923 899 3223 965 tenebant,
3283 896 3488 952 multis
3545 897 3825 968 utrinque

2171 985 2360 1051 caecis,
2391 988 2630 1041 tandem
2664 989 2715 1040 vi
2747 992 3303 1058 expugnatam,cum
3329 1002 3544 1058 magna
3573 985 3825 1058 pecunia

2171 1074 2544 1144 imperatoris
2574 1075 3200 1130 reddiderunt.Deinde
3231 1075 3524 1146 progressi
3549 1074 3818 1146 ulterius,

2169 1163 2271 1218 alii
2302 1163 2666 1218 Antiochiam
2698 1165 2770 1219 ad
2803 1167 3078 1220 Orontem
3109 1181 3244 1219 cum
3284 1165 3482 1219 labore
3515 1162 3820 1235 multoque

2169 1251 2456 1324 sanguine
2478 1257 2778 1323 ceperunt;
2811 1252 2910 1308 alii
2945 1252 3483 1321 Hierosolymitame
3512 1252 3675 1307 urbis
3700 1268 3817 1307 non

2168 1339 2295 1396 sine
2326 1327 2554 1413 magnis
2583 1341 3005 1397 certaminibus
3042 1342 3206 1411 potiti
3261 1345 3420 1396 sunt.
3457 1345 3646 1412 Atque
3696 1341 3814 1395 hac

2169 1431 2465 1485 aFrancis
2497 1435 2662 1502 gesta
2710 1431 2961 1486 breviter
3010 1430 3104 1485 hic
3158 1429 3637 1502 perstrinximus.
3711 1428 3812 1483 His

2165 1519 2530 1590 temporibus
2587 1525 2748 1574 secta
2805 1520 3026 1574 nefaria
3075 1518 3511 1591 Bogomilorum
3568 1517 3812 1584 exstitit,

2165 1609 2337 1678 cujus
2372 1625 2556 1680 preco
2586 1610 2905 1679 doctorque
2939 1608 3272 1680 primarius,
3312 1613 3370 1664 et
3409 1606 3812 1679 apostolorum

2165 1697 2504 1769 praesidium
2528 1699 2637 1753 fuit
2667 1697 2909 1769 quidam
2959 1695 3210 1753 Basilius
3269 1697 3551 1763 medicus,
3601 1693 3809 1750 habitu

2165 1787 2513 1855 monachus,
2566 1787 2668 1843 sed
2705 1787 2836 1859 ipso
2884 1787 3078 1858 potius
3120 1791 3340 1843 Satana
3392 1785 3658 1852 indutus,
3705 1785 3806 1856 qui

2163 1893 2298 1933 cum
2344 1878 2518 1932 annis
2565 1894 2636 1931 xv
2671 1876 2887 1933 erroris
2937 1876 3095 1932 illius
3145 1875 3476 1948 perniciosa
3529 1877 3808 1945 dogmata

2160 1967 2483 2033 didicisset,
2537 1969 2617 2020 ιιι
2662 1965 2978 2033 docuisset,
3034 1971 3224 2022 totum
3273 1966 3390 2020 lere
3436 1965 3636 2020 orbem
3685 1980 3805 2018 suis

2163 2056 2344 2129 pestis
2375 2055 2658 2127 implevit.
2692 2055 2952 2110 Tandem
2985 2057 3160 2111 etiam
3211 2054 3415 2110 urbem
3472 2052 3806 2124 imperatri-

2160 2161 2285 2202 cem
2309 2145 2635 2217 ingressus,
2659 2144 2718 2198 in
2750 2143 3060 2200 manifesto
3111 2143 3358 2200 crimine
3405 2148 3494 2198 est
3544 2140 3807 2198 veritatis

2161 2234 2440 2290 inimicus
2464 2233 2888 2305 deprehensus.
2920 2234 3067 2289 Nam
3099 2233 3416 2304 imperator
3435 2233 3565 2303 ejus
3595 2231 3805 2303 impie-

2161 2327 2280 2378 tate
2309 2323 2566 2396 cognita,
2623 2322 2922 2378 simulavit
2979 2339 3041 2378 se
3102 2323 3278 2378 fidem
3319 2321 3534 2378 habere
3581 2319 3810 2376 homini

2163 2412 2400 2481 infelici,
2434 2417 2490 2468 et
2521 2413 2872 2484 magistrum
2934 2411 3278 2484 appellavit,
3339 2429 3404 2467 ac
3449 2414 3810 2467 ervatorem

2162 2503 2486 2558 errantium
2517 2502 2872 2557 animarum.
2908 2501 3007 2557 llis
3062 2507 3119 2556 et
3163 2500 3434 2574 pluribus
3483 2499 3612 2555 aliis
3664 2516 3812 2570 aegre

2163 2593 2402 2663 quidem
2460 2596 2518 2648 et
2573 2592 2760 2662 tarde,
2816 2591 2916 2647 sed
2973 2595 3167 2646 tamen
3223 2590 3412 2646 eii'ecit
3458 2590 3812 2656 tandem,ut

2163 2681 2335 2738 homo
2368 2681 2648 2753 pestilens
2680 2685 2971 2736 evomeret
3004 2680 3163 2736 virus
3197 2697 3314 2736 suae
3376 2678 3804 2751 improbitatis:

2160 2776 2217 2826 et
2257 2772 2377 2827 fera
2434 2770 2706 2826 cassibus
2761 2770 2910 2826 80]
2974 2769 3228 2834 irretica,
3289 2768 3618 2825 doctrinam
3678 2768 3808 2839 ejus

2157 2859 2432 2930 vulgavit,
2490 2863 2547 2915 et
2602 2860 2881 2931 dogmata
2935 2858 3314 2931 contempsit,
3387 2857 3809 2928 communique

2160 2949 2438 3023 suﬂ‘ragio
2493 2949 2554 3005 in
2615 2949 3010 3022 Hippodromo
3083 2951 3466 3022 impostorem
3541 2947 3809 3005 comburi

414 3037 514 3088 τῶν
567 3032 930 3111 Βογομίλων.
987 3040 1095 3105 Τῆς
1133 3031 1212 3090 ,δὲ
1265 3033 1524 3105 τοιαύτης
1567 3034 1827 3111 αἱρέσεως
1881 3037 2048 3111 κῆρυξ

2163 3039 2356 3110 jussit.
2385 3039 2515 3094 Alia
2540 3055 2712 3111 porro
2745 3039 2955 3094 seditia
2983 3046 3187 3096 contra
3238 3040 3649 3112 imperatorem
3681 3042 3809 3093 orta

404 3122 470 3190 ἦν
525 3122 614 3177 καὶ
677 3123 833 3198 μέγα,
892 3120 1214 3185 διδάσκαλος
1271 3125 1363 3178 καί
1414 3117 1720 3199 προϐολεὺς
1768 3122 1878 3177 τῶν
1925 3129 2051 3200 παρ’

397 3211 581 3273 αὐτοῖς
639 3209 986 3281 ἀποστόλων,
1034 3209 1312 3288 βασίλειός
1362 3233 1446 3277 τις
1494 3211 1791 3288 λεγόμενος
1845 3212 2046 3289 ἰατρὸς,

2158 3133 2267 3198 est,
2297 3131 2552 3201 quodam
2590 3133 2827 3185 auctore
2853 3129 2952 3201 qui
3011 3145 3072 3185 se
3125 3129 3396 3201 Diogenis
3434 3127 3808 3200 imperatoris

2160 3217 2348 3272 ﬁlium
2373 3218 2692 3290 professus,
2726 3217 3116 3274 Cumanorum
3165 3218 3337 3273 turba
3388 3217 3573 3273 ascita
3619 3217 3807 3271 Thra-

391 3305 591 3374 σχῆμα
647 3299 744 3372 μὲν
793 3287 1168 3376 περικείμενος
1231 3305 1497 3376 μοναχοῦ,
1554 3287 1714 3356 αὐτὸν
1761 3299 1808 3356 δ’
1839 3287 2043 3357 ἐκεῖνον

2163 3307 2310 3362 ciam
2346 3287 2735 3378 populabatur
2764 3311 2821 3362 et
2867 3307 3152 3375 vastabat,
3187 3311 3389 3378 petens
3439 3310 3503 3361 ut
3563 3305 3807 3360 urbibus

389 3385 744 3462 ἐνδεδυμένος
797 3389 891 3444 τὸν
952 3395 1212 3463 Σατανᾶν,
1267 3390 1326 3452 ὃς
1386 3388 1438 3443 έν
1487 3384 1624 3446 ἔτεσι
1682 3391 1776 3464 μὲν
1837 3412 1994 3446 πέντε
2023 3426 2046 3435 -

387 3474 620 3532 καίδεκα
665 3477 734 3534 τὰ
782 3480 884 3547 τῆς
931 3477 1147 3549 πΛάνης
1198 3478 1384 3552 μαθὼν
1423 3478 1648 3554 ὀλέθρια
1690 3478 1960 3556 δόγματα,
1992 3479 2044 3535 έν

389 3563 450 3621 δὶ
499 3563 620 3621 δυσὶ
681 3568 772 3622 καὶ
831 3569 1167 3637 πεντήκοντα
1213 3565 1430 3638 διδάξας
1481 3568 1636 3637 αὐτὰ,
1694 3573 1868 3624 πᾶσαν
1925 3589 2050 3645 σχε-

388 3653 482 3711 δὸν
543 3655 644 3724 τήν
696 3655 1024 3730 οἰκουμένην
1073 3663 1174 3728 τῆς
1230 3657 1430 3720 οἰκείας
1487 3657 1672 3732 λύμης
1729 3656 2045 3730 ἐνέπλησεν,

391 3745 525 3801 Εἶτα
555 3744 646 3800 καὶ
675 3749 744 3819 τῇ
793 3750 902 3800 τῶν
951 3744 1167 3802 πόλεων
1218 3745 1472 3803 Βασιλίδι
1500 3745 1888 3824 ἐπεχωρίασεν,
1920 3747 2049 3805 ἀλλ’

391 3832 540 3889 έάλω
592 3832 675 3888 ἐπ’
717 3833 1022 3912 αὐτοφώρῳ
1071 3835 1099 3889 ὁ
1144 3837 1242 3905 τῆς
1296 3835 1558 3908 ἀληθείας
1604 3836 1824 3913 ἐχθρός.
1876 3836 2044 3900 Γνοὺς

2157 3395 2534 3466 reciperetur,
2569 3400 2744 3466 atque
2773 3395 3114 3466 Limperator
3154 3394 3531 3450 salutaretur.
3592 3394 3811 3448 Deinde

2157 3501 2292 3540 cum
2317 3484 2665 3556 oppidulum
2696 3484 2955 3540 Thracias
3002 3484 3321 3556 quoddam,
3356 3484 3561 3540 fraude
3591 3482 3806 3540 civium

2157 3573 2475 3645 imperator
2503 3573 2815 3642 salutatus,
2845 3590 2981 3629 cum
3014 3573 3215 3646 paucis
3266 3574 3569 3646 ingressus
3631 3577 3808 3638 esset,

2157 3663 2620 3734 comprehensus
2676 3663 2862 3719 oculis
2891 3663 3174 3735 privatur.
3203 3663 3297 3719 Sic
3361 3665 3490 3734 ejus
3541 3662 3808 3735 tyrannis

2157 3753 2326 3808 ﬁnita
2363 3757 2476 3820 est,
2531 3751 2808 3809 Comanis
2866 3752 2966 3823 qui
3028 3752 3137 3808 vivi
3190 3756 3516 3824 evaserant,
3550 3751 3608 3807 in
3667 3768 3806 3807 suas

2157 3841 2327 3897 sedes
2352 3842 2620 3898 reversis.

388 3922 492 3999 γὰρ
549 3922 650 3991 τήν
709 3919 912 3979 ἐκείνου
966 3919 1213 3981 ἀσέϐειαν
1274 3926 1302 3980 ὁ
1352 3930 1587 4003 κρατῶν,
1644 3927 1906 4004 ὑπεκρίθη
1966 3927 2144 3983 πίστιν
2199 3927 2345 4005 ἔχειν
2406 3928 2480 3991 εἷς
2538 3927 2738 3984 ἐκεῖνον
2793 3928 2886 3983 τὸν
2941 3925 3346 4003 κακοδαίμονα,
3405 3928 3494 3984 καὶ
3553 3926 3807 3986 διδάσκα-

393 4007 493 4066 λον
552 4008 755 4084 ἐκάλει,
811 4011 901 4068 καὶ
955 4017 1178 4089 σωτῆρα
1249 4011 1627 4090 πλανωμένων
1683 4019 1921 4093 ψυχῶν.
1981 4015 2208 4080 Τούτοις
2284 4017 2378 4073 οὖν
2451 4017 2542 4072 καὶ
2607 4017 2853 4073 πλείοσιν
2918 4013 3135 4085 ἄλλοις,
3197 4016 3360 4091 μολις
3423 4018 3519 4090 μὶν
3575 4018 3666 4073 καὶ
3715 4018 3807 4073 σὺν

389 4097 603 4174 χρόνῳ,
660 4097 853 4175 ἴσχυσε
911 4099 968 4156 δέ
1021 4123 1155 4158 ποτε
1211 4107 1394 4158 πεῖσαι
1444 4105 1536 4158 τὸν
1593 4103 1843 4180 ὀλέθριον
1902 4107 2103 4160 ἐκεῖνον
2162 4105 2404 4178 ἐξεμέσαι
2465 4106 2556 4160 τὸν
2617 4107 2696 4160 ἱὸν
2751 4113 2850 4176 τῆς
2907 4105 3176 4182 πονηρίας
3233 4104 3417 4161 αὐτοῦ.
3452 4105 3602 4160 Ἐπεὶ
3652 4102 3698 4160 δ’
3744 4109 3809 4176 ἥν

390 4184 540 4249 έντὸς
600 4187 815 4262 ἀρκύων
871 4191 935 4244 τὸ
993 4191 1216 4268 θήραμα
1247 4234 1264 4263 ,
1320 4188 1678 4266 έδημοσίευσε
1753 4193 1849 4267 μὶν
1921 4194 2022 4263 τὴν
2098 4192 2303 4249 ἐκείνου
2377 4192 2726 4250 διδασκαλίαν
2761 4237 2775 4264 ,
2834 4194 2925 4250 καὶ
2997 4194 3065 4249 τά
3139 4191 3388 4270 δόγματα
3451 4192 3764 4272 έεεφαύλισε
3797 4229 3818 4265 ,

385 4278 545 4350 κοινῇ
580 4272 639 4330 δὲ
668 4279 838 4355 ψήφῳ
867 4279 1038 4356 πυρὸς
1068 4279 1225 4336 αὐτὸν
1258 4279 1417 4337 αὐτὸν
1448 4280 1502 4337 έν
1533 4285 1611 4354 τῷ
1640 4281 1737 4348 τῆς
1765 4281 2106 4352 ἱππηλασίας
2153 4284 2362 4357 θεάτρῳ
2401 4286 2510 4356 (22)
2562 4281 2943 4360 παρανάλωμα
2989 4281 3160 4340 ἔθετο.
3211 4283 3375 4346 Αὖθις
3428 4279 3472 4336 δ’
3525 4280 3818 4337 ἐπανάστα-

386 4383 472 4427 σις
529 4364 684 4441 ἑτέρα
735 4367 872 4422 κατά
944 4372 1040 4424 τοῦ
1113 4369 1514 4446 αὐτοκράτορος
1570 4371 1759 4447 γέγονε
1794 4417 1807 4441 ,
1866 4370 2017 4426 καὶὸ
2072 4371 2272 4442 ταύτην
2353 4374 2760 4446 συστησάμενος
2831 4373 2946 4427 υἱὸν
3027 4369 3206 4449 ἔλεγεν
3268 4372 3454 4426 ὶαυτὸν
3531 4371 3662 4426 εἶναι
3717 4376 3816 4426 τοῦ

390 4449 816 4525 βασιλεύσαντος
871 4456 1202 4534 Διογένους,
1259 4459 1321 4520 ’ὀς
1380 4457 1650 4532 Κομάνων
1729 4458 1948 4530 πλῆθος
2018 4462 2630 4538 προσεταιρισάμενος,
2682 4460 2756 4524 εἷς
2809 4459 2940 4516 τάπὶ
2998 4459 3215 4536 Θρᾴκης
3289 4481 3348 4515 τε
3405 4459 3590 4536 χωρία
3647 4461 3820 4535 γενό-

391 4559 578 4611 μενος.
636 4542 726 4596 καὶ
758 4544 858 4614 τὴν
897 4545 1088 4622 χώραν
1147 4544 1412 4618 κεραΐζων
1472 4547 1562 4602 καὶ
1620 4547 1948 4622 ληϊζόμενος
1981 4591 1995 4619 ,
2055 4548 2251 4624 ἀπῄτει
2309 4549 2436 4612 τοὺς
2489 4549 2540 4605 ἐν
2598 4556 2718 4613 ταῖς
2776 4547 2970 4605 πόλεσι
3029 4547 3284 4625 δέχεσθαί
3341 4570 3398 4605 τε
3453 4549 3617 4606 αὐτὸν
3651 4595 3666 4622 ,
3725 4549 3817 4604 καὶ

388 4627 570 4699 ἀξιοῦν
635 4631 929 4704 βασιλικῆς
982 4634 1354 4712 ἀναρρήσεως.
1414 4635 1552 4694 Εἶτα
1603 4634 1682 4699 si."
1737 4658 1790 4692 τι
1847 4637 2140 4714 πολίχνιον
2199 4642 2308 4694 τῶν
2369 4640 2647 4716 Θρᾳκικῶν
2703 4638 2979 4710 ἀπελθὼν,
3039 4637 3334 4712 ἀπατηθείς
3391 4659 3449 4694 τε
3506 4637 3652 4714 παρὰ
3703 4642 3814 4694 τῶν

394 4717 448 4774 έν
493 4719 657 4808 ,αὐτῷ
711 4723 799 4778 καὶ
834 4723 1176 4802 ἀναρρηθεὶς,
1211 4725 1468 4782 εἰσελθών
1495 4748 1556 4782 τε
1588 4729 1703 4801 μετ’
1734 4726 1939 4806 ὀλίγων
1973 4729 2146 4799 ἐντὸς,
2178 4729 2497 4806 συνεσχέθη,
2530 4730 2620 4786 καὶ
2651 4729 2878 4802 έξεκύπη
2908 4727 3036 4791 τοὺς
3092 4726 3435 4808 ὀφθαλμούς.
3486 4729 3586 4784 Καὶ
3644 4727 3816 4791 οὕτως

391 4808 428 4877 ἡ
471 4806 903 4898 Αέπιχειρηθεῖσα
960 4815 1088 4890 παρ’
1144 4815 1312 4872 αὐτοῦ
1364 4817 1619 4893 τυραννὶς
1677 4815 1962 4874 διελέλύτο
1997 4863 2010 4890 ,
2061 4822 2170 4874 τῶν
2248 4823 2510 4894 Κομάνων
2547 4862 2563 4890 ,
2620 4819 2738 4874 ὅσοι
2806 4821 2882 4894 μὴ
2944 4806 3301 4898 διεφθάρησαν
3341 4863 3358 4890 ,
3419 4817 3497 4881 εἷς
3571 4817 3637 4874 τὰ
3702 4816 3812 4889 ἤθη

390 4893 912 4970 παλινοστησάντων
943 4902 1011 4958 τὰ
1040 4905 1286 4983 σφέτερα.

465 4987 575 5046 ΚΔ.
600 4989 780 5055 Οὗτος
836 4993 865 5048 ὁ
925 4992 1200 5071 βασιλεὺς,
1265 4998 1364 5052 τοῦ
1422 4995 1885 5076 ὄρφανοτροφείου
1932 4997 2045 5071 (23)

2227 4999 2422 5057 XXIV.
2455 5000 2556 5057 Hic
2599 5001 2939 5073 imperator,
2972 5016 3105 5057 cum
3138 4997 3706 5073 orphanotrophium
3758 5002 3817 5056 et

1679 5181 1884 5245 Varias
1913 5179 2214 5243 lectiones
2244 5186 2307 5243 et
2335 5188 2521 5245 notae.

466 5308 1415 5401 £29}!reicianimlwiu
1463 5314 1692 5401 θεάτρῳ·
1753 5319 1926 5376 Wolf-
1995 5319 2052 5376 επ

2166 5319 2324 5401 Pauli
2355 5319 2750 5401 apostolorum
2781 5318 3087 5401 ecclesiam
3110 5320 3492 5401 observamus
3521 5318 3580 5401 i_n
3612 5317 3818 5401 eadem

390 5383 634 5477 aquggri
655 5383 890 5477 (aratro:
913 5388 973 5442 in
993 5387 1356 5477 Hippodromle
1378 5383 1770 5477 reposunimus.
1985 5462 2018 5477 η

2169 5383 2599 5477 lucubratione,
2630 5392 2730 5446 lib.
2765 5407 2842 5458 1v,
2875 5395 3017 5474 sect.
3056 5392 3112 5458 5,
3167 5392 3359 5477 n.‘21,ﬁ
3397 5391 3552 5477 quod
3611 5396 3668 5477 et
3725 5390 3818 5475 in-

431 5450 591 5523 ’(25)
679 5450 1196 5535 Ὀρφανοτροφεῗον.
1309 5450 1473 5524 Ουοᾶ
1565 5459 1744 5518 Zotici
1831 5462 2063 5536 appella
2169 5481 2349 5520 nuere
2377 5450 2653 5520 videntur
2673 5450 2982 5535 synaiaria
3013 5450 3137 5518 mss
3192 5465 3264 5519 ad
3296 5450 3363 5518 1'2
3416 5450 3694 5519 'Novemb.
3755 5465 3817 5519 in

399 5521 690 5609 ἔπλεε-Τὸ
719 5527 855 5609 κατὰ
905 5530 1141 5609 zemas»
1193 5527 1957 5609 ιῦᾱγέςυόρφανοςεροφεῖονμ
1991 5536 2052 5592 in
2169 5537 2228 5609 S.
2262 5535 2410 5609 Nilo,
2449 5538 2550 5609 ubi
2581 5540 2843 5609 narrant
2867 5534 3304 5609 il_lius‘corpus‘
3345 5537 3701 5609 depositum.
3761 5532 3813 5588 ἐν

393 5591 638 5680 Novella
662 5613 720 5652 Iv
749 5599 1020 5658 Heraclii.
1057 5607 1136 5658 De
1165 5617 1231 5658 eo
1263 5577 1542 5674 ρὶευὶίδᾶἔ
1569 5577 1808 5676 agis-uis
1832 5607 1892 5662 in
1908 5577 2052 5664 ’6οὲἱῖ

401 5670 762 5701 εοηηιιωηνυιη
793 5669 980 5701 [und-4
1063 5673 1144 5701 In.
1228 5689 1284 5701 η.
1359 5679 1478 5701 --.ει
1521 5676 1558 5701 n
1603 5693 1636 5701 ..
1692 5678 1758 5701 An
1837 5679 1890 5701 :_
1951 5696 2052 5701 _--_

2165 5608 2246 5679 τῷ
2299 5578 2580 5701 σεϐασμίῳ
2621 5609 2740 5696 ,τῶν
2804 5605 2998 5701 ’ᾼγίὶων
3044 5577 3400 5701 Ἀποὲτόλωὲ
3422 5577 3812 5701 ’ξένηόρφοενο-

395 5669 762 5757 θρέξαςροιί
793 5669 1041 5757 christ,”
1063 5673 1198 5757 liba
1228 5669 1304 5757 ιν,
1357 5679 1482 5757 sect
1521 5676 1579 5743 9,
1603 5669 1898 5757 ὀχεία-ἑτι
1934 5696 2052 5757 quq

2166 5669 2425 5757 τροφείιρ,
2463 5669 2718 5757 ύπόκάτω
2755 5669 3312 5757 τοιῗθυοςιαστηρίου,
3364 5677 3468 5733 ὑπὸ
3520 5669 3816 5736 Ἰουό-τίνου

401 5737 752 5799 aedificat—am
799 5760 835 5800 a
887 5737 1125 5803 Justino
1169 5737 1414 5804 Juniore
1457 5737 1606 5820 imp.
1657 5737 2052 5808 SSCPetri‘et

2165 5737 2658 5831 τοῦ”φιλόχρίστου
2687 5753 2784 5806 τοῦ
2818 5745 3106 5823 βασιλέως.
