4126 6382
339 407 461 471 309

1613 403 2030 467 ANNALIUM
2074 405 2226 466 LIB.
2273 408 2495 470 XVIII.

3648 407 3767 468 310

335 537 387 594 δ’
418 541 616 612 Ἀνεμᾷ
643 535 917 610 ἄψαυστος
951 536 1046 609 μὶν
1082 537 1118 605 ἢ
1167 533 1378 613 κεφαλὴ
1438 535 1526 590 καὶ
1577 536 1605 590 6
1653 536 1856 612 πώγων
1905 556 1987 590 τε‹

2113 537 2466 611 relegantur.
2521 541 2689 596 Matri
2779 539 3171 612 imperatoris,
3258 539 3770 595 administratione

329 630 567 700 τήρητο,
600 626 852 699 πήρωσις
907 621 964 678 δὲ
1009 628 1116 678 τῶν
1173 623 1474 702 ὀφθαλμῶν
1535 624 1699 680 αὐτοῦ
1756 626 1997 699 κατεψή-

330 737 517 794 φιστο.
579 715 698 770 Ἔτι
768 711 826 768 δὲ
901 707 1384 786 θριαμϐευομένων
1463 713 1678 784 αὐτῶν,
1740 713 1997 770 ἐπικατα-

330 800 603 879 λαμϐάνει
652 802 926 878 βασίλειον
981 803 1273 876 θέσπισμα,
1307 810 1406 873 τῆς
1467 811 1663 874 ποινῆς
1710 805 1801 858 τὸν
1851 806 1997 860 Ἀνε-

331 900 438 968 μᾶν
491 892 900 981 ἐξαιρούμενον,
951 891 1040 981 καί
1090 893 1144 947 οἱ
1189 897 1514 981 σογχωροῦν
1564 898 1672 948 τῶν
1728 892 1995 966 ὀμμάτων

327 984 430 1053 τὴν
462 983 725 1054 ἐκκοπήν.
757 979 1158 1060 Ἀφαιρεθὲντες
1213 979 1270 1036 δέ
1317 983 1414 1045 τὰς
1465 983 1652 1046 οὐσίας
1710 982 1997 1059 ὑπερορίαν

337 1070 505 1134 ἄλλος
559 1067 843 1147 ἀλλαχόθι
901 1067 1384 1142 κατεδικάσθησαν.
1417 1073 1478 1127 Ἡ
1541 1073 1728 1146 μήτηρ
1769 1070 1846 1126 ’δὲ
1902 1073 1999 1126 τοῦ

334 1161 736 1234 αὐτοκράτορος
765 1159 985 1232 τούτου,
1015 1164 1124 1215 τῶν
1172 1167 1271 1231 τῆς
1325 1159 1605 1236 βασιλείας
1662 1162 2001 1236 πραγμάτων

331 1247 724 1322 ἀναδεξαμένη,
785 1248 864 1310 ὡς
962 1245 1196 1324 εἴρηται,
1284 1249 1385 1318 τὴν
1468 1247 1758 1320 διοίκησιν,
1832 1247 2001 1324 μέχρι

327 1335 551 1392 πολλοῦ
606 1336 808 1408 ταύτην
889 1336 1346 1412 μεταχειρίζεται,
1402 1337 1520 1393 ὅθεν
1581 1339 1668 1393 καὶ
1738 1337 1805 1392 τὰ
1861 1336 1998 1412 πρὸς

328 1426 570 1480 κάκωσιν
658 1430 765 1480 τῶν
853 1409 1127 1496 ὑπηκόων-
1189 1427 1313 1482 τότε
1388 1425 1645 1501 γινόμενα
1715 1409 1914 1499 ἐκείνῃ-
1947 1409 1998 1477 θ’ι

325 1513 581 1578 πλείονες
613 1513 1000 1593 ἐπεγράφοντο.
1041 1516 1286 1591 ’Ἠχθετο
1349 1517 1442 1588 μὶν
1505 1514 1596 1570 οὖν
1653 1517 1680 1570 ὁ
1744 1512 2000 1590 βασιλεὺς

327 1604 406 1667 ὡς
442 1604 495 1660 ἐν
528 1604 679 1678 μόνῳ
709 1602 906 1681 σχεδὸν
937 1612 1038 1675 τῆς
1078 1603 1359 1681 βασιλείας
1389 1605 1684 1662 ἀπολαύων
1746 1605 1996 1678 ὀνόματι,

323 1689 518 1768 ᾐδεῖτο
579 1691 638 1748 δὲ
678 1695 777 1764 τὴν
835 1694 1068 1768 μητέρα,
1116 1695 1207 1748 καὶ
1251 1693 1490 1766 ἀκούσης
1545 1693 1752 1765 ἐκείνης
1802 1693 1997 1773 ἀφελέ-

323 1794 450 1847 σθαι
493 1783 594 1852 τὴν
655 1781 900 1854 ἐξουσίαν
953 1783 1057 1838 οὐκ
1105 1779 1324 1852 ἤθελεν.
1362 1784 1511 1838 Ἐπεὶ
1565 1780 1613 1837 δ’
1643 1782 1821 1854 ἐκείνη
1869 1805 1998 1837 συν-

2109 643 2327 696 rerum,
2371 634 2433 683 ut
2464 630 2686 684 dictum
2722 633 2830 698 est,
2882 629 2982 682 diu
3043 627 3278 697 functae,
3340 626 3496 681 mala
3554 626 3770 698 quibus

2110 716 2331 771 subditi
2388 719 2773 787 vexabantur,
2822 717 3088 788 plerique
3147 715 3538 772 ascribebant.
3581 720 3767 781 Quam

2111 821 2233 860 rem
2266 805 2442 873 ﬁlius,
2504 811 2568 862 ut
2623 807 2725 876 qui
2780 805 3020 861 nomine
3086 809 3256 860 tenus
3315 807 3430 860 fere
3479 805 3769 859 duntaxat

2112 905 2398 965 regnaret,
2423 896 2533 951 etsi
2559 895 2803 950 moleste
2822 895 3058 960 ferebat,
3077 899 3276 948 tamen
3305 894 3469 948 illam
3496 894 3767 963 invitam,

2111 1000 2215 1055 pro
2240 985 2560 1040 reverentia
2593 1001 2721 1052 sua,
2777 988 3064 1056 potestate
3123 983 3351 1054 privare
3401 981 3611 1038 noluit.
3645 985 3768 1048 Quo

2111 1073 2325 1128 mulier
2346 1074 2773 1142 animadverso,
2809 1073 2992 1128 verita
3021 1089 3092 1128 ne
3125 1071 3212 1127 vel
3264 1071 3448 1127 invita
3491 1073 3769 1128 excedere

2110 1166 2434 1234 cogeretur,
2525 1162 2726 1218 relicta
2801 1161 2980 1234 regia,
3065 1161 3224 1216 omni
3280 1161 3627 1216 auctoritate
3682 1159 3771 1215 illi

2113 1253 2288 1320 cedit,
2324 1257 2380 1308 et
2401 1253 2459 1308 in
2484 1253 2827 1325 PantepOpti
2875 1251 3292 1307 monasterium
3328 1267 3362 1305 a
3409 1267 3472 1306 se
3521 1250 3769 1306 aedifica-

2109 1345 2239 1397 tum
2265 1343 2499 1414 migrat,
2526 1342 2625 1398 ubi
2681 1358 2816 1397 cum
2867 1341 3092 1412 aliquot
3141 1356 3328 1394 annos
3358 1339 3678 1395 honoriﬁce
3711 1343 3770 1394 et

2110 1431 2385 1503 regaliter
2439 1432 2592 1487 302
2625 1430 2885 1500 vixisset,
2920 1434 3190 1500 provecta
3220 1434 3386 1482 aetate
3434 1427 3597 1482 obiit.
3655 1427 3766 1482 Sed

2108 1526 2165 1576 et
2194 1522 2624 1576 sebastocrator
2646 1519 2820 1592 paulo
2852 1517 3108 1590 amplius
3148 1535 3262 1573 uno
3322 1521 3452 1588 post
3511 1521 3763 1571 matrem

2111 1627 2264 1666 anno
2305 1609 2572 1665 debitum
2631 1614 2856 1664 naturae
2905 1606 3205 1679 persolvit,
3266 1622 3397 1661 raso
3451 1605 3664 1676 capillo
3706 1610 3766 1660 et

2111 1699 2310 1754 habitu
2337 1697 2664 1754 monastico
2697 1701 2958 1768 sumpto,
2990 1712 3121 1751 cum
3156 1696 3283 1751 vita:
3330 1695 3505 1750 finem
3536 1693 3764 1750 instare

2109 1788 2220 1844 sibi
2247 1787 2489 1855 videret,
2541 1785 2743 1842 multis
2775 1784 2973 1840 liberis
3017 1783 3276 1840 relictis:
3339 1783 3578 1854 quibus,
3627 1799 3764 1838 cum

325 1874 458 1938 ἧκεν
515 1870 824 1948 ἀχθόμενον
883 1872 974 1927 τὸν
1030 1872 1170 1944 υἱὸν,
1221 1877 1520 1944 πτοηθεῖσα
1581 1874 1657 1946 μὴ
1723 1872 1987 1948 βιασθείη.

2110 1884 2296 1932 mater
2324 1877 2500 1931 etiam
2525 1893 2640 1930 non
2666 1875 2962 1945 integrum
2994 1889 3218 1928 annum
3279 1872 3492 1927 marito
3551 1887 3758 1942 super-

323 1961 414 2016 καὶ
467 1958 736 2031 ἆθέλητον
791 1958 919 2036 δόξῃ
967 1962 1300 2032 ποιήσασθαι
1336 1962 1436 2031 τὴν
1496 1962 1841 2036 μετάστασιν,
1887 1983 1988 2016 πα-

328 2052 718 2129 ρακεχωρήκει
772 2052 988 2105 πάντων
1045 2055 1124 2122 τῷ
1184 2051 1288 2123 υἱῷ
1338 2071 1398 2106 τε
1451 2051 1540 2106 καὶ
1599 2055 1681 2123 τῷ
1729 2050 1993 2124 αὐτοκρά-

326 2159 474 2216 τορι,
506 2138 596 2194 καὶ
625 2141 732 2193 τῶν
771 2136 1060 2213 βασιλείων
1092 2139 1503 2216 ὑπανεχώρησε,
1529 2141 1629 2210 τὴν
1665 2143 1762 2194 τοῦ
1816 2141 1988 2196 Παντ-

327 2228 573 2285 επόπτου
659 2228 856 2302 μονὴν,
934 2228 996 2298 ἢν
1081 2226 1259 2298 ἐκείνη
1342 2224 1622 2301 ἐδείματο,
1707 2228 1986 2284 κατοικίαν

325 2316 705 2390 ποιησαμένη,
758 2317 885 2392 παρ’
1009 2315 1100 2372 καί
1151 2337 1302 2382 τινας
1374 2316 1648 2383 ἐνιαυτοὺς
1715 2321 1985 2392 παροική-

328 2427 468 2462 σασα
513 2403 746 2479 ἐντίμως
790 2427 850 2461 τε
889 2405 978 2460 καὶ
1036 2405 1358 2481 βασιλικῶς,
1401 2405 1454 2468 ἐς
1507 2408 1680 2483 γῆράς
1733 2428 1793 2462 τε
1852 2406 1988 2482 βαθὺ

323 2496 724 2567 καταντήσασα,
799 2493 1108 2570 μετήλλαξε
1151 2496 1250 2566 τὴν
1304 2497 1473 2567 ζωήν.
1528 2498 1659 2553 Ἕνα
1709 2493 1754 2550 δ’
1812 2496 1988 2550 ἐνιαυ-

325 2585 422 2642 τὸν
477 2586 571 2639 καὶ
633 2583 824 2661 μικρόν
877 2605 930 2639 τι
975 2585 1110 2660 πρὸς
1160 2585 1188 2639 6
1248 2581 1692 2661 σεϐαστοκράτωρ
1741 2580 1988 2648 ἐπιϐιοὺς

325 2678 398 2750 τῇ
462 2673 656 2749 μητρὶ,
714 2673 962 2736 κάκεῖνος
1017 2673 1236 2729 ἀπέτισε
1290 2674 1354 2728 τὸ
1411 2675 1612 2750 χρεὼν,
1665 2695 1989 2750 κειραμενος

326 2765 420 2820 καὶ
466 2763 661 2840 τρίχα,
693 2761 784 2817 καὶ
837 2762 1345 2841 μεταμφιασάμενος
1386 2764 1524 2819 κατὰ
1576 2763 1877 2839 μοναχοὺς,
1911 2765 1986 2826 ὡς

333 2850 467 2926 ἔγνω
514 2849 813 2906 ἐπιλείπειν
867 2851 1019 2923 αὐτῷ
1067 2851 1130 2905 τὸ
1184 2850 1478 2925 βιώσιμον.
1525 2847 1764 2908 ’Δπεϐίω
1822 2850 1866 2907 δ’
1897 2850 1986 2907 ἐπὶ

339 2939 494 2996 παισὶ
544 2938 802 3010 πολλοῖς,
835 2938 927 3002 οὓς
985 2937 1101 2994 ἐπεὶ
1150 2941 1240 2994 καὶ
1296 2943 1332 3012 ἡ
1391 2941 1574 3015 μήτηρ
1631 2940 1806 2996 αὐτῶν
1852 2943 1986 3016 (26),

348 3026 460 3084 οὐδ’
488 3025 610 3084 ὅλον
641 3028 878 3084 ἐνιαυτὸν
908 3028 1209 3100 ἐπιζήσασα
1252 3033 1331 3101 τῷ
1384 3027 1556 3106 ἀνδρὶ,
1594 3029 1819 3102 μετέστη
1877 3035 1983 3085 τῶν

346 3122 562 3193 νεκρῶν,
597 3119 626 3173 6
661 3115 918 3194 βασιλεὺς
971 3112 1364 3194 προσελάϐετο.
1423 3118 1513 3173 γαὶ
1569 3118 1697 3182 τοὺς
1741 3120 1834 3193 μὲν
1897 3117 1987 3197 ἄῤ-

335 3205 484 3283 ρενας
538 3208 798 3281 συνῴκισε
852 3207 1084 3282 γυναιξὶ,
1114 3207 1212 3271 τὰς
1269 3204 1326 3262 δέ
1372 3229 1432 3283 γε
1462 3205 1682 3278 θηλείας
1731 3207 1983 3284 ἀνδράσιν

333 3293 571 3366 ἐξέδοτο,
605 3297 695 3351 καὶ
739 3291 953 3373 ἔστεργε
1001 3296 1092 3352 καὶ
1142 3296 1417 3372 εὐηργέτει
1471 3297 1603 3362 τοὺς
1657 3295 1986 3374 ἀδελφόπαι-

335 3383 448 3446 δας.
484 3388 629 3459 Πρὸς
662 3384 720 3440 δὲ
747 3387 845 3455 τὴν
874 3386 1136 3441 κοινωνὸν
1167 3391 1263 3441 τοῦ
1299 3386 1419 3461 βίου
1451 3388 1479 3442 ὁ
1515 3385 1767 3462 βασιλεὺς
1825 3387 1986 3451 οὗτος

321 3470 440 3530 οὔτ’
473 3474 836 3552 ἀποστρόφως
869 3471 1051 3549 εἷ’χετο
1107 3474 1394 3550 πρότερον,
1447 3472 1568 3532 οὔτε
1624 3475 1744 3531 λίαν
1806 3476 1982 3552 ἐκείνῃ

323 3565 673 3640 προσέκειτο,
734 3561 1070 3641 ἀφροδισίων
1129 3561 1176 3618 δ’
1214 3565 1531 3638 ἡττώμενος
1606 3567 1674 3621 οὐ
1731 3567 1870 3621 πάνυ
1921 3567 1988 3622 τὸ.

323 3651 378 3716 ἐς
412 3651 575 3723 εὐνήν
623 3650 889 3728 ἐτύγχανε
943 3649 1174 3719 δίκαιος,
1206 3652 1323 3717 ὅθεν
1381 3654 1471 3708 καὶ
1533 3653 1741 3730 βέλεσιν
1792 3657 1827 3724 ἡ
1876 3655 1984 3712 Αὐ-

321 3741 521 3818 γούσια
607 3739 943 3811 ζηλοτυπίας
1028 3735 1317 3810 ἐϐέϐλητο.
1365 3741 1514 3799 Ἐπεὶ
1599 3739 1644 3796 δ’
1701 3743 1730 3797 6
1783 3744 1984 3820 χρόνος

321 3832 588 3904 προήκων
618 3834 699 3902 τῷ
729 3829 1088 3906 αὐτοκράτορι
1123 3831 1191 3884 τὰ
1218 3830 1468 3907 πυρφόρα
1519 3831 1655 3907 βέλη
1703 3836 1801 3888 τοῦ
1845 3831 1983 3909 ἔρω-

319 3938 415 3982 τος
459 3913 737 3993 ἤμϐλυνε,
771 3918 895 3974 τότε
938 3918 1078 3994 πρὸς
1125 3919 1223 3987 τήν
1274 3917 1586 3996 Δύγούσταν
1635 3921 1834 3996 τρέψας
1888 3921 1981 3976 τὸν

323 4005 524 4082 ἔρωτα,
557 4006 689 4070 ὅλος
744 4008 814 4077 ἦν
868 4013 968 4078 τῆς
1001 4007 1136 4082 πρὸς
1167 4004 1377 4076 ἐκείνην
1412 4015 1671 4086 στοργῆς,
1701 4011 1791 4065 καὶ
1850 4007 1982 4080 ἤθε-

324 4095 418 4153 λεν
491 4097 626 4153 εἶναι
685 4095 882 4172 σχεδὸν
938 4096 1108 4167 αὐτῆς
1158 4094 1546 4156 ἀδιάσπαστος.
1595 4099 1830 4170 Τοιαύτη
1884 4100 1980 4172 μὲν

324 4183 417 4241 οὖν
471 4190 542 4260 τῇ
604 4184 893 4262 βασιλίσσῃ
923 4184 1205 4259 ἐσύστερον
1250 4187 1286 4255 ἡ
1336 4183 1588 4254 διάθεσις,
1619 4189 1708 4242 καὶ
1771 4187 1983 4265 μεγάλα

317 4273 446 4330 τότε
494 4273 754 4349 ἠδύνατο,
798 4273 890 4330 καὶ
939 4275 1082 4349 εἶχεν
1118 4273 1260 4328 οὕτω
1293 4275 1489 4351 μέχρις
1543 4273 1603 4330 ἂν
1661 4274 1871 4354 ἴρῥωτο
1917 4279 1980 4334 τὸ

316 4368 483 4438 σῶμα
508 4369 590 4437 τῷ
626 4364 856 4441 βασιλεῖ.
896 4362 1052 4418 Ἐπεὶ
1084 4359 1130 4418 δ’
1159 4361 1364 4427 ἐκεῖνος
1393 4363 1520 4428 τοὺς
1568 4363 1742 4430 πόδας
1789 4365 1976 4444 ἤλγει,

315 4452 529 4516 καὶτὰς
568 4454 750 4528 βάσεις
796 4447 1126 4521 ἰϐέϐλαπτο,
1156 4451 1247 4508 καὶ
1289 4453 1415 4531 περὶ
1462 4455 1530 4510 τὰ
1577 4452 1748 4532 ἄρθρα
1801 4455 1980 4532 τούτῳ

322 4547 620 4618 μαχθηρᾶς
667 4541 806 4614 ὕλης
853 4541 1278 4619 συνερῥυήκεσαν
1339 4541 1598 4620 ῥεύματα,
1627 4545 1718 4601 καὶ
1775 4546 1843 4617 ἦν
1893 4547 1977 4603 ἐν-

315 4634 505 4690 τεῦθεν
585 4630 961 4704 κλινοπετής·
1018 4634 1288 4710 κατῆρχεν
1349 4635 1384 4704 ἡ
1449 4634 1683 4709 βασιλὶς,
1737 4637 1827 4692 καὶ
1898 4641 1980 4711 τῷ

2098 4659 2220 4699 vero
2271 4656 2406 4696 eum
2465 4635 2915 4698 conﬁrmabant,

319 4721 526 4793 ταύτης
585 4721 652 4792 ἦν
711 4721 788 4784 ὡς
846 4721 1042 4777 ἐπίπαν
1095 4727 1376 4796 τιθέμενος
1423 4723 1828 4802 ὁαύτοκράτωρ
1889 4739 1975 4791 θε-

325 4807 563 4884 λήματι,
623 4810 714 4866 καὶ
771 4816 917 4866 πᾶσα
957 4813 993 4880 ἠ
1051 4811 1266 4884 ἐξουσία
1314 4811 1403 4867 καὶ
1459 4814 1494 4882 ἡ
1544 4815 1643 4883 τῆς
1702 4813 1979 4890 βασιλείας

322 4894 600 4971 διοίκησις
669 4900 990 4970 ἀνατεθῆναι
1056 4899 1192 4974 αὐτῇ
1271 4901 1406 4974 μετὰ
1479 4903 1801 4978 παρέλευσιν
1881 4910 1978 4960 τοῦ

317 4986 514 5064 ἀνδρὸς
584 4987 949 5064 μεμελέτητο,
1000 4990 1076 5053 ὡς
1129 5010 1220 5045 και
1275 4991 1368 5046 τὸν
1429 4993 1545 5046 υἱὸν
1602 4993 1692 5048 καὶ
1754 4996 1979 5072 βασιλέα

323 5077 644 5134 ὑποκεῖσθαι
704 5077 864 5154 αὐτῇ.
897 5081 992 5152 Τῷ
1023 5076 1081 5134 δὲ
1108 5079 1170 5134 τὸ
1230 5079 1449 5154 σκέμμα
1507 5080 1608 5138 οὐκ
1663 5083 1881 5142 ἀνεκτὸν
1927 5085 1980 5150 ἐς

320 5163 520 5244 ἄνδρας
562 5163 673 5238 ἤδη
722 5166 997 5241 τελοῦντι,
1027 5167 1118 5222 καὶ
1173 5169 1385 5245 γυναικὶ
1433 5171 1541 5246 πρὸ
1583 5171 1800 5229 πολλοῦ
1856 5197 1980 5230 συν-

317 5257 564 5334 αφθέντι,
596 5261 695 5313 τοῦ
724 5254 910 5321 ἔθνους
953 5261 1060 5313 τῶν
1107 5255 1366 5335 Οὐγγρων
1426 5258 1678 5339 ἀρχηγοῦ
1732 5265 1983 5340 θυγατρὶ,

2104 1973 2246 2031 stes,
2302 1971 2530 2020 terrena
2619 1963 2978 2035 reliquisset,
3065 1961 3386 2032 imperator
3445 1958 3762 2028 susceptis,

2102 2055 2576 2111 adolescentibus
2636 2067 2867 2119 uxores,
2952 2048 3162 2122 puellis
3249 2049 3493 2104 maritos
3579 2047 3761 2110 dedit.

2101 2145 2298 2200 fratris
2378 2143 2595 2199 liberos
2653 2147 2709 2197 et
2765 2138 3170 2195 benevolentia
3244 2141 3302 2194 et
3365 2136 3762 2192 beneﬁcentia

2099 2239 2469 2308 prosecutus.
2501 2234 2719 2289 Verum
2749 2233 3065 2303 conjugem
3097 2245 3267 2285 suam
3302 2227 3590 2300 principio
3649 2242 3757 2283 nec

2101 2326 2497 2391 aversabatur,
2532 2338 2637 2378 nec
2683 2319 2997 2376 immodice
3052 2317 3306 2384 amabat,
3359 2317 3460 2372 sed
3519 2315 3755 2371 libidini

2100 2415 2487 2485 deditusjura
2517 2410 2878 2467 matrimonii
2917 2424 3123 2480 parum
3185 2409 3388 2463 sancte
3443 2405 3752 2462 observare

2097 2504 2392 2560 ferebatur
2425 2519 2438 2558 :
2472 2502 2628 2557 unde
2658 2505 2922 2570 Augusta
2993 2497 3126 2552 telis
3187 2493 3576 2551 aemulationis
3607 2511 3750 2549 sau-

2097 2594 2380 2649 ciabatur.
2442 2591 2514 2647 Ut
2569 2595 2765 2645 autem
2823 2593 2962 2643 astas
3030 2585 3307 2657 grandior
3343 2583 3557 2654 ignitae
3612 2582 3747 2638 illas

2098 2681 2392 2753 cupidinis
2465 2679 2711 2750 sagittas
2787 2674 3054 2730 nonnihil
3111 2673 3434 2741 hebetarat,
3494 2675 3620 2726 tum
3683 2671 3745 2725 in

2097 2774 2427 2842 Augustam
2461 2782 2737 2824 converso
2767 2779 2988 2833 amore,
3023 2767 3183 2818 totus
3215 2762 3272 2816 in
3306 2761 3434 2832 ejus
3464 2760 3749 2815 charitate

2098 2858 2527 2930 acquiescebat,
2569 2871 2675 2911 nec
2747 2853 2915 2910 facile
2966 2853 3040 2908 ab
3099 2851 3199 2907 illa
3255 2849 3448 2905 divelli
3501 2851 3751 2921 poterat.

2099 2950 2179 3003 Ex
2209 2965 2274 3003 eo
2306 2947 2582 3017 deinceps
2613 2945 2820 3000 affectu
2877 2958 3092 3013 magna
3122 2938 3515 3012 imperatricis
3546 2941 3750 3009 poten-

2096 3039 2179 3092 tia
2208 3037 2340 3102 fuit,
2373 3035 2548 3091 etiam
2573 3033 2800 3089 valente
2831 3033 3202 3101 imperatore.
3264 3028 3410 3083 Cum
3443 3031 3638 3083 autem
3698 3025 3750 3081 is

2097 3143 2167 3183 ex
2243 3125 2488 3197 pedibus
2554 3123 2820 3178 laborare
2904 3119 3196 3190 coepisset,
3271 3132 3377 3172 nec
3448 3113 3753 3172 ambulare

2099 3219 2316 3288 posset,
2350 3219 2408 3269 et
2437 3211 2728 3284 corruptis
2758 3209 3110 3264 humoribus
3169 3207 3239 3262 ad
3287 3203 3576 3260 articulos
3607 3220 3751 3258 con-

2097 3303 2438 3368 ﬂuentibus,
2474 3303 2530 3356 in
2564 3299 2710 3354 lecto
2741 3297 3152 3352 decumberet:
3216 3296 3345 3366 ipsa
3401 3291 3747 3364 imperabat,

2096 3394 2196 3450 illo
2220 3391 2636 3464 comprobante
2666 3387 2882 3456 omnia,
2916 3391 2973 3440 et
2996 3387 3122 3456 jam
3151 3385 3210 3438 id
3247 3383 3442 3438 animo
3475 3381 3748 3450 agitabat,

2097 3488 2161 3539 ut
2189 3468 2322 3554 post
2353 3479 2547 3535 mariti
2570 3479 2875 3534 decessum
2908 3479 3031 3530 tota
3061 3475 3350 3544 potestate
3408 3475 3465 3526 et
3513 3468 3747 3542 imperii

2096 3570 2594 3646 gubernationein
2625 3583 2686 3624 se
2717 3563 3022 3635 translata,
3082 3562 3269 3618 tilium
3328 3565 3743 3634 imperatorem

2095 3663 2250 3718 dicto
2323 3659 2658 3716 audientem
2721 3655 2983 3720 haberet,
3077 3651 3169 3706 cui
3246 3652 3373 3722 jam
3443 3649 3618 3705 adulo
3679 3663 3748 3704 ac

2095 3753 2321 3824 pridem
2356 3749 2586 3818 marito,
2618 3747 2796 3800 ducta
2845 3745 3249 3814 [lungarorum
3283 3737 3566 3812 principis
3600 3736 3741 3808 tilia,

2095 3839 2532 3912 procreatisque
2598 3833 2820 3901 liberis,
2878 3831 2936 3886 id
3025 3829 3329 3886 ferendum
3389 3845 3507 3883 non
3594 3831 3742 3882 erat.

2093 3929 2235 3985 Nam
2261 3945 2332 3983 ne
2367 3925 2612 3998 imperio
2645 3921 2959 3988 excideret,
3006 3923 3109 3974 aut
3166 3917 3285 3972 vita
3337 3918 3516 3972 etiam
3550 3915 3740 3986 priva-

2093 4023 2250 4073 retur
2281 4018 2550 4081 timebat,
2607 4028 2740 4067 cum
2797 4013 3013 4081 quanto
3072 4023 3271 4062 amore
3318 4010 3506 4061 mater
3563 4003 3744 4058 ﬁliam

2093 4110 2237 4161 natu
2267 4105 2586 4160 maximam
2617 4106 2674 4155 et
2721 4113 3000 4171 generum
3053 4095 3368 4167 Bryenium
3426 4107 3744 4166 proseque-

2090 4200 2272 4263 retur,
2332 4195 2613 4249 cerneret.
2697 4193 2900 4259 Itaque
2977 4188 3259 4257 cognatos
3338 4181 3739 4250 conveniebat,

2089 4292 2266 4358 atque
2325 4286 2469 4340 adeo
2529 4281 2834 4355 populum,
2895 4281 3172 4348 statuque
3245 4291 3442 4331 rerum
3497 4291 3744 4333 suarum

2090 4376 2244 4448 apud
2278 4371 2544 4447 singulos
2575 4369 2725 4425 clam
2757 4366 3140 4438 deplorando,
3167 4363 3559 4435 jurisjurandi
3587 4363 3742 4421 viros

2087 4461 2685 4520 commonefaciebat:
2721 4473 2836 4530 quo
2891 4453 3152 4526 plerique
3208 4451 3472 4509 obstricti
3519 4453 3738 4524 promi-

2087 4556 2305 4622 serant,
2340 4567 2401 4607 se
2430 4565 2546 4605 non
2570 4546 2682 4603 nisi
2715 4544 2826 4618 ipsi
2851 4543 3150 4600 delaturos
3182 4559 3311 4599 esse
3340 4542 3738 4613 imperium.Ii

2998 4631 3216 4688 auxilia
3264 4630 3631 4702 pollicentes,
3678 4635 3738 4688 et

2088 4748 2216 4805 quae
2274 4729 2700 4803 pollicebantur
2757 4721 3136 4793 jurejurando
3199 4720 3550 4776 sancientes.
3601 4722 3739 4786 Quae

2089 4838 2222 4878 cum
2255 4816 2688 4890 imperatricem
2736 4829 2853 4868 non
2915 4809 3183 4876 laterent,
3232 4808 3378 4862 irata
3408 4807 3612 4874 edixit,
3665 4825 3738 4864 ne

2089 4911 2406 4983 quisquam
2439 4923 2571 4962 eum
2604 4901 2956 4964 conveniret,
2991 4898 3213 4972 passim
3268 4895 3740 4968 speculatoribus

2089 5004 2146 5055 et
2177 4994 2618 5054 obsevatoribus
2652 4990 2966 5047 collocatis.
3023 4986 3216 5045 Nihilo
3266 4989 3461 5040 tamen
3523 4984 3619 5040 ille
3651 5002 3741 5040 se-

2091 5089 2220 5144 cius
2251 5087 2368 5142 fere
2417 5098 2622 5139 omnes
2683 5081 2753 5136 ad
2813 5097 2876 5135 se
2944 5077 3176 5134 allicere
3226 5091 3340 5131 non
3401 5073 3744 5144 desistebat,

2091 5177 2236 5232 alios
2289 5191 2390 5247 per
2445 5170 2851 5240 semetipsum,
2920 5167 3065 5223 alios
3125 5181 3229 5237 per
3281 5163 3372 5219 sui
3423 5162 3743 5218 studiosos.

2094 5265 2358 5323 Habebat
2387 5267 2583 5319 autem
2614 5259 2768 5315 303
2823 5255 3020 5312 studia
3067 5254 3324 5327 junioris
3365 5269 3592 5326 quoque
3632 5252 3746 5308 fra-

1617 5446 1822 5509 Varize
1850 5447 2155 5514 lectiones
2181 5453 2244 5510 et
2272 5451 2462 5507 notae.

351 5595 634 5682 ,(ξδιιξαὶ
666 5599 710 5682 ι
738 5598 924 5676 μήτηρ
978 5597 1377 5682 «sirm-mne
1434 5601 1758 5682 sanorum
1818 5610 1980 5682 prin-

316 5668 486 5756 cipis
499 5668 646 5756 tilia,
673 5668 750 5753 de
769 5668 905 5756 qua
929 5670 1262 5756 egimusjn
1321 5673 1576 5756 Εἀίηίιζιέ
1629 5668 1977 5753 Βῃκαηὶεηίε,

315 5739 542 5815 ρξιγι.
575 5739 723 5800 Huic
753 5739 1342 5806 dicavit—Theodorus
1387 5739 1743 5809 Prodromis
1773 5739 1983 5826 poema

2091 5605 2572 5670 astronomicum,
2603 5600 2759 5674 quod
2793 5593 3080 5674 asservari
3140 5594 3592 5674 in__bibliotbeoa
3623 5598 3742 5674 ce:

2093 5665 2262 5738 sarea
2293 5679 2490 5735 monet
2531 5665 2738 5732 Petrus
2799 5667 3164 5734 Lambecius,
3212 5665 3314 5723 lib.
3372 5683 3427 5724 v1
3486 5669 3558 5724 de
3613 5668 3744 5724 ead.

2089 5750 2234 5810 bibl.
