4126 6374
357 413 469 476 3η
1705 415 2036 478 JOANNIS
2079 418 2421 482 ZONARE
3656 423 3780 482 312

353 545 487 613 tris,
512 543 694 602 altero
723 546 1080 617 Andronico,
1122 545 1288 602 fratri
1316 545 1621 618 eidemque
1669 547 2013 620 imperatori
2041 563 2061 627 Α

2172 550 2210 604 ιὶ
2247 546 2456 605 παίδων
2503 549 2746 627 γεγονότι
2796 551 2981 627 πατρί.
3017 549 3313 608 Ἐδεδοίκει
3369 549 3468 626 γὰρ
3522 550 3648 626 περὶ
3710 553 3783 626 τῇ

358 636 726 690 adversante.
770 640 917 691 Nam
967 637 1028 692 hi
1089 651 1320 708 quoque
1369 636 1497 706 jam
1547 636 1733 691 adulti
1803 655 2012 694 uxores

2172 642 2293 713 >χῇ,
2327 640 2361 710 ἢ
2392 641 2479 694 καὶ
2531 641 2658 716 περὶ
2713 640 2848 714 αὐτῇ
2907 645 2978 715 τῇ
3041 644 3176 716 ζωῇ,
3211 642 3354 713 ὁρῶν
3409 642 3509 710 τήν
3575 640 3787 714 μητέρα

353 726 662 790 duxerant,
713 725 1082 780 Andronicus
1134 725 1586 795 sebastocrator,
1643 728 1902 782 lsaacius
1960 733 2018 784 et

2172 727 2350 798 ολλὴν
2399 729 2523 802 περὶ
2579 730 2679 798 τήν
2738 725 3103 806 πρεσϐυτέραν
3163 728 3271 784 τῶν
3337 729 3642 806 θυγατέρων
3703 728 3786 784 έν-

359 812 644 883 Brysnius
701 816 955 869 Caesares
1023 812 1321 884 appellati,
1384 812 1624 870 alterius
1675 832 1807 870 vero
1883 815 2014 872 ﬁliae

2172 819 2479 889 εικνυμένην
2514 817 2722 894 σχέσιν,
2753 819 2845 874 καὶ
2876 820 2999 893 περὶ
3059 820 3149 874 τὸν
3213 817 3296 874 ἐπ’
3329 819 3463 892 αὐτῇ
3513 815 3784 888 κηδεστὴν

359 902 610 957 maritus
641 902 984 958 Phorbenus
1020 902 1619 973 panhyperebsstus.
1675 909 1862 976 Atque
1894 905 2015 960 haec

2172 909 2216 960 ὃν
2301 908 2577 982 Βρυένιον.
2641 909 2802 971 ’Ὁθεν
2889 908 3075 982 μετῄει
3159 908 3222 963 τὸ
3279 909 3578 984 οσυγγενές,
3636 905 3786 962 ἀλλὰ

358 989 444 1045 ita
469 1007 532 1046 se
563 991 879 1056 habebant,
906 992 1016 1046 etsi
1047 995 1382 1063 temporum
1439 993 1645 1048 ordine
1675 993 2012 1060 immutato,

2173 994 2312 1050 ἑντοι
2342 995 2432 1050 καὶ
2465 995 2792 1070 ξύμπαντας,
2825 998 2915 1052 καὶ
2969 997 3036 1053 τὰ
3078 1002 3200 1062 καθ’
3229 997 3419 1052 ἑαυτὸν
3465 997 3602 1074 πρὸς
3656 992 3786 1051 ἕκα-

361 1081 686 1151 posteriora
703 1081 868 1151 prius
892 1081 1296 1151 exposuimus.

2172 1103 2251 1137 ιον
2329 1081 2604 1161 λαθραίως
2677 1083 3136 1160 ἀποκλαιόμενος,
3218 1085 3592 1160 ἀνεμίμνησκε
3669 1089 3781 1139 τῶν

363 1168 539 1244 ὅρκων
597 1165 729 1228 τοὺς
785 1165 1005 1242 ἄνδρας,
1061 1167 1153 1229 οὓς
1220 1168 1273 1221 οἱ
1330 1167 1582 1232 πΛείονες
1629 1167 1806 1224 αὐτῶν
1852 1171 1985 1241 ἦσαν
2045 1171 2430 1244 ὀμωμοκότες,
2489 1174 2566 1236 ὡς
2645 1174 2754 1250 οὐχ
2817 1171 2999 1250 ἕτερον
3072 1174 3132 1229 ἂν
3201 1173 3347 1250 παρὰ
3391 1178 3585 1229 τοῦτον
3646 1173 3784 1245 μετὰ

359 1253 453 1308 τὸν
535 1251 740 1328 πατέρα
823 1249 1057 1322 δέξειντο
1141 1253 1535 1329 αὐτοκράτορα.
1595 1256 1664 1315 Οἱ
1743 1253 1790 1310 δ’
1860 1256 2024 1310 αὐτὸν
2109 1255 2491 1333 ἐπεθάῤῥυνον,
2550 1259 2640 1314 καὶ
2721 1249 2982 1335 ἐπαρῆξαι
3071 1261 3122 1314 οἱ
3209 1249 3401 1329 καιροῦ
3483 1257 3787 1320 καλοῦντος

361 1341 753 1414 προθυμότατα
805 1339 1234 1417 ἐπηγγέλλοντο,
1299 1344 1484 1418 ὅρκοις
1537 1341 1896 1418 ἐμπεδοῦντες
1953 1345 2050 1407 τὰς
2110 1344 2452 1420 ὑποσχέσεις.
2512 1351 2688 1402 Ταῦτα
2739 1345 2797 1403 δὲ
2852 1350 2951 1418 τὴν
3025 1345 3282 1425 βασιλίδα
3340 1347 3440 1403 οὐκ
3495 1345 3790 1416 ἐλελήθει-

364 1450 482 1500 σαν,
540 1427 611 1484 δι’
669 1429 704 1484 ἃ
757 1432 849 1485 καὶ
906 1431 1256 1508 προσώχθισε
1309 1431 1388 1504 ὐῷ
1442 1433 1566 1505 υἱῷ.
1599 1435 1872 1490 Ἐντεῦθεν
1933 1433 2093 1489 παντί
2149 1455 2254 1489 που
2309 1436 2552 1507 καθάπαξ
2612 1436 2894 1513 προσιέναι
2943 1437 2996 1493 οἱ
3053 1437 3339 1514 ἀπείρητο,
3379 1437 3468 1492 καὶ
3527 1436 3788 1499 πάντοθεν

366 1516 563 1572 σκοποί
622 1539 683 1574 τε
750 1519 838 1573 καὶ
916 1523 1254 1594 κατοπτῆρες
1303 1521 1439 1590 ἦσαν
1495 1520 1663 1594 αὐτῷ.
1722 1524 1779 1577 Ὀ
1837 1520 1896 1578 δὲ
1949 1524 2040 1578 καὶ
2101 1521 2275 1585 οὕτως
2327 1523 2427 1580 οὐκ
2483 1524 2709 1581 ἐπαύετο
2767 1527 2905 1602 πρὸς
2961 1527 3151 1582 έαυτὸν
3209 1523 3406 1602 σχεδὸν
3463 1523 3594 1587 τοὺς
3653 1521 3786 1596 σύμ.-

362 1625 569 1667 παντας
628 1604 1020 1683 ἐφελκόμενος,
1078 1607 1207 1670 τοὺς
1283 1609 1378 1682 μὲν
1437 1605 1508 1663 δι’
1565 1609 1779 1679 ἑαυτοῦ,
1837 1609 1965 1674 τοὺς
2017 1607 2075 1664 δὲ
2134 1609 2224 1665 διὰ
2278 1615 2386 1666 τῶν
2446 1614 2858 1688 προσκειμένων
2927 1614 3091 1688 αὐτῷ.
3152 1615 3479 1690 Προσέκειτο
3535 1609 3582 1667 δ’
3641 1610 3788 1683 αὐτῷ

363 1695 457 1750 καὶ
513 1698 622 1751 τῶν
684 1692 936 1774 ἀδελφῶν
994 1697 1023 1751 6
1078 1697 1360 1774 νεώτερος’
1398 1699 1620 1774 θάτερος
1675 1695 1732 1754 δέ
1787 1720 1868 1774 γε,
1904 1695 2114 1767 δηλαδὴ
2157 1699 2186 1754 6
2217 1696 2564 1773 ’Δνδρόνικος
2597 1703 2730 1776 (27),
2761 1707 2841 1776 τῷ
2895 1703 3138 1781 συγγόνῳ
3195 1704 3282 1758 καὶ
3349 1700 3565 1779 βασιλεῖ
3619 1701 3792 1771 ἠναν-

363 1784 556 1842 τὶωτο.
590 1781 729 1856 Ἤδη
789 1786 888 1860 γὰρ
946 1786 1035 1841 καὶ
1096 1788 1268 1859 οὗτοι,
1329 1785 1715 1863 ἀνδρωθέντες,
1769 1788 1973 1863 γυναιξὶ
2032 1787 2481 1865 συνεζεύχθησαν.
2538 1791 2638 1846 Καὶ
2698 1791 2724 1846 ὀ
2788 1794 2882 1866 μὲν
2939 1790 3282 1868 ’Δνδρόνικος
3342 1786 3792 1866 σεϐαστοκράτωρ

365 1871 656 1958 τετίμητο,
716 1875 746 1928 6
802 1871 848 1929 δ’
906 1875 1167 1938 Ἰσαάκιος
1221 1875 1313 1930 καὶ
1372 1878 1401 1931 ὁ
1459 1877 1713 1952 Βρυένιος
1773 1877 2054 1954 Καίσαρες,
2113 1879 2142 1933 6
2199 1875 2246 1932 δ’
2301 1877 2391 1934 ἐπὶ
2442 1881 2514 1952 τῇ
2571 1877 2793 1956 δευτέρᾳ
2846 1886 2954 1936 τῶν
3006 1880 3308 1958 θυγατέρων
3367 1884 3465 1936 τοῦ
3521 1876 3793 1956 βασιλέως

366 1957 644 2048 γαμϐρὸς
677 1963 706 2018 6
765 1958 1050 2040 Φορϐηνος
1132 1960 1664 2043 πανυπερσέϐαστος.
1728 1966 1899 2043 Εἶχον
1990 1968 2085 2040 μὲν
2161 1965 2252 2022 οὖν
2341 1967 2485 2024 οὕτω
2540 1975 2728 2044 ταῦτα,
2788 1971 2838 2026 εἴ
2881 1970 2973 2027 καὶ
3025 1957 3360 2048 προδραμὼν
3419 1971 3448 2026 6
3505 1968 3669 2044 λόγος
3726 1967 3798 2022 τὰ

375 2050 596 2127 ὕστερον
629 2047 956 2126 διηγήσατο.

442 2141 610 2198 XXV.
637 2142 801 2200 Unus
824 2161 997 2216 porro
1055 2160 1122 2202 ex
1181 2147 1407 2202 Latinis
1464 2147 1536 2203 ab
1594 2146 1906 2203 Occidente
1961 2147 2061 2215 in:

2205 2146 2333 2205 KE'.
2369 2148 2463 2210 Εἷς
2522 2146 2579 2203 δὶ
2622 2149 2730 2204 τῶν
2782 2149 2860 2213 εἰς
2900 2151 3002 2220 τὴν
3041 2151 3212 2223 Ἑῴαν
3264 2143 3562 2204 διαϐάντων
3624 2143 3792 2199 Λατί-

376 2233 671 2290 Orientem
707 2236 1026 2307 profectus,
1057 2237 1317 2307 Roberti,
1354 2239 1526 2310 cujus
1556 2255 1738 2311 supra
1768 2236 2038 2294 meminit

2179 2255 2251 2290 ων
2305 2235 2395 2290 καὶ
2452 2237 2480 2291 6
2536 2241 2632 2292 τοῦ
2687 2237 3024 2313 Ῥομπέρτου
3082 2236 3305 2308 ἐκείνου,
3364 2237 3528 2311 οὗπερ
3587 2230 3696 2303 ἤδη
3758 2232 3795 2299 ἦ

379 2321 817 2393 ὶιὶειοτίο,ῐὶ1ἱιιε
849 2323 1087 2380 nomine
1109 2325 1506 2392 Boemundus,
1527 2327 1828 2382 servitium
1861 2342 2038 2382 suum

2174 2323 2360 2398 στορεα
2403 2323 2675 2398 ἐμνήσθη,
2729 2327 2974 2403 ὑπῆρχεν
3008 2325 3147 2396 υἱός,
3207 2323 3549 2400 Βαϊμοῦνδος
3599 2323 3803 2394 ὄνομα·

382 2410 720 2483 imperatori
751 2412 987 2480 obtulit,
1019 2419 1077 2470 et
1135 2415 1324 2487 pactis
1347 2416 1733 2486 jurejurando
1765 2417 2040 2483 firmatis,

387 2503 744 2572 acceptaque
835 2503 1084 2573 pecunia
1168 2505 1288 2560 fere
1346 2503 1783 2572 innumerabili,
1873 2510 2046 2576 capta

394 2588 631 2662 Syriaca
667 2589 999 2660 Antiochia,
1056 2609 1172 2648 non
1204 2594 1378 2649 modo
1438 2600 1608 2668 pacta
1660 2599 1716 2650 et
1763 2601 2048 2650 conventa

395 2679 654 2749 violavit,
687 2681 788 2736 sed
819 2685 876 2737 et
909 2683 980 2738 de
1007 2682 1159 2740 bello
1209 2685 1490 2741 Romanis
1549 2686 1853 2742 inferendo
1885 2686 2048 2757 cogi-

395 2769 560 2826 tavit.
583 2769 890 2826 Enimvero
939 2772 1128 2827 reditu
1188 2773 1246 2828 in
1306 2773 1677 2830 Occidentem
1737 2774 2048 2846 destinato,

385 2862 691 2927 metuens,
719 2874 792 2914 ne
821 2857 881 2914 in
906 2860 1154 2917 transitu
1185 2865 1586 2918 Rom-marum
1617 2863 2051 2936 provinciarum

397 2965 432 3005 a
477 2951 693 3019 prator
731 2947 928 3020 aliquo
989 2950 1340 3022 prehensus,
1400 2953 1471 3008 ad
1528 2952 1945 3024 imperatorem
1989 2951 2051 3007 in

395 3037 670 3102 vinculis,
704 3041 770 3092 ut
799 3037 974 3093 homo
1022 3038 1366 3112 fmdifragus
1414 3041 1831 3112 perduceretur
1862 3058 1876 3096 :
1910 3041 2052 3112 quid

401 3125 541 3182 facit
567 3125 596 3181 ?
627 3125 948 3182 Rumorem
969 3127 1040 3183 de
1098 3145 1204 3185 suo
1236 3129 1398 3184 obitu
1442 3131 1840 3202 spargendum
1866 3133 2053 3201 curat,

401 3220 457 3272 et
487 3215 647 3271 cista;
685 3213 1023 3288 impositus,
1085 3217 1324 3274 famulis
1385 3220 1646 3284 mandat,
1701 3224 1765 3276 ut
1812 3220 2059 3276 cadaver

385 3321 585 3362 suum
646 3306 890 3362 domum
930 3306 1070 3363 ferri
1118 3308 1338 3364 dicant.
1373 3312 1492 3364 Hoc
1523 3317 1654 3365 astu
1701 3311 1757 3365 in
1807 3309 2060 3381 patriam

404 3411 697 3462 reversus,
756 3399 814 3452 et
873 3395 1131 3452 multum
1165 3397 1236 3452 de
1290 3397 1643 3470 imperatore
1674 3403 2059 3471 conquestus,

2154 2411 2403 2484 ξάμενος,
2437 2414 2518 2482 ὃς,
2553 2413 2613 2470 ἐκ
2663 2414 2770 2470 τῶν
2806 2415 3101 2492 Ἐσπερίων
3155 2415 3290 2489 μετὰ
3336 2419 3445 2470 τῶν
3509 2413 3598 2468 ὑπ’
3641 2409 3802 2466 αὐτὸν

2155 2501 2342 2573 ἀνιὼν,
2402 2501 2671 2560 δούλωσίν
2734 2526 2794 2560 τε
2851 2509 2932 2578 τῷ
3007 2504 3224 2582 βασιλεῖ
3279 2500 3670 2579 ἐπηγγείλατο,
3714 2496 3808 2553 καὶ

2157 2593 2428 2662 συνθήκας
2473 2592 2697 2666 Θέμενος
2752 2595 2890 2668 πρὸς
2951 2594 3134 2662 αὐτὸν,
3188 2593 3372 2670 ὅρκοις
3429 2591 3595 2655 αὐτὰς
3641 2588 3810 2662 ἐμπε-

2157 2677 2393 2748 πέδωκε,
2423 2683 2515 2737 καὶ
2572 2685 2836 2759 χρήματα
2893 2678 3076 2740 λαϐὼν
3135 2681 3332 2760 σχεδὸν
3365 2682 3497 2757 ὑπὲρ
3554 2676 3811 2755 ἀριομδν,

2157 2771 2228 2842 τῇ
2279 2770 2416 2825 κατᾶ
2490 2770 2700 2843 Κοίλην
2772 2772 2968 2849 Συρίαν
3025 2771 3338 2848 Ἀντιοχείᾳ
3411 2766 3811 2841 ἐπιδεδήμηκε,

2160 2858 2249 2913 καὶ
2292 2858 2492 2932 ταύτην
2551 2859 2848 2935 πολιορκίᾳ
2879 2861 3139 2936 έλὼν,οὖ
3198 2861 3357 2936 μόνον
3417 2864 3526 2915 τῶν
3583 2854 3817 2930 ὡμολο-

2162 2968 2234 3021 γη
2247 2948 2421 3020 μένων
2450 2945 2765 3024 παραϐάτης
2797 2950 3028 3027 ἐγένετο,
3061 2949 3208 3006 ἀλλὰ
3229 2950 3319 3005 καὶ
3376 2947 3624 3020 πόλεμον
3679 2944 3818 3000 κατᾶ

2163 3037 2450 3111 Ῥωμαίων
2554 3041 2778 3116 ἄρασθαι
2887 3039 3279 3114 μεμελέτηκεν.
3367 3035 3675 3093 Ἐπανιέναι
3760 3030 3815 3088 δὶ

2166 3127 2467 3204 φροντίζων
2515 3127 2573 3184 ἐκ
2624 3133 2732 3184 τῶν
2783 3129 2967 3202 Ἐῴων
3032 3129 3108 3194 εἰς
3177 3129 3244 3184 τὰ
3289 3125 3567 3202 ⁸Ετπέρια,
3625 3119 3817 3179 ἐδεδίει

2171 3216 2247 3289 μή
2307 3215 2359 3270 ἐν
2417 3220 2485 3291 τῇ
2539 3215 2786 3292 ἐπανόδῳ
2839 3219 3028 3296 χώρας
3078 3219 3386 3293 Ῥωμαϊκὰς
3448 3213 3622 3284 διιὼν,
3653 3231 3812 3268 κατα-

2170 3305 2391 3380 σχεθείη
2451 3308 2597 3379 παρά
2645 3328 2742 3362 του
2799 3312 2907 3363 τῶν
2967 3311 3168 3384 χωρῶν
3228 3305 3444 3362 ἐκείνων
3497 3303 3594 3367 τὰς
3649 3298 3817 3376 ἀρχὰς

2171 3392 2707 3469 ἐμπεπιστευμένων,
2761 3397 2850 3452 καὶ
2905 3396 3174 3473 ἀπαχθείη
3235 3394 3545 3469 δεσμώτης,
3596 3393 3670 3454 ὡς
3726 3409 3827 3444 πα·

405 3483 625 3540 multos
660 3483 1034 3556 popularium
1067 3485 1138 3541 ad
1163 3487 1455 3542 sumenda
1510 3492 1713 3544 contra
1764 3488 2057 3543 Romanos

2174 3478 2413 3558 ραϐάτης
2471 3486 2543 3539 ὧν
2595 3481 2746 3541 ἔθετο
2804 3491 3102 3557 συνθηκῶν.
3160 3484 3221 3540 Τί
3277 3488 3404 3560 γοῦν
3476 3487 3830 3582 μηχανξτξς

407 3589 572 3629 arma
606 3573 945 3641 concitavit,
974 3590 1297 3646 eorumque
1321 3576 1440 3631 dux
1495 3582 1750 3648 creatus,
1783 3581 2062 3650 superato

409 3663 580 3731 mari,
614 3661 1006 3734 Epidamnum
1031 3681 1244 3737 magno
1277 3665 1472 3722 studio
1502 3683 1710 3739 capere
1738 3667 2062 3723 contendit.

409 3751 555 3808 Cum
603 3755 800 3807 autem
866 3752 1096 3808 obsidio
1152 3754 1502 3826 traheretur,
1551 3757 1780 3813 civibus
1831 3756 2064 3829 magnis

409 3839 778 3896 detrimentis
830 3839 1030 3908 illatis,
1060 3859 1167 3898 nec
1227 3843 1602 3913 paucioribus
1662 3847 1938 3918 acceptis,
1969 3863 2065 3902 ex-

408 3929 771 4002 pugnatione
803 3931 1134 4002 desperata,
1159 3932 1231 3988 ad
1268 3932 1385 3988 alia
1415 3932 1541 3990 loca
1571 3951 1734 4008 aeque
1765 3935 1931 3991 irrito
1969 3952 2065 3991 co-

409 4021 552 4075 natu
587 4034 956 4091 progressus,
1007 4019 1258 4092 denique
1290 4039 1493 4094 pacem
1553 4039 1658 4096 per
1713 4023 1938 4096 legatos
1994 4023 2066 4080 ab

408 4107 762 4180 imperatore
823 4109 988 4180 petit,
1045 4109 1469 4168 Thessalonicae
1508 4118 1635 4169 tum
1667 4118 1906 4186 agente:
1967 4113 2070 4186 qui

408 4197 548 4253 inde
577 4197 906 4270 digressus,
930 4199 1102 4268 juxta
1134 4199 1443 4257 Coloneam
1476 4203 1820 4274 Europmam
1851 4202 2069 4260 vallum

407 4285 682 4353 munivit,
724 4286 926 4356 ibique
955 4303 1090 4343 cum
1125 4289 1375 4346 Barbare
1407 4291 1478 4346 de
1525 4292 1688 4362 pacis
1718 4292 2070 4348 conditioni-

409 4375 524 4431 bus
553 4374 859 4447 transegit.
909 4381 992 4431 Ac
1043 4376 1508 4435 Boemundicum
1541 4379 1762 4436 bellum
1812 4380 1921 4436 hoc
1954 4381 2073 4437 fere

412 4463 586 4521 modo
615 4463 1010 4537 compositum
1070 4471 1180 4522 est.
1220 4467 1560 4524 Patriarcha
1608 4485 1743 4525 vero
1799 4468 2073 4526 Nicolaus

414 4550 673 4609 Ecclesia
702 4569 806 4625 per
830 4570 1016 4611 annos
1046 4554 1253 4627 viginti
1286 4561 1508 4628 septem
1542 4558 2076 4628 gnbernata,senex

415 4640 736 4696 admodum
751 4643 1101 4698 decessitzcu
1101 4643 1205 4713 jus
1221 4646 1399 4698 funus
1413 4645 1489 4698 im
1500 4649 1731 4716 perator
1744 4645 2074 4718 magniﬁcis

414 4728 1132 4804 honoribusprosecutus,
1184 4732 1370 4788 alium
1397 4735 1456 4788 in
1505 4732 1894 4805 patriarchioo
1927 4734 2073 4791 solio

415 4819 739 4890 collocavit,
764 4835 794 4877 e
833 4820 974 4877 cleri
1006 4820 1274 4877 Ecclesia:
1328 4839 1572 4878 numero
1608 4821 1773 4878 illum
1811 4824 2071 4896 quidem,

415 4910 520 4965 sed
553 4909 780 4966 ordinis
809 4910 1218 4982 diaconorum,
1266 4916 1322 4966 et
1352 4928 1508 4968 unus
1565 4929 1632 4968 ex
1667 4913 2072 4984 patriarchieis
2103 4885 2152 4952 Β

412 4999 806 5072 principibus,
831 5015 900 5056 ex
927 4999 1106 5055 fratre
1126 5003 1392 5072 nepotem
1411 5003 1542 5073 ejus
1560 5002 1656 5074 qui
1682 5007 1808 5058 tum
1832 5003 2073 5060 Chalce-

2171 3575 2395 3630 Ἑαυτοῦ
2451 3573 2840 3650 καταψεύδεται
2911 3576 3161 3645 θάνατον,
3205 3574 3295 3630 καὶ
3373 3572 3603 3648 λάρνακι
3679 3563 3836 3642 έμϐε-

2176 3657 2355 3733 ϐήκει,
2396 3661 2772 3737 ἐντειλάμενος
2834 3670 2950 3727 τοῖς
3016 3664 3306 3742 θεράπουσι
3362 3660 3540 3738 λέγειν
3593 3661 3667 3722 ὼς
3720 3657 3834 3713 ἐτε-

2177 3754 2385 3823 θνήκει,
2412 3753 2501 3808 καὶ
2549 3753 2578 3808 ὁ
2626 3755 2814 3828 νεκρὸς
2863 3752 3071 3820 ἐκείνοη
3117 3753 3401 3826 κομίζεται
3434 3747 3640 3807 οἴκαδε.
3673 3747 3835 3805 Οὕτω

2177 3839 2358 3903 λαϐὼν
2437 3841 2514 3905 εἷς
2593 3842 2693 3910 τήν
2777 3840 2964 3918 ’χώραν
3043 3841 3206 3897 αὐτοῦ
3281 3838 3652 3896 δινσέσωστοο
3708 3834 3831 3891 ἔνθα

2177 3927 2363 3984 πολλὰ
2418 3931 2688 3985 κατειπὼν
2735 3935 2833 3985 τοῦ
2895 3929 3183 4007 βασιλέως,
3227 3927 3474 3990 πολλοὺς
3527 3931 3634 3982 τῶν
3687 3926 3830 3996 ὁμοο

2181 4023 2346 4083 εθνῶν
2379 4021 2502 4095 ἆραι
2532 4019 2668 4076 κατᾶ⁴
2696 4019 2977 4094 Ῥωμαίων
3029 4019 3177 4076 ὅπλα
3215 4020 3480 4096 ἠρέθισεν,
3506 4016 3579 4070 ὧν
3630 4033 3824 4090 στρατ-

2181 4113 2370 4185 αρχῶν
2427 4109 2629 4172 ἐκεῖνος
2705 4107 3068 4181 διεπεραιώθη
3127 4109 3264 4184 πρὸς
3327 4109 3423 4178 τὴν
3476 4102 3831 4177 Ἐπίδαμνον,

2179 4199 2269 4254 καὶ
2317 4197 2537 4267 πολλὴν
2584 4194 2734 4264 ἕθετο
2783 4196 3024 4269 σπουδὴν
3069 4197 3401 4275 ἐκπορθῆσαι
3451 4197 3515 4251 τὸ
3566 4191 3692 4250 ἄστυ
3746 4191 3838 4248 αὖ·

2179 4291 2302 4358 ταῖς.
2351 4287 2554 4364 Χρόνον
2611 4285 2668 4344 δέ
2717 4286 3004 4364 διατρίψας
3046 4289 3098 4344 ἐν
3146 4283 3548 4362 τῇπολιορκίᾳ
3609 4282 3843 4359 μακρὸν,

2181 4375 2273 4431 καὶ
2312 4377 2562 4440 κακώσας
2613 4377 2708 4450 μὶν
2757 4376 2883 4441 τοὺς
2934 4376 2985 4432 ἐι
3033 4381 3102 4452 τῇ
3134 4375 3317 4449 πόλει,
3350 4375 3412 4430 ού
3452 4373 3588 4449 μείω
3633 4370 3691 4428 δέ
3747 4371 3840 4428 καὶ

2183 4463 2343 4527 αὐτὸς
2385 4463 2667 4535 κακωθεὲς,
2701 4464 2914 4541 ἀπέγνω
2967 4465 3062 4540 μὶν
3105 4465 3208 4536 τὴν
3255 4467 3352 4519 τοῦ
3384 4461 3695 4540 Δυρραχίου
3739 4461 3842 4532 τήν

2184 4554 2415 4626 ἅλωσιν,
2461 4550 2671 4631 προέϐη
2732 4553 2780 4611 δ’
2827 4555 2905 4619 εἰς
2955 4552 3132 4632 ἕτερα·
3195 4551 3342 4610 ἀλλὰ
3397 4549 3663 4608 κάκείνων
3722 4547 3850 4623 διή-

2188 4663 2407 4720 μαρτεν,
2458 4645 2578 4709 ὅθεν
2632 4639 3070 4722 διαπρεσϐεύεται
3121 4643 3261 4720 πρὸς
3307 4641 3400 4698 τὸν
3445 4641 3847 4717 αὐτοκράτορα,

2185 4728 2480 4806 συμϐάσεις
2515 4738 2711 4804 ζητῶν.
2744 4735 2804 4791 Ὀ
2836 4731 2893 4788 δὲ
2920 4737 2990 4809 τῇ
3035 4731 3398 4806 Θεσσαλονίκῃ
3444 4730 3513 4800 ἦν
3563 4727 3847 4802 ἐνδημῶν,

2185 4823 2276 4879 καὶ
2331 4823 2540 4900 ἀπάρας
2586 4823 2786 4888 ἐκεῖθεν
2833 4822 2970 4879 κατᾶ
3009 4824 3110 4892 τὴν
3162 4819 3488 4899 Εύρωπαίαν
3529 4816 3848 4877 Κυλώνειαν

2182 4914 2272 4968 τὸν
2329 4913 2548 4990 χάρακα
2603 4908 2773 4981 ἔθετο,
2806 4909 2930 4968 ἔνθα
2982 4911 3074 4967 καὶ
3127 4908 3530 4988 προσωμίλησε
3573 4912 3652 4980 τῷ
3709 4907 3853 4983 βαρ-

2181 4997 2335 5077 ϐάρῳ
2381 5004 2471 5056 καὶ
2517 5003 2614 5064 τὰς
2656 5003 2926 5072 συνθήκας
2971 5005 3080 5056 τῶν
3137 4997 3388 5056 σπονδῶν
3428 4998 3748 5068 ἐποιήσατο.
3779 4996 3854 5055 Ἦ

413 5087 659 5144 donensi
690 5092 938 5160 praeerat
969 5088 1258 5161 Ecclesiae,
1311 5089 1368 5145 in
1402 5090 1615 5148 litteris
1653 5097 1778 5148 tum
1812 5093 2061 5165 profanis

2188 5092 2281 5164 μὲν
2315 5089 2408 5145 οὖν
2433 5095 2530 5145 τοῦ
2562 5087 2902 5164 Βαϊμούνδσυ
2937 5087 3090 5166 μάχη
3125 5088 3270 5144 οὕτω
3300 5109 3422 5150 πως
3449 5084 3756 5142 διελέλυτο.
3781 5085 3854 5143 Ὀ

411 5180 539 5231 tum
572 5177 757 5233 sacris
791 5177 864 5231 ab
897 5177 1052 5233 804
1085 5177 1324 5234 ineunte
1345 5187 1640 5236 versatum
1675 5187 1865 5251 artata,
1899 5199 2061 5254 quea:

2186 5178 2243 5236 δὲ
2273 5184 2622 5255 πατριάρχης
2652 5177 2949 5247 Νικόλαος,
2983 5179 3071 5234 ἐπὶ
3103 5176 3271 5234 εἴκοσι
3299 5176 3439 5254 πρὸς
3491 5176 3630 5232 imi
3665 5173 3858 5229 ἐνιαυ-

411 5264 540 5336 ipse
585 5266 909 5339 imperator
963 5266 1023 5322 in
1081 5266 1336 5326 Ecclesia
1384 5270 1722 5328 declaravit.
1763 5272 2061 5344 Aliquantc

2183 5269 2314 5333 τοὺς
2361 5270 2481 5339 τήν.
2511 5269 2831 5337 Ἐκκλησίαν
2887 5268 3090 5340 ἴθύνας,
3137 5268 3234 5323 καὶ
3295 5266 3347 5331 ἐς
3413 5271 3590 5342 γῆρας
3650 5262 3858 5327 ἐλάσας

1698 5460 1904 5524 Variae
1935 5435 2236 5522 lectioues
2265 5463 2328 5522 et
2356 5465 2548 5522 notae.

490 5610 627 5700 (27),
653 5609 1010 5700 Ἀγβρόνιιεοςο
1036 5692 1049 5700 _
1072 5617 1466 5700 Andronicus
1515 5621 1854 5700 Qomnenus
1917 5623 2061 5700 ljor-
2174 5619 2284 5700 fuit
2303 5621 2489 5700 irene,
2517 5621 2604 5678 nti
2635 5621 2977 5700 nominatur
3004 5618 3065 5676 in
3095 5618 3311 5700 Typico
3345 5633 3464 5700 ms.
3494 5609 3845 5700 monasterii

858 5689 1308 5780 seba‘qiqcmtqr,
1329 5692 1432 5780 qui
1452 5692 1510 5776 ion
1535 5695 1680 5780 ipsa
1700 5692 1892 5780 agatis
1921 5692 2062 5758 ﬂore
2306 5683 2766 5780 Κεχαριτωμένης
2899 5692 3063 5751 Irene
3091 5683 3361 5766 Augusta
3416 5693 3473 5749 et
3502 5686 3668 5745 illius

418 5761 628 5813 contra
652 5757 871 5819 Turcos
899 5761 1126 5818 fortiter
1152 5757 1425 5835 pugnans
1465 5757 1726 5822 interiit:
1759 5765 2065 5823 huic‘uxor
2171 5757 2261 5824 tre
2290 5757 2532 5825 conditi.
2597 5757 2609 5768 ’
2721 5757 2734 5764 ’
3183 5757 3218 5766 ⁷
3699 5769 3708 5776 ·
3761 5765 3804 5790 ·-
