4126 6404
340 395 459 457 315

1704 393 2030 456 JOANNIS
2073 395 2416 458 ZONARJE

3646 393 3771 453 316

343 526 426 582 ris
454 525 690 582 initium
715 525 888 596 juxta
918 522 1398 598 Philippopolim,
1431 540 1675 580 vernum
1701 525 1990 581 mstivum-

2103 523 2468 582 ἐπανετείνπο
2521 523 2807 602 δεῃτήριον
2862 522 3172 581 διδακτικὸν
3218 520 3349 579 ὅτου
3397 519 3596 579 δέοιτο.
3667 525 3766 580 Καὶ

341 633 455 688 que
487 621 743 687 tempus,
776 620 834 669 et
867 631 1138 684 magnam
1171 614 1435 668 autumni
1499 619 1722 682 partem
1783 615 1995 686 exegit,

342 720 408 758 ea
430 720 490 758 re
523 702 602 758 ibi
633 707 973 774 occupatus,
1004 708 1066 756 ut
1117 718 1249 756 cum
1303 701 1636 757 Manichaeis
1695 703 1794 774 qui
1848 708 1999 758 Pau-

340 791 543 847 liciani
573 791 744 863 vulgo
790 792 1088 857 dicuntur,
1145 791 1492 861 disputaret.
1553 797 1721 858 (Nam
1782 809 1998 865 magna

341 882 469 952 ejus
495 882 689 953 gentis
725 880 1040 935 multitudo
1097 879 1178 934 ibi
1245 880 1611 947 versabatur,
1673 899 1706 936 a
1771 881 1998 937 Joanne

341 970 590 1025 Zimisce
620 987 687 1025 ex
716 969 950 1024 Oriente
982 968 1041 1022 in
1074 983 1142 1023 ea
1165 967 1291 1023 ioca
1325 968 1629 1040 translata)
1673 985 1998 1041 eorumque

343 1060 562 1115 multos
593 1061 665 1114 ad
697 1057 1080 1113 orthodoxam
1130 1057 1306 1112 fidem
1364 1057 1648 1114 traduxit.
1698 1060 1996 1114 Autumno

341 1149 466 1218 jam
497 1147 686 1202 medio
721 1147 836 1201 fere
885 1150 1106 1211 exacto,
1165 1145 1226 1200 in
1285 1149 1506 1218 regiam
1565 1152 1654 1202 est
1706 1163 1995 1204 reversus.

348 1235 497 1299 Quia
524 1252 655 1291 vero
687 1235 1030 1306 imperatrix
1052 1233 1303 1290 multum
1339 1236 1769 1307 poterat,etiam
1801 1235 1998 1308 generi

347 1327 475 1396 ejus
511 1323 779 1396 Bryennii
822 1340 1036 1396 magna
1065 1328 1191 1379 erat
1237 1326 1516 1396 potentia,
1549 1342 1614 1380 ac
1653 1326 1779 1396 jam
1825 1324 1996 1398 vulgo

345 1415 590 1484 celebre,
624 1412 786 1469 illius
815 1418 965 1468 nutu
997 1413 1055 1468 in
1088 1412 1248 1485 regia
1278 1413 1398 1486 geri
1423 1413 1844 1479 omnia.0uare
1869 1432 1996 1471 om-

340 1519 446 1558 nes
475 1503 545 1558 ad
579 1518 714 1558 eum
747 1519 810 1557 se
839 1503 1240 1569 conferebant,
1267 1502 1425 1572 juris
1456 1503 1717 1570 dicundi,
1778 1508 1836 1558 et
1893 1521 1996 1576 pro

339 1591 574 1664 imperii
593 1592 940 1647 auctoritate
961 1593 1284 1647 sententias
1313 1593 1534 1647 ferendi
1558 1596 1843 1664 potestate
1859 1610 1998 1664 pras-

338 1680 696 1736 ditum.Erat
725 1685 917 1746 autem
946 1685 1004 1735 et
1024 1679 1149 1751 ipse
1163 1680 1377 1738 studiis
1409 1681 1811 1736 doctrinarum
1839 1681 1999 1737 dedi-

337 1773 520 1838 tus,et
541 1786 685 1824 uxor
715 1769 844 1840 ejus
873 1770 933 1824 in
967 1769 1176 1824 iisdem
1209 1785 1450 1840 operam
1474 1769 1654 1826 nihilo
1683 1770 1995 1839 minorem,

335 1876 403 1916 ac
434 1859 629 1930 potius
661 1860 946 1929 majorem
980 1859 1253 1930 ponebat,
1285 1858 1582 1930 exquisite
1630 1859 1995 1928 atticissans,

338 1947 687 2019 ingenioque
718 1947 961 2019 praedita
991 1945 1336 2002 acutissimo
1377 1946 1449 2001 ad
1509 1947 1991 2005 abstrusissimas

339 2053 604 2108 quasque
634 2034 1183 2106 contemplationes,
1214 2051 1345 2090 eam
1391 2035 1734 2092 facultatem
1776 2038 1991 2110 partim

337 2131 558 2181 natura
590 2125 870 2192 bonitate,
896 2124 1108 2196 partim
1134 2124 1430 2180 industria
1458 2127 1993 2183 oonsecuta.Afﬁxa

336 2215 514 2272 etiam
538 2219 663 2271 erat
693 2213 956 2282 libris,et
971 2214 1337 2269 eruditorum
1371 2215 1798 2271 consuetudine
1831 2215 1990 2272 haud

337 2304 524 2360 obiter
537 2304 829 2359 utebatur.
857 2301 974 2358 Hoc
995 2319 1191 2358 rerum
1215 2319 1460 2359 suarum
1489 2308 1644 2358 statu
1660 2305 1850 2360 Caesar
1870 2322 1990 2362 om-

335 2393 511 2449 nibus
526 2391 744 2465 linguis
757 2390 1254 2455 celebratur.Quas
1267 2408 1400 2447 cum
1416 2391 1785 2463 imperatoris
1801 2394 1986 2450 lilium

335 2481 730 2552 eumdemque
750 2480 1163 2552 imperatorem
1196 2485 1477 2552 angerent
1525 2485 1582 2537 et
1637 2481 1986 2550 cruciarent,

334 2575 532 2626 tamen
567 2568 870 2626 tolerabat.
895 2571 1005 2625 Sed
1040 2570 1162 2625 haec
1215 2569 1276 2624 in
1335 2587 1647 2642 progressu
1705 2572 1990 2628 orationis

335 2663 722 2731 exponentur.
749 2663 915 2714 Nune
945 2676 1079 2714 vero
1110 2677 1177 2715 ea
1208 2659 1556 2729 referantur,
1589 2676 1715 2731 quae
1767 2662 1990 2718 omissa

337 2753 496 2804 sunt.
527 2749 916 2820 Temporibus
940 2748 1312 2819 imperatoris
1345 2748 1524 2819 hujus
1575 2749 1763 2806 multa
1817 2751 1990 2807 exsti-

336 2842 458 2895 tere
488 2838 782 2906 incendia,
817 2837 1064 2894 diversis
1095 2837 1259 2894 urbis
1313 2836 1454 2893 locis
1502 2837 1636 2910 igne
1682 2839 1985 2899 desolatis.

339 2927 450 2983 Sed
481 2933 539 2982 et
578 2926 897 2998 aliquando
923 2943 1099 2982 verno
1119 2931 1382 2998 tempore
1423 2929 1785 2984 vehementis
1830 2931 1986 2986 venti

339 3015 595 3087 procella
625 3033 757 3071 cum
796 3016 914 3071 alia
935 3016 1122 3070 multa
1151 3022 1518 3080 corruerunt,
1547 3023 1672 3072 tum
1698 3023 1895 3075 statua
1925 3021 1984 3076 in

332 3105 588 3161 rotunda
619 3103 716 3160 ille
748 3105 1002 3160 maxima
1032 3104 1308 3160 columna
1339 3105 1764 3178 porphyretioa,
1789 3108 1986 3166 inforo

335 3194 492 3264 quod
528 3192 819 3250 Placotum
861 3198 1091 3259 vocant,
1123 3195 1370 3265 dejecta,
1411 3195 1630 3252 multos
1677 3198 1778 3267 qui
1836 3199 1984 3255 forte

2106 614 2295 685 ταῦτα,
2349 615 2584 670 ἐνώπιον
2633 615 2798 670 αὐτοῦ
2839 615 3116 688 τιθέμενα,
3171 613 3424 668 ἐπίταττε
3464 615 3582 674 τοῖς
3637 612 3768 666 ὑπο-

2105 704 2586 778 γραμματεύουσιν
2646 707 2758 778 (29)
2833 703 3061 773 ἑπιίιναι,
3119 703 3208 758 καὶ
3268 700 3554 778 γνωρίζειν
3609 700 3762 772 αὐτῷ

2105 793 2201 854 τὰς
2232 793 2466 848 ἑκάστων
2500 793 2764 865 αἰτήσεις.
2819 792 2908 848 καὶ
2961 791 3155 847 αὐτίκα
3199 792 3299 860 τὴν
3335 790 3415 865 ἔφ’
3446 790 3655 861 ἑκάστῳ
3682 789 3767 843 άν-

2106 883 2371 959 τιγρανρήν
2405 883 2733 960 προσέταττε
2777 882 3040 959 γίνεσθαι,
3086 880 3176 936 καὶ
3211 875 3610 956 βεϐαιουμένην
3638 884 3760 942 τοῖς

2110 967 2392 1044 δεομένοις
2436 972 2790 1050 παρέχεσθαι,
2851 971 2953 1029 Καὶ
3001 972 3147 1026 τοῦτ’
3192 968 3282 1025 ἰπὶ
3325 967 3528 1045 χρόνον
3579 968 3761 1024 ἱκανὸν

2105 1057 2351 1135 ὶτηρεῖτο
2407 1066 2487 1134 τῷ
2535 1060 2913 1138 αὐτοκράτορι.
2965 1061 3077 1117 Εἶτ’
3124 1057 3277 1124 αὖθις
3322 1054 3608 1130 ἀποδημεῖ
3646 1063 3750 1126 τῆς

2108 1147 2452 1218 Βυζαντίδος,
2486 1149 2766 1225 φθίνοντος
2815 1146 2924 1220 ἤδη
2973 1152 3071 1204 τοῦ
3111 1147 3458 1223 μετοπώρου.
3493 1151 3668 1214 Συνῆν
3699 1141 3759 1200 δὲ

2108 1236 2299 1312 ἰκείνῳ
2353 1239 2444 1294 καὶ
2493 1241 2528 1309 ἡ
2587 1236 2894 1314 βασίλισσα,
2927 1236 3017 1293 καὶ
3060 1238 3096 1307 ἡ
3149 1239 3526 1312 γυναικωνῖτις
3581 1235 3758 1289 συνεί-

2107 1348 2259 1396 πετο,
2282 1326 2374 1382 καὶ
2407 1327 2531 1404 περὶ
2577 1327 2706 1390 τοὺς
2757 1323 3038 1403 πρόποδας
3097 1331 3193 1381 τοῦ
3242 1323 3402 1397 ὅρους
3449 1326 3552 1379 τοῦ
3581 1329 3766 1378 Παπυ-

2105 1415 2226 1471 κίου
2257 1419 2371 1490 (30)
2419 1422 2780 1488 καταηηνοῖ.
2840 1417 3004 1474 Ἔνθα
3054 1415 3116 1470 τὸ
3167 1421 3269 1484 τῆς
3297 1412 3442 1490 ὥρας
3469 1410 3760 1490 χειμίριον

2108 1503 2379 1580 διαγαγὼν
2425 1505 2698 1582 παγγενεὶ,
2741 1502 2861 1580 ἄρτι
2909 1503 3192 1580 ἠργμένου
3229 1506 3326 1558 τοῦ
3378 1497 3535 1577 ἔαρος
3567 1500 3760 1556 ἐκεῖθεν

2108 1595 2336 1668 ἀπάρας,
2391 1596 2492 1665 τήν
2540 1592 2995 1650 Φιλιππούπολιν
3031 1587 3318 1648 κατέλαϐε.
3371 1589 3503 1666 Περὶ
3556 1588 3761 1660 ταύτης

2107 1681 2200 1736 οὖν
2227 1683 2294 1736 τὰ
2325 1683 2449 1759 ὅρια
2497 1683 2525 1738 ὁ
2574 1681 2826 1757 βασιλεὺς
2875 1681 3122 1754 Ἀλὲειος
3172 1679 3617 1752 σκηνωσάμενος,
3650 1678 3764 1733 εκεῖ

2105 1771 2196 1826 τὸν
2244 1770 2454 1848 ἒαρινόν
2503 1793 2564 1827 τε
2609 1772 2796 1849 καιρὸν
2847 1770 2936 1826 καὶ
2981 1770 3074 1826 τὸν
3122 1771 3350 1844 θερειον,
3399 1765 3523 1838 ἤδη·
3564 1765 3623 1823 δὲ
3670 1766 3762 1823 καὶ

2106 1858 2251 1916 πολὺ
2308 1865 2406 1916 τοῦ
2459 1861 2782 1934 μετοπώρου
2833 1856 3088 1936 διάτριϐε,
3138 1859 3229 1914 καὶ
3277 1859 3344 1928 ἧν
3402 1852 3556 1934 ἔργον
3613 1856 3763 1929 αὖτῷ

2104 1952 2204 2019 τῆς
2248 1949 2420 2006 ἐκεῖσε
2475 1945 2761 2024 διατριϐῆς
2808 1951 2842 2020 ἠ
2911 1949 3048 2023 μετὰ
3099 1953 3207 2004 τῶν
3267 1945 3594 2022 Μανιχαίων
3653 1947 3762 2019 (31)

2103 2035 2359 2112 διάλεξις,
2419 2038 2513 2101 οὓς
2589 2037 2990 2100 Παυλικιάνους
3063 2040 3099 2107 ἡ
3172 2034 3440 2110 δημώδης
3489 2033 3750 2108 ἀνομάζει

2102 2130 2256 2207 φωνή
2301 2127 2466 2203 (πολὺ
2525 2127 2627 2204 γὰρ
2667 2131 2829 2183 τοῦτο
2885 2127 2948 2183 τὸ
2993 2125 3146 2202 γένος
3198 2126 3250 2180 ὲν
3296 2129 3366 2201 τῇ
3396 2125 3558 2201 χώρᾳ
3579 2123 3750 2197 ταύτῃ

2100 2218 2471 2292 κατῴκιοται,
2529 2222 2627 2273 τοῦ
2689 2215 2958 2292 βασιλέως
3017 2217 3273 2272 Ἰὦάννου
3327 2212 3425 2270 τοῦ
3481 2218 3753 2286 Τζιμισκῆ

2103 2301 2503 2383 μεταγαγόντος
2555 2307 2616 2362 ἐκ
2662 2313 2764 2376 τῆς
2818 2306 2990 2378 Ἑῴας
3038 2305 3170 2360 αὐτὸ
3217 2305 3316 2360 κάν
3361 2303 3531 2377 ταύτῃ
3561 2301 3757 2378 ἰγκατ-

2100 2397 2451 2470 οικίσαντυς),
2511 2396 2591 2458 οἷς
2663 2392 3077 2472 διαλεγόμενος,
3161 2391 3414 2456 πολλοὺς
3470 2392 3606 2468 πρὸς
3647 2390 3748 2460 τὴν

2100 2484 2394 2560 ορθοδοξον
2461 2484 2639 2540 πίστιν
2716 2486 3063 2560 μετήνεγκεν.
3131 2481 3271 2554 Ἤδη
3339 2478 3398 2537 δὲ
3459 2481 3746 2554 μεσοῦντος

2098 2579 2195 2630 σοῦ
2230 2575 2577 2649 μετοπώρου,
2631 2571 2936 2643 ἐπανῆλθεν
2986 2593 3063 2636 εις
3108 2571 3175 2627 τὰ
3221 2568 3490 2649 βασίλεια.
3545 2572 3660 2640 Τῆς
3690 2565 3751 2623 δὶ

2101 2662 2424 2740 βασιλίσσης
2471 2664 2607 2740 μέγα
2651 2659 3037 2735 δεδυνημένης,
3092 2660 3181 2716 καὶ
3243 2659 3325 2734 τῷ
3370 2657 3610 2733 κηδεστῇ
3666 2656 3748 2731 τῷ

2096 2753 2367 2828 Βρυεννίῳ
2416 2757 2496 2825 τῷ
2547 2752 2782 2828 Καίσαρι
2838 2749 3034 2820 πολλή
3097 2771 3182 2812 τις
3213 2749 3280 2819 ἦν
3348 2747 3533 2824 ἰσχὺς,
3563 2747 3653 2803 καὶ
3678 2744 3751 2803 δι’

2095 2841 2298 2899 ἰκείνου
2351 2846 2456 2898 πᾶν
2501 2841 2552 2896 ἐν
2595 2846 2711 2904 τοῖς
2761 2840 3082 2914 ἀνακτόροις
3130 2836 3587 2912 οἷκονομούμενεν
3665 2836 3750 2893 ἐκ·

2093 2953 2407 3010 πεφωνητο.
2465 2931 2558 2986 Διὸ
2615 2930 2706 2985 καὶ
2769 2931 2963 2992 πάντες
3034 2927 3219 3002 ἐκείνῳ
3270 2926 3603 3002 προσῄεσαν,
3655 2925 3749 2982 καὶ

2095 3021 2330 3090 δικάζειν
2361 3019 2509 3093 αὐτῷ
2548 3018 2906 3095 ἰπιτὲτραπτο
2952 3017 3044 3072 καὶ
3097 3016 3399 3094 βασιλικῶς
3430 3015 3746 3089 ἐθεμίστευ-

2096 3131 2208 3166 σεν.
2239 3111 2341 3166 Ἦν
2372 3110 2473 3186 γὰρ
2530 3108 2621 3164 καὶ
2671 3105 2862 3184 λόγοις
2909 3106 3304 3183 προσκείμενος
3351 3107 3462 3179 (32)
3511 3105 3539 3159 ὁ
3585 3105 3744 3179 ἀνὴρ,

2093 3200 2181 3254 καὶ
2231 3200 2266 3268 ἡ
2320 3198 2570 3262 σύνοικος
2627 3193 2684 3252 δέ
2715 3197 2766 3252 οἱ
2817 3193 2971 3251 οὐδὲν
3020 3195 3182 3265 ἦττον
3217 3192 3267 3250 εἴ
3300 3194 3377 3267 μὴ
3409 3193 3498 3248 καὶ
3535 3191 3741 3267 μᾶλλον

332 3280 415 3336 ibi
445 3285 633 3351 erant,
663 3283 960 3338 contrivit.
993 3283 1071 3338 Ea
1103 3288 1299 3339 statua
1343 3287 1401 3339 et
1449 3284 1602 3340 mole
1654 3285 1882 3357 ingens,
1928 3294 1983 3344 et

2101 3288 2299 3344 ἑκεὶνου
2345 3295 2446 3357 τῆς
2494 3286 2546 3342 ἰν
2598 3285 2790 3362 λόγοις
2841 3282 3088 3348 παιδείας
3149 3284 3460 3360 ἀντείχετο,
3516 3283 3603 3338 καὶ
3639 3281 3738 3349 τὴν

335 3369 774 3442 pulchritudine
808 3371 1121 3442 mirabilis,
1153 3388 1294 3427 casu
1336 3371 1434 3426 illo
1487 3371 1546 3426 in
1588 3373 1775 3429 multa
1832 3376 1988 3450 frag-

334 3463 536 3514 menta
563 3465 654 3515 est
673 3460 1054 3515 comminuta.
1088 3459 1214 3515 Alio
1244 3464 1508 3531 tempore
1554 3460 1746 3517 imber
1803 3466 1992 3523 maxi-

340 3563 476 3602 mus
505 3563 570 3603 eo
615 3545 708 3602 die
761 3565 875 3620 quo
933 3547 1261 3620 principum
1317 3547 1536 3604 Christi
1593 3551 1990 3622 apostolorum

338 3636 490 3692 Petri
514 3641 570 3691 et
600 3635 764 3692 Pauli
800 3636 1083 3692 memoria
1111 3637 1464 3705 celebratur,
1512 3639 1726 3712 erupit,
1786 3659 1989 3716 vespe-

334 3724 503 3796 rique
533 3725 874 3795 auspicatus
906 3726 980 3781 ad
1021 3725 1175 3781 idem
1208 3741 1395 3797 usque
1427 3732 1659 3797 tempus
1708 3733 1992 3802 postridie

335 3813 463 3871 sine
493 3813 934 3871 intermissione
960 3815 1210 3870 duravit.
1245 3818 1391 3870 Tum
1428 3815 1652 3886 impetu
1702 3836 1989 3892 aquarum

335 3901 525 3958 multa
563 3903 808 3960 aediﬁcia
852 3908 991 3973 sum
1039 3905 1281 3976 dejecta,
1343 3912 1400 3961 et
1446 3905 1625 3963 valles
1681 3911 1852 3980 aquis
1901 3929 1990 3969 re-

334 3991 667 4048 dundantes
697 4011 732 4048 a
763 3993 910 4049 mari
943 3994 1088 4049 nihil
1133 3995 1565 4067 discreparunt,
1614 4001 1672 4052 et
1723 3999 1992 4058 homines

335 4096 451 4137 non
477 4081 672 4152 pauci,
709 4099 777 4138 ac
809 4082 1006 4138 multa:
1030 4083 1362 4140 animantes
1419 4087 1742 4156 perierunt.
1802 4093 1992 4162 Atque

333 4169 456 4226 haec
488 4171 570 4226 ita
591 4187 654 4226 se
684 4170 1040 4228 habuerunt.

2096 3376 2342 3453 γλῶτταν
2404 3378 2546 3453 εἶχεν
2601 3371 2842 3452 ἀκριϐῶς
2896 3374 3298 3446 ἁταικίζουσαν,
3346 3371 3436 3428 καὶ
3484 3373 3576 3428 τὸν
3619 3373 3740 3427 νοῖιν

2098 3466 2235 3543 πρὸς
2292 3465 2426 3540 ὕψος
2479 3463 2849 3541 θεωρημάτων
2909 3463 3188 3537 ἀξύτατον.
3261 3465 3442 3519 Ταῦτα
3501 3457 3549 3516 δ’
3607 3459 3746 3534 αὐτῇ

2097 3554 2454 3630 προσεγένετο
2507 3553 2720 3632 φύσεως
2781 3551 2999 3623 ὀξύτητι
3055 3551 3146 3606 καὶ
3195 3547 3432 3624 σπουδῇ.
3483 3555 3748 3626 Προσετε-

2096 3644 2252 3714 τήκει
2285 3642 2388 3718 γὰρ
2435 3647 2554 3704 ταῖς
2605 3635 2844 3717 βίϐλοις,
2893 3641 2981 3696 καὶ
3031 3637 3238 3716 λογίοίς
3276 3635 3523 3712 ἀνδράσι,
3561 3635 3653 3691 καὶ
3685 3635 3749 3691 οὗ

2096 3733 2383 3808 παρέργως
2438 3729 2640 3802 ὡμίλει
2700 3730 2905 3793 αὐτοῖς.
2955 3725 3115 3786 Οὕτω
3159 3725 3229 3798 δ’,
3281 3728 3354 3788 ὡς
3397 3723 3632 3802 εἴρηται,
3671 3729 3751 3796 τῷ

2099 3820 2331 3896 Καίσαρι
2382 3824 2489 3874 τῶν
2527 3817 2864 3896 πραγμάτων
2915 3815 3363 3893 συνενεχθέντων,
3423 3813 3511 3870 διὰ
3566 3815 3744 3882 πάσης

2099 3909 2167 3979 ἦν
2195 3908 2452 3985 γλώττης
2487 3902 2751 3980 ᾀδόμενος
2798 3908 2825 3962 ὁ
2875 3907 3034 3983 ἀνηρ.
3067 3908 3252 3982 Τρῦτα
3283 3902 3340 3959 δὶ
3367 3907 3445 3976 τῷ
3475 3900 3742 3978 βασιλέως

2100 4000 2204 4072 υἱῷ
2249 4019 2309 4054 τε
2354 3998 2445 4052 καὶ
2500 3996 2716 4067 βασιλεῖ
2760 3993 2982 4066 πολλὴν
3028 3996 3128 4065 τήν
3181 3994 3412 4068 ἀθυμίαν
3443 3990 3747 4059 ἐνέσταζον,

2099 4090 2190 4144 καὶ
2240 4087 2316 4152 είς
2364 4085 2596 4163 ἀγωνίαν
2659 4081 2916 4142 ἐνέϐαλον
2965 4103 2978 4116 '
3031 4086 3059 4140 ὁ
3116 4081 3174 4140 8t
3229 4084 3322 4156 καὶ
3377 4077 3546 4142 οὕτως
3602 4077 3750 4154 ἔχων

2101 4177 2399 4254 ἑκαρτὲρει.
2480 4174 2660 4233 ’Δλλὰ
2713 4176 2781 4231 τὰ
2840 4175 2934 4249 μὲν
2994 4174 3117 4248 περὶ
3174 4171 3383 4229 τούτων
3455 4169 3666 4245 προϊὼν
3726 4169 3755 4224 ὁ

333 4253 510 4332 λόγος
539 4257 844 4330 ἐκϐήσεται,
872 4259 990 4336 ἄρτι
1025 4256 1083 4314 δὲ
1109 4257 1466 4336 διηγησάσθω
1515 4260 1548 4316 ἃ
1591 4249 1989 4340 παραλέλοιπε.
2032 4249 2246 4323 Πολλοὶ
2298 4249 2435 4322 κατὰ
2482 4265 2609 4328 τοὺς
2654 4266 2754 4335 τῆς
2805 4262 3107 4340 αὖταρχίας
3167 4262 3405 4338 χρόνους
3453 4262 3552 4315 τοῦ
3609 4259 3757 4334 βασι-

336 4343 478 4410 λέως
527 4345 722 4403 τούτου
770 4347 1054 4424 γεγόνασιν
1110 4347 1434 4424 ἔμπρησμοὶ
1487 4350 1540 4406 ἐν
1594 4347 1880 4428 διαφόροις
1944 4357 2043 4425 τῆς
2112 4353 2330 4417 πόλεως
2403 4353 2588 4429 μὲρεσι
2642 4353 2735 4410 καὶ
2792 4351 2983 4409 πολλά
3025 4349 3229 4422 ταύτης
3281 4347 3629 4423 κατενεμήθη
3686 4345 3752 4401 τὸ

1620 4480 1825 4542 Variae
1854 4481 2152 4544 lectiones
2181 4489 2243 4546 et
2273 4487 2464 4544 notae.

410 4579 526 4656 (29)
581 4579 1211 4656 Ὑπογραμματεύουσιν.
1283 4584 1578 4656 Interpres
1661 4602 1696 4641 α
1751 4590 1993 4644 natariz‘a

337 4653 546 4707 vertit:
583 4653 782 4710 malim
815 4653 848 4711 ἁ
874 4653 1234 4712 secretaria:
1274 4671 1412 4711 nam
1445 4653 1581 4711 'etsi
1636 4662 1888 4715 notarius
1935 4666 1992 4716 et

338 4727 675 4781 secretaria:
721 4728 875 4782 idem
920 4728 1067 4783 forte
1113 4727 1626 4799 haberipoesint,
1676 4730 1868 4786 tritior
1921 4748 1991 4790 ea

340 4800 694 4878 tempestate
722 4800 834 4878 fuit
861 4817 969 4878 vox
998 4798 1305 4878 posterior,
1342 4797 1474 4878 licet
1505 4801 1605 4871 qui
1636 4799 1849 4875 linguai
1880 4821 1988 4878 pu-

335 4869 472 4923 riori
505 4871 842 4935 studebant,
879 4872 952 4925 ab
983 4869 1051 4926 ea
1093 4870 1473 4933 abstinerent.
1520 4869 1585 4927 ac
1641 4869 1987 4933 sec'retarios

333 4939 690 5020 ypqppattaq
711 4949 799 5020 μοι
842 4939 1433 5020 δπογραμματεύοντ.ας
1473 4943 1590 5020 fere
1618 4961 1988 5020 _semperﬁap-

336 5011 644 5082 pellerent.
675 5011 1041 5086 Nicephorus
1063 5011 1578 5086 ’Constantinopo].
1615 5016 1671 5070 in
1690 5011 1832 5076 Hist.
1866 5011 1991 5088 Ἀ’ρ-

333 5081 521 5145 τέμιον
556 5083 898 5139 Φιλιππικοῦ
924 5083 1252 5145 γραμματέα
1286 5103 1298 5116 ·
1352 5083 1444 5145 οὖς
1469 5089 1538 5145 τῆ
1572 5087 1798 5144 Ἰταλῶν
1831 5093 1984 5145 φωνῆ

334 5104 521 5163 τεμιιζν
556 5104 898 5139 (ΡιΛιππικου
924 5104 1252 5158 γραμματεα
1286 5104 1298 5116 '
1352 5104 1444 5145 ους
1469 5107 1538 5159 τῃ
1572 5104 1798 5144 ἰταΛων
1831 5104 1986 5166 φωνῇ

334 5152 563 5233 καλουσι
618 5156 941 5233 ᾇσηκρῆτις.
997 5158 1260 5233 lgnatins
1313 5156 1551 5233 Diacou.
1579 5228 1590 5233 _
1614 5162 1672 5233 in
1718 5163 1984 5233 ejusdem

332 5226 645 5302 Nicephori
694 5225 850 5302 Vita,
885 5247 941 5302 n_.
990 5225 1064 5283 [ε
1127 5225 1336 5300 Ἐλαχε
1382 5228 1481 5302 γὰρ
1531 5228 1702 5302 αὐτὸν
1741 5225 1837 5301 τὴν
1887 5238 1986 5288 τοῦ

337 5297 691 5392 ὑπογραςρὲως
731 5299 1110 5392 τἀποπληροῦν
1159 5297 1489 5392 χρείανέιάί
1527 5307 1651 5392 τοῖς
1685 5297 1984 5392 βασιλείοις

340 5371 662 5452 μυστηρίοις
707 5371 1127 5452 ⁸ὑπηρετεῖσθιαι.
1163 5371 1241 5428 Et
1293 5390 1350 5426 η.
1382 5372 1462 5428 7:
1513 5377 1625 5452 _'Hv
1685 5371 1787 5452 γὰρ
1847 5377 1986 5452 ὑπο.-

333 5441 581 5523 γραφεῦς.
605 5514 640 5523 Η
665 5446 800 5523 τῶν.
825 5441 1202 5523 ν’κρατοόντων
1288 5443 1608 5523 μυστηρίοις
1646 5519 1658 5523 _
1689 5441 1987 5523 ὖπὴρετού-

341 5514 522 5598 μεχὸς.
555 5514 683 5571 Alia
712 5515 840 5572 vide
879 5514 938 5572 in
984 5515 1154 5572 Gloss.
1201 5517 1340 5572 med.
1394 5514 1616 5575 Gréecit.
1643 5519 1702 5576 in
1733 5514 1984 5592 ν.”’Λση-

336 5601 550 5650 κρητις.

374 5601 676 5734 ρῖἓὸῗοῖοῦ
733 5655 893 5730 ὅρους
948 5661 1046 5734 τοῦ
1091 5655 1440 5734 -Παπυκίουε-
1470 5659 1703 5734 Papycii
1760 5663 1982 5720 montis

333 5740 541 5783 versus
561 5728 934 5797 StrymOnem
966 5731 1233 5799 ﬂuvium,
1259 5729 1480 5787 mentio
1509 5728 1612 5790 θέτ’
1627 5736 1782 5808 apud
1809 5738 1986 5794 Joan-
2075 5800 2078 5804 ,

2019 4595 2070 4659 D
2099 4604 2234 4646 nem
2296 4587 2678 4658 Cinnamum,
2737 4587 2842 4645 lib.
2891 4605 2971 4656 v1,
3028 4605 3086 4643 n.
3124 4587 3199 4659 6.7
3234 4587 3292 4642 et
3341 4585 3608 4659 Nicetam
3677 4581 3752 4659 _i_n

2100 4661 2336 4727 lsaacio,
2369 4661 2472 4718 lib.
2506 4678 2593 4734 in,
2627 4654 2684 4717 η’.
2716 4663 2767 4733 1,
2798 4665 2856 4718 et
2885 4654 3378 4716 monasteriorum
3411 4656 3471 4711 in
3493 4672 3561 4712 eo
3610 4654 3751 4710 aedi-

2099 4735 2428 4789 ﬂcatorum.

2170 4806 2282 4876 (31)
2315 4803 2466 4858 Μετδι
2518 4807 2625 4857 τῶν
2677 4801 3021 4876 Μανιχαίων.
3081 4801 3163 4858 De
3202 4797 3563 4876 Man_ich_a_iis_
3597 4797 3754 4876 circa.

2096 4870 2498 4949 Pb'ilippolim,
2534 4875 2774 4932 consule
2803 4870 2984 4931 Notas
3015 4881 3251 4930 nostras
3281 4873 3352 4928 ad
3399 4870 3748 4936 Alexiadem,

2097 4950 2506 5104 Ρῗϐέῖῗῗᾶγοις
2535 5015 2948 5104 προσκείμενος.
2981 5015 3143 5104 Quod
3175 5009 3751 5104 testaturipprimis

2096 5085 2225 5161 ejus
2268 5085 2468 5174 'qua'm
2501 5163 2512 5174 .
2551 5085 2666 5163 pris
2697 5085 3001 5172 _manibus
3109 5087 3397 5170 habemus
3469 5085 3742 5151 historia,

2095 5163 2250 5240 Ijetri
2281 5169 2515 5240 Possint
2549 5163 2747 5240 studio
2778 5167 2933 5240 typis
2984 5161 3178 5240 Regiis
3232 5159 3407 5240 edita,
3467 5162 3534 5240 et
3573 5170 3754 5226 quam

2096 5234 2530 5292 Commentario
2589 5230 3039 5290 illustravimus.
3072 5230 3335 5288 _Nicetas
3393 5231 3453 5284 in
3501 5232 3753 5282 Joanne.

2097 5323 2156 5362 n.
2187 5307 2238 5373 1,
2271 5309 2343 5363 de
2376 5309 2542 5363 Irene
2571 5321 2851 5378 generum
2894 5302 3132 5378 conjugi
3171 5300 3371 5378 Alexio
3387 5301 3474 5378 _ad
3515 5297 3752 5378 imperii

2096 5371 2533 5458 successionem
2571 5371 3153 5458 ‘prOpopente.i"K-rs
3187 5373 3355 5458 εἷπεξν
3387 5371 3745 5458 ἱκανώτατον,

2095 5449 2185 5519 καὶ
2247 5447 2344 5504 οὐκ
2425 5444 2712 5504 ﬂatu-(wa-
2766 5444 3190 5519 διαπράξασθαι,
3239 5444 3377 5519 καὶμ
3413 5444 3752 5519 μαθημάτων

2096 5517 2416 5595 ἐλευθερίων
2481 5519 2859 5595 μετασχόντα,⁸
2899 5507 3298 5595 ροθμίζεινπρ
3343 5507 3479 5595 ἧθξος
3522 5507 3749 5595 εἶδότων

2096 5541 2282 5575 εΑευυε
2324 5541 2416 5575 ιων
2481 5541 2842 5595 μετασχοντα,
2904 5541 3182 5595 ρουμιςειν
3235 5541 3298 5571 το
3343 5541 3479 5584 ηυος
3522 5541 3749 5568 ιιουτων

2093 5592 2184 5647 καὶ
2210 5541 2347 5666 χρςς
2387 5591 2663 5667 βασιλείαν
2697 5584 3104 5667 ,ᾀδιαλωϐητον
3155 5587 3220 5643 οὐ
3255 5586 3465 5666 βραχέα
3496 5582 3749 5660 συναιρό-

2098 5661 2397 5738 μενοντοῖς
2424 5661 2611 5741 ἄρχειν
2649 5661 2968 5739 μέλλουσιν.
