4126 6380
281 429 396 490 33!
1561 416 1973 485 ANNALIUM
2018 417 2167 482 LIB.
2212 421 2432 485 XVIII.
3588 421 3708 483 322

277 555 512 636 Ἀγκῆρι
581 553 801 620 καυθεὶς
877 555 1160 608 πεσεῖται·
1216 549 1415 629 ἀγιὶῆρι
1493 550 1742 627 λέγοντες
1816 549 1944 613 τοὺς

2075 546 2187 609 vita;
2208 546 2634 628 progredienti.
2668 548 2974 628 Negahant
3001 559 3200 612 tamen
3241 553 3477 625 medici,
3519 554 3702 611 vitam

277 631 607 724 συγγραφεῖς
658 643 894 706 ἐκείνους
950 643 1013 698 τὸ
1079 639 1328 714 σιδήριον
1401 641 1710 714 ἀπεικάσαι,
1761 638 1832 696 δι’
1887 640 1947 695 οὗ

2075 643 2188 714 ajus
2217 659 2347 700 esse
2377 643 2778 715 deploratam:
2813 661 2881 700 ac
2912 644 3188 701 monachi
3218 644 3455 716 quidam
3493 644 3704 716 prandi-
3764 631 3771 636 ’

275 738 371 792 τὸν
402 735 684 810 στόμαχον
711 731 1167 808 καυτηριάζεσθαι
1209 729 1440 786 εἷ’θισται
1491 728 1581 786 διὰ
1628 731 1690 786 τὸ
1748 730 1952 802 κεκάμ-

2075 732 2272 788 :ebant
2301 733 2372 800 ei,
2407 750 2524 790 non
2556 733 2910 790 moriturum
2937 733 3283 806 priusquam
3307 733 3708 805 Hierosolyma

280 827 410 903 φθαι
462 824 599 900 πρὸς
641 822 705 878 τὸ
750 819 914 896 ἄκρον
958 818 1145 876 αὐτόν.
1203 817 1363 875 Ἀλλ’
1408 816 1522 874 οὗθ’
1569 821 1606 890 ἡ
1660 818 1950 896 καυτηρία,

2075 821 2317 878 venisset
2345 823 2417 878 ad
2444 822 2735 878 vivificum
2785 822 3120 895 sepulcrum
3154 821 3388 879 Domini
3417 826 3474 878 et
3500 823 3706 878 Serva-

284 912 409 971 οὔτε
443 914 552 987 μὴν
579 914 615 983 ἡ
645 915 743 969 τοῦ
777 909 932 987 ἀέρος
966 908 1240 986 ἐναλλαγή
1291 913 1372 981 τῷ
1417 909 1686 980 κάμνοντί
1729 931 1782 964 τι
1829 907 1954 963 ἐλυ-

2075 911 2208 966 toris
2237 912 2455 967 nostris
2473 912 2860 978 adorandum,
2886 913 2986 966 ubi
3005 912 3277 967 diadema
3300 913 3704 983 depositurum

287 1001 602 1074 σιτέλησαν,
635 999 818 1076 ἠρέμα
851 997 908 1054 δὶ
956 999 1091 1075 πρὸς
1150 1001 1211 1054 τὸ
1257 997 1418 1060 τέλος
1464 996 1690 1074 ἐχώρει,
1725 993 1848 1054 οὔτε
1899 993 1958 1052 δὲ

2075 1015 2202 1054 eum
2232 999 2736 1055 vaticinabantur:
2771 1015 3022 1071 quorum
3052 999 3152 1054 ille
3197 998 3474 1070 pollicitis
3505 1000 3706 1055 crede-

295 1095 346 1149 οἱ
375 1091 552 1168 ἱατροί
584 1089 926 1164 ἀπεγνῶσθαι
983 1087 1132 1161 αὐτῷ
1189 1088 1251 1141 τὸ
1297 1088 1566 1162 βιώσιμον
1607 1085 1822 1163 ἔλεγονο
1868 1107 1958 1170 καί

2075 1090 2186 1144 bat.
2223 1089 2368 1144 Nam
2403 1088 2718 1144 orationem
2777 1104 2902 1159 quae
2934 1088 3106 1145 nobis
3160 1088 3318 1144 cordi
3375 1093 3483 1156 est,
3543 1087 3716 1144 facile

291 1203 427 1244 τινες
465 1178 710 1255 μοναχοὶ
757 1174 1065 1253 προύλεγον
1116 1175 1264 1248 αὒτῷ
1317 1177 1392 1249 μή
1444 1174 1632 1239 ἄλλως
1691 1175 1960 1257 ἐκλιπεῖν,

2075 1178 2450 1249 comprobare
2480 1179 2758 1234 solemus.
2793 1179 2877 1233 Ita
2906 1193 3009 1250 per
3038 1178 3427 1250 imposturam
3449 1194 3566 1233 non
3589 1179 3718 1234 ani-

290 1271 338 1328 εἷ
417 1272 494 1345 μὴ
574 1267 840 1345 πρότερον
916 1267 1050 1344 πρὸς
1102 1263 1470 1342 Ἰερουσαλὴμ
1543 1265 1804 1342 ἀφίκηται
1886 1262 1962 1326 εἷς

2075 1266 2386 1322 madvertit
2416 1283 2479 1322 se
2508 1267 2638 1322 vitae
2671 1266 2847 1322 finem
2887 1265 3170 1338 attigisse,
3205 1271 3520 1337 antequam
3580 1266 3715 1322 Hie-

287 1358 658 1437 προσκύνησιν
707 1361 806 1412 τοῦ
870 1353 1161 1432 ζωηφόρου
1217 1356 1391 1432 τάφου
1445 1357 1541 1409 τοῦ
1601 1353 1807 1430 Κυρίου
1864 1356 1958 1412 καὶ

2075 1354 2367 1424 rosolyma
2408 1355 2759 1427 perveniret,
2817 1355 3145 1410 diademate
3203 1371 3545 1426 quanquam
3603 1371 3720 1410 non

290 1457 559 1522 Σωτῆρος
617 1449 802 1520 ἡμῶν,
835 1447 976 1501 ὅπου
1030 1443 1126 1500 ικαὶ
1181 1445 1245 1500 τὸ
1295 1441 1542 1517 διάδημα
1570 1441 1731 1498 αὐτὸν
1765 1441 1964 1506 ἀποθέ-

2076 1441 2230 1498 ultro
2283 1442 2508 1515 posito:
2575 1442 2685 1498 etsi
2743 1441 2858 1498 dici
2907 1441 3060 1498 808
3101 1446 3277 1513 queat
3333 1443 3404 1496 ad
3463 1458 3723 1514 superna

288 1541 412 1594 σθαι
492 1535 715 1610 μέλλειν
793 1533 1277 1610 ἐχρησμολόγουν.
1338 1533 1442 1588 Καὶ
1517 1533 1569 1587 οἱ
1635 1533 1729 1606 μὲν
1792 1534 1962 1585 ταῦτα

2076 1530 2476 1602 Hierosolyma
2507 1530 2802 1604 profectus
2850 1547 2999 1597 esse,
3034 1531 3557 1602 primogenitorum
3593 1546 3723 1586 me-

288 1628 441 1700 αύτῷ
471 1623 908 1702 ἐπηγγέλλοντο,
942 1624 970 1679 6
1006 1621 1063 1678 δὲ
1106 1628 1226 1685 τοῖς
1283 1621 1610 1698 λεγομένοις
1669 1619 1962 1688 ἐπίστευεν,

2076 1618 2371 1690 tropolim,
2402 1619 2503 1692 qui
2533 1619 2760 1676 suntin
2821 1618 2981 1675 caelis
3038 1619 3326 1692 inscripti.
3362 1619 3545 1692 Igitur
3600 1621 3726 1675 Au-

285 1723 356 1776 ‘O
407 1716 511 1793 γάρ
560 1718 696 1788 ἡμῖν
744 1714 881 1787 πρὸς
929 1710 1162 1788 βουλῆς,
1193 1715 1354 1766 τοῦτο
1406 1707 1590 1786 ῥᾴδιον
1645 1709 1722 1773 εἴς
1781 1707 1960 1764 πίστιν

2077 1709 2318 1781 gustixv
2340 1710 2662 1764 undecimae
2691 1708 3052 1774 indictionis,
3082 1710 3723 1780 Augustusextremum

286 1803 831 1881 καταγγελλόμενον.
879 1800 1039 1860 Οὕτω
1111 1798 1168 1856 δὲ
1234 1799 1610 1873 κλεπτόμενος
1679 1794 1841 1862 ἔλαθε
1890 1802 1965 1870 τῷ

2079 1798 2326 1854 ducebat
2357 1798 2654 1871 spiritum,
2687 1799 2788 1870 qui
2840 1816 2971 1853 cum
3004 1799 3274 1853 crebrum
3306 1798 3728 1870 inﬁrmumque

285 1894 442 1952 τέλει
491 1891 857 1968 προσεγγίσας
911 1897 1013 1960 τῆς
1071 1891 1289 1966 βιοτῆς,
1316 1890 1406 1945 καὶ
1455 1890 1561 1965 πρὸ
1606 1895 1707 1958 τῆς
1741 1887 1842 1968 *εἷς
1879 1889 1965 1944 Ἰε.

2078 1888 2318 1943 trahens
2350 1886 2671 1942 anhelitum
2694 1889 2938 1958 jaceret,
2979 1887 3320 1958 imperatrix
3351 1903 3597 1943 mcerore
3623 1903 3731 1960 op-

291 1965 594 2061 ρουσαλήνμ
655 1965 912 2060 ἀφίξεως,
959 1977 1318 2052 ἀποθέμενος,
1369 1975 1496 2033 ἀλλ’
1544 1977 1652 2052 ούχ
1696 1965 1856 2060 ἑκὼν,
1905 1981 1965 2036 τὸ

2080 1993 2283 2049 pressa
2313 1976 2531 2043 aderat,
2557 1975 2793 2032 filiabus
2814 1976 2988 2031 etiam
3010 1976 3422 2048 praesentibus.
3442 1979 3572 2031 Jam
3599 1992 3724 2031 ma-

292 2069 565 2144 διάδημα.
616 2068 720 2140 Εἷή
784 2067 832 2123 δ’
884 2068 1060 2123 εἰπεῖν
1115 2066 1254 2143 πρὸς
1301 2067 1400 2135 τὴν
1451 2063 1562 2121 ἄνω
1609 2063 1965 2140 Ἰερουσαλὴμ

2075 2066 2201 2136 jore
2232 2065 2342 2120 diei
2378 2069 2540 2136 parte
2597 2069 2816 2130 exacta,
2849 2081 2982 2119 cum
3041 2064 3123 2119 sol
3177 2081 3288 2118 non
3323 2082 3498 2137 supra
3551 2066 3730 2136 caput

291 2162 641 2236 ἐκδημήσας,
689 2160 790 2228 τὴν
841 2159 953 2212 τῶν
1011 2157 1374 2233 πρωτοτόκων
1445 2154 1812 2231 μητρόπολιν,
1861 2158 1965 2208 τῶν

2079 2158 2280 2224 staret,
2314 2171 2417 2209 nec
2441 2155 2529 2225 (ut
2559 2155 2640 2208 ita
2671 2154 2881 2225 dicam)
2940 2154 3010 2209 ad
3072 2153 3576 2226 perpendiculum,
3621 2153 3726 2209 sed

295 2246 807 2325 ἀπογεγραμμένων
869 2245 920 2302 ἐν
987 2245 1260 2322 οὐρανοῖς.
1321 2241 1812 2313 Πεντεκαιδεκάτην
1877 2241 1973 2315 μὲν

290 2343 322 2398 6
376 2336 698 2415 Αὔγουστος
760 2339 861 2412 ῆγε
924 2342 1024 2404 τῆς
1091 2331 1377 2402 ἑνδεκάτης
1437 2332 1830 2406 ἐπινεμήσεως,
1880 2331 1972 2385 καὶ

285 2431 361 2486 τὰ
411 2414 699 2484 τελευταῖα
767 2422 914 2480 ἔπνει
961 2424 988 2480 6
1042 2419 1369 2500 Αὔγουστος,
1418 2421 1508 2476 καὶ
1558 2421 1586 2476 6
1639 2421 1732 2496 μὶν
1797 2414 1970 2475 ἔκειτο

290 2516 580 2596 ἀναφέρων
649 2515 715 2571 τὸ
765 2515 944 2587 ἆσθμα
998 2513 1201 2567 πυκνόν
1254 2532 1309 2566 τι
1359 2509 1451 2566 καὶ
1510 2507 1750 2586 ἀδρανὲς.
1799 2511 1866 2566 Ἢ
1916 2507 1972 2596 δέ

292 2629 358 2683 γε
393 2592 688 2683 βασίλισσα
739 2600 844 2673 ὅλη
897 2605 994 2657 τοῦ
1037 2602 1243 2665 πάθους
1288 2600 1374 2670 ἦν,
1406 2599 1496 2654 καὶ
1556 2607 1788 2669 συνῆκτο
1844 2592 1970 2674 περῖ

301 2696 471 2764 αὐτὴν
529 2692 598 2748 τὰ
643 2692 918 2768 θυγάτρια.
954 2687 1101 2760 ’Ἤδη
1157 2689 1252 2763 μὲν
1304 2687 1394 2743 οὖν
1437 2696 1541 2758 τῆς
1593 2687 1802 2764 ἡμέρας
1832 2707 1970 2763 παρ.

305 2783 569 2855 εληλύθει
619 2780 680 2836 τὸ
727 2779 921 2852 πλέον,
951 2779 1042 2834 καὶ
1091 2780 1118 2833 6
1167 2775 1330 2847 ἥλιος
1376 2778 1486 2854 οὐχ
1537 2777 1669 2854 ὑπὲρ
1722 2774 1968 2853 κεφαλῆς

306 2875 376 2942 ἦν
425 2871 612 2938 ἑστὼς,
647 2866 762 2924 οὐδ’
795 2869 910 2922 οἷον
960 2867 1127 2922 εἰπεῖν
1179 2867 1316 2922 κατά
1361 2865 1584 2930 κάθετον
1631 2863 1758 2921 ἀλλ’
1788 2863 1970 2920 ἐκλίν-

315 2962 388 3030 θη
434 2957 602 3034 βραχύ
650 2979 704 3013 τι
753 2957 956 3012 κατιὼν
1007 2956 1144 3030 πρὸς
1173 2952 1402 3027 δυσμὰς,
1433 2953 1523 3009 καὶ
1579 2951 1842 3025 δηλοῦται
1889 2958 1970 3027 τῷ

320 3053 417 3103 τοῦ
464 3047 733 3124 βασιλέως
804 3047 908 3118 υἱῷ
954 3045 1044 3100 καὶ
1109 3042 1325 3121 βασιλεῖ
1380 3041 1622 3098 ἐκλιπεῖν
1691 3044 1810 3119 ἄρτι
1875 3044 1970 3099 τὸν

2082 2239 2348 2300 nonnihil
2374 2243 2692 2298 inclinatus
2743 2244 2816 2298 ad
2849 2259 3124 2298 occasum
3157 2243 3440 2310 tenderet,
3473 2243 3728 2313 impera-

2077 2334 2223 2388 toris
2256 2332 2405 2388 {ilios
2436 2331 2820 2400 significatur,
2855 2338 3078 2403 patrem
3120 2347 3288 2404 agere
3337 2332 3619 2386 animam.
3664 2332 3727 2385 In

2080 2438 2322 2496 gressus
2352 2421 2532 2493 igitur
2551 2422 2723 2486 aedes,
2751 2423 2808 2475 in
2834 2420 3049 2491 quibus
3073 2421 3462 2475 moribundus
3485 2421 3728 2490 decum-

2081 2513 2276 2581 bebat,
2311 2528 2424 2566 non
2459 2515 2520 2565 ut
2570 2509 2944 2565 decedentem
3004 2508 3352 2580 deploraret,
3384 2511 3481 2564 sed
3543 2513 3606 2564 ut
3657 2509 3732 2564 de

2079 2602 2207 2673 ejus
2238 2605 2425 2655 morte
2456 2599 2666 2654 certior
2697 2599 3056 2667 redderetur,
3089 2612 3155 2652 eo
3187 2598 3307 2652 viso
3339 2597 3538 2652 statim
3565 2595 3728 2668 exiit,

2080 2693 2137 2745 et
2168 2705 2318 2761 equo
2351 2704 2690 2755 conscenso,
2727 2703 2858 2742 cum
2921 2703 3028 2741 suo
3086 2686 3366 2741 comitatu
3417 2693 3474 2742 et
3521 2684 3729 2742 multis

2079 2780 2233 2849 aliis,
2264 2779 2572 2852 Manganis
2602 2778 2867 2834 excessit.
2903 2778 3025 2841 Quo
3075 2779 3224 2832 facto
3257 2777 3452 2832 statim
3484 2776 3726 2848 Abasgi,

2079 2870 2177 2939 qui
2210 2869 2414 2941 puellae
2445 2885 2511 2924 ex
2557 2866 2813 2939 Ahasgia
2858 2867 3145 2936 adductae,
3181 2870 3244 2921 ut
3277 2871 3416 2920 natu
3459 2866 3717 2920 maximo

2079 2958 2320 3015 Caesaris
2365 2957 2484 3012 ﬁlio
2539 2961 2809 3028 nupturae
2868 2955 3132 3028 adjuncti
3182 2956 3433 3025 fuerant,
3493 2955 3727 3010 obviam

2079 3046 2239 3114 facti,
2273 3046 2504 3102 sublato
2528 3045 2778 3100 clamore
2827 3061 2957 3099 eum
2992 3045 3328 3100 adorarunt.
3364 3045 3512 3099 Tum
3565 3042 3734 3098 aiunt

318 3139 540 3213 πατέρα.
572 3141 627 3190 Ὁ
686 3133 732 3191 δ’
763 3134 933 3208 εἰσῄει
974 3135 1065 3189 τὸν
1114 3135 1281 3200 οἶκον,
1327 3129 1452 3197 ἔνθα
1499 3153 1599 3210 περ
1643 3133 1670 3187 6
1725 3134 1965 3203 θνήσκων

2077 3135 2512 3207 imperatricem
2541 3134 2648 3188 ﬁiii
2680 3134 3007 3190 discessum
3067 3133 3339 3188 morienti
3386 3129 3732 3206 imperatori

315 3226 618 3297 κατέκειτο,
650 3221 768 3280 οῧτι
811 3225 902 3278 τὸν
955 3223 1186 3278 ἀπιόντα
1234 3224 1544 3298 θρηνήσων,
1576 3222 1638 3276 τὸ
1679 3219 1737 3276 δὲ
1779 3221 1965 3276 πιστὸν

2079 3224 2344 3280 dolenter
2402 3239 2711 3279 narrasse:
2745 3239 2880 3278 eum
2914 3239 3045 3276 vero
3079 3224 3148 3277 ad
3182 3223 3239 3277 ib
3292 3221 3439 3276 nihil
3483 3237 3733 3294 respon-

298 3313 407 3370 τοῦ
465 3293 716 3385 θνήσκειν
766 3312 969 3368 ἐκεῖνον
1016 3315 1086 3386 τῇ
1141 3293 1276 3386 ὕψει⁷
1313 3310 1649 3385 ληψόμενος.
1684 3310 1783 3365 Καὶ
1838 3307 1965 3365 ἰδὼν

2080 3314 2257 3380 disse,
2293 3331 2394 3368 seu
2427 3329 2540 3368 non
2573 3311 2766 3374 vellet,
2801 3328 2900 3366 seu
2964 3328 3076 3365 non
3112 3316 3349 3383 posset:
3385 3311 3486 3366 sed
3521 3325 3734 3366 manus

297 3402 504 3458 αὐτίκα
562 3400 776 3472 ἐξῆλθε,
834 3401 923 3455 καὶ
983 3395 1182 3465 ἀναϐὰς
1255 3400 1344 3454 τὸν
1407 3397 1600 3471 ἵππον,
1662 3397 1803 3471 ἐξῄει
1860 3403 1965 3453 τῶν

2078 3402 2415 3471 sustulisse,
2439 3401 2594 3456 haud
2651 3400 2794 3468 scio,
2855 3400 2999 3455 bene
3050 3418 3122 3455 an
3185 3400 3337 3456 male
3395 3405 3731 3472 precantem

307 3493 618 3568 Μαγγάνων
670 3489 762 3545 σὺν
809 3495 928 3553 τοῖς
973 3491 1095 3565 περὶ
1158 3487 1341 3555 αὐτὸν,
1393 3487 1580 3559 ἐξιόντι
1636 3485 1695 3542 δὲ
1761 3485 1965 3544 πολλοὶ

2077 3491 2218 3549 ﬁlio.
2243 3491 2351 3546 Alii
2372 3507 2584 3546 manus
2601 3506 2732 3545 eum
2758 3489 3074 3545 sustulisse
3099 3494 3334 3562 negant,
3355 3506 3542 3560 neque
3567 3489 3727 3545 enim

305 3582 766 3655 συναπήχθησαν.
825 3580 987 3651 ’Ἀρτι
1037 3575 1086 3633 δ’
1144 3576 1415 3649 ἐξελθόντι
1462 3577 1553 3632 τὸν
1597 3580 1704 3632 τῶν
1745 3576 1964 3654 Μαγγά-

297 3691 411 3725 νων
499 3663 795 3744 περίϐολον
866 3670 1284 3744 προϋπαντῶσιν
1351 3666 1403 3721 Οἳ
1457 3660 1761 3741 Ἀδασγοίο
1814 3668 1963 3722 οὗτοι

301 3756 350 3815 δ’
398 3759 535 3828 ἦσαν
587 3758 640 3812 οἳ
697 3759 766 3832 τῇ
823 3755 876 3829 ἐξ
931 3750 1217 3832 Ἀϐασγίας
1263 3752 1588 3829 κομισθείσῃ
1637 3751 1814 3826 παιδὶ,
1872 3754 1964 3810 καὶ

299 3847 686 3925 νυμφεύομένῃ
743 3849 823 3919 τῷ
878 3844 1088 3919 μείζονι
1161 3848 1270 3899 τῶν
1333 3843 1491 3898 υἱέων
1540 3848 1638 3900 τοῦ
1698 3842 1964 3920 Καίσαρος

306 3935 508 3992 ἐκεῖθεν
579 3933 1077 4007 συναπεστάλησαν,
1139 3934 1227 3989 καὶ
1310 3934 1698 4003 ὑπαντηκότες,
1761 3933 1966 4005 ἐπηλά-

300 4026 468 4097 λαξάν
499 4046 558 4079 τε
587 4023 677 4080 καὶ
736 4023 1163 4101 προσεκύνησαν.
1198 4023 1338 4080 Τότε
1379 4021 1506 4102 φασί
1550 4023 1650 4092 τήν
1709 4021 1965 4099 βασιλίδα

298 4119 380 4170 τῶ
433 4116 724 4186 θνήσκοντι
794 4113 1010 4188 βασιλεῖ
1079 4114 1392 4188 περιπαθῶς
1467 4111 1799 4188 ἀπαγγεῖλαι
1860 4113 1960 4182 τὴν

295 4207 394 4257 τοῦ
453 4202 612 4265 υἱέως
671 4200 982 4272 ἀπέλευσιν,
1023 4201 1115 4256 τὸν
1176 4198 1234 4255 δέ
1290 4199 1609 4277 φθέγξασθαι
1671 4201 1766 4274 μὲν
1823 4203 1960 4277 πρὸς

295 4296 462 4347 τοῦτο
524 4288 716 4364 μηδὲν,
770 4289 804 4361 ἢ
871 4291 946 4364 μή
1010 4287 1350 4366 βουλόμενον
1409 4289 1444 4358 ἢ
1495 4290 1572 4361 μὴ
1628 4285 1960 4363 δυνάμενον·

297 4379 482 4457 διᾶραι
537 4377 594 4435 δὲ
644 4378 740 4443 τὰς
797 4384 989 4455 χεῖρας
1043 4378 1205 4452 ὑψοῦ,
1241 4376 1341 4432 οὐκ
1397 4373 1499 4432 οἶδ’
1528 4374 1626 4441 ε”θ’
1661 4378 1960 4454 ὑπερευχό-

300 4489 463 4543 μενον
503 4472 600 4524 τοῦ
667 4468 810 4536 υἱοῦ,
865 4465 970 4522 εἷιτε
1018 4466 1126 4540 μὴν
1169 4463 1596 4540 κατευχόμενον.
1643 4467 1858 4541 Ἕτεροι
1905 4466 1962 4524 δέ

297 4579 428 4638 φασι
463 4559 540 4632 μὴ
573 4559 670 4620 τὰς
722 4561 915 4633 χεῖρας
955 4553 1136 4633 διειραί
1178 4554 1270 4609 τὸν
1322 4555 1640 4628 θνήσκοντα,
1670 4553 1813 4629 μηδὲ
1855 4557 1958 4633 γὰρ

2075 3582 2133 3636 id
2171 3582 2358 3637 facere
2391 3579 2650 3652 potuisse
2683 3579 3052 3646 morientem,
3087 3580 3188 3635 sed
3223 3578 3594 3651 imperatrice
3617 3595 3724 3633 saa-

2074 3672 2208 3743 pius
2239 3668 2610 3736 vociferante,
2644 3668 2798 3724 abire
2825 3669 3028 3739 ﬁlium,
3063 3670 3115 3723 ei
3166 3669 3373 3724 viventi
3402 3677 3722 3740 erepturum

2072 3761 2388 3832 imperium,
2439 3757 2607 3812 illum
2686 3773 2894 3829 parum
2957 3757 3322 3829 obscureque
3381 3756 3720 3824 subrisisse,

2073 3850 2193 3906 sive
2213 3866 2340 3904 eam
2365 3848 2686 3904 orationem
2715 3847 3100 3916 deridentem,
3125 3845 3173 3902 si
3208 3853 3512 3918 putaretur
3530 3847 3722 3902 adhuc

2073 3940 2144 3994 de
2176 3936 2421 4008 imperio
2481 3935 2769 3990 sollicitus
2828 3951 2956 3990 esse
3003 3936 3330 4006 exspirans,
3373 3941 3724 4006 terrenaque

2065 4030 2192 4100 jam
2220 4025 2570 4082 relicturus:
2632 4025 2754 4080 sive
2802 4025 2943 4095 quid
3004 4025 3075 4079 de
3133 4024 3232 4080 illo
3262 4026 3414 4080 l'acto
3454 4025 3724 4094 sentiret,

2071 4116 2452 4172 indicantem.
2483 4113 2629 4169 Nam
2661 4117 2715 4168 et
2746 4113 2817 4168 ab
2849 4111 2982 4167 aliis
3013 4116 3071 4168 et
3099 4114 3171 4168 ab
3225 4113 3352 4185 ipso
3397 4113 3722 4186 Porphyro—

2073 4205 2270 4278 genito
2301 4204 2653 4276 imperatore
2679 4201 3050 4269 narrabatur,
3083 4219 3216 4258 eum
3251 4219 3364 4258 non
3391 4203 3516 4258 sine
3538 4201 3722 4274 patris

2073 4292 2317 4350 consilio
2344 4291 2565 4362 regiam
2599 4307 2727 4346 esse
2758 4290 3120 4361 ingressum,
3154 4292 3254 4346 sed
3288 4292 3507 4346 exitum
3532 4290 3721 4347 abillo

2072 4382 2124 4439 ei
2141 4383 2325 4438 fuisse
2350 4397 2727 4436 concessum:
2754 4381 2924 4452 cujus
2942 4379 3022 4435 rei
3046 4385 3330 4436 tesseram
3357 4379 3517 4435 illius
3537 4397 3722 4435 annu-

2072 4471 2196 4529 lum
2228 4469 2584 4542 accepisset:
2619 4485 2804 4542 eaque
2852 4470 3007 4525 facta
3063 4486 3192 4526 esse
3251 4470 3489 4526 absente
3537 4468 3724 4542 impe-

2071 4562 2306 4630 ratrice,
2339 4563 2396 4614 et
2424 4557 2526 4613 illa
2554 4557 2882 4629 ignorante.
2916 4557 3060 4614 Cum
3119 4558 3299 4630 igitur
3329 4558 3534 4627 abiret,
3569 4558 3726 4614 fama

299 4647 414 4704 οἷόν
446 4648 495 4702 τ’
527 4646 664 4702 εἶναι
694 4643 802 4718 ἤδη
865 4643 1204 4702 ἐκλείποντα.
1239 4647 1354 4714 Τῆς
1398 4641 1456 4698 δὲ
1504 4641 1785 4720 βασιλίδος
1828 4645 1965 4702 πολ-

2075 4651 2216 4724 quid
2250 4653 2445 4704 actum
2477 4650 2659 4716 esset,
2691 4646 2955 4702 celeriter
3013 4646 3372 4718 divulgante,
3432 4650 3502 4702 ad
3562 4647 3722 4702 hunc

299 4736 461 4801 λάκις
518 4734 952 4811 ἀνακραγούσης,
1013 4733 1088 4796 ὡς
1143 4737 1390 4790 νΑπεισιν
1452 4733 1480 4787 ὁ
1537 4732 1652 4795 υἱός
1720 4755 1816 4789 σου
1883 4734 1960 4793 ἔτι

301 4826 481 4894 ζῶντά
561 4845 619 4880 σε
682 4825 780 4894 τὴν
864 4821 1140 4901 βασιλείαν
1219 4822 1678 4900 ἀφαιρησόμενος,
1755 4821 1959 4884 ἐκεῖνον

2072 4741 2486 4812 imperatorem
2518 4739 2574 4791 et
2605 4735 2860 4808 cognati,
2907 4740 2964 4792 et
2989 4752 3058 4792 ex
3084 4736 3338 4791 tribunis
3380 4735 3637 4792 militum
3667 4739 3727 4792 et

2074 4847 2144 4886 ex
2174 4830 2378 4884 senatu
2404 4824 2573 4880 multi
2597 4840 2659 4880 se
2681 4825 3078 4881 contulerunt.

303 4910 692 4988 ὑπομειδιᾶσαι
752 4912 930 4989 βραχύ
985 4933 1037 4968 τι
1092 4911 1181 4966 καὶ
1237 4909 1505 4987 ἀμυδρὸν,
1563 4911 1599 4981 ἢ
1652 4916 1759 4966 τῶν
1805 4911 2117 4992 λεγομένων
2178 4912 2581 4990 καταγελῶντα,
2638 4910 2686 4966 εἲ
2737 4911 3020 4986 νομίζοιτο
3085 4911 3208 4988 περὶ
3273 4916 3375 4981 τῆς
3447 4909 3722 4987 βασιλείας

299 5003 608 5081 φροντίζειν
661 5001 896 5057 ἐκπνέων
952 4999 1060 5074 ἤδη
1121 5001 1212 5056 καὶ
1281 5005 1390 5056 τῶν
1458 5004 1661 5076 νεκρῶν
1745 5006 2158 5081 μεθιστάμενος,
2216 5004 2252 5074 ἢ
2308 5003 2408 5072 τὴν
2463 5005 2562 5067 τῆς
2619 5002 2805 5076 ψυχῆς
2861 5001 2948 5056 ἐπὶ
2998 5007 3078 5075 τῷ
3146 4999 3503 5078 πραττομένῳ
3554 4997 3728 5055 διάθε-

299 5114 382 5148 σιν
446 5091 874 5170 ὑπεμφαίνοντα.
930 5091 1184 5167 Ἐλέγετο
1239 5090 1340 5167 γάρ
1395 5111 1484 5146 τοι
1539 5089 1628 5146 καὶ
1677 5093 1804 5168 παρ’
1833 5091 2024 5150 ἄλλων
2082 5094 2172 5150 καὶ
2229 5094 2357 5169 παρ’
2386 5091 2591 5146 ἐκείνου
2646 5095 2742 5146 τοῦ
2796 5093 3242 5170 Πορφυρογενοΰς
3302 5091 3723 5165 αὐτοκράτορος,

301 5183 382 5254 μή
442 5181 672 5258 γνώμης
731 5182 855 5258 ἄτερ
914 5187 1183 5256 πατρικῆς
1242 5180 1423 5235 θέσθαι
1474 5180 1574 5248 τήν
1635 5178 1711 5243 εἴς
1767 5181 1834 5238 τὰ
1893 5181 2144 5260 βασίλεια
2221 5179 2484 5259 πάροδον,
2544 5177 2691 5234 ἀλλᾶ
2765 5183 2896 5254 παρ’
2947 5179 3154 5236 ἐκείνου
3230 5179 3609 5256 ἐπιτετράφθαι
3670 5179 3723 5234 οἱ

296 5273 399 5341 τὴν
458 5267 662 5341 ἔξοδον,
699 5271 788 5326 καὶ
836 5268 1086 5344 σύνθημα
1138 5267 1340 5341 ταύτης
1400 5266 1481 5324 ἐκ
1511 5270 1607 5322 τοῦ
1663 5271 1868 5346 πατρὸς
1930 5266 2118 5328 λαϐεῖν
2165 5271 2259 5327 τὸν
2322 5268 2523 5324 ἐκείνου
2585 5265 2911 5323 δακτύλιον’
2967 5274 3137 5325 ταῦτα
3195 5267 3254 5325 δε
3313 5269 3388 5344 μὴ
3438 5265 3720 5342 παρούσης

1587 5457 1792 5522 Varia
1822 5459 2124 5526 lectiones
2153 5467 2216 5525 et
2245 5466 2437 5523 notae.

2177 5617 2274 5677 Ὃς
2305 5613 2365 5669 ἑκ
2397 5611 2566 5686 μέθης
2599 5606 2656 5686 δὲ
2681 5610 3006 5686 φανὲρευθεῖς
3032 5615 3302 5686 "WB-1°"

2181 5679 2705 5759 Σκηπτροκρατήσεὲ
2737 5679 2905 5750 τῆσδε
2930 5691 3032 5754 τῆς
3063 5682 3362 5776 βασιλείας,

2180 5759 2281 5826 Καὶ
2309 5755 2481 5824 πάλιν
2509 5754 2626 5830 ἥξει
2654 5749 2968 5837 ἔπταλόφου
2991 5757 3060 5814 τὸ
3081 5775 3308 5834 κρατος.

415 5611 585 5675 Αὐτὸς
614 5615 872 5741 κρατήσει
901 5611 1123 5688 τετράγε
1154 5611 1297 5667 ὀκτὼ
1327 5609 1581 5687 χρόνους,

415 5685 502 5741 Ὠς
524 5703 648 5741 vexo
691 5706 715 5741 c
737 5683 848 5741 ἤδη
879 5685 970 5741 καὶ
999 5687 1093 5741 θέα
1122 5681 1436 5741 λελειιένος.

410 5681 715 5771 Ῥεῇνεκρδς
737 5681 978 5771 ᾕδηὶκαὶ,
996 5681 1093 5758 θέᾲ
1102 5681 1436 5771 ’λελεμένόςλ

330 5818 340 5829 ι
413 5751 646 5832 Οἴδασιν
658 5751 872 5816 πολλοὶ
891 5757 982 5815 καί
1001 5751 1158 5832 ,μηδὶ
1172 5751 1375 5815 inﬁrmi
1394 5751 1652 5830 βλέπων,
