4126 6362
405 394 523 456 323

1758 390 2084 453 JOANNIS
2127 391 2332 454 ZONA
2348 395 2472 456 RE

3706 403 3826 462 324

399 529 640 604 γενέσθαι
691 529 790 593 τῆς
851 523 1156 602 βασιλίδος,
1209 525 1300 582 καὶ
1354 523 1660 602 ἆγνοούσητ
1715 521 1798 580 ὅτι
1871 522 2181 601 γεγόνασιν.
2236 528 2299 582 ’0
2361 527 2456 600 μὶν
2540 526 2631 584 οὗν
2704 531 2890 606 ἀπῄει.
2947 537 3056 603 Τῆς
3135 535 3338 612 φήμης
3399 531 3457 591 δὲ
3515 535 3830 609 κηρυεάσης

401 617 542 692 ταχὺ
571 618 634 672 τὸ
662 617 926 691 παρχθὶν,
955 621 1035 688 τῷ
1070 613 1285 692 βασιλεῖ
1311 614 1494 687 τούτῳ
1521 615 1612 670 καὶ
1641 615 1704 671 τὸ
1764 613 2014 688 συγγενές
2072 613 2326 689 προσῄει,
2354 618 2441 672 καὶ
2499 623 2612 673 τῶν
2670 625 3075 693 στρατιωτικῶν
3135 623 3420 699 ἀρχόντων
3480 622 3689 680 πολλοὶ
3735 625 3820 680 καὶ

401 711 506 760 τῶν
535 708 632 774 τῆς
666 703 982 780 συγκλήτου
1019 702 1251 780 βουλῆς.

472 853 662 908 XXIX.
692 854 976 909 Ceterum
1009 852 1081 906 ad
1141 866 1418 921 magnam
1449 850 1671 922 regiam
1706 851 2022 920 properant

2173 916 2186 922 -
2231 831 2472 922 K‘G'.
2532 829 2578 888 δ’
2609 834 2674 903 ἦν
2728 837 2762 905 ἡ
2819 836 2967 910 ὁρμὴ
3018 837 3153 910 πρὸς
3204 836 3267 892 τὸ
3303 838 3439 914 μέγα
3497 836 3816 915 ἀνάκτορονί

397 944 722 1006 nuntiatur,
783 942 1078 1010 Varangos
1137 939 1408 994 stationis
1457 939 1888 1005 excubitorum,
1953 936 2049 992 ubi

396 1031 574 1086 iidem
625 1031 992 1094 habitabant,
1041 1029 1139 1083 via
1194 1033 1498 1100 occupata,
1557 1028 1848 1084 neminem
1915 1025 2048 1080 illac

397 1118 648 1172 transire
679 1117 818 1188 pati,
852 1122 952 1171 aut
983 1116 1134 1171 309
1181 1116 1454 1171 accedere
1511 1117 1584 1171 ad
1643 1115 1887 1186 regiam.
1924 1117 2045 1180 Quo

397 1207 602 1260 nuntio
637 1205 1036 1277 perturbatus,
1073 1205 1390 1277 quemdam
1444 1206 1514 1259 ad
1549 1203 1682 1260 illos
1714 1203 1891 1258 mittit
1924 1220 2044 1275 per-

394 1299 717 1358 contatum,
751 1293 894 1364 quid
927 1293 1040 1348 sibi
1064 1292 1262 1348 velint.
1295 1293 1473 1348 Mittit
1522 1297 1578 1348 et
1610 1294 1681 1348 ad
1724 1291 2044 1347 Ecclesiam

391 1382 492 1454 qui
525 1380 762 1452 diceret,
797 1382 1210 1453 imperatorem
1243 1398 1372 1438 esse
1407 1387 1727 1450 mortuum,
1755 1398 1935 1453 seque
1958 1397 2044 1435 ce-

388 1470 603 1528 lebrari
637 1471 782 1527 velle
814 1476 878 1526 ut
912 1472 1347 1542 imperatorem.
1376 1473 1449 1526 Ac
1481 1471 1538 1526 id
1565 1471 1802 1542 quidem
1835 1488 1868 1524 a
1889 1469 2044 1525 clero

390 1567 446 1616 et
473 1578 708 1617 summo
736 1565 968 1631 pastore
992 1562 1231 1616 factum.
1274 1561 1382 1616 Sed
1415 1560 1670 1633 Varangi
1723 1559 2042 1631 responde-

388 1655 527 1706 runt
559 1651 610 1706 ei
642 1651 740 1721 qui
765 1651 1027 1722 rogabat,
1062 1667 1166 1705 cur
1201 1649 1366 1720 regiaa
1412 1649 1574 1705 aditu
1625 1650 2040 1722 imperatorem

385 1739 785 1807 excluderent,
834 1757 897 1794 se
928 1739 1280 1810 imperatore
1309 1739 1540 1795 vivente
1585 1739 1879 1794 neminem
1910 1755 2040 1810 pas-

387 1845 557 1884 suros
590 1829 838 1900 ingredi.
875 1827 978 1883 lllo
1013 1846 1144 1883 vero
1173 1828 1531 1895 infirmante,
1577 1828 1701 1898 jam
1734 1844 1862 1882 esse
1885 1844 2041 1882 mor-

385 1922 554 1972 tuum
584 1937 594 1972 :
620 1917 874 1988 Varangi
898 1919 1288 1988 jurejurando
1347 1917 1576 1972 sancita
1606 1919 1735 1988 ejus
1793 1917 1872 1972 rei
1906 1917 2037 1986 (ide,

384 2007 721 2078 imperatori
754 2007 970 2078 regiam
1005 2006 1226 2077 ingredi
1280 2011 1719 2062 concesserunt.
1751 2005 1872 2069 Quo
1905 2022 2038 2060 cum

385 2095 766 2167 pervenisset,
800 2112 932 2151 cum
986 2097 1114 2152 suis
1157 2095 1537 2163 deliberabat,
1589 2096 1882 2166 quomodo
1914 2099 2030 2150 tra-

2160 916 2375 975 ἀπιόντι
2406 919 2463 976 δὲ
2513 922 2836 998 ἀγγέλλεται
2895 926 2970 990 ὡς
3015 927 3066 981 οἱ
3116 925 3385 1003 Βάραγγοι
3425 929 3525 996 τὴν
3589 926 3642 982 ἐν
3700 933 3818 991 τοῖς

2157 1005 2489 1078 ἐξκουϐίτοις
2584 1009 2928 1090 διειληφότες
3006 1012 3152 1088 ὁδὸν,
3235 1011 3360 1071 ἔνθα
3429 1037 3528 1092 περ
3601 1016 3821 1082 τούτοις

2156 1098 2245 1154 καὶ
2304 1101 2338 1170 ἡ
2397 1101 2733 1174 κατοίκησις,
2817 1103 3070 1161 ἀπελθεῖν
3161 1103 3229 1160 δι’
3288 1103 3495 1177 ἐκείνης
3574 1106 3635 1162 ού
3711 1128 3818 1162 πα-

2158 1191 2472 1266 ραχωροῦσί
2550 1215 2677 1266 τινι,
2737 1190 2862 1250 οὐδὲ
2938 1195 3046 1268 μὴν
3123 1193 3424 1266 πλησιάσαι
3507 1200 3625 1258 τοῖς
3717 1197 3817 1270 βα-

2156 1278 2404 1343 σιλείοις,
2455 1284 2629 1338 Τοῦτο
2696 1283 2772 1338 εἰς
2846 1283 3075 1356 ἀγωνίαν
3131 1285 3221 1339 τὸν
3285 1283 3511 1360 βασιλέα
3571 1279 3814 1342 ἐνέϐαλε.

2155 1367 2252 1423 Καὶ
2339 1368 2556 1426 στέλλει
2637 1373 2775 1447 πρὸς
2871 1371 3106 1438 ἐκείνους
3191 1373 3313 1428 τινὰ
3397 1372 3684 1450 ἐρωτῶντα
3762 1374 3816 1429 τί

2151 1457 2214 1510 τὸ
2299 1459 2446 1536 σφίσι
2535 1458 2872 1536 βουλόμενον
2906 1479 2918 1492 ·
2981 1460 3194 1519 στέλλει
3257 1458 3313 1516 δὶ
3369 1461 3458 1516 καὶ
3516 1461 3653 1538 πρὸς
3711 1462 3813 1531 τὴν

2154 1547 2482 1617 Ἐκκλησίαν
2516 1593 2529 1618 ,
2604 1551 2850 1604 τεθνάναι
2943 1549 3120 1626 λέγων
3204 1552 3296 1604 τὸν
3385 1549 3760 1627 αὐτοκράτορα
3797 1597 3812 1622 ,

2149 1636 2241 1691 καὶ
2285 1641 2461 1708 ζητῶν
2510 1638 2672 1702 αὐτὸς
2729 1638 3115 1718 εύφημηθῆναι
3168 1641 3243 1703 ὡς
3304 1639 3676 1716 αὐτοκράτωρ.
3710 1640 3809 1695 Καὶ

2148 1730 2312 1781 τοῦτο
2368 1727 2462 1800 μὶν
2507 1725 2730 1798 ἤνυστο,
2757 1730 2847 1784 καὶ
2896 1729 3272 1807 αὐτοκράτορα
3331 1729 3488 1785 αὐτὸν
3523 1730 3552 1783 ὁ
3597 1726 3808 1805 κλῆρος

2147 1823 2249 1885 τῆς
2299 1815 2625 1888 Ἐκκλησίας
2679 1820 2869 1894 γνώμῃ
2924 1819 3012 1874 καὶ
3078 1823 3176 1874 τοῦ
3223 1814 3623 1895 ἀρχιποιμίνος
3682 1819 3810 1888 ἀνη-

2149 1906 2422 1980 γόρευσεν.
2455 1912 2512 1964 Ὁ
2570 1905 2627 1962 δὲ
2681 1909 2817 1982 πρὸς
2870 1907 2997 1971 τοὺς
3084 1907 3402 1985 Βαράγγους
3481 1905 3807 1980 ἐσταλμένος
3851 1898 3853 1902 Α

2149 1995 2338 2068 ἠρώτα
2397 1994 2652 2064 ἐκείνους,
2704 1996 2862 2075 ὅτου.
2905 1997 3066 2074 χάριν
3129 1996 3405 2052 κωλύουσι
3462 2001 3542 2070 τῷ
3593 1997 3813 2072 βασιλεῖ

2145 2087 2246 2154 τὴν
2280 2085 2356 2147 εἷς
2395 2086 2461 2138 τὰ
2496 2085 2742 2160 βασίλεια
2769 2085 3028 2162 πάροδοψ
3058 2088 3110 2141 οἱ
3142 2083 3198 2142 δὲ
3243 2088 3316 2159 μή
3371 2107 3503 2142 ποτε
3539 2107 3809 2162 παραχω-

386 2185 598 2267 ctanda
630 2191 786 2240 esset
814 2190 1022 2251 mater,
1055 2187 1282 2251 fratres,
1341 2201 1708 2255 sororesque,
1742 2188 1799 2238 et
1846 2184 2024 2239 Caesar

2147 2181 2310 2248 ρῆσαι
2364 2178 2470 2229 τῶν
2546 2173 2838 2251 βασιλείων
2899 2175 3088 2250 ἑτέρῳ,
3145 2180 3346 2244 ζῶντος
3395 2179 3492 2230 τοῦ
3550 2175 3811 2250 αὐτοκρά-

391 2258 708 2344 Βνίοηὶιιεε
744 2273 876 2329 illos
907 2273 1060 2329 enim
1097 2273 1290 2328 adhuc
1345 2273 1666 2337 metuebat,
1699 2277 2035 2344 suspectos-

385 2378 498 2434 que
529 2361 802 2429 habebat,
859 2377 930 2416 ne
990 2379 1082 2417 res
1133 2379 1310 2417 novas
1359 2361 1725 2417 molirentur.
1771 2365 1841 2417 At
1873 2367 2036 2432 pater

376 2455 565 2506 totum
601 2451 791 2507 adhuc
823 2451 979 2506 diem
1012 2452 1296 2523 spirabat,
1332 2450 1763 2521 difficulterque
1823 2451 2032 2506 morie-

379 2540 577 2609 batur,
611 2542 722 2596 sub
754 2557 1056 2612 vesperam
1090 2542 1328 2594 demum
1361 2541 1707 2595 exstinctus.
1741 2539 1898 2594 Vixit
1931 2557 2033 2594 an-

377 2646 486 2684 nos
517 2630 910 2701 septuaginta,
946 2634 1049 2683 aut
1107 2628 1358 2698 circiter,
1396 2630 1656 2699 regnavit
1711 2633 1936 2697 septem
1977 2633 2035 2684 et

376 2718 640 2790 triginta,
676 2733 912 2774 menses
937 2721 1168 2788 quater,
1201 2723 1258 2771 et
1314 2717 1440 2772 dies
1478 2717 1722 2788 aliquot.
1748 2717 1905 2772 Obiit
1935 2735 2034 2772 an-

375 2825 449 2862 no
471 2807 674 2863 mundi
706 2806 896 2863 sexies
924 2805 1263 2872 millesimo,
1297 2807 1720 2862 sexcentesimo
1754 2805 2028 2862 vicesimo

373 2902 556 2966 sexto,
589 2896 835 2968 imperio
887 2896 1130 2952 feliciter
1175 2896 1607 2964 administrato,
1640 2895 1770 2950 vita:
1808 2896 2028 2952 exitum

374 3003 488 3041 non
522 3002 690 3058 seque
745 3003 1091 3056 prosperum
1139 2987 1404 3041 sortitus.
1438 2991 1484 3039 Α
1526 2985 1812 3041 ministris
1869 2987 2028 3040 enim

379 3075 498 3130 fere
538 3075 815 3130 omnibus
859 3080 951 3130 est
981 3075 1269 3140 desertus,
1305 3080 1369 3130 ut
1401 3091 1579 3146 prope
1609 3075 1754 3130 nulli
1808 3080 2026 3144 essent,

382 3166 481 3237 qui
533 3166 778 3221 cadaver
837 3166 966 3237 ejus
1015 3166 1331 3238 postremis
1383 3164 1626 3222 lavacris
1675 3170 2026 3238 purgarent:

377 3271 570 3325 neque
599 3260 845 3309 ornatus
892 3255 1306 3326 imperatorias
1340 3259 1548 3323 praesto
1589 3255 1673 3308 eis
1703 3259 1879 3321 esset,
1914 3270 2028 3324 quo

375 3345 622 3398 cadaver
653 3343 783 3414 ejus
814 3361 917 3414 pro
949 3341 1237 3414 dignitate
1269 3348 1595 3408 ornaretur,
1630 3357 1818 3412 neque
1851 3343 2028 3398 funus

368 3431 422 3487 ei
487 3433 706 3486 factum
757 3437 845 3486 est
876 3431 1213 3502 imperatori
1261 3432 1633 3486 conveniens.
1685 3432 1864 3501 quue
1912 3448 2028 3486 non

369 3519 584 3590 alieno,
620 3521 722 3575 sed
767 3519 887 3575 ﬁlio
949 3520 1177 3591 imperii
1229 3535 1604 3576 successore:
1664 3524 1720 3576 et
1777 3537 1842 3575 eo
1883 3519 2022 3586 ﬁlio,

366 3625 540 3680 quem
575 3608 701 3680 ipse
731 3608 976 3680 imperio
1007 3607 1363 3663 ornarat.Sic
1385 3625 1579 3664 rerum
1602 3609 2020 3665 humamarum

366 3697 514 3752 nihil
548 3697 757 3752 stabile
789 3702 846 3750 et
897 3698 1135 3751 firmum
1185 3701 1296 3761 est,
1329 3699 1429 3751 sed
1490 3698 1674 3753 inﬁda
1717 3698 1935 3766 omnia,
1965 3703 2023 3753 et

368 3790 595 3840 tessera
626 3784 1022 3841 mutabiliora.
1063 3785 1193 3839 Fuit
1220 3789 1411 3840 autem
1449 3785 1547 3840 ille
1567 3787 1675 3853 vir,
1707 3792 1772 3841 ut
1808 3792 1862 3842 et
1894 3804 2017 3842 mo-

369 3892 462 3931 res
495 3877 624 3947 ejus
657 3892 966 3947 expressos
999 3877 1068 3930 ad
1105 3875 1463 3946 posteritatis
1509 3877 1850 3933 memoriam
1892 3895 2020 3949 pro-

367 3981 674 4036 pagemus,
709 3981 899 4036 neque
930 3965 1088 4019 ferox
1117 3970 1175 4019 et
1223 3982 1526 4037 arrogans,
1567 3983 1754 4037 neque
1785 3967 2016 4022 iracun-

364 4053 497 4120 dus,
533 4070 720 4124 neque
751 4070 985 4124 avarus,
1022 4070 1124 4108 nec
1172 4056 1426 4126 pecuniae
1460 4055 1710 4109 nimium
1742 4057 2016 4127 cupidus,

362 4146 428 4198 ut
455 4159 582 4198 eam
613 4143 914 4213 conﬂaret,
939 4147 995 4200 et
1026 4144 1084 4197 in
1139 4147 1450 4200 thesauros
1497 4143 1757 4200 occultos
1787 4149 1844 4200 et
1875 4146 2015 4200 sub-

2143 2284 2324 2337 τορος,
2379 2257 2598 2340 ἔφασαν.
2662 2265 2898 2326 Ἐκεῖνος
2961 2261 3016 2318 δέ
3072 2265 3382 2335 τεθνηκέναι
3434 2257 3807 2320 διεϐεϐαιοῦτο

2142 2353 2233 2407 τὸν
2306 2354 2704 2428 αὐτοκράτορα.
2768 2353 2866 2407 Καὶ
2941 2355 2991 2408 οἱ
3065 2355 3334 2429 Βάραγγοι
3403 2352 3552 2424 ὅρκῳ
3609 2352 3802 2409 τοῦτον

2144 2442 2574 2520 πληροφορῆσαι
2627 2442 2825 2504 αὐτοὺς
2882 2443 3186 2517 ἀπῄτησαν.
3241 2443 3342 2499 Καὶ
3392 2443 3450 2504 ὃς
3493 2438 3705 2515 ὤμοσεν
3765 2443 3801 2512 ἧ

2147 2533 2253 2605 μὴν
2313 2534 2557 2587 τεθνάναι
2611 2533 2700 2587 τὸν
2769 2530 3016 2609 βασιλέα,
3075 2534 3316 2587 κάκεῖνοι
3375 2529 3641 2600 ἐνέδοσαν,
3707 2532 3801 2586 καὶ

2140 2627 2241 2690 τῆς
2298 2619 2540 2696 παρόδου
2597 2626 2676 2694 τῷ
2740 2619 2956 2697 βασιλεῖ
2998 2621 3421 2697 παρεχώρησαν.
3455 2620 3512 2674 Ὀ
3546 2618 3603 2674 δὲ
3634 2621 3800 2694 ἀπῄει

2141 2711 2276 2785 πρὸς
2332 2711 2396 2765 τὰ
2456 2709 2722 2786 βασίλεια,
2756 2711 2846 2766 καὶ
2903 2710 3108 2766 τούτων
3163 2709 3312 2774 ἐντὸς
3365 2710 3626 2786 γεγονὼς,
3679 2714 3799 2773 πῶς

2140 2798 2199 2854 ἂν
2242 2801 2513 2875 χρήσαιτο
2571 2799 2640 2873 τῇ
2701 2800 2867 2876 μητρὶ
2923 2799 3016 2855 καὶ
3072 2805 3189 2861 τοῖς
3237 2797 3544 2873 ὁμογνίοις,
3575 2798 3668 2853 καὶ
3721 2801 3800 2870 τῷ

2138 2894 2245 2944 τῶν
2305 2886 2582 2959 κηδεστῶν
2656 2889 2728 2944 ἑνὶ
2813 2893 2890 2961 τῷ
2956 2888 3220 2964 Βρυενίῳ,
3283 2888 3418 2960 μετὰ
3485 2890 3599 2941 τῶν
3676 2887 3801 2962 περὶ

2141 2977 2297 3034 αὐτὸν
2351 2973 2692 3035 ἐϐουλεύετο.
2749 2981 2867 3034 Ἔτι
2924 2978 3024 3055 γὰρ
3084 2975 3345 3033 ἐδεδοίκει
3399 2975 3652 3046 τούτους,
3711 2977 3800 3032 καί

2140 3069 2192 3124 οἱ
2251 3068 2387 3137 ἦσαν
2463 3067 2515 3122 ἐν
2575 3066 2853 3142 ὑποψίαις,
2912 3067 3188 3137 ἐλπίζοντι
3255 3064 3594 3140 νεωτερίσειν
3673 3065 3801 3130 ἰσως

2138 3159 2353 3222 αύτούς.
2413 3161 2468 3214 Ὁ
2528 3155 2585 3212 δὶ
2639 3156 2838 3212 τούτου
2905 3160 3085 3230 πατὴρ
3143 3156 3269 3230 παρ’
3327 3153 3466 3224 ὅλην
3542 3155 3637 3228 μὶν
3693 3176 3791 3224 την

2138 3247 2346 3324 ἡμέραν
2407 3247 2647 3321 ἐμπνέων
2701 3247 2792 3317 ἦν,
2841 3245 2930 3301 καὶ
2983 3243 3346 3312 δυσθανατῶν,
3395 3243 3520 3318 περὶ
3577 3241 3632 3297 δὲ
3683 3243 3781 3311 τὴν

2140 3337 2362 3413 ἐσπέραν
2415 3335 2663 3410 ἐξέλιπε·
2723 3337 2887 3407 ζήσας
2950 3335 3046 3408 μὶν
3104 3329 3196 3405 ἔτη
3259 3329 3635 3407 ἑϐδομήκοντά
3683 3352 3785 3386 που

2136 3428 2204 3483 τὰ
2259 3429 2432 3482 πάντα
2477 3426 2513 3496 ἢ
2571 3425 2654 3481 ὅτι
2715 3425 3008 3503 ἐγγυτάτω,
3041 3423 3364 3501 βασιλεύσας
3389 3419 3436 3477 δ’
3467 3423 3528 3478 ἐκ
3581 3422 3785 3477 τούτων

2137 3516 2411 3589 ἐνιαυτοὺς
2465 3517 2598 3570 ἑπτὰ
2653 3516 2741 3570 καὶ
2798 3514 3109 3588 τριάκοντα,
3168 3511 3256 3568 ἐπὶ
3339 3511 3474 3586 μησὶ
3541 3512 3790 3587 τέσσαρσι

2135 3608 2221 3662 καὶ
2252 3606 2484 3681 ἡμέραις
2513 3605 2674 3662 τισίν.
2697 3607 2887 3660 Ἐθανε
2919 3601 2976 3658 δὲ
3026 3603 3162 3658 κατὰ
3204 3602 3268 3659 τὸ
3317 3599 3788 3676 ἐξακισχιλιοστὸν

2131 3696 2508 3766 ἐξακοσιοστὸν
2543 3695 2782 3750 εἰκοστὸν
2827 3691 2981 3748 ἕκτον
3029 3690 3168 3754 ἔτος⁸
3203 3692 3301 3759 τήν
3355 3691 3449 3764 μὶν
3503 3689 3782 3766 βασιλείαν

2129 3785 2401 3856 διηνυκὼς
2433 3785 2776 3860 εὐτυχῶς,τὸ
2799 3781 2855 3838 δέ
2881 3805 2943 3858 γε
2961 3780 3121 3844 τέλος
3147 3780 3254 3856 ούχ
3283 3779 3475 3854 ὅμοιον
3505 3778 3779 3853 ἐσχηκώς.

2128 3871 2535 3930 Καταλέλειπτο
2608 3873 2712 3948 γὰρ
2778 3872 2916 3946 πρὸς
2995 3875 3104 3925 τῶν
3185 3869 3523 3946 θεραπόντων
3580 3864 3776 3941 σχεδὸν

2129 3963 2399 4036 ἁπάντων,
2434 3963 2508 4024 ὡς
2563 3959 2690 4036 μηδ’
2732 3962 2864 4016 εἶναι
2912 3960 3058 4036 τάχα
3103 3960 3277 4028 τινὰς,
3309 3957 3435 4022 τοὺς
3486 3957 3578 4011 τὸν
3637 3954 3778 4010 ἐκεί-

2126 4073 2221 4106 νου
2280 4053 2467 4127 νεκρὸν
2513 4057 2630 4114 τοῖς
2695 4049 2958 4113 λοισθίοις
3024 4047 3278 4124 λουτροῖς
3343 4044 3782 4122 ἀπορῥύψαντας,

2124 4142 2212 4196 καὶ
2267 4138 2390 4196 οὔτε
2437 4140 2644 4213 κόσμος
2681 4137 2955 4216 βασίλειος
2984 4144 3194 4211 προσῆν
3244 4142 3362 4198 τοῖς
3428 4134 3552 4209 περὶ
3597 4133 3782 4203 αὐτὸν,

358 4236 659 4288 terraneas
689 4250 826 4304 Opes
854 4233 1211 4289 reconderet.
1239 4232 1401 4288 Unde
1425 4250 1612 4304 neque
1635 4238 1766 4305 post
1787 4234 2012 4289 obitum

2135 4229 2194 4284 [ν’
2250 4229 2395 4302 αύτῷ
2455 4229 2517 4284 τὸ
2565 4234 2722 4302 σῶμα
2769 4227 3074 4302 κοσμηθείη
3127 4225 3448 4302 βασιλικῶς,
3496 4219 3620 4278 οὔτε
3671 4224 3780 4296 μὴν

355 4322 485 4391 ejus
543 4322 600 4375 in
661 4323 864 4377 aerario
921 4339 1133 4394 magna
1186 4323 1435 4393 pecunia
1493 4327 1584 4377 est
1641 4328 1906 4394 reperta:
1942 4324 2014 4378 ad

358 4409 824 4464 misericordiam
860 4427 1215 4481 prepensus,
1241 4409 1312 4464 ad
1339 4412 1654 4465 sumendas
1677 4427 1878 4482 pmnas
1895 4417 2012 4466 tar-

357 4497 491 4567 dus,
517 4499 780 4554 moribus
835 4497 1170 4566 moderatis,
1206 4515 1442 4553 accessu
1503 4498 1708 4566 facilis,
1742 4498 1800 4552 in
1861 4501 2012 4554 victu

365 4603 480 4642 non
517 4585 938 4659 intemperans,
973 4603 1088 4642 non
1123 4585 1253 4640 vino
1287 4586 1521 4640 deditus
1550 4603 1562 4652 ;
1598 4585 1814 4641 virtute
1869 4605 2012 4658 prea-

355 4675 531 4730 distis
562 4677 895 4732 auscultare
926 4680 984 4731 et
1016 4676 1298 4730 honorem
1328 4675 1542 4730 habere
1596 4674 1829 4730 solitus.
1865 4678 2010 4731 Eru-

358 4764 640 4820 ditionem
701 4783 814 4821 non
851 4770 915 4818 ut
943 4763 1348 4829 conveniebat,
1394 4765 1493 4818 sed
1529 4767 1825 4835 utcunque
1853 4765 2008 4820 colo-

357 4853 493 4909 bat:
529 4855 898 4921 commodus,
936 4854 1091 4908 310
1115 4869 1228 4906 non
1293 4851 1558 4908 insolens
1589 4869 1727 4925 erga
1756 4870 1854 4909 eos
1886 4855 2011 4926 qui-

2125 4319 2356 4398 ἐκφορᾶς
2398 4313 2559 4395 ἔτυχε
2606 4316 2822 4394 βασιλεῖ
2867 4315 3244 4385 καταλλήλου.
3295 4313 3397 4372 Καὶ
3453 4317 3622 4368 ταῦτα
3680 4313 3784 4368 οὐκ

2125 4407 2443 4484 ἀλλοτρίου,
2502 4405 2629 4462 ἀλλ’
2708 4409 2867 4469 υἱέως
2949 4404 3242 4478 δεξαμένου
3323 4405 3422 4471 τήν
3498 4401 3777 4479 βασιλείαν

2124 4498 2292 4570 αὐτῷ,
2342 4497 2430 4552 καὶ
2470 4497 2656 4564 υῗέως,
2687 4497 2745 4552 ὃν
2787 4496 2989 4559 ἐκεῖνος
3033 4502 3132 4564 τῆς
3194 4490 3471 4570 βασιλείας
3524 4491 3779 4565 ἠξίωσεν.

2122 4587 2310 4649 Οὕτως
2343 4585 2495 4641 οὐδὲν
2543 4591 2651 4642 τῶν
2700 4584 3052 4660 ἀνθρωπίνων
3089 4582 3345 4657 μόνιμον,
3380 4579 3506 4637 οὐδὲ
3560 4581 3774 4656 πάγιον,

2122 4674 2247 4730 οὐδὲ
2294 4675 2480 4731 πιστόν
2530 4697 2589 4730 τε
2631 4675 2720 4730 καὶ
2775 4669 3016 4750 βέϐαιον,
3047 4669 3176 4727 ἀλλ’
3218 4673 3415 4726 ἄπιστα
3462 4669 3657 4743 πάντα,
3688 4669 3774 4724 καὶ

2119 4760 2289 4820 κύϐου
2348 4762 2562 4838 μᾶλλον
2625 4763 2752 4840 ῥᾷον
2812 4760 3203 4836 μετατιθέμενα
3230 4759 3319 4815 καὶ
3377 4758 3780 4836 μεταῤῥεπτού-

2124 4876 2274 4928 μενα.
2335 4859 2430 4910 Ἦν
2484 4851 2527 4908 δ’
2589 4855 2617 4908 ὸ
2676 4852 2812 4926 ἀνὴρ
2863 4849 2972 4926 (τίνα
3014 4851 3103 4904 καὶ
3157 4851 3249 4905 τὸν
3307 4848 3509 4923 τρόπον
3569 4848 3779 4903 ἐκείνου

354 4941 603 4999 buscum
633 4943 866 5013 vivibat,
917 4941 1100 4998 comis
1159 4945 1215 4996 et
1265 4941 1590 5012 jucundus,
1653 4945 1817 5014 quasi
1873 4961 2006 5000 cum

2135 4942 2291 5015 Βῆλον
2349 4942 2570 5016 θείημεν
2653 4947 2770 5003 τοῖς
2849 4942 3154 5014 μετέπειτα,
3212 4939 3302 4993 καὶ
3351 4937 3412 4993 τό
3471 4939 3606 5007 ἦθος
3660 4941 3783 5002 τοῖς

355 5032 680 5104 aequalibus
713 5032 947 5087 viveret.
981 5031 1144 5087 Unde
1173 5029 1258 5085 illi
1303 5030 1524 5086 securis
1555 5038 1723 5088 erant
1770 5034 2006 5105 animis,

353 5136 543 5192 neque
574 5126 733 5176 metu
752 5118 1088 5175 attonitiilli
1112 5120 1737 5190 aatabant,praasertim
1767 5123 2009 5179 absente

353 5209 748 5281 imperatrice,
781 5225 909 5282 quas
940 5207 1324 5280 imperiosum
1361 5207 1586 5280 aliquid
1637 5215 1693 5265 et
1740 5228 2008 5268 severum

357 5315 472 5370 prie
504 5315 566 5354 se
599 5297 839 5369 ferebat,
871 5302 928 5354 et
971 5297 1267 5354 modestia
1327 5297 1540 5354 oblitos
1584 5300 1778 5356 acrius
1814 5301 2010 5358 incre-

355 5390 555 5459 pabat.
607 5391 688 5444 Ac
739 5390 986 5461 pulchra
1039 5389 1276 5461 quidem
1307 5389 1424 5444 ista
1453 5396 1630 5446 sunt:
1666 5393 1800 5464 quis
1848 5393 2007 5449 enim

356 5479 568 5549 neget?
595 5495 841 5550 quasque
871 5479 1081 5552 privati
1112 5477 1371 5534 hominis
1423 5478 1628 5535 laudes
1677 5481 2004 5553 absolvant,

356 5581 472 5619 non
507 5569 702 5620 tamen
761 5568 1074 5640 ejusmodi,
1112 5583 1242 5638 qua;
1289 5568 1703 5638 imperatorem
1765 5572 2004 5627 omnino

355 5651 581 5710 bonum
639 5653 1067 5715 demonstrent.
1125 5656 1268 5712 Nam
1327 5655 1553 5711 homini
1605 5658 1830 5730 privato
1859 5660 2006 5718 satis

351 5746 443 5801 est
470 5741 818 5818 moderatio,
869 5747 1138 5820 aequitas,
1198 5743 1588 5819 placabilitas,
1645 5750 1704 5806 et
1753 5747 1815 5807 in
1845 5751 2006 5809 omni

2121 5033 2397 5110 ὀψιγόνοις
2444 5029 2964 5108 χαρακτηρίσωμεν)
3011 5025 3123 5083 οὗθ’
3172 5027 3534 5104 ὁπεροπτικός
3586 5047 3644 5081 τε
3685 5026 3779 5081 καὶ

2119 5121 2360 5191 ἀλαζὼν,
2389 5118 2512 5176 οὔτε
2571 5122 2678 5194 μὴν
2741 5119 2863 5193 ὀξὺς
2908 5117 2984 5183 εἷς
3033 5119 3228 5191 θυμὸν,
3277 5114 3404 5172 ἀλλ’
3444 5113 3570 5172 οὐδὲ
3627 5136 3780 5192 χρη-

2123 5213 2306 5286 μάτων
2358 5210 2562 5283 ἥττων,
2595 5207 2707 5264 ουδ’
2757 5210 2890 5285 ἄγαν
2941 5207 3410 5284 ἐρασιχρήματος,
3447 5205 3586 5261 ὥστε
3646 5205 3778 5280 βού-

2119 5300 2306 5365 λεσθαι
2362 5298 2766 5376 καταχωννύειν
2824 5298 2964 5354 αὐτὰ
3032 5297 3121 5353 καὶ
3185 5295 3486 5371 ταμιεύειν,
3539 5294 3613 5351 ἵν’
3671 5297 3774 5351 εἷεν

2116 5391 2264 5462 αύτῷ
2311 5389 2574 5467 θησαυροὶ
2621 5387 3016 5466 κεκρυμμένοι,
3055 5387 3147 5442 καὶ
3201 5385 3434 5461 ὑπόγαια
3488 5387 3775 5463 χρήματα,

2117 5479 2235 5534 ὅθεν
2305 5477 2432 5534 οὐδὲ
2505 5479 2762 5539 θανόντος
2846 5475 3078 5533 πλεῖστα
3153 5476 3300 5551 παρὰ
3353 5479 3471 5537 τοῖς
3525 5475 3778 5548 ταμείοις

2117 5567 2445 5642 εὑρέθησαν·
2507 5568 2644 5642 πρὸς
2702 5565 2854 5622 ἔλεον
2911 5566 3298 5642 εὐκατάφορος,
3350 5565 3488 5640 πρὸς
3542 5563 3772 5620 κόλασιν

2115 5657 2215 5713 οὐκ
2272 5657 2594 5735 ὀξύρροπος,
2632 5656 2850 5732 μέτριος
2904 5657 2966 5711 τὸ
3025 5656 3184 5726 ἦθος,
3241 5655 3586 5731 εὐπρόσιτος,
3645 5655 3772 5732 περὶ

2115 5749 2214 5820 τὴν
2271 5745 2496 5806 δίαιταν·
2537 5747 2638 5804 οὐκ
2691 5743 3022 5819 ἀκόλαστος,
3073 5743 3174 5802 ούκ
3220 5741 3368 5801 o’t'vou
3427 5745 3780 5820 ἡττώμενος,
