  <div class='ocr_page' id='page_1' title='image "/cluster/home/n/w/nwhite01/storage/ocr_20150623/135:no.2/coo.31924054870401/168.png"; bbox 0 0 4126 6366; ppageno 0'>
   <div class='ocr_carea' id='block_1_1' title="bbox 293 399 426 462">
    <p class='ocr_par' dir='ltr' id='par_1_1' title="bbox 293 399 426 462">
     <span class='ocr_line' id='line_1_1' title="bbox 293 399 426 462; baseline -0.03 1"><span class='ocrx_word' id='word_1_1' title='bbox 293 399 426 462; x_wconf 71' lang='lat'><strong>325</strong></span> 
     </span>
    </p>
   </div>
   <div class='ocr_carea' id='block_1_2' title="bbox 1591 391 2476 459">
    <p class='ocr_par' dir='ltr' id='par_1_2' title="bbox 1591 391 2476 459">
     <span class='ocr_line' id='line_1_2' title="bbox 1591 391 2476 459; baseline 0.007 -6"><span class='ocrx_word' id='word_1_2' title='bbox 1591 391 2006 455; x_wconf 81' lang='lat' dir='ltr'><strong>ANNALIUM</strong></span> <span class='ocrx_word' id='word_1_3' title='bbox 2056 394 2206 454; x_wconf 88' lang='lat' dir='ltr'><strong>LIB.</strong></span> <span class='ocrx_word' id='word_1_4' title='bbox 2253 395 2476 459; x_wconf 82' lang='lat' dir='ltr'>XVIII.</span> 
     </span>
    </p>
   </div>
   <div class='ocr_carea' id='block_1_3' title="bbox 3604 404 3728 464">
    <p class='ocr_par' dir='ltr' id='par_1_3' title="bbox 3604 404 3728 464">
     <span class='ocr_line' id='line_1_3' title="bbox 3604 404 3728 464; baseline -0.016 0"><span class='ocrx_word' id='word_1_5' title='bbox 3604 404 3728 464; x_wconf 83' lang='lat'>326</span> 
     </span>
    </p>
   </div>
   <div class='ocr_carea' id='block_1_4' title="bbox 291 523 1967 606">
    <p class='ocr_par' dir='ltr' id='par_1_4' title="bbox 291 523 1948 604">
     <span class='ocr_line' id='line_1_4' title="bbox 291 523 1948 604; baseline -0.007 -16"><span class='ocrx_word' id='word_1_6' title='bbox 291 535 412 594; x_wconf 90' lang='grc' dir='ltr'>τοῖς</span> <span class='ocrx_word' id='word_1_7' title='bbox 442 529 708 604; x_wconf 74' lang='grc' dir='ltr'>ἐναρᾶτως</span> <span class='ocrx_word' id='word_1_8' title='bbox 760 527 938 603; x_wconf 77' lang='grc' dir='ltr'>βιοῦσι</span> <span class='ocrx_word' id='word_1_9' title='bbox 984 526 1276 601; x_wconf 72' lang='grc' dir='ltr'>προσέχων</span> <span class='ocrx_word' id='word_1_10' title='bbox 1322 523 1413 580; x_wconf 84' lang='grc' dir='ltr'>καὶ</span> <span class='ocrx_word' id='word_1_11' title='bbox 1439 523 1730 598; x_wconf 69' lang='grc' dir='ltr'>ἀπονέμων</span> <span class='ocrx_word' id='word_1_12' title='bbox 1756 523 1948 597; x_wconf 78' lang='grc' dir='ltr'>τιμὴν,</span> 
     </span>
    </p>
   </div>
   <div class='ocr_carea' id='block_1_5' title="bbox 2079 523 3726 606">
    <p class='ocr_par' dir='ltr' id='par_1_5' title="bbox 2079 526 3726 606">
     <span class='ocr_line' id='line_1_5' title="bbox 2079 526 3726 606; baseline 0.007 -26"><span class='ocrx_word' id='word_1_13' title='bbox 2079 526 2226 582; x_wconf 68' lang='lat' dir='ltr'>sultu</span> <span class='ocrx_word' id='word_1_14' title='bbox 2260 535 2318 584; x_wconf 92' lang='lat' dir='ltr'>et</span> <span class='ocrx_word' id='word_1_15' title='bbox 2346 530 2500 586; x_wconf 88' lang='lat' dir='ltr'>victu</span> <span class='ocrx_word' id='word_1_16' title='bbox 2533 532 2768 588; x_wconf 88' lang='lat' dir='ltr'>modus.</span> <span class='ocrx_word' id='word_1_17' title='bbox 2805 534 3152 606; x_wconf 80' lang='lat' dir='ltr'>Imperatori</span> <span class='ocrx_word' id='word_1_18' title='bbox 3185 551 3317 590; x_wconf 91' lang='lat' dir='ltr'>vero</span> <span class='ocrx_word' id='word_1_19' title='bbox 3364 538 3576 605; x_wconf 67' lang='lat' dir='ltr'>praeter</span> <span class='ocrx_word' id='word_1_20' title='bbox 3604 535 3726 592; x_wconf 68' lang='lat' dir='ltr'>haec</span> 
     </span>
    </p>
   </div>
   <div class='ocr_carea' id='block_1_6' title="bbox 296 611 1957 697">
    <p class='ocr_par' dir='ltr' id='par_1_6' title="bbox 296 611 1957 697">
     <span class='ocr_line' id='line_1_6' title="bbox 296 611 1957 697; baseline -0.007 -20"><span class='ocrx_word' id='word_1_21' title='bbox 296 621 503 697; x_wconf 81' lang='grc' dir='ltr'>λόγους</span> <span class='ocrx_word' id='word_1_22' title='bbox 536 619 649 694; x_wconf 80' lang='grc' dir='ltr'>οὐχ</span> <span class='ocrx_word' id='word_1_23' title='bbox 677 616 752 680; x_wconf 78' lang='grc' dir='ltr'>ὡς</span> <span class='ocrx_word' id='word_1_24' title='bbox 803 611 909 671; x_wconf 76' lang='grc' dir='ltr'>ἔδει</span> <span class='ocrx_word' id='word_1_25' title='bbox 952 619 1153 688; x_wconf 81' lang='grc' dir='ltr'>τιμῶν,</span> <span class='ocrx_word' id='word_1_26' title='bbox 1182 614 1318 677; x_wconf 85' lang='grc' dir='ltr'>τέως</span> <span class='ocrx_word' id='word_1_27' title='bbox 1373 611 1429 670; x_wconf 70' lang='grc' dir='ltr'>δέ</span> <span class='ocrx_word' id='word_1_28' title='bbox 1457 634 1518 688; x_wconf 86' lang='grc' dir='ltr'>γε</span> <span class='ocrx_word' id='word_1_29' title='bbox 1561 617 1762 686; x_wconf 91' lang='grc' dir='ltr'>τιμῶν,</span> <span class='ocrx_word' id='word_1_30' title='bbox 1789 612 1957 667; x_wconf 84' lang='grc' dir='ltr'>ἐπιει-</span> 
     </span>
    </p>
   </div>
   <div class='ocr_carea' id='block_1_7' title="bbox 299 697 1958 784">
    <p class='ocr_par' dir='ltr' id='par_1_7' title="bbox 299 697 1958 784">
     <span class='ocr_line' id='line_1_7' title="bbox 299 697 1958 784; baseline -0.008 -15"><span class='ocrx_word' id='word_1_31' title='bbox 299 713 404 784; x_wconf 91' lang='grc' dir='ltr'>κής</span> <span class='ocrx_word' id='word_1_32' title='bbox 451 731 510 765; x_wconf 88' lang='grc' dir='ltr'>τε</span> <span class='ocrx_word' id='word_1_33' title='bbox 555 707 646 763; x_wconf 83' lang='grc' dir='ltr'>καὶ</span> <span class='ocrx_word' id='word_1_34' title='bbox 686 711 804 768; x_wconf 88' lang='grc' dir='ltr'>τοῖς</span> <span class='ocrx_word' id='word_1_35' title='bbox 850 704 973 781; x_wconf 81' lang='grc' dir='ltr'>περὶ</span> <span class='ocrx_word' id='word_1_36' title='bbox 1023 703 1180 759; x_wconf 83' lang='grc' dir='ltr'>αὐτὸν</span> <span class='ocrx_word' id='word_1_37' title='bbox 1225 703 1288 759; x_wconf 86' lang='grc' dir='ltr'>ού</span> <span class='ocrx_word' id='word_1_38' title='bbox 1339 697 1586 780; x_wconf 85' lang='grc' dir='ltr'>σοϐαρῶς</span> <span class='ocrx_word' id='word_1_39' title='bbox 1633 703 1908 780; x_wconf 83' lang='grc' dir='ltr'>προσφερό</span> <span class='ocrx_word' id='word_1_40' title='bbox 1936 734 1958 744; x_wconf 88' lang='lat'><strong>-</strong></span> 
     </span>
    </p>
   </div>
   <div class='ocr_carea' id='block_1_8' title="bbox 305 790 1958 875">
    <p class='ocr_par' dir='ltr' id='par_1_8' title="bbox 305 790 1958 875">
     <span class='ocr_line' id='line_1_8' title="bbox 305 790 1958 875; baseline -0.006 -19"><span class='ocrx_word' id='word_1_41' title='bbox 305 820 487 875; x_wconf 86' lang='grc' dir='ltr'>μενος,</span> <span class='ocrx_word' id='word_1_42' title='bbox 515 797 642 853; x_wconf 80' lang='grc' dir='ltr'>ἀλλ’</span> <span class='ocrx_word' id='word_1_43' title='bbox 691 795 751 852; x_wconf 81' lang='grc' dir='ltr'>ἐκ</span> <span class='ocrx_word' id='word_1_44' title='bbox 794 799 892 850; x_wconf 80' lang='grc' dir='ltr'>τοῖ)⁹</span> <span class='ocrx_word' id='word_1_45' title='bbox 941 791 1061 848; x_wconf 75' lang='grc' dir='ltr'>ἲ¹σου</span> <span class='ocrx_word' id='word_1_46' title='bbox 1117 790 1312 869; x_wconf 88' lang='grc' dir='ltr'>σχεδὸν</span> <span class='ocrx_word' id='word_1_47' title='bbox 1365 791 1579 866; x_wconf 79' lang='grc' dir='ltr'>ὁμιλῶν</span> <span class='ocrx_word' id='word_1_48' title='bbox 1629 813 1688 846; x_wconf 93' lang='grc' dir='ltr'>τε</span> <span class='ocrx_word' id='word_1_49' title='bbox 1735 792 1825 846; x_wconf 85' lang='grc' dir='ltr'>καὶ</span> <span class='ocrx_word' id='word_1_50' title='bbox 1854 811 1958 866; x_wconf 82' lang='grc' dir='ltr'>χα-</span> 
     </span>
    </p>
   </div>
   <div class='ocr_carea' id='block_1_9' title="bbox 303 879 1960 964">
    <p class='ocr_par' dir='ltr' id='par_1_9' title="bbox 303 879 1960 964">
     <span class='ocr_line' id='line_1_9' title="bbox 303 879 1960 964; baseline -0.007 -19"><span class='ocrx_word' id='word_1_51' title='bbox 303 886 746 964; x_wconf 86' lang='grc' dir='ltr'>ριεντιζόμενος.</span> <span class='ocrx_word' id='word_1_52' title='bbox 795 885 956 948; x_wconf 76' lang='grc' dir='ltr'>’Όθεν</span> <span class='ocrx_word' id='word_1_53' title='bbox 1005 882 1275 944; x_wconf 87' lang='grc' dir='ltr'>κάκείνοις</span> <span class='ocrx_word' id='word_1_54' title='bbox 1334 880 1552 958; x_wconf 69' lang='grc' dir='ltr'>θαῤῥεῖν</span> <span class='ocrx_word' id='word_1_55' title='bbox 1621 879 1798 955; x_wconf 72' lang='grc' dir='ltr'>ἐπῄει,</span> <span class='ocrx_word' id='word_1_56' title='bbox 1868 879 1960 935; x_wconf 84' lang='grc' dir='ltr'>καὶ</span> 
     </span>
    </p>
   </div>
   <div class='ocr_carea' id='block_1_10' title="bbox 304 967 1961 1052">
    <p class='ocr_par' dir='ltr' id='par_1_10' title="bbox 304 967 1961 1052">
     <span class='ocr_line' id='line_1_10' title="bbox 304 967 1961 1052; baseline -0.008 -16"><span class='ocrx_word' id='word_1_57' title='bbox 304 980 370 1036; x_wconf 81' lang='grc' dir='ltr'>οὗ</span> <span class='ocrx_word' id='word_1_58' title='bbox 429 978 564 1052; x_wconf 80' lang='grc' dir='ltr'>μετὰ</span> <span class='ocrx_word' id='word_1_59' title='bbox 622 972 773 1036; x_wconf 79' lang='grc' dir='ltr'>δὲους</span> <span class='ocrx_word' id='word_1_60' title='bbox 831 972 978 1045; x_wconf 83' lang='grc' dir='ltr'>αὐτῷ</span> <span class='ocrx_word' id='word_1_61' title='bbox 1038 971 1365 1046; x_wconf 81' lang='grc' dir='ltr'>παρεστάναι</span> <span class='ocrx_word' id='word_1_62' title='bbox 1401 1015 1414 1040; x_wconf 96' lang='grc'>,</span> <span class='ocrx_word' id='word_1_63' title='bbox 1461 971 1553 1026; x_wconf 83' lang='grc' dir='ltr'>καὶ</span> <span class='ocrx_word' id='word_1_64' title='bbox 1616 967 1830 1043; x_wconf 80' lang='grc' dir='ltr'>μᾶλλον</span> <span class='ocrx_word' id='word_1_65' title='bbox 1883 968 1961 1023; x_wconf 83' lang='grc' dir='ltr'>ὅτ’</span> 
     </span>
    </p>
   </div>
   <div class='ocr_carea' id='block_1_11' title="bbox 307 1057 1961 1140">
    <p class='ocr_par' dir='ltr' id='par_1_11' title="bbox 307 1057 1961 1140">
     <span class='ocr_line' id='line_1_11' title="bbox 307 1057 1961 1140; baseline -0.008 -16"><span class='ocrx_word' id='word_1_66' title='bbox 307 1069 512 1137; x_wconf 85' lang='grc' dir='ltr'>ἀπῆνή</span> <span class='ocrx_word' id='word_1_67' title='bbox 567 1063 878 1140; x_wconf 87' lang='grc' dir='ltr'>βασίλισσα.</span> <span class='ocrx_word' id='word_1_68' title='bbox 913 1059 1343 1117; x_wconf 74' lang='grc' dir='ltr'>Ἐπεστὲλλοντο</span> <span class='ocrx_word' id='word_1_69' title='bbox 1401 1059 1504 1136; x_wconf 80' lang='grc' dir='ltr'>γὰρ</span> <span class='ocrx_word' id='word_1_70' title='bbox 1559 1057 1769 1129; x_wconf 83' lang='grc' dir='ltr'>ἐκείνης</span> <span class='ocrx_word' id='word_1_71' title='bbox 1821 1077 1961 1134; x_wconf 91' lang='grc' dir='ltr'>παρ-</span> 
     </span>
    </p>
   </div>
   <div class='ocr_carea' id='block_1_12' title="bbox 311 1143 1963 1229">
    <p class='ocr_par' dir='ltr' id='par_1_12' title="bbox 311 1143 1963 1229">
     <span class='ocr_line' id='line_1_12' title="bbox 311 1143 1963 1229; baseline -0.007 -18"><span class='ocrx_word' id='word_1_72' title='bbox 311 1157 474 1226; x_wconf 85' lang='grc' dir='ltr'>ούσης</span> <span class='ocrx_word' id='word_1_73' title='bbox 575 1147 804 1229; x_wconf 79' lang='grc' dir='ltr'>ἀρχικόν</span> <span class='ocrx_word' id='word_1_74' title='bbox 905 1170 966 1205; x_wconf 89' lang='grc' dir='ltr'>τε</span> <span class='ocrx_word' id='word_1_75' title='bbox 1046 1151 1134 1204; x_wconf 84' lang='grc' dir='ltr'>καὶ</span> <span class='ocrx_word' id='word_1_76' title='bbox 1215 1143 1472 1224; x_wconf 77' lang='grc' dir='ltr'>ἐμϐριθὲς</span> <span class='ocrx_word' id='word_1_77' title='bbox 1555 1145 1963 1220; x_wconf 67' lang='grc' dir='ltr'>ἐνδεικνυμένης</span> 
     </span>
    </p>
   </div>
   <div class='ocr_carea' id='block_1_13' title="bbox 311 1234 1963 1318">
    <p class='ocr_par' dir='ltr' id='par_1_13' title="bbox 311 1234 1963 1318">
     <span class='ocr_line' id='line_1_13' title="bbox 311 1234 1963 1318; baseline -0.006 -18"><span class='ocrx_word' id='word_1_78' title='bbox 311 1243 540 1318; x_wconf 71' lang='grc' dir='ltr'>ἰδίωμα,</span> <span class='ocrx_word' id='word_1_79' title='bbox 610 1241 702 1296; x_wconf 91' lang='grc' dir='ltr'>καὶ</span> <span class='ocrx_word' id='word_1_80' title='bbox 765 1245 884 1302; x_wconf 89' lang='grc' dir='ltr'>τοῖς</span> <span class='ocrx_word' id='word_1_81' title='bbox 951 1239 1270 1293; x_wconf 82' lang='grc' dir='ltr'>ἀτακτοῦσιν</span> <span class='ocrx_word' id='word_1_82' title='bbox 1329 1237 1670 1310; x_wconf 87' lang='grc' dir='ltr'>ἐπιτιμώσης</span> <span class='ocrx_word' id='word_1_83' title='bbox 1729 1234 1963 1315; x_wconf 77' lang='grc' dir='ltr'>σφοδρό-</span> 
     </span>
    </p>
   </div>
   <div class='ocr_carea' id='block_1_14' title="bbox 305 1323 1964 1412">
    <p class='ocr_par' dir='ltr' id='par_1_14' title="bbox 305 1323 1964 1412">
     <span class='ocr_line' id='line_1_14' title="bbox 305 1323 1964 1412; baseline -0.008 -21"><span class='ocrx_word' id='word_1_84' title='bbox 305 1354 493 1412; x_wconf 87' lang='grc' dir='ltr'>τερον,</span> <span class='ocrx_word' id='word_1_85' title='bbox 552 1333 609 1387; x_wconf 78' lang='grc' dir='ltr'>Ὀ</span> <span class='ocrx_word' id='word_1_86' title='bbox 671 1329 766 1404; x_wconf 74' lang='grc' dir='ltr'>μὲν</span> <span class='ocrx_word' id='word_1_87' title='bbox 799 1329 892 1385; x_wconf 86' lang='grc' dir='ltr'>οὗν</span> <span class='ocrx_word' id='word_1_88' title='bbox 943 1332 1192 1390; x_wconf 81' lang='grc' dir='ltr'>τοιοῦτος</span> <span class='ocrx_word' id='word_1_89' title='bbox 1221 1330 1308 1397; x_wconf 71' lang='grc' dir='ltr'>ἦν.</span> <span class='ocrx_word' id='word_1_90' title='bbox 1341 1329 1526 1384; x_wconf 78' lang='grc' dir='ltr'>Τάῦτα</span> <span class='ocrx_word' id='word_1_91' title='bbox 1579 1323 1636 1382; x_wconf 72' lang='grc' dir='ltr'>δὲ</span> <span class='ocrx_word' id='word_1_92' title='bbox 1674 1327 1812 1382; x_wconf 79' lang='grc' dir='ltr'>κακὰ</span> <span class='ocrx_word' id='word_1_93' title='bbox 1845 1325 1964 1399; x_wconf 79' lang='grc' dir='ltr'>μὶν,</span> 
     </span>
    </p>
   </div>
   <div class='ocr_carea' id='block_1_15' title="bbox 306 1414 1967 1495">
    <p class='ocr_par' dir='ltr' id='par_1_15' title="bbox 306 1414 1967 1495">
     <span class='ocr_line' id='line_1_15' title="bbox 306 1414 1967 1495; baseline -0.007 -15"><span class='ocrx_word' id='word_1_94' title='bbox 306 1423 400 1480; x_wconf 81' lang='grc' dir='ltr'>καὶ</span> <span class='ocrx_word' id='word_1_95' title='bbox 483 1425 604 1483; x_wconf 91' lang='grc' dir='ltr'>πῶς</span> <span class='ocrx_word' id='word_1_96' title='bbox 677 1420 780 1495; x_wconf 71' lang='grc' dir='ltr'>γὰρ</span> <span class='ocrx_word' id='word_1_97' title='bbox 859 1417 972 1487; x_wconf 74' lang='grc' dir='ltr'>οὕς</span> <span class='ocrx_word' id='word_1_98' title='bbox 1032 1415 1227 1492; x_wconf 76' lang='grc' dir='ltr'>ἰδιώτῃ</span> <span class='ocrx_word' id='word_1_99' title='bbox 1307 1415 1350 1471; x_wconf 85' lang='grc' dir='ltr'>δ’</span> <span class='ocrx_word' id='word_1_100' title='bbox 1427 1416 1763 1492; x_wconf 76' lang='grc' dir='ltr'>ἀποχρῶντα</span> <span class='ocrx_word' id='word_1_101' title='bbox 1829 1414 1967 1490; x_wconf 84' lang='grc' dir='ltr'>πρὸς</span> 
     </span>
    </p>
   </div>
   <div class='ocr_carea' id='block_1_16' title="bbox 309 1501 1969 1582">
    <p class='ocr_par' dir='ltr' id='par_1_16' title="bbox 309 1501 1969 1582">
     <span class='ocr_line' id='line_1_16' title="bbox 309 1501 1969 1582; baseline -0.008 -13"><span class='ocrx_word' id='word_1_102' title='bbox 309 1511 550 1577; x_wconf 71' lang='grc' dir='ltr'>ἔπαινον,</span> <span class='ocrx_word' id='word_1_103' title='bbox 608 1509 674 1564; x_wconf 84' lang='grc' dir='ltr'>οὐ</span> <span class='ocrx_word' id='word_1_104' title='bbox 731 1509 840 1581; x_wconf 92' lang='grc' dir='ltr'>μήν</span> <span class='ocrx_word' id='word_1_105' title='bbox 890 1527 951 1582; x_wconf 89' lang='grc' dir='ltr'>γε</span> <span class='ocrx_word' id='word_1_106' title='bbox 979 1506 1069 1562; x_wconf 83' lang='grc' dir='ltr'>καὶ</span> <span class='ocrx_word' id='word_1_107' title='bbox 1104 1503 1332 1580; x_wconf 70' lang='grc' dir='ltr'>βασιλεα</span> <span class='ocrx_word' id='word_1_108' title='bbox 1389 1501 1667 1560; x_wconf 79' lang='grc' dir='ltr'>δεικνύντα</span> <span class='ocrx_word' id='word_1_109' title='bbox 1699 1502 1770 1558; x_wconf 82' lang='grc' dir='ltr'>τὰ</span> <span class='ocrx_word' id='word_1_110' title='bbox 1795 1502 1969 1557; x_wconf 80' lang='grc' dir='ltr'>πάντα</span> 
     </span>
    </p>
   </div>
   <div class='ocr_carea' id='block_1_17' title="bbox 310 1589 1968 1678">
    <p class='ocr_par' dir='ltr' id='par_1_17' title="bbox 310 1589 1968 1678">
     <span class='ocr_line' id='line_1_17' title="bbox 310 1589 1968 1678; baseline -0.006 -23"><span class='ocrx_word' id='word_1_111' title='bbox 310 1598 580 1678; x_wconf 82' lang='grc' dir='ltr'>χρηστόν.</span> <span class='ocrx_word' id='word_1_112' title='bbox 613 1596 688 1652; x_wconf 79' lang='grc' dir='ltr'>Οὐ</span> <span class='ocrx_word' id='word_1_113' title='bbox 735 1596 838 1672; x_wconf 76' lang='grc' dir='ltr'>γὰρ</span> <span class='ocrx_word' id='word_1_114' title='bbox 885 1595 940 1649; x_wconf 75' lang='grc' dir='ltr'>αἱ</span> <span class='ocrx_word' id='word_1_115' title='bbox 969 1593 1127 1650; x_wconf 77' lang='grc' dir='ltr'>αὐταὶ</span> <span class='ocrx_word' id='word_1_116' title='bbox 1176 1594 1268 1648; x_wconf 83' lang='grc' dir='ltr'>καὶ</span> <span class='ocrx_word' id='word_1_117' title='bbox 1317 1591 1586 1667; x_wconf 68' lang='grc' dir='ltr'>βασιλέως</span> <span class='ocrx_word' id='word_1_118' title='bbox 1624 1589 1968 1647; x_wconf 72' lang='grc' dir='ltr'>καῖ’ίδιώτου</span> 
     </span>
    </p>
   </div>
   <div class='ocr_carea' id='block_1_18' title="bbox 307 1680 1968 1766">
    <p class='ocr_par' dir='ltr' id='par_1_18' title="bbox 307 1680 1968 1766">
     <span class='ocr_line' id='line_1_18' title="bbox 307 1680 1968 1766; baseline -0.007 -21"><span class='ocrx_word' id='word_1_119' title='bbox 307 1689 541 1766; x_wconf 67' lang='grc' dir='ltr'>γένοιντ’</span> <span class='ocrx_word' id='word_1_120' title='bbox 599 1684 657 1740; x_wconf 73' lang='grc' dir='ltr'>ἂν</span> <span class='ocrx_word' id='word_1_121' title='bbox 716 1684 902 1760; x_wconf 86' lang='grc' dir='ltr'>ἀρεταί</span> <span class='ocrx_word' id='word_1_122' title='bbox 934 1726 946 1739; x_wconf 94' lang='grc'><strong>.</strong></span> <span class='ocrx_word' id='word_1_123' title='bbox 1001 1680 1214 1757; x_wconf 72' lang='grc' dir='ltr'>’ἰδιώτῃ</span> <span class='ocrx_word' id='word_1_124' title='bbox 1274 1682 1369 1756; x_wconf 76' lang='grc' dir='ltr'>μὲν</span> <span class='ocrx_word' id='word_1_125' title='bbox 1422 1681 1526 1758; x_wconf 79' lang='grc' dir='ltr'>γὰρ</span> <span class='ocrx_word' id='word_1_126' title='bbox 1585 1680 1807 1756; x_wconf 81' lang='grc' dir='ltr'>ἀπόχρη</span> <span class='ocrx_word' id='word_1_127' title='bbox 1879 1680 1968 1735; x_wconf 82' lang='grc' dir='ltr'>καὶ</span> 
     </span>
    </p>
   </div>
   <div class='ocr_carea' id='block_1_19' title="bbox 315 1769 1972 1854">
    <p class='ocr_par' dir='ltr' id='par_1_19' title="bbox 315 1769 1972 1854">
     <span class='ocr_line' id='line_1_19' title="bbox 315 1769 1972 1854; baseline -0.005 -22"><span class='ocrx_word' id='word_1_128' title='bbox 315 1779 535 1854; x_wconf 75' lang='grc' dir='ltr'>μέτριον</span> <span class='ocrx_word' id='word_1_129' title='bbox 566 1775 719 1845; x_wconf 78' lang='grc' dir='ltr'>ἦθος,</span> <span class='ocrx_word' id='word_1_130' title='bbox 764 1771 856 1828; x_wconf 85' lang='grc' dir='ltr'>καὶ</span> <span class='ocrx_word' id='word_1_131' title='bbox 899 1770 1178 1841; x_wconf 81' lang='grc' dir='ltr'>ἐπιείκεια,</span> <span class='ocrx_word' id='word_1_132' title='bbox 1223 1769 1314 1825; x_wconf 84' lang='grc' dir='ltr'>καὶ</span> <span class='ocrx_word' id='word_1_133' title='bbox 1364 1769 1426 1824; x_wconf 86' lang='grc' dir='ltr'>τὸ</span> <span class='ocrx_word' id='word_1_134' title='bbox 1470 1769 1606 1846; x_wconf 88' lang='grc' dir='ltr'>πρὸς</span> <span class='ocrx_word' id='word_1_135' title='bbox 1658 1769 1827 1842; x_wconf 81' lang='grc' dir='ltr'>θυμὸν</span> <span class='ocrx_word' id='word_1_136' title='bbox 1869 1769 1972 1823; x_wconf 81' lang='grc' dir='ltr'>οὐκ</span> 
     </span>
    </p>
   </div>
   <div class='ocr_carea' id='block_1_20' title="bbox 311 1855 1969 1936">
    <p class='ocr_par' dir='ltr' id='par_1_20' title="bbox 311 1855 1969 1936">
     <span class='ocr_line' id='line_1_20' title="bbox 311 1855 1969 1936; baseline -0.004 -14"><span class='ocrx_word' id='word_1_137' title='bbox 311 1865 597 1933; x_wconf 76' lang='grc' dir='ltr'>εὐκίνητον</span> <span class='ocrx_word' id='word_1_138' title='bbox 633 1907 647 1932; x_wconf 93' lang='grc'>,</span> <span class='ocrx_word' id='word_1_139' title='bbox 707 1861 800 1917; x_wconf 86' lang='grc' dir='ltr'>καὶ</span> <span class='ocrx_word' id='word_1_140' title='bbox 855 1861 918 1915; x_wconf 86' lang='grc' dir='ltr'>τὸ</span> <span class='ocrx_word' id='word_1_141' title='bbox 970 1864 1187 1936; x_wconf 76' lang='grc' dir='ltr'>σῶφρον</span> <span class='ocrx_word' id='word_1_142' title='bbox 1246 1860 1309 1915; x_wconf 87' lang='grc' dir='ltr'>τὸ</span> <span class='ocrx_word' id='word_1_143' title='bbox 1360 1859 1497 1935; x_wconf 80' lang='grc' dir='ltr'>πρὸς</span> <span class='ocrx_word' id='word_1_144' title='bbox 1552 1860 1652 1929; x_wconf 77' lang='grc' dir='ltr'>τὴν</span> <span class='ocrx_word' id='word_1_145' title='bbox 1714 1855 1919 1914; x_wconf 89' lang='grc' dir='ltr'>δίαιταν</span> <span class='ocrx_word' id='word_1_146' title='bbox 1954 1901 1969 1916; x_wconf 95' lang='grc'><strong>.</strong></span> 
     </span>
    </p>
   </div>
   <div class='ocr_carea' id='block_1_21' title="bbox 314 1944 1969 2026">
    <p class='ocr_par' dir='ltr' id='par_1_21' title="bbox 314 1944 1969 2026">
     <span class='ocr_line' id='line_1_21' title="bbox 314 1944 1969 2026; baseline -0.005 -16"><span class='ocrx_word' id='word_1_147' title='bbox 314 1951 546 2012; x_wconf 78' lang='grc' dir='ltr'>Βασιλεῖ</span> <span class='ocrx_word' id='word_1_148' title='bbox 600 1949 659 2007; x_wconf 82' lang='grc' dir='ltr'>δὶ</span> <span class='ocrx_word' id='word_1_149' title='bbox 708 1950 846 2026; x_wconf 86' lang='grc' dir='ltr'>πρὸς</span> <span class='ocrx_word' id='word_1_150' title='bbox 901 1949 1162 2018; x_wconf 79' lang='grc' dir='ltr'>τούτοις,</span> <span class='ocrx_word' id='word_1_151' title='bbox 1219 1947 1310 2004; x_wconf 80' lang='grc' dir='ltr'>καὶ</span> <span class='ocrx_word' id='word_1_152' title='bbox 1366 1951 1402 2018; x_wconf 78' lang='grc' dir='ltr'><strong>ὴ</strong></span> <span class='ocrx_word' id='word_1_153' title='bbox 1460 1955 1563 2018; x_wconf 82' lang='grc' dir='ltr'>τῆς</span> <span class='ocrx_word' id='word_1_154' title='bbox 1620 1944 1969 2018; x_wconf 77' lang='grc' dir='ltr'>δικαιοσύνης</span> 
     </span>
    </p>
   </div>
   <div class='ocr_carea' id='block_1_22' title="bbox 314 2033 1968 2124">
    <p class='ocr_par' dir='ltr' id='par_1_22' title="bbox 314 2033 1968 2124">
     <span class='ocr_line' id='line_1_22' title="bbox 314 2033 1968 2124; baseline -0.005 -25"><span class='ocrx_word' id='word_1_155' title='bbox 314 2042 561 2124; x_wconf 78' lang='grc' dir='ltr'>φροντὶς,</span> <span class='ocrx_word' id='word_1_156' title='bbox 591 2041 678 2096; x_wconf 81' lang='grc' dir='ltr'>καὶ</span> <span class='ocrx_word' id='word_1_157' title='bbox 713 2043 749 2110; x_wconf 80' lang='grc' dir='ltr'>ἡ</span> <span class='ocrx_word' id='word_1_158' title='bbox 804 2044 912 2094; x_wconf 90' lang='grc' dir='ltr'>τῶν</span> <span class='ocrx_word' id='word_1_159' title='bbox 973 2033 1230 2109; x_wconf 83' lang='grc' dir='ltr'>ὑπηκόων</span> <span class='ocrx_word' id='word_1_160' title='bbox 1278 2040 1618 2114; x_wconf 81' lang='grc' dir='ltr'>προμήθεια,</span> <span class='ocrx_word' id='word_1_161' title='bbox 1672 2035 1762 2092; x_wconf 85' lang='grc' dir='ltr'>καὶ</span> <span class='ocrx_word' id='word_1_162' title='bbox 1794 2039 1829 2106; x_wconf 76' lang='grc' dir='ltr'>ἡ</span> <span class='ocrx_word' id='word_1_163' title='bbox 1859 2041 1968 2124; x_wconf 84' lang='grc' dir='ltr'>τῶν</span> 
     </span>
    </p>
   </div>
   <div class='ocr_carea' id='block_1_23' title="bbox 312 2123 1973 2201">
    <p class='ocr_par' dir='ltr' id='par_1_23' title="bbox 312 2123 1973 2201">
     <span class='ocr_line' id='line_1_23' title="bbox 312 2123 1973 2201; baseline -0.005 -13"><span class='ocrx_word' id='word_1_164' title='bbox 312 2123 567 2188; x_wconf 86' lang='grc' dir='ltr'>παλαιῶν</span> <span class='ocrx_word' id='word_1_165' title='bbox 618 2128 752 2184; x_wconf 88' lang='grc' dir='ltr'>ἐθῶν</span> <span class='ocrx_word' id='word_1_166' title='bbox 809 2132 908 2183; x_wconf 76' lang='grc' dir='ltr'>τοῦ</span> <span class='ocrx_word' id='word_1_167' title='bbox 965 2126 1370 2200; x_wconf 83' lang='grc' dir='ltr'>πολιτεύματος</span> <span class='ocrx_word' id='word_1_168' title='bbox 1423 2128 1696 2201; x_wconf 89' lang='grc' dir='ltr'>τήρησις.</span> <span class='ocrx_word' id='word_1_169' title='bbox 1757 2129 1855 2198; x_wconf 80' lang='grc' dir='ltr'>Τῷ</span> <span class='ocrx_word' id='word_1_170' title='bbox 1914 2123 1973 2179; x_wconf 75' lang='grc' dir='ltr'>δέ</span> 
     </span>
    </p>
   </div>
   <div class='ocr_carea' id='block_1_24' title="bbox 318 2215 1972 2296">
    <p class='ocr_par' dir='ltr' id='par_1_24' title="bbox 318 2215 1972 2296">
     <span class='ocr_line' id='line_1_24' title="bbox 318 2215 1972 2296; baseline -0.003 -21"><span class='ocrx_word' id='word_1_171' title='bbox 318 2219 552 2296; x_wconf 72' lang='grc' dir='ltr'>μέλημα</span> <span class='ocrx_word' id='word_1_172' title='bbox 597 2218 834 2293; x_wconf 76' lang='grc' dir='ltr'>μᾶλλον,</span> <span class='ocrx_word' id='word_1_173' title='bbox 883 2220 918 2287; x_wconf 80' lang='grc' dir='ltr'>ἡ</span> <span class='ocrx_word' id='word_1_174' title='bbox 967 2221 1075 2272; x_wconf 90' lang='grc' dir='ltr'>τῶν</span> <span class='ocrx_word' id='word_1_175' title='bbox 1132 2217 1382 2291; x_wconf 78' lang='grc' dir='ltr'>ἀρχαίων</span> <span class='ocrx_word' id='word_1_176' title='bbox 1429 2215 1564 2280; x_wconf 73' lang='grc' dir='ltr'>ἐθῶν</span> <span class='ocrx_word' id='word_1_177' title='bbox 1621 2217 1815 2290; x_wconf 86' lang='grc' dir='ltr'>γέγονε</span> <span class='ocrx_word' id='word_1_178' title='bbox 1870 2221 1972 2284; x_wconf 80' lang='grc' dir='ltr'>τῆς</span> 
     </span>
    </p>
   </div>
   <div class='ocr_carea' id='block_1_25' title="bbox 310 2302 1970 2380">
    <p class='ocr_par' dir='ltr' id='par_1_25' title="bbox 310 2302 1970 2380">
     <span class='ocr_line' id='line_1_25' title="bbox 310 2302 1970 2380; baseline -0.007 -12"><span class='ocrx_word' id='word_1_179' title='bbox 310 2309 601 2371; x_wconf 83' lang='grc' dir='ltr'>πολιτείας</span> <span class='ocrx_word' id='word_1_180' title='bbox 660 2306 986 2376; x_wconf 77' lang='grc' dir='ltr'>ἀλλοίωσις,</span> <span class='ocrx_word' id='word_1_181' title='bbox 1042 2306 1130 2361; x_wconf 82' lang='grc' dir='ltr'>καὶ</span> <span class='ocrx_word' id='word_1_182' title='bbox 1181 2305 1243 2360; x_wconf 88' lang='grc' dir='ltr'>τὸ</span> <span class='ocrx_word' id='word_1_183' title='bbox 1295 2305 1578 2379; x_wconf 78' lang='grc' dir='ltr'>μετατάξαι</span> <span class='ocrx_word' id='word_1_184' title='bbox 1621 2308 1787 2358; x_wconf 81' lang='grc' dir='ltr'>ταῦτα</span> <span class='ocrx_word' id='word_1_185' title='bbox 1817 2302 1970 2380; x_wconf 79' lang='grc' dir='ltr'>ἔργον</span> 
     </span>
    </p>
   </div>
   <div class='ocr_carea' id='block_1_26' title="bbox 307 2390 1974 2472">
    <p class='ocr_par' dir='ltr' id='par_1_26' title="bbox 307 2390 1974 2472">
     <span class='ocr_line' id='line_1_26' title="bbox 307 2390 1974 2472; baseline -0.005 -17"><span class='ocrx_word' id='word_1_186' title='bbox 307 2403 380 2472; x_wconf 82' lang='grc' dir='ltr'>ἦν</span> <span class='ocrx_word' id='word_1_187' title='bbox 425 2399 578 2472; x_wconf 82' lang='grc' dir='ltr'>αὖτῷ</span> <span class='ocrx_word' id='word_1_188' title='bbox 645 2395 1072 2452; x_wconf 88' lang='grc' dir='ltr'>σπουδαιότατον</span> <span class='ocrx_word' id='word_1_189' title='bbox 1105 2439 1120 2465; x_wconf 94' lang='grc'>,</span> <span class='ocrx_word' id='word_1_190' title='bbox 1173 2394 1265 2450; x_wconf 86' lang='grc' dir='ltr'>καὶ</span> <span class='ocrx_word' id='word_1_191' title='bbox 1320 2400 1440 2457; x_wconf 91' lang='grc' dir='ltr'>τοῖς</span> <span class='ocrx_word' id='word_1_192' title='bbox 1491 2392 1798 2470; x_wconf 84' lang='grc' dir='ltr'>πράγμασιν</span> <span class='ocrx_word' id='word_1_193' title='bbox 1860 2390 1974 2448; x_wconf 80' lang='grc' dir='ltr'>οὐδ’</span> 
     </span>
    </p>
   </div>
   <div class='ocr_carea' id='block_1_27' title="bbox 307 2484 1972 2561">
    <p class='ocr_par' dir='ltr' id='par_1_27' title="bbox 307 2484 1972 2561">
     <span class='ocr_line' id='line_1_27' title="bbox 307 2484 1972 2561; baseline -0.005 -14"><span class='ocrx_word' id='word_1_194' title='bbox 307 2493 386 2554; x_wconf 83' lang='grc' dir='ltr'>ὡς</span> <span class='ocrx_word' id='word_1_195' title='bbox 417 2493 646 2560; x_wconf 85' lang='grc' dir='ltr'>κοινοῖς,</span> <span class='ocrx_word' id='word_1_196' title='bbox 674 2484 792 2544; x_wconf 77' lang='grc' dir='ltr'>οὐδ’</span> <span class='ocrx_word' id='word_1_197' title='bbox 844 2489 918 2549; x_wconf 83' lang='grc' dir='ltr'>ὡς</span> <span class='ocrx_word' id='word_1_198' title='bbox 967 2484 1256 2559; x_wconf 86' lang='grc' dir='ltr'>δημοσίοις</span> <span class='ocrx_word' id='word_1_199' title='bbox 1305 2485 1596 2561; x_wconf 71' lang='grc' dir='ltr'>ἐκέχρητο,</span> <span class='ocrx_word' id='word_1_200' title='bbox 1649 2485 1738 2540; x_wconf 83' lang='grc' dir='ltr'>καὶ</span> <span class='ocrx_word' id='word_1_201' title='bbox 1787 2484 1972 2540; x_wconf 73' lang='grc' dir='ltr'>ἑαυτὸν</span> 
     </span>
    </p>
   </div>
   <div class='ocr_carea' id='block_1_28' title="bbox 308 2570 1973 2651">
    <p class='ocr_par' dir='ltr' id='par_1_28' title="bbox 308 2570 1973 2651">
     <span class='ocr_line' id='line_1_28' title="bbox 308 2570 1973 2651; baseline -0.005 -15"><span class='ocrx_word' id='word_1_202' title='bbox 308 2581 418 2637; x_wconf 80' lang='grc' dir='ltr'>οὐκ</span> <span class='ocrx_word' id='word_1_203' title='bbox 445 2577 739 2651; x_wconf 70' lang='grc' dir='ltr'>οἰκονόμον</span> <span class='ocrx_word' id='word_1_204' title='bbox 794 2575 958 2649; x_wconf 90' lang='grc' dir='ltr'>μόνον</span> <span class='ocrx_word' id='word_1_205' title='bbox 1008 2574 1186 2649; x_wconf 76' lang='grc' dir='ltr'>ήγητο</span> <span class='ocrx_word' id='word_1_206' title='bbox 1233 2573 1466 2641; x_wconf 92' lang='grc' dir='ltr'>τούτων,</span> <span class='ocrx_word' id='word_1_207' title='bbox 1507 2573 1654 2630; x_wconf 84' lang='grc' dir='ltr'>ἀλλὰ</span> <span class='ocrx_word' id='word_1_208' title='bbox 1684 2570 1973 2643; x_wconf 85' lang='grc' dir='ltr'>δεσπότην,</span> 
     </span>
    </p>
   </div>
   <div class='ocr_carea' id='block_1_29' title="bbox 309 2657 1972 2738">
    <p class='ocr_par' dir='ltr' id='par_1_29' title="bbox 309 2657 1972 2738">
     <span class='ocr_line' id='line_1_29' title="bbox 309 2657 1972 2738; baseline -0.004 -14"><span class='ocrx_word' id='word_1_209' title='bbox 309 2668 405 2725; x_wconf 81' lang='grc' dir='ltr'>καὶ</span> <span class='ocrx_word' id='word_1_210' title='bbox 437 2669 589 2722; x_wconf 71' lang='grc' dir='ltr'>οἷκον</span> <span class='ocrx_word' id='word_1_211' title='bbox 643 2665 845 2721; x_wconf 78' lang='grc' dir='ltr'>οἰκεῖον</span> <span class='ocrx_word' id='word_1_212' title='bbox 898 2663 1116 2738; x_wconf 84' lang='grc' dir='ltr'>ἐνόμιζε</span> <span class='ocrx_word' id='word_1_213' title='bbox 1167 2663 1257 2719; x_wconf 85' lang='grc' dir='ltr'>καὶ</span> <span class='ocrx_word' id='word_1_214' title='bbox 1307 2662 1558 2736; x_wconf 85' lang='grc' dir='ltr'>ὠνόματε</span> <span class='ocrx_word' id='word_1_215' title='bbox 1583 2662 1652 2717; x_wconf 73' lang='grc' dir='ltr'>τὰ</span> <span class='ocrx_word' id='word_1_216' title='bbox 1703 2657 1972 2718; x_wconf 83' lang='grc' dir='ltr'>ϐασίλεια.</span> 
     </span>
    </p>
   </div>
   <div class='ocr_carea' id='block_1_30' title="bbox 315 2748 1974 2830">
    <p class='ocr_par' dir='ltr' id='par_1_30' title="bbox 315 2748 1974 2830">
     <span class='ocr_line' id='line_1_30' title="bbox 315 2748 1974 2830; baseline -0.007 -16"><span class='ocrx_word' id='word_1_217' title='bbox 315 2758 418 2814; x_wconf 73' lang='grc' dir='ltr'>Καὶ</span> <span class='ocrx_word' id='word_1_218' title='bbox 471 2755 602 2820; x_wconf 76' lang='grc' dir='ltr'>τοὺς</span> <span class='ocrx_word' id='word_1_219' title='bbox 655 2757 754 2820; x_wconf 80' lang='grc' dir='ltr'>τῆς</span> <span class='ocrx_word' id='word_1_220' title='bbox 815 2752 1130 2830; x_wconf 82' lang='grc' dir='ltr'>συγκλήτου</span> <span class='ocrx_word' id='word_1_221' title='bbox 1201 2751 1410 2827; x_wconf 85' lang='grc' dir='ltr'>βουλῆς</span> <span class='ocrx_word' id='word_1_222' title='bbox 1459 2748 1582 2806; x_wconf 74' lang='grc' dir='ltr'>οὕτε</span> <span class='ocrx_word' id='word_1_223' title='bbox 1635 2757 1804 2824; x_wconf 87' lang='grc' dir='ltr'>τιμῆς</span> <span class='ocrx_word' id='word_1_224' title='bbox 1840 2793 1854 2818; x_wconf 95' lang='grc'>,</span> <span class='ocrx_word' id='word_1_225' title='bbox 1905 2753 1974 2820; x_wconf 70' lang='grc' dir='ltr'>ἧς</span> 
     </span>
    </p>
   </div>
   <div class='ocr_carea' id='block_1_31' title="bbox 321 2838 1975 2922">
    <p class='ocr_par' dir='ltr' id='par_1_31' title="bbox 321 2838 1975 2922">
     <span class='ocr_line' id='line_1_31' title="bbox 321 2838 1975 2922; baseline -0.005 -20"><span class='ocrx_word' id='word_1_226' title='bbox 321 2849 517 2922; x_wconf 72' lang='grc' dir='ltr'>ἐχρῆν,</span> <span class='ocrx_word' id='word_1_227' title='bbox 549 2844 727 2916; x_wconf 82' lang='grc' dir='ltr'>ἠξίου,</span> <span class='ocrx_word' id='word_1_228' title='bbox 782 2839 904 2898; x_wconf 76' lang='grc' dir='ltr'>οὕτε</span> <span class='ocrx_word' id='word_1_229' title='bbox 952 2842 1212 2918; x_wconf 84' lang='grc' dir='ltr'>πρόνοιαν</span> <span class='ocrx_word' id='word_1_230' title='bbox 1261 2842 1437 2896; x_wconf 77' lang='grc' dir='ltr'>αὐτῶν</span> <span class='ocrx_word' id='word_1_231' title='bbox 1489 2839 1689 2895; x_wconf 83' lang='grc' dir='ltr'>ἐτίθετο</span> <span class='ocrx_word' id='word_1_232' title='bbox 1731 2838 1868 2894; x_wconf 81' lang='grc' dir='ltr'>κατὰ</span> <span class='ocrx_word' id='word_1_233' title='bbox 1911 2838 1975 2893; x_wconf 88' lang='grc' dir='ltr'>τὸ</span> 
     </span>
    </p>
   </div>
   <div class='ocr_carea' id='block_1_32' title="bbox 331 2926 1974 3010">
    <p class='ocr_par' dir='ltr' id='par_1_32' title="bbox 331 2926 1974 3010">
     <span class='ocr_line' id='line_1_32' title="bbox 331 2926 1974 3010; baseline -0.005 -20"><span class='ocrx_word' id='word_1_234' title='bbox 331 2934 588 3010; x_wconf 81' lang='grc' dir='ltr'>ἀνάλογον</span> <span class='ocrx_word' id='word_1_235' title='bbox 625 2976 638 2992; x_wconf 92' lang='grc'>.</span> <span class='ocrx_word' id='word_1_236' title='bbox 689 2930 919 2990; x_wconf 77' lang='grc' dir='ltr'>Μᾶλλον</span> <span class='ocrx_word' id='word_1_237' title='bbox 982 2930 1164 3002; x_wconf 69' lang='grc' dir='ltr'>μέντοι</span> <span class='ocrx_word' id='word_1_238' title='bbox 1227 2930 1318 2986; x_wconf 85' lang='grc' dir='ltr'>καὶ</span> <span class='ocrx_word' id='word_1_239' title='bbox 1373 2926 1594 2985; x_wconf 81' lang='grc' dir='ltr'>ἔσπευσε</span> <span class='ocrx_word' id='word_1_240' title='bbox 1645 2932 1974 2984; x_wconf 85' lang='grc' dir='ltr'>ταπεινῶσαι</span> 
     </span>
    </p>
   </div>
   <div class='ocr_carea' id='block_1_33' title="bbox 337 3015 1972 3089">
    <p class='ocr_par' dir='ltr' id='par_1_33' title="bbox 337 3015 1972 3089">
     <span class='ocr_line' id='line_1_33' title="bbox 337 3015 1972 3089; baseline -0.005 -11"><span class='ocrx_word' id='word_1_241' title='bbox 337 3021 572 3085; x_wconf 82' lang='grc' dir='ltr'>τούτους·</span> <span class='ocrx_word' id='word_1_242' title='bbox 603 3022 734 3078; x_wconf 76' lang='grc' dir='ltr'>ἀλλ’</span> <span class='ocrx_word' id='word_1_243' title='bbox 779 3018 894 3076; x_wconf 81' lang='grc' dir='ltr'>οὐδ’</span> <span class='ocrx_word' id='word_1_244' title='bbox 949 3019 1000 3075; x_wconf 92' lang='grc' dir='ltr'>ἐν</span> <span class='ocrx_word' id='word_1_245' title='bbox 1035 3020 1200 3075; x_wconf 78' lang='grc' dir='ltr'>ἅπασι</span> <span class='ocrx_word' id='word_1_246' title='bbox 1248 3020 1348 3088; x_wconf 78' lang='grc' dir='ltr'>τὴν</span> <span class='ocrx_word' id='word_1_247' title='bbox 1375 3025 1475 3089; x_wconf 87' lang='grc' dir='ltr'>τῆς</span> <span class='ocrx_word' id='word_1_248' title='bbox 1525 3015 1872 3088; x_wconf 88' lang='grc' dir='ltr'>δικαιοσύνης</span> <span class='ocrx_word' id='word_1_249' title='bbox 1905 3017 1972 3086; x_wconf 82' lang='grc' dir='ltr'>ἧν</span> 
     </span>
    </p>
   </div>
   <div class='ocr_carea' id='block_1_34' title="bbox 335 3105 1972 3188">
    <p class='ocr_par' dir='ltr' id='par_1_34' title="bbox 335 3105 1972 3188">
     <span class='ocr_line' id='line_1_34' title="bbox 335 3105 1972 3188; baseline -0.004 -21"><span class='ocrx_word' id='word_1_250' title='bbox 335 3117 507 3188; x_wconf 89' lang='grc' dir='ltr'>τηρῶν</span> <span class='ocrx_word' id='word_1_251' title='bbox 556 3111 776 3187; x_wconf 86' lang='grc' dir='ltr'>ἀρετήν.</span> <span class='ocrx_word' id='word_1_252' title='bbox 826 3109 1036 3180; x_wconf 86' lang='grc' dir='ltr'>Ταύτης</span> <span class='ocrx_word' id='word_1_253' title='bbox 1081 3109 1182 3186; x_wconf 78' lang='grc' dir='ltr'>γὰρ</span> <span class='ocrx_word' id='word_1_254' title='bbox 1233 3106 1398 3179; x_wconf 63' lang='grc' dir='ltr'>ἴδιον,</span> <span class='ocrx_word' id='word_1_255' title='bbox 1439 3109 1502 3163; x_wconf 89' lang='grc' dir='ltr'>τὸ</span> <span class='ocrx_word' id='word_1_256' title='bbox 1549 3111 1647 3162; x_wconf 78' lang='grc' dir='ltr'>τοῦ</span> <span class='ocrx_word' id='word_1_257' title='bbox 1675 3107 1793 3162; x_wconf 86' lang='grc' dir='ltr'>κατ’</span> <span class='ocrx_word' id='word_1_258' title='bbox 1826 3105 1972 3176; x_wconf 85' lang='grc' dir='ltr'>ἀξίαν</span> 
     </span>
    </p>
   </div>
   <div class='ocr_carea' id='block_1_35' title="bbox 324 3193 1974 3274">
    <p class='ocr_par' dir='ltr' id='par_1_35' title="bbox 324 3193 1974 3274">
     <span class='ocr_line' id='line_1_35' title="bbox 324 3193 1974 3274; baseline -0.004 -18"><span class='ocrx_word' id='word_1_259' title='bbox 324 3201 528 3274; x_wconf 71' lang='grc' dir='ltr'>ἑκάστῳ</span> <span class='ocrx_word' id='word_1_260' title='bbox 572 3199 980 3274; x_wconf 88' lang='grc' dir='ltr'>διανεμητικόν.</span> <span class='ocrx_word' id='word_1_261' title='bbox 1029 3200 1090 3256; x_wconf 84' lang='grc' dir='ltr'>Ὁ</span> <span class='ocrx_word' id='word_1_262' title='bbox 1140 3196 1198 3253; x_wconf 79' lang='grc' dir='ltr'>δὶ</span> <span class='ocrx_word' id='word_1_263' title='bbox 1247 3203 1368 3259; x_wconf 89' lang='grc' dir='ltr'>τοῖς</span> <span class='ocrx_word' id='word_1_264' title='bbox 1425 3197 1518 3270; x_wconf 72' lang='grc' dir='ltr'>μὲν</span> <span class='ocrx_word' id='word_1_265' title='bbox 1574 3196 1849 3270; x_wconf 72' lang='grc' dir='ltr'>ωγγενέσι</span> <span class='ocrx_word' id='word_1_266' title='bbox 1881 3193 1974 3250; x_wconf 81' lang='grc' dir='ltr'>καί</span> 
     </span>
    </p>
   </div>
   <div class='ocr_carea' id='block_1_36' title="bbox 313 3272 2041 3367">
    <p class='ocr_par' dir='ltr' id='par_1_36' title="bbox 313 3272 2041 3367">
     <span class='ocr_line' id='line_1_36' title="bbox 313 3272 2041 3367; baseline -0.003 -21"><span class='ocrx_word' id='word_1_267' title='bbox 313 3293 421 3346; x_wconf 88' lang='grc' dir='ltr'>τῶν</span> <span class='ocrx_word' id='word_1_268' title='bbox 470 3272 816 3367; x_wconf 76' lang='grc' dir='ltr'>θεραπόντων</span> <span class='ocrx_word' id='word_1_269' title='bbox 863 3289 1006 3344; x_wconf 77' lang='grc' dir='ltr'>τισὶν</span> <span class='ocrx_word' id='word_1_270' title='bbox 1053 3287 1283 3361; x_wconf 80' lang='grc' dir='ltr'>ἀμάξαις</span> <span class='ocrx_word' id='word_1_271' title='bbox 1323 3284 1482 3350; x_wconf 72' lang='grc' dir='ltr'>ὅλαις</span> <span class='ocrx_word' id='word_1_272' title='bbox 1510 3291 1743 3362; x_wconf 86' lang='grc' dir='ltr'>παρεῖχε</span> <span class='ocrx_word' id='word_1_273' title='bbox 1769 3285 1836 3340; x_wconf 80' lang='grc' dir='ltr'>τὰ</span> <span class='ocrx_word' id='word_1_274' title='bbox 1867 3282 1963 3354; x_wconf 85' lang='grc' dir='ltr'>δη·</span> <span class='ocrx_word' id='word_1_275' title='bbox 1997 3272 2041 3340; x_wconf 77' lang='lat' dir='ltr'>C</span> 
     </span>
    </p>
   </div>
   <div class='ocr_carea' id='block_1_37' title="bbox 311 3373 1970 3456">
    <p class='ocr_par' dir='ltr' id='par_1_37' title="bbox 311 3373 1970 3456">
     <span class='ocr_line' id='line_1_37' title="bbox 311 3373 1970 3456; baseline -0.005 -20"><span class='ocrx_word' id='word_1_276' title='bbox 311 3381 477 3454; x_wconf 84' lang='grc' dir='ltr'>μόσια</span> <span class='ocrx_word' id='word_1_277' title='bbox 508 3380 792 3456; x_wconf 85' lang='grc' dir='ltr'>χρήματα,</span> <span class='ocrx_word' id='word_1_278' title='bbox 843 3378 932 3432; x_wconf 83' lang='grc' dir='ltr'>καὶ</span> <span class='ocrx_word' id='word_1_279' title='bbox 982 3375 1256 3452; x_wconf 76' lang='grc' dir='ltr'>γορηγίας</span> <span class='ocrx_word' id='word_1_280' title='bbox 1300 3375 1526 3436; x_wconf 87' lang='grc' dir='ltr'>ἐκείνοις</span> <span class='ocrx_word' id='word_1_281' title='bbox 1556 3373 1722 3450; x_wconf 76' lang='grc' dir='ltr'>ἁδρᾶς</span> <span class='ocrx_word' id='word_1_282' title='bbox 1753 3374 1970 3445; x_wconf 80' lang='grc' dir='ltr'>ἐτησίας</span> 
     </span>
    </p>
   </div>
   <div class='ocr_carea' id='block_1_38' title="bbox 299 3460 1967 3542">
    <p class='ocr_par' dir='ltr' id='par_1_38' title="bbox 299 3460 1967 3542">
     <span class='ocr_line' id='line_1_38' title="bbox 299 3460 1967 3542; baseline -0.005 -17"><span class='ocrx_word' id='word_1_283' title='bbox 299 3470 616 3542; x_wconf 65' lang='grc' dir='ltr'>ἀπένειμεν,</span> <span class='ocrx_word' id='word_1_284' title='bbox 650 3469 725 3530; x_wconf 83' lang='grc' dir='ltr'>ὡς</span> <span class='ocrx_word' id='word_1_285' title='bbox 778 3466 867 3522; x_wconf 79' lang='grc' dir='ltr'>καὶ</span> <span class='ocrx_word' id='word_1_286' title='bbox 917 3465 1157 3523; x_wconf 82' lang='grc' dir='ltr'>πλοῦτον</span> <span class='ocrx_word' id='word_1_287' title='bbox 1209 3460 1597 3542; x_wconf 71' lang='grc' dir='ltr'>περιϐαλέσθαι</span> <span class='ocrx_word' id='word_1_288' title='bbox 1653 3463 1840 3539; x_wconf 80' lang='grc' dir='ltr'>βαθὺν,</span> <span class='ocrx_word' id='word_1_289' title='bbox 1877 3464 1967 3518; x_wconf 90' lang='grc' dir='ltr'>καί</span> 
     </span>
    </p>
   </div>
   <div class='ocr_carea' id='block_1_39' title="bbox 301 3549 1970 3633">
    <p class='ocr_par' dir='ltr' id='par_1_39' title="bbox 301 3549 1970 3633">
     <span class='ocr_line' id='line_1_39' title="bbox 301 3549 1970 3633; baseline -0.005 -19"><span class='ocrx_word' id='word_1_290' title='bbox 301 3557 611 3633; x_wconf 81' lang='grc' dir='ltr'>ὑπηρεσίαν</span> <span class='ocrx_word' id='word_1_291' title='bbox 671 3557 888 3618; x_wconf 74' lang='grc' dir='ltr'>ἑαυτοῖς</span> <span class='ocrx_word' id='word_1_292' title='bbox 955 3554 1216 3628; x_wconf 79' lang='grc' dir='ltr'>ἀποτάξαι</span> <span class='ocrx_word' id='word_1_293' title='bbox 1250 3598 1266 3621; x_wconf 91' lang='grc'>,</span> <span class='ocrx_word' id='word_1_294' title='bbox 1327 3554 1430 3608; x_wconf 81' lang='grc' dir='ltr'>οὐκ</span> <span class='ocrx_word' id='word_1_295' title='bbox 1506 3550 1772 3622; x_wconf 77' lang='grc' dir='ltr'>ῗδιώταις,</span> <span class='ocrx_word' id='word_1_296' title='bbox 1824 3549 1970 3607; x_wconf 79' lang='grc' dir='ltr'>ἀλλὰ</span> 
     </span>
    </p>
   </div>
   <div class='ocr_carea' id='block_1_40' title="bbox 298 3639 1964 3724">
    <p class='ocr_par' dir='ltr' id='par_1_40' title="bbox 298 3639 1964 3724">
     <span class='ocr_line' id='line_1_40' title="bbox 298 3639 1964 3724; baseline -0.005 -22"><span class='ocrx_word' id='word_1_297' title='bbox 298 3645 587 3724; x_wconf 78' lang='grc' dir='ltr'>βασιλεῦσι</span> <span class='ocrx_word' id='word_1_298' title='bbox 643 3643 1022 3716; x_wconf 87' lang='grc' dir='ltr'>κατάλληλον,</span> <span class='ocrx_word' id='word_1_299' title='bbox 1073 3643 1164 3698; x_wconf 79' lang='grc' dir='ltr'>καὶ</span> <span class='ocrx_word' id='word_1_300' title='bbox 1226 3639 1420 3704; x_wconf 81' lang='grc' dir='ltr'>οἷ’κους</span> <span class='ocrx_word' id='word_1_301' title='bbox 1475 3643 1964 3716; x_wconf 87' lang='grc' dir='ltr'>προσκτήσασθαι,</span> 
     </span>
    </p>
   </div>
   <div class='ocr_carea' id='block_1_41' title="bbox 301 3727 1969 3810">
    <p class='ocr_par' dir='ltr' id='par_1_41' title="bbox 301 3727 1969 3810">
     <span class='ocr_line' id='line_1_41' title="bbox 301 3727 1969 3810; baseline -0.004 -20"><span class='ocrx_word' id='word_1_302' title='bbox 301 3735 520 3810; x_wconf 70' lang='grc' dir='ltr'>μεγέθει</span> <span class='ocrx_word' id='word_1_303' title='bbox 587 3733 684 3806; x_wconf 74' lang='grc' dir='ltr'>μὲν</span> <span class='ocrx_word' id='word_1_304' title='bbox 742 3731 966 3788; x_wconf 84' lang='grc' dir='ltr'>πόλεσιν</span> <span class='ocrx_word' id='word_1_305' title='bbox 1029 3729 1294 3801; x_wconf 73' lang='grc' dir='ltr'>ἐοικότας,</span> <span class='ocrx_word' id='word_1_306' title='bbox 1328 3727 1662 3801; x_wconf 82' lang='grc' dir='ltr'>πολυτελείᾳ</span> <span class='ocrx_word' id='word_1_307' title='bbox 1708 3727 1765 3784; x_wconf 72' lang='grc' dir='ltr'>δὲ</span> <span class='ocrx_word' id='word_1_308' title='bbox 1810 3730 1969 3804; x_wconf 83' lang='grc' dir='ltr'>βασι-</span> 
     </span>
    </p>
   </div>
   <div class='ocr_carea' id='block_1_42' title="bbox 301 3817 1966 3894">
    <p class='ocr_par' dir='ltr' id='par_1_42' title="bbox 301 3817 1966 3894">
     <span class='ocr_line' id='line_1_42' title="bbox 301 3817 1966 3894; baseline -0.004 -14"><span class='ocrx_word' id='word_1_309' title='bbox 301 3822 467 3880; x_wconf 89' lang='grc' dir='ltr'>λείων</span> <span class='ocrx_word' id='word_1_310' title='bbox 497 3822 822 3884; x_wconf 83' lang='grc' dir='ltr'>ἀπεοικότας</span> <span class='ocrx_word' id='word_1_311' title='bbox 880 3819 1056 3876; x_wconf 75' lang='grc' dir='ltr'>οὐδέ-,νο</span> <span class='ocrx_word' id='word_1_312' title='bbox 1108 3825 1231 3884; x_wconf 88' lang='grc' dir='ltr'>τοῖς</span> <span class='ocrx_word' id='word_1_313' title='bbox 1278 3817 1338 3875; x_wconf 77' lang='grc' dir='ltr'>δὶ</span> <span class='ocrx_word' id='word_1_314' title='bbox 1387 3818 1607 3880; x_wconf 87' lang='grc' dir='ltr'>λοιποῖς</span> <span class='ocrx_word' id='word_1_315' title='bbox 1648 3823 1755 3874; x_wconf 91' lang='grc' dir='ltr'>τῶν</span> <span class='ocrx_word' id='word_1_316' title='bbox 1791 3818 1847 3874; x_wconf 76' lang='grc' dir='ltr'>εὖ</span> <span class='ocrx_word' id='word_1_317' title='bbox 1874 3839 1966 3894; x_wconf 92' lang='grc' dir='ltr'>γε-</span> 
     </span>
    </p>
   </div>
   <div class='ocr_carea' id='block_1_43' title="bbox 304 3907 1964 3988">
    <p class='ocr_par' dir='ltr' id='par_1_43' title="bbox 304 3907 1964 3988">
     <span class='ocr_line' id='line_1_43' title="bbox 304 3907 1964 3988; baseline -0.004 -20"><span class='ocrx_word' id='word_1_318' title='bbox 304 3912 550 3988; x_wconf 91' lang='grc' dir='ltr'>γονότων</span> <span class='ocrx_word' id='word_1_319' title='bbox 616 3912 726 3987; x_wconf 77' lang='grc' dir='ltr'>οὐχ</span> <span class='ocrx_word' id='word_1_320' title='bbox 783 3910 980 3984; x_wconf 83' lang='grc' dir='ltr'>ὁμοίαν</span> <span class='ocrx_word' id='word_1_321' title='bbox 1051 3907 1387 3964; x_wconf 87' lang='grc' dir='ltr'>ἐνεδείκνυτο</span> <span class='ocrx_word' id='word_1_322' title='bbox 1440 3910 1542 3978; x_wconf 78' lang='grc' dir='ltr'>τὴν</span> <span class='ocrx_word' id='word_1_323' title='bbox 1601 3907 1964 3984; x_wconf 88' lang='grc' dir='ltr'>προαίρεσιν,</span> 
     </span>
    </p>
   </div>
   <div class='ocr_carea' id='block_1_44' title="bbox 299 3995 1967 4078">
    <p class='ocr_par' dir='ltr' id='par_1_44' title="bbox 299 3995 1967 4078">
     <span class='ocr_line' id='line_1_44' title="bbox 299 3995 1967 4078; baseline -0.003 -22"><span class='ocrx_word' id='word_1_324' title='bbox 299 4000 400 4056; x_wconf 71' lang='grc' dir='ltr'>’ίνα</span> <span class='ocrx_word' id='word_1_325' title='bbox 434 4002 510 4075; x_wconf 90' lang='grc' dir='ltr'>μή</span> <span class='ocrx_word' id='word_1_326' title='bbox 556 4021 609 4055; x_wconf 92' lang='grc' dir='ltr'>τι</span> <span class='ocrx_word' id='word_1_327' title='bbox 665 3996 846 4077; x_wconf 71' lang='grc' dir='ltr'>ἓτερον</span> <span class='ocrx_word' id='word_1_328' title='bbox 901 3996 1108 4078; x_wconf 72' lang='grc' dir='ltr'>(ραῦλον</span> <span class='ocrx_word' id='word_1_329' title='bbox 1168 3997 1297 4074; x_wconf 82' lang='grc' dir='ltr'>ἐρῶ,</span> <span class='ocrx_word' id='word_1_330' title='bbox 1353 3995 1674 4075; x_wconf 79' lang='grc' dir='ltr'>φειδόμενος</span> <span class='ocrx_word' id='word_1_331' title='bbox 1725 3999 1823 4051; x_wconf 79' lang='grc' dir='ltr'>τοῦ</span> <span class='ocrx_word' id='word_1_332' title='bbox 1869 3996 1967 4051; x_wconf 87' lang='grc' dir='ltr'>ἀν-</span> 
     </span>
    </p>
   </div>
   <div class='ocr_carea' id='block_1_45' title="bbox 311 4081 1969 4167">
    <p class='ocr_par' dir='ltr' id='par_1_45' title="bbox 311 4081 1969 4167">
     <span class='ocr_line' id='line_1_45' title="bbox 311 4081 1969 4167; baseline -0.004 -20"><span class='ocrx_word' id='word_1_333' title='bbox 311 4087 466 4167; x_wconf 87' lang='grc' dir='ltr'>δρός.</span> <span class='ocrx_word' id='word_1_334' title='bbox 501 4086 740 4146; x_wconf 72' lang='grc' dir='ltr'>Βασιλέα</span> <span class='ocrx_word' id='word_1_335' title='bbox 791 4088 885 4162; x_wconf 76' lang='grc' dir='ltr'>μὲν</span> <span class='ocrx_word' id='word_1_336' title='bbox 938 4087 1028 4143; x_wconf 53' lang='lat' dir='ltr'>of);</span> <span class='ocrx_word' id='word_1_337' title='bbox 1082 4089 1199 4143; x_wconf 78' lang='grc' dir='ltr'>οἷον</span> <span class='ocrx_word' id='word_1_338' title='bbox 1226 4086 1288 4142; x_wconf 88' lang='grc' dir='ltr'>τὸ</span> <span class='ocrx_word' id='word_1_339' title='bbox 1339 4081 1560 4162; x_wconf 73' lang='grc' dir='ltr'>ἀκριϐὲς</span> <span class='ocrx_word' id='word_1_340' title='bbox 1589 4087 1826 4154; x_wconf 89' lang='grc' dir='ltr'>ἀπαιτεῖ,</span> <span class='ocrx_word' id='word_1_341' title='bbox 1862 4086 1969 4142; x_wconf 80' lang='grc' dir='ltr'>οὐκ</span> 
     </span>
    </p>
   </div>
   <div class='ocr_carea' id='block_1_46' title="bbox 309 4172 1968 4254">
    <p class='ocr_par' dir='ltr' id='par_1_46' title="bbox 309 4172 1968 4254">
     <span class='ocr_line' id='line_1_46' title="bbox 309 4172 1968 4254; baseline -0.004 -18"><span class='ocrx_word' id='word_1_342' title='bbox 309 4179 467 4236; x_wconf 79' lang='grc' dir='ltr'>ἐῶσι’</span> <span class='ocrx_word' id='word_1_343' title='bbox 504 4178 572 4234; x_wconf 80' lang='grc' dir='ltr'>τὰ</span> <span class='ocrx_word' id='word_1_344' title='bbox 647 4177 905 4254; x_wconf 75' lang='grc' dir='ltr'>εἶ’ρημένα</span> <span class='ocrx_word' id='word_1_345' title='bbox 980 4177 1183 4234; x_wconf 80' lang='grc' dir='ltr'>ἐκεῖνον</span> <span class='ocrx_word' id='word_1_346' title='bbox 1243 4174 1555 4248; x_wconf 82' lang='grc' dir='ltr'>νομίζὲσθαι</span> <span class='ocrx_word' id='word_1_347' title='bbox 1585 4194 1596 4206; x_wconf 93' lang='grc'><strong>·</strong></span> <span class='ocrx_word' id='word_1_348' title='bbox 1657 4172 1785 4229; x_wconf 88' lang='grc' dir='ltr'>ἀλλ’</span> <span class='ocrx_word' id='word_1_349' title='bbox 1843 4174 1968 4230; x_wconf 77' lang='grc' dir='ltr'>οὐδὲ</span> 
     </span>
    </p>
   </div>
   <div class='ocr_carea' id='block_1_47' title="bbox 2001 1905 2049 1971">
    <p class='ocr_par' dir='ltr' id='par_1_47' title="bbox 2001 1905 2049 1971">
     <span class='ocr_line' id='line_1_47' title="bbox 2001 1905 2049 1971; baseline 0 0"><span class='ocrx_word' id='word_1_350' title='bbox 2001 1905 2049 1971; x_wconf 95' lang='grc' dir='ltr'>Β</span> 
     </span>
    </p>
   </div>
   <div class='ocr_carea' id='block_1_48' title="bbox 2071 617 3719 693">
    <p class='ocr_par' dir='ltr' id='par_1_48' title="bbox 2071 617 3719 693">
     <span class='ocr_line' id='line_1_48' title="bbox 2071 617 3719 693; baseline 0.005 -22"><span class='ocrx_word' id='word_1_351' title='bbox 2071 620 2127 671; x_wconf 91' lang='lat' dir='ltr'>et</span> <span class='ocrx_word' id='word_1_352' title='bbox 2149 617 2386 688; x_wconf 89' lang='lat' dir='ltr'>justitia</span> <span class='ocrx_word' id='word_1_353' title='bbox 2412 625 2503 676; x_wconf 88' lang='lat' dir='ltr'>est</span> <span class='ocrx_word' id='word_1_354' title='bbox 2559 622 2825 690; x_wconf 85' lang='lat' dir='ltr'>colenda,</span> <span class='ocrx_word' id='word_1_355' title='bbox 2858 627 2917 677; x_wconf 90' lang='lat' dir='ltr'>et</span> <span class='ocrx_word' id='word_1_356' title='bbox 2946 623 3092 678; x_wconf 83' lang='lat' dir='ltr'>ratio</span> <span class='ocrx_word' id='word_1_357' title='bbox 3149 624 3363 678; x_wconf 82' lang='lat' dir='ltr'>civium</span> <span class='ocrx_word' id='word_1_358' title='bbox 3424 623 3719 693; x_wconf 89' lang='lat' dir='ltr'>habenda,</span> 
     </span>
    </p>
   </div>
   <div class='ocr_carea' id='block_1_49' title="bbox 2069 709 3722 784">
    <p class='ocr_par' dir='ltr' id='par_1_49' title="bbox 2069 709 3722 784">
     <span class='ocr_line' id='line_1_49' title="bbox 2069 709 3722 784; baseline 0.005 -25"><span class='ocrx_word' id='word_1_359' title='bbox 2069 711 2126 760; x_wconf 88' lang='lat' dir='ltr'>et</span> <span class='ocrx_word' id='word_1_360' title='bbox 2150 712 2342 762; x_wconf 78' lang='lat' dir='ltr'>vetera</span> <span class='ocrx_word' id='word_1_361' title='bbox 2375 709 2647 764; x_wconf 88' lang='lat' dir='ltr'>instituta</span> <span class='ocrx_word' id='word_1_362' title='bbox 2677 716 2817 765; x_wconf 91' lang='lat' dir='ltr'>sunt</span> <span class='ocrx_word' id='word_1_363' title='bbox 2847 713 3086 766; x_wconf 89' lang='lat' dir='ltr'>tuenda.</span> <span class='ocrx_word' id='word_1_364' title='bbox 3122 713 3220 767; x_wconf 83' lang='lat' dir='ltr'>Ille</span> <span class='ocrx_word' id='word_1_365' title='bbox 3249 728 3383 766; x_wconf 89' lang='lat' dir='ltr'>vero</span> <span class='ocrx_word' id='word_1_366' title='bbox 3415 713 3606 784; x_wconf 86' lang='lat' dir='ltr'>magis</span> <span class='ocrx_word' id='word_1_367' title='bbox 3663 713 3722 768; x_wconf 92' lang='lat' dir='ltr'>in</span> 
     </span>
    </p>
   </div>
   <div class='ocr_carea' id='block_1_50' title="bbox 2069 795 3732 867">
    <p class='ocr_par' dir='ltr' id='par_1_50' title="bbox 2069 795 3732 867">
     <span class='ocr_line' id='line_1_50' title="bbox 2069 795 3732 867; baseline 0.004 -17"><span class='ocrx_word' id='word_1_368' title='bbox 2069 811 2136 850; x_wconf 92' lang='lat' dir='ltr'>eo</span> <span class='ocrx_word' id='word_1_369' title='bbox 2166 795 2506 866; x_wconf 81' lang='lat' dir='ltr'>elaboravit,</span> <span class='ocrx_word' id='word_1_370' title='bbox 2537 815 2771 855; x_wconf 84' lang='lat' dir='ltr'>summo</span> <span class='ocrx_word' id='word_1_371' title='bbox 2802 799 3066 855; x_wconf 90' lang='lat' dir='ltr'>adhibito</span> <span class='ocrx_word' id='word_1_372' title='bbox 3121 801 3341 867; x_wconf 89' lang='lat' dir='ltr'>studio,</span> <span class='ocrx_word' id='word_1_373' title='bbox 3395 806 3460 855; x_wconf 88' lang='lat' dir='ltr'>ut</span> <span class='ocrx_word' id='word_1_374' title='bbox 3510 807 3732 858; x_wconf 89' lang='lat' dir='ltr'>veteres</span> 
     </span>
    </p>
   </div>
   <div class='ocr_carea' id='block_1_51' title="bbox 2072 886 3734 960">
    <p class='ocr_par' dir='ltr' id='par_1_51' title="bbox 2072 886 3734 960">
     <span class='ocr_line' id='line_1_51' title="bbox 2072 886 3734 960; baseline 0.004 -21"><span class='ocrx_word' id='word_1_375' title='bbox 2072 900 2264 940; x_wconf 91' lang='lat' dir='ltr'>mores</span> <span class='ocrx_word' id='word_1_376' title='bbox 2297 886 2636 942; x_wconf 89' lang='lat' dir='ltr'>immutaret</span> <span class='ocrx_word' id='word_1_377' title='bbox 2663 894 2721 942; x_wconf 87' lang='lat' dir='ltr'>et</span> <span class='ocrx_word' id='word_1_378' title='bbox 2751 888 3083 960; x_wconf 81' lang='lat' dir='ltr'>abrogaret,</span> <span class='ocrx_word' id='word_1_379' title='bbox 3113 895 3169 945; x_wconf 88' lang='lat' dir='ltr'>et</span> <span class='ocrx_word' id='word_1_380' title='bbox 3199 907 3290 945; x_wconf 88' lang='lat' dir='ltr'>res</span> <span class='ocrx_word' id='word_1_381' title='bbox 3342 907 3457 945; x_wconf 92' lang='lat' dir='ltr'>non</span> <span class='ocrx_word' id='word_1_382' title='bbox 3491 895 3555 944; x_wconf 91' lang='lat' dir='ltr'>ut</span> <span class='ocrx_word' id='word_1_383' title='bbox 3576 907 3734 945; x_wconf 83' lang='lat' dir='ltr'>com-</span> 
     </span>
    </p>
   </div>
   <div class='ocr_carea' id='block_1_52' title="bbox 2073 977 3730 1051">
    <p class='ocr_par' dir='ltr' id='par_1_52' title="bbox 2073 977 3730 1051">
     <span class='ocr_line' id='line_1_52' title="bbox 2073 977 3730 1051; baseline 0.004 -23"><span class='ocrx_word' id='word_1_384' title='bbox 2073 991 2286 1029; x_wconf 90' lang='lat' dir='ltr'>munes</span> <span class='ocrx_word' id='word_1_385' title='bbox 2318 981 2372 1029; x_wconf 91' lang='lat' dir='ltr'>et</span> <span class='ocrx_word' id='word_1_386' title='bbox 2405 977 2669 1047; x_wconf 89' lang='lat' dir='ltr'>publicas</span> <span class='ocrx_word' id='word_1_387' title='bbox 2700 978 2990 1044; x_wconf 84' lang='lat' dir='ltr'>tractavit,</span> <span class='ocrx_word' id='word_1_388' title='bbox 3025 995 3214 1051; x_wconf 86' lang='lat' dir='ltr'>neque</span> <span class='ocrx_word' id='word_1_389' title='bbox 3246 996 3308 1035; x_wconf 90' lang='lat' dir='ltr'>se</span> <span class='ocrx_word' id='word_1_390' title='bbox 3337 979 3574 1034; x_wconf 88' lang='lat' dir='ltr'>illarum</span> <span class='ocrx_word' id='word_1_391' title='bbox 3627 980 3730 1034; x_wconf 87' lang='lat' dir='ltr'>ad-</span> 
     </span>
    </p>
   </div>
   <div class='ocr_carea' id='block_1_53' title="bbox 2073 1063 3731 1135">
    <p class='ocr_par' dir='ltr' id='par_1_53' title="bbox 2073 1063 3731 1135">
     <span class='ocr_line' id='line_1_53' title="bbox 2073 1063 3731 1135; baseline 0.005 -19"><span class='ocrx_word' id='word_1_392' title='bbox 2073 1063 2556 1132; x_wconf 89' lang='lat' dir='ltr'>ministratorem,</span> <span class='ocrx_word' id='word_1_393' title='bbox 2590 1067 2690 1121; x_wconf 91' lang='lat' dir='ltr'>sed</span> <span class='ocrx_word' id='word_1_394' title='bbox 2723 1065 3028 1122; x_wconf 90' lang='lat' dir='ltr'>dominum</span> <span class='ocrx_word' id='word_1_395' title='bbox 3063 1083 3193 1122; x_wconf 89' lang='lat' dir='ltr'>esse</span> <span class='ocrx_word' id='word_1_396' title='bbox 3223 1069 3471 1135; x_wconf 83' lang='lat' dir='ltr'>censuit,</span> <span class='ocrx_word' id='word_1_397' title='bbox 3529 1085 3592 1123; x_wconf 88' lang='lat' dir='ltr'>ac</span> <span class='ocrx_word' id='word_1_398' title='bbox 3645 1084 3731 1124; x_wconf 86' lang='lat' dir='ltr'>re-</span> 
     </span>
    </p>
   </div>
   <div class='ocr_carea' id='block_1_54' title="bbox 2073 1152 3735 1229">
    <p class='ocr_par' dir='ltr' id='par_1_54' title="bbox 2073 1152 3735 1229">
     <span class='ocr_line' id='line_1_54' title="bbox 2073 1152 3735 1229; baseline 0.005 -23"><span class='ocrx_word' id='word_1_399' title='bbox 2073 1152 2226 1222; x_wconf 80' lang='lat' dir='ltr'>giam</span> <span class='ocrx_word' id='word_1_400' title='bbox 2260 1171 2402 1209; x_wconf 88' lang='lat' dir='ltr'>suas</span> <span class='ocrx_word' id='word_1_401' title='bbox 2449 1155 2602 1210; x_wconf 67' lang='lat' dir='ltr'>aedes</span> <span class='ocrx_word' id='word_1_402' title='bbox 2660 1161 2716 1211; x_wconf 90' lang='lat' dir='ltr'>et</span> <span class='ocrx_word' id='word_1_403' title='bbox 2767 1155 2991 1227; x_wconf 88' lang='lat' dir='ltr'>putavit</span> <span class='ocrx_word' id='word_1_404' title='bbox 3035 1161 3093 1212; x_wconf 88' lang='lat' dir='ltr'>et</span> <span class='ocrx_word' id='word_1_405' title='bbox 3139 1157 3474 1229; x_wconf 87' lang='lat' dir='ltr'>appellavit.</span> <span class='ocrx_word' id='word_1_406' title='bbox 3530 1163 3735 1214; x_wconf 83' lang='lat' dir='ltr'>Patres</span> 
     </span>
    </p>
   </div>
   <div class='ocr_carea' id='block_1_55' title="bbox 2075 1241 3738 1319">
    <p class='ocr_par' dir='ltr' id='par_1_55' title="bbox 2075 1241 3738 1319">
     <span class='ocr_line' id='line_1_55' title="bbox 2075 1241 3738 1319; baseline 0.003 -22"><span class='ocrx_word' id='word_1_407' title='bbox 2075 1241 2438 1315; x_wconf 88' lang='lat' dir='ltr'>conscriptos</span> <span class='ocrx_word' id='word_1_408' title='bbox 2461 1245 2746 1314; x_wconf 88' lang='lat' dir='ltr'>necjusto</span> <span class='ocrx_word' id='word_1_409' title='bbox 2773 1250 3118 1315; x_wconf 86' lang='lat' dir='ltr'>prosecutus</span> <span class='ocrx_word' id='word_1_410' title='bbox 3143 1251 3236 1302; x_wconf 87' lang='lat' dir='ltr'>est</span> <span class='ocrx_word' id='word_1_411' title='bbox 3257 1245 3498 1313; x_wconf 88' lang='lat' dir='ltr'>honore,</span> <span class='ocrx_word' id='word_1_412' title='bbox 3543 1263 3738 1319; x_wconf 91' lang='lat' dir='ltr'>neque</span> 
     </span>
    </p>
   </div>
   <div class='ocr_carea' id='block_1_56' title="bbox 2077 1330 3734 1404">
    <p class='ocr_par' dir='ltr' id='par_1_56' title="bbox 2077 1330 3734 1404">
     <span class='ocr_line' id='line_1_56' title="bbox 2077 1330 3734 1404; baseline 0.003 -20"><span class='ocrx_word' id='word_1_413' title='bbox 2077 1346 2206 1385; x_wconf 90' lang='lat' dir='ltr'>eam</span> <span class='ocrx_word' id='word_1_414' title='bbox 2240 1330 2475 1387; x_wconf 91' lang='lat' dir='ltr'>illorum</span> <span class='ocrx_word' id='word_1_415' title='bbox 2509 1332 2719 1388; x_wconf 91' lang='lat' dir='ltr'>habuit</span> <span class='ocrx_word' id='word_1_416' title='bbox 2766 1334 3074 1404; x_wconf 85' lang='lat' dir='ltr'>rationem,</span> <span class='ocrx_word' id='word_1_417' title='bbox 3137 1351 3311 1404; x_wconf 91' lang='lat' dir='ltr'>quam</span> <span class='ocrx_word' id='word_1_418' title='bbox 3373 1340 3532 1390; x_wconf 88' lang='lat' dir='ltr'>recta</span> <span class='ocrx_word' id='word_1_419' title='bbox 3584 1333 3734 1390; x_wconf 87' lang='lat' dir='ltr'>ratio</span> 
     </span>
    </p>
   </div>
   <div class='ocr_carea' id='block_1_57' title="bbox 2077 1419 3733 1494">
    <p class='ocr_par' dir='ltr' id='par_1_57' title="bbox 2077 1419 3733 1494">
     <span class='ocr_line' id='line_1_57' title="bbox 2077 1419 3733 1494; baseline 0.003 -20"><span class='ocrx_word' id='word_1_420' title='bbox 2077 1419 2438 1491; x_wconf 81' lang='lat' dir='ltr'>postulabat,</span> <span class='ocrx_word' id='word_1_421' title='bbox 2497 1421 2598 1476; x_wconf 90' lang='lat' dir='ltr'>sed</span> <span class='ocrx_word' id='word_1_422' title='bbox 2658 1421 2855 1494; x_wconf 88' lang='lat' dir='ltr'>potius</span> <span class='ocrx_word' id='word_1_423' title='bbox 2909 1423 3240 1494; x_wconf 85' lang='lat' dir='ltr'>deprimere</span> <span class='ocrx_word' id='word_1_424' title='bbox 3297 1423 3430 1478; x_wconf 92' lang='lat' dir='ltr'>illos</span> <span class='ocrx_word' id='word_1_425' title='bbox 3479 1425 3733 1479; x_wconf 85' lang='lat' dir='ltr'>studuit.</span> 
     </span>
    </p>
   </div>
   <div class='ocr_carea' id='block_1_58' title="bbox 2077 1507 3730 1582">
    <p class='ocr_par' dir='ltr' id='par_1_58' title="bbox 2077 1507 3730 1582">
     <span class='ocr_line' id='line_1_58' title="bbox 2077 1507 3730 1582; baseline 0.005 -20"><span class='ocrx_word' id='word_1_426' title='bbox 2077 1507 2275 1578; x_wconf 91' lang='lat' dir='ltr'>Neque</span> <span class='ocrx_word' id='word_1_427' title='bbox 2299 1509 2544 1580; x_wconf 76' lang='lat' dir='ltr'>justitiaa</span> <span class='ocrx_word' id='word_1_428' title='bbox 2587 1509 2846 1582; x_wconf 83' lang='lat' dir='ltr'>regulam</span> <span class='ocrx_word' id='word_1_429' title='bbox 2908 1510 2968 1565; x_wconf 93' lang='lat' dir='ltr'>in</span> <span class='ocrx_word' id='word_1_430' title='bbox 3025 1511 3302 1568; x_wconf 88' lang='lat' dir='ltr'>omnibus</span> <span class='ocrx_word' id='word_1_431' title='bbox 3366 1512 3730 1570; x_wconf 81' lang='lat' dir='ltr'>observavit:</span> 
     </span>
    </p>
   </div>
   <div class='ocr_carea' id='block_1_59' title="bbox 2081 1597 3734 1672">
    <p class='ocr_par' dir='ltr' id='par_1_59' title="bbox 2081 1597 3734 1672">
     <span class='ocr_line' id='line_1_59' title="bbox 2081 1597 3734 1672; baseline 0.005 -22"><span class='ocrx_word' id='word_1_432' title='bbox 2081 1597 2248 1666; x_wconf 86' lang='lat' dir='ltr'>cujus</span> <span class='ocrx_word' id='word_1_433' title='bbox 2280 1597 2581 1670; x_wconf 88' lang='lat' dir='ltr'>proprium</span> <span class='ocrx_word' id='word_1_434' title='bbox 2614 1605 2726 1664; x_wconf 90' lang='lat' dir='ltr'>est,</span> <span class='ocrx_word' id='word_1_435' title='bbox 2756 1599 2813 1653; x_wconf 90' lang='lat' dir='ltr'>id</span> <span class='ocrx_word' id='word_1_436' title='bbox 2847 1600 3052 1671; x_wconf 89' lang='lat' dir='ltr'>cuique</span> <span class='ocrx_word' id='word_1_437' title='bbox 3082 1601 3360 1671; x_wconf 83' lang='lat' dir='ltr'>tribuere,</span> <span class='ocrx_word' id='word_1_438' title='bbox 3397 1601 3548 1672; x_wconf 88' lang='lat' dir='ltr'>quod</span> <span class='ocrx_word' id='word_1_439' title='bbox 3611 1618 3734 1658; x_wconf 85' lang='lat' dir='ltr'>me-</span> 
     </span>
    </p>
   </div>
   <div class='ocr_carea' id='block_1_60' title="bbox 2080 1685 3734 1762">
    <p class='ocr_par' dir='ltr' id='par_1_60' title="bbox 2080 1685 3734 1762">
     <span class='ocr_line' id='line_1_60' title="bbox 2080 1685 3734 1762; baseline 0.004 -22"><span class='ocrx_word' id='word_1_440' title='bbox 2080 1691 2260 1741; x_wconf 90' lang='lat' dir='ltr'>retur.</span> <span class='ocrx_word' id='word_1_441' title='bbox 2292 1685 2392 1742; x_wconf 91' lang='lat' dir='ltr'>Ille</span> <span class='ocrx_word' id='word_1_442' title='bbox 2418 1703 2552 1742; x_wconf 91' lang='lat' dir='ltr'>vero</span> <span class='ocrx_word' id='word_1_443' title='bbox 2595 1687 2862 1760; x_wconf 85' lang='lat' dir='ltr'>cognatis</span> <span class='ocrx_word' id='word_1_444' title='bbox 2920 1694 2977 1744; x_wconf 92' lang='lat' dir='ltr'>et</span> <span class='ocrx_word' id='word_1_445' title='bbox 3033 1689 3321 1745; x_wconf 84' lang='lat' dir='ltr'>ministris</span> <span class='ocrx_word' id='word_1_446' title='bbox 3374 1690 3734 1762; x_wconf 86' lang='lat' dir='ltr'>quibusdam</span> 
     </span>
    </p>
   </div>
   <div class='ocr_carea' id='block_1_61' title="bbox 2081 1774 3738 1850">
    <p class='ocr_par' dir='ltr' id='par_1_61' title="bbox 2081 1774 3738 1850">
     <span class='ocr_line' id='line_1_61' title="bbox 2081 1774 3738 1850; baseline 0.002 -18"><span class='ocrx_word' id='word_1_447' title='bbox 2081 1780 2199 1832; x_wconf 89' lang='lat' dir='ltr'>tota</span> <span class='ocrx_word' id='word_1_448' title='bbox 2230 1774 2492 1848; x_wconf 89' lang='lat' dir='ltr'>plaustra</span> <span class='ocrx_word' id='word_1_449' title='bbox 2525 1775 2774 1848; x_wconf 63' lang='lat' dir='ltr'>publica:</span> <span class='ocrx_word' id='word_1_450' title='bbox 2803 1777 3083 1850; x_wconf 65' lang='lat' dir='ltr'>[pecunias</span> <span class='ocrx_word' id='word_1_451' title='bbox 3135 1779 3400 1849; x_wconf 71' lang='lat' dir='ltr'>praebuit,</span> <span class='ocrx_word' id='word_1_452' title='bbox 3451 1784 3508 1835; x_wconf 91' lang='lat' dir='ltr'>et</span> <span class='ocrx_word' id='word_1_453' title='bbox 3549 1797 3738 1836; x_wconf 87' lang='lat' dir='ltr'>annos</span> 
     </span>
    </p>
   </div>
   <div class='ocr_carea' id='block_1_62' title="bbox 2082 1864 3739 1941">
    <p class='ocr_par' dir='ltr' id='par_1_62' title="bbox 2082 1864 3739 1941">
     <span class='ocr_line' id='line_1_62' title="bbox 2082 1864 3739 1941; baseline 0.003 -22"><span class='ocrx_word' id='word_1_454' title='bbox 2082 1871 2358 1937; x_wconf 87' lang='lat' dir='ltr'>sumptus</span> <span class='ocrx_word' id='word_1_455' title='bbox 2389 1864 2754 1936; x_wconf 83' lang='lat' dir='ltr'>largissimos</span> <span class='ocrx_word' id='word_1_456' title='bbox 2814 1867 3232 1938; x_wconf 84' lang='lat' dir='ltr'>suppeditavit,</span> <span class='ocrx_word' id='word_1_457' title='bbox 3297 1873 3362 1923; x_wconf 92' lang='lat' dir='ltr'>ut</span> <span class='ocrx_word' id='word_1_458' title='bbox 3409 1872 3467 1924; x_wconf 90' lang='lat' dir='ltr'>et</span> <span class='ocrx_word' id='word_1_459' title='bbox 3506 1869 3739 1941; x_wconf 79' lang='lat' dir='ltr'>magnis</span> 
     </span>
    </p>
   </div>
   <div class='ocr_carea' id='block_1_63' title="bbox 2080 1953 3736 2030">
    <p class='ocr_par' dir='ltr' id='par_1_63' title="bbox 2080 1953 3736 2030">
     <span class='ocr_line' id='line_1_63' title="bbox 2080 1953 3736 2030; baseline 0.001 -20"><span class='ocrx_word' id='word_1_460' title='bbox 2080 1954 2292 2026; x_wconf 90' lang='lat' dir='ltr'>opibus</span> <span class='ocrx_word' id='word_1_461' title='bbox 2322 1953 2714 2021; x_wconf 86' lang='lat' dir='ltr'>abundarent,</span> <span class='ocrx_word' id='word_1_462' title='bbox 2748 1960 2805 2010; x_wconf 95' lang='lat' dir='ltr'>et</span> <span class='ocrx_word' id='word_1_463' title='bbox 2835 1957 3178 2012; x_wconf 88' lang='lat' dir='ltr'>comitatum</span> <span class='ocrx_word' id='word_1_464' title='bbox 3204 1956 3449 2026; x_wconf 89' lang='lat' dir='ltr'>alerent,</span> <span class='ocrx_word' id='word_1_465' title='bbox 3477 1975 3590 2012; x_wconf 87' lang='lat' dir='ltr'>non</span> <span class='ocrx_word' id='word_1_466' title='bbox 3617 1958 3736 2030; x_wconf 89' lang='lat' dir='ltr'>pri-</span> 
     </span>
    </p>
   </div>
   <div class='ocr_carea' id='block_1_64' title="bbox 2080 2041 3734 2114">
    <p class='ocr_par' dir='ltr' id='par_1_64' title="bbox 2080 2041 3734 2114">
     <span class='ocr_line' id='line_1_64' title="bbox 2080 2041 3734 2114; baseline 0.003 -18"><span class='ocrx_word' id='word_1_467' title='bbox 2080 2043 2231 2098; x_wconf 83' lang='lat' dir='ltr'>vatis</span> <span class='ocrx_word' id='word_1_468' title='bbox 2263 2041 2624 2108; x_wconf 91' lang='lat' dir='ltr'>hominibus,</span> <span class='ocrx_word' id='word_1_469' title='bbox 2660 2043 2760 2097; x_wconf 86' lang='lat' dir='ltr'>sed</span> <span class='ocrx_word' id='word_1_470' title='bbox 2787 2043 3244 2114; x_wconf 82' lang='lat' dir='ltr'>imperatoribus</span> <span class='ocrx_word' id='word_1_471' title='bbox 3267 2047 3734 2113; x_wconf 88' lang='lat' dir='ltr'>convenientem,</span> 
     </span>
    </p>
   </div>
   <div class='ocr_carea' id='block_1_65' title="bbox 2081 2133 3737 2205">
    <p class='ocr_par' dir='ltr' id='par_1_65' title="bbox 2081 2133 3737 2205">
     <span class='ocr_line' id='line_1_65' title="bbox 2081 2133 3737 2205; baseline 0.004 -21"><span class='ocrx_word' id='word_1_472' title='bbox 2081 2135 2259 2202; x_wconf 89' lang='lat' dir='ltr'>atque</span> <span class='ocrx_word' id='word_1_473' title='bbox 2289 2133 2442 2185; x_wconf 66' lang='lat' dir='ltr'>aedes</span> <span class='ocrx_word' id='word_1_474' title='bbox 2473 2139 2900 2202; x_wconf 84' lang='lat' dir='ltr'>compararent,</span> <span class='ocrx_word' id='word_1_475' title='bbox 2934 2139 3001 2187; x_wconf 87' lang='lat' dir='ltr'>ut</span> <span class='ocrx_word' id='word_1_476' title='bbox 3031 2135 3440 2205; x_wconf 79' lang='lat' dir='ltr'>magnitudine</span> <span class='ocrx_word' id='word_1_477' title='bbox 3488 2136 3737 2192; x_wconf 80' lang='lat' dir='ltr'>urbibus</span> 
     </span>
    </p>
   </div>
   <div class='ocr_carea' id='block_1_66' title="bbox 2082 2219 3734 2295">
    <p class='ocr_par' dir='ltr' id='par_1_66' title="bbox 2082 2219 3734 2295">
     <span class='ocr_line' id='line_1_66' title="bbox 2082 2219 3734 2295; baseline 0.002 -21"><span class='ocrx_word' id='word_1_478' title='bbox 2082 2237 2277 2291; x_wconf 88' lang='lat' dir='ltr'>pares,</span> <span class='ocrx_word' id='word_1_479' title='bbox 2309 2219 2391 2275; x_wconf 88' lang='lat' dir='ltr'>ita</span> <span class='ocrx_word' id='word_1_480' title='bbox 2406 2219 2844 2292; x_wconf 82' lang='lat' dir='ltr'>magniﬁcentia</span> <span class='ocrx_word' id='word_1_481' title='bbox 2866 2221 3043 2291; x_wconf 85' lang='lat' dir='ltr'>regiis</span> <span class='ocrx_word' id='word_1_482' title='bbox 3057 2222 3293 2294; x_wconf 90' lang='lat' dir='ltr'>palatiis</span> <span class='ocrx_word' id='word_1_483' title='bbox 3315 2241 3430 2280; x_wconf 91' lang='lat' dir='ltr'>non</span> <span class='ocrx_word' id='word_1_484' title='bbox 3455 2223 3734 2295; x_wconf 88' lang='lat' dir='ltr'>impares.</span> 
     </span>
    </p>
   </div>
   <div class='ocr_carea' id='block_1_67' title="bbox 2082 2308 3744 2384">
    <p class='ocr_par' dir='ltr' id='par_1_67' title="bbox 2082 2308 3744 2384">
     <span class='ocr_line' id='line_1_67' title="bbox 2082 2308 3744 2384; baseline 0.002 -20"><span class='ocrx_word' id='word_1_485' title='bbox 2082 2309 2231 2381; x_wconf 82' lang='lat' dir='ltr'>Erga</span> <span class='ocrx_word' id='word_1_486' title='bbox 2260 2308 2550 2381; x_wconf 89' lang='lat' dir='ltr'>reliquam</span> <span class='ocrx_word' id='word_1_487' title='bbox 2586 2327 2722 2365; x_wconf 90' lang='lat' dir='ltr'>vero</span> <span class='ocrx_word' id='word_1_488' title='bbox 2767 2310 3133 2366; x_wconf 84' lang='lat' dir='ltr'>nobilitatem</span> <span class='ocrx_word' id='word_1_489' title='bbox 3182 2329 3297 2366; x_wconf 93' lang='lat' dir='ltr'>non</span> <span class='ocrx_word' id='word_1_490' title='bbox 3357 2312 3597 2384; x_wconf 89' lang='lat' dir='ltr'>perinde</span> <span class='ocrx_word' id='word_1_491' title='bbox 3647 2313 3744 2368; x_wconf 88' lang='lat' dir='ltr'>be-</span> 
     </span>
    </p>
   </div>
   <div class='ocr_carea' id='block_1_68' title="bbox 2085 2397 3738 2471">
    <p class='ocr_par' dir='ltr' id='par_1_68' title="bbox 2085 2397 3738 2471">
     <span class='ocr_line' id='line_1_68' title="bbox 2085 2397 3738 2471; baseline 0.001 -16"><span class='ocrx_word' id='word_1_492' title='bbox 2085 2400 2331 2471; x_wconf 86' lang='lat' dir='ltr'>nignum</span> <span class='ocrx_word' id='word_1_493' title='bbox 2367 2415 2429 2453; x_wconf 91' lang='lat' dir='ltr'>se</span> <span class='ocrx_word' id='word_1_494' title='bbox 2461 2397 2732 2469; x_wconf 65' lang='lat' dir='ltr'>prebuit,</span> <span class='ocrx_word' id='word_1_495' title='bbox 2766 2415 2840 2454; x_wconf 94' lang='lat' dir='ltr'>ne</span> <span class='ocrx_word' id='word_1_496' title='bbox 2869 2400 3008 2470; x_wconf 91' lang='lat' dir='ltr'>quid</span> <span class='ocrx_word' id='word_1_497' title='bbox 3045 2400 3200 2455; x_wconf 89' lang='lat' dir='ltr'>aliud</span> <span class='ocrx_word' id='word_1_498' title='bbox 3238 2402 3308 2456; x_wconf 86' lang='lat' dir='ltr'>de</span> <span class='ocrx_word' id='word_1_499' title='bbox 3348 2401 3470 2456; x_wconf 91' lang='lat' dir='ltr'>viro</span> <span class='ocrx_word' id='word_1_500' title='bbox 3525 2401 3738 2469; x_wconf 90' lang='lat' dir='ltr'>dicam,</span> 
     </span>
    </p>
   </div>
   <div class='ocr_carea' id='block_1_69' title="bbox 2085 2487 3736 2560">
    <p class='ocr_par' dir='ltr' id='par_1_69' title="bbox 2085 2487 3736 2560">
     <span class='ocr_line' id='line_1_69' title="bbox 2085 2487 3736 2560; baseline 0.001 -16"><span class='ocrx_word' id='word_1_501' title='bbox 2085 2489 2255 2560; x_wconf 88' lang='lat' dir='ltr'>cujus</span> <span class='ocrx_word' id='word_1_502' title='bbox 2287 2487 2491 2544; x_wconf 89' lang='lat' dir='ltr'>honori</span> <span class='ocrx_word' id='word_1_503' title='bbox 2527 2487 2863 2542; x_wconf 89' lang='lat' dir='ltr'>consultum</span> <span class='ocrx_word' id='word_1_504' title='bbox 2899 2487 3046 2544; x_wconf 79' lang='lat' dir='ltr'>volo.</span> <span class='ocrx_word' id='word_1_505' title='bbox 3078 2489 3212 2552; x_wconf 67' lang='lat' dir='ltr'>Quas</span> <span class='ocrx_word' id='word_1_506' title='bbox 3237 2506 3330 2545; x_wconf 89' lang='lat' dir='ltr'>res</span> <span class='ocrx_word' id='word_1_507' title='bbox 3373 2490 3736 2545; x_wconf 88' lang='lat' dir='ltr'>Comnenum</span> 
     </span>
    </p>
   </div>
   <div class='ocr_carea' id='block_1_70' title="bbox 2083 2578 3740 2652">
    <p class='ocr_par' dir='ltr' id='par_1_70' title="bbox 2083 2578 3740 2652">
     <span class='ocr_line' id='line_1_70' title="bbox 2083 2578 3740 2652; baseline 0.001 -19"><span class='ocrx_word' id='word_1_508' title='bbox 2083 2578 2496 2648; x_wconf 90' lang='lat' dir='ltr'>imperatorem</span> <span class='ocrx_word' id='word_1_509' title='bbox 2525 2578 2845 2649; x_wconf 82' lang='lat' dir='ltr'>perfectum</span> <span class='ocrx_word' id='word_1_510' title='bbox 2870 2578 3127 2648; x_wconf 88' lang='lat' dir='ltr'>judicari</span> <span class='ocrx_word' id='word_1_511' title='bbox 3160 2596 3272 2634; x_wconf 89' lang='lat' dir='ltr'>non</span> <span class='ocrx_word' id='word_1_512' title='bbox 3299 2580 3740 2652; x_wconf 89' lang='lat' dir='ltr'>sinunt.Neque</span> 
     </span>
    </p>
   </div>
   <div class='ocr_carea' id='block_1_71' title="bbox 2084 2665 3735 2739">
    <p class='ocr_par' dir='ltr' id='par_1_71' title="bbox 2084 2665 3735 2739">
     <span class='ocr_line' id='line_1_71' title="bbox 2084 2665 3735 2739; baseline 0.001 -17"><span class='ocrx_word' id='word_1_513' title='bbox 2084 2666 2261 2722; x_wconf 91' lang='lat' dir='ltr'>etiam</span> <span class='ocrx_word' id='word_1_514' title='bbox 2294 2665 2514 2721; x_wconf 90' lang='lat' dir='ltr'>malum</span> <span class='ocrx_word' id='word_1_515' title='bbox 2547 2671 2911 2721; x_wconf 90' lang='lat' dir='ltr'>Comnenum</span> <span class='ocrx_word' id='word_1_516' title='bbox 2944 2667 3359 2739; x_wconf 89' lang='lat' dir='ltr'>imperatorem</span> <span class='ocrx_word' id='word_1_517' title='bbox 3415 2668 3735 2739; x_wconf 87' lang='lat' dir='ltr'>quisquam</span> 
     </span>
    </p>
   </div>
   <div class='ocr_carea' id='block_1_72' title="bbox 2085 2757 3740 2830">
    <p class='ocr_par' dir='ltr' id='par_1_72' title="bbox 2085 2757 3740 2830">
     <span class='ocr_line' id='line_1_72' title="bbox 2085 2757 3740 2830; baseline 0.001 -18"><span class='ocrx_word' id='word_1_518' title='bbox 2085 2757 2332 2812; x_wconf 86' lang='lat' dir='ltr'>dixerit:</span> <span class='ocrx_word' id='word_1_519' title='bbox 2366 2775 2504 2812; x_wconf 92' lang='lat' dir='ltr'>nam</span> <span class='ocrx_word' id='word_1_520' title='bbox 2538 2757 2639 2830; x_wconf 90' lang='lat' dir='ltr'>qui</span> <span class='ocrx_word' id='word_1_521' title='bbox 2682 2759 2944 2812; x_wconf 87' lang='lat' dir='ltr'>severius</span> <span class='ocrx_word' id='word_1_522' title='bbox 2994 2759 3052 2813; x_wconf 90' lang='lat' dir='ltr'>in</span> <span class='ocrx_word' id='word_1_523' title='bbox 3104 2759 3489 2830; x_wconf 85' lang='lat' dir='ltr'>imperatores</span> <span class='ocrx_word' id='word_1_524' title='bbox 3542 2760 3740 2830; x_wconf 89' lang='lat' dir='ltr'>inqui-</span> 
     </span>
    </p>
   </div>
   <div class='ocr_carea' id='block_1_73' title="bbox 2085 2846 3741 2918">
    <p class='ocr_par' dir='ltr' id='par_1_73' title="bbox 2085 2846 3741 2918">
     <span class='ocr_line' id='line_1_73' title="bbox 2085 2846 3741 2918; baseline 0.001 -16"><span class='ocrx_word' id='word_1_525' title='bbox 2085 2847 2268 2914; x_wconf 84' lang='lat' dir='ltr'>sierit,</span> <span class='ocrx_word' id='word_1_526' title='bbox 2301 2847 2574 2918; x_wconf 90' lang='lat' dir='ltr'>equidem</span> <span class='ocrx_word' id='word_1_527' title='bbox 2608 2864 2722 2902; x_wconf 92' lang='lat' dir='ltr'>non</span> <span class='ocrx_word' id='word_1_528' title='bbox 2784 2848 3037 2902; x_wconf 89' lang='lat' dir='ltr'>arbitror</span> <span class='ocrx_word' id='word_1_529' title='bbox 3090 2846 3276 2902; x_wconf 92' lang='lat' dir='ltr'>ullum</span> <span class='ocrx_word' id='word_1_530' title='bbox 3339 2848 3741 2904; x_wconf 87' lang='lat' dir='ltr'>Romanorum</span> 
     </span>
    </p>
   </div>
   <div class='ocr_carea' id='block_1_74' title="bbox 2085 2936 3737 3008">
    <p class='ocr_par' dir='ltr' id='par_1_74' title="bbox 2085 2936 3737 3008">
     <span class='ocr_line' id='line_1_74' title="bbox 2085 2936 3737 3008; baseline 0.002 -18"><span class='ocrx_word' id='word_1_531' title='bbox 2085 2936 2414 3008; x_wconf 61' lang='lat' dir='ltr'>principatu</span> <span class='ocrx_word' id='word_1_532' title='bbox 2466 2936 2796 3008; x_wconf 87' lang='lat' dir='ltr'>antiquitus</span> <span class='ocrx_word' id='word_1_533' title='bbox 2845 2938 3096 3008; x_wconf 90' lang='lat' dir='ltr'>potitum</span> <span class='ocrx_word' id='word_1_534' title='bbox 3151 2938 3525 2993; x_wconf 86' lang='lat' dir='ltr'>inventurum</span> <span class='ocrx_word' id='word_1_535' title='bbox 3584 2955 3737 3004; x_wconf 77' lang='lat' dir='ltr'>esse,</span> 
     </span>
    </p>
   </div>
   <div class='ocr_carea' id='block_1_75' title="bbox 2084 3025 3739 3097">
    <p class='ocr_par' dir='ltr' id='par_1_75' title="bbox 2084 3025 3739 3097">
     <span class='ocr_line' id='line_1_75' title="bbox 2084 3025 3739 3097; baseline 0 -16"><span class='ocrx_word' id='word_1_536' title='bbox 2084 3025 2144 3081; x_wconf 89' lang='lat' dir='ltr'>in</span> <span class='ocrx_word' id='word_1_537' title='bbox 2177 3042 2291 3097; x_wconf 90' lang='lat' dir='ltr'>quo</span> <span class='ocrx_word' id='word_1_538' title='bbox 2323 3025 2470 3080; x_wconf 88' lang='lat' dir='ltr'>nihil</span> <span class='ocrx_word' id='word_1_539' title='bbox 2494 3027 2564 3080; x_wconf 90' lang='lat' dir='ltr'>ad</span> <span class='ocrx_word' id='word_1_540' title='bbox 2599 3029 3066 3080; x_wconf 88' lang='lat' dir='ltr'>consummatam</span> <span class='ocrx_word' id='word_1_541' title='bbox 3090 3025 3324 3080; x_wconf 92' lang='lat' dir='ltr'>laudem</span> <span class='ocrx_word' id='word_1_542' title='bbox 3350 3025 3739 3081; x_wconf 88' lang='lat' dir='ltr'>desideretur.</span> 
     </span>
    </p>
   </div>
   <div class='ocr_carea' id='block_1_76' title="bbox 2085 3113 3744 3186">
    <p class='ocr_par' dir='ltr' id='par_1_76' title="bbox 2085 3113 3744 3186">
     <span class='ocr_line' id='line_1_76' title="bbox 2085 3113 3744 3186; baseline 0.001 -16"><span class='ocrx_word' id='word_1_543' title='bbox 2085 3116 2206 3179; x_wconf 89' lang='lat' dir='ltr'>Quo</span> <span class='ocrx_word' id='word_1_544' title='bbox 2239 3115 2325 3184; x_wconf 82' lang='lat' dir='ltr'>ﬁt,</span> <span class='ocrx_word' id='word_1_545' title='bbox 2361 3117 2422 3168; x_wconf 76' lang='lat' dir='ltr'>ut</span> <span class='ocrx_word' id='word_1_546' title='bbox 2453 3114 2800 3184; x_wconf 82' lang='lat' dir='ltr'>cujusquam</span> <span class='ocrx_word' id='word_1_547' title='bbox 2862 3113 3207 3186; x_wconf 81' lang='lat' dir='ltr'>gubernatio</span> <span class='ocrx_word' id='word_1_548' title='bbox 3265 3129 3334 3169; x_wconf 85' lang='lat' dir='ltr'>ex</span> <span class='ocrx_word' id='word_1_549' title='bbox 3396 3131 3626 3169; x_wconf 86' lang='lat' dir='ltr'>morum</span> <span class='ocrx_word' id='word_1_550' title='bbox 3685 3119 3744 3171; x_wconf 90' lang='lat' dir='ltr'>et</span> 
     </span>
    </p>
   </div>
   <div class='ocr_carea' id='block_1_77' title="bbox 2083 3202 3735 3274">
    <p class='ocr_par' dir='ltr' id='par_1_77' title="bbox 2083 3202 3735 3274">
     <span class='ocr_line' id='line_1_77' title="bbox 2083 3202 3735 3274; baseline 0 -16"><span class='ocrx_word' id='word_1_551' title='bbox 2083 3203 2380 3259; x_wconf 83' lang='lat' dir='ltr'>actionum</span> <span class='ocrx_word' id='word_1_552' title='bbox 2411 3203 2540 3274; x_wconf 78' lang='lat' dir='ltr'>eius</span> <span class='ocrx_word' id='word_1_553' title='bbox 2586 3203 2792 3274; x_wconf 87' lang='lat' dir='ltr'>majori</span> <span class='ocrx_word' id='word_1_554' title='bbox 2843 3209 3006 3274; x_wconf 88' lang='lat' dir='ltr'>parte</span> <span class='ocrx_word' id='word_1_555' title='bbox 3055 3202 3376 3274; x_wconf 89' lang='lat' dir='ltr'>judicetur.</span> <span class='ocrx_word' id='word_1_556' title='bbox 3433 3204 3570 3259; x_wconf 92' lang='lat' dir='ltr'>Sine</span> <span class='ocrx_word' id='word_1_557' title='bbox 3619 3203 3735 3258; x_wconf 92' lang='lat' dir='ltr'>cri-</span> 
     </span>
    </p>
   </div>
   <div class='ocr_carea' id='block_1_78' title="bbox 2081 3290 3732 3361">
    <p class='ocr_par' dir='ltr' id='par_1_78' title="bbox 2081 3290 3732 3361">
     <span class='ocr_line' id='line_1_78' title="bbox 2081 3290 3732 3361; baseline 0 -15"><span class='ocrx_word' id='word_1_558' title='bbox 2081 3292 2239 3346; x_wconf 70' lang='lat' dir='ltr'>mina</span> <span class='ocrx_word' id='word_1_559' title='bbox 2267 3296 2421 3346; x_wconf 92' lang='lat' dir='ltr'>certe</span> <span class='ocrx_word' id='word_1_560' title='bbox 2452 3291 2712 3361; x_wconf 89' lang='lat' dir='ltr'>quidem,</span> <span class='ocrx_word' id='word_1_561' title='bbox 2749 3292 2897 3346; x_wconf 79' lang='grc'>311</span> <span class='ocrx_word' id='word_1_562' title='bbox 2947 3297 3004 3346; x_wconf 92' lang='lat' dir='ltr'>et</span> <span class='ocrx_word' id='word_1_563' title='bbox 3058 3290 3411 3347; x_wconf 87' lang='lat' dir='ltr'>deteriorum</span> <span class='ocrx_word' id='word_1_564' title='bbox 3471 3291 3732 3347; x_wconf 72' lang='lat' dir='ltr'>affectio-</span> 
     </span>
    </p>
   </div>
   <div class='ocr_carea' id='block_1_79' title="bbox 2081 3379 3730 3452">
    <p class='ocr_par' dir='ltr' id='par_1_79' title="bbox 2081 3379 3730 3452">
     <span class='ocr_line' id='line_1_79' title="bbox 2081 3379 3730 3452; baseline -0.001 -16"><span class='ocrx_word' id='word_1_565' title='bbox 2081 3397 2223 3436; x_wconf 91' lang='lat' dir='ltr'>num</span> <span class='ocrx_word' id='word_1_566' title='bbox 2257 3397 2499 3452; x_wconf 90' lang='lat' dir='ltr'>prorsus</span> <span class='ocrx_word' id='word_1_567' title='bbox 2547 3396 2753 3452; x_wconf 87' lang='lat' dir='ltr'>expers</span> <span class='ocrx_word' id='word_1_568' title='bbox 2811 3395 2982 3434; x_wconf 87' lang='lat' dir='ltr'>nemo</span> <span class='ocrx_word' id='word_1_569' title='bbox 3041 3379 3401 3451; x_wconf 79' lang='lat' dir='ltr'>reperietur:</span> <span class='ocrx_word' id='word_1_570' title='bbox 3455 3379 3514 3434; x_wconf 89' lang='lat' dir='ltr'>id</span> <span class='ocrx_word' id='word_1_571' title='bbox 3573 3379 3730 3436; x_wconf 90' lang='lat' dir='ltr'>enim</span> 
     </span>
    </p>
   </div>
   <div class='ocr_carea' id='block_1_80' title="bbox 2080 3469 3734 3541">
    <p class='ocr_par' dir='ltr' id='par_1_80' title="bbox 2080 3469 3734 3541">
     <span class='ocr_line' id='line_1_80' title="bbox 2080 3469 3734 3541; baseline -0.001 -16"><span class='ocrx_word' id='word_1_572' title='bbox 2080 3471 2288 3526; x_wconf 69' lang='lat' dir='ltr'>divinae</span> <span class='ocrx_word' id='word_1_573' title='bbox 2319 3469 2615 3526; x_wconf 72' lang='lat' dir='ltr'>felicitatis</span> <span class='ocrx_word' id='word_1_574' title='bbox 2658 3471 2953 3541; x_wconf 88' lang='lat' dir='ltr'>proprium</span> <span class='ocrx_word' id='word_1_575' title='bbox 2992 3470 3186 3534; x_wconf 83' lang='lat' dir='ltr'>fuerit,</span> <span class='ocrx_word' id='word_1_576' title='bbox 3219 3485 3326 3525; x_wconf 88' lang='lat' dir='ltr'>nec</span> <span class='ocrx_word' id='word_1_577' title='bbox 3360 3485 3621 3540; x_wconf 88' lang='lat' dir='ltr'>unquam</span> <span class='ocrx_word' id='word_1_578' title='bbox 3673 3470 3734 3524; x_wconf 89' lang='lat' dir='ltr'>in</span> 
     </span>
    </p>
   </div>
   <div class='ocr_carea' id='block_1_81' title="bbox 2081 3557 3735 3625">
    <p class='ocr_par' dir='ltr' id='par_1_81' title="bbox 2081 3557 3735 3625">
     <span class='ocr_line' id='line_1_81' title="bbox 2081 3557 3735 3625; baseline -0.001 -12"><span class='ocrx_word' id='word_1_579' title='bbox 2081 3558 2336 3614; x_wconf 89' lang='lat' dir='ltr'>hominis</span> <span class='ocrx_word' id='word_1_580' title='bbox 2359 3563 2629 3613; x_wconf 90' lang='lat' dir='ltr'>naturam</span> <span class='ocrx_word' id='word_1_581' title='bbox 2659 3557 2960 3613; x_wconf 79' lang='lat' dir='ltr'>cadet.Hic</span> <span class='ocrx_word' id='word_1_582' title='bbox 2983 3557 3281 3613; x_wconf 86' lang='lat' dir='ltr'>scribendi</span> <span class='ocrx_word' id='word_1_583' title='bbox 3307 3557 3735 3625; x_wconf 80' lang='lat' dir='ltr'>ﬁncmfaciam,</span> 
     </span>
    </p>
   </div>
   <div class='ocr_carea' id='block_1_82' title="bbox 2077 3645 3735 3718">
    <p class='ocr_par' dir='ltr' id='par_1_82' title="bbox 2077 3645 3735 3718">
     <span class='ocr_line' id='line_1_82' title="bbox 2077 3645 3735 3718; baseline -0.002 -16"><span class='ocrx_word' id='word_1_584' title='bbox 2077 3652 2132 3702; x_wconf 91' lang='lat' dir='ltr'>et</span> <span class='ocrx_word' id='word_1_585' title='bbox 2163 3647 2420 3703; x_wconf 74' lang='lat' dir='ltr'>historias</span> <span class='ocrx_word' id='word_1_586' title='bbox 2452 3663 2692 3703; x_wconf 89' lang='lat' dir='ltr'>cursum</span> <span class='ocrx_word' id='word_1_587' title='bbox 2729 3646 3031 3713; x_wconf 88' lang='lat' dir='ltr'>inhibebo,</span> <span class='ocrx_word' id='word_1_588' title='bbox 3101 3645 3271 3718; x_wconf 85' lang='lat' dir='ltr'>longe</span> <span class='ocrx_word' id='word_1_589' title='bbox 3329 3660 3735 3716; x_wconf 83' lang='lat' dir='ltr'>progressum.</span> 
     </span>
    </p>
   </div>
   <div class='ocr_carea' id='block_1_83' title="bbox 2075 3734 3737 3806">
    <p class='ocr_par' dir='ltr' id='par_1_83' title="bbox 2075 3734 3737 3806">
     <span class='ocr_line' id='line_1_83' title="bbox 2075 3734 3737 3806; baseline -0.002 -15"><span class='ocrx_word' id='word_1_590' title='bbox 2075 3736 2222 3792; x_wconf 91' lang='lat' dir='ltr'>Nam</span> <span class='ocrx_word' id='word_1_591' title='bbox 2250 3753 2318 3792; x_wconf 87' lang='lat' dir='ltr'>ea</span> <span class='ocrx_word' id='word_1_592' title='bbox 2351 3737 2629 3791; x_wconf 83' lang='lat' dir='ltr'>mandare</span> <span class='ocrx_word' id='word_1_593' title='bbox 2655 3735 2869 3790; x_wconf 86' lang='lat' dir='ltr'>lilteris</span> <span class='ocrx_word' id='word_1_594' title='bbox 2903 3752 3030 3806; x_wconf 74' lang='lat' dir='ltr'>quas</span> <span class='ocrx_word' id='word_1_595' title='bbox 3089 3738 3315 3790; x_wconf 88' lang='lat' dir='ltr'>restant</span> <span class='ocrx_word' id='word_1_596' title='bbox 3366 3734 3580 3801; x_wconf 90' lang='lat' dir='ltr'>adhuc,</span> <span class='ocrx_word' id='word_1_597' title='bbox 3632 3749 3737 3788; x_wconf 89' lang='lat' dir='ltr'>nec</span> 
     </span>
    </p>
   </div>
   <div class='ocr_carea' id='block_1_84' title="bbox 2077 3821 3738 3896">
    <p class='ocr_par' dir='ltr' id='par_1_84' title="bbox 2077 3821 3738 3896">
     <span class='ocr_line' id='line_1_84' title="bbox 2077 3821 3738 3896; baseline -0.002 -16"><span class='ocrx_word' id='word_1_598' title='bbox 2077 3825 2236 3894; x_wconf 89' lang='lat' dir='ltr'>utile,</span> <span class='ocrx_word' id='word_1_599' title='bbox 2271 3841 2378 3880; x_wconf 87' lang='lat' dir='ltr'>nec</span> <span class='ocrx_word' id='word_1_600' title='bbox 2408 3824 2824 3896; x_wconf 89' lang='lat' dir='ltr'>tempestivum</span> <span class='ocrx_word' id='word_1_601' title='bbox 2854 3823 3137 3894; x_wconf 87' lang='lat' dir='ltr'>judicavi.</span> <span class='ocrx_word' id='word_1_602' title='bbox 3170 3824 3332 3887; x_wconf 90' lang='lat' dir='ltr'>Quod</span> <span class='ocrx_word' id='word_1_603' title='bbox 3367 3823 3416 3878; x_wconf 93' lang='lat' dir='ltr'>si</span> <span class='ocrx_word' id='word_1_604' title='bbox 3448 3839 3596 3895; x_wconf 91' lang='lat' dir='ltr'>opus</span> <span class='ocrx_word' id='word_1_605' title='bbox 3626 3821 3738 3877; x_wconf 86' lang='lat' dir='ltr'>hoc</span> 
     </span>
    </p>
   </div>
   <div class='ocr_carea' id='block_1_85' title="bbox 2078 3910 3739 3986">
    <p class='ocr_par' dir='ltr' id='par_1_85' title="bbox 2078 3910 3739 3986">
     <span class='ocr_line' id='line_1_85' title="bbox 2078 3910 3739 3986; baseline -0.002 -15"><span class='ocrx_word' id='word_1_606' title='bbox 2078 3914 2250 3971; x_wconf 88' lang='lat' dir='ltr'>alicui</span> <span class='ocrx_word' id='word_1_607' title='bbox 2285 3915 2582 3970; x_wconf 88' lang='lat' dir='ltr'>videbitur</span> <span class='ocrx_word' id='word_1_608' title='bbox 2611 3913 2775 3982; x_wconf 88' lang='lat' dir='ltr'>utile,</span> <span class='ocrx_word' id='word_1_609' title='bbox 2808 3913 2998 3986; x_wconf 80' lang='lat' dir='ltr'>gratia</span> <span class='ocrx_word' id='word_1_610' title='bbox 3028 3913 3104 3970; x_wconf 88' lang='lat' dir='ltr'>sit</span> <span class='ocrx_word' id='word_1_611' title='bbox 3134 3914 3271 3980; x_wconf 87' lang='lat' dir='ltr'>Deo,</span> <span class='ocrx_word' id='word_1_612' title='bbox 3305 3915 3476 3984; x_wconf 88' lang='lat' dir='ltr'>cujus</span> <span class='ocrx_word' id='word_1_613' title='bbox 3523 3910 3739 3968; x_wconf 83' lang='lat' dir='ltr'>auxilio</span> 
     </span>
    </p>
   </div>
   <div class='ocr_carea' id='block_1_86' title="bbox 2077 4002 3740 4073">
    <p class='ocr_par' dir='ltr' id='par_1_86' title="bbox 2077 4002 3740 4073">
     <span class='ocr_line' id='line_1_86' title="bbox 2077 4002 3740 4073; baseline -0.002 -15"><span class='ocrx_word' id='word_1_614' title='bbox 2077 4003 2234 4058; x_wconf 90' lang='lat' dir='ltr'>bona</span> <span class='ocrx_word' id='word_1_615' title='bbox 2262 4003 2460 4058; x_wconf 88' lang='lat' dir='ltr'>omnia</span> <span class='ocrx_word' id='word_1_616' title='bbox 2493 4002 2908 4056; x_wconf 85' lang='lat' dir='ltr'>conficiuntur.</span> <span class='ocrx_word' id='word_1_617' title='bbox 2944 4002 3047 4057; x_wconf 91' lang='lat' dir='ltr'>Sin</span> <span class='ocrx_word' id='word_1_618' title='bbox 3081 4016 3740 4073; x_wconf 77' lang='lat' dir='ltr'>supervacaneum,mea</span> 
     </span>
    </p>
   </div>
   <div class='ocr_carea' id='block_1_87' title="bbox 2077 4087 3736 4163">
    <p class='ocr_par' dir='ltr' id='par_1_87' title="bbox 2077 4087 3736 4163">
     <span class='ocr_line' id='line_1_87' title="bbox 2077 4087 3736 4163; baseline -0.004 -16"><span class='ocrx_word' id='word_1_619' title='bbox 2077 4093 2267 4163; x_wconf 87' lang='lat' dir='ltr'>culpa,</span> <span class='ocrx_word' id='word_1_620' title='bbox 2298 4090 2400 4145; x_wconf 89' lang='lat' dir='ltr'>illa</span> <span class='ocrx_word' id='word_1_621' title='bbox 2433 4089 2627 4159; x_wconf 87' lang='lat' dir='ltr'>fuerit,</span> <span class='ocrx_word' id='word_1_622' title='bbox 2661 4093 2718 4145; x_wconf 90' lang='lat' dir='ltr'>et</span> <span class='ocrx_word' id='word_1_623' title='bbox 2749 4089 2819 4144; x_wconf 92' lang='lat' dir='ltr'>ad</span> <span class='ocrx_word' id='word_1_624' title='bbox 2845 4105 2938 4143; x_wconf 90' lang='lat' dir='ltr'>me</span> <span class='ocrx_word' id='word_1_625' title='bbox 2969 4093 3269 4144; x_wconf 88' lang='lat' dir='ltr'>auctorem</span> <span class='ocrx_word' id='word_1_626' title='bbox 3297 4089 3497 4144; x_wconf 89' lang='lat' dir='ltr'>redeat</span> <span class='ocrx_word' id='word_1_627' title='bbox 3536 4087 3736 4156; x_wconf 74' lang='lat' dir='ltr'>fmtus,</span> 
     </span>
    </p>
   </div>
   <div class='ocr_carea' id='block_1_88' title="bbox 2077 4177 3133 4250">
    <p class='ocr_par' dir='ltr' id='par_1_88' title="bbox 2077 4177 3133 4250">
     <span class='ocr_line' id='line_1_88' title="bbox 2077 4177 3133 4250; baseline -0.004 -15"><span class='ocrx_word' id='word_1_628' title='bbox 2077 4181 2250 4250; x_wconf 90' lang='lat' dir='ltr'>cujus</span> <span class='ocrx_word' id='word_1_629' title='bbox 2281 4179 2624 4234; x_wconf 90' lang='lat' dir='ltr'>memoriam</span> <span class='ocrx_word' id='word_1_630' title='bbox 2659 4177 2906 4234; x_wconf 82' lang='lat' dir='ltr'>excitare</span> <span class='ocrx_word' id='word_1_631' title='bbox 2937 4182 3133 4248; x_wconf 89' lang='lat' dir='ltr'>queat.</span> 
     </span>
    </p>
   </div>
   <div class='ocr_carea' id='block_1_89' title="bbox 309 4257 3734 4344">
    <p class='ocr_par' dir='ltr' id='par_1_89' title="bbox 309 4257 3734 4344">
     <span class='ocr_line' id='line_1_89' title="bbox 309 4257 3734 4344; baseline -0.002 -22"><span class='ocrx_word' id='word_1_632' title='bbox 309 4267 498 4342; x_wconf 68' lang='grc' dir='ltr'>μέντοι</span> <span class='ocrx_word' id='word_1_633' title='bbox 557 4262 766 4344; x_wconf 78' lang='grc' dir='ltr'>φαῦλον</span> <span class='ocrx_word' id='word_1_634' title='bbox 825 4262 970 4320; x_wconf 65' lang='grc' dir='ltr'>εἷίποι</span> <span class='ocrx_word' id='word_1_635' title='bbox 1022 4284 1104 4326; x_wconf 88' lang='grc' dir='ltr'>τις</span> <span class='ocrx_word' id='word_1_636' title='bbox 1159 4263 1252 4317; x_wconf 87' lang='grc' dir='ltr'>τὸν</span> <span class='ocrx_word' id='word_1_637' title='bbox 1307 4263 1591 4336; x_wconf 84' lang='grc' dir='ltr'>Κομνηνὸν</span> <span class='ocrx_word' id='word_1_638' title='bbox 1653 4263 2042 4338; x_wconf 82' lang='grc' dir='ltr'>αὐτοκράτορα.</span> <span class='ocrx_word' id='word_1_639' title='bbox 2103 4265 2172 4320; x_wconf 70' lang='grc' dir='ltr'>Εἴ</span> <span class='ocrx_word' id='word_1_640' title='bbox 2229 4261 2286 4319; x_wconf 74' lang='grc' dir='ltr'>δὲ</span> <span class='ocrx_word' id='word_1_641' title='bbox 2340 4265 2438 4333; x_wconf 77' lang='grc' dir='ltr'>τὴν</span> <span class='ocrx_word' id='word_1_642' title='bbox 2495 4262 2625 4336; x_wconf 83' lang='grc' dir='ltr'>ἄγαν</span> <span class='ocrx_word' id='word_1_643' title='bbox 2679 4261 2953 4334; x_wconf 86' lang='grc' dir='ltr'>ἀκρίοειαν</span> <span class='ocrx_word' id='word_1_644' title='bbox 2990 4263 3182 4332; x_wconf 88' lang='grc' dir='ltr'>ζητοίη</span> <span class='ocrx_word' id='word_1_645' title='bbox 3227 4283 3311 4323; x_wconf 89' lang='grc' dir='ltr'>τις</span> <span class='ocrx_word' id='word_1_646' title='bbox 3343 4258 3397 4314; x_wconf 87' lang='grc' dir='ltr'>ἐν</span> <span class='ocrx_word' id='word_1_647' title='bbox 3425 4264 3542 4322; x_wconf 86' lang='grc' dir='ltr'>τοῖς</span> <span class='ocrx_word' id='word_1_648' title='bbox 3575 4257 3734 4314; x_wconf 86' lang='grc' dir='ltr'>αύτο-</span> 
     </span>
    </p>
   </div>
   <div class='ocr_carea' id='block_1_90' title="bbox 298 4345 3728 4432">
    <p class='ocr_par' dir='ltr' id='par_1_90' title="bbox 298 4345 3728 4432">
     <span class='ocr_line' id='line_1_90' title="bbox 298 4345 3728 4432; baseline -0.003 -21"><span class='ocrx_word' id='word_1_649' title='bbox 298 4357 619 4432; x_wconf 80' lang='grc' dir='ltr'>κράτορσιν,</span> <span class='ocrx_word' id='word_1_650' title='bbox 701 4353 801 4410; x_wconf 80' lang='grc' dir='ltr'>οὐκ</span> <span class='ocrx_word' id='word_1_651' title='bbox 869 4351 1023 4426; x_wconf 76' lang='grc' dir='ltr'>οἶμαί</span> <span class='ocrx_word' id='word_1_652' title='bbox 1095 4373 1216 4408; x_wconf 87' lang='grc' dir='ltr'>τινα</span> <span class='ocrx_word' id='word_1_653' title='bbox 1288 4355 1395 4407; x_wconf 90' lang='grc' dir='ltr'>τῶν</span> <span class='ocrx_word' id='word_1_654' title='bbox 1471 4352 1720 4417; x_wconf 71' lang='grc' dir='ltr'>ἀνέκαθεν</span> <span class='ocrx_word' id='word_1_655' title='bbox 1798 4359 1897 4422; x_wconf 86' lang='grc' dir='ltr'>τῆς</span> <span class='ocrx_word' id='word_1_656' title='bbox 1979 4353 2266 4428; x_wconf 83' lang='grc' dir='ltr'>Ῥωμαίων</span> <span class='ocrx_word' id='word_1_657' title='bbox 2341 4347 2750 4424; x_wconf 86' lang='grc' dir='ltr'>ἐπιϐεϐηκότων</span> <span class='ocrx_word' id='word_1_658' title='bbox 2828 4351 3124 4426; x_wconf 77' lang='grc' dir='ltr'>ἡγεμονίας</span> <span class='ocrx_word' id='word_1_659' title='bbox 3194 4349 3244 4404; x_wconf 93' lang='grc' dir='ltr'>ἐν</span> <span class='ocrx_word' id='word_1_660' title='bbox 3313 4354 3464 4404; x_wconf 80' lang='grc' dir='ltr'>πᾶσιν</span> <span class='ocrx_word' id='word_1_661' title='bbox 3523 4345 3728 4403; x_wconf 82' lang='grc' dir='ltr'>εὐδοκι-</span> 
     </span>
    </p>
   </div>
   <div class='ocr_carea' id='block_1_91' title="bbox 308 4435 3736 4519">
    <p class='ocr_par' dir='ltr' id='par_1_91' title="bbox 308 4435 3736 4519">
     <span class='ocr_line' id='line_1_91' title="bbox 308 4435 3736 4519; baseline -0.002 -20"><span class='ocrx_word' id='word_1_662' title='bbox 308 4443 531 4518; x_wconf 86' lang='grc' dir='ltr'>μηκότα</span> <span class='ocrx_word' id='word_1_663' title='bbox 585 4444 957 4518; x_wconf 84' lang='grc' dir='ltr'>κριθήσεσθαι,</span> <span class='ocrx_word' id='word_1_664' title='bbox 1018 4439 1148 4496; x_wconf 79' lang='grc' dir='ltr'>ἀλλ’</span> <span class='ocrx_word' id='word_1_665' title='bbox 1202 4440 1262 4496; x_wconf 85' lang='grc' dir='ltr'>ἐκ</span> <span class='ocrx_word' id='word_1_666' title='bbox 1315 4444 1412 4495; x_wconf 80' lang='grc' dir='ltr'>τοῦ</span> <span class='ocrx_word' id='word_1_667' title='bbox 1469 4439 1869 4503; x_wconf 81' lang='grc' dir='ltr'>πλεονάσοντος</span> <span class='ocrx_word' id='word_1_668' title='bbox 1926 4439 1978 4496; x_wconf 80' lang='grc' dir='ltr'>ἐν</span> <span class='ocrx_word' id='word_1_669' title='bbox 2037 4448 2155 4504; x_wconf 87' lang='grc' dir='ltr'>τοῖς</span> <span class='ocrx_word' id='word_1_670' title='bbox 2210 4440 2366 4512; x_wconf 65' lang='grc' dir='ltr'>⁴ἤθεσι</span> <span class='ocrx_word' id='word_1_671' title='bbox 2424 4445 2572 4519; x_wconf 79' lang='grc' dir='ltr'>σφῶν</span> <span class='ocrx_word' id='word_1_672' title='bbox 2629 4439 2721 4495; x_wconf 84' lang='grc' dir='ltr'>καὶ</span> <span class='ocrx_word' id='word_1_673' title='bbox 2772 4444 2890 4500; x_wconf 83' lang='grc' dir='ltr'>ταῖς</span> <span class='ocrx_word' id='word_1_674' title='bbox 2943 4439 3190 4516; x_wconf 79' lang='grc' dir='ltr'>πράξεσιν</span> <span class='ocrx_word' id='word_1_675' title='bbox 3242 4440 3449 4511; x_wconf 69' lang='grc' dir='ltr'>ἑκάστῳ</span> <span class='ocrx_word' id='word_1_676' title='bbox 3498 4440 3532 4507; x_wconf 74' lang='grc' dir='ltr'>ἡ</span> <span class='ocrx_word' id='word_1_677' title='bbox 3572 4435 3736 4492; x_wconf 91' lang='grc' dir='ltr'>πολι-</span> 
     </span>
    </p>
   </div>
   <div class='ocr_carea' id='block_1_92' title="bbox 304 4525 3739 4608">
    <p class='ocr_par' dir='ltr' id='par_1_92' title="bbox 304 4525 3739 4608">
     <span class='ocr_line' id='line_1_92' title="bbox 304 4525 3739 4608; baseline -0.003 -20"><span class='ocrx_word' id='word_1_678' title='bbox 304 4533 427 4588; x_wconf 84' lang='grc' dir='ltr'>τεία</span> <span class='ocrx_word' id='word_1_679' title='bbox 479 4535 976 4608; x_wconf 87' lang='grc' dir='ltr'>κεχαρακτήρισται</span> <span class='ocrx_word' id='word_1_680' title='bbox 1011 4572 1024 4586; x_wconf 94' lang='grc'><strong>.</strong></span> <span class='ocrx_word' id='word_1_681' title='bbox 1088 4527 1450 4606; x_wconf 76' lang='grc' dir='ltr'>Ἀνὲγκλητος</span> <span class='ocrx_word' id='word_1_682' title='bbox 1504 4529 1603 4605; x_wconf 72' lang='grc' dir='ltr'>γὰρ</span> <span class='ocrx_word' id='word_1_683' title='bbox 1665 4527 1842 4593; x_wconf 73' lang='grc' dir='ltr'>οὐδεὶς</span> <span class='ocrx_word' id='word_1_684' title='bbox 1898 4528 1959 4585; x_wconf 77' lang='grc' dir='ltr'>ἄν</span> <span class='ocrx_word' id='word_1_685' title='bbox 2009 4551 2143 4586; x_wconf 90' lang='grc' dir='ltr'>ποτε</span> <span class='ocrx_word' id='word_1_686' title='bbox 2196 4527 2325 4606; x_wconf 82' lang='grc' dir='ltr'>δόξῃ</span> <span class='ocrx_word' id='word_1_687' title='bbox 2389 4527 2505 4585; x_wconf 81' lang='grc' dir='ltr'>οὐδ’</span> <span class='ocrx_word' id='word_1_688' title='bbox 2561 4529 2766 4603; x_wconf 76' lang='grc' dir='ltr'>ἀμιγὴς</span> <span class='ocrx_word' id='word_1_689' title='bbox 2819 4535 2922 4598; x_wconf 81' lang='grc' dir='ltr'>τῆς</span> <span class='ocrx_word' id='word_1_690' title='bbox 2977 4529 3230 4606; x_wconf 76' lang='grc' dir='ltr'>χείρονος</span> <span class='ocrx_word' id='word_1_691' title='bbox 3284 4525 3466 4598; x_wconf 55' lang='grc' dir='ltr'>ἕξεως</span> <span class='ocrx_word' id='word_1_692' title='bbox 3532 4525 3739 4590; x_wconf 84' lang='grc' dir='ltr'>θειοτὲ-</span> 
     </span>
    </p>
   </div>
   <div class='ocr_carea' id='block_1_93' title="bbox 311 4614 3741 4701">
    <p class='ocr_par' dir='ltr' id='par_1_93' title="bbox 311 4614 3741 4701">
     <span class='ocr_line' id='line_1_93' title="bbox 311 4614 3741 4701; baseline -0.003 -22"><span class='ocrx_word' id='word_1_693' title='bbox 311 4644 408 4701; x_wconf 87' lang='grc' dir='ltr'>ρας</span> <span class='ocrx_word' id='word_1_694' title='bbox 463 4622 565 4698; x_wconf 77' lang='grc' dir='ltr'>γὰρ</span> <span class='ocrx_word' id='word_1_695' title='bbox 616 4625 780 4677; x_wconf 76' lang='grc' dir='ltr'>τοῦτο</span> <span class='ocrx_word' id='word_1_696' title='bbox 837 4618 1055 4696; x_wconf 86' lang='grc' dir='ltr'>μοίρας,</span> <span class='ocrx_word' id='word_1_697' title='bbox 1115 4616 1243 4674; x_wconf 83' lang='grc' dir='ltr'>ἀλλ’</span> <span class='ocrx_word' id='word_1_698' title='bbox 1303 4619 1407 4675; x_wconf 81' lang='grc' dir='ltr'>οὐκ</span> <span class='ocrx_word' id='word_1_699' title='bbox 1463 4618 1814 4696; x_wconf 88' lang='grc' dir='ltr'>ἀνθρωπίνης</span> <span class='ocrx_word' id='word_1_700' title='bbox 1873 4617 1958 4690; x_wconf 72' lang='grc' dir='ltr'>εἴη</span> <span class='ocrx_word' id='word_1_701' title='bbox 2019 4617 2079 4674; x_wconf 72' lang='grc' dir='ltr'>ἄν</span> <span class='ocrx_word' id='word_1_702' title='bbox 2147 4639 2282 4674; x_wconf 90' lang='grc' dir='ltr'>ποτε</span> <span class='ocrx_word' id='word_1_703' title='bbox 2337 4617 2546 4696; x_wconf 79' lang='grc' dir='ltr'>φύσεως</span> <span class='ocrx_word' id='word_1_704' title='bbox 2583 4659 2595 4673; x_wconf 92' lang='grc'>.</span> <span class='ocrx_word' id='word_1_705' title='bbox 2658 4615 2918 4672; x_wconf 81' lang='grc' dir='ltr'>Ἐνταῢθά</span> <span class='ocrx_word' id='word_1_706' title='bbox 2977 4639 3072 4690; x_wconf 85' lang='grc' dir='ltr'>μοι</span> <span class='ocrx_word' id='word_1_707' title='bbox 3125 4616 3189 4671; x_wconf 88' lang='grc' dir='ltr'>τὸ</span> <span class='ocrx_word' id='word_1_708' title='bbox 3243 4615 3410 4692; x_wconf 71' lang='grc' dir='ltr'>πέρας</span> <span class='ocrx_word' id='word_1_709' title='bbox 3464 4614 3583 4684; x_wconf 69' lang='grc' dir='ltr'>ἤτω</span> <span class='ocrx_word' id='word_1_710' title='bbox 3640 4619 3741 4683; x_wconf 80' lang='grc' dir='ltr'>τῆς</span> 
     </span>
    </p>
   </div>
   <div class='ocr_carea' id='block_1_94' title="bbox 309 4703 3740 4788">
    <p class='ocr_par' dir='ltr' id='par_1_94' title="bbox 309 4703 3740 4788">
     <span class='ocr_line' id='line_1_94' title="bbox 309 4703 3740 4788; baseline -0.003 -21"><span class='ocrx_word' id='word_1_711' title='bbox 309 4716 658 4788; x_wconf 67' lang='grc' dir='ltr'>συγγραφῆς,</span> <span class='ocrx_word' id='word_1_712' title='bbox 715 4708 806 4764; x_wconf 85' lang='grc' dir='ltr'>καὶ</span> <span class='ocrx_word' id='word_1_713' title='bbox 863 4709 892 4763; x_wconf 86' lang='grc' dir='ltr'>ὁ</span> <span class='ocrx_word' id='word_1_714' title='bbox 952 4704 1162 4783; x_wconf 89' lang='grc' dir='ltr'>δρόμος</span> <span class='ocrx_word' id='word_1_715' title='bbox 1209 4709 1393 4779; x_wconf 87' lang='grc' dir='ltr'>στήτω</span> <span class='ocrx_word' id='word_1_716' title='bbox 1447 4714 1549 4777; x_wconf 83' lang='grc' dir='ltr'>τῆς</span> <span class='ocrx_word' id='word_1_717' title='bbox 1603 4708 1870 4784; x_wconf 75' lang='grc' dir='ltr'>ἱστορίας,</span> <span class='ocrx_word' id='word_1_718' title='bbox 1923 4708 1981 4770; x_wconf 81' lang='grc' dir='ltr'>δς</span> <span class='ocrx_word' id='word_1_719' title='bbox 2043 4729 2139 4782; x_wconf 87' lang='grc' dir='ltr'>μοι</span> <span class='ocrx_word' id='word_1_720' title='bbox 2195 4708 2332 4784; x_wconf 89' lang='grc' dir='ltr'>πρὸς</span> <span class='ocrx_word' id='word_1_721' title='bbox 2387 4707 2592 4782; x_wconf 85' lang='grc' dir='ltr'>μακρὸν</span> <span class='ocrx_word' id='word_1_722' title='bbox 2651 4705 3046 4779; x_wconf 81' lang='grc' dir='ltr'>ἐκμεμήκισται</span> <span class='ocrx_word' id='word_1_723' title='bbox 3086 4750 3096 4761; x_wconf 96' lang='grc'><strong>.</strong></span> <span class='ocrx_word' id='word_1_724' title='bbox 3157 4703 3349 4760; x_wconf 76' lang='grc' dir='ltr'>Δοῦναι</span> <span class='ocrx_word' id='word_1_725' title='bbox 3400 4705 3502 4780; x_wconf 74' lang='grc' dir='ltr'>γὰρ</span> <span class='ocrx_word' id='word_1_726' title='bbox 3555 4707 3740 4781; x_wconf 78' lang='grc' dir='ltr'>γραφῇ</span> 
     </span>
    </p>
   </div>
   <div class='ocr_carea' id='block_1_95' title="bbox 309 4790 3738 4870">
    <p class='ocr_par' dir='ltr' id='par_1_95' title="bbox 309 4790 3738 4870">
     <span class='ocr_line' id='line_1_95' title="bbox 309 4790 3738 4870; baseline -0.003 -15"><span class='ocrx_word' id='word_1_727' title='bbox 309 4799 430 4855; x_wconf 84' lang='grc' dir='ltr'>νυνὶ</span> <span class='ocrx_word' id='word_1_728' title='bbox 486 4798 578 4855; x_wconf 81' lang='grc' dir='ltr'>καὶ</span> <span class='ocrx_word' id='word_1_729' title='bbox 633 4796 702 4853; x_wconf 82' lang='grc' dir='ltr'>τὰ</span> <span class='ocrx_word' id='word_1_730' title='bbox 753 4795 1032 4864; x_wconf 89' lang='grc' dir='ltr'>λείποντα,</span> <span class='ocrx_word' id='word_1_731' title='bbox 1092 4792 1154 4850; x_wconf 69' lang='grc' dir='ltr'>οὕ</span> <span class='ocrx_word' id='word_1_732' title='bbox 1211 4816 1304 4869; x_wconf 87' lang='grc' dir='ltr'>μοι</span> <span class='ocrx_word' id='word_1_733' title='bbox 1369 4794 1647 4860; x_wconf 76' lang='grc' dir='ltr'>λυσιτελὲς</span> <span class='ocrx_word' id='word_1_734' title='bbox 1703 4794 1819 4852; x_wconf 77' lang='grc' dir='ltr'>οὐδ’</span> <span class='ocrx_word' id='word_1_735' title='bbox 1871 4793 2119 4870; x_wconf 67' lang='grc' dir='ltr'>εὔκαιρον</span> <span class='ocrx_word' id='word_1_736' title='bbox 2178 4795 2420 4870; x_wconf 73' lang='grc' dir='ltr'>κέκριται</span> <span class='ocrx_word' id='word_1_737' title='bbox 2455 4837 2470 4852; x_wconf 91' lang='grc'><strong>.</strong></span> <span class='ocrx_word' id='word_1_738' title='bbox 2530 4793 2594 4852; x_wconf 74' lang='lat' dir='ltr'>Et</span> <span class='ocrx_word' id='word_1_739' title='bbox 2677 4794 2770 4867; x_wconf 73' lang='grc' dir='ltr'>μὲν</span> <span class='ocrx_word' id='word_1_740' title='bbox 2829 4792 2922 4849; x_wconf 73' lang='grc' dir='ltr'>οὖν</span> <span class='ocrx_word' id='word_1_741' title='bbox 2999 4793 3262 4867; x_wconf 85' lang='grc' dir='ltr'>ὀνήσιμόν</span> <span class='ocrx_word' id='word_1_742' title='bbox 3312 4814 3422 4848; x_wconf 92' lang='grc' dir='ltr'>τισι</span> <span class='ocrx_word' id='word_1_743' title='bbox 3481 4790 3621 4866; x_wconf 80' lang='grc' dir='ltr'>δόξει</span> <span class='ocrx_word' id='word_1_744' title='bbox 3675 4791 3738 4846; x_wconf 89' lang='grc' dir='ltr'>τὸ</span> 
     </span>
    </p>
   </div>
   <div class='ocr_carea' id='block_1_96' title="bbox 313 4876 3739 4962">
    <p class='ocr_par' dir='ltr' id='par_1_96' title="bbox 313 4876 3739 4962">
     <span class='ocr_line' id='line_1_96' title="bbox 313 4876 3739 4962; baseline -0.002 -19"><span class='ocrx_word' id='word_1_745' title='bbox 313 4888 565 4962; x_wconf 88' lang='grc' dir='ltr'>πόνημα,</span> <span class='ocrx_word' id='word_1_746' title='bbox 623 4889 704 4959; x_wconf 82' lang='grc' dir='ltr'>τῷ</span> <span class='ocrx_word' id='word_1_747' title='bbox 760 4889 878 4959; x_wconf 83' lang='grc' dir='ltr'>Θεῷ</span> <span class='ocrx_word' id='word_1_748' title='bbox 933 4885 1096 4961; x_wconf 84' lang='grc' dir='ltr'>χάρις</span> <span class='ocrx_word' id='word_1_749' title='bbox 1131 4929 1146 4957; x_wconf 95' lang='grc'>,</span> <span class='ocrx_word' id='word_1_750' title='bbox 1209 4880 1278 4939; x_wconf 90' lang='grc' dir='ltr'>δι’</span> <span class='ocrx_word' id='word_1_751' title='bbox 1356 4884 1525 4962; x_wconf 79' lang='grc' dir='ltr'>οὗπερ</span> <span class='ocrx_word' id='word_1_752' title='bbox 1584 4886 1724 4942; x_wconf 78' lang='grc' dir='ltr'>ἅπαν</span> <span class='ocrx_word' id='word_1_753' title='bbox 1791 4886 2151 4960; x_wconf 78' lang='grc' dir='ltr'>κατορθοῦται</span> <span class='ocrx_word' id='word_1_754' title='bbox 2202 4884 2370 4940; x_wconf 89' lang='grc' dir='ltr'>καλόν</span> <span class='ocrx_word' id='word_1_755' title='bbox 2405 4904 2419 4918; x_wconf 77' lang='grc'><strong><em>⁸</em></strong></span> <span class='ocrx_word' id='word_1_756' title='bbox 2478 4883 2524 4939; x_wconf 74' lang='grc' dir='ltr'>εἰ</span> <span class='ocrx_word' id='word_1_757' title='bbox 2589 4880 2634 4938; x_wconf 87' lang='grc' dir='ltr'>δ’</span> <span class='ocrx_word' id='word_1_758' title='bbox 2691 4881 2976 4947; x_wconf 73' lang='grc' dir='ltr'>ἀωντελές</span> <span class='ocrx_word' id='word_1_759' title='bbox 3007 4929 3024 4956; x_wconf 84' lang='grc'>,</span> <span class='ocrx_word' id='word_1_760' title='bbox 3086 4879 3168 4954; x_wconf 74' lang='grc' dir='ltr'>εῗή</span> <span class='ocrx_word' id='word_1_761' title='bbox 3229 4880 3290 4937; x_wconf 82' lang='grc' dir='ltr'>ἃν</span> <span class='ocrx_word' id='word_1_762' title='bbox 3348 4876 3621 4959; x_wconf 73' lang='grc' dir='ltr'>ἡμέτερον</span> <span class='ocrx_word' id='word_1_763' title='bbox 3675 4880 3739 4936; x_wconf 74' lang='grc' dir='ltr'>τὸ</span> 
     </span>
    </p>
   </div>
   <div class='ocr_carea' id='block_1_97' title="bbox 313 4970 3130 5052">
    <p class='ocr_par' dir='ltr' id='par_1_97' title="bbox 313 4970 3130 5052">
     <span class='ocr_line' id='line_1_97' title="bbox 313 4970 3130 5052; baseline -0.003 -17"><span class='ocrx_word' id='word_1_764' title='bbox 313 4976 569 5052; x_wconf 81' lang='grc' dir='ltr'>αἶ’τίαμα,</span> <span class='ocrx_word' id='word_1_765' title='bbox 626 4973 717 5030; x_wconf 80' lang='grc' dir='ltr'>καὶ</span> <span class='ocrx_word' id='word_1_766' title='bbox 751 4973 990 5030; x_wconf 81' lang='grc' dir='ltr'>ἐπανίτω</span> <span class='ocrx_word' id='word_1_767' title='bbox 1018 4973 1158 5051; x_wconf 86' lang='grc' dir='ltr'>πρός</span> <span class='ocrx_word' id='word_1_768' title='bbox 1192 4993 1260 5046; x_wconf 86' lang='grc' dir='ltr'>με</span> <span class='ocrx_word' id='word_1_769' title='bbox 1288 4972 1380 5028; x_wconf 81' lang='grc' dir='ltr'>τὸν</span> <span class='ocrx_word' id='word_1_770' title='bbox 1411 4974 1637 5030; x_wconf 86' lang='grc' dir='ltr'>τεκόντα</span> <span class='ocrx_word' id='word_1_771' title='bbox 1665 4973 1728 5030; x_wconf 86' lang='grc' dir='ltr'>τὸ</span> <span class='ocrx_word' id='word_1_772' title='bbox 1758 4972 2082 5048; x_wconf 86' lang='grc' dir='ltr'>ἀποκύημα,</span> <span class='ocrx_word' id='word_1_773' title='bbox 2116 4972 2368 5048; x_wconf 85' lang='grc' dir='ltr'>ἐσόμενόν</span> <span class='ocrx_word' id='word_1_774' title='bbox 2407 4994 2499 5047; x_wconf 89' lang='grc' dir='ltr'>μοι</span> <span class='ocrx_word' id='word_1_775' title='bbox 2537 4974 2762 5047; x_wconf 87' lang='grc' dir='ltr'>μνήμης</span> <span class='ocrx_word' id='word_1_776' title='bbox 2790 4970 3130 5046; x_wconf 80' lang='grc' dir='ltr'>ἐμπύρευμα.</span> 
     </span>
    </p>
   </div>
  </div>
