4126 6360
312 433 433 494 329
1456 427 1869 492 ANNALIUM
1913 427 2490 494 CHRONOLOGIA.
2537 431 2610 490 Χ.
3615 427 3734 489 330

317 564 582 643 ,Αναρχία
611 563 702 620 καὶ
733 561 924 642 εΐρήνη
949 561 1046 620 τοῦ
1069 560 1297 641 Ἰσραὴλ
1327 559 1422 634 ἔτη
1458 561 1546 638 λβι
1815 557 1968 637 81kg.

2101 566 2482 636 ‘nterregnum
2513 583 2610 623 an.
2643 566 2714 622 32
3590 565 3732 620 4392

312 655 466 714 Ἠλεὶ
499 656 527 710 ὁ
555 653 731 728 ἱερεὺς
761 652 931 728 ἔκρινε
959 654 1052 709 τὸν
1085 651 1306 730 Ἰσραὴλ
1334 648 1430 723 ἔτη
1463 653 1509 706 κ’
1813 645 1970 724 ,δυιβ’

2101 653 2205 710 {eli
2236 657 2509 712 sacerdos
2530 656 2767 728 judicat
2790 671 2886 712 an.
2917 657 2990 710 20
3587 653 3732 708 4412

389 774 539 830 Κατα
570 768 626 826 δὲ
653 769 781 832 τοὺς
809 769 1044 846 χρόνους
1069 768 1224 828 Ἠλεὶ
1272 773 1369 825 τοῦ
1401 767 1590 843 ἱερέως
1621 767 1648 822 ὁ
1680 765 1818 842 πρὸς
1847 763 1970 826 τοὺς

313 865 502 938 Τρῶας
535 859 782 934 πόλεμος
811 859 1029 926 συνέστη
1066 863 1183 924 τοῖς
1229 857 1525 930 Ἕλλησιν·
1577 855 1696 912 καθ’
1740 853 1834 918 οὕς
1880 852 1972 908 καὶ

312 953 566 1028 Ὅμηρος
594 947 858 1024 ἤκμαζεν.

319 1065 587 1141 Σαμουὴλ
617 1062 796 1142 ἔκρινε
824 1064 916 1119 τὸν
949 1062 1172 1141 Ἰσραὴλ
1195 1059 1288 1134 ἔτη
1315 1064 1366 1119 κ’
1799 1057 1971 1133 ,δυλβ’

318 1154 502 1214 Σαοὺλ
529 1150 843 1212 ἐϐασίλευσε
865 1157 964 1209 τοῦ
995 1153 1215 1232 Ἰσραὴλ
1246 1151 1342 1224 ἔτη
1375 1153 1421 1207 κ’
1807 1146 1971 1224 ιδυνβ’

319 1241 486 1302 Δαϐὶδ
518 1240 832 1300 ἐϐασίλευσε
861 1242 956 1297 τοῦ
989 1241 1210 1319 Ἰσραὴλ
1233 1241 1329 1312 ’ἐτη
1368 1242 1418 1315 μ’
1800 1234 1973 1314 ,δυιιβθ

387 1363 508 1422 Απὸ
541 1359 598 1416 δὲ
623 1365 726 1430 τῆς
762 1357 1041 1434 βασιλείας
1071 1354 1238 1414 Δαϐ)δ
1267 1357 1372 1421 ἓως
1402 1363 1503 1426 τῆς
1533 1359 1640 1411 τῶν
1680 1351 1964 1427 Ῥωμαίων

321 1451 604 1527 βασιλείας
635 1449 728 1524 ἔτη
760 1445 910 1524 δεῖ,
943 1445 1050 1503 ἀπὸ
1077 1445 1134 1503 δὲ
1159 1445 1387 1509 κτίσεως
1415 1445 1626 1518 κόσμου
1657 1440 1752 1514 ἔτη
1783 1461 1971 1496 πεντα-

321 1541 576 1618 κισχίλια
602 1543 678 1597 υν⁹

317 1650 477 1713 Γαίος
507 1647 738 1712 Ἰούλιος
769 1643 1114 1704 ἐϐασίλευσεν
1147 1640 1240 1716 ἔτη
1276 1640 1318 1699 δ’
1851 1638 1976 1713 ,ευν’

312 1737 630 1816 Αὔγουστος
659 1733 1006 1794 ἐϐασίλευσεν
1041 1727 1133 1806 ἔτη
1158 1733 1236 1798 νς¹
1845 1727 1972 1806 ,εφεί

387 1860 476 1929 Τῷ
505 1854 700 1910 τούτου
728 1854 822 1930 μβ¹
850 1847 956 1908 ἔτει
1001 1857 1102 1920 τῆς
1152 1845 1436 1926 βασιλείας
1484 1849 1731 1922 γεννᾶται
1782 1843 1811 1898 6
1861 1842 1970 1900 Κύ-

317 1966 440 2022 ριος
487 1947 648 2020 ἡμῶν
693 1944 905 2016 Ἰησοῦς
949 1939 1182 2014 Χριστὸς
1229 1935 1367 1993 κατᾶ
1413 1937 1584 2012 σάρκα
1629 1934 1680 1990 ἐν
1719 1931 1972 2022 Βηθλεὲμ

311 2019 419 2106 τῆς
470 2029 732 2096 Ἰουδαίας
778 2029 838 2085 ἐκ
881 2035 981 2100 τῆς
1025 2025 1418 2102 ’Λειπαρθένου
1467 2022 1704 2100 Μαρίας,
1731 2021 1820 2078 καὶ
1877 2019 1974 2076 πά-

315 2143 443 2200 σχει
485 2123 549 2179 τὸ
593 2119 838 2178 ἑκούσιον
882 2120 1057 2184 πάθος
1094 2116 1146 2172 ἐν
1195 2119 1273 2188 τῷ
1329 2120 1396 2186 ιη’
1426 2112 1532 2170 ἔτει
1559 2117 1662 2183 τῆς
1695 2106 1975 2200 βασιλείας

311 2192 574 2288 Ἰζιτϐερίου
621 2209 910 2288 Καίσαρος⁸
953 2211 1036 2281 τῷ
1073 2207 1176 2285 γὰρ
1225 2210 1281 2260 ιε’
1322 2207 1420 2259 τοῦ
1468 2203 1639 2259 αὐτοῦ
1716 2192 1971 2276 Τιϐερίοῦ

312 2296 618 2372 ἐϐαπτίσθη
629 2343 642 2357 .

308 2413 574 2493 Τιϐέριος
606 2410 948 2472 ἐϐασίλευσεν
979 2406 1072 2484 ἔτη
1103 2411 1189 2488 κβ¹
1806 2424 1958 2493 αεφκη

312 2491 482 2572 Γαίος
510 2503 682 2568 ἄλλος
716 2499 1056 2560 ἐϐασίλευσεν
1089 2497 1182 2572 ἔτη
1216 2498 1258 2556 δ’
1802 2491 1960 2571 ,εφλβ

312 2595 592 2658 Κλαύδιος
623 2588 963 2649 ἐϐασίλευσεν
993 2587 1086 2662 ἔτη
1124 2587 1185 2644 ιδ’
1801 2583 1974 2662 γεφμᾷ

313 2688 512 2763 Νέρων
544 2687 574 2741 6
603 2685 720 2750 υἱὸς
749 2683 914 2740 αὐτοῦ⁹
945 2677 1288 2738 ἐϐασίλευσεν
1319 2675 1414 2749 ἔτη
1449 2673 1513 2731 ιδ’
1851 2673 1974 2748 βφξ⁹

317 2773 540 2840 Γάλϐας
575 2781 754 2851 μῆνας
787 2775 826 2844 ζ’

319 2869 500 2922 ’Όθων
538 2873 712 2940 μῆνας
735 2865 781 2940 γ’

329 2954 648 3018 Οὐϊτέλλιος
686 2959 865 3029 μῆνας
895 2975 929 3024 η

335 3043 719 3106 Οὗεςπασιανὸς
749 3036 1096 3098 ἐϐασίλευσεο
1124 3037 1216 3109 ἔτη
1250 3043 1280 3092 ι’
1816 3032 1976 3109 ,εφοοί

333 3133 482 3196 Τίτος
509 3127 846 3189 ἐϐασίλευσεν
878 3128 971 3202 ἔτη
1002 3136 1048 3206 γ’
1817 3118 1975 3200 ιειροδ¹

397 3251 517 3310 Ἐπὶ
564 3249 763 3306 τούτου
809 3248 901 3304 καὶ
951 3249 986 3317 ἠ
1035 3249 1144 3302 τῶν
1191 3241 1589 3320 Ἱεροσολύμων
1640 3237 1845 3302 ἅλωσις
1884 3237 1974 3314 γέ-

319 3362 470 3418 γονε,
502 3339 593 3395 καὶ
624 3341 660 3410 ἡ
691 3335 967 3408 παντελὴς
1010 3339 1119 3391 τῶν
1170 3329 1448 3392 Ἰουδαίων
1500 3331 1594 3408 ἔρή
1608 3351 1802 3405 μωσις.
1836 3328 1976 3384 Ἀπὸ

320 3429 380 3486 δὲ
425 3437 526 3500 τῆς
572 3427 831 3499 τοιαύτης
878 3425 1136 3487 ἁλώσεως
1176 3420 1283 3487 ἕως
1335 3429 1435 3493 τῆς
1489 3419 1770 3496 βασιλείας
1822 3425 1976 3474 Κων-

321 3519 607 3576 σταντίνου
654 3522 752 3572 τοῦ
809 3514 1088 3590 Μεγαλου,
1141 3509 1268 3584 ἤτοι
1319 3519 1418 3582 τῆς
1473 3515 1580 3566 τῶν
1639 3512 1970 3585 Χριστιανῶν

326 3607 636 3685 βασιλείας,
689 3602 782 3677 ἔτη
827 3605 962 3674 σλζ’,
1016 3603 1122 3658 ἀπὸ
1181 3599 1239 3656 δὲ
1301 3599 1527 3662 κτίσεως
1593 3598 1803 3673 κόσμου
1879 3595 1972 3669 ἔτη

315 3704 530 3773 ,εωμα’,
580 3696 687 3752 ἀπὸ
741 3692 798 3750 δὲ
838 3700 938 3764 τῆς
985 3693 1082 3748 τοῦ
1131 3693 1362 3769 Χριστοῦ
1400 3689 1724 3762 ἀνακήψεως
1751 3686 1857 3752 ἓως
1879 3695 1978 3757 τῆς

327 3787 590 3849 ἁλώσεως
620 3782 1020 3861 Ἱεροσολύμων
1055 3779 1148 3852 ἔτη
1185 3788 1298 3856 μη¹.

2151 771 2315 827 Circa
2343 776 2610 845 tempora
2659 772 2787 828 Heli
2837 773 3168 829 Graecorum
3221 771 3502 828 adversus
3528 770 3732 842 Troja-

2082 878 2188 917 nos
2212 860 2432 917 bellum
2464 862 2694 932 accidit,
2740 878 2854 934 quo
2906 861 3083 918 etiam
3132 864 3398 933 tempore
3444 859 3732 917 Homerus

2082 949 2298 1006 ﬂoruit.

3589 1065 3733 1121 4432

3589 1155 3732 1209 4452

3589 1244 3731 1298 4492

2149 1363 2195 1416 Α
2233 1361 2415 1418 David
2448 1379 2636 1434 usque
2687 1363 2759 1418 ad
2813 1366 3104 1419 Romanos
3155 1362 3539 1432 imperatores
3587 1358 3727 1417 anni

2080 1459 2223 1508 sunt
2245 1453 2369 1508 940.
2403 1457 2451 1506 A
2476 1451 2681 1508 mundi
2706 1453 2945 1508 conditu
2977 1451 3116 1509 anni
3142 1452 3284 1506 5450

2082 1065 2318 1122 Samuel
2344 1067 2571 1138 judicat
2601 1065 2872 1122 Israelem
2905 1083 2998 1123 an.
3031 1069 3103 1122 20

2082 1155 2220 1212 Saul
2253 1159 2458 1228 regnat
2485 1155 2542 1210 in
2577 1155 2756 1212 Israel
2787 1173 2882 1212 an.
2913 1157 2984 1212 20

2082 1245 2257 1301 David
2293 1249 2497 1318 regnat
2524 1245 2585 1301 in
2625 1248 2803 1303 Israel
2837 1263 2932 1303 an.
2965 1247 3034 1302 40

3585 1645 3730 1700 5450

3588 1734 3732 1790 5506

2080 1652 2138 1704 C.
2172 1648 2368 1706 Julius
2399 1648 2651 1722 imperat
2678 1665 2775 1705 an.
2805 1649 2839 1703 4

2079 1740 2383 1811 Augustus
2413 1738 2666 1810 imperat
2695 1755 2791 1795 an.
2824 1739 2896 1793 56

2152 1854 2342 1926 Hujus
2390 1854 2624 1927 imperii
2656 1871 2752 1911 an.
2787 1854 2857 1909 42
2904 1852 3170 1910 nascitur
3220 1850 3500 1909 Dominus
3533 1853 3733 1907 noster

2079 1941 2251 2000 Jesus
2280 1941 2548 2001 Christus
2580 1943 2904 2000 secundum
2935 1958 3174 1999 carnem
3203 1941 3264 1998 in
3297 1939 3593 1998 Bethleem
3621 1939 3730 1996 Ju-

2081 2031 2169 2088 das
2200 2033 2271 2088 de
2303 2031 2534 2105 Virgine
2562 2031 2764 2099 Maria,
2796 2037 2853 2088 et
2879 2030 3243 2090 voluntarias
3265 2047 3467 2104 poenas
3488 2045 3727 2103 perpes-

2081 2138 2185 2178 sus
2214 2125 2304 2178 est
2333 2139 2406 2177 an
2437 2121 2670 2194 imperii
2699 2120 2914 2177 Tiberii
2943 2121 3189 2179 Caesaris
3207 2119 3451 2178 18.Nam
3482 2119 3551 2175 15
3569 2119 3730 2190 ejus-

2080 2210 2216 2267 dem
2248 2227 2402 2268 anno
2431 2209 2764 2283 baptizatus
2794 2214 2902 2269 est.

1961 2424 1972 2443 '
2081 2417 2350 2476 Tiberius
2375 2417 2625 2490 imperat
2653 2434 2749 2474 an.
2779 2417 2852 2472 22
3591 2415 3734 2471 5528

1961 2499 1971 2516 ’
2081 2509 2252 2566 Caius
2283 2507 2430 2565 alter
2458 2508 2703 2579 imperat
2729 2523 2826 2563 an.
2859 2507 2893 2562 4
3590 2505 3737 2561 8532

2081 2599 2358 2656 Claudius
2387 2599 2639 2671 imperat
2668 2615 2763 2653 an.
2800 2596 2866 2651 14
3592 2594 3736 2650 5546

2082 2687 2230 2746 Nero
2262 2688 2442 2760 hujus
2473 2687 2631 2744 ﬁlius
2663 2686 2917 2759 imperat
2947 2702 3044 2742 an.
3077 2685 3146 2741 14
3591 2683 3736 2740 5560

2086 2777 2271 2836 Galba
2303 2793 2491 2834 mens.
2519 2777 2556 2830 7

2085 2867 2234 2924 Otho
2268 2884 2457 2924 mens.
2487 2867 2522 2922 3

2085 2956 2362 3013 Vitellius
2394 2972 2579 3012 mens.
2611 2956 2646 3009 8

2085 3046 2480 3119 Vespasienus
2507 3045 2760 3118 imperat
2790 3061 2886 3102 an.
2921 3044 2989 3100 10
3593 3043 3732 3099 5571

2084 3137 2251 3192 Titus
2280 3135 2535 3208 imperat
2564 3153 2659 3192 an.
2691 3135 2726 3186 3
3595 3134 3738 3189 5574

2157 3253 2279 3310 Sub
2312 3252 2420 3308 hoc
2461 3249 3002 3323 Hierosolymorum
3045 3248 3338 3306 excidium
3390 3248 3636 3320 contigit
3684 3257 3740 3305 et

2088 3342 2430 3399 omnimoda
2459 3331 2796 3398 Judseorum
2827 3339 3132 3396 desolatio.
3173 3343 3346 3395 Porro
3378 3339 3450 3395 ab
3499 3338 3609 3394 hoc
3641 3355 3740 3395 ex-

2087 3432 2240 3489 cidio
2272 3432 2344 3487 ad
2367 3430 2734 3488 Constantini
2763 3433 2836 3484 M.
2872 3430 2993 3485 sive
3036 3428 3502 3489 Christianorum
3554 3428 3740 3500 impe-

2087 3522 2241 3578 rium
2273 3539 2368 3578 an.
2419 3524 2560 3577 sunt
2597 3521 2723 3575 237.
2771 3520 2852 3575 Ab
2902 3518 2966 3574 Ο.
3017 3518 3078 3574 C.
3110 3518 3272 3574 5841.
3310 3521 3347 3574 A
3377 3517 3592 3574 Christi
3623 3518 3742 3574 Do-

2090 3611 2235 3667 mini
2275 3610 2618 3668 ascensione
2677 3609 2750 3666 ad
2807 3610 3097 3668 excidium
3146 3607 3738 3681 Hierosolymitanum

2089 3719 2185 3758 an.
2219 3702 2312 3759 48.

326 3916 739 3973 Κωνσταντῖνος
773 3911 801 3964 6
833 3907 1020 3984 Μέγας
1049 3902 1142 3978 ἔτη
1176 3903 1257 3982 λγ¹
1798 3905 1971 3975 ,εωμα

2101 3914 2511 3973 Ξοηεῐοηιὶῐιυε
2540 3917 2612 3968 Μ.
2643 3929 2738 3970 an°
2771 3913 2841 3968 33
3593 3909 3731 3965 5851

327 4003 706 4063 Κωνστάντιος
737 3999 764 4054 6
797 3999 915 4063 υἱὸς
943 3997 1110 4053 αὐτοῦ
1141 3993 1234 4067 ἔτη
1268 3992 1346 4050 κδ’
1823 3991 1971 4066 γεωξε¹

2101 4004 2466 4062 3onstantius
2495 4003 2624 4074 ejus
2652 4001 2812 4058 ﬁlius
2837 4017 2934 4058 an.
2960 4001 3031 4056 24
3591 3999 3737 4054 5865

323 4089 623 4154 Ἰουλιανὸς
652 4089 680 4143 6
711 4081 1035 4163 παραϐάτης
1067 4078 1162 4155 ἔτη
1818 4079 1971 4154 ,ιωξζ

2101 4092 2357 4150 luiianus
2387 4093 2669 4164 Apostata
2701 4107 2796 4147 an.
2826 4092 2863 4145 2
3591 4087 3735 4142 5867

325 4175 598 4243 Ἰοϐιανὸς
624 4174 746 4240 ἓτος
770 4182 816 4231 α’
1813 4169 1971 4242 ,εωξη

2101 4181 2370 4239 Iovianus
2401 4197 2497 4236 an.
2530 4180 2557 4235 1
3595 4175 3739 4232 5868

325 4266 804 4336 Οὗαλεντινιανὸς,
835 4260 928 4336 ἔτη
967 4263 1036 4340 ιβ’
1839 4269 1971 4332 γεωπ

2101 4270 2537 4326 Valentinianus
2567 4285 2663 4324 an.
2698 4269 2768 4324 12
3597 4265 3740 4320 5880

329 4355 559 4426 Οὐάλης
590 4356 619 4410 6
645 4351 881 4432 ἀδελφὸς
910 4352 1076 4410 αὐτοῦ
1106 4348 1200 4420 ἔτη
1231 4350 1277 4424 γ’
1805 4367 1970 4422 ,ιωπγ

2101 4359 2305 4416 Valens
2330 4359 2512 4430 hujus
2541 4358 2721 4414 frater
2749 4373 2844 4416 an.
2879 4357 2913 4411 3
3601 4353 3746 4411 5883

332 4445 629 4522 Γρατιανὸς
661 4441 753 4514 ἔτη
783 4443 832 4518 γ’
1805 4451 1971 4512 ⁴ιωπς

2101 4449 2408 4507 Gratianus
2437 4465 2534 4504 an.
2561 4447 2597 4502 3
3603 4443 3748 4499 5886

330 4531 626 4596 Θεοδόσιος
658 4533 687 4588 6
716 4529 895 4607 Μέγας
928 4523 1022 4601 ἔτη
1058 4530 1120 4599 ιζ’
1855 4527 1971 4601 ’379

2101 4537 2462 4595 Theodosius
2493 4540 2564 4593 M.
2599 4553 2693 4592 an.
2730 4536 2798 4591 17
3601 4533 3746 4588 5900

333 4621 623 4701 ’Δρκάδιος
653 4621 682 4676 6
712 4621 827 4683 υίὸς
857 4618 1024 4675 αὐτοῦ
1053 4614 1147 4690 ἔτη
1183 4619 1248 4694 ιγ’
1793 4616 1971 4693 ,εᾳθιγ

2101 4626 2384 4684 Arcadius
2413 4627 2542 4698 ejus
2569 4624 2728 4682 ﬁlius
2758 4641 2852 4682 an.
2882 4625 2950 4680 13
3605 4621 3748 4678 5913

337 4710 632 4774 Θεοδόσιος
661 4711 689 4766 6
720 4709 933 4785 Μικρὸς
963 4705 1058 4779 ἔτη
1093 4709 1184 4782 μβ¹
1800 4706 1971 4780 ,ε79νε

2101 4716 2462 4774 Theodosius
2493 4715 2684 4772 Minor
2713 4731 2806 4771 an.
2842 4715 2911 4769 42
3606 4711 3752 4766 5955

337 4800 656 4878 Μαρκιανὸς
687 4798 781 4870 ἔτη
813 4799 856 4863 ς’
1794 4795 1971 4870 5796a

2101 4805 2428 4864 Marcianus
2458 4823 2552 4862 an'
2575 4807 2613 4860 6
3607 4800 3746 4856 5961

337 4891 491 4949 Λέων
522 4892 551 4946 δ
580 4889 767 4965 Μέγας
796 4881 891 4960 ἔτη
929 4891 991 4956 ιζ’
1785 4883 1989 4958 ,εσόοτί
2101 4902 2211 4952 Leo
2238 4899 2313 4950 Μ.
2343 4912 2440 4952 an.
2476 4896 2543 4950 17
3609 4889 3754 4945 5978

339 4981 491 5036 Λέων
523 4980 551 5034 6
580 4978 786 5052 Μικρὸς
815 4973 938 5040 ἔτος
967 4981 1011 5030 α’
1271 4991 1276 4996 ·
1791 4973 1971 5047 [£7900

2103 4991 2212 5042 Leo
2245 4984 2436 5042 Minor
2463 5001 2559 5041 an.
2586 4985 2610 5040 1
3612 4979 3756 5034 5979

339 5071 526 5139 Ζήνων
555 5062 898 5122 ἐϐασίλευσεν
928 5058 1021 5135 ἔτη
1057 5064 1121 5127 ις’
1794 5062 1993 5140 γεῆὒί-ιξ
2102 5075 2254 5131 Zeno
2295 5092 2390 5131 an.
2422 5073 2492 5128 16
3613 5067 3756 5123 5996

339 5157 694 5218 ’Δναστάσιος
726 5149 1069 5210 ἐϐασίλευσεν
1099 5147 1192 5224 ἔτη
1224 5153 1304 5222 κζ’
1864 5153 1971 5228 ’ςκγ

2103 5164 2452 5221 Anastasius
2483 5181 2578 5219 an.
2610 5164 2682 5219 27
3615 5157 3758 5212 6023

338 5251 634 5308 Ἰουστῖνος
669 5246 697 5300 6
731 5245 910 5322 Γέρων
944 5239 1036 5314 ἔτη
1066 5249 1107 5306 θ’
1858 5239 1971 5319 Si:

2103 5254 2369 5311 Justinus
2400 5252 2608 5310 Senior
2636 5270 2730 5309 an.
2761 5254 2797 5307 9
3617 5247 3762 5303 6032

339 5335 725 5396 Ἰουστινιανὸς
757 5335 785 5388 6
810 5332 995 5408 Μέγας
1030 5324 1123 5402 ἔτη
1157 5329 1240 5396 λθ’
1873 5352 1971 5405 ,ςοο

2106 5344 2413 5400 Justianus
2443 5347 2514 5398 Μ.
2550 5342 2620 5396 39
3618 5337 3758 5393 5071

338 5430 636 5489 -Ιουστῖνος
666 5424 694 5480 6
727 5423 868 5484 Νέος
894 5417 986 5492 ἔτη
1027 5427 1094 5495 ιγ’
1865 5421 1971 5486 ’ςπί

2106 5433 2382 5490 Justinus
2410 5432 2596 5487 Minor
2626 5448 2722 5487 an.
2757 5432 2826 5486 13
3620 5426 3765 5483 6084

339 5513 589 5592 Τιϐέριος
620 5509 712 5584 ἔτη
746 5509 788 5566 δ’
1859 5532 1971 5587 γςπτ

2109 5522 2382 5580 Tiberius
2415 5539 2509 5578 an.
2553 5522 2587 5576 4
3622 5517 3767 5572 6098

345 5605 653 5679 Μαυρίκιος
681 5596 775 5672 ἔτη
803 5601 848 5656 κ’
1875 5605 1971 5680 Ιςρί

2109 5611 2426 5669 Mauricius
2455 5628 2552 5668 an.
2583 5611 2654 5665 20
3623 5606 3770 5663 6109

343 5700 546 5760 Φωκᾶς
573 5695 604 5748 6
630 5691 893 5768 τύραννος
915 5684 1010 5759 ἔτη
1043 5689 1095 5760 η’
1852 5699 1971 5770 ,ςριί

2111 5702 2336 5759 Phocas
2367 5705 2656 5774 tyrannus
2685 5717 2779 5758 an.
2811 5699 2845 5753 8
3626 5696 3771 5751 6117

338 5783 664 5864 Ἡράκλειος
696 5779 791 5853 ἔτη
823 5779 908 5836 λα’
1820 5804 1971 5859 ιςρμτ

2111 5791 2417 5850 Heraclius
2447 5807 2540 5850 an.
2569 5790 2630 5848 31
3625 5784 3770 5842 6148

627 5914 899 5974 Panos.
945 5907 1058 5970 Gn.
1098 5906 1391 5969 CXXXV.

3411 5915 3484 5974 11
