4126 6372
401 421 519 484 337

397 636 482 712 τῷ
532 632 762 712 στόματι
821 633 1006 691 06106.
1065 636 1166 690 Καὶ
1219 634 1303 691 6'1:
1353 636 1422 692 τὰ
1476 637 1599 712 περὶ
1657 636 1858 692 τούτου
1914 637 2051 712 πρό-

399 706 599 794 ϐλημα
626 706 796 777 ἔθετο·
828 714 919 794 καὶ
953 715 1122 794 ,ὅπως
1165 721 1330 772 τοῦτο
1374 721 1443 783 τῇ
1490 706 1702 794 γυναικὶ
1752 706 2049 791 ἐξηγήσατο

395 790 739 869 αἱτησαμένῃ
796 793 889 849 σὺν
947 791 1224 870 δάκρυσιν.
1268 798 1389 855 Ὅτι
1438 790 1528 852 διά
1567 798 1628 852 τὸ
1674 798 1774 866 τὴν
1821 790 2051 872 γυναῖκα

397 874 567 955 ἑτέρῳ
651 882 982 953 συζυγῆναι,
1047 878 1286 955 ὠργίσθη
1358 879 1638 954 Σαμψὼν,
1702 879 1793 934 καὶ
1862 874 2045 934 λαϐὼν

397 954 686 1020 ἀλώπεκας
731 957 1066 1034 τριακοσίας,
1098 954 1399 1033 λαμπάδας
1444 961 1699 1033 ἡμμένας
1742 965 1861 1021 ταῖς
1909 959 2046 1014 ἐκεί-

393 1056 504 1091 νων
536 1037 723 1112 οὐραῖς
755 1036 1078 1114 προσέδησε.
1114 1041 1211 1095 Καὶ
1242 1040 1386 1096 οὕτω
1414 1040 1482 1096 τὰ
1509 1045 1616 1096 τῶν
1672 1039 2044 1097 ΙΙαλαιστινῶν

391 1116 688 1197 κατέκαυσε
719 1115 872 1197 λήῖα.
905 1119 976 1175 Οἱ
1027 1116 1085 1173 δὶ
1130 1119 1453 1176 κατέκαυσαν
1502 1123 1605 1190 τὴν
1647 1124 1889 1197 γυναῖγα.
1922 1122 2046 1177 "01:

396 1195 535 1250 ἑκὼν
569 1196 756 1251 ἐαυτὸν
792 1193 1077 1275 δεδεμένον
1116 1205 1233 1261 τοῖς
1262 1198 1605 1275 ἀλλοφύλοις
1655 1193 1965 1273 παρέδωκεν
2017 1201 2045 1254 ὸ

396 1275 663 1349 Σαμψών.
697 1277 756 1333 Ὁ
787 1273 845 1332 δὲ
876 1274 968 1332 διὰ
995 1280 1253 1355 σιαγόνος
1282 1273 1726 1337 ὄνου-ἀπέκτεινε
1773 1278 2042 1342 πολλούς.

392 1357 555 1414 ’Όθεν
601 1357 690 1411 καὶ
739 1359 978 1425 Σιαγόνα
1016 1360 1108 1416 τὸν
1156 1362 1324 1418 τόπον
1366 1361 1647 1419 ἐκάλεσαν.
1699 1366 1884 1425 Ὅπως
1938 1362 2044 1417 ἀπὸ

389 1442 493 1508 τῆς
537 1437 787 1512 σιαγόνος
839 1437 957 1495 ἔπιε
1004 1444 1266 1517 Σαμψών.
1313 1445 1504 1506 ’Ὀπως
1551 1444 1645 1506 τὰς
1714 1442 1891 1504 πύλας
1949 1442 2041 1497 σὺν

389 1521 512 1577 ταῖς
566 1518 869 1594 παραστάσι
939 1519 1188 1593 μετέθετο
1266 1522 1507 1597 Σαμψών
1532 1568 1545 1581 .
1605 1524 1729 1580 Ὅτι
1795 1523 2043 1593 ὴπάτησε

393 1597 640 1680 Σαμψὼν
672 1600 708 1668 ἡ
730 1598 968 1680 Δαλιδά.
1000 1603 1101 1659 Καὶ
1134 1608 1378 1676 μαθοῦσα
1404 1606 1504 1673 τὴν
1538 1604 1644 1660 ἀπὸ
1693 1611 1792 1674 τῆς
1848 1604 2045 1680 τριχὸς

392 1676 580 1760 ξσχῦν,
615 1677 864 1736 ἐκκόπτει
904 1681 1003 1751 τὴν
1050 1683 1239 1760 τρίχα⁶
1272 1685 1361 1740 καὶ
1414 1684 1580 1740 06106
1632 1676 2039 1755 ἀσθενήσαντος,

391 1758 748 1844 ἐκκόπτουσιν
779 1761 954 1844 αὐτοῦ,
971 1758 1100 1826 τοὺς
1146 1758 1466 1844 ὀφθαλμοὺς
1511 1766 1564 1820 οἱ
1613 1764 1822 1841 ἐχθροί.
1855 1767 2044 1830 Ὅπως

387 1845 492 1922 τῆς
523 1838 704 1922 κόμης
730 1842 1051 1922 αὐξομένης,
1082 1838 1236 1915 καὶὴ
1266 1838 1428 1922 ἴσχὺς
1458 1838 1727 1917 ηὐξάνετο
1742 1851 1839 1902 τοῦ
1888 1852 2038 1919 Σαμ-

389 1919 535 1999 ψών.
573 1920 682 1999 Καὶ
730 1920 882 1987 ὅπως
928 1923 1055 1987 106:
1099 1924 1285 1989 κίονας
1327 1919 1625 1999 κατέσεισε,
1670 1928 1757 1982 καὶ
1811 1927 1911 1995 τὴν
1962 1925 2040 1981 οἰ·
2073 1921 2123 1987 Β

389 1998 510 2136 ἒαίαν
568 1995 758 2078 ἕῤῥιψε
804 2005 926 2059 καθ’
969 2005 1162 2061 ἑαυτοῦ
1220 2005 1310 2063 καὶ
1365 2006 1566 2069 πάντας
1613 1995 1897 2063 ἀπέκτεινε
1948 2010 2039 2061 σὺν

458 2100 589 2136 υτω.

458 2100 589 2153 υτῳ.

467 2184 533 2235 Ν.
582 2180 750 2237 XXV.
785 2183 906 2237 Ὅτι
953 2181 1088 2256 μετᾶ
1146 2185 1237 2239 τὸν
1307 2186 1548 2260 Σαμψὼν
1613 2183 1793 2240 οὐκέτι
1848 2185 2042 2260 Κριταὶ

390 2259 529 2335 ἦγον
587 2260 993 2342 τὸν-Ἰσραὴλ,
1053 2261 1181 2319 ἀλλ’
1232 2265 1261 2319 6
1322 2259 1608 2342 ἀρχιερεὺς
1660 2264 1854 2323 Ἡλεί.
1903 2259 2042 2341 Περὶ

388 2341 494 2423 ῖῆς
553 2339 779 2423 Νοεμὶν,
811 2342 902 2398 καὶ
957 2349 1059 2423 τῆς
1110 2344 1302 2423 Ὀρφᾶ,
1334 2339 1581 2423 καὶίτῆς
1628 2347 1806 2411 Ῥούθ.
1855 2339 2047 2407 Ὅπως

389 2421 428 2489 ἡ
462 2419 668 2493 Νοεμὶν
699 2420 956 2499 εὐτυχίαν
1009 2419 1197 2496 δηλοῖ,
1222 2419 1392 2500 ⁷Μάρα
1440 2422 1499 2481 δὶ
1542 2423 1763 2497 ἀδύνην.
1794 2427 1986 2487 ⁸Ὀπως
2018 2426 2047 2481 6

390 2500 540 2583 ῌοὸζ
578 2501 679 2571 τὴν
733 2501 888 2583 Ῥοὺθ
937 2503 1236 2581 εἰσαγαγὼν
1288 2505 1366 2569 εἰς
1421 2507 1520 2575 τὴν
1593 2506 1905 2583 Γερουσίαν,
1955 2506 2044 2560 καὶ

387 2579 485 2634 τὸν
518 2588 748 2657 συγγενῆ
778 2580 942 2658 ἤρετο
974 2582 1020 2638 εἰ
1050 2579 1250 2662 ταῦτην
1289 2584 1543 2661 βοὺλεται
1574 2579 1817 2662 ἀγαγεῖν.
1849 2582 1958 2643 Τοῦ
1991 2583 2049 2640 δὲ

391 2663 894 2738 παραιτησαμένου,
950 2661 1217 2740 λαμϐάνει
1273 2666 1463 2741 αὐτὴν,
1490 2668 1581 2724 καὶ
1625 2661 1718 2724 6'1:
1772 2669 1908 2723 κατὰ
1955 2668 2046 2723 τὸν

391 2742 589 2825 νόμρνΔ
632 2743 823 2825 γέγονε
886 2748 954 2802 τὰ
1018 2752 1222 2825 σημεῖα
1284 2755 1386 2819 τῆς
1452 2751 1864 2825 παραιτήσεως.
1925 2751 2047 2805 "O1:

398 2819 601 2906 Ἰωϐὴδ
648 2819 923 2881 δουλεύων
976 2819 1352 2904 ἑρμηνεύεται.
1404 2819 1542 2906 Περῖ
1590 2819 1880 2902 Σαμουήλ.
1925 2830 2049 2886 "O1:

409 2903 438 2957 6
464 2902 607 2959 Ἠλεὶ
656 2911 885 2981 προεῖπε
1062 2909 1234 2983 Ἀννῃ
1288 2911 1387 2979 τὴν
1419 2902 1516 2965 τοῦ
1549 2908 1818 2983 Σαμουὴλ
1858 2908 2047 2982 γέννη-

411 3001 513 3038 σιν.
545 2986 662 3042 Ὅτι
719 2989 1018 3063 προσήχθη
1074 2992 1156 3061 τῷ
1204 2986 1358 3045 Ἠλεὶ
1419 2991 1554 3061 μετὰ
1615 2990 1677 3045 τὸ
1728 2990 2048 3064 γεννηθῆναι

407 3064 689 3137 Σαμουήλ.
720 3067 845 3123 ’Ότι
891 3068 1241 3142 κοιμώμενον
1291 3069 1380 3124 τὸν
1427 3067 1694 3142 Σαμουὴλ
1744 3068 1994 3124 ἐκάΛεσεν
2020 3069 2048 3123 6

398 3143 549 3207 Θεός.
603 3144 920 3224 Πρόῤῥησις
967 3144 1058 3202 διὰ
1130 3152 1227 3204 τοῦ
1287 3148 1555 3222 Σαμουὴλ
1609 3152 1717 3205 τῶν
1775 3147 2047 3222 ἐσομένων

393 3228 511 3288 τοῖς
541 3225 910 3299 Ἰσραηλίταις
941 3229 1032 3283 καὶ
1061 3233 1178 3292 τοῖς
1209 3230 1364 3284 παισὶ
1393 3234 1490 3285 τοῦ
1519 3228 1671 3287 Ἦλεὶ
1727 3234 2042 3306 συμφορῶν.

1627 426 2040 488 ANNAIJUM
2084 426 2602 489 ABGUMENTA.

400 555 488 629 ρεῖ
530 553 624 633 τὸν
677 551 892 625 λέοντα,
938 553 1030 610 καὶ
1084 554 1322 632 εὑρίσκει
1390 562 1597 630 σμῆνος
1668 555 1941 629 μελισσῶν
1998 554 2049 611 ἐν
2081 561 2137 629 Α
2167 553 2380 633 ἐχθρῶν
2416 597 2432 612 .

3697 423 3819 486 338

2507 558 2697 619 Ὅπως
2801 556 3253 633 κατετροπώσατο
3357 555 3693 630 Ἀμμανίτας
3786 558 3819 612 6

2166 635 2383 693 Σαούλ.
2425 641 2503 714 ΑἮ
2558 635 2784 712 δευτέρα
2836 641 2933 692 τοῦ
2991 635 3173 693 Σαοὺλ
3229 636 3616 714 ἀναγόρευσις.
3674 638 3815 694 Πότε

2160 717 2297 786 ἦσαν
2348 711 2591 791 Ἑϐραῖοι
2651 711 3266 793 ἀριστοκρατούμενοι,
3306 711 3409 771 καῖ
3468 717 3600 773 πότε
3652 718 3811 792 ἄναρ-

2161 816 2280 872 χοι,
2312 796 2401 851 καὶ
2431 796 2564 852 πότε
2594 795 2893 873 ἐκρίνοντο,
2927 798 3015 851 καὶ
3050 797 3184 853 πότε
3214 792 3614 853 ἐϐασιλεύοντο.

2231 901 2295 952 Ν.
2326 896 2566 952 XXVIII.
2599 897 2722 952 ’Ότι
2766 895 2817 949 ἐν
2872 896 3021 969 ἀκμῇ
3076 896 3265 970 θέρους
3312 897 3526 972 χειμὼν
3574 897 3809 972 γέγονεν.

2158 979 2280 1033 Ὅτι
2334 975 2423 1030 καὶ
2482 974 2646 1031 πάλιν
2677 977 2729 1030 οἱ
2789 974 3139 1031 Παλαιστινοὶ
3191 976 3318 1038 τοὺς
3347 971 3814 1051 Ἑϐραίουςκατ-

2159 1055 2418 1131 έτρωσαν.
2451 1058 2639 1118 "011:0:
2668 1057 2696 1110 6
2726 1056 2979 1119 Ἰωνάθαν
3014 1051 3321 1129 προσέϐαλε
3344 1062 3461 1111 τοῖδ
3492 1054 3810 1130 πολεμίοις,

2155 1137 2243 1191 καὶ
2297 1136 2528 1207 ἥττησεν
2585 1136 2801 1198 αὐτούς.
2855 1137 2978 1192 ’Ὁτι
3032 1136 3163 1211 ἀρὰν
3232 1131 3381 1199 ἔθετο
3458 1136 3643 1192 Σαοὺλ
3712 1143 3810 1192 τοῦ

2161 1217 2236 1290 μὴ
2296 1221 2485 1293 φαγεῖν
2544 1237 2664 1270 τινα
2719 1212 2825 1312 ἕως
2880 1215 3094 1285 νυκτὸς,
3130 1213 3275 1271 ἀλλὰ
3325 1213 3515 1287 διῶξαι
3563 1216 3810 1312 ἀκρατῶς

2152 1298 2281 1360 τοὺς
2314 1298 2570 1375 ἐχθροὺς,
2602 1299 2691 1353 καὶ
2738 1296 2823 1353 6'1:
2876 1299 2951 1372 μὴ
3004 1297 3232 1360 ἀκούσας
3282 1301 3383 1363 τῆς
3430 1297 3563 1373 ἀρᾶς
3610 1296 3805 1374 ἔφαγεν

2156 1379 2431 1451 Ἰωνάθαν,
2485 1375 2575 1432 διὰ
2628 1382 2791 1431 τοῦτο
2849 1377 3059 1455 γέγονεν
3102 1380 3258 1446 ἧττα.
3317 1377 3412 1431 Καὶ
3475 1375 3557 1432 ὅτι
3610 1382 3804 1433 τοῦτον

2154 1456 2386 1532 ἔμελλεν
2414 1457 2622 1513 ἀνελεῖν
2654 1460 2681 1513 6
2713 1459 2915 1535 πατὴρ,
2943 1458 2988 1512 εἱ
3025 1459 3099 1531 μὴ
3129 1457 3369 1533 ἥρπασεν
3402 1457 3560 1513 αὐτὸν
3594 1458 3622 1512 6
3648 1455 3802 1523 λαός.

2224 1564 2289 1614 Ν.
2323 1562 2522 1614 ΧΧΙΧ.
2555 1560 2680 1614 "O1:
2711 1556 2846 1612 κατά
2893 1553 3137 1612 κέλευσιν
3189 1559 3323 1611 Θεοῦ
3373 1557 3488 1612 είπε
3535 1555 3802 1630 Σαμουὴλ

2150 1641 2229 1708 τῷ
2306 1635 2511 1708 Σαοὺλ,
2591 1632 2891 1710 συμϐαλεῖν
2948 1635 3369 1711 Ἀμαληκίταις,
3425 1636 3515 1693 καὶ
3598 1637 3802 1701 πάντας

2151 1722 2376 1775 κτεῖναι.
2412 1717 2510 1775 Καὶ
2543 1719 2628 1772 6'1:
2665 1713 2994 1793 προσϐαλὼν
3058 1717 3285 1789 ἐνίκησε,
3325 1717 3415 1772 τὸν
3464 1714 3521 1772 δὲ
3575 1715 3805 1793 βασιλέα

2154 1798 2329 1853 αὐτῶν
2360 1797 2459 1854 οὐκ
2486 1798 2785 1861 ἀπέκτεινε.
2814 1799 2913 1853 Καὶ
2961 1794 3051 1853 διὰ
3097 1802 3259 1853 τοῦτο
3307 1797 3491 1853 ἀκούει
3539 1797 3645 1853 ἀπὸ
3694 1805 3800 1853 Σα-

2157 1878 2340 1949 μουὴλ
2371 1878 2725 1957 ἀφαιρεθῆναι
2749 1878 2847 1947 τὴν
2886 1876 3182 1957 βασιλείαν.
3214 1879 3338 1957 "Q1:
3383 1881 3481 1932 106
3530 1875 3797 1949 Σαμουὴλ

2154 1955 2577 2034 ὑποχωροῦντος
2625 1958 2859 2034 κατέσχε
2898 1959 2999 2028 τὴν
3049 1955 3310 2012 διπλοΐδα
3364 1957 3528 2014 αὐτοῦ
3589 1957 3795 2032 Σαοὺλ,

2150 2036 2483 2113 παρακαλῶν
2542 2036 2869 2101 ἱλεώσασθαι
2940 2038 3031 2092 τὸν
3108 2036 3258 2094 Θεόν.
3307 2036 3415 2093 Καὶ
3470 2035 3698 2113 ἐσχίσθη
3759 2040 3796 2108 ἡ

2155 2115 2398 2186 διπλοῖς,
2447 2117 2535 2173 καὶ
2606 2118 2721 2172 εἶπε
2780 2115 3072 2190 Σαμουὴλ,
3124 2116 3267 2172 οὕτω
3316 2114 3652 2191 διαιρεθῆναι
3701 2118 3801 2185 τὴν

2160 2195 2433 2275 βασιλείαν
2467 2197 2651 2255 06106.
2684 2199 2784 2256 Καὶ
2818 2198 2917 2270 ὁψὶ
2945 2195 3267 2271 παρεκλήθη
3303 2196 3568 2271 Σαμουὴλ
3611 2196 3803 2269 εἰπὼν,

2155 2279 2418 2333 ἱκετεῦσαι
2488 2278 2581 2332 τὸν
2654 2278 2781 2332 Θεὸν
2861 2278 2905 2331 εἰ
2979 2278 3069 2332 τὸν
3134 2276 3361 2353 βασιλέα
3416 2275 3803 2350 Ἀμαληκιτῶν

2154 2358 2350 2437 κτείνει
2411 2358 2614 2417 Σαούλ.
2669 2361 2792 2416 “ἰ)τι
2852 2358 2963 2437 ἀπὸ,
3014 2359 3228 2414 πάντων
3288 2363 3394 2413 τῶν
3482 2356 3733 2437 ἀδελφῶν
3777 2359 3805 2413 6

2158 2434 2324 2494 Δαϐὶδ
2385 2438 2613 2515 ἐχρίσθη
2675 2437 2750 2500 εἷς
2828 2436 3076 2514 βασιλέα,
3132 2438 3222 2493 καὶ
3299 2437 3382 2494 6'1:
3433 2434 3668 2503 ἐπῆλθεν
3724 2437 3808 2492 ἐπ’

2158 2519 2317 2575 αὐτὸν
2372 2524 2588 2592 πνεῦμα
2650 2518 2985 2595 προφητείας
3047 2520 3375 2594 ὑποχωροῦν
3434 2519 3538 2573 ἀπὸ
3598 2517 3804 2573 Σαούλο

2156 2602 2275 2677 Ὅτι
2324 2604 2536 2672 πνεῦμα
2577 2601 2814 2677 πονηρὸν
2861 2597 3042 2674 ἔπνιγε
3087 2600 3179 2655 τὸν
3226 2597 3439 2677 Σαοὺλ,
3465 2599 3494 2654 6
3542 2595 3812 2673 κατεπῇδε

2159 2675 2324 2736 Δαϐὶδ
2383 2679 2612 2754 ψάλλων
2683 2675 2818 2752 μετά
2882 2679 3146 2756 κινύρας.
3204 2679 3303 2735 Καὶ
3357 2676 3673 2758 ὁπλοφόρος
3728 2682 3808 2751 τῷ

2159 2758 2341 2817 Σαοὺλ
2400 2759 2790 2837 ἐχρημάτιζεν.
2848 2760 2977 2834 Περὶ
3019 2764 3126 2815 τῶν
3176 2758 3513 2816 ἐπελθόντων
3561 2758 3809 2836 ἀλλοφύ-

2159 2840 2271 2897 λων
2328 2847 2444 2903 τοῖς
2521 2839 2923 2916 Ἰσραηλίταις·
2984 2840 3075 2895 καὶ
3176 2841 3300 2917 περὶ
3402 2839 3624 2897 Γολιὰθ.
3696 2839 3808 2917 ,Καὶ

2159 2923 2308 2984 ὅπως
2353 2924 2382 2977 6
2432 2918 2596 2976 A0626
2653 2920 2814 2976 0616v
2854 2920 3085 2991 ἐκίνησε.
3120 2922 3217 2976 Καὶ
3250 2916 3396 2995 περὶ
3451 2924 3561 2975 τῶν
3617 2916 3808 2974 ὅπλων

2156 3002 2253 3059 τοῦ
2310 3001 2532 3060 Γολιάθ.
2580 3003 2642 3059 Ὁ
2699 2996 2866 3056 Δαϐἰδ
2929 3000 3146 3077 θαῤῥεῖν
3203 2999 3350 3075 λέγει
3407 2999 3496 3055 ἐπὶ
3561 3004 3640 3073 τῷ
3699 2998 3805 3055 ἐνι-

2158 3085 2420 3159 σχύσαντι
2479 3082 2640 3138 αὐτὸν
2698 3084 2836 3137 κατὰ
2886 3087 2986 3151 τῆς
3062 3079 3262 3159 ἄρκτου
3334 3081 3425 3159 καῖ
3493 3082 3629 3136 κατὰ
3705 3084 3807 3136 τοῦ

2158 3156 2403 3226 Λέοντος.
2458 3164 2582 3220 Ὅτι
2653 3160 2861 3224 ἄοπλος
2933 3156 3241 3236 προσέϐαλε
3316 3156 3481 3216 Δαϐἱδ
3558 3165 3635 3233 τῷ
3707 3166 3810 3215 Γο-

2161 3243 2308 3311 λιᾶθ,
2368 3243 2566 3317 μόνους
2622 3241 2777 3297 πέντε
2835 3240 3022 3303 λίθους
3082 3239 3283 3319 φέρων,
3333 3240 3424 3297 καὶ
3480 3242 3581 3310 τὴν
3644 3260 3808 3317 σφεν-

465 3328 533 3404 ῌ.
562 3292 756 3383 XXVI.
798 3324 1022 3404 Ιξίνησις
1072 3326 1450 3385 Παλαιστινῶν
1494 3327 1631 3384 κατὰ
1662 3292 2045 3404 Ἰσραηλιτῶν.
2078 3292 2121 3360 C
3606 3292 3808 3404 Γολιάθ

391 3400 493 3484 Ξαξ
556 3408 661 3484 τῆς
736 3399 989 3462 Κιϐωτοῦ
1066 3406 1347 3477 ἀποστολὴ
1424 3407 1503 3470 εἷς
1587 3399 1888 3484 βοήθειαν,
1955 3408 2048 3463 καὶ

390 3477 662 3565 οΙὲἶϐραίων
708 3485 847 3552 ἧττα
872 3528 886 3554 ,
915 3486 1030 3565 Δκαὶ
1078 3488 1244 3565 φόνος
1298 3492 1408 3543 τῶν
1470 3477 1685 3543 παίδων.
1723 3487 1915 3561 Ἠλεὶ,
1956 3487 2047 3543 καὶ

393 3560 606 3640 ἅλωσις
670 3571 771 3635 τῆς
834 3560 1106 3640 Κιϐωτοῦ,
1132 3568 1221 3623 καὶ
1287 3568 1511 3632 θάνατος
1579 3566 1668 3625 διὰ
1730 3560 1907 3624 τοῦτο
1948 3572 2047 3624 τοῦ

393 3638 572 3721 Ἠλεὶ,
619 3641 938 3716 ἐνενήκοντα
983 3638 1117 3701 ἐτῶν
1164 3648 1484 3721 γενομένου.
1516 3649 1639 3705 "01:
1683 3648 1761 3713 εἰς
1806 3646 2044 3717 ’Δζῶτον

392 3720 561 3806 ¹πόλιν
631 3723 716 3806 οἱΔ
749 3723 1061 3806 ἀλλόφυλοι
1126 3720 1224 3798 τὴν
1290 3720 1534 3784 Κιϐωτὸν
1602 3728 1901 3806 ἀπήγαγον,
1955 3729 2043 3783 καὶ

394 3802 644 3885 ἀνέθεντο
684 3804 753 3885 ,ἐν
810 3802 1080 3881 εἰδωλείῳ
1134 3812 1256 3872 θεοῦ
1315 3809 1526 3885 Δαγὼν,
1566 3809 1656 3864 καὶ
1706 3802 2048 3865 διαπέπτωκε

392 3884 457 3939 τὸ
545 3882 799 3943 εἴδωλον.
868 3888 992 3944 ’Ότι
1061 3885 1369 3964 δυσεντερία
1405 3882 1696 3963 ἐνέσκηψε
1750 3893 1818 3965 τῇ
1886 3889 2049 3945 πόλει

393 3965 694 4046 Ἀζωτίων,
742 3967 831 4022 καὶ
877 3971 1005 4041 μῦες
1068 3967 1128 4024 ἐκ
1194 3976 1452 4046 τῆςίγῆς
1507 3967 1835 4041 ἀνεδόθησαν
1921 3971 2046 4026 ’Ότι

395 4045 504 4101 ἀπὸ
552 4046 772 4110 πόλεως
817 4047 893 4112 εἷς
921 4049 1084 4104 πόλιν
1133 4051 1169 4119 ἡ
1225 4045 1469 4112 Κιϐωτὸς
1517 4049 1844 4124 πεμπομένη
1901 4050 2047 4126 παρὰ

390 4130 505 4182 τῶν
572 4126 969 4202 Παλαιστινῶν,
1021 4128 1216 4185 ἐκάκου
1285 4130 1470 4193 αὐτάς.
1515 4133 1699 4192 Ὅπως
1766 4127 2042 4200 ἀπεστάλη

392 4208 430 4277 ἡ
462 4202 710 4270 Κιϐωτὸς
761 4207 847 4264 ἐπὶ
894 4208 1106 4282 ἁμάξης
1154 4209 1521 4284 ἀναθεμένων.
1553 4212 1677 4269 ’Ότι
1708 4210 1853 4286 ,βόες
1902 4211 2043 4281 ἀπή-

388 4306 560 4364 γαγον
593 4286 749 4361 μόνοι
793 4287 868 4351 εἰς
919 4287 1047 4351 τοὺς
1078 4288 1421 4364 Ἰσραηλίτας
1465 4291 1564 4360 τὴν
1617 4284 1887 4348 Κιϐωτόν.
1921 4291 2044 4347 Ὅτι

388 4363 521 4431 τοῦς
580 4366 887 4443 ἁψαμένους
945 4375 1046 4440 τῆς
1094 4363 1349 4427 Κιϐωτοῦ
1407 4370 1656 4445 ἀνιέρους
1714 4370 2043 4436 ἐθανάτωσεν

393 4451 424 4505 6
473 4449 624 4511 Θεός.
657 4451 777 4505 Ὅτι
834 4451 864 4506 6
914 4450 1182 4525 Σαμουὴλ
1239 4450 1355 4527 ἀντὶ
1411 4450 1719 4527 ἐλευθερίας
1775 4451 2042 4507 ἐπείσατο.

390 4530 518 4587 ’Ότι
581 4529 634 4584 οἱ
695 4528 1044 4586 Παλαιπινοὶ
1114 4526 1519 4607 προσϐαλόντες
1590 4526 1711 4595 τοῖς
1769 4527 2043 4606 Ἑϐραίοις

390 4611 741 4681 ἡττήθησαν,
804 4611 1045 4688 βροντῶν
1110 4612 1201 4667 καὶ
1268 4610 1495 4687 σεισμοῦ
1562 4613 1886 4689 γεγονότων,
1952 4612 2043 4667 καὶ

2157 3399 2423 3460 κατέϐαλε
2508 3397 2676 3457 Δαϐὶδ
2701 3447 2715 3472 ,
2768 3402 2858 3457 καὶ
2949 3397 3159 3457 ἀνεῖλεν
3241 3400 3401 3456 αὐτὸν
3473 3403 3543 3474 τῇ
3633 3397 3811 3472 οῗκείᾳ

2159 3484 2405 3563 ῥομφαίᾳ
2479 3483 2665 3541 06106.
2717 3483 2815 3538 Καὶ
2896 3481 3069 3545 οὕτως
3145 3484 3418 3552 ἡττῶνται
3498 3482 3552 3536 οἱ
3634 3480 3807 3536 ἀλλό-

2199 3566 2346 3622 υλομ

2158 3589 2515 3705 φυᾶῗι.ΧΧΧ.
2549 3646 2674 3702 ’Ότι
2731 3645 2946 3699 ἀνέθετο
3000 3639 3165 3699 Δαϐἱδ
3212 3645 3310 3714 τὴν
3368 3640 3644 3719 ῥομφαίαν
3709 3645 3808 3697 τοῦ

2158 3728 2360 3784 Γολιὰθ
2417 3731 2497 3800 τῷ
2548 3730 2682 3798 Θεῷ.
2742 3727 2931 3788 Ὅπως
2992 3726 3257 3802 φθονῆσαι
3312 3718 3404 3778 16v
3468 3718 3633 3802 A0636
3691 3720 3808 3777 ἐκι-

2157 3813 2297 3882 νήθη
2334 3807 2538 3865 Σαούλ.
2572 3809 2758 3870 Ὅπως
2788 3800 3203 3881 ἔψαλλενΔαϐὶδ
3247 3806 3335 3861 ἐπὶ
3384 3803 3566 3861 Σαοὺλ
3617 3800 3808 3878 δαιμο-

2156 3891 2449 3963 νιζομένῳ,
2485 3891 2513 3944 6
2566 3886 2623 3944 δὲ
2672 3888 2998 3963 ἐπεχείρησε
3060 3885 3280 3962 βάλλειν
3328 3890 3409 3960 τῷ
3458 3883 3665 3961 δόρατι,
3716 3883 3806 3940 καὶ

2156 3972 2454 4048 ἠτύχησεν.
2503 3973 2622 4024 Ὅτι
2681 3967 2792 4045 ἤρα
2844 3964 3010 4023 Δαϐὶδ
3059 3971 3094 4038 ὴ
3154 3969 3397 4048 θυγάτηρ
3452 3965 3674 4048 Σαοὺλλ
3714 3965 3807 4021 καὶ

2158 4043 2427 4127 ὑπέσχετο
2466 4050 2555 4105 τὸν
2596 4043 2800 4125 γάμον,
2836 4049 2885 4103 εἷ’
2936 4049 3122 4103 ἑκατὸν
3176 4043 3537 4127 ἀκροϐυστίκς
3595 4043 3808 4122 ἐνέγκοι

2154 4124 2333 4205 αὐτῷ*
2386 4127 2575 4188 Δαϐίδ.
2612 4124 2701 4187 7‘0
2771 4129 2861 4185 καὶ
2928 4129 3225 4205 πεποίηκεν
3283 4130 3311 4184 6
3368 4124 3555 4185 Δαϐίδ.
3619 4129 3808 4191 Ὅπως

2157 4204 2509 4278 ἐπεϐούλευεν
2570 4211 2651 4265 ἀεὶ
2711 4209 2893 4265 Σαοὺλ
2945 4213 3025 4280 τῷ
3055 4204 3243 4264 Δαϐἱδ.
3271 4211 3460 4271 Ὅπως
3505 4209 3593 4263 καὶ
3640 4206 3806 4263 πάλιν

2157 4295 2185 4349 6
2229 4288 2396 4348 Δαϐὶδ
2453 4290 2668 4362 ἐνίκησε
2715 4289 2843 4352 τοὺς
2889 4288 3214 4364 πολεμίους.
3265 4291 3455 4352 ’Ὀπως
3506 4289 3643 4365 πρὸς
3698 4289 3804 4358 τὴν

2155 4371 2471 4445 ἀποστολὴν
2518 4376 2615 4429 τοῦ
2673 4371 2855 4452 Σαοὺλ
2885 4375 2919 4441 ὴ
2972 4370 3210 4452 θυγάτηρ
3266 4370 3433 4452 αὐτοῦ
3489 4370 3809 4452 ἀντεμηῖχα-
3888 4438 3907 4452 ο

2153 4458 2378 4527 νήσατο,
2435 4455 2529 4510 τὸν
2591 4448 2757 4509 Δαϐὶδ
2815 4450 3207 4528 προπέμψασα,
3267 4450 3359 4507 καῖ
3433 4454 3582 4528 ἧπαρ
3652 4451 3809 4527 αἰγὸς

2154 4540 2483 4612 νεοσφαγοῦς
2506 4533 2559 4591 ἐν
2590 4538 2659 4608 τῇ
2708 4532 2865 4607 κλίνῃ
2920 4533 3326 4606 κατακρύψασα.
3359 4534 3549 4596 "011:0:
3611 4529 3808 4610 διαφό-

2155 4639 2264 4694 ρως
2311 4619 2682 4696 προεφήτευον
2733 4616 2855 4671 τότε
2898 4614 3126 4672 πολλοί.
3171 4616 3295 4672 ’Ότι
3346 4612 3560 4691 εἴρηται
3606 4616 3691 4688 τὸ,
3737 4616 3802 4670 Εἰ

389 4672 705 4775 ἀστραπῶν,
726 4672 738 4681 ι
765 4672 848 4755 αἱς
909 4672 1429 4767 ἐξεδειματώθησαν,
1487 4672 1585 4749 καὶΙ
1634 4672 1812 4751 ϐὐκέτι
1870 4672 2043 4769 προσ·
2075 4672 2121 4736 D
2151 4672 2533 4755 ἆᾴῖΣαὸὺλἚζρ
2566 4697 2895 4775 προφήταις.

389 4768 610 4829 έϐαλον.

464 4881 529 4929 Ν.
600 4874 819 4931 XXVII.
875 4877 996 4932 ’Ότι
1063 4876 1091 4929 6
1160 4873 1450 4949 Σαμουὴλ,
1510 4878 1857 4951 γεγηρακὼς,
1924 4882 2042 4940 τοῖς

391 4955 535 5017 υἱοῖς
581 4954 683 5024 τὴν
726 4953 904 5029 κρίσιν
946 4958 1044 5009 τοῦ
1098 4952 1236 5009 λαοῦ
1288 4955 1618 5025 ἀνατίθησιν.
1649 4958 1771 5013 Ὅτι
1826 4957 1854 5011 6
1914 4955 2044 5018 λαὸς

391 5034 485 5093 διὰ
509 5037 611 5107 τὴν
638 5041 749 5092 τῶν
782 5037 913 5091 υἱῶν
944 5041 1041 5092 τοῦ
1092 5038 1361 5111 Σαμουὴλ
1408 5039 1596 5094 κακίαν
1641 5038 1869 5116 βασιλέα
1921 5038 2045 5111 ἐζή-

388 5138 581 5189 τησαν,
615 5117 706 5173 καὶ
737 5118 765 5172 6
799 5118 1065 5192 Σαμουὴλ
1099 5116 1389 5175 δεδωκέναι
1442 5120 1729 5197 ὑπέσχετο,
1763 5119 2041 5193 προειπὼν

394 5197 793 5273 μεταμελήσειν
853 5202 1063 5263 αὐτοῖς.
1124 5201 1256 5276 Ηερὶ
1320 5201 1522 5270 Σαοὺλ,
1583 5202 1673 5256 καὶ
1740 5200 1890 5265 ὅπως
1966 5223 2045 5266 εις

394 5279 622 5357 βασιλέα
650 5279 901 5357 ἐχρίσθη,
938 5281 1217 5351 ἀναζητῶν
1269 5281 1396 5344 τοὺς
1454 5277 1610 5344 ὅνους
1663 5286 1761 5337 τοῦ
1813 5283 2041 5359 πατρός.

390 5361 523 5418 Τίνα
571 5366 774 5434 σημεῖα
826 5360 912 5416 ἐπί
960 5366 1039 5434 τῷ
1090 5362 1354 5438 χρίσματι
1406 5359 1609 5417 δέδωκε
1653 5362 1966 5438 τῷνΣαοὺλ
2015 5364 2044 5418 6

393 5440 685 5515 Σαμουήλ.
717 5443 841 5500 ’Ότι
888 5442 916 5496 6
966 5437 1175 5517 κλῆρος
1224 5441 1311 5496 ἐπὶ
1361 5442 1453 5497 τὸν
1506 5440 1688 5498 Σαοὺλ
1734 5437 1908 5498 ἔπεσε.
1946 5441 2043 5497 Καὶ

390 5521 729 5593 ἀνεζήτησαν
778 5523 962 5595 αὐτὸν,
994 5521 1084 5578 καὶ
1134 5521 1288 5597 εὗρον
1341 5522 1566 5581 ἀπόντα.
1613 5526 1732 5579 Ὅτι
1786 5522 2046 5595 ἐζήτησεν

393 5604 423 5658 6
468 5606 579 5657 τῶν
627 5603 975 5676 Ἀμμανιτῶν
1047 5600 1302 5676 βασιλεὺς
1348 5601 1545 5673 ἐξελεῖν
1599 5604 1825 5660 ἑκάστου
1871 5602 2042 5676 δεξιὸν

394 5681 678 5762 ὀφθαλμὸν
738 5687 845 5738 τῶν
894 5680 1267 5753 Γαλααδιτῶν,
1300 5683 1391 5737 καὶ
1436 5682 1611 5746 οὕτως
1659 5683 2045 5762 ἀπαλλαγὴναι

394 5703 678 5820 οφθαλμον
738 5704 845 5738 των
896 5703 1267 5753 ιἀΛααοιτων,
1300 5703 1391 5737 και
1436 5703 1611 5746 ουτως
1659 5703 2042 5762 απαΛΛαγηναι

393 5785 429 5820 α
462 5766 594 5821 τῶν.
638 5764 763 5823 Ὅτι
808 5763 990 5821 Σαοὺλ
1039 5764 1408 5843 προεφήτευσε
1448 5766 1549 5837 τὴν
1599 5765 1873 5824 ἀπώλειαν
1932 5770 2042 5823 τῶν

2225 4785 2288 4835 Ν.
2323 4779 2509 4855 XXXI.
2545 4769 2620 4833 Αἱ
2642 4769 2803 4855 φυγαὶ
2852 4779 2948 4830 τοῦ
2994 4769 3180 4855 Δαϐίδ.
3212 4776 3398 4855 Ὅπως
3425 4773 3556 4836 τοὺς
3612 4774 3801 4855 ἁγίους

2153 4861 2346 4937 ἄρτους
2394 4853 2556 4937 ἔφαγε
2603 4852 2790 4927 Δαϐὶδ,
2830 4856 2921 4912 καὶ
2968 4856 3065 4937 τὴν
3117 4854 3387 4937 ῥομφαίαν
3443 4858 3567 4937 τοῦ
3600 4852 3801 4910 Γολιὰθ

2153 4929 2365 4999 ἔλαϐεν.
2415 4929 2541 4998 ’Ότι
2597 4937 2788 5014 μανίαν
2865 4929 3126 5014 ὑπεκρίθη
3202 4929 3390 4991 Δαϐίδ.
3449 4936 3577 5011 Περί
3640 4943 3806 5005 Δωὴκ

2151 5025 2248 5077 τοῦ
2278 5017 2485 5077 δούλου
2534 5018 2741 5087 Σαοὺλ,
2774 5018 2864 5074 καὶ
2924 5019 3075 5080 ὅπως
3128 5014 3455 5093 κατήγγειλε
3510 5016 3638 5091 περὶ
3693 5020 3801 5070 τῶν

2154 5098 2332 5179 ἄρτων
2389 5101 2479 5157 καὶ
2536 5107 2637 5171 τῆς
2696 5099 2993 5177 ῥομφαίας.
3030 5096 3130 5153 Καὶ
3190 5094 3343 5179 ὅπως
3399 5093 3470 5179 61’
3526 5094 3693 5179 αὐτοῦ
3750 5095 3805 5150 ἐ-

2152 5174 2355 5254 κτάνθη
2417 5183 2446 5237 6
2499 5174 2785 5257 ἀρχιερεὺς
2824 5174 3074 5257 ἐκεῖνος,
3132 5178 3224 5233 καὶ
3292 5178 3355 5233 16
3411 5178 3564 5253 γένος
3620 5174 3805 5233 αὐτοῦ.

2155 5261 2328 5321 Πάλιν
2390 5255 2674 5333 ἐπιϐουλὴ
2718 5261 2855 5317 κατά
2912 5255 3098 5316 Δαϐίδ.
3157 5260 3350 5322 Ὅπως
3406 5257 3496 5313 διὰ
3550 5257 3650 5327 τὴν
3690 5261 3811 5323 ’τῆς

2152 5345 2381 5419 γαστρὸς
2430 5342 2670 5419 ἀνάγκην
2704 5340 2928 5412 εἰσῆλθε
2968 5339 3151 5396 Σαοὺλ
3202 5339 3279 5403 εἷς
3328 5339 3390 5396 τὸ
3448 5336 3808 5419 σπήλαιονᾷ.»

2154 5417 2393 5493 ἔνθα-ἧν
2451 5425 2479 5478 6
2537 5417 2725 5493 Δαϐὶδ,
2777 5422 2867 5479 καὶ
2926 5422 3028 5477 οὐκ
3082 5419 3387 5476 ἀπέκτεινεν
3451 5418 3637 5492 αὐτὸν,
3687 5417 3812 5475 ἀλλ’

2154 5499 2318 5559 ἔλαϐε
2354 5502 2517 5578 μέρος
2547 5510 2646 5573 τῆς
2678 5498 3196 5577 διπλοΐδος.”ορκος
3230 5496 3397 5558 Δαϐὶδ
3424 5501 3564 5577 πρὸς
3596 5497 3805 5571 Σαοὺλ,

2155 5587 2239 5643 6'1:
2270 5587 2332 5643 οὐ
2360 5588 2593 5642 κακώσει
2623 5585 2687 5642 τὸ
2714 5586 2871 5661 γένος
2900 5583 3086 5638 06106.

2225 5693 2289 5742 N.
2347 5687 2565 5744 XXXII.
2616 5684 2746 5762 Περὶ
2804 5677 2993 5738 Νάϐαλ
3033 5684 3167 5762 7106
3224 5680 3603 5762 ἀπανθρώπως
3641 5680 3804 5762 ,ἀπο-

2154 5764 2481 5843 κριναμένου
2537 5757 2861 5841 πρὸς’τοὺς
2909 5761 3055 5839 παρὰ
3111 5766 3208 5816 τοῦ
3263 5757 3431 5819 Δαϐἱδ
3492 5760 3805 5835 σταλέντας,
