4126 6418
241 409 360 468 διε

1592 407 1922 469 JOANNIS
1969 410 2312 472 ΖΟΝΑΒιΕ

3548 416 3666 477 3M

244 536 431 621 ἱερεὺς
478 534 740 621 θυμιάσαῒ
817 536 1173 614 ἐπιχειρήσας
1242 535 1557 614 ἐλεπρώθη.
1615 539 1744 615 Περὶ
1801 543 1899 596 τοῦ
1929 540 2024 621 ΑΔ
2084 540 2153 597 Ν.
2187 541 2286 599 ΙΙΙ.
2341 539 2444 600 σία
2498 547 2590 599 νῦν
2650 545 2685 614 ἡ
2733 547 2840 599 τῶν
2897 541 3186 618 Ῥωμαίων
3237 542 3506 621 βασιλεία,
3562 546 3662 601 οὐκ

249 620 534 696 προφήτου
564 616 780 691 Ναούμ.

317 694 386 756 Ν.
429 699 597 755 XXII.
655 700 777 754 ’Ὁτι
839 697 1012 752 Φακεὶ
1067 694 1314 759 πολλοὺς
1373 697 1769 774 αἰχμαλώτους
1826 703 1902 767 εἷς

252 778 561 855 Σαμάρειαν
623 775 849 855 ἤγαγεν,
894 779 1004 833 εἶτα
1051 775 1275 856 τούτους
1313 777 1578 835 ἀπέλυσεν
1635 781 1708 844 ὡς
1769 784 1905 856 ὁμο-

252 853 479 936 φύλους.
532 862 654 916 "U11
705 853 911 936 σφόδρα
954 853 1218 928 ἠσέϐησεν
1273 859 1469 935 Ἀχάζ.
1521 862 1641 917 ’Ότι
1679 853 1906 934 εὐσεϐὴς

247 939 311 1016 ἦν
375 939 636 1019 Ἐζεκίας.
695 938 994 1014 ΙΙολιορκία
1038 938 1127 992 καὶ
1190 941 1514 1015 κατάσχεσις
1576 945 1903 1019 Σαμαρείας.

249 1021 371 1078 ’Ὁτι
425 1018 832 1093 μετῳκίσθησαν
899 1019 950 1072 0'1
1020 1025 1354 1095 Σαμαρεῖται
1413 1021 1519 1075 ἀπὸ
1579 1018 1905 1098 Σαμαρείας.

249 1103 370 1160 “Ὀτι
417 1099 884 1178 ἐγκατῳκίσθησαν
936 1098 1048 1155 ἐκεῖ
1095 1101 1146 1155 οῖ
1196 1102 1485 1165 Χουθαῖοι.
1539 1104 1692 1159 Μετὰ
1723 1103 1779 1160 δὲ
1810 1107 1910 1175 τὴν

249 1182 564 1250 κατοίκησιν
641 1180 856 1243 λέοντες
921 1179 1150 1243 τούτους
1231 1179 1538 1260 διέφθειραν
1600 1202 1613 1217 ⁶
1676 1183 1761 1240 διὸ
1817 1186 1907 1242 καὶ

252 1262 573 1333 ἐπείσθησαν
599 1266 678 1334 τῷ
700 1268 818 1334 Θεῳ
848 1260 1196 1335 προσελθεῖν.

322 1345 390 1400 Ν.
422 1343 619 1400 ΧΧΠΙ.
665 1341 805 1397 Πότε
855 1341 1205 1418 Σεναχηρεὶμ
1251 1341 1564 1419 ἐστράτευσε
1620 1345 1756 1400 κατᾶ
1809 1353 1909 1416 τῆς

252 1421 536 1486 Ἰουδαίας.
576 1423 825 1494 Ῥήματα
873 1423 1144 1496 Ῥαψάκου
1185 1423 1321 1496 πρός
1373 1425 1636 1495 Ἐζεκίαν,
1685 1425 1777 1480 καὶ
1825 1428 1908 1484 6'11

252 1504 433 1575 οὗτος,
487 1501 579 1558 τὸν
633 1502 763 1558 Θεὸν
815 1501 1300 1576 ἐπικαλεσάμενος,
1351 1503 1567 1574 ἐνίκησε
1621 1506 1758 1562 κατὰ
1807 1506 1906 1576 τὴν

253 1582 559 1660 πρόρρησιν
587 1581 835 1660 Ἡσαΐου.
892 1585 1016 1640 Ὅτι
1066 1580 1155 1637 διὰ
1199 1583 1387 1646 νυκτὸς
1434 1581 1668 1660 ἅγγελος
1699 1585 1906 1642 ἀνεῖλεν

252 1659 440 1721 ἑκατὸν
505 1659 849 1740 ὀγδοήκοντα
891 1663 1051 1718 πέντε
1126 1660 1390 1739 χιλιάδας
1459 1659 1568 1720 τῶν
1629 1664 1908 1724 ἐναντίων.

254 1744 383 1819 Περὶ
415 1747 522 1798 τῶν
584 1747 734 1816 μυῶν
775 1746 884 1798 τῶν
939 1743 1219 1821 φαγόντων
1272 1745 1340 1798 16
1387 1742 1518 1815 τόξα
1562 1749 1668 1800 τῶν
1716 1747 1910 1803 Ἀσσυ-

2013 618 2213 695 ῒσχυρὰ
2242 622 2315 685 ὡς
2350 623 2415 678 τὸ
2462 623 2745 701 πρότερον.
2804 626 2882 680 Δι’
2934 625 3003 694 ἥν
3053 618 3248 680 αἶ’τίαν
3283 627 3319 694 ἡ
3367 629 3476 681 τῶν
3526 626 3658 681 Ῥω-

2017 701 2189 782 μαίων
2263 701 2511 778 βασιλεία
2590 701 2808 782 φιδήρῳ
2883 703 3155 776 εἴκονίσθη
3235 705 3660 782 ἀναμεμιγμένῳ

2018 781 2152 854 μετὰ
2209 783 2497 860 ἀστράκου.
2554 781 2622 842 Τί
2681 782 2849 856 δηλοῖ
2875 787 2903 840 6
2934 783 3108 859 λίθος,
3140 784 3198 848 6'1:
3229 787 3330 855 τὴν
3357 781 3500 841 είκόν
3531 808 3664 842 κατ-

2017 861 2200 944 έλυσεν
2240 884 2252 933 ;
2285 867 2493 939 Χρῆσις
2525 865 2584 920 ἐκ
2625 872 2724 935 τῆς
2769 872 3012 944 Γραφῆς,
3045 861 3126 920 611
3161 864 3314 930 λίθος
3347 868 3375 922 6
3406 865 3662 942 Χριστός.

2015 945 2134 1024 "O11
2167 942 2291 1024 ὅρος
2322 948 2356 1015 ἡ
2408 951 2508 1001 τοῦ
2553 946 2731 1022 Ἰούγα
2775 942 2945 1024 φυλὴ,
2997 946 3087 1024 καὶ
3133 943 3286 1011 λίθος
3337 949 3364 1002 6
3412 946 3664 1023 Χριστός.

2017 1023 2116 1077 Καὶ
2145 1026 2208 1079 τὸ
2238 1023 2360 1080 ἄνευ
2400 1031 2602 1102 χειρῶν
2647 1023 2924 1100 τμηθῆναι
2969 1028 3004 1096 ὴ
3058 1023 3180 1082 ἄνευ
3230 1024 3424 1101 ἀνδρὸς
3469 1027 3665 1102 γέννη-

2018 1049 2116 1077 nou
2145 1049 2208 1079 10
2238 1049 2360 1080 ανευ
2400 1049 2602 1102 χειρων
2647 1049 2924 1100 τμηυηναι
2969 1049 3004 1096 η
3058 1049 3180 1082 ανευ
3230 1049 3424 1101 ανορος
3507 1049 3665 1098 εννη-

2017 1123 2118 1184 αις.
2153 1106 2274 1162 ’Ότι
2323 1103 2521 1182 δώροις
2563 1103 2882 1178 ἐδεξιώσατο
2930 1108 3021 1162 τὸν
3079 1106 3285 1177 Δανιὴλ
3317 1109 3345 1162 6
3375 1049 3665 1184 Ναϐουχο-

2018 1179 2270 1260 δονόσορ,
2300 1187 2388 1240 καὶ
2407 1179 2704 1263 *Βαλτάσαρ
2734 1191 2924 1242 τοῦτον
2961 1186 3361 1260 μετωνόμασεν.

2087 1283 2155 1338 Ν.
2180 1283 2280 1361 IV.
2314 1283 2444 1358 Περὶ
2490 1290 2590 1354 τῆς
2645 1282 2852 1346 εῗκόνος
2899 1284 2969 1353 ἧς
3010 1281 3199 1354 ἔστησε
3238 1279 3669 1361 Ναϐουχοδονό-

2018 1380 2112 1434 σορ
2148 1359 2226 1423 εἷς
2268 1363 2330 1417 τὸ
2373 1369 2836 1439 προσκυνηθῆναι.
2889 1363 3020 1440 Περὶ
3058 1369 3155 1419 106
3200 1359 3538 1440 ἀγγέλουηδς
3577 1365 3670 1420 τέ-

2015 1461 2210 1517 ταρτος
2263 1440 2420 1521 ὤφθη
2475 1443 2610 1518 μετᾶ
2654 1447 2760 1499 τῶν
2807 1440 3038 1501 παίδων.
3093 1446 3282 1507 ’Όπως
3331 1443 3670 1521 ἐτιμήθησαν

2019 1521 2072 1576 0'1
2102 1527 2248 1597 τρεῖς
2277 1519 2490 1586 παῖδες.
2552 1522 2830 1579 Ἐνύπνιον
2877 1521 3060 1599 ἕτερον
3111 1528 3208 1580 106
3248 1519 3671 1600 Ναϐουχοδονό-

2019 1622 2116 1682 σορ
2149 1603 2271 1678 περὶ
2300 1607 2398 1660 τοῦ
2440 1600 2684 1679 δένδρου.
2739 1601 2910 1682 Πάλιν
2951 1604 3136 1682 ἀγνοεῖ
3181 1605 3274 1660 τὸν
3321 1599 3550 1682 ὄνειρον,
3580 1605 3672 1660 καὶ

2017 1681 2179 1737 καλεῖ
2213 1683 2342 1747 τοὺς
2398 1683 2565 1738 εἰπεῖν
2615 1683 2764 1757 αὐτῷ
2823 1681 3158 1757 νμέλλοτνας.
3213 1681 3314 1739 Καὶ
3368 1681 3528 1740 καλεῖ
3579 1685 3673 1739 τὸν

2020 1759 2247 1839 Δανιὴλ,
2300 1763 2361 1824 ’ὸς
2403 1763 2492 1818 καὶ
2539 1760 2714 1838 ἔκρινε
2762 1766 2949 1820 10610.
2993 1765 3114 1820 Ὃτι
3171 1763 3234 1818 16
3293 1768 3376 1839 Ἵρ
3435 1759 3672 1838 ὂίγγέλον

256 1823 530 1961 ςίων,¹καὶ
561 1824 629 1878 16
654 1822 823 1878 λοιπὰ
871 1824 1041 1897 δπμα.
1102 1823 1232 1898 Περὶ
1274 1825 1380 1878 τῶν
1437 1823 1490 1880 ἐν
1523 1829 1618 1898 μιᾷ
1641 1825 1790 1882 νυκτὶ
1823 1824 1912 1882 διὰ
2020 1822 2405 1916 δηλοέ,’τοῖέτ’
2463 1840 2575 1898 ἔστι
2603 1822 2714 1899 ’τὸν
2767 1839 3123 1920 ἐγρηγορότα,
3171 1844 3294 1901 θοτι
3343 1822 3536 1918 ἰωνιάν)
3585 1863 3676 1898 νο-

299 1901 578 1961 οιμωδους
626 1903 791 1958 νόσου
841 1903 1232 1961 ἀναςρεθέντων
1287 1903 1582 1961 Ἀσσυρίων
1632 1902 1909 1961 μυριάδων
1941 1909 1990 1961 R
2021 1923 2190 1961 .4...
2235 1924 2264 1961 Α
2314 1917 2810 1961 κηκηςινηκηιηιηηη
2869 1922 2918 1961 ὶιυ
2975 1927 3041 1961 ...α
3096 1923 3291 1961 μαψ..
3349 1925 3425 1961 .5...
3483 1921 3676 1961 0...!“

299 1901 791 2000 οιμωδουςηνόσου
841 1903 1250 2000 ἀναῗεθέντωη
1287 1903 1582 2000 Ἀσσυρίων
1632 1902 1909 2000 μυριάδων
1941 1909 1990 1975 Β
2021 1901 2265 2000 σήσαςίὁ
2314 1901 2837 2000 Ναϐουχοδονόσορ.
2869 1901 2925 1978 ἐν.
2971 1901 3044 1999 Σΐῇ
3096 1923 3292 2000 ἐρήμῳ
3343 1901 3425 1987 .6"
3483 1921 3676 2000 θηρίον

253 1982 504 2040 πολλῶν.
582 1981 874 2058 Ἀναίρεσις
951 1983 1320 2058 Σεναχηρείμ.
1397 1984 1574 2046 Νόσος
1645 1984 1907 2060 Ἐζεκίου,

251 2065 340 2120 καὶ
395 2062 700 2141 προφητεία
747 2061 969 2118 Ἠσαίου
1027 2063 1108 2117 6'11
1167 2064 1409 2134 Θνήσκει.
1482 2063 1590 2119 Καὶ
1654 2064 1912 2137 μετάνοια

249 2143 517 2217 Ἐζεκίου,
577 2144 666 2223 καὶ
709 2143 1213 2223 11900015111)_016106
1260 2151 1360 2214 τῆς
1419 2147 1585 2214 C(07):-
1628 2145 1730 2202 Καὶ
1783 2146 1907 2223 περὶ

246 2229 344 2282 106
402 2221 778 2296 ἀναποδισμοῦ
836 2227 932 2278 106
990 2221 1157 2294 ἡλίου
1231 2225 1291 2279 ὃν
1353 2223 1603 2294 ἐποίησεν
1663 2221 1905 2289 Ἠσαίας.

248 2309 366 2365 Ὃτι
421 2303 662 2374 Ἐζεκίας
717 2301 899 2376 ἤνοιξε
945 2303 1072 2366 τοὺς
1123 2303 1424 2379 θησαυροὺς
1478 2305 1661 2375 016106,
1711 2307 1802 2360 καὶ
1843 2307 1911 2361 16

249 2385 395 2442 δπλα
451 2389 569 2447 τοῖς
608 2379 862 2460 πρέσϐἐσι
907 2388 1006 2439 106
1067 2384 1336 2461 βασιλέως
1388 2380 1769 2442 Βαϐυλωνίων.
1802 2385 1908 2442 Καὶ

250 2469 334 2522 6'11
418 2463 638 2526 Ἡσαΐας
721 2463 984 2538 ᾐτιάσατο
1057 2469 1238 2520 τοῦτο.
1328 2465 1562 2527 Θάνατος
1637 2466 1906 2535 Ἐζεκίου.

253 2543 580 2622 ’Δνάρῥησις
654 2550 910 2613 Μανασσῆ
947 2591 961 2616 ,
1036 2545 1123 2600 καὶ
1201 2539 1563 2600 Βαϐυλωνίων
1630 2543 1912 2610 ἐπέλευσις

256 2624 346 2680 καὶ
376 2624 527 2694 νίκη.
583 2625 703 2683 Ὀτι
763 2625 1098 2697 μετανοήςας
1148 2627 1440 2696 Μανασσῆς
1491 2625 1767 2702 ἐκυτρώθη
1811 2630 1912 2692 τῆς

250 2703 658 2781 αἰχμαλωσίας.

320 2787 388 2842 Ν.
422 2789 625 2840 XXIV.
660 2784 795 2860 Ηερὶ
822 2786 922 2862 τῇς
961 2781 1302 2860 προφήτιδος
1333 2782 1528 2842 ’Όλδα.
1563 2787 1682 2844 Ὃτι
1747 2783 1906 2862 ὅρκον

250 2866 512 2942 ἀπῃτήθη
563 2866 592 2920 6
646 2861 778 2927 λαὸς
829 2861 1118 2939 φυλάττειν
1169 2864 1296 2928 τοὺς
1350 2867 1554 2939 νόμους
1602 2861 1907 2924 ΘεοῦμὊτι

253 2947 527 3020 τοξευθεὶς
586 2943 796 3000 Ἰωσίας
842 2943 1120 3024 τέθνηκεν.
1172 2945 1300 3021 Περὶ
1351 2951 1448 3000 106
1495 2949 1782 3024 προφήτου
1811 2947 1909 3003 Ἱε-

266 3019 480 3102 ρεμίου.
537 3025 664 3102 Περὶ
743 3019 1260 3103 Ναϐουχοδονόσορ.
1336 3025 1466 3103 Περὶ
1518 3019 1908 3102 ὤν’προεῖπεν

255 3099 545 3182 Ἱερεμίας.
594 3099 716 3163 ’Ὁτι
793 3105 822 3159 6
898 3099 1247 3168 Βαϐυλώνιος
1322 3099 1729 3182 ᾐχμαλώτευσε
1778 3109 1913 3180 μετά

252 3192 352 3244 τοῦ
383 3186 518 3244 λαοῦ
547 3187 638 3242 καὶ
682 3185 776 3243 16v
823 3188 1116 3264 προφήτην
1165 3186 1456 3258 Ἰεζεκιήλ.
1504 3190 1624 3246 ’Ὁτι
1657 3189 1912 3262 Ἰωακεὶμ

254 3265 634 3346 παραδεδωκεν
666 3266 853 3323 ἑαυτὸν
888 3266 1019 3344 ὑπὲρ
1048 3268 1146 3336 τῆς
1175 3265 1414 3331 πόλεως.

326 3343 402 3406 Ν.
435 3349 610 3405 XXV.
642 3349 828 3410 Ὅπως
868 3352 970 3418 τῆς
993 3343 1379 3422 Ἰερουσαλὴμ
1427 3349 1455 3403 6
1505 3344 1758 3412 Σεδεκίας
1789 3343 1914 3405 ἐϐα-

253 3429 520 3487 σίλευσεν.
558 3428 687 3502 Περὶ
734 3431 844 3484 τῶν
901 3425 1248 3501 δοκουμένων
1294 3425 1606 3506 διαφωνιῶν
1635 3433 1743 3485 τῶν
1776 3450 1914 3507 προ·

252 3514 460 3582 φητῶν,
491 3509 582 3564 καὶ
613 3510 762 3571 ὅπως
815 3507 1100 3585 ὁμόφωνοι
1153 3508 1474 3584 εὑρέθησαν.
1520 3511 1641 3566 ’Ὁτι
1683 3511 1711 3564 6
1758 3507 1918 3566 Σεδε-

251 3593 371 3656 κίας
421 3590 728 3670 τυφλωθεὶς
793 3589 892 3646 ούκ
932 3587 1062 3670 εἶδε
1114 3591 1214 3659 τὴν
1270 3586 1593 3647 Βαϐυλῶνα.
1657 3592 1788 3668 Περὶ
1839 3590 1910 3652 ὧν

252 3680 510 3750 προεῖπεν
586 3670 867 3750 Ἱερεμίας⁸
912 3669 1197 3750 ἐσομένων
1281 3675 1487 3729 κακῶν.
1563 3675 1625 3729 Ἠ
1696 3670 1917 3750 δευτέρα

255 3745 534 3816 ἐπέλευσις
589 3745 697 3807 τῶν
755 3747 1124 3808 Βαϐυλωνίων
1175 3753 1312 3807 κατᾶ
1383 3751 1764 3828 Ἰερουσαλὴμ,
1825 3745 1914 3809 καὶ

255 3834 404 3897 ὅπως
459 3833 527 3888 τὰ
584 3831 814 3906 ἐσόμενα
890 3829 1050 3910 εἷ’δῲς
1122 3832 1384 3908 Ἱερεμίας
1469 3833 1763 3910 παρεκάλει
1819 3833 1911 3896 τὸν

256 3914 388 3972 λαὸν
435 3911 682 3984 δέξασθαι
722 3911 851 3974 τοὺς
904 3907 1309 3974 Βαϐυλωνίους.
1360 3907 1556 3977 Ὅπως
1595 3914 1670 3977 εἴς
1717 3913 1916 3971 λάκκον

255 3998 283 4052 6
313 3996 604 4074 προφήτης
659 3987 958 4074 ἐνεϐλᾷήφη.
1009 3991 1350 4071 Κατάσχεσις
1405 4001 1507 4066 τῆς
1551 3995 1916 4072 Ἰερουσαλὴμ

254 4068 401 4154 παρὰ
439 4068 582 4130 ’τῶν
655 4068 1044 4154 Βαϐυλωνίων.
1111 4068 1237 4154 Ὃτι
1307 4075 1591 4153 ἐζωγρήθη
1624 4068 1632 4072 '
1665 4068 1916 4144 Σεδεκίας

254 4154 534 4232 παγγενεὶ,
589 4153 695 4233 καὶ-
733 4153 1053 4230 ἅτυφλώθη.
1102 4156 1171 4214 Ol
1217 4153 1275 4212 δὲ
1313 4157 1521 4212 ἐκείνου
1550 4155 1912 4233 ἀνῃρέθησαν.

249 4230 436 4299 Ὅπως
493 4237 522 4293 6
578 4230 969 4312 Ναϐουζαρδὰν
1026 4238 1120 4294 τὸν
1167 4237 1316 4310 ναὸν,
1360 4239 1430 4294 16
1499 4230 1768 4315 βασίλεια,
1821 4237 1913 4294 καὶ

251 4319 350 4388 τὴν
383 4317 546 4374 πόλιν
577 4318 902 4392 κατέσκαψεν
914 4360 926 4374 .

794 4533 1005 4590 LIBER
1045 4532 1374 4591 TERTIUS.

333 4697 401 4752 N.
461 4697 504 4752 I.
563 4697 682 4752 Ὃτι
717 4695 746 4749 6
803 4693 1026 4767 Ἰσραὴλ
1089 4693 1184 4748 τὸν
1260 4689 1526 4748 Γοδολίαν
1586 4694 1916 4750 ἀπέκτεινεν.

265 4777 424 4851 Φυγὴ
483 4776 622 4850 πρὸς
678 4773 966 4851 Αἰγυπτων
1021 4777 1130 4828 τῶν
1179 4769 1475 4842 Ἰουδαίων,
1533 4773 1774 4850 ἀγόντων
1830 4774 1918 4830 καὶ

257 4859 350 4913 τὸν
399 4859 663 4935 Ἱερεμίαν
705 4857 794 4912 καὶ
842 4857 935 4935 τὸν
981 4854 1232 4935 Βαροὺχ.
1274 4858 1394 4914 Ὃτι
1441 4855 1618 4922 λίθοις
1664 4855 1914 4929 τέθνηκεν

253 4933 541 5015 Ἱερεμίας.
577 4937 715 4994 Πότε
738 4937 792 4992 αἱ
844 4933 972 5015 δέκα
1001 4933 1166 5014 φυλαὶ
1197 4933 1451 5012 ἤχθησαν
1483 4937 1557 5001 εἰς
1585 4938 1915 5013 Σαμάρειαν.

259 5013 395 5077 Πότε
443 5024 498 5078 αἱ
525 5020 620 5077 δύο
669 5019 816 5096 παρὰ
835 5013 1332 5096 Ναϐουχοδονοσορ
1352 5018 1659 5097 ᾐχμαλωτί
1691 5023 1913 5092 σθησαν.

331 5105 396 5162 Ν.
435 5105 503 5160 II.
546 5102 675 5178 Περὶ
715 5105 824 5156 τῶν
871 5101 1333 5176 εύνουχισθέντων
1363 5101 1738 5178 αἰχμαλώτων
1770 5103 1918 5178 παρὰ

253 5189 349 5238 106
403 5180 777 5239 Βαϐυλωνίου.
840 5181 969 5257 Περὶ
1031 5183 1236 5252 Δανιὴλ
1288 5185 1377 5240 καὶ
1429 5189 1538 5239 τῶν
1581 5190 1746 5260 τριῶν
1786 5186 1912 5241 παί-

257 5263 385 5320 δων.
448 5267 635 5327 Ὅπως
690 5263 787 5318 οὐκ
863 5263 1285 5340 ἐκρεωφάγησαν
1368 5266 1420 5320 οἱ
1470 5264 1662 5331 παῖδες
1737 5266 1826 5323 καὶ
1885 5268 1912 5322 6

257 5347 482 5414 ΔανιήΛ.
516 5347 638 5402 Ὂτι
685 5346 784 5414 τὴν
838 5341 1162 5414 Χαλδαϊκὴν
1207 5343 1454 5402 παιδείαν
1485 5345 1681 5420 ἔμαθον
1714 5350 1765 5403 οἱ
1795 5352 1916 5403 παῖ-

253 5445 340 5486 τες
373 5426 462 5478 καὶ
492 5425 518 5478 6
552 5423 779 5495 Δανιήλ.
825 5422 957 5499 Περὶ
1003 5429 1100 5480 τοῦ
1153 5423 1433 5482 ἐνυνπνίου
1489 5423 1911 5503 Ναϐουχοδονό-

257 5524 378 5577 σορ.
438 5506 623 5567 Ὃπως
673 5504 909 5560 ἱκέτευον
962 5505 1012 5560 οἱ
1069 5503 1257 5569 παῖδες
1306 5509 1398 5562 τὸν
1452 5514 1579 5562 Θεον
1634 5507 1913 5563 ἀποκαλυ-

260 5587 460 5662 φθῆναι
514 5586 698 5648 αὐτοῖς
749 5586 811 5642 τὸ
869 5585 1143 5646 ἐνύπνιον.
1190 5590 1457 5664 Διήγησις
1509 5594 1606 5644 106
1665 5588 1912 5644 ἐνυπνίου

261 5671 353 5720 καῖ
405 5665 601 5740 κρίσις.
663 5666 830 5745 Ποίας
902 5667 1179 5745 βασιλείας
1255 5669 1508 5739 εἰκόνιζεν
1562 5672 1596 5739 ἡ
1659 5669 1816 5725 εἷ’κὼν
1875 5672 1910 5739 ἡ

265 5746 487 5824 ὀφθεῖσα
509 5751 588 5819 τῷ
618 5742 1127 5826 Ναϐουχοδονόσορ.

2021 1997 2306 2079 διετριϐεν,
2342 1997 2616 2078 Ὀνόματα
2641 2009 2750 2060 τῶν
2781 1997 3029 2080 ἆρχαίων
3047 1997 3363 2081 ἱστορικῶν.

2090 2103 2156 2158 Ν.
2190 2102 2261 2180 ν.
2290 2101 2383 2165 Τίς
2421 2099 2688 2173 διεδέξατο
2743 2103 2836 2158 τὸν
2878 2097 3393 2180 Ναϐουχοδονόσορ,
3425 2103 3516 2158 καὶ
3547 2103 3672 2174 ἐξῆς

2018 2181 2142 2257 περὶ
2175 2179 2476 2255 Βαλτάσαρ.
2538 2183 2637 2238 Καὶ
2694 2181 2844 2244 ὅπως
2891 2182 3165 2258 ἐχρήσατο
3213 2179 3528 2260 τοὶςίῖεροῖς
3560 2184 3669 2238 τῶν

2020 2260 2297 2320 Ἰουδαίων
2348 2263 2610 2322 σκέύεσιν.
2670 2265 2799 2335 Περὶ
2853 2269 2954 2319 106
3012 2263 3358 2335 ἀστραγάλου
3405 2272 3506 2335 τῆς
3552 2285 3669 2335 χει-

2038 2285 2297 2320 ιουοαιων
2348 2285 2610 2322 σκευεσιν.
2671 2285 2799 2339 Περι
2853 2285 2954 2319 του
3012 2285 3358 2341 αστραγαῑου
3405 2285 3506 2335 της
3552 2285 3673 2341 χει-

2021 2344 2136 2420 ρὸς,
2169 2343 2226 2422 ’ὸν
2271 2341 2404 2398 εἶδεν
2450 2342 2503 2398 ἐν
2553 2345 2632 2416 τῷ
2681 2341 2858 2422 δοίχῷ
2902 2343 3212 2422 Βαλτάσαρ.
3260 2347 3449 2408 Ὃπως
3498 2346 3526 2400 6
3571 2354 3675 2400 A01-

2020 2421 2148 2503 νιὴλ
2209 2421 2459 2503 διασαφεῖ
2511 2428 2591 2497 τῷ
2650 2421 2930 2500 Βαλτάσαρ
2981 2425 3073 2503 16v
3125 2421 3378 2490 θεαθέτνα
3407 2426 3677 2501 ἀστράγα-

2022 2502 2141 2563 λον.
2177 2503 2244 2562 Τί
2275 2500 2529 2579 σημαίνει
2565 2505 2654 2585 _16
2704 2505 2972 2585 γραφέντα
3030 2500 3119 2561 διὰ
3172 2512 3270 2561 τοῦ
3302 2500 3670 2584 ἀστραγάλου.

2019 2587 2160 2654 Ὅτι,
2222 2587 2400 2660 Κύρου
2467 2583 2789 2650 ἐπελθόντος
2825 2583 2991 2642 κατὰ
3063 2585 3375 2660 Βαλτάσαρ,
3406 2583 3673 2663 άνῃρέθη

2021 2663 2328 2742 Βαλτάσαρ,
2387 2667 2507 2723 Ὃτι
2566 2666 2656 2720 τὸν
2713 2665 2918 2735 Δανιὴλ
2977 2667 3006 2722 6
3047 2672 3269 2741 Δαρεῖος
3319 2667 3398 2730 είς
3454 2665 3674 2738 Μηδίαν

2025 2747 2298 2822 μετήγαγε
2344 2745 2478 2819 μετὰ
2522 2747 2620 2816 τὴν
2664 2751 2765 2816 τῆς
2820 2745 3150 2809 Βαλυλῶνος
3199 2746 3422 2804 ἅλωσιν.
3475 2748 3596 2805 ⁶Οτι
3646 2749 3676 2802 6

2025 2831 2247 2903 Δαρεῖος
2304 2829 2393 2881 καὶ
2451 2827 2732 2903 Κυαξάρης
2778 2824 3048 2885 ἐκαλεῖτο.
3097 2828 3218 2885 Ὃτι
3271 2825 3361 2882 διὰ
3398 2829 3462 2883 τὸ
3523 2822 3673 2898 δόξαι

2022 2901 2335 2977 παραϐοῖναι
2386 2906 2478 2961 τὸν
2526 2901 2744 2970 τεθέντα
2792 2905 2918 2962 τότε
2962 2906 3131 2980 νόμον
3182 2907 3305 2982 περὶ
3343 2912 3442 2963 τοῦ
3477 2909 3553 2981 μὴ
3587 2905 3673 2963 e6-

2022 2987 2230 3059 ξασθαι,
2264 2987 2292 3041 6
2325 2985 2529 3055 Δανιὴλ
2585 2985 2853 3057 ἐνεάλήθη
2903 2987 2981 3049 εἰς
3027 2987 3118 3042 τὸν
3174 2986 3372 3044 λάκκον
3405 2989 3540 3062 μετᾶ
3565 2992 3674 3043 τῶν

2023 3065 2282 3124 λεόντων.
2333 3068 2458 3124 ’Ὁτι
2519 3067 2572 3121 0'1
2623 3067 2759 3121 κατὰ
2803 3070 2900 3121 τοῦ
2940 3065 3142 3138 Δανιὴλ
3176 3067 3420 3132 εἰπόντες
3448 3063 3671 3140 ἐνεϐλή-

2023 3150 2191 3220 θησαν
2225 3146 2300 3210 εἷς
2330 3146 2422 3202 τὸν
2455 3144 2657 3202 λάκκον
2686 3151 2794 3203 τῶν
2828 3144 3085 3206 λεόντων.

1951 3277 1996 3346 G
2061 3247 2166 3341 ~N.
2198 3244 2460 3346 VLIHepI
2506 3243 3166 3346 106'évuattIou’6‘cY6fv
3211 3247 3240 3302 6
3292 3243 3514 3346 Δανιὴλ,
3543 3243 3666 3346 ⁴ξςτοι

2023 3329 2131 3403 τῶν
2178 3323 2450 3403 τεσσάρων
2502 3325 2709 3401 θηρίων
2758 3328 2866 3382 τῶν
2916 3323 3022 3382 άπὸ
3071 3331 3172 3396 τῆς
3223 3328 3496 3396 θαλάσσης
3545 3325 3666 3380 ἀνα-

2024 3401 2232 3462 ϐάντων
2268 3424 2282 3438 ·
2314 3401 2404 3462 καὶ
2435 3403 2518 3462 ὅτι
2571 3407 2634 3462 τὸ
2673 3409 2891 3481 πρῶτον
2941 3408 3010 3475 ἦν
3063 3404 3270 3463 λέαινα.
3312 3407 3387 3462 Τὸ
3429 3403 3670 3483 δεύτερον

2023 3490 2242 3564 ἄρκτος.
2269 3486 2333 3543 Τί
2381 3486 2492 3544 ἐστι
2540 3486 2606 3544 τὸ
2651 3485 2793 3552 εἶδος
2842 3493 2944 3558 τῆς
3003 3494 3391 3566 τιμωρητικῆς
3445 3487 3672 3566 σκαφεύ-

2025 3563 2184 3633 σεως.
2236 3569 2392 3632 Τίνας
2444 3570 2472 3625 6
2531 3572 2728 3645 Κῦρος,
2781 3567 2872 3624 καὶ
2920 3568 3067 3631 τίνας
3122 3569 3150 3623 6
3207 3563 3678 3641 Καμϐύσης,’καὶ

2023 3649 2172 3714 τίνας
2205 3651 2232 3706 6
2278 3654 2507 3727 Δαρεῖος
2555 3649 2801 3722 ὑπέταξε,
2849 3647 2940 3704 καὶ
2981 3648 3131 3727 τίνας
3176 3648 3204 3703 6
3250 3649 3484 3724 Ξέρξης.
3515 3650 3593 3706 Τὸ
3624 3645 3682 3704 δέ

2023 3731 2205 3807 τρίτον
2259 3726 2559 3808 Πάρδαλις.
2606 3729 2759 3793 Τίνες
2821 3727 2869 3784 δ’
2917 3730 2969 3784 οἱ
3021 3726 3394 3803 διαδεξάμενοι
3439 3732 3539 3800 τὴν
3583 3734 3682 3784 τοῦ

2026 3809 2385 3887 Ἀλεξάνδρου
2409 3811 2611 3888 ἀρχὴν.

2096 3894 2165 3949 Ν.
2223 3893 2345 3949 VII.
2393 3889 2463 3949 Τί
2517 3890 2582 3946 16
2633 3891 2888 3965 τέταρτον
2938 3889 3150 3966 θηρίον.
3203 3891 3297 3953 Εἷς
3341 3889 3394 3945 τί
3442 3888 3530 3944 ἐπὶ
3579 3895 3680 3959 τῆς

2023 3973 2335 4044 Ῥωμαῖκῆς
2392 3970 2668 4048 βασιλείας
2725 3971 2790 4028 τὸ
2832 3971 3026 4027 ἐσθίειν
3073 3974 3163 4026 καὶ
3217 3968 3495 4026 λεπτύνειν
3545 3968 3676 4039 ἐξείο

2025 4054 2254 4126 ληπται.
2304 4054 2438 4132 Περὶ
2485 4058 2583 4111 106
2633 4053 3037 4131 Ἀντιχρίστου.
3087 4054 3221 4129 Περὶ
3265 4057 3361 4108 106
3419 4050 3679 4131 ἀφθέντος

2025 4137 2231 4206 Δανιὴλ
2253 4134 2494 4193 παλαιοῦ
2537 4141 2644 4193 τῶν
2694 4138 2944 4212 ἡμερῶν.
2978 4137 3108 4213 Περῖ
3143 4141 3242 4206 τῆς
3276 4132 3552 4197 ἀπωλείας
3583 4137 3681 4189 τοῦ

2024 4217 2423 4295 Ἀντιχρίστου.
2492 4220 2626 4295 Περῖ
2703 4223 2805 4288 τῆς
2885 4214 3134 4292 δευτέρας
3217 4214 3513 4291 παρουσίας
3583 4217 3683 4270 τοῦ

2020 4300 2152 4355 Υἱοῢ
2179 4301 2276 4354 106
2306 4301 2440 4354 Θεοῦ
2453 4339 2466 4357 .

2096 4379 2165 4438 Ν.
2219 4377 2371 4435 VIII.
2430 4375 2560 4454 Περὶ
2609 4378 2709 4446 τῆς
2767 4375 2953 4452 ἐτέρας
3011 4375 3275 4440 ἀπτασίας
3310 4379 3408 4431 106
3451 4372 3682 4446 Δανιήλ,

2021 4461 2124 4517 Ἦν
2182 4455 2227 4513 δ’
2279 4456 2413 4525 αὕτη
2467 4458 2622 4534 κριὸς
2679 4457 3036 4537 κερασφόρος,
3102 4455 3194 4511 καὶ
3248 4455 3316 4512 16
3361 4455 3505 4527 ἑξῆς.
3559 4457 3680 4537 “Q11

2018 4539 2086 4594 16
2116 4542 2295 4595 Σοῦσα
2337 4531 2686 4615 μητρόπολις
2739 4531 2806 4608 ἦν
2855 4531 2964 4594 τῶν
3017 4540 3262 4614 Περσῶν.
3309 4539 3428 4595 ’Ὁτι
3462 4531 3687 4609 Καμϐύ-

1955 4641 2128 4720 1γσης
2167 4624 2293 4683 παῖς
2352 4619 2552 4720 Κύρορ,
2598 4620 2691 4675 καὶ
2731 4623 2924 4675 τοῦτον
2983 4616 3305 4710 διεδέξαντον
3340 4617 3540 4718 Μάγοι,
3591 4615 3678 4720 καὶ

2024 4701 2255 4763 τούτους
2289 4702 2316 4756 ὁ
2364 4699 2660 4756 Ὑστάσπου
2710 4706 2955 4774 Δαρεῖος.
3018 4700 3148 4776 Περὶ
3210 4699 3306 4754 106
3364 4697 3564 4776 τράγου
3623 4696 3677 4752 ὅν

2028 4780 2137 4838 εἶδε
2166 4781 2394 4852 Δανιὴλ.
2443 4782 2535 4837 καὶ
2582 4781 2635 4835 τί
2691 4779 2973 4854 ἐσήμαινε.
3003 4775 3123 4838 ’Ὁτι
3173 4775 3531 4855 Ἀλέξανδρος
3571 4781 3680 4833 τῶν

2025 4868 2244 4939 Περσῶν
2303 4863 2394 4919 καὶ
2450 4859 2654 4939 Μήδων
2709 4859 2961 4936 βασιλεὺς
3009 4859 3262 4932 κατέστη,
3314 4859 3405 4915 καὶ
3456 4862 3679 4939 Δαρεῖον

2025 4937 2250 5016 ἥττησε,
2331 4937 2624 5000 συλλαϐὼν
2702 4942 2800 5011 τὴν
2878 4947 3109 5018 γυναῖκα
3177 4940 3342 4996 016106
3425 4938 3515 4994 καὶ
3581 4938 3680 4999 τὰς

2025 5025 2339 5100 θυγατέρας.
2392 5025 2513 5082 ⁶Οτι
2571 5025 2774 5098 Ιίερσαι
2826 5022 2916 5077 καὶ
2976 5019 3162 5091 Μῆδοι
3233 5019 3528 5076 κατέλυσαν
3580 5019 3681 5087 τὴν

2030 5105 2307 5181 βασιλείαν
2356 5104 2681 5178 Ἀσσυρίων.
2735 5102 2867 5177 Περὶ
2914 5106 3011 5156 106
3061 5103 3354 5181 Ἀντιόχου
3396 5104 3494 5181 106
3526 5100 3680 5181 Ἐπι-

2025 5177 2245 5265 φανοῦς,
2303 5186 2393 5240 καὶ
2450 5187 2550 5254 τῆς
2609 5184 2776 5238 αὐτοῦ
2835 5183 2972 5238 κατᾶ
3036 5180 3400 5259 Ἰερουσαλὴμ
3457 5177 3679 5235 ἐπελεύ-

2025 5260 2183 5337 σεως,
2241 5265 2332 5321 καὶ
2392 5267 2464 5320 ὢν
2520 5263 2770 5334 ἐποίησεν
2830 5262 2961 5320 ἐκεῖ.
3019 5263 3250 5339 Ἑσπέρα
3294 5261 3547 5334 σημαίνει
3578 5260 3679 5328 τὴν

2024 5347 2198 5422 ἀρχὴν
2260 5351 2367 5402 τῶν
2427 5345 2684 5419 ἀνιαρῶν,
2734 5343 2771 5412 ἢ
2813 5345 2906 5399 τὸν
2957 5342 3087 5399 ὅλον
3136 5339 3337 5420 χρόνον
3377 5341 3496 5405 καθ’
3553 5339 3681 5395 ὅσον

2022 5448 2209 5484 ταυτα.

2093 5513 2162 5565 Ν.
2197 5513 2296 5564 ΙΧ.
2327 5509 2448 5564 Ὃτι
2481 5505 2636 5584 ὥφθη
2668 5510 2748 5578 τῷ
2799 5503 3006 5573 Δανιὴλ
3058 5506 3085 5560 6
3136 5503 3374 5581 ἅγγελος
3405 5496 3675 5584 Γαϐριήλ.

2023 5587 2120 5643 A16
2161 5588 2214 5643 τί
2261 5585 2471 5659 ἐκλήθη
2532 5581 2738 5656 Δανιὴλ
2796 5585 2935 5660 ἀνὴρ
2989 5584 3314 5659 ἐπιθυμιῶν.
3373 5585 3492 5640 Ὅτι
3553 5581 3680 5638 ἐκά-

2023 5689 2152 5738 στην
2177 5669 2386 5743 ἡμέραν
2421 5665 2496 5730 εἷς
2555 5667 2792 5723 ἐνιαυτὸν
2849 5664 3195 5741 ἐλογίσαντο.
3245 5667 3365 5723 Ὃτι
3415 5663 3476 5743 τὸ
3507 5682 3677 5740 σφρα·

2027 5749 2172 5825 γίσαι
2223 5741 2321 5804 106
2403 5754 2672 5820 πανθῆναι
2749 5745 3101 5822 σημαντικόν.
3181 5747 3319 5804 Πότε
3390 5741 3594 5820 ἤρξατο
3647 5743 3676 5797 6
