4126 6362
373 402 486 462 351

1704 405 2028 474 JOANNIS
2069 405 2470 467 ZONNARJE

3668 399 3792 460 359

451 541 515 590 N.
551 537 643 593 IV.
674 535 804 610 Περὶ
837 540 1092 616 φοινίκων
1124 540 1214 594 καὶ
1247 538 1471 614 κιτρίων
1499 542 1604 594 τῶν
1639 538 1690 593 έν
1713 539 1782 612 τῇ
1823 557 2020 607 σκηνο-
2052 538 2108 606 Α
2137 555 2246 616 σαι,
2278 533 2369 591 καὶ
2398 537 2482 592 ὅτι
2511 537 2781 616 προεῖπον.
2808 533 2900 616 τὸν
2933 533 3068 616 -τοῦ-
3110 526 3358 616 Ἡρώδου
3407 526 3655 600 θάνατον,
3699 527 3782 585 διὸ

375 617 568 693 πηγίᾳ.
598 620 721 674 ’Ὁτι
753 617 840 673 ἐπὶ
870 619 992 695 τρία
1022 615 1114 690 ἔτη
1149 619 1319 674 ἐνόσει
1349 625 1681 695 τεταρταῖον.

447 721 511 772 Ν.
544 717 612 772 V.
647 716 775 790 Περὶ
806 718 1060 791 Ὑρκανοῦ
1091 716 1179 771 καὶ
1210 713 1798 793 Ἀριστοϐούλου.ῐ1ερὶ
1829 714 2028 793 Τιγρά-

374 816 470 851 νου
499 799 596 850 τοῦ
628 796 939 870 Ἀρμενίου.
972 797 1226 853 Βασιλεία
1254 802 1508 872 Ὑρκανοῦ
1541 797 1629 852 καὶ
1666 795 2026 871 Ἀριστοϐού-

377 875 498 932 λου.
532 877 621 937 Ὠς
651 877 706 930 εὗ
734 897 818 930 σοι
847 883 948 946 τῆς
979 875 1168 952 εὐχῆς,
1202 873 1467 950 ἄνθρωπε.

445 973 512 1028 Ν.
549 975 635 1030 VI.
669 973 796 1049 Περὶ
832 972 1127 1046 Πομπηίου
1157 974 1248 1028 καὶ
1279 981 1378 1043 τῆς
1415 973 1662 1044 δοθείσης
1709 973 1858 1045 αύτῷ
1887 993 2024 1048 χρυ-

376 1056 472 1116 σῆς
507 1052 756 1125 ἀμπέλου
787 1053 838 1123 ἐξ
873 1050 1300 1127 Ἀριστοϐούλου
1333 1054 1392 1110 ἐκ
1420 1053 1781 1110 πεντακοσίων
1825 1051 2034 1108 ταλάν-.

373 1153 503 1189 των.
566 1132 696 1202 Περὶ
753 1137 850 1197 τῆς
907 1131 1240 1208 Μιθριδάτου
1296 1135 1555 1204 τελευτῆς
1613 1133 1702 1189 καὶ
1751 1133 1875 1208 περὶ
1922 1137 2024 1187 τοῦ

377 1208 793 1284 ὀποϐαλσάμου,
827 1212 958 1287 ὅπερ
993 1220 1099 1268 τῶν
1133 1215 1319 1289 μύρων
1372 1213 1612 1288 ἄριστον·
1674 1215 1861 1275 Ὅπως
1920 1213 2024 1267 ὑπὸ

374 1291 670 1366 Πομπηίου
695 1293 761 1348 τὸ.
789 1295 1145 1369 Ἱεροσόλυμα
1175 1294 1343 1354 ἐάλω.

442 1398 506 1446 Ν.
542 1391 660 1448 VII.
690 1392 827 1448 Ὃσα
857 1395 990 1461 ἦσαν
1023 1393 1089 1447 τά
1117 1397 1213 1448 τοῦ
1247 1394 1396 1468 ἱεροῦ
1429 1379 1704 1449 Ἰουδαίων
1738 1393 2023 1467 χρήματα,

371 1469 423 1526 ἐν
475 1473 558 1532 οἷς
613 1471 704 1525 καὶ
737 1469 897 1536 δοκὸς
953 1471 1013 1527 ἐκ
1062 1477 1293 1548 χρυσοῦ.
1354 1472 1452 1528 Καὶ
1504 1472 1586 1527 ὅτι
1631 1475 1666 1542 ἡ
1720 1478 1828 1546 μνᾶ
1875 1469 2022 1527 ἕλκει

373 1550 566 1625 λίτρας
600 1548 712 1606 δύω
745 1553 880 1627 πρὸς
917 1557 987 1627 τῇ
1018 1553 1512 1627 ἠμισείᾳ.Κύπρος,
1543 1550 1720 1626 ὄνομα
1747 1554 2021 1629 γυναικός.

370 1633 496 1690 ’Ότι
527 1632 557 1686 6
587 1631 840 1708 Ἡρώδης
872 1631 1044 1688 ἐλθὼν
1079 1634 1154 1699 εἰς
1182 1636 1244 1689 τὸ
1298 1630 1718 1707 δοκιμάσασθαι,
1767 1632 2024 1704 ἐξέπληξε

370 1711 497 1792 τοὺς
523 1713 814 1792 παρόντας,
848 1710 938 1768 διὰ
963 1711 1025 1769 τὸ
1059 1711 1235 1778 ἐλθεῖν
1263 1715 1400 1787 μετά
1429 1711 1754 1792 δορυφορίας
1780 1711 2020 1783 πολλῆς,

377 1789 463 1848 διὸ
495 1792 585 1846 καὶ
616 1791 840 1867 ᾐτιάθη.

448 1879 515 1980 Νιἓ
547 1875 635 1972 IX’.
665 1878 846 1969 Ὅπως
871 1874 1216 1980 ρΙζΔιγτώνὲος
1259 1871 1369 1980 ᾕρα
1397 1877 1496 1939 τῆς
1522 1871 1898 1950 Κλεοπάτρας,
1927 1877 2025 1929 Πεο
2056 1914 2104 1980 Β

379 1952 430 2028 ρὶ
470 1953 722 2028 Ηακόρου
741 1959 838 2009 τοῦ
868 1954 1094 2030 Πάρθων
1129 1953 1419 2031 βασιλέως.

650 2035 748 2088 Διὰ
774 2033 827 2088 τί
858 2035 1147 2108 ἀπετμήθη
1178 2036 1247 2090 τὰ
1277 2034 1388 2091 am
1433 2033 1709 2112 Ὑρκανός.
1759 2036 1946 2099 Ὅπως
1999 2034 2027 2088 6

389 2110 687 2183 Φασάηλος
715 2114 989 2184 τέθνηκεν.

453 2199 516 2249 Ν.
549 2196 637 2250 XI.
673 2192 971 2266 Ἀναίρεσις
997 2193 1330 2269 Ἀντιγόνου.

453 2279 516 2330 Ν.
550 2276 698 2331 XIII.
731 2274 860 2350 Περὶ
907 2281 1007 2344 τῆς
1051 2274 1464 2351 ἀρχιερωσύνης
1505 2270 1926 2348 Ἀριστοϐούλοι
1975 2273 2027 2330 ἐν

379 2353 473 2424 νέᾳ
501 2357 568 2427 τῇ
601 2352 812 2426 ἡλικίᾳ.
868 2356 1054 2418 Ὅπως
1109 2358 1143 2425 ἡ
1195 2353 1525 2430 Ἀλεξάνδρα
1568 2351 1728 2433 ἔφυγε
1777 2353 1866 2410 διὰ
1897 2353 2028 2433 λάρ-

379 2453 566 2567 χακος,
617 2434 707 2489 καὶ
765 2433 1044 2514 ἐφωράθη.
1103 2437 1292 2500 Ὅπως
1347 2431 1619 2510 ἀπεπνίγη
1681 2431 2028 2511 Ἀριστόϐου-

424 2533 505 2567 ος.

424 2533 505 2572 ος.

458 2599 524 2672 N.
551 2596 694 2650 XIV.
736 2599 852 2649 Ὅτι
901 2597 1112 2672 ἠράσθη
1141 2593 1389 2670 Ἡρώδου
1420 2599 1454 2666 ἡ
1506 2595 1854 2671 Κλεοπάτρα.
1895 2595 2028 2668 Ηερὶ

383 2676 480 2727 τοῦ
512 2671 564 2728 έν
597 2673 838 2747 Ἰουδαίᾳ
873 2671 1114 2753 μεγάλου
1143 2676 1432 2753 γεγονότος
1461 2681 1705 2749 σεισμοῦ.

454 2769 518 2818 Ν.
558 2767 674 2821 XV.
735 2772 916 2828 Ὅπως
963 2767 1051 2821 καὶ
1101 2769 1248 2842 παρὰ
1290 2765 1386 2822 τοῦ
1465 2767 1736 2843 Καίσαρος
1782 2763 2034 2842 Ἡρώδης

384 2841 642 2916 ἐτιμήθη.
674 2851 855 2908 Ὅπως
883 2846 960 2910 είς
989 2846 1050 2901 τὸ
1074 2841 1300 2922 φανερὸν
1323 2845 1573 2918 Ἡρώδην
1606 2841 1773 2922 ἐφάνη
1802 2841 2035 2919 μισοῦσα

383 2924 419 2992 ἡ
451 2925 582 2998 γυνὴ
618 2923 804 2982 αὐτοῦ.
837 2928 1026 2990 Ὅπως
1059 2930 1093 2997 ἡ
1124 2925 1220 2983 τοῦ
1250 2924 1496 3003 Ἡρώδου
1526 2929 1663 3003 γυνὴ
1696 2925 1907 2998 θανάτῳ
1936 2946 2030 2980 κα-

382 3005 716 3078 τακριθεῖσα,
746 3005 998 3077 τέθνηκεν
1009 3051 1022 3065 .

459 3107 521 3157 Ν.
553 3103 691 3160 XVI.
724 3103 911 3167 Ὅπως
943 3101 1069 3160 οὐδὶ
1119 3109 1216 3160 τοῦ
1263 3103 1464 3160 οἷκείου
1521 3105 1732 3178 κόσμου
1778 3101 2034 3178 Ἡρώδης

385 3179 636 3260 ἐφείσατο
693 3181 745 3237 ἐν
797 3189 973 3259 καιρῷ
1033 3183 1202 3258 λιμοῦ
1251 3181 1340 3240 διὰ
1380 3187 1479 3255 την
1527 3183 1714 3253 πόλιν,
1753 3183 1842 3238 καὶ
1872 3183 2030 3238 αὐτὸν

385 3260 623 3354 ἀποδοὺς
649 3263 728 3354 εἰς
756 3265 816 3320 τὸ
848 3265 1306 3354 ἀγοράσαιὶσῖτον.
1358 3265 1531 3328 Πόσος
1578 3268 1643 3335 ἦν
1693 3266 1720 3320 6
1766 3261 2034 3327 διαδοθεὶς
2065 3286 2108 3354 C

385 3347 556 3411 σῖτος,
590 3342 750 3398 πόσοι
796 3342 980 3418 μόδιοι
1013 3347 1041 3401 6
1071 3345 1258 3421 κόρος.

457 3447 521 3518 Ν.
544 3442 716 3518 XVII.
749 3443 936 3505 Ὅπως
968 3443 996 3498 6
1026 3440 1276 3518 Ἡρώδης
1309 3441 1518 3500 ἐκώλυε
1561 3441 1688 3506 τοὺς
1744 3443 1834 3497 ὑπ’
1876 3440 2034 3496 αὐτὸν

386 3517 661 3591 ἀλλήλοις
692 3520 1060 3598 συνέρχεσθαι,
1095 3517 1290 3589 δεδιὼς
1317 3525 1412 3586 τὰς
1438 3519 1752 3585 ἐπιϐουλάς.
1793 3522 1948 3584 Τίνες
1982 3521 2033 3576 οἱ

387 3602 648 3674 Ἐσσαῖοι,
680 3601 768 3657 καὶ
819 3601 908 3675 οἵᾳ
956 3607 1195 3679 χρῶνται
1249 3603 1450 3680 διαίτῃ,
1495 3604 1585 3660 καὶ
1618 3605 1766 3665 ὅπως
1797 3606 1873 3665 εἷς
1924 3607 2032 3658 τῶν

388 3681 651 3761 ΪΕσσαίων
689 3688 919 3759 προεῖπε
945 3690 1026 3758 τῷ
1068 3684 1286 3761 Ἡρώδη
1335 3684 1536 3759 παιδίῳ
1583 3680 1698 3740 ὄντι
1745 3684 1845 3753 τὴν
1881 3686 2034 3758 βασι-

387 3757 561 3815 λείαν.
591 3757 772 3826 Ὅπως
803 3763 830 3818 6
859 3762 1112 3838 Ἡρώδης
1136 3757 1231 3820 τὸν
1263 3757 1389 3821 ναὸν
1423 3757 1516 3820 ἐπί
1553 3766 1615 3820 τὸ
1664 3769 1846 3838 μεῖζον
1884 3757 2034 3836 ϐμετ-

389 3839 658 3896 εσκεύασε.
688 3842 796 3898 Καὶ
827 3845 950 3918 περί
980 3849 1077 3899 τοῦ
1108 3845 1335 3921 πύργου.
1369 3847 1426 3902 'ov
1462 3843 1753 3901 Ἀντωνίαν
1785 3841 2033 3898 ἐκάλεσεν

385 3921 508 3978 Ὃτι
618 3923 744 3985 ναὸς
781 3922 833 3977 ἐν
858 3923 1090 4003 ἐνιαυτῷ
1121 3924 1198 3982 ἐνὶ
1230 3927 1366 4003 πρὸς
1391 3931 1471 4000 τῷ
1509 3926 1695 3998 ἡμίσει
1747 3921 2037 3997 ᾠκοδομή-

387 4003 478 4074 θη,
521 4000 603 4084 δτι
635 4004 723 4058 καὶ
783 4001 909 4060 οὐδὲ
958 4005 1108 4072 ὑετὸς
1149 4000 1364 4084 γέγονεν
1416 4006 1466 4063 ἐν
1513 4005 1714 4081 ἡμέρᾳ.
1766 4005 1897 4077 Περὶ
1941 4007 2037 4058 τοῦ

387 4083 781 4159 πιπράσκεσθαι
807 4084 934 4150 τοὺς
961 4085 1214 4150 κλέπτας.

461 4187 525 4240 Ν.
557 4183 752 4241 XVIII.
805 4184 935 4261 Περὶ
977 4189 1084 4242 τῶν
1133 4183 1343 4241 παίδων
1395 4183 1665 4260 Ἡρώδου,
1721 4187 1828 4239 οἷοι
1875 4185 2034 4254 ἦσαν.

388 4264 578 4342 Ὅπως
620 4263 847 4338 ἐμίσησε
874 4265 1000 4329 τοὺς
1032 4266 1182 4330 υἱοὺς
1211 4269 1239 4322 ὁ
1279 4265 1546 4342 Ἡρώδης.
1601 4272 1782 4328 Ὅπως
1831 4263 2036 4336 κατήλ-

393 4341 521 4416 λαξε
549 4344 638 4399 τὸν
671 4343 920 4422 Ἡρώδην
952 4353 1068 4412 τοῖς
1097 4347 1282 4404 παισὶν
1311 4341 1599 4424 όίΚαῖσαρ.

471 4448 537 4499 Ν.
573 4443 716 4500 ΧΙΧ.
759 4446 892 4509 Οἴος
920 4446 983 4500 τὸ
1013 4447 1262 4516 ἦθος,καὶ
1290 4445 1418 4509 τοὺς
1445 4446 1683 4521 τρόπους
1713 4445 1742 4499 6
1766 4441 2035 4519 Ἡρώδης.

398 4523 536 4579 Ὀσα
591 4524 841 4599 Ὑρκανὸς
896 4527 983 4581 καὶ
1044 4524 1296 4599 Ἡρώδης
1353 4520 1552 4580 ἔλαϐον
1621 4522 1880 4600 ἀργυρίου
1949 4521 2038 4577 καὶ

2134 615 2225 672 καὶ
2259 609 2660 687 ἀπεκτάνθησαν
2691 611 2897 670 πολλοὶ
2929 613 2988 668 ἐκ
3018 609 3214 666 αὒτῶν.

2208 703 2270 755 Ν.
2303 699 2487 756 XXIV.
2521 685 2650 772 Περὶ
2698 694 2922 769 λιμένος
2975 697 3071 748 τοῦ
3123 689 3428 772 λεγομένου
3490 685 3782 772 Σεϐαστοῦ.

2135 777 2450 853 Κατηγορία
2477 769 2857 852 Ἀντιπάτρου.
2888 781 3003 829 Ὅτι
3036 773 3064 827 6
3092 769 3347 853 Ἡρώδης
3396 772 3487 826 καὶ
3532 770 3626 826 τὸν
3669 772 3784 826 υἱόν

2135 849 2491 932 Ἠντίπατρον
2547 849 2770 929 δέσμιον
2803 855 2878 918 εἷς
2911 854 3157 927 Καίσαρα
3187 849 3445 926 ἔπεμψεν.

2207 943 2270 993 Ν.
2303 931 2463 993 XXV.
2497 938 2699 1010 Ἀκμὴ,
2729 931 2906 1009 ὄνομα
2934 932 3498 1010 γυναικός.Κύκηθρον
3531 931 3593 986 τὸ
3616 950 3782 1010 ταρα-

2135 1019 2242 1093 χὴν
2277 1015 2562 1090 ἐμποιοῦν·
2604 1009 2744 1092 Περὶ
2774 1021 2880 1070 τῶν
2931 1013 3269 1070 καθελόντων
3319 1013 3410 1067 τὸν
3471 1009 3790 1076 ἀνατεθέντα

2136 1097 2287 1152 ἀετὸν
2323 1097 2399 1160 εἷς
2425 1097 2518 1152 τὸν
2551 1098 2718 1172 μέγαν
2744 1093 2972 1151 πυλῶνα
3001 1098 3098 1149 τοῦ
3125 1097 3280 1150 ναοῦ.

2206 1185 2270 1232 Ν.
2307 1178 2492 1233 XXVI.
2528 1166 2663 1235 Τίνα
2685 1177 2844 1231 νόσον
2893 1174 3144 1246 ἐνόσησεν
3197 1169 3471 1246 Ἡρώδης,
3519 1166 3783 1239 ποικίλην

2131 1277 2190 1312 τε
2219 1256 2309 1312 καὶ
2341 1254 2630 1334 ὁδυνηράν.
2686 1257 2815 1332 Περὶ
2853 1260 2963 1311 τῶν
3010 1262 3111 1324 τῆς
3158 1251 3481 1334 Καλλιρόης
3541 1254 3786 1334 θερμῶν.

2133 1335 2266 1394 Ο’ίαν
2298 1326 2536 1393 ἐπίνοιαν
2571 1338 2599 1392 6
2630 1326 2884 1414 Ἡρώδης
2917 1335 3181 1405 ἐπενοήοτ
3209 1334 3272 1414 τρ
3305 1326 3789 1414 ζκάκιποςῗῶνξίνα

2131 1416 2344 1491 κλαυθῇ
2375 1419 2509 1492 μετὰ
2538 1411 2785 1473 θάνατον.
2816 1414 3049 1486 Τελευτὴ
3084 1413 3354 1488 Ἡρώδου.
3397 1415 3519 1470 “On
3568 1413 3596 1466 6
3656 1411 3782 1484 Ἀρ·

2133 1496 2336 1575 χέλαος
2369 1495 2640 1570 διεδέξατο
2669 1497 2942 1574 Ἡρώδην.

2690 1705 2894 1762 LIBER
2931 1700 3221 1759 SEXTUS.

2206 1882 2268 1931 Ν.
2297 1881 2340 1932 Ῑ.
2378 1875 2507 1952 Περὶ
2555 1877 2654 1945 τῆς
2705 1878 2812 1930 τῶν
2855 1871 3133 1928 Ἰουδαίων
3193 1871 3428 1952 στάσεως
3473 1866 3788 1952 κατᾶῗέΡω-

2141 1956 2339 2032 μαίων,
2371 1948 2465 2012 ὁτε
2489 1957 2578 2012 καὶ
2610 1957 2638 2011 6
2685 1957 2812 2020 ναὸς
2839 1955 3167 2029 ἐνεπρήσθη·
3197 1955 3320 2010 ’Ότι
3371 1948 3569 2013 δοῦλος
3615 1949 3789 2024 Ἠρώ-

2137 2038 2235 2093 δου
2265 2035 2510 2102 διάδημα
2536 2036 2834 2102 περιέθετο.

2208 2059 2235 2092 υ
2265 2059 2510 2110 οιαοημα
2536 2059 2834 2114 περιευετο.

2208 2124 2272 2172 Ν.
2305 2119 2377 2174 II.
2409 2121 2527 2174 Ὅτι
2558 2117 2647 2172 καὶ
2681 2118 2709 2171 ὁ
2740 2114 3046 2191 Ἀρχέλαος
3075 2114 3230 2186 ὠμὸς
3258 2112 3322 2180 ἦν
3353 2108 3492 2166 λατά
3534 2110 3627 2191 τὸν
3677 2129 3782 2191 παῖ

2142 2198 2293 2270 τέρα.
2355 2197 2485 2274 Περὶ
2515 2202 2613 2252 τοῦ
2670 2189 2814 2252 πλοῦ
2844 2189 3248 2268 νἈλεξάνδρου.
3285 2189 3597 2274 Κατηγορία
3648 2189 3784 2274 κατὰ

2144 2268 2474 2355 Ἀρχελάου.
2493 2277 2634 2353 Περύ
2653 2299 2737 2333 τοι
2757 2277 2965 2353 ὀνείρου
2985 2274 3046 2330 οὗ
3071 2273 3204 2331 εἶδεν
3229 2270 3551 2349 Ἀρχέλαος.
3567 2268 3787 2345 ’Έτερός

2139 2356 2347 2437 ὄνειρος
2374 2367 2473 2431 τῆς
2505 2359 2806 2437 Ἀρχελάου
2837 2357 3112 2435 γυναικός.
3147 2357 3275 2432 Περὶ
3307 2362 3407 2425 τῆς
3462 2355 3783 2430 ἀπογραφῆς

2137 2449 2236 2498 τῆς
2267 2441 2354 2496 ἐπὶ
2385 2441 2656 2498 Καίσαρος
2683 2441 3072 2498 γεγενημένης.

2171 2464 2236 2512 ης
2267 2460 2354 2496 επι
2385 2460 2656 2515 καίσαρος
2683 2460 3072 2518 γεγενημενης.

2211 2529 2272 2579 Ν.
2309 2523 2403 2578 III.
2457 2519 2673 2598 A'Ipemc
2734 2521 3069 2598 Φαρισαίων.
3095 2594 3107 2598 _
3131 2515 3345 2598 Αἵρεσις
3378 2511 3788 2598 Σαδδουκαίων..

2138 2598 2354 2678 Α’ίρεσις
2386 2592 2680 2672 Ἐσσηνων.
2706 2592 2926 2675 Α⁹ίρεσις
2956 2594 3281 2678 Ιξαλιλαίων.
3315 2593 3457 2678 Πότε
3485 2592 3719 2678 -.ἐγένετο

2139 2671 2451 2758 ἀπογραφή.
2483 2671 2626 2737 Πότε
2656 2683 2684 2735 6
2714 2671 2924 2756 Καῖσαρ
2973 2676 3144 2754 ἔθανε,
3177 2677 3268 2758 καὶ
3298 2674 3439 2730 πόσα
3483 2672 3578 2744 ἔτη
3632 2671 3788 2746 ἐκρά-

2137 2753 2320 2834 τησεν.
2352 2753 2472 2820 Ὅτι
2505 2759 2774 2833 διεδέξατο
2807 2753 3043 2833 Καίσαρα
3073 2760 3101 2814 6
3133 2753 3414 2832 Τιϐέριος.

2212 2845 2280 2900 Ν.
2311 2845 2404 2899 IV.
2437 2843 2572 2919 Περὶ
2630 2843 2864 2901 Ποντίου
2910 2839 3172 2919 Πιλάτου.
3201 2839 3354 2919 αΠερὶ
3401 2833 3653 2919 Ἡρώδου
3694 2838 3790 2889 τοῦ

2137 2923 2408 3000 τετράχου
2436 2915 2528 2978 καί
2582 2930 2680 2993 τῆς
2710 2921 2926 2984 πόλεως
2983 2915 3330 2993 Τιϐεριάδος.
3363 2918 3498 3000 Περὶ
3534 2919 3786 3000 ,τῆς-τῶν

2139 2994 2414 3106 ,Ιορδαίων
2447 3003 2907 3106 ἐνστάσὶωςᾟότε
2936 3001 3103 3106 ἐφάνη
3133 3002 3165 3099 6
3194 2999 3424 3106 Xptgzbc
3449 2997 3500 3052 ἐν
3533 2994 3789 3106 ’1ουὲαίᾳ,

2141 3085 2230 3140 καὶ
2261 3084 2351 3140 οἶά
2381 3105 2543 3164 φησιν
2576 3086 2604 3140 6
2633 3084 2903 3153 Ἰώσηπος
2934 3078 3055 3156 περὶ
3089 3079 3272 3136 αὐτοῦ.
3309 3084 3427 3134 ’Έτι
3475 3078 3598 3153 περὶ
3627 3078 3767 3150 Χρισ

2139 3169 2237 3221 τοῦ
2268 3185 2428 3244 φησιν
2463 3165 2491 3220 6
2519 3165 2809 3244 Ἰώσηπος.
2902 3240 2913 3244 _
3030 3241 3075 3244 __
3150 3237 3167 3244 ι
3198 3237 3208 3244 _
3403 3238 3426 3244 Δ
3583 3233 3594 3244 Ι

2215 3231 2291 3302 Ν..
2414 3243 2544 3319 Περὶ
2574 3231 2677 3312 τῆς
2705 3240 2977 3316 Ῥωμαίας
3029 3237 3331 3309 Ηαυλίνης.
3370 3238 3488 3319 Ὅτι
3535 3233 3668 3319 μέγα
3718 3231 3780 3288 τό

2143 3330 2252 3382 τῶν
2280 3314 2500 3380 ἱππέων
2521 3323 2751 3397 ἀξίωμα·
2786 3314 2916 3397 Περὶ
2945 3324 3045 3386 τῆς
3077 3319 3343 3394 πονηρίας
3385 3314 3550 3386 Ἴδης.
3595 3316 3781 3397 Ὅπως

2142 3409 2176 3477 ἠ
2223 3405 2463 3461 Παυλίνα
2534 3409 2616 3476 τῷ
2681 3396 2879 3480 ἐρῶντι
2946 3400 3114 3471 αὐτῆς
3171 3399 3500 3480 συνεγένετο,
3561 3396 3789 3469 οἱομένη

2140 3493 2331 3544 τοῦτιον
2366 3487 2516 3544 Θεόν.
2572 3479 2756 3550 Ὃπως
2813 3485 2874 3540 τὸ
2925 3483 3062 3539 κατὰ
3102 3490 3203 3553 τῆς
3247 3479 3521 3552 Παυλίνης
3572 3480 3791 3551 σκέμμα

2143 3570 2365 3642 ἐξήτασε
2395 3563 2650 3643 Τιϐέριος
2683 3567 2773 3622 καὶ
2805 3565 3032 3621 ἐκόλασε
3055 3563 3183 3628 τοὺς
3211 3567 3374 3618 τοῦτο
3436 3561 3796 3637 συνεργήσανο

2143 3672 2256 3713 τας.
2287 3649 2418 3725 Περὶ
2447 3656 2548 3719 τῆς
2603 3649 2810 3723 βάρεως
2867 3649 2966 3712 τῆς
3027 3643 3542 3719 μετωνομασθείσης
3588 3643 3793 3699 Ἀντω-

2142 3731 2284 3868 νίαΝέ
2319 3813 2408 3871 VI.
2441 3809 2570 3885 Περὶ
2629 3806 2932 3876 Φιλίππου,
2994 3807 3075 3861 δτι
3134 3806 3224 3861 καὶ
3280 3806 3397 3869 καθ’
3439 3801 3564 3858 ὁδὸν
3597 3799 3796 3885 ἔκρινε,

2145 3891 2235 3948 καὶ
2268 3893 2296 3946 6
2355 3882 2547 3965 θρόνος
2599 3889 2763 3944 αὐτοῦ
2823 3886 3215 3966 ἐπιφερόμενος
3267 3885 3469 3940 ἐτίθετο
3517 3882 3795 3966 κατάπὸν

2143 3971 2310 4028 τόπον
2367 3960 2491 4035 ἔνθα
2547 3971 2856 4042 καθήμενος
2912 3960 3175 4043 ἧκ’ροᾶτο.
3237 3966 3368 4040 Περί
3424 3967 3521 4018 τοῦ
3565 3960 3796 4016 θανάτου

2144 4057 2239 4086 -..π
2273 4055 2580 4086 ι)..........,.π
2613 4051 2865 4086 νῐ....ι........
2896 4051 2985 4086 ..τά
3018 4068 3178 4086 κη...
3224 4049 3252 4086 Α
3311 4046 3576 4086 ἰιξιμηηπηρ
3662 4042 3794 4086 nm}

2144 4057 2240 4109 τοῦ
2272 4055 2580 4108 Βαπτιστοῦ
2613 4051 2865 4108 Ἰωάννου
2896 4051 2986 4104 οἷά
3014 4068 3178 4144 φησιν
3224 4049 3252 4102 6
3311 4046 3600 4114 Ἰώσηπος.
3662 4044 3796 4118 Περὶ

2144 4138 2246 4202 τῆς
2277 4135 2374 4214 τοῦ
2404 4125 2664 4214 Τιϐερίου
2697 4127 2980 4214 τελευτῆς,
3015 4149 3082 4214 ον.
3105 4124 3374 4214 διεδέξατο
3406 4124 3583 4214 Γάϊος.
3777 4203 3788 4214 .

2216 4215 2285 4271 N.
2326 4213 2451 4270 VII.
2510 4211 2645 4288 Περὶ
2693 4209 2996 4288 Ἀγρίππα,
3052 4207 3203 4273 ὅπως
3259 4207 3599 4342 εύηὲγετήθη
3651 4207 3801 4280 παρὰ

2145 4290 2454 4342 ’Ποωδιάδο
2485 4295 2584 4342 τῆς
2647 4289 2911 4342 ἆδελωῆς.
2969 4290 3067 4342 Διὰ
3111 4289 3164 4342 τί
3210 4289 3346 4342 ποέσ
3385 4309 3492 4342 εσιν
3536 4285 3597 4341 οὗ
3626 4306 3798 4342 ποοσ-

2162 4290 2454 4370 Ηρωδιάδο
2485 4295 2584 4358 τῆς
2647 4289 2911 4370 ἀδελφῆς.
2969 4290 3067 4370 Διὰ
3111 4289 3164 4370 τί
3210 4289 3492 4370 πρέσϐεσιν
3536 4289 3597 4341 οὗ
3626 4306 3798 4370 προσ-

2147 4364 2350 4463 ωμίλει
2380 4377 2628 4463 συχνοῖς.
2841 4371 2893 4426 τί
2947 4369 3072 4432 τοὺς
3109 4368 3177 4463 ’ἐν
3230 4370 3377 4463 ἀρχῇ
3428 4366 3488 4423 ού
3538 4364 3794 4444 παρέλυε,

2149 4455 2238 4510 καὶ
2271 4453 2397 4530 περὶ
2427 4451 2524 4509 τοῦ
2554 4451 2998 4529 παραδείγματος
3029 4450 3283 4508 τούτων”.

2218 4538 2265 4548 -.
2318 4537 2445 4548 ---η
2516 4541 2558 4548 ..
2633 4537 2645 4548 .
2708 4538 2749 4548 ..
2919 4533 2930 4548 .
3146 4533 3160 4548 .
3225 4531 3251 4548 ..

2218 4528 2466 4612 ΝηνΙΠ.
2516 4528 2649 4612 Περῖ
2704 4533 3020 4600 Ἀντωνίας,
3073 4533 3163 4587 καὶ
3221 4531 3371 4612 ὅπως
3430 4529 3594 4612 ἐτίμα
3629 4528 3791 4597 αὐτὴν

390 4607 619 4692 χρυσεῖύ,
655 4603 894 4692 τᾴλωζτα
951 4606 1010 4661 ἐκ
1049 4607 1361 4692 τοῦ-*τάφου
1413 4601 1602 4692 Δαϐὶδ,
1647 4605 1735 4659 καὶ
1768 4603 1916 4692 ἐίπως
1948 4603 2037 4692 {CI
2071 4664 2114 4692 η
2148 4616 2176 4670 6
2209 4611 2484 4692 Τιϐέριος.
2542 4601 2673 4692 Περὶ
2722 4616 2794 4670 ὧν
2843 4634 2924 4674 τις
2975 4617 3236 4688 προεῖπεν
3298 4601 3788 4676 ἔσεσθαιοίνοσκο-

390 4664 467 4768 ξς
498 4682 632 4768 ᾳύτό.
658 4687 725 4768 τὰ
752 4683 1192 4768 σώματαγΔαϐὶδ
1237 4664 1325 4741 καὶ
1376 4684 1740 4759 Σολομῶντος
1785 4681 2032 4754 ἐκωλύθη
2069 4664 2115 4729 D
2145 4664 2584 4767 πήσας.Γ⁶6πιι›ς-
2622 4664 2720 4750 Ιτὸ)
2775 4664 2935 4749 Γαῖον
2982 4664 3241 4768 δίάδοχον
3537 4664 3792 4746 κατέλιπε

387 4762 604 4842 Ἡρώδη
640 4765 898 4831 εἰσελθεῖν
931 4767 1058 4841 θείῳ
1087 4767 1239 4841 πυρί.

461 4870 526 4921 Ν.
560 4866 672 4921 XX.
707 4867 813 4923 Οἴα
843 4868 876 4936 ἡ
909 4861 1147 4935 διαϐολὴ
1181 4865 1261 4920 ἀεὶ
1293 4865 1434 4920 κακά
1479 4863 1777 4941 εἰργάζετο,
1827 4864 1918 4918 καὶ
1959 4860 2035 4917 ἔτι

391 4945 693 5020 ἐργάζεται.

461 5031 525 5081 Ν⁹
558 5027 694 5082 XXI.
725 5023 854 5096 Περὶ
901 5029 998 5080 τοῦ
1048 5024 1304 5081 κακίστου
1353 5022 1717 5100 Εὐρυκλέους.
1767 5025 1886 5081 Ὅτι
1919 5020 2035 5078 ἐδέ-

391 5125 569 5180 σμησε
596 5105 724 5167 τοὺς
756 5103 906 5167 υἱοὺς
941 5107 969 5160 6
999 5103 1248 5180 Ἡρώδης
1284 5100 1708 5182 Ἀριστόϐουλον
1758 5105 1846 5159 καὶ
1880 5103 2036 5161 Ἀλέ-

391 5183 640 5262 ξανδρον,
671 5186 746 5242 Τὸ
782 5183 1063 5260 συνέδριον
1093 5186 1155 5242 τὸ
1185 5187 1310 5249 τοὺς
1343 5184 1540 5248 παῖδας
1571 5183 1818 5262 Ἡρώδου
1849 5191 2034 5262 κρῖνον

397 5267 491 5322 σὺν
520 5271 601 5338 τῶ
632 5263 874 5342 Ἡρώδῃ.

461 5354 526 5403 Ν.
554 5349 725 5424 XXII.
757 5347 883 5418 Περὶ
914 5352 1009 5402 τοῦ
1034 5347 1551 5424 παρρησιασαμένου
1593 5347 1926 5420 στρατιώτου
1958 5344 2034 5406 εἷς

392 5423 668 5502 Ἡρώδην,
707 5423 1377 5500 βουλευόμενονθάνατῶν
1409 5432 1516 5482 τῶν
1546 5426 1757 5480 οἰκείων
1805 5423 2034 5480 παίδων.

393 5509 583 5570 Ὅπως
613 5503 973 5584 ἀπηγχὸνησε
1002 5507 1128 5572 τοὺς
1159 5507 1392 5570 οἰκείους
1440 5505 1638 5568 παῖδας
1688 5508 1715 5561 6
1763 5503 2034 5580 Ἡρώδης.

394 5589 518 5646 ’Ὁτι
549 5589 775 5662 πάτριον
806 5593 870 5660 ἦν
902 5590 964 5646 τό
998 5587 1114 5652 ἔθος
1144 5590 1205 5644 τὸ
1231 5588 1472 5651 πολλαῖς
1513 5593 1774 5643 συνοικεῖν
1807 5586 2035 5661 γυναιξί.

393 5670 513 5728 ’Ὸιι
545 5671 753 5744 ἀνεψιοὶ
787 5673 838 5726 οἱ
888 5669 1192 5749 ἐξάδελφοι.

465 5757 529 5810 Ν.
562 5751 755 5809 XXIII.
783 5757 899 5810 Ὃτι
933 5752 985 5807 οἱ
1044 5746 1330 5826 Φαρισαῖοι
1382 5747 1481 5804 οὐκ
1527 5746 1846 5818 ἐπείσθησαν
1908 5747 2040 5821 ὀμό-

2143 4773 2412 4850 Τιϐέριος.

2221 4867 2284 4915 Ν.
2323 4863 2411 4917 IX.
2444 4862 2565 4918 Ὅτι
2597 4859 2828 4936 ἀρχαῖον
2861 4859 2924 4914 τὸ
2978 4856 3105 4919 τοὺς
3158 4855 3463 4932 ἐξορίστους
3519 4852 3798 4936 ἀκειροκό-

2151 4964 2285 5018 μους
2318 4942 2470 4996 εἶναι.
2505 4935 2703 5002 Ὅπως
2725 4938 2883 4996 ἔλυσε
2920 4944 3028 4995 τῶν
3082 4935 3296 5011 δεσμῶν
3340 4938 3432 4992 τὸν
3462 5017 3466 5018 7
3492 4935 3796 5018 Ἀγρίππαν

2146 5013 2324 5090 Γαῖος,
2357 5021 2446 5076 καὶ
2482 5019 2707 5098 βασιλέα
2764 5018 3050 5092 ἐπέδειξεν.
3104 5020 3292 5080 Ὅπως
3349 5013 3797 5098 κατὰ-,Ἡρώδου

2145 5103 2447 5180 ’Δγρίππας
2481 5093 2756 5157 ἐπέστειλε
2783 5106 2864 5175 τῷ
2895 5100 3196 5175 Γαΐῳ.⁶“Οτι
3225 5099 3289 5155 τὸ
3321 5097 3466 5154 ὅπλα
3496 5093 3644 5174 ἔχειν
3674 5095 3801 5158 τοὺς

2146 5183 2439 5262 ἄρχοντας,
2473 5181 2571 5238 οὐκ
2601 5183 2927 5254 ἀνύποητον.

2217 5257 2283 5321 Ν.
2319 5267 2385 5321 Χ.
2423 5265 2483 5320 Ὁ
2515 5263 2692 5332 Γάϊος,
2731 5264 2807 5337 μὴ
2840 5264 2914 5327 ὡς
2964 5263 3080 5326 θεὸς
3133 5261 3280 5336 παρᾶ
3310 5257 3588 5316 Ἰουδαίων
3628 5257 3802 5329 τιμώ,

2145 5346 2263 5409 ἐνος
2297 5343 2582 5420 ὥργίζετο,
2639 5343 2728 5398 καὶ
2781 5345 2870 5398 τὸν
2933 5342 3155 5398 Φίλωνα
3215 5339 3798 5420 ὑπεραπολογούμενον

2147 5427 2248 5482 ούκ
2277 5419 2516 5501 ἐδέχετο.
2549 5426 2736 5487 Ὅπως
2769 5423 2831 5479 ού
2861 5425 3264 5500 παρεχώρησαν
3321 5419 3576 5478 Ἰουδαῖοι
3610 5425 3800 5501 στῆναι

2146 5500 2437 5581 ἀνδριάντα
2469 5505 2631 5560 Γαίου
2662 5505 2713 5561 ἐν
2746 5509 2815 5580 τῇ
2866 5504 3024 5560 πόλει
3060 5505 3258 5560 αὐτῶν.
3291 5507 3404 5558 Ὅτι
3439 5503 3466 5558 6
3500 5500 3800 5581 ⁹ᾼγρίπποις

2147 5579 2324 5644 ἔπεισε
2354 5585 2514 5641 Γάϊον
2546 5579 2900 5663 συγχωρῆσαι
2950 5587 3026 5659 μὴ
3081 5588 3270 5650 στῆναι
3319 5581 3371 5638 ἐν
3424 5579 3800 5663 Ἰουδαία-τὸν

2149 5667 2354 5744 οἰκεῖονΔ
2383 5659 2690 5744 ἀνδριάνταξ
2723 5669 2844 5725 Ὅτι
2877 5666 3114 5742 ἀνῃρέθη
3157 5664 3340 5735 Γάϊος,
3389 5662 3476 5718 καὶ
3527 5659 3799 5723 Κλαύδιος

2149 5746 2308 5804 αὐτὸν
2341 5742 2630 5821 διεδέξατο.
