4126 6378
305 389 428 451 353

1533 383 1945 446 ANNALIUM
1989 384 2374 449 ARGUMEN
2379 388 2509 450 TA.

3609 390 3731 450 354

379 527 444 576 Ν.
493 520 586 578 ΧΙ.
645 519 770 576 ’Ότι
830 523 1043 593 χρυσῆν
1097 515 1288 573 ἅλυσίν
1339 515 1500 580 Γάϊος
1555 519 1636 588 τῷ
1687 516 1965 592 ’Δγρίππᾳ
1994 513 2307 591 Αδήμασι.
2367 521 2488 577 Ὃτι
2545 520 2636 576 καὶ
2710 517 2800 575 διὰ
2857 525 2958 589 τῆς
3007 518 3200 580 νυκτὸς
3255 515 3588 591 ἐπολέμουν,
3640 519 3733 573 καὶ

302 599 648 676 ἐδωρήσατο,
696 597 812 652 ἀνθ’
863 599 929 666 ἧς
978 596 1266 673 κατεκρίθη
1321 594 1570 672 σιδηρᾶς,
1617 597 1683 666 ἣν
1730 595 1821 650 καὶ
1872 595 1964 676 ἀν-

298 682 453 738 έθετο
487 679 796 756 ’Δγρίππας
838 677 920 751 τῷ
966 682 1102 751 Θεῷ.
1136 681 1260 735 Ὅτι
1311 678 1339 732 6
1393 677 1640 752 ὕπαρχος
1692 676 1838 756 ἀρχὴ
1897 675 1964 744 ἧν

297 761 454 838 παρὰ
510 755 808 834 Ῥωμαίοις
844 800 858 815 .
916 760 1040 816 ’Ότι
1109 762 1348 834 Δωρῖται
1415 756 1564 820 ἔθνος
1636 755 1786 812 εἷ’σίν.
1847 758 1967 838 Ὅτι

306 835 648 918 εὐεργετικὸς
680 839 746 908 ἦν
782 839 810 894 6
852 839 1172 918 Ἀγρίππας.
1207 840 1330 896 ’Ότι
1379 839 1407 892 6
1458 838 1778 918 Στράτωνος
1829 835 1966 918 πύρ-

304 914 413 998 γος
449 914 604 976 ⁷ἐστὶν
653 919 784 998 ἢέν
836 914 1530 998 ΠαλαιστίνῃνΚαισάρεια.
1584 917 1713 993 Περὶ
1761 923 1861 986 τῆς
1919 914 1968 998 ἐξ

305 992 555 1077 ἀργύρου
612 997 818 1068 στολῆς
865 992 1149 1072 λαμπρὸν
1177 992 1668 1068 ἀποστιλϐούσης.
1703 999 1892 1060 Ὅπως
1941 996 1969 1050 6

307 1081 618 1158 ’Δγρίππας
643 1080 924 1150 τέθνηκεν.

380 1182 452 1237 Ν.
477 1181 599 1237 XII.
637 1177 769 1254 Περὶ
814 1183 916 1247 τῆς
985 1174 1400 1253 ἐγκυμονούσης
1464 1176 1742 1253 γυναικὸς,
1799 1177 1865 1244 ἧς
1915 1171 1975 1228 ἐκ

307 1265 412 1327 τῆς
465 1257 680 1315 κοιλίας
717 1253 892 1330 γὲδοξε
967 1259 1151 1334 φωνην
1223 1258 1487 1334 γενέσθαι,
1536 1255 1795 1332 λέγουσαν
1875 1256 1975 1324 τὴν

309 1346 414 1398 τοῦ
476 1334 721 1416 ἐμϐρύου
769 1339 972 1413 τύχην.
1003 1340 1192 1401 Ὅπως
1251 1339 1279 1393 ὁ
1311 1339 1522 1409 Ἰζάτης
1582 1337 1836 1411 μετετέθη
1899 1335 1976 1396 εἷς

303 1423 412 1491 τήν
474 1419 788 1488 Ἰουδαϊκήν
870 1417 1205 1493 θρησκείαν,
1259 1418 1349 1473 καὶ
1403 1421 1438 1488 ἡ
1513 1417 1712 1472 τούτου
1792 1417 1974 1489 μητήρ

304 1500 508 1572 Ἑλένη
553 1499 786 1574 ὁμοίως,
818 1498 910 1554 καὶ
960 1497 1036 1561 εἷς
1082 1497 1434 1574 Ἱεροσόλυμα
1481 1497 1724 1563 ἀπῆλθεν
1784 1495 1860 1558 είς
1913 1495 1976 1550 τὸ

309 1587 416 1638 τοῦ
449 1585 582 1638 Θεοῦ
632 1579 800 1656 ἱερόν.
836 1579 965 1655 Περὶ
1002 1574 1338 1654 Ἀρταϐάνου
1385 1582 1482 1632 τοῦ
1531 1577 1756 1654 Πάρθων
1821 1577 1976 1652 βασι-

307 1663 478 1737 λέως,
513 1661 663 1724 ὅπως
702 1660 779 1724 εἷς
811 1661 1022 1737 Ἰζάτην
1053 1658 1193 1728 ἦλθε
1243 1657 1529 1733 δεόμενος.
1561 1660 1686 1717 ’Ότι
1735 1657 1977 1714 ἀποκατ-

311 1735 471 1814 έστη
507 1741 674 1798 πάλιν
737 1742 766 1796 6
824 1735 1164 1818 Ἀρταϐάνης
1225 1738 1302 1802 εἷς
1377 1741 1476 1810 τὴν
1537 1740 1766 1814 Πάρθων
1828 1739 1979 1814 βασι-

314 1825 498 1882 λείαν.

2079 600 2161 654 ὅτι
2206 600 2292 655 καὶ
2338 602 2372 669 ἡ
2425 600 2692 657 Ἀντωνία
2740 601 2767 655 6
2815 601 3020 676 πύργος
3077 599 3409 674 μετεσείσθη.
3444 600 3573 674 Περὶ
3631 605 3733 669 τῆς

2077 681 2354 757 γυναικὸς,
2388 680 2513 750 ἥτις
2538 683 2600 736 τὸ
2653 682 2852 736 οἰκεῖον
2902 680 3088 736 τέκνον
3139 679 3215 745 εἷς
3263 681 3469 758 τροφὴν
3528 679 3729 735 οἰκείαν

2080 760 2373 839 ἀπέσφαξεν
2385 806 2397 819 .

2150 850 2215 898 Ν.
2249 846 2438 900 XXIII.
2471 845 2593 902 Ὂτι
2637 844 2691 898 αἱ
2740 842 2910 919 πύλαι
2958 847 3054 898 τοῦ
3103 843 3252 919 ἱεροῦ
3301 842 3731 917 ἐνεπρήσθησαν,

2080 923 2309 998 ἀργυραῖ
2369 921 2543 981 οῦσαι.
2579 925 2700 981 ’Ὁτι
2758 917 2905 994 ἔδοξε
2958 928 3074 985 τοῖς
3127 917 3424 996 Ῥωμαίοις
3478 921 3608 986 τοὺς
3658 922 3734 984 εἰς

2080 1003 2142 1058 τὸ
2191 1003 2337 1078 ἱερὸν
2385 1003 2794 1082 καταφυγόντας
2863 1005 3128 1073 σώζεσθαι
3179 1002 3496 1072 Ἰουδαίους,
3547 1003 3596 1058 εἴ
3657 1003 3734 1077 μὴ

2081 1083 2506 1157 ἀνταμύνονται,
2567 1082 2657 1139 καὶ
2707 1083 2788 1138 ὅτι
2851 1086 2879 1140 6
2935 1090 3093 1147 Τῖτος
3123 1086 3222 1152 τήν
3271 1087 3368 1139 τοῦ
3436 1087 3566 1138 ναοῦ
3635 1084 3739 1139 οὐκ

2083 1157 2343 1242 ἐϐούλετο
2400 1165 2802 1242 καταστροφήν.
2834 1167 2955 1222 Ὃτι
3005 1162 3096 1220 καί
3153 1167 3360 1242 χρῦσας
3407 1164 3526 1239 εἶχε
3585 1162 3740 1239 θυρί-

2086 1241 2180 1306 δας
2239 1245 2266 1299 ὁ
2315 1247 2464 1308 ναός.
2498 1247 2620 1304 ⁶Οτι
2670 1241 2697 1300 6
2755 1250 2914 1307 Τῖτος
2971 1241 3240 1308 παντοίως
3298 1242 3596 1314 ἐσπούδαζε
3657 1245 3734 1318 μὴ

2085 1327 2348 1396 καυθῆναι
2377 1327 2472 1381 τὸν
2522 1326 2670 1383 ναόν.
2704 1328 2825 1384 ’Ὁτι
2877 1328 3012 1382 κατά
3066 1328 3160 1381 τὸν
3219 1327 3380 1382 αὐτὸν
3445 1333 3594 1399 μῆνα
3646 1326 3733 1379 καὶ

2086 1408 2184 1475 τήν
2246 1405 2410 1475 αὐτὴν
2465 1408 2675 1482 ἡμέραν
2739 1407 2987 1461 συνέπεσε
3053 1407 3294 1482 γενέσθαι
3369 1406 3460 1460 τὸν
3521 1405 3736 1480 ἐμπρη-

2089 1489 2226 1562 σμὸν
2258 1493 2355 1544 τοῦ
2379 1493 2511 1544 ναοῦ
2562 1489 2664 1544 ὑπὸ
2706 1484 3068 1544 Βαϐυλωνίων
3119 1489 3406 1564 πρότερον,
3437 1489 3526 1544 καὶ
3585 1486 3736 1544 ὅστε⁴

2091 1591 2184 1646 ρον
2223 1570 2326 1624 ὑπὸ
2355 1569 2663 1642 Ῥωμαίων.

2163 1656 2226 1706 Ν.
2261 1651 2440 1708 XXIV.
2475 1650 2604 1727 Περὶ
2633 1653 2730 1704 τοῦ
2758 1649 2978 1726 τοίχου,
3010 1650 3077 1704 οὗ
3127 1650 3189 1705 τὸ
3239 1651 3391 1728 εὖρος
3428 1652 3635 1726 πήχεις
3664 1650 3737 1721 η’.

2091 1731 2222 1807 Περὶ
2297 1734 2404 1786 τῶν
2492 1731 2545 1786 ἐν
2603 1736 2680 1803 τῷ
2751 1730 3141 1809 γαζοφυλακίῳ
3218 1731 3547 1808 χρημάτων.
3604 1728 3741 1809 Περὶ

2089 1814 2196 1866 τῶν
2235 1809 2544 1884 γενομένων
2603 1810 2846 1883 σημείων
2894 1808 2994 1880 τῆς
3044 1809 3322 1873 ἁλώσεως.
3357 1811 3483 1866 Οἴον
3532 1811 3594 1866 τὸ
3649 1808 3742 1884 μέ-

391 1913 458 1962 Ν.
489 1905 632 1964 XIV.
675 1901 922 1975 Πόλεμοι
973 1895 1221 1978 Ἀράϐων
1268 1902 1405 1978 πρὸς
1450 1899 1660 1972 Ἰζάτην
1710 1901 1772 1956 τὸ
1820 1899 1977 1978 πρώ-
2007 1895 2055 1962 Β
2085 1896 2388 1978 γεθοςιτῆς
2434 1889 2813 1978 πύλης.ΠΠερὶ
2862 1891 3396 1978 τοῦηβοῶντος-πρὸ
3428 1895 3640 1968 μακροῦ
3676 1889 3745 1946 τὰ

309 2009 410 2043 τον
472 1984 532 2040 ἐκ
586 1980 889 2060 προδοσίας
936 1976 1048 2037 τῶν
1103 1976 1334 2054 οἷ’κείων,
1365 1982 1476 2037 εἶτα
1517 1985 1654 2051 ἧττα
1704 1976 1972 2056 Ἀράϐων.

315 2067 459 2143 Περί
513 2068 612 2143 τοῦ
667 2063 870 2143 γόητος
929 2060 1120 2120 Θευδᾶ.
1151 2067 1211 2117 Ἡ
1270 2061 1360 2132 ιλη
1414 2062 1624 2118 ἱππέων
1679 2060 1972 2143 σύλλογος.

318 2085 459 2143 Περι
513 2086 612 2120 του
657 2085 870 2198 gemo:
929 2085 1120 2120 σευοα.
1165 2085 1211 2117 n
1270 2085 1360 2132 ιΛη
1419 2085 1624 2118 ιππεων
1679 2085 1972 2139 συΛΛΟγος.

318 2147 459 2223 Περὶ
519 2142 655 2202 Ἀλα
696 2143 912 2220 αρχίας.
980 2143 1108 2215 Περὶ
1148 2147 1289 2223 ,τῷν
1365 2143 1666 2220 φευγόντων
1741 2141 1801 2197 ἐκ
1872 2146 1976 2197 τοῦ

312 2221 476 2305 ἱεροῦ
521 2224 611 2280 διὰ
667 2225 731 2279 τὸ
781 2224 963 2279 στενὸν
1013 2225 1110 2292 τῆς
1141 2221 1328 2293 ἐξόδου
1357 2224 1842 2294 καταπατηθέντων
1884 2224 1973 2277 καὶ

317 2302 622 2374 θανόντων.
655 2307 846 2366 ’Όπως
893 2303 1212 2377 ἐτιμωρήθη
1249 2304 1276 2357 ὁ
1311 2302 1388 2366 εἷς
1430 2303 1558 2366 τοὺς
1607 2303 1811 2378 νόμους
1849 2310 1976 2359 Μω-

317 2388 463 2452 σέως
493 2381 797 2460 ἐνυϐρίσας.

394 2485 460 2532 Ν.
517 2475 634 2531 XV.
694 2475 793 2531 Οτι
858 2472 990 2546 μετὰ
1041 2472 1104 2527 τὸ
1160 2471 1511 2547 ἡγεμονεύειν
1576 2473 1794 2547 Συρίας.
1856 2474 1978 2530 ’Ότι

319 2557 608 2634 πυρφόρον
638 2554 704 2623 ἦν
734 2554 798 2608 τὸ
829 2548 1049 2608 Βέσϐιον
1080 2548 1229 2629 ὅρος.
1262 2551 1497 2620 Τελευτὴ
1533 2551 1826 2609 Κλαυδίου.

398 2663 468 2713 Ν.
499 2655 642 2711 XVI.
683 2653 806 2710 Ὅτι
857 2650 1038 2728 Νέρων
1090 2648 1360 2706 Κλαύδιον
1406 2648 1698 2722 διεδέξατο.
1742 2652 1846 2708 Οἷα
1893 2653 1984 2708 καὶ

327 2741 416 2792 νῦν
476 2755 527 2789 οι
588 2733 868 2809 ἀρχιερεῖς
931 2735 1150 2786 ποιοῦσι
1197 2729 1327 2793 τοὺς
1385 2730 1618 2795 οἷ’κείους
1674 2729 1982 2795 ἀδικοῦντες

337 2817 658 2892 κληρικους.
907 2884 910 2886 Π

420 2920 485 2968 Ν.
511 2914 675 2970 XVII.
718 2910 850 2986 Περὶ
893 2914 999 2965 τῶν
1048 2911 1321 2986 Σικαρίων
1369 2908 1606 2984 λῃστῶν.
1636 2911 1768 2985 Περὶ
1801 2912 1987 2966 Ἰακώ-

349 2988 452 3048 ϐου
485 2995 574 3046 τοῦ
617 2988 968 3065 ἀδελφοθέου.
1005 2991 1171 3046 Πόσοι
1231 2989 1281 3061 ἐξ
1311 2990 1524 3064 Ἀαρὼν
1581 2990 1745 3068 μέχρι
1805 2991 1991 3053 Φινεὲς

341 3074 590 3153 γεγόνασι
622 3073 761 3129 κατὰ
788 3075 1100 3148 συγγένειαν
1128 3072 1426 3149 ἀρχιερεῖς.

408 3179 471 3226 Ν.
508 3173 708 3229 XVIII.
741 3173 866 3228 ’Ότι
928 3170 1332 3232 Οὐεσπασιανὸς
1380 3169 1659 3243 ἀπεστάλη
1709 3173 1846 3227 κατὰ
1893 3179 1996 3243 τῆς

335 3249 609 3338 Ἰουδαίας
663 3248 1134 3338 παράῌΝέρωνος.
1198 3251 1330 3338 Περὶ
1385 3257 1485 3338 τῆς
1532 3251 1750 3338 πόλεως
1794 3253 1994 3338 Ἰωτα-
2024 3271 2068 3338 C

336 3335 552 3400 πάτων,
612 3332 702 3386 καὶ
760 3334 858 3386 τοῦ
910 3331 1205 3408 Ἰωσήπου.
1257 3332 1381 3388 ’Ὀτι
1441 3333 1468 3386 6
1522 3333 1706 3408 Νέρων
1783 3333 1991 3389 ἀνεῖλεν

339 3414 564 3485 ἑαυτὸν,
621 3412 711 3466 καὶ
788 3406 1001 3473 Γάλϐας
1088 3411 1222 3485 ἠρξε
1285 3414 1398 3485 μετ’
1455 3406 1637 3486 αὐτὸν,
1691 3413 1781 3468 καὶ
1837 3414 1996 3478 αὐτὸς

346 3496 490 3568 μετὰ
543 3493 736 3568 μικρὸν
784 3492 1162 3566 ἀνῃρέθη,καὶ
1209 3490 1441 3567 ἤρξαντο
1482 3493 1661 3550 Ὄθων
1721 3495 1812 3550 καὶ
1869 3497 1999 3552 061'-

343 3573 595 3642 τέλλιος,
649 3572 737 3628 καὶ
793 3571 1066 3643 ἀλλήλοις
1111 3571 1438 3647 ἐπολέμουν.
1492 3575 1817 3652 Ἀνάρῥησις
1870 3577 2002 3632 06e-

348 3673 672 3709 σπασιανου.

429 3757 494 3808 Ν.
528 3751 672 3807 XIX.
724 3749 884 3804 Τίτου
932 3746 1226 3823 πολιορκία
1277 3751 1414 3805 κατά
1473 3756 1572 3821 τῆς
1622 3752 2003 3828 Ἰερουσαλήμ.

349 3831 776 3906 *Ὁτιτρίτειχος
822 3830 889 3899 ἦν
939 3833 974 3899 ἡ
1007 3829 1390 3905 Ἰερουσαλήμ.
1422 3832 1551 3908 Περὶ
1597 3837 1693 3887 τοῦ
1750 3836 2010 3909 μηχανή-

366 3933 536 3986 ματος
563 3915 670 3967 τῶν
703 3914 870 3983 κριῶν
896 3914 1003 3964 τῶν
1044 3911 1180 3965 κατά
1223 3918 1323 3981 τῆς
1370 3909 1588 3974 πόλεως
1638 3912 2007 3989 ἐπαχθέντων.

365 3993 503 4067 Περὶ
531 3995 640 4046 τῶν
669 3989 897 4061 ξυλίνων
929 3989 1173 4065 πύργων,
1201 3989 1292 4052 οῦς
1324 3992 1352 4046 6
1383 3995 1550 4055 Τῖτος
1580 3992 1854 4065 ἐποίησεν.

438 4081 502 4129 Ν.
535 4079 645 4129 XX.
687 4072 819 4145 Περὶ
875 4079 974 4141 τῆς
1032 4070 1272 4133 ἐπινοίας
1327 4076 1423 4127 τοῦ
1477 4072 1748 4130 Ἰουδαίου
1805 4077 2010 4130 Κάστο-

363 4175 481 4230 ρος,
516 4150 584 4208 δι’
613 4156 680 4222 ἧς
731 4151 1021 4229 ὑπερετέθη
1070 4155 1106 4222 ἡ
1157 4152 1292 4207 κατᾶ
1339 4157 1438 4208 τοῦ
1481 4153 1690 4230 πύργου
1740 4151 2008 4226 ἐπιϐουλὴ

362 4240 471 4292 τῶν
522 4234 828 4313 Ῥωμαίων.
873 4237 992 4292 Ὅτι
1042 4234 1070 4288 ὁ
1115 4233 1278 4296 Τίτος
1329 4234 1836 4313 φιλανθρωπότερον
1890 4237 2015 4313 περὶ

363 4316 493 4379 τοὺς
552 4312 847 4378 Ἰουδαίους
916 4313 1168 4386 διέκειτο,
1224 4312 1348 4370 καὶν
1388 4319 1552 4371 νικῶν
1617 4312 1830 4380 αὐτούς.
1890 4312 2012 4376 Ὃτι

361 4395 610 4470 τριπλῶς
664 4398 700 4465 ἡ
759 4394 922 4458 πόλις
975 4393 1304 4475 τετείχιστο.
1333 4397 1462 4472 Περὶ
1519 4397 1592 4450 ὧν
1649 4395 2012 4475 ἐκακούργουν

259 4533 264 4536 .
366 4478 421 4533 οἱ
470 4477 802 4543 στασιασταὶ,
852 4477 941 4531 καὶ
1003 4474 1241 4550 μάλιστα
1297 4474 1682 4554 λιμώττοντες.
1746 4474 1878 4554 Περὶ
1940 4479 2012 4533 ὧν

366 4556 538 4613 ἐποίει
569 4561 749 4612 κακῶν
775 4557 802 4611 ὁ
834 4555 1000 4630 λιμὸς
1031 4562 1149 4618 τοῖς
1183 4553 1492 4620 Ἰουδαίοις.

442 4662 506 4711 N.
540 4656 679 4712 XXI.
710 4654 841 4729 Περὶ
887 4657 994 4709 τῶν
1047 4651 1149 4734 διιΞιΔ
1185 4655 1464 4734 χωμάτων
1521 4653 1861 4712 ἐλεπόλεων·
1895 4657 2020 4734 περὶ
2050 4637 2097 4702 Ῑ)

365 4741 470 4806 τῆς
544 4733 782 4814 ἐπινοίας
854 4739 963 4814 τῶν
1018 4730 1320 4814 Ἰουδαίων,
1379 4732 1449 4814 δι’
1503 4737 1570 4804 ἧς
1645 4730 2021 4814 καθῃρέθησαν

369 4814 564 4891 ἀθρόον
597 4815 652 4869 αἱ
698 4809 984 4876 ἑλεπόλεις
1030 4816 1138 4867 τῶν
1178 4813 1462 4887 Ῥωμαίων
1514 4809 1869 4890 εὐμηχάνως.
1898 4820 2021 4874 ⁶Ὁτι

369 4895 538 4972 ἑτέρῳ
593 4895 766 4970 τείχει
849 4893 976 4956 τοὺς
1036 4891 1331 4958 Ἰουδαίους
1414 4892 1606 4965 ἔξωθεν
1663 4901 1818 4960 Τῖτος
1869 4917 2022 4972 περι-

369 4975 631 5032 έκλεισεν.
689 4976 878 5035 Ὃπως
935 4975 963 5028 6
1014 4974 1184 5046 λιμὸς
1248 4973 1376 5036 τοὺς
1439 4972 1735 5040 Ἰουδαίους
1794 4973 2021 5041 διέθετο.

486 5056 501 5076 \
599 5059 625 5070 ’ν
784 5054 796 5074 7
1039 5053 1051 5072 θ
1247 5055 1259 5076 9
1676 5056 1692 5076 \
1775 5055 1783 5075 Υ
2008 5057 2023 5079 \

371 5062 502 5131 Περι
558 5076 667 5110 των
741 5052 1198 5126 αυτομολουντων
1264 5051 1544 5128 Ιουδαίων,
1604 5077 1694 5110 και
1753 5058 1858 5126 ὃτι,
1916 5057 2024 5114 ἀπο

367 5140 468 5192 τοῦ
518 5135 688 5208 λιμοῦ
736 5132 1168 5208 ἐμπιπλάμενοι,
1221 5131 1627 5211 διερρήγνυντο.
1661 5137 1760 5191 Καὶ
1815 5139 1900 5192 ὅτι
1942 5161 2026 5193 τι-

370 5217 460 5296 vi;
488 5215 663 5296 αὐτῶν
695 5211 1258 5296 εὑρέθησαν-ἔχοντες
1307 5214 1383 5276 εἷς
1427 5216 1522 5278 τὰς
1571 5216 1832 5293 γαστέρας
1887 5238 2026 5296 χρυ-

369 5295 488 5351 σόν·
545 5291 628 5349 διὸ
680 5293 771 5348 καὶ
819 5291 1066 5355 πολλοὺς
1119 5293 1294 5349 αὐτῶν
1336 5296 1423 5349 καὶ
1475 5296 1582 5370 πρὸ
1624 5291 1745 5350 τοῦ
1778 5291 2026 5368 θνήσκειν

371 5375 612 5451 ἀνῄρουν
643 5375 694 5429 οἱ
720 5377 986 5447 Ῥωμαῖοι
1019 5371 1289 5443 ἀνηλεῶς.

447 5480 512 5531 Ν.
544 5474 712 5530 XXII.
768 5474 888 5530 "01::
973 5471 1126 5540 ζώων
1177 5471 1417 5548 κόπρους
1469 5469 1684 5542 ἤσθιον.
1733 5475 1877 5544 “Ott,
1932 5482 2030 5533 τοῦ

370 5553 596 5634 τείχους
663 5551 1079 5634 καταπεσόντος,
1136 5548 1318 5634 ἕτερον
1393 5553 1582 5634 εὑρέθη
1673 5552 1843 5634 ἐντός.
1897 5558 2030 5634 Περὶ

370 5637 476 5714 τοῦ
535 5631 873 5714 εἰσελθόντος
934 5629 1048 5714 διιῖιΔ
1084 5635 1182 5688 τοῦ
1224 5632 1458 5714 -τείχους
1506 5632 1780 5714 Ῥωμαίου
1838 5629 2032 5714 ἀνδρδς

375 5712 624 5791 ἀρίστου.
654 5713 770 5767 Ὃτι
801 5711 976 5781 ἥλους
1008 5710 1158 5788 εἶχον
1186 5712 1240 5768 ο⁶ι
1288 5713 1552 5787 Ῥωμαῖοι
1613 5713 1666 5769 ἐν
1722 5718 1839 5778 τοῖς
1897 5710 2033 5774 ὑπο-

2082 1977 2182 2041 τῆς
2215 1969 2493 2041 ἁλώσεως,
2524 1970 2615 2026 καὶ
2650 1969 2800 2034 ὅπως
2828 1971 2915 2026 καὶ
2952 1971 3109 2032 οὗτος
3139 1970 3413 2027 ἀπώλετο.

2596 2177 2809 2234 L'IBER
2849 2179 3226 2236 SEPTIMUS.

2161 2355 2224 2402 N.
2270 2351 2312 2403 l.
2373 2345 2504 2422 Περὶ
2555 2345 2823 2404 Λατίνων.
2878 2347 3006 2422 Περῖ
3057 2345 3417 2404 Ῥουτούλων.
3478 2354 3661 2412 *Οπως
3713 2351 3742 2405 6

2089 2425 2302 2489 Αἰνείας
2354 2425 2616 2499 ἐνομίσθη
2672 2427 2814 2488 θεός.
2879 2429 3004 2501 Περὶ
3066 2423 3276 2490 Ἀλϐας
3329 2436 3432 2499 τῆς
3499 2430 3738 2502 πόλεως,

2091 2510 2180 2563 καὶ
2212 2509 2360 2570 ὅπως
2421 2505 2877 2585 οὕτως-ἐκλήθη.
2915 2508 3078 2564 Πόθεν
3133 2504 3346 2581 Τίϐερις
3406 2511 3434 2564 6
3493 2512 3745 2585 ποταμὸς

2091 2589 2190 2657 τήν
2252 2586 2545 2660 ὀνομασίαν
2605 2582 2783 2662 ἔσγεν.
2815 2589 3005 2651 ’Ὁπως
3057 2587 3085 2642 6
3119 2588 3424 2661 Ἀμούλιος
3479 2582 3745 2655 ἐθεοποίει

2095 2665 2299 2724 ἑαυτόν·
2332 2667 2452 2722 Ὅτι
2512 2665 2618 2720 ἀπὸ
2666 2665 3104 2745 NOV-{70909741
3152 2667 3456 2740 Ἀμουλίου
3500 2663 3630 2745 ἔσχε
3680 2672 3747 2726 τὰ

2094 2751 2202 2802 τῶν
2251 2745 2534 2820 Ῥωμαίων
2580 2747 2779 2822 ἀρχήν.
2810 2750 2932 2803 ⁶Οτι
2981 2743 3202 2820 δίδυμοι
3252 2748 3386 2817 ἦσαν
3424 2743 3638 2823 Ῥὣμός
3688 2772 3749 2807 τε

2095 2828 2182 2881 καὶ
2239 2824 2546 2899 Ῥωμύλος,
2601 2827 2653 2879 οἳ
2731 2826 2821 2880 καὶ
2901 2826 3182 2903 γεγόνασιν
3233 2824 3462 2899 ἔκθετοι,
3514 2831 3605 2886 καὶ
3662 2830 3746 2887 ὅτι

2097 2907 2243 2982 παρά
2285 2904 2545 2975 λυκαίνης
2593 2903 2919 2983 ἐτράφησαν,
2970 2907 3060 2962 καὶ
3109 2904 3228 2963 οἵαν
3287 2909 3416 2984 φασὶ
3488 2911 3588 2980 τήν
3647 2910 3746 2967 λύ-

2097 3009 2303 3045 καιναν.

2175 3075 2236 3125 Ν.
2262 3074 2330 3124 Il.
2364 3068 2578 3124 Ὁποῖοι
2638 3067 2774 3136 ἦσαν
2805 3067 3018 3141 Ῥῶμός
3068 3089 3128 3124 τε
3179 3070 3269 3124 καὶ
3325 3071 3630 3145 Ῥωμύλος.
3690 3075 3750 3132 Ὁ

2104 3149 2516 3230 ἀναγνωρισμὸς
2597 3149 2814 3220 Ῥώμου
2897 3148 2988 3204 καὶ
3072 3149 3384 3224 Ῥωμύλου.
3448 3153 3752 3230 Ἀναίρεσις

2106 3234 2162 3282 Ἀ
2179 3225 2431 3302 μουλίου.

2179 3315 2240 3363 Ν.
2303 3313 2399 3363 ΙΙΙ.
2461 3307 2695 3369 Θάνατος
2747 3307 3002 3380 Ῥώμου,
3056 3306 3146 3362 καὶ
3222 3307 3341 3372 ὅθεν
3417 3308 3755 3368 ἐπικίνδυνον

2109 3386 2367 3462 ἐνομίσθη
2399 3387 2461 3442 τὸ
2492 3389 2590 3456 τήν
2614 3388 2817 3465 τάφρον
2866 3391 2964 3442 τοῦ
3013 3386 3378 3463 στρατοπέδου
3441 3393 3564 3447 τινὰ
3610 3389 3758 3449 διελ-

2112 3470 2241 3537 θεῖν,
2303 3465 2499 3545 ἀφέντα
2573 3464 2705 3537 τὴνί
2753 3469 2952 3538 συνήθη
3016 3464 3163 3524 ὁδόν.
3217 3470 3405 3533 ““Οπως
3489 3469 3756 3551 διεγράφη

2109 3553 2172 3606 τό
2223 3555 2556 3631 τεῖχοςψτῆς
2601 3551 2842 3624 Ῥώμης.
2875 3553 2994 3609 Ὀτι
3038 3553 3105 3606 τὰ
3150 3551 3309 3627 τείχη
3353 3555 3493 3630 ἱερὰ,
3530 3556 3593 3611 οὐ
3651 3557 3760 3631 μὴν

2112 3633 2200 3710 καὶ
2262 3633 2317 3685 αἱ
2372 3629 2563 3710 πύλαι.
2609 3631 2753 3704 ΙΙοίᾳ
2809 3631 2991 3706 ἡμέρᾳ
3042 3634 3076 3701 ἠ
3137 3633 3324 3705 Ῥώμη
3380 3629 3622 3710 ἐκτίσθη,
3655 3629 3764 3692 καὶ

2114 3707 2275 3776 πόθεν
2305 3713 2366 3766 τὸ
2427 3709 2697 3767 Παλάτιον
2749 3710 2978 3782 ἐκλήθη,
3007 3712 3096 3767 καὶ
3149 3713 3273 3789 περὶ
3321 3707 3763 3791 λεγεῶνοςξὋτι

2117 3792 2303 3847 ἑκατὸν
2352 3791 2486 3860 ἦσαν
2549 3792 2600 3845 οἱ
2661 3791 2970 3867 βουλευταὶ,
3032 3793 3084 3846 οἳ
3142 3793 3232 3847 καὶ
3289 3797 3568 3870 πατρίκιοι
3635 3798 3767 3853 ἐκα-

2118 3871 2337 3940 λοῦντο,
2366 3871 2456 3925 καὶ
2509 3868 2598 3925 διὰ
2642 3871 2694 3926 τί
2741 3869 3050 3942 ἐκλήθησαν
3098 3868 3408 3948 πατρίκιοι..
3427 3878 3614 3940 Ὅπως
3663 3876 3767 3956 ἧρ-

2118 3973 2287 4007 πασαν
2322 3951 2442 4029 *τὰς
2497 3955 2602 4006 τῶν
2649 3949 2908 4029 Σαϐίνων
2970 3953 3264 4029 θυγατέρας
3310 3955 3362 4009 οἱ
3394 3956 3680 4028 Ῥωμαῖον
3707 3949 3770 4012 ὀἱ

2123 4029 2179 4087 δὲ
2227 4025 2450 4085 Σαϐῖνοι
2495 4028 2943 4102 Λακεδαιμονίων
3003 4025 3137 4086 εῗ-σὶν
3171 4025 3431 4092 ἀποικοι.
3483 4025 3603 4094 Ὅτι
3666 4037 3770 4092 ὑπὸ

2119 4116 2227 4167 τῶν
2279 4106 2524 4192 Σαϐίνων
2826 4112 3039 4192 Ῥώμη.
3070 4113 3217 4186 παρά
3265 4117 3521 4190 γυναικὸς
3573 4114 3774 4192 προδο-

2121 4193 2290 4270 θεῖσα,
2327 4190 2620 4264 ὑπόσχεσιν
2664 4184 2908 4245 λαϐοῦσα
2942 4184 3090 4270 ’τοὺς
3148 4184 3626 4270 βραχιονιστῆρας
3667 4201 3772 4250 Σα-

2124 4268 2312 4339 ϐίνων,
2369 4269 2461 4336 οὓς
2522 4271 2656 4344 μετὰ
2727 4273 2826 4341 τήν
2885 4268 3192 4348 προδοσίαν
3239 4273 3648 4352 ἐπιῤῥίπτοντες
3700 4281 3772 4352 τῇ

2123 4350 2430 4429 προδούσῃ,
2463 4351 2774 4406 ἀπέκτειναν
2805 4351 2994 4423 αὐτήν.

2197 4440 2260 4490 Ν.
2294 4433 2388 4489 IV.
2420 4432 2542 4489 "0::
2573 4435 2727 4506 κοινῇ
2758 4433 3028 4506 Ῥωμαῖοι
3089 4434 3178 4489 καὶ
3239 4431 3461 4491 Σαϐῖνοι
3518 4439 3618 4508 τὴν
3673 4437 3776 4493 πό-

2127 4511 2213 4568 λιν
2288 4508 2530 4586 ᾧκησαν,
2591 4511 2680 4566 καὶ
2755 4511 2946 4577 Τάτιος
2993 4514 3267 4589 Ῥωμύλῳ
3343 4513 3775 4576 συνεϐασίλευεν.

2129 4593 2305 4674 φόνος
2339 4591 2560 4650 Τατίου.
2596 4592 2726 4674 Περὶ
2769 4598 2866 4647 τοῦ
2918 4591 2969 4648 ἐν
3001 4595 3190 4671 Ῥώμῃ
3243 4596 3532 4674 γεγονότος
3576 4596 3780 4673 λοιμοῦ

2129 4672 2217 4730 διὰ
2267 4674 2361 4756 τὸν
2409 4674 2612 4756 Τατίου
2665 4673 2890 4756 θάνατον
2937 4677 3026 4730 καὶ
3072 4678 3177 4756 ,τὴν
3214 4672 3504 4751 αἱματώδη
3542 4672 3780 4756 βροχήν.

2126 4757 2249 4811 ’Ὁτι
2280 4753 2366 4809 ἐπὶ
2424 4754 2614 4809 ἑκατὸν
2673 4755 2901 4834 χρόνοις
2961 4755 3242 4821 συνέθεντο
3292 4753 3588 4832 εἰρηνεύειν
3649 4753 3787 4834 μετά

2129 4833 2416 4909 Ῥωμαίων
2477 4834 2698 4906 Ούήϊοι,
2732 4833 2917 4897 δόντες
2975 4837 3069 4891 καῖ
3119 4839 3368 4914 ὁμήρους
3425 4833 3783 4911 πεντήκοντα.

2129 4917 2250 4974 ’Ότι
2279 4916 2380 4984 τὴν
2416 4915 2718 4990 μοναρχίαν
2751 4917 2841 4970 καὶ
2892 4917 2959 4971 τὰ
3011 4915 3266 4991 βασιλικά
3315 4918 3568 4994 σύσσημα
3625 4927 3784 4996 πρῶ-

2130 5018 2224 5079 τος
2253 4996 2538 5079 Ῥωμύλος
2582 4993 2799 5079 ἔδειξεν.
2829 4999 2949 5054 ’Ὁτι
3010 4999 3087 5079 οὶ-Δ
3117 4997 3452 5072 καλούμενοι
3495 4993 3784 5079 πατρίκιοι

2133 5077 2353 5152 ὕστερον
2412 5074 2683 5153 ἄπρακτον
2741 5078 2892 5153 εἶχον
2946 5079 3008 5133 τὸ
3058 5074 3256 5152 ὄνομα.
3293 5082 3482 5144 Ὅπως
3509 5074 3782 5160 ἠφανίσθη

2135 5157 2442 5234 Ῥωμύλος,
2469 5161 2558 5214 καὶ
2587 5160 2706 5224 θεὸς
2735 5157 2932 5231 ἔδοξεν.
2965 5163 3149 5226 Ὃπως
3171 5164 3198 5217 6
3227 5163 3519 5237 Ῥωμύλος
3561 5157 3696 5239 μετά
3722 5167 3786 5222 τὸ

2136 5240 2490 5316 ἀφανισθῆναι
2523 5245 2752 5315 Κυρῖνος
2785 5239 2994 5312 ἐκλήθη
3006 5286 3018 5298 .

2211 5322 2370 5401 Νην.
2404 5322 2527 5401 Ὅτι
2573 5321 2724 5401 μετά
2769 5321 2861 5375 τὸν
2892 5322 3173 5394 Ῥωμύλον
3230 5325 3281 5378 οἱ
3329 5326 3605 5401 πατρίκιοι
3666 5325 3791 5384 οὐκ-

2140 5401 2218 5456 έτι
2272 5397 2366 5455 ’ένα
2441 5398 2670 5475 βασιλέα
2725 5401 3068 5476 ᾖρετίσαντο,
3132 5402 3257 5458 ἀλλ’
3313 5397 3538 5470 ἕκαστος
3606 5408 3786 5464 αὐτῶν

2139 5483 2314 5560 ἥμισυ
2350 5481 2586 5560 ,ἡμέρας
2642 5480 2731 5535 καὶ
2789 5481 2982 5545 νυκτὸς
3039 5478 3371 5560 ἐϐασίλευεν,
3413 5488 3442 5542 ’ὀ
3481 5489 3570 5543 καὶ
3627 5509 3789 5560 μεσο-

2141 5556 2421 5644 ϐασιλείαν
2481 5557 2758 5644 ἐκάλεσαν.
2789 5562 2915 5644 ξ’ρυι
2962 5559 3127 5644 πάλιν
3172 5567 3250 5644 εἷς
3304 5565 3576 5644 ἀνερρήθη
3627 5556 3790 5643 βασι-

2141 5639 2268 5704 λεὺς
2297 5641 2326 5694 6
2356 5643 2550 5721 Νομᾶς.
2598 5639 2951 5721 Πομπήλιος.
2981 5643 3103 5699 Ὃτι
3148 5639 3413 5721 πρότερον
3435 5639 3442 5644 ’
3464 5639 3646 5713 ἔθυσε-
3671 5655 3790 5714 τοῖς

2145 5722 2312 5790 θεοῖς,
2351 5718 2442 5774 καὶ
2489 5717 2660 5782 οὕτως
2709 5715 2871 5777 ἔλαϐε
2924 5723 3025 5792 τὴν
3076 5715 3257 5798 ἀρχὴν
3287 5715 3554 5800 δΝομᾶς,
3586 5729 3678 5784 καὶ
3724 5730 3792 5785 τὰ
