4126 6376
385 403 498 462 361

1606 403 2022 469 ΔΝΝΛΙΠῘΜ
2062 401 2585 467 ARGUMENTA.

3676 409 3800 472 362

385 530 540 597 ὅπως
565 534 795 599 ἀπέθανε
824 534 1076 609 Λέπιδος,
1105 538 1230 594 ⁹Ότι
1286 539 1424 595 κατᾶ
1474 537 1783 616 Σερτωρίου
1829 534 2030 616 ἐστάλη
2063 536 2117 602 Α
2144 533 2385 616 τούηκαὶ
2416 534 2568 598 ὅπως
2605 532 2766 590 αύτὸν
2798 518 2984 616 ,κατὰὶ
2994 536 3099 616 166
3153 535 3430 613 Καίσαρας
3484 540 3801 614 παρώξυνον

386 616 760 699 ὁΑΠομπήϊος.
789 618 983 683 ’Ὅπως
1026 620 1056 699 6
1106 621 1414 697 Σερτώριος
1458 620 1689 699 ἐφθάρη,
1737 618 1824 699 καῖ
1885 615 2036 699 ὅπως

380 695 477 750 τὸν
531 695 833 770 Περπένναν
907 696 1089 755 ἀνεῖλε
1165 695 1647 775 Πομπήϊος.”’οτι
1708 698 1896 774 ἠγάπα
1940 697 2036 752 τὸν

385 779 678 850 Πομπήϊον
729 780 756 834 6
806 776 1007 853 δῆμος,
1038 781 1286 846 κάκεῖνος
1333 787 1413 854 τῷ
1471 779 1636 854 δήμῳ
1693 781 2033 857 προσέκειτο.

380 857 578 938 ’Όπως
607 859 659 913 οἱ
687 860 916 933 τιμηταὶ
959 861 1051 916 τὸ)
1102 864 1396 936 Πομπήϊον
1447 859 1691 933 ἐδέξαντο
1738 859 2034 938 προσιόντα

384 959 517 994 αυτο
529 960 592 1001 ις.

455 1033 520 1085 Ν.
562 1029 659 1086 III.
703 1029 831 1105 Περὶ
888 1034 996 1085 τῶν
1042 1032 1393 1107 πειρατικῶν,
1434 1030 1525 1087 καὶ
1576 1028 1705 1094 ὅσας
1746 1029 1891 1086 εἶλον
1944 1027 2038 1084 πό-

382 1110 518 1178 λεις,
552 1110 641 1165 καὶ
690 1108 840 1174 ὅπως
893 1116 1011 1177 τοῖς
1054 1110 1439 1187 ἁλισκομένοις
1483 1110 1785 1185 Ῥωμαίοις
1831 1111 2037 1166 ἐνέπαι-

385 1195 498 1259 ζον,
532 1189 621 1245 καὶ
679 1187 766 1245 ο²ία
804 1189 1020 1262 ἐξουσία
1064 1198 1144 1266 τῷ
1193 1192 1476 1267 Πομπηίῳ
1506 1193 1626 1249 κατ’
1655 1194 1831 1248 αὐτῶν
1879 1190 2035 1247 στελ-

381 1268 607 1350 λομένῳ
687 1270 985 1350 ἐψηφίσθη.
1034 1278 1222 1339 ’Ὀπως
1293 1274 1511 1350 ταχέως
1568 1275 1657 1328 τὸν
1722 1273 2032 1349 πειρατικὸν

381 1349 599 1421 ἐνίκησε
628 1349 897 1425 πόλεμον,
930 1352 1016 1409 καὶ
1064 1356 1162 1425 τὴν
1225 1349 1491 1410 θάλασσαν
1549 1358 1659 1409 τῶν
1716 1352 2033 1427 ληστηρίων

377 1429 628 1501 ἐκάθηρε,
660 1433 749 1486 καὶ
782 1433 933 1497 ὅπως
962 1435 1089 1510 παρ’
1120 1435 1425 1505 Ἀθηναίων
1459 1432 1682 1510 ἐδέχθη.

451 1535 516 1585 Ν.
548 1530 642 1586 IV.
674 1530 819 1586 ’Ὸσα
848 1528 1123 1605 ἐψηψίσθη
1157 1536 1235 1604 τῷ
1265 1531 1548 1605 Πομπηΐῳ
1597 1530 1877 1605 μαθόντων
1926 1535 2035 1585 τῶν

373 1608 668 1680 Ῥωμαίων
699 1610 797 1677 τὴν
829 1610 984 1681 νίκην
1025 1616 1124 1666 1'16
1171 1617 1487 1687 πειρατικοῢ
1539 1609 1810 1683 πολέμου.
1845 1612 2035 1675 ’Ὅπως

372 1688 470 1743 τὸν
506 1685 845 1767 Μιθριδάτην
879 1691 907 1744 6
933 1694 1228 1764 Πομπήϊος
1256 1685 1618 1767 ἐπολέμησεν.
1654 1693 1781 1748 ’Ότι
1842 1693 2030 1746 ἑαυτὸν

377 1766 665 1850 παρέδωκε
718 1769 799 1844 τῷ
856 1770 1136 1845 Πομπηίῳ
1188 1766 1532 1850 Τιγράνης,ὁ
1589 1776 1698 1827 τῶν
1731 1770 2031 1846 Ἀρμενίων

379 1848 659 1924 βασιλεύς.
695 1850 800 1905 Καὶ
841 1849 989 1906 ὅπωε
1038 1851 1185 1929 αύτῷ
1233 1848 1507 1929 ἐχρήσατο
1564 1851 1784 1918 ἐκεῖνος,
1818 1851 1909 1907 καὶ
1956 1855 2033 1923 τῷ

377 1931 518 2007 υἰῷΔ
544 1929 731 1986 016106.
773 1932 904 2007 Περί
950 1926 1231 2007 Ἀλϐανῶν
1264 1926 1372 1987 καὶ
1422 1927 1677 2006 Ἰϐήρων.
1738 1932 1862 1985 "011
1904 1931 2031 1994 τοὺς

373 2004 686 2072 ’Δλϐανοὺς
737 2004 1015 2074 καὶὝτοὺς
1070 2006 1291 2088 ’Ίϐηρος
1342 2004 1581 2084 ἐνίκησεν
1630 2013 1658 2067 6
1711 2013 2027 2085 Πομπήϊος.

371 2090 513 2165 Περὶ
567 2089 903 2163 Ἀμαζόνων.
963 2091 1093 2166 Περὶ
1138 2099 1238 2163 τῆς
1306 2094 1661 2170 σωφροσύνης
1713 2089 2028 2165 Πομπηίου,

365 2170 462 2226 καί
493 2177 595 2241 τῆς
623 2175 727 2227 τῶν
761 2191 871 2248 χρη
885 2170 1067 2246 μάτων
1099 2177 1580 2250 καταφρονήσεως.

446 2271 514 2327 Ν.
548 2271 770 2328 V."O11
827 2270 955 2333 τοὺς
1011 2271 1135 2347 περὶ
1186 2274 1426 2345 “Ἀμανον
1477 2266 1736 2349 Ἄραϐας,
1770 2270 1859 2328 καὶ
1923 2278 2027 2327 Συ-

368 2350 519 2423 ρίαν,
550 2349 639 2405 καὶ
693 2352 794 2421 τήν
829 2348 1094 2407 Ἰουδαίαν
1155 2351 1427 2424 ὑπέταξεν.
1461 2348 1588 2411 ’Ότι
1627 2354 1654 2409 6
1689 2349 2030 2428 Μιθριδάτης

366 2427 545 2499 ἔθανε,
594 2431 684 2486 καὶ
732 2431 761 2486 6
817 2429 1025 2487 ἐκείνου
1084 2432 1200 2495 υἱὸς
1258 2433 1541 2510 προσῆλθε
1592 2438 1672 2506 τῷ
1728 2427 2028 2507 Πομπηῖῳ,

367 2513 499 2567 ⁸Ὂτι
536 2511 977 2585 ὑποπτευόμεσος
1007 2513 1035 2568 6
1068 2515 1362 2586 Πομπήϊος
1393 2521 1492 2585 τῆς
1542 2514 1849 2589 μοναρχίας
1903 2514 2029 2568 ἀνθ-

367 2592 608 2662 έξετθαι,
664 2593 841 2668 χωρὶς
902 2599 1247 2667 στρατιωτῶν
1301 2595 1401 2664 τὴν
1461 2595 1682 2668 Ῥώμην
1740 2590 2027 2652 κατέλαϐε.

367 2673 501 2729 ’Ότι
535 2670 801 2734 σιτοδείας
832 2670 997 2743 οὔσης
1046 2673 1098 2727 ἐν
1123 2675 1311 2749 Ῥώμῃ
1372 2676 1675 2748 Πομπήϊος
1728 2672 2027 2736 ἐκπλεύσας

373 2753 737 2826 συνήθροιστο
769 2757 943 2821 σῖτον,
974 2752 1065 2808 καὶ
1099 2753 1175 2816 εἷς
1206 2756 1307 2824 τὴν
1337 2755 1557 2828 Ῥωμην
1615 2754 1886 2827 ἐκόμισεν.

447 2852 515 2907 Ν.
563 2852 658 2907 VI.
710 2852 843 2908 ’Ὁτι
902 2852 1095 2907 ἑαυτοῦ
1153 2854 1420 2929 θυγατέρα
1472 2861 1678 2929 Καῖσαρ
1726 2859 1809 2928 τῷ
1875 2860 2028 2928 Πομ-

395 2942 540 3002 πηΐῳ
566 2932 969 3008 κατηγγύησεν.
999 2933 1143 2989 ’Όσα
1173 2934 1201 2988 6
1233 2937 1436 3009 Καῖσαρ
1464 2937 1812 3011 κατώρθωσε.

454 3032 518 3083 Ν.
550 3029 666 3088 VII.
698 3029 828 3086 ’Ότι
883 3030 912 3084 6
971 3035 1172 3106 Καῖσαρ
1221 3031 1521 3088 καταλῦσαι
1578 3033 1670 3086 τὸν
1731 3035 2025 3105 Ηομπήϊον

370 3106 618 3191 ἐμελέτα,
650 3190 653 3191 ν
687 3110 776 3191 καὶ
832 3110 924 3165 τὸν
985 3111 1222 3185 Καίσαρα
1279 3111 1501 3178 ἐκεῖνος.
1564 3114 1691 3170 ’Ότι
1759 3112 2026 3191 ἐψήφιστο

367 3189 473 3270 6116
501 3197 603 3260 τῆς
637 3189 847 3267 βουλῆς
875 3193 1194 3257 καταθέσθαι
1224 3194 1293 3248 τά
1337 3194 1482 3249 ὅπλα
1528 3194 1620 3250 τὸν
1679 3189 1940 3270 Καίσαρα,
1974 3195 2027 3249 0'1

2146 610 2372 669 πολλοί.
2428 619 2644 688 Σημεῖα
2689 613 2946 690 γενόμενα
2990 613 3275 686 δηλωτικὰ
3315 610 3414 687 τῆς
3454 610 3572 674 τοῦ⁷
3606 610 3805 677 Καίσα-

2149 713 2241 770 ρος
2267 693 2613 769 ἀναιρέσεως.
2651 696 2841 774 Σφαγὴ
2893 701 2989 752 τοῦ
3036 696 3328 773 Καίσαρος.
3360 700 3501 756 ’Ὀσα
3541 704 3621 773 τῷ
3674 702 3805 760 Καί-

2148 795 2270 851 σαρι
2296 775 2653 853 ἐψηφίζοντο.

2218 870 2286 933 Ν,
2338 866 2458 922 XII.
2513 867 2641 923 "O11
2694 866 2747 920 οἱ
2792 869 2890 921 τοῦ
2951 863 3221 940 Καίσαρος
3279 868 3547 944 ἀναιρέται
3605 869 3685 934 εΐς
3739 872 3803 928 τὸ

2145 944 2495 1000 Καπιτώλιον
2553 945 2812 1016 ἀνῆλθον.
2868 947 2995 1004 ’Ότι
3048 947 3288 1021 Κικέρων
3365 946 3544 1004 ἔπεισε
3600 950 3804 1017 πάντας

2145 1024 2459 1109 σπείσασθαι
2541 1023 2855 1109 ἀλλήλοις,
2886 1026 2994 1109 καὶΔ
3045 1027 3114 1082 τά
3190 1027 3336 1109 παρὰ
3381 1033 3480 1084 106
3532 1030 3802 1109 Καίσαρος

2143 1105 2459 1180 πραχθέντα
2512 1111 2749 1179 κρατεῖν.
2803 1107 2926 1164 ’Ὁτι
2975 1106 3003 1161 6
3036 1108 3353 1175 ’Δντώνιος,
3381 1109 3477 1165 τὸν
3519 1115 3617 1166 106
3671 1105 3800 1167 Καί-

2146 1207 2308 1263 σαρος
2349 1187 2538 1265 νεκρὸν
2588 1188 2943 1265 προθέμενος,
2976 1186 3165 1244 πολλὰ
3212 1191 3351 1265 πρὸς
3393 1186 3611 1247 ἔπαινον
3663 1192 3799 1249 ἐκεί-

2143 1288 2259 1334 νου,
2292 1268 2381 1323 καὶ
2435 1273 2686 1324 κινοῦντα
2742 1267 3043 1347 τὸνᾲδῆμον
3094 1270 3233 1345 πρὸς
3279 1270 3446 1347 ὀργὴν
3497 1272 3636 1328 κατὰ
3688 1278 3799 1329 τῶν

2185 1347 2349 1402 ονέων
2383 1349 2696 1406 εἶπεν.⁹’οτι
2755 1350 2783 1402 6
2843 1345 3043 1420 δῆμος,
3089 1349 3149 1404 ἐκ
3202 1345 3319 1420 τῆς
3350 1345 3449 1405 106
3508 1352 3800 1408 Ἀντωνίου

2185 1369 2349 1402 ονεων
2383 1369 2696 1406 ειπενρυτι
2755 1369 2783 1402 ο
2843 1369 3043 1420 οημος,
3089 1369 3149 1404 εκ
3202 1370 3304 1420 της
3350 1372 3449 1405 του
3508 1369 3799 1408 Ἀντωνιου

2144 1369 2492 1511 δημηγορίας
2558 1428 2899 1511 ἐρεθισθεὶς,
2927 1430 3021 1483 τὸν
3065 1433 3283 1511 ,νεκρὸν
3324 1436 3455 1511 r106
3529 1432 3799 1511 Καίσαρος

2144 1504 2353 1576 ἔκαυσε,
2374 1504 2521 1565 κατὰ
2553 1507 2612 1565 δὲ
2638 1514 2746 1565 τῶν
2781 1510 2988 1588 φονέων
3017 1504 3488 1581 αύτούκεκίνητο.

2216 1605 2283 1657 Ν.
2314 1601 2461 1656 XIII.
2493 1605 2709 1673 Σημεῖα
2740 1596 3024 1670 δηλωτικᾶ
3050 1606 3151 1670 τῆς
3198 1604 3296 1655 τοῦ
3322 1597 3608 1659 Ὀκταϐίου
3670 1604 3806 1660 Καί-

2144 1699 2309 1755 σαρος
2342 1678 2621 1755 εὐτυχίας.

2212 1774 2284 1825 Ν.
2315 1769 2461 1826 XIV.
2508 1763 2832 1841 Συμϐουλαὶ
2877 1769 3210 1845 Κικέρωνος,
3241 1769 3331 1825 καὶ
3373 1775 3481 1826 τῶν
3521 1769 3800 1829 ἐναντιου-

2146 1848 2319 1920 μένων
2380 1848 2552 1921 αύτῷ,
2604 1850 2695 1904 καὶ
2756 1848 3052 1923 μηνύματα
3101 1856 3202 1919 τῆς
3256 1848 3464 1925 βουλῆς
3518 1853 3654 1928 πρὸς
3704 1854 3798 1910 τὸν

2141 1928 2448 1985 Ἀντώνιον.
2483 1930 2629 2001 Ὅτι,
2665 1930 2741 2006 μὴ
2774 1929 3105 2002 πειθομένου
3134 1931 3201 2003 τῇ
3233 1929 3411 2006 βουλῇ
3461 1935 3558 1986 106
3599 1933 3798 1990 ’Λντώ-

2139 2007 2279 2089 νίου,
2333 2007 2607 2089 ἐψηφίσθη
2656 2005 2926 2089 πολέμιον
2970 2009 3105 2065 εἶναι
3152 2005 3342 2089 αὐτόν.
3380 2011 3569 2089 Μάχαι
3632 2014 3796 2087 μέσον

2141 2087 2437 2144 Ἀντωνίου
2468 2088 2555 2144 καὶ
2584 2087 2876 2164 Καίσαρος.
2909 2090 3096 2165 Τροπὴ
3126 2092 3225 2143 106
3257 2087 3574 2148 Ἀντωνίου.

2211 2187 2427 2269 N.VXV.
2459 2189 2650 2251 Ὅπως
2674 2188 2731 2269 0'1
2763 2186 2814 2242 ἐν
2842 2189 2931 2269 ,τῇ
2960 2187 3150 2269 Ῥώμῃ
3207 2187 3347 2269 πρὸς
3400 2188 3494 2269 τὸν
3554 2189 3793 2269 Καίσαρα

2141 2263 2455 2323 διετίθεντο.
2488 2269 2607 2323 "011
2632 2268 2726 2323 16v
2758 2267 2895 2341 πρὸς
2939 2268 3032 2323 τὸν
3067 2267 3358 2324 Ἀντώνιον
3412 2267 3503 2325 καὶ
3552 2271 3645 2327 τὸν
3700 2263 3801 2327 Ᾰέ-

2139 2344 2297 2403 πιδον
2355 2347 2603 2421 πόλεμον
2662 2348 2714 2402 οἳ
2772 2349 3039 2422 Ῥωμαῖοι
3098 2352 3180 2421 τῷ
3239 2347 3470 2425 Καίσαρι
3527 2349 3797 2408 ἀνέθεντο.

2137 2431 2263 2484 Ὅτι
2293 2429 2383 2484 καὶ
2415 2426 2635 2492 ἄκοντες
2668 2429 2721 2483 οἱ
2753 2428 2805 2483 ἐν
2837 2432 2906 2502 τῇ
2939 2429 3132 2503 Ῥώμῃ
3163 2428 3365 2484 ὕπατον
3410 2431 3504 2485 τὸν
3548 2431 3798 2507 Καίρασα

2140 2509 2496 2590 ἐψηφίσαντο.
2528 2512 2653 2566 "O11
2698 2512 2792 2590 καὶ
2837 2510 2984 2587 παρὰ
3033 2518 3135 2580 τῆς
3192 2509 3402 2587 βουλῆς
3454 2511 3530 2575 είς
3584 2513 3650 2569 τὸ
3698 2517 3798 2569 106

2139 2589 2412 2668 Καίσαρος
2458 2595 2554 2646 106
2585 2589 2819 2647 Ἰουλίου
2863 2590 3183 2663 εἰσεποιήθη
3240 2593 3393 2667 γένος
3421 2593 3450 2647 6
3479 2590 3794 2658 Ὀκτάϐιος.

2211 2697 2279 2747 Ν.
2313 2692 2457 2748 XVI.
2492 2690 2589 2746 Διὰ
2624 2692 2677 2745 τί
2734 2690 2831 2753 τὰς
2889 2691 3028 2767 πρὸς
3082 2691 3175 2746 τὸν
3209 2692 3501 2747 Ἀντώνιον
3560 2692 3651 2748 καὶ
3698 2694 3790 2748 τὸν

2140 2768 2373 2826 Λέπιδον
2424 2772 2692 2841 συνθήκας
2753 2771 2782 2825 6
2843 2773 3049 2845 Καῖσαρ
3106 2769 3360 2844 ἐτήρησε,
3410 2771 3501 2826 καὶ
3558 2772 3641 2827 6'11
3698 2774 3794 2828 καὶ

2134 2856 2254 2915 τοῖς
2310 2848 2613 2924 Ῥωμαίοις
2656 2850 2854 2912 αὐτοὺς
2907 2847 3218 2921 κατήλλαξε
3264 2847 3337 2905 δι’
3385 2850 3603 2928 ἐτέρων.
3662 2857 3790 2916 Πῶς

2138 2930 2405 3001 συνῆλθον
2433 2931 2461 2986 6
2504 2936 2735 3004 Καῖσαρ.
2766 2931 2856 2985 καὶ
2890 2927 2918 2986 δ
2946 2931 3260 2997 Ἄντώνιος,
3290 2931 3381 2987 καὶ
3441 2927 3479 2986 6
3523 2928 3782 3000 Λέπιδος,

2135 3012 2225 3067 καὶ
2275 3011 2425 3075 ὅπως
2480 3011 2690 3076 ἐαυτοῖς
2741 3011 2916 3087 ἀρχὰς
2954 3009 3123 3067 ἐθνῶν
3175 3012 3491 3086 ἀπένειμαν.
3524 3013 3654 3070 "011
3708 3018 3792 3087 τῷ

2137 3091 2364 3168 Καίσαρι
2420 3090 2756 3165 ἐμνηστεύθη
2801 3094 2836 3161 ἡ
2886 3098 2988 3161 τῆς
3044 3093 3303 3167 γυναικὸς
3353 3096 3451 3148 τοῦ
3493 3094 3792 3151 Ἀντωνίου

2136 3172 2401 3248 θυγάτηρ.
2430 3173 2558 3246 Περὶ
2594 3171 2856 3245 σημείων.
2890 3172 3018 3228 "O11
3069 3170 3120 3226 ἐν
3165 3176 3232 3247 τῇ
3265 3170 3457 3248 Ῥώμῃ
3519 3170 3790 3241 ἐλθόντες,

363 3267 424 3327 δὲ
449 3249 902 3346 περῖ-’Ᾰντώνινον
931 3249 1039 3329 καὶν
1065 3249 1157 3330 τδν
1209 3279 1501 3350 Πομπήϊον
1559 3276 1743 3349 ἠξίουν
1800 3249 2022 3341 κάτοίθέ-
2053 3276 2097 3343 C
2135 3253 2344 3350 σφηαγξις
2398 3250 2628 3350 “illi”
2696 3251 3049 3350 ἐξοίήσαντοι
3096 3249 3461 3315 ἀντιδιδόντες
3517 3249 3793 3324 ἀλλήλοις

364 3363 490 3417 σθαι
514 3354 582 3407 τά
606 3351 773 3432 ὅπλα.
804 3355 937 3412 "011
965 3351 1167 3430 ἤρξατο
1207 3362 1303 3426 τῆς
1349 3354 1659 3430 τυραννίδος
1706 3358 1734 3412 6
1782 3362 2015 3432 Καῖσαρ.

363 3432 491 3487 "011
520 3431 715 3512 ἐξῆλθε
754 3440 856 3504 τῆς
883 3435 1105 3508 Ῥώμης
1134 3437 1161 3491 6
1196 3438 1516 3512 Πομπήϊος,
1548 3437 1639 3493 καὶ
1697 3439 1749 3492 οἱ
1802 3431 2020 3508 πλείου,

362 3513 521 3587 αὐτῷ
548 3511 785 3570 εἵποντο.

441 3604 509 3660 Ν.
534 3604 691 3686 ΑνΙ-ΙΙ.
716 3606 846 3665 "011
873 3606 1010 3681 πρὸς
1043 3610 1336 3681 Πομπήϊον
1384 3607 1558 3664 ἀπιὼν
1611 3610 1639 3665 6
1689 3614 1916 3686 Καῖσαρ,
1947 3607 2022 3671 εἷς

363 3684 469 3766 τήν
529 3684 771 3766 Ῥώμην-
810 3686 1118 3761 ἀνέστρεψε,
1152 3688 1241 3743 καὶ
1292 3695 1395 3759 τῆς
1442 3686 1681 3753 Ἰταλίας
1736 3684 2018 3766 ἐκράτησε.

362 3764 496 3817 "011
544 3761 698 3845 αὖθις
755 3764 843 3820 ἐπὶ
897 3769 1187 3840 Πομπήϊον
1245 3768 1429 3842 ἀπῄει.
1461 3768 1656 3842 Τόλμα
1706 3761 2022 3845 παράϐολος

364 3843 814 3925 τοῦΔΚαίσαρος.
866 3846 992 3903 "011
1051 3848 1264 3920 ἡττήθη
1323 3851 1353 3904 6
1402 3854 1625 3925 Καῖσαρ,
1670 3851 1757 3905 καὶ
1787 3843 1792 3845 γ
1822 3853 2021 3925 μικροῦ

362 3921 736 4006 ἐκινδύνευσεν
769 3928 852 3985 ἄν.
883 3928 1011 3986 ’Ότι
1063 3930 1092 3984 6
1150 3933 1441 4003 Πομπήϊος
1499 3921 1874 4006 ὑπερτίθεσθαι
1923 3921 2018 3986 τὸν

364 4003 617 4088 πόλεμον
673 4004 858 4079 ἤθελε,
892 4009 945 4063 0'1
1000 4006 1047 4063 δ’
1103 4007 1268 4065 ἄλλοι
1322 4009 1382 4066 ἐκ
1429 4003 1658 4087 θράσους
1709 4011 1783 4075 εἷς
1833 4013 2018 4088 μάχην

367 4084 449 4160 ὥρ
460 4107 596 4159 μων.

445 4182 514 4233 Ν.
542 4178 641 4258 IX.
674 4178 804 4249 Περὶ
860 4180 1111 4253 σημείων
1166 4179 1273 4256 πρὸ
1327 4182 1426 4252 τῆς
1487 4181 1674 4257 μάχης
1726 4180 2017 4258 φανέντων.

368 4257 561 4332 Τροπή
592 4261 689 4312 106
718 4258 1040 4332 Πομπηΐου.
1074 4266 1177 4319 Οϊα
1205 4261 1271 4331 ἦν
1304 4263 1339 4331 ἡ
1371 4266 1466 4316 τοῦ
1514 4257 1810 4335 Πομπηίου
1856 4265 2018 4336 γυνή,

370 4336 463 4392 καὶ
495 4335 595 4393 ὅσα
629 4339 770 4393 εἶπεν
823 4336 1012 4395 ἰδοῦσα
1063 4340 1221 4397 αὐτὸν
1272 4341 1553 4420 φεύγοντα,
1584 4341 1674 4397 καὶ
1731 4342 1819 4398 οἶα
1872 4335 2021 4398 ἐκεῖ·

368 4438 463 4479 νος
492 4416 629 4493 πρὸς
660 4420 854 4490 αύτήν.
888 4422 1015 4479 "U11
1048 4421 1123 4484 εἷς
1155 4416 1430 4498 Αἷίγύπτον
1464 4424 1492 4478 6
1524 4424 1814 4496 Πομπήϊος
1847 4445 2020 4495 κατη-

365 4500 568 4582 νέχθη,
598 4498 689 4582 καὶ
738 4499 887 4565 ὅπως
947 4503 1181 4579 ἀνῃρέθη
1242 4501 1372 4561 ἐκεῖ.
1423 4500 1550 4568 σίας
1589 4501 1752 4580 ἔτυχε
1787 4508 1962 4582 ταφῆς
1992 4505 2021 4560 6

369 4580 598 4654 Μάγνος
631 4581 947 4653 Πομπήϊος.

2132 3332 2259 3395 τοὺς
2290 3333 2481 3389 ἑαυτοῦ
2510 3331 2703 3411 φίλους
2733 3328 2982 3395 ἕκαστος.

2203 3427 2271 3479 Ν.
2304 3423 2472 3480 XVII.
2517 3423 2706 3483 ’Όπως
2763 3421 2790 3475 6
2845 3420 3088 3497 Κικέρων
3144 3421 3435 3498 ἀνῄρηται,
3485 3423 3585 3478 καὶ
3648 3423 3800 3486 ὅπως

2130 3505 2266 3580 πρὸς
2322 3504 2483 3560 αὐτὸν
2539 3503 2630 3559 καὶ
2680 3502 2868 3579 νεκρὸν
2922 3500 3131 3575 διετέθη
3193 3505 3222 3559 6
3254 3505 3567 3573 Ἀντώνιος,
3612 3504 3702 3561 καὶ
3752 3507 3788 3576 ἡ

2128 3588 2341 3662 γαμετή
2375 3585 2541 3642 αὐτοῦ
2564 3580 2835 3641 Φουλϐία.
2868 3584 3055 3649 Πίστις
3080 3585 3365 3658 θαυμαστή
3416 3582 3619 3641 δούλου
3646 3586 3785 3663 πρὸς

2132 3664 2423 3738 δεσπότην.
2456 3667 2671 3742 Ἀγάπη
2700 3668 2961 3741 πατρική.
2993 3666 3134 3719 ’Ὀσα
3166 3665 3317 3741 βίαια
3342 3664 3467 3721 τότε
3506 3664 3784 3743 ἐπράχθη.

2203 3772 2270 3821 Ν.
2304 3766 2504 3825 XVIII.
2532 3766 2662 3823 "O11
2694 3765 2722 3819 6
2757 3766 2851 3838 μὲν
2897 3761 3132 3825 Λέπιδος
3181 3763 3247 3819 τά
3294 3771 3394 3833 τῆς
3423 3764 3650 3838 Ῥώμης
3691 3764 3784 3820 καὶ

2127 3850 2230 3915 τῆς
2260 3843 2496 3908 Ἰταλίας
2525 3841 2821 3914 διοικήσων
2861 3842 3041 3912 εἰάθη,
3072 3849 3277 3916 Καῖσαρ
3326 3840 3385 3898 δὲ
3432 3843 3524 3898 καὶ
3577 3843 3784 3900 ’Λντώ-

2128 3946 2245 3986 νιος
2296 3926 2434 3979 κατὰ
2489 3923 2732 4000 Βρούτου
2787 3922 2879 3978 καὶ
2942 3921 3176 3977 Κασσίου
3224 3922 3597 3999 ἐστράτευσαν.
3631 3924 3778 3984 ’Ὀσα

2130 4006 2158 4060 ὁ
2194 4007 2430 4079 Βροῦτος
2461 4005 2551 4059 καὶ
2583 4005 2611 4058 6
2643 4003 2872 4066 Κάσσιος
2910 4001 3128 4059 ἐποίουν
3186 4001 3603 4077 ἐτοιμαζόμενοι
3655 4005 3782 4069 ἀνθ-

2136 4082 2378 4139 ίστασθαι
2432 4088 2513 4157 τῷ
2571 4083 2796 4161 Καίσαρι
2851 4082 2942 4137 καὶ
3015 4087 3096 4156 τῷ
3154 4083 3459 4156 Ἀντωνίῳ.
3511 4087 3624 4141 Ὁτι
3669 4088 3780 4139 τῶν

2129 4162 2353 4223 Ῥοδίων
2430 4166 2457 4220 6
2511 4165 2740 4227 Κάσσιος
2805 4161 3087 4239 ἐκράτησε,
3141 4168 3249 4219 τῶν
3327 4161 3385 4219 δὶ
3460 4162 3676 4219 Λυκίων
3754 4164 3783 4218 6

2131 4246 2392 4320 Βροῦτος.

2203 4339 2272 4389 Ν.
2298 4338 2449 4391 XIX.
2501 4331 2636 4407 Περὶ
2693 4329 2938 4403 σημείων
2998 4329 3300 4407 γεγονότων
3355 4329 3409 4385 ἐν
3464 4328 3534 4405 τῇ
3591 4330 3783 4403 Ῥώμῃ

2130 4412 2221 4468 καὶ
2273 4413 2325 4468 ἐν
2382 4418 2501 4477 τοῖς
2548 4409 2953 4489 στρατοπέδοις.
3002 4414 3170 4487 Μάχη
3223 4410 3493 4487 Καίσαρος
3543 4410 3633 4466 καὶ
3665 4412 3787 4468 Ἀν-

2128 4494 2329 4550 τωνίου
2381 4495 2517 4570 πρὸς
2578 4497 2811 4570 Βροῦτον
2869 4492 2959 4549 καὶ
3012 4494 3270 4561 Κάσσιον,
3315 4490 3406 4548 καὶ
3458 4494 3596 4568 ἧττα
3646 4494 3791 4549 Κασ-

2133 4575 2277 4646 σίου,
2311 4575 2401 4631 καὶ
2458 4578 2566 4630 τῶν
2611 4574 3006 4652 ταφρευμάτων
3056 4572 3349 4649 πόρθησις,
3406 4572 3499 4628 καὶ
3555 4570 3795 4629 Κασσίου

445 4649 512 4734 Ν.
550 4682 644 4734 Χ..
677 4649 872 4759 ’Ὅπως
900 4681 928 4735 6
978 4686 1178 4757 Καῖσαρ
1212 4679 1421 4753 διετέθη
1454 4683 1592 4758 πρὸς
1637 4682 1764 4748 τοὺς
1819 4683 2026 4759 ἀναιρέο
2056 4649 2103 4715 D
2133 4654 2614 4759 ‘x‘i'fc‘ﬁif‘EiY’I'

369 4778 468 4819 τας
531 4757 847 4831 Πομπηΐου.
884 4761 1013 4836 Περὶ
1070 4770 1171 4833 τῆς
1228 4757 1597 4838 Κλεοπατρας,
1653 4764 1743 4818 καὶ
1789 4757 1951 4829 ὅπως
1994 4765 2023 4818 6

374 4842 585 4914 Καῖσαρ
620 4838 766 4895 ἐάλω
795 4838 997 4912 ταύτης
1033 4846 1113 4915 τῷ
1153 4840 1335 4918 ἔρωτι.
1364 4844 1510 4912 ”Οτι,
1556 4841 1809 4917 πολέμου
1864 4843 2025 4917 μέσον

370 4924 471 4976 106
529 4919 793 4995 Καίσαρος
856 4921 945 4976 καὶ
1002 4927 1111 4977 τῶν
1172 4921 1570 5000 Ἀλεξανδρέων
1632 4924 1941 4991 συστάντος,
1988 4926 2024 4994 ἡ

377 5000 594 5076 μεγάλη
661 4998 998 5079 βιϐλιοθήκη
1061 5002 1285 5076 ἐκαύθη.
1340 4998 1465 5061 "O11
1520 5008 1623 5075 τήν
1679 5005 2029 5080 Κλεοπάτραν

370 5081 670 5155 Αἰγύπτου
712 5081 967 5158 βασιλίδα
1021 5082 1281 5140 κατέλιπε
1338 5088 1565 5161 Καῖσαρ,
1594 5080 1817 5160 ἔγκνυον
1866 5083 2028 5140 οὖσαν

374 5161 429 5233 ἐξ
489 5163 676 5219 αὐτοῦ.
711 5162 809 5220 Καὶ
833 5164 1006 5228 ίὸπως
1051 5165 1143 5219 τὸν
1205 5167 1496 5241 Φαρνάκην
1558 5165 1824 5237 ἐνίκησεν.
1857 5167 2029 5221 ’Όσον

374 5241 591 5313 πλῆθος
637 5243 923 5316 Ῥωμαίων
977 5244 1030 5299 ἐν
1075 5249 1192 5307 τοῖς
1250 5244 1543 5323 ἐμφυλίοις
1598 5244 1870 5318 πολέμοις
1923 5243 2033 5300 διέ-

378 5336 611 5402 φθαρτο,
636 5325 723 5381 καὶ
759 5324 908 5388 επῶς
938 5331 1058 5388 τοῖς
1088 5327 1228 5389 υἱοῖς
1257 5332 1353 5381 106
1380 5325 1680 5402 Πομπηίου
1726 5326 2031 5402 ἐμαχέσατο

374 5406 603 5479 Καῖσαρ.

445 5500 516 5550 Ν.
552 5497 643 5552 XI.
679 5496 808 5554 ’Ότι
841 5494 1109 5572 δικτάτωρ
1142 5497 1171 5550 6
1204 5497 1414 5571 Καῖσαρ
1448 5492 1537 5549 διὰ
1562 5494 1685 5570 βίου
1744 5494 2033 5572 ἐψηφίσθη.

369 5577 501 5633 ’Ὀτι
535 5573 625 5630 διὰ
654 5575 746 5630 τὸν
776 5582 875 5644 τῆς
914 5574 1193 5650 βασιλείας
1223 5572 1398 5651 ἔρωτα
1428 5575 1698 5647 ἐμισθήθη
1734 5577 1762 5631 6
1804 5581 2033 5648 Καῖσαρ.

370 5657 538 5720 ’Όθεν
573 5653 853 5732 ἐκαλεῖτοξ
881 5660 1103 5731 Καῖσαρ.
1138 5658 1280 5712 Ὅσα
1309 5657 1337 5712 6
1364 5661 1583 5732 ΔΚαῖσαρ
1629 5655 1688 5711 ἐκ
1734 5652 2038 5732 φιλαρχίας

376 5733 621 5804 ἐποίησε,
657 5731 726 5789 δι’
758 5734 792 5789 ἃ
822 5730 1087 5809 ἐμισήθη,
1129 5737 1218 5791 καὶ
1252 5730 1643 5807 ἐπεϐουλεύθη.
1678 5730 1806 5811 Περὶ
1866 5730 2035 5809 Βρού-

702 5868 962 5930 ΡΑτιοι..
1012 5868 1122 5928 Gn.
1171 5866 1462 5931 CXXXV.

2208 4752 2277 4804 N.
2314 4748 2430 4804 XX.
2463 4748 2633 4800 Ἦττα
2675 4747 2773 4799 106
2821 4744 3080 4819 Βρούτου.
3135 4742 3469 4820 Αύτοχειρία
3520 4740 3783 4819 Βρούτου.

2137 4827 2266 4904 Περὶ
2293 4825 2534 4901 Πορκίας
2561 4831 2660 4896 τῆς
2688 4829 2787 4879 τοῦ
2818 4824 3056 4901 Βρούτου
3085 4823 3360 4900 γυναικός.

2209 4922 2279 4974 Ν.
2310 4916 2449 4973 XXI.
2483 4915 2613 4972 "O11
2660 4911 2751 4968 καὶ
2800 4914 2829 4967 6
2878 4913 3108 4973 Κάσσιος
3171 4926 3262 4967 καί
3307 4912 3336 4965 6
3384 4912 3624 4985 Βροῦτος
3675 4914 3794 4971 τοῖς

2139 4996 2366 5075 ξίφεσιν,
2409 4998 2493 5056 οἷς
2551 4992 2767 5075 ἀνεῖλον
2812 4994 2906 5047 τὸν
2956 4991 3226 5075 βαίσαρα,
3286 4991 3637 5075 ᾀνῃρέθησὰν.
3669 4989 3798 5075 "Q11

2141 5067 2215 5130 ἐν’
2248 5076 2440 5150 Ῥώμῃ
2517 5077 2596 5144 τῷ
2647 5072 2875 5150 Καίσαρι
2953 5068 3221 5146 διηνέχθη
3286 5073 3322 5140 ἠ
3372 5074 3472 5125 τοῦ
3514 5067 3804 5150 Ἀντωνίου

2139 5158 2304 5232 γυνὴ.
2337 5148 2428 5210 καὶ
2478 5155 2507 5209 6
2556 5149 2794 5229 ἀδελφὸς
2847 5150 3050 5206 ἐκείνου
3103 5151 3404 5207 ὑπατεύων.
3437 5150 3651 5232 ’Ὁτιᾲήλ
3680 5148 3805 5204 στά-

2142 5228 2225 5301 σις
2288 5237 2449 5312 μέσον
2500 5240 2597 5292 106
2647 5228 2832 5307 δήμου
2884 5233 2970 5288 καὶ
3017 5237 3126 5288 τῶν
3172 5228 3808 5312 στρατιωτῶνηέγένετο..

2142 5308 2299 5379 ⁸Ὀτι’
2332 5316 2581 5375 ἔσπευσεν
2631 5315 2659 5370 6
2714 5316 2922 5389 Καῖσαρ
2974 5313 3290 5370 σπείσασθαι
3345 5318 3423 5387 τῷ
3474 5311 3673 5385 Σέξτῳ,
3712 5308 3803 5366 καὶ

2141 5407 2251 5458 τῶν
2286 5396 2537 5456 σπονδῶν
2572 5394 2866 5470 διήμαρτε.

2217 5498 2289 5549 Ν.
2338 5490 2507 5546 XXII.
2560 5488 2660 5540 Οἷα
2711 5482 2764 5538 ἐν
2812 5481 2974 5554 Ἀσίᾳ
3023 5482 3051 5537 6
3111 5483 3403 5546 Ἀντώνιος
3456 5481 3670 5560 ἔπραξε,
3717 5480 3808 5536 καὶ

2146 5573 2297 5634 ὅπως
2331 5566 2612 5637 ἐδουλώθη
2654 5571 2753 5635 τῆς
2784 5561 3139 5638 Κλεοπάτρας
3167 5568 3246 5636 τῷ
3290 5562 3477 5639 ἔρωτι.
3509 5563 3639 5638 Περέ
3690 5570 3800 5617 Λα.

2146 5648 2342 5723 ϐιηνοῦ
2369 5648 2457 5705 καὶ
2507 5645 2777 5720 Πακόρου.
2809 5644 2961 5723 "0117
2998 5640 3327 5717 ἐπολεμώθη
3371 5649 3450 5717 τῷ
3498 5642 3729 5719 Καίσαρι
3775 5643 3812 5723 Αὸ

2143 5717 2439 5792 ’Λντώνιος
2491 5725 2581 5785 διὰ
2603 5717 2703 5797 τήν
2750 5717 3051 5800 Φουγϐίαν,
3098 5724 3190 5780 καὶ
3237 5726 3321 5781 6'11
3373 5723 3587 5795 ἐκείνης
3627 5717 3817 5788 θανού-

3412 5856 3487 5914 IS
