4126 6372
377 492 498 554 369
527 555 538 564 ,

1589 481 1999 545 ANNALIUM
2043 483 2560 545 ARGUMENTA.

3679 487 3798 548 3'10

363 624 616 703 φανίνιος
698 625 805 703 τῷ,
853 617 1092 703 μεγᾷλφ,
1164 615 1550 703 ΚυζνῗῖαΥΤίνφ
1632 611 1710 703 δέ
1779 613 2015 703 ἀστέρων
2051 619 2102 686 Α
2131 616 2466 703 ’ᾼποστασία
2493 610 2768 703 Σιλϐάνου
2817 617 2907 703 καὶ
2938 617 3392 703 ἀναίρεσιςηὋσα
3519 619 3796 703 Σαπώρης

366 695 622 778 σταυροῦ,
654 701 745 755 καὶ
775 699 925 761 ὅπως
952 697 1204 778 ἀπώλετο
1236 699 1266 752 6
1297 695 1612 778 Μαξέντιος,
1653 695 1783 778 *Ὁτι
1802 695 1892 748 καὶ
1917 701 2018 764 τῆς

365 776 587 855 Ῥώμης
617 781 708 835 καὶ
739 787 840 849 τῆς
873 776 1110 842 Ἰταλίας
1140 778 1432 850 ἐκράτησεν
1469 777 1496 830 6
1532 777 1700 850 μέγας
1743 777 2028 831 Κωνσταν-

365 869 532 924 τῖνος.
594 864 716 918 Ὀτι
774 860 912 914 κατά
965 859 1209 914 Λικινίου
1285 855 1666 931 ἐκστρατεύσας
1741 855 1768 908 ὁ
1848 855 2026 928 Μέγας

375 947 775 1003 Κωνσταντῖνος
838 941 1111 1008 ἐνίκησεν·
1175 940 1251 1003 είς
1298 936 1354 992 δὲ
1415 934 1810 1004 Θεσσαλονίκην
1870 933 2026 988 αὐτὸν

373 1024 712 1098 περιώρισεν,
747 1017 873 1075 ἔνθα
903 1022 992 1075 καὶ
1025 1019 1285 1094 ἀνῃρέθη.
1331 1018 1462 1092 Περὶ
1493 1016 1766 1070 ὀπτασιῶν
1798 1019 1880 1086 τῷ
1912 1015 2028 1070 Με-

371 1103 522 1180 γάλῳ
556 1101 946 1172 Κωνσταντίνῳ
978 1104 1261 1175 φανεισῶν.

440 1207 503 1255 Ν.
539 1201 607 1257 II.
645 1201 768 1255 ’Ότι
821 1193 1115 1268 λελώϐητο
1159 1197 1222 1252 τὸ
1268 1200 1426 1268 σῶμα
1476 1192 1633 1257 οὗτος
1675 1194 1704 1248 6
1749 1189 2024 1269 βασιλεὺς,

369 1281 457 1336 καὶ
490 1279 640 1342 ὅπως
674 1276 888 1334 παίδων
937 1275 1126 1351 α’ίματι
1174 1275 1469 1331 λούσασθαι
1526 1272 1880 1351 προτραπεὶς,
1927 1272 2028 1327 οὐκ

363 1354 656 1430 ἠθέϐησεν.
691 1360 812 1415 Ὀτι
846 1359 898 1413 οἱ
945 1349 1233 1434 κορυφαῖοι
1264 1361 1369 1410 τῶν
1405 1351 1726 1410 ἀποστόλων
1785 1349 1917 1434 ὄναρ
1946 1357 2026 1425 τῷ

368 1437 586 1512 βασιλεῖ
669 1438 987 1508 ἐφάνησαν,·
1031 1430 1122 1491 καί
1195 1436 1448 1491 ὑπέθεντο
1524 1433 1752 1509 τρόπον,
1801 1430 1911 1512 ,Αδιί
1961 1435 2024 1486 o6

358 1510 663 1589 ἶαθήσεται·
696 1519 786 1572 καὶ
821 1518 894 1579 ὡς
933 1517 1244 1591 βαπτισθεὶς
1295 1516 1444 1584 ἰάθη.
1499 1514 1595 1568 Καὶ
1647 1514 1715 1567 τά
1769 1510 2024 1567 εἷδωλεῖα

362 1598 710 1654 ἀπέκλεισεν.
770 1597 900 1672 Περὶ
955 1601 1064 1652 τῶν
1127 1593 1403 1672 Ἰουδαίων
1466 1595 1556 1649 καὶ
1603 1601 1704 1663 τῆς
1733 1593 1870 1666 πρὸς
1929 1593 2023 1672 αὐ-

361 1677 497 1740 τοὺς
531 1670 968 1748 διαλέξεως-τοῦ
1013 1676 1167 1753 ἁγίου
1217 1670 1572 1750 Σιλϐέστρου,
1633 1673 1722 1728 καὶ
1778 1677 1875 1727 106
1933 1670 2020 1726 ἐπὶ

358 1763 443 1830 τῷ
493 1757 677 1834 ταύρῳ
741 1757 1037 1830 θαύματος.
1089 1756 1217 1832 Περὶ
1265 1763 1365 1825 τῆς
1413 1755 1675 1830 εὑρέσεως
1728 1757 1823 1807 106
1877 1753 2022 1816 θείου

361 1833 618 1911 σταυροῦ.
638 1845 768 1913 Περὶ
797 1843 904 1892 τῶν
939 1836 1150 1892 παίδων
1175 1841 1272 1892 τοῦ
1302 1835 1558 1911 Μεγάλου
1591 1833 2017 1913 Κωνσταντίνου.

365 1919 466 1974 Καὶ
498 1909 648 1974 ὅπως
680 1909 861 1974 ἀνεῖλε
884 1919 976 1973 τὸν
1009 1918 1124 1972 υἱὸν
1156 1917 1318 1972 αὐτοῦ
1350 1909 1615 1992 Κρίσπον,
1649 1909 1885 1987 διαϐολῇ
1915 1920 2016 1982 τῆς

2135 701 2215 767 τῷ
2243 696 2606 770 Κωνσταντίῳ
2655 695 2952 766 ἐπέστειλε,
3006 700 3098 754 καὶ
3145 701 3173 753 6
3222 701 3601 762 Κωνστάντιος
3632 697 3794 762 αὖθις

2140 776 2346 849 ἐκείνῳ.

2210 858 2278 913 Ν.
2320 859 2383 914 Χ.
2435 859 2556 914 ”Οτι
2612 857 2848 930 Καίσαρα
2903 859 2996 913 τὸν
3046 859 3344 914 Ἰουλιανὸν
3405 860 3592 914 ἀνεῖπε
3647 865 3800 914 Κων-

2140 937 2404 1005 στάντιος,
2465 937 2555 992 καὶ
2598 939 2698 1006 τὴν
2745 935 2985 1016 ἀδελφὴν
3051 939 3276 1011 Ἑλένην
3345 940 3490 1012 αὐτῷ
3547 938 3793 1008 συνέζευ-

2138 1016 2241 1086 ξεν.
2302 1019 2423 1074 ’Ότι
2483 1018 2533 1071 ἐν
2595 1018 2866 1091 πολέμοις
2926 1019 3223 1096 εὐτύχησεν
3284 1019 3604 1081 Ἰουλιανός.
3665 1021 3792 1077 ’Ότι

2136 1096 2499 1166 ἀπεστάτησεν
2535 1095 2827 1159 Ἰουλιανὸς
2852 1099 2942 1153 καὶ
2975 1095 3288 1175 Αὔγουστος
3338 1101 3439 1154 ὑπὸ
3484 1104 3580 1154 τοῦ
3632 1120 3794 1175 στρα-

2134 1180 2232 1230 τοῦ
2257 1175 2617 1252 ἀνηγορεύθη.
2651 1179 2756 1234 Οἷα
2783 1183 2862 1250 τῷ
2892 1181 3244 1253 Κωνσταντίῳ
3288 1178 3615 1236 ἐπέστειλεν.
3651 1180 3790 1235 Ἰου-

2137 1253 2347 1316 λιανός.
2381 1257 2485 1313 Οἴα
2524 1255 2674 1318 αὖθις
2725 1256 2957 1329 ἐμήνυσε
3001 1263 3080 1328 τῷ
3130 1257 3415 1331 Ἰουλιανῷ
3444 1260 3471 1313 6
3503 1258 3792 1313 Κωνστάν-

2132 1356 2272 1397 τιος.
2301 1338 2402 1390 Οἴα
2429 1337 2566 1412 πρὸς
2593 1337 2660 1391 τὰ
2687 1341 2784 1391 106
2819 1339 3186 1393 Κωνσταντίου
3223 1338 3518 1412 μηνύματα
3539 1339 3788 1394 ἀντέθετο

2135 1417 2164 1470 6
2197 1415 2518 1484 Ἰουλιανὸς,
2548 1417 2638 1471 καὶ
2670 1418 2768 1471 ὅσα
2797 1417 2944 1489 αὐτῷ
2976 1417 3301 1476 ἐπέστειλεν.

2205 1515 2251 1569 Ν
2282 1517 2371 1570 XI.
2403 1515 2525 1568 ”Οτι
2556 1515 2691 1568 κατά
2735 1519 2832 1569 106
2875 1516 3244 1571 Κωνσταντίου
3303 1515 3456 1590 ἐπῄει
3519 1518 3548 1571 6
3592 1516 3791 1590 τύραν-

2131 1614 2223 1655 νος
2290 1596 2459 1666 μήπω
2517 1597 2616 1664 τήν
2671 1596 2862 1650 ἑαυτοῦ
2922 1595 3154 1674 ἐκφήνας
3208 1592 3485 1655 ἀσέϐειαν,
3545 1596 3783 1667 Τελευτὴ

2134 1676 2547 1734 Κωνσταντίου.
2610 1681 2743 1738 Οἴος
2804 1679 2831 1732 6
2891 1678 3262 1741 Κωνσνάντιος
3321 1680 3386 1749 ἦν
3425 1722 3436 1736 .
3499 1678 3628 1754 Περὶ
3686 1688 3785 1749 τῆς

2133 1757 2347 1835 Ἀρείου
2380 1754 2700 1834 διαφθορᾶς.
2762 1759 2890 1833 Περὶ
2939 1764 3318 1835 πατριαρχῶν.
3377 1761 3495 1817 Ὃτι
3543 1760 3570 1812 6
3603 1761 3785 1816 Μακε-

2133 1833 2312 1899 δόνιος
2359 1837 2419 1891 τὸ
2476 1833 2636 1910 σῶμα
2682 1841 2779 1891 106
2827 1833 3086 1912 Μεγάλου
3139 1833 3512 1894 Κωσταντίνου
3569 1838 3645 1900 είς
3691 1841 3785 1894 τὸν

2130 1916 2256 1970 ναὸν
2313 1921 2410 1971 106
2471 1917 2626 1992 ἁγίου
2685 1919 3007 1992 μετήνεγκεν
3073 1919 3374 1991 Ἀκακίου,
3428 1917 3584 1981 αὖθις
3638 1917 3695 1974 δὲ
3753 1921 3782 1974 6

365 1999 602 2074 μητρὸς,
637 1999 747 2053 εἶτα
792 1997 1062 2070 κάκείνην.
1115 2000 1238 2056 ”Οτι
1286 1988 1414 2059 τοὺς
1447 1996 1738 2073 Σαρμάτας
1767 1993 2012 2054 καὶτοὺς
2043 1988 2093 2052 Β
2122 1988 2526 2074 Κωνστάντιος⁷
2555 1997 2630 2058 εἷς
2686 1988 2778 2051 τὸν
2836 1988 2960 2052 ναὸν
3018 2003 3126 2052 τῶν
3172 1988 3368 2074 Ἁγίων
3421 1998 3775 2055 Ἀποστόλων

367 2079 602 2143 ι’ὁτθους
632 2077 683 2134 ἐν
696 2078 780 2150 ίκη
790 2101 898 2136 σεν.

434 2183 500 2233 Ν.
560 2178 658 2234 III.
730 2176 858 2252 Ηερὶ
915 2184 1017 2247 τῆς
1067 2176 1293 2238 κτίσεως
1347 2170 2006 2252 Κωνσταντίνουπόλεως.

358 2257 466 2314 Καὶ
500 2259 619 2311 οἷον
650 2257 719 2326 ἦν
746 2249 816 2312 τὸ.
839 2258 1153 2326 Βυζάντιον.
1187 2255 1314 2330 Περὶ
1344 2258 1442 2310 106
1473 2253 1560 2309 ἐπὶ
1612 2257 1690 2326 τῷ
1745 2249 2009 2328 γενεθλίῳ

351 2348 458 2410 τῆς
509 2339 728 2402 πόλεως
777 2341 1074 2416 γενομένου
1146 2338 1424 2411 θεματίου·
1475 2339 1607 2411 Περὶ
1657 2341 1753 2392 τοῦ
1813 2338 2012 2416 Βυζαν-

345 2421 494 2486 τίου,
527 2421 614 2474 καὶ
651 2420 749 2476 ὅσα
781 2414 810 2475 6
838 2421 974 2474 Δίων
1007 2421 1128 2492 περὶ
1162 2419 1325 2474 αὐτοῦ
1368 2419 1589 2494 ἱστορεῖ.
1645 2418 1775 2492 Περὶ
1826 2420 1922 2470 106
1953 2414 2006 2470 ἐν

344 2504 430 2572 τῷ
462 2500 751 2573 Πλακωτῷ
773 2501 975 2565 κίονος,
1003 2500 1093 2555 καὶ
1122 2503 1219 2554 106
1250 2498 1302 2553 ἐν
1332 2499 1478 2568 αὐτῷ
1509 2497 1849 2572 ἀγάλματος.
1874 2495 2005 2569 Περὶ

345 2587 448 2636 106
482 2585 888 2657 πατριαρχικοῦ
919 2581 1114 2656 θρόνου
1143 2587 1242 2648 τῆς
1272 2578 1390 2640 νέας
1436 2580 1678 2650 Ῥώμης.
1731 2577 1859 2650 Περὶ
1907 2579 2004 2630 τοῦ

347 2659 512 2736 ἁγίου
543 2662 962 2738 Μητροφάνους.

425 2765 489 2814 Ν.
527 2761 620 2815 IV.
677 2759 804 2832 ΙΙερὶ
863 2760 1080 2834 Ἀρείου
1136 2758 1227 2812 καὶ
1283 2765 1384 2827 τῆς
1439 2753 1757 2826 κακοδοξίας
1811 2755 1999 2834 αὐτοῦ.

362 2839 486 2912 Περὶ
513 2845 611 2907 τῆς
646 2837 698 2892 ἐν
750 2829 952 2910 Νικαίᾲ
997 2839 1222 2914 πρώτης
1264 2835 1513 2914 συνόδου.
1574 2837 1703 2909 Περὶ
1736 2829 1999 2914 Εὐσεϐίου

363 2911 458 2971 106
487 2917 796 2997 Παμφίλου.
830 2919 960 2995 Περὶ
988 2911 1085 2974 106
1117 2919 1275 2992 ἁγίου
1309 2911 1615 2990 συμϐόλου.
1656 2917 1847 2976 ”Οπως
1897 2913 2001 2997 ἐτί-

367 3019 509 3070 μησε
534 2995 652 3062 τοὺς
685 2999 868 3075 ἁγίους
896 2999 1133 3074 Πατέρας
1165 2999 1194 3053 6
1228 2997 1502 3074 βασιλεύς.
1544 2999 1665 3075 Ὀτι
1694 2999 1790 3050 106
1841 2995 1996 3070 ἁγίου

2122 2076 2254 2131 αὐτὸ
2306 2073 2678 2150 μετεκόμισεν·
2729 2077 2858 2151 Περὶ
2904 2082 3012 2132 τῶν
3050 2073 3254 2154 ἁγίων
3287 2077 3608 2134 ἀποστόλων
3660 2081 3778 2135 Ἀν-

2123 2153 2298 2291 δρέουί
2324 2157 2414 2212 καὶ
2462 2162 2665 2214 Λουκᾶ.
2715 2157 2846 2234 Περὶ
2891 2153 3152 2222 Εὐσεϐίας
3199 2166 3300 2229 τῆς
3345 2166 3590 2235 γαμετῆς
3623 2167 3776 2215 Κων-

2123 2257 2278 2291 σταντ
2307 2259 2389 2291 ου.

2121 2257 2389 2294 σταντιου.

2190 2342 2254 2392 Ν.
2308 2338 2426 2394 XII.
2480 2336 2602 2394 Ὃτι
2635 2334 2860 2410 ἐτίμησε
2887 2337 2976 2391 τὸν
3026 2341 3123 2392 106
3170 2337 3540 2393 Κωνσταντίου
3587 2339 3771 2414 νεκρὸν

2118 2416 2146 2470 6
2207 2415 2529 2479 Ἰουλιανός.
2590 2419 2709 2474 Ὅτι
2767 2415 3030 2488 λιτότητα
3083 2419 3111 2472 6
3167 2414 3488 2492 παραϐάτης
3545 2418 3770 2492 μετῄει.

2115 2498 2238 2577 ’ξΟτι
2274 2497 2408 2570 μετὰ
2436 2498 2536 2565 τὴν
2575 2498 2878 2573 μοναρχίαν
2913 2502 3156 2577 φανερῶς
3204 2499 3270 2553 τά
3319 2497 3602 2570 Ἑλλήνων
3662 2497 3776 2554 ἐσέ-

2115 2571 2278 2634 ϐετο.
2338 2581 2460 2635 ’Ότι
2521 2571 2948 2640 ἐγώλυσείτοὺς
3005 2571 3366 2654 Χριστιανοὺς
3428 2579 3773 2653 μαθημάτων

2116 2659 2387 2734 μετέχειν.
2449 2659 2573 2715 ’Ότι
2627 2656 2886 2732 ἐπέτρεψε
2936 2664 3052 2721 τοῖς
3113 2656 3396 2734 Ἰουδαίοις
3443 2659 3534 2714 τὸν
3567 2658 3617 2713 ἐν
3677 2659 3773 2715 Ἱε-

2113 2730 2446 2808 ροσολύμοις
2487 2735 2611 2789 ναὸν
2662 2730 2951 2810 ἀνεγεῖραι.
3004 2735 3136 2810 Περὶ
3187 2730 3471 2802 Εὐσεϐίου,
3515 2735 3602 2788 καὶ
3662 2738 3770 2788 τῶν

2111 2815 2298 2873 ἄλλων
2374 2815 2672 2891 εὐνούχων·
2735 2819 2856 2874 ’Ότι
2936 2815 2998 2870 τὸ
3076 2815 3126 2870 ἐν
3204 2821 3325 2878 ταῖς
3386 2816 3618 2890 Δάφναις
3668 2819 3766 2870 106

2128 2895 2470 2958 Λπόλλωνος
2503 2895 2749 2972 ἄγαλμα,
2781 2895 2869 2950 καὶ
2900 2897 2992 2949 τὸν
3033 2896 3153 2950 ναὸν
3206 2896 3446 2966 σκηπτὸς
3502 2894 3762 2950 κατέκαυ-

2108 2999 2216 3032 σεν.
2251 2977 2380 3051 Περὶ
2409 2980 2518 3030 τῶν
2575 2977 2744 3051 ἁγίων
2805 2975 3122 3052 Ἀρτεμίου,
3183 2975 3273 3031 καὶ
3333 2975 3612 3052 Εὐγενίου,
3670 2975 3760 3030 καὶ

358 3056 747 3156 Μήτροφάνους
801 3056 1076 3146 θανόντος,
1120 3056 1165 3133 '6
1217 3056 1358 3140 θεῖος
1405 3056 1755 3156 Ἀλέξανδρος
1808 3056 1999 3152 γέγονε
2104 3056 2403 3134 Μακαρίω⁸

351 3153 722 3234 πατριάρχης.
755 3158 988 3228 Τελευτη
1019 3166 1118 3228 τῆς
1149 3159 1301 3234 ἁγίας
1332 3155 1574 3227 Ἑλένης.
1628 3153 1869 3222 Τελευτὴ
1901 3158 1996 3209 106

346 3237 609 3314 Μεγάλου
641 3241 1074 3297 Κωνσταντίνου.
1109 3240 1235 3300 Οἷος
1261 3238 1325 3307 ἦν
1357 3237 1426 3292 τὰ
1453 3235 1560 3308 ἤθη
1583 3237 1610 3291 6
1634 3241 1774 3300 θεῖος
1805 3235 1995 3290 αὐτοσὶ

345 3320 725 3421 αὐτοκράτωρ.
1037 3415 1052 3421 Α
1114 3417 1123 3421 Α
1414 3415 1423 3421 Δ
1565 3414 1577 3421 ⁸
1735 3413 1745 3421 “
2029 3353 2073 3421 C

418 3423 486 3474 N.
517 3417 583 3472 V.
616 3418 808 3480 Ὅπως
841 3419 874 3486 ἡ
912 3415 1160 3494 βασιλεία
1217 3415 1500 3490 Ῥωμαίων
1534 3414 1612 3478 εἲς
1667 3413 1795 3476 τοὺς
1854 3418 1998 3490 τρεῖς

347 3495 609 3569 ἐμερίσθη
714 3495 911 3560 παῖδας
1012 3502 1108 3552 106
1211 3495 1474 3571 Μεγάλου
1568 3495 1999 3551 Κωνσταντίνου.

351 3577 574 3631 Κοττίαι
627 3576 1022 3651 ὠνομάσθησαν
1103 3578 1208 3632 ἀπὸ
1275 3577 1503 3631 Κοττίου
1568 3573 1837 3651 βασιλέως
1895 3579 2002 3629 τῶν

349 3656 539 3712 τόπων
617 3657 826 3713 τούτων
904 3659 1225 3734 γενομένου.
1304 3659 1426 3714 Ὀτι
1502 3658 1529 3712 6
1604 3662 2004 3718 Κωνσταντῖνος

352 3735 597 3794 ἐπελθὼν
627 3743 705 3811 τῷ
735 3743 831 3794 106
865 3739 1219 3802 Κώνσταντος
1248 3737 1430 3813 λάχει,
1461 3740 1672 3809 ἡττήθη
1732 3736 1823 3792 καὶ
1871 3737 2004 3812 ἀνῃ-

357 3816 513 3893 ρέθη.
569 3819 692 3876 Ὃτι
753 3819 781 3873 6
840 3818 1099 3882 Κώνστας
1151 3817 1242 3873 καὶ
1288 3825 1388 3887 τῆς
1415 3815 1712 3896 ἀδελφικῆς
1745 3817 2005 3891 ἐκράτησε

362 3897 578 3973 μνίρας,
609 3900 698 3953 καὶ
728 3898 834 3954 ὐπὸ
877 3898 1208 3974 Μαγνεντίου
1252 3899 1507 3973 ἀνῃρέθη.
1550 3897 1678 3970 Περὶ
1722 3899 1818 3966 τῆς
1868 3897 2002 3974 πρὸς

359 3971 568 4052 Πέρσας
603 3979 792 4054 μάχης
819 3983 917 4033 106
947 3971 1362 4035 Κωνσταντίου.
1394 3977 1492 4032 Καὶ
1552 3975 1676 4052 περὶ
1708 3971 2004 4050 Ὀρμίσδου

353 4062 455 4112 106
479 4058 706 4132 Πέρσου.

429 4157 496 4213 N.
541 4157 636 4213 VI.
689 4157 878 4219 Ὀπως
937 4157 965 4211 6
1022 4155 1346 4232 Μαγνέντιος
1402 4151 1676 4229 τυραννίδι
1730 4152 2004 4229 ἐπικεχεί-

356 4256 548 4312 ρηκεν.
607 4237 908 4313 Ἀναίρεσις
968 4231 1353 4298 Κώνσταντος.
1417 4237 1534 4289 Ὅτι
1594 4231 1841 4296 πολλοὺς
1897 4239 2004 4289 τῶν

354 4315 805 4393 ἀξιολογωτέρων
858 4317 1137 4373 ἀπώλεσεν
1170 4319 1198 4372 6
1248 4315 1602 4392 Μαγνέντιος.

429 4421 493 4472 Ν.
560 4415 677 4471 VII.
737 4416 858 4474 Ὃτι
908 4415 1183 4490 Σαπώρης
1237 4415 1265 4469 6
1325 4418 1543 4490 Περσῷν
1609 4411 1882 4489 βασιλεὺς,
1935 4417 2004 4488 τῇ

352 4492 643 4567 Ῥωμαίων
707 4497 870 4573 χώρᾳ
917 4489 1134 4560 ἐπέθετο
1192 4495 1282 4551 καὶ
1342 4489 1550 4549 Νίσιϐιν
1611 4491 2006 4573 πολιορκήσας,

354 4573 634 4652 ἄπρακτος
661 4572 1034 4652 ἀνεχώρησεν.
1079 4577 1204 4633 ’Ὁτι
1236 4575 1326 4630 καὶ
1381 4573 1674 4651 Βρετανίων
1732 4572 2006 4649 τυραννίδι

359 4654 794 4730 ἐπικεχείρηκεν.
855 4657 1024 4730 Ὂναρ
1079 4655 1158 4727 τῷ
1215 4654 1572 4727 Κωνσταντίῳ
1644 4653 1826 4730 ὀφθέν.
1883 4656 2007 4711 Ὅτι

357 4734 671 4810 προσῆλθεν
703 4735 730 4789 ὁ
755 4733 1057 4810 Βρετανίων
1087 4739 1169 4807 τῷ
1201 4735 1573 4806 Κωνσταντίῳ.

432 4833 506 4908 Ν.
554 4833 749 4889 XVIII.
818 4831 944 4908 Περὶ
1023 4831 1353 4908 Μαγνεντίου
1418 4833 1848 4908 τυραννήσαντος
1917 4833 2009 4886 καὶ

362 4907 745 4986 συμϐαλόντος
831 4907 912 4983 τῷ
1000 4907 1363 4985 Κωνσταντίῳ
1436 4907 1764 4982 ἡττηθέντος
1799 4956 1810 4970 .
1888 4915 2009 4970 Ὃτι

358 4991 616 5062 ἡττηθεὶς
700 4993 728 5047 6
803 4991 1136 5068 Μαγνέντιος
1210 4989 1420 5070 ἔφυγεν.
1492 4994 1616 5049 ’Ὁτι
1691 4993 1782 5047 καὶ
1861 4993 2011 5055 αὖθις

357 5075 498 5148 πρὸς
552 5071 797 5144 πόλεμον
858 5074 886 5127 ὁ
945 5073 1282 5146 Μαγνέντιος
1326 5073 1678 5146 ἡτοιμάζετο·
1729 5075 1845 5127 Ὃτι
1885 5071 2012 5128 ἐπε-

358 5148 652 5208 ϐούλευσεν
686 5154 715 5207 6
769 5151 1104 5228 Μαγνέντιος
1157 5159 1238 5225 τῷ
1287 5152 1505 5225 Γάλλῳ.
1542 5154 1670 5228 Περὶ
1695 5159 1792 5208 106
1820 5154 2013 5228 Ὀρόν-

353 5254 455 5309 του
505 5231 783 5307 ποταμοῦ.
842 5237 1032 5296 ⁸Ὀπῶς
1085 5231 1332 5309 ἐγνώσθη
1387 5236 1423 5303 ἡ
1477 5235 1613 5288 κατὰ
1643 5232 1859 5290 Γάλλου
1890 5232 2011 5288 ἐπι-

361 5308 569 5384 ϐουλή.

433 5413 502 5468 Ν.
555 5412 648 5468 IX.
708 5413 831 5470 "01L
859 5409 948 5467 καὶ
995 5412 1146 5473 αὖθις
1193 5412 1408 5482 ἡττήθη
1446 5413 1474 5464 6
1523 5413 1872 5487 Μαγνέντιος,
1923 5413 2014 5468 καὶ

361 5491 550 5547 ἑαυτὸν
611 5490 972 5567 διεχρήσατο.
1033 5494 1156 5550 ’Ὁτι
1221 5491 1499 5566 μόναρχος
1553 5494 1580 5548 6
1640 5492 2014 5556 Κωνστάντιος

360 5573 592 5645 κατέστη
656 5573 748 5628 καὶ
797 5573 1114 5648 ὁλοκλήρου
1173 5581 1275 5644 τῆς
1324 5574 1502 5652 ἀρχῆς
1551 5575 1764 5650 γέγονεν
1826 5573 2017 5652 ἐγκρα-

362 5657 490 5734 τής.
521 5658 706 5717 Ὅπως
736 5656 763 5709 6
809 5653 1021 5717 Γάλλος
1068 5649 1503 5734 Ϋῦπερεφρόνηοε,
1561 5649 1650 5709 καὶ
1707 5649 2017 5734 1060007-

367 5733 668 5806 κλητικοὺς
725 5734 932 5792 ἀνεῖλεν
994 5733 1211 5812 ἄνδρας,
1261 5734 1350 5791 καὶ
1396 5734 1562 5804 αὐτῆς
1610 5740 1706 5791 106
1755 5735 2017 5813 Καίσαρος

373 5815 523 5891 ἀξίας
580 5815 792 5889 ἐξέπεσε
845 5816 936 5874 καὶ
1000 5819 1098 5890 τῆς
1164 5821 1310 5890 ζωῆς
1379 5813 1641 5894 ἐστερήθη
1699 5818 2018 5898 ἀναιρεθείς.

2177 3162 2240 3212 Ν.
2269 3156 2417 3212 ΧΙΙΙ.
2445 3157 2634 3217 Ὅπως
2666 3155 2694 3209 6
2724 3150 3042 3230 παραϐάτης
3071 3160 3188 3217 τοῖς
3236 3156 3467 3232 Πέρσαις
3503 3152 3756 3228 μαχόμε-

2103 3260 2215 3309 νος,
2250 3239 2467 3316 ἀφανῶς
2525 3239 2661 3292 κατά
2695 3243 2803 3316 ’τῆς
2853 3235 3091 3312 πλευρᾶς
3121 3237 3356 3312 ἐτρώθη,
3385 3238 3474 3291 καὶ
3507 3239 3756 3316 θνήσκων

2109 3319 2254 3388 3001150
2271 3313 2367 3373 1'06
2395 3318 2624 3394 χριστοῦ
2655 3313 3068 3392 ἐϐλασφήμησε,
3103 3319 3192 3373 καὶ
3227 3317 3398 3379 οὸτως
3427 3318 3524 3386 τὴν
3554 3315 3757 3394 ἀθλίαν

2112 3399 2279 3454 αὐτοῦ
2309 3399 2492 3472 ψυχὴν
2527 3398 3024 3474 ἀπηρε·5ξατο.Οῖος
3055 3401 3120 3467 ἦν
3147 3399 3216 3453 τὰ
3242 3395 3350 3468 ἤθη
3384 3398 3413 3451 6
3440 3393 3762 3456 Ἰουλιανός.

2109 3479 2240 3554 Περὶ
2270 3483 2366 3554 106
2400 3477 2636 3553 ὀνείρου.
2700 3477 2829 3552 Περὶ
2888 3477 3119 3550 σημείου
3177 3475 3480 3549 δηλοῦντος
3536 3479 3627 3531 τὸν
3668 3478 3767 3530 106

2111 3553 2426 3634 παραϐάτου
2460 3558 2706 3614 θάνατον.

2184 3665 2249 3715 Ν.
2302 3659 2446 3715 XIV.
2481 3656 2614 3719 Οἵας
2647 3658 2675 3711 6
2709 3651 2968 3718 Ἰοϐιανὸς
3000 3655 3147 3721 ἔθετο
3178 3657 3315 3733 πρὸς
3344 3656 3550 3730 Πέρσας
3599 3675 3764 3709 σπον-

2115 3736 2227 3799 δάς.
2261 3739 2392 3813 Περὶ
2431 3744 2530 3807 τῆς
2572 3735 2831 3807 τελευτῆς
2882 3733 3168 3793 Ἰοϐιανοῦ.
3218 3737 3348 3812 Περὶ
3411 3734 3768 3791 Σαλουστίου.

2113 3822 2236 3877 “¹Οτι
2267 3820 2416 3894 παρά
2445 3821 2662 3896 πάντων
2695 3817 2952 3894 βασιλεὺς
2985 3818 3438 3880 Οὐαλεντινιανὸς
3471 3816 3771 3896 ἐψηφίσθη.

2113 3901 2242 3960 Οἷος
2273 3899 2339 3967 ἦν
2371 3893 2657 3959 Ἰοϐιανός·

2186 4001 2250 4050 Ν.
2307 3995 2423 4051 XV.
2456 3995 2586 4072 Περὶ
2633 3999 3015 4071 πατριαρχῶν.
3065 3997 3189 4052 ”Οτι
3240 3995 3332 4050 τὸν
3364 3993 3594 4069 ἀδελφὸν
3627 3993 3770 4052 Οὐά-

2116 4074 2276 4131 λεντα
2371 4076 2630 4130 κοινωνὸν
2718 4082 2819 4144 τῆς
2891 4073 3171 4150 βασιλείας
3255 4077 3283 4130 ὁ
3369 4073 3769 4136 Οὐαλεντιανὸς

2114 4150 2507 4231 προσελάϐετο.
2543 4155 2672 4229 Περὶ
2714 4152 2986 4223 Ῥοδάνου,
3041 4155 3132 4209 καὶ
3190 4154 3338 4217 ὅπως
3393 4158 3586 4209 τουτον
3646 4153 3772 4208 ἀδι-

2114 4241 2313 4291 κοῦντα
2367 4234 2622 4291 ἐκόλασεν
2666 4236 3135 4299 Οὐοιλεντινιανός⁶
3188 4236 3422 4306 Τελευτή
3471 4241 3569 4291 106
3621 4237 3769 4294 Οὐα-

2118 4315 2377 4371 λεντινιαν
2387 4320 2469 4374 06.

2189 4421 2254 4471 N.
2287 4416 2429 4472 XVI.
2481 4414 2611 4488 Περὶ
2660 4418 2757 4470 106
2801 4413 3068 4490 βασιλέως
3127 4412 3457 4481 Οὐάλεντος,
3516 4413 3605 4469 καὶ
3662 4417 3770 4468 τῶν

2115 4495 2252 4550 κατά
2311 4495 2580 4559 θάλασσαν
2645 4493 3065 4570 ἐμπρησθέντων
3125 4495 3270 4571 παρά
3326 4495 3490 4550 αὐτοῦ
3543 4495 3768 4570 ἱερέων.

2121 4577 2248 4652 Περὶ
2300 4580 2398 4642 τῆς
2449 4576 2500 4631 ἐν
2553 4577 2749 4648 Νικαίᾳ
2807 4575 3160 4648 Ἐκκλησίας,
3220 4575 3311 4632 καὶ
3371 4581 3467 4632 106
3529 4575 3773 4652 μεγάλου

2121 4657 2404 4715 Βασιλείου
2459 4657 2755 4734 γενομένου
2804 4657 3119 4732 θαύματος.
3173 4657 3303 4734 Περὶ
3358 4661 3456 4728 τῆς
3516 4656 3776 4726 τελευτῆς

2041 4729 2214 4794 D106
2266 4729 2610 4808 Οὐάλεντος,
2669 4738 2758 4792 καὶ
2816 4729 2923 4806 τῆς
2976 4737 3100 4814 περὶ
3158 4729 3363 4807 ταύτης
3417 4736 3774 4814 προρρήσεως

2119 4824 2214 4875 106
2246 4821 2402 4874 ὁσίου
2427 4818 2707 4874 Ἰσαακίου.
2748 4819 2875 4894 Περὶ
2923 4826 3025 4888 τῆς
3080 4819 3389 4893 Προκοπίου
3431 4815 3771 4894 τυραννίδος,

2117 4901 2208 4956 καὶ
2239 4906 2340 4970 τῆς
2366 4901 2726 4976 καθαιρέσεως
2753 4904 2859 4976 τών
2891 4897 3092 4974 τειχῶν
3120 4896 3495 4976 Χαλκηδόνος.
3520 4897 3650 4972 Περὶ
3673 4904 3772 4968 τῆς

2121 4979 2650 5057 ἀλεκτορομαντείας
2675 4975 3009 5056 Ἰαμϐλίχου
3034 4980 3124 5035 καὶ
3151 4975 3431 5035 Λιϐανίου.

2193 5087 2258 5134 Ν.
2290 5081 2460 5136 XVII.
2511 5080 2635 5136 ’Ότι
2683 5077 2776 5133 τὸν
2826 5079 2944 5133 νέον
3003 5076 3449 5134 Οὐαλεντινιανὸν
3481 5078 3517 5145 ἡ
3551 5076 3776 5151 στρατιὰ

2126 5158 2352 5236 βασιλέα
2409 5159 2644 5215 ἀνεῖπεν.
2707 5159 2832 5232 Περὶ
2896 5155 3186 5213 Θεοδοσίου
3234 5161 3329 5212 106
3381 5156 3431 5230 ἐξ
3481 5156 3775 5230 ’ῐσπανίας,

2121 5235 2212 5295 καί
2269 5241 2418 5302 ὅπως
2476 5238 2606 5300 τοὺς
2668 5240 2880 5300 Σκύθας
2951 5239 3241 5308 ἐνίκησεν.
3319 5235 3562 5306 Τελευτή
3638 5243 3778 5313 Γρα-

2123 5341 2240 5374 ’τιαν
2251 5339 2334 5374 ου.

2195 5423 2256 5471 Ν.
2292 5417 2493 5473 XVIII.
2547 5417 2667 5469 ”Οτι
2714 5415 2742 5468 6
2803 5413 3053 5489 Μάξιμος
3099 5412 3376 5489 τυραννίδι
3433 5414 3781 5493 ἐπικεχείρη-

2123 5518 2212 5552 κεν
2271 5495 2622 5572 ἀπανθρώπῳ
2673 5493 2952 5572 κατὰῗτοῦ
2996 5500 3120 5550 νεοῦ
3173 5494 3639 5569 Οὐαλεντινιανοῦ,
3689 5497 3779 5552 καὶ

2125 5571 2640 5654 κρατηθεὶςπαρὰ
2713 5571 3001 5654 Θεοδοσίου
3079 5577 3340 5651 ἀνῃρέθη.
3411 5578 3531 5634 ”Οτι
3589 5579 3776 5634 ἑαυτὸν

2129 5653 2337 5712 ἀνεῖλεν
2367 5658 2396 5711 6
2446 5653 2922 5717 Οὐαλεντινιανός.
2982 5657 3105 5712 ’Ότι
3148 5655 3427 5711 ἐστασίασε
3480 5658 3619 5712 κατά
3647 5665 3780 5713 Θεο-

2130 5734 2373 5792 δοσίουὸ
2429 5733 2606 5810 δῆμος
2659 5739 2766 5790 τῶν
2831 5733 3286 5792 Θεσσαλονικέων·
3348 5737 3376 5792 6
3436 5733 3493 5792 δὲ
3548 5731 3776 5791 ἔκτεινεν

2128 5817 2307 5876 αὐτῶν
2340 5816 2468 5872 ὡσεὶ
2498 5813 2880 5874 πεντεκαίδεκα
2907 5813 3190 5892 χιλιάδας,
3247 5817 3337 5872 καὶ
3398 5814 3546 5880 ὅπως
3601 5815 3776 5893 ἠλέγ-
