4126 6372
395 482 517 544 373

1609 479 1712 538 AN
1724 479 2028 542 NALIUM
2070 479 2594 546 ARGUMENTA.

3698 491 3820 550 374

389 611 666 693 λισαρίου.
699 613 824 668 ’Ότι
872 613 1070 688 αἱρέσει
1121 611 1289 674 ἁλοὺς
1337 613 1364 667 6
1418 609 1674 687 βασιλεὺς
1727 610 1884 672 οὗτος
1934 609 2042 665 ἐτε-
2077 614 2130 679 Α
2159 615 2254 693 τοῦ
2302 616 2379 685 τῷ
2453 613 2671 689 βασιλεῖ
2726 616 3181 691 προσεχώρησαν,
3237 619 3426 681 ’Όπως
3498 618 3644 693 παρὰ
3714 623 3812 675 τοῦ

390 690 646 762 λεύτησε.

458 797 522 847 Ν.
558 791 626 848 X.
669 790 798 866 Περὶ
847 794 955 845 τῶν
1002 795 1140 844 ναῶν
1187 794 1298 844 τῶν
1346 791 1493 864 παρά
1539 789 1827 844 Ἰουστίνου
1876 786 2048 861 δομη-

389 872 608 927 θέντων.
655 873 782 926 ’Ότι
839 871 932 932 τὰς
991 870 1212 948 ὀφειλάς
1265 875 1373 924 τῶν
1432 871 1554 924 τότε
1617 871 2042 945 χρεωστούντων

393 951 632 1006 ἀπέτισεν
673 951 708 1024 ᾖ
762 951 1045 1026 Δύγούστα
1087 951 1280 1028 Σοφία.
1335 951 1465 1024 Περὶ
1508 955 1603 1004 τοῦ
1653 950 1920 1026 ἐπάρχου,
1952 951 2040 1004 καὶ

393 1036 488 1086 τοῦ
523 1029 859 1103 ἀδικοῦντος,
908 1032 998 1086 καὶ
1051 1034 1125 1106 μὴ
1179 1034 1586 1102 ἀπαντήσαντος
1647 1033 1724 1093 εἷς
1775 1033 1839 1086 τὸ
1889 1029 2041 1085 δικα-

391 1113 631 1186 στήριον.
683 1113 805 1170 “Ott
887 1113 982 1174 τὰς
1064 1113 1200 1186 πρὸς
1288 1113 1492 1186 Πέρσας
1560 1109 1797 1174 σπονδὰς
1853 1109 2040 1166 ἔλυσεν

392 1192 700 1255 Ἰουστῖνος.
755 1191 1080 1269 Ἀνάρῥησις
1140 1187 1418 1267 Τιϐερίου,
1478 1193 1568 1247 καὶ
1629 1189 1860 1260 τελευτὴ
1912 1192 2038 1249 Ἰου-

388 1271 588 1330 στίνου.

456 1376 520 1428 Ν.
581 1371 672 1427 ΧΙ.
730 1371 852 1429 Ὀτι
926 1367 1166 1439 ἐπῆλθον
1227 1371 1426 1448 Πέρσαι
1482 1373 1551 1444 τῇ
1611 1370 1889 1444 Ἀρμενίᾳ,
1945 1370 2035 1424 καὶ

378 1450 742 1525 συμμίξαντες
817 1456 936 1513 τοῖς
1006 1450 1300 1523 Ῥωμαίοις
1377 1452 1709 1521 ἡττήθησαν.
1777 1452 1898 1508 Ὃτι
1971 1450 2034 1505 τὸ

376 1528 610 1607 λουτρὸν
660 1535 768 1585 τῶν
825 1530 1155 1606 Βλαχερνῶν
1217 1530 1362 1603 παρὰ
1407 1525 1656 1608 Τιϐερίου
1719 1527 2031 1603 οἰκοδομεῖ-

374 1613 499 1666 σθαι
547 1609 770 1687 ἤρξατο.
805 1612 931 1688 Περὶ
984 1612 1258 1688 Χαγάνου,
1301 1611 1384 1667 ὅτι
1437 1609 1652 1674 σταλεῗς
1701 1612 1838 1665 κατά
1895 1617 2031 1686 Περ-

369 1695 483 1747 σῶν
542 1686 844 1765 Μαυρίκιος
882 1686 985 1746 καὶ
1047 1686 1346 1764 συμϐαλὼν
1405 1691 1589 1754 αὐτοῖς
1646 1690 1879 1762 ἐνίκησε,
1939 1689 2029 1745 καὶ

368 1767 626 1848 γαμϐρὸς
675 1775 772 1848 τοὺ
829 1770 1098 1846 βασιλέως
1157 1770 1386 1847 ἐγένετο.
1444 1771 1772 1848 Ἀνάρῥησις
1825 1773 2032 1848 Μαυρι-

368 1846 639 1920 κίου,ήκαὶ
670 1846 920 1925 Τιϐερίου
950 1846 1204 1921 τελευτή.

449 1956 514 2005 Ν.
549 1950 669 2006 ΧΠ.
719 1948 848 2012 Περὶ
915 1947 1185 2022 Χαγάνου.
1233 1948 1361 2023 Περὶ
1412 1949 1606 2026 Βαρὰμ
1659 1952 1756 2003 τοῦ
1810 1951 2026 2022 Περσῶν

373 2033 720 2104 στρατηγοῦ,
775 2029 1090 2102 Καθαίρισις
1147 2027 1441 2103 Ὁρμίσδου
1522 2029 1580 2084 ἐκ
1647 2035 1749 2097 τῆς
1827 2027 2025 2103 ἀρχῆς.

371 2109 703 2186 Ἀνάρῥησις
751 2111 1023 2185 Χοσρόου.
1077 2111 1380 2186 Ἀναίρεσις
1425 2107 1742 2185 Ὁρμίσδου.
1804 2109 2028 2162 Ἐπανά-

365 2210 554 2252 στασις
612 2189 749 2244 κατά
802 2195 900 2244 τοῦ
958 2189 1230 2268 Χοσρόου,
1290 2191 1377 2245 καὶ
1447 2191 1593 2268 φυγὴ
1657 2187 1821 2243 αὑτοῦ
1887 2188 2024 2260 πρὸς

361 2270 702 2343 Ῥωμαίους.
771 2270 902 2346 Περὶ
958 2275 1064 2326 τῶν
1126 2267 1451 2326 έαλωκότων
1511 2269 1962 2346 Τούρκων.Ὃσα
1997 2269 2024 2322 6

360 2350 617 2426 Χοσρόης
676 2352 799 2429 περὶ
851 2345 953 2406 τοῦ
1015 2349 1319 2424 μέλλοντος
1383 2345 1767 2429 ἀπεφοίϐασεν,
1829 2350 1902 2410 ὡς
1961 2348 2028 2404 τὰ

363 2431 599 2504 ἐσόμενα
674 2428 834 2506 εἰδὼς
907 2430 956 2504 ἐξ
1036 2430 1418 2506 ἀστρολογίας.
1471 2428 1592 2489 ⁶Οτι
1666 2431 1755 2485 τὸν
1829 2429 1945 2483 υἱὸν
1996 2430 2024 2483 6

363 2511 672 2587 Μαυρίκιος
723 2505 960 2586 ἔστεψεν.
1013 2510 1142 2586 Περὶ
1209 2505 1307 2566 τοὺ
1377 2515 1509 2566 ναοῦ
1565 2515 1671 2566 τῶν
1731 2509 1895 2586 ἁγίων
1951 2510 2023 2582 μ’.

390 2593 560 2655 Οπως
600 2592 628 2646 6
670 2590 971 2666 Μαυρίκιος
1021 2589 1423 2666 πολιορκοῦντα
1479 2591 1568 2646 τὸν
1625 2589 1870 2666 Χαγάνον
1923 2590 2022 2659 τὴν

364 2668 717 2746 Τζουρουλὸν
748 2669 1112 2746 παρεσκεύασε
1138 2670 1229 2725 καὶ
1262 2668 1461 2725 ἄκοντα
1491 2669 1822 2726 σπείσασθαι.

442 2775 510 2826 Ν.
546 2769 695 2827 XIII.
755 2768 886 2844 Περὶ
933 2773 1313 2846 πατριαρχῶν.
1375 2768 1504 2846 Περὶ
1562 2772 1668 2824 τῶν
1727 2768 1875 2844 παρᾶ
1929 2769 2025 2821 τοῦ

372 2851 620 2924 Χαγάνου
677 2847 1050 2923 πωλουμένων
1107 2849 1507 2926 αἰχμαλώτων,
1541 2850 1634 2912 οὓς
1691 2851 1719 2904 6
1774 2849 2028 2926 βασιλεὺς

384 2931 679 3004 Μαυρίκιος
741 2929 839 2986 οὐκ
895 2930 1166 3000 ὠνήσατο.
1210 2933 1332 2988 Ὀτι
1388 2931 1463 3004 μὴ
1524 2930 1878 3004 ὠνησαμένου
1929 2937 2027 2987 τοῦ

387 3008 649 3085 βασιλέως
724 3009 852 3072 τοὺς
926 3010 1344 3086 αἰχμαλώτους,
1405 3010 1432 3064 ὁ
1515 3009 1756 3085 Χαγάνος
1821 3011 2026 3074 πάντας

375 3091 605 3150 ἀνεῖλεν.
648 3094 772 3149 ’Ὁτι
852 3090 942 3146 διὰ
996 3094 1096 3161 τήν
1151 3097 1258 3147 τῶν
1318 3091 1692 3168 αἰχμαλώτων
1747 3093 2026 3148 ἀπώλειαν

369 3173 611 3248 ἐμισήθη
666 3175 694 3228 6
757 3173 1030 3250 βασιλεὺς,
1062 3173 1152 3228 καὶ
1211 3175 1238 3228 6
1292 3171 1468 3247 δῆμος
1529 3172 1854 3244 ἐστασίαζεν.
1903 3176 2026 3229 Ὃτι

364 3261 447 3329 τῷ
479 3257 585 3328 υἱῷ
639 3255 802 3310 αὐτοῦ
857 3261 1112 3331 γυναῖκας
1163 3257 1190 3311 6
1228 3255 1481 3330 βασιλεὺς
1537 3257 1857 3328 συνέζευξεν.
1892 3256 2022 3330 Περὶ

363 3341 468 3392 τοῦ
555 3335 768 3412 ὀνείρου
825 3337 853 3390 6

374 3413 636 3492 βασιλεὺς
711 3420 808 3470 τοῦ
883 3420 1018 3470 Θεοῦ
1093 3415 1318 3480 ἐνταῦθα
1394 3413 1544 3478 δίκας
1614 3415 1838 3473 ἐκτίσαι.
1908 3418 2023 3471 Ὃτι

371 3499 663 3552 στασιάσαν
720 3496 783 3551 τὸ
842 3497 1227 3573 στρατιωτικὸν
1274 3497 1366 3551 τὸν
1429 3502 1624 3552 Φωκᾶν
1701 3496 2028 3575 ἀνηγόρευσε

375 3576 626 3654 βασιλέα.

445 3684 511 3734 Ν.
562 3678 708 3734 XIV.
757 3678 880 3733 ’Ὁτι
942 3677 969 3730 6
1019 3682 1215 3740 Φωκᾶς
1289 3675 1516 3756 ἐστέφθη
1575 3678 1723 3754 παρᾶ
1770 3682 1866 3733 τοῦ
1922 3699 2025 3732 πα-

366 3760 667 3835 τριάρχου.
727 3758 1032 3830 ’Δναίρεσις
1113 3759 1416 3834 Μαυρικίου
1500 3761 1587 3814 καὶ
1675 3761 1876 3822 παντὸς
1929 3764 2028 3814 τοῦ

369 3839 566 3914 γένους
626 3837 812 3895 αὐτοῦ.
841 3837 1194 3916 ,Ἀπόστασις
1236 3844 1472 3914 Ναρσοῦ,
1516 3840 1627 3894 εἶτα
1677 3839 2030 3916 προσέλευσις

369 3919 462 3990 αὖ,
505 3918 597 3973 καὶ
659 3915 1005 3996 κατάφλεξις.
1062 3918 1193 3994 Περὶ
1268 3923 1376 3974 τῶν
1466 3915 1849 3996 ἀναιρεθέντων
1925 3919 2028 3974 ὑπὸ

374 4003 565 4055 Φωκᾶ.
645 3997 776 4074 Περὶ
849 4003 1228 4075 πατριαρχῶν.
1285 4000 1405 4056 Ὃτι
1483 4001 1536 4054 οἱ
1603 3998 1654 4054 ἐν
1717 4000 2032 4075 Ἀντιοχείᾳ

371 4076 633 4136 Ἰουδαῖοι
700 4076 1066 4150 ἐπανέστησαν
1135 4079 1273 4134 κατά
1329 4083 1436 4133 τῶν
1498 4077 1610 4134 ἐκεῖ
1670 4083 2028 4155 Χριστιανῶν.

371 4157 505 4233 Περὶ
589 4161 966 4234 πατριαρχῶν.
1031 4160 1154 4216 ’Ὁτι
1232 4159 1330 4227 τήν
1422 4159 1687 4235 θυγατέρα
1763 4159 1924 4214 αὐτοῦ
2001 4159 2030 4213 6

375 4243 576 4304 Φωκᾶς
652 4239 1001 4315 κατηγγύησι
1073 4243 1153 4311 τῷ
1230 4237 1576 4316 στρατηλάτῃ
1651 4239 1894 4314 Πρίσκῳ,
1941 4238 2029 4294 καὶ

372 4321 504 4381 δως
560 4318 653 4374 καὶ
709 4319 838 4394 παρ’
888 4317 1092 4374 ἐκείνου
1143 4319 1234 4374 καὶ
1293 4319 1440 4395 παρᾶ
1494 4319 1706 4374 πάντων
1767 4319 2027 4393 ἐμισήθη.

369 4399 766 4460 Ἔπανάστασις
853 4403 962 4453 τῶν
1041 4397 1096 4454 ἐν
1174 4402 1244 4474 τῇ
1303 4401 1538 4478 Ἀφρικῇ
1613 4399 2027 4474 στρατευμάτων

369 4479 512 4537 κατὰ
554 4483 654 4534 τοῦ
685 4484 873 4534 Φωκᾶ.
909 4481 1082 4536 Ἦττα
1136 4483 1234 4535 τοῦ
1291 4485 1478 4537 Φωκᾶ.
1513 4479 1806 4557 Ἀναίρεσις
1841 4484 2028 4537 Φωκᾶ.

446 4582 518 4634 Ν.
553 4578 668 4635 XV.
699 4579 822 4634 ⁴Ὸτι
848 4577 1106 4633 πάντοθεν
1148 4581 1215 4653 τῇ
1247 4575 1532 4653 Ῥωμαίων
1578 4577 1725 4654 ἀρχῇ
1785 4577 2030 4653 ἐγίνοντο

376 4657 794 4733 δυστυχήματα.
827 4659 943 4712 Ὃτι
986 4655 1082 4713 δύο
1127 4656 1317 4722 παῖδες
1366 4664 1446 4732 τῷ
1473 4657 1777 4734 Ἡρακλείῳ
1834 4659 1894 4714 ἐκ
1932 4667 2032 4729 τῆς

376 4737 702 4814 Αὐγούστης
752 4734 1018 4801 Εύδοκίας
1084 4736 1402 4815 ἐτέχθησαν,
1455 4739 1698 4808 Τελευτὴ
1762 4747 1863 4810 τῆς
1924 4739 2033 4795 Αύ-

376 4819 615 4895 γούστης
674 4815 963 4880 Εύδοκίας.
999 4820 1124 4875 ’Ὁτι
1157 4821 1279 4895 τὴν
1338 4816 1476 4874 ῗδίαν
1533 4819 1752 4893 ἀνεψιὰν
1805 4820 1832 4874 6
1869 4821 2036 4894 Ἠρά-

379 4897 568 4962 κλειος
591 4894 818 4974 ἔγημεν.
849 4903 968 4956 Ὅτι
1001 4894 1450 4974 διεπρεσϐεύσατο
1479 4899 1617 4975 πρὸς
1645 4901 1891 4973 Χοσρόην
1942 4902 2034 4956 Ἡ-

383 4976 639 5054 ράκλειος
667 4979 792 5054 περὶ
824 4977 1070 5054 εἷ’ρήνης,
1105 4980 1132 5032 6
1185 4976 1369 5056 δὲτὴν
1420 4974 1705 5056 πρεσϐείαν
1758 4979 2033 5035 ἀπώσατο.

380 5057 514 5132 Περὶ
574 5057 837 5132 Κρίσπου,
898 5057 988 5112 καὶ
1040 5059 1188 5121 ὅπως
1253 5055 1470 5129 διετέθη
1534 5059 1667 5134 πρὸς
1735 5059 1828 5114 τὸν
1881 5060 2039 5135 Ἡρά-

376 5151 586 5193 κΑειον.
629 5139 753 5194 ⁶Οτι
811 5137 905 5192 τὸν
965 5137 1204 5216 Κρίσπον
1254 5137 1532 5215 κληρικὸν.
1569 5141 1796 5215 καρῆναι
1845 5140 2038 5216 προσέ-

378 5221 556 5291 ταξεν.
613 5218 743 5294 Περὶ
799 5222 906 5273 τῶν
973 5215 1076 5272 ὑπὸ
1133 5216 1240 5272 τῶν
1300 5217 1579 5274 Ἰουδαίων
1648 5215 2034 5292 ἀναιρεθέντων

381 5302 738 5374 Χριστιανῶν,
791 5297 883 5353 καὶ
958 5297 1084 5373 περὶ
1145 5302 1250 5374 τῶν
1306 5298 1505 5371 τιμίων
1563 5296 1737 5369 ξύλων
1794 5301 1884 5354 καὶ
1940 5305 2036 5355 τοῦ

384 5372 751 5453 πατριάρχου.
796 5379 914 5433 Ὃτι
962 5372 1044 5450 τῷ
1094 5372 1364 5454 Σαρϐάρῳ
1412 5377 1754 5453 συμπλακεὶς
1806 5381 1834 5435 6
1873 5381 2036 5456 Ἡρά-

385 5458 591 5527 κλειος,
625 5459 890 5530 ἐνίκησεν.

458 5561 527 5636 Ν..
561 5557 704 5614 XVI.
734 5550 1148 5636 ’Ότι-παραϐὰς
1208 5557 1304 5618 τὰς
1361 5557 1628 5636 συνθήκας
1681 5558 1709 5612 6
1769 5560 2037 5636 Χαγάνος,

390 5633 598 5703 ἐπῆλθε
652 5639 720 5710 τῇ
790 5631 991 5705 πόλει,
1045 5635 1135 5714 καὶ
1211 5636 1468 5708 ἡττηθεὶς
1545 5631 1753 5714 ἔφυγεν.
1813 5631 1954 5697 *Ὀσα
2011 5631 2038 5695 6

384 5714 712 5788 Ἡράκλειος
795 5721 912 5778 τοῖς
989 5713 1219 5794 Πέρσαις
1293 5713 1608 5794 μαχόμενος
1660 5718 2038 5794 κατώρθωσεν.

387 5796 589 5858 ’Ὀπως
644 5796 672 5850 6
703 5790 1120 5872 ἀρχισατράπης
1179 5790 1482 5873 Σάρϐαρος,
1513 5796 1603 5852 καὶ
1663 5797 1714 5853 οἱ
1775 5790 1890 5873 μετ’
1943 5799 2043 5856 αὐ-

2161 691 2279 774 υἱοῦ
2305 773 2311 774 7
2337 693 2502 748 αὐτοῦ
2532 695 2560 749 6
2593 694 2838 770 Χοσρόης
2892 695 3167 772 καθῃρέθη
3232 704 3333 766 τῆς
3386 691 3686 774 βασιλείας,
3718 700 3811 754 καὶ

2157 770 2564 904 ἀνηρέθηηυτι
2616 777 2644 830 6
2696 775 2902 850 Σιρόης
2957 770 3280 852 βασιλεύσας
3337 770 3615 834 ἐσπείσατο
3673 781 3811 833 Ῥω·-

2161 872 2235 904 ua
2263 873 2368 904 οις-

2160 872 2368 924 μαιοις.

2225 939 2288 986 Ν.
2322 935 2488 990 XVII.
2541 936 2729 998 ’Όπως
2766 937 2794 991 6
2825 936 3145 1011 Ἡράκλειος
3194 938 3272 1003 εἷς
3315 941 3412 1008 τὴν
3463 941 3571 994 τῶν
3625 942 3808 997 Μονο-

2154 1018 2398 1103 θελητῶν
2457 1021 2661 1098 αἵρεσιν
2713 1024 3048 1096 ἐξεκυλίσθη.
3113 1029 3242 1103 Περὶ
3307 1033 3404 1083 τοῦ
3467 1029 3616 1103 ἰεροῦ
3685 1035 3810 1083 Σω-

2151 1102 2397 1178 φρονίου,
2447 1105 2535 1158 καὶ
2592 1111 2691 1174 τῆς
2748 1107 2873 1179 παρ’
2927 1106 3135 1161 ἐκείνου
3193 1102 3807 1182 γενομένηςσυνόδου.

2148 1182 2279 1257 Περὶ
2336 1189 2714 1260 πατριαρχῶν.
2769 1186 2898 1261 Περὶ
2957 1188 3314 1264 Μουχούμετ,
3367 1189 3455 1243 καὶ
3517 1189 3666 1250 ὅπως
3715 1189 3806 1244 καὶ

2145 1263 2279 1320 πότε
2319 1267 2440 1349 ἐίς
2531 1270 2626 1349 τὰς
2709 1270 3018 1343 Ῥωμαϊκὰς
3087 1263 3300 1349 χώρας
3400 1271 3802 1349 ἐγκατῳκίσθη.

2144 1343 2474 1422 Ἡρακλείου
2531 1346 2756 1421 τελευτή
2771 1393 2782 1406 .

2215 1451 2279 1527 Ν..
2312 1447 2449 1527 XIX.
2490 1445 2752 1503 Βασιλεία
2807 1447 3160 1527 Κώνσταντος
3209 1454 3304 1506 τοῦ
3361 1448 3583 1527 ἐγγόνου
3632 1452 3798 1526 Ἡρα-

2142 1520 2351 1606 κλείου,
2378 1525 2437 1587 ’ὀς
2458 1527 2548 1606 καὶ
2581 1526 2980 1600 Μονοθελητὴς
3007 1529 3236 1598 ἧν.“Οτι
3269 1531 3296 1584 6
3327 1520 3445 1585 τῶν
3467 1520 3798 1606 Σαρακηνῶν

2142 1603 2394 1687 ἀρχηγὸς
2422 1603 2603 1687 στόλῳ
2633 1608 2768 1662 κατᾶ
2797 1609 3087 1682 Ῥωμαίων
3132 1610 3403 1687 ἐχώρησε,
3435 1611 3524 1665 καὶ
3551 1603 3558 1606 ⁷
3583 1609 3794 1666 ἀντιτα-

2141 1683 2367 1765 ξάμενος
2426 1684 2572 1758 αύτῷ
2623 1687 2650 1740 6
2701 1686 2953 1750 Κώνστας
3013 1683 3404 1761 ἡττήθηξ¹¹οτι
3463 1687 3550 1744 ἐπὶ
3607 1691 3793 1765 καιρὸν

2140 1763 2433 1846 ἠρέμησαν,
2510 1765 2562 1820 οί
2643 1767 2968 1844 Ἀγαρηνυί.
3045 1772 3172 1844 Περὶ
3255 1774 3632 1846 πατριαρχῶν,
3702 1763 3794 1824 καὶ

2136 1849 2233 1898 τοῦ
2291 1845 2528 1921 Πύρρου.
2563 1850 2750 1910 Ὅπως
2808 1849 3044 1922 ἐμισήθη
3103 1852 3131 1905 6
3182 1845 3434 1914 Κώνστας
3489 1849 3635 1924 παρὰ
3683 1854 3791 1903 τῶν

2144 1924 2424 1996 ὑπηκόων,
2484 1927 2573 1982 καὶ
2633 1927 2707 1989 εἷς
2764 1928 3021 1984 Σικελίαν
3078 1930 3287 2002 ἀπάρας
3347 1931 3457 1986 ἐκεῖ
3529 1931 3790 2006 ἀνηρέθη.

2061 1987 2110 2053 Β
2209 2028 2273 2076 Ν.
2335 2024 2460 2080 XX.
2523 2021 2802 2088 Ἀπελθὼν
2880 2027 2908 2080 6
2996 1987 3397 2090 Κωνστάντῖνος
3479 2026 3556 2088 εἷς
3619 1987 3792 2080 Eme;-

2137 2101 2258 2182 λίαν
2284 2101 2412 2165 τοὺς
2453 2110 2638 2182 φονεῖς
2681 2109 2778 2160 τοῦ
2825 2107 3028 2180 πατρὸς
3074 2105 3322 2179 ἐκόλασε,
3352 2107 3441 2162 καὶ
3496 2106 3613 2161 ὅθεν
3665 2105 3788 2160 ἐπε-

2134 2181 2317 2263 κλήθη
2391 2186 2751 2258 Πωγωνάτος.
2796 2187 2919 2243 ’Ότι
2987 2186 3080 2242 σὺν
3135 2187 3318 2260 στόλῳ
3373 2188 3425 2242 οἱ
3485 2186 3787 2263 ’Δγαρηνοὶ

2136 2260 2496 2338 ἐπολιόρκουν
2588 2267 2688 2335 τὴν
2793 2267 3370 2323 Κωνσταντινούπολιν
3473 2260 3572 2322 ἐπῖ
3627 2260 3790 2321 ⁷ἷὶπτδι

2136 2340 2432 2413 ἐνιαυτοὺς,
2501 2345 2591 2400 καὶ
2680 2344 2930 2416 ἀπῆλθον
3012 2347 3271 2410 παθόντες
3339 2348 3372 2402 ἃ
3451 2344 3790 2422 δράσαντας.

2134 2424 2257 2481 ’Ότι
2317 2423 2405 2479 ἐπὶ
2462 2425 2658 2480 τούτου
2713 2431 2811 2482 τοῦ
2873 2425 3144 2504 βασιλέως
3196 2429 3258 2483 τὸ
3320 2428 3477 2504 ὑγρὸν
3538 2425 3792 2504 πῦρμεὺ-

2137 2504 2288 2579 ρέθη.
2321 2505 2824 2585 ’Ότι-ἀπογνόντες
2874 2501 2930 2561 οἱ
2985 2515 3086 2578 τῆς
3137 2510 3311 2585 Ἅγαρ
3365 2501 3592 2582 εἰρήνην
3651 2501 3794 2580 ᾔτη-

2138 2604 2253 2651 σαν,
2303 2584 2394 2639 καὶ
2455 2582 2658 2660 δασμὸν
2719 2587 2896 2665 φέρειν
2956 2586 3170 2660 ἐτήσιον
3224 2582 3294 2663 ⁷τῇ
3359 2585 3610 2664 βασιλείᾳ
3660 2592 3797 2640 Ῥω-

2140 2665 2312 2738 μαίων
2345 2668 2651 2730 κατέθεντο.

2208 2753 2272 2801 Ν.
2330 2752 2475 2803 XXI.
2529 2751 2650 2803 Ὅτι
2722 2746 2812 2804 καί
2873 2749 2925 2804 οἱ
2976 2749 3256 2824 Ἑσπέριοι
3330 2753 3437 2804 τῶν
3506 2746 3792 2820 Ῥωμαίων

2135 2825 2399 2898 πολέμιοι
2477 2826 2815 2884 ἐσπείσαντο.
2887 2831 3017 2904 Περὶ
3088 2835 3468 2907 πατριαρχῶν,
3527 2830 3618 2884 καὶ
3693 2835 3795 2898 τῆς

2137 2906 2366 2986 συνόδου
2459 2905 2661 2978 ἓκτηςυ
2715 2911 2839 2966 ’Ότι
2937 2905 3311 2986 ἐξεστράτευσε
3399 2909 3535 2964 κατά
3619 2907 3794 2963 Βουλ-

2135 2985 2318 3061 γάρων
2381 2987 2538 3048 οὗτος
2599 2990 2627 3044 6
2685 2988 2959 3064 βασιλεὺς,
2989 2985 3101 3046 εἶτα
3151 2995 3257 3045 τῶν
3317 2989 3598 3064 Ῥωμαίων
3660 3009 3791 3064 τρα-

2136 3068 2368 3166 πέντων,
2413 3066 2728 3142 ἠναγκάσθη
2791 3068 3129 3166 σπείσασθαι,
3161 3070 3249 3125 καὶ
3304 3069 3503 3166 φόρους
3560 3065 3793 3126 διδόναι.

2134 3145 2369 3215 Τελευτή
2401 3151 2496 3201 τοῦ
2526 3148 2924 3204 Κωνσταντίνου
2955 3154 3052 3204 τοῦ
3084 3145 3452 3226 Πωγωνάτου.

2208 3251 2274 3301 Ν.
2306 3246 2476 3322 XXII.
2512 3245 2638 3320 Περὶ
2669 3251 2774 3300 τῶν
2833 3245 3179 3322 Μαρδαϊτῶν,
3235 3249 3327 3302 καὶ
3387 3247 3535 3309 ὅπως
3591 3245 3789 3309 αὐτοὺς

933 3334 1186 3411 βασιλεὺς
1228 3321 1534 3400 ἐθεάσατο.
1590 3321 1706 3390 Ὀτι
1762 3321 1938 3391 ἐδέετο
1970 3321 2025 3391 ’ὁ
2057 3350 2100 3420 C
2138 3323 2211 3420 fx‘
2254 3329 2350 3379 τοῦ
2378 3321 2616 3380 Λιϐάνου
2653 3327 2945 3420 μετιιὶκισεν
2989 3328 3147 3389 οὗτος
3195 3329 3223 3382 ὁ
3271 3325 3545 3402 βασιλεὺς,
3580 3327 3794 3420 ἀοπατιη-

2137 3404 2246 3467 θεὶς
2304 3407 2450 3478 παρά
2503 3402 2908 3482 τῷνἊράϐων.
2940 3410 3064 3463 ²Ὀτι
3129 3401 3353 3478 ὑπέταξε
3401 3409 3500 3476 τὴν
3553 3401 3793 3482 Ἰϐηρίαν

2134 3485 2224 3540 καὶ
2281 3487 2379 3557 τήν
2416 3481 2731 3565 Ἀλϐανίαν.
2763 3488 2884 3544 Ὅτι
2905 3482 3076 3565 Δἔλυσε
3129 3487 3225 3551 τὰς
3267 3489 3419 3565 Δπρὸς
3447 3486 3576 3550 τοὺς
3622 3481 3796 3541 Βουλ-

2136 3565 2339 3641 γάρους
2398 3564 2656 3640 σπονδὰς,
2715 3568 2804 3622 καὶ
2885 3562 3019 3644 ἕθγη
3096 3562 3381 3625 Σθλαϐικά
3462 3568 3794 3644 ὑπηγάγετο.

2138 3648 2268 3724 Περὶ
2325 3653 2434 3702 τῶν
2493 3649 2832 3724 Ἀγαρηνῶν,
2866 3644 2948 3701 δτι
3002 3645 3241 3720 ἐμισήθη
3298 3645 3448 3724 παρὰ
3504 3646 3716 3700 πάντων
3769 3645 3798 3698 6

2142 3722 2396 3803 βασιλεὺς
2449 3726 2608 3787 οὗτος
2641 3722 2712 3778 δι’
2745 3725 3008 3801 εύνοῦχόν
3037 3747 3157 3780 τινα
3187 3723 3496 3782 Θεοδόσιον.
3527 3727 3645 3780 Ὅτι
3674 3744 3799 3779 κατ-

2137 3807 2348 3883 ηνέχθη
2434 3811 2542 3861 τῶν
2620 3805 2930 3881 ἀνακτόρων
3005 3807 3034 3860 6
3092 3807 3494 3873 Ἰουστινιανὸς,
3551 3804 3642 3860 καὶ
3693 3806 3794 3873 τὴν

2141 3888 2264 3964 ῥῖνα
2291 3886 2528 3960 ἐτμήθη.

2211 3993 2273 4040 Ν.
2303 3986 2492 4042 XXIII.
2525 3987 2718 4048 ’Ὀπως
2764 3985 2863 4053 τὴν
2900 3985 3165 4062 Ἀφρικὴν
3225 3983 3370 4041 εἶλον
3423 4005 3476 4059 οι
3532 3978 3792 4059 νΑραϐες,

2137 4064 2230 4120 καὶ
2289 4064 2439 4125 ὅπως
2500 4063 2668 4131 αὐτὴν
2725 4063 3036 4141 ἀφῄρηντο.
3099 4066 3217 4118 Ὅτι
3289 4065 3440 4128 αὗθις
3493 4062 3638 4118 εἷλον
3695 4065 3793 4130 τήν

2140 4145 2407 4222 Ἀφρικὴν
2459 4144 2510 4197 οἱ
2568 4138 2822 4216 Ἄραϐες.
2880 4144 3269 4206 Ἐπανάστασις
3343 4147 3442 4198 τοῦ
3520 4147 3796 4213 ναυτικοῦ,

2141 4223 2437 4301 ἀνάρῥησις
2467 4222 2806 4299 Ἀψιμάρου.
2831 4223 3153 4296 Καθαίρεσις
3185 4222 3463 4280 Λεοντίου.

2211 4325 2307 4380 Ν.
2386 4323 2600 4378 XXIV.
2677 4320 2807 4397 Περὶ
2881 4325 2988 4376 τῶν
3066 4322 3380 4397 Ἀγαρηνῶν
3418 4368 3434 4394 ,
3509 4322 3598 4374 καί
3703 4321 3800 4376 ὅσα

2142 4401 2402 4472 ἐποίησάν
2459 4421 2518 4456 τε
2570 4401 2660 4456 καὶ
2710 4396 2932 4457 ἔπαθον.
2967 4401 3098 4476 Περὶ
3133 4396 3539 4470 Ὶουστινιανοῦ,
3571 4399 3662 4455 καὶ
3715 4399 3798 4455 ὅτι

2141 4477 2332 4559 ἔλαϐεν
2364 4481 2440 4546 είς
2468 4486 2694 4557 γυναῖκα
2721 4481 2820 4550 τήν
2856 4479 3098 4558 ἀδελφὴν
3127 4486 3223 4537 τοῦ
3273 4483 3545 4559 Χαγάνου,
3579 4482 3666 4536 καὶ
3715 4480 3798 4536 ὅτι

2141 4558 2498 4618 ἐπεϐούλευεν
2535 4563 2562 4616 6
2594 4560 2835 4638 Χαγάνος
2883 4567 2964 4635 τῷ
3008 4558 3396 4635 Ἰουστινιανῷ,
3427 4565 3524 4617 τοῦ
3567 4559 3804 4636 Ἀψιμά-

2143 4666 2239 4720 ρου
2297 4641 2487 4698 δώσειν
2547 4643 2695 4714 αὐτῷ
2754 4645 3022 4719 χρήματα
3051 4640 3238 4699 πολλά
3274 4642 3678 4718 ὑποσχομένου,
3711 4641 3800 4696 καὶ

2145 4725 2228 4779 ὅτι
2285 4727 2446 4778 τοῦτο
2503 4720 2666 4796 γνοὺς
2725 4720 2929 4785 ἐκεῖνος
2973 4723 3109 4797 πρὸς
3165 4723 3519 4798 Βουλγάρους
3573 4722 3802 4800 κατέφυ-

2143 4825 2253 4879 γεν.
2285 4805 2409 4861 Ὅτι
2464 4800 2597 4875 μετά
2651 4805 2758 4856 τῶν
2819 4801 3145 4878 Βουλγάρων
3200 4805 3267 4876 τῇ
3326 4801 3486 4858 πόλει
3545 4801 3800 4877 ἐπιστρα-

2146 4883 2337 4945 τεύσας
2369 4881 2581 4958 νύκτωρ
2614 4881 2763 4944 ἐντὸς
2797 4881 3018 4951 εἷ’σῆλθε
3044 4880 3133 4937 διὰ
3155 4887 3251 4937 τοῦ
3281 4882 3520 4958 ἀγωγοῦ.

2217 4986 2282 5037 Ν.
2334 4980 2504 5038 XXV.
2554 4979 2742 5041 Ὅπως
2819 4977 3044 5035 ἐκόλασε
3093 4979 3185 5034 τὸν
3240 4978 3515 5049 Λεόντιον,
3567 4978 3657 5034 καὶ
3707 4979 3800 5034 τὸν

2147 5058 2452 5134 Ἀψίμαρον
2539 5059 2629 5114 καὶ
2706 5059 2922 5134 ἐτέρους
2992 5060 3020 5114 6
3076 5061 3483 5129 Ἰουστινιανὸς,
3536 5059 3627 5114 καὶ
3708 5059 3802 5114 τὸν

2148 5141 2520 5215 πατριάρχην.
2580 5140 2704 5196 ’Ότι
2786 5138 2974 5213 ἔστεφε
3044 5141 3147 5209 τήν
3202 5144 3427 5214 γυναῖκα
3484 5138 3650 5194 αὐτοῦ
3715 5139 3808 5193 καὶ

2149 5221 2240 5277 τὸν
2298 5220 2436 5275 υἱόν.
2469 5222 2590 5278 ⁶Οτι
2646 5217 2850 5289 ἐπῆλθε
2879 5220 3016 5274 κατὰ
3047 5217 3396 5295 Βουλγάρων,
3428 5219 3518 5275 καὶ
3567 5221 3807 5290 ἡττήθη.

2151 5299 2486 5357 Ἀποστασία
2559 5301 3054 5375 Χερσωνιτῶν,καὶ
3116 5300 3410 5376 ἀνάρρησις
3469 5298 3811 5356 Φιλιππικοῦ

2148 5385 2244 5436 τοῦ
2275 5380 2364 5434 καὶ
2396 5376 2672 5455 Βαρδάνη.
2703 5380 2826 5436 ’Ὁτι
2857 5379 2948 5433 καὶ
2980 5380 3034 5433 οἱ
3074 5385 3171 5435 τοῦ
3213 5379 3410 5435 στόλου
3460 5381 3550 5436 τὸν
3611 5379 3813 5437 Φιλιπ-

2149 5461 2307 5516 πικὸν
2367 5460 2714 5537 εὐφήμησαν.
2773 5459 3077 5535 ’Δναίρεσις
3140 5461 3522 5517 Ἰουστινιανοῦ
3568 5460 3658 5516 καὶ
3714 5464 3812 5516 τοῦ

2148 5537 2340 5602 παιδὸς
2371 5538 2554 5594 αὐτοῦ.

2223 5645 2285 5696 Ν.
2330 5601 2541 5695 XXXVI.
2601 5637 2760 5694 Ὅθεν
2851 5635 3106 5708 ἀθετῆσαι
3185 5638 3282 5708 την
3341 5636 3506 5712 ἕκτην
3581 5601 3813 5696 σύνοδον¹

2151 5719 2438 5796 προήχθη.
2470 5717 2604 5781 Οἴος
2643 5719 2710 5788 ἦν
2765 5717 2888 5794 περί
2938 5718 3155 5794 πράξεις
3205 5721 3232 5775 6
3285 5719 3644 5783 Φιλιππικός.
3677 5720 3808 5795 Περὶ

2149 5801 2506 5876 πατριαρχῶν
2544 5840 2556 5855 .
2628 5798 2759 5873 Περὶ
2853 5796 3188 5875 Βουλγάρων
3279 5800 3369 5857 καὶ
3456 5805 3565 5857 τῶν
3643 5803 3809 5878 Ἀγα-
