4126 6354
285 450 407 511 376

1633 443 1960 507 JOANNIS
2003 446 2349 508 ZONAIUE

3585 448 3709 507 376

322 580 472 648 ηνῶν
505 619 520 635 .
596 574 919 654 Καθαίρεσις
993 574 1053 632 ἐκ
1122 580 1225 644 τῆς
1320 572 1599 650 βασιλείας
1671 579 1767 630 τοῦ
1841 580 1939 629 Φι-
1968 579 2024 648 Α
2051 576 2149 644 τὴν
2211 578 2378 647 ζωήν.
2423 579 2525 632 Οἴα
2578 578 2715 633 κατὰ
2761 581 2868 633 τῶν
2914 580 3170 653 μοναχῶν
3223 576 3316 632 καὶ
3369 581 3478 631 τῶν
3544 596 3712 649 μονα-

332 677 556 713 ιππικου
565 701 578 715 .

359 744 423 794 Ν.
457 739 678 796 XXVII.
712 738 842 813 Περὶ
903 741 1280 814 πατριαρχῶν.
1326 738 1474 814 ’Ότι
1504 732 1700 791 στόλον
1762 737 1790 790 6
1845 736 1941 811 βα-

286 816 471 883 σιλεὺς
529 816 686 882 οὗτος
733 812 871 874 κατά
921 812 1030 874 τῶν
1076 812 1389 894 Ἀγαρηνῶν
1449 812 1677 874 ἔστειλε.
1735 815 1840 872 Καὶ
1891 817 1942 894 οξ

286 901 384 953 τοῦ
444 896 646 953 στόλου
699 899 790 954 τὸν
845 897 1087 974 ἄρχοντα
1143 888 1522 959 στασιάσαντες
1582 894 1821 968 ἀνεῖλον,
1852 888 1943 952 καὶ

288 999 410 1035 τινα
465 977 751 1035 Θεοδόσιον
794 980 1159 1055 ἀνηγόρευσαν
1223 977 1615 1055 αὐτοκράτορα.
1666 980 1788 1036 ’Ότι
1848 981 1943 1032 106

292 1061 581 1135 Ἀρτεμίου
658 1060 711 1116 ἐν
786 1059 987 1133 Νικαίᾳ
1060 1057 1365 1138 διάγοντος,
1420 1060 1450 1114 6
1531 1056 1817 1121 Θεοδόσιος
1885 1057 1945 1113 ἐκ

290 1139 586 1217 προδοσίας
636 1142 736 1211 τήν
794 1139 957 1197 πόλιν
1019 1139 1153 1199 εἷλε.
1185 1142 1282 1197 Καὶ
1342 1140 1370 1195 6
1421 1138 1707 1215 Ἀρτέμιος
1762 1140 1945 1214 καρεὶς

291 1219 344 1274 ἐν
371 1219 735 1295 Θεσσαλονίκῃ
767 1220 1124 1296 περιωρίσθη.

361 1306 426 1358 Ν.
461 1301 709 1358 XXVIII.
734 1303 855 1356 Ὅτι
914 1303 942 1357 6
1002 1301 1245 1376 Ἰσαυρὸς
1302 1299 1451 1358 Λέων
1510 1299 1601 1354 καὶ
1662 1301 1691 1355 6
1748 1300 1942 1374 Ἀρτά-

293 1375 493 1443 ϐασδος
541 1379 904 1453 ἐπανέστησαν
962 1382 1100 1436 κατὰ
1154 1375 1253 1437 106
1306 1378 1620 1437 Θεοδοσίου.
1676 1379 1942 1455 Καθαίρε-

292 1481 374 1523 σις
403 1463 500 1515 106
544 1458 813 1537 βασιλέως
837 1458 1151 1517 Θεοδοσίου.

640 1631 854 1688 LIBER
894 1630 1204 1688 DECIMUS
1243 1630 1575 1696 QUINTUS.

364 1769 429 1821 N.
464 1765 509 1820 Ι·
542 1763 673 1838 Περὶ
727 1757 1034 1838 Ἀϐασγῶν,
1065 1762 1155 1818 καὶ
1205 1760 1295 1819 ὅτε
1348 1762 1439 1820 καὶ
1488 1762 1638 1828 ὅπως
1694 1762 1770 1826 εἷς
1827 1773 1948 1827 θεο-

297 1843 532 1920 γνωσίαν
590 1845 967 1918 μετήχθησαν.
1021 1845 1148 1901 ’Ότι
1215 1842 1346 1906 τοὺς
1420 1840 1694 1920 ἄρχοντας
1768 1842 1944 1898 αὐτῶν

300 1918 668 2019 ρξ”Αϐασγοὶ
694 1922 1038 2019 καθελόντεςή
1068 1922 1129 1979 ἐκ
1163 1927 1277 2019 ,τοῦ
1296 1918 1945 2019 Ωβασιλέωςρῖιζωμαίων
1977 1954 2025 2019 Β
2058 1973 2068 1993 ,

300 2001 558 2080 ἐδέχοντο
631 2001 920 2080 ἄρχοντας.
973 2005 1097 2062 ’Ότι
1150 1999 1383 2079 ’Ἄραϐες
1440 2003 1493 2075 ἐξ
1552 1999 1787 2060 ’Δϐύδου
1850 2025 1944 2060 πε-

299 2085 554 2159 ράσαντες
580 2128 596 2150 ,
653 2086 753 2153 τήν
833 2083 996 2140 πόλιν
1075 2083 1436 2160 ἐπολιόρκουν
1514 2086 1654 2140 κατὰ
1726 2091 1831 2161 γῆν
1886 2105 1946 2139 τε

295 2165 386 2220 καὶ
471 2163 737 2229 θάλατταν
764 2208 780 2236 ,
832 2164 923 2221 καὶ
971 2169 1155 2229 κακῶς
1229 2162 1629 2242 ἀπηλλάγησαν
1704 2165 1947 2241 ἀμφοτέ-

334 2246 493 2300 ωθεν.

298 2263 536 2382 ρωιῗνίι.
584 2325 709 2382 ’Ότι
758 2325 787 2380 6
838 2327 1142 2402 στρατηγὸς
1191 2324 1446 2388 Σικελίας
1499 2323 1775 2402 τυραννίδι
1822 2325 1945 2381 ἐπε-

295 2403 549 2480 χείρησεν
584 2446 600 2463 .
675 2406 865 2468 ’Ὀπως
964 2407 1000 2476 ἡ
1105 2404 1158 2460 ἐν
1258 2403 1483 2477 Σικελίᾳ
1592 2405 1947 2469 ἐπανάστασις

293 2482 590 2555 κατέλυθη.
620 2486 744 2542 ’Ὁτι
802 2483 926 2541 ἄνευ
987 2486 1025 2540 ε’
1065 2489 1213 2556 νηῶν
1259 2486 1316 2539 αἱ
1362 2483 1529 2540 ἄλλαι
1560 2490 1666 2540 τῶν
1699 2481 1945 2563 Ἀράϐων

295 2561 587 2640 άπώλοντο
645 2563 737 2619 σὺν
796 2565 1009 2628 αὐτοῖς.
1050 2564 1181 2639 Περὶ
1227 2569 1325 2620 106
1383 2561 1789 2640 Konpwv6po0.
1820 2568 1945 2623 ’Ότι

294 2637 483 2717 ἔστεφε
538 2641 631 2698 τὸν
713 2646 1090 2720 Κοπρώνυμον
1127 2637 1173 2700 -ὁ
1232 2645 1405 2704 Λέων.
1463 2637 1586 2703 Ὅτί
1648 2637 1785 2701 κατᾶ
1838 2650 1948 2702 τῶν

296 2721 465 2797 ἁγίων
519 2722 744 2779 εἰκόνιον
803 2724 831 2778 6
889 2725 1039 2780 Λέων
1095 2724 1171 2787 είς
1208 2724 1517 2803 τούμφανὲς
1577 2723 1944 2797 ἐξελύττησεν.

296 2803 429 2878 Περὶ
457 2809 814 2881 πατριαρχῶν
826 2849 838 2863 .

366 2890 430 2964 Ν.
493 2885 585 2942 ΠΙ.
618 2887 743 2943 ’Ότι
802 2887 855 2941 οἱ
909 2887 1007 2955 τὴν
1072 2885 1346 2963 βασιλείαν
1406 2888 1948 2964 προμαντευσάμενοι

293 2958 542 3042 Ἑϐραῖοι
603 2969 683 3043 τῷ
758 2965 949 3023 Λέοντι
1016 2958 1116 3037 τήν
1178 2972 1286 3023 τῶν
1343 2958 1530 3043 ἁγίων
1571 2958 1805 3024 εἰκόνων-
1847 2990 1947 3025 κα-

296 3043 533 3120 θαίρεσιν
587 3041 817 3120 ᾔτησαν.
868 3047 999 3124 Ηερὶ
1066 3053 1164 3104 τοῦ
1236 3041 1475 3120 πλησίον
1550 3054 1658 3104 τῶν
1733 3049 1946 3106 Χαλκο-

295 3124 537 3208 πρατίων
593 3126 879 3208 βασιλικοῦ
936 3126 1112 3208 οἷ’κου,
1142 3128 1233 3184 καὶ
1288 3136 1389 3199 τῆς
1433 3127 1486 3184 ἐν
1546 3130 1694 3204 αύτῷ
1728 3126 1947 3208 βιϐλιο-

297 3207 492 3280 θήκης,
524 3207 613 3262 καὶ
637 3212 744 3264 τῶν
778 3207 831 3264 ἐν
860 3208 1009 3284 αὐτῷ
1034 3207 1396 3267 διδασκάλων.

591 3290 718 3347 ’Ότι
772 3286 864 3384 διὰ
1044 3285 1289 3388 ἀσέϐειαν
1344 3295 1442 3388 τοῦ
1499 3290 1724 3388 Λέοντος
1772 3291 1801 3388 6
1843 3291 1946 3388 πά·
1981 3316 2025 3384 C

294 3387 399 3428 πας
442 3369 662 3440 Ῥώμης
715 3374 833 3431 τοῖς
892 3371 1163 3446 Φράγγοις
1220 3370 1521 3443 ἐσπείσατο,
1571 3372 1661 3425 καὶ
1703 3370 1832 3433 τοὺς
1892 3371 1952 3426 ἐκ

293 3453 395 3526 τῆς
454 3445 691 3510 Ἰταλίας
774 3452 844 3523 τῇ
934 3445 1184 3523 βασιλείᾳ
1266 3451 1667 3524 κομιζομένους
1754 3450 1951 3526 ἐπέσχε

296 3525 518 3604 φόρους.
550 3526 654 3581 Καὶ
684 3528 768 3581 ὅτι
826 3530 1155 3603 Γερμανικὸν
1185 3526 1334 3591 ἔθνος
1365 3530 1416 3584 οἱ
1450 3531 1723 3605 Φράγγοι,
1755 3532 1843 3586 καὶ
1885 3525 1948 3585 οὗ

296 3606 583 3678 Ῥωμαῖοι.
616 3605 715 3660 Οἷα
761 3609 898 3662 κατὰ
939 3613 1049 3663 τῶν
1099 3606 1404 3683 ὀρθοδόξων
1464 3608 1635 3664 ἐποίει
1693 3611 1721 3665 6
1773 3612 1946 3667 Λέων.

297 3684 398 3766 Καὶ
474 3683 557 3766 ὅτι
652 3687 754 3755 τὴν
852 3684 948 3742 106
1054 3686 1303 3764 Χαγάνου
1397 3688 1660 3766 θυγατέρα
1747 3688 1945 3766 ἔγημεν

297 3764 326 3819 6
358 3765 760 3840 Κοπρώνυμος.
1477 3764 1484 3766 ἡ
1596 3764 1615 3780 ²

371 3850 436 3902 Ν.
568 3846 699 3921 Οῖος
737 3845 805 3914 ἦν
839 3847 867 3902 6
910 3845 1164 3921 μισόθεος
1207 3847 1386 3910 οὗτος.
1423 3846 1808 3912 Ἐπανάστασις
1851 3854 1949 3905 106

296 3918 667 3999 ’Δρταϐάσδου
746 3927 882 3981 κατὰ
912 3918 920 3921 ⁷
949 3931 1046 3982 106
1120 3927 1517 4004 Κοπρωνύμου.
1571 3931 1697 3987 ’Ότι
1753 3931 1781 3985 6
1839 3936 1949 3987 Κο-

299 4004 617 4083 πρώνυμος,
675 4007 995 4083 περαιωθεὶς
1044 4007 1121 4071 εἰς
1168 4007 1405 4082 Θρᾴκην,
1445 4010 1545 4079 τὴν
1595 4007 1758 4066 πόλιν
1821 4009 1947 4066 ἐπο-

298 4081 547 4162 λιόρκει,
598 4086 689 4142 καὶ
747 4081 962 4159 ταύτης
1050 4081 1349 4165 ἐκράτησε,
1405 4089 1499 4146 τὸν
1556 4085 1946 4165 Ἀρτάϐασδον,

297 4165 387 4246 καὶ
416 4165 564 4246 τοὺς,
589 4165 740 4230 υἱοὺς
763 4169 985 4246 ἀύτοῦ,
1014 4169 1104 4224 καὶ
1152 4169 1243 4224 τὸν
1294 4168 1643 4246 πατριάρχην
1699 4168 1949 4246 δημοσίᾳ

293 4245 491 4328 τύψας,
529 4241 955 4328 ἐθριάμϐευσεν,
1010 4248 1104 4304 εἶτ’
1158 4248 1326 4320 αὐτῆς
1381 4241 1733 4328 πατρίάρχη’ν
1756 4241 1767 4263 ’ν
1787 4241 1948 4307 αὐτὸν

297 4323 470 4381 εἴασεν
503 4325 661 4383 εἶναι.

369 4412 438 4463 Ν.
475 4410 573 4485 VI.
622 4406 753 4482 Περὶ
805 4412 1186 4484 πατριαρχῶν,
1216 4408 1306 4463 καὶ
1357 4409 1483 4485 περὶ
1535 4415 1636 4479 τῆς
1688 4412 1786 4463 106
1838 4415 1950 4464 Κοο

298 4484 600 4565 πρωνύμου
683 4487 1058 4559 ἀθροισθείσης
1140 4493 1250 4543 τῶν
1332 4484 1555 4565 ἀνιέρων
1643 4486 1952 4545 ἐπισκόπων

300 4561 551 4621 συνόδου.
582 4565 713 4641 Περὶ
744 4565 1101 4642 Βουλγάρων.

372 4653 447 4726 Νἶ
472 4647 593 4704 VII.
652 4648 782 4711 Οἷος
837 4650 1050 4725 χειμὼν
1098 4651 1319 4725 γέγονεν
1367 4649 1453 4705 ἐπὶ
1510 4656 1611 4718 τῆς
1673 4649 1952 4726 βασιλείας

299 4731 399 4785 106
430 4724 777 4801 δυσωνύμου.
808 4730 914 4786 Οἴα
968 4724 1185 4806 ἐφρόνει
1212 4730 1240 4783 ὁ
1271 4730 1443 4797 ἄθεος,
1476 4730 1564 4784 καὶ
1626 4724 1716 4783 οἷα
1756 4726 1950 4788 ἐποίει,

299 4810 441 4869 ’Ὀσα
491 4808 660 4886 ἐποίει
714 4810 743 4865 6
800 4810 1176 4886 Κοπρώνυμος
1222 4811 1359 4865 κατά
1408 4815 1515 4866 τῶν
1580 4811 1655 4882 μὴ
1709 4812 1953 4866 πεισθέν-

299 4911 408 4945 των
462 4884 759 4966 βεϐαιῶσαι
799 4884 1083 4968 τήνήκατᾶ
1128 4895 1238 4947 τῶν
1297 4890 1462 4966 ἁγίων
1519 4890 1742 4946 εἶ’κόνων
1820 4913 1950 4968 συγ-

297 4970 508 5047 γραφήν
545 5011 559 5025 .
638 4970 763 5028 ’Ότι
868 4967 1006 5023 κατὰ
1126 4967 1454 5045 Βουλγάρων
1568 4968 1950 5047 ἐκστρατεύσας

298 5049 573 5124 ἄπρακτος
629 5048 922 5119 ἐπανῆλθε,
974 5049 1065 5103 καὶ
1125 5052 1216 5104 οἷα
1298 5049 1436 5106 κατὰ
1507 5054 1614 5105 τῶν
1686 5055 1945 5126 μοναχῶν

296 5126 494 5198 ἐποίει,
550 5129 641 5185 καὶ
723 5129 861 5205 κατᾷ
933 5128 1236 5205 ἀρχόντων.
1295 5132 1484 5193 ’Ὀπως
1552 5132 1643 5186 καὶ
1697 5130 1788 5186 τὸν
1840 5152 1949 5185 πα·-

291 5208 562 5285 τριάρχην
629 5208 793 5264 αὐτοῦ
834 5202 1042 5279 ’ἐξῶσε-
1099 5216 1196 5279 τῆς
1274 5207 1622 5282 Ἐκκλησίας,
1678 5210 1768 5266 καὶ
1826 5209 1944 5266 ἐκό-

294 5284 445 5360 λασε,
476 5284 565 5344 καὶ
600 5289 905 5344 ἀπέκτεινεν
916 5329 929 5344 .

362 5373 432 5424 Ν.
464 5369 609 5447 VIII.
642 5370 767 5426 ’Ότι
814 5367 964 5432 τινὰς
1015 5372 1122 5424 τῶν
1185 5367 1512 5447 Βουλγάρων
1571 5370 1882 5443 ᾠκειώσατο
1917 5370 1945 5424 6

291 5446 696 5522 Κοπρώνυμος,
753 5449 805 5503 οἳ
864 5447 1096 5519 ἐδήλουν
1173 5450 1320 5521 αὐτῷ
1386 5450 1455 5505 τὰ
1517 5455 1614 5505 106
1673 5447 1944 5526 ἄρχοντος

292 5533 441 5605 σφῶν
504 5527 870 5605 βουλεύματα.
926 5533 1112 5596 Ὅπως
1158 5532 1187 5587 6
1213 5536 1322 5587 τῶν
1378 5531 1706 5608 Βουλγάρων
1766 5533 1944 5608 ἀρχη-

293 5610 393 5685 γὸς
425 5609 608 5679 ἠπάτα
634 5610 724 5665 τὸν
761 5609 1005 5685 βασιλέα,
1035 5611 1127 5666 καὶ
1167 5608 1305 5687 ἔγνω
1357 5611 1487 5675 τοὺς
1545 5612 1693 5685 αὐτῷ
1732 5611 1943 5684 ᾠκειω-

298 5688 489 5764 μένους
537 5689 907 5768 Βουλγάρους.
966 5693 1159 5754 ’Όπως
1214 5691 1352 5747 κατὰ
1425 5691 1758 5768 Βουλγάρων
1832 5689 1945 5762 ἐξε-

292 5768 603 5843 στράτευσε,
651 5772 741 5827 καὶ
797 5773 1029 5847 νοσήσας
1079 5770 1395 5849 ὑπέστρεψε,
1458 5773 1549 5828 καὶ
1620 5772 1945 5848 κατέστρεψε

2054 656 2294 728 στηρίων
2344 657 2436 712 καὶ
2465 658 2601 713 κατὰ
2632 662 2740 712 τῶν
2782 661 2993 712 σεπτῶν
3048 656 3316 731 λειψάνων
3368 661 3479 711 τῶν
3536 657 3706 731 ἁγίων

2053 737 2081 790 6
2112 736 2430 809 πάντολμος
2483 736 2712 811 ἐτόλμα.
2747 738 2877 813 Περὶ
2932 742 3028 793 τοῦ
3082 739 3232 815 ἱεροῦ
3288 736 3551 813 λειψάνου
3607 745 3705 809 τῆς

2051 818 2411 889 πανευφήμου
2447 818 2719 893 μάρτυρος
2750 818 2902 896 Εύφη
2914 816 3063 890 μίας.

2123 920 2187 967 Ν.
2224 917 2317 970 IX.
2388 914 2519 990 Περὶ
2574 919 2948 991 πατριαρχῶν.
3009 916 3133 971 ’Ότι
3216 912 3305 969 διὰ
3382 915 3478 977 τὰς
3556 914 3708 988 ἁγίας

2054 990 2264 1071 εἰκόνας
2324 993 2352 1047 6
2393 995 2541 1047 Λέων
2590 990 3021 1057 ἐκόλασέίτινας
3079 996 3190 1050 τῶν
3240 994 3548 1071 ἀρχόντων.
3608 997 3709 1052 Τε-

2055 1070 2220 1141 λευτή
2247 1078 2345 1127 106
2376 1074 2632 1136 Λέοντος.

2124 1176 2190 1227 Ν.
2223 1175 2294 1227 Χ.
2327 1172 2454 1227 ’Ότι
2482 1166 2786 1241 ἐπιϐουλῆς
2825 1173 3129 1248 γενομένης
3152 1174 3212 1249 ,ἡ
3261 1169 3523 1249 Θεοδώρα
3574 1172 3707 1236 τοὺς

2059 1249 2152 1330 μὲν
2213 1248 2417 1313 ἄλλους
2471 1249 2720 1322 ἐκόλασε,
2777 1250 2906 1313 τοὺς
2964 1249 3021 1306 δὲ
3078 1248 3481 1330 ἀνδραδέλφους
3539 1252 3710 1323 αὐτῆς

2053 1329 2320 1406 ἀπέκειρε,
2379 1332 2470 1387 καὶ
2540 1333 2716 1408 ἱερέας
2791 1331 3204 1405 ¹παρεσκεύασεν.
3264 1329 3395 1408 Περὶ
3466 1335 3564 1403 τῆς
3621 1333 3709 1388 εὑ-

2056 1410 2299 1485 ρεθείσης
2377 1409 2645 1487 λάρνακος
2698 1411 2752 1467 ἐν
2800 1415 2868 1485 τῇ
2928 1411 3110 1487 Θράκῃ
3190 1411 3328 1468 κατὰ
3376 1413 3440 1468 τὸ
3502 1413 3706 1488 μακρὸν

2052 1497 2260 1568 τεῖχος.
2315 1494 2439 1551 ’Ότι
2499 1514 2913 1570 κατηγγυησατο
2965 1499 3046 1567 τῷ
3101 1495 3204 1567 υἱῷ
3250 1500 3478 1570 γυναῖκα
3527 1496 3563 1564 ἡ
3620 1493 3711 1551 Εἰ-

2056 1573 2220 1646 ρήνη.
2251 1574 2377 1629 ’Ὀτι
2434 1572 2463 1626 6
2518 1578 2625 1628 τῶν
2656 1568 2925 1647 ίἈράϐων
2980 1572 3226 1648 ἀρχηγὸς
3266 1568 3452 1650 μέχρι
3504 1575 3714 1650 Χρυσο-

2055 1650 2272 1713 πόλεως
2308 1651 2483 1717 ἐλθὼν
2513 1651 2815 1721 ἐσπείσατο,
2850 1652 3053 1731 φόρους
3092 1654 3278 1717 αὐτοῖς
3330 1650 3539 1710 διδόναι
3597 1657 3705 1709 τῶν

2052 1733 2335 1867 ἒιῖωμαίων
2395 1734 2748 1808 συνθεμένων.
2813 1733 2941 1810 Περὶ
3012 1738 3111 1789 106
3161 1733 3452 1811 πατρικίου
3511 1733 3716 1792 Ἐλπι-

2099 1833 2196 1867 .ου.

2095 1812 2196 1869 ίου.

2127 1898 2196 1948 Ν.
2258 1898 2355 1949 XI.
2415 1896 2540 1951 ’Ότι
2604 1894 2632 1948 6
2688 1894 3036 1970 πατριάρχης
3087 1893 3304 1957 Ηαῦλος
3361 1893 3544 1968 ἐξέστη
3602 1902 3706 1964 τῆς

2073 1972 2404 2043 Εκκλησίας.
2436 1976 2557 2032 ’Ότι
2616 1975 2644 2029 6
2697 1974 2749 2029 ἐν
2810 1974 2982 2051 ἀγίο-ις
3039 1974 3302 2051 Ταράσιος
3359 1976 3710 2051 πατριάρχης

2054 2053 2464 2130 προεχειρίσθη.
2524 2055 2655 2128 Περὶ
2727 2049 3133 2128 τῆςὝέϐδόμης
3181 2051 3431 2111 συνόδου.
3490 2049 3636 2112 ’Ὀτιί
3680 2056 3708 2110 6

2060 2127 2314 2206 βασιλεὺς
2373 2127 2781 2197 Κῖυνσταντῖνος
2846 2134 3054 2197 νεανίας
3114 2134 3408 2210 γενόμενος
3460 2133 3537 2197 είς
3583 2135 3705 2188 ἐαυ-

2050 2213 2141 2267 τὸν
2199 2213 2300 2282 τήν
2330 2210 2599 2284 διοίκησιν
2634 2218 2956 2289 μεταγαγεῖν
2998 2212 3317 2286 ἐμελέτησε.
3352 2213 3615 2277 Γνωσθεὶς
3649 2211 3708 2268 δὶ

2053 2291 2201 2368 παρᾶ
2228 2299 2329 2363 τῆς
2364 2294 2571 2369 μητρὸς
2625 2292 2851 2372 ἐτύφθη,
2882 2295 2973 2349 καί
3031 2291 3380 2372 δημοσιεύειν
3428 2290 3702 2364 ἐκωλύθη.

2053 2372 2176 2429 ’Ὁτι
2232 2378 2350 2435 τοῖς
2398 2371 2776 2449 Ἀρμενιακοῖς
2804 2373 2892 2429 καὶ
2952 2373 3004 2429 οἷ
3060 2380 3167 2430 τῶν
3218 2371 3404 2429 ἄλλων
3459 2372 3706 2447 θεμάτων

2057 2455 2531 2530 συμφρονήσαντες
2550 2454 2650 2509 ’τὸν
2712 2458 3110 2509 Κωνσταντῖνον
3173 2453 3339 2528 μόνον
3397 2453 3706 2528 εὐφήμουν,

2054 2532 2143 2586 καὶ
2175 2531 2274 2587 ὅσα
2306 2532 2505 2596 ἐκεῖνος
2536 2533 2819 2608 προελθὼν
2852 2533 3127 2605 ἐποίησεν.

2127 2635 2196 2685 Ν.
2231 2635 2357 2686 XII.
2388 2633 2510 2689 ’Ότι
2568 2632 2597 2687 6
2648 2629 2941 2705 Θωμαίτης
2996 2631 3274 2706 τρίκλινος
3324 2631 3548 2702 ἐκαύθη.
3585 2633 3707 2687 Ἐκ-

2057 2716 2329 2787 στρατεῖαι
2364 2717 2493 2789 Ατοῦ
2554 2712 2963 2769 Κωνσταντίνου
3019 2713 3156 2768 κατὰ
3226 2712 3557 2789 Βουλγάρων
3616 2712 3707 2769 καὶ

2053 2786 2162 2845 τῶν
2215 2786 2482 2868 Ἀράϐων.
2516 2794 2641 2850 ’Ότι
2700 2792 2851 2856 αὖθις
2910 2792 3153 2869 ἀνήγαγε
3208 2794 3308 2863 τήν
3365 2786 3573 2868 μητέρα
3629 2793 3706 2849 εἷς

2054 2870 2121 2925 τὰ
2172 2870 2440 2949 βασίλεια,
2489 2872 2578 2927 καὶ
2643 2870 3001 2949 εὖφημεῖσθαι
3061 2872 3227 2943 αὐτὴν
3286 2873 3703 2949 παρεχώρησεν·

2057 2951 2114 3005 οἱ
2167 2932 2226 3007 δὲ
2275 2932 2625 3028 Ἀρμενιακοὶ
2678 2932 2829 3015 αἶ’)θίς
2885 2932 3377 3030 ἐστασίαζολίκαὶ⁸
3429 2932 3705 3030 ἓψίτυε

2058 3032 2316 3105 Μωσηλέ.
2367 3036 2489 3091 ’Ὁτι
2549 3039 2662 3097 ⁴τοῖς
2720 3032 3061 3108 Βουλγάροις
3115 3028 3413 3107 συμϐαλὼν
3474 3028 3509 3088 6
3559 3039 3707 3089 Κων-

2057 3120 2337 3176 σταντῖνος
2384 3116 2619 3186 ἡττήθη,
2651 3113 2742 3168 καὶ
2797 3113 2882 3169 ὅτι
2938 3112 3216 3169 ἐστασίασε
3268 3114 3330 3169 τὸ
3389 3134 3703 3189 στρατιωτι-

2055 3197 2174 3264 κὸν,
2226 3195 2317 3250 καὶ
2376 3193 2459 3249 ὅτι
2514 3193 2641 3256 τοὺς
2690 3193 2865 3258 θείουν
2926 3195 2955 3249 6
3009 3199 3408 3257 Κωνσταντῖνος
3440 3192 3703 3267 ἐτιμωρή-

2058 3297 2207 3332 σατο.
2238 3276 2384 3343 ”Οτι,
2433 3275 2532 3343 τήν
2589 3272 2791 3328 οἷ’κείαν
2845 3274 3087 3348 γαμετὴν
3140 3272 3371 3329 ἄκουσαν
3419 3271 3694 3346 ἀποκείρας

2059 3357 2086 3412 ὁ
2139 3360 2555 3423 Κωνσταντῖνος,
2614 3354 2795 3429 ἑτέραν
2849 3354 3105 3431 ἠγάγετο.
3163 3356 3282 3413 ⁸Οτι
3338 3354 3471 3410 κατὰ
3523 3349 3697 3409 Βουλ-

2057 3435 2234 3510 γάρων
2269 3435 2297 3489 6
2331 3432 2585 3510 βασιλεὺς
2619 3433 3006 3510 ἐξεστράτευσε.

2131 3548 2195 3597 Ν.
2228 3542 2374 3599 ΧΙΙΙ.
2425 3540 2559 3614 Περὶ
2605 3544 2706 3595 106
2765 3544 3012 3615 μοναχοῦ
3071 3538 3385 3602 Πλάτωνος.
3418 3547 3539 3598 *Ὁτι
3597 3536 3709 3593 ἐτυ-

2059 3620 2254 3700 φλώθη
2287 3622 2315 3676 6
2351 3618 2604 3697 βασιλεὺς
2641 3626 3039 3682 Κωνσταντῖνος
3097 3617 3301 3691 εἰδήσει
3358 3627 3459 3690 τῆς
3503 3619 3710 3696 μητρὸς

2057 3702 2243 3760 αὐτοῦ.
2304 3701 2434 3771 Περὶ
2508 3702 2740 3763 Λέοντος
2796 3701 2951 3755 πάπα
3003 3701 3247 3775 Ῥώμης,
3303 3700 3394 3756 καὶ
3453 3701 3603 3762 ὅπως
3656 3702 3711 3754 οὶ

2060 3784 2327 3858 Φράγγοι,
2380 3781 2472 3836 καὶ
2527 3776 2661 3837 πότε
2732 3787 2834 3851 τῆς
2886 3780 3119 3843 Ἰταλίας
3182 3781 3274 3858 καὶ
3329 3787 3432 3850 τῆς
3486 3780 3709 3852 Ῥώμης

2058 3857 2236 3933 αὐτῆς
2283 3861 2613 3937 ἐκυρίευσαν.
2664 3861 2794 3937 Περὶ
2848 3865 2956 3916 τῶν
3022 3857 3406 3939 ἀνδραδέλφων
3458 3867 3559 3929 τῆς
3613 3860 3711 3935 βα-

2057 3942 2311 4014 σιλίσσης
2364 3942 2628 4017 Εἰρήνης.
2661 3942 2781 3998 *Οτι
2837 3940 3015 4012 ἐζήτει
3072 3943 3101 3996 6
3154 3945 3264 3995 τῶν
3293 3941 3562 4016 Φράγγων
3620 3940 3713 4015 ἀρ·
3804 3988 3809 3991 ,

2057 4024 2234 4101 χηγὸς
2293 4027 2655 4097 συζευχθῆναι
2692 4025 2774 4101 ,τῇ
2833 4018 3141 4097 βασιλίσσῃ.
3176 4022 3363 4083 Ὅπως
3417 4021 3505 4075 καὶ
3561 4019 3712 4095 παρὰ

2056 4100 2271 4161 πάντων
2328 4103 2406 4167 εἰς
2448 4103 2518 4159 τὰ
2578 4100 2826 4178 βασίλεια
2855 4101 3016 4157 ὁάπὸ
3045 4105 3275 4178 γενικῶν
3333 4101 3551 4177 ἀνήχθη
3612 4106 3711 4155 Νι·-

2055 4186 2323 4266 κηφόρος.

2127 4291 2193 4341 Ν.
2224 4284 2366 4340 XIV.
2395 4283 2533 4340 Ὀσα
2585 4279 2725 4357 πρὸς
2774 4280 2874 4348 τὴν
2930 4275 3184 4353 βασιλίδα
3235 4276 3479 4354 Εἰρήνην
3535 4277 3563 4333 6
3616 4283 3714 4334 Νι-

2056 4364 2301 4442 κηφόρος
2361 4360 2566 4442 εἴρηκε,
2622 4360 2713 4416 καὶ
2757 4359 2871 4442 ,ὅσα
2926 4360 3066 4431 πρὸς
3120 4358 3319 4442 ἐκεῖνον
3381 4358 3579 4429 ἐκείνη,
3607 4358 3710 4442 *καὶ

2059 4439 2156 4502 6'10
2171 4439 2359 4500 πολλὰ
2391 4440 2655 4513 ὑπέδειξεν
2706 4441 2854 4513 αύτῷ
2908 4442 3175 4516 χρήματα
3222 4439 3708 4516 τεθησαυρισμένα,

2059 4526 2149 4581 καὶ
2202 4525 2278 4587 ὡς
2331 4522 2521 4578 αὐτίκα
2573 4520 2939 4597 ὑπερωρίσθη.
2991 4522 3123 4585 Οῑος
3178 4520 3246 4590 ἦν
3301 4519 3429 4582 τοὺς
3473 4519 3710 4596 τρόπους

2063 4608 2092 4661 6
2148 4605 2479 4683 Νικηφόρος.
2531 4600 2774 4672 Τελευτὴ
2833 4600 3098 4683 Εἰρήνης.
3154 4599 3480 4683 Ἀνάῤῥησις
3538 4606 3704 4683 Στᾳυ.

1983 4684 2031 4749 D
2064 4686 2251 4763 ρακίου
2306 4679 2425 4739 ’τοῦ
2502 4684 2622 4763 υἱοῦ
2664 4680 3043 4763 ,Νικηφόροιλ
3112 4679 3271 4763 ΠερίΔ
3326 4681 3704 4763 πατριαρχῶν.

2058 4758 2178 4825 Ὅτι
2236 4764 2373 4838 μετὰ
2424 4763 2519 4819 τὸν
2567 4761 2619 4817 ἐν
2648 4760 2820 4837 ἁγίοις
2850 4758 3122 4836 Ταράσιον
3173 4761 3200 4815 6
3253 4760 3398 4823 θεῖος
3455 4758 3707 4835 Νικηφό-

2060 4869 2155 4924 ρος
2220 4841 2611 4924 προεχειρίσθη
2694 4839 3063 4924 πατριάρχης.
3119 4844 3303 4924 έΟπως
3481 4840 3711 4924 Πλάτων

2056 4916 2145 4983 καὶ
2204 4927 2231 4983 6
2264 4916 2590 4995 ’Στουδίτης
2632 4916 2913 4997 Θεόδωρος
2959 4920 3286 4991 ἐστασίαζεν.
3320 4917 3452 4982 Οἷ¹ας
3504 4916 3710 4995 κερδῶν

2057 5007 2295 5069 ἐπινοίας
2353 5004 2559 5061 ἐπενόει
2599 5004 2653 5080 ,ὁ
2690 5000 2942 5078 βασιλεὺς
2996 5000 3376 5080 Νικηφόροςὸ
3409 5000 3514 5080 ἀπὸ
3559 5020 3709 5080 ⁸γενιο

2053 5091 2188 5144 κῶν.
2222 5086 2353 5161 Περὶ
2378 5087 2476 5139 106
2507 5075 2897 5161 εἰσδραμόντος
2928 5075 3234 5161 ξιφηφόρῖου
3289 5079 3366 5143 εἰς
3422 5079 3491 5135 τὰ
3551 5075 3710 5155 βασί-

2057 5167 2198 5236 λεια,
2225 5158 2315 5221 καὶ
2348 5158 2638 5236 ζητοῦντος
2668 5159 2877 5216 ἀνελεῖν
2908 5161 3002 5216 τὸν
3037 5159 3285 5235 βασιλέα.

2124 5271 2189 5321 Ν.
2249 5264 2362 5322 XV.
2413 5266 2534 5318 Ὅτι
2616 5254 2921 5331 Μανιχαίος
3003 5254 3093 5311 καὶ
3172 5256 3508 5332 ’Δθιγγάνοις
3589 5250 3709 5307 ἐκέ-

2053 5365 2232 5423 χρητο
2299 5344 2355 5399 ἐν
2431 5338 2707 5423 μαντείαις
2752 5336 3100 5423 ςΕκοτρατεία
3158 5331 3311 5393 κατὰί
3348 5331 3708 5423 βουλᾼγάρων,

2244 5411 2568 5499 εὐτυχήσας,
2598 5419 2689 5473 καὶ
2749 5411 3017 5499 ἐπαρθεὶς,
3069 5415 3551 5499 ὕστερονβὴττήθη
3610 5411 3705 5499 καὶ

2053 5493 2327 5563 ἀπώλετο.
2356 5493 2476 5561 Ὅτι
2532 5501 2631 5570 τὴν
2690 5493 2933 5576 κεφαλην
2977 5500 3075 5552 τοῦ
3129 5495 3397 5573 βασιλέως
3455 5496 3484 5549 6
3533 5496 3711 5570 K906-

2057 5609 2156 5663 μος
2189 5584 2608 5660 ἀνεσταύρωσεν,
2640 5580 2750 5636 εἶτα
2775 5578 2893 5633 ἀντὶ
2921 5576 3147 5642 κύλικος
3179 5578 3468 5656 ἐκέχρητο.

2120 5693 2186 5743 Ν.
2219 5686 2364 5743 XVI.
2398 5679 2717 5758 Ἀνάρῥησις
2744 5679 2842 5732 106
2871 5672 3129 5758 ⁹Ραγγαϐὶ
3158 5676 3416 5758 Μιχαήλ.

2122 5773 2188 5824 Ν.
2213 5767 2387 5825 XVII.
2409 5755 2598 5826 Ὃπως
2626 5757 2837 5829 διετέθη
2888 5755 2917 5813 6
2972 5757 3202 5832 Μιχαὴλ
3259 5757 3396 5831 πρὸς
3449 5756 3547 5826 τὴν
3606 5756 3706 5810 106
