4130 6362
317 351 440 412 389

1688 347 1792 408 DE
1835 345 2217 410 HEBDOMO
2261 348 2380 409 GP.

3619 356 3740 419 390

385 483 647 562 (ediﬁcia,
679 487 845 562 atque
871 484 930 537 in
960 483 1052 562 iis
1089 481 1448 562 Tribunal
1488 481 1772 562 Palatium
1820 448 1963 562 I_Ieb-
1995 483 2050 549 Α
2079 483 2230 562 XVII.
2267 483 2670 562 βίη-προάστεια
2720 501 2814 540 seu
2869 489 3193 543 suburbana
3221 489 3437 560 oppidis
3465 493 3734 562 proxima

385 553 563 611 domi.
602 555 663 609 In
699 556 993 610 Tribunali
1022 556 1194 609 levari
1236 553 1388 607 soliti
1427 554 1786 623 imperatores
1817 555 1962 607 Con-

384 626 891 698 stantinopolitani,
941 627 1057 698 qui,
1111 624 1253 697 quod
1292 624 1450 698 urbis
1488 625 1766 698 moenibus
1823 623 1966 678 illud

384 681 680 766 adjaceret,
709 699 771 752 in
798 671 1135 752 urbevlevhti
1156 695 1436 752 interdum
1472 695 1758 750 dicuntur.

311 772 394 827 IX.
429 772 494 826 In
551 769 841 824 Tribunali
895 778 945 825 et
1001 772 1062 824 in
1117 768 1316 839 Campo
1380 769 1706 835 inaugurati
1761 766 1965 837 passim

386 841 635 898 Augusti.

315 858 672 996 X.Agcignli:us,
718 911 990 996 tribunal
1031 919 1085 967 et
1134 907 1422 994 Palatium
1467 909 1597 996 urbi
1635 908 1966 996 'adjun'ctum

390 981 691 1057 promiscue
732 983 990 1040 Hebdomi
1025 983 1341 1057 nomin:__a_
1375 981 1744 1057 scriptoribus
1790 981 1966 1057 dona-

392 1053 497 1113 tur.
549 1056 804 1111 Hebdomi
847 1072 944 1110 seu
995 1055 1194 1125 Campi
1240 1053 1608 1108 Hebdomiani
1648 1068 1782 1124 pars
1814 1055 1965 1107 intra

393 1130 584 1183 urbem
612 1126 849 1182 subinde
881 1127 1119 1182 inclusa.

321 1203 406 1256 XI.
443 1200 896 1256 Promontorium
942 1198 1201 1254 Hebdomi
1242 1195 1562 1268 proximum
1608 1195 1780 1266 fuisse
1812 1194 1965 1250 urbis

390 1272 656 1327 moenibus
685 1270 1006 1325 ostenditur.

308 1345 418 1399 XII.
477 1343 810 1398 Hebdomum
857 1357 966 1395 non
1023 1340 1093 1395 ad
1154 1337 1555 1411 Propontidem,
1624 1337 1717 1393 sed
1776 1352 1965 1392 versus

387 1414 639 1470 Ceratini
667 1417 822 1469 sinus
851 1421 1014 1483 caput
1045 1413 1278 1467 exstitit.

312 1487 453 1541 XIII.
487 1487 547 1542 Id
587 1488 863 1541 astruitur
905 1478 1236 1554 scriptorum
1281 1485 1469 1540 allatis
1521 1478 1959 1554 auctoritatibus.

309 1558 443 1613 XIV.
496 1559 572 1612 De
631 1558 866 1624 Palatii,
921 1551 1063 1626 quod
1109 1555 1252 1610 nude
1293 1555 1579 1611 interdum
1630 1551 1963 1626 Hebdomum

385 1629 660 1701 appellari
708 1625 1162 1701 dimimus,situ,
1210 1635 1264 1701 et
1305 1645 1379 1701 an
1412 1626 1574 1701 idem
1613 1625 1787 1695 fuerit
1835 1639 1962 1677 cum

383 1699 718 1757 consistorio
750 1699 1012 1754 Gratiani
1027 1701 1080 1752 et
1106 1699 1438 1755 Iustiniani.

310 1773 417 1827 XV.
479 1772 814 1827 Hebdomum
862 1775 1252 1841 nuncupatum
1296 1769 1443 1826 istud
1491 1768 1774 1824 Palatium
1830 1781 1960 1836 pro-

390 1844 562 1898 batur
589 1859 659 1899 ex
679 1845 1062 1914 scriptoribus.

309 1914 444 1972 XVI.
475 1915 612 1970 Huic
643 1905 913 1972 Tribunal
959 1913 1238 1982 vestibuli,
1288 1928 1383 1968 seu
1431 1905 1759 1982 προαυλίου,
1793 1909 1969 1964 vicem

391 1989 663 2059 praebuit.

384 2098 432 2148 Ι.
473 2095 761 2150 Hactenus
784 2091 1042 2164 quidem,
1083 2091 1142 2147 ni
1174 2090 1369 2161 fallor,
1402 2088 1784 2162 praestitimus
1816 2087 1973 2158 quod

311 2184 374 2238 in
409 2183 660 2253 hujusce
689 2183 882 2254 operis
912 2180 1259 2236 Praefatione
1285 2196 1495 2236 sumus
1527 2177 1790 2250 polliciti,
1825 2175 1972 2231 nihil

309 2289 423 2328 nos
457 2271 570 2328 nisi
597 2288 764 2338 nova,
799 2288 864 2326 ac
891 2271 952 2326 in
988 2272 1159 2326 hocce
1189 2286 1401 2342 genere
1433 2267 1766 2340 argumenti
1803 2265 1970 2322 nobis

309 2361 558 2428 indicta,
593 2361 663 2416 de
694 2359 767 2415 iis
817 2377 943 2431 quae
996 2360 1066 2415 ad
1120 2359 1284 2415 urbis
1315 2355 1968 2428 ConstantinOpolitanaa

309 2450 401 2506 vel
462 2449 712 2506 aedilicia
755 2449 842 2504 vel
887 2450 1154 2520 regiones
1203 2447 1516 2520 pertinent,
1565 2446 1626 2502 in
1675 2445 1838 2502 Notis
1896 2447 1968 2501 ad

309 2539 548 2594 Zonarai
597 2539 858 2593 Annales
906 2539 1340 2593 observaturos.
1390 2537 1606 2591 Verum
1660 2540 1724 2590 ut
1757 2535 1967 2590 faciam

309 2627 458 2684 satis
513 2627 634 2682 viro
684 2626 1013 2698 pererudito
1060 2626 1356 2681 Hadriano
1386 2624 1637 2693 Valesio,
1671 2623 1764 2679 cui
1813 2622 1969 2678 Petri

311 2716 488 2788 Gyllii
537 2715 712 2787 longe
759 2715 1221 2782 doctissimi,,et
1269 2718 1531 2769 nostram
1580 2715 1650 2768 de
1679 2710 1966 2767 Hebdomi

323 2805 437 2859 situ
475 2803 826 2861 sententiam
851 2853 860 2859 .
881 2804 1124 2858 minime
1157 2802 1386 2874 probari
1415 2801 1798 2870 advertimus,
1832 2800 1969 2856 huic

332 2909 554 2948 rursom
585 2894 937 2962 asserenda,
982 2908 1168 2963 pauca
1197 2908 1263 2947 ex
1293 2891 1368 2947 iis
1401 2908 1526 2963 quae
1560 2890 1621 2946 in
1653 2890 1967 2945 Constanti-

324 2981 514 3051 n0poli
561 2981 874 3036 Christiana
912 2982 1144 3052 copiose
1197 2979 1342 3036 satis
1392 2997 1425 3035 a
1470 2978 1638 3034 nobis
1671 2978 1969 3049 descripta

324 3075 486 3138 sunt,
524 3070 618 3126 hic
651 3087 890 3126 rursum
935 3069 1182 3126 delibari
1230 3069 1387 3125 haud
1437 3070 1731 3141 ingratum
1765 3066 1965 3123 lectori

311 3157 559 3214 fortasse
587 3160 780 3230 fuerit,
813 3160 909 3216 cui
931 3160 1002 3215 de
1022 3158 1131 3214 hac
1157 3158 1538 3230 dijudicanda
1569 3156 1965 3214 controversia

311 3246 569 3304 liberum
618 3248 730 3304 erit
767 3219 1104 3304 arbitrium.
1139 3219 1319 3304 Inuea
1364 3263 1496 3303 vero
1527 3246 1959 3318 pertractanda,
1993 3219 2036 3286 θ

313 3341 380 3391 ut
410 3337 599 3393 sancti
631 3337 946 3410 Augustini
993 3337 1183 3392 verbis
1230 3336 1376 3391 mihi
1421 3335 1648 3408 praefari
1678 3335 1852 3391 liceat
1882 3337 1966 3407 (in

314 3427 489 3496 Epist.
522 3427 594 3482 ad
622 3426 678 3482 S.
714 3426 960 3498 Hieron.)
992 3444 1011 3480 :
1043 3425 1106 3480 Si
1119 3427 1286 3481 aliter
1309 3441 1473 3497 quam
1496 3426 1540 3480 is
1560 3426 1789 3480 sensisse
1809 3441 1964 3495 repe-

308 3518 462 3581 riar,
496 3531 606 3572 non
637 3519 834 3572 contra
863 3516 1028 3570 illum
1047 3517 1280 3580 dictum,
1304 3513 1402 3570 sed
1418 3514 1568 3584 quod
1586 3515 1728 3570 mihi
1752 3513 1970 3570 videba-

303 3615 405 3660 tur
433 3621 468 3660 a
515 3621 602 3660 me
641 3607 910 3676 scriptum
950 3621 1065 3660 esse
1110 3606 1296 3675 putem
1339 3604 1592 3660 lectorem
1638 3603 1833 3659 debere
1883 3619 1969 3659 co-

303 3709 571 3764 gnoscere
597 3711 616 3748 :
649 3704 746 3750 aut
775 3697 825 3749 si
856 3695 1108 3764 cognosci
1135 3709 1248 3748 non
1271 3700 1466 3764 potest,
1495 3693 1723 3747 credere
1751 3692 1962 3748 debere.

387 3783 459 3837 ll.
493 3783 679 3853 Atque
713 3786 776 3837 ut
805 3782 1054 3852 hujusce
1086 3780 1530 3852 disceptationis
1562 3779 1812 3835 ducatur
1850 3780 1965 3835 ini-

304 3872 484 3937 tium,
518 3871 576 3924 in
604 3871 874 3926 confesso
917 3870 1125 3924 debere
1170 3887 1297 3925 esse
1328 3869 1702 3941 agnoscimus
1734 3869 1962 3924 Hebdo-

306 3974 476 4013 mum
510 3959 591 4014 ita
621 3959 1005 4031 appellatum,
1039 3959 1194 4030 quod
1227 3959 1476 4031 septimo
1495 3959 1567 4013 ab
1597 3959 1738 4013 urbe
1762 3957 1964 4030 (veteri

299 4046 530 4103 scilicet
587 4047 862 4119 Byzantio
922 4048 994 4102 ad
1070 4047 1540 4117 promontorium
1601 4047 1959 4118 Ceratinum)

300 4135 551 4191 milliari
603 4135 900 4191 distaret:
971 4135 1177 4192 indeve
1225 4137 1379 4207 quod
1430 4134 1610 4191 Graeci
1660 4127 1962 4206 Ἔϐδομον,

302 4225 500 4280 Latini
557 4225 861 4296 Septimum
918 4230 1147 4296 vocant,
1208 4225 1494 4296 quosdam
1573 4226 1964 4296 septimilliare

304 4330 700 4386 nuncupare:
753 4314 1253 4383 quemadmodum
1311 4314 1368 4368 in
1421 4319 1669 4386 utroque
1700 4313 1960 4382 isthmo,

305 4404 575 4460 Thraciae
631 4402 978 4459 Chersonesi
1041 4407 1098 4458 et
1155 4402 1545 4469 Corinthiaco,
1607 4419 1641 4458 a
1691 4404 1835 4458 mari
1889 4403 1962 4458 ad

315 4508 483 4547 mare
536 4492 785 4548 deducto
838 4509 1007 4547 muro
1060 4491 1416 4548 Hexamiliia
1456 4508 1556 4547 sex
1615 4491 1960 4548 milliarium

2154 556 2389 620 fuerint.

2076 626 2248 680 XVIII.
2285 626 2621 683 Suburbana
2649 629 2829 683 etiam
2875 629 3151 685 interdum
3204 633 3355 686 intra
3399 634 3590 690 urbem
3639 651 3735 691 e1:-

2150 699 2367 751 stitere.

2144 768 2264 822 XIX.
2284 773 2372 845 _In
2399 769 2683 845 Hebdomo,
2705 787 2799 826 seu
2829 774 2890 826 in
2921 771 3118 843 Campo
3152 774 3231 828 ita
3264 777 3725 845 appellato,varia

2147 841 2408 964 exsgitere
2459 841 2716 912 aediﬁcia,
2767 852 2884 899 tum
2937 841 3085 902 aedes
3129 841 3346 913 sacrae,—
3377 863 3502 919 quae
3537 841 3728 904 recen-

2147 927 2242 964 sen
2271 929 2356 964 ur.

2147 927 2356 966 sentur.

2077 983 2171 1036 XX.
2215 984 2378 1058 Ai'des
2434 983 2518 1058 S._
2547 985 2777 1040 Joannis
2834 987 3117 1053 Baptistae,
3170 1005 3335 1058 quam
3384 989 3725 1046 Hebdomum

2144 1056 2312 1180 nudtet
2334 1054 2615 1180 inierdum
2656 1066 2846 1112 vocant
2892 1054 3204 1130 scriptores,
3237 1077 3312 1115 an
3341 1061 3489 1115 intra
3522 1063 3724 1119 urbem

2146 1143 2240 1180 exs
2270 1144 2288 1180 ι
2315 1144 2396 1180 eri
2429 1167 2440 1178 .

2146 1129 2417 1182 exstiterit
2429 1167 2440 1178 .

2075 1198 2199 1252 XXI.
2235 1201 2305 1253 De
2352 1200 2482 1253 aliis
2517 1200 2669 1253 intra
2716 1201 2906 1255 urbem
2959 1201 3136 1257 eidem
3165 1211 3351 1258 sancto
3379 1206 3728 1261 Przcursori

2144 1269 2346 1325 dicatis
2388 1268 2672 1325 Ecclesiis.

2071 1341 2219 1417 XXII.
2242 1343 2336 1417 _A_n
2365 1342 2682 1417 dissertator
2710 1342 3106 1417 Hebdomianus
3137 1361 3259 1400 vere
3305 1346 3520 1417 primus
3556 1349 3726 1402 situm

2149 1413 2418 1468 Hebdomi
2447 1414 2798 1482 explicuerit.

2073 1484 2248 1539 XXIII.
2284 1487 2343 1540 In
2375 1486 2680 1540 litterariis
2706 1487 3098 1542 controversiis
3128 1489 3247 1542 sine
3271 1492 3451 1544 nostra
3482 1490 3720 1545 invicem

2142 1555 2328 1611 dolore
2359 1557 2488 1611 licet
2540 1557 2745 1626 ludere,
2794 1558 2850 1612 id
2897 1563 2975 1614 est
3029 1560 3342 1614 urbanitate
3383 1576 3448 1615 ac
3477 1561 3724 1618 modera-

2155 1629 2296 1682 tione
2323 1631 2558 1684 servata.

2072 1699 2236 1753 XXIV.
2290 1700 2492 1754 Auctor
2568 1699 2712 1754 nihil
2759 1701 2890 1755 novi
2945 1701 3167 1756 docetur
3223 1717 3293 1757 ea:
3346 1702 3732 1760 dissertatoris

2145 1773 2567 1828 Dissertatione.
2673 1807 2676 1809 λ

2011 1849 2054 1916 C
2083 1844 2227 1898 XXV.
2264 1843 2554 1899 Conclusio
2595 1844 2823 1914 hujusce
2875 1845 3301 1916 Disceptationis
3347 1845 3412 1900 de
3457 1846 3556 1901 hac
3586 1846 3733 1901 Con-

2157 1917 2438 1983 troversia,
2505 1932 2674 1987 quam
2749 1915 3071 1986 impeditam
3144 1917 3493 1973 existimabat
3551 1922 3727 1975 Henr.

2103 1997 2112 2004 ·
2162 1987 2426 2043 Valesius.

2155 2091 2250 2148 III.
2292 2092 2547 2148 Tametsi
2593 2092 2776 2164 igitur
2823 2092 3187 2149 Hebdomum
3237 2093 3318 2150 ita
3365 2095 3724 2167 appellatum

2084 2186 2331 2247 constet,
2365 2183 2516 2252 quod
2575 2183 2826 2253 septimo
2875 2182 2946 2238 ab
2996 2183 3138 2239 urbe
3183 2184 3420 2240 milliari
3459 2186 3729 2257 distaret,

2083 2271 2400 2328 difficultas
2432 2278 2628 2328 tamen
2659 2274 2730 2328 de
2765 2273 3048 2329 Hebdomi
3082 2274 3276 2343 istius,
3307 2277 3479 2346 cujus
3511 2275 3732 2347 passim

2084 2362 2304 2417 mentio
2333 2363 2486 2434 apud
2520 2362 2836 2434 scriptores
2872 2363 3145 2430 occurrit,
3181 2364 3567 2431 situ,minime
3599 2365 3736 2421 inde

2081 2449 2348 2518 solvitur,
2368 2467 2498 2506 cum
2517 2450 2672 2506 aliud
2688 2455 2746 2505 et
2765 2451 3060 2506 diversum
3090 2451 3221 2506 sita
3243 2452 3494 2525 septimo
3515 2453 3731 2524 lapide,

2079 2538 2213 2595 licet
2251 2540 2462 2606 eidem,
2511 2545 2574 2595 ut
2603 2543 2658 2595 et
2691 2540 2820 2594 urbi
2855 2540 3508 2618 Constantinopolitanae
3539 2545 3728 2598 conti-

2079 2645 2283 2701 guum,
2316 2645 2450 2684 cum
2483 2631 2634 2684 inter
2681 2629 2998 2700 septimum
3034 2629 3285 2702 lapidem
3317 2636 3374 2687 et
3405 2633 3607 2688 urbem
3637 2633 3730 2688 in-

2080 2719 2324 2774 tersitus
2356 2735 2514 2790 ager,
2549 2717 2634 2773 vel
2667 2721 2942 2790 Campus,
2975 2720 3253 2775 llebdomi
3293 2721 3509 2792 pariter
3538 2721 3736 2794 appel-

2078 2803 2359 2860 lationem
2407 2804 2673 2869 habcret,
2719 2806 2874 2876 quod
2925 2823 3039 2860 non
3093 2807 3264 2862 modo
3309 2807 3366 2861 in
3401 2808 3510 2863 hac
3543 2808 3732 2865 Disce-

2077 2894 2334 2964 ptatione
2358 2894 2727 2965 probandum
2748 2895 2998 2966 suscepi,
3032 2895 3133 2950 sed
3167 2903 3217 2950 et
3240 2895 3524 2968 Campum
3547 2897 3728 2953 istum

2078 2981 2544 3037 Hebdomianum
2594 2999 2706 3037 non
2749 2982 2820 3037 ad
2852 2982 3290 3055 Propontidem,
3323 2985 3424 3040 sed
3456 2986 3527 3040 ad
3559 2986 3728 3043 sinus

2077 3071 2349 3137 Ceratini,
2382 3087 2586 3126 versus
2635 3071 2794 3126 illius
2844 3077 3041 3142 caput,
3079 3073 3296 3139 littora,
3347 3074 3628 3144 extitisse,
3663 3079 3729 3132 ut

2075 3165 2133 3216 et
2162 3160 2418 3215 tribunal
2452 3165 2507 3215 et
2539 3158 2822 3232 palatium
2855 3161 3161 3227 Hebdomi,
3197 3161 3499 3218 ecclesiam
3528 3165 3723 3220 Sancti

2073 3248 2318 3304 Joannis
2343 3249 2632 3319 Baptistae,
2675 3254 2997 3321 ceteraque
3040 3249 3327 3306 recensita
3357 3268 3390 3307 a
3420 3252 3724 3324 scriptori-

2075 3339 2187 3394 bus
2209 3339 2268 3394 in
2301 3338 2600 3394 Hebdomo
2642 3339 2906 3406 aedilicia,
2959 3339 3020 3394 in
3072 3339 3180 3394 hoc
3213 3340 3395 3396 fuisse
3426 3347 3721 3412 postremo

2075 3428 2392 3495 Hebdomo,
2449 3444 2550 3482 seu
2597 3429 2662 3500 .in
2712 3429 2930 3500 Campo
2982 3429 3288 3498 Hebdomi,
3335 3446 3451 3485 non
3494 3447 3626 3486 vero
3649 3432 3722 3487 ad

2075 3517 2395 3588 septimum
2429 3517 2502 3572 ab
2536 3517 2677 3589 urbe
2728 3516 2998 3584 milliare,
3043 3518 3196 3590 quod
3225 3517 3352 3572 vult
3379 3519 3728 3576 dissertator

2073 3606 2534 3662 Hebdomianus.
2573 3606 2921 3678 Priusquam
2967 3623 3100 3662 vero
3141 3624 3264 3662 rem
3299 3607 3628 3680 aggrediar,
3661 3614 3726 3664 ut

2075 3712 2168 3750 res
2200 3695 2428 3766 planior
2467 3695 2748 3766 deinceps
2797 3695 2920 3765 ﬁat,
2970 3712 3255 3767 ponemus
3297 3697 3356 3752 in
3389 3698 3723 3770 exemplum

2073 3785 2477 3840 suburbanum
2515 3783 2864 3855 Parisiense,
2901 3800 3004 3839 seu
3040 3785 3193 3857 regis
3230 3786 3415 3842 nostri
3447 3787 3727 3844 Christia-
3762 3779 3768 3785 ’

2073 3873 2304 3929 nissimi
2365 3872 2668 3944 palatium,
2746 3873 2902 3943 quod
2975 3873 3266 3930 Versalias
3334 3876 3722 3948 appellamus,

2073 3962 2251 4018 simili
2285 3962 2404 4017 fere
2433 3961 2505 4016 ab
2539 3963 2682 4017 urbe
2713 3961 3032 4018 Galliarum
3057 3963 3335 4034 primaria
3355 3965 3724 4036 disparatum

2072 4051 2282 4122 spatio,
2325 4066 2442 4121 quo
2491 4049 2864 4105 Hebdomum
2915 4068 2948 4105 a
2994 4051 3288 4124 Byzantio.
3342 4055 3465 4118 Quo
3511 4056 3722 4126 posito,

2073 4139 2260 4211 primo
2293 4138 2525 4208 quidem
2558 4155 2672 4193 non
2697 4139 3015 4210 septimum
3047 4140 3334 4197 duntaxat
3364 4141 3634 4209 milliare,
3664 4143 3721 4198 id

2071 4233 2160 4285 est
2185 4228 2502 4299 septimum
2537 4228 2608 4282 ab
2650 4227 2794 4283 urbe
2842 4227 3120 4300 lapidem,
3153 4222 3428 4302 Ἐϐδόμου
3463 4230 3722 4302 appella-

2072 4317 2291 4373 tionem
2326 4317 2627 4384 habuisse,
2663 4317 2765 4372 sed
2818 4317 2995 4373 etiam
3029 4317 3183 4374 inter
3221 4320 3540 4391 septimum
3567 4321 3724 4378 istud

2073 4406 2324 4462 milliare
2372 4412 2430 4462 et
2473 4407 2677 4462 urbem
2727 4408 3436 4479 Constantinopolitanam
3486 4411 3722 4483 interje-

2071 4501 2229 4552 ctum
2265 4499 2568 4568 Campum,
2591 4496 2649 4551 in
2674 4513 2789 4568 quo
2815 4498 3066 4554 aediﬁcia
3090 4499 3292 4554 omnia
3313 4515 3565 4570 quorum
3595 4517 3717 4557 me-

304 4579 501 4652 spatio
536 4598 749 4636 nomen
779 4581 1033 4636 inditum
1064 4586 1170 4638 est.
1207 4583 1270 4637 1d
1301 4587 1361 4637 at
1385 4581 1586 4638 multis
1607 4580 1667 4636 in
1699 4599 1764 4638 ea
1795 4581 2042 4655 lucu-'D
2076 4585 2353 4640 minerint
2374 4585 2672 4657 Byzantini
2696 4587 3033 4658 scriptores,
3058 4587 3337 4659 nullaque
3359 4589 3416 4644 in
3449 4589 3574 4659 ipso
3597 4589 3726 4646 mil-

301 4670 572 4726 bratione
621 4669 966 4737 docuimus,
1027 4669 1218 4726 allatis
1277 4677 1583 4726 auctorum
1643 4670 1786 4728 locis
1844 4672 1963 4729 fere

301 4759 612 4830 omnibus,
646 4762 854 4830 printer
896 4776 1044 4830 quos
1092 4759 1165 4815 ab
1213 4761 1417 4816 eodem
1463 4760 1585 4816 viro
1617 4761 1786 4817 docto
1818 4760 1962 4817 alios

307 4847 560 4921 proferri
610 4864 726 4903 non
786 4847 1166 4915 advertimus,
1212 4849 1353 4904 adeo
1409 4854 1474 4904 ut
1522 4851 1740 4921 pudeat
1793 4851 1964 4906 toties

305 4937 587 4994 cramben
637 4943 916 5008 repetere,
968 4944 1130 5008 atque
1188 4938 1378 4993 eadem
1437 4943 1670 4995 cantare
1719 4940 1967 4995 versibus

309 5025 531 5083 iisdem.
564 5025 678 5081 Sed
725 5041 858 5080 cum
903 5025 1025 5082 haec
1076 5027 1322 5096 quaestio
1371 5027 1602 5083 definiri
1651 5029 1746 5084 vix
1789 5033 1967 5100 queat

303 5115 536 5186 absque
567 5111 810 5185 prolatis
841 5119 899 5171 et
927 5113 986 5168 in
1023 5114 1286 5170 medium
1317 5115 1590 5172 adductis
1622 5119 1963 5174 eorumdem

305 5208 664 5275 scriptorum
697 5202 1172 5271 auctoritatibus,
1207 5221 1273 5258 ac
1316 5204 1388 5260 iis
1435 5207 1780 5277 praesertim,
1816 5225 1964 5280 quas

307 5300 414 5350 aut
471 5309 586 5348 non
639 5293 1005 5362 observasse,
1071 5297 1174 5348 aut
1221 5295 1293 5348 de
1345 5292 1637 5352 industria
1692 5297 1965 5353 omisisse

303 5383 562 5448 videtur,
597 5386 663 5437 ut
693 5398 820 5452 quae
869 5381 1172 5437 sententias
1221 5399 1395 5452 quam
1441 5387 1721 5441 tuendam
1759 5403 1961 5442 susce-

308 5475 478 5544 perat
507 5471 978 5538 adversarentur,
1031 5471 1280 5526 breviter
1327 5479 1614 5543 quantum
1660 5474 1876 5545 licebit,
1913 5485 1966 5532 et

309 5561 548 5616 selectis
605 5561 890 5616 duntaxat
933 5561 1033 5632 qui
1083 5561 1154 5616 ad
1209 5561 1357 5616 hanc
1398 5561 1788 5620 dirimendam
1820 5582 1964 5621 con-

307 5647 650 5706 troversiam
701 5650 1042 5706 conducunt
1067 5648 1236 5720 locis,
1270 5666 1398 5723 quae
1431 5651 1491 5706 in
1523 5650 1674 5709 hanc
1704 5670 1826 5712 rem
1860 5655 1964 5713 ha-

305 5741 448 5796 bent
478 5737 748 5812 expedire
778 5755 962 5811 operm
995 5738 1250 5811 pretium
1285 5739 1531 5798 videtur.

2071 4674 2201 4730 liari
2234 4675 2483 4746 septimo
2525 4675 2761 4730 stetisse
2810 4676 2999 4732 ausim
3051 4677 3294 4733 omnino
3324 4680 3675 4735 contendere
3707 4695 3723 4736 :

2076 4765 2230 4836 quod
2262 4763 2408 4818 mihi
2443 4764 2763 4835 praesertim
2788 4765 3154 4836 probandum
3175 4765 3485 4834 incumbit,
3510 4773 3574 4822 ut
3603 4768 3726 4823 dis-

2077 4852 2394 4924 putationis
2423 4852 2605 4910 totius
2639 4852 3092 4909 fundamentum
3129 4871 3142 4909 :
3176 4855 3330 4925 quod
3379 4855 3534 4911 haud
3575 4872 3727 4927 aegre

2077 4943 2334 5012 fecerim,
2364 4942 2414 4998 si
2443 4941 2525 4997 ita
2575 4941 2935 5014 appellatum
2989 4945 3062 4999 ab
3094 4943 3299 4999 iisdem
3334 4945 3726 5016 scriptoribus

2075 5031 2455 5087 ostenderim.

2145 5119 2237 5175 IV.
2273 5119 2505 5177 Primus
2537 5119 2720 5192 igitur
2749 5137 2819 5176 ex
2867 5119 2939 5178 iis
2986 5122 3230 5194 prodeat
3255 5121 3727 5192 Thenphylactns

2076 5209 2414 5275 Simoc-atta,
2467 5209 2564 5280 qui
2615 5209 2765 5265 libro
2815 5227 2936 5278 vm,
2990 5228 3117 5283 cap.
3168 5213 3253 5279 13,
3307 5211 3512 5267 scribit
3540 5213 3730 5269 deﬁxa

2075 5301 2145 5356 ad
2179 5297 2580 5370 spectaculum
2615 5315 2648 5352 a
2678 5303 2927 5369 tyranno
2959 5300 3172 5365 Phoca,
3205 5301 3464 5356 Mauricii
3499 5306 3555 5356 et
3588 5303 3731 5356 filio-

2077 5406 2205 5444 rum
2239 5387 2432 5460 capita
2461 5385 2598 5460 πρὸς
2628 5386 2690 5440 τὸ
2721 5382 2910 5440 πεδίον
2941 5387 3033 5441 τὸν
3067 5388 3416 5460 ἀνακείμενον
3452 5387 3502 5443 ἐν
3536 5393 3614 5460 τῷ
3647 5388 3734 5445 λε-

2075 5476 2296 5551 γομένῳ
2344 5469 2622 5545 Ἑϐδόμῳ,
2688 5474 2745 5527 ὃν
2822 5474 3046 5546 Κάμπον
3100 5477 3370 5550 Ῥωμαῖοι
3431 5479 3732 5553 κατονομά-

2078 5571 2281 5635 ζουσιν.
2317 5565 2423 5620 Ubi
2456 5564 2822 5620 observanda
2865 5582 2972 5621 vox
3013 5565 3388 5638 ἀνακείμενον,
3414 5587 3537 5640 quae
3569 5587 3731 5626 cam-

2075 5674 2217 5729 pum
2276 5654 2408 5710 urbi
2464 5653 2796 5725 adjacuisse
2858 5653 3002 5711 satis
3046 5656 3290 5728 prodit:
3342 5675 3530 5731 neque
3572 5659 3730 5717 enim

2075 5748 2326 5817 Campus
2356 5742 2417 5800 in
2447 5742 2576 5816 ipso
2608 5743 2858 5816 septimo
2892 5743 3166 5802 milliaria
3197 5761 3326 5804 esse
3346 5749 3562 5820 potuit,
3584 5747 3729 5806 alio-
