4130 6398
400 362 512 422 391
1544 356 2019 440 DISOUISITIO
2060 366 2318 430 TOPOG
2329 369 2669 431 RAPHIGA
3709 379 3835 440 392

402 495 502 569 qui
534 498 788 568 Campus
813 496 872 552 in
896 498 1252 555 suburbano
1268 516 1372 555 seu
1423 500 1483 555 in
1509 500 1646 556 villa
1670 516 1801 556 esse
1857 501 2052 555 dicere
2082 501 2138 567 Α
2240 503 2308 555 V.
2339 501 2556 557 Verum
2570 507 2636 557 ut
2665 502 3112 575 disceptationis
3132 503 3343 561 seriem
3374 520 3827 581 prosequamur,

397 586 689 657 tur,quod
715 586 1040 644 absurdum
1065 594 1236 645 esset.
1261 588 2053 645 DeindeHebdomum.Cam-
2160 589 2525 661 Nicephorus
2582 591 2915 664 patriarcha
2983 591 3699 669 Constantinopolitanus,
3762 599 3817 655 in

398 674 739 746 pumt‘uisse
758 675 1117 748 appellatum
1144 678 1352 733 diserte
1375 679 1455 733 ait
1474 678 1825 747 Simocatta;
1859 679 2051 751 proin-
2160 677 2435 743 Historia,
2469 695 2649 752 agens
2683 679 2755 735 de
2788 679 3075 736 Avaribus
3098 681 3254 738 circa
3278 684 3483 739 urbem
3509 685 3812 758 dispersis,

397 763 469 819 de
515 764 673 820 idem
708 772 797 821 est
833 766 1197 822 Hebdomum
1233 783 1363 823 cum
1393 772 1627 838 Campo.
1661 767 2004 840 Theophane

2160 779 2421 835 Heraclio
2449 780 2774 852 imperante
2799 798 2812 836 ε
2843 779 2948 836 Καὶ
2975 779 3107 853 μόλι
3134 782 3270 857 πρὸς
3288 782 3350 837 τὸ
3382 779 3571 839 πεδίον
3599 785 3659 840 τὸ
3701 787 3812 862 πρὸ

392 853 567 909 etiam
583 858 862 924 Campum
884 858 953 910 ad
982 856 1180 910 urbem
1202 855 1910 930 Constantinopolitanam
1929 862 2004 912 sta

2155 873 2255 935 τῆς
2312 865 2550 934 πόλεως,
2628 868 2658 923 ’ὀ
2731 863 3009 942 Ἓϐδομον
3084 853 3338 940 καλοῦσι,
3414 853 3813 938 καταλαϐόντες

391 952 669 1015 tuit,cum
689 954 769 1007 ait
782 952 855 1009 ad
869 970 1007 1007 ann.
1029 954 1099 1007 30
1116 953 1427 1010 Theodosii
1448 955 2004 1027 Junioris,Byzantic

2156 952 2459 1030 ἱδρύςαντο,
2522 955 2661 1011 ἔνθεν
2717 953 2774 1013 δὲ
2830 978 2890 1013 τε
2948 956 3329 1022 σκεδαννῶδτις
3389 956 3521 1036 ἄχρι
3581 963 3674 1018 καὶ
3735 963 3815 1026 εἰς

390 1054 557 1104 terrae
580 1056 742 1105 motu
762 1056 1163 1107 consternatos
1194 1068 1260 1107 ac
1292 1054 1546 1117 territos,
1570 1045 1671 1122 ἔξω
1699 1059 1798 1121 τῆς
1826 1050 2004 1107 adhuc

2152 1048 2250 1099 τοῦ
2311 1044 2619 1116 Βαρνύσσου
2692 1051 2944 1119 ποταμοῦ
3017 1049 3273 1125 γέφυραν.
3336 1055 3413 1105 Ex
3472 1051 3579 1108 hoc
3639 1054 3822 1110 unico

390 1135 443 1191 ιν
472 1142 553 1208 τῷ
586 1138 865 1211 λεγομένῳ
896 1138 1107 1212 Κάμπῳ
1138 1142 1454 1197 secessisse
1482 1160 1494 1209 ;
1530 1144 1701 1213 cujus
1732 1151 1895 1197 terrea
1927 1160 2004 1197 mc

2155 1140 2435 1207 praeterea
2466 1134 2590 1192 loco
2615 1141 2774 1208 patet
2803 1138 3044 1194 omnino
3066 1155 3204 1194 voce
3225 1138 3513 1196 Hebdomi
3544 1158 3660 1197 non
3684 1159 3825 1215 sep-

386 1231 485 1282 tus
510 1229 852 1283 memoriam
880 1233 1198 1299 quotannis
1219 1232 1308 1300 agi
1331 1232 1401 1285 26
1427 1231 1717 1300 Januarii,
1742 1233 1929 1303 quois
1949 1249 2042 1286 ac-
2151 1223 2365 1279 timum
2406 1225 2478 1279 ab
2526 1226 2673 1280 urbe
2727 1225 2997 1293 milliare,
3031 1227 3128 1282 sed
3167 1227 3453 1299 Campum
3503 1230 3574 1284 ad
3609 1230 3818 1287 urbem

386 1313 528 1369 cidit
558 1314 616 1369 in
636 1318 876 1387 Campo,
899 1318 1107 1373 scribit
1127 1324 1332 1374 auctor
1352 1321 1618 1375 Chronici
1636 1320 2042 1377 Alexandrini:
2148 1311 2471 1385 indigitari.
2505 1330 2679 1385 quem
2730 1330 3082 1388 οοοιιρεινθνθ
3127 1322 3343 1373 Αναΐϐδ
3377 1318 3578 1374 urbem
3614 1319 3814 1377 ObSBB'

380 1408 538 1465 Ὅθεν
570 1409 661 1463 καὶ
685 1413 719 1480 ἡ
756 1413 947 1484 μνήμη
981 1415 1099 1467 κατ’
1131 1412 1248 1476 ἔτος
1281 1412 1607 1470 ἐπιτελεῖται
1636 1422 1737 1485 τῆς
1791 1414 2004 1470 λιτανία

2148 1402 2298 1468 suri,
2331 1419 2518 1474 usque
2548 1404 2617 1458 ad
2641 1404 2918 1474 Barnyssi
2949 1404 3112 1461 ﬂuvii
3135 1412 3374 1476 pontem
3409 1423 3423 1462 :
3457 1407 3558 1479 qui
3591 1408 3820 1465 scilicet

383 1498 551 1573 μέχρι
582 1498 672 1553 καὶ
702 1503 791 1554 νῦν
824 1499 877 1554 ἐν
905 1505 987 1573 τῷ
1032 1502 1256 1574 Κάμπῳ
1300 1504 1432 1579 ὑπὲρ
1463 1511 1562 1574 τῆς
1592 1509 1689 1558 τοῦ
1722 1503 2004 1582 φιλανθρώ

2148 1488 2365 1545 ﬂuvius
2393 1495 2609 1563 Campo
2641 1491 2942 1547 Hebdomo
2990 1490 3285 1564 appellato
3325 1494 3651 1564 adjacebat.
3696 1495 3813 1551 Sed

377 1606 483 1641 που
515 1591 650 1641 Θεοῦ
684 1588 1085 1663 μακροθυμίας.
1111 1594 1171 1647 ln
1197 1610 1313 1663 qua
1333 1594 1567 1665 quidem
1604 1578 1997 1667 supplication

2145 1578 2289 1649 quin
2321 1579 2475 1635 idem
2522 1580 2782 1651 Campus
2835 1581 3122 1637 Hebdomi
3173 1582 3435 1653 proxime
3481 1584 3612 1639 urbi
3644 1584 3816 1656 adja-

378 1676 818 1750 imperatorem,
847 1687 1142 1749 senatum,
1162 1682 1446 1754 pOpulum
1464 1689 1520 1738 et
1541 1683 1763 1739 clerum
1789 1685 1997 1753 pedibu

2145 1667 2355 1736 cuerit,
2418 1669 2766 1740 scrupulu‘tn
2825 1686 3062 1726 omnem
3123 1671 3329 1726 eximit
3380 1671 3810 1745 Euchologium

379 1765 558 1821 nudis
616 1768 975 1839 processisse
1031 1770 1209 1825 tradit
1262 1771 1418 1827 idem
1487 1773 1788 1844 scriptor:
1841 1772 1944 1827 Καὶ

2143 1754 2340 1826 Goari,
2400 1759 2643 1844 p.819,
2700 1758 2813 1844 ubi
2851 1758 3203 1815 describitur
3252 1756 3388 1833 εὐχὴ
3442 1758 3715 1834 λεγομένη
3751 1759 3805 1815 ἐν

383 1852 639 1930 βασιλεὺς
669 1854 971 1912 ἐλιτάνενσε
1002 1859 1137 1931 μετᾶ
1191 1866 1290 1930 τῆς
1341 1840 1676 1936 συγκλήτου,
1707 1862 1797 1916 καὶ
1830 1858 2030 1938 ὄχλου,
2063 1870 2111 1936 Β
2143 1841 2271 1917 λιτῇ
2300 1842 2680 1938 γξνομίξγῃλδιά
2710 1840 2877 1922 φόϐον
2912 1845 2992 1938 εἲς
3022 1846 3111 1938 Τὸν
3148 1845 3396 1938 xitum")
3430 1847 3506 1938 εἷς
3527 1849 3619 1904 τὸν
3650 1850 3807 1925 ἅγιον

375 1943 586 1999 καὶτοῦ
630 1943 867 2021 κλήρου,
919 1930 1247 2011 ἆνῦπόδετος
1296 1930 1506 2024 ἡμέρας
1541 1930 1786 2015 νπολλάς.
1839 1930 2024 2009 Theo?
2063 1930 2105 1936 —
2141 1930 2423 2004 Διομήδην
2484 1931 2782 2007 ἐξώπορταν
2844 1934 2935 1989 καὶ
2995 1934 3077 1998 εἷς
3132 1937 3232 2006 τήν
3291 1935 3530 1992 παλαιὰν
3581 1938 3806 2014 πέτρανο

374 2034 555 2090 dorus
590 2038 787 2090 Lector
817 2035 921 2090 ecl.
956 2053 995 2102 ι,
1046 2042 1104 2093 et
1150 2054 1218 2093 ex
1268 2055 1335 2094 eo
1370 2040 1525 2096 idem
1558 2041 1943 2113 TheOphanes
1972 2060 2001 2099 e

2135 2030 2495 2101 Supplicatio
2527 2032 2708 2104 igitur
2738 2034 2915 2089 fiebat
2945 2050 2979 2088 a
3006 2037 3217 2098 Tauro,
3249 2051 3352 2091 seu
3386 2052 3420 2091 a
3449 2036 3572 2091 foro
3593 2036 3789 2104 Tauri,

371 2125 619 2195 Symeon
648 2124 969 2195 Logotheta
992 2126 1051 2180 in
1086 2125 1297 2182 Chron.
1335 2144 1445 2182 ms.
1481 2129 1751 2184 scribunt
1789 2131 2004 2186 Marcia

2135 2120 2207 2174 ad
2238 2121 2422 2176 eadem
2470 2125 2527 2175 S.
2571 2122 2866 2178 Diomedis
2921 2128 3084 2179 extra
3132 2131 3383 2195 portam,
3434 2129 3491 2180 et
3529 2125 3603 2180 ad
3635 2130 3788 2181 vete-

372 2226 516 2265 num
548 2208 601 2265 ἐν
652 2214 772 2272 ταῖς
827 2210 1009 2273 λιταῖς
1057 2213 1372 2287 γενομέναις
1403 2211 1453 2266 ἐν
1493 2218 1574 2285 τῷ
1617 2216 1830 2287 Κάμπῳ
1861 2215 2004 2284 πεζόε

2134 2224 2258 2263 rem
2307 2208 2553 2276 Petram,
2604 2227 2782 2282 quam
2828 2217 3171 2284 Anonymus
3215 2213 3685 2270 Combeﬂsianus
3731 2214 3791 2269 in

2133 2297 2501 2353 Constantini
2544 2299 3029 2373 Porphyrogeniti
3068 2302 3217 2369 Vita,
3236 2301 3300 2355 τὸ
3331 2300 3566 2356 παλαιὸν
3598 2303 3787 2377 πετρὶν

2131 2391 2321 2441 vocat.
2360 2387 2556 2459 Neque
2588 2388 2703 2443 alia
2732 2396 2821 2445 est
2851 2388 3025 2462 εὐχὴ,
3058 2407 3186 2461 qua;
3217 2407 3346 2463 pag.
3363 2408 3485 2462 seq.
3508 2392 3566 2446 in
3589 2394 3795 2448 eodem

2131 2474 2489 2548 Euchologio
2541 2477 2812 2541 habetur,
2867 2480 3041 2534 hocce
3085 2478 3364 2535 lemmate
3394 2498 3413 2535 :
3460 2478 3611 2550 τάξις
3636 2500 3797 2553 γινο-

2135 2562 2283 2636 μὲμη
2343 2561 2395 2617 ἐν
2434 2568 2515 2635 τῷ
2563 2560 2954 2638 Τριϐυυναλιῳ
3002 2566 3054 2622 ἐν
3102 2573 3223 2629 ταῖς
3263 2566 3314 2640 ἐξ
3346 2563 3503 2632 ἔθους
3533 2568 3786 2645 ἀπερχο-

371 2295 756 2374 ἐξερχόμενον,
789 2301 1009 2357 multas
1037 2303 1315 2374 pecunias
1337 2305 1693 2375 pauperibus
1713 2321 1982 2378 erogasse
2007 2324 2020 2362 :

369 2396 708 2452 Anatolium
761 2414 895 2453 vero
954 2399 1372 2470 patriarcham,
1431 2417 1561 2456 cum
1624 2419 1658 2457 a
1710 2403 1899 2460 Tauro
1951 2405 2020 2459 ad

367 2485 678 2557 Campum,
704 2487 874 2556 juxta
908 2503 1130 2542 morem
1163 2488 1575 2561 episcoporum
1623 2491 1787 2547 urbis
1829 2492 2019 2567 regim,

363 2574 574 2630 lectica
618 2580 820 2631 vectus
876 2577 948 2631 ad
999 2576 1492 2648 supplicationem
1552 2582 1912 2651 procederet,
1967 2586 2025 2638 et

362 2665 727 2719 Marcianum
789 2665 1039 2738 pedibus
1097 2666 1463 2723 incedentem
1510 2649 1772 2738 vidisset,
1822 2649 2004 2742 ipsum

2134 2649 2318 2723 μὲναις
2349 2650 2522 2706 huic:
2570 2650 2770 2715 λιταῖς.
2825 2655 2931 2710 Ubi
2986 2657 3297 2713 observare
3337 2657 3474 2713 licet
3519 2657 3781 2729 litanias,

365 2778 599 2833 quoque
622 2759 914 2830 πεζεύοντα
947 2763 1322 2835 processisse.
1358 2764 1497 2829 Quis
1540 2781 1709 2836 porro
1759 2766 2018 2821 Theodo-

366 2851 521 2905 sium
554 2851 860 2906 Juniorem
891 2848 1244 2922 ἄνυπόδετον,
1276 2870 1407 2907 cum
1456 2853 1729 2909 universa
1760 2855 1925 2927 plebe
1965 2861 2022 2911 et

364 2940 537 3010 clero,
571 2939 657 2995 vel
692 2941 1046 2996 Marcianum
1083 2943 1331 3013 pedibus
1376 2959 1563 3015 usque
1603 2945 1672 2999 ad
1708 2944 2014 3013 septimum

363 3028 614 3085 milliare
671 3030 935 3101 quotidie
986 3032 1343 3103 processisse
1403 3031 1621 3103 putet?
1667 3032 1869 3105 Neque
1925 3035 2019 3090 hic

361 3132 620 3200 opponat
649 3127 736 3182 vir
775 3129 1067 3200 eruditus,
1122 3130 1278 3201 quod
1330 3130 1670 3203 patriarcha
1702 3133 2016 3189 Anatolius

2130 2749 2461 2819 promiscue
2493 2750 2606 2805 dici
2643 2751 2825 2807 tactas
2856 2752 2916 2807 in
2968 2755 3184 2824 Campo
3228 2758 3287 2807 et
3332 2752 3640 2808 tribunali.
3675 2755 3788 2810 Sed

2129 2853 2320 2908 neque
2350 2838 2527 2893 etiam
2556 2839 2786 2895 diversa
2814 2841 3047 2896 videtur
3069 2840 3184 2896 ista
3213 2841 3567 2913 supplicatio
3598 2844 3672 2897 ab
3696 2860 3787 2909 ea,

2128 2927 2300 2997 cujus
2337 2930 2654 2999 quotannis
2688 2930 3033 2986 memoriam
3066 2930 3348 2986 celebrari
3380 2927 3433 2983 ἐν
3461 2934 3541 3001 τῷ
3570 2930 3783 3003 Κάμπῳ

2129 3012 2504 3076 λιτανεῢοντος
2562 3020 2660 3070 τοῦ
2718 3014 2876 3082 λαοῦ,
2936 3019 3009 3073 ob
3066 3031 3232 3074 terra!
3281 3024 3510 3074 motum
3568 3020 3667 3087 qui
3719 3021 3795 3075 15

2126 3105 2376 3177 Augusti
2408 3122 2562 3161 anno
2607 3108 2677 3160 27
2722 3107 3045 3162 Justiniani
3094 3108 3332 3172 accidtt,
3363 3109 3570 3165 scribit
3597 3110 3778 3165 Theo-

361 3191 535 3275 curru
570 3222 768 3274 vectus
801 3191 1290 3291 supplicationem
1326 3191 1676 3290 instituerit,
1708 3221 1843 3278 inde
1870 3223 2016 3279 satis
2046 3226 2090 3295 α
2129 3191 2353 3295 Ρμὴθίῖθδ
2383 3198 2450 3295 θί-
2480 3210 2548 3248 ex
2588 3210 2660 3295 9°
2711 3196 3017 3295 Cedrenus,
3056 3200 3114 3250 et
3158 3195 3771 3295 SYm°°“_f'°8°F§°‘_°-

360 3311 557 3379 patere
588 3306 819 3379 longius
852 3309 1032 3365 tuisse
1063 3308 1191 3374 iter,
1223 3325 1399 3380 quam
1454 3314 1518 3364 ut
1567 3310 1636 3365 ad
1682 3312 2012 3383 proximum

358 3395 490 3451 urbi
523 3412 798 3469 campum
832 3396 1005 3454 fuerit
1034 3414 1438 3470 processurus.
1461 3397 1605 3454 Nam
1628 3405 2013 3472 praeterquam

359 3485 513 3557 quod
546 3484 603 3541 id
636 3486 856 3541 factum
888 3504 1036 3543 more
1088 3489 1463 3559 episcoporum
1486 3488 1667 3543 'urbis
1695 3491 1864 3559 regie
1893 3495 2010 3546 tra-

359 3573 509 3629 dunt
535 3572 713 3630 iidem
747 3574 1079 3646 scriptores,
1114 3575 1292 3630 etiam
1323 3576 1385 3631 in
1418 3577 1562 3632 urbe
1594 3577 1702 3632 hoc
1724 3585 2009 3649 apparatu

354 3661 593 3718 litanias
610 3662 943 3720 instituisse
966 3664 1326 3737 patriarchas
1344 3664 1615 3737 colligere
1628 3671 1714 3721 est
1727 3683 1795 3721 ex
1806 3668 2006 3723 eodem

322 3761 707 3832 ‘Theophane
738 3780 835 3817 an.
873 3764 935 3817 ll
989 3762 1313 3819 Justiniani
1347 3780 1360 3818 :
1409 3760 1506 3817 Καὶ
1556 3760 1778 3833 ἐξῆλθεν
1808 3767 1841 3834 ἡ
1877 3762 2005 3834 λιτὴ

356 3854 459 3916 τῆς
490 3847 596 3903 ἀπὸ
626 3848 810 3924 Ἀγίας
843 3850 1215 3920 Ἀναστασίας,
1248 3851 1559 3924 καθημένου
1592 3857 1751 3922 Μηνᾶ
1778 3851 1874 3908 τοῦ
1907 3875 2006 3909 πα-

350 3940 622 4014 τριάρχου
654 3938 705 3994 ἐν
736 3944 816 4012 τῷ
873 3938 1144 4017 βασιλικῷ
1184 3940 1454 4017 ὀχήματι,
1488 3943 1575 3997 καὶ
1606 3947 1702 3997 τοῦ
1737 3942 2005 4019 βασιλέως

360 4024 844 4092 συλλιτανεύοντος
895 4034 974 4102 τῷ
1020 4029 1159 4103 λαῷ.
1218 4033 1286 4088 Et
1316 4050 1409 4088 an.
1442 4034 1550 4088 23:
1585 4032 1688 4088 Καὶ
1723 4030 1941 4103 διῆλθεν
1975 4036 2003 4090 ὁ

351 4115 646 4182 ἐπίσκοπος
665 4123 852 4186 Μηνᾶς
892 4120 1026 4193 μετὰ
1057 4124 1165 4176 τῶν
1199 4119 1361 4197 ἁγίων
1395 4118 1667 4195 λειψάνων
1700 4125 2003 4197 κατήμενος

347 4204 399 4262 ἐν
454 4207 704 4284 ὀχήμαυι
752 4207 945 4283 χρῦσῷ
1006 4209 1277 4285 βασιλικῷ
1336 4207 1591 4284 διαλίθῳ,
1653 4217 1864 4287 κρατῶν
1904 4215 1999 4277 τὰς

345 4301 491 4369 τρεῖς
541 4298 712 4367 θήκας
769 4302 877 4353 τῶν
933 4298 1100 4374 ἁγίων
1153 4297 1503 4356 Ἀποστὸλων
1554 4299 1629 4363 είς
1679 4302 1746 4355 τὰ
1801 4302 2001 4377 γόνατα

346 4383 533 4455 αὐτοῦ,
568 4383 657 4440 καί
702 4385 878 4449 οὕτως
930 4385 1154 4458 ἐποίησε
1202 4388 1270 4444 τὰ
1316 4387 1575 4463 ἑγκαίνια,
1609 4390 1831 4448 scilicet
1858 4395 1999 4450 redis

341 4484 441 4540 SS.
475 4484 914 4556 Apostolorum.
950 4488 1109 4543 Idem
1160 4488 1547 4560 Theophanes
1597 4506 1690 4544 an.
1722 4491 1794 4545 25
1835 4491 1997 4561 ejus-

2125 3290 2215 3345 Sic
2268 3290 2329 3345 in
2386 3293 2657 3349 Chronico
2717 3293 3113 3361 Alexandrino,
3165 3309 3261 3348 an.
3322 3294 3349 3347 1
3412 3291 3653 3348 Heraclii
3707 3290 3768 3346 in

2120 3385 2288 3435 terra
2322 3387 2481 3435 motu
2526 3381 2628 3452 qui
2671 3380 2888 3436 accidit
2930 3382 3001 3435 20
3059 3380 3297 3453 Aprilis,
3342 3377 3495 3449 λιτὴν
3525 3378 3769 3454 γενέσθαι

2121 3466 2197 3530 εἷς
2227 3468 2319 3522 τὸν
2352 3469 2605 3541 Κάμπον,
2663 3468 2755 3523 καὶ
2805 3465 3087 3548 ψαλφῆναι
3138 3468 3205 3523 τὸ
3258 3470 3537 3545 Τρισάγιον
3584 3470 3778 3525 decre-

2119 3561 2242 3613 tum
2301 3558 2534 3631 legitur.
2596 3560 2904 3614 Enimvero
2974 3575 3147 3615 nemo
3202 3558 3332 3625 erit,
3393 3559 3618 3631 opinor,
3676 3558 3779 3629 qui

2120 3646 2273 3718 quod
2322 3647 2478 3703 nude
2532 3648 2749 3703 dicitur
2796 3663 2925 3703 esse
2969 3653 3130 3702 extra
3181 3652 3432 3719 portam,
3467 3648 3537 3702 ad
3593 3647 3774 3719 septi-

2118 3752 2281 3790 mum
2323 3737 2569 3793 milliare
2600 3737 2895 3792 exstitisse
2933 3737 3075 3792 velit
3121 3752 3404 3806 asserere,
3438 3737 3552 3791 nisi
3597 3737 3774 3791 etiam

2116 3835 2254 3890 velit
2283 3839 2527 3891 Romam
2560 3836 2671 3889 dici
2706 3836 3003 3890 exstitisse
3034 3840 3196 3891 extra
3226 3834 3391 3890 urbis
3440 3835 3774 3891 Constanti-

2115 3923 2469 3995 nopolitanae
2503 3929 2718 3996 portas.
2776 3925 3040 3979 Meminit
3085 3924 3340 3996 denique
3389 3924 3543 3979 idem
3586 3923 3772 3979 Theo-

2112 4011 2338 4083 phanes
2370 4029 2523 4067 anno
2544 4013 2615 4067 36
2634 4011 2950 4067 Justiniani
2976 4011 3424 4084 supplicationis
3455 4013 3526 4067 ad
3561 4012 3621 4068 S.
3643 4012 3777 4068 Dio-

2113 4101 2301 4155 medis
2319 4104 2523 4167 (edem,
2542 4101 2804 4156 scribens
2819 4100 3166 4174 Eutychium
3198 4100 3615 4172 patriarcham,
3638 4116 3774 4156 cum

2112 4205 2313 4246 mense
2341 4192 2627 4264 Augusto,
2662 4191 2787 4246 solo
2817 4190 3047 4263 vigente
3069 4190 3253 4246 Borea
3277 4205 3342 4245 ac
3374 4189 3574 4255 ﬂante,
3606 4189 3775 4245 navi-

2108 4279 2204 4351 gia
2237 4280 2307 4334 ad
2344 4281 2545 4335 urbem
2581 4297 2695 4335 non
2731 4284 2970 4351 possent
3001 4280 3295 4349 accedere,
3329 4274 3485 4339 λιτὰς
3518 4270 3770 4332 ἰκϐαλεῖν

2108 4365 2186 4428 εἷς
2236 4366 2619 4442 Ἰερουσαλὴμ,
2665 4368 2813 4422 τοῦτ’
2854 4362 2966 4422 ἔστι
3017 4366 3093 4429 εἷς
3138 4366 3229 4421 τὸν
3259 4366 3412 4441 ἅγιον
3458 4363 3769 4440 Διομήδην.

2104 4466 2189 4525 Ex
2221 4469 2436 4541 quibus
2470 4469 2750 4523 docemur
2779 4466 2938 4522 hunc
2969 4470 3024 4522 S.
3059 4465 3357 4522 Diomedis
3399 4465 3605 4533 sedem,
3639 4481 3769 4537 quas

341 4574 476 4630 dem
527 4552 823 4646 Augusti:
901 4573 1158 4649 Γεγόνασι
1231 4552 1611 4649 τδίέγκαίνια
1665 4583 1765 4646 τῆς
1839 4552 1993 4653 ἐῖγίας

2113 4567 2270 4618 extra
2303 4563 2533 4631 portam
2594 4557 2760 4612 urbis
2804 4560 2948 4628 erat,
2992 4553 3323 4613 Jerusalem
3380 4552 3762 4628 appellatam,

342 4659 582 4737 Εἰρήνης
611 4664 775 4735 πὲραν
809 4662 860 4718 ἂν
893 4668 1115 4731 Συκαῖς,
1147 4663 1236 4719 καὶ
1255 4663 1476 4735 ἐξῆλθεν
1503 4663 1571 4719 τὰ
1616 4666 1739 4740 ἅγια
1772 4665 1998 4740 λείψανα

341 4748 402 4805 ἐκ
448 4757 545 4821 τῆς
584 4749 848 4826 Μεγάλης
897 4750 1190 4822 ἐκκλησίας
1244 4752 1377 4827 μετὰ
1422 4757 1530 4808 τῶν
1586 4750 1682 4808 δύο
1730 4775 1997 4832 πατριαρ-

342 4843 460 4915 χῶν
504 4842 666 4911 Μηνᾶ
692 4848 793 4911 τῆς
826 4846 940 4897 ΚΠ.
986 4842 1074 4897 καὶ
1131 4842 1567 4919 ἈποΛλιναρισυ
1613 4851 1711 4913 τῆς
1745 4842 1996 4916 Ἀλεξαν-

345 4926 545 5005 δρείας,
612 4930 703 4985 καὶ
783 4929 1032 4995 ἐκάθισαν
1104 4932 1397 5006 ἀμσότεροι
1468 4931 1521 4988 ἐν
1586 4933 1667 5005 τῷ
1726 4928 1997 5007 ϐασιλικῷ

344 5018 615 5094 ὀχήματι,
665 5021 987 5094 κατέχοντες
1039 5022 1091 5074 ἐν
1144 5025 1262 5083 τοῖς
1307 5021 1527 5096 γόνασιν
1576 5021 1752 5077 αὐτῶν
1783 5024 1844 5078 τὸ
1873 5025 1996 5101 ἅγια

342 5115 591 5190 λείψανα,
625 5123 734 5173 etc.
777 5119 1041 5189 Denique
1077 5119 1235 5175 idem
1266 5120 1526 5193 Scriptor
1557 5138 1710 5177 anno
1741 5124 1810 5177 36
1840 5126 1995 5195 ejus-

342 5206 471 5261 dem
507 5206 901 5278 imperatoris,
957 5208 1054 5262 ubi
1103 5209 1173 5263 de
1221 5208 1488 5265 fecundis
1540 5212 1810 5267 Enceniis
1853 5213 1993 5270 sedis

340 5294 648 5365 Sophiane
695 5312 709 5349 :
767 5294 832 5348 Ἦ
878 5291 936 5348 δὲ
991 5296 1261 5371 παννυχὶς
1305 5301 1414 5351 τῶν
1483 5297 1658 5354 αὐτῶν
1704 5298 1989 5373 ἐγκαινίων

339 5381 559 5457 γέγονεν
593 5381 670 5445 εἰς
712 5382 807 5437 τὸν
857 5379 1008 5459 ἅγιον
1054 5383 1340 5455 Πλάτωνα,
1391 5386 1480 5441 καὶ
1533 5386 1753 5457 ἐξῆλθεν
1790 5388 1989 5455 ἐκεῖθεν

341 5480 371 5534 ὁ
400 5482 754 5556 πατριάρχης
787 5484 909 5539 Kll.
945 5482 1217 5561 Ιῖὑτῦχιος
1242 5486 1377 5558 μετᾶ
1405 5493 1503 5556 τῆς
1539 5485 1718 5557 λιτῆς,
1744 5508 1990 5563 συμπαρ-

341 5568 497 5631 όντος
526 5568 614 5623 καὶ
665 5574 761 5624 τοῦ
824 5570 1112 5646 βασιλέως,
1171 5573 1528 5647 καθεζόμενος
1591 5574 1642 5629 ἐν
1702 5579 1780 5647 τῷ
1847 5576 1987 5653 ὀχή-

343 5676 494 5733 ματι,
527 5658 614 5711 καὶ
666 5663 848 5735 φορῶν
890 5661 955 5716 τὸ
1001 5660 1365 5718 ἁποστολικὸν
1412 5670 1627 5738 σχῆμα,
1653 5663 1742 5718 καὶ
1772 5684 1984 5740 κρατων

334 5747 397 5803 τὸ
424 5746 582 5819 ἅγιον
614 5747 973 5824 Εὐαγγέλιον.

2109 4659 2407 4729 aliamque
2443 4656 2625 4711 fuisse
2659 4655 2730 4711 ab
2774 4655 2895 4710 aede
2924 4657 2980 4709 S.
3036 4652 3360 4721 Diomedis,
3411 4669 3541 4725 quae
3587 4655 3762 4707 antea

2109 4752 2165 4804 S.
2201 4746 2334 4802 Elite
2384 4745 2859 4817 nuncupabatur,
2916 4745 2979 4798 ut
3029 4745 3282 4797 testatur
3311 4741 3557 4814 Symeon
3588 4744 3767 4812 Logo-

2107 4837 2274 4894 theta
2333 4835 2391 4889 in
2447 4832 2724 4890 Michacle
2781 4838 2838 4889 et
2893 4830 3217 4898 Theodora,
3248 4834 3305 4885 et
3352 4830 3509 4885 intra
3552 4829 3759 4885 urbem

2108 4940 2254 5005 erat,
2287 4935 2360 4990 ad
2413 4938 2639 5005 portam
2704 4930 2866 4987 urbis
2916 4931 3185 4986 Auream.
3218 4926 3556 4985 Monasterii
3591 4942 3759 5000 porro

2106 5025 2436 5082 Jerusalem
2497 5020 2775 5095 appellati
2822 5020 3068 5077 abbates
3124 5017 3388 5074 conciliis
3432 5014 3759 5073 Constanti-

2106 5114 2305 5187 n0poli
2359 5113 2698 5168 interfuisse
2756 5109 2896 5167 alibi
2953 5111 3380 5166 observamus:
3434 5122 3573 5162 nam
3629 5120 3760 5162 cum

2058 5232 2063 5237 ’
2105 5213 2271 5285 prius
2315 5210 2603 5267 catholica
2631 5212 2788 5265 esset
2815 5206 3085 5276 ecclesia,
3116 5224 3219 5263 seu
3254 5202 3527 5278 plebalis,
3560 5220 3761 5260 mona-

2104 5302 2231 5358 chis
2278 5307 2370 5356 est
2416 5299 2722 5355 attributa.
2775 5295 3123 5353 Consimiles
3172 5294 3319 5351 alias
3358 5293 3419 5349 in
3470 5296 3761 5365 Campum

2101 5390 2390 5446 Hebdomi
2440 5388 2745 5443 institutos
2802 5385 3041 5442 litanias
3090 5384 3163 5441 ob
3200 5390 3367 5440 terra
3413 5386 3635 5451 motus,
3669 5379 3760 5437 vel

2101 5481 2173 5536 ob
2232 5480 2376 5534 alias
2434 5476 2674 5549 quasvis
2730 5473 3117 5543 calamitates,
3153 5472 3369 5529 hvbent
3414 5471 3761 5543 scriptores,

2100 5594 2166 5634 ac
2198 5576 2519 5648 praesertim
2544 5574 2704 5630 illam
2737 5573 2810 5628 de
2830 5589 2947 5644 qua
2976 5573 3273 5628 Cedrenus
3291 5570 3416 5643 agit
3436 5569 3495 5624 in
3515 5567 3757 5626 Justino

2098 5665 2349 5735 seniore,
2392 5680 2566 5736 quem
2608 5668 2879 5735 percepto
2922 5667 3089 5717 terra
3124 5665 3285 5716 motu
3317 5674 3529 5715 eversae
3556 5657 3757 5715 Antio-

2097 5755 2245 5812 chite
2299 5753 2505 5810 nuntio
2557 5751 2840 5825 lugubres
2878 5756 3071 5810 vestes
3113 5748 3382 5806 induisse
3422 5747 3653 5817 scribit,
3693 5753 3754 5804 et
