4130 6390
375 437 498 500 393

1723 421 1826 484 DE
1871 421 2252 484 HEBDOMO
2296 419 2412 482 GP.

3674 426 3796 486 394

376 567 691 642 Byzantios
752 584 856 640 per
901 571 1123 640 septem
1182 565 1306 622 dies
1366 561 1443 626 εἷς
1505 560 1612 636 πρὸ
1669 564 1768 628 τῆς
1817 555 2034 620 πόλεως

2164 560 2411 612 Romano
2469 561 2803 630 Lacapeno,
2879 564 3162 632 Symeone
3222 558 3606 632 Bulgarorum
3666 577 3800 634 rege

375 653 565 712 πεδίον
622 651 757 709 ἑπτὰ
808 652 1062 726 σημείοις
1126 651 1334 726 ἀπέχον
1388 651 1631 707 litanias
1680 646 2030 704 instituisse.

376 751 502 816 Qua
531 745 773 819 quidem
808 743 1084 815 loquendi
1135 742 1388 799 formula
1438 757 1581 796 usus
1624 742 1713 795 est
1739 737 2034 792 Cedrenus

376 839 613 907 recepta
672 833 825 905 apud
880 833 1107 888 Graecos
1157 835 1215 887 et
1269 829 1504 886 Latinos
1561 827 1878 897 scriptores
1936 821 2036 893 qui

381 924 602 996 linguai
631 920 931 978 venustati
986 919 1306 976 studebant
1335 935 1347 972 :
1403 919 1561 989 quod
1609 914 1754 972 satis
1784 912 1869 968 vel
1901 911 2038 967 inde

383 1012 678 1086 percipere
707 1014 821 1079 est,
853 1010 1009 1080 quod
1061 1007 1260 1064 statim
1312 1007 1492 1062 addat
1538 1007 1813 1076 cam’pum
1859 999 2035 1056 exsti-

384 1101 522 1158 tisse
549 1098 654 1172 πρὸ
684 1103 786 1166 τῆς
813 1093 1055 1158 πόλεως.
1103 1101 1299 1168 Neque
1346 1094 1502 1151 enim
1535 1107 1780 1164 campus
1811 1090 1870 1144 in
1904 1105 2037 1161 pro-

383 1193 582 1262 spectu
606 1186 769 1244 urbis
795 1201 925 1241 esse
942 1184 1134 1257 potuit
1163 1183 1212 1239 si
1244 1184 1316 1238 ab
1343 1199 1410 1239 ea
1439 1186 1664 1254 septem
1683 1178 2037 1235 milliaribus

386 1277 633 1336 dissitus
665 1275 796 1344 fuit,
826 1291 932 1331 nec
961 1274 1140 1330 indici
1175 1277 1277 1329 aut
1313 1273 1437 1328 ﬁeri
1473 1276 1712 1344 potuere
1737 1265 2038 1339 supplica-

384 1366 593 1437 tiones,
627 1381 816 1437 neque
860 1363 1026 1436 plebs
1075 1361 1370 1418 continuis
1418 1365 1641 1432 septem
1670 1357 1878 1414 diebus
1910 1371 2038 1411 ora-

381 1455 560 1511 tionis
608 1455 798 1527 gratia
827 1454 899 1508 ad
932 1449 1252 1526 septimum
1285 1451 1356 1508 ab
1387 1450 1532 1506 urbe
1561 1447 1812 1504 milliare
1841 1461 2038 1517 proce-

381 1545 520 1602 dere
551 1544 734 1617 (quod
766 1541 941 1598 velim
973 1542 1126 1598 serio
1168 1541 1435 1598 attendat
1475 1539 1564 1595 vir
1611 1535 1861 1608 doctus),
1895 1549 2039 1606 quo-

381 1633 525 1689 tidie
557 1633 632 1688 ad
691 1633 897 1688 urbem
941 1630 1026 1686 vel
1081 1631 1153 1686 ad
1203 1630 1368 1685 urbis
1420 1627 1686 1701 proxima
1715 1639 2038 1681 reversura.

381 1722 537 1780 Urbs
573 1721 932 1777 Parisiorum
966 1724 1130 1776 terrae
1165 1723 1326 1775 motu
1348 1733 1639 1774 concussa
1658 1714 1855 1780 fuerit,
1889 1711 2043 1766 cives

384 1829 456 1868 ne
488 1811 703 1866 adium
739 1811 910 1865 ruina
950 1810 1300 1875 obruantur,
1352 1806 1642 1864 Versalias
1691 1820 1818 1859 sese
1849 1799 2040 1857 confe-

383 1903 513 1956 rent
546 1915 559 1955 :
594 1903 650 1954 et
681 1897 730 1954 si
762 1896 1007 1970 publica:
1061 1897 1400 1951 indicantur
1449 1891 1934 1966 supplicationes,
1968 1888 2040 1944 ad

383 1991 508 2045 tres
540 1992 643 2043 aut
672 1992 928 2059 quatuor
987 1986 1185 2042 leucas
1234 1983 1496 2056 quotidie
1550 1981 1825 2038 secedent
1865 1993 2046 2034 rever-

382 2077 507 2134 suri
535 2075 559 2131 Ρ
590 2093 663 2131 an
695 2074 914 2146 aliquis
955 2090 1109 2131 sanie
1160 2074 1375 2128 mentis
1415 2071 1472 2127 id
1506 2070 1618 2127 sibi
1648 2065 2048 2142 persuadeat?

387 2177 449 2231 In
486 2173 653 2248 urbis
680 2176 834 2229 certe
863 2171 1072 2227 vicinis
1103 2171 1246 2228 locis
1276 2169 1529 2227 tentoria
1557 2166 1909 2240 explicuisse
1929 2181 2046 2220 non

387 2263 698 2320 abnuerim
737 2263 797 2318 in
829 2261 1122 2332 ejusmodi
1166 2264 1337 2316 terrae
1371 2264 1636 2314 motuum
1672 2255 1995 2313 terroribus
2027 2269 2044 2321 ς

388 2354 664 2424 civesque
686 2356 849 2408 extra
871 2351 1098 2420 urbem,
1125 2367 1240 2405 non
1265 2364 1400 2404 vero
1422 2349 1492 2404 ad
1511 2347 1832 2420 septimum
1859 2358 2047 2414 usque

389 2439 662 2510 milliare,
687 2439 1061 2512 prorupisse,
1108 2439 1292 2494 donec
1341 2438 1379 2492 ii
1431 2437 1767 2493 desinerent
1799 2451 1832 2513 ε.
1864 2436 1928 2488 ut
1985 2431 2045 2486 in

388 2536 558 2587 terras
605 2534 791 2599 motu,
842 2529 943 2600 qui
994 2528 1206 2584 accidit
1260 2528 1296 2580 9
1344 2525 1664 2594 Februarii,
1716 2523 1921 2578 indict.
1959 2521 2044 2590 13,

390 2637 547 2678 anno
582 2621 648 2675 10
677 2617 1044 2674 Constantini
1075 2623 1133 2673 et
1163 2618 1378 2683 Irenes,
1412 2632 1551 2687 quo,
1584 2619 1650 2670 ut
1681 2613 1764 2670 ait
1798 2618 2045 2685 Symeon

392 2709 711 2782 Logotheta
739 2708 799 2762 in
850 2709 1067 2776 Chron,
1123 2722 1233 2763 ms.
1278 2710 1335 2760 et
1382 2703 1792 2776 TheOphanes,
1824 2697 2046 2770 σεισμὸς

390 2798 584 2872 γὲγονε
638 2788 1042 2869 φοϐερώτατος,
1092 2791 1229 2847 ὥστε
1284 2791 1373 2848 καὶ
1425 2791 1500 2865 μή
1545 2786 1866 2863 τολμῶντός
1908 2807 2048 2848 τινος

399 2885 450 2940 ἐν
483 2885 619 2958 οίκῳ
675 2880 1022 2952 καθευδῆσαι,
1073 2879 1220 2936 ἀλλὰ
1268 2882 1470 2942 πάντας
1517 2878 1591 2941 εἷς
1637 2879 1763 2940 τοὺς
1813 2878 2047 2948 κήπους,

401 2974 489 3027 γαὶ
542 2975 606 3027 τὰ
657 2971 845 3047 ἐξάερα
903 2971 1101 3041 σκηνὰς
1177 2972 1509 3040 ποιήσαντας
1585 2966 1786 3043 διάγειν
1822 2985 1835 2997 ⁸
1899 2969 1932 3034 ἡ
1993 2962 2049 3019 δὲ

402 3060 686 3138 βασίλισσα
742 3062 856 3134 ἅμα
900 3064 978 3133 τῷ
1029 3058 1133 3132 υἷῷ
1179 3060 1348 3129 αὐτῆς
1399 3057 1618 3130 ἐξῆλθεν
1674 3056 1726 3112 ἐν
1772 3059 1850 3127 τῷ
1886 3053 2049 3130 ’Λγίῳ

395 3152 675 3224 Μάμαντι,
738 3153 810 3208 ad
871 3150 1158 3224 palatium
1219 3149 1464 3221 scilicet,
1521 3149 1674 3220 quod
1755 3148 1825 3203 ad
1889 3145 2052 3201 urbis

393 3259 597 3298 muros
631 3258 836 3297 versus
866 3242 1065 3296 sinum
1108 3239 1442 3296 Ceratinum
1493 3242 1636 3305 erat,
1669 3236 1911 3293 secessit
1939 3235 2050 3290 im-

395 3331 660 3402 peratrix
692 3345 704 3384 :
741 3346 856 3402 quo
885 3328 1062 3385 etiam
1093 3345 1222 3384 sese
1264 3327 1554 3400 recepisse
1604 3327 1856 3382 Leonem
1886 3327 1958 3378 M.
1994 3323 2052 3378 in
2083 3299 2126 3367 (ἶ

394 3418 578 3475 simili
609 3423 774 3474 terris
825 3423 987 3474 motu
1019 3417 1222 3473 scribit
1252 3417 1564 3473 Chronicon
1592 3416 2053 3472 Alexandrinum.

473 3525 566 3581 VI.
594 3525 835 3595 Deinde,
863 3529 927 3580 ut
943 3524 1224 3593 diximus,
1255 3524 1353 3595 qui
1379 3524 1702 3595 ﬁeripotest
1719 3529 1783 3577 ut
1803 3527 2056 3593 Campus

403 3614 518 3688 πρὸ
546 3615 648 3678 τῆς
696 3611 914 3674 πόλεως
963 3613 1161 3677 fuerit,
1212 3613 1261 3668 si
1308 3613 1381 3668 ab
1431 3629 1497 3668 ea
1542 3618 1767 3684 septem
1792 3610 2056 3666 millibus

399 3703 652 3759 dissitus
701 3702 868 3759 fuit?
918 3702 1024 3756 hac
1074 3707 1228 3758 certe
1285 3700 1561 3772 loquendi
1622 3700 1873 3756 formula
1927 3715 2054 3770 quae

402 3792 699 3848 moenibus
730 3791 993 3864 proxima
1024 3797 1164 3846 sunt
1194 3795 1251 3846 et
1278 3789 1338 3846 in
1371 3789 1527 3846 illius
1545 3793 1854 3862 prospectu
1883 3787 2056 3861 vulgo

402 3881 735 3954 intelligere
765 3881 1080 3954 scriptores
1124 3877 1318 3952 palam
1373 3885 1486 3936 est.
1537 3882 1726 3952 Atque
1760 3884 1819 3933 ul
1850 3879 1906 3932 id
1942 3894 2057 3932 uno

403 3975 510 4026 aut
560 3969 741 4026 altero
799 3970 1026 4024 ﬁrmem
1091 3968 1240 4034 loco,
1299 3969 1506 4024 scribit
1552 3973 1756 4024 auctor
1802 3966 2062 4022 ϐήτηοηὶεὲ

401 4058 775 4115 Alexandrini
804 4057 1250 4114 Consiantinum
1282 4060 1354 4112 M.
1388 4057 1723 4112 instaurata
1774 4063 2057 4128 Drepano,

400 4147 692 4220 Bithynia
739 4146 904 4214 urbe,
954 4162 1141 4218 eaque
1186 4145 1522 4218 Helenopoli
1576 4147 1647 4201 de
1705 4145 1910 4201 matris
1959 4162 2060 4200 no-

404 4238 567 4295 mine
599 4237 910 4311 appellata,
943 4236 1094 4290 hanc
1142 4233 1513 4307 vectigalium
1563 4234 1935 4291 immunitate
1965 4235 2063 4290 do-

404 4342 584 4382 nasse
664 4319 770 4386 'éwc
851 4326 1081 4398 φανερᾶς
1165 4327 1437 4397 περιοχῆς
1520 4321 1626 4396 πρὸ
1680 4323 1778 4390 τῆς
1821 4320 2062 4394 πόλεως,

402 4430 680 4489 quousque
705 4419 855 4486 patet
903 4419 1030 4469 ante
1076 4412 1272 4468 urbem
1317 4417 1658 4485 prospectus,
1690 4413 1749 4467 in
1781 4413 2062 4470 honorem

407 4510 469 4559 Β.
505 4502 745 4559 Luciani
779 4501 1076 4575 martyris.
1118 4501 1282 4558 Unde
1329 4505 1489 4574 patet
1520 4501 1804 4574 quidquid
1835 4501 1895 4556 in
1931 4518 2064 4573 pro-

406 4598 614 4667 spectu
666 4597 754 4648 est
812 4589 1092 4660 civitatis,
1147 4591 1262 4647 dici
1319 4606 1450 4647 esse
1509 4589 1615 4664 πρὸ
1661 4596 1762 4659 τῆς
1823 4589 2063 4652 πόλεως.

2144 646 2216 701 ad
2275 647 2478 701 urbem
2538 663 2669 701 cum
2733 647 2926 702 valido
2997 650 3251 704 exercitu
3309 650 3607 720 tendente,
3667 667 3797 706 eam

2145 739 2578 807 oppugnatum,
2639 741 2965 792 Romanum
3021 738 3456 810 imperatorem,
3538 756 3609 794 ne
3675 756 3801 812 quae

2145 827 2280 878 ante
2309 824 2511 879 urbem
2543 829 2710 881 erant
2730 826 3103 882 amocnitates
3125 827 3197 882 ab
3220 826 3387 883 hoste
3404 831 3800 895 vastarentur,

2146 912 2344 982 copias
2374 929 2514 968 suas
2562 918 2719 968 extra
2771 915 2983 970 moenia
3030 915 3302 972 eduxisse
3336 932 3347 970 :
3395 915 3456 971 Ὁ
3489 917 3714 989 Συμεὼν
3745 912 3804 969 δὲ

2145 999 2282 1053 κατᾶ
2335 1005 2436 1068 τῆς
2494 997 2712 1063 πόλεως
2784 999 3050 1075 ἐκπέμπει
3123 1003 3350 1078 στρατόν
3387 1021 3399 1034 ·
3455 1001 3550 1058 ’ίνα
3607 1001 3664 1059 δὶ
3725 1005 3800 1077 μή

2146 1084 2393 1150 ἐλθόντες
2457 1087 2552 1152 τὰς
2629 1095 2729 1158 τῆς
2799 1091 2905 1166 πρὸ
2980 1098 3078 1160 τῆς
3144 1090 3360 1154 πόλεως
3419 1089 3801 1170 διαφθείρωσιν

2146 1173 2400 1252 ἀγλαίας,
2433 1173 2642 1250 ἔπεμψε
2673 1177 2761 1232 καὶ
2794 1178 2821 1231 ὁ
2871 1179 3154 1251 Ῥωμανὸς
3191 1180 3322 1242 τοὺς
3352 1181 3805 1254 ἀντιταξαμένους

2150 1264 2312 1338 αὐτῷ.
2342 1271 2540 1340 Neque
2559 1267 2729 1325 aliter
2743 1268 3399 1342 Continuatorejusdem
3412 1271 3804 1343 Theophanis,

2149 1353 2250 1411 lib.
2288 1374 2373 1427 ιιι,
2407 1375 2464 1412 n.
2498 1357 2551 1427 4,
2592 1357 2733 1413 dum
2776 1358 2982 1414 scribit
3009 1360 3397 1433 Theophilum
3433 1362 3578 1434 imp.
3602 1352 3806 1433 palatii

2151 1461 2353 1501 muros
2383 1445 2702 1512 cxcedisse,
2736 1450 2802 1501 ut
2847 1447 2996 1502 liber
3041 1454 3197 1504 esset
3245 1450 3303 1504 in
3349 1450 3511 1506 urbis
3541 1451 3808 1522 proxima

2151 1539 2518 1608 prospectus,
2565 1539 2743 1607 atque
2782 1536 2927 1591 adeo
2981 1536 3038 1592 in
3089 1537 3281 1609 ipsam
3331 1539 3800 1612 Propontidem:

2149 1635 2305 1695 ὋΟεν
2334 1629 2421 1686 ἐπί
2449 1653 2572 1687 τινα
2627 1637 2734 1687 τῶν
2795 1631 3099 1710 ἀφθαλμῶν
3159 1633 3390 1690 ἑστίασιν
3438 1635 3504 1690 τὰ
3551 1636 3659 1710 πρὸ
3704 1638 3805 1705 τῆς

2151 1719 2368 1783 πολεως
2421 1716 2638 1796 ἔχοντα,
2686 1723 2759 1783 ὡς
2813 1720 2900 1776 ἐπὶ
2959 1722 3021 1777 τὸ
3079 1721 3334 1778 πλεῖστον
3385 1723 3462 1788 είς
3518 1725 3679 1780 ἑαυτᾶ
3707 1745 3803 1779 κα-

2153 1810 2310 1866 λοῦσι
2341 1810 2468 1871 τοὺς
2502 1809 2768 1885 βασιλεῖς,
2814 1811 2881 1874 τὰ
2930 1812 3070 1886 πρὸς
3111 1815 3210 1883 τήν
3261 1812 3532 1868 θάλασσαν
3585 1816 3682 1868 τοῦ
3712 1834 3811 1868 πα-

2155 1898 2344 1955 λατίου
2399 1898 2562 1975 τείχη
2622 1904 2728 1954 τῶν
2775 1898 3025 1975 ἀρχαίων
3071 1901 3340 1975 θεμελίων
3396 1903 3553 1965 οὗτος
3609 1922 3808 1976 παρεκ-

2156 1983 2362 2060 ϐαλὼν,
2411 1988 2501 2042 καὶ
2558 1988 2692 2063 πρὸς
2749 1989 2815 2044 τὰ
2865 1987 3072 2059 ἡλιακὰ
3111 2024 3179 2032 —
3235 1989 3590 2068 παραδείσους
3648 1992 3808 2069 ἐργα-

2156 2079 2410 2150 σάμενος,
2441 2075 2642 2142 ἐκεῖθεν
2689 2078 2752 2132 τὸ
2804 2077 2996 2134 λοιπὸν
3054 2078 3114 2134 ’ἂν
3167 2077 3432 2156 ἐπλήρός,
3483 2081 3572 2136 καὶ
3620 2081 3805 2136 ἑαυτὸν

2155 2161 2342 2240 ἔτερπε
2390 2165 2629 2237 τούτοις,
2682 2168 2772 2222 καὶ
2821 2166 3188 2245 ἐψυχαγώγει,
3249 2171 3323 2233 ὡς
3372 2171 3465 2233 τὸς
3507 2166 3672 2233 είκὸς.
3712 2172 3811 2228 Di-

2155 2261 2354 2312 ruerat
2403 2261 2738 2329 Lacapenus
2791 2257 2992 2314 Palatii
3047 2276 3273 2328 muros,
3326 2265 3391 2317 ut
3441 2277 3644 2318 eorum
3678 2278 3806 2334 quae

2154 2344 2260 2418 πρὸ
2288 2346 2388 2414 τὴς
2419 2343 2636 2408 πόλεως
2667 2352 2833 2402 erant
2873 2355 3190 2421 conspectu
3223 2349 3413 2406 visum
3445 2349 3760 2406 oblectaret
3792 2364 3807 2406 :

2155 2435 2238 2489 ita
2288 2440 2513 2490 exserte
2569 2435 2662 2490 hic
2713 2435 2977 2508 scriptor.
3023 2438 3133 2493 Sed
3188 2442 3244 2492 et
3292 2437 3374 2493 ita
3422 2439 3571 2494 hanc
3610 2455 3811 2495 vocem

2159 2530 2407 2594 usurpat
2431 2524 2852 2580 Constantinus
2883 2525 3422 2598 Porphyrogenitus
3451 2528 3510 2583 in
3545 2529 3632 2584 avi
3655 2529 3809 2594 Vita,

2158 2629 2216 2668 ιι.
2247 2617 2320 2667 22
2348 2613 2623 2669 editionis
2651 2614 3004 2685 Comheﬁsii,
3037 2620 3097 2670 ut
3127 2615 3274 2672 alios
3303 2616 3595 2672 omittam.

2230 2720 2354 2774 VII.
2388 2724 2513 2776 Non
2562 2721 2715 2776 alius
2764 2721 2946 2793 igitur
2998 2722 3108 2777 fuit
3149 2725 3407 2795 Campus
3460 2725 3570 2780 iste
3619 2725 3692 2780 ab
3746 2740 3813 2781 eo

2159 2809 2259 2880 qui
2295 2809 2458 2864 urbis
2486 2809 2779 2865 moenibus
2809 2811 3188 2867 terrestribus
3234 2828 3337 2867 seu
3384 2812 3813 2869 Theodosianis

2160 2897 2599 2969 obversabatur,
2633 2899 2729 2968 qui
2762 2897 3042 2954 Hebdomi
3097 2918 3309 2956 nomen
3351 2901 3615 2973 retinuit,
3655 2903 3812 2974 quod

2159 2989 2312 3042 inter
2346 2987 2546 3044 urbem
2593 2993 2649 3044 et
2697 2990 3014 3060 septimum
3061 2989 3312 3047 milliare
3345 2992 3812 3064 protenderetur,

2161 3078 2660 3150 quemadmodum
2705 3077 2979 3150 planities
3025 3078 3177 3135 inter
3229 3081 3518 3136 Lutetiam
3574 3086 3630 3137 et
3675 3081 3818 3136 Sen-

2160 3165 2571 3238 dionysianum
2607 3166 2914 3238 Oppidum,
2949 3184 3065 3223 non
3097 3169 3423 3237 Lutetiana,
3445 3170 3545 3226 sed
3566 3169 3817 3226 Sandio-

2164 3257 2411 3327 nysiana
2441 3254 2786 3327 appellatur.
2821 3255 2875 3312 ls
2906 3273 3038 3313 vero
3070 3257 3269 3328 Campi
3296 3259 3484 3314 Martii
3508 3259 3630 3316 vice
3652 3259 3817 3316 urbis

2169 3343 2829 3416 Constantinopolitanae
2878 3344 3030 3400 fuit:
3095 3363 3227 3400 nam
3290 3349 3542 3418 majores
3611 3363 3816 3404 omnes

2166 3433 2430 3489 civitates
2483 3433 2776 3503 ejusmodi
2827 3435 2898 3490 ad
2963 3436 3176 3490 moenia
3240 3452 3478 3507 campos
3537 3435 3819 3492 habuisse

2166 3522 2306 3577 alibi
2331 3521 2412 3594 (in
2429 3520 2593 3578 Gloss.
2619 3522 2760 3578 med.
2790 3520 2915 3595 lat.)
2942 3523 3251 3580 docuimus
3273 3524 3332 3579 in
3359 3525 3576 3596 quibus
3609 3524 3818 3581 milita-

2167 3628 2260 3667 res
2291 3609 2504 3666 civium
2539 3611 2746 3666 ﬁerent
2793 3613 3235 3669 exercitationes
3270 3631 3283 3670 :
3335 3631 3484 3686 quo
3510 3614 3639 3670 ideo
3669 3611 3816 3687 κάμ-

2164 3718 2300 3759 πους
2333 3697 2752 3773 στρατιωτικούς
2783 3706 2950 3756 vocat
2993 3701 3332 3758 Theodorus
3390 3702 3818 3775 Hermopolites

2166 3779 2424 3842 inoditus
2453 3789 2594 3856 (Lib.
2629 3805 2646 3842 1
2677 3790 2774 3858 fol.
2810 3790 2895 3861 12,
2931 3791 3063 3846 Cod.
3093 3791 3250 3863 Reg.)
3284 3809 3297 3846 :
3331 3791 3397 3844 Ἢ
3445 3789 3634 3867 γέγονε
3672 3791 3812 3864 κάμ-

2167 3895 2269 3936 πος
2311 3877 2719 3949 στρατιωτικὸς,
2751 3877 2838 3931 καὶ
2874 3877 3238 3953 ἐγυμνάζοντο
3279 3879 3332 3933 ἐν
3363 3879 3509 3950 αὖτῷ
3551 3881 3607 3933 οἱ
3653 3900 3814 3952 στρα-

2166 3969 2378 4020 τιῶται.
2439 3967 2554 4022 Hos
2602 3966 2876 4040 Μαρτίους
2949 3970 3118 4024 unice
3167 3969 3424 4041 appellat
3474 3970 3813 4039 Mauricius,

2169 4053 2271 4110 lib.
2306 4072 2370 4111 ιιι
2427 4055 2661 4126 Strateg.
2712 4072 2839 4128 cap.
2897 4057 2951 4111 2.
2997 4057 3094 4112 Ὃν
3152 4060 3367 4131 πρῶτον
3408 4055 3459 4112 ἐν
3492 4057 3570 4128 τῷ
3600 4057 3826 4133 Μαρτίῳ

2169 4145 2302 4198 ποτὲ
2377 4143 2428 4197 οἱ
2503 4138 2876 4220 καϐαλλάριοι
2947 4140 3164 4214 ἔπαιζον
3245 4145 3294 4200 ἐν
3374 4151 3491 4208 τοῖς
3562 4167 3830 4222 παραχει-

2176 4229 2413 4304 μαδίοις.
2451 4240 2528 4289 De
2559 4234 2631 4289 iis
2685 4235 2861 4289 etiam
2912 4235 2992 4290 ita
3043 4235 3344 4308 Vegetius,
3375 4237 3477 4292 lib.
3503 4239 3547 4308 l,
3582 4253 3709 4308 cap.
3741 4255 3779 4293 x
3813 4255 3826 4294 :

2172 4323 2407 4378 Romani
2437 4331 2658 4392 veteres,
2689 4339 2823 4395 qaos
2853 4327 2927 4379 tot
2959 4324 3109 4380 bella
3140 4334 3190 4381 et
3219 4330 3545 4382 continuata
3583 4328 3832 4398 pericula

2173 4412 2242 4466 ad
2272 4427 2488 4468 omnem
2517 4414 2598 4468 rei
2639 4413 2910 4468 militaris
2953 4414 3274 4469 erudierunt
3323 4419 3518 4486 artem,
3567 4417 3833 4488 Campum

2174 4501 2431 4556 Martium
2463 4502 2703 4556 vicinum
2736 4502 2916 4557 Tiberi
2943 4502 3277 4576 delegerunt,
3310 4506 3371 4559 in
3421 4522 3528 4578 quo
3563 4506 3829 4577 juventus

2171 4595 2291 4662 post
2321 4592 2646 4646 exercitium
2675 4608 2963 4646 armorum
2982 4593 3232 4650 sudorem
3261 4596 3654 4667 pulveremque
3682 4595 3836 4652 dilu-

411 4691 615 4746 Latino
664 4687 904 4746 Barbari
964 4687 1026 4744 in
1078 4688 1353 4745 banleuca
1409 4687 1691 4744 dicerent.
1740 4689 1849 4743 Sed
1894 4695 1952 4743 et
1999 4679 2068 4744 de
2100 4671 2147 4737 D
2178 4684 2309 4734 erat.
2369 4679 2514 4734 Hinc
2567 4679 2855 4750 ejusmodi
2923 4682 3148 4753 Campi,
3205 4682 3304 4738 ubi
3361 4688 3419 4739 et
3447 4686 3840 4742 censebantur

406 4780 670 4854 quadarn
740 4779 810 4834 ad
881 4777 1046 4834 sinus
1101 4777 1358 4834 Ceratini
1418 4785 1591 4850 caput
1650 4777 1849 4833 insula
1901 4777 2074 4832 verba

410 4869 635 4926 faciens
690 4867 937 4923 Michael
990 4866 1218 4922 Psellus
1263 4867 1319 4920 in
1388 4863 1534 4921 Hist.
1584 4883 1694 4922 ms.
1745 4867 1802 4921 in
1854 4867 2073 4923 Isaacio

409 4960 732 5024 Comneno,
766 4957 850 5012 ita
899 4956 1021 5011 hmo
1073 4955 1250 5011 verba
1302 4960 1598 5027 usurpat:
1648 4954 1754 5009 Καὶ
1793 4952 2073 5030 βασίλειος

407 5048 605 5101 τοῦτον
659 5043 952 5120 καταγωγὴ
1001 5040 1166 5097 αὐτοῦ
1219 5063 1324 5096 που
1373 5042 1480 5117 πρὸ
1526 5046 1625 5107 τῆς
1675 5042 1892 5107 πόλεως
1939 5044 2069 5098 ὑπο-

416 5133 637 5209 δέχεται
723 5129 1052 5208 περίκυκλος
1134 5135 1202 5204 τῇ
1283 5128 1523 5206 Θαλάσσῃ
1613 5133 1734 5186 καθ’
1819 5133 2072 5207 ἑκατέρου

415 5223 638 5298 μέρους,
702 5218 853 5297 ἀνδρῖ
924 5219 1200 5294 αὐτάρκης
1249 5223 1550 5294 θηρατιιιῷ³
1613 5217 1740 5275 ἀλλ’
1797 5220 1926 5296 οὐχὶ
1981 5222 2070 5276 καὶ

409 5315 496 5383 τῷ
532 5308 747 5387 βασιλεῖ
778 5308 974 5382 τούτῳ.
1008 5309 1282 5383 Seylitzes
1314 5309 1373 5364 in
1406 5309 1611 5364 eodem
1644 5311 1863 5366 Isaacio
1898 5329 1909 5365 :
1944 5315 2072 5373 Οθεν

415 5397 486 5470 δὴ
517 5407 617 5470 τῆς
645 5403 752 5454 τῶν
805 5396 1198 5475 Ἀρχαγγέλων
1251 5396 1612 5472 ἐφισνιαμένης
1661 5399 1854 5473 ἑορτῆς
1883 5395 2071 5469 ἔξεισιν

415 5490 496 5552 είς
537 5490 600 5544 τὸ
648 5489 756 5562 πρὸ
809 5491 910 5557 τῆς
961 5488 1205 5556 πόλεως,
1259 5486 1568 5565 φιλοτίμως
1627 5487 1693 5541 τὰ
1733 5493 1834 5557 τῆς
1876 5488 2071 5564 ἑορτῆς

410 5577 694 5637 ἐκτελέσαι
725 5575 1066 5648 σπουδάζων,
1100 5577 1158 5634 in
1191 5579 1373 5634 sedem
1398 5578 1622 5634 scilicet
1652 5581 1726 5634 Χί
1761 5576 2070 5650 Ordinum,

415 5688 547 5744 quae
580 5669 767 5726 muris
813 5668 1195 5726 terrestribus
1242 5667 1569 5740 adjacehat,
1622 5668 1706 5723 uti
1739 5668 2070 5726 observavi-

417 5771 553 5817 mus
577 5759 638 5816 in
688 5763 889 5816 nostra
940 5757 1438 5828 Constantinopoli.
1487 5755 1689 5812 Tradit
1724 5757 1978 5816 Zonaras
2011 5761 2070 5816 in

735 5886 999 5948 ΡΑτιιοι..
1047 5885 1158 5946 Gn.
1212 5885 1505 5950 CXXXV.

2182 4769 2422 4836 milites,
2477 4775 2540 4823 ut
2595 4774 2684 4824 est
2733 4770 2889 4841 apud
2949 4773 3199 4827 Leonem
3257 4773 3721 4830 Grammaticum
3782 4779 3840 4830 et

2181 4861 2555 4930 Anonymum
2585 4859 3102 4928 Combelisianum,
3134 4861 3194 4916 in
3229 4866 3549 4934 Lacapeno,
3576 4865 3711 4931 n.6,
3737 4865 3838 4919 ubi

2183 4949 2255 5003 de
2271 4950 2489 5019 Campo
2504 4949 2572 5003 ad
2591 4948 2796 5004 urbem
2811 4949 3064 5005 Cunstan
3075 4950 3524 5022 tinopolitanam
3537 4997 3549 5020 ,
3565 4952 3839 5025 γυμνάσια

2182 5033 2459 5108 πολεμικᾶ
2509 5037 2790 5092 dicuntur
2834 5037 3207 5106 Theodorito,
3261 5037 3364 5094 lib.
3424 5057 3500 5107 iv,
3544 5043 3682 5096 Hist.
3717 5042 3836 5096 Ecc.

2182 5142 2309 5198 cap.
2342 5128 2411 5180 25
2446 5131 2503 5181 et
2530 5127 2620 5192 26,
2654 5126 2700 5180 si
2737 5126 2868 5180 novi
2895 5127 3236 5199 interpretis
3269 5129 3458 5185 versio
3491 5134 3790 5196 spectetur
3823 5148 3837 5186 :

2184 5219 2348 5277 Πεδία
2399 5221 2463 5276 τὰ
2518 5223 2764 5294 ποκέμου
2813 5219 3086 5297 δεχόμενα
3147 5223 3394 5297 μελέτας,
3456 5227 3716 5296 Libanio,
3779 5228 3838 5284 in

2182 5311 2553 5368 Presbentico
2585 5313 2655 5367 ad
2687 5311 2988 5367 Julianum
3026 5318 3162 5387 imp.
3189 5333 3303 5387 quo
3336 5317 3589 5390 respexit
3617 5316 3840 5386 Cicero,

2183 5418 2315 5457 cum
2349 5402 2476 5457 ludo
2505 5404 2803 5474 campestri
2847 5406 2899 5458 et
2954 5407 3348 5462 exercitatione
3403 5408 3488 5462 uti
3544 5406 3710 5463 dixit.
3762 5406 3843 5462 De

2182 5493 2418 5548 militari
2479 5510 2611 5548 vero
2668 5493 3078 5565 Byzantorium
3150 5496 3206 5550 in
3267 5501 3485 5570 Campo
3557 5498 3843 5554 exercita-

2183 5583 2362 5649 tione,
2405 5583 2672 5654 quaadam
2702 5583 2876 5638 habet
2904 5583 3309 5656 Theophanes,
3343 5604 3438 5644 an.
3469 5589 3502 5640 7
3537 5588 3756 5657 Phocis,
3781 5605 3846 5657 ut

2182 5677 2239 5729 et
2297 5672 2594 5729 Palladius
2653 5672 2710 5726 in
2779 5671 2912 5727 Vita
2984 5672 3406 5746 Chrysostomi,
3466 5677 3566 5733 ubi
3640 5677 3846 5741 scribit

2180 5761 2494 5817 Arcadium
2555 5761 2700 5816 urbe
2756 5777 3057 5832 egressum
3105 5765 3203 5815 τοῦ
3251 5766 3624 5836 γυμνασθῆναι
3672 5763 3726 5818 ἐν
3764 5761 3845 5834 τῷ

3481 5894 3559 5953 13
