4130 6382
346 359 462 418 395

346 587 432 638 est
465 581 538 638 ab
563 581 968 638 Hebdomiano
1001 599 1016 638 :
1050 582 1206 652 quod
1243 586 1518 652 praeterea
1555 583 1690 638 inde
1725 581 2000 654 colligere

347 668 484 726 licet
511 669 665 741 quod
697 671 992 736 Rufﬂnus,
1039 670 1346 741 praefectus
1379 665 1678 740 "praetorio,
1727 671 1788 724 in
1831 669 1997 726 Chro-

346 762 471 816 nica
497 759 884 816 Alexandrino
913 761 1305 831 interemptus
1328 758 1558 816 dicatur
1575 759 1638 815 in
1658 759 1956 815 Hebdomo
1981 775 1994 826 ;

351 849 508 922 apud
559 847 1010 922 Philostorgium
1069 864 1198 902 vero
1257 847 1359 903 lib.
1417 865 1495 920 x1,
1549 865 1677 921 cap.
1727 849 1782 914 3,
1835 845 1888 902 ἐν
1918 850 1998 919 τῷ

352 935 638 1014 λεγομένῳ
691 933 1080 1012 τριϐουναλίῳ,
1133 939 1288 1009 apud
1347 938 1664 1010 Zosimum,
1714 937 1816 994 lib.
1859 955 1910 1008 ν,
1943 941 2000 993 et

228 1080 248 1094 ,
353 1028 676 1096 Socratem,
744 1026 845 1081 lib.
903 1043 980 1094 VI,
1037 1042 1166 1098 cap.
1228 1028 1278 1098 1,
1329 1027 1435 1102 πρὸ
1492 1030 1601 1082 τῶν
1659 1024 1846 1082 πυλῶν
1897 1031 2000 1096 τῆς

354 1111 975 1178 Κωνσταντινουπόλιως
1029 1117 1188 1188 apud
1259 1117 1658 1174 Marcellinum
1717 1117 1995 1174 Comitem

348 1211 482 1264 ante
522 1207 678 1263 urbis
711 1210 898 1278 partas
925 1221 944 1258 :
991 1207 1149 1278 apud
1181 1205 1570 1264 Claudianum
1600 1207 1854 1279 denique
1893 1206 1994 1261 lib.

347 1300 410 1364 1i,
446 1295 506 1350 in
537 1295 809 1350 eumdem
838 1293 1140 1362 Ruﬁnum,
1173 1294 1231 1349 in
1263 1296 1480 1368 Campo
1533 1296 1663 1352 urbi
1714 1295 1996 1368 proximo,

347 1399 524 1458 quem
553 1383 634 1440 ita
660 1382 940 1440 describit
971 1399 984 1438 :

421 1491 583 1565 Urbis
607 1490 680 1565 ab
711 1491 959 1565 Augusta
1005 1494 1208 1556 tractu,
1253 1508 1361 1562 qua
1406 1493 1588 1560 vergit
1634 1494 1696 1546 in
1725 1497 1995 1565 austrum,

412 1563 689 1618 Planities
715 1563 908 1619 vicina
931 1566 1105 1635 patet,
1135 1579 1267 1618 nam
1295 1567 1486 1620 cetera
1511 1567 1710 1635 pontus

415 1635 648 1704 Circuit,
679 1636 880 1704 exiguo
909 1635 1108 1690 dirimi
1136 1651 1195 1690 se
1227 1637 1448 1690 tramite
1468 1651 1684 1708 passus.

344 1760 477 1818 Mox
497 1760 556 1816 in
587 1777 655 1816 ea
705 1758 948 1832 planitie
992 1759 1288 1816 exstitisse
1325 1759 1608 1832 tribunal,
1657 1760 1741 1816 sic
1779 1759 1992 1829 innuit,

343 1851 487 1907 dum
518 1848 792 1905 Rufﬁnus
824 1848 1141 1904 Arcadium
1173 1848 1482 1922 compellat
1515 1867 1527 1906 :

703 1997 717 2010 .
793 1962 1144 2026 graviterque
1171 1971 1444 2026 apprensa
1463 1960 1606 2012 veste
1630 1966 1941 2012 morantem

415 1995 664 2098 increpat
693 1995 1021 2098 λυῶἑᾶἷιὶζῖζ
1040 1995 1547 2083 13552551535251?
1553 1995 1838 2097 ἰἲέἓοῒιὲιῖίὶζ

412 2101 748 2171 Participem
775 2100 1001 2170 saepiri,
1033 2101 1348 2171 sociumque
1374 2099 1612 2155 declaret
1643 2099 1883 2156 honoris.

341 2222 482 2290 Quis
531 2240 646 2280 non
698 2222 854 2278 videt
903 2223 1063 2278 hisce
1113 2223 1368 2280 laudatis
1417 2223 1583 2291 locis,
1643 2242 1758 2280 non
1820 2226 1992 2280 modo

339 2309 732 2383 Hebdomum,
763 2312 1065 2381 Tribunal,
1096 2319 1153 2367 et
1181 2317 1465 2384 Campum
1500 2330 1602 2386 pro
1629 2331 1746 2369 uno
1763 2315 1993 2370 eodem-

339 2416 455 2472 que
495 2400 620 2457 loco
665 2401 844 2471 sumi,
895 2401 997 2456 sed
1047 2401 1222 2457 etiam
1275 2405 1560 2474 Campum
1610 2403 1804 2475 ipsum
1859 2403 1990 2460 urbi

335 2488 672 2562 proximum
707 2489 904 2561 fuisse,
957 2507 1072 2545 non
1118 2507 1253 2547 vero
1303 2491 1372 2547 ad
1422 2491 1455 2543 7
1489 2490 1738 2547 milliare
1769 2495 1792 2548 Ρ
1821 2493 2025 2564 cujus'

336 2579 573 2636 tandem
606 2580 722 2636 situ
756 2581 1010 2652 cognito,
1062 2584 1331 2652 superest
1379 2585 1444 2636 ut
1471 2597 1600 2652 quis
1630 2581 1688 2636 in
1720 2597 1788 2637 eo
1815 2581 1990 2638 exsti-

335 2668 516 2724 terint
543 2668 788 2724 ediﬁcia
815 2684 1250 2740 percurramus.

407 2757 555 2814 VIII.
587 2761 669 2814 Ex
698 2757 791 2814 his
820 2758 1113 2832 praecipua
1141 2759 1302 2816 tuere
1333 2759 1606 2816 Tribunal
1633 2763 1685 2816 et
1717 2759 1990 2817 Palatium

335 2845 923 2903 Constantinianeum
991 2845 1078 2903 vel
1142 2847 1608 2918 Justinianeum,
1671 2854 1990 2920 utrumque

308 2929 622 2992 'Hebdomi
669 2936 1116 2993 nomenclatura
1164 2937 1384 3008 pariter
1430 2939 1714 2994 donatum
1763 2956 1798 2994 a
1851 2939 1990 2994 scri-

333 3025 606 3098 ptoribus
640 3043 653 3080 :
687 3025 842 3097 quod
875 3024 972 3080 hic
1016 3023 1186 3082 nobis
1235 3025 1294 3080 in
1336 3025 1542 3097 primis
1590 3028 1982 3098 probandum.

331 3114 522 3186 Atque
570 3119 636 3170 ut
703 3131 738 3169 a
792 3114 1096 3170 Tribunali
1156 3115 1478 3184 ordiamur,
1525 3117 1586 3172 in
1630 3133 1746 3188 quo
1808 3118 1986 3173 levari

329 3205 390 3302 et
435 3201 778 3276 inaugurari
835 3201 1576 3306 solebant‘imperatores,
1651 3203 1796 3262 illud
1845 3221 1980 3261 cum
2012 3238 2056 3306 Ο

329 3290 393 3346 in
421 3295 659 3364 Campo,
703 3297 828 3347 tum
872 3292 932 3346 in
990 3291 1310 3361 Hebdomo,
1362 3297 1538 3366 atque
1587 3295 1730 3350 adeo
1761 3294 1820 3349 in
1851 3295 1983 3366 ipsa

330 3380 476 3436 urbe
527 3379 789 3436 extitisse
835 3381 1078 3437 tradunt
1123 3381 1346 3454 passim
1395 3377 1866 3454 scriptores,'ita
1924 3387 1988 3440 ut

330 3467 628 3525 interdum
676 3471 911 3542 Campus
963 3469 1246 3539 Hebdami,
1299 3471 1372 3526 ab
1419 3487 1484 3527 eo
1530 3472 1747 3543 Canpus
1795 3471 1986 3527 Tribu-

332 3557 526 3613 nalis:
606 3557 904 3614 interdum
982 3559 1246 3615 Tribunal
1321 3559 1608 3630 Hebdami,
1689 3560 1983 3617 interdum

336 3644 591 3717 denique
647 3663 714 3702 ac
781 3648 936 3702 nude
992 3647 1322 3705 Hebdomum
1379 3649 1452 3706 ab
1507 3649 1582 3706 iis
1640 3649 1979 3723 appelletur.

335 3733 484 3791 Nam
534 3750 687 3807 ecce,
739 3735 788 3790 si
837 3735 1008 3792 liceat
1053 3737 1199 3794 alias
1246 3756 1279 3794 a
1339 3739 1508 3794 nobis
1567 3739 1844 3796 adnotata
1892 3739 1988 3797 hic

337 3840 579 3880 rursum
613 3825 909 3894 recuderc,
943 3827 1002 3882 in
1035 3826 1300 3884 Chronica
1342 3828 1741 3900 Alexandrina,
1771 3827 1986 3886 Valens

337 3927 374 3968 a
428 3913 604 3970 fratre
656 3914 1059 3972 Valentiniano
1104 3915 1182 3978 εἱς
1209 3915 1752 3974 Κωσταντινούπολιν
1801 3916 1853 3972 ἑν
1906 3921 1986 3988 τῷ

334 3997 594 4076 Ἑϐδόμῳ
663 4005 884 4062 levatus
961 4007 1282 4080 imperator
1344 4008 1598 4065 dicitur:
1652 4010 1726 4066 ab
1775 4009 1984 4077 Idatio,

333 4091 816 4168 Constantinopoli
868 4097 931 4152 in
991 4097 1265 4154 milliaria
1294 4099 1329 4151 7
1395 4101 1452 4154 in
1515 4099 1831 4156 Tribunali.
1870 4099 1986 4156 Nec

331 4183 562 4240 abludit
591 4183 974 4257 Themistius,
1001 4187 1174 4258 cujus
1203 4187 1381 4243 verba
1410 4192 1649 4260 praestat
1678 4188 1774 4244 hic
1803 4189 1986 4244 addu-

329 4288 481 4341 cere,
523 4274 676 4346 quod
703 4273 1108 4330 suburbanum
1140 4273 1322 4345 istud,
1349 4275 1713 4332 Hebdomum
1739 4275 1980 4346 scilicet,

324 4360 388 4416 in
419 4361 564 4417 urbe
594 4361 858 4418 extitisse
901 4367 1126 4419 exserte
1172 4368 1441 4420 testetur.
1492 4365 1578 4421 Ita
1605 4364 1705 4422 itle
1735 4365 1794 4420 in
1825 4365 1980 4421 Phil-

328 4449 597 4520 adelphis
633 4465 645 4504 :
694 4449 857 4506 Ὃσον
889 4449 993 4525 γὰρ
1025 4447 1282 4512 πλείονος
1315 4449 1460 4520 ἄξιον
1491 4451 1554 4505 τὸ
1583 4452 1884 4522 κτήσασθαι
1915 4453 1982 4506 τά

1495 355 1966 430 DlSQUISlTIO
2009 353 2618 418 TOPOGRAPHIGA

345 489 728 566 παρακειμένῳ
756 486 945 545 πεδίω.
970 491 1078 554 Qui
1128 491 1366 563 quidem
1411 492 1664 565 Campus
1689 509 1804 548 non
1839 492 1987 548 alius

2108 491 2374 547 attendat
2401 491 2490 546 vir
2519 491 2747 548 doctus.
2777 490 3029 548 Proinde
3060 499 3299 548 matrem
3318 506 3436 550 sua:
3458 493 3774 564 inaugura-

2105 581 2274 636 tionis
2306 581 2502 636 urbem
2525 579 3240 652 Constantinopolitanam
3263 580 3400 653 jure
3432 580 3772 654 appellave-

2108 668 2185 724 rit
2211 668 2449 739 Valens,
2489 669 2647 740 quod
2699 663 2900 725 revera
2947 669 3006 724 iu
3054 685 3124 726 ea
3171 668 3328 726 facta
3375 674 3580 726 esset:
3615 672 3772 744 quod

2111 757 2352 814 minime
2391 759 2657 826 dixisset,
2707 758 2757 813 si
2804 757 2865 814 in
2911 757 3162 830 septimo
3211 759 3286 815 ab
3312 759 3458 816 urbe
3489 757 3766 817 milliario

2110 847 2321 903 fuisset
2377 851 2630 920 peracta.
2697 851 2762 902 Et
2811 863 2954 904 sane
3019 847 3392 915 Ammianus,
3449 847 3554 904 lib.
3613 865 3766 919 11m,

2105 934 2404 992 Valentem
2434 953 2472 1002 μ
2529 936 2704 992 fratre
2747 935 3160 993 Valentiniano
3216 937 3633 1009 imperatorem
3675 939 3766 994 di-

2107 1032 2268 1082 ctum
2299 1025 2801 1098 Constantinopoli
2834 1027 2895 1082 in
2926 1027 3279 1083 Suburbano
3310 1045 3556 1100 prorsus
3586 1030 3767 1086 etiam

2107 1114 2322 1179 innuit.
2346 1117 2516 1186 cujus
2547 1115 2721 1170 verba
2746 1116 2836 1170 hic
2853 1132 3168 1189 apponam,
3193 1118 3345 1188 quod
3367 1117 3768 1175 Themistiana

2107 1204 2407 1260 illustrant
2440 1222 2453 1260 :
2512 1205 2746 1276 Indeque
2776 1221 2901 1260 cum
2937 1208 3172 1262 venisset
3217 1206 3764 1280 Constantinopolim,

2107 1301 2392 1374 (loquitur
2420 1303 2490 1358 de
2516 1301 2949 1374 Valentiniano)
2997 1305 3178 1360 multa
3221 1321 3410 1362 secum
3449 1307 3564 1378 ipse
3583 1305 3764 1363 devol-

2108 1406 2254 1462 vens,
2304 1400 2356 1448 et
2405 1391 2794 1462 magnitudine
2848 1395 3168 1464 urgentium
3238 1396 3596 1466 negotiorum
3639 1395 3767 1468 jam

2104 1495 2162 1535 se
2227 1481 2482 1552 superari
2547 1481 2925 1549 considerans,
2985 1481 3135 1538 nihil
3198 1484 3537 1540 mundum
3581 1490 3763 1556 ratus,

2106 1569 2361 1640 quintum
2388 1571 2508 1625 Kal.
2540 1570 2748 1642 Aprilis
2787 1569 3126 1642 productum
3171 1572 3428 1628 eumdem
3477 1573 3762 1630 Valentem

2108 1663 2164 1715 in
2217 1659 2627 1730 Suburbanum,
2667 1645 3074 1716 universarum
3132 1661 3421 1718 sententiis
3465 1663 3764 1718 concinen-

2105 1747 2269 1818 tibus,
2317 1749 2439 1822 (nee
2483 1751 2632 1804 enim
2680 1748 2912 1805 audebat
2958 1750 3254 1822 quisquam
3296 1751 3604 1823 refragari)
3654 1753 3766 1806 Au-

2023 1869 2072 1934 B
2101 1845 2318 1909 gustum
2365 1839 2798 1910 pronuntiavit:
2845 1837 3148 1911 decoreque
3193 1840 3542 1911 imperatorii
3584 1840 3768 1897 cultus

2101 1933 2383 1994 ornatum,
2451 1931 2505 1984 et
2577 1931 2820 2000 tempora
2893 1928 3214 1985 diademate
3281 1929 3628 1996 redimitum,
3707 1931 3764 1986 in

2101 2015 2284 2072 eodem
2313 2016 2564 2074 vehicula
2612 2017 2856 2073 redimit.
2890 2016 3000 2072 Ubi
3033 2034 3136 2089 per
3163 2017 3578 2084 Suburbanum,
3613 2019 3762 2076 Heb-

2103 2105 2344 2160 domum
2379 2105 2628 2177 intelligi
2678 2111 2928 2177 constat,
2979 2106 3136 2180 quod
3169 2108 3240 2163 ad
3273 2108 3480 2164 urbem
3513 2108 3762 2176 exstitit,

2102 2219 2172 2259 ex
2200 2220 2315 2275 quo
2348 2203 2405 2258 in
2441 2203 2720 2259 Palatium
2782 2203 2994 2260 Valens
3049 2222 3165 2261 una
3223 2221 3354 2261 cum
3401 2205 3576 2262 fratre
3605 2205 3762 2262 vehi-

2103 2290 2231 2347 culo
2291 2309 2557 2348 reversus
2614 2299 2722 2348 est.
2794 2293 2877 2348 lta
2935 2309 3104 2364 porro
3156 2295 3312 2366 apud
3355 2294 3756 2352 Marcellinum

2102 2381 2374 2446 comitem
2407 2381 2688 2436 Arcadias
2747 2382 2957 2438 leva/us
3009 2387 3312 2454 Augustus
3369 2384 3588 2440 dicitur
3612 2385 3756 2440 Can-

2101 2471 2460 2540 tantinapoli,
2523 2471 2580 2524 in
2635 2471 2910 2526 milliaria
2938 2473 3187 2542 septima.
3239 2471 3348 2528 Ubi
3393 2473 3549 2530 idem
3593 2473 3760 2531 Chro-

2099 2559 2264 2614 nican
2350 2558 2819 2630 Alexandrinum,
2903 2560 2966 2613 Ἀ
2978 2555 3198 2635 ρκάδιος
3301 2557 3616 2636 Αὔγουστος
3699 2558 3755 2616 ἐν

2099 2644 2672 2702 Κωνσταντινουπόλει
2724 2645 2776 2701 ἐν
2817 2651 2898 2718 τῷ
2943 2641 3312 2724 τριϐουναλίῳ
3347 2652 3446 2703 τοῦ
3475 2643 3754 2724 Ἑϐδόμου

2098 2733 2462 2810 ἀνηγορεύθη.
2495 2738 2659 2809 Apud
2694 2738 2965 2794 eumdem
3009 2737 3412 2796 Marcellinum
3454 2741 3757 2806 comitem,

2099 2826 2401 2882 Honorium
2424 2834 2580 2898 pater
2607 2843 2742 2882 suus
2792 2827 3125 2884 Theodosius
3177 2829 3238 2883 in
3285 2826 3477 2884 eodem
3507 2829 3621 2886 loco
3649 2845 3757 2902 qua

2095 2917 2330 2986 fratrem
2364 2917 2482 2986 ejus
2511 2915 2832 2985 Arcadium,
2887 2916 3167 2975 Caesarem
3204 2917 3357 2988 fecit,
3398 2917 3457 2973 id
3502 2922 3582 2974 est
3609 2922 3762 2991 [aras

2094 3006 2324 3076 septimo
2369 3005 2436 3060 ab
2486 3005 2617 3060 urbe
2669 3003 2972 3062 milliaria.
3033 3005 3192 3062 Idem
3263 3005 3572 3065 Chronieon
3627 3009 3756 3064 Ale-

2092 3094 2435 3150 xandrinum
2483 3093 2875 3151 Theodosium
2919 3095 3224 3151 Juniorem
3274 3095 3530 3153 levatum
3574 3098 3749 3154 etiam

2093 3185 2424 3256 Augustum
2456 3181 2660 3240 scribit
2685 3180 2738 3236 ἐν
2770 3180 3344 3239 Κωνσταντίνουπόλει
3369 3183 3450 3248 εἷς
3473 3185 3536 3240 τὸ
3552 3179 3744 3241 Ἑϐδο-

2098 3289 2198 3342 μον
2257 3267 2310 3324 ἐν
2357 3273 2438 3342 τῷ
2491 3264 2882 3344 τριϐουναλίῳ,
2949 3272 3304 3330 Marcianum
3357 3289 3494 3331 vero
3548 3271 3600 3326 tv
3655 3275 3737 3344 τῷ

2093 3351 2372 3432 Ἑϐδόμῳ,
2397 3361 2622 3417 omissa
2647 3376 2780 3416 voce
2796 3361 3151 3419 Tribunalis.
3182 3363 3377 3419 Zenon
3417 3365 3476 3419 in
3506 3363 3732 3434 septima

2093 3447 2320 3505 levatus
2379 3449 2660 3506 scribitur
2733 3451 2888 3522 apud
2949 3453 3243 3508 Victorem
3314 3456 3732 3508 Tunnensem:

2095 3548 2380 3606 Basilicus
2411 3547 2462 3602 ἐν
2523 3547 2761 3622 Κάμπῳ,
2815 3550 2971 3622 apud
3019 3551 3392 3608 Theodorum
3439 3551 3740 3618 lectorem,

2093 3637 2526 3712 TheOphanem,
2578 3643 2920 3712 Symeonem
2973 3641 3382 3714 Logothetam,
3433 3641 3746 3708 Zonaram,

2094 3731 2152 3784 et
2207 3727 2399 3785 alios:
2460 3728 2772 3784 Mauricius
2844 3745 2879 3785 a
2953 3729 3181 3786 Tiberio
3237 3726 3289 3783 ιν
3343 3723 3748 3805 Τριϐουναλίῳ,

2096 3817 2250 3889 apud
2327 3818 2600 3874 eumdem
2683 3817 3096 3890 Theophanem
3165 3823 3223 3876 et
3305 3823 3638 3876 Zonaram:
3696 3813 3750 3871 tv

2094 3905 2378 3981 προκὲνσῳ
2422 3909 2519 3961 τοῦ
2573 3899 2870 3980 Ἑϐδόμου,
2930 3907 2991 3963 in
3050 3906 3314 3966 Chronica
3361 3906 3752 3964 Alexandrina

2094 3995 2318 4052 Phocas
2349 3996 2405 4051 in
2446 3997 2568 4052 aede
2613 3999 2670 4052 S.
2701 3995 2946 4053 Joannis
2976 3996 3250 4070 Baptistae
3278 3993 3330 4051 iv
3357 3999 3438 4068 τῷ
3467 3989 3752 4068 Ἑϐδόμῳ,

2093 4087 2250 4158 apud
2318 4087 2696 4143 Simoeattam
2763 4091 2819 4142 et
2893 4087 3352 4160 Theophanem:
3413 4088 3476 4142 in
3517 4086 3750 4159 septimo

2091 4175 2237 4249 quod
2282 4175 2488 4231 dicitur
2533 4176 2936 4246 Secundianas,
2983 4176 3140 4248 apud
3189 4175 3532 4249 Gregorium
3565 4179 3638 4231 M.
3672 4177 3752 4232 Ut

2093 4281 2264 4336 porro
2293 4269 2580 4338 tyrannus
2609 4265 2668 4320 in
2711 4266 2916 4321 urbem
2947 4265 3192 4332 venerit,
3223 4263 3308 4322 sic
3339 4269 3540 4322 narrat
3559 4264 3746 4321 Theo-

2093 4353 2316 4425 phanes
2350 4370 2362 4407 :
2396 4353 2464 4410 Οἱ
2493 4349 2551 4407 δὲ
2590 4351 2869 4428 Πράσινοι,
2921 4349 3228 4423 ἱξελθόντες
3277 4351 3353 4415 εἷς
3403 4352 3468 4408 τὸ
3497 4353 3744 4428 Ῥήγιον,

2095 4439 2354 4518 μεγάλαις
2416 4440 2714 4520 εὐφημίαις
2793 4439 2995 4516 ἐτίμων
3054 4441 3146 4496 τὸν
3203 4442 3465 4518 τύραννον
3523 4444 3744 4514 Φωκᾶν,

325 4535 504 4612 ἀγαθὰ
529 4539 626 4592 τοῦ
673 4539 765 4593 τὸν
817 4537 1148 4611 κεκτημένον
1203 4539 1374 4612 μείζω
1423 4547 1674 4611 ποιῆσαι,
1719 4545 1977 4596 τοσοῦτον
2089 4531 2180 4584 καὶ
2219 4529 2495 4594 πείθουσιν
2543 4531 2692 4603 αὖτῷ
2755 4528 2806 4586 ἐν
2879 4534 2958 4603 τῷ
3013 4525 3273 4605 Ἑϐδόμῳ
3327 4531 3744 4606 παραγενέσθαι.

324 4623 416 4680 καὶ
461 4626 552 4680 σοὶ
597 4623 908 4704 δικαιοτέρα
953 4628 1091 4702 πρὸς
1145 4628 1247 4696 τὴν
1298 4626 1460 4683 πόλιν
1501 4627 1642 4684 ἐστὶν
1692 4631 1852 4699 ἡτῆς
1885 4627 1973 4684 εὐ-
2008 4614 2053 4680 D
2085 4617 2294 4693 Πέμπει
2367 4618 2545 4674 τοίνυν
2633 4624 2831 4681 Φωκᾶς
2906 4616 3190 4690 θεόδωρον
3257 4619 3348 4674 τὸν
3423 4618 3749 4694 ἀσηκρῆτις,

323 4713 480 4778 νοίας
511 4714 785 4780 ὑπόθεσις.
819 4717 890 4772 Ἢ
913 4720 1034 4778 πῶς
1067 4715 1167 4770 οὐκ
1199 4715 1398 4772 ἄτοπον
1429 4717 1528 4786 τήν
1564 4717 1658 4792 μὲν
1700 4716 1980 4794 ἐσχατιὰν,

323 4801 405 4882 ἐφ’
444 4805 511 4877 ᾗς
556 4805 656 4876 τήν
707 4801 1008 4882 ἁλουργίδα
1057 4803 1274 4879 ἐνῆψαι,
1323 4807 1774 4882 περιφάνεστὲραν
1824 4815 1984 4878 ποιῆ-

321 4913 406 4948 σαι
436 4891 688 4967 κρηπῖδι,
737 4895 828 4949 καὶ
881 4894 1087 4968 βήμασι
1144 4894 1234 4948 καὶ
1277 4892 1546 4972 ἀνδριᾶσι,
1593 4901 1661 4971 τῇ
1711 4895 1870 4953 πόλει
1923 4894 1980 4952 δί

317 4980 385 5052 ἤν
443 4983 544 5038 οὐκ
593 4984 767 5045 ὀκνεῖς
829 4983 1115 5057 ὀνομάζειν
1183 4985 1390 5059 μητερα
1448 4991 1550 5055 τῆς
1607 4985 1975 5064 ἀναρῥήσεως,

321 5073 398 5144 μὴ
449 5071 656 5136 οἷέσθαι
703 5071 1051 5150 ἐποφλίσκειν
1111 5073 1178 5127 τὰ
1227 5077 1561 5150 χαριστήρια
1593 5095 1607 5145 ;
1642 5081 1723 5132 Ex
1761 5077 1977 5150 quibus

313 5161 509 5220 verbis
539 5164 778 5220 omnino
809 5163 1136 5234 coniicitur,
1176 5171 1240 5220 ut
1284 5171 1439 5222 recte
1485 5167 1772 5239 conjectat
1812 5167 1976 5224 Peta-

313 5250 466 5322 vius,
498 5249 761 5328 ἐσχατιάν
791 5251 976 5321 illam,
1004 5269 1132 5309 esse
1161 5254 1588 5327 suburbanum,
1621 5256 1774 5328 quod
1825 5255 1972 5312 Heb-

315 5339 553 5395 domum
595 5339 996 5412 appellabant,
1029 5342 1088 5396 in
1120 5346 1380 5398 extrema
1402 5342 1565 5398 urbis
1587 5347 1751 5414 parte
1767 5342 1971 5411 situm,

313 5425 414 5482 ubi
453 5427 514 5482 in
545 5429 848 5496 tribunali,
882 5431 1052 5502 cujus
1085 5430 1192 5485 hoc
1222 5429 1350 5487 loco
1399 5431 1690 5500 meminit,
1723 5431 1971 5504 inaugu-

2091 4707 2181 4762 καὶ
2235 4707 2492 4772 εἰσελθὼν
2547 4707 2602 4763 ἐν
2656 4711 2726 4784 τῇ
2799 4705 3028 4784 Μεγάλῃ
3108 4706 3392 4781 ἐκκλησίᾳ,
3453 4707 3752 4781 ἆπανὲγνω-

2093 4818 2177 4853 σεν
2208 4801 2288 4868 τῷ
2337 4795 2458 4870 λαῴ
2509 4798 2658 4862 ὅπως
2703 4799 2732 4853 ὁ
2780 4797 3130 4875 παρτιάρχης
3178 4797 3268 4853 καὶ
3321 4797 3372 4853 οἱ
3423 4795 3617 4870 δῆμοι,
3657 4795 3752 4851 καὶ

2093 4889 2128 4956 ἡ
2193 4885 2506 4962 σύγκλητος
2582 4887 2878 4966 ἀφίκωνται
2951 4885 3004 4942 ἐν
3077 4890 3156 4961 τῷ
3206 4881 3488 4962 Ἑϐδόμῳ.
3543 4885 3755 4944 Τούτου

2086 4975 2268 5030 τοίνυν
2301 4977 2611 5052 γεγονότος,
2656 4975 2744 5031 καὶ
2793 4975 3010 5032 πάντων
3071 4975 3121 5032 ἐν
3172 4980 3254 5049 τῷ
3303 4971 3564 5050 Ἑϐδόμῳ
3622 4973 3746 5052 ἀφι-

2085 5066 2360 5138 κομένων,
2447 5063 2718 5142 Κυριακὸς
2805 5066 2834 5120 ὁ
2919 5065 3271 5142 πατριάρχης
3359 5064 3611 5140 ἀπῄτησε
3654 5061 3744 5117 τὸν

2084 5152 2343 5230 τύραννον
2395 5153 2695 5229 ὁμολογίαν
2751 5155 2877 5228 περὶ
2947 5156 3046 5224 τῆς
3105 5151 3398 5230 όρθοδόξου
3455 5153 3688 5214 πίστεως
3729 5170 3744 5186 ·

2084 5245 2119 5312 ἡ
2181 5239 2237 5297 δὲ
2287 5243 2639 5318 ἀναγόρευσις
2709 5247 2807 5298 τοῦ
2865 5241 3128 5320 τυράννου
3183 5242 3260 5306 εἷς
3316 5245 3409 5300 τὸν
3468 5241 3594 5298 ναὸν
3652 5243 3753 5296 τοῦ

2083 5333 2275 5408 Ἀγίνυ
2329 5331 2580 5387 Ἰωάννου
2634 5335 2733 5388 τοῦ
2781 5333 3088 5390 Βαπτιστοῦ
3146 5333 3393 5408 γέγονεν.
3455 5331 3748 5388 Nimirum

2085 5422 2308 5479 Prasini
2343 5423 2597 5480 Phocam
2643 5423 2714 5480 ad
2759 5421 3130 5480 Hebdomum
3162 5424 3442 5480 accedere
3473 5421 3751 5492 suadent,

3650 357 3860 422 396.

310 5515 431 5571 rari
501 5517 771 5576 solebant
836 5519 1268 5592 imperatores:
1347 5535 1539 5592 neque
1595 5520 1752 5576 enim
1809 5520 1972 5576 urbis
2084 5519 2186 5575 ubi
2217 5520 2440 5577 scilicet
2484 5520 2833 5594 inaugurari
2876 5525 2934 5578 et
2981 5520 3162 5580 levari
3193 5521 3463 5580 solebant
3493 5520 3750 5593 impera-

310 5600 540 5678 ἐσχατιὰ
569 5607 849 5680 appellari
882 5608 1087 5664 debuit
1115 5607 1404 5680 septimus
1435 5609 1507 5664 ab
1538 5625 1606 5665 ea
1635 5609 1805 5681 lapis,
1834 5626 1969 5665 cum
2079 5613 2273 5666 tores:
2333 5627 2449 5684 quo
2500 5628 2634 5668 cum
2695 5610 3060 5684 accessisset,
3107 5611 3170 5668 in
3221 5613 3342 5670 aede
3384 5615 3440 5667 S.
3499 5606 3750 5667 Joannis

310 5691 475 5752 illius
521 5702 844 5756 extremum
897 5714 1028 5755 esse
1086 5713 1202 5754 non
1259 5697 1536 5771 potuerit,
1594 5699 1750 5772 quod
1795 5699 1966 5755 velim
2081 5699 2384 5772 Baptistae,
2441 5700 2660 5773 palatio
2741 5700 3143 5761 Hebdomiano
3220 5701 3432 5772 vicina,
3486 5717 3522 5758 a
3564 5697 3748 5772 patri-

3927 497 3971 516 ..-

3835 755 3854 769 l
3911 695 3940 749 Ρ
