4130 6376
345 308 470 372 307

1718 309 1822 372 DE
1869 309 2252 375 HEBDOMO
2295 314 2416 378 ΟΡ.

3655 331 3778 394 398

345 439 528 498 aroha
571 439 810 513 Cyriaco
865 439 1095 496 solenni
1155 439 1273 496 ritu
1333 444 1649 498 coronatus
1703 445 1814 510 est,
1874 458 2010 498 cum
2039 445 2090 511 Α
2129 445 2333 503 Martio
2365 450 2464 522 qui
2495 451 2626 506 urbi
2658 452 2961 524 proximus
3002 456 3112 512 fuit
3145 473 3158 512 :
3193 458 3294 514 ubi
3336 459 3571 519 locutus
3617 463 3779 520 vide-

351 528 503 586 alias
534 528 926 600 imperatores
945 529 1004 585 in
1028 529 1148 584 sede
1171 530 1458 586 duntaxat
1487 530 1780 603 Sophiana
1803 547 2017 587 corona

354 617 566 674 donari
600 617 878 674 solerent.
902 623 957 674 Is
975 634 1109 674 vero
1139 619 1336 675 triduo
1367 623 1676 692 postquam
1716 621 1775 675 in
1812 621 2016 675 urbem

352 705 536 774 venit,
579 706 898 762 Eudociam
947 723 1188 764 uxorem
1225 709 1552 781 Augustam
1601 708 1920 776 coronavit,
1951 708 2013 763 in

350 796 474 852 sede
505 793 728 851 scilicet
754 795 1074 868 Sophiana,
1094 813 1227 852 cum
1262 795 1360 852 ille
1391 801 1562 854 antea
1608 797 1666 852 in
1698 796 2018 863 Hebdomo,

351 901 460 942 seu
484 884 544 940 in
575 883 698 939 Iade
730 887 789 938 S.
819 883 1068 941 Joannis
1121 885 1418 956 Baptista,
1452 902 1486 941 a
1533 884 1866 956 patriarcha
1914 901 2015 941 co-

365 975 605 1029 ronatus
632 971 866 1028 fuisset.
903 974 988 1028 Ita
1028 989 1200 1044 porro
1244 973 1668 1030 Constantinus
1721 978 2014 1046 Coprony-

368 1078 500 1118 mus
555 1077 588 1116 a
636 1065 803 1133 patre
862 1062 1045 1117 Leone
1103 1062 1305 1118 Isauro
1362 1060 1413 1115 ἐν
1485 1065 1564 1133 τῷ
1618 1056 2010 1136 τριϐουναλίῳ,

363 1155 419 1207 et
478 1155 581 1208 [ιθο
636 1150 955 1206 Armenius
1003 1147 1053 1203 ἐν
1097 1153 1178 1222 τῷ
1226 1150 1333 1226 πρὸ
1380 1152 1478 1218 τῆς
1527 1147 1747 1213 πόλεως
1793 1144 2015 1227 τριὸου-

357 1236 550 1309 ναλίῳ,
569 1237 747 1294 levati
771 1237 1050 1312 leguntur
1080 1240 1236 1312 apud
1268 1241 1542 1296 eumdem
1572 1240 2011 1313 Theophanem,

363 1329 710 1401 Symeonem
748 1327 1147 1400 Logothetam,
1178 1333 1236 1385 et
1259 1329 1574 1402 Georgium
1606 1329 2012 1385 Hamartolum

356 1417 415 1473 in
445 1417 750 1474 Chronicis
782 1435 956 1486 mss.,
985 1414 1036 1470 ἐν
1081 1421 1162 1489 τῷ
1208 1416 1412 1491 κάμπῳ
1457 1421 1555 1472 τοῦ
1601 1412 2012 1493 τριϐουναλίου,

355 1506 416 1562 in
448 1506 736 1564 Chronico
768 1523 881 1563 ms.
915 1507 987 1563 ab
1018 1508 1241 1564 Adamo
1275 1509 1347 1564 ad
1379 1509 1626 1564 Leonem
1654 1509 2010 1580 Sapientem.

355 1594 530 1651 Hisce
561 1596 777 1652 addere
809 1595 1000 1668 placet
1027 1597 1180 1668 quod
1214 1597 1460 1653 tradunt
1488 1598 1829 1664 Simocatta,
1854 1597 2010 1653 idem

356 1684 787 1757 Theophanes,
829 1690 886 1741 et
951 1685 1234 1758 Georgius
1293 1686 1704 1757 Hamartolus,
1747 1686 2009 1742 Mauricii

2126 537 2225 590 tur
2273 537 2655 610 Theophanes
2715 558 2895 612 more,
2943 549 3005 599 ut
3062 545 3145 602 ita
3201 547 3413 618 dicam,
3445 551 3778 608 Constanti-

2129 626 2462 696 nopolitano
2516 646 2528 695 ;
2580 646 2695 701 quo
2771 631 2894 688 loco
2975 633 3282 692 Chronicon
3341 640 3780 698 Alexandrinum

2129 711 2322 784 habet,
2384 713 2435 769 ἐν
2510 721 2590 789 τῷ
2669 719 2883 792 Κάμπῳ
2958 716 3342 795 τριϐουνάλιον
3416 725 3498 802 ἐφ’
3557 726 3774 801 ὑψηλοῦ

2126 802 2379 872 ποιήσας,
2413 810 2500 861 etc
2529 851 2544 876 ,
2584 808 2753 876 cujus
2805 809 3044 880 quidem
3099 814 3442 873 Tribunalis
3485 820 3774 875 Constan-

2125 889 2194 980 tii
2227 892 2494 950 meminit
2523 895 2886 954 Themistius
2917 905 3061 956 orat.
3093 902 3146 956 3.
3179 903 3304 958 Non
3352 905 3568 962 mirum
3599 907 3780 980 igitur

2126 979 2175 1034 si
2203 980 2304 1051 qui
2335 1000 2655 1055 purpuram
2682 985 3060 1060 arripiebant,
3096 991 3444 1064 priusquam
3477 995 3537 1050 in
3569 997 3776 1052 urbem

2123 1069 2408 1138 venirent,
2443 1073 2512 1126 ad
2570 1073 2878 1146 Campum,
2923 1082 2980 1132 et
3027 1079 3094 1133 ad
3153 1080 3433 1138 Tribunal
3493 1087 3649 1156 quod
3715 1086 3775 1141 in

2125 1157 2344 1230 Campo
2375 1160 2506 1216 urbi
2547 1162 2810 1234 proximo
2842 1170 2986 1235 erat,
3023 1169 3393 1236 secedebant,
3427 1176 3492 1227 ut
3542 1174 3615 1230 ab
3651 1190 3776 1230 om-

2124 1248 2320 1318 nibus,
2356 1265 2422 1304 ac
2472 1249 2762 1307 militibus
2814 1255 3160 1325 praesertim,
3197 1274 3449 1329 quorum
3500 1278 3569 1318 ea
3625 1265 3777 1318 tem-

2123 1341 2350 1408 pestate
2381 1338 2438 1393 id
2466 1338 2620 1409 juris
2663 1356 2794 1396 esse
2823 1342 3148 1412 videbatur,
3183 1347 3566 1419 imperatores
3614 1368 3776 1408 more

2122 1430 2353 1498 recepto
2411 1427 2898 1486 acclamarentur.
2959 1431 3111 1496 Quin
3169 1434 3344 1492 etiam
3401 1439 3772 1497 observatum

2122 1514 2348 1586 pridem
2374 1533 2401 1570 ο
2430 1517 2569 1572 viris
2591 1519 3114 1593 doctisJEgyptios
3137 1540 3303 1596 reges
3324 1532 3456 1598 post
3484 1528 3776 1586 celebrata

2122 1600 2520 1678 ἀνακλητήρια,
2547 1607 2803 1680 Memphi
2837 1609 2896 1664 in
2920 1610 3139 1667 Palatio
3169 1613 3374 1671 solitos
3406 1617 3771 1690 inaugurari,

2124 1709 2236 1748 non
2270 1710 2402 1749 vero
2435 1694 2818 1768 Alexandriae,
2835 1714 2965 1770 quas
2988 1700 3216 1774 {Egypti
3240 1709 3415 1776 caput
3437 1712 3580 1775 erat,
3597 1713 3662 1764 ut
3685 1723 3774 1763 re-

356 1773 504 1882 imp.
538 1779 596 1830 et
623 1774 974 1882 ﬁliorumuin
1007 1775 1270 1882 Eutropii
1302 1776 1372 1831 ad
1401 1775 1828 1882 Calochedon‘em
1873 1792 2012 1848 por-
2043 1816 2090 1882 Β
2121 1797 2261 1882 gum
2278 1773 3778 1869 Persaruminaugurationem,quamrekctijvappel-

350 1866 419 1919 tu
449 1877 736 1918 cmsorum
777 1863 990 1935 capita,
1025 1880 1128 1936 per
1172 1864 1400 1937 aliquot
1452 1865 1578 1921 dies
1627 1863 1782 1936 plebi
1837 1881 2013 1936 expo-

351 1950 548 2008 suisse
569 1950 824 2008 Phocam
843 1953 902 2008 in
920 1952 1139 2024 Campo
1159 1953 1509 2010 Tribunalis.
1525 1954 1687 2018 Quod
1719 1953 1770 2010 si
1792 1953 2011 2010 factum

351 2039 414 2096 id
455 2044 614 2096 esset
643 2041 896 2112 septimo
927 2041 999 2097 ab
1033 2041 1175 2097 urbe
1205 2040 1467 2111 milliari,
1501 2058 1567 2098 eo
1598 2046 1752 2098 certe
1802 2058 2012 2098 conce-

353 2130 496 2186 dere
555 2129 914 2202 oportuisset
988 2129 1217 2202 plebem
1277 2129 2012 2204 Constantinopolitanam,

354 2218 512 2290 quod
559 2233 731 2274 nemo
764 2219 971 2291 opinor
1001 2219 1112 2275 sibi
1142 2220 1511 2291 persuadeat.

433 2348 532 2399 IX.
589 2344 672 2399 Ex
721 2344 815 2400 his
871 2345 1052 2417 igitur
1109 2350 1271 2417 patet
1328 2346 1569 2403 omnino
1621 2345 2013 2417 Hebdomum,

2124 1869 2346 1937 labant,
2381 1873 2591 1929 factam
2622 1877 2977 1948 Parasgadis
3010 1895 3024 1933 :
3059 1881 3354 1950 quomodo
3385 1883 3560 1939 etiam
3609 1901 3775 1959 reges

2125 1961 2307 2017 nostri
2329 1961 2698 2019 Durocottori
2722 1965 3036 2021 Remorum
3059 1967 3403 2042 inaugurari
3419 1977 3478 2028 et
3509 1975 3776 2031 coronari

2124 2047 2334 2118 solent,
2369 2067 2482 2106 non
2518 2068 2649 2107 vero
2682 2053 2946 2124 Parisiis,
2982 2057 3124 2112 urbe
3155 2059 3322 2130 regni
3365 2061 3663 2133 primaria.

2196 2159 2265 2210 X.
2293 2156 2464 2212 Aliud
2499 2157 2741 2230 proinde
2775 2160 2885 2216 fuit
2913 2161 3299 2231 Hebdomum,
3333 2182 3437 2223 seu
3479 2169 3768 2241 septimus

2124 2245 2195 2300 ab
2217 2246 2377 2313 urbe
2429 2245 2603 2318 lapis,
2636 2247 2792 2304 aliud
2826 2255 3078 2323 Campus
3118 2254 3187 2308 ad
3222 2254 3450 2324 urbem,
3482 2258 3768 2314 Hebdomi

2125 2333 2516 2406 appellatione
2566 2337 2839 2406 donatus,
2890 2339 3050 2396 aliud
3099 2341 3402 2413 Tribunal,
3451 2345 3618 2417 eique
3665 2347 3767 2402 ad-

357 2433 667 2502 Tribunal,
699 2438 756 2489 οι
802 2437 1118 2506 Campum,
1160 2434 1494 2506 promiscue
1539 2435 1814 2507 usurpari
1859 2435 2012 2507 apud
2120 2423 2396 2493 junctum
2447 2424 2736 2482 Palatium
2796 2430 3402 2502 Constantinianeum,
3454 2438 3772 2508 utrumque

358 2522 634 2580 laudatos
677 2522 993 2594 scriptores
1037 2540 1142 2595 pro
1185 2541 1303 2579 uno
1351 2525 1674 2596 eodemque
1721 2523 1869 2592 loco,
1914 2524 2014 2580 ubi

360 2611 676 2668 acclamari
699 2616 755 2666 et
776 2612 1118 2683 inaugurari
1139 2613 1409 2668 solebant
1428 2613 1835 2686 imperatores,
1856 2629 2018 2668 more

360 2701 435 2758 ab
481 2701 724 2770 antiquo
770 2706 1023 2773 recepto,
1056 2717 1191 2757 cum
1239 2703 1298 2756 in
1348 2703 1582 2775 Campis
1637 2701 1878 2770 Martiis,
1911 2719 2015 2758 seu

363 2789 467 2862 qui
498 2790 572 2846 ad
603 2791 860 2861 majores
891 2790 1156 2846 civitates
1217 2795 1406 2857 erant,
1437 2791 1494 2846 id
1549 2791 1730 2848 ferme
1783 2807 2018 2864 semper

369 2879 564 2952 peragi
614 2879 856 2935 solitum
907 2879 1156 2935 doceant
1214 2881 1553 2952 scriptores,
1587 2897 1652 2936 ac
1701 2880 1759 2936 in
1809 2880 2017 2952 primis

371 2965 595 3024 Flavius
628 2968 936 3040 Vopiscus,
972 2985 1088 3040 quo
1119 2968 1244 3025 loco
1271 2969 1498 3037 scribit,
1518 2969 1712 3025 Tacito
1745 2987 1780 3025 a
1808 2974 2017 3025 senatu

369 3055 432 3110 in
484 3056 894 3129 imperatorem
953 3057 1158 3124 electo,
1218 3058 1346 3114 inde
1397 3060 1544 3114 itum
1619 3058 1689 3113 ad
1747 3059 2017 3130 Campum

2125 2513 2302 2568 etiam
2330 2514 2533 2569 eadem
2566 2516 3010 2574 nomenclatura
3040 2521 3419 2579 notissimum
3440 2525 3595 2596 apud
3628 2525 3771 2582 scri-

2128 2607 2323 2672 ptores
2353 2604 2724 2675 Byzantinos,
2759 2607 2916 2677 quod
2957 2609 3102 2666 satis
3151 2627 3447 2684 superque
3491 2615 3775 2685 probasse

2126 2691 2502 2748 arbitramur.
2536 2694 2671 2759 Quae
2698 2695 2936 2765 quidem
2970 2714 3085 2752 non
3117 2699 3425 2756 observata
3450 2703 3773 2775 distinctio,

2126 2779 2246 2835 viro
2294 2781 2547 2850 erudito,
2591 2781 2842 2856 aliisque
2884 2785 3030 2841 forte
3087 2788 3283 2844 fucum
3317 2790 3471 2858 fecit,
3505 2792 3650 2848 adeo
3709 2798 3773 2849 ut

2127 2869 2218 2924 vix
2267 2885 2330 2924 ao
2381 2886 2453 2925 ne
2490 2870 2582 2925 vix
2631 2872 2870 2944 quidem
2921 2874 3034 2930 sibi
3075 2878 3427 2948 persuadere
3458 2881 3775 2953 potuerint,

2128 2958 2492 3014 Hebdomum
2521 2977 2637 3015 non
2668 2963 2841 3018 modo
2893 2965 2963 3018 ad
3017 2965 3218 3022 urbem
3272 2968 3646 3040 pertinuisse,
3673 2972 3777 3026 sed

2127 3052 2185 3102 et
2232 3052 2458 3118 partem
2507 3047 2669 3105 illius
2715 3051 2870 3107 intra
2922 3052 3110 3123 ipsius
3162 3071 3363 3112 muros
3396 3055 3639 3128 includi,
3685 3057 3777 3114 vel

363 3145 646 3214 Martium,
679 3147 761 3202 ibi
786 3147 1075 3204 Comitiale
1100 3148 1372 3204 Tribunal
1402 3146 1719 3204 ascendisse
1742 3147 2017 3204 eumdem
2049 3189 2091 3256 Ο
2131 3135 2336 3256 galliam
2395 3139 2468 3192 ad
2524 3137 2655 3210 ἱρεα
2702 3139 2988 3256 ευδυξδίει
3043 3144 3306 3214 Ροίυίεεθ
3364 3147 3658 3218 motandi.
3709 3164 3776 3204 αθ

363 3233 629 3256 πη--ελ--...
725 3241 771 3256 ,Α
823 3236 1152 3256 _.___r-_AL____
1237 3236 1364 3256 ___‘l_£
1445 3235 1632 3256 “IL-”
1691 3237 2008 3256 n,,___:.___
2183 3241 2210 3256 η
2298 3227 2411 3256 ’.ηας
2449 3227 2660 3256 ,λη-,ρης
2710 3245 2852 3256 ,ιη-ι.
2906 3231 3156 3256 ..κη--.μ
3223 3235 3380 3256 Α---)
3436 3251 3569 3256 _-_-
3627 3235 3742 3256 ---ε

361 3233 658 3304 Tacitum,
718 3241 775 3292 et
821 3236 1160 3307 mercatum
1236 3236 1368 3292 urbi
1425 3235 1639 3292 ﬁmum
1689 3237 2016 3292 amomum
2049 3225 2091 3256 υ
2134 3225 2412 3282 Hebdomi
2449 3227 2665 3283 servari
2706 3229 3182 3302 appellationem.
3221 3235 3383 3298 Quod
3433 3251 3576 3290 sane
3624 3235 3775 3291 acci—

367 3324 680 3379 nuntiasse
737 3323 1027 3381 militibus
1091 3329 1148 3380 et
1203 3324 1427 3382 civibus
1481 3326 1541 3381 in
1590 3327 1904 3397 principem
1949 3325 2023 3381 de

361 3415 645 3469 sententia
699 3415 951 3468 omnium
1004 3415 1347 3470 exercituum
1403 3416 1670 3470 Tacitum
1727 3433 1760 3470 a
1813 3420 2020 3471 senatu

362 3499 642 3557 electum.
700 3500 900 3557 Tradit
955 3507 1236 3573 praeterea
1312 3503 1467 3559 idem
1529 3504 1782 3574 scriptor
1839 3503 2020 3560 Probo

361 3589 612 3646 militari
642 3592 898 3662 quodam
929 3607 1222 3647 consensu
1253 3592 1314 3646 in
1365 3591 1780 3664 imperatorem
1833 3591 2020 3648 accla-

363 3684 547 3748 mato,
595 3681 813 3752 factum
849 3695 1197 3750 concursum,
1245 3689 1296 3736 et
1343 3683 1683 3750 eespititium
1731 3682 2018 3748 Tribunal,

359 3767 822 3841 appellatumque
860 3771 1274 3841 imperatorem,
1335 3775 1498 3842 atque
1545 3775 1803 3825 ornatum
1843 3771 2020 3841 pallio

353 3874 664 3930 purpureo,
696 3858 838 3930 quod
868 3859 934 3914 de
977 3864 1167 3915 statua
1193 3860 1392 3932 templi
1446 3859 1694 3915 ablatum
1733 3870 1828 3929 est,
1859 3869 2022 3930 atque

363 3947 499 4004 inde
526 3948 608 4003 ad
638 3948 921 4004 Palatium
943 3947 1250 4004 reductum.
1288 3954 1356 4004 Et
1385 3949 1744 4019 Lactantius,
1778 3949 1839 4003 in
1872 3948 2020 4004 libro

360 4038 444 4094 De
488 4038 762 4092 mortibus
799 4041 1214 4109 persecutorum
1261 4054 1322 4094 n.
1389 4037 1480 4104 32,
1540 4039 1612 4093 de
1663 4037 2016 4094 Maximino:

366 4126 567 4182 Victus
613 4128 986 4197 contumacia,
1018 4127 1163 4183 tollit
1219 4126 1534 4184 Caesareum
1589 4143 1805 4196 nomen,
1862 4135 1913 4183 et
1966 4143 2024 4182 se

369 4216 756 4287 Liciniumque
784 4215 1058 4287 Augustos
1099 4216 1362 4287 appellat,
1397 4215 1743 4272 Maxentium
1780 4220 1830 4271 et
1884 4215 2020 4272 Con-

364 4306 637 4362 stantium
667 4303 827 4376 ﬁlios
868 4307 1231 4376 Augustorum
1261 4304 1342 4376 (id
1383 4309 1475 4360 est
1531 4306 1807 4374 Cassares)
1837 4305 2023 4361 Maxi-

363 4395 558 4449 minus
583 4393 926 4465 postmodum
953 4395 1147 4450 scribit
1192 4395 1354 4465 quasi
1395 4396 1680 4463 nuntiaus,
1711 4395 1773 4449 in
1825 4393 2024 4466 Campo

365 4483 568 4540 Martio
597 4483 849 4556 proxime
894 4483 1163 4540 celebrato
1193 4485 1499 4556 Augustum
1551 4500 1608 4540 se
1663 4484 1730 4538 ab
1779 4486 2026 4540 exercitu

367 4577 775 4645 nuncupatum.
839 4572 1006 4629 Mitto
1065 4589 1194 4646 quae
1251 4574 1325 4629 de
1387 4572 1608 4629 Juliani
1675 4573 1736 4628 in
1812 4577 2028 4646 Campo
2063 4559 2106 4623 D

369 4661 518 4720 etin
549 4659 852 4718 Tribunali
898 4661 957 4717 in
1007 4661 1198 4718 Gallia
1236 4661 1587 4719 Ammianus
1629 4662 2028 4732 Marcellinus,

372 4756 434 4810 et
463 4753 536 4809 de
563 4752 824 4808 Gratiani
855 4755 1011 4825 apud
1042 4755 1338 4810 Ambianos
1383 4757 1442 4810 in
1492 4755 1798 4824 Tribunali,
1833 4759 1891 4812 et
1919 4755 2032 4811 Va-

371 4841 661 4900 entiniani
691 4842 954 4899 Junioris
984 4846 1052 4899 ab
1081 4845 1331 4900 exercitu
1361 4845 1419 4900 in
1452 4844 1739 4901 Tribunali
1787 4847 1851 4901 in
1895 4847 2031 4901 civi-

369 4939 485 4990 tate
515 4931 734 4998 Acinco,
769 4930 1244 5004 inauguratione,
1300 4933 1546 5004 Idatius,
1600 4935 1902 5002 scribunt;
1933 4935 2034 4990 ubi

375 5021 665 5078 duntaxat
693 5021 1002 5077 observare
1034 5021 1225 5092 liceat,
1259 5021 1544 5078 Tribunal
1575 5023 1690 5078 dici
1731 5024 1915 5079 fuisse
1975 5024 2034 5079 in

373 5109 632 5178 civitate,
681 5109 919 5166 tametsi
991 5126 1112 5165 rem
1175 5113 1364 5166 actam
1418 5111 1476 5166 in
1536 5115 1774 5183 Campo,
1837 5112 2030 5184 proxi-

376 5213 548 5255 mum
597 5213 732 5254 vero
783 5198 882 5270 sit,
917 5198 1242 5254 secundum
1292 5203 1590 5271 receptum
1647 5217 1887 5256 morem.
1922 5201 2034 5256 Sed

373 5289 434 5342 et
465 5288 749 5357 Campum
781 5291 839 5342 et
866 5286 1147 5342 Tribunal
1179 5285 1356 5342 etiam
1402 5290 1598 5343 Romae
1650 5288 1804 5344 idem
1857 5289 2037 5344 fuisse

376 5375 581 5430 ﬁrmat
639 5374 1044 5446 Theophanes,
1084 5375 1186 5431 ubi
1253 5376 1325 5431 de
1380 5376 1720 5432 Constantio
1789 5377 2036 5434 solemni

379 5479 602 5536 pompa
633 5464 837 5519 urbem
871 5463 1138 5537 ingresso
1173 5481 1186 5520 :
1220 5460 1486 5532 Ἐξελθὼν
1521 5460 1578 5517 δὲ
1609 5462 1659 5518 ἐν
1690 5467 1771 5536 τῷ
1824 5459 2040 5540 τριϐου-

379 5549 560 5623 ναλίῳ
617 5552 857 5625 Κάμπῳ,
915 5553 1005 5607 καὶ
1080 5553 1207 5614 στὰς
1265 5550 1349 5628 ἐφ’
1407 5549 1596 5627 ὕψους,
1660 5555 2040 5628 συμπαρόντος

384 5639 538 5715 αὖτῷ
564 5644 662 5696 τοῦ
691 5639 1078 5718 στρατοπέδου,
1110 5639 1468 5717 ἐδημηγόρει,
1505 5645 1559 5700 id
1591 5650 1682 5701 est
1710 5645 1770 5701 in
1818 5647 2038 5719 Campo

2130 3315 2236 3380 dit,
2287 3317 2808 3386 quemadmodum,
2865 3322 2928 3374 ut
2983 3319 3312 3393 attigimus,
3365 3325 3651 3396 Campum
3704 3325 3776 3380 ad

2131 3404 2369 3458 Lutetiae
2420 3404 2636 3460 moenia
2682 3422 2886 3463 versus
2933 3410 3422 3480 Septentrionem,
3453 3412 3778 3486 Sandiony-

2130 3493 2364 3547 sianum
2395 3492 2571 3565 vulgo
2600 3495 3077 3566 appellamus,ab
3100 3499 3315 3570 oppido
3338 3505 3396 3556 et
3425 3501 3782 3558 monasterio

2129 3586 2185 3637 S.
2218 3581 2497 3654 Dionysii,
2531 3588 2784 3655 quatuor
2839 3585 3190 3644 milliaribus
3242 3590 3314 3644 ab
3362 3592 3504 3646 urbe
3549 3592 3781 3648 dissito.

2130 3669 2273 3725 Vere
2306 3670 2460 3726 enim
2493 3673 2609 3728 dici
2641 3679 2833 3747 potest
2863 3681 3088 3747 partem
3135 3677 3309 3734 istius
3361 3680 3508 3752 agri,
3543 3680 3787 3753 prolatis

2130 3760 2382 3815 subinde
2412 3761 2666 3818 civitatis
2701 3765 3021 3834 pomoeriis,
3047 3783 3176 3824 esse
3207 3767 3362 3824 intra
3399 3771 3592 3841 ipsam
3631 3771 3784 3826 Pari-

2131 3850 2354 3904 siorum
2390 3851 2616 3917 urbem,
2635 3856 2700 3906 ut
2723 3869 2858 3923 pars
2886 3855 3270 3911 Hebdomiani
3295 3859 3440 3930 agri,
3465 3860 3565 3930 qui
3597 3877 3786 3932 usque

2131 3938 2202 3992 ad
2224 3941 2393 3993 vetus
2413 3940 2752 4010 Bysantium
2768 3944 3497 4018 protendebatur,prolatie
3520 3949 3784 4020 paritera

2130 4027 2514 4083 Constantino
2547 4030 2866 4100 pommriis,
2886 4031 3040 4087 intra
3062 4050 3273 4089 novam
3317 4037 3524 4092 urbem
3553 4037 3784 4094 inclusa

2131 4119 2220 4172 est
2279 4133 2292 4171 :
2344 4117 2498 4186 quod
2552 4117 2794 4188 quidem
2855 4119 3096 4191 planum
3163 4122 3280 4194 ﬁet,
3339 4124 3583 4196 prolatis
3639 4126 3782 4182 scri-

2132 4207 2364 4276 ptorum
2396 4206 2870 4275 auctoritatibus,
2886 4225 2957 4264 ne
2977 4210 3165 4281 gratis
3184 4211 3242 4267 id
3267 4213 3508 4284 proferri
3531 4214 3780 4270 dicatur.

2203 4312 2293 4366 XI.
2326 4311 2711 4383 Theophanes
2779 4331 2931 4370 anno
2975 4315 3010 4370 5
3047 4316 3414 4374 Constantini
3485 4319 3787 4392 Pogonati,

2134 4415 2307 4472 quem
2343 4399 2715 4456 laudavimus
2745 4401 2803 4456 in
2841 4407 3047 4459 nostra
3069 4405 3565 4479 Constantinopoli;
3581 4408 3788 4464 scribit

2135 4492 2455 4544 Saracenos
2503 4489 2563 4544 in
2592 4490 2906 4547 'l‘hracicas
2956 4497 3151 4564 partes
3202 4495 3526 4568 appulisse,
3558 4499 3792 4553 urbem-

2139 4592 2255 4647 que
2312 4577 2615 4632 obsedisse
2670 4579 2744 4634 ab
2793 4580 3138 4638 occidentali
3189 4585 3590 4655 promontorio
3641 4587 3789 4643 Heb-

2141 4665 2349 4733 domi,
2431 4681 2534 4721 seu
2631 4670 2990 4740 Magnaura,
3069 4687 3258 4745 usque
3339 4675 3410 4729 ad
3513 4675 3794 4732 orientale

2142 4754 2649 4827 promontorium,
2710 4758 2866 4829 quod
2939 4758 3275 4831 Cyclobium
3343 4767 3569 4820 vocant.
3629 4763 3793 4820 Illius

2141 4843 2318 4899 verba
2401 4848 2542 4900 sunt
2621 4847 3040 4919 expendenda,
3097 4850 3250 4920 quod
3336 4852 3793 4908 controversiam

2144 4949 2379 4988 omnem
2431 4934 2715 4990 dirimunt
2767 4951 2778 4990 :
2823 4933 3018 5008 Τούτῳ
3091 4940 3171 5008 τῷ
3224 4933 3328 4992 ἔτει
3377 4939 3406 4992 ὁ
3465 4937 3793 5014 προλεχθαὶς

2142 5024 2251 5074 τῶν
2325 5021 2618 5096 θεομάχων
2695 5021 2894 5085 στόλος
2970 5019 3171 5087 ἀναϐὰς
3255 5029 3658 5101 προσώρμησεν
3738 5028 3794 5082 δν

2143 5113 2262 5170 τοῖς
2310 5110 2590 5184 Θρᾳκῴοις
2642 5109 2854 5185 μέρεσιν
2903 5113 3009 5167 ἀπὸ
3058 5121 3161 5184 τῆς
3203 5115 3339 5192 πρὸς
3375 5113 3523 5170 δύσιν
3557 5115 3793 5190 ἀκρότη-

2143 5218 2237 5260 τος
2283 5203 2379 5252 τοῦ
2426 5194 2723 5272 Ἑϐδόμου,
2774 5198 2899 5269 ἤτοι
2946 5209 3048 5272 τῆς
3098 5207 3401 5280 Αεγομὲνης
3451 5205 3796 5282 διαγναῦρας,

2149 5285 2316 5363 μὲχρι
2377 5285 2543 5342 πάλιν
2617 5291 2718 5342 τοῦ
2777 5291 2914 5366 πρὸς
2975 5291 3247 5363 ἀνατολὴν
3302 5295 3650 5373 ἀκρωτηρίου
3700 5299 3800 5351 τοῦ

2149 5374 2450 5462 λεγομένου
2481 5373 2813 5435 ΚυκΛοϐίου.
2843 5380 2987 5434 Κατᾶ
3030 5387 3201 5438 πᾶσαν
3247 5387 3346 5455 τὴν
3403 5387 3613 5462 ἡμέραν
3661 5407 3798 5460 συμ-

2149 5460 2292 5536 ϐολή
2351 5465 2603 5539 πολέμου
2664 5465 2939 5542 ἐκροτεῖτο
2991 5471 3096 5526 ἀπὸ
3167 5475 3316 5548 πρωῒ
3371 5472 3474 5538 ἕως
3523 5460 3802 5550 -ἱσπὲρας,

2147 5553 2256 5632 ,ἀπὸ
2339 5553 2671 5641 βραχιολίου
2743 5561 2842 5622 τῆς
2918 5563 3141 5635 Χρυσῆς
3211 5562 3421 5638 πόρτης
3483 5564 3650 5641 μέχρι
3707 5568 3804 5620 τοῦ

2150 5638 2460 5699 Κυγλοϐίου
2517 5645 2739 5708 ἑαυτοὺς
2793 5645 3079 5715 ὠθοῦντες,
3138 5651 3226 5704 καὶ
3290 5638 3610 5726 ὠθούμενοίξ
3666 5657 3802 5722 Qua
