4130 6374
347 367 464 440 399

1500 365 1972 444 DlSQUlSITlO
2013 357 2626 424 TOPOGRAPHICA

3659 341 3782 428 too

352 514 589 587 quidem
641 511 720 570 ita
758 513 1014 569 reddidit
1041 516 1244 569 auctor
1284 509 1554 568 Miscellaa
1589 527 1602 565 :
1637 509 1790 564 Anno
1821 505 1856 560 5
1888 506 1994 559 im-
2029 503 2080 569 Α
2111 499 2292 556 bilius
2344 500 2570 567 atterat,
2605 502 2671 554 ut
2724 515 2858 554 eum
2913 500 3128 556 Seneca
3185 497 3415 571 loquar,
3464 503 3594 557 tum
3657 519 3778 560 non

351 606 501 679 perii
557 603 928 670 Constantini,
979 602 1286 674 praedictus
1339 606 1511 656 Deum
1557 595 2008 669 impugnantz'um

284 694 290 699 ’
351 696 522 750 uolus
551 693 848 750 ascendens
878 693 1178 764 applicam’t
1207 693 1267 746 in
1310 688 1704 746 lliracensibus
1731 683 2006 758 partibus,

350 800 387 840 α
427 783 748 838 summitate
775 782 1032 837 videlicet
1054 780 1295 850 septimi,
1316 795 1436 849 quae
1462 779 1637 848 vergit
1667 777 1740 831 ad
1757 772 2010 831 Occiden-

355 877 482 944 tem,
518 871 575 928 id
603 882 685 927 est
715 888 748 925 a
776 871 933 926 domo
961 885 1082 941 qua
1113 874 1421 939 Magnaura
1452 867 1677 926 dicitur,
1711 866 1763 921 et
1816 877 2008 917 rursus

355 977 526 1032 usque
568 961 638 1017 ad
681 976 892 1029 arcem,
950 975 1117 1030 quam
1165 956 1485 1028 Cyclobium
1534 955 1747 1023 dicunt,
1780 966 2008 1024 quaeque

353 1056 558 1124 spectat
614 1051 690 1106 ad
739 1049 1038 1105 Orientem.
1070 1048 1177 1102 Per
1231 1050 1410 1102 totum
1455 1047 1640 1116 itaque
1685 1043 1831 1098 diem
1876 1057 2004 1096 con-

350 1142 554 1214 gressio
609 1140 741 1196 belli
787 1139 1094 1202 tenebatur,
1128 1136 1187 1192 id
1233 1140 1312 1192 est
1361 1152 1396 1190 a
1431 1150 1596 1190 mane
1623 1148 1796 1204 usque
1824 1129 1893 1186 ad
1925 1147 2008 1185 ve-

351 1247 590 1302 speram,
620 1246 653 1281 (ι
680 1228 985 1282 braehialio
1015 1226 1211 1281 Aurea?
1241 1228 1416 1296 portae
1465 1239 1630 1296 usque
1674 1221 2006 1292 Cyeloln'am,

351 1320 587 1374 invicem
614 1327 850 1388 utraque
872 1324 1039 1388 parte
1069 1316 1134 1370 in
1169 1330 1279 1370 uno
1299 1312 1530 1384 pulvere
1549 1309 1885 1383 impellente.
1909 1308 2007 1362 Ce-

352 1408 570 1464 drenus
619 1406 879 1477 idipsnm
930 1420 1216 1459 enarrans
1247 1419 1266 1457 :
1317 1403 1436 1456 Τῶν
1483 1401 1771 1474 θεομάχων
1813 1395 2006 1456 στόλος

350 1493 524 1550 ἐλθὼν
578 1493 980 1568 προσώρμησεν
1035 1490 1086 1544 ἐν
1146 1495 1262 1552 τοῖς
1315 1490 1598 1561 Θρᾳκῲεις
1632 1487 1868 1562 μᾶρεσιν,
1899 1485 2004 1539 ἀπὸ

349 1589 447 1640 τοῦ
477 1578 752 1656 Ἑϐδόμου
785 1582 951 1656 μέχρι
1003 1574 1338 1634 Κυκλοῧίου.
1375 1581 1477 1636 Ubi
1526 1572 1802 1649 ’Ἑϐδομον
1852 1577 2005 1631 nude

351 1678 541 1741 vocat,
573 1673 731 1747 quod
771 1670 1154 1744 Theophanes
1187 1669 1652 1742 promontorium
1702 1665 2002 1722 Hebdomi.

351 1777 604 1830 Zonaras
635 1771 840 1826 iisdem
874 1769 992 1825 fere
1022 1767 1214 1823 verbis
1245 1766 1462 1840 quibus
1482 1764 1864 1837 Theophanes
1881 1778 2003 1818 rem

354 1868 614 1918 recenset
656 1875 668 1915 :
716 1859 847 1914 Εἶτα
902 1853 1087 1928 στόλῳ
1147 1856 1303 1932 βαρεῖ
1360 1854 1476 1908 κατ’
1535 1851 1704 1942 αὐτῆς
1758 1849 2004 1920 ἀπῆλθον
2035 1875 2084 1942 Β

351 1956 454 2020 τῆς
516 1944 798 2024 βασιλίδος
869 1950 977 2001 τῶν
1047 1943 1291 2014 πόλεων,
1351 1941 1441 1998 καὶ
1514 1941 1852 2013 ναύσταθμον
1909 1942 2007 1994 τοῦ

353 2039 612 2117 σφετέρου
689 2033 890 2090 στόλου
966 2033 1265 2104 πεποίηντο
1338 2031 1445 2086 ἀπὸ
1509 2035 1605 2086 τοῦ
1661 2030 1797 2105 πρὸς
1855 2025 2004 2083 δύσιν

354 2115 722 2203 ἀκρωτηρίου,
753 2129 851 2180 τοῦ
909 2123 1045 2178 κατᾶ
1084 2117 1383 2194 Ἓϐδομον,
1431 2120 1598 2196 μεχρι
1644 2122 1740 2173 τοῦ
1791 2115 2003 2172 Κυκλο-

351 2213 496 2272 ϐίου.
531 2217 640 2274 Ubi
671 2217 922 2288 scriptor
953 2213 1317 2270 Narrationis
1347 2211 1636 2267 historicas
1667 2210 1724 2265 in
1788 2211 2002 2264 festum

348 2312 448 2376 τῆς
478 2303 818 2373 Ἀκαθίστου,
851 2305 923 2360 de
952 2303 1098 2376 ipsis
1137 2299 1422 2374 Agarenis
1467 2298 1673 2355 urbem
1731 2297 2002 2354 obsiden-

348 2385 508 2452 tibus
539 2397 649 2452 sub
681 2395 882 2451 eodem
917 2393 1208 2465 Pogonato
1237 2391 1410 2445 verba
1441 2388 1659 2444 faciens
1691 2404 1704 2443 :
1737 2385 2000 2460 Ηροσώρ-

353 2506 528 2559 μησαν
556 2488 624 2559 τῇ
655 2480 1084 2560 παραθαλασσίῳ
1125 2483 1222 2534 τοῦ
1270 2473 1568 2550 Ἑϐδόμου.
1602 2479 1674 2532 Et
1717 2477 2003 2548 Georgius

348 2575 725 2633 Hamartolus
757 2574 813 2628 in
847 2571 1131 2628 Chronico
1163 2587 1275 2624 ms.
1311 2586 1324 2624 :
1359 2566 1462 2622 Καὶ
1519 2565 2002 2642 προσορμήσαντες

350 2663 486 2721 κατὰ
555 2665 656 2732 τὴν
728 2659 995 2737 παράλιον
1064 2662 1160 2712 τοῦ
1227 2652 1523 2729 Ἑϐδόμου,
1583 2660 1716 2722 etc.,
1778 2653 2002 2710 scilicet

349 2772 556 2812 versus
584 2752 926 2828 ἀκρωτήριον
974 2746 1071 2804 τοῦ
1102 2741 1398 2819 Ἑϐδόμου,
1433 2763 1467 2801 a
1517 2762 1634 2818 quo
1691 2761 1878 2816 usque
1926 2743 1997 2798 ad

347 2844 706 2918 Cyclobium,
741 2858 857 2898 non
892 2837 1176 2908 terrestri,
1209 2836 1308 2892 sed
1344 2835 1642 2890 maritima
1671 2832 1998 2898 obsidione,

350 2939 416 2991 ut
444 2936 668 2990 exserte
700 2929 904 2987 scribit
931 2926 1334 3000 Theophanes,
1370 2924 1573 2980 urbem
1607 2921 1999 2978 circumsede-

349 3023 584 3078 derunt.
621 3019 878 3092 Denique
908 3016 1089 3074 tradit
1116 3015 1272 3071 idem
1301 3013 1687 3086 Theophanes
1719 3011 1778 3066 in
1821 3011 2026 3066 Leone‘

351 3114 555 3168 Isauro
587 3128 682 3167 an.
716 3111 771 3176 1,
801 3108 1038 3165 eosdem
1070 3105 1390 3162 Saracenos
1441 3103 1648 3158 urbem
1699 3100 2004 3158 obsedisse

349 3201 456 3256 ἀπὸ
487 3206 586 3270 τῆς
651 3195 970 3272 Μαγναύρας
1015 3191 1120 3256 ἕως
1174 3185 1510 3260 Κυκλοϐίου,
1543 3190 1842 3247 maritimo.
1887 3189 2000 3245 sci-

345 3293 486 3348 licet
502 3290 720 3362 pariter
749 3286 1074 3345 obsidione.
1101 3285 1185 3340 Ex
1215 3282 1432 3356 quibus
1460 3282 1558 3337 hic
1588 3279 1783 3336 allatis
1831 3279 1997 3350 locis,

349 3397 498 3456 quos
555 3378 729 3452 paulo
779 3377 1112 3432 accuratius
1169 3389 1305 3429 cum
1365 3371 1532 3426 urbis
1579 3367 2000 3442 topographica

348 3469 742 3542 descriptione
771 3483 837 3524 ac
867 3462 1503 3536 ichnographia,quam
1535 3459 1594 3515 in
1629 3464 1830 3514 nostra
1861 3458 1997 3514 Con-

347 3559 715 3631 stantinopoli
746 3556 1065 3612 Christiana
1095 3551 1376 3608 delineari
1405 3549 1762 3616 curavimus,
1795 3563 1998 3620 expen-

351 3651 452 3707 dat
479 3649 652 3704 velim
685 3663 871 3702 novus
893 3660 960 3700 ac
993 3642 1222 3716 primus
1253 3643 1511 3696 assertor
1542 3636 1998 3704 Hebdomianus,

351 3765 524 3805 nemo
553 3745 668 3802 nisi
700 3743 948 3800 nimium
985 3739 1252 3815 pervicax
1299 3736 1547 3793 inliciari
1595 3735 1805 3808 poterit
1850 3735 2000 3791 Heb-

353 3839 593 3894 domum
627 3836 697 3892 ad
734 3836 939 3890 urbem
967 3829 1296 3904 pertigisse,
1321 3828 1567 3899 ejusque
1593 3829 1816 3898 partem
1849 3825 2002 3880 intra

352 3927 560 3984 urbem
593 3924 853 3996 potuisse
883 3920 1126 3986 includi,
1161 3934 1296 3975 cum
1327 3915 1661 3990 Cyelobium
1695 3915 1767 3971 ad
1802 3929 2001 3970 muros

353 4017 516 4077 urbis
546 4017 853 4072 terrestres
882 4026 1087 4067 versus
1129 4007 1412 4065 orientem
1457 4009 1515 4062 et
1563 4002 2000 4078 Propontidem,

353 4107 673 4180 Magnaura
702 4119 834 4160 vero
866 4101 938 4157 ad
967 4099 1209 4156 sosdam
1231 4113 1452 4168 muros,
1477 4095 1595 4151 imo
1625 4093 1778 4150 intra
1808 4093 2000 4165 ipsam

350 4197 556 4254 urbem
586 4211 792 4252 versus
823 4191 1189 4248 occidentem
1237 4196 1290 4244 et
1339 4185 1813 4260 promontorium
1845 4183 1999 4240 Heb-

347 4285 506 4343 domi
539 4282 896 4348 exstiterint,
926 4280 1079 4354 quod
1103 4277 1308 4333 multis
1362 4275 1418 4330 in
1462 4279 1666 4331 nostra
1725 4273 1998 4330 lucubra-

347 4376 502 4432 tione
531 4373 861 4430 docuimus.
897 4369 957 4426 Si
988 4367 1144 4424 enim
1190 4363 1661 4439 promontorium
1713 4362 1998 4418 Hebdomi

349 4465 420 4520 ad
453 4463 769 4536 septimum
803 4457 1054 4516 milliare
1079 4454 1302 4512 exstitit
1347 4469 1554 4509 versus
1593 4450 1887 4506 Orientem
1945 4456 2003 4506 et

349 4551 783 4625 Propontidem,
815 4564 965 4622 quos
997 4545 1048 4602 is
1077 4545 1307 4599 videtur
1339 4538 1622 4612 velle,qui
1654 4538 1778 4595 fieri
1811 4543 2002 4612 potest

348 4645 416 4698 ut
443 4622 776 4715 provimum
831 4635 1012 4692 fuerit
1066 4637 1395 4704 Magnauraa
1454 4625 1694 4702 palatio,
1727 4628 1882 4699 quod
1939 4629 1998 4684 in
2033 4622 2078 4687 D

346 4731 488 4788 urbe
517 4735 575 4786 et
603 4730 675 4786 ad
707 4726 873 4784 urbis
914 4738 1118 4780 muros
1161 4736 1369 4776 versus
1409 4733 1684 4774 occasum
1732 4717 2000 4774 exstitit?

346 4829 487 4897 Quis
519 4827 773 4900 denique
802 4824 862 4879 in
913 4823 1170 4878 mentem
1223 4817 1332 4873 sibi
1385 4815 1698 4882 induxerit,
1730 4816 1817 4872 vel
1850 4815 1997 4872 scri—

344 4919 478 4976 bere
536 4914 805 4985 voluerit,
846 4914 1166 4967 Saracenos
1217 4907 1419 4962 urbem
1465 4905 1768 4961 obsedisse
1817 4923 1852 4961 a
1907 4922 1998 4962 se-

342 5006 528 5081 ptimo
558 5002 798 5061 milliari
843 5015 1052 5055 versus
1082 4997 1395 5068 Rhegium,
1425 4994 1608 5066 (quod
1644 4995 1709 5048 12
1749 4995 1821 5050 ab
1855 4995 1998 5051 urbe

341 5095 535 5168 lapide
566 5095 640 5150 ad
673 5089 1084 5163 Propontidem
1141 5087 1198 5140 in
1259 5086 1474 5140 Charta
1546 5083 1998 5155 Peutingeriana

340 5184 646 5252 statuitur)
678 5181 751 5238 ad
782 5178 1149 5253 Cyclobium,
1183 5175 1282 5230 sed
1306 5173 1615 5230 castellum
1652 5173 1993 5239 rotundum,

338 5275 496 5347 quod
531 5272 721 5329 eidem
756 5267 1092 5342 Propontidi
1134 5263 1413 5336 adjaruit,
1446 5263 1618 5317 hodie
1669 5262 1992 5317 etiamnum

339 5359 732 5436 Heptapyrgio
763 5359 1104 5415 inclusum?
1128 5355 1315 5409 Veluti
1349 5353 1396 5407 si
1433 5352 1565 5424 quis
1589 5352 1807 5408 diceret
1829 5352 1998 5406 Lute-

338 5451 482 5508 tiam
514 5451 714 5506 hostes
743 5447 1168 5506 circumscdere
1201 5461 1234 5498 a
1255 5441 1533 5498 Vcrsaliis
1567 5441 1636 5496 ad
1669 5447 1993 5512 Lupareum

341 5556 532 5611 usque
593 5539 906 5604 Palatium,
959 5536 1011 5591 is
1060 5537 1215 5590 certe
1272 5529 1594 5587 deridiculo
1654 5529 1991 5586 haberetur.

342 5637 554 5692 Videat
577 5635 717 5706 quid
768 5639 1032 5706 reponat,
1065 5637 1124 5688 et
1173 5629 1393 5686 nodum
1447 5627 1604 5683 hunc
1662 5627 1850 5683 solvat
1906 5626 1996 5685 vir

341 5727 632 5788 eruditus,
664 5725 710 5777 si
742 5729 934 5780 tamen
969 5724 1179 5793 potest,
1214 5717 1302 5771 vel
1333 5721 1483 5772 certe
1515 5716 1734 5788 aliquid
1779 5716 1994 5787 proba-

2117 593 2357 662 gravate
2388 589 2458 644 ab
2489 589 2766 661 opinione
2797 605 2929 645 mea
2958 588 3016 644 in
3049 587 3402 646 sententiam
3451 588 3615 648 illius
3661 592 3776 650 dis-

2117 679 2439 735 cessionem
2474 679 2681 734 fecero.

2189 790 2312 840 XII.
2345 785 2454 841 Sed
2518 791 2579 840 ut
2629 801 2736 841 nec
2806 785 3276 857 promontorium
3323 787 3631 850 Hebdomi.
3681 789 3766 846 ita

2117 891 2306 947 neque
2338 875 2701 930 Hebdomum
2731 873 2927 946 ipsum
2950 875 3023 931 ad
3055 875 3470 948 Propontidem
3501 875 3630 948 fuit,
3668 879 3771 934 sed

2117 965 2188 1021 ad
2221 963 2388 1020 sinus
2410 963 2664 1020 Ceratini
2694 968 2891 1036 caput,
2923 964 3023 1020 ubi
3054 964 3298 1037 Cydaris
3343 969 3403 1020 et
3439 964 3766 1037 Barbysses

2116 1053 2334 1110 ﬂuviali
2395 1052 2724 1118 conﬂuunt,
2769 1052 2928 1110 haud
3005 1052 3207 1125 procul
3254 1053 3329 1109 ab
3383 1055 3550 1126 urbe,
3608 1054 3770 1127 quod

2116 1159 2298 1214 supra
2328 1141 2492 1198 allati
2524 1140 2632 1198 loci
2670 1141 2910 1198 omnino
2933 1141 3255 1200 declarant.
3289 1143 3371 1200 Ex
3401 1143 3618 1216 quibus
3646 1144 3771 1200 evi-

2115 1233 2321 1286 denter
2342 1234 2520 1302 patet,
2557 1247 2670 1286 non
2705 1231 2875 1285 modo
2907 1231 3270 1288 Hebdomum
3303 1231 3375 1288 ad
3407 1232 3770 1289 occidentem

2115 1338 2320 1377 versus
2339 1325 2719 1389 Magnauram
2761 1326 2913 1375 recte
2943 1321 3148 1389 statui,
3181 1323 3338 1393 quod
3391 1321 3628 1394 quidem
3661 1321 3770 1378 Pa-

2115 1409 2322 1465 latium
2357 1409 2687 1481 proximum
2730 1409 2841 1465 fuit
2886 1409 3045 1465 sinui
3093 1410 3394 1479 Oeratino;
3423 1411 3523 1467 sed
3563 1415 3624 1465 et
3669 1425 3776 1482 per

2114 1499 2390 1555 eumdem
2421 1497 2615 1554 sinum
2649 1503 2971 1556 Saracenos
3024 1499 3085 1554 in
3134 1499 3531 1570 Hebdomum,
3561 1515 3665 1556 seu
3712 1499 3773 1555 in

2114 1591 2400 1660 Campum
2454 1587 2582 1642 urbi
2642 1587 2998 1658 proximum,
3051 1587 3402 1660 pervenisse,
3435 1605 3469 1644 a
3523 1605 3640 1658 quo
3697 1589 3771 1646 ad

2115 1677 2453 1749 Cyclobium
2506 1692 2694 1748 usque
2733 1676 2938 1732 urbem
2988 1677 3138 1734 mari
3187 1677 3490 1735 obsedere.
3525 1678 3773 1736 Proinde

2117 1783 2250 1822 cum
2304 1762 2574 1840 παράλιον
2626 1768 2724 1818 τοῦ
2780 1759 3078 1836 Ἑϐδόμου,
3124 1766 3407 1840 Georgius
3462 1767 3772 1826 Hamarto-

2115 1855 2228 1924 lus,
2263 1861 2320 1911 et
2363 1852 2648 1928 αἰγιαλοὺς
2706 1857 2804 1908 τοῦ
2829 1847 3104 1927 Ἑϐδόμου
3143 1855 3291 1912 dixit
3345 1855 3595 1928 scriptor
3639 1856 3770 1914 vita

2116 1947 2174 2002 S.
2213 1945 2405 2002 Basilii
2435 1943 2723 2012 Junioris,
2758 1961 2816 2000 n.
2847 1945 2904 2013 7,
2931 1945 3198 2018 ejusdem
3247 1945 3570 2020 superioris
3601 1945 3770 2004 sinus

2113 2034 2309 2091 littera
2355 2033 2604 2105 intelligi
2655 2033 2891 2105 debent,
2943 2033 3046 2090 ubi
3101 2039 3308 2107 portus
3359 2034 3463 2108 qui
3521 2034 3581 2092 in
3624 2034 3771 2092 Heb-

2114 2126 2287 2181 domo
2331 2123 2628 2179 exstitisse
2677 2128 2972 2194 narratur,
3001 2139 3178 2196 quem
3235 2123 3374 2199 πρὸς
3431 2119 3769 2200 Βλαχέρναις

2111 2212 2320 2270 κόλπον
2353 2220 2516 2271 vocat
2556 2214 2856 2288 Scylitzes,
2888 2216 3068 2272 statui
3119 2216 3311 2284 debet,
3337 2233 3453 2273 non
3504 2217 3576 2274 ad
3624 2217 3768 2274 Pro-

2112 2307 2432 2378 pontidem.
2465 2305 2574 2370 Qui
2633 2305 2872 2376 quidem
2927 2309 3128 2374 portus
3189 2305 3237 2361 is
3289 2305 3540 2374 videtur,
3589 2322 3767 2379 quem

2111 2390 2310 2466 λιμένα
2365 2397 2462 2446 τοῦ
2517 2387 2790 2464 Ἑϐδόμου
2849 2399 3035 2465 vocat,
3093 2399 3151 2450 et
3207 2399 3522 2467 purgatum
3585 2395 3770 2452 fuisse

2111 2501 2264 2538 anno
2293 2485 2366 2538 25
2401 2482 2720 2538 Justiniani
2757 2483 2964 2538 scribit
3021 2483 3177 2540 idem
3225 2483 3618 2556 Theophanes
3648 2501 3662 2540 :
3693 2485 3765 2540 ad

2110 2589 2283 2644 quem
2316 2572 2535 2628 scilicet
2561 2571 2774 2628 Tiberii
2817 2571 3187 2628 Constantini
3235 2572 3630 2644 imperatoris,
3666 2572 3768 2645 qui

2109 2658 2160 2714 ἰν
2220 2661 2504 2735 προκέσσῳ
2549 2664 2645 2716 τοῦ
2703 2655 2974 2732 Ἑϐδόμου
3025 2662 3270 2728 obierat,
3302 2662 3554 2718 cadaver
3607 2658 3766 2736 πλοΐ,

2110 2769 2211 2807 seu
2244 2750 2496 2823 navigio,
2531 2756 2595 2806 ut
2621 2755 2730 2806 est
2776 2751 2833 2806 in
2867 2751 3138 2807 Chronico
3170 2752 3570 2821 Alexandrino,
3602 2751 3764 2808 dela-

2108 2845 2235 2896 tum
2271 2845 2378 2896 est.
2411 2841 2518 2894 Sed
2547 2844 2606 2894 et
2637 2840 2706 2895 de
2738 2839 3034 2896 similibus
3066 2839 3198 2898 aliis
3245 2840 3305 2896 in
3351 2837 3676 2910 Hebdomo,
3711 2845 3767 2897 et

2110 2931 2182 2986 ad
2241 2929 2439 2986 sinum
2496 2929 2832 2984 Ceratinum
2882 2927 3135 3004 νεωρίοις
3177 2929 3408 3004 egimus
3447 2929 3508 2986 in
3563 2935 3770 2988 nostra

2112 3017 2612 3089 Constantinopoli.
2645 3017 2770 3073 Non
2805 3017 3022 3073 mirum
3055 3017 3242 3091 igitur
3284 3018 3330 3074 si
3391 3015 3761 3076 Hebdomum

2108 3103 2546 3182 παραθαλάσσιος
2593 3104 2760 3166 τόπος
2825 3106 3055 3163 dicatur
3137 3105 3414 3180 Procopio
3479 3112 3538 3164 et
3594 3108 3760 3165 Nice-

2111 3199 2295 3271 phoro
2324 3194 2830 3268 Constantinopol.
2866 3195 2925 3250 in
2955 3192 3104 3252 Hist.
3139 3193 3297 3268 quod
3327 3193 3554 3253 scilicet
3593 3197 3756 3253 sinus

2108 3284 2360 3344 Ceratini
2399 3283 2698 3340 littoribus
2729 3281 3073 3354 adjacuerit.

2177 3391 2327 3448 XIII.
2359 3390 2574 3447 Scribit
2610 3389 2994 3463 Theophanes
3051 3389 3445 3462 Nicephorum
3493 3388 3741 3446 Phocam

2108 3482 2523 3553 imperatorem
2575 3478 2988 3547 acclamatum,
3038 3479 3404 3552 Chrysopoli,
3452 3495 3566 3552 quo
3613 3494 3746 3534 cum

2108 3570 2296 3627 classe
2327 3568 2654 3642 appulerat,
2695 3569 3070 3640 imperatorio
3105 3569 3388 3625 dromone
3425 3571 3752 3640 assumpto,

2109 3659 2184 3721 εἷς
2212 3659 2274 3714 τὸ
2303 3653 2580 3731 Ἕϐδομον
2615 3675 2648 3715 a
2679 3657 2939 3715 Prasinis
2981 3659 3326 3726 deductum,
3363 3658 3466 3714 ubi
3517 3657 3766 3726 scilicet,

2109 3749 2437 3806 secundum
2471 3752 2770 3820 receptum
2816 3763 3063 3818 morem,
3094 3747 3416 3818 imperator
3453 3747 3518 3804 in
3563 3747 3768 3803 Tribu-

2109 3837 2230 3894 nali
2279 3839 2722 3896 acclamaretur.
2775 3835 3118 3909 Chrysopoli
3162 3852 3397 3908 nempe,
3427 3854 3557 3910 qua:
3596 3837 3768 3894 Cera-

2109 3928 2233 3984 tino
2292 3925 2690 4000 promontorio
2767 3925 3210 3996 obversabatur,
3266 3942 3384 3984 non
3435 3925 3497 3982 in
3557 3926 3767 3984 urbem

2109 4017 2368 4088 transiit,
2399 4017 2502 4072 sed
2534 4031 2772 4072 emenso
2809 4014 2938 4087 ipso
2978 4015 3115 4072 sinu
3167 4015 3456 4083 Ceratino,
3483 4015 3558 4072 ad
3615 4015 3770 4072 Heb-

2111 4107 2355 4162 domum
2389 4105 2650 4180 pervenit
2683 4122 2696 4162 :
2727 4105 2884 4176 quod
2931 4103 3149 4161 clarius
3205 4108 3410 4178 narrat
3463 4104 3769 4178 Scylitses,

2110 4196 2349 4254 tradens
2377 4193 2773 4268 Nicephorum
2807 4209 2941 4250 cum
2974 4197 3096 4251 tota
3129 4193 3318 4251 classe
3357 4193 3770 4267 Chrysopolim

2111 4284 2436 4358 trajecisse,
2498 4282 2752 4356 indeque
2806 4283 2876 4338 ad
2939 4281 3330 4350 Hebdomum,
3384 4285 3564 4356 atque
3627 4281 3771 4338 hinc

2109 4373 2280 4427 πάντα
2333 4371 2424 4427 τὸν
2487 4367 2664 4444 δῆμον
2719 4375 2823 4439 τῆς
2879 4368 3098 4432 πόλεως
3160 4370 3276 4442 μετ’
3324 4367 3612 4447 εὐφημιῶν
3669 4368 3764 4424 καὶ

2107 4462 2341 4539 κρότων,
2402 4457 2672 4534 δημοσίας
2753 4460 3047 4536 γινομένης
3109 4455 3373 4536 προόδου,
3428 4459 3491 4516 in
3558 4461 3768 4516 urbem

2109 4551 2528 4618 introduxisss,
2580 4545 2671 4604 διὰ
2723 4555 2823 4618 τῆς
2878 4549 3098 4625 Χρυσῆς
3155 4547 3384 4624 πόρτας,
3431 4563 3536 4622 per
3583 4564 3766 4622 quam

2109 4640 2334 4700 scilicet
2361 4639 2636 4698 solennes
2658 4640 2968 4713 ingressus
2998 4636 3122 4695 fieri
3153 4637 3362 4696 solitos
3389 4636 3532 4695 alibi
3563 4638 3768 4699 obser-

2107 4731 2400 4799 vavimus,
2431 4729 2586 4802 quod
2645 4733 2703 4784 et
2760 4732 2987 4786 exserte
3035 4729 3208 4784 docet
3250 4727 3674 4785 Constantinus
3703 4725 3766 4782 in

2107 4821 2234 4878 Vita
2285 4818 2484 4876 Basilii
2531 4818 2675 4891 imp.
2717 4835 2776 4874 n.
2811 4819 2881 4873 40
2927 4817 3067 4874 edit.
3100 4816 3459 4874 Combeﬁsii.
3491 4816 3558 4872 Et
3585 4815 3768 4874 Zona-

2107 4908 2378 4966 raszTov
2440 4905 2753 4984 Νικηφόρον
2815 4905 3014 4971 ἐκεῖθιν
3099 4906 3486 4980 (Cbrysopoli)
3565 4902 3642 4968 εἰς
3699 4901 3764 4959 τὸ

2104 4992 2385 5070 Ἕϐδομον
2446 4993 2658 5070 ἄγουσι,
2713 4996 2957 5050 κάκεῖθεν
3018 4993 3110 5049 σὺν
3172 4991 3399 5072 προόδῳ
3460 4990 3764 5067 δημοτελεῖ

2107 5088 2183 5150 εἷς
2211 5088 2310 5155 τήν
2346 5084 2602 5160 Μεγάλην
2631 5083 2946 5156 ἐκκλησίαν.
2980 5085 3091 5141 Ubi
3148 5102 3346 5152 nemo,
3404 5085 3628 5157 opinor,
3683 5095 3752 5137 ex

2107 5179 2179 5233 iis
2223 5177 2443 5248 quibus
2491 5181 2668 5232 notus
2710 5180 2800 5232 est
2829 5175 3416 5246 Constantinopoleos
3447 5175 3618 5237 situs,
3643 5169 3758 5226 sibi

2103 5267 2162 5324 in
2191 5266 2457 5322 animum
2488 5264 2808 5336 induxerit,
2841 5263 3235 5338 Nicephorum
3278 5263 3349 5319 ad
3402 5263 3599 5320 locum
3634 5265 3760 5317 ten-

2105 5358 2362 5420 dentem,
2397 5353 2498 5409 ubi
2548 5353 2998 5426 inaugurandus
3045 5355 3170 5410 erat
3207 5352 3548 5424 imperator,
3581 5348 3766 5421 siqui-

2103 5445 2235 5500 dem
2271 5444 2340 5499 ad
2392 5441 2813 5514 Propontidem
2868 5439 3181 5509 exstiterit,
3215 5455 3348 5496 cum
3391 5443 3519 5496 tota
3575 5437 3768 5499 classe

2101 5531 2505 5605 Chrysopolim
2566 5530 2889 5604 appulisse,
2922 5547 2990 5587 eo
3035 5545 3268 5586 rursum
3329 5543 3758 5586 reversurum:

2103 5627 2169 5677 ut
2199 5624 2488 5678 urbanam
2519 5637 2754 5678 omnem
2803 5619 3248 5677 multitudinem
3301 5620 3375 5675 ad
3433 5617 3764 5696 septimum

2103 5727 2289 5782 usque
2311 5709 2566 5782 lapidem
2591 5711 3179 5782 egressam,indeque
3200 5707 3446 5767 solemni
3479 5722 3767 5780 processu
