4130 6366
357 456 472 518 401

1732 451 1835 510 DE
1881 450 2259 514 HEBDOMO
2302 454 2416 515 ΟΡ.

3669 456 3787 517 402

352 588 759 662 Nicephorum
791 585 1043 643 Phocam
1077 587 1146 642 ad
1184 588 1391 643 urbem
1440 586 1773 643 deduxisse.
1829 590 2021 656 Neque
2050 593 2101 657 Α
2136 586 2197 644 lii
2255 589 2386 646 Vita
2446 608 2503 645 n.
2561 592 2633 645 90
2676 590 2965 662 ejusmodi
3026 590 3240 661 palatia
3287 606 3390 647 seu
3442 591 3787 648 suburbana

352 679 530 738 aIiter
556 675 988 750 intelligendus
1014 676 1360 732 Anastasius
1381 673 2021 745 Bibliothecarius,quo

354 769 483 826 loco
532 769 737 823 narrat
782 766 1235 822 Constantinum
1286 782 1499 839 papam
1551 781 1686 821 cum
1730 764 1801 820 ad
1829 764 2018 819 Caeam

355 855 618 914 insulam
693 853 1044 927 appulisset,
1105 856 1420 911 deductum
1480 854 1665 909 fuisse
1732 853 1792 908 in
1862 853 2017 906 Heb-

359 948 624 1012 domum,
656 943 913 1016 indeque
942 943 1003 999 in
1035 943 1241 1000 urbem
1271 962 1283 999 :
1335 962 1374 999 α
1405 960 1507 1016 quo
1544 945 1657 998 loco
1700 943 2017 1013 navigantes

357 1034 936 1104 veneruntaseptimo
980 1034 1255 1089 milliaria
1308 1032 1855 1104 ConstantinOpolim.
1908 1030 2016 1086 Ubi

361 1122 604 1197 Septimi
636 1121 908 1179 milliaris
939 1123 1220 1179 vocabulo
1252 1127 1581 1196 Magnauras
1606 1120 1889 1193 palatium
1921 1119 2013 1174 in-

357 1212 660 1285 telligitur,
690 1211 752 1266 in
784 1228 895 1282 qao
925 1212 1113 1283 excipi
1162 1214 1348 1284 primo
1382 1212 1651 1268 solebant
1678 1209 1856 1266 exteri
1891 1226 2013 1264 ma-

350 1307 580 1375 gnetes,
608 1300 698 1356 vel
730 1300 909 1356 etiam
941 1301 1138 1373 legati,
1172 1303 1326 1373 quod
1362 1319 1477 1374 prec
1507 1299 1732 1356 caeteris
1767 1303 2015 1354 testatur

348 1407 535 1462 supra
564 1387 844 1447 laudatus
872 1391 1295 1447 Constantinus
1327 1392 1388 1448 in
1423 1390 1515 1446 avi
1549 1390 1675 1445 Vita
1707 1389 1924 1452 n.7li,et
1955 1387 2012 1441 in

348 1483 559 1535 nostra
612 1478 687 1534 de
744 1478 888 1534 urbe
955 1477 1362 1535 lucubratione
1420 1479 1740 1534 docemus.
1792 1475 2010 1532 Eadem

346 1567 528 1641 plane
558 1567 783 1624 ratione
814 1566 1184 1641 intelligendi
1224 1570 1402 1625 etiam
1451 1571 1796 1640 Anonymus
1843 1568 2010 1621 Com-

346 1656 698 1728 beﬁsianus,
730 1655 1028 1730 Scylitzes,
1060 1662 1119 1713 et
1150 1657 1247 1714 alii
1280 1659 1339 1713 in
1380 1662 1643 1713 Romano
1687 1660 2008 1726 Lacapeno,

344 1746 495 1802 dum
528 1745 799 1802 scribunt
822 1745 969 1802 Petri
994 1746 1377 1817 Bulgarorum
1401 1746 1554 1820 regis
1580 1762 1714 1801 cum
1741 1743 2008 1815 ejusdem

344 1834 727 1908 imperatoris
761 1834 882 1891 ﬁlia
911 1836 1096 1893 Maria
1124 1837 1184 1892 in
1218 1837 1358 1894 urbe
1401 1833 1710 1893 celebratis
1759 1831 2005 1905 nuptiis,

2135 675 2390 750 βασιλικὰ
2428 673 2739 750 μεταϐολῆς
2783 676 2937 734 ἕνεκα
2984 679 3303 755 καταγώγια
3355 679 3634 753 appellat,
3678 681 3781 737 ubi

2130 769 2202 822 de
2230 773 2458 841 Pegano
2492 770 2709 842 palatio
2741 770 2884 841 agit,
2917 771 3071 841 quod
3107 771 3176 825 ad
3212 769 3375 825 urbis
3422 786 3624 827 muros
3653 775 3781 826 erat

2130 873 2333 913 versus
2365 866 2590 929 portam
2625 865 2900 927 Auream,
2959 867 3015 914 ut
3047 864 3103 914 et
3130 858 3413 930 palatium
3446 859 3603 930 quod
3634 858 3781 915 Heb-

2128 948 2285 1002 domi
2304 947 2681 1019 appellabant
2697 966 2899 1004 versus
2913 948 3309 1004 Blancbernas
3330 952 3385 1003 et
3402 947 3594 1004 sinum
3608 948 3777 1004 Cera-

2130 1035 2344 1104 tinum,
2380 1042 2437 1091 ct
2468 1036 2574 1110 πρὸ
2607 1039 2703 1105 τῆς
2734 1035 2951 1098 πόλεως
3006 1043 3149 1104 erat,
3187 1042 3251 1092 ut
3280 1041 3370 1093 est
3398 1038 3553 1109 apud
3589 1036 3777 1093 Theo-

2127 1124 2383 1195 phanem
2416 1126 2473 1179 in
2509 1126 2782 1183 Michaele
2812 1145 2905 1182 an.
2939 1128 2992 1180 2.
3033 1126 3176 1182 [llud
3223 1142 3395 1197 porro
3442 1124 3639 1198 ipsum
3689 1130 3780 1183 est

2124 1216 2277 1284 quod
2309 1214 2367 1269 in
2403 1214 2639 1287 regione
2690 1217 2754 1269 14
2784 1215 3025 1283 exstitit,
3072 1219 3136 1270 ut
3173 1220 3263 1271 est
3309 1215 3369 1270 in
3401 1215 3580 1270 veteri
3610 1215 3776 1272 urbis

2124 1304 2539 1373 descriptione,
2572 1311 2629 1359 et
2657 1304 3022 1360 Constantini
3076 1321 3287 1360 nomen
3340 1303 3611 1374 retinet,a
3636 1321 3773 1360 con-

2123 1392 2310 1448 ditore
2338 1396 2718 1449 Constantino
2740 1399 2835 1460 M.,
2860 1411 2894 1450 a
2916 1411 3031 1465 quo
3060 1394 3362 1449 conditum
3394 1392 3582 1464 primo
3613 1398 3777 1449 extra

2125 1482 2290 1537 urbis
2321 1482 2553 1553 moenia,
2588 1487 2791 1554 postea
2820 1482 2894 1537 iis
2926 1483 3225 1553 productis
3249 1481 3405 1539 intra
3430 1482 3656 1548 urbem,
3684 1482 3771 1539 vel

2122 1577 2276 1625 certe
2323 1572 2394 1626 ad
2427 1571 2558 1642 ipsa
2590 1572 2807 1626 mrenia
2835 1571 3160 1627 etiamnum
3192 1569 3577 1642 conspicitur.
3621 1571 3683 1626 In
3705 1587 3774 1627 eo

2120 1676 2254 1715 vero
2305 1660 2531 1715 exstitit
2580 1660 3015 1716 Consistorium
3075 1659 3335 1715 Gratiani
3366 1662 3424 1714 et
3447 1659 3771 1716 Justiniani

2119 1747 2650 1819 imperatorum,de
2680 1765 2798 1820 quo
2830 1748 3033 1805 multis
3065 1748 3485 1820 egimus.lstud
3520 1764 3651 1804 vero
3672 1752 3775 1805 Pa-

2118 1836 2348 1905 latium,
2387 1839 2749 1895 Hebdomum
2783 1839 2940 1894 nude
2970 1855 3004 1894 a
3053 1837 3438 1910 scriptoribus
3470 1837 3590 1893 fere
3620 1854 3773 1893 sem-

341 1925 621 1983 eamdem
652 1925 895 1980 Mariam
931 1942 1049 1982 una
1079 1942 1213 1983 cum
1245 1927 1536 1998 conjunge
1572 1925 1632 1979 in
1663 1921 2007 1994 Bulgariam
2038 1953 2087 2016 Β
2117 1944 2220 1999 per
2250 1928 2605 2001 nuncupari_
2630 1932 2899 1997 constat;
2934 1928 3087 2000 quod
3139 1929 3461 2000 praesertim
3506 1927 3773 1985 eruimus

342 2013 775 2087 profecturam,
825 2014 897 2071 ad
947 2015 1316 2072 Hebdomum
1367 2033 1556 2088 usque
1604 2032 1636 2070 a
1666 2011 2007 2085 parentibus

344 2104 688 2170 deductam,
721 2102 935 2176 bicque
967 2104 1164 2160 navim
1198 2105 1632 2161 conscendisse.
1685 2100 2008 2172 Appulerat

339 2206 485 2251 vero
513 2196 725 2249 Petrus
764 2194 1331 2266 Constantinopolim
1374 2210 1578 2250 versus
1628 2190 2002 2254 Blacbernas,

343 2285 418 2340 ut
445 2286 673 2338 exserte
709 2282 893 2338 tradit
939 2285 1228 2356 Georgius
1278 2283 1625 2349 monachus,
1662 2281 1735 2337 ad
1770 2280 2005 2335 Portum

342 2370 581 2429 scilicet
609 2371 945 2444 proximum
964 2372 1567 2442 Hebdomianum,ubi
1590 2376 1648 2427 et
1667 2381 2007 2425 reversurus

344 2461 410 2516 in
444 2459 699 2532 patriam
733 2462 929 2516 navim
961 2463 1453 2519 conscendit.Sed
1484 2468 1541 2518 et
1570 2461 1727 2516 idem
1760 2457 2009 2528 scriptor

347 2548 768 2618 subdit,Maria
795 2566 830 2605 a
863 2551 1206 2623 parentibus
1229 2553 1301 2609 ad
1333 2552 1701 2608 Hebdomum
1732 2546 2005 2614 deducta,

348 2638 519 2712 ipsos
551 2654 685 2694 cum
716 2642 885 2696 Petro
916 2640 975 2695 in
1007 2643 1211 2698 eodem
1234 2642 1534 2697 Hebdomo
1564 2638 1856 2711 epulatos,
1893 2635 2005 2691 sci-

350 2726 494 2784 licet
525 2727 584 2783 in
618 2728 1018 2785 Hebdomiano
1062 2730 1301 2787 Palatio.
1336 2729 1645 2786 Enimvero
1689 2726 1843 2799 quod
1896 2726 2007 2779 Leo

357 2816 1069 2891 Grammaticus,Symeon
1101 2821 1503 2894 Logotbeta,et
1532 2820 1687 2874 idem
1708 2815 2004 2888 Scylitzes,

363 2904 704 2977 Symeonem
734 2906 1123 2981 Bulgarorum
1156 2926 1351 2981 regem
1386 2909 1591 2963 urbem
1618 2905 1872 2979 primum
1895 2901 2005 2957 cir-

366 2995 723 3052 cumsedisse
778 3005 1281 3068 commemorant,
1343 2999 1521 3052 ducto
1581 3014 1615 3052 a
1669 2989 2007 3049 Blachernis

356 3082 506 3140 vallo
537 3085 609 3140 ad
642 3089 873 3157 portam
904 3088 1248 3154 Auream,ac
1280 3087 1492 3144 deinde
1514 3086 1675 3141 urbis
1711 3081 2009 3155 potiundae

349 3188 455 3245 spe
486 3172 741 3245 abjecta,
772 3172 824 3228 ἐν
854 3177 935 3247 τῷ
964 3174 1252 3251 λεγομένῳ
1280 3170 1538 3247 Ἑϐδόμῳ
1572 3174 1906 3236 recessisse,
1936 3168 2006 3223 de

346 3262 516 3335 pacis
600 3264 1041 3322 conditionibus
1126 3273 1435 3336 acturum,
1510 3266 1644 3320 haec
1719 3260 2004 3333 capienda

2116 2032 2180 2072 ex
2213 2017 2479 2087 ejusdem
2510 2017 2830 2073 Justiniani
2856 2016 3392 2074 Constitutionibus
3424 2018 3483 2071 in
3519 2032 3586 2072 eo
3620 2019 3768 2075 Con-

2115 2105 2348 2162 sistorio
2380 2106 2786 2179 exaratis,quaa
2817 2106 3108 2162 subscribi
3126 2106 3316 2162 soleat
3344 2106 3455 2162 hac
3486 2107 3759 2163 lormula.

2117 2197 2358 2253 Recitata
2385 2198 2627 2269 Septimo
2659 2199 2929 2255 milliario
2955 2198 3378 2270 hujus-inclwa
3405 2199 3646 2255 civitatis
3703 2198 3766 2252 in

2114 2289 2261 2343 Novo
2295 2286 2626 2343 Consistorio
2645 2288 2977 2355 Justiniani,
3000 2287 3089 2342 vel
3112 2288 3513 2358 Septimiliario
3540 2289 3598 2343 in
3626 2288 3766 2342 Novo

2118 2377 2337 2433 Palatio
2389 2378 2474 2433 vel
2529 2378 2766 2449 Septimo
2823 2380 2886 2434 in
2939 2380 3081 2433 Novo
3159 2378 3498 2433 Consistorio
3524 2419 3537 2431 .
3625 2382 3767 2432 Loco

2116 2465 2360 2537 protulit
2415 2466 2672 2522 Jacobus
2729 2466 3024 2536 Cujacius,
3102 2466 3206 2521 lib.
3284 2484 3375 2534 xx,
3464 2465 3765 2521 Observat.

2117 2569 2245 2624 cap.
2280 2570 2365 2622 ιιι,
2423 2570 2530 2609 nos
2585 2554 2761 2608 etiam
2792 2552 2892 2608 lib.
2942 2570 2980 2608 ιι
3037 2553 3579 2622 ConstantinOpoleos
3606 2552 3769 2606 Chri-

2115 2644 2329 2697 stianae.
2372 2642 2452 2696 Ex
2482 2642 2699 2714 quibus
2730 2643 2971 2698 omnino
3014 2642 3325 2699 conficitur
3354 2642 3686 2698 Hebdomum
3713 2645 3773 2698 et

2113 2733 2421 2802 Septimum
2487 2730 2775 2803 milliare,
2850 2731 2941 2787 vel
3007 2732 3474 2804 Septimiliarium
3524 2733 3772 2788 civitatis

2115 2820 2768 2892 Constantinopolitanae
2800 2821 2928 2877 ideo
2959 2821 3433 2894 appellari,quod
3467 2837 3666 2878 revera
3696 2820 3769 2877 ad

2118 2910 2324 2966 urbem
2355 2914 2530 2977 esset,
2564 2915 2622 2965 et
2651 2911 2722 2966 ad
2754 2909 2915 2966 illius
2935 2910 3255 2978 moenia,ita
3286 2915 3351 2965 ut
3379 2910 3568 2982 ipsius
3602 2909 3765 2966 urbis

2118 3016 2253 3070 pars
2286 2999 2479 3069 fuerit,
2512 3000 2622 3055 etsi
2654 2999 2930 3070 primitus
2961 3003 3123 3055 extra
3144 3000 3303 3071 ipsos
3336 3016 3557 3071 muros,
3590 3004 3763 3071 atque

2117 3089 2260 3144 adeo
2293 3095 2355 3143 ut
2385 3105 2418 3142 a
2446 3088 2703 3160 Septimo
2735 3088 2808 3142 ab
2843 3088 2988 3144 Urbe
3022 3088 3255 3144 milliari
3281 3088 3762 3159 distingueretur:

2117 3178 2272 3233 unde
2306 3195 2432 3249 quae
2464 3177 2523 3232 in
2555 3178 2833 3248 Septimo,
2870 3177 2924 3231 id
2946 3182 3054 3243 est,
3086 3177 3174 3232 vel
3198 3178 3256 3232 in
3289 3177 3399 3233 hoc
3430 3178 3650 3234 Palatio
3674 3176 3767 3232 vel

2116 3267 2177 3321 in
2209 3264 2508 3321 Tribunali
2540 3270 2668 3321 acta
2697 3266 2998 3332 dicuntur,
3032 3271 3187 3321 recte
3211 3266 3269 3320 in
3305 3266 3435 3337 ipsa
3466 3266 3610 3322 urbe
3638 3270 3769 3321 acta

348 3328 496 3407 sunt
525 3367 642 3407 non
672 3352 746 3408 de
773 3354 1026 3425 septimo
1054 3355 1311 3426 milliari,
1370 3328 1470 3411 sed
1504 3354 1575 3409 de
1605 3328 1813 3423 campo
1846 3349 1999 3404 Heb-
2031 3328 2076 3395 θ
2118 3356 2453 3413 referuntur
2482 3356 2541 3410 in
2575 3372 2754 3426 supra
2785 3328 3346 3411 allatis-auctorum-
3366 3354 3530 3409 locis.
3579 3356 3769 3425 Atque

345 3441 540 3509 domi,
568 3441 628 3497 in
662 3458 779 3514 quo
810 3449 1002 3501 castra
1034 3446 1258 3502 ﬁxerit:
1290 3462 1425 3501 cum
1456 3449 1580 3501 tota
1612 3444 1729 3497 hsce
1753 3443 2004 3511 interpo-

346 3528 469 3586 sita
524 3528 801 3601 planities
856 3532 940 3588 ita
995 3539 1459 3606 nuncuparetur,
1514 3538 1578 3588 ut
1636 3530 1859 3603 passim
1912 3527 2004 3582 hic

347 3618 929 3677 observamusUnde
960 3638 1095 3677 cum
1128 3626 1332 3679 auctor
1364 3622 1632 3678 Chronici
1671 3617 2003 3675 Alexandri-

347 3708 438 3779 ni,
472 3706 573 3764 ubi
602 3709 677 3765 de
705 3708 1157 3768 Victoriatornm
1208 3712 1496 3768 seditione
1527 3711 1638 3767 sub
1666 3707 2005 3765 Justiniano

350 3797 498 3871 agit,
534 3797 752 3855 milites
784 3801 1015 3857 venisse
1044 3802 1251 3858 scribit
1281 3800 1387 3855 ἀπὸ
1411 3804 1511 3854 τοῦ
1562 3794 1855 3869 Ἑϐδόμου,
1914 3792 2004 3848 καὶ

349 3889 452 3941 τοῦ
480 3885 726 3962 Ῥηγίου,
773 3887 864 3942 καὶ
914 3893 1012 3944 τοῦ
1058 3888 1285 3965 Ἀθύρα,
1316 3889 1406 3945 καὶ
1437 3888 1545 3944 ἀπὸ
1576 3880 1914 3960 Καλαϐρίας,
1946 3886 2004 3941 id

350 3976 437 4033 ita
465 3976 942 4050 intelligendum,
971 3987 1035 4036 ut
1064 3997 1132 4036 ex
1157 3981 1367 4036 vicinis
1398 3981 1528 4036 urbi
1559 3978 1727 4034 lociis
1768 3977 1805 4031 ii
1837 3974 2005 4031 acciti

350 4065 596 4133 fuerint,
625 4071 753 4122 tum
785 4083 854 4123 ex
886 4070 1183 4126 Hebdomo
1213 4086 1417 4125 versus
1447 4069 1843 4135 Occidentem,
1878 4071 2003 4119 tum

345 4171 421 4211 ex
453 4154 669 4228 Rbegio
702 4161 756 4211 rt
786 4159 1007 4231 Athyra
1044 4175 1249 4215 versus
1280 4159 1598 4225 Orientem,
1652 4162 1775 4210 tum
1809 4171 1878 4209 ex
1906 4155 2005 4209 Ca-

346 4242 576 4315 labrya,
638 4244 762 4300 loco
810 4245 1034 4302 scilicet
1079 4246 1141 4301 in
1192 4246 1322 4301 Asia
1351 4246 1436 4302 sic
1484 4243 1797 4315 appellato,
1828 4256 2003 4311 quem

350 4324 683 4407 Καλοϐρύην
715 4338 884 4390 vocat
931 4335 1277 4408 Bryennius,
1333 4328 1681 4408 Καλαϐρύην,
1731 4330 2005 4403 Scylitzes

350 4425 413 4478 et
449 4423 736 4479 Zonaras:
772 4425 936 4480 Anna
963 4441 1099 4481 vero
1128 4427 1466 4489 Commena,
1500 4419 1815 4495 Καλαύρην.

427 4544 574 4602 XIV.
609 4545 913 4604 Tribunali
946 4564 1139 4622 porro,
1173 4550 1243 4605 de
1273 4565 1389 4621 quo
1422 4565 1555 4604 mox
1603 4547 1856 4619 egimus,
1908 4543 2006 4598 ad-

344 4634 543 4707 jacuit
573 4636 836 4708 amplum
862 4642 919 4694 et
937 4638 1263 4711 spatiosum
1296 4637 1767 4708 Palatium,quod
1796 4641 1857 4689 ut
1878 4634 2005 4688 Tri-

2114 3446 2250 3501 inde
2264 3444 2581 3501 Justiniani
2609 3444 2809 3500 Palatii
2828 3444 3280 3516 appellationem
3302 3442 3577 3515 deinceps
3590 3444 3764 3499 etiam

2113 3534 2376 3600 retinuit,
2412 3540 2472 3589 ut
2504 3551 2571 3588 ex
2605 3534 3048 3590 Bondelmontio
3081 3534 3414 3600 docuimus,
3449 3551 3482 3588 a
3512 3549 3626 3604 quo
3660 3549 3760 3587 su-

2114 3641 2220 3696 pra
2251 3622 2463 3678 moenia
2502 3623 2799 3690 statuitur,
2833 3629 2889 3677 et
2930 3623 3101 3693 juxta
3130 3622 3313 3679 aedem
3356 3622 3572 3677 Novem
3604 3620 3764 3676 Ordi-

2116 3730 2279 3783 num,
2313 3729 2417 3768 seu
2447 3716 2541 3767 SS.
2575 3711 2954 3784 Angelorum,
2989 3728 3167 3785 quam
3224 3714 3662 3767 Cantacuzenus
3695 3710 3767 3766 ad

2115 3803 2274 3874 ipsos
2308 3802 2469 3857 urbis
2502 3818 2703 3857 muros
2735 3801 2951 3873 pariter
2981 3800 3206 3867 statuit,
3261 3802 3404 3857 adeo
3454 3805 3521 3856 ut
3567 3798 3767 3856 nullus

2114 3890 2420 3947 dubitandi
2454 3889 2710 3962 supersit
2739 3891 2925 3955 locus,
2958 3890 3100 3961 quin
3128 3889 3558 3945 Consistorium
3588 3888 3768 3946 Justi-

2116 3980 2276 4036 niani
2308 3981 2366 4035 in
2398 3979 2660 4051 Septimo
2712 3978 2974 4046 milliari,
3020 3979 3164 4034 illud
3210 3979 3483 4049 idemque
3513 3979 3593 4034 sit
3623 3993 3757 4033 cum

2114 4069 2315 4124 eodem
2345 4068 2665 4123 Justiniani
2701 4067 2942 4131 Palatio,
2976 4067 3131 4138 quod
3162 4067 3531 4122 Constantini
3579 4069 3760 4123 ctiam

2114 4163 2340 4212 vocant.
2369 4157 2473 4211 Sed
2509 4162 2563 4211 et
2595 4156 2732 4210 hinc
2762 4155 3033 4226 colligere
3065 4156 3202 4210 licet
3231 4171 3336 4209 cur
3391 4154 3767 4212 Marcellinus

2114 4262 2309 4301 comes
2342 4246 2584 4309 scribat,
2616 4246 2917 4299 Honorium
2952 4263 2984 4299 α
3022 4254 3178 4315 patre
3206 4260 3304 4299 suo
3361 4244 3654 4301 Theodosio
3708 4247 3767 4299 in

2113 4334 2293 4389 eodem
2328 4335 2443 4390 loco
2501 4350 2605 4405 quo
2661 4334 2899 4407 fratrem
2954 4334 3073 4405 ejus
3132 4333 3446 4404 Arcadium,
3496 4334 3770 4391 Casuram

2111 4426 2303 4494 fecisse
2352 4423 2411 4479 id
2456 4427 2533 4478 est
2592 4422 2832 4493 Septimo
2887 4425 2955 4477 ab
3008 4422 3144 4478 urbe
3200 4423 3493 4478 milliaria.
3545 4423 3770 4495 Quippe

2113 4532 2247 4571 cum
2278 4515 2561 4570 Arcadius
2593 4514 3073 4586 Constantinopoli
3103 4517 3161 4569 in
3223 4516 3497 4572 Milliario
3541 4517 3769 4588 septimo

2114 4605 2342 4661 levatus
2369 4605 2599 4659 dicatur
2624 4608 2931 4676 Augustus
2964 4604 3033 4659 ab
3068 4604 3281 4671 ldacio,
3313 4607 3582 4677 sequitur
3612 4605 3769 4677 quod

354 4693 562 4792 bunal,
594 4693 691 4781 ita.
707 4729 765 4781 et
793 4693 938 4781 illud
971 4693 1266 4783 ‘Izlebdomi
1318 4693 1710 4798 appellatione
1756 4726 2012 4779 donatur
2040 4703 2085 4766 Β
2119 4696 2334 4798 ξθθίξλξη
2368 4700 2458 4798 es}
2485 4694 2743 4798 Seplifn‘o
2775 4694 2848 4798 ab.
2880 4695 3023 4798 "r9?
3055 4693 3473 4798 Πῖίηξδτίοιῖξωξ
3507 4694 3770 4798 Pulli”?

357 4812 578 4887 passim
614 4831 647 4869 a
676 4815 1084 4886 scriptoribus,
1117 4816 1210 4871 cui
1239 4816 1522 4873 Tribunal
1550 4815 1735 4871 vicem
1785 4813 2007 4886 praesti-

352 4902 430 4958 tit
456 4901 910 4972 vestibuli,adeo
942 4911 1008 4961 ut
1038 4922 1142 4977 pro
1174 4922 1289 4960 uno
1315 4906 1638 4977 eodemque
1669 4904 2009 4960 suburbano

354 4990 480 5048 fere
509 5005 743 5064 semper
775 4997 1113 5065 usurpetur,
1148 4992 1217 5048 ad
1249 4994 1401 5064 quod
1453 5008 1789 5064 processum
1826 4991 2010 5045 facere

350 5080 639 5137 dicuntur
665 5080 1074 5152 imperatores,
1100 5081 1158 5135 in
1190 5097 1255 5136 eo
1289 5080 1512 5136 scilicet
1543 5098 1765 5137 moram
1799 5077 2008 5149 acturi,

351 5170 417 5227 In
450 5168 717 5226 Chronico
747 5169 1149 5237 Alexandrino,
1178 5170 1332 5242 apud
1374 5187 1732 5244 anonymum
1765 5170 2007 5226 Combe-

353 5259 661 5326 ﬂsianum,
697 5264 943 5316 Leonem
973 5258 1456 5327 Grammaticum,
1490 5264 1547 5314 et
1593 5259 1916 5315 Cedrenum
1950 5259 2010 5314 in

352 5349 622 5405 Romano
654 5348 1071 5422 Lacapeno,uti
1100 5349 1157 5402 in
1185 5347 1663 5418 Constantinoliolz
1692 5348 2012 5406 Christiana

354 5436 695 5493 docuimus.
732 5440 1042 5494 Processus
1063 5436 1219 5493 enim
1245 5436 1303 5491 in
1336 5436 1451 5491 alia
1482 5437 1698 5506 palatia
1726 5438 2012 5493 duntaxat

358 5542 470 5583 seu
501 5525 679 5580 etiam
722 5526 1084 5593 suburbana,
1142 5523 1266 5579 fieri
1315 5524 1680 5594 dicebantur,
1742 5528 2011 5583 mutandi

359 5616 518 5672 aeris
549 5616 773 5684 gratia:
809 5616 960 5687 quod
996 5616 1186 5670 facere
1215 5613 1405 5669 solent
1432 5616 1649 5669 summi
1684 5616 2009 5687 pontifices,

361 5721 503 5761 cum
534 5720 568 5760 a
597 5704 881 5769 Quirinali
913 5706 983 5760 ad
1029 5704 1394 5771 Vaticanum,
1449 5709 1551 5757 aut
1597 5711 1800 5761 contra
1855 5723 2012 5763 sece-

362 5793 709 5852 dunt.Unde
739 5794 1160 5851 Constantinus
1192 5794 1727 5866 Porphyrogenitus
1757 5795 1817 5851 in
1852 5798 2010 5854 Basi-

2120 4784 2242 4839 ﬁeri
2274 4784 2328 4838 ic
2359 4785 2522 4847 urbe,
2557 4784 2668 4837 nisi
2702 4784 2811 4837 hac
2835 4783 3149 4839 locutionis
3176 4782 3580 4852 formula,tum
3613 4784 3767 4855 apud

2118 4872 2544 4940 Marcellinum,
2588 4878 2712 4927 tum
2768 4872 2923 4944 apud
2973 4876 3267 4927 Socratem
3316 4877 3373 4928 et
3418 4874 3768 4943 Cedrenum,

2123 4962 2264 5016 locis
2294 4961 2449 5015 infra
2474 4961 2689 5029 allatis,
2724 4960 2917 5032 ipsum
2978 4960 3270 5015 Palatium
3320 4960 3632 5030 Hebdomi,
3678 4960 3769 5015 vel

2117 5049 2394 5105 Tribunal
2430 5051 2583 5122 quod
2622 5051 2693 5104 ad
2727 5050 2930 5105 urbem
2963 5049 3145 5115 stetit,
3177 5047 3563 5120 intelligatur.

2192 5173 2306 5228 XV.
2341 5174 2589 5231 Proinde
2618 5174 2799 5247 igitur
2836 5175 2990 5246 apud
3024 5173 3341 5245 scriptores
3398 5172 3765 5229 Hebdomum

2120 5264 2379 5335 proipso
2414 5263 2632 5319 Palatio
2682 5262 2955 5334 usurpari
3008 5263 3247 5319 omnino
3298 5267 3547 5319 constat.
3600 5266 3767 5336 Apud

2121 5354 2403 5408 Zonaram
2437 5354 2494 5408 in
2526 5354 2852 5409 Theodosio
2876 5352 3121 5407 Juniore
3141 5355 3200 5407 et
3219 5350 3612 5422 Nicephorum
3643 5353 3771 5410 Cal-

2122 5443 2266 5511 listi,
2304 5441 2628 5512 Pulcheria,
2663 5441 2823 5513 regia
2852 5447 3074 5506 exacta,
3108 5437 3184 5499 ιῖς
3211 5438 3274 5493 τὸ
3321 5434 3597 5514 Ἕϐδομον
3648 5460 3781 5500 con-

2122 5532 2371 5587 cessisse
2404 5530 2699 5603 legitur,id
2733 5535 2822 5585 est
2852 5528 2911 5584 in
2946 5527 3236 5585 Palatium
3270 5530 3571 5588 Hebdomi.
3592 5534 3777 5589 Rufti-

2125 5638 2237 5675 nus
2269 5622 2369 5675 lib.
2408 5637 2468 5675 ιιι
2520 5622 2592 5675 De
2633 5622 2758 5674 vilis
2802 5618 3106 5675 Patrumde
3145 5618 3400 5688 quodam
3454 5624 3776 5681 monacho:

2125 5711 2411 5766 Habitabal
2442 5714 2629 5765 autem
2652 5712 2713 5764 in
2755 5726 2928 5781 parva
2948 5708 3089 5763 cella
3122 5710 3259 5780 [oris
3288 5710 3583 5783 civitatem,
3613 5729 3782 5785 prope

2125 5802 2440 5872 proaslium
2469 5802 2564 5871 qui
2594 5805 2823 5857 vocatur
2851 5801 2910 5853 in
2932 5797 3294 5870 Septimo,ubi
3319 5800 3499 5857 solent
3528 5803 3766 5872 impera-
