4130 6394
403 482 526 545 405
1774 475 1879 537 DE
1923 475 2052 536 HE]

2165 475 2306 538 )MO
2349 476 2470 537 GP.
3714 482 3835 544 406

404 612 705 687 quomodo
750 611 1092 684 accipienda
1138 613 1373 668 constat
1415 611 1595 667 verba
1641 608 2052 681 Theophylacti

2176 603 2334 676 ὥστε,
2367 610 2453 663 καὶ
2490 606 2536 663 εἰ
2568 607 2619 662 ἐν
2653 607 2812 664 πόλει
2844 608 3261 685 ἐστὶ,πρόσοδον
3295 608 3353 666 δὲ
3382 612 3635 688 παράχει,
3668 610 3835 670 σουϐ-

405 704 763 773 Simocattas,
796 700 898 757 lib.
947 717 1025 769 v1,
1061 718 1185 773 cap.
1249 719 1313 769 ιι,
1354 717 1487 756 cum
1541 701 1670 757 ait:
1706 698 1781 759 εἷς
1838 696 1904 751 τὰ
1960 696 2052 771 πρέ

2178 691 2447 771 ουρϐάνον
2481 695 2718 773 λέγεται·
2754 699 2843 753 καὶ
2884 696 2983 771 ἔξω
3015 697 3072 755 δὲ
3102 700 3317 763 πόλεως
3350 702 3394 756 εἰ
3428 696 3590 771 ἔστιν,
3622 703 3826 779 ἀπροσ-

403 793 506 861 τῆς
534 788 752 852 πόλεως
797 794 939 847 nata
994 785 1272 865 παράδοξα
1328 787 1544 863 τίρατα,
1574 789 1631 844 id
1683 792 1773 844 est
1818 790 1872 843 in
1926 803 2064 859 agro

409 878 870 951 circumjecenti,
898 884 955 937 et
993 882 1054 935 in
1082 879 1440 945 suburbanis,
1475 882 1538 934 ut
1569 882 1723 934 recte
1751 876 1923 933 vertit
1973 875 2063 930 in-

409 976 652 1042 terpres.
682 968 817 1025 Jam
848 985 983 1025 vero
1015 965 1329 1043 προάστεια,
1362 968 1494 1023 urbi
1528 964 2062 1037 Constantinopoli-

415 1065 582 1124 tanaa,
613 1062 789 1131 atque
819 1059 964 1115 adeo
994 1058 1141 1131 ipsis
1174 1057 1467 1113 mmnibus
1517 1057 1798 1128 adjuncta
1847 1054 2064 1127 palatia

2177 783 2392 841 όδευτον
2441 784 2498 841 δέ
2550 786 2658 842 ἰστι
2684 789 2747 843 τὸ
2796 785 3028 863 οἷ’κημα,
3057 792 3193 865 πρὸς
3222 792 3410 865 τέρψιν
3472 791 3635 865 μόνον
3694 814 3822 850 κατ-

2175 877 2561 949 εσκευασμένον
2623 875 2858 952 λέγεται.
2922 880 3023 936 Vel
3096 880 3234 937 inde
3286 886 3446 954 patet
3500 884 3825 941 suburbana

2172 967 2328 1021 intra
2356 967 2540 1049 ipsam
2577 969 2780 1024 urbem
2809 969 3124 1036 exstitisse,
3159 970 3521 1043 proindeque
3560 990 3675 1028 non
3707 976 3822 1029 mi-

413 1164 610 1204 vocare
667 1147 983 1220 scriptores
1044 1147 1391 1219 Byzantinos
1450 1146 1538 1202 vel
1604 1146 1740 1200 inde
1809 1146 2060 1211 constat,

408 1238 557 1310 quod
590 1237 789 1310 Sycas,
823 1253 928 1292 seu
962 1236 1227 1293 Galatam
1259 1235 1432 1291 unico
1464 1236 1613 1291 freto
1646 1235 1718 1290 ab
1766 1234 1908 1289 urbe
1938 1233 2056 1287 dis-

402 1331 647 1394 cretam,
679 1327 855 1397 cujus
883 1326 1061 1381 etiam
1113 1326 1343 1381 decima
1394 1325 1567 1380 tertia
1616 1324 1777 1397 regio
1817 1322 2055 1387 exstitit,

393 1431 462 1471 ac
510 1414 758 1487 proinde
788 1413 949 1469 illius
980 1432 1116 1487 pars
1169 1415 1297 1480 fuit,
1330 1415 1415 1469 ita
1460 1413 1715 1485 appellet
1744 1412 2058 1468 Chronicon

389 1504 862 1571 Alexandrinum,
908 1521 1003 1559 an.
1058 1507 1082 1560 1
1142 1503 1515 1560 Justiniani:
1565 1509 1621 1557 et
1670 1501 2053 1568 Cosmidium,

392 1610 499 1652 seu
534 1592 853 1663 Palatium,
884 1593 956 1650 ad
1008 1593 1193 1649 aedem
1250 1596 1345 1647 SS.
1381 1596 1594 1648 Cosmae
1654 1595 1712 1646 et
1766 1590 2051 1657 Damiani,

393 1684 556 1756 quod
588 1683 937 1754 Emporium
968 1682 1183 1738 dicitur
1213 1681 1461 1754 Georgio
1496 1680 1783 1736 monacho
1841 1680 1900 1734 in
1950 1678 2052 1733 Mi-

392 1771 601 1828 chaele
645 1771 952 1843 Theophili
986 1770 1129 1837 ﬁlio,
1169 1776 1227 1827 et
1265 1770 1651 1843 scriptoribus
1699 1767 1917 1824 nostris
1951 1767 2050 1822 Ca-

390 1860 623 1917 stellum
651 1859 976 1927 Boemundi,
1014 1863 1078 1915 ut
1108 1876 1214 1915 suo
1244 1859 1370 1915 loco
1417 1858 1748 1926 docuimus,
1782 1857 1852 1912 ad
1884 1854 2053 1910 littus

390 1950 664 2021 ejusdem
715 1948 968 2005 Ceratini
1017 1948 1206 2016 sinus,
1252 1949 1528 2021 ipsosque
1578 1963 1779 2002 muros
1828 1944 2052 2001 mariti-
2085 1982 2131 2047 Β

392 2055 548 2106 mos,
580 2038 825 2112 proinde
874 2037 1005 2093 urbi
1049 2037 1414 2109 contiguum,
1445 2036 1766 2111 προάστειον
1816 2034 2053 2106 perinde

390 2145 431 2184 a
456 2128 740 2201 Symeone
769 2126 1067 2199 logotheta
1098 2126 1157 2182 in
1188 2127 1393 2182 eodem
1431 2124 1713 2181 Michaele
1744 2142 1802 2179 n.
1837 2124 1902 2178 13
1947 2139 2053 2194 ap-

389 2217 671 2292 pelletur.
701 2215 793 2272 Sic
824 2214 1001 2271 etiam
1037 2214 1326 2272 Palatium
1360 2219 1650 2287 Peganum
1703 2214 1774 2270 ad
1824 2216 2052 2284 portam

385 2308 670 2376 Auream,
729 2306 900 2377 eique
979 2304 1327 2360 continuum
1387 2321 1421 2359 a
1478 2303 1761 2360 Cinname
1817 2301 1919 2356 lib.
1988 2317 2053 2369 ιι,

392 2412 456 2452 n.
498 2396 563 2450 17
595 2393 943 2467 appellatur,
981 2409 1115 2448 cum
1148 2393 1232 2448 ait
1261 2393 1614 2449 Ludovicum
1646 2390 1751 2447 Vll
1806 2390 2051 2445 Franco-

391 2500 532 2541 rum
564 2499 782 2556 regem,
802 2482 1055 2538 salutato
1081 2480 1347 2538 Manuele
1378 2483 1730 2554 imperatore
1755 2479 1815 2534 in
1841 2479 2054 2551 Magno

396 2572 644 2639 Palatio,
678 2569 754 2633 εἷς
785 2568 1126 2646 προάστειον,
1159 2570 1189 2625 ’ὁ
1223 2566 1563 2624 Φιλοπάτιον
1596 2567 1904 2642 ὠνόμασται
1935 2571 2052 2628 τοῖς

391 2657 660 2728 πολλοῖς,
694 2661 1078 2717 concessisse.
1110 2660 1311 2733 Neque
1343 2660 1499 2716 enim
1532 2659 1690 2715 aliud
1733 2664 1821 2715 est
1865 2657 2056 2713 Philo-

397 2750 630 2824 patium
662 2768 696 2806 a
723 2749 949 2806 Palatio
982 2749 1232 2822 Pegano,
1263 2749 1418 2821 quod
1449 2748 1717 2821 pluribus
1744 2747 1888 2803 alias
1920 2763 2050 2818 pro-

401 2840 689 2910 bavimus,
722 2843 849 2895 tum
881 2839 942 2894 in
974 2838 1141 2894 Notis
1191 2839 1265 2894 ad
1306 2837 1805 2903 Villharduinum,
1834 2841 1962 2892 tum
1994 2836 2051 2890 in

410 2932 605 2984 nostra
636 2926 1134 2998 Constantinopoli.
1168 2925 1326 2982 Idem
1360 2941 1492 2981 vero
1513 2924 1833 2980 Cinnamus
1862 2941 1920 2978 n.
1965 2924 2053 2990 14,

408 3015 552 3070 illud
581 3016 778 3088 ipsum
813 3014 1098 3071 Palatium
1129 3012 1191 3068 τὸ
1218 3011 1546 3086 καταντικρὺ
1574 3011 1800 3087 τειχέων
1839 3009 2052 3085 βασιλι-

398 3102 495 3158 κόν
553 3099 880 3176 ἐνδιαίτημα
936 3108 1120 3160 vocat.
1176 3108 1303 3160 Non
1364 3102 1546 3175 igitur
1597 3102 1912 3158 contendat
1967 3103 2057 3157 vir

396 3194 615 3250 doctus
645 3193 987 3250 suburbana
1016 3192 1208 3248 solum
1242 3191 1525 3265 appellari
1557 3208 1685 3263 quae
1714 3190 1950 3263 longius
1981 3191 2054 3245 ab

389 3283 547 3339 urbe
575 3282 818 3350 distant,
843 3282 929 3338 vel
960 3282 1177 3354 praedia
1208 3280 1433 3337 deliciis
1472 3286 1531 3337 et
1554 3279 1838 3352 voluptati
1886 3280 2050 3335 addi-

2174 1073 2302 1111 rum
2336 1056 2385 1111 si
2418 1073 2545 1128 quae
2575 1056 2721 1130 ipsis
2763 1062 2925 1113 extra
2974 1059 3266 1114 moenibus
3323 1061 3600 1132 adjuncta
3656 1068 3824 1120 erant

2170 1147 2436 1201 eamdem
2487 1146 2992 1202 nomenclaturam
3030 1148 3412 1205 obtinuerint.
3464 1153 3655 1223 Atque
3709 1152 3821 1209 hac

2169 1234 2407 1307 quidem
2442 1234 2696 1303 notione,
2729 1237 2787 1291 id
2821 1242 2909 1292 est
2938 1254 3043 1308 pro
3074 1238 3430 1296 suburbanis
3463 1241 3819 1299 intramura-

2169 1323 2315 1390 neis,
2347 1322 2642 1394 προάστεια
2673 1325 2927 1397 appellat
2975 1326 3289 1382 concilium
3320 1328 3820 1402 Constantinopo-

2168 1413 2417 1469 litanum
2471 1415 2582 1469 sub
2634 1414 2820 1481 Mena,
2854 1419 2968 1470 act‘.
3002 1433 3086 1481 III,
3121 1416 3219 1471 ubi
3271 1418 3343 1473 de
3393 1419 3818 1490 perquisitione

2165 1502 2465 1559 Anthemii
2515 1503 2573 1557 in
2627 1504 2768 1559 urbe
2820 1504 2968 1559 facta
3017 1505 3233 1577 agitur,
3266 1512 3322 1561 et
3371 1507 3682 1579 episcOpis,
3714 1510 3814 1581 qui

2165 1609 2200 1647 a
2231 1592 2500 1648 Patribus
2531 1592 2760 1648 concilii
2793 1594 2865 1649 ad
2894 1593 3004 1649 hoc
3039 1594 3206 1650 missi
3257 1596 3489 1652 fuerant
3521 1614 3534 1653 :
3568 1597 3810 1674 Ἐφησαν

2166 1677 2223 1734 δὲ
2254 1680 2573 1754 προάστειον
2604 1678 2761 1734 αὐτὸν
2815 1678 2961 1756 ἔχειν
3008 1678 3245 1752 πλησίον
3291 1687 3388 1737 τοῦ
3446 1685 3808 1761 προφητείου,

2163 1768 2214 1824 ἐν
2275 1770 2320 1841 ᾧ
2377 1769 2756 1845 συνεχέστερον
2812 1769 3086 1844 εὑρίσκετο
3163 1771 3360 1828 ἀπιών.
3420 1776 3809 1847 Propheteum

2165 1864 2360 1915 autem
2394 1861 2551 1915 istud
2585 1861 2738 1916 infra
2767 1861 2824 1916 S.
2860 1861 3022 1917 Isaite
3072 1863 3402 1935 appellatur
3433 1881 3446 1919 :
3481 1864 3603 1919 Ὅτι
3652 1860 3806 1937 ἴσμεν

2165 1947 2326 2003 αὐτὸν
2360 1946 2560 2023 ἔχοντα
2589 1949 2908 2023 προάστειον
2940 1946 3178 2019 πλησίον
3208 1954 3306 2004 τοῦ
3348 1952 3685 2027 προφητείου
3714 1957 3811 2009 τοῦ

2163 2036 2349 2111 ’Δγίου
2398 2034 2638 2093 Ἡσαΐου.
2683 2042 2933 2094 Rursum
2977 2055 2989 2094 ε
3027 2035 3441 2114 Παρεγενὸμεθα
3488 2041 3573 2095 καὶ
3625 2040 3680 2096 ἐν
3730 2047 3811 2115 τῷ

2162 2125 2470 2201 προαστείῳ
2521 2130 2598 2197 τῷ
2658 2122 2967 2203 διαφέροντι
3026 2130 3105 2199 τῷ
3161 2125 3308 2199 αὐτῷ
3356 2127 3544 2205 Πέτρῳ
3573 2130 3808 2201 πλησίον

2164 2212 2277 2271 ὄντι
2308 2220 2405 2271 τοῦ
2438 2215 2725 2289 εὐκτηρίου
2757 2211 2913 2269 οἷ’κου
2942 2213 3038 2270 τοῦ
3069 2215 3224 2290 ἁγίου
3259 2216 3531 2294 μάρτυρος
3577 2218 3808 2295 Θύρσου.

2164 2307 2424 2378 Denique
2459 2323 2471 2361 :
2505 2304 2758 2369 Κάκεῖθεν
2811 2303 3248 2379 παραγενόμενος
3307 2304 3357 2361 ἐν
3405 2311 3485 2380 τῷ
3543 2306 3813 2382 εὐκτηρίῳ

2162 2401 2260 2452 τοῦ
2291 2396 2451 2471 ἁγίου
2509 2395 2781 2469 μάρτυρος
2812 2395 3041 2468 Θύρσου,
3074 2392 3319 2469 ἔγνωμεν
3370 2398 3443 2459 ὡς
3490 2399 3811 2472 προάστειον

2164 2485 2399 2555 πλησίον
2483 2482 2744 2539 διάκειται
2820 2484 3028 2559 Πέτρου
3098 2488 3196 2538 τοῦ
3267 2506 3400 2540 ποτε
3478 2492 3577 2556 τῆς
3638 2488 3813 2541 Ἀπα-

2168 2575 2312 2649 μὲων
2367 2569 2703 2638 ἐπισκόπου,
2768 2578 2877 2630 etc.
2941 2573 3028 2629 Eae
3095 2591 3263 2646 porro
3338 2575 3432 2631 hic
3516 2576 3812 2632 recensitis

2164 2665 2418 2722 ecclesize
2470 2665 2625 2720 intra
2678 2664 2840 2719 urbis
2896 2664 3552 2737 ConstantinOpolitanae
3610 2683 3812 2723 muros

2164 2753 2458 2810 aediﬁcata
2516 2756 2702 2820 erant,
2735 2753 2807 2807 de
2836 2750 3028 2823 iisque
3078 2756 3170 2806 sat
3216 2752 3420 2808 multis
3459 2754 3691 2824 egimus
3748 2754 3810 2809 in

2165 2850 2365 2899 nostra
2396 2841 2893 2913 Constantinopoli,
2925 2840 3074 2897 libro
3105 2858 3182 2895 ιν.
3214 2842 3413 2914 Neque
3443 2842 3598 2898 enim
3647 2848 3813 2901 extra

2165 2934 2369 2988 urbem
2403 2931 2570 2987 missi
2597 2930 2874 3002 episcopi,
2908 2948 3023 3002 quo
3053 2930 3431 2986 Anthemium
3480 2936 3538 2987 et
3574 2933 3811 2992 Petrum

2163 3025 2589 3094 Apameensem
2644 3020 3068 3092 perquirerent,
3103 3037 3236 3076 cum
3296 3022 3354 3076 id
3411 3040 3524 3077 non
3583 3023 3815 3094 exigant

2165 3127 2440 3176 canones,
2474 3113 2576 3166 sed
2608 3110 2669 3165 in
2702 3111 2826 3166 suis
2858 3110 3119 3181 ipsorum
3152 3110 3310 3167 intra
3339 3116 3541 3167 urbem
3567 3112 3814 3182 aedibus,

2167 3202 2265 3256 ubi
2300 3200 2569 3256 habitare
2598 3200 2887 3255 solebant.
2920 3199 3069 3263 Quin
3123 3200 3299 3256 etiam
3350 3202 3422 3256 de
3475 3201 3817 3272 hujusmodi

2166 3288 2622 3344 intramuraneis
2696 3286 3054 3342 suburbanis
3103 3286 3524 3359 intelligendus
3582 3287 3817 3344 videtur

386 3376 514 3438 cta,
550 3352 1051 3443 quemadmodum
1082 3369 1346 3428 Siciliam
1374 3371 1571 3443 populo
1592 3374 1838 3425 Romano
1844 3370 2050 3440 jucun-

2165 3377 2570 3449 Theophanes,
2628 3393 2724 3432 an.
2769 3376 2839 3429 22
2883 3374 3198 3443 Anastasii,
3251 3352 3351 3447 qui
3408 3375 3469 3430 in
3528 3375 3815 3433 seditione

387 3461 530 3518 dam
556 3460 1040 3517 suburbanitatem
1068 3460 1252 3517 fuisse
1282 3460 1429 3515 dixit
1455 3460 1651 3516 Cicero
1701 3476 1758 3515 ιν
1805 3459 1865 3513 in
1915 3458 2052 3516 Ver-

388 3566 520 3607 rem
550 3565 697 3622 :qua
727 3550 970 3624 quidem
1000 3554 1137 3606 voce
1166 3566 1312 3605 usus
1332 3549 1508 3605 etiam
1539 3546 2051 3616 Sidonius.lib.m,

392 3638 576 3712 epist.
603 3640 628 3694 1
657 3656 671 3694 :
705 3638 1009 3695 Ecclesium
1031 3639 1267 3695 Arverni
1293 3638 1665 3709 municipioli,
1696 3639 1791 3693 cui
1833 3652 2052 3708 prapo-

389 3731 545 3785 situs
571 3731 681 3784 etsi
707 3730 1023 3785 immeritus
1068 3729 1293 3793 uideor,
1321 3732 1730 3799 peropportuna
1775 3726 2055 3782 oblatione

392 3818 817 3890 locupletando,
846 3820 1004 3891 cujus
1033 3817 1362 3889 possessioni
1386 3818 1698 3888 plurimum
1740 3815 2051 3883 contulisti,

394 3908 794 3964 Cuticiacensis
810 3908 1018 3981 praedii
1037 3906 1478 3976 suburbanitate,
1497 3923 1612 3961 non
1640 3908 1827 3960 minus
1854 3908 2055 3961 nostrae

384 3998 748 4069 possessionis
783 3997 1202 4066 fraternitatem
1233 3998 1342 4051 ioci
1385 3996 1748 4066 proximitate
1793 3994 2055 4064 dignatus

389 4086 599 4142 ditare.
628 4087 971 4142 Proximum
1007 4086 1190 4158 igitur
1220 4086 1358 4141 urbi
1381 4090 1654 4140 Arvernae
1685 4083 1794 4139 fuit
1810 4083 2054 4138 Cuticia-

388 4190 569 4231 cense
597 4175 904 4246 praedium.

466 4305 665 4362 XVIII.
698 4311 900 4379 Neque
928 4323 1062 4363 vero
1088 4306 1355 4379 proxima
1385 4307 1671 4361 duntaxat
1717 4304 2051 4360 civitatibus

390 4397 547 4463 loca,
594 4395 681 4452 vel
740 4397 976 4469 prsidia,
1011 4401 1113 4453 aut
1168 4395 1389 4467 palatia
1432 4393 1767 4468 προαστείων
1816 4394 2054 4449 nomine

390 4487 635 4554 donata,
668 4486 769 4542 sed
819 4486 996 4542 etiam
1047 4486 1204 4541 intra
1249 4484 1441 4558 ipsam
1491 4485 1720 4554 urbem,
1749 4501 1815 4538 ac
1856 4484 1914 4537 in
1960 4500 2051 4538 ro-

391 4573 750 4631 motioribus
809 4579 867 4631 et
923 4576 995 4631 ad
1054 4575 1218 4647 ipsos
1278 4591 1481 4631 muros
1512 4573 1800 4645 partibus,
1829 4572 2051 4644 quaevis

391 4664 555 4721 aedes
587 4664 817 4736 amplos
850 4664 1052 4721 hortos
1081 4663 1365 4720 habentes
1395 4662 1801 4719 delectationis
1841 4663 2047 4735 gratia,

2164 3472 2290 3525 orta
2318 3464 2842 3537 Constantinopoli,
2877 3466 3025 3535 fugai
3053 3481 3115 3520 se
3147 3464 3331 3531 dedit,
3360 3460 3498 3517 ὥστε
3544 3456 3814 3538 κρυϐῆναι

2164 3555 2217 3612 ἐν
2250 3552 2555 3630 προαστείῳ
2613 3551 2773 3627 ἐγγὺς
2827 3550 3175 3626 Βλαχερνῶν.
3208 3554 3333 3608 Sive
3379 3552 3535 3609 enim
3583 3554 3813 3609 Subur-

2164 3648 2384 3703 banum
2418 3644 2579 3700 istud
2598 3644 2767 3699 intra
2794 3648 2894 3697 aut
2922 3646 3084 3698 extra
3113 3642 3319 3697 urbem
3374 3641 3568 3710 fuerit,
3600 3641 3812 3697 saltem

2167 3734 2585 3790 Blacherniano
2618 3731 2860 3796 Palatio,
2894 3730 3050 3802 quod
3084 3730 3239 3786 intra
3284 3730 3491 3786 urbem
3550 3734 3809 3802 postmo-

2164 3826 2305 3881 dum
2340 3821 2637 3878 inclusum
2672 3819 2782 3876 fuit
2811 3819 3075 3875 Heraclio
3097 3820 3446 3892 imperante,
3478 3818 3812 3892 proximum

2165 3913 2345 3969 fuisse
2376 3912 2691 3967 dicendum
2724 3916 2833 3965 est.
2867 3913 3083 3964 Verum
3114 3909 3247 3980 quis
3276 3909 3640 3964 dissertatori
3674 3925 3811 3965 con-

2164 4003 2333 4059 cedat
2363 4004 2598 4056 Petrum
2632 3997 2887 4070 Gyllium
2940 3997 3066 4054 sola
3108 3998 3417 4070 agnovisse
3473 3998 3815 4054 suburbana

2163 4109 2291 4164 quae
2325 4091 2451 4146 urbi
2486 4090 2757 4160 contigua
2788 4094 2950 4153 sunt,
2981 4092 3038 4143 et
3067 4087 3371 4159 ignorasse
3402 4087 3481 4142 ita
3533 4086 3814 4159 appellari

2164 4198 2291 4252 quae
2323 4178 2547 4250 aliquot
2578 4177 2840 4232 millibus
2871 4179 2942 4232 ab
2977 4193 3046 4232 ea
3067 4176 3507 4247 distantzquasi
3537 4192 3671 4231 vero
3694 4175 3812 4231 sin-

2161 4269 2385 4342 gularis
2416 4266 2655 4323 omnino
2685 4265 3037 4321 eruditionis
3068 4264 3361 4336 scriptori,
3393 4269 3451 4319 et
3508 4280 3685 4336 quem
3743 4280 3810 4320 eo

2162 4358 2398 4414 nomine
2424 4356 2676 4412 summis
2709 4355 2986 4410 laudibus
3019 4371 3132 4409 non
3165 4353 3345 4409 semel
3371 4352 3596 4409 extollit
3639 4354 3807 4409 Jaco-

2162 4449 2272 4504 bus
2303 4446 2594 4518 Cujacins,
2628 4446 2824 4515 ignota
2854 4443 3072 4500 fuerint
3117 4461 3244 4515 quae
3295 4444 3460 4515 pueri
3488 4442 3703 4499 sciunt
3747 4443 3809 4498 in

2160 4536 2380 4594 scholis
2415 4554 2426 4592 :
2462 4537 2563 4591 sed
2607 4535 2657 4590 is
2703 4533 2868 4590 scivit
2902 4535 3058 4605 quod
3092 4533 3430 4605 ignoravere
3478 4531 3598 4600 alii,
3637 4529 3808 4605 προά-

2161 4645 2307 4680 στεια
2333 4643 2450 4681 non
2482 4625 2653 4681 modo
2687 4623 2816 4679 urbi
2848 4623 3143 4693 continua,
3186 4639 3437 4694 quorum
3487 4639 3601 4694 prae
3649 4626 3814 4678 ciete-

393 4711 484 4811 ἰῐῐ
493 4711 1365 4825 ’ζυξῗὶξᾱίεῖέιῐείεῖξὲἕέκῐ
1398 4711 1806 4809 πυξἑὲἷῖιῖἐὲ
1841 4711 2048 4806 ῖὲὗὲἷιί
2081 4726 2128 4790 D
2162 4716 2257 4825 fit
2290 4712 3472 4825 T.‘i“1“ii_l_i?_a?f‘_‘is__Pff'f‘fi‘l‘i‘iiizjf‘;
3496 4711 3808 4825 ἒζῗῖίίῗῖἷξν

391 4849 669 4910 Romam,
701 4858 828 4914 quae
876 4840 1213 4914 προαστείων
1262 4842 1384 4897 vice
1427 4846 1569 4897 sunt
1618 4841 1996 4913 magnatibus
2032 4856 2045 4893 :

391 4949 533 4989 cum
564 4932 641 4987 ita
672 4931 1236 5004 appellentur,quod
1260 4948 1456 4987 revera
1479 4929 1685 5003 primis
1718 4927 2049 5001 reipublicae

389 5036 465 5078 ac
493 5020 727 5093 imperii
758 5020 1003 5077 Romani
1034 5020 1404 5091 temporibus
1449 5020 1605 5075 intra
1653 5021 1827 5075 urbes
1870 5019 2047 5074 vineas

387 5109 748 5179 colerentur,
797 5110 954 5182 quod
1001 5109 1262 5166 vetuisse
1303 5109 1699 5165 Domitianum
1758 5108 2044 5164 scribunt.

387 5205 565 5267 Nam,
590 5203 651 5255 ut
681 5200 765 5255 ait
791 5198 883 5256 lex
911 5199 947 5253 6
973 5199 1109 5255 Cod.
1129 5199 1200 5254 de
1223 5199 1395 5270 praed.
1417 5204 1475 5253 et
1503 5197 1580 5253 al.
1602 5198 1746 5266 reb.,
1767 5196 2049 5255 Prasdium

384 5289 663 5347 rusticum
692 5290 776 5344 vel
803 5289 1183 5344 suburbanum
1211 5290 1280 5343 ab
1328 5287 1558 5343 urbanis
1612 5303 1724 5343 non
1784 5287 1924 5354 loco,
1957 5285 2048 5341 sed

386 5379 659 5450 qualitate
687 5378 1043 5435 discernitur.
1074 5379 1209 5443 Quae
1243 5377 1483 5431 totidem
1515 5377 1707 5433 verbis
1755 5376 2050 5432 habentur

386 5469 453 5524 in
505 5466 605 5522 lib.
640 5485 849 5523 xxxvm
899 5467 1125 5523 Basilio.
1181 5466 1267 5520 tit.
1311 5467 1365 5529 9,
1407 5482 1535 5536 cap.
1568 5468 1636 5521 37
1672 5482 1684 5521 :
1718 5464 2044 5538 Προάστειον

391 5555 502 5611 ἀπὸ
557 5560 652 5609 τοῦ
701 5554 991 5611 πολιτικοῦ
1053 5554 1353 5625 οἰκήματος
1414 5554 1574 5628 οὐχὸ
1631 5552 2043 5623 τόπος,ἀλλ’ή

392 5643 626 5715 ποιότης
679 5645 927 5720 χωρίζει.
979 5645 1086 5701 Ubi
1133 5643 1489 5699 Scholiastes
1525 5660 1535 5699 :
1575 5642 1655 5698 Τὸ
1704 5644 2044 5718 προάστειον,

394 5733 547 5812 φασὶ,
580 5734 872 5810 χωρίζεται
906 5733 1011 5791 ἀπὸ
1042 5735 1139 5801 τῆς
1173 5736 1269 5786 τοῦ
1316 5730 1487 5785 τόπου
1536 5732 1752 5806 θέσεως,
1781 5731 1864 5787 ὅτι
1913 5731 2045 5804 ἐξῲε

392 5843 573 5879 κισται
603 5830 702 5894 τῆς
754 5822 992 5891 πόλεως,
1024 5820 1150 5878 ἀλλ’
1199 5821 1259 5876 ἐκ
1304 5825 1400 5876 τοῦ
1444 5824 1735 5899 προσέχειν
1781 5818 2044 5897 πάροδον,

2159 4806 2260 4861 sed
2284 4804 2458 4859 etiam
2483 4820 2611 4875 quae
2636 4803 2691 4857 in
2718 4803 2844 4875 ipsa
2868 4803 3008 4857 urbe
3025 4806 3164 4857 sunt
3186 4801 3477 4856 inlerdum
3504 4799 3807 4874 appellari.

2232 4930 2367 4985 XIX.
2398 4929 2529 4984 Jam
2581 4946 2714 4984 vero
2767 4944 2900 4983 cum
2957 4927 3346 4991 Hebdomum,
3398 4943 3499 4982 seu
3552 4925 3810 4997 Campus

2160 5020 2467 5087 Hebdomi,
2499 5018 2732 5091 amplus
2762 5026 2911 5073 esset
2944 5032 3099 5089 ager,
3135 5019 3199 5070 ut
3247 5015 3347 5087 qui
3400 5017 3471 5071 ab
3531 5015 3675 5070 urbe
3733 5014 3805 5070 ad

2160 5110 2480 5180 septimum
2542 5124 2728 5179 usque
2786 5106 3038 5178 lapidem
3094 5105 3470 5177 pertingeret,
3520 5104 3702 5172 varia,
3743 5107 3810 5159 ut

2161 5197 2436 5268 diximus,
2468 5198 2525 5252 in
2582 5214 2649 5252 eo
2707 5197 2981 5252 exstitere
3040 5194 3288 5251 aedificia
3339 5198 3397 5249 et
3441 5192 3804 5260 suburbana,

2161 5304 2288 5359 qua:
2322 5288 2378 5340 in
2417 5285 2711 5340 llebdomo
2743 5283 2991 5340 excitata
3020 5299 3149 5338 esse
3179 5282 3454 5337 dicuntur
3486 5299 3519 5337 a
3557 5281 3806 5353 scripto-

2160 5376 2344 5443 ribus,
2381 5392 2493 5431 non
2526 5373 2783 5429 indicato
2835 5373 2952 5428 fere
2992 5388 3227 5444 semper
3272 5388 3476 5428 eorum
3527 5369 3808 5443 peculiari

2160 5465 2300 5531 situ,
2336 5470 2391 5520 et
2440 5482 2511 5518 an
2558 5462 2710 5530 urbi,
2755 5461 2841 5517 vel
2886 5478 2958 5515 an
3017 5462 3264 5533 septimo
3314 5460 3491 5532 lapidi
3548 5459 3809 5533 proxima

2161 5554 2392 5609 fuerint.
2424 5552 2567 5608 Nam
2603 5557 2811 5623 praeter
2833 5550 3105 5605 Tribunai
3158 5555 3215 5605 et
3254 5552 3607 5621 adiunctum
3658 5553 3807 5607 Con-

2159 5643 2613 5699 stantinianeum
2670 5638 2981 5705 Palatium,
3045 5639 3115 5693 de
3172 5639 3390 5710 quibus
3444 5640 3691 5710 egimus,
3742 5643 3809 5693 ut

2160 5733 2430 5787 omittam
2462 5731 2634 5786 etiam
2682 5728 2999 5785 Castellum
3030 5726 3524 5795 Theodosianum,
3558 5726 3712 5799 quod
3744 5726 3805 5779 in

2160 5821 2459 5876 Hebdomo
2486 5820 2691 5877 statuit
2718 5816 3122 5890 Theophanes,
3141 5834 3234 5872 an.
3257 5817 3293 5869 7
3321 5817 3525 5874 Phocce
3556 5815 3807 5888 legimus
