4130 6406
261 408 394 490 401

1409 394 1883 466 DlSQUISITIO
1924 397 2536 461 TOPOGRAPHIGA

3565 398 3696 484 408.

260 539 418 612 apud
449 536 818 609 Procopium,
839 534 942 590 lib.
976 551 995 589 ι
1025 535 1100 588 De
1128 530 1338 602 wdiﬁc.
1362 530 1688 596 Justiniani,
1714 545 1838 601 cap.
1862 531 1914 599 4,
1948 533 2003 599 Α
2033 533 2355 602 tidem,sed
2384 536 2456 591 ad
2483 535 2682 591 sinum
2704 536 3036 593 Ceratinum
3073 534 3373 590 exstitisse
3399 537 3493 589 sat
3515 532 3689 604 pluri-

263 627 610 684 aadiﬁcatam
645 625 717 680 ab
740 625 943 680 eodem
969 623 1225 693 Augusto
1247 623 1302 674 S.
1321 618 1627 673 Theodotaa
1659 617 1841 673 eadem
1867 615 1919 672 ιν

266 713 574 791 προαστείῳ
603 711 683 785 τῷ
712 711 1040 783 καλουμένῳ
1070 703 1328 779 Ἑϐδόμῳ
1366 726 1378 764 :
1415 707 1591 762 aliam
1645 711 1924 780 praeterea

265 807 324 862 S.
356 804 602 862 Joannis
654 803 928 874 Baptistae
980 799 1029 852 έν
1076 803 1156 870 τῷ
1187 791 1440 868 Ἑϐδόμῳ
1489 795 1836 868 καλουμένῳ,
1872 805 1925 852 et

268 895 444 950 aliam
505 893 760 964 denique
819 891 876 946 in
929 890 1132 944 eodem
1182 887 1482 942 Hebdomo
1521 886 1618 941 SS.
1653 886 1833 942 Menas
1866 890 1924 942 et

271 986 489 1041 Menaeo
523 981 883 1053 martyribus
918 978 1195 1033 dicatam.
1231 977 1393 1040 Quod
1426 992 1562 1032 vero
1595 980 1820 1048 spectat
1851 976 1923 1031 ad

267 1073 579 1130 ecclesiam
632 1071 691 1126 S.
745 1067 1150 1135 Przecursoris,
1208 1066 1352 1138 quin
1404 1065 1504 1121 illa
1554 1065 1650 1132 sit,
1684 1082 1859 1136 quam
1893 1082 1926 1120 a

265 1161 592 1218 Theodosio
643 1161 718 1214 M.
770 1158 1118 1213 aediﬁcatam
1179 1156 1426 1211 tradunt
1483 1155 1824 1226 scriptores,
1871 1158 1928 1210 et

269 1267 446 1323 quam
475 1249 854 1305 Justinianus
877 1245 1312 1316 instauraverit,
1337 1243 1607 1300 dubitare
1631 1261 1745 1299 non
1769 1243 1923 1312 licet,

267 1366 395 1421 quae
431 1346 574 1419 μονὴ
608 1349 704 1398 τοῦ
734 1339 1007 1415 Ἑϐδόμυυ
1051 1343 1267 1398 dicitur
1295 1342 1551 1414 Scylitzaa
1586 1346 1644 1397 et
1693 1343 1925 1397 Zonaras

264 1438 328 1493 in
356 1435 578 1502 Alexio,
610 1421 669 1491 et
698 1427 980 1506 Ἕϐδομον
1033 1433 1188 1488 nude
1233 1433 1289 1486 in
1339 1432 1470 1487 Vita
1512 1431 1782 1486 Auxentii
1816 1432 1925 1486 sub

269 1526 505 1582 initium
545 1543 556 1581 :
592 1541 770 1596 quam
803 1524 1164 1579 Sozomenus
1196 1521 1298 1577 lib.
1322 1539 1422 1588 vn,
1458 1521 1664 1594 cap.24
1704 1518 1926 1595 προτοῦ

268 1613 496 1686 ἄστεως,
530 1615 688 1669 idem
721 1630 848 1685 cap.
881 1613 950 1666 24
1002 1609 1053 1665 ἐν
1085 1605 1341 1682 Ἑϐδόμῳ
1387 1608 1581 1682 μιλίῳ,
1616 1611 1927 1666 Chronicon

264 1705 728 1762 Alexandainum
759 1721 853 1757 an.
890 1703 958 1756 13
986 1700 1298 1758 Theodosii
1328 1704 1401 1754 M.
1435 1697 1486 1752 ἐν
1517 1702 1596 1770 τῷ
1643 1697 1926 1772 λεγομένῳ

267 1788 532 1866 Ἑϐδόμῳ
584 1785 1226 1860 Κωνσταντινουπόλεως,
1264 1789 1626 1862 Nicephorus
1676 1789 1926 1858 denique

2033 622 2144 678 bus
2177 641 2360 697 supra
2389 625 2789 697 probavimus.

2104 730 2218 786 XX.
2254 731 2572 788 Praeellatis
2621 749 2754 789 vero
2811 751 2925 789 non
2973 733 3169 788 obstat
3223 731 3379 806 quod
3427 731 3696 788 Socrates

2033 819 2136 874 lib.
2172 837 2249 886 v1,
2285 838 2410 894 cap.
2447 824 2500 890 6,
2535 823 2593 878 S.
2637 822 2941 878 Prodromi
2989 820 3296 898 Μαρτύριον
3344 825 3567 892 septem
3619 819 3690 875 ab

2036 910 2177 964 urbe
2226 910 2579 967 milliaribus
2637 912 2914 968 dissitum
2983 911 3221 981 scribat,
3255 911 3416 966 hisce
3475 907 3692 975 verbis,

2031 997 2199 1053 Ἑπτὰ
2254 995 2311 1052 δὲ
2359 1001 2613 1072 σημείοις
2676 1005 2837 1054 τοῦτο
2899 999 3104 1076 ἀπέχον
3163 1005 3265 1068 τῆς
3320 995 3561 1058 πόλεως.
3620 1001 3691 1052 Et

2035 1104 2161 1159 cap.
2192 1089 2251 1143 11
2292 1105 2304 1142 :
2338 1087 2561 1164 Ἀπέχει
2597 1085 2655 1144 δὲ
2683 1093 2845 1144 τοῦτο
2880 1088 3012 1144 ἑπτὰ
3043 1093 3248 1161 σημεῖα
3292 1093 3395 1157 τῆς
3446 1085 3684 1147 πόλεως.

2035 1177 2164 1232 Haec
2197 1178 2354 1234 enim
2387 1179 2790 1252 intelligenda,
2828 1197 2947 1235 non
2981 1181 3051 1235 de
3085 1179 3363 1252 martyrio
3409 1177 3556 1249 ipso,
3588 1177 3690 1232 sed

2035 1267 2107 1322 de
2138 1267 2537 1324 Hebdomiano
2573 1286 2800 1342 campo,
2836 1269 2936 1342 qui
2984 1285 3182 1324 revera
3229 1267 3400 1323 initio
3451 1269 3691 1338 sumpto

2036 1372 2069 1410 a
2100 1357 2352 1428 septimo
2382 1357 2576 1429 lapide
2605 1358 2677 1412 ab
2721 1357 2928 1414 urbem
2975 1356 3322 1430 pertinente,
3356 1359 3580 1427 septem
3615 1355 3687 1409 ab

2035 1462 2102 1500 ea
2133 1445 2485 1501 milliaribus
2517 1446 2765 1502 dissitus
2799 1447 2928 1502 fuit.
2966 1447 3332 1502 Hebdomum
3379 1443 3558 1516 igitur
3586 1460 3689 1498 vo-

2035 1534 2280 1589 cabatur
2311 1534 2430 1590 haec
2460 1536 2634 1603 aedes,
2655 1535 2810 1607 quod
2833 1535 2891 1590 in
2911 1534 3210 1590 Hebdomo
3241 1533 3488 1590 excitata
3515 1534 3689 1605 esset,

2039 1623 2146 1680 hoc
2175 1627 2265 1679 est
2291 1624 2349 1678 in
2383 1641 2590 1697 campo
2625 1623 2762 1680 Urbi
2797 1625 3082 1696 proximo,
3110 1627 3176 1678 ut
3222 1626 3280 1678 et
3327 1621 3442 1678 alia
3496 1621 3686 1677 eidem

2037 1713 2143 1768 aadi
2176 1713 2474 1784 adjuncta,
2506 1715 2559 1768 S.
2592 1714 2804 1769 Joanni
2837 1713 3204 1785 evangelista
3237 1711 3452 1776 dicata,
3485 1714 3552 1766 ut
3599 1711 3690 1766 est

2035 1803 2190 1874 apud
2223 1803 2605 1873 Codinum,in
2627 1803 2946 1873 Originibus
2979 1800 3495 1872 Constantinopolit.
3514 1799 3687 1871 cujus

269 1883 495 1940 Callisti
524 1883 630 1956 πρὸ
659 1883 759 1946 τῆς
788 1877 1196 1934 Κωνσταντίνου
1233 1876 1284 1932 έν
1317 1882 1397 1950 τῷ
1427 1876 1710 1954 λεγομένῳ
1735 1870 1917 1933 Ἑϐδό·

2035 1870 2212 1948 verba
2268 1870 2580 1948 attulimus
2637 1891 2694 1946 in
2728 1870 2741 1873 ⁷
2778 1897 2981 1948 nostra
3040 1870 3512 1962 Constantinopoli
3563 1870 3594 1950 :7
3628 1890 3688 1943 et

273 1993 383 2045 μῳ,
436 1974 509 2029 ab
557 1973 761 2027 eodem
806 1970 1132 2026 Theodosio
1180 1968 1488 2024 excitatam
1539 1966 1824 2035 scribunt,
1857 1967 1918 2021 in

269 2062 571 2117 Hebdomo
602 2060 824 2116 scilicet
848 2059 1001 2131 quod
1034 2058 1162 2113 urbi
1197 2057 1524 2129 proximum
1559 2062 1614 2112 et
1643 2056 1702 2110 in
1755 2054 1917 2110 illius

269 2160 584 2223 conspectu
619 2150 730 2205 fuit
760 2166 773 2205 :
811 2164 968 2212 nam,
1001 2151 1066 2202 ut
1095 2151 1185 2204 est
1223 2147 1377 2218 apud
1422 2145 1734 2217 Georgium
1784 2145 1915 2200 Ale-

262 2239 622 2296 xandrinum
671 2239 732 2293 in
778 2238 912 2293 Vita
960 2238 1016 2293 S.
1069 2237 1314 2292 Joannis
1369 2235 1783 2308 Chrysostomi,
1833 2235 1918 2290 ita

262 2330 584 2386 vocabatur
613 2329 641 2380 ὁ
685 2327 852 2387 τόπος
898 2332 997 2394 τῆς
1046 2329 1142 2379 τοῦ
1202 2321 1360 2398 ἁγίου
1411 2324 1662 2378 Ἰωάννου
1711 2321 1912 2393 ἐκκλη-

264 2415 404 2477 σίας.
437 2417 605 2473 Hisce
633 2434 805 2488 porro
837 2415 1114 2487 loquendi
1147 2414 1416 2470 formulis
1463 2415 1608 2469 satis
1657 2415 1916 2468 innuunt

258 2506 436 2562 iidem
469 2506 806 2577 scriptores,
839 2504 994 2560 hanc
1025 2505 1208 2559 adem
1240 2521 1353 2559 non
1386 2504 1457 2559 ad
1490 2503 1805 2574 septimum
1840 2503 1912 2557 ab

264 2596 407 2651 urbe
443 2595 694 2650 milliare
740 2594 1081 2649 aedificatam
1135 2593 1337 2648 fuisse.
1388 2593 1535 2657 Quid
1587 2593 1741 2647 enim
1799 2591 1911 2648 sibi

263 2685 391 2741 vult
421 2684 603 2755 aliud,
634 2681 740 2758 πρὸ
770 2689 870 2752 τῆς
902 2680 1141 2749 πόλεως,
1177 2699 1353 2754 quam
1401 2682 1462 2736 in
1514 2683 1676 2737 urbis
1725 2682 1914 2754 ipsius

263 2773 631 2848 prospectu?
704 2773 791 2829 vel
878 2773 1248 2828 Hebdomum
1331 2771 1913 2843 Constantinopoleos

267 2878 445 2934 quam
498 2878 633 2933 pars
691 2860 1069 2917 Hebdomiani
1131 2859 1328 2932 Campi
1398 2860 1528 2915 urbi
1600 2859 1914 2932 proxima?

264 2959 475 3016 deinde
507 2959 753 3015 Phocam
787 2959 845 3013 in
870 2959 979 3015 hac
997 2959 1117 3013 aede
1134 2963 1474 3014 coronatum
1499 2957 1911 3031 imperatorem

265 3049 508 3105 tradunt
564 3049 905 3112 Simocatta.
962 3049 1268 3106 Chronicon
1329 3048 1801 3120 Alexandrinum,
1857 3054 1914 3104 et

261 3138 667 3210 Theophanes,
693 3138 918 3194 scilicet
938 3139 1109 3210 juxta
1137 3137 1438 3205 Tribunal,
1471 3137 1568 3193 ubi
1630 3138 1913 3194 acclama-

263 3232 359 3284 tus
391 3227 581 3284 fuerat
611 3229 928 3300 Augustus.
955 3227 1236 3282 Tribunal
1263 3243 1394 3282 vero
1424 3227 1589 3283 urbis
1620 3227 1911 3282 mmnibus

270 3279 356 3284 πη
391 3279 577 3284 __-----
611 3279 927 3300 --Ὅ-νη,
965 3279 1235 3282 _____-_-,_
1564 3279 1585 3283 -
1621 3279 1907 3282 --ηπ-ψη

260 3318 593 3389 proximum
627 3317 808 3373 fuisse
838 3334 1020 3389 supra
1050 3317 1378 3372 docuimus.
1411 3316 1629 3372 Verum
1663 3317 1803 3388 quin
1837 3317 1908 3371 ad
1942 3279 1986 3344 Ο

260 3406 583 3477 septimum
603 3405 852 3462 milliare
875 3423 989 3462 non
1013 3405 1322 3473 exstiterit,
1337 3405 1474 3460 hinc
1494 3409 1650 3478 patet
1670 3407 1910 3462 omnino

260 3495 415 3567 quod
451 3495 522 3551 ad
552 3495 722 3550 sinus
753 3495 1006 3550 Geratini
1039 3493 1206 3548 littus
1247 3498 1542 3549 statuatur
1570 3511 1605 3550 a
1651 3495 1908 3563 Socrate,

261 3583 362 3638 lib.
415 3601 489 3654 v1,
517 3598 645 3654 cap.
702 3583 789 3651 11,
823 3583 978 3638 unde
1026 3587 1246 3653 septem
1308 3582 1381 3638 ab
1438 3582 1590 3638 Urbe
1647 3583 1912 3638 millibus

262 3672 559 3744 disparata
591 3689 716 3728 esse
747 3689 863 3727 non
905 3671 1115 3743 potuit,
1143 3671 1439 3743 siquidem
1483 3671 1650 3728 littus
1696 3672 1910 3728 Cerati-

265 3778 406 3816 num
442 3762 511 3816 ad
547 3760 715 3816 sinus
749 3765 925 3834 caput
955 3760 1108 3815 ultra
1138 3777 1323 3816 unum
1357 3760 1609 3817 milliare
1639 3779 1754 3817 non
1786 3779 1912 3834 pro-

260 3849 657 3916 tenditur,ubi
685 3851 923 3923 Cydaris
953 3851 1304 3923 etBarbyses
1334 3849 1551 3907 fluvioli
1583 3853 1912 3922 conﬂuunt,

263 3953 321 4005 et
368 3948 428 4003 in
476 3949 674 4004 sinum
725 3949 1061 4005 Ceratinum
1116 3966 1298 4016 aquas
1328 3965 1467 4005 suas
1502 3950 1795 4006 evolvunt.
1829 3951 1916 4006 Ita

264 4053 436 4109 porro
493 4042 760 4094 Socrates
810 4038 910 4094 ubi
970 4039 1040 4093 de
1069 4039 1396 4111 Epiphanio
1426 4039 1594 4111 Cypri
1643 4041 1915 4113 episcopo

262 4127 336 4182 ad
373 4127 577 4183 Urbem
606 4126 937 4200 appellente
972 4145 984 4180 :
1021 4128 1418 4200 Προσορμήσας
1456 4125 1546 4181 οὖν
1598 4126 1650 4182 ἐν
1702 4132 1781 4200 τῷ
1827 4127 1916 4182 ἐπὶ

260 4215 520 4286 Ἰωάννην
571 4218 874 4290 μαρτυρίῳ,
929 4215 1123 4291 ἀπέχει
1175 4213 1233 4270 δὲ
1273 4221 1434 4271 τοῦτο
1485 4217 1619 4270 ἑπτὰ
1667 4215 1917 4290 σημείοις

257 4306 357 4373 τῆς
388 4304 626 4372 πόλεως,
652 4304 743 4358 καὶ
794 4303 1024 4375 ἐξελθὼν
1074 4311 1174 4373 τῆς
1218 4305 1376 4373 νεώς,
1421 4311 1530 4362 etc.
1582 4305 1759 4362 Paulo
1811 4306 1916 4362 ali-

258 4400 346 4450 ter
375 4400 753 4465 Sozomenus,
789 4394 892 4449 lib.
941 4412 1066 4461 vm,
1120 4411 1247 4466 cap.
1302 4396 1386 4463 14,
1439 4395 1541 4449 ubi
1587 4396 1657 4450 de
1713 4395 1916 4450 eodem

259 4484 584 4555 Epiphanio
633 4481 1011 4544 εἘκπλεύσας
1065 4489 1164 4552 τῆς
1216 4480 1455 4556 Κύπρου,
1512 4481 1779 4551 κατῆλθεν
1840 4481 1916 4544 εἷς

258 4572 366 4645 πρὸ
408 4578 508 4640 τῆς
558 4569 778 4633 πόλεως
854 4569 1195 4644 καλούμενον
1250 4566 1566 4644 Ἕϐδομον·
1628 4569 1916 4644 εὐξάμενος

2030 1982 2186 2052 apud
2219 1981 2653 2054 Pachymerem,
2685 1982 2784 2053 qui
2845 1980 2947 2036 lib.
2983 1997 3047 2048 ιι,
3096 1996 3224 2052 cap.
3274 1981 3367 2049 2i,
3399 1981 3685 2033 monaste-

2028 2071 2203 2138 rium,
2238 2072 2390 2143 quod
2449 2071 2547 2138 τήν
2595 2071 2732 2124 κατὰ
2775 2069 2866 2123 τὸν
2915 2063 3193 2140 Ἕϐδομον
3247 2070 3343 2120 τοῦ
3401 2063 3672 2138 Θεολόγου

2031 2158 2223 2229 μονήν,
2256 2159 2409 2213 infra
2451 2158 2552 2214 lib.
2587 2176 2688 2226 vn,
2731 2175 2860 2231 cap.
2911 2157 3015 2212 ult.
3055 2158 3210 2212 aude
3245 2148 3524 2226 Ἕϐδομον
3574 2169 3672 2209 vo—

2025 2251 2136 2316 cat,
2185 2248 2283 2301 ubi
2335 2247 2405 2302 de
2455 2246 2724 2318 sepulcro
2781 2245 2980 2302 Basilii
3029 2243 3442 2317 Bulgaroetoni
3495 2243 3555 2298 in
3608 2259 3675 2298 eo

2024 2335 2237 2402 sepulti
2269 2336 2406 2407 agit,
2440 2337 2610 2406 cujus
2640 2335 3040 2408 Epitaphium,
3065 2335 3222 2406 quod
3255 2332 3680 2404 descripsimus

2024 2424 2084 2478 in
2121 2424 2283 2480 Notis
2333 2425 2404 2479 ad
2464 2425 2771 2493 Zonaram,
2806 2424 3078 2481 observat
3139 2422 3298 2477 illius
3357 2413 3565 2492 τόμϐον
3623 2417 3674 2473 ἰν

2027 2513 2176 2585 μέσῳ
2210 2517 2312 2586 γῆς
2338 2506 2611 2584 Ἑϐδόμου
2644 2513 2847 2583 fuisse,
2881 2530 3000 2585 qua
3054 2513 3363 2568 verborum
3423 2509 3678 2564 formula

2022 2601 2166 2657 satis
2201 2602 2495 2657 indicatur
2553 2602 2702 2657 hanc
2757 2603 2942 2657 aedem
2997 2601 3293 2657 exstitisse
3353 2600 3414 2654 in
3469 2615 3677 2670 campo

2023 2690 2460 2758 Hebdomi,non
2493 2708 2626 2747 vero
2658 2691 2728 2747 ad
2764 2691 3082 2763 septimum
3117 2691 3188 2746 ab
3224 2689 3372 2745 Urbe
3403 2686 3676 2744 milliare.

2022 2781 2130 2836 Sed
2163 2797 2236 2836 an
2283 2785 2339 2835 8.
2373 2780 2675 2836 Prodromi
2707 2779 3111 2837 Hebdomiana
3166 2779 3320 2834 aedes
3368 2778 3525 2833 intra
3580 2793 3676 2832 ur-

2024 2869 2154 2925 bem
2187 2869 2538 2942 posmodum
2572 2869 2804 2926 inclusa
2825 2870 3020 2936 fuerit,
3049 2869 3206 2941 quod
3254 2865 3404 2922 velle
3451 2865 3680 2922 videtur

2021 2958 2269 3032 Gyllius,
2302 2959 2544 3014 dubium
2581 2960 2719 3014 facit
2775 2976 2847 3015 ne
2897 2958 3037 3030 quid
3089 2956 3488 3021 dissimulem,
3521 2955 3678 3027 quod

2021 3049 2446 3104 Constantinus
2522 3047 3061 3122 Porphyrogenitus
3121 3045 3319 3102 tradat
3391 3044 3678 3101 Basilium

2022 3154 2194 3192 avum
2243 3137 2424 3192 eadem
2475 3141 2530 3190 S.
2577 3135 2824 3193 Joannis
2871 3135 3170 3208 Baptistae,
3215 3134 3406 3190 eidem
3456 3133 3564 3188 aedi
3617 3136 3673 3188 S.

2023 3225 2268 3282 Joannis
2301 3225 2668 3296 evangelista
2714 3226 2772 3280 in
2820 3225 3118 3280 Hebdomo
3176 3223 3524 3295 proximam,
3555 3225 3610 3278 et
3638 3239 3670 3277 a

2027 3315 2243 3371 Basilio
2275 3315 2692 3382 instauratam,
2724 3318 2888 3370 extra
2917 3313 3128 3370 Urbem
3164 3315 3409 3379 statuat,
3442 3327 3563 3383 cap.
3598 3311 3666 3364 63

2020 3406 2164 3462 edit.
2195 3404 2504 3461 Allatianae
2539 3422 2551 3460 :
2583 3403 2666 3460 ita
2695 3407 2761 3459 ut
2790 3404 2943 3459 aades
2963 3408 3023 3459 S.
3067 3403 3463 3470 Praecursoris,
3489 3417 3664 3473 quam

2021 3511 2130 3549 sua
2158 3499 2324 3550 aetate
2353 3493 2610 3548 dirutam
2642 3492 2826 3548 fuisse
2856 3509 2891 3548 a
2919 3493 3131 3548 Turcis
3190 3492 3396 3548 scribit
3426 3489 3670 3565 Gyllius,

2022 3581 2122 3637 illa
2153 3584 2298 3638 forte
2333 3583 2526 3649 fuerit,
2560 3599 2688 3655 quas
2719 3585 2888 3637 vetus
2919 3582 3245 3651 dicebatur,
3265 3585 3325 3636 et
3357 3580 3523 3636 urbis
3545 3596 3673 3634 mu-

2021 3673 2103 3728 ris
2133 3673 2508 3727 incumbebat
2536 3689 2571 3728 a
2601 3671 2982 3727 Constantino
3023 3675 3092 3727 M.
3132 3670 3436 3741 aedificata,
3470 3673 3536 3726 ut
3583 3673 3674 3725 est

2021 3762 2081 3816 in
2115 3759 2368 3834 Πατρίοις
2412 3765 2524 3814 Kl].
2561 3779 2594 3816 a
2625 3759 2803 3816 nobis
2836 3759 3112 3816 laudatis.

2097 3869 2240 3925 XXI.
2275 3869 2472 3924 Mirari
2503 3885 2676 3939 porro
2707 3867 2818 3923 hoc
2867 3868 2997 3923 loco.
3041 3867 3226 3934 subit,
3258 3871 3379 3924 tam
3434 3866 3684 3922 ﬁdenter

2027 3959 2323 4014 afﬁrmare
2367 3957 2556 4013 virum
2587 3957 2908 4024 eruditum,
2944 3958 3237 4013 neminem
3286 3959 3549 4014 veterum
3573 3955 3685 4026 (in~

2026 4047 2390 4119 dulgendum
2451 4051 2648 4101 tamen
2708 4046 2864 4117 quod
2923 4045 3233 4113 addiderit,
3273 4061 3403 4116 quos
3463 4042 3681 4114 legerit)

2028 4137 2288 4192 ecclesiae
2320 4140 2374 4190 S.
2409 4134 2659 4191 Joannis
2694 4134 2993 4190 Prodromi
3021 4135 3230 4190 Christi
3275 4133 3431 4188 intra
3479 4149 3683 4188 muros

2029 4227 2193 4282 urbis
2224 4223 2807 4296 Constantinopoleos
2837 4223 3019 4279 ullam
3053 4223 3259 4279 fecisse
3291 4221 3678 4278 mentionem:

2028 4332 2160 4370 cum
2196 4319 2406 4386 praeter
2434 4313 2880 4370 celeberrimum
2927 4313 3073 4368 illud
3119 4311 3429 4368 Studiense
3472 4327 3682 4366 mona-

2027 4405 2272 4461 sterium
2309 4403 2531 4458 nemini
2565 4419 2678 4458 non
2713 4405 2943 4471 notum,
2970 4401 3038 4457 ad
3072 4401 3381 4458 duodecim
3415 4400 3606 4456 eidem
3623 4406 3681 4456 8.

2027 4489 2378 4549 Praecursori
2395 4493 2550 4547 intra
2569 4493 2770 4546 urbem
2795 4491 3122 4547 dicatarum
3147 4491 3359 4546 aedium
3373 4489 3682 4545 historiam

2029 4585 2086 4638 in
2120 4588 2320 4638 nostra
2350 4581 2822 4652 szstantinopoli
2851 4581 3371 4652 perstrinxerimus
3409 4596 3421 4634 :
3457 4578 3676 4651 quibus

261 4656 318 4713 δὲ
351 4659 402 4714 έν
431 4664 500 4733 τῇ
534 4658 719 4715 ἐνθάδε
751 4660 1036 4731 ἐκκλησίᾳ,
1068 4663 1197 4728 ἧκεν
1236 4659 1311 4724 εἰς
1356 4661 1456 4729 τὴν
1505 4660 1687 4716 πόλιν.
1723 4665 1916 4734 Appu-

2030 4675 2174 4730 duas
2202 4675 2445 4743 insuper
2475 4671 2622 4726 alias
2655 4671 2867 4726 addere
2895 4669 3051 4736 licet,
3095 4669 3154 4725 in
3187 4687 3335 4742 quas
3367 4685 3480 4724 non
3530 4667 3677 4724 inci-

260 4751 408 4807 lerat
440 4751 662 4807 scilicet
715 4751 1082 4824 Epiphanius
1108 4752 1178 4807 ad
1211 4755 1444 4824 portum
1477 4751 1781 4818 Hebdomi,
1817 4768 1916 4822 per

261 4839 458 4894 sinum
490 4840 852 4902 Ceratinum,
887 4838 1160 4910 indeque,
1181 4857 1314 4894 cum
1342 4841 1402 4895 in
1435 4841 1555 4896 aede
1585 4844 1640 4897 S.
1673 4841 1916 4897 Joannis

259 4927 537 5000 Baptistae
568 4933 820 4997 orasset,
857 4928 914 4981 in
963 4929 1168 4983 urbem
1227 4929 1551 4999 proximam
1597 4930 1771 5001 venit,
1799 4947 1915 4984 non

257 5018 512 5091 navigio,
565 5019 665 5074 sed
733 5017 941 5072 itinere
994 5019 1280 5073 terrestri.
1333 5018 1533 5090 Neque
1590 5023 1784 5074 tamen
1844 5020 1916 5074 ad

255 5105 450 5178 ipsum
467 5107 650 5164 maris
667 5107 1101 5163 sinusCeratini
1117 5106 1524 5178 littus,versus
1542 5108 1702 5164 illius
1720 5113 1916 5180 caput,

255 5206 479 5261 exstitit
535 5207 689 5262 aedes
740 5209 796 5260 S.
842 5205 1088 5260 Joannis
1140 5206 1437 5278 Baptistae,
1471 5207 1573 5262 sed
1621 5208 1679 5263 in
1730 5208 1915 5262 conii-

256 5295 443 5362 nenti,
479 5294 614 5350 licet
645 5295 832 5352 eidem
871 5296 1015 5351 forte
1069 5295 1281 5351 vicina.
1316 5297 1477 5363 Quod
1528 5296 1802 5369 colligere
1833 5301 1921 5353 est

258 5401 326 5438 ex
367 5385 571 5438 eodem
625 5384 924 5456 ProcOpio,
959 5384 1060 5438 lib.
1099 5403 1136 5455 ι,
1172 5402 1304 5456 cap.
1343 5386 1397 5451 8,
1431 5386 1531 5440 ubi
1581 5384 1681 5439 οὐκ
1730 5383 1917 5447 ἐπιθα-

266 5469 488 5525 λάσσιον
523 5472 582 5524 τὸ
611 5476 712 5526 τοῦ
743 5474 1045 5528 Βαπτιστοῦ
1089 5471 1141 5527 έν
1183 5478 1262 5544 τῷ
1291 5469 1544 5546 Ἑϐδόμῳ
1591 5471 1918 5545 καλουμένῳ

268 5561 610 5632 Martyrium
648 5563 828 5618 fuisse
861 5563 1076 5618 diserte
1132 5565 1234 5630 ait,
1269 5570 1472 5619 contra
1529 5582 1705 5635 quam
1767 5565 1920 5618 azdes

268 5652 324 5703 S.
363 5649 667 5704 Michaelis
694 5651 752 5703 in
785 5652 1026 5722 Anaplo,
1053 5669 1188 5724 qua:
1220 5652 1409 5707 eidem
1442 5654 1632 5724 quoad
1665 5657 1920 5708 structu-

271 5755 397 5794 ram
431 5737 645 5795 similis
677 5739 1188 5797 fuit.Hebdomum
1210 5757 1379 5814 porro
1411 5758 1525 5798 non
1558 5744 1629 5798 ad
1662 5743 1919 5814 Propon-

2025 4764 2324 4828 deramus,
2387 4761 2530 4816 dum
2587 4759 2687 4814 illa
2743 4759 2982 4831 prodiit,
3041 4775 3293 4831 quarum
3353 4757 3538 4815 altera
3593 4761 3684 4813 est

2025 4852 2080 4906 S.
2111 4849 2357 4906 Joannis
2392 4849 2665 4919 Baptistae
2697 4844 2750 4900 tv
2779 4849 2862 4918 τῷ
2893 4843 3176 4921 Δοφαδίῳ,
3211 4848 3380 4918 cujus
3411 4843 3683 4900 meminit

2026 4940 2214 4995 Codex
2241 4943 2537 4993 Caesareus
2586 4938 2739 5008 apud
2796 4937 3029 4992 Petrum
3076 4935 3479 5004 Lambecium,
3511 4933 3614 4990 lib.
3645 4950 3679 4987 v

2026 5030 2417 5085 Commentar.
2467 5026 2538 5081 de
2598 5025 2747 5081 Bibl.
2813 5027 3024 5082 Caesar.
3086 5042 3219 5098 pag.
3277 5026 3350 5079 79
3399 5023 3572 5080 εἘπὶ
3623 5018 3676 5074 δὲ

2027 5119 2250 5190 ἡμερῶν
2305 5118 2402 5168 τοῦ
2471 5113 2778 5188 ἁγιωτάτου
2841 5113 3184 5190 πατριάρχου
3248 5116 3673 5170 Κωνσταντινου-

2028 5203 2246 5267 πόλεως
2320 5202 2595 5258 Νικολάου
2677 5199 2775 5256 τοῦ
2855 5200 3244 5279 Κυρδυνιάτου,
3302 5206 3399 5256 τοῦ
3471 5201 3529 5256 ἐκ
3582 5205 3677 5268 τῆς

2029 5292 2326 5366 σεῡασμίας
2411 5299 2584 5364 μονῆς
2661 5295 2758 5345 τοῦ
2821 5292 3006 5365 τιμίου
3084 5289 3415 5367 Προδρόμου
3482 5294 3580 5345 τοῦ
3631 5287 3682 5343 ἐν

2031 5380 2617 5449 Κωνσταντινουπόλει,
2671 5378 3070 5457 έπιλεγομένης
3128 5387 3224 5436 τοῦ
3283 5377 3495 5457 Λοφάδ,
3545 5386 3682 5447 etc.,

2030 5475 2128 5545 qui
2169 5475 2407 5546 quidem
2439 5472 2712 5528 Nicolaus
2744 5473 3079 5544 patriarcha
3131 5490 3244 5528 non
3302 5471 3454 5527 alius
3485 5474 3576 5526 est
3604 5469 3677 5525 ab

2030 5581 2096 5620 eo
2125 5563 2221 5634 qui
2255 5562 2451 5618 Alexio
2481 5567 2800 5616 Commeno
2833 5561 3158 5633 imperante
3197 5561 3358 5626 vixit,
3395 5565 3460 5615 ut
3512 5560 3680 5615 doce-

2030 5669 2165 5707 mur
2197 5669 2265 5707 ex
2292 5651 2562 5720 Catalogo
2593 5650 2748 5706 Patr.
2785 5649 3286 5722 Constantinopol.
3313 5649 3605 5720 descripto
3622 5647 3681 5702 in

2029 5729 2169 5798 Ju're
2220 5741 2545 5797 Graecorum
2579 5758 2591 5795 :
2629 5736 2898 5800 Νικόλαος
2940 5739 3190 5813 μοναχὸς
3237 5739 3265 5792 ὁ
3295 5733 3680 5814 γραμματικὸς
