4130 6362
319 413 442 477 409

1703 410 1806 470 DE
1847 407 2229 469 HEBDOMO
2272 407 2390 469 ΟΡ.

3622 399 3744 460 410

327 550 355 605 ὁ
386 547 438 603 ἐν
471 541 737 624 Λοφαδίῳ
769 539 1185 618 θεοπρόϐλητος
1215 543 1502 619 ἀρχιερεὺς
1553 541 1640 598 ἐπὶ
1693 545 1790 597 τοῖ’)
1820 540 1980 596 αὐτοῦ

2097 541 2585 609 Tullium,eadem
2610 544 2792 598 ferme
2825 543 2896 598 de
2925 557 3104 598 causa
3133 541 3205 595 ab
3238 539 3310 595 iis
3332 536 3742 593 insimulatum

323 640 499 715 κυροῦ
528 633 810 705 Ἀλεξίου,
841 639 950 691 etc.
1011 635 1224 707 Aliam,
1276 652 1404 708 qua:
1453 633 1712 691 Danielis
1768 649 1980 690 nomen

324 726 607 802 pratulit,
638 726 823 781 isdem
852 729 908 780 S.
955 725 1253 782 Prodromi
1284 725 1356 781 ad
1386 725 1440 778 S.
1476 724 1730 780 Mecium
1763 739 1983 780 memo-

326 823 420 874 rat
454 816 703 888 scriptor
731 815 992 870 ineditus
1022 814 1164 869 Vitae
1193 820 1248 870 S.
1281 813 1558 870 Marciani
1608 812 1916 880 ceconomi,
1949 828 1982 868 ο.

337 923 459 978 quo
492 907 846 960 exstructam
887 902 1127 958 scribit:
1187 902 1256 956 Τὸ
1319 903 1412 974 μὲν
1474 900 1565 956 οὗν
1614 901 1757 976 ἱερὸν
1817 899 1982 954 αὐτοῦ

340 993 594 1066 λείψανον
626 996 704 1062 (Β.
741 991 972 1063 Isidori)
1002 992 1037 1059 ἡ
1070 994 1165 1065 ροῢ
1198 993 1503 1047 Βαπτιοτοῦ
1534 990 1784 1044 Ἰωάννου
1816 989 1980 1060 μονὴ,

338 1083 460 1152 ἥτις
490 1078 589 1156 ἄρα
617 1080 706 1136 καὶ
734 1084 833 1134 τοῦ
881 1079 1086 1150 Δανιὴλ
1131 1077 1369 1154 λέγεται,
1421 1077 1660 1155 δέχεται,
1701 1077 1854 1155 ἔγγὺς
1886 1077 1980 1150 μὲν

340 1173 485 1227 θείου
537 1173 667 1224 ναοῦ
713 1166 976 1242 λαμτιτροῐι⁹
1027 1169 1296 1246 μάρτυρος
1359 1168 1587 1227 Μωκίου
1643 1165 1981 1240 διακειμένη,

335 1254 490 1336 ἔργον
519 1258 608 1314 καὶ
667 1259 804 1327 αὖτή
862 1257 995 1313 οὖσα
1043 1261 1144 1324 τῆς
1195 1257 1398 1314 ἐκείνου
1445 1257 1658 1334 χειρὸς,
1695 1257 1730 1327 ἢ
1765 1254 1980 1330 μᾶλλον

329 1355 433 1418 τῆς
485 1347 835 1423 προθέσεως,
913 1345 1036 1402 ἔνθα
1090 1345 1156 1417 δὴ
1214 1349 1304 1402 καὶ
1364 1347 1439 1411 εἲς
1497 1345 1655 1423 δεῦρο
1710 1347 1980 1421 λαμπρῶς

328 1436 494 1492 αὐτοῦ
525 1437 615 1492 καὶ
647 1438 918 1514 φιλοθὲως
965 1440 1000 1506 ἡ
1064 1439 1258 1511 μνήμη
1315 1434 1573 1492 τελεῖται.
1637 1443 1828 1509 Atque
1861 1436 2007 1492 hmc'

328 1527 572 1598 quidem
633 1543 737 1598 per
792 1527 1058 1602 πάρεργον
1120 1527 1217 1583 hic
1257 1527 1704 1600 descripsimus,
1737 1529 1803 1582 ut
1834 1526 1982 1582 binae

329 1616 460 1673 ista!
489 1617 546 1671 S.
583 1616 964 1673 Prmcursoris
988 1617 1144 1672 mdes
1175 1616 1399 1673 cateris
1429 1635 1465 1673 a
1515 1616 1683 1672 nobis
1725 1631 1981 1672 comme-

328 1705 577 1762 moratis
606 1706 1116 1778 adjungantur.Ex
1143 1705 1441 1778 praedictis
1469 1705 1647 1776 igitur
1669 1705 1792 1762 haec
1817 1721 1982 1761 sum-

331 1794 541 1850 matim
581 1794 856 1867 colligere
909 1795 1090 1851 libeat
1143 1795 1430 1852 Hebdomi
1484 1811 1684 1852 vocem
1741 1793 1898 1851 varie
1951 1811 1985 1851 a

329 1883 720 1955 scriptoribus
751 1885 1084 1986 Byzantinis
1116 1885 1344 1941 efferri:
1379 1902 1481 1956 pro
1513 1884 1639 1941 loco
1669 1883 1894 1941 scilicet
1922 1883 1982 1986 in
2015 1917 2063 1982 B

333 1988 454 2044 quo
487 1973 652 2028 stetit
680 1974 970 2046 septimus
1002 1973 1172 2046 lapis,
1207 1975 1306 2030 ubi
1337 1975 1582 2040 aedificia
1639 1990 1891 2046 quorum
1944 1973 1986 2028 ii

335 2061 720 2118 meminerint
749 2066 987 2120 stetisse
1017 2062 1274 2131 nulla,ut
1302 2063 1575 2135 superius
1591 2062 1986 2134 dixi,prorsus

334 2155 604 2207 constat:
664 2151 876 2208 deinde
941 2169 1046 2224 pro
1103 2152 1410 2224 interjecto
1466 2152 1620 2208 inter
1665 2151 1983 2224 septimum

331 2240 517 2296 istum
552 2240 807 2313 lapidem
837 2246 894 2298 et
925 2243 1132 2299 urbem
1161 2241 1891 2314 Constantinopolitanam,
1923 2243 1982 2296 in

330 2346 453 2402 quo
482 2346 552 2386 ea
571 2332 770 2387 omnia
789 2348 917 2404 quae
939 2333 1013 2388 ab
1033 2332 1109 2388 iis
1125 2331 1187 2387 in
1210 2333 1510 2388 Hebdomo
1531 2348 1662 2388 esse
1683 2333 1984 2400 dicuntur,

326 2421 970 2492 exstitere,cujusmodi
993 2423 1155 2479 fuere
1167 2422 1768 2490 Tribunal,Palatium
1793 2421 1982 2477 eidem

327 2510 705 2580 adjunctum,
739 2527 805 2566 ac
835 2511 1088 2568 subinde
1110 2511 1268 2567 intra
1288 2512 1495 2566 urbem
1526 2511 1847 2579 inclusum,
1881 2513 1982 2568 sed

328 2601 389 2654 et
417 2599 574 2654 aedes
597 2603 654 2654 S.
685 2599 931 2656 Joannis
964 2600 1238 2672 Baptistae
1269 2604 1326 2656 et
1370 2601 1616 2658 Joannis
1663 2601 1984 2673 evangelis-

327 2691 427 2756 ιω,
460 2703 593 2759 qua
617 2687 855 2760 quidem
882 2689 1128 2745 mdiﬂcia
1157 2690 1357 2746 omnia
1386 2689 1668 2747 Hebdomi
1722 2690 1983 2762 appella-

331 2777 494 2832 tione
525 2778 860 2850 promiscue
889 2780 1185 2835 donantur
1221 2798 1254 2836 a
1306 2779 1713 2851 scriptoribus.
1775 2779 1981 2836 Utrum

339 2881 474 2922 vero
499 2866 641 2923 satis
671 2883 964 2939 superque
1019 2867 1136 2925 ista
1183 2868 1644 2940 probaverimus,
1687 2869 1983 2940 judicium

347 2953 531 3009 ferent
557 2956 771 3012 eruditi
802 2956 1069 3014 lectores.

419 3079 587 3134 XXII.
646 3081 932 3137 (laterum
987 3081 1206 3153 gratias
1255 3099 1360 3154 per
1411 3099 1504 3138 me
1553 3083 1685 3139 licet
1730 3085 1986 3141 referant

336 3185 515 3240 quam
548 3169 834 3227 maximas
861 3171 984 3226 viro
1015 3171 1354 3227 doctissimo
1398 3175 1680 3244 quotquot
1709 3177 1849 3229 sunt
1895 3173 1986 3229 lit-

328 3257 526 3354 terati,
586 3260 736 3332 quod
792 3263 1015 3333 primus
1060 3261 1362 3331 diligenter
1414 3263 1741 3354 explicuerit
1812 3265 1983 3319 situm
2013 3285 2057 3354 ρ

327 3347 611 3404 chdomi
637 3365 766 3406 cum
796 3358 1027 3422 quatuor
1073 3353 1190 3407 suis
1234 3351 1509 3422 partibus,
1569 3352 1795 3429 Campo,
1850 3357 1981 3411 Tri-

330 3437 550 3505 bunali,
583 3440 705 3495 sede
732 3439 788 3496 S.
837 3441 1065 3496 Joannis
1105 3442 1390 3514 Baptistae,
1438 3446 1494 3497 et
1525 3445 1745 3499 Palatio
1777 3443 1982 3500 Secun-

327 3526 656 3596 dianarum,
708 3528 916 3602 Gyllio,
967 3531 1278 3603 nobisque,
1329 3531 1377 3587 si
1429 3531 1541 3586 diis
1581 3531 1790 3603 placet,
1825 3534 1984 3590 inco-

328 3615 514 3686 gnitis
539 3633 553 3672 :
587 3618 756 3690 quasi
788 3635 905 3674 non
938 3619 1053 3675 alia
1082 3623 1139 3675 et
1167 3619 1335 3690 longe
1365 3619 1536 3692 plura
1566 3621 1896 3678 exstiterint
1923 3623 1983 3678 in

327 3705 635 3763 Hebdomo
682 3707 947 3776 aediﬁcia,
996 3709 1330 3781 cujusmodi
1383 3715 1522 3765 sunt
1563 3712 1636 3766 de
1681 3711 1982 3783 quibusin

329 3811 594 3866 praesens
623 3796 875 3868 agimus,
909 3814 1037 3868 quas
1067 3801 1260 3870 partes
1293 3800 1437 3854 istas
1469 3799 1862 3872 multiplicare
1892 3802 1986 3857 de-

329 3883 589 3952 buerint,
640 3884 934 3956 siquidem
983 3885 1068 3942 ita
1123 3886 1403 3959 appellari
1461 3888 1734 3944 debeant.
1764 3889 1981 3946 Verum

332 3989 470 4028 cum
503 3974 658 4030 bona
708 3974 868 4032 illius
913 3976 1083 4031 venia
1121 3976 1314 4032 dicere
1341 3976 1536 4046 liceat,
1568 3977 1717 4034 nihil
1747 3996 1782 4034 a
1811 3979 1983 4035 nobis

331 4061 394 4117 in
425 4077 494 4118 ea
519 4080 696 4134 quam
730 4065 787 4119 in
819 4065 878 4119 id
911 4070 1327 4138 argumentum
1360 4067 1659 4123 contexuit
1701 4067 1984 4126 Disserta-

330 4151 491 4208 tione
521 4153 973 4226 deprehensum,
1006 4155 1160 4226 quod
1193 4171 1310 4210 non
1339 4154 1551 4211 viderit
1577 4155 1822 4229 Gyllius,
1854 4157 1983 4213 nul-

328 4240 540 4313 losque
561 4245 632 4299 ab
654 4260 720 4300 eo
742 4243 1068 4316 descriptos
1090 4247 1396 4301 auctorum
1423 4243 1582 4301 locos
1605 4261 1756 4317 quos
1777 4247 1888 4318 ipsi
1920 4248 1980 4302 in

324 4333 812 4403 Constantinopoli
876 4333 1202 4390 Christiana
1259 4350 1375 4390 non
1441 4334 1929 4407 descripserimus
1961 4379 1977 4406 ,

326 4423 539 4493 praeter
566 4421 818 4478 triviales
847 4423 993 4479 forte
1022 4422 1245 4495 aliqdot
1273 4439 1303 4479 e
1333 4421 1594 4480 Miscella
1624 4424 1981 4497 petitos,non

325 4509 601 4567 consulto
648 4511 738 4566 vel
769 4511 917 4568 lecto
945 4513 1320 4586 TheOphans,
1381 4514 1553 4584 cujus
1583 4513 1744 4571 illius
1775 4519 1982 4572 auctor

323 4600 711 4672 interpretem
743 4601 880 4673 egit.
917 4604 1052 4668 Quae
1084 4603 1320 4674 quidem
1358 4620 1474 4658 non
1504 4620 1571 4659 eo
1603 4603 1733 4660 dico
1757 4604 1975 4676 animo,

324 4689 501 4762 quasi
531 4689 723 4746 aliena
752 4690 1062 4764 expilasse,
1091 4693 1180 4748 vel
1213 4693 1368 4765 quod
1398 4692 1472 4748 ab
1509 4692 1641 4749 aliis
1673 4694 1980 4752 observata

323 4797 444 4836 non
478 4797 652 4854 posse
707 4798 944 4838 rursum
1002 4783 1351 4856 scriptorem
1411 4785 1740 4853 observare,
1802 4786 1977 4843 velim

323 4872 719 4928 contendere:
751 4888 885 4928 cum
916 4875 1303 4946 praeterquam
1353 4890 1486 4929 cum
1527 4872 1738 4930 iisdem
1773 4892 1979 4933 omnes

325 4958 556 5016 utimur
579 4960 773 5031 libris,
803 4978 931 5034 quas
963 4961 1145 5019 semel
1175 4962 1233 5018 in
1253 4961 1553 5036 publicam
1583 4963 1776 5021 lucem
1806 4965 1978 5022 emit-

318 5052 552 5118 tuntur,
577 5051 734 5122 juris
765 5052 909 5107 fiant
937 5050 1180 5123 publici.
1213 5057 1404 5125 Neque
1426 5053 1583 5109 enim
1615 5069 1684 5109 ex
1713 5044 1786 5110 iis
1817 5070 1973 5124 sum,

320 5137 428 5210 qui
459 5139 510 5196 si
538 5139 864 5212 quidpiam,
898 5144 1000 5196 aut
1029 5142 1185 5214 quod
1217 5141 1524 5214 scripsere,
1574 5147 1677 5199 aut
1732 5143 1791 5199 in
1850 5144 1975 5200 suis

318 5232 498 5284 antea
529 5229 767 5286 omissis
799 5229 1309 5288 lucubrationibus
1339 5231 1428 5287 vel
1467 5232 1672 5289 leviter
1709 5233 1972 5305 attigero,

315 5316 444 5386 alii,
478 5317 536 5372 id
562 5317 828 5391 exigente
861 5320 1015 5392 quod
1068 5322 1546 5392 pertractandum
1583 5327 1976 5394 susceperunt

314 5407 917 5480 argumento,pariter
946 5408 1426 5479 attingant,illico
1456 5411 1654 5467 nescio
1684 5427 1802 5483 qua
1831 5411 1976 5484 lym-

317 5495 439 5568 pha
471 5498 746 5569 correpti,
776 5499 936 5570 quasi
965 5500 1025 5555 in
1049 5500 1272 5571 publici
1299 5502 1494 5556 sevarii
1537 5503 1714 5571 fures,
1765 5506 1832 5557 ut
1885 5509 1974 5560 est

315 5585 475 5656 apud
537 5585 979 5662 Hieronymum,
1051 5588 1390 5662 insurgunt,
1467 5591 1970 5662 quemadmodum

316 5675 566 5730 Luscius
599 5675 698 5732 ille
733 5676 1041 5733 Luscinius
1075 5677 1132 5732 in
1185 5678 1516 5735 Terentium
1552 5681 1970 5740 comoediarum

315 5763 705 5838 scriptorem:
738 5765 828 5822 vel
884 5767 1312 5837 repetundarum
1351 5778 1632 5837 accusant,
1691 5775 1756 5828 ut
1785 5774 1966 5830 Grisci

2093 631 2237 687 adeo
2268 636 2334 686 ut
2362 647 2432 686 ne
2465 631 2623 689 locos
2652 631 2891 703 quidem
2924 634 3231 687 auctorum
3265 626 3445 684 semel
3477 642 3593 682 sse
3614 625 3739 681 lau-

2092 721 2262 776 datos
2297 721 2369 776 ab
2401 720 2531 776 aliis
2565 737 2802 776 rursum
2857 721 3085 777 laudari
3136 718 3458 791 patiantur,
3492 716 3645 786 jure,
3676 717 3740 769 ut

2093 811 2261 865 aiunt
2292 811 2533 882 practici
2565 811 2775 880 nostri,
2810 806 3421 882 prmventionisﬂuasi
3453 821 3586 861 vero
3619 804 3742 875 phi-

2091 898 2266 971 lologi
2302 900 2565 971 partibus
2613 900 2770 973 fungi
2823 900 3006 956 cuivis
3061 916 3174 954 non
3208 898 3398 963 liceat,
3440 895 3540 966 qui
3574 893 3645 958 si,
3678 897 3742 946 ut

2092 989 2282 1044 verbis
2343 994 2474 1044 utar
2528 976 2869 1054 Plutarchip
2900 986 2950 1042 ἐν
3000 984 3282 1060 ἀλλοτρίῳ
3325 985 3499 1060 χώρῳ
3554 981 3742 1037 multo

2095 1077 2304 1150 magis,
2339 1079 2398 1133 in
2431 1095 2497 1133 eo
2529 1078 2628 1150 qui
2661 1079 2937 1135 omnibus
2981 1082 3161 1150 patet,
3217 1075 3604 1145 omniumque
3650 1075 3744 1128 est

2095 1166 2543 1240 disciplinarum
2597 1183 2823 1240 campo,
2883 1164 3024 1220 πόδα
3077 1164 3340 1232 τίθεσθαι,
3404 1162 3565 1218 nullo
3604 1162 3743 1232 jure

2095 1256 2612 1329 probibetur.Quin
2644 1257 2820 1313 etiam
2852 1274 2968 1312 non
2990 1258 3206 1312 desunt
3232 1253 3329 1327 qui
3362 1253 3432 1308 ab
3464 1267 3532 1306 ea
3561 1266 3738 1322 quam

2093 1344 2152 1399 in
2186 1345 2268 1402 rei
2299 1346 2617 1412 litterariae,
2677 1351 2743 1402 ut
2794 1346 2919 1402 ﬁeri
2967 1345 3134 1412 solet,
3181 1343 3377 1400 dubiis
3410 1357 3476 1398 ac
3507 1343 3737 1395 contro-

2094 1435 2277 1491 versis
2308 1436 2599 1508 protulere
2631 1436 2941 1506 sententia,
2974 1435 3177 1491 decedi
3209 1432 3506 1507 piaculum
3539 1427 3734 1486 existi-

2095 1515 2283 1593 mant,
2339 1542 2472 1582 cum
2532 1527 2589 1580 in
2640 1542 2842 1582 eorum
2892 1526 3065 1582 verba
3103 1525 3408 1596 juraturos
3450 1519 3739 1592 quotquot

2092 1612 2396 1684 scriptioni
2426 1613 2701 1685 deinceps
2733 1612 3023 1669 calamum
3057 1608 3488 1684 apponent,sibi
3519 1607 3579 1662 in
3613 1603 3737 1662 ani-

2094 1717 2257 1756 mum
2287 1703 2664 1772 inducant,ac
2696 1707 2993 1760 suammet
3022 1703 3081 1757 in
3111 1701 3321 1757 iisdem
3340 1699 3738 1768 conjecturam
3840 1693 3846 1698 ’

2093 1790 2181 1846 vel
2212 1791 2549 1864 opinionem
2580 1791 2958 1866 expromendi
2989 1789 3324 1846 facultatem
3356 1801 3590 1843 omnem
3622 1782 3742 1840 sint

2095 1880 2424 1953 adempturi
2453 1897 2465 1934 :
2496 1880 2665 1952 quasi
2695 1880 2947 1954 denique
2977 1880 3090 1951 ipsi
3121 1895 3314 1934 errare
3331 1894 3392 1933 se
3422 1892 3538 1932 non
3568 1889 3740 1946 posse

2094 1974 2323 2042 putent,
2357 1969 2493 2026 licet
2523 1970 2581 2024 id
2609 1987 2798 2041 neque
2829 1970 3104 2041 cuiquam
3125 1983 3386 2040 unquam
3410 1962 3740 2035 contigerit,

2096 2063 2153 2114 et
2183 2059 2377 2130 majus
2409 2059 2484 2115 sit
2517 2076 2693 2131 quam
2726 2064 2791 2114 ut
2815 2058 3123 2115 convenire
3153 2057 3209 2112 in
3238 2057 3560 2112 humanam
3619 2053 3741 2108 fra-

2093 2147 2381 2219 gilitatem
2411 2152 2606 2220 queat.

2164 2255 2360 2311 XXIII.
2397 2257 2584 2328 Longe
2613 2273 2749 2312 vero
2779 2255 2977 2312 sanior
3003 2255 3159 2328 viget
3188 2253 3343 2326 apud
3387 2249 3561 2323 paulo
3591 2246 3738 2320 poli-

2093 2343 2270 2417 tiores
2300 2345 2454 2402 inter
2493 2346 2756 2402 eruditos
2805 2345 3098 2408 scribendi
3149 2343 3318 2410 ratio,
3358 2340 3548 2414 quiin
3581 2338 3740 2393 litte-

2093 2434 2264 2492 rariis
2295 2436 2725 2505 controversiis,
2780 2437 2830 2491 si
2889 2435 3204 2492 dissentire
3256 2430 3577 2502 contingat,
3623 2444 3740 2483 non

2093 2524 2221 2580 dico
2248 2525 2376 2581 sine
2405 2525 2762 2583 contumelia
2794 2527 2948 2597 (cum
2983 2525 3040 2580 id
3071 2540 3273 2580 eorum
3305 2522 3382 2577 sit
3429 2520 3736 2583 duntaxat,

2095 2631 2240 2685 quos
2271 2612 2895 2691 ἀγροικοσόφουςνοοθι
2929 2615 3086 2671 Philo
3132 2613 3323 2683 (libro,
3376 2606 3505 2684 Περὶ
3551 2606 3736 2662 ἀποικ.

2093 2708 2150 2758 et
2195 2704 2346 2761 libro
2371 2703 2502 2779 Περί
2549 2700 2771 2779 Mea,
2805 2705 2924 2776 (qui
2973 2703 3196 2760 scilicet
3220 2700 3425 2770 Musis,
3457 2715 3574 2754 non
3605 2711 3739 2752 vero

2093 2791 2271 2848 simul
2301 2799 2358 2850 et
2384 2797 2502 2857 ταῖς
2531 2793 2748 2869 χάρισιν
2781 2789 2993 2861 ἔθυσαν,
3026 2791 3113 2848 vel
3145 2791 3242 2863 qui
3273 2789 3372 2857 τὴν
3409 2781 3738 2864 ’Δφροδίτην

2092 2885 2209 2943 ταῖς
2241 2881 2480 2944 Μούσαις
2511 2883 2576 2937 οὐ
2609 2879 2953 2952 συνέπλεξαν,
2986 2887 3052 2938 ut
3082 2881 3344 2953 loquitur
3371 2875 3738 2934 Themistius

2093 2976 2239 3027 orat.
2264 2973 2354 3041 24,
2402 2990 2460 3045 p.
2509 2974 2637 3040 303,
2693 2973 2778 3029 ed.
2823 2972 3002 3044 Reg.),
3050 2971 3151 3027 sed
3201 2987 3262 3026 es
3311 2967 3642 3024 urbanitate
3673 2981 3739 3020 ac

2094 3061 2493 3118 moderatione
2522 3066 2770 3126 servata,
2803 3062 2904 3117 sed
2938 3077 3044 3116 nec
3075 3060 3201 3115 sine
3226 3057 3411 3130 elogio
3443 3054 3738 3127 aliquo,id

2094 3165 2328 3222 semper
2357 3156 2662 3225 peragant,
2696 3156 2760 3206 ut
2810 3150 3188 3207 imminutam
3218 3165 3252 3204 a
3282 3164 3346 3203 se
3389 3143 3737 3217 dignitatem

2096 3256 2268 3296 nemo
2318 3241 2596 3312 conqueri
2641 3239 2863 3313 possit:
2915 3239 3070 3311 quod
3119 3237 3390 3293 omittere
3419 3233 3609 3291 solent
3637 3232 3740 3304 qui

2097 3331 2292 3388 nescio
2349 3348 2500 3402 qua,
2550 3335 2616 3386 ut
2670 3329 2956 3396 diximus,
3014 3329 3217 3400 inepta
3264 3321 3572 3394 κακοζηλίᾳ
3629 3321 3739 3379 soli

2093 3437 2301 3493 sapere
2371 3420 2550 3476 videri
2633 3419 2839 3476 volunt
2916 3417 3185 3490 (Stobaeus
3243 3432 3300 3487 p.
3370 3416 3462 3484 37)
3497 3455 3510 3468 .
3583 3414 3739 3466 Μισῶ

2093 3509 2354 3584 σοφιστὴν
2389 3507 2538 3570 ὅστις
2575 3507 2675 3562 οὐκ.
2711 3507 2859 3578 αὐτῷ
2906 3504 3090 3584 σοφός.
3139 3508 3205 3562 Si
3249 3503 3500 3578 placeat,
3549 3501 3742 3557 aiebat

2093 3598 2234 3665 olim
2257 3604 2497 3656 sanctus
2519 3598 2884 3670 Augustinus
2897 3597 3368 3672 scribensvcontra
3389 3591 3738 3648 Petilianum

2091 3689 2216 3761 (lib.
2251 3690 2338 3755 11),
2365 3697 2414 3744 et
2441 3691 2591 3760 vobis
2616 3705 2717 3760 pro
2773 3688 3087 3744 maledictis
3143 3684 3439 3758 maledicta
3479 3696 3740 3752 reponere

2089 3794 2396 3850 possumus,
2454 3782 2506 3835 et
2533 3793 2630 3833 nos
2659 3778 2863 3834 diserte
2916 3779 3056 3848 forte
3096 3774 3400 3832 conviciari
3425 3785 3736 3844 possumus,

2091 3876 2146 3923 et
2165 3884 2264 3924 nos
2293 3868 2482 3924 dicere
2517 3868 2914 3939 crepitantibus
2943 3867 3185 3936 ﬂammis
3221 3882 3234 3919 :
3266 3863 3358 3919 sed
3394 3861 3552 3916 nulla
3582 3858 3738 3915 modo

2089 3957 2233 4014 mihi
2259 3965 2419 4014 sonat
2445 3957 2662 4024 diserte,
2695 3955 2836 4027 quod
2863 3955 3066 4011 dicitur
3094 3953 3400 4025 inepte..Et
3431 3949 3738 4006 Bessarion

2091 4047 2410 4104 cardinalis
2435 4049 2497 4102 in
2531 4046 2788 4118 Epistola
2808 4045 3026 4102 inedita
3054 4045 3126 4100 ad
3159 4041 3500 4118 Michaelem
3525 4044 3739 4111 Byzan-

2089 4138 2260 4205 tium,
2338 4136 2499 4192 illius
2567 4135 2954 4192 eruditionem
3025 4133 3088 4189 in
3147 4133 3221 4187 iis
3275 4148 3398 4201 quin
3459 4131 3738 4184 adversus

2089 4226 2460 4298 Theodorum
2507 4225 2720 4282 Gazam
2783 4223 3120 4296 scripserat,
3175 4221 3413 4277 laudare
3472 4217 3733 4290 quidem,

2091 4334 2208 4373 non
2241 4333 2372 4385 vero
2402 4315 2492 4368 τὸν
2520 4316 2618 4383 τῆς
2653 4311 2976 4388 συνηγορίας
3005 4311 3204 4386 τρόπον
3240 4310 3486 4384 probare
3520 4319 3582 4363 se
3612 4307 3729 4380 ait:

2087 4403 2165 4462 Οὐ
2194 4405 2317 4480 γὰρ,
2351 4405 2553 4461 subdit
2581 4403 2700 4469 ille,
2750 4398 3054 4475 λοιδορίαις
3102 4403 3201 4454 τοῦ
3251 4394 3547 4465 ἀντιδίκου,
3605 4391 3733 4450 ἀλλ’

2086 4491 2415 4567 ἀποδείξεσι,
2444 4491 2535 4548 καὶ
2567 4491 2816 4568 λογικαῖς
2868 4489 3118 4567 ἀνάγκαις
3170 4493 3250 4561 τῷ
3305 4509 3362 4542 τε
3411 4485 3556 4565 φίλῳ
3613 4505 3734 4539 συν-

2089 4585 2421 4660 ηγορητέον,
2468 4582 2560 4637 τόν
2608 4602 2667 4637 τε
2713 4580 2909 4658 ἐχθρὸν
2952 4577 3235 4653 ἀμυντέον.
3265 4579 3326 4636 Si
3357 4578 3592 4651 quando
3623 4574 3733 4648 igi—

2087 4680 2184 4731 tur
2213 4676 2286 4731 ab
2319 4673 2664 4746 quorumvis
2694 4672 3072 4744 scriptorum,
3117 4670 3332 4726 nedum
3384 4667 3733 4730 amicorum,

2087 4765 2379 4823 sententia
2403 4763 2785 4830 discedimus,
2821 4763 2899 4819 ila
2927 4762 3141 4818 versari
3166 4760 3543 4825 debeluus,ut
3573 4773 3732 4812 asse-

2088 4857 2334 4929 quendaa
2366 4855 2650 4910 duntaxat
2680 4852 2939 4908 veritatis
2985 4868 3164 4906 causa
3219 4849 3277 4905 id
3337 4850 3458 4918 ﬁat,
3516 4845 3732 4912 allatis,

2087 4945 2305 5017 quibus
2337 4950 2539 5000 nostra
2584 4943 2802 4999 ﬁrmari
2839 4939 3046 5013 possit,
3103 4937 3191 4994 vel
3221 4935 3610 5010 argumentis,
3644 4933 3732 4990 vel

2086 5037 2440 5109 scriptorum
2473 5034 2941 5102 auctoritatibus,
2975 5049 3110 5088 cum
3132 5031 3190 5086 in
3224 5045 3428 5086 eorum
3451 5026 3646 5095 verba,
3671 5025 3731 5080 in

2085 5143 2149 5182 re
2209 5125 2460 5182 maxime
2507 5123 2809 5191 litteraria,
2854 5124 3052 5192 jurare
3101 5119 3346 5176 minime
3411 5121 3514 5172 aut
3561 5117 3732 5188 cogat

2085 5216 2304 5289 quasvis
2335 5214 2726 5282 necessitudo,
2760 5212 2846 5269 vel
2879 5217 3045 5284 parta
3086 5210 3259 5267 etiam
3310 5206 3587 5264 doctrina:
3618 5204 3732 5260 exi-

2085 5306 2370 5363 stimatio.
2428 5305 2579 5360 Tum
2638 5319 2770 5359 vero
2829 5305 2949 5357 sine
3006 5305 3192 5358 nostro
3242 5299 3478 5354 invicem
3523 5295 3730 5364 dolore,

2083 5397 2239 5469 quod
2273 5395 2466 5451 aiebat
2494 5397 2735 5450 sanctus
2760 5393 3151 5464 Hieronymus
3179 5389 3444 5446 scribens
3492 5386 3560 5442 ad
3593 5401 3728 5440 san-

2083 5492 2243 5543 ctum
2275 5483 2695 5556 Augustinum,
2728 5480 2920 5537 ludere
2948 5480 3139 5536 liceat.

2081 5629 2248 5685 Multa
2271 5629 2411 5700 jocis
2428 5627 2678 5700 pateant,
2713 5624 2877 5680 liceat
2904 5638 3118 5700 quoque
3147 5621 3331 5700 ludere
3359 5622 3525 5700 ﬁctis.

2080 5701 2182 5758 Sed
2213 5694 2406 5772 lingua
2428 5694 2712 5772 mulcente
2740 5694 2966 5772 gravem
2993 5694 3313 5772 interlidere
3339 5694 3579 5758 dentem,

2079 5766 2608 5831 Ludere'blanditiis
2629 5768 2933 5839 urentibus,
2966 5777 3017 5824 et
3044 5768 3193 5824 male
3219 5766 3402 5822 dulces
