4130 6362
349 489 463 552 Ill

354 625 706 698 [fermentare
725 627 878 698 joeos
901 634 1082 698 satyro
1112 626 1381 683 mordacis
1412 633 1585 694 aceto,

355 695 510 766 Saepe
535 695 832 768 poetarum
863 695 1150 770 nunquam
1181 699 1329 754 decet
1357 715 1470 756 esse
1496 704 1815 772 parentum.

353 805 504 871 Quin
537 805 756 878 potius,

354 911 413 986 Si
441 928 608 983 pravo
635 922 864 982 rectum,
896 915 948 968 si
977 913 1237 984 religiosa
1264 916 1540 986 profanis,

357 985 603 1056 Luxurie
629 1001 886 1055 parcum,
921 989 1072 1056 turpi
1103 985 1688 1053 mutaturhonestum,

354 1055 572 1125 Segnis,
607 1059 776 1123 iners,
809 1055 1043 1111 obcurus
1073 1074 1191 1127 ago.
1229 1061 1488 1114 miserere
1516 1059 1718 1114 sodalis

351 1129 415 1201 In
442 1129 587 1182 malo
614 1130 862 1199 perversi
884 1147 902 1182 :
931 1129 1193 1184 blandum
1223 1131 1347 1186 licet
1376 1134 1464 1185 ira
1491 1135 1777 1201 parentem

349 1200 580 1264 Excitet,
612 1203 673 1254 ut
704 1201 931 1268 lapsum
966 1204 1127 1256 rectis
1160 1204 1432 1257 instauret
1458 1200 1702 1257 amicum

350 1270 608 1341 Moribus,
641 1281 691 1326 et
719 1275 938 1328 monitu
967 1278 1190 1345 reparet
1218 1275 1450 1329 meliora
1477 1290 1686 1329 severo.

1186 1355 1269 1426 (S.
1306 1354 1537 1423 Paulin,
1573 1369 1762 1426 poem.
1795 1354 1918 1420 xu.)

349 1466 458 1522 Sed
485 1471 692 1538 praeter
713 1467 922 1524 allatas
943 1469 1233 1538 ejusmodi
1266 1473 1350 1524 tot
1374 1485 1721 1542 magnorum
1743 1469 1998 1522 virorum

350 1555 460 1612 hac
490 1555 560 1611 de
599 1574 660 1612 re
702 1559 1044 1627 sententias,
1095 1576 1167 1614 an
1219 1576 1334 1614 non
1385 1558 1553 1614 liceat
1601 1557 1775 1613 aliam
1806 1571 2003 1612 recen-

351 1643 540 1716 tioris,
575 1651 750 1718 atque
783 1647 925 1704 adeo
956 1647 1274 1720 singularis
1297 1647 1648 1704 eruditionis
1671 1644 1999 1718 scriptoris,

348 1733 443 1789 hic
475 1738 654 1791 etiam
714 1737 1080 1809 appingere?
1138 1742 1192 1792 Is
1249 1742 1338 1793 est
1395 1737 1681 1794 Henricus
1725 1735 1996 1792 Valesius

349 1823 627 1880 Hadriani
660 1825 860 1891 frater,
891 1825 992 1898 qui
1024 1827 1095 1882 ad
1127 1830 1412 1899 Excerpta
1463 1826 1680 1899 Polybii
1732 1826 1815 1882 sic
1861 1840 2001 1898 pra-

347 1912 540 1967 fatur:
579 1935 608 1963 «
643 1917 825 1986 Atque
855 1914 975 1969 haec
1018 1916 1090 1971 de
1135 1916 1404 1972 versione
1453 1915 1781 1972 Casanboni
1829 1913 1998 1986 quasi

347 2017 452 2072 per
480 2018 784 2058 excessum
843 2003 998 2060 dicta
1045 2005 1182 2070 sint,
1237 2022 1352 2061 non
1384 2003 1752 2061 obtrectandi
1807 2002 2002 2059 studio
2031 2009 2080 2074 Β

347 2089 429 2162 (id
462 2092 617 2146 enim
651 2091 909 2148 alienum
942 2098 1032 2149 est
1062 2111 1095 2149 a
1126 2094 1314 2165 nobis)
1347 2095 1448 2150 sed
1484 2099 1549 2150 ut
1578 2094 1627 2150 si
1677 2094 1825 2150 forte
1854 2092 1994 2162 quid

343 2195 378 2234 a
410 2196 504 2235 me
553 2186 854 2252 peccatum
900 2183 962 2237 in
1015 2183 1280 2240 versione
1329 2199 1458 2239 mea
1500 2182 1992 2254 deprehendetur,

343 2267 576 2324 facilius
618 2269 799 2325 lector
853 2271 1158 2343 ignoscat:
1210 2272 1421 2328 deinde
1449 2289 1581 2327 vero
1615 2275 1680 2326 ut
1709 2269 1994 2326 abstersis

345 2355 439 2411 his
471 2358 649 2413 navis
683 2357 941 2431 aliquam
973 2363 1223 2432 gratiam
1265 2378 1299 2416 a
1351 2361 1636 2417 studiosis
1682 2360 1988 2414 iniremus.

342 2444 611 2502 Hominis
641 2449 798 2503 enim
830 2448 1068 2521 ingenui
1099 2467 1228 2506 esse
1251 2450 1597 2516 arbitror,ut
1618 2449 1699 2504 ait
1722 2447 1991 2519 Polybius

343 2541 562 2606 noster,
597 2553 710 2592 non
744 2555 810 2593 ex
841 2538 1049 2594 alienis
1079 2541 1284 2595 erratis
1313 2539 1560 2612 gloriam
1601 2543 1854 2610 captare,
1887 2537 1987 2592 sed

343 2641 476 2680 cum
511 2627 750 2695 nostris,
783 2632 907 2682 tum
942 2629 1119 2684 etiam
1152 2629 1359 2684 alienis
1393 2627 1650 2701 scriptis,
1699 2630 1988 2698 quantum

340 2713 401 2768 in
435 2714 606 2771 nobis
635 2720 953 2784 est,curam
987 2723 1158 2788 atque
1184 2719 1654 2774 emendationem
1686 2715 1986 2772 adhibere.

339 2801 521 2874 Cujus
543 2804 780 2874 quidem
805 2806 1059 2863 instituti
1078 2807 1262 2863 nostri
1280 2807 1497 2880 ubique
1517 2807 1689 2863 velim
1711 2806 1986 2862 lectorem

341 2893 707 2963 meminisse,
740 2896 788 2951 si
833 2901 1068 2968 quando
1110 2898 1169 2952 in
1201 2897 1365 2952 Notis
1397 2915 1432 2952 a
1461 2897 1764 2952 doctorum
1796 2894 1985 2951 homi-

341 2995 484 3036 num
515 2983 790 3055 opinione
819 2985 1221 3041 dissentimus.
1261 2987 1534 3058 ldemque
1563 2986 1687 3057 ipse
1712 3002 1746 3041 a
1765 2983 1991 3041 caeteris

249 3067 257 3072 ”
343 3071 600 3142 postulo,
661 3078 728 3128 ut
774 3074 984 3139 sicubi,
1031 3076 1187 3146 quod
1239 3075 1489 3130 nimium
1535 3091 1688 3147 saepe
1719 3074 1990 3130 fortassis

342 3157 577 3226 accidit,
626 3178 661 3216 a
715 3162 954 3219 veritate
1028 3164 1439 3234 aberraverim,
1480 3164 1769 3236 corrigere
1812 3166 1990 3234 atque

341 3249 656 3306 emendare
687 3267 760 3308 ne
789 3252 1094 3309 dubitent:
1124 3253 1235 3308 hoc
1275 3253 1432 3308 enim
1475 3252 1794 3308 dummodo
1839 3251 1989 3306 bono

343 3353 504 3394 more
529 3343 586 3394 et
615 3340 762 3396 citra
792 3341 1118 3397 convicium
1147 3342 1272 3408 ﬂat,
1327 3343 1526 3415 gratiaa
1557 3345 1734 3414 atque
1781 3338 1988 3396 honori

339 3425 679 3484 habendum
713 3435 874 3501 puto.
907 3452 935 3482 »
971 3430 1171 3502 Neque
1201 3431 1528 3487 omittenda
1557 3431 1732 3486 verba
1761 3428 1984 3501 Polyhii

339 3516 434 3572 hic
465 3519 954 3586 laudata,caateris
985 3537 1017 3575 a
1046 3521 1219 3577 nobis
1248 3521 1559 3592 descriptis
1579 3519 1986 3591 adjungenda:

339 3604 468 3676 Περὶ
502 3602 560 3660 δὶ
584 3610 691 3660 τῶν
721 3605 903 3661 τόπων
939 3606 1160 3683 ἀγνοίας
1187 3611 1295 3662 τῶν
1327 3607 1463 3662 κατὰ
1489 3607 1588 3676 τὴν
1641 3606 1984 3677 Λακωνικὴν,

342 3691 432 3748 διὰ
487 3695 550 3748 τὸ
629 3696 876 3770 μεγάΛην
957 3697 1090 3751 εἶναι
1153 3696 1528 3773 παράπτωσιν,
1602 3695 1701 3752 οὐκ
1770 3694 1987 3766 ὤκνησα

339 3781 539 3857 γράψαι
591 3785 726 3858 πρὸς
773 3783 932 3840 αὐτὸν
985 3789 1228 3857 Ζήνωνα,
1276 3785 1497 3862 κρίνων,
1543 3783 1710 3840 καλὸν
1746 3786 1873 3839 εἶναι
1923 3784 1986 3838 τὸ

343 3870 421 3943 μή
496 3871 592 3934 τὰς
663 3877 772 3928 τῶν
843 3873 1016 3937 πέλας
1089 3873 1352 3951 ἁμαρτίας
1425 3871 1539 3929 ἴδια
1593 3876 1987 3949 προτερήματα

339 3961 602 4034 νομίζειν,
656 3962 895 4042 καθάπερ
953 3962 1086 4019 ἔνιοι
1143 3970 1318 4020 ποιεῖν
1367 3964 1656 4033 εἰώθασιν,
1711 3962 1857 4019 ἀλλὰ
1909 3964 1984 4037 μὴ

345 4050 510 4123 μόνον
540 4055 650 4107 τῶν
703 4049 854 4109 ἰδίων
903 4055 1332 4128 ὑπομνημάτων.
1381 4052 1527 4109 ἀλλά
1555 4055 1644 4108 καὶ
1673 4058 1780 4109 τῶν
1815 4049 1988 4107 ἀλλο-

338 4139 529 4216 τρίων,
584 4141 814 4198 καθόσον
866 4144 972 4200 οἷοί
1028 4146 1087 4200 τὲ
1139 4144 1340 4219 ἐσμεν,
1399 4150 1669 4209 ποιεῖσθαι
1730 4142 1989 4218 πρόνοιαν

339 4231 428 4284 καὶ
481 4228 768 4305 διόρθωσιν
839 4233 1000 4310 χάριν
1062 4240 1162 4304 τῆς
1239 4241 1428 4302 κοινῆς
1500 4232 1784 4312 ὥφελείας.
1851 4235 1990 4298 Qum

340 4321 578 4392 quidem
609 4323 692 4379 ita
723 4325 922 4380 Latine
955 4326 1210 4381 reddidit
1239 4326 1447 4381 doctus
1497 4325 1824 4396 interpres:
1881 4324 1991 4378 Ca:-

339 4418 522 4466 terum
571 4413 639 4469 de
682 4412 787 4469 illa
830 4415 972 4470 situs
1003 4415 1286 4471 Laconicae
1318 4415 1683 4486 ignoratione,
1729 4430 1788 4469 eo
1845 4413 1991 4485 quod

341 4501 527 4567 gravis
555 4516 674 4557 eese
703 4503 747 4556 is
775 4518 932 4558 error
957 4504 1263 4570 videretur,
1283 4503 1354 4558 ad
1389 4505 1574 4573 ipsum
1601 4505 1871 4559 Zenonem
1901 4502 1991 4558 lit-

342 4590 491 4642 teras
519 4589 764 4646 scribere
789 4607 900 4647 non
929 4592 1207 4657 dubitavi,
1239 4593 1480 4648 hominis
1509 4593 1740 4664 ingenui
1765 4608 1879 4648 esse
1902 4608 1989 4647 ar-

345 4676 598 4744 bitratus,
631 4696 737 4735 non
761 4696 829 4735 ea.
858 4681 1063 4736 alienis
1093 4683 1295 4737 erratis
1325 4682 1571 4754 gloriam
1601 4681 1990 4754 captaro,quod

341 4769 604 4823 nonnulli
651 4770 843 4835 solent,
892 4770 986 4825 sed
1021 4786 1148 4825 cum
1177 4773 1382 4825 nostris
1411 4778 1524 4826 tum
1556 4771 1725 4826 etiam
1781 4771 1987 4826 alienis

340 4859 793 4931 Commentariis,
842 4860 1106 4915 utilitatis
1133 4858 1371 4931 publicae
1398 4861 1601 4931 gratia,
1629 4864 1898 4930 quantum
1926 4862 1987 4915 in

337 4947 494 5003 nobis
521 4955 617 5014 est,
650 4964 845 5003 curam
874 4951 1043 5018 atque
1071 4948 1508 5004 emendationem
1563 4949 1840 5005 adhibere.
1901 4949 1987 5004 Ita

336 5036 558 5092 sentire
588 5036 781 5093 solent
811 5037 920 5093 viri
952 5037 1098 5093 bene
1129 5037 1200 5093 de
1229 5037 1440 5094 litteris
1472 5039 1684 5109 meriti,
1731 5038 1830 5110 qui
1870 5038 1986 5095 sci-

336 5125 473 5182 licet
504 5143 619 5182 non
652 5125 974 5182 cathedrali
1003 5126 1259 5199 quadam
1293 5127 1734 5194 declamatione,
1783 5133 1843 5184 et
1892 5131 1984 5200 ty-

337 5215 602 5282 rannica,
635 5220 701 5271 ut
737 5216 816 5272 ita
861 5215 1092 5287 loquar,
1143 5211 1488 5291 παιδαγωγίᾳ
1530 5216 1676 5273 alios
1722 5215 1985 5272 volentes

337 5303 604 5360 nolentes
635 5304 693 5359 in
735 5304 1086 5360 sententiam
1123 5321 1288 5360 suam
1315 5321 1516 5376 rapere
1555 5321 1621 5360 ac
1645 5305 1984 5376 pertrahere

335 5398 642 5448 conantur.
679 5393 1006 5465 Neminem,
1041 5394 1252 5465 inquit,
1288 5410 1544 5465 nuperus
1575 5395 1829 5466 scriptor
1860 5412 1983 5466 per-

337 5483 472 5537 inde
503 5483 908 5554 doctissimus,
969 5482 1355 5556 personaliter
1407 5483 1549 5549 laesi,
1601 5485 1708 5538 etsi
1761 5501 1794 5537 a
1843 5483 1984 5538 viris

338 5573 1042 5644 magnis,eruditis,bonis
1075 5573 1422 5638 amicis,non
1459 5590 1588 5628 raro
1613 5570 1978 5628 dissentiam.

337 5663 455 5718 Hoc
490 5678 722 5734 semper
767 5681 801 5718 a
840 5681 931 5719 me
983 5665 1199 5720 factum
1252 5668 1341 5719 est
1384 5663 1664 5718 incolumi
1698 5662 1980 5732 amicitia,

334 5751 495 5807 cultu
526 5756 582 5805 et
613 5752 1003 5809 observantia.
1041 5753 1463 5808 Dissentientes
1493 5751 1704 5818 colam,
1760 5756 1817 5807 et
1863 5752 1979 5808 dis-

333 5840 682 5899 sentientem
715 5859 830 5910 me,
861 5850 950 5898 sal
979 5841 1636 5912 scio,patientur,qui,si
1670 5841 1863 5912 quida
1888 5857 1981 5896 me

1701 493 2033 556 JOANNIS
2079 496 2426 557 ZONARJE

2035 633 2092 700 Α
2123 646 2294 686 secus
2327 647 2504 702 quam
2536 631 2748 687 veritas
2777 629 2906 701 ipsa
2938 628 3197 702 postulat
3239 629 3463 684 dictum
3495 628 3770 700 frequen-

3650 495 3772 556 412

2111 721 2231 775 tius
2263 720 2767 790 fuerit,monentes
2799 718 3009 775 lubens
3039 735 3275 796 sequar,
3311 720 3371 773 et
3391 732 3588 773 ceram
3609 732 3766 774 com-

2112 809 2397 881 planabo:
2432 809 2563 866 dico
2597 813 2927 875 monentes,
2967 824 3081 864 non
3136 807 3502 863 invadentes.
3564 809 3763 862 Lecto-

2113 914 2235 953 rem
2291 901 2426 968 opto
2485 897 2796 963 arbitrum,
2858 913 2972 952 non
3034 895 3459 963 adversarium,
3518 899 3583 951 ut
3620 893 3765 951 olim

2112 986 2334 1057 optime
2379 985 2685 1058 Stagirites
2726 985 3132 1058 philosophus
3183 984 3347 1040 dixit.
3401 989 3594 1056 Atque
3631 984 3769 1040 haec

2111 1075 2350 1146 quidem
2384 1075 2600 1130 tradita
2657 1074 2943 1130 hactenus
2991 1091 3026 1129 a
3073 1078 3158 1128 tot
3199 1072 3342 1129 viris
3395 1072 3767 1145 sapientibus

2111 1168 2423 1235 praecepta,
2458 1164 2509 1220 si
2540 1161 2590 1216 ἐν
2651 1167 2770 1225 τοῖς
2826 1165 2933 1216 τῶν
2993 1164 3186 1236 ψυχῶν
3233 1159 3434 1236 ἠρίοις,
3465 1162 3521 1217 id
3552 1165 3664 1230 est,
3699 1161 3762 1216 in

2111 1253 2442 1308 animorum
2477 1257 2812 1308 nostrorum
2847 1251 3268 1320 monumentis,
3304 1250 3388 1305 uti
3433 1249 3616 1306 libros
3663 1267 3764 1305 vo-

2111 1348 2204 1398 cat
2234 1343 2621 1411 Themistius,
2656 1359 2759 1399 seu
2792 1340 2843 1396 ἐν
2880 1341 3076 1409 ζώσαις
3107 1340 3276 1394 εἰκόσι
3302 1345 3402 1408 τῆς
3432 1341 3641 1413 ψυχῆς,
3675 1340 3764 1395 uti

2111 1431 2484 1504 appellantur
2512 1449 2545 1488 a
2575 1430 2855 1489 Michaele
2889 1429 3078 1486 Psello
3109 1429 3168 1484 in
3228 1429 3499 1485 Honodia
3544 1427 3772 1484 inedita

2108 1520 2167 1576 in
2200 1521 2485 1577 Joannem
2537 1521 2853 1577 Patricium
2897 1519 3101 1576 sedulo
3149 1535 3566 1590 exsequamur,
3617 1534 3762 1590 prai-

2110 1608 2329 1666 claram
2359 1609 2420 1664 in
2453 1611 2624 1665 nobis
2656 1625 2884 1665 morum
2918 1608 3178 1663 civilium
3221 1607 3569 1677 effingemus
3601 1612 3658 1663 et
3687 1609 3760 1663 ad

2111 1704 2376 1771 posteros
2405 1699 2882 1755 transmittemus
2911 1697 3251 1770 imaginem.
3283 1697 3392 1752 Sed
3427 1696 3551 1752 hac
3593 1698 3766 1768 quasi

2108 1805 2212 1860 per
2239 1795 2643 1855 transennam,
2686 1787 2820 1844 licet
2867 1787 3011 1844 forte
3041 1791 3202 1843 extra
3231 1803 3376 1855 rem,
3429 1786 3588 1842 dicta
3643 1786 3768 1843 sint

2110 1878 2182 1934 de
2213 1877 2306 1933 his
2336 1878 2619 1933 duntaxat
2636 1878 2733 1948 qui
2765 1892 2835 1932 ex
2863 1876 3277 1948 hujuscemodi
3303 1875 3760 1946 inurbane/aci-

2111 1967 2263 2022 litate
2290 1983 2354 2022 ac
2377 1966 2736 2023 delectatione
2798 1965 3036 2037 quadam
3083 1964 3540 2037 reprehendendi,
3573 1968 3640 2020 ut
3667 1963 3756 2020 lo-

2108 2055 2308 2127 quitur
2335 2056 2531 2128 Lupus
2557 2055 2740 2112 abbas
2781 2055 3171 2111 Ferrariensis
3199 2054 3411 2126 (Epist.
3442 2054 3556 2125 26),
3590 2051 3758 2126 plau-

2104 2161 2237 2201 sum
2269 2151 2506 2216 captare
2534 2143 2744 2201 solent.

2173 2234 2371 2290 XXIV.
2405 2234 2522 2290 Nos
2549 2249 2684 2289 vero
2715 2232 2814 2304 qui
2844 2236 2934 2288 tot
2967 2231 3120 2287 inter
3157 2231 3406 2303 hujusce
3457 2229 3565 2287 aevi
3621 2245 3756 2286 eru-

2101 2323 2257 2379 ditos
2290 2339 2361 2380 ne
2393 2323 2696 2378 minimam
2731 2321 2970 2392 quidem
3001 2321 3267 2377 obtinere
3321 2319 3557 2376 laudem
3603 2319 3758 2376 ultro

2099 2429 2234 2467 cum
2266 2413 2646 2468 dissertatore
2678 2411 3076 2483 agnoscimus,
3111 2415 3343 2466 nostras
3396 2409 3753 2481 qualescun-

2099 2518 2213 2572 que
2243 2502 2855 2566 commentationes,et
2882 2516 3031 2571 quas
3057 2499 3355 2554 interdum
3376 2498 3591 2555 damus
3615 2513 3757 2554 con-

2090 2591 2377 2661 jecturas,
2408 2589 2673 2646 omnium
2699 2588 2941 2660 judiciis
2981 2588 3232 2642 libentes
3286 2587 3660 2658 exponimus,
3686 2590 3755 2642 ut

2097 2679 2200 2750 qui
2230 2697 2263 2735 a
2289 2679 2672 2747 doctioribus,
2704 2677 2752 2734 si
2786 2677 2983 2749 lapsos
3015 2693 3123 2732 nos
3154 2674 3566 2747 contigerit,ob
3596 2691 3751 2731 erro-

2098 2767 2264 2823 ribus
2290 2768 2433 2839 erigi
2467 2767 2624 2823 haud
2654 2771 2889 2839 gravate
2918 2766 3197 2821 feramus.
3235 2763 3485 2820 Proinde
3516 2768 3746 2820 tantum

2098 2857 2282 2927 abest,
2313 2863 2378 2913 ut
2421 2856 2773 2912 sententiam
2814 2859 3076 2911 nostram
3109 2855 3181 2909 de
3239 2852 3526 2908 Hebdomi
3568 2853 3688 2909 situ
3717 2870 3753 2908 a

2097 2944 2220 3000 viro
2251 2945 2324 3000 cl.
2358 2944 2680 3018 improbari
2711 2959 2861 3016 aagre
2890 2942 3150 3013 tulerim,
3170 2945 3235 2996 ut
3263 2941 3424 2997 illius
3455 2941 3750 2998 Disserta—

2097 3033 2315 3090 tionem
2346 3034 2554 3107 cupide
2584 3033 2782 3089 statim
2815 3031 3190 3104 arripuerim,
3240 3047 3307 3085 ex
3338 3046 3407 3086 ea
3465 3031 3622 3102 quod
3657 3046 3749 3086 me

2099 3123 2346 3195 fugisset
2397 3123 2701 3196 quidpiam
2774 3125 3222 3186 consecuturus,
3301 3135 3428 3174 cum
3500 3119 3749 3190 quaedam

2098 3214 2351 3269 scientiae
2394 3213 2573 3284 portio
2619 3212 2710 3280 sit,
2742 3210 2935 3282 inquit
2968 3210 3220 3265 Faustus
3272 3207 3613 3280 Rhegiensis
3661 3207 3740 3277 (in

2100 3301 2283 3373 Epist.
2339 3302 2409 3357 ad
2469 3299 2748 3372 Paulin.),
2795 3301 2941 3355 scire
2997 3297 3144 3369 quod
3190 3299 3368 3353 nescis
3411 3300 3460 3351 et
3513 3311 3578 3352 ea
3623 3309 3741 3365 quae

2018 3373 2061 3441 α
2099 3392 2430 3462 ignorantur
2455 3408 2569 3448 non
2599 3391 2883 3464 intelligis
2906 3389 3214 3462 prudentur
3241 3385 3742 3461 inquirere.Neque

2096 3481 2254 3538 enim
2287 3498 2444 3538 sum.

2100 3632 2112 3644 .
2159 3630 2172 3644 .
2218 3631 2231 3644 .
2277 3629 2290 3642 .
2336 3632 2349 3644 .
2394 3593 2507 3644 tam
2536 3587 2704 3643 stulte
2732 3592 3402 3659 repugnans,aut_amans
3429 3598 3600 3659 praue
3627 3596 3750 3638 mea

2097 3662 2238 3730 Quin
2260 3663 2449 3717 statim
2474 3655 2815 3730 culpandum
2837 3655 3044 3727 dolens,
3065 3657 3346 3728 praebeam
3365 3655 3527 3711 reclis
3549 3656 3747 3711 locum.

3178 3745 3429 3817 (Terent.
3464 3744 3675 3813 Maur.)

2097 3874 2251 3932 Sicut
2279 3876 2430 3931 enim
2460 3873 2753 3930 laudabile
2781 3878 2864 3927 est
2892 3887 2926 3925 a
2971 3883 3108 3924 vera
3135 3868 3408 3924 sententia
3447 3881 3564 3921 non
3590 3881 3749 3921 amo-

2095 3966 2236 4030 veri,
2267 3963 2462 4036 inquit
2493 3961 2881 4035 Augustinus,
2914 3959 3146 4031 (Contra
3187 3957 3459 4021 Crescon.,
3509 3955 3616 4010 lib.
3660 3969 3746 4024 ιιι,

2095 4071 2225 4126 cap.
2253 4053 2332 4124 3),
2367 4055 2449 4109 ita
2495 4051 2775 4124 culpabile
2801 4052 3090 4120 persistere
3120 4049 3178 4104 in
3208 4046 3375 4117 falsa,
3406 4060 3575 4116 quam
3597 4059 3748 4098 nun-

2096 4160 2262 4216 quam
2293 4147 2484 4200 tenere
2531 4144 2717 4214 prima
2747 4141 2865 4195 laus
2895 4141 2996 4206 est,
3027 4135 3267 4193 secunda
3297 4138 3534 4203 mutare,
3560 4137 3623 4188 ut
3649 4141 3754 4188 aut

2096 4250 2168 4290 ea:
2203 4235 2366 4289 initio
2415 4248 2550 4288 vera
2605 4233 2947 4303 permaneat,
2990 4236 3112 4292 aut,
3167 4229 3388 4280 mutata
3431 4223 3597 4294 falsa,
3618 4237 3753 4278 vera

2094 4322 2361 4380 succedat.
2394 4322 2634 4389 Verum,
2667 4323 2734 4375 ut
2763 4319 2949 4374 fatear
2978 4316 3134 4387 quod
3179 4331 3274 4370 res
3303 4317 3413 4384 est,
3440 4316 3573 4385 jure
3602 4312 3752 4367 forte

2097 4412 2441 4469 dubitabam
2472 4427 2544 4466 an
2573 4411 2633 4465 in
2663 4408 2822 4465 istud
2854 4404 3306 4478 disciplinarum
3339 4418 3524 4476 genus
3553 4400 3750 4457 oleum

2096 4518 2272 4559 suum
2303 4501 2588 4558 hactenus
2619 4498 2670 4554 is
2700 4495 3070 4559 contulisset,
3121 4509 3250 4549 cum
3301 4507 3558 4565 persaepe
3616 4506 3753 4546 oon-

2095 4593 2301 4663 tingat,
2362 4595 2426 4646 ut
2483 4588 2600 4644 illis
2647 4588 2826 4643 etiam
2877 4584 2979 4656 qui
3026 4583 3182 4638 inter
3231 4581 3492 4637 eruditos
3522 4579 3750 4652 primae

2096 4683 2320 4747 tenent,
2356 4677 2538 4734 multa
2569 4677 2861 4745 excidant,
2893 4673 3110 4746 quibu
3129 4687 3333 4727 vacare
3365 4687 3478 4726 non
3511 4684 3750 4741 semper

2096 4769 2317 4842 patitur
2355 4768 2382 4820 ὁ
2448 4766 2564 4841 βίος
2625 4762 2852 4840 βραχύς,
2902 4763 2961 4817 in
3013 4760 3384 4832 amplissima
3421 4757 3744 4832 praisertim

2095 4859 2289 4914 omnis
2319 4855 2550 4930 generis
2579 4854 2911 4910 litterarum
2962 4854 3180 4922 segete,
3211 4864 3462 4920 quarum
3504 4851 3746 4902 cetero-

2095 4947 2238 5020 quin
2294 4947 2329 5014 ἡ
2388 4945 2558 5019 τέχνη
2622 4941 2829 5018 μακρὴ,
2879 4941 2915 5008 ἡ
2967 4935 3026 4992 δὲ
3075 4940 3238 5009 πεῖρα
3285 4933 3553 5014 σφαλερὴ,
3610 4936 3645 5003 ἠ
3687 4930 3743 4986 δὲ

2093 5034 2268 5110 κρίσις
2300 5032 2543 5109 χαλεπή,
2601 5031 2895 5104 siquidem
2943 5029 3040 5084 hic
3082 5031 3286 5098 aptare
3342 5025 3516 5081 liceat
3571 5022 3740 5110 verba

2095 5109 2455 5180 medicorum
2487 5120 2771 5195 principis
2796 5137 2810 5175 :
2843 5119 2985 5175 adeo
3010 5115 3141 5171 utsi
3169 5113 3360 5171 aliena
3381 5114 3530 5170 forte
3552 5109 3742 5168 studia

2095 5217 2402 5280 attentent,
2438 5213 2638 5268 statim
2695 5207 3002 5280 vulgatum
3033 5204 3194 5260 istud
3239 5200 3642 5275 Aristophanis
3669 5197 3744 5254 iis

2095 5303 2419 5369 occinatur,
2453 5296 2642 5374 Ἐρδοι
2671 5318 2755 5358 τις
2784 5297 2850 5365 ἣν
2883 5291 3109 5355 ἕκαστος
3139 5287 3306 5361 εἰδείη
3355 5288 3577 5365 τέχνην.
3637 5287 3748 5344 Sed

2091 5392 2589 5465 exspectationem
2623 5377 3186 5457 meam-speciosum
3218 5381 3434 5438 lemma
3473 5379 3753 5436 fetellisse

2092 5483 2368 5538 continuo
2427 5479 2672 5544 adverti,
2733 5475 2998 5546 nihilque
3053 5471 3186 5527 novi
3243 5471 3315 5525 ab
3371 5487 3437 5526 eo
3478 5469 3748 5535 allatum,

2094 5573 2248 5642 quod
2283 5589 2354 5626 ne
2388 5569 2703 5625 minimum
2737 5565 2976 5638 quidem
3006 5579 3040 5618 a
3072 5560 3323 5634 pristina
3341 5558 3635 5615 sententia
3656 5573 3752 5613 me

2095 5661 2413 5729 dimovere,
2442 5675 2547 5714 nec
2577 5655 2850 5730 quemvis
2880 5652 2970 5708 vel
3001 5649 3206 5706 leviter
3236 5648 3294 5703 in
3344 5649 3604 5704 Historiae
3630 5648 3750 5718 By—

2092 5751 2342 5806 zantina?
2399 5749 2648 5805 lectione
2699 5746 2996 5800 versatum
3045 5740 3106 5795 in
3149 5737 3309 5794 illius
3341 5741 3536 5810 partes
3563 5735 3750 5791 abdu-

2089 5856 2219 5896 cere
2248 5838 2533 5909 debuerit,
2581 5851 2716 5892 cum
2769 5833 2829 5888 in
2863 5847 2928 5887 eo
2980 5829 3254 5898 maxime,
3305 5827 3462 5899 quod
3515 5824 3744 5882 Hebdo-
