4130 6370
326 502 448 562 413

1642 508 1905 569 GANON
1952 505 2033 567 IN
2079 507 2520 571 DEIPARAM.

3650 505 3772 563 4M

330 649 521 703 mum,
578 638 640 689 ut
663 635 991 707 attigimus,
1054 639 1376 711 septimum
1426 643 1498 698 ab
1548 642 1703 697 Urbe
1734 639 1989 712 lapidem
2020 639 2074 705 Α
2105 638 2360 708 ﬁdentia,
2390 645 2453 696 ut
2473 658 2577 714 pro
2612 641 2950 697 indubitata
2971 639 3144 696 velim
3187 638 3409 701 haberi,
3446 654 3515 691 ne
3546 637 3595 692 si
3628 636 3742 692 fort

327 723 503 778 unice
533 723 899 796 appellatum
932 728 1244 798 putaverit,
1303 730 1764 788 reclamantibus
1813 745 1991 801 quan-

328 812 550 868 tumvis
581 814 654 868 ab
684 830 751 870 eo
780 819 837 870 et
858 832 891 871 a
922 817 1090 872 nobis
1110 817 1368 877 laudatis
1398 820 1870 893 scriptoribus,ut
1899 834 1994 890 qui

328 917 362 956 a
387 904 669 974 principio
701 903 941 961 deviavit
970 907 1038 961 ab
1070 909 1279 979 integro
1311 918 1561 981 tramite,
1593 926 1764 981 vagus
1797 909 1997 980 ubique

331 993 703 1062 progrediens,
737 1000 942 1065 quanto
971 1013 1028 1053 se
1072 1014 1301 1055 currere
1342 1003 1544 1072 fortius
1584 1000 1816 1071 putavit,
1848 1006 1995 1055 tanta

336 1080 461 1153 plus
513 1099 709 1139 errare
763 1101 980 1141 necesse
1041 1089 1216 1159 fuerit
1276 1090 1570 1163 (Pelagius
1629 1090 1734 1145 PP.
1793 1091 1996 1146 Contra

340 1172 699 1244 Pelagianos).
729 1173 949 1230 Verum
1007 1175 1066 1231 in
1123 1194 1191 1233 ea
1248 1179 1527 1249 Diatriba,
1576 1179 1634 1233 in
1661 1196 1776 1251 qua
1800 1178 1997 1250 reipu-

342 1259 502 1315 blicae
525 1260 822 1318 litterariae
845 1262 1131 1321 hactenus
1152 1267 1451 1340 incognita
1476 1269 1704 1340 primus
1717 1267 1995 1340 vulgavit,

338 1351 617 1424 praeclara
645 1355 900 1423 quadam
952 1355 1392 1429 pollicitatione,
1454 1375 1526 1414 ne
1579 1360 1770 1416 dicam
1802 1364 1998 1415 osten-

335 1440 580 1511 tatione,
614 1460 778 1514 spem
839 1446 1008 1501 nobis
1061 1447 1340 1516 injecerat
1396 1449 1466 1505 de
1494 1449 1998 1505 Secundianarum

336 1528 562 1586 Palatio
595 1533 727 1587 novi
768 1532 994 1607 aliquid
1039 1536 1354 1605 dicturum,
1416 1544 1625 1609 praeter
1653 1556 1721 1594 ea
1752 1555 1880 1611 quae
1938 1538 1997 1594 in

335 1624 544 1677 nostra
574 1621 1054 1695 Constantinopoli
1101 1625 1514 1699 attigeramus,
1573 1632 1750 1700 atque
1796 1628 1997 1684 lumen

335 1709 495 1780 quod
527 1710 699 1767 nobis
733 1729 848 1767 non
889 1713 1227 1784 affulsisset,
1261 1717 1414 1788 quod
1450 1716 1534 1772 .in
1593 1718 1803 1790 primis
1831 1723 1998 1791 opta-

335 1798 499 1864 bam,
529 1799 935 1869 detecturum;
968 1805 1072 1859 sed
1106 1804 1163 1860 in
1198 1804 1357 1860 aliud
1382 1810 1615 1880 tempus
1648 1824 1997 1880 reservasse,

339 1885 430 1943 vel
464 1896 616 1945 certe
647 1890 926 1961 promissi
956 1892 1138 1949 oblito
1196 1894 1252 1950 id
1310 1894 1393 1950 illi
1451 1896 1737 1953 excidisse
1768 1915 1873 1969 par
1907 1904 1999 1955 est

342 1975 699 2036 existimare.

416 2066 593 2123 XXV.
616 2067 745 2125 Haac
778 2086 948 2141 porro
1006 2072 1077 2128 de
1136 2072 1419 2129 Hebdomi
1463 2074 1579 2130 situ
1634 2092 1667 2131 a
1696 2076 1865 2132 nobis
1895 2077 2001 2133 ob-

340 2161 573 2213 servata
598 2157 752 2213 haud
813 2159 1042 2233 ingrata
1086 2162 1206 2218 fore
1255 2161 1571 2219 lectoribus
1631 2164 1799 2221 facile
1856 2165 2002 2221 mihi

339 2246 761 2316 persuadeo,ac
790 2247 864 2303 iis
910 2249 1287 2320 potissimum
1336 2251 1436 2323 qui
1492 2252 1815 2310 evolvenda
1853 2255 2001 2312 Con-

336 2334 877 2407 stantinopolitanae
900 2337 1165 2394 Historia,
1195 2338 1582 2397 incumbunt:
1606 2359 1730 2413 quas
1760 2343 1998 2414 quidem

335 2420 435 2477 hic
459 2423 790 2480 describere
821 2426 1070 2498 pretium
1116 2445 1302 2500 operte
1360 2429 1521 2501 duxi,
1580 2448 1695 2487 non
1751 2436 1875 2487 tam
1936 2438 2001 2488 ut

325 2510 757 2582 dissertatcris,
816 2515 989 2586 cujus
1040 2517 1434 2574 eruditionem
1494 2522 1551 2575 et
1607 2536 1851 2576 acumen
1908 2521 1995 2577 in-

326 2600 487 2673 genii
520 2616 755 2674 semper
803 2605 1062 2675 suspexi,
1119 2606 1475 2662 sententiam
1522 2608 1594 2664 de
1624 2609 1732 2665 hac
1764 2615 1995 2667 contro-

329 2688 522 2745 versia
542 2690 947 2761 convellerem,
995 2710 1173 2765 quam
1205 2698 1272 2749 ut
1320 2700 1584 2751 nostram
1637 2696 1779 2754 viris
1808 2698 1996 2755 doctis

340 2795 583 2834 rursum
606 2795 1033 2851 propcnerem:
1070 2798 1184 2837 non
1209 2786 1407 2839 tamen
1439 2801 1506 2839 ea
1561 2801 1678 2857 qua
1705 2785 1803 2842 ille
1855 2804 1994 2843 con-

2106 743 2339 800 asccpo
2371 730 2641 786 aberrare
2700 747 2793 786 me
2834 729 3061 802 judicet
3115 727 3318 796 lector,
3368 725 3559 782 statim
3611 725 3770 781 dicat

2105 819 2258 888 quod
2289 819 2360 873 de
2390 820 2732 876 Casaubonc
2775 836 2957 891 supra
3010 818 3288 874 laudatus
3344 814 3628 871 Henricus
3653 818 3766 868 Va-

2102 905 2287 961 lesius
2310 909 2403 979 (ad
2452 909 2647 964 Dionis
2706 909 3029 981 Excerpta),
3079 923 3251 979 quem
3306 906 3366 960 in
3417 903 3759 979 erplicando

2105 997 2361 1067 quodam
2394 997 2655 1053 Suetonii
2686 998 2832 1068 loco,
2863 998 3011 1053 nihil
3042 998 3261 1062 vidisse,
3299 995 3399 1060 ait,
3424 993 3584 1065 idque
3628 995 3765 1048 tunc

2105 1101 2229 1141 cum
2252 1087 2376 1157 plus
2404 1089 2517 1143 sibi
2550 1089 2757 1143 vidisse
2798 1104 2963 1161 quam
3018 1088 3205 1142 ceteri
3258 1085 3582 1140 videretur:
3617 1083 3762 1139 adeo

2110 1180 2169 1230 ut
2198 1192 2317 1245 quae
2346 1178 2667 1247 conjecturis
2723 1178 2928 1232 nititur
2974 1178 3230 1231 tractatio
3282 1175 3404 1229 sine
3449 1173 3764 1246 pertinacia

2106 1264 2331 1318 institui
2356 1264 2569 1330 debeat,
2606 1270 2671 1320 ut
2703 1264 3090 1336 Xenophanes
3139 1263 3331 1319 aiebat
3360 1262 3516 1334 apud
3546 1260 3761 1315 Varro-

2108 1369 2263 1408 nem.
2296 1354 2662 1426 Propositam
2693 1371 2833 1410 sane
2864 1355 2924 1409 in
2986 1354 3093 1409 hac
3150 1351 3579 1423 Disceptatione
3606 1348 3761 1405 difﬂ-

2107 1442 2385 1499 cultatem
2417 1443 2572 1499 idem
2595 1442 2882 1509 Valesius,
2916 1447 3126 1498 nostris
3149 1441 3337 1497 atatis
3366 1439 3759 1495 litteratorum

2110 1531 2278 1587 facile
2326 1533 2618 1604 princeps,
2650 1533 2723 1588 de
2774 1532 2883 1588 hac
2932 1531 3240 1586 nobiscum
3281 1530 3457 1585 verba
3514 1528 3760 1594 faciens,

2107 1621 2353 1676 arduam
2407 1626 2465 1676 et
2521 1621 2862 1693 impeditam
2919 1635 3048 1676 esse
3108 1618 3499 1684 existimabat,
3553 1616 3636 1672 ita
3696 1619 3764 1673 ut

2108 1727 2257 1781 quas
2287 1709 2345 1764 in
2388 1715 2584 1781 partes
2623 1710 2898 1765 transiret
2954 1707 3110 1763 ultro
3169 1723 3231 1763 se
3265 1707 3489 1762 nescire
3531 1706 3761 1777 proﬁte-

2108 1803 2286 1867 retur,
2321 1815 2454 1855 cum
2472 1798 2599 1856 loca
2646 1815 2774 1870 quin
2821 1799 2882 1853 in
2932 1798 3232 1854 Hebdomo
3262 1795 3376 1851 sita
3418 1810 3548 1851 esse
3578 1793 3767 1866 perhi-

2109 1888 2343 1955 bentur,
2363 1887 2566 1961 procul
2600 1888 2671 1943 ab
2701 1887 2851 1943 Urbe
2878 1887 3059 1943 fuisse
3091 1887 3411 1957 disparata,
3432 1884 3588 1940 haud
3619 1882 3767 1939 satis

2032 1998 2080 2063 B
2110 1977 2382 2049 expensis
2413 1976 2764 2049 scriptorum
2826 1974 3291 2042 auctoritatibus,
3352 1973 3447 2029 vix
3477 1974 3760 2041 censeret,

2111 2066 2316 2137 paucis
2348 2070 2405 2121 et
2424 2066 2534 2121 levi
2557 2082 2733 2120 manu
2759 2065 2831 2120 ad
2854 2065 3231 2120 Ammianum
3251 2067 3308 2118 et
3337 2063 3409 2118 ad
3440 2061 3762 2118 Historiam

2110 2153 2564 2210 ecclesiasticam
2613 2153 2910 2210 annotatis
2940 2153 3093 2209 hanc
3140 2153 3405 2225 attigisse
3426 2154 3762 2208 contentus.

2109 2243 2417 2300 Enimvero
2456 2245 2505 2301 si
2538 2262 2663 2316 quis
2692 2244 2751 2300 in
2786 2245 2893 2300 hac
2912 2242 3334 2316 Disquisiticne
3362 2240 3670 2297 attulimus
3690 2240 3766 2297 ad

2110 2334 2465 2390 ﬁrmandum
2499 2340 2758 2390 nostram
2792 2335 2863 2389 de
2892 2334 3155 2405 ejusdem
3188 2331 3471 2388 Hebdomi
3495 2330 3612 2387 situ
3634 2344 3762 2386 sen-

2111 2424 2353 2481 tentiam
2411 2422 2653 2479 minime
2712 2422 2943 2495 placent
3017 2423 3137 2477 viro
3194 2420 3444 2487 erudito,
3496 2420 3764 2476 dicamus

2109 2518 2354 2586 uterque
2384 2531 2520 2569 cum
2552 2512 3019 2585 Augustinoaib.
3040 2517 3232 2567 contra
3262 2511 3426 2582 Epist.
3450 2508 3761 2581 fundam),

2106 2609 2273 2661 Nemo
2322 2612 2570 2659 nostrum
2625 2603 2769 2658 dicat
2815 2603 2937 2674 jam
3001 2618 3057 2657 se
3113 2602 3383 2657 invenisse
3439 2601 3756 2668 veritatem,

2103 2696 2181 2749 sic
2208 2710 2333 2750 eam
2361 2709 2682 2765 qwramus
2698 2694 2859 2764 quasi
2879 2692 2950 2747 ab
2981 2694 3231 2763 utrisque
3257 2692 3557 2745 nesciatur.

853 3063 1930 3241 ΙΩΑΝΝΟΥ
2058 3069 3229 3243 ΜΟΝΑΧΟΥ

1588 3408 1593 3422 Ι
1674 3334 1793 3388 ΚΑΙ
1832 3336 2405 3392 ΠΡΩΤΑΣΗΚΡΗΤῙΣ

1448 3495 1799 3624 ΤΟΥ
1907 3497 2618 3627 ΖΩΝΑΡΑ

680 3738 1121 3834 ΚΑΝΩΝ
1215 3745 1412 3837 ΕΙΣ

1513 3746 1772 3840 ΤΗΝ
1867 3747 2592 3843 ΥΠΕΡΑΓΙΑΝ
2695 3747 3382 3844 ΘΕΟΤΟΚΟΝ

1191 3934 1264 3987 Οὗ
1295 3936 1329 4003 ἡ
1364 3935 1704 4013 ἀκροστιχίςο
1736 3940 1994 4001 Ὕστατος
2034 3938 2178 4014 ἦχος
2210 3936 2435 3995 ὕστατον
2466 3937 2654 3994 πλέκει
2692 3938 2880 4013 μὲλος.

1110 4126 2035 4428 JOANNIS—

2090 4265 2962 4433 ZONAR/E

1494 4527 1819 4584 MONACHI
1848 4528 1939 4585 ET
1968 4528 2169 4585 PRIMI
2194 4531 2231 4585 Α
2258 4530 2603 4599 SECRETIS,

831 4683 960 4777 IN
1041 4685 1988 4783 SANCTISSIMAM
2063 4690 2748 4787 DEIPARAM
2819 4694 3072 4787 CAN
3080 4692 3247 4787 ON

766 4855 958 4935 Cujus
1013 4857 1377 4919 acrostiehis
1433 4858 1744 4938 signiﬁcat

1801 4879 1816 4922 :
1879 4861 2218 4924 Postremus
2282 4874 2450 4925 tonus
2500 4864 2855 4946 postremum
2912 4869 3097 4928 nectit
3148 4870 3343 4929 melos.

1272 5008 1370 5070 (Ex
1396 5009 1552 5078 Joan.
1588 5010 1714 5073 Bap.
1742 5011 1985 5062 Cotelerii
2008 5014 2243 5064 Monum.
2264 5014 2404 5064 Eccl.
2429 5016 2536 5070 Gr..
2560 5018 2690 5065 tom.
2711 5016 2819 5073 Ill.)

608 5259 786 5332 Ἦχος
816 5256 914 5313 πλ.
950 5255 1011 5312 δ”
1046 5258 1478 5334 Ἀρματηλάτην
1510 5267 1732 5337 Φαραῶ.

1039 5366 1279 5437 Ἀρειος.

407 5486 720 5564 Ύπεραγία,
752 5489 787 5557 ἡ
815 5488 942 5544 Θεὸν
985 5490 1231 5559 κυήσασα
1275 5490 1365 5545 τὸν
1418 5500 1637 5567 συμφυῆ
1683 5498 1762 5567 τῷ
1791 5497 1981 5571 Πατρὶ,

339 5580 617 5653 μονογενῆ
664 5576 858 5653 Λόγον,
909 5577 1230 5654 σύγχρονον,
1282 5580 1572 5655 ὁμότιμον
1624 5581 1719 5638 κᾶν
1750 5584 1777 5639 ὁ
1806 5587 1981 5660 παρά-

334 5688 491 5747 φρων
525 5668 743 5741 Ἀρειος
789 5666 988 5740 κτίσμα
1033 5672 1221 5723 τοῦτον
1274 5669 1507 5748 ἐφρόνει,
1540 5674 1746 5748 Πατρὸς
1798 5674 1982 5739 οὐσίας

337 5755 663 5831 ἀλλότριοψ
694 5759 886 5811 τοῦτον
919 5753 1217 5813 ἐκδυσώπει
1249 5760 1490 5830 σωθῆναι
1520 5763 1689 5835 ἡμᾶς.

2306 5268 2504 5323 Tonus
2527 5267 2803 5339 obliquus
2833 5271 2885 5324 4.
2918 5271 3186 5342 Aurigam
3210 5272 3537 5328 Pharaonis.

2830 5377 3015 5433 Arius.

2165 5500 2549 5556 Sanctissima
2570 5517 2699 5571 quae
2747 5500 2933 5556 Deum
2984 5502 3285 5573 peperisti.
3318 5504 3585 5575 ejusdem
3616 5521 3750 5560 cum

2095 5593 2262 5647 Patre
2292 5596 2534 5658 naturae,
2571 5590 2941 5661 unigenitum
2966 5593 3242 5661 Verbum,
3286 5611 3563 5661 scaevum,
3596 5596 3751 5666 paris

2095 5681 2371 5748 honoris;
2427 5678 2657 5734 etiamsi
2707 5680 2954 5737 insanus
3012 5681 3186 5738 Arius
3233 5699 3368 5738 eum
3418 5689 3749 5739 creaturam

2094 5786 2223 5825 esse
2253 5768 2525 5834 senserit,
2558 5785 2589 5823 a
2619 5768 2810 5825 Patris
2865 5770 3197 5827 substantia
3240 5771 3498 5828 alienum
3540 5790 3554 5840 ;
3586 5770 3750 5827 illum

2096 5862 2161 5915 ut
2178 5856 2322 5915 salvi
2350 5857 2564 5916 ﬁamus
2593 5875 2791 5932 exora.
