4130 6424
262 453 383 513 415

339 693 423 748 Tu
458 691 768 764 suscepisti
827 692 886 747 in
919 695 1104 758 utero,
1159 690 1422 746 omnium
1466 689 1710 762 Regina,
1743 687 1920 744 unius

268 779 595 837 divinitatis
653 781 771 835 tres
830 779 1098 836 habentis
1148 778 1494 850 hypostases
1548 791 1681 831 vere
1713 791 1920 842 unum,

270 869 478 924 Filium
507 887 519 936 ;
553 868 781 924 etiamsi
813 867 1100 921 Sabellius
1158 865 1498 922 confusione
1546 865 1726 937 impie
1757 880 1922 920 exco-

1631 450 1664 512 J
1671 449 1879 511 OANN
1887 448 1958 510 IS
2005 448 2352 512 ZONARE

942 585 1237 640 Sabellius.
1943 581 2001 649 Α

3568 449 3713 530 486,

2660 583 2986 650 Σαϐἐλλιος.

2107 691 2181 746 Σῦ
2241 689 2478 764 ὺπεδέξω
2526 693 2577 748 ἐν
2641 695 2855 770 γαστρὶ,
2911 695 3280 762 Παντάνασσα,
3325 689 3692 766 τρισυποστά-

2031 802 2126 836 του
2179 787 2328 854 μιᾶς,
2361 783 2435 845 ὡς
2490 780 2713 854 ἀληθῶς
2749 781 2858 852 ἵνα,
2910 784 3002 840 τὸν
3058 783 3201 852 risv,
3251 779 3531 851 θεότητος’
3587 775 3683 834 κᾶν

2036 865 2362 942 Σαϐἑλλιος,
2397 870 2660 948 σύγχυσιν
2694 867 2900 936 ἀσεϐῶς
2937 871 3217 943 ἐννοήσας,
3252 870 3328 932 εἷς
3375 869 3432 924 ’ἐν
3465 868 3686 944 συνῄρει

268 958 474 1031 gitata,
508 958 566 1012 in
591 974 769 1013 unam
787 957 966 1011 trium
991 956 1298 1011 nominum
1324 971 1631 1027 personam
1661 954 1927 1026 improbe

2078 960 2342 1034 οιώνυμον
2376 963 2665 1037 πρόσωπον
2697 963 2795 1031 τὴν
2829 962 2971 1027 θείαν
3004 959 3214 1039 Τριάὸα
3242 963 3445 1021 κακῶς.

270 1047 620 1103 Trinitatem
665 1046 1034 1111 contraxerit,

909 1162 1287 1219 Macedonius.

341 1271 447 1336 Qui
481 1275 535 1326 te
578 1269 966 1336 obumbravit,
1019 1268 1426 1334 Immaculata,
1488 1267 1770 1340 Spiritum
1828 1266 1926 1322 Dei

269 1363 618 1428 increatum,
671 1359 858 1414 Verbo
892 1363 949 1415 et
977 1359 1128 1413 Patri
1161 1357 1720 1414 consubstantialem
1753 1355 1928 1429 glori-

2679 1165 3037 1231 Μακεδόνιος.

2108 1277 2178 1330 Τὸ
2209 1276 2297 1331 ἐπὶ
2341 1277 2428 1331 σοὶ
2475 1276 2809 1344 ἑπισκιάσαν,
2861 1275 3118 1352 ἄχραντε,
3168 1272 3417 1329 ἄκτιστον
3474 1275 3698 1342 Πνεῦμα

2039 1371 2194 1433 Θεοῦ,
2247 1367 2487 1445 ὁμοφυὶς
2535 1367 2696 1442 Λόγῳ
2744 1366 2833 1421 καὶ
2885 1364 3089 1440 Πατρὶ,
3144 1361 3437 1434 δοξάζομεν
3471 1403 3485 1428 ,
3529 1358 3696 1414 αύτοῦ

268 1451 539 1518 ﬂeamus,
568 1449 638 1504 ab
676 1449 781 1504 hoc
812 1449 1220 1520 procedentem
1248 1473 1262 1516 ;
1298 1447 1702 1504 Macedonium
1734 1446 1930 1501 cuncti

2078 1455 2486 1531 ιιπορευόμιενον⁰
2519 1453 2850 1512 Μακεδόνων
2879 1454 3072 1516 πάντες
3106 1453 3296 1528 ληρεῖν
3345 1451 3567 1528 ἀφέντες
3601 1448 3693 1502 τὸν

267 1539 512 1595 delirare
543 1537 828 1605 sinentes,
855 1537 954 1610 qui
989 1537 1131 1592 dicit
1182 1554 1318 1593 eum
1352 1553 1478 1592 esse
1511 1541 1840 1592 creaturam
1874 1539 1932 1590 et

272 1629 584 1685 facturam.

903 1715 1318 1788 Apollinarius.

343 1824 424 1880 De
448 1823 591 1880 coelo
621 1824 986 1880 descendens
1020 1822 1300 1879 Dominus
1358 1823 1418 1878 in
1475 1826 1640 1878 tuum
1677 1827 1931 1890 uterum,

2043 1545 2274 1620 λεγοντα
2303 1545 2504 1618 κτίσμα
2525 1565 2585 1601 τε
2613 1545 2702 1600 καὶ
2733 1544 2866 1615 ποίη
2879 1564 2954 1617 μα
2983 1544 3114 1598 εἶναι
3147 1539 3298 1598 αὐτό.

2651 1721 3092 1797 ’ΔπολΛινάριος.

2117 1833 2239 1887 Ἀπ’
2293 1830 2526 1906 οὐρανοῦ
2575 1823 2916 1905 συγκαταϐὰς
2963 1829 2991 1882 ὁ
3041 1826 3236 1900 Κύριος
3283 1822 3335 1878 ἐν
3509 1817 3695 1891 νηδύϊ,

274 1917 438 1968 casta
470 1912 652 1984 virgo,
683 1918 742 1968 et
771 1928 1006 1968 carnem
1029 1929 1364 1979 assumens,
1389 1912 1608 1967 mentis
1637 1917 1694 1968 et
1722 1911 1935 1967 animm

274 2002 614 2022 ___..__-h___
672 2020 697 2022 Ἀ
962 2001 1194 2022 -,.,____..
1223 2021 1249 2022 ,,
1527 2003 1710 2022 ημμι
1738 2007 1926 2022 ___.-__

2078 1923 2205 1997 ςγνὴ,
2247 1920 2338 1976 καὶ
2367 1903 2714 1997 ⁷προσλαϐὼν
2769 1918 2940 1994 σάρκα
2987 1910 3169 1971 ἔννουν
3201 1933 3260 2022 ’ξε
3302 1903 3697 2022 καὶνὲμψυχῖον,

273 2002 644 2074 participem,
671 2007 930 2058 nostram
957 2001 1200 2058 salvavit
1223 2003 1716 2058 naturam.Ploret
1735 2007 1932 2057 autem

2089 2015 2204 2083 μῶν
2232 2010 2333 2078 τήν
2381 2009 2536 2087 φύσιν
2578 2006 2795 2064 ἔσωσεν.
2851 2003 3155 2079 Οίμωζέτω
3206 1999 3265 2057 δὲ
3309 2003 3336 2056 ὁ
3385 1997 3545 2054 ἄνουν

274 2097 452 2164 atque
485 2108 684 2163 pcsnas
717 2093 840 2147 luat
869 2091 972 2164 qui
1003 2094 1085 2148 ait
1116 2092 1374 2148 animam
1407 2091 1533 2149 sine
1555 2096 1748 2148 mente
1778 2107 1933 2146 crea-

273 2185 396 2238 tam
426 2197 556 2237 esse
580 2181 920 2249 Dominum,
954 2198 1159 2238 amens
1198 2180 1467 2237 videlicet
1526 2179 1934 2253 Apollinarius.

562 2297 682 2352 Ode
713 2297 764 2352 3.
821 2296 1062 2353 Caelestis
1107 2298 1336 2368 fornicis
1384 2296 1623 2354 culmen.

956 2369 1258 2425 Nestorius.

350 2477 413 2531 Ei
446 2476 628 2548 quite
658 2491 792 2532 vere
852 2475 948 2531 Dei
1007 2475 1362 2532 Genitricem
1415 2492 1528 2531 non
1589 2474 1750 2541 dicit,
1800 2490 1935 2530 cum

282 2565 551 2623 Nestorio
566 2582 700 2637 pars
717 2565 815 2632 sit,
849 2571 1193 2621 cunctorum
1227 2565 1484 2637 Regina;
1519 2563 1618 2636 qui
1642 2564 1936 2620 Christum

281 2654 579 2711 hominem
639 2671 854 2726 purum
886 2670 1015 2710 esse
1056 2655 1393 2723 decerneas,
1426 2658 1481 2710 te
1523 2653 1736 2710 Christi
1766 2653 1937 2709 Geni-

281 2745 490 2800 tricem
522 2741 734 2815 aiebat,
763 2761 890 2816 qua:
922 2761 984 2800 es
1019 2743 1280 2816 Deipars.

976 2859 1234 2916 Marcion.

357 2967 510 3022 Deus
542 2967 642 3039 qui
675 2984 704 3023 e
755 2967 874 3024 tuis
905 2967 1293 3040 sanguinibus
1323 2984 1558 3023 carnem
1592 2967 1938 3039 assumpsit,

285 3056 556 3125 Domina,
609 3074 723 3113 non
756 3057 881 3114 sola
931 3058 1224 3130 opinione,
1250 3058 1420 3130 juxta
1451 3058 1806 3116 Marcionem
1838 3059 1940 3115 im-

285 3147 712 3220 pium,duoque
733 3147 1022 3221 principia
1051 3149 1258 3206 insane
1288 3149 1939 3216 introducentem,ovile

285 3243 456 3295 tuum
481 3237 596 3293 fide
626 3240 934 3294 confirmet
963 3256 1091 3295 sua.

953 3358 1277 3413 Eunomius.

359 3463 502 3519 Tuis
533 3463 1082 3534 supplicationibus,
1111 3481 1143 3520 ο
1162 3465 1354 3537 Virgo,
1381 3469 1560 3544 tuum!
1581 3466 1727 3521 ovile
1758 3467 1942 3522 libera

287 3569 318 3608 e
349 3553 659 3626 suppliciis
688 3554 940 3621 aiternis,
974 3571 1102 3625 quae
1133 3555 1507 3627 impiissime,
1540 3555 1697 3611 velut
1744 3556 1939 3628 indul-

287 3641 696 3714 gentissimus,
757 3643 1081 3698 Eunomius
1133 3645 1205 3699 ad
1237 3644 1756 3700 comminationcm
1815 3644 1941 3700 solo

290 3731 568 3804 figmento
599 3731 934 3803 conscripta
966 3749 1092 3788 esse
1134 3733 1438 3788 delirabat.

425 3848 541 3904 Ode
572 3849 625 3904 4.
675 3849 745 3905 Tu
776 3865 898 3905 mea
919 3850 1207 3921 fortitudo,
1242 3851 1487 3921 Domine,
1521 3855 1583 3907 tu
1604 3855 1718 3908 mei
1734 3858 1805 3909 et.

975 3922 1261 3994 Eutycius.

364 4027 642 4100 Eutychis
674 4027 883 4100 puerili
901 4027 1200 4100 stultaque
1222 4035 1416 4086 mente
1447 4031 1674 4104 praediti
1705 4030 1945 4088 haaresis

293 4133 474 4172 unam
506 4121 774 4174 naturam
791 4119 1126 4175 afﬁrmabat
1154 4119 1449 4176 inChristo
1483 4125 1613 4192 post
1645 4121 1943 4178 unionem:

292 4221 505 4278 corpus
558 4206 676 4276 ille,
731 4224 764 4263 ο
825 4207 1021 4279 Virgo,
1082 4210 1236 4281 quod
1273 4210 1556 4266 Dominus
1595 4212 1944 4282 assumpsit,

294 4295 472 4351 unius
505 4297 813 4352 nobiscum
836 4313 965 4353 esse
996 4297 1341 4354 substantias
1373 4315 1746 4372 nequaquam
1769 4299 1951 4356 sentit

295 4400 428 4440 eum
460 4385 708 4456 Severo;
742 4402 993 4458 quorum
1055 4389 1390 4458 opinionem
1440 4405 1547 4444 nos
1577 4389 1945 4462 despuimus.

1020 4503 1223 4560 Manes.

371 4609 582 4664 Manus
613 4609 722 4675 tui,
746 4609 1144 4675 immaculata,
1182 4610 1307 4666 Filii
1331 4611 1604 4668 formavit
1634 4631 1745 4682 me,
1766 4613 1866 4686 qui
1895 4617 1952 4669 et

1968 3331 2014 3398 G

2045 2100 2153 2174 χὴν
2184 2085 2465 2169 κτισθῆναι
2490 2099 2583 2154 τὸν
2634 2097 2829 2174 Κύριον
2881 2093 3082 2170 λέγων,
3133 2089 3200 2161 δὴ
3234 2091 3263 2146 ὁ
3293 2088 3454 2152 ἄνους
3499 2085 3699 2142 ’Δπολ-

2046 2188 2314 2264 λινάριος.

2360 2301 2489 2383 νῼδή
2520 2305 2583 2379 γ’.
2618 2297 3118 2450 Ούςῗέἑέιὲρῇιύὲίδος
3153 2297 3382 2376 ὀροφήν.

2116 2489 2206 2556 Τῷ
2266 2484 2338 2555 μή
2401 2503 2459 2536 σε
2515 2482 2775 2537 Θεοτόκον
2849 2481 2924 2542 ὡς
3000 2478 3221 2549 ἀληθῶς
3290 2473 3508 2550 λέγοντι
3566 2471 3703 2545 μετὰ

2050 2572 2343 2648 Νεστορίου
2393 2571 2420 2625 ὁ
2468 2569 2675 2646 κλῆρος
2727 2567 2834 2640 εἷή,
2895 2568 3292 2624 Παντάνασσαο’
3323 2563 3471 2625 ὅστις
3528 2559 3696 2635 ψιλὸν

2045 2664 2135 2716 τὸν
2179 2660 2415 2738 Χριστὸν
2464 2659 2595 2714 εἶναι
2650 2659 2842 2734 βροτὸν
2894 2655 3276 2734 χρηματίζων,
3327 2650 3696 2728 Χριστοτόκον

2047 2748 2199 2826 ἔλεγε
2224 2751 2321 2819 τήν
2355 2745 2616 2806 Θεοτόκον
2638 2769 2716 2804 σε.

2733 2863 3012 2941 Μαρκίων.

2118 2977 2175 3029 Ὁ
2207 2973 2267 3030 ἐκ
2307 2978 2415 3030 τῶν
2467 2977 2577 3028 σῶν
2629 2971 2875 3046 αἱμάτων
2926 2972 3098 3046 σάρκα
3140 2963 3362 3035 λαϐὼν,
3413 2964 3696 3029 Δέσποινα,

2048 3067 2199 3135 Θεὸς,
2259 3065 2323 3120 ού
2383 3061 2604 3134 δοκήσει
2661 3062 2797 3116 κατὰ
2850 3059 3152 3136 Μαρκίωνα
3200 3057 3292 3112 τὸν
3350 3048 3552 3121 ἀσεϐῆ,
3609 3050 3696 3104 καὶ

2049 3154 2223 3231 ἀρχὰς
2256 3153 2606 3229 εἰσαγαγόντα
2631 3151 2882 3230 ἀφρόνως
2927 3150 3026 3212 τὰς
3057 3146 3239 3209 δισσὰς
3274 3147 3400 3220 [ἰηι.
3433 3140 3689 3219 τρισσὰς],

2046 3246 2147 3314 τὴν
2179 3237 2420 3316 ποίμνην
2454 3263 2550 3296 σου
2581 3240 2757 3296 πίστει
2791 3240 3036 3314 στηρίξοι
3067 3240 3136 3312 τῇ
3168 3237 3357 3291 αὐτοῦ.

2725 3355 3018 3427 Εύνόμιος.

2125 3472 2257 3536 Σριῖς
2314 3465 2515 3536 λιταῖς,
2576 3463 2906 3534 ὧΠαρθένε,
2969 3460 3123 3538 ρὖαι
3177 3459 3241 3514 τὸ
3298 3456 3388 3511 σὸν
3438 3450 3689 3524 ποίμνιον

2052 3557 2111 3614 ἐκ
2137 3562 2246 3613 τῶν
2279 3545 2515 3630 αἶ’ωνίων
2571 3553 2839 3631 βασάνων,
2894 3553 2954 3614 ἇς
3005 3545 3350 3618 ἀσεϐέστατα,
3395 3545 3470 3605 ὡς
3523 3539 3698 3614 ἐμπα-

2054 3648 2346 3717 θέστατος,
2430 3644 2565 3722 πρὸς
2644 3641 2876 3712 ἀπειλὴν
2960 3636 3229 3714 ἐληρώδει
3306 3631 3697 3710 συγγεγράφθαι

2052 3735 2332 3810 πλάσματι
2367 3735 2520 3808 μόνῳ
2552 3733 2850 3806 Εὗνόμιος.

2233 3849 2362 3929 ᾨδή
2397 3848 2459 3906 δ’.
2495 3849 2570 3904 Σύ
2604 3871 2709 3924 μου
2739 3845 2919 3941 ἰσχὺς,
2961 3845 3143 3917 Κύριε,
3176 3840 3238 3896 σύ
3273 3860 3378 3914 μου
3407 3836 3520 3893 καί.

2746 3918 3022 3994 Εὗέύχης.

2125 4033 2186 4088 Ἣ
2223 4029 2502 4105 Εὐτύχους
2557 4025 2761 4104 αἳρεσις
2801 4029 2898 4080 τοῦ
2944 4020 3310 4099 νηπιόφρονος
3370 4015 3493 4090 μίαν
3545 4013 3702 4105 φύσιν

2055 4117 2207 4197 ἔλεγε
2258 4101 2626 4193 μεθ’-ἕνωσιν
2657 4115 2746 4172 ἐπὶ
2795 4116 3060 4192 Χριστοῦ·
3095 4115 3276 4183 σῶμα,
3317 4108 3398 4197 -ὧν
3449 4101 3708 4197 Πέαρθὲνε,

2056 4212 2086 4265 ’ὁ
2137 4195 2332 4286 Κύριος
2373 4201 2743 4284 προσελάϐετο
2777 4249 2790 4275 ,
2841 4208 2966 4277 μιᾶς
3020 4203 3180 4273 ἡμῖν·
3207 4195 3390 4286 οὐσία-ς
3440 4195 3708 4286 μήφρίν

2059 4305 2163 4354 νῶν
2214 4280 2308 4354 σὺν
2361 4280 2613 4373 Σεϐήρῳ·
2670 4296 2743 4350 ὧν
2792 4295 2891 4362 τὴν
2943 4289 3096 4364 δόξαν
3147 4291 3311 4360 ἡμεῖς
3354 4280 3707 4353 διαπτύομεν.

2771 4499 2988 4568 Μάνης.

2133 4614 2263 4688 Χεὶρ
2313 4614 2348 4682 ἡ
2401 4614 2498 4666 τοῦ
2550 4613 2665 4678 σοῦ,
2713 4608 2970 4682 ἄχραντε,
3016 4602 3215 4658 Τὲκνου
3268 4619 3334 4673 με
3365 4595 3619 4652 ἔπλασεν
3647 4591 3709 4654 ’ὸς

302 4697 640 4753 universum
703 4699 992 4754 mundum
1053 4699 1358 4755 constituit
1391 4718 1404 4756 :
1435 4703 1705 4766 quamvis
1753 4683 1941 4758 furens

2078 4705 2150 4759 ιαὶ
2194 4683 2402 4774 κόσμον
2449 4697 2580 4755 ὅλον
2631 4697 3009 4766 συνεστήσατο·
3062 4691 3110 4747 εἲ
3153 4689 3242 4746 καὶ
3299 4683 3711 4774 μανεὶς-Μάνης

302 4787 502 4842 Manes
533 4788 648 4842 duo
697 4786 1087 4842 introduxerit
1145 4787 1452 4859 principia,
1508 4791 1773 4863 duosque
1813 4793 1953 4848 deos

299 4877 614 4943 docuerit;
667 4893 850 4932 unum
913 4877 1155 4949 quidem
1207 4879 1452 4947 bonum,
1510 4880 1760 4936 alterum
1820 4897 1954 4940 vero

300 4964 557 5035 malum;
581 4971 638 5022 et
668 4971 966 5022 creaturas
998 4967 1143 5040 ipsis
1175 4968 1522 5040 dispertitus
1545 4970 1736 5026 fuerit.

1049 5085 1220 5140 Idem.

375 5196 510 5259 lete,
544 5208 576 5246 ο
609 5189 984 5264 pura,miser,
1013 5192 1112 5264 qui
1144 5197 1201 5248 et
1221 5192 1350 5248 Filii
1379 5194 1466 5249 tui
1495 5194 1958 5254 incarnationem

305 5280 364 5336 in
394 5281 584 5353 figura
612 5281 794 5338 fuisse
826 5281 1162 5349 affirmavit,
1195 5300 1298 5338 nec
1333 5301 1526 5340 veram
1561 5291 1652 5342 est
1705 5287 1958 5343 arbitra-

303 5375 681 5441 tus,eumque
712 5370 986 5441 opinione
1016 5372 1299 5428 duntaxat
1330 5390 1568 5444 passum
1603 5392 1731 5432 esse
1761 5377 1964 5433 docuit

305 5457 508 5530 impie,
537 5475 713 5512 unam
749 5458 1123 5515 introducens
1156 5465 1449 5532 naturam,
1483 5462 1665 5518 solius
1691 5463 1961 5520 divinita-

305 5547 404 5602 tis.
439 5549 521 5603 Ab
552 5547 729 5616 hujus
766 5547 946 5620 igitur
979 5549 1171 5605 furore
1202 5548 1530 5606 liberemur.

933 5664 1344 5736 Apollinarius.

380 5773 604 5841 Corpus
635 5767 846 5826 Christi
879 5771 1272 5830 inanimatum
1304 5773 1637 5832 affirmabat
1671 5776 1964 5848 Apollina-

2061 4794 2156 4856 τὰς
2181 4771 2360 4853 διττάς
2409 4789 2583 4864 ἀρχὰς
2624 4785 2898 4860 ἐπεισῆγε,
2951 4782 3104 4847 θεούς
3145 4801 3206 4836 τε
3265 4776 3360 4833 δύο
3413 4771 3708 4864 ἐδίδασκεν

2064 4882 2261 4958 ἀγαθὸν
2313 4880 2408 4954 μὲν
2445 4860 2549 4933 ’τόν
2598 4873 2710 4943 ἕνα,
2753 4874 2996 4949 πονηρὸν
3049 4869 3107 4926 δὲ
3157 4869 3246 4924 τὸν
3280 4865 3454 4923 ἄλλον
3486 4861 3576 4919 καὶ
3608 4860 3710 4928 τὴν

2064 4971 2234 5026 κτίσιν
2267 4968 2453 5030 αὐτοῖς
2483 4965 2844 5041 συκμέριζεν.

2742 5081 2799 5134 Ὃ
2841 5076 3003 5138 αὐτός
3017 5117 3030 5135 .

2139 5194 2329 5262 Οὗτος,
2383 5192 2546 5267 ἀγνή,
2607 5185 2820 5260 ἅθλιος,
2879 5185 2940 5247 ’ὸς
2993 5181 3085 5238 καὶ
3142 5182 3241 5250 τήν
3301 5179 3568 5252 σάρκωσιν
3601 5174 3714 5267 ,τοῦ

2070 5285 2196 5338 Υῖοῦ
2256 5301 2355 5337 σου
2412 5262 2627 5356 εἷξοηκεν
2682 5275 2736 5332 ἐν
2795 5276 3066 5350 σχήματι,
3121 5269 3222 5326 οὐκ
3275 5262 3716 5356 ἀληθῆ-ταύτην

2071 5372 2280 5444 οἲηθεὶς
2316 5415 2329 5439 ,
2380 5351 2475 5426 καί
2517 5368 2702 5424 παθεῖν
2756 5362 2977 5434 δοκήσει
3019 5360 3179 5417 αὐτὸν
3229 5359 3402 5420 ἀθέως
3453 5351 3722 5444 ἐδίδασκε,

2075 5441 2198 5536 μίαν
2227 5461 2384 5538 φύσιν
2418 5459 2670 5534 εἰσάγων,
2701 5457 2801 5521 τῆς
2852 5453 3107 5524 θεότητος
3150 5449 3347 5524 μόνης.
3377 5453 3486 5516 Τῆς
3528 5441 3722 5518 μανίας

2072 5551 2163 5607 οὖν
2192 5550 2390 5606 τούτου
2422 5545 2638 5626 ῥυσθείη
2649 5566 2764 5620 μεν.

2676 5657 3119 5732 Ἀπολλινάριος.

2149 5778 2318 5847 Σῶμα
2347 5774 2584 5846 Χριστοῦ
2631 5767 2846 5843 ἄψυχον
2889 5762 3072 5839 ἓλεγεν
3120 5759 3548 5837 ’Δπολλινάριος
3593 5760 3721 5828 [ἐπι.
