4130 6360
361 283 482 344 419

1709 273 2040 337 JOANNIS
2082 276 2430 343 ZONARE

3654 270 3789 359 420'

365 431 431 472 ac
461 415 762 482 Satanam,
791 411 1060 468 habitare
1090 409 1151 464 in
1182 407 1442 477 homine,
1484 405 1781 495 simulque
1837 406 2007 462 etiam

2132 429 2185 465 τε
2227 411 2369 484 ὁμοῦ
2417 419 2681 471 συνοικεῖν
2730 420 2809 489 τῷ
2855 419 3149 495 ἀνθρώπῳ,
3205 417 3473 478 διδάσκειν
3531 421 3783 495 τούτους,

366 505 652 576 Spiritum
686 501 929 568 bonum,
962 499 1002 554 ii
1042 500 1413 568 docesnt,per
1442 493 1842 566 insipientiam
1877 495 2018 550 mis-

367 597 564 648 centes
594 608 662 647 ea
691 606 819 662 quis
853 588 1084 646 misceri
1117 590 1456 658 nequeunt;
1497 586 1568 640 ab
1599 601 1802 640 eorum
1863 583 2017 639 blas-

366 680 605 754 phemia
633 679 817 736 libera
847 695 976 746 nos,
1009 695 1041 733 o
1073 678 1244 733 bona.

1095 790 1292 848 Iidem.

433 904 713 960 Garriunt
732 900 911 972 athei,
945 897 1236 955 deteriora
1269 901 1482 952 natura
1529 894 1796 952 comitari
1855 911 2016 951 mor-

363 994 533 1061 tales,
567 1009 632 1048 ac
663 990 906 1063 proinde
947 989 1096 1043 duas
1155 985 1456 1059 possidere
1502 985 1772 1050 animas;
1834 1001 2015 1039 unam

368 1082 703 1140 hominibus
733 1092 1132 1143 communem,
1165 1075 1437 1131 alterram
1463 1091 1668 1129 rursus
1692 1073 2016 1139 caelestem,

366 1169 766 1228 Immaculata.
829 1168 940 1222 Sed
990 1172 1052 1221 tu
1089 1165 1297 1220 animas
1331 1181 1468 1220 meae
1510 1164 1726 1229 tribue,
1752 1168 1815 1217 ut
1863 1164 2016 1218 bona

364 1261 569 1333 eligat.

1103 1371 1295 1427 Iidem.

432 1485 814 1549 Aversantur,
846 1479 1116 1548 Domina,
1179 1477 1440 1533 laborem
1488 1493 1802 1544 manuum,
1857 1476 2017 1533 velut

361 1572 463 1648 qui
495 1571 769 1628 ﬁdelibus
798 1569 1044 1625 minime
1077 1572 1383 1639 congruat:
1407 1582 1541 1621 cum
1576 1565 1791 1622 Paulus
1826 1565 2014 1638 legem

359 1665 525 1733 ferat,
561 1666 625 1716 ut
655 1677 726 1716 ne
759 1675 968 1730 panem
1000 1657 1240 1729 quidem
1275 1657 1633 1712 manducent
1665 1656 1772 1727 jqui
1816 1657 2016 1710 nolunt

357 1753 638 1826 operari‘.
677 1753 956 1804 Prmterea
976 1747 1230 1819 Spiritus
1263 1745 1450 1801 sancti
1476 1759 1790 1816 personam
1849 1743 2017 1802 aiunt

361 1857 534 1916 posse
563 1837 810 1911 suscipi,
841 1836 1011 1910 quasi
1037 1836 1098 1891 in
1129 1851 1328 1892 sensu.

783 1953 904 2009 Ode
932 1954 986 2008 8.
1020 1951 1276 2024 Septuplo
1305 1953 1608 2022 fornacem.

1078 2059 1291 2114 Acrius.

435 2170 610 2227 Prave
640 2167 899 2224 sentiens
949 2167 1176 2231 Acrius,
1210 2180 1323 2220 non
1358 2164 1720 2220 offerendum
1745 2179 1874 2219 esse
1906 2180 2011 2236 pro

361 2257 612 2317 mortuis
645 2257 970 2313 dictitabat.
1002 2256 1200 2326 Neque
1229 2255 1386 2310 enim
1419 2270 1488 2309 ex
1520 2253 1629 2309 hoc
1689 2253 1823 2309 illos
1851 2252 2009 2309 utili-

361 2352 542 2406 tatem
576 2347 756 2404 ullam
786 2363 1010 2418 capere.
1048 2347 1259 2400 lnsane
1289 2345 1464 2398 etiam
1490 2344 1702 2408 aiebat,
1737 2359 1850 2398 non
1883 2359 2012 2398 esse

353 2438 752 2510 jejunandum
785 2441 995 2506 quarta
1041 2439 1099 2489 et
1127 2439 1290 2489 sexta
1323 2433 1483 2487 feria.
1548 2433 1828 2504 Idemque
1858 2432 2014 2487 circa

361 2526 536 2582 ﬁdem
570 2542 700 2581 cum
732 2525 866 2581 Ario
891 2523 1312 2580 consentiebat.
1344 2522 1623 2575 Omnium
1646 2520 1887 2592 Regina,
1938 2519 2011 2575 ab

359 2616 491 2687 ejus
521 2614 823 2684 impietate
853 2613 1012 2685 eripe
1043 2629 1154 2668 me.

897 2730 1108 2785 Paulus
1128 2729 1489 2785 Samolenss's.

426 2839 509 2894 Ex
539 2837 740 2910 impiis
773 2841 973 2892 autem
1020 2834 1182 2890 Pauli
1212 2832 1579 2890 Samosateni
1610 2833 2008 2904 dogmatibus,

351 2927 454 2985 Dei
489 2928 737 3000 Sponsa,
762 2941 999 2999 gregem
1021 2930 1188 2979 tuum
1221 2924 1429 2979 exime.
1487 2923 1632 2978 Nam
1669 2922 1875 2977 Filium
1908 2923 2010 2994 qui

353 3016 508 3074 initii
536 3031 741 3087 expers
772 3019 862 3071 est
891 3031 1026 3071 cum
1079 3014 1302 3068 diceret
1331 3029 1462 3068 esse
1493 3013 1734 3067 verbum
1767 3011 2007 3085 prolati-

351 3105 526 3173 tium,
558 3104 741 3160 Deum
799 3119 934 3158 vero
991 3102 1282 3174 opificem,
1319 3100 1606 3173 Spiritum
1667 3100 1766 3156 illo
1829 3116 2005 3156 usum

352 3194 539 3252 fuisse
566 3198 851 3266 tanquam
884 3192 1298 3260 instrumento,
1325 3190 1476 3245 male
1498 3190 1820 3257 sanciebat,
1840 3205 2006 3245 eum-

352 3284 605 3356 demque
635 3281 802 3338 illum
834 3298 865 3337 e
885 3285 986 3337 tuo
1010 3285 1173 3336 utero
1195 3279 1488 3351 accepisse
1518 3278 1896 3352 principium.

923 3398 1146 3468 Sergius
1174 3396 1450 3468 Pyrrhus.

424 3505 974 3562 Sacratissimorum
1007 3504 1313 3559 doctorum
1345 3503 1578 3558 decreta
1598 3501 1804 3569 secuti,
1855 3503 2004 3557 duas

349 3594 788 3662 voluntates,du
800 3593 1127 3665 plicemque
1141 3590 1536 3664 operationem
1562 3591 1774 3647 Christi
1798 3607 2005 3664 agnos-

350 3683 570 3754 cimus;
595 3683 973 3754 sinimusque
1003 3696 1137 3736 cum
1169 3681 1368 3752 Sergio
1428 3679 1713 3753 Pyrrhum
1747 3697 1812 3736 ac
1841 3680 2000 3752 ejus-

350 3772 485 3828 dem
519 3770 814 3844 opinionis
846 3775 1083 3826 caeteros
1113 3769 1385 3836 delirare,
1424 3769 1518 3824 Dei
1553 3769 1834 3839 Genitrix,
1899 3769 2000 3840 qui

347 3860 698 3934 insipienter
724 3860 930 3916 dicunt
958 3875 1193 3915 carnem
1255 3858 1489 3914 Domini
1547 3863 1842 3931 expertem
1873 3875 2002 3914 esse

343 3947 688 4022 voluntatis,
723 3965 830 4004 nec
862 3948 1076 4004 habere
1105 3947 1530 4021 operationem.

1055 4065 1291 4136 Apelles.

414 4172 660 4228 Unicum
692 4171 1052 4244 principium
1086 4171 1368 4244 praedicat
1423 4171 1664 4243 quidem
1698 4171 1997 4244 Appelles,

343 4262 568 4336 Regina
598 4263 890 4327 omnium,
923 4277 1228 4333 unumque
1269 4277 1610 4332 supremum
1643 4261 1828 4316 Deum
1861 4278 1999 4317 con-

347 4351 588 4418 ﬁtetur;
621 4355 683 4407 at
704 4367 911 4406 rursus
938 4351 1018 4406 ait
1045 4349 1219 4405 illum
1251 4367 1436 4405 unum
1465 4350 1715 4405 alterum
1749 4366 1997 4418 creasse,

349 4456 526 4512 quem
557 4443 615 4496 et
636 4455 878 4512 provum
913 4439 1121 4494 mundi
1155 4438 1422 4510 opiﬁcem
1454 4437 1638 4493 fuisse
1669 4438 1996 4507 constituit;

2127 499 2217 588 καὶ
2275 505 2494 574 Πνεῦμα
2547 505 2609 559 τὸ
2664 505 2858 581 ἀγαθὸν
2896 551 2910 577 ,
2970 506 3022 580 ἐξ
3081 509 3396 588 ἀφροσύνης
3461 512 3786 588 μιγνύοντας

2127 585 2350 663 ἄμικτα·
2377 599 2480 662 τῆς
2514 593 2866 673 βλασφημίας
2898 597 3073 653 αὐτῶν
3109 585 3264 674 ῥῦσαι
3291 601 3466 674 ἡμᾶς,
3513 585 3712 676 ἀγαθή.

2814 750 2883 807 Οἱ
2915 750 3093 808 αὐτοί.

2197 848 2467 906 Λαλοῦσιν
2523 853 2576 908 οἱ
2642 853 2792 910 ἄθεοι
2837 855 2904 911 τὰ
2960 857 3135 934 χείρω
3187 859 3343 937 φύσει
3404 863 3783 936 παρομαρτεῖν

2122 943 2240 1002 τοῖς
2277 940 2518 1017 βροτοῖς·
2564 943 2654 998 καὶ
2703 946 2841 1021 πρὸς
2887 949 3049 1001 τοῦτο
3103 945 3162 1002 δὲ
3209 944 3310 1002 δύο
3363 949 3545 1024 ψυχὰς
3582 954 3782 1018 κεκτῆ-

2125 1040 2268 1098 σθαι,
2298 1032 2398 1100 τήν
2457 1031 2554 1105 μὶν
2612 1032 2919 1109 ἀνθρώποις
2981 1037 3190 1110 κοινὴν,
3248 1038 3349 1107 τὴν
3401 1034 3445 1092 δ’
3501 1036 3567 1093 αὖ
3598 1038 3784 1113 ἑτέραν

2124 1117 2402 1195 οὐράνιον,
2433 1122 2685 1197 ἄχραντε.
2721 1124 2796 1180 Σὺ
2827 1123 2885 1181 δὶ
2909 1129 3065 1202 ψυχῇ
3089 1131 3159 1202 τῇ
3193 1127 3300 1202 ἐμῇ
3324 1125 3477 1183 δίδου
3508 1129 3783 1205 αἱρεῖσθαι

2122 1207 2284 1267 καλά.

2800 1332 2868 1388 Oi
2920 1330 3098 1390 αὐτοί.

2193 1435 2600 1511 Ἐκτρὲπονται,
2679 1436 2984 1510 Δέσποινα,
3040 1441 3140 1509 τήν
3201 1438 3449 1516 ἐργασίαν
3510 1441 3611 1510 τὴν
3664 1445 3777 1495 τῶν

2123 1529 2348 1600 χειρῶν,
2393 1526 2467 1588 ὡς
2511 1531 2724 1589 πιστοῖς
2776 1528 2852 1600 μὴ
2901 1527 3267 1604 ἁρμόζουσαν·
3323 1526 3546 1585 Παύλου
3600 1550 3775 1604 νομο-

2121 1615 2399 1676 θετοῦντος
2431 1614 2574 1688 μηδὲ
2620 1614 2810 1671 ἐσθίειν
2857 1618 3036 1692 ἄρτον.
3087 1619 3316 1674 Δυνατὸν
3368 1615 3426 1673 δὲ
3470 1622 3571 1675 τοῦ
3616 1617 3782 1674 Ηνεύ-

2127 1723 2296 1775 ματος
2345 1699 2610 1775 δέξασθαι,
2643 1705 2718 1767 ὡς
2764 1704 2814 1760 ἐν
2867 1704 3115 1778 αἲσθήσει
3164 1705 3318 1785 φασὶ,
3365 1706 3460 1762 καὶ
3504 1707 3603 1776 τὴν
3641 1705 3778 1763 ὑπό-

2043 1780 2092 1846 Β
2123 1811 2324 1850 στασιν.

2472 1906 2606 1987 ’ῼδή
2637 1916 2706 1980 η’.
2737 1909 3153 1974 Ἑπταπλασίως
3181 1909 3434 1987 κάμινον.

2645 2015 2853 2079 Ἀἑτιος
2887 2019 2944 2086 [l.
2987 2018 3246 2091 'Aépioc].

2194 2125 2379 2183 Κακῶς
2409 2126 2619 2200 φρονῶν
2669 2123 2875 2186 Ἀἑτιος
2923 2125 2997 2197 μή
3050 2121 3160 2180 δεῖν
3210 2124 3539 2204 προσφέρειν
3589 2121 3778 2202 ἔλεγεν

2125 2211 2258 2287 ὑπὲρ
2287 2211 2618 2266 τεθνεώτων·
2656 2209 2924 2286 μηδεμίαν
2958 2208 3141 2284 ὄνησιν
3198 2214 3258 2269 ἐκ
3284 2214 3483 2270 τούτου
3530 2219 3779 2292 καρποῦ-

2123 2302 2242 2355 σθαι
2301 2302 2427 2377 γάρ·
2492 2298 2633 2373 μηδὲ
2691 2302 2940 2373 νηστεύει
3010 2301 3207 2382 ἔφασκε
3278 2301 3389 2359 δεῖν
3445 2303 3499 2359 ἄν
3555 2301 3778 2379 τετράδι

2119 2410 2179 2444 τε
2228 2390 2318 2444 καὶ
2375 2393 2444 2463 τῇ
2500 2386 2628 2464 ἕκτῃ
2685 2389 2957 2469 ἀφρόνως.
3019 2393 3209 2466 Ἀρείῳ
3265 2393 3387 2468 περῖ
3449 2391 3627 2447 πίστιν
3683 2392 3777 2448 καὶ

2123 2477 2282 2540 αὐτὸς
2311 2478 2377 2547 ἦν
2411 2478 2692 2558 ὀμόφρων.
2746 2479 3116 2552 Ηαντάνασσα,
3147 2488 3249 2551 τῆς
3291 2481 3490 2556 τούτου
3522 2481 3678 2558 ῥῦσαί
3711 2503 3780 2555 με

2124 2561 2392 2630 ἀσεϐείας.

2633 2702 2853 2767 Παῦλος
2888 2702 3259 2777 Σαμοσατεύς.

2191 2810 2277 2881 Ἐξ
2316 2805 2522 2864 ἀσεϐῶν
2577 2807 2863 2886 δογμάτων
2919 2807 2976 2870 δὲ
3029 2815 3136 2865 τῶν
3191 2815 3290 2866 τοῦ
3339 2810 3587 2880 Παύλου,
3645 2813 3776 2868 Θεό-

2119 2921 2316 2978 νυμφε,
2369 2903 2466 2955 τοῦ
2516 2900 2901 2974 Σαμοσατὲως,
2959 2898 3146 2970 ἐξελοῦ
3202 2902 3302 2970 τὴν
3360 2900 3602 2974 ποίμνην
3655 2923 3771 2960 σου.

2118 2989 2242 3044 Υἱὸν
2291 2989 2383 3044 τὸν
2433 2987 2784 3064 προάναρχον
2836 2990 3171 3066 προφορικὸν
3222 2990 3324 3065 γὰρ
3382 2989 3545 3066 λόγον
3590 2993 3663 3065 (2)
3693 2991 3772 3047 εί-

2118 3079 2262 3147 πὼν,
2319 3076 2409 3132 καί
2465 3075 2806 3154 δημιουργὸν
2859 3076 2916 3133 δὲ
2960 3077 3053 3135 τὸν
3100 3079 3230 3134 Θεὸν
3263 3123 3278 3149 ,
3327 3083 3509 3141 κακῶς
3556 3083 3770 3152 Πνεῦμα

2119 3168 2418 3244 κεχρῆσθαι
2452 3166 2526 3229 ὡς
2562 3165 2778 3241 ὀργάνῳ
2827 3165 3151 3242 ἐδογμάτιζε
3197 3167 3398 3242 τούτῳ,
3432 3167 3488 3224 ἐκ
3539 3174 3638 3236 τῆς
3667 3173 3765 3236 σῆς

2117 3255 2398 3332 είληφὲναι
2431 3257 2609 3332 ἀρχὴν
2640 3260 2833 3312 τοῦτον
2865 3255 3090 3329 νηδύος.

2683 3391 2936 3466 Σέργιος.
2969 3388 3205 3467 Πύρῥος.

2183 3495 2510 3569 Ἱερωτάτων
2546 3493 2775 3571 δόγμασι
2826 3493 3168 3552 διδασκάλων
3222 3495 3506 3570 ἑπόμενοι,
3547 3493 3642 3551 δύο
3669 3494 3768 3558 τὰς

2113 3583 2363 3658 θελήσεις
2410 3584 2500 3640 καὶ
2551 3582 2752 3654 διπλῆν
2811 3584 3072 3663 ἐνέργειαν
3124 3587 3362 3661 Χριστοῦ
3413 3585 3765 3658 ἔπιστάμεθα·

2112 3675 2204 3730 σὺν
2234 3679 2314 3748 τῷ
2345 3674 2554 3750 Σεργίῳ
2603 3673 2814 3751 Πύῤῥον
2867 3674 3080 3750 ληρεῖν,
3129 3674 3218 3730 καὶ
3266 3675 3396 3738 τοὺς
3441 3672 3769 3749 ὁμοδόξους,

2111 3766 2364 3834 Θεοτόκε,
2411 3763 2622 3833 ἔῶντες,
2666 3763 2794 3826 τοὺς
2845 3763 3105 3840 λέγοντας
3151 3765 3250 3833 τὴν
3293 3763 3462 3841 σάρκα
3506 3768 3604 3820 τοῦ
3659 3771 3764 3818 Κυ-

2111 3853 2232 3930 ρίου
2307 3853 2557 3931 ἀφρόνως
2632 3851 2897 3925 ἀθὲλητον
2981 3855 3245 3930 ὑπάρχειν
3279 3897 3293 3922 ,
3355 3852 3622 3931 ἐνέργειαν
3680 3853 3758 3926 μὴ

2109 3940 2254 4020 ἔχειν
2264 3985 2276 3998 .

2784 4057 3083 4128 Ἀπελλῆς.

3457 4165 3486 4186 γ

2178 4165 2319 4222 Μίαν
2380 4166 2560 4241 ἀρχὴν
2620 4164 2874 4240 κηρύττει
2937 4165 3031 4238 μὶν
3093 4163 3391 4238 Ἀπελλῆς,
3449 4165 3494 4219 ὦ
3553 4161 3763 4221 Παντά-

2107 4276 2294 4310 νασσα’
2353 4253 2446 4311 ἕνα
2499 4275 2558 4310 τε
2614 4255 2743 4310 Θεὸν
2805 4253 3073 4330 ὁμολογεῖ
3121 4253 3416 4310 ἀνώτατονο
3457 4254 3548 4309 τὸν
3579 4250 3676 4308 ἵνα
3705 4249 3766 4307 δὶ

2105 4341 2290 4420 ἕτερον
2322 4343 2681 4413 πεποιηκέναι
2728 4341 2904 4410 αὖθις,
2955 4341 3118 4420 φησὶν
3167 4343 3228 4398 ὃν
3273 4353 3349 4405 ως
3396 4342 3637 4418 πονηρὸν
3669 4338 3768 4413 δη-

2114 4434 2374 4510 μιουργὸν
2425 4433 2748 4509 γεγενῆσθαι
2793 4436 2890 4487 τοῦ
2937 4431 3150 4505 κόσμου
3203 4430 3546 4507 δογματίζει·
3593 4451 3770 4500 πονη-

346 4543 481 4583 cum
515 4529 640 4601 ipse
672 4544 887 4600 pravus
919 4528 1374 4600 sit,ingrataque
1404 4533 1693 4597 creatura,
1713 4528 1837 4584 solo
1871 4528 2004 4601 igne

2132 4523 2205 4586 ›ὸς
2371 4507 2593 4594 ἰκεῖνος,
2653 4521 2950 4598 ἀχάριστόν
3005 4541 3064 4576 τε
3120 4519 3343 4594 κτίσμα,
3403 4519 3574 4597 πυρὸς
3619 4519 3770 4592 ἄξιον

347 4616 546 4689 digna.

319 4731 466 4790 .Ode
491 4732 545 4787 9.
581 4732 870 4804 Obstupuit
889 4732 1088 4787 cwlum
1115 4746 1283 4802 super
1302 4731 1419 4799 hoc,
1451 4735 1505 4787 et
1532 4735 1702 4788 terra
1722 4735 2002 4800 extrema,

938 4806 1298 4859 consternata
1327 4811 1474 4859 sunt.

995 4911 1100 4966 Leo
1127 4911 1374 4966 Isauras.

418 5017 902 5075 Vensrandarum
938 5016 1266 5088 imaginum
1315 5015 1536 5071 cultum
1561 5017 1860 5088 prohibuit
1891 5019 2004 5076 Leo

350 5107 738 5164 Isaurus.Hic
781 5106 937 5162 enim
999 5110 1162 5177 origo
1222 5105 1740 5162 lconomachorum
1793 5110 2002 5178 factus,

419 5252 437 5286 ί
473 5249 522 5305 II
548 5249 747 5304 Thess.
785 5263 870 5316 III,
906 5247 993 5302 13.

2117 4611 2280 4686 μόνον
2292 4657 2304 4670 .

2115 4727 2246 4807 ’ῼδὴ
2296 4731 2360 4789 θ’.
2412 4729 2632 4800 Ἐξέστη
2680 4727 2769 4784 ἐπὶ
2817 4730 3058 4807 ταῦταὸ
3107 4727 3356 4804 οὐρανὸς,
3405 4729 3494 4783 καὶ
3533 4734 3635 4798 τῆς
3666 4734 3774 4805 γῆς

2772 4798 3090 4875 κατεπλάγη
3102 4843 3114 4857 .

2685 4906 2835 4963 Λέων
2867 4909 2896 4962 ὁ
2927 4909 3196 4983 Ἰσαυρος.

2186 5012 2426 5075 Είκὸνων
2470 5015 2572 5085 τήν
2616 5014 2953 5092 προτίμησιν
3014 5017 3122 5070 τῶν
3181 5016 3390 5069 σεπτῶν
3446 5009 3757 5069 ἀπεκώλυσε

2116 5105 2266 5162 Λέων
2298 5107 2326 5160 ὁ
2353 5111 2605 5180 ’Ίσαυρος
2637 5102 2814 5166 οὗτος·
2868 5103 3018 5180 ἀρχὴ
3073 5107 3179 5157 τῶν
3232 5102 3624 5177 Εἶκονομάχων
3652 5095 3756 5172 γὰρ

1621 5341 1825 5402 Varias
1859 5343 2158 5405 lectiones
2202 5345 2266 5403 et
2297 5345 2491 5400 notas.

421 5488 872 5580 Ηρσφορικὸν
925 5485 1110 5580 λογον.
1166 5495 1244 5546 Ex
1301 5491 1866 5580 MerionMercatore,
1929 5512 1986 5567 p.

353 5562 479 5636 166,
510 5560 842 5636 προφορἰκρν
870 5560 960 5615 καὶ
1008 5560 1404 5636 ἐξουσιαστικρν
1461 5563 1572 5636 (ita
1618 5560 1860 5636 quippe'
1893 5560 1990 5622 ch-

353 5579 479 5626 100,
510 5579 690 5635 προφο
732 5581 842 5615 ικον
870 5579 960 5615 και
1009 5579 1031 5616 ε

351 5579 724 5705 ειίειωᾶυιης
747 5627 912 5705 λόγον
944 5633 1031 5688 καὶ

2097 5491 2428 5572 potestatisL
2452 5490 2761 5572 ejfecﬁvum
2828 5489 3080 5572 veli-lium,
3115 5505 3173 5572 ρ.
3233 5487 3354 5572 50_:

2099 5559 2510 5638 "potentizpoei,
2540 5562 2763 5634 efﬁcax,
2795 5577 2853 5632 p.
2885 5561 3012 5630 144,
3047 5559 3181 5630 1ιὸ,
3209 5559 3550 5631 prolalivum
3602 5566 3774 5630 atque

747 5627 912 5709 λόγον
944 5627 1429 5710 καῖ’ἐνεργητικὸν,
1456 5627 1515 5690 id
1546 5627 1996 5708 est'pr'olan'vum
2099 5627 2525 5708 "imperativum.

3411 5485 3776 5557 prolalitium
