4130 6374
351 312 468 374 421

1414 302 1835 370 EXPOSITIO
1876 303 2255 366 GANONUM
2301 300 2750 366 DAMASCENI

3659 308 3778 369 422

345 446 612 524 γεγονὼς,
671 444 764 499 σὸν
841 450 1163 520 χαρακτῆρα
1214 443 1483 515 πάντιμον
1514 486 1528 512 ,
1586 439 1676 498 καὶ
1745 439 1838 496 τὸν
1911 442 2052 509 τοῦ]

2128 442 2290 494 tuum
2321 439 2719 494 characterem
2749 438 2909 494 omni
2931 438 3151 495 honore
3188 439 3456 513 dignum,
3487 440 3775 514 illumque

343 536 477 590 Υἱοῦ
533 555 631 588 σου
702 533 794 587 τὸν
852 539 954 601 τῆς
1005 533 1201 606 σαρκὸς
1262 533 1520 600 κατέσπα,
1581 531 1812 585 Θεοτόκε
1845 574 1860 600 ,
1919 527 2008 583 καὶ

340 622 559 680 πάντων
592 625 699 677 τῶν
739 620 922 698 ἁγίων.
957 621 1042 691 Ἐξ
1072 615 1316 683 ἀσεϐείας
1345 621 1414 690 ἧς
1450 619 1794 696 ῥυσθιίημιν.

1012 735 1334 812 Βογόμιλοι.

417 847 559 902 Δαὸν
617 844 674 899 ’ὃν
737 841 1084 920 ἐλυτρώσατο
1144 844 1238 906 σὸς
1296 844 1444 912 Υἱὸς,
1504 839 1774 919 βδελυρᾶς
1832 840 2007 917 ῥῦσαι,

347 936 519 1013 Κόρη,
587 934 846 1009 αἱρέσεως
904 937 1240 1008 νεοφανοῦς,
1295 935 1394 1002 τῆς
1451 936 1556 987 τῶν
1634 929 1957 1007 Βογομίλων
1993 949 2006 964 ·

356 1024 508 1100 οἹπερ
556 1021 683 1101 φασί
732 1023 795 1077 τὸ
844 1026 941 1077 τοῦ
995 1023 1288 1096 ἀνθρώπου
1336 1026 1496 1095 σῶμα
1529 1022 1622 1096 μὲν
1669 1020 1836 1093 μόνου
1866 1018 2008 1074 πλά-

355 1136 465 1188 σμα
493 1116 626 1168 εἷναι
657 1116 756 1166 τοῦ
783 1116 1050 1187 πονηροῦ*
1101 1113 1285 1186 ψυχὴν
1338 1109 1395 1166 δὲ
1441 1112 1506 1166 αὖ
1535 1110 1822 1187 τυγχάνειν
1875 1113 2009 1163 Θεοῦ

355 1202 691 1278 ἐπουρανίου·
725 1202 907 1257 κοινὸν
945 1199 1002 1255 δέ
1032 1201 1237 1280 ἀμφοῖν
1273 1200 1402 1256 Θεὸν
1438 1200 1498 1256 o3
1533 1201 1802 1276 λεγουσιν.

1044 1319 1112 1376 Οἱ
1143 1317 1314 1375 αὐτοί.

419 1426 535 1481 Οὐκ
592 1426 725 1480 εἶναι
787 1422 1178 1500 δογματίζουσι
1233 1425 1325 1479 τὸν
1403 1424 1548 1493 new,
1609 1422 1738 1479 οὐδὲ
1792 1429 2008 1497 Πνεῦμα

347 1516 589 1591 ἀρχῆθεν
623 1514 685 1568 τὸ
716 1513 892 1591 ἅγιον·
943 1512 1163 1588 ὕστερον
1221 1510 1277 1568 δὲ
1324 1513 1566 1588 γέννημα
1615 1513 1822 1588 Πατρὸς
1854 1513 2009 1588 γενι-

345 1613 467 1668 σθαι
502 1603 642 1658 Υἱόν·
697 1602 826 1657 Υἱοῦ
872 1599 930 1657 δὲ
975 1599 1126 1665 αὖθις
1173 1603 1416 1678 γέννημα
1463 1605 1684 1676 Πνεῦμα
1729 1603 1792 1657 τὸ
1843 1601 2009 1657 πανά-

340 1710 484 1770 γιον’
538 1689 843 1770 σφαλερῶς.
900 1692 1092 1764 Ἡμεῖς
1146 1688 1204 1746 δὲ
1248 1690 1336 1746 καὶ
1393 1693 1462 1746 τὰ
1515 1689 1642 1767 τρία
1696 1692 2008 1768 συνάναρχα

341 1785 577 1856 νοοῦμεν
606 1780 697 1835 καὶ
726 1783 1161 1853 προσκυνοῦμεν,
1194 1779 1587 1858 Θεονόμφευτε.

1060 1895 1286 1954 Ἰταλοί.

420 2005 753 2075 Σκιπάσαις,
811 2004 886 2058 ὧν
942 2004 1197 2080 Παρθένε,
1257 2003 1498 2076 ποίμνην
1556 2004 1656 2072 τὴν
1715 2005 1851 2074 σὴν,
1909 2005 2001 2058 καὶ

347 2091 530 2163 δεινῆς
572 2093 906 2164 ἀποστήσαις
961 2091 1218 2168 αἱρέσεως
1274 2093 1381 2147 τῶν
1443 2091 1689 2163 Ἰταλῶν,
1749 2090 1844 2146 δύο
1905 2092 1998 2166 μὲν

345 2185 524 2260 ἀρχὰς
581 2184 667 2238 ἐπὶ
723 2190 822 2252 τῆς
888 2189 1015 2255 μιᾶς
1063 2181 1501 2257 δογματιζόντων
1560 2182 1791 2260 φύσεως,
1841 2180 2003 2236 Πνεύ-

349 2294 521 2346 ματος
555 2270 734 2334 διττὰς
769 2269 826 2325 δὲ
882 2276 980 2326 τοῦ
1026 2276 1368 2346 παντουργοῦ
1422 2269 1691 2346 λεγόντων
1744 2271 2001 2346 ἐκπορεύ-

345 2383 481 2431 σεις,
515 2361 676 2432 ξένως
705 2362 792 2415 καὶ
844 2361 1147 2430 ἀσυνήθως·
1201 2359 1380 2436 ὦνπερ
1427 2367 1527 2430 τῆς
1586 2359 1799 2430 πλάνης
1857 2363 2004 2432 ἡμᾶς

345 2449 646 2528 λύτρωσαι.

2123 527 2255 582 Filii
2285 528 2390 594 tui,
2412 527 2473 582 in
2501 543 2676 583 carne
2703 527 2996 598 videlicet,
3028 534 3084 584 et
3117 529 3382 584 omnium
3411 536 3773 599 sanctorum,

2119 616 2480 682 dilaceravit,
2508 616 2776 688 Deipara.
2814 618 2854 672 Δ
2886 633 3001 688 qua
3025 617 3324 690 impietate
3363 619 3701 676 liberemur.

2815 733 3105 805 Bogomili.

2193 837 2474 910 Populum
2509 854 2686 910 quem
2718 838 2967 894 redemit
2993 840 3170 895 Filius
3195 845 3350 905 tuus,
3383 840 3582 912 Virgo,
3613 846 3778 898 tuere

2117 927 2190 982 ab
2222 927 2575 982 exsecranda
2612 928 2813 982 haeresi
2866 943 3067 983 recens
3117 934 3266 996 orta,
3292 929 3724 1002 Bogomilorum
3759 947 3775 989 :

2118 1015 2212 1086 qui
2239 1015 2480 1088 quidem
2507 1015 2716 1071 docent
2746 1015 3002 1072 hominis
3027 1034 3240 1089 corpus
3271 1018 3457 1074 solius
3478 1018 3778 1092 meliopus

2117 1121 2245 1160 esse
2282 1130 2295 1172 ;
2329 1112 2389 1160 at
2409 1121 2542 1159 vero
2575 1106 2858 1175 animam,
2918 1106 3173 1163 ccelestis
3204 1109 3301 1164 Dei
3339 1125 3352 1175 ;
3397 1125 3773 1164 communem

2118 1199 2316 1248 autem
2345 1193 2658 1264 utriusque
2681 1198 2856 1249 Deum
2884 1211 2998 1250 non
3031 1202 3379 1267 agnoscunt.

2859 1311 3050 1367 Iidem.

2184 1416 2300 1473 Nec
2330 1417 2544 1473 Filium
2579 1434 2682 1474 nec
2711 1418 2997 1489 Spiritum
3031 1423 3301 1476 sanctum
3333 1423 3405 1476 ab
3456 1421 3622 1478 initio
3647 1437 3777 1480 esse

2115 1508 2361 1573 docent;
2395 1508 2496 1562 sed
2531 1512 2728 1578 postea
2767 1507 2954 1564 Patris
2983 1509 3314 1580 genituram
3331 1511 3512 1567 fuisse
3542 1510 3773 1581 Filium;

2114 1612 2322 1651 rursus
2353 1601 2549 1652 autem
2582 1596 2704 1650 Filii
2757 1598 3202 1653 sanctissimum
3233 1600 3516 1671 Spiritum
3548 1603 3776 1670 genitu-

2115 1702 2239 1740 ram
2276 1703 2290 1753 ;
2325 1683 2474 1740 falsa
2505 1685 2818 1741 sententia.
2853 1686 2970 1743 Nos
3002 1703 3172 1758 porro
3221 1688 3335 1743 tria
3380 1689 3594 1760 pariter
3621 1691 3775 1746 initii

2037 1819 2084 1884 Β
2113 1774 2374 1846 expertia
2405 1775 2818 1846 cognoscimus
2847 1779 2905 1831 et
2950 1777 3288 1846 adoramus,
3332 1794 3364 1835 o
3392 1782 3620 1852 Sponsa
3649 1781 3770 1838 Dei.

2863 1893 3026 1950 Itali.

2184 2006 2450 2075 Protege,
2482 2003 2680 2076 Virgo,
2715 2003 2862 2060 ovile
2894 2006 3087 2071 tuum,
3121 2009 3298 2077 atque
3328 2011 3521 2063 averte
3548 2024 3582 2064 a
3610 2008 3775 2080 gravi

2115 2091 2640 2159 haeresiltalorum,
2673 2094 2774 2166 qui
2804 2093 2862 2148 in
2898 2094 3072 2149 unica
3104 2098 3314 2151 natura
3339 2097 3456 2153 duo
3487 2097 3777 2170 principia

2114 2182 2459 2247 decernunt,
2518 2183 2786 2253 duasque
2830 2183 3082 2253 Spiritus
3146 2190 3490 2241 cunctorum
3547 2187 3774 2258 opiﬁcis

2116 2272 2518 2341 processiones
2550 2277 2792 2342 ponunt,
2839 2272 3093 2328 absurde
3141 2289 3207 2328 ac
3240 2290 3382 2329 nove
3414 2291 3427 2330 :
3462 2292 3495 2330 a
3523 2291 3773 2346 quorum

2116 2375 2309 2416 errore
2332 2378 2437 2416 nos
2460 2360 2663 2416 libera.

859 2777 1936 2952 ΙΩΑΝΝΟΥ
2105 2777 3274 2952 ΜΟΝΑΧΟΥ

1639 3065 1888 3161 ΤΟΥ
1979 3063 2485 3159 ΖΩΝΑΡΑ

814 3246 1209 3304 ΓΕΓΟΝΟΤΟΣ
1251 3245 1573 3302 ΜΕΓΑΛΟΥ
1612 3247 2074 3304 ΔΡΟΥΓΓΑΡΙΟΥ
2108 3249 2242 3299 ΤΗΣ
2283 3245 2534 3302 ΒΙΓΛΑΣ
2579 3248 2690 3302 ΚΑΙ
2731 3248 3315 3306 ΠΡΩΤΟΣΕΚΡΗΤΟΥ

1890 3363 2246 3419 ΕΞΗΓΗΣΙΣ

351 3527 614 3624 ΤΩΝ
651 3528 1566 3625 ΑΝΑΣΤΑΣΙΜΩΝ
1634 3529 2252 3627 ΚΑΝΟΝΩΝ
2298 3530 2554 3626 ΤΩΝ
2610 3532 2860 3628 ΤΟΥ
2902 3534 3775 3632 ΔΑΜΑΣΚΗΝΟΥ

1314 3708 1439 3782 περὶ
1469 3707 1692 3771 κανόνος
1723 3708 1812 3763 καὶ
1845 3709 2040 3786 είρμοῦ
2073 3709 2160 3764 καὶ
2184 3707 2485 3785 τροπαρίου
2513 3709 2604 3764 καὶ
2635 3707 2805 3782 ᾠδῆς.

1053 3835 1282 3912 Εἴρηται
1313 3834 1371 3891 δὲ
1396 3838 1659 3914 πρότερον
1695 3839 1790 3911 μὲν
1836 3838 2323 3913 συνοπτικώτερον,
2356 3838 2468 3893 εἶτα
2495 3838 2584 3894 καὶ
2615 3837 3058 3916 πλατυκώτερον.

1133 4009 2100 4306 JOANNIS_

2113 4139 2985 4308 ZONAR/E

880 4389 1000 4456 QUI
1033 4389 1200 4446 FUIT
1259 4389 1557 4446 MAGNUS
1613 4389 2074 4448 DRUNGABIUS
2105 4390 2404 4446 VIGlLUM
2438 4391 2527 4447 ET
2563 4391 3197 4466 PROTOASECRETIS,

333 4531 940 4628 EXPOSITI
958 4532 1032 4626 Ο
1113 4533 1373 4629 CAN
1381 4531 1748 4628 ONUM
1823 4532 2009 4628 AN
2015 4533 2950 4632 ASTASIMORUM
3017 4539 3720 4636 DAMASCEN
3734 4539 3777 4633 Ι

1460 4715 1550 4777 De
1577 4734 1819 4791 canone,
1855 4715 2077 4790 hirmo,
2115 4717 2385 4797 tropari'o
2415 4726 2470 4777 et
2514 4715 2648 4778 oda.

1227 4857 1402 4907 Primo
1427 4857 1646 4920 quidem
1664 4869 1758 4921 per
1790 4857 2186 4921 compendium,
2217 4857 2412 4908 deinde
2441 4858 2614 4909 fusius
2642 4863 2899 4911 tractatur

1625 4981 1776 5052 (Mai.
1812 4978 2005 5052 Spicil.
2039 4981 2190 5038 Rom.
2225 4983 2356 5037 tam.
2407 4983 2503 5054 γ.)

412 5249 566 5308 Ἐπεὶ
622 5251 866 5306 κανόνων
923 5249 1187 5326 ἑρμηνεία
1235 5248 1345 5305 ἐστὶ
1393 5250 1456 5305 τὸ
1497 5251 1668 5326 παρὸν
1698 5249 2052 5326 σύνταγμα,(

2190 5252 2333 5308 Cum
2367 5269 2660 5310 canonum
2694 5255 3097 5327 interpretatio
3149 5258 3226 5314 sit
3255 5258 3560 5330 presentis
3582 5256 3776 5331 operis

338 5341 458 5418 χρὴ
490 5339 580 5394 καὶ
611 5339 732 5416 περὶ
794 5339 924 5395 αὐτὸ
978 5339 1042 5394 τὸ
1099 5334 1275 5413 ὄνομα
1329 5342 1427 5394 τοῦ
1465 5338 1710 5412 κανόνος,
1762 5339 1852 5394 καὶ
1904 5339 2005 5408 τήν

337 5433 441 5486 ⁶τοῦ
475 5428 672 5506 εἱρμοῢ
701 5430 788 5484 καὶ
821 5435 921 5499 τῆς
972 5424 1121 5500 ᾠδῆς
1170 5425 1394 5496 κλῆσιν,
1423 5425 1500 5482 ἔτι
1535 5426 1591 5483 δὲ
1629 5429 1716 5482 καὶ
1749 5431 1848 5482 τοῦ
1877 5447 2004 5501 τρο-

337 5519 568 5592 παρίου,
611 5517 670 5572 ἐκ
717 5516 924 5572 τούτων
969 5518 1072 5592 γὰρ
1125 5516 1471 5592 ἀπαρτίζεται
1520 5519 1548 5572 ὁ
1595 5515 1795 5585 κανὼν,
1851 5515 2004 5595 φιλο-

343 5613 586 5686 σοφῆσαι
615 5609 782 5681 ἡμᾶς·
815 5610 984 5662 ταῦτα
1041 5603 1098 5661 δὲ
1150 5605 1217 5661 τὰ
1269 5605 1510 5680 ὀνόματα
1559 5607 1720 5662 οἱονεὶ
1775 5605 2005 5681 τεχνικὰ

2120 5357 2355 5414 scopus,
2389 5344 2458 5398 de
2487 5342 2613 5414 ipso
2653 5345 2897 5401 canonis
2931 5347 3188 5416 nomine,
3247 5347 3438 5419 seriei,
3499 5347 3643 5413 ode,
3693 5345 3776 5402 ai-

2118 5429 2243 5485 mul
2275 5447 2340 5486 ac
2361 5433 2600 5503 troparii
2633 5432 3109 5490 denominatione
3129 5438 3220 5508 (ex
3250 5436 3380 5493 istis
3409 5436 3568 5492 enim
3598 5435 3778 5509 perﬂ-

2118 5518 2271 5575 citur
2309 5522 2543 5592 canon).
2600 5522 2770 5577 nobis
2830 5522 3238 5579 disserendum
3305 5525 3583 5582 estzista
3642 5541 3775 5582 vero

2117 5609 2380 5682 nomina,
2413 5615 2614 5682 utpote
2673 5609 2756 5665 rei
2809 5611 3066 5682 propria,
3100 5630 3134 5668 a
3166 5613 3452 5686 principio
3483 5614 3774 5671 deﬁniun-
