4130 6360
417 385 536 449 423

1763 367 2092 433 JOANNIS
2134 367 2479 433 ZONARJE

3705 385 3827 450 424

407 531 526 585 tur.
555 515 743 572 Series
774 513 954 587 igitur
984 516 1074 568 est
1102 506 1411 566 harmonia
1459 505 1725 578 quasdam
1757 502 1970 560 cantici
2001 501 2030 557 ii

2145 502 2246 592 ,τῇ
2314 499 2567 592 ὑποθέσει
2618 499 3161 580 παραλαμϐάνονται.
3204 507 3266 566 Ὁ
3326 511 3421 583 μὶν
3483 511 3575 568 οὗν
3636 514 3833 592 εἰρμὸς

407 601 1023 679 οοωροεὶὶίοηθ,νιιοὶε
1057 598 1380 655 articulatm
1414 601 1470 649 et
1502 594 1846 665 signiﬁcat
1879 597 2064 648 metro

405 697 762 770 quodam,et
791 691 1148 765 syllabarum
1183 687 1530 756 quantitate,
1565 684 1635 738 ad
1671 699 1848 754 quam
1871 687 2064 752 tropa-

401 785 490 842 ria
519 785 677 840 dicta
708 781 970 854 proxime
989 775 1402 834 accedunt.Est
1435 777 1631 828 autem
1665 771 1844 826 series
1865 774 1923 825 et
1951 774 2063 825 tro-

404 873 704 948 pariorum
736 876 795 926 et
846 883 1135 924 canonum
1196 862 1547 936 principium
1583 878 1594 917 :
1630 877 1762 916 cum
1805 859 2063 931 troparia

405 979 509 1037 per
537 962 747 1018 seriem
769 956 1229 1032 rcgularizentur
1259 957 1314 1009 et
1345 951 1414 1007 ad
1447 950 1632 1018 illam,
1668 954 1733 1004 ut
1761 949 1832 1004 ad
1866 965 2058 1004 exem-

405 1052 591 1125 plum,
625 1049 1052 1120 componantur
1075 1047 1132 1099 et
1162 1043 1232 1098 ad
1251 1040 1620 1097 harmoniam
1647 1056 1711 1095 ac
1745 1037 2054 1094 melodiam

405 1140 766 1211 redigantur.
804 1135 1025 1192 Dicitur
1055 1133 1236 1188 series
1268 1131 1408 1204 quia
1437 1129 1758 1186 secundum
1793 1126 2054 1198 regulam

402 1229 742 1301 quamdam,
801 1230 858 1281 et
910 1221 1330 1294 compositione
1386 1225 1441 1275 et
1492 1216 1887 1274 modulatione
1917 1233 2054 1271 con-

398 1317 672 1372 cinnatur
690 1319 747 1370 et
775 1312 1146 1370 connectitur
1174 1315 1232 1365 et
1265 1308 1586 1364 harmonia:
1613 1306 1830 1378 regulis
1849 1304 2051 1376 dirigi-

397 1411 514 1471 tur,
550 1422 664 1461 non
707 1410 902 1460 autem
943 1406 1009 1457 ut
1042 1404 1158 1456 i'ors
1189 1399 1408 1454 tulerit.

462 1511 806 1584 Troparium
839 1525 972 1564 vero
1003 1507 1219 1562 dicitur
1256 1506 1389 1574 quia
1411 1504 1482 1558 ad
1515 1503 1689 1558 istam
1721 1519 1782 1558 se
1809 1517 2048 1558 conver-

390 1603 463 1658 tit
489 1601 792 1673 vergitque
821 1603 878 1654 et
934 1597 1146 1653 seriem
1199 1595 1374 1650 habet
1407 1597 1470 1648 ut
1520 1591 1912 1663 exemplarem
1945 1591 2047 1645 ab-

390 1690 762 1761 solutamque
797 1702 1036 1742 causam
1065 1701 1077 1740 :
1119 1685 1404 1738 rationem
1453 1687 1646 1736 autem
1680 1685 1837 1735 tenet
1867 1697 2044 1751 quam

387 1780 449 1836 in
483 1777 736 1852 singulis
764 1793 948 1832 canon
983 1775 1054 1830 ad
1100 1774 1329 1828 diversa
1376 1769 1692 1826 statuenda
1719 1787 1732 1825 :
1759 1769 2044 1840 quemad-

2175 590 2411 681 ‘ippovia
2439 591 2523 654 τίς
2554 591 2664 648 ἐστι
2699 593 2900 665 μέλους
2950 593 3002 650 ἐν
3052 599 3317 673 συνθήκῃ,
3352 604 3532 678 φωνῆς
3567 590 3831 681 ἐνάρθρου

2171 698 2228 732 τε
2270 679 2361 767 καὶ
2413 689 2756 753 σημαντικῆς
2808 683 3098 757 εύρημένῳ
3138 687 3241 740 τινὶ
3289 689 3473 764 μέτρῳ
3519 692 3610 746 καὶ
3668 679 3832 767 ποσῷ

2173 766 2473 860 μεγέθους-
2512 769 2746 860 περὶῗῆν
2805 772 2872 826 τὰ
2936 771 3204 848 λεγόμενα
3253 780 3524 854 τροπάρια
3573 766 3831 860 άναφέρεέ

2168 876 2277 910 ταιο
2313 857 2479 912 οἷονεί
2531 853 2588 913 δέ
2637 859 2786 936 ἀρχὴ
2830 865 2938 916 τῶν
2987 863 3299 938 τροπαρίων
3359 853 3471 922 ἐστὶ
3515 869 3606 924 καὶ
3659 853 3830 926 κανόο

2167 963 2297 1000 νων¹
2333 944 2445 1001 ἐπεὶ
2503 947 2569 1002 τὰ
2623 949 2890 1024 τροπάρια
2945 947 3033 1004 διὰ
3087 956 3183 1007 τοῦ
3238 955 3431 1027 εἱρμοῢ
3487 959 3829 1030 κανονίζεται

2167 1033 2257 1086 καὶ
2319 1032 2633 1109 ῥυθμίζεται
2691 1034 2829 1110 πρὸς
2887 1035 3070 1106 αὐτὸν,
3131 1041 3206 1102 ὡς
3262 1041 3401 1116 πρὸς
3462 1043 3775 1122 ὑπόδειγμα
3813 1093 3829 1119 ,

2167 1123 2522 1196 συντιθέμενα
2576 1125 2666 1178 καὶ
2723 1125 3075 1200 ἀρμοζόμενά
3129 1149 3186 1184 τε
3243 1131 3330 1185 καὶ
3393 1131 3820 1208 μελῳδούμευαο

2167 1208 2381 1286 λέγεται
2433 1213 2461 1268 6
2514 1213 2608 1286 μὲν
2651 1213 2864 1291 εῗρμὸς,
2916 1215 3001 1271 ὅτι
3047 1218 3182 1272 κατὰ
3209 1218 3354 1292 τάξιν
3407 1223 3530 1277 τινὰ
3558 1225 3648 1279 καὶ
3693 1247 3826 1280 συν-

2165 1301 2306 1355 Θέσει
2357 1302 2446 1356 καὶ
2502 1302 2801 1378 μελουργίᾳ
2859 1304 3120 1380 ἐρόμενος
3177 1310 3260 1363 καὶ
3329 1308 3669 1385 πλεκόμενος
3728 1315 3822 1371 καὶ

2161 1390 2535 1466 ἁρμοζόμενος
2567 1394 2802 1469 πρόεισι,
2834 1395 2923 1449 καὶ
2955 1395 3062 1471 οὐχ
3093 1398 3166 1458 ὡς
3197 1395 3378 1473 ἔτυχε.

2232 1500 2543 1575 Τροπάριον
2623 1497 2681 1554 δὲ
2746 1499 2829 1557 ὅτι
2905 1503 3039 1577 πρὸς
3095 1503 3294 1559 ἐκεῖνον
3365 1506 3661 1582 τέτραπται
3725 1513 3818 1567 καὶ

2157 1588 2390 1654 νένευκε,
2421 1589 2513 1642 καὶ
2552 1590 2647 1644 τὸν
2697 1590 2887 1665 εἱρμὸν
2937 1586 3052 1667 ἔχει
3103 1593 3268 1648 οἱονεὶ
3325 1594 3819 1674 παραδειγματιγὸν

2155 1677 2244 1731 καὶ
2300 1676 2646 1734 τελειωτικὸν
2705 1676 2902 1734 αἴτιονο
2961 1679 3122 1756 λόγον
3175 1678 3232 1736 δέ
3280 1680 3396 1758 ἔχει
3449 1685 3508 1739 ’ὸν
3549 1687 3578 1740 6
3608 1686 3659 1741 ἐν
3692 1689 3817 1744 ἐκά-

2157 1785 2302 1826 στοις
2335 1767 2506 1820 κανὼν
2539 1767 2674 1842 πρὸς
2723 1767 2788 1822 τά
2831 1769 3228 1842 πανονιζόμενα
3278 1769 3530 1851 διάφορα·
3587 1776 3664 1839 ὡς
3705 1779 3816 1854 γὰρ

388 1869 730 1925 momodum
762 1865 920 1922 enim
951 1879 1136 1920 canon
1178 1861 1238 1917 in
1269 1859 1402 1916 aliis
1433 1857 1602 1914 aliter
1642 1875 1705 1914 se
1732 1857 1926 1926 habet,
1961 1857 2030 1914 sic

2155 1855 2182 1908 6
2215 1855 2389 1909 κανὼν
2421 1855 2510 1910 καὶ
2541 1855 2736 1920 ἄλλοις
2770 1857 2822 1912 ἐν
2856 1855 3072 1929 ἄλλοις,
3105 1858 3247 1915 οὕτω
3277 1866 3405 1937 γοῦν
3431 1862 3522 1918 καὶ
3554 1865 3583 1918 6
3616 1867 3810 1940 είρμὸς

387 1958 571 2014 series
599 1958 885 2028 quantum
918 1952 989 2008 ad
1022 1950 1299 2022 troparia.

457 2063 580 2118 Oda
608 2067 666 2118 et
695 2077 878 2116 canon
911 2059 1157 2114 odarum
1179 2061 1268 2112 est
1299 2056 1497 2128 plures
1528 2054 1868 2111 continens:
1905 2071 2041 2110 nam

384 2169 575 2224 usque
630 2153 702 2206 ad
736 2165 939 2205 novem
983 2147 1242 2219 procedit
1269 2147 1413 2201 odas
1455 2163 1468 2200 :
1504 2143 1798 2211 siquidem
1832 2160 2040 2198 nume-

383 2258 485 2297 rus
517 2241 798 2298 nonarius
829 2251 1165 2309 supremam
1197 2233 1585 2305 quantitatem
1608 2231 2040 2304 constituit,qui

384 2333 578 2384 autem
613 2331 941 2399 sequuntur
970 2324 1283 2391 decenarii,
1348 2321 1685 2384 centenarii,
1729 2319 2040 2376 millenarii

383 2422 441 2474 et
470 2417 662 2472 decies
696 2412 1306 2482 millenarii,similiter
1337 2410 1660 2482 procedunt
1691 2415 1753 2464 ut
1785 2409 2041 2466 unitates

384 2523 572 2578 usque
621 2507 691 2561 ad
751 2519 979 2573 novem,
1041 2501 1356 2557 nimirum:
1402 2519 1414 2550 t
1448 2518 1482 2551 κ
1511 2496 1543 2552 λ
1582 2519 1621 2569 μ
1657 2520 1683 2550 ν
1717 2499 1790 2568 Eo
1823 2496 1918 2574 πι,
1950 2516 1977 2569 ρ
2010 2517 2042 2550 σ

380 2615 410 2647 τ
442 2615 471 2647 υ
504 2615 560 2671 φ,
595 2599 652 2649 et
681 2610 868 2664 usque
899 2593 968 2647 ad
1027 2589 1143 2664 α’
1175 2589 1217 2641 0'
1267 2595 1323 2642 et
1355 2589 1424 2642 ab
1457 2607 1502 2660 ,α
1543 2588 1592 2661 ,β
1626 2605 1811 2659 usque
1841 2588 1912 2642 ad
1944 2597 1986 2654 ,θ
2021 2604 2034 2642 :

379 2683 666 2756 quidquid
701 2689 895 2736 autem
922 2696 1301 2735 numeroruvn
1336 2682 1425 2733 est
1474 2682 1769 2748 praterea,
1803 2676 2036 2732 illorum

377 2772 800 2844 compositione
830 2774 886 2824 et
911 2768 1346 2823 combinatione
1378 2767 1721 2829 eiﬁcitur,ut
1761 2764 1826 2816 ια’
1851 2782 2038 2836 usque

376 2859 447 2914 ad
471 2859 533 2925 θ’,
567 2865 625 2914 et
658 2859 809 2913 idem
843 2855 1207 2912 caeteraliaac
1229 2854 1467 2925 quidem
1493 2850 1650 2910 velut
1681 2853 1739 2906 in
1770 2853 2038 2909 succinc-

373 2953 436 3003 tu
469 2948 726 3002 diximus
761 2964 774 3013 ;
807 2945 1028 3017 largius
1061 2951 1255 2998 autem
1303 2943 1796 3014 comprehensum
1820 2941 1878 2996 in
1904 2943 2036 3014 plu-

374 3039 539 3094 ribus
569 3038 862 3094 invenitur
905 3035 1148 3091 canonis
1212 3051 1458 3090 nomen:
1494 3050 1747 3089 canones
1789 3033 1945 3088 enim
1979 3039 2037 3090 et

383 3127 782 3202 grammaticis
814 3130 1038 3196 sunt,et
1068 3123 1514 3196 philosophis,et
1546 3123 1874 3190 medicis,ct
1904 3122 2038 3195 legi-

2152 1945 2287 2021 πρὸς
2315 1945 2383 2000 τὰ
2410 1944 2700 2021 τροπάρια.

2224 2048 2354 2130 ’ῼδὴ
2387 2049 2444 2106 δὲ
2491 2052 2580 2107 καὶ
2621 2055 2796 2108 κανὼν
2845 2051 3001 2126 ᾠδῶν
3055 2055 3166 2111 ἐστι
3209 2055 3481 2114 πλειόνων
3532 2080 3814 2137 περιεκτι-

2149 2139 2267 2202 κόςο
2303 2141 2433 2218 ἄχρι
2481 2141 2583 2218 γάρ
2641 2141 2790 2198 ἐννέα
2841 2143 3085 2219 πρόεισιν
3134 2142 3313 2218 ᾠδῶν·
3367 2146 3448 2202 ὅτι
3501 2149 3529 2202 6
3572 2148 3716 2205 ἐννέα
3745 2153 3808 2206 τὸ

2155 2230 2403 2308 μέγιστόν
2451 2230 2560 2287 ἐστι
2621 2234 2813 2308 μέτρον
2863 2233 2915 2288 ἐν
2966 2235 3240 2308 ἀριθμοῖς·
3273 2236 3336 2290 τὸ
3383 2236 3442 2292 δὲ
3485 2237 3607 2311 ἑξῆς
3647 2236 3808 2295 δεκά-

2151 2317 2257 2388 δες,
2317 2318 2688 2392 ἑκατοντάδες,
2744 2319 3020 2397 χιλιάδες,
3069 2323 3157 2378 καὶ
3204 2321 3484 2400 μυριάδες,
3546 2327 3810 2392 ὡσαύτως

2148 2415 2561 2484 προχωροῦσαι,
2615 2412 2794 2474 καθὼς
2868 2411 2955 2464 καὶ
3016 2412 3072 2465 αἱ
3155 2410 3383 2485 μονάδες
3441 2411 3602 2490 ἄχρις
3659 2415 3810 2474 ἐννέα

2149 2497 2528 2562 οὕτως·ικλ
2577 2499 3370 2578 μνξοπίιρστυφ,καὶ
3420 2500 3552 2580 ἄχρι
3601 2507 3644 2559 α’
3689 2507 3809 2581 β’θι

2146 2586 2236 2640 καὶ
2268 2607 2314 2660 ,α
2338 2587 2386 2662 ,β
2417 2588 2548 2662 ἄχρι
2581 2589 2656 2661 ,θί
2689 2589 2756 2642 τά
2787 2585 2835 2642 δ’
2863 2585 3009 2643 ἄλλα
3062 2591 3231 2644 πάντα
3274 2590 3326 2645 ἐν
3379 2593 3636 2668 ἀριθμοῖς
3671 2596 3808 2668 μετὰ

2148 2675 2388 2738 σύνθεσιν
2447 2675 2654 2730 τούτων
2707 2677 2797 2730 καὶ
2855 2677 3168 2748 ἀνάκλυσιν,
3231 2681 3346 2734 οἷον
3396 2683 3461 2734 ια’
3513 2681 3678 2759 μέχρι
3739 2687 3805 2756 θ’,

2147 2765 2236 2818 καὶ
2268 2764 2355 2820 ἐπὶ
2401 2769 2508 2819 τῶν
2563 2765 2768 2820 λοιπῶν
2821 2767 3052 2838 ὁμοίως.
3105 2769 3288 2823 Ταῦτα
3334 2769 3428 2841 μὲν
3481 2768 3572 2824 οὗν
3623 2773 3698 2834 ὡς
3749 2773 3805 2828 ἐν

2148 2855 2363 2928 συνόψει
2398 2853 2628 2931 εἷ’ρηται·
2679 2852 3015 2931 πλατύτερον
3058 2853 3115 2910 δὲ
3165 2855 3338 2919 οὕτως
3391 2859 3452 2914 τὸ
3501 2855 3678 2935 ὄνομα
3705 2867 3805 2918 τοῦ

2143 2945 2371 3006 κανόνος
2430 2943 2482 2998 ἐν
2541 2943 2779 3007 πολλοῖς
2849 2944 3146 3020 εὑρίσκεται
3205 2943 3800 3024 παραλαμϐανόμενον

2144 3032 2362 3095 κανόνες
2419 3032 2520 3109 γάρ
2560 3033 2649 3087 καὶ
2696 3038 2813 3094 τοῖς
2860 3037 3251 3108 γραμματικὴν
3301 3041 3545 3108 μετιοῦσι
3597 3040 3798 3116 τέχνήν

2147 3122 2246 3176 εἱσὶ
2280 3121 2371 3176 καὶ
2401 3127 2521 3184 τοῖς
2551 3121 2874 3200 φιλοσόφοις
2915 3123 3006 3178 καὶ
3061 3125 3268 3198 ἰατροῖς
3311 3126 3402 3180 καὶ
3432 3132 3549 3189 τοῖς
3580 3127 3792 3183 πολιτι-

378 3219 491 3275 bus
518 3218 771 3290 politicis
804 3235 817 3274 :
852 3219 954 3274 sed
1002 3217 1390 3288 grammatica:
1436 3221 1494 3271 et
1525 3216 1719 3288 legum
1777 3230 2030 3272 canones

2145 3216 2262 3273 κοῖς
2288 3211 2497 3285 νόμοις·
2534 3210 2659 3306 ἀλλ’
2688 3213 2740 3267 οἱ
2785 3219 2885 3283 τῆς
2933 3233 3214 3288 γραμματι
3246 3221 3344 3284 τῆς
3384 3213 3471 3270 καί
3496 3216 3584 3270 τὸν
3615 3215 3784 3288 νόμον

377 3307 460 3362 nil
485 3307 694 3364 stabile
725 3307 962 3362 habent.

445 3397 710 3452 Canones
737 3394 1016 3450 dicuntur
1044 3394 1219 3450 etiam
1255 3394 1348 3466 pia
1398 3397 1739 3449 sanctorum
1791 3393 2028 3448 Patrum

373 3486 626 3541 decreta.
660 3484 1047 3556 Desumptum
1107 3488 1304 3538 autem
1357 3492 1440 3537 est
1501 3483 1558 3537 in
1591 3482 1866 3538 omnibus
1900 3483 2028 3538 istis

371 3573 520 3628 illud
553 3589 762 3628 nomen
795 3590 828 3628 a
885 3572 1044 3639 ligno
1102 3573 1256 3642 quod
1289 3577 1379 3626 est
1439 3571 1570 3626 usui
1614 3572 1926 3642 opiiicibus
1953 3573 2024 3626 ad

371 3663 553 3734 ligna,
586 3661 810 3732 lapides
841 3661 1098 3716 autalias
1132 3677 1224 3715 res
1257 3660 1647 3715 dimetiendas
1678 3665 1734 3715 et
1755 3665 2025 3732 coaptan-

369 3751 476 3806 dae
505 3754 562 3806 et
594 3749 803 3822 regula
854 3765 1063 3804 nomen
1099 3748 1293 3814 habet,
1319 3749 1458 3820 quia
1517 3754 1708 3820 partes
1739 3749 2024 3805 dissectas

369 3840 683 3895 concinnat
728 3839 881 3894 inter
936 3855 998 3894 se
1047 3843 1104 3893 et
1158 3839 1444 3909 adaequat.
1513 3837 1675 3900 Quod
1722 3837 1902 3908 igitur
1949 3839 2020 3894 ad

367 3928 616 3985 istorum
649 3927 1147 3984 coordinationem
1191 3927 1345 3982 valet
1375 3926 1594 3998 regula,
1649 3926 1757 3982 hoc
1789 3942 2024 3999 quoque

362 4018 423 4073 in
447 4017 606 4074 omni
639 4017 882 4073 scientia
912 4021 968 4073 et
1016 4022 1139 4072 arte
1185 4015 1373 4088 logica
1431 4015 1694 4071 efﬁciunt
1745 4033 2020 4085 canones,

365 4112 428 4163 ut
465 4107 745 4163 nimirum
805 4107 1076 4163 ordinent
1117 4123 1183 4162 ac
1245 4105 1565 4162 definiant:
1619 4104 1832 4162 dicitur
1862 4106 2020 4162 enim

363 4213 549 4252 canon
580 4202 638 4252 et
667 4197 951 4252 definitio.
975 4198 1237 4251 Canones
1296 4195 1475 4267 igitur
1534 4200 1674 4250 sunt
1705 4194 1803 4265 qui
1848 4211 2017 4267 sepa-

364 4289 497 4341 rant
528 4286 600 4341 ab
632 4284 762 4341 aliis
792 4292 848 4340 et
877 4283 1139 4357 dirigunt
1169 4284 1248 4339 ita
1276 4288 1339 4340 ut
1368 4289 1704 4355 separatum
1752 4301 1884 4339 cum
1916 4285 2017 4340 de-

364 4374 527 4429 ﬁnito
575 4374 880 4430 conveniat
937 4379 993 4429 et
1077 4377 1400 4444 coaptctur,
1463 4389 1640 4442 quare
1711 4373 1940 4428 decreta
1986 4390 2020 4428 a

363 4463 586 4518 sanctis
610 4463 882 4518 Patribus
925 4462 1151 4518 sancita
1186 4463 1324 4532 jure
1385 4460 1715 4532 meritoque
1763 4477 2018 4518 canones

357 4549 733 4623 appellantur
762 4572 782 4617 ;
813 4552 1076 4624 dirigunt
1105 4551 1261 4606 enim
1285 4566 1386 4606 eos
1445 4549 1546 4620 qui
1594 4550 1742 4622 ipsis
1795 4565 2017 4608 morem

359 4644 574 4712 gerunt
603 4641 673 4695 ad
709 4641 879 4696 fidem
905 4646 1124 4696 rectam
1151 4638 1723 4710 immutabilemque,
1743 4644 1801 4695 et
1823 4641 1892 4695 ad
1927 4641 2012 4695 vi-

359 4733 479 4784 tam
514 4731 754 4801 probam
786 4734 843 4786 et
889 4734 996 4785 Deo
1027 4729 1351 4802 placentem
1380 4745 1393 4784 :
1419 4745 1598 4800 quam
1630 4728 1702 4784 ob
1723 4729 2012 4786 rationem

358 4821 417 4874 et
440 4818 500 4873 in
534 4819 770 4892 hymnis
801 4819 947 4891 ipsis
978 4818 1257 4890 recipitur
1301 4818 1546 4874 canonis
1596 4833 1841 4888 nomen;
1875 4819 2014 4891 quia

356 4907 465 4962 hoc
491 4913 737 4964 metrum
773 4912 1057 4964 statutum
1093 4913 1149 4963 et
1195 4907 1535 4962 invariabile
1557 4907 1615 4962 in
1647 4924 1852 4963 novom
1883 4909 2013 4964 odis

356 4996 684 5068 completur
733 5013 920 5068 neque
976 4997 1132 5051 hunc
1180 5012 1491 5050 numerum
1539 4998 1804 5052 excedit:
1855 4997 2011 5053 unde

356 5101 540 5140 canon
575 5085 792 5140 dicitur
821 5085 1100 5156 quoniam
1139 5089 1396 5139 metrum
1429 5091 1699 5141 accurate
1730 5087 2011 5142 delinitur

353 5172 412 5226 in
446 5173 680 5246 hymnis
711 5173 860 5228 istis.
906 5172 1184 5228 Similiter
1215 5173 1455 5228 canonis
1488 5175 1722 5230 nomine
1755 5192 1897 5231 usus
1921 5181 2011 5232 est

352 5277 603 5333 magnus
635 5263 950 5334 Apostolus
1000 5263 1262 5318 scribens
1294 5264 1647 5318 Corinlhiis:
1686 5288 1710 5312 ‹‹
1738 5263 1853 5320 Nos
1904 5283 2005 5320 au-

350 5351 470 5406 tem
503 5369 616 5408 nou
670 5353 822 5409 ultra
865 5371 1204 5409 mensuram
1238 5351 1726 5424 gloriﬁcabimur,
1777 5355 1877 5409 sed
1914 5371 2006 5410 se-

351 5439 609 5495 uundum
645 5458 984 5498 mensuram
1019 5441 1250 5514 regulae,
1285 5459 1400 5514 qua
1451 5460 1692 5498 mensus
1715 5449 1806 5498 est
1837 5443 2005 5499 nobis

349 5525 524 5595 Deus,
559 5543 896 5587 mensuram
932 5531 1298 5603 pertingcndi
1336 5547 1523 5602 usque
1581 5532 1651 5587 ad
1685 5549 1805 5601 vos,
1838 5549 2003 5603 spem

350 5616 633 5674 habentes
663 5622 980 5678 crescentis
1011 5620 1144 5676 ﬁdei
1165 5624 1390 5685 vestras,
1435 5619 1496 5674 in
1527 5621 1689 5676 vobis
1739 5621 2007 5694 magniﬁ-

348 5707 465 5762 cari
496 5710 821 5764 secundum
847 5710 1106 5782 regulam
1132 5713 1394 5765 nostram
1428 5709 1486 5763 in
1518 5709 2001 5767 abundantiam.»

2145 3300 2243 3356 ούκ
2271 3299 2460 3376 ἔχουσι
2487 3300 2549 3355 τὸ
2575 3297 2939 3357 ἀδιάπτωτον.

2211 3391 2437 3451 Κανόνες
2468 3386 2526 3444 δὲ
2574 3387 2824 3464 λέγονται
2869 3391 2959 3445 καὶ
3001 3390 3069 3446 τὰ
3114 3393 3249 3446 κατά
3277 3396 3386 3448 τῶν
3429 3393 3581 3448 θείων
3613 3392 3788 3450 Πατέ-

2138 3499 2246 3555 ρων
2287 3473 2480 3548 εὐσεϐῆ
2521 3476 2880 3554 διατάγματα·
2930 3479 3240 3552 ἐξείληπται
3285 3479 3331 3537 δ’
3363 3481 3452 3538 ἐπὶ
3482 3488 3609 3538 πᾶσι
3662 3481 3794 3538 τού-

2133 3589 2249 3631 τοις
2280 3569 2342 3623 τὸ
2371 3564 2546 3641 ὄνομα
2576 3567 2682 3622 ἀπὸ
2736 3574 2835 3623 τοῦ
2878 3569 3042 3640 ξύλου
3093 3574 3191 3627 τοῦ
3235 3577 3354 3634 τοῖς
3407 3572 3678 3649 τεχνίταις
3718 3572 3798 3634 εἰς

2135 3655 2292 3727 ξύλον
2332 3657 2422 3712 καὶ
2475 3656 2649 3726 λίθον,
2698 3659 2732 3728 ἢ
2765 3659 2856 3714 καὶ
2911 3656 3099 3716 ἄλλων
3143 3666 3302 3716 τινῶν
3353 3662 3795 3736 χρηματίζοντες

2134 3746 2444 3820 ἀπόρθωσιν
2489 3746 2578 3802 καὶ
2635 3746 2880 3802 ίθύτατον
2921 3749 3167 3803 κανόνιοηὶ
3219 3749 3443 3812 ἐκείνοις
3494 3751 3734 3824 ὀνομαζό
3769 3783 3791 3794 -

2137 3855 2317 3908 μενον,
2343 3836 2372 3889 ὃ
2402 3841 2518 3898 τοῖς
2567 3835 2951 3909 ἀποξεομένοις
3002 3837 3235 3914 ἀπορθοῖ
3279 3842 3446 3892 ταῦτα
3476 3839 3566 3894 καὶ
3601 3839 3789 3910 ἐξισοῖ.

2131 3926 2302 3999 ’Όπερ
2330 3924 2420 3978 οὖν
2451 3925 2513 3978 τὸ
2545 3924 2789 3980 κανόνιον
2824 3925 2899 3988 εἷς
2952 3926 3259 4002 ἀπόρθωσιν
3289 3925 3505 3982 ἐκείνων
3541 3926 3788 4001 δύναται,

2129 4017 2291 4068 τοῦτο
2320 4013 2410 4067 καὶ
2442 4013 2529 4068 ἐπὶ
2579 4013 2756 4085 πάσης
2807 4013 3115 4088 ἐπιστήμης
3162 4016 3256 4071 καὶ
3305 4017 3540 4092 λογικῆς
3586 4019 3790 4093 τέχνης

2131 4103 2182 4156 οἱ
2207 4103 2426 4165 κανόνες
2463 4100 2745 4176 πληροῦσι
2793 4104 2856 4159 τὸ
2902 4105 3320 4178 κανονιζόμενόν
3361 4125 3420 4161 τε
3463 4105 3556 4160 καὶ
3605 4107 3790 4183 ὁριζό-

2133 4211 2314 4265 μενον’
2368 4189 2578 4268 λέγεται
2621 4190 2723 4268 γάρ
2768 4193 2796 4248 6
2833 4193 3006 4248 κανὼν
3055 4194 3144 4248 καὶ
3199 4196 3346 4270 ὅρος·
3397 4192 3790 4270 ἀποδιαιροῢν-

2126 4302 2214 4344 τες
2240 4285 2346 4336 τῶν
2409 4279 2596 4336 ἄλλων
2632 4282 2722 4336 καὶ
2770 4282 3172 4354 ἀπευθύνοντες,
3227 4285 3300 4346 ὡς
3354 4284 3448 4358 μὶν
3479 4305 3566 4340 τοι
3595 4281 3784 4361 ἕτερον

2125 4374 2206 4443 τῷ
2267 4370 2575 4445 ὁριζομένῳ
2630 4370 3016 4444 συνεμπίπτειν
3076 4373 3166 4427 καὶ
3243 4374 3334 4428 τὸν
3396 4373 3521 4450 περὶ
3587 4373 3787 4430 τούτου

2129 4460 2375 4535 συγχέειν
2419 4456 2581 4534 λόγον
2633 4459 2766 4514 κατὰ
2791 4465 2914 4523 τοῖς
2963 4460 3135 4536 ἀγίοις
3184 4462 3422 4536 Πατράσι
3472 4463 3788 4519 συντεθέντα

2128 4545 2468 4624 διατάγματα
2499 4591 2513 4617 ,
2573 4546 2798 4611 εἰκότως
2857 4550 3076 4612 κανόνες
3131 4549 3426 4606 καλοῦνται
3458 4570 3470 4583 ’
3531 4549 3727 4607 ἐπευθύ
3761 4584 3785 4595 -

2123 4658 2275 4692 νουσι
2333 4637 2434 4713 γὰρ
2491 4636 2712 4693 κάκεῖνα
2779 4638 2908 4701 τοὺς
2979 4639 3336 4714 πειθομένους
3403 4639 3588 4703 αὐτοῖς
3643 4642 3783 4718 πρὸς

2123 4724 2304 4781 πίστιν
2365 4725 2532 4801 ὀρθήν
2590 4747 2648 4782 τε
2701 4728 2792 4782 καὶ
2848 4727 3276 4804 ἀπαρέγκλιτον,
3315 4729 3404 4784 καὶ
3464 4731 3602 4806 πρὸς
3662 4731 3782 4805 βίον

2125 4815 2369 4891 ἐνάρετον
2417 4815 2507 4870 καὶ
2553 4815 2855 4886 θεάρεστον⁶
2907 4819 3026 4872 καθ’
3074 4819 3132 4873 ’ὸν
3185 4816 3253 4887 δὴ
3306 4816 3472 4894 λόγον
3514 4820 3612 4874 κάν
3659 4825 3781 4882 τοῖς

2123 4901 2315 4975 ὕμνοις
2349 4901 2565 4966 τούτοις
2592 4903 2654 4957 τὸ
2692 4909 2790 4958 τοῦ
2837 4905 3060 4968 κανόνος
3105 4904 3418 4977 ἐξείληπται
3465 4901 3661 4980 ὄνομαο
3695 4907 3776 4960 ὅτι

2121 4989 2424 5066 ὡρισμένον
2475 4992 2566 5046 καὶ
2613 4995 2994 5068 τετυπωμένον
3043 4996 3106 5050 τὸ
3162 4995 3357 5069 μέτρον
3415 4997 3576 5050 τοῦτό
3631 4993 3772 5048 ἐστιν

2119 5080 2170 5134 ἐν
2243 5080 2392 5134 ἐννέα
2449 5077 2616 5152 ᾠδαῖς
2687 5082 3108 5157 συντελούμενον
3143 5131 3156 5156 ,
3215 5085 3304 5139 καὶ
3383 5084 3624 5152 ἐννεάτης
3689 5081 3766 5153 μή

2121 5165 2464 5246 ὑπερϐαἶνον·
2516 5169 2634 5234 ὅθεν
2685 5171 2862 5227 κανών
2913 5172 3124 5249 λέγεται
3185 5175 3260 5236 ὡς
3302 5172 3629 5250 τεταγμένου
3672 5173 3768 5224 τοῦ

2121 5260 2318 5335 μέτρου
2368 5260 2534 5313 αὐτοῦ
2580 5259 2631 5313 ἐν
2677 5261 2897 5324 ταύταις
2951 5260 3016 5332 δὴ
3066 5269 3186 5326 ταῖς
3231 5261 3438 5336 ᾠδαῖς-
3487 5261 3627 5318 οὕτω
3680 5259 3772 5315 καὶ

2113 5353 2194 5422 τῷ
2225 5349 2452 5421 ὀνόματι
2504 5353 2602 5403 τοῦ
2652 5350 2880 5416 κανόνος
2927 5352 3201 5428 ἐχρήσατο
3234 5354 3262 5408 6
3299 5353 3470 5429 μέγας
3503 5351 3772 5407 ’Δπύστο-

2117 5437 2213 5501 λος
2245 5438 2455 5514 γράψας
2517 5441 2844 5513 Κορινθίοις’
2880 5467 2909 5495 ‹‹
2937 5443 3128 5516 Ἡμεῖς
3169 5441 3228 5498 δὲ
3277 5441 3376 5498 ούκ
3425 5442 3502 5505 εἰς
3541 5442 3609 5496 τά
3640 5442 3775 5513 ἅμε-

2113 5547 2214 5603 τρα
2249 5528 2679 5603 καυχησώμεθα.
2731 5530 2878 5587 ἀλλὰ
2927 5533 3064 5589 κατὰ
3107 5534 3169 5588 τὸ
3223 5531 3417 5606 μέτρον
3467 5536 3566 5586 τοῦ
3615 5531 3777 5585 κανό-

2115 5638 2230 5690 νος,
2262 5616 2325 5672 ob
2355 5617 2600 5694 ἐμέρισεν
2638 5622 2773 5695 ἡμῖν
2807 5625 2835 5677 ὁ
2867 5623 2998 5687 Θεὸς
3047 5625 3247 5701 μέτρου
3295 5623 3579 5701 ἀφικέσθαι
3614 5623 3783 5699 ἄχρις

2118 5707 2320 5780 ὑμῶν,
2378 5706 2575 5763 ἐλπίδα
2652 5707 2872 5785 ἔχοντες
2927 5712 3297 5788 αὐξανομένης
3369 5718 3470 5781 τῆς
3539 5711 3781 5774 πίστεως
