4130 6368
379 425 501 486 427

1723 411 2048 479 JOANNIS
2090 413 2432 477 ZONARJE

3684 427 3811 490 £28

383 559 559 632 elegit
584 574 614 614 e
643 556 921 614 Chaldaeo
951 573 1164 629 genere
1193 571 1449 627 eumque
1477 553 1643 610 duxit
1663 552 1738 624 lin
1795 547 2023 605 Palesti

2148 543 2447 616 Χαλδαίων,
2500 549 2588 604 καὶ
2641 550 2916 628 ἀπήγαγεν
2955 553 3121 610 αὐτὸν
3153 553 3232 618 εἲς
3257 555 3364 626 τήν
3396 556 3803 633 Παλαιστίνην,

380 666 539 719 nam,
571 653 791 703 terram
823 646 998 702 melle
1029 646 1294 716 lacteque
1324 644 1600 699 ﬂuentem
1631 657 1811 715 quam
1861 641 2032 695 datu-

380 756 486 795 rus
519 743 645 795 erat
714 737 924 792 semini
1005 737 1136 806 ejus
1195 734 1520 789 secundum
1582 729 2032 804 promissionem

379 845 550 885 suam
585 844 598 882 :
632 827 720 882 sic
753 827 1006 897 primum
1080 823 1377 879 hominem
1429 823 1500 878 ab
1559 821 1719 876 omni
1766 824 2035 874 creatura

381 917 678 986 distinxit,
713 916 1025 986 posuitque
1057 913 1116 968 in
1141 911 1462 983 voluptatis
1509 910 1659 975 loco,
1691 908 2031 980 paradisum

383 1007 533 1072 dico,
563 1020 738 1075 quem
770 1018 1002 1073 semper
1031 1017 1418 1072 possessurus
1449 1005 1592 1065 erat,
1627 998 1742 1054 nisi
1793 997 2031 1052 manda-

380 1101 508 1150 tum
542 1099 948 1164 transgressus
980 1097 1160 1145 esset.
1194 1095 1262 1143 Et
1291 1087 1794 1160 quemadmodum
1852 1086 2033 1140 Abra-

381 1182 542 1240 hami
573 1182 788 1253 posteri
822 1185 1060 1251 propter
1091 1179 1288 1234 cibum
1321 1179 1381 1232 in
1413 1179 1722 1250 [Egyptum
1751 1175 2032 1241 migrave-

378 1277 518 1328 runt
545 1289 567 1326 ,ο
597 1269 679 1325 sic
709 1267 1085 1340 protoplasti,
1119 1267 1249 1323 cibo
1280 1267 1564 1338 superati,
1597 1261 2031 1338 paradiso,heul

378 1359 606 1432 expulsi
637 1363 778 1414 sunt
805 1365 862 1412 et
892 1357 952 1412 in
981 1357 1298 1428 ﬁguratam
1329 1359 1642 1427 [Egyptum
1675 1354 1919 1420 inducit,
1951 1357 2034 1406 te-

375 1449 590 1504 nebras
650 1445 874 1502 scilicet
933 1445 1281 1517 passionum
1339 1449 1397 1500 et
1455 1443 2032 1509 malitiam;nomen

373 1535 605 1608 zEgypti
637 1537 894 1590 tenebras
923 1539 981 1588 et
1009 1534 1288 1589 malitiam
1319 1533 1516 1590 Graeco
1544 1547 1815 1589 sermone
1857 1529 2035 1600 signi-

377 1627 530 1681 ficat.
559 1625 630 1679 Et
659 1624 815 1679 sicut
848 1622 1169 1678 Abrahami
1205 1627 1466 1694 posteros
1498 1637 1696 1678 servos
1744 1621 2038 1675 habebant

373 1715 534 1772 enim
563 1712 814 1785 Egyptii
845 1713 917 1767 ad
947 1713 1204 1767 laterum
1249 1712 1568 1777 ﬁctionem,
1625 1726 1872 1765 annonae
1937 1709 2036 1762 de-

373 1804 527 1860 fectu
562 1806 835 1857 vexantes
866 1817 986 1868 eos,
1011 1806 1070 1856 et
1102 1800 1361 1856 delentes
1393 1805 1563 1856 natos
1593 1815 1662 1854 ex
1689 1800 1772 1854 eis
1805 1812 2035 1852 mascu-

2142 634 2236 725 εἲς,
2273 643 2376 711 γῆν
2408 637 2630 712 ῥέουσαν
2661 639 2787 712 μέλι
2820 641 2910 696 καὶ
2940 641 3101 716 γάλα,
3131 645 3192 713 ἣν
3224 639 3431 718 ἔμελλε
3481 645 3670 706 δοῦναι
3719 657 3805 725 τῷ

2144 724 2413 813 σπέρματι
2460 725 2644 798 αὐτοῦ,
2697 730 2877 793 καθὼς
2919 730 3067 803 αὐτῷ
3117 731 3518 809 ἐπηγγείλατο,
3553 737 3698 794 οὕτω
3748 724 3802 813 ἐξ

2143 812 2323 888 ἀρχῆς
2350 816 2441 871 τὸν
2475 816 2759 892 ἄνθρωπον
2789 817 2848 873 ἐκ
2889 821 3066 891 πάσης
3106 825 3206 888 τῆς
3247 823 3475 887 κτίσεως
3518 812 3808 900 ἐπῳκειώέ

2143 923 2272 957 σατο
2303 903 2417 990 καί
2474 903 2622 968 ἔθετο
2673 907 2751 970 είς
2805 909 2868 962 τὸ
2923 917 3131 988 τρυφῆς
3162 912 3395 987 χωρίον,
3431 912 3576 990 λέγω
3609 915 3677 987 δὴ
3707 919 3803 974 τὸν

2142 989 2492 1066 παράδεισον,
2527 992 2853 1069 ἐνδιαίτημα
2881 1002 3072 1053 τοῦτον
3109 998 3388 1073 μέλλοντα
3441 989 3616 1080 ἔχειν,
3649 1006 3699 1062 εἶ’
3725 1008 3805 1080 μὴ

2142 1076 2353 1156 παρέϐη
2411 1083 2512 1151 τήν
2569 1083 2818 1155 ἐντολήν
2881 1088 2968 1142 καὶ
3032 1088 3107 1150 ὡς
3169 1091 3222 1144 οἱ
3251 1095 3352 1145 τοῦ
3384 1076 3637 1167 Ἀϐραὰμ
3673 1076 3807 1168 μετέ

2144 1170 2362 1242 ῲκησαν
2421 1171 2497 1234 εἷς
2571 1171 2842 1248 Δί’γυπτον
2895 1173 2983 1230 διὰ
3045 1177 3362 1252 βρώματος,
3416 1181 3559 1238 οὕτω
3605 1185 3696 1239 καὶ
3752 1185 3807 1240 οί

2143 1258 2590 1349 πρωτόπλαστοι,
2662 1263 2921 1338 βρώσεως
2981 1265 3332 1338 ἡττηθέντες,
3387 1274 3486 1325 τοῦ
3542 1270 3808 1349 παραδεί-

2144 1369 2262 1417 σου,
2291 1347 2388 1426 φεῦ
2415 1351 2426 1406 ί
2489 1351 2922 1422 μετῳκίσθησαν,
2953 1353 3042 1408 καὶ
3071 1353 3146 1417 είς
3174 1357 3274 1425 τὴν
3315 1347 3630 1432 νοουμένην
3667 1383 3802 1418 κατ-

2143 1440 2402 1512 ήχθησπν
2460 1437 2754 1514 Αἴγυπτον,
2789 1441 2864 1504 εἷς
2893 1442 2956 1497 τὸ
2986 1443 3178 1507 σκότος
3227 1442 3442 1518 δηλαδὴ
3490 1451 3554 1506 τὸ
3586 1449 3645 1506 ἐκ
3688 1457 3800 1508 τῶν

2144 1529 2328 1582 παθων
2361 1529 2448 1583 καὶ
2489 1530 2590 1598 τήν
2640 1530 2691 1600 ἐξ
2739 1529 2915 1586 αὐτῶν
2960 1533 3220 1588 κάκωσιν⁶
3255 1537 3318 1591 τὸ
3362 1537 3466 1613 γὰρ
3497 1534 3673 1612 ὄνομα
3700 1548 3804 1611 τῆς

2145 1616 2423 1692 Αἲγύπτου
2482 1617 2672 1680 σκότος
2717 1620 2806 1674 καὶ
2863 1620 3101 1676 κάκωσιν
3157 1620 3325 1693 δηλοῖ
3371 1625 3804 1703 ἐξελληνιζόμε-

2143 1725 2258 1760 νον·
2313 1706 2402 1760 καὶ
2454 1707 2528 1770 ὠς
2567 1712 2685 1769 τοῖς
2732 1707 2782 1778 ἐξ
2833 1703 3090 1784 Ἀϐραὰμ
3141 1712 3198 1766 οἱ
3247 1713 3537 1790 Αἰγύπτιοι
3569 1718 3644 1780 ὡς
3673 1715 3802 1774 δού-

2147 1792 2266 1856 λοις
2299 1793 2597 1869 ἐκέχρηντο
2653 1800 2733 1867 τῷ
2778 1794 2948 1870 πηλῷ
2995 1799 3085 1853 καὶ
3113 1805 3183 1874 τῇ
3215 1799 3462 1876 πλινθίᾳ,
3519 1805 3807 1862 ταλαιπω-

375 1893 579 1960 los;sie
614 1891 848 1963 ﬁgurati
873 1890 1125 1962 Egyptii
1148 1890 1398 1946 tenebrae
1423 1887 1810 1957 facti,lumine
1840 1887 2036 1942 divino

2149 1887 2366 1958 ροῦντες
2415 1883 2609 1946 αὐτοὺς
2659 1883 2832 1957 σίτου,
2881 1887 2971 1941 καὶ
3019 1887 3366 1964 ἀναιροῦντες
3411 1893 3479 1948 τὰ
3518 1893 3568 1966 ἐξ
3626 1895 3805 1951 αὐτῶν

379 1984 783 2047 abutentes,ut
813 1982 995 2035 servis
1028 1981 1346 2034 utebantur
1369 1979 1728 2045 hominibus,
1754 1994 1853 2032 eos
1883 1977 2036 2032 male

2148 1973 2407 2048 γενόμενα
2437 1972 2653 2048 ἄρρενα,
2715 1973 2858 2029 οὕτω
2887 1976 2978 2030 καὶ
3039 1978 3089 2031 οἱ
3148 1967 3358 2050 νοητοῗ
3393 1982 3692 2058 Αἰγύπτιοι
3752 1984 3806 2041 ο⁹ί

381 2072 682 2140 habentes,
715 2068 802 2124 vel
831 2069 1025 2140 potius
1057 2085 1129 2123 an
1155 2067 1376 2123 malum
1409 2069 1818 2138 perducentes;
1852 2065 2032 2134 siqui-

373 2162 507 2215 dem
531 2161 588 2214 in
620 2159 780 2215 omni
814 2157 1040 2212 malitia
1072 2157 1486 2230 provolvebant
1515 2174 1614 2213 eos
1645 2162 1702 2212 et
1732 2156 1855 2210 luto
1889 2156 2034 2210 late-

371 2265 620 2319 rumque
653 2247 896 2316 ﬁctioni,
930 2246 1073 2301 dum
1106 2246 1217 2318 ipsi
1271 2246 1620 2312 otiarentur,
1672 2244 2036 2300 adhibebant

373 2354 497 2404 eos,
543 2338 615 2392 ad
673 2341 970 2392 terrenum
1029 2335 1254 2390 scilicet
1311 2341 1370 2391 et
1425 2338 1917 2399 stramentosum,
1976 2338 2035 2388 et

373 2425 764 2483 combustioni
797 2425 1156 2480 destinatum
1188 2441 1337 2496 opus
1389 2424 1712 2479 secuddum
1771 2423 2032 2493 Evange-

371 2515 684 2571 lium:sic
733 2513 892 2570 enim
968 2530 1116 2584 Opus
1182 2513 1550 2580 (conﬁciendi
1634 2511 1836 2567 lateris
1907 2511 2034 2566 luto

375 2606 587 2660 miscet
617 2603 867 2675 paleam.
902 2603 1260 2659 Occidebant
1290 2618 1525 2674 quoque
1557 2601 2034 2657 masculos.0um

373 2694 533 2751 enim
562 2692 750 2748 virilis
807 2692 1080 2764 cogitatio
1132 2693 1190 2747 in
1250 2691 1447 2764 aliquo
1495 2690 1866 2759 nascebatur,
1918 2706 2033 2744 non

377 2782 800 2856 permittebant
826 2797 956 2837 eam
988 2781 1395 2853 grandescere,
1431 2781 1532 2836 sed
1583 2779 2033 2844 interﬁciebant,

378 2889 452 2928 ne
483 2887 747 2944 unquam
809 2871 964 2942 quod
1019 2871 1106 2927 las
1153 2874 1244 2927 est
1271 2868 1559 2926 sentirent
1588 2885 1694 2926 nec
1748 2867 2034 2924 malitiam

377 2961 650 3018 vitarent.

448 3139 517 3194 Et
538 3138 1038 3211 quemadmodum
1081 3142 1254 3210 Deus,
1287 3137 1602 3194 Abrahami
1665 3141 2034 3209 posterorum

373 3229 677 3296 misertus,
707 3233 940 3301 Moysen
989 3227 1300 3300 delegavit,
1358 3227 1458 3299 qui
1518 3227 1720 3282 eduxit
1775 3226 1907 3282 illos
1965 3243 2036 3282 ex

370 3283 614 3391 ἐξέριο
639 3283 702 3372 et
731 3283 1009 3373 servitute
1038 3283 1310 3389 improba
1363 3283 1632 3372 liberavit
1668 3333 1682 3373 :
1715 3316 1798 3372 sic
1849 3317 2035 3371 totius
2064 3283 2108 3351 C

379 3406 614 3478 generis
647 3405 896 3461 humani
930 3405 1213 3461 misertus
1237 3409 1294 3459 et
1325 3405 1712 3477 ﬁguratorum
1769 3405 2033 3478 {Egyptio

374 3511 510 3551 rum
543 3495 824 3550 servitute
859 3495 1107 3550 liberare
1165 3492 1388 3561 volens,
1423 3510 1538 3550 non
1571 3492 1870 3566 angelum,
1932 3509 2037 3549 nec

378 3581 691 3640 hominem
725 3582 1034 3655 delegavit,
1059 3583 1161 3638 sed
1203 3583 1401 3654 ipsum
1425 3582 1636 3638 Filium
1668 3599 1844 3638 suum
1905 3581 2038 3637 uni-

383 3671 674 3746 genitum.
709 3673 924 3742 Majore
955 3672 1114 3726 enim
1147 3671 1366 3726 auxilio
1399 3688 1548 3743 opus
1589 3677 1714 3727 erat
1778 3672 2038 3728 humano

389 3761 588 3836 generi
623 3760 729 3816 toti
762 3777 939 3832 quam
968 3761 1202 3816 Hebraeo
1235 3759 1472 3832 populo,
1505 3761 1607 3833 qui
1641 3761 1896 3817 universi
1929 3761 2040 3816 hu-

391 3850 550 3907 mani
582 3850 815 3919 generis
872 3848 1106 3908 nonnisi
1163 3850 1477 3922 perexigua
1533 3867 1670 3922 pars
1718 3854 1861 3905 erat.
1895 3849 2042 3906 Cum

392 3939 553 3996 enim
579 3937 738 3994 istud
771 3938 1146 4010 subegissent
1193 3939 1488 3995 daemones
1541 3938 1821 4010 Egyptiis
1879 3941 2046 3994 erant

391 4027 796 4098 terribiliores,
853 4033 910 4083 et
939 4028 1010 4083 ad
1045 4044 1145 4083 eos
1207 4029 1571 4099 superandos
1638 4029 1874 4084 fortiore
1927 4027 2046 4083 illis

389 4134 538 4191 opus
585 4121 728 4173 erat.
789 4121 854 4172 Et
901 4117 1406 4188 quemadmodum
1457 4117 1691 4190 Moyses
1749 4116 2046 4173 lsraelitas

384 4223 548 4264 mare
578 4206 870 4273 dividens,
905 4222 1007 4278 per
1038 4205 1181 4260 illud
1221 4205 1409 4263 siccos
1439 4207 1722 4275 traduxit,
1745 4205 2046 4279 ngyptios

383 4301 586 4353 autem
620 4295 679 4350 in
714 4294 834 4350 ullo
891 4295 1213 4351 submersit
1261 4301 1680 4367 persequentes
1738 4311 1836 4350 eos
1894 4299 2049 4367 post-

375 4401 557 4456 quam
588 4400 618 4440 e
649 4384 922 4439 manibus
951 4400 1156 4440 eorum
1188 4386 1554 4457 aufugerant
1581 4401 1594 4440 :
1633 4384 1719 4440 sic
1779 4383 2048 4439 Salvator

374 4479 576 4530 noster
597 4471 706 4528 sibi
725 4472 1086 4527 confidentes
1113 4479 1168 4528 et
1191 4473 1438 4528 insidias
1461 4473 1796 4528 daemonum
1825 4472 2049 4544 fugien-

373 4566 464 4618 tes
492 4561 746 4618 traducit
791 4561 949 4616 ultra
1009 4547 1299 4616 oceanum
1361 4561 1732 4633 passionum,
1793 4576 2046 4632 quarum

2145 2064 2337 2124 σκότος
2369 2061 2638 2138 ἐγένοντο,
2687 2062 3043 2128 ἐκπάσσοντες
3101 2072 3199 2122 τοῦ
3261 2069 3407 2134 θείου
3467 2075 3669 2150 φωτὸς,
3715 2077 3806 2131 οἶα

2145 2149 2336 2206 δοῦλοι
2389 2156 2457 2226 τῇ
2514 2153 2825 2228 ἀνθρωπεία
2882 2153 3036 2232 φύσει
3087 2157 3430 2233 ἐκέχρηντο,
3480 2149 3804 2228 κακοῦντες

2142 2240 2338 2303 αὐτοὺς
2386 2241 2420 2311 ἢ
2470 2243 2790 2306 κακ·5νοντες
2841 2242 3078 2317 μᾶλλον·
3136 2247 3211 2310 ὡς
3264 2249 3342 2312 είς
3380 2255 3554 2306 πᾶσαν
3611 2255 3802 2312 κακίαν

2144 2331 2340 2394 αὐτοὺς
2394 2329 2770 2407 ἐγκυλίσαντες
2836 2334 2923 2388 καὶ
2982 2339 3063 2408 τῷ
3091 2335 3259 2409 πηλῷ
3287 2337 3380 2393 καὶ
3431 2343 3500 2414 τῇ
3546 2340 3806 2416 πλινθείᾳ

2145 2418 2421 2495 σχολάσαι
2453 2420 2717 2491 διηνεκῶς
2761 2416 3120 2492 ἐκϐιάζοντες,
3173 2431 3293 2488 τοῖς
3338 2426 3555 2502 γηΐνοις
3602 2427 3804 2498 δηλον-

2146 2509 2229 2562 ότι
2277 2509 2366 2563 καὶ
2415 2505 2725 2584 ἀχυρώδεσι
2783 2509 3087 2586 πράγμασι,
3133 2514 3224 2568 καὶ
3254 2513 3331 2577 είς
3359 2521 3548 2573 καῦσιν
3602 2519 3805 2577 ἀποτε-

2141 2599 2429 2687 τᾳγμὲνοις
2498 2597 2640 2687 λκατᾶ
2708 2599 2769 2652 τὸ
2848 2598 3204 2675 Εὐαγγὲλιον·
3275 2610 3525 2661 τοιοῦτον
3602 2610 3706 2687 γὰρ
3766 2614 3802 2682 ἡ

2144 2683 2371 2750 πλινθία
2413 2683 2582 2759 πηλῳ
2632 2687 2989 2764 συμφύρουσα
3046 2691 3245 2767 ἄχυρα·
3303 2694 3537 2770 ἀνῄρουν
3600 2683 3806 2756 δὶτκαὶ

2143 2776 2210 2830 τὰ
2235 2773 2455 2865 ἄρῥένα·
2607 2775 2708 2865 γάρ
2751 2798 2836 2865 τις
2882 2777 3235 2854 ἀρρενοποιὸς
3295 2782 3564 2858 λογισμὸς
3604 2785 3803 2865 ἐτέχθη

2143 2865 2272 2954 τινὶ,
2333 2863 2432 2920 οὐκ
2485 2861 2608 2920 εἷ’ων
2681 2863 3026 2954 ἀνδρωθῆναι
3107 2868 3292 2941 αὐτὸν,
3354 2871 3486 2928 ἀλλ’
3541 2861 3803 2954 ἀνῄρουν,

2138 2952 2228 3008 *ίνα
2289 2955 2364 3026 μή
2424 2974 2560 3009 ποτε
2586 2955 2649 3009 τὸ
2682 2952 2799 3009 δέον
2833 2958 3145 3032 φρονήσωσι
3177 2961 3264 3016 καὶ
3314 2961 3416 3031 τὴν
3465 2952 3659 3020 κακίαν.
3717 2967 3804 3024 ἐκ·

2145 3041 2374 3122 φύγωσι.

2218 3133 2316 3187 Καὶ
2371 3132 2551 3207 ὥσπερ
2582 3130 2710 3194 τοὺς
2758 3132 2808 3204 ἐξ
2857 3128 3109 3209 Ἀϐραὰμ
3139 3135 3408 3212 οἰκτείρας
3453 3142 3481 3195 ὁ
3511 3143 3657 3212 Θεὸς,
3705 3144 3798 3200 τὸν

2145 3224 2385 3286 Μωυσῆν
2461 3219 2822 3292 ἐξαπέστειλε,
2897 3230 2998 3293 τῆς
3067 3223 3347 3301 Αίγύπτου
3425 3229 3644 3292 τούτους
3703 3231 3791 3302 ἐε-

2149 3312 2349 3384 άγοντα
2395 3311 2482 3363 καὶ
2544 3308 2982 3385 ἐλευθερώσαντα
3028 3319 3130 3382 τῆς
3185 3314 3432 3390 χαλεπῆς
3491 3315 3735 3382 δουΛείας
3771 3361 3786 3388 ,

2147 3398 2291 3453 οὕτω
2345 3399 2435 3452 καὶ
2491 3399 2554 3452 τὸ
2604 3398 2760 3472 γένος
2815 3400 2955 3454 ἅπαν
3002 3403 3378 3480 κατοικτείρας
3405 3406 3466 3460 τὸ
3524 3406 3792 3481 βρότειον,

2147 3487 2236 3542 καὶ
2293 3493 2394 3556 τῆς
2453 3483 2704 3548 δουλείας
2743 3491 2850 3542 τῶν
2901 3489 3208 3563 νοουμένων
3259 3492 3570 3569 Αἰγυπτίων
3628 3493 3798 3566 ἐξελέ-

2151 3589 2271 3641 σθαι
2299 3575 2552 3647 θελήσας,
2609 3575 2709 3632 οὐκ
2763 3575 2996 3652 ἄγγελον
3055 3580 3392 3655 ἀπέστειλεν,
3453 3581 3584 3640 οὐδὶ
3617 3585 3803 3658 μέντοι

2149 3687 2212 3741 γε
2241 3663 2548 3740 ἄνθρωπον.
2584 3662 2709 3720 ἀλλ’
2737 3666 2898 3720 αὐτὸν
2929 3667 3020 3722 τὸν
3054 3670 3176 3724 Υἱὸν
3225 3670 3390 3726 αὐτοῦ
3441 3674 3534 3729 τὸν
3579 3695 3804 3750 μονογε-

2151 3762 2242 3824 νῆ,
2279 3753 2520 3828 μείζονος
2565 3753 2664 3829 γὰρ
2710 3751 2881 3809 ἐδεῖτο
2935 3755 3249 3832 ἐπικουρίας
3307 3763 3342 3830 ὴ
3405 3760 3660 3840 σύμπασρ
3689 3769 3798 3819 τῶν

2153 3844 2452 3918 ἀνθρώπων
2509 3843 2666 3920 φύσις
2723 3841 2759 3911 ἢ
2790 3844 2852 3898 τὸ
2880 3848 2990 3898 τῶν
3020 3841 3288 3920 Ἐϐραίων
3345 3843 3514 3922 ἔθνος,
3551 3849 3722 3927 μέρος
3754 3854 3819 3910 ὃν

2159 3931 2338 4009 βραχύ
2368 3953 2418 3986 τι
2449 3938 2549 4001 τῆς
2579 3935 2684 3986 τῶν
2720 3932 3018 4007 ἀνθρώπων
3069 3934 3286 3992 πάντων
3337 3935 3632 4010 ὁλότητος*
3693 3941 3814 3999 ἐπεὶ

2153 4021 2245 4076 καὶ
2301 4021 2353 4074 οἱ
2418 4019 2619 4087 ταύτην
2679 4017 3189 4086 καταδουλώσαντες
3241 4021 3498 4100 δαίμονες
3555 4034 3662 4084 τῶν
3714 4033 3816 4088 Αἱ·
3875 4053 3902 4078 ς

2155 4109 2399 4186 γύπτίων
2453 4110 2590 4178 ἦσαν
2643 4107 2975 4186 δεινότεροι,
3035 4111 3126 4166 καὶ
3173 4118 3269 4168 τοῦ
3336 4117 3660 4188 κατάξοντος
3719 4121 3818 4176 αὗ-

2154 4197 2280 4260 τοὺς
2328 4197 2685 4273 ἰσχυροτέρου
2731 4195 3009 4272 δεόμενοι.
3067 4202 3173 4256 Καὶ
3232 4197 3414 4279 ὥσπερ
3475 4206 3502 4260 ὁ
3564 4209 3813 4279 Μωῦσῆς

2155 4289 2282 4352 τοὺς
2330 4286 2674 4374 Ἰσραηλίτας
2723 4289 2821 4358 τήν
2871 4286 3140 4353 θάλασσαν
3202 4288 3497 4368 διατεμὼν,
3548 4291 3814 4374 ἀϐρόχως

2158 4375 2226 4433 δι’
2277 4377 2446 4446 αὐτῆς
2495 4371 2807 4446 διεϐίϐασε,
2871 4376 2999 4440 τοὺς
3059 4377 3119 4433 δὶ
3173 4378 3507 4456 Αἰγυπτίους
3566 4371 3628 4440 ἐν
3673 4371 3814 4461 αῦτῇ

2155 4466 2505 4521 κατεπόντισε
2535 4463 2832 4528 διώκοντας
2887 4465 3106 4538 αὐτοὺς,
3160 4468 3250 4523 καὶ
3306 4471 3441 4543 μετὰ
3477 4473 3578 4541 τὴν
3614 4471 3672 4530 ἐκ
3701 4480 3813 4532 τῶν

2157 4560 2361 4632 χειρῶν
2421 4553 2635 4610 ἐκείνων
2695 4552 3027 4630 ἀπόδρασιν,
3082 4555 3225 4612 οὕτω
3285 4559 3374 4614 καὶ
3435 4561 3463 4615 ὁ
3523 4565 3723 4640 Σωτὴρ
3783 4566 3814 4621 ὁ

377 4650 838 4707 amaritudinem
872 4666 989 4705 non
1021 4654 1266 4720 gustant
1301 4666 1313 4706 :
1347 4650 1644 4706 daemones
1677 4653 1869 4704 autem
1903 4651 2036 4706 sub-

2153 4646 2421 4720 ’ίκμέτερος
2467 4643 2600 4705 τοὺς
2649 4643 2797 4716 αὐτῷ
2851 4645 3207 4718 πειθομένους
3253 4649 3343 4703 καὶ
3398 4657 3499 4720 τῆς
3558 4649 3814 4719 δουλείας

374 4740 590 4813 mergit
618 4745 675 4795 et
704 4739 972 4794 sutl‘ocat.
1027 4737 1306 4794 Videntes
1350 4739 1507 4794 enim
1560 4738 1850 4807 homines,
1893 4756 2042 4812 quos

369 4828 536 4900 prius
567 4827 1361 4893 dominabantur,absolutos
1392 4825 1629 4883 illorum
1664 4828 1951 4884 servitute
1984 4835 2040 4885 el:

370 4918 569 4990 potius
598 4917 744 4989 ipsis
776 4916 1163 4986 imperantes,
1198 4920 1254 4969 et
1279 4915 1450 4986 quasi
1482 4932 1662 4987 super
1703 4918 1941 4988 aspides
1984 4922 2044 4974 et

371 5006 642 5063 basilicos
667 5005 1042 5060 ambulantes
1075 5020 1256 5075 super
1285 5020 1406 5072 eos,
1441 5005 1539 5076 qui
1589 5005 1788 5061 leones
1847 5007 2040 5064 videa-

365 5099 466 5151 tur
493 5100 550 5152 et
582 5092 993 5151 fortitudinem
1027 5093 1486 5164 aspirant,valde
1509 5093 1818 5151 irritantur
1840 5102 1898 5152 et
1921 5097 2042 5152 suf-

365 5187 655 5242 focantur.
691 5181 894 5237 Vocari
926 5187 1174 5253 possunt
1224 5181 1402 5238 iidem
1463 5188 1520 5238 et
1574 5183 1846 5251 tertiarii,
1899 5185 2040 5255 quia

367 5279 489 5330 tres
520 5273 729 5329 animas
762 5277 956 5342 partes
989 5276 1276 5342 occupant
1305 5279 1360 5326 ct
1391 5271 1475 5326 sic
1521 5287 1621 5327 eos
1678 5273 1779 5343 qui
1841 5272 2037 5345 negli-

367 5361 663 5434 gentiores
719 5364 879 5424 sunt,
969 5375 1320 5433 quocunque
1386 5359 1704 5433 voluerint,
1783 5362 2028 5417 ducunt.

363 5449 711 5522 Composita:
739 5451 934 5504 autem
967 5453 1106 5504 sunt
1129 5450 1249 5506 odae
1284 5467 1386 5521 pro
1413 5451 1590 5506 certis
1625 5451 2020 5522 temporibus:

361 5554 539 5611 quam
574 5539 646 5594 ob
677 5554 800 5594 rem
823 5537 1100 5594 omnibus
1123 5541 1347 5594 czeteris
1369 5539 1481 5594 ista
1513 5540 1814 5610 preposita
1845 5538 2021 5596 est.ln

361 5628 511 5683 libro
543 5628 696 5683 enim
722 5627 900 5684 Exodi
933 5644 966 5682 a
987 5631 1180 5698 Moyse
1210 5627 1516 5698 scribitur,
1552 5634 1662 5682 etc.

2149 4740 2257 4792 τῶν
2311 4733 2584 4807 δαιμόνων
2644 4730 3164 4808 ἀποδιδράσκοντας,
3206 4731 3511 4808 διαϐιϐάζει
3557 4741 3658 4810 τὴν
3712 4743 3814 4798 θά-

2153 4825 2351 4880 λασσαν
2378 4827 2486 4878 τῶν
2519 4827 2730 4892 παθῶν,
2763 4821 3050 4897 ἀγεύστους
3105 4831 3385 4902 συντηρῶν
3437 4835 3539 4898 τῆς
3587 4830 3811 4907 πικρίας

2151 4915 2348 4969 αὐτῶν·
2380 4913 2506 4974 τοὺς
2559 4909 2819 4986 δαίμονας
2868 4909 2926 4967 δὲ
2971 4921 3302 4970 καταποντεῖ
3328 4937 3387 4971 τε
3416 4917 3506 4971 καὶ
3569 4919 3806 4975 ἀποπνί-

2148 5022 2267 5078 γει’
2335 5004 2568 5076 ὁρῶντες
2623 5007 2724 5076 γὰρ
2800 4999 2927 5063 τοὺς
3002 5001 3321 5077 ἀνθρώπους
3381 5006 3455 5061 ὧν
3508 5007 3633 5082 πρὶν
3681 5006 3803 5061 ἐκυ-

2152 5093 2353 5168 ρίευον,
2387 5089 2754 5152 ἀπολυθέντας
2783 5097 2887 5160 τῆς
2937 5090 3252 5165 τυραννίδος
3303 5095 3480 5150 αὐτῶν
3524 5094 3608 5148 καί
3650 5093 3798 5166 μᾶλ-

2150 5181 2245 5236 λον
2297 5179 2481 5240 αὐτοίς
2535 5178 2942 5248 ἐπιτάσσοντας,
2993 5180 3081 5234 καὶ
3147 5181 3222 5245 ὡς
3267 5181 3357 5238 ἐπὶ
3421 5179 3653 5239 ἀσπίδων
3705 5181 3799 5238 καὶ

2152 5269 2482 5346 βασιλίσκων
2534 5267 2616 5322 ἐπ’
2667 5267 2863 5332 αὐτοὺς
2911 5263 3327 5342 ἐπιϐαίνοντας,
3391 5271 3520 5335 τοὺς
3576 5271 3803 5336 λέοντας

2146 5358 2438 5420 δοκοῦντας
2468 5356 2555 5412 καὶ
2588 5354 2884 5433 δράκοντας
2929 5357 3028 5427 τὴν
3079 5357 3263 5434 ἰσχὺν,
3321 5361 3699 5434 πικραίνονταί
3747 5384 3808 5418 τε

2143 5447 2351 5527 σφόδρα
2405 5445 2495 5502 καὶ
2546 5445 2970 5522 ἀποπνίγονται.
3033 5448 3154 5504 Εἶεν
3201 5445 3248 5502 δ’
3297 5449 3356 5504 ἂν
3407 5451 3460 5506 οἱ
3505 5450 3660 5507 αὐτοὶ
3713 5451 3807 5507 καὶ

2140 5539 2439 5614 τριστάται,
2499 5537 2573 5596 ὡς
2625 5535 2689 5590 τὰ
2747 5541 2982 5610 τριμερῆ
3039 5543 3140 5606 τῆς
3173 5540 3358 5614 ψυχῆς
3406 5533 3806 5602 ἐπιϐαίνοντες·

2137 5626 2226 5682 καὶ
2277 5622 2350 5679 δι’
2408 5624 2572 5680 αὐτοῦ
2637 5622 2767 5686 τοὺς
2840 5622 3237 5700 ἀμελεστέρους
3309 5628 3447 5682 ὅπου
3508 5626 3806 5702 βούλονται

364 5717 611 5791 ἄγοντες.
645 5716 921 5773 Τέθεινται
953 5711 1010 5770 δὲ
1038 5715 1093 5768 αἱ
1124 5712 1260 5787 ᾠδαὶ
1291 5714 1426 5770 κατὰ
1452 5713 1580 5778 τοὺς
1613 5713 1815 5770 οἰκείου
1846 5714 2100 5792 χρόνευςο
2133 5717 2253 5772 ὃθεν
2285 5716 2377 5770 καὶ
2410 5713 2484 5777 ὡς
2514 5712 2919 5791 προγενεστέρα
2947 5712 3084 5786 αὕτη
3115 5720 3224 5772 τῶν
3258 5713 3446 5773 ἄλλων
3497 5718 3806 5796 προτέτακ-

363 5823 478 5862 ταιο
513 5803 566 5861 ἐν
603 5806 704 5883 γὰρ
736 5809 804 5880 τῇ
835 5812 934 5875 τῆς
970 5802 1189 5876 Ἐξόδου
1224 5799 1403 5881 βίϐλῳ
1434 5806 1695 5870 Μοϋσέως
1726 5807 2047 5884 γέγραπται,
2078 5830 2131 5873 κ.
2160 5829 2211 5865 τ.
2246 5804 2302 5863 λ.
