4130 6374
399 407 523 466 429

1484 404 1590 465 DE
1630 400 2135 464 MATRIMONIO
2177 399 2726 462 SOBRINOBUM.

3696 401 3821 462 430

403 531 3825 566 ω

933 725 1502 897 ΙΩΑΝ
1523 727 1670 896 Ν
1697 724 2010 898 ΟΥ
2137 721 3310 896 ΜΟΝΑΧΟΥ

1696 1011 1946 1109 ΤΟΥ
2031 1008 2538 1106 ΖΩΝΑΡΑ

413 1203 502 1258 ΕΚ
565 1194 936 1259 ΗΡΟΣΩΠΟΥ
998 1204 1133 1259 ΤΩΝ
1201 1204 1590 1261 ΑΡΧΙΕΡΕΩΝ
2094 1203 2276 1330 ΠΕέῙέΣ
2318 1203 2672 1331 ἓξὲῗΟΝΔΥΟ
2747 1205 3322 1260 ΔΙΣΕΞΛΔΕΛΦΟΥΣ
3389 1205 3523 1257 ΤΗΝ
3591 1202 3823 1257 ΑΥΤΗΝ

1077 1586 2038 1755 JOANNIS

2207 1586 3174 1755 ZONAR/E

1835 1868 2431 1967 MONACHI

587 2052 670 2108 EX
705 2051 1013 2111 PERSONA
1056 2053 1474 2122 PONTIFICUM,
1518 2053 1694 2122 QUOD
1734 2053 1875 2110 NON
2427 2055 2708 2113 SOBRINI
2746 2052 3036 2110 EAMDEM
3073 2054 3147 2111 IN
3181 2051 3649 2110 MATRIMONIUM

1728 2271 1916 2344 (Apud
1955 2270 2329 2340 Gotelerium,
2369 2270 2540 2345 ibid.)

492 2563 558 2617 α’.
590 2563 723 2626 Τοῖς
778 2557 1109 2636 προστασίαν
1165 2559 1548 2638 ἐγχειρισθεῖσι
1611 2562 1781 2632 λαοῦ,
1840 2560 1929 2617 διὰ
1982 2567 2079 2618 τοῦ

2269 2567 2318 2622 1.
2347 2568 2424 2622 Ad
2479 2583 2576 2623 eos
2633 2568 2850 2640 quibus
2899 2567 3214 2624 commissa
3271 2566 3382 2622 fuit
3412 2564 3612 2639 populi
3643 2563 3844 2637 praefe-

417 2653 712 2729 προφήτου
769 2651 929 2729 φησὶν
989 2656 1018 2704 ὸ
1076 2652 1226 2713 Θεός’
1262 2652 1381 2707 Ἐὰν
1443 2653 1517 2726 μὴ
1579 2649 1910 2728 διαστείλῃς,
1977 2675 2080 2727 μη-

421 2739 480 2796 δὲ
538 2739 819 2814 λαλήσῃς,
880 2739 1227 2804 ἀποθανεῖται
1287 2742 1314 2795 ὁ
1373 2736 1584 2814 ἄνομος
1643 2740 1694 2795 ἐν
1754 2744 1822 2815 τῇ
1879 2741 2082 2814 ἀνομίᾳ

420 2831 608 2898 αὐτοῦ,
665 2829 754 2885 καὶ
815 2829 877 2884 τὸ
934 2830 1071 2902 αἷμα
1127 2829 1293 2884 αὐτοῦ
1352 2828 1411 2884 ἐκ
1456 2832 1555 2898 τῆς
1613 2831 1802 2905 χειρός
1850 2851 1944 2886 σου
1993 2829 2080 2884 ἐκ·

429 2920 814 2990 ζητηθήσεται.
872 2919 939 2974 Τί
997 2921 1127 2993 γοῦν
1187 2917 1244 2973 ἐκ
1297 2922 1393 2972 τοῦ
1443 2917 1587 2982 θείου
1634 2919 1831 2973 τούτου
1877 2920 2080 2992 θεσμοῦ

432 3014 564 3064 νοεῖν
616 3004 787 3063 ἔπεισι
835 3012 950 3070 τοῖς
998 3007 1241 3062 ἐπιοῦσιν
1365 3007 1636 3080 παίουσιν]
1687 3008 1850 3063 αὐτὸν
1898 3009 1933 3078 ἢ
1965 3013 2080 3070 τοῖς

427 3095 560 3152 λαοῦ
609 3101 942 3172 προεστῶσιν
989 3115 1003 3165 ;
1046 3095 1277 3170 Ἀνάγκη
1329 3095 1490 3150 αὐτὸν
1520 3095 1730 3173 ἐπάγειν
1788 3096 2082 3172 ἐγρηγορέ-

422 3207 533 3255 ναι,
567 3186 659 3241 καὶ
708 3187 774 3240 τὰ
817 3190 900 3259 τῷ
940 3185 1264 3250 καθὲκαστον
1311 3187 1670 3262 πεπραγμένα
1705 3191 2078 3262 περισκοπεῖν,

421 3276 515 3331 καὶ
545 3277 636 3330 τὸν
666 3279 762 3330 τοῦ
794 3272 927 3330 Θεοῦ
955 3273 1125 3348 νόμον
1158 3273 1510 3351 ἀναγγέλλων
1543 3275 1749 3338 αὐτοῖς·
1781 3277 1873 3330 καὶ
1924 3276 1967 3330 εἰ
2004 3275 2079 3348 μὴ

422 3364 749 3442 πορεύοιντο
797 3366 913 3420 κατ’
965 3365 1126 3420 αὐτὸν
1159 3411 1174 3438 ,
1224 3365 1314 3419 καὶ
1365 3361 1704 3421 διαστέλλειν
1761 3365 1851 3420 καὶ
1909 3364 2084 3441 λέγειν

422 3456 518 3510 καὶ
569 3453 804 3510 κωλύειν
852 3453 920 3508 τὰ
975 3451 1204 3528 ἄθεσμα.
1238 3453 1300 3510 Εἰ
1350 3451 1397 3508 δ’
1440 3455 1527 3532 ἀφ’
1577 3455 1778 3509 ἑαυτῶν
1825 3452 2088 3528 κινουμὲα,

422 3565 550 3608 νους
596 3543 723 3604 τοὺς
769 3547 1114 3615 προεστῶτας
1153 3543 1356 3597 πιστῶν
1402 3544 1493 3597 καὶ
1539 3547 1704 3598 ταῦτα
1744 3541 1873 3618 δρᾷν
1905 3545 2080 3619 ἀπαρ-

423 3630 669 3701 αίτητον,
718 3631 769 3686 τί
813 3632 874 3686 ἄν
917 3652 1000 3694 τις
1047 3627 1190 3686 εἴποι
1240 3630 1392 3695 ὅπως
1438 3631 1553 3706 ’Χρή
1603 3631 1833 3696 τούτους
1876 3632 2086 3708 ἐρωτω-

429 3722 628 3796 μὲνους
687 3721 807 3793 περὶ
882 3740 1040 3775 τινων
1099 3719 1342 3798 πράξεων
1405 3719 1728 3777 διατίθεσθαι
1790 3740 1804 3791 ;
1863 3723 2085 3799 Πάντως

424 3811 678 3885 ἐκθύμως
728 3809 858 3886 ἄγαν
906 3811 1223 3867 ἀνακόπτειν
1281 3833 1340 3867 τε
1371 3813 1459 3869 καὶ
1514 3813 1791 3890 ἀπείργειν
1851 3811 1938 3868 διὰ
1975 3813 2084 3867 τῶν

427 3902 760 3980 ἐρωτώντων
815 3901 914 3970 τὴν
973 3905 1082 3957 τῶν
1142 3901 1390 3976 ἀθέσμων
1444 3901 1685 3977 πράξεων
1740 3902 2080 3978 ἐπιχείρησιν

426 3989 720 4063 ξύμπασιν.
754 3989 866 4046 Κάν
896 3994 978 4063 τῷ
1005 3994 1095 4045 νῦν
1130 3987 1175 4045 δ’
1218 3988 1558 4065 ἐρωτωμένῳ
1607 3993 1880 4064 ζητήματι
1922 3995 2082 4046 τοῦτο

424 4080 669 4158 γενέσθαι
722 4080 926 4155 χρεώνο
973 4081 1063 4134 καὶ
1117 4077 1285 4153 μηδὲν
1346 4079 1883 4154 ὑποστειλαμένους,
1943 4081 2084 4136 ἀπο-

427 4170 682 4246 κριθῆναι
722 4169 783 4222 τὸ
808 4169 1230 4243 παριστάμενον.

509 4258 575 4334 β’.
606 4259 677 4312 Τὸ
727 4254 785 4312 δὲ
833 4258 1055 4330 ζήτημα
1102 4257 1282 4333 βραχὺ
1339 4258 1433 4332 μὶν
1481 4256 1570 4313 καί
1612 4253 2086 4335 ὀλιγοσύλλαϐον,

433 4343 634 4420 λόγους
681 4341 727 4399 δ’
778 4344 989 4422 εἰσάγον
1044 4345 1311 4422 μακρούς,
1361 4345 1730 4422 ἐπαγομένους
1779 4347 1829 4420 ἐξ
1880 4347 2089 4402 ἀντιθε-

430 4454 590 4490 σεων.
623 4435 821 4511 ’Ἡριτό
850 4454 955 4503 τις,
1005 4434 1055 4490 εἷ’
1101 4432 1347 4490 δύναιντο
1393 4437 1493 4506 τὴν
1539 4435 1706 4506 αὐτὴν
1761 4436 1837 4500 εἲς
1865 4442 2092 4512 γυναῖκα

431 4521 532 4579 δύο
563 4517 749 4579 λαϐεῖν
801 4520 1084 4602 ὶξάδελφοι
1131 4521 1394 4600 δεύτεροι.
1443 4526 1511 4582 Οἱ
1562 4525 1655 4599 μὲν
1711 4525 1802 4580 οὖν
1850 4525 1943 4581 τὸν
1985 4527 2090 4598 γά-

436 4633 538 4686 μον
598 4611 887 4688 τυγχάνειν
948 4612 1230 4670 ἀκώλυτον
1289 4611 1704 4691 δογματίζουσιν
1750 4635 1762 4647 ·
1817 4615 1869 4670 οἱ
1927 4611 1974 4669 δ’
2032 4611 2094 4669 ού

432 4722 593 4779 φασιν
653 4700 811 4756 αὐτὸν
871 4700 1297 4778 ἐπιτρέπεσθαι,
1357 4701 1502 4759 ἀλλᾶ
1557 4703 1646 4758 καὶ
1703 4704 1829 4779 παρ’
1885 4704 2093 4780 ἀμφοῖν

431 4795 543 4845 τῶν
603 4789 787 4863 νόμων
847 4789 1193 4859 κωλύεσθαι,
1249 4795 1348 4845 τοῦ
1397 4812 1458 4846 τε
1514 4798 1614 4861 τῆς
1671 4790 1953 4856 πολιτείας
2003 4793 2096 4847 καὶ

437 4883 535 4935 τοῦ
586 4885 686 4949 τῆς
731 4877 978 4956 χάριτος.
1023 4879 1359 4951 Ἐξεταστὲον
1414 4879 1460 4935 δ’
1506 4879 1756 4949 ἑκατέραν
1808 4881 2095 4938 ἀντίθεσιν.

437 4970 508 5027 Οἱ
553 4968 646 5042 μὲν
699 4989 826 5046 φασι
872 4967 1000 5031 τοὺς
1047 4970 1348 5042 νομοθέτας
1393 4970 1518 5044 περὶ
1569 4969 1967 5044 κεκωλυμένων
1998 4971 2098 5043 γά-

442 5079 562 5132 μων
621 5056 967 5126 θεσπίζοντας
1002 5099 1020 5124 ,
1075 5056 1163 5112 καὶ
1223 5057 1734 5132 ἀπαριθμοομὲνους
1809 5060 1943 5133 ἅπερ
2005 5056 2102 5112 ἀλ-

439 5144 646 5217 λήλοις
703 5147 807 5201 ἀπὸ
860 5149 966 5200 τῶν
1025 5145 1084 5200 ἐκ
1140 5145 1372 5222 πλαγίου
1432 5146 1700 5223 πρόσωπα
1745 5147 2103 5203 συνάπτεσθαι

439 5236 770 5308 ἀπειρήκασι
828 5234 1028 5310 μέχρις
1086 5232 1242 5288 ἕκτου
1306 5236 1520 5310 βαθμοῦ
1581 5242 1771 5307 στῆσαι
1811 5238 1911 5306 τήν
1967 5242 2104 5291 ἀπα-

2191 2660 2373 2724 ctura,
2407 2655 2548 2712 dicit
2579 2657 2728 2712 Deus
2778 2672 2882 2729 per
2936 2655 3315 2729 prophetam:
3349 2655 3408 2710 Si
3436 2671 3544 2711 non
3576 2653 3842 2723 edixeris,

2187 2761 2364 2817 neque
2398 2744 2614 2801 locutus
2633 2748 2830 2818 fueris,
2861 2747 3133 2801 morietur
3180 2747 3406 2816 iniquus
3435 2745 3498 2800 in
3541 2744 3843 2815 iniquitate

2189 2852 2308 2902 sua,
2365 2842 2416 2889 et
2467 2837 2694 2907 sanguis
2751 2836 2868 2904 eius
2920 2835 2985 2891 de
3040 2851 3210 2890 manu
3262 2837 3360 2889 tua
3421 2835 3746 2905 requiratur
3791 2834 3834 2887 ί.

2191 2925 2338 2990 Quid
2368 2940 2506 2996 ergo
2536 2941 2601 2980 ex
2635 2925 2744 2979 hac
2775 2923 2975 2979 divina
3027 2924 3330 2980 sanctione
3385 2922 3710 2994 intelligere
3740 2921 3839 2976 da-

2189 3018 2288 3069 tur
2317 3014 2389 3069 iis
2419 3014 2517 3085 qui
2551 3030 2677 3070 eam
2711 3013 3024 3081 audierint,
3057 3011 3144 3069 vel
3192 3012 3394 3085 pOpuli
3437 3011 3786 3084 praesidibus
3809 3009 3840 3065 ?

2190 3103 2358 3157 Illam
2416 3102 2716 3174 imponere
2773 3101 3180 3158 necessitatem
3224 3101 3526 3172 vigilandi,
3557 3104 3840 3172 gestaque

2191 3190 2557 3263 singulorum
2591 3192 3021 3262 considerandi,
3045 3191 3310 3264 legisque
3329 3190 3582 3261 Deiipsis
3613 3205 3845 3246 annun-

2191 3281 2440 3346 tiandaa;
2473 3285 2530 3335 et
2559 3279 2673 3335 nisi
2722 3281 2896 3351 juxta
2951 3296 3080 3334 eam
3132 3279 3499 3350 incesserint,
3548 3278 3839 3350 edicendi,

2195 3375 2249 3425 et
2279 3369 2495 3434 aiendi,
2525 3374 2698 3440 atque
2729 3369 2935 3424 illicita
2967 3368 3334 3441 prohibendi.
3388 3368 3550 3435 Quod
3591 3367 3639 3422 si
3673 3383 3843 3422 reou<-

2196 3474 2325 3513 sare
2357 3475 2468 3513 non
2497 3461 2747 3528 possunt
2794 3456 3054 3513 ﬁdelium
3087 3457 3387 3528 praesides,
3434 3457 3575 3528 quin
3612 3455 3844 3528 proprio

2196 3552 2355 3602 motu
2385 3547 2504 3602 haec
2531 3551 2816 3618 peragant
2843 3565 2855 3615 ;
2882 3547 3022 3618 quid
3057 3546 3272 3619 aliquis
3303 3545 3530 3617 dixerit,
3550 3545 3846 3617 quomodo

2195 3651 2294 3691 eos
2327 3635 2562 3691 affectos
2593 3651 2723 3690 esse
2771 3639 3055 3707 oporteat,
3090 3636 3319 3706 quoties
3357 3635 3428 3691 de
3484 3634 3838 3707 quibusdam

2195 3724 2443 3797 negotiis
2474 3725 2694 3780 fuerint
2731 3724 3072 3797 interrogati
3101 3728 3124 3780 Ρ
3151 3724 3400 3781 Omnino
3437 3723 3604 3779 valde
3633 3721 3842 3779 alacri-

2192 3818 2301 3883 ter,
2333 3818 2397 3869 ut
2430 3813 2656 3869 cunctis
2689 3830 2790 3885 per
2836 3813 3296 3886 interrogatores
3347 3815 3610 3870 recidant
3663 3816 3840 3885 atque

2193 3902 2926 3958 interdicentnefariorum
2985 3907 3223 3959 actuum
3281 3903 3738 3976 aggressionem.
3771 3902 3842 3956 Et

2190 4007 2324 4047 vero
2354 3991 2415 4046 in
2446 3991 2766 4063 quastione
2789 4009 2946 4047 nunc
2963 3991 3132 4048 nobis
3155 3992 3454 4064 proposita
3480 3992 3636 4048 idem
3667 3992 3839 4048 nobis

2194 4086 2284 4137 est
2313 4081 2644 4136 faciendum
2669 4098 2682 4148 ;
2717 4084 2774 4136 et
2803 4081 3026 4152 absque
3058 4081 3176 4137 ullo
3208 4082 3573 4155 subterfugio
3599 4099 3841 4155 respon-

2195 4170 2453 4225 dendum
2486 4169 2642 4240 quod
2675 4168 2844 4224 nobis
2871 4168 3177 4226 videbitur.

2265 4260 2320 4313 2.
2353 4258 2637 4313 Caeterum
2661 4258 2907 4329 quaastio
2927 4258 3118 4314 brevis
3132 4259 3369 4331 quidem
3387 4264 3478 4316 est
3499 4275 3848 4332 paucarum-

2198 4365 2313 4420 que
2342 4346 2724 4420 syllabarum,
2758 4346 2984 4402 inducit
2998 4351 3199 4404 tamen
3219 4363 3551 4405 sermonem
3582 4348 3844 4420 longum,

2201 4438 2300 4510 qui
2358 4435 2827 4509 oppositionibus
2885 4437 3090 4492 oritur.
3150 4437 3534 4511 Interrogavit
3587 4439 3848 4496 nonnul-

2200 4527 2331 4582 lus:
2368 4531 2455 4580 An
2505 4527 2618 4581 duo
2676 4524 2900 4582 sobrini
2953 4530 3190 4598 possent
3214 4529 3483 4583 eamdem
3514 4528 3574 4583 in
3605 4545 3849 4585 uxorem

2203 4616 2481 4687 accipere.
2510 4615 2578 4669 Et
2610 4613 2706 4670 alii
2731 4614 2968 4685 quidem
3023 4617 3236 4671 docent
3289 4616 3394 4672 has
3445 4618 3686 4690 nuptias
3733 4635 3852 4674 non

2206 4721 2334 4761 esse
2365 4705 2606 4759 vetitas:
2641 4708 2844 4759 contra
2870 4704 2969 4759 alii
3000 4720 3099 4760 eas
3129 4722 3245 4761 non
3278 4706 3538 4777 permitti
3559 4713 3852 4776 asserunt,

2207 4795 2324 4848 imo
2358 4794 2430 4848 ab
2462 4799 2710 4864 utraque
2741 4793 2866 4865 lege
2899 4794 3214 4865 prohiberi,
3235 4795 3388 4850 civili
3421 4800 3478 4851 et
3506 4797 3858 4868 Christiana,

2208 4881 2540 4954 reipublicae
2559 4887 2618 4937 et
2644 4883 3128 4955 gratiae.Utraque
3152 4889 3347 4940 autem
3379 4885 3668 4957 oppositio
3691 4887 3863 4941 debet

2210 4971 2746 5027 examinari.Primi
2769 4971 2935 5028 aiunt
2963 4971 3501 5044 legislatores,dum
3533 4974 3863 5047 denuptuis

2210 5060 2542 5115 interdictis
2593 5061 2935 5128 decernunt,
2966 5066 3390 5135 recensentque
3425 5079 3704 5135 personas
3735 5080 3863 5135 qua

2213 5153 2354 5207 sunt
2383 5166 2450 5204 ex
2479 5149 3059 5220 transverso,quibus
3088 5155 3358 5206 mutuam
3391 5153 3866 5224 conjunctionem

2215 5239 2666 5312 prohibuerunt,
2756 5241 3256 5297 enumerationem
3326 5240 3386 5297 in
3460 5246 3620 5299 sexto
3679 5244 3864 5316 gradu

443 5325 728 5402 ρίθμησιν·
782 5323 1006 5386 τούτους
1057 5321 1104 5378 δ’
1153 5324 1289 5378 εἶναι
1334 5321 1766 5403 δισεξαδὲλφους·
1801 5327 2089 5402 περαιτέρω

2219 5329 2425 5386 sistere
2448 5327 2504 5382 in
2539 5344 2654 5399 quo
2689 5332 2829 5383 sunt
2850 5327 3093 5394 sobrini,
3127 5329 3377 5386 ulterius
3395 5348 3531 5389 vero
3580 5313 3707 5388 non
3732 5349 3866 5405 pro-

443 5411 506 5468 δὲ
536 5413 612 5485 μή
644 5407 938 5488 προϐῆναι,
967 5410 1097 5485 μηδ’
1140 5411 1386 5489 ἀπεῖρξαι
1433 5413 1560 5476 τοὺς
1611 5414 1799 5489 πρόσω
1827 5421 1927 5484 τῆς
1979 5437 2101 5470 συν-

445 5504 718 5573 οικήσεως
760 5542 772 5555 .
833 5501 984 5557 Ἐπεὶ
1043 5499 1089 5556 δ’
1147 5500 1234 5557 ἐπὶ
1294 5505 1391 5557 τοῦ
1446 5523 1715 5580 παροντος
1787 5506 2104 5578 ζητήματος

446 5588 550 5647 ούκ
607 5585 880 5660 ἀλλήλοις
909 5588 961 5644 οἱ
1021 5585 1394 5669 δισεξάδελφοι
1441 5591 1578 5667 πρὸς
1608 5589 1782 5667 γάμον
1815 5591 2110 5651 συνάπτον-

524 5737 546 5775 ⁵
575 5735 780 5795 Ezeoh.
818 5753 903 5810 ιιι,
935 5735 1024 5796 18.

2213 5418 2398 5491 gredi,
2431 5433 2621 5488 neque
2653 5433 2685 5471 a
2714 5417 3008 5472 connubio
3040 5433 3235 5473 arcere
3255 5435 3355 5475 eos
3386 5421 3488 5492 qui
3511 5425 3651 5477 suut
3680 5437 3871 5478 remo-

2217 5507 2412 5563 tiores.
2447 5504 2731 5570 Quoniam
2784 5510 2978 5561 autem
3028 5505 3089 5560 in
3146 5509 3419 5578 praesenti
3474 5511 3873 5568 controversia

2220 5615 2336 5655 non
2366 5596 2519 5654 inter
2546 5611 2608 5653 se
2640 5595 3015 5654 matrimonio
3027 5597 3366 5670 junguntur
3387 5598 3742 5672 sobrini,sed
3756 5602 3873 5663 alia
