4130 6392
389 451 505 513 431

1737 439 1876 502 «1οΑ
1889 435 2070 498 NNIS
2116 435 2463 496 ZONARIE

3701 445 3823 506 432

394 589 483 642 est
505 601 774 658 persona,
807 600 935 656 quea
965 582 1066 638 uni
1097 599 1166 638 ex
1196 578 1616 652 illiscopulata,
1647 591 1713 631 eo
1745 573 2031 641 defuncto,

2153 589 2263 635 ται,
2295 567 2589 644 πρόσωπον
2652 569 2700 625 δ’
2756 566 2937 647 ἔτερόν
2997 573 3107 629 ἐστι
3160 575 3226 631 τὸ
3288 575 3496 632 τοότων
3553 575 3630 632 ἐνί
3689 600 3821 634 συν-

394 675 769 730 sobrinorum
804 672 1101 744 superstiti
1125 675 1213 727 est
1234 665 1826 740 cepulanda,nuptias
1859 661 2050 717 licitas

398 765 782 820 arbitrantur.
825 763 1007 816 Aiunt
1039 759 1253 831 quippe
1285 773 1347 813 se
1377 756 1531 812 nolle
1562 753 1764 826 regula
1793 768 1923 808 esse
1957 767 2050 805 re-

399 851 632 919 ctiores,
666 856 840 922 atque
871 866 938 904 ea
971 848 1203 919 quidem
1233 863 1361 917 quae
1401 844 1492 898 lex
1548 841 1751 907 vetuit,
1782 839 1985 895 eadem
2019 853 2052 892 a

401 958 463 996 se
491 957 723 1012 quoque
755 939 931 995 vetari
959 955 972 1006 ;
1006 954 1132 1008 qua:
1165 952 1296 991 vero
1319 934 1420 989 illa
1437 950 1570 988 cum
1598 930 1911 1004 prohibitis
1937 943 2052 983 non

401 1029 717 1099 recensuit,
775 1027 952 1082 etiam
1013 1043 1047 1081 a
1102 1042 1164 1081 se
1223 1023 1501 1096 permitti.
1553 1022 1683 1076 Haec
1741 1021 1934 1089 itaque
1965 1020 2054 1082 est

403 1118 579 1173 unius
611 1116 791 1189 partis
823 1113 1128 1186 responsio
1162 1113 1234 1168 ad
1269 1110 1813 1183 interrogationem,
1863 1121 2051 1178 eoque

402 1209 570 1278 pacto
605 1206 674 1260 ab
708 1205 779 1260 iis
809 1202 1021 1276 quaetio
1056 1201 1321 1258 solvitur.

470 1488 523 1542 3.
557 1491 735 1543 Porro
768 1487 870 1561 qui
923 1504 992 1543 ex
1047 1485 1317 1559 opposita
1375 1488 1538 1558 parte
1597 1487 1757 1550 sunt,
1803 1484 2050 1540 vetitum

397 1591 529 1633 esse
552 1575 610 1632 id
643 1577 1088 1632 matrimonium
1119 1583 1294 1648 atque
1323 1573 1599 1629 illicitum
1648 1572 2052 1630 existimantes

398 1670 456 1722 et
477 1673 829 1736 asserentes,
855 1661 1204 1721 sententiam
1253 1680 1420 1720 suam
1451 1663 1588 1718 inde
1609 1662 1956 1718 oonstabiliu
1968 1668 2048 1730 nt,

400 1760 578 1826 atque
607 1755 828 1824 dicunt,
863 1755 1016 1826 quod
1048 1753 1436 1826 legislatores,
1472 1752 1544 1807 de
1575 1751 1799 1821 nuptiis
1831 1751 2052 1807 illicitis

399 1860 466 1900 ac
495 1843 823 1899 interdictis
855 1844 1206 1913 sancientes,
1227 1843 1285 1898 in
1318 1841 1774 1898 ascendentibus
1806 1841 2047 1912 quidem

399 1937 458 1987 et
487 1933 1001 2002 descendentibus,
1053 1933 1124 1988 ad
1183 1931 1483 1987 infinitum
1544 1930 1779 2002 nuptias
1840 1929 2018 1985 vetita

398 2037 528 2076 esse
548 2021 873 2089 deﬁniunt;
908 2023 966 2076 in
1000 2021 1072 2076 iis
1114 2038 1246 2077 vero
1278 2021 1378 2093 qui
1439 2036 1509 2076 ex
1563 2025 1898 2076 transverso
1955 2035 2052 2076 co-

397 2110 673 2182 gnatione
695 2112 1050 2183 junguntur,
1085 2116 1392 2183 postquam
1426 2109 1712 2181 quasdam
1744 2125 2052 2164 enumera-

397 2205 608 2255 verunt
641 2217 944 2269 personas,
975 2216 1192 2272 easque
1227 2207 1509 2270 tanquam
1541 2198 1807 2270 exempla
1839 2214 2048 2269 posue-

399 2293 539 2342 runt
583 2288 1030 2344 interdictarum
1094 2289 1456 2359 nuptiarum,
1521 2288 1660 2358 quia
1707 2287 1924 2358 singuli
1984 2303 2053 2342 ex

398 2380 734 2432 transverso
763 2377 979 2448 gradus
1011 2377 1171 2432 vetiti
1203 2376 1462 2431 oratione
1493 2375 1908 2447 comprehendi
1932 2392 2050 2431 non

396 2466 1138 2536 poterant,subjunxerunt
1167 2465 1554 2538 generaliter:
1583 2467 1643 2520 In
1671 2467 1905 2537 nuptiis,
1936 2481 2048 2520 non

394 2553 457 2608 id
505 2554 664 2610 modo
715 2554 856 2626 quod
911 2557 1244 2626 permissum
1299 2560 1400 2626 est,
1456 2555 1552 2610 sed
1581 2554 1847 2611 etiamid
1905 2553 2047 2626 quod

391 2643 651 2699 decorum
679 2650 758 2700 est
788 2649 844 2699 et
872 2645 1174 2710 honestum,
1207 2650 1520 2717 naturaque
1530 2648 1780 2716 justum,
1840 2645 2042 2716 quaeri-

385 2733 660 2788 mus.Non
677 2733 832 2788 enim
853 2733 1094 2804 quasiin
1120 2733 1236 2789 illis
1259 2734 1715 2804 prohibitionem
1739 2733 2041 2798 sisterent,

387 2821 764 2878 sobrinorum
823 2824 1181 2878 mentionem
1240 2825 1541 2891 fecerunt;
1603 2823 1704 2878 sed
1768 2839 2038 2877 sermons

380 2909 567 2966 instar
636 2911 886 2982 exempli
941 2899 1158 2984 posito,
1247 2917 1445 2984 postea
1505 2913 1562 2968 id
1649 2912 2037 2967 subdiderant

379 3001 534 3070 quod
568 3005 692 3056 erat
721 3000 1132 3057 universalius.
1164 3001 1362 3072 Neque
1394 3003 1452 3056 in
1511 3001 1585 3056 iis
1616 3002 1900 3056 duntaxat
1932 3000 2036 3072 qui

378 3089 814 3158 suntalatere,
846 3091 904 3146 id
958 3091 1164 3146 fecisse
1223 3091 1622 3160 inveniuntur,
1687 3091 1788 3145 sed
1834 3095 1892 3144 et
1971 3090 2031 3144 in

379 3177 634 3234 naturali
680 3179 974 3251 progenie.
1025 3179 1172 3234 Nam
1223 3195 1354 3235 cum
1396 3180 1558 3252 prius
1617 3179 1689 3234 de
1738 3178 2031 3250 adoptivis

379 3267 559 3323 locuti
589 3274 808 3335 essent,
841 3269 956 3324 ista
985 3285 1220 3340 quoque
1263 3269 1649 3324 addiderunt:
1673 3270 1900 3325 Etenim
1927 3285 2030 3322 ηα-

2082 1974 2132 2040 Β

2159 659 2358 745 αφθὶν,
2392 659 2647 714 κάκείνου
2699 661 3086 737 παρελθόντος,
3145 669 3223 737 τῷ
3274 664 3673 745 περιλειφθέντι
3713 673 3826 724 τῶν

2162 744 2556 823 δισεξαδέλφων
2629 751 3147 828 συναφθησόμενον’
3205 754 3296 810 τὸν
3365 744 3543 832 γάμον
3601 757 3826 813 ἀκώλυ-

2159 857 2250 892 τον
2301 834 2528 910 ¹ήγηνται
2565 881 2578 894 .
2642 841 2730 907 Μὴ
2797 840 2898 914 γὰρ
2969 839 3174 897 ἐθέλειν
3252 844 3381 900 εἶναι
3441 846 3539 901 τοῦ
3597 847 3828 913 κανόνος

2163 926 2437 1001 εύθ·3τεροι
2499 924 2767 1001 λέγουσιν·
2826 927 2956 984 ἀλλ⁹
3007 927 3040 984 ἂ
3089 932 3184 1004 μὲν
3245 933 3272 986 6
3328 935 3498 1008 νόμος
3556 935 3824 1011 ἐκώλυσε,

2160 1019 2328 1068 ταῦτα
2373 1014 2714 1080 κεκωλύσθαι
2763 1015 2852 1072 καί
2895 1018 3033 1092 πρὸς
3081 1019 3276 1075 αὐτῶν
3309 1021 3342 1078 ἃ
3373 1021 3418 1077 δ’
3469 1023 3672 1088 ἐκεῖνος
3701 1031 3827 1092 τοῖς

2163 1102 2568 1192 κεκωλυμένοις
2627 1105 2689 1192 οὐ
2769 1106 3210 1183 συνηρίθμησεν,
3271 1108 3653 1192 ἐπιτετράφθαι
3730 1115 3826 1171 καὶ

2162 1191 2309 1268 παρᾶ
2342 1196 2513 1267 σφῶν.
2566 1191 2714 1263 Αὕτη
2769 1194 2863 1268 μὶν
2912 1196 3003 1250 οὗν
3035 1199 3070 1268 ἡ
3115 1201 3216 1264 τῆς
3262 1206 3390 1273 μιᾶς
3441 1191 3631 1279 μοίρας
3681 1203 3825 1260 ἀπό-

2165 1301 2340 1355 κρισις
2400 1282 2537 1357 πρὸς
2584 1281 2646 1336 τὰ
2700 1281 3086 1359 ἐρωτώμενον·
3145 1287 3235 1342 καὶ
3294 1288 3436 1346 οὕτω
3487 1292 3700 1357 τούτοις
3759 1297 3824 1350 τὸ

2168 1373 2388 1444 ζήτημα
2419 1369 2624 1432 λύεται.

2233 1479 2298 1552 γ’.
2334 1480 2401 1534 Οἱ
2434 1475 2490 1533 δὲ
2536 1485 2636 1549 τῆς
2687 1481 2914 1556 θατέρας
2962 1479 3206 1558 μερίδος,
3255 1485 3636 1560 κεκωλυμένον
3688 1489 3823 1546 εἶναι

2161 1567 2253 1622 τὸν
2303 1566 2482 1641 γάμον
2529 1568 2619 1622 καὶ
2670 1568 2900 1641 ἄθεσμον
2947 1570 3034 1624 καὶ
3085 1568 3400 1643 δοξάζοντες
3444 1576 3534 1631 καὶ
3583 1578 3826 1656 ἀποφαι-

2162 1657 2405 1730 νόμενοι,
2455 1657 2547 1711 τὸν
2597 1655 2803 1712 οἰκεῖον
2858 1656 3024 1734 λόγον
3077 1659 3316 1726 ἐντεῦθεν
3368 1671 3678 1721 συνιστῶσιυ
3709 1655 3824 1724 καὶ

2165 1744 2413 1819 λέγουσιν
2450 1763 2463 1776 ·
2525 1745 2600 1807 ὡς
2658 1747 2709 1800 οἱ
2765 1747 3074 1818 νομοθέται,
3133 1749 3258 1827 περὶ
3315 1751 3507 1828 γάμων
3567 1755 3820 1830 ἀθέσμων

2162 1834 2251 1889 καὶ
2289 1831 2686 1907 κεκωλυμένων
2746 1833 3087 1904 θεσπίζοντες
3137 1837 3224 1894 ἐπὶ
3277 1841 3371 1912 μὶν
3421 1841 3679 1899 ἀνιόντων
3728 1847 3825 1900 καὶ

2161 1922 2456 1978 κατιόντων
2505 1922 2582 2010 εἷς
2625 1922 2925 1999 ἀπέραντον
2973 1925 3312 1992 κεκωλύσθαι
3354 1930 3446 1985 τὸν
3492 1931 3667 2008 γάμον
3703 1934 3822 2010 ὀρί-

2167 2017 2371 2082 ζουσινο
2419 2011 2507 2066 ἐπὶ
2557 2009 2615 2066 δέ
2665 2033 2726 2088 γε
2779 2017 2885 2068 τῶν
2944 2011 3005 2068 ἐκ
3059 2013 3320 2093 πλαγίου,
3379 2019 3648 2096 πρόσωπά
3699 2009 3826 2079 τινα

2164 2102 2724 2175 ἀπαριθμησάμενοι,
2784 2103 2873 2157 καὶ
2930 2107 3098 2158 ταῦτα
3155 2107 3335 2170 θέντες
3392 2109 3587 2165 ὡσανεὶ
3643 2133 3820 2188 παρα-

2162 2189 2424 2265 δείγματα
2469 2196 2576 2246 τῶν
2626 2190 3024 2265 κεκωλυμένων
3077 2194 3291 2269 γάμων,
3341 2196 3456 2253 ἐπεὶ
3506 2202 3583 2273 μὴ
3619 2203 3732 2257 οἷόν
3761 2224 3824 2259 τι

2160 2279 2540 2368 κεκωλυμένον
2598 2281 2806 2355 βαθμὸν
2853 2278 3077 2338 ἕκαστον
3124 2289 3230 2339 τῶν
3283 2285 3342 2342 ἐκ
3387 2286 3626 2365 πλαγίου
3665 2291 3822 2368 πέρι-

2162 2366 2391 2439 λαϐεῖν,
2451 2369 2721 2446 ἐπήγαγον
2781 2375 3029 2444 γενικῶς·
3065 2373 3152 2428 Ἐν
3204 2380 3320 2436 τοῖς
3378 2377 3581 2452 γάμοις
3637 2380 3698 2435 οὐ
3738 2366 3821 2438 -τὸ

2158 2459 2670 2536 ἐπιτετραμμένον,
2734 2456 2880 2514 ἀλλὰ
2951 2459 3042 2515 καί
3109 2463 3171 2518 τὸ
3244 2463 3505 2540 εὐπρεπὲς
3579 2470 3671 2524 καὶ
3739 2492 3824 2528 σεο

2159 2549 2290 2621 μνὸν
2349 2549 2438 2603 καὶ
2472 2547 2624 2636 φύσει
2652 2545 2860 2603 δίκαιον
2923 2553 3214 2624 ζητοῦμεν.
3278 2555 3354 2611 Οὐ
3385 2555 3489 2632 γὰρ
3522 2557 3596 2619 ὡς
3623 2559 3826 2636 μέχρις

2155 2636 2371 2692 ἐκείνων
2439 2635 2680 2699 ἱστάντες
2745 2639 2844 2706 τὴν
2890 2637 3128 2695 κώλυσιν
3165 2687 3179 2713 ,
3227 2646 3336 2697 τῶν
3417 2635 3821 2728 δισεξαδέλιρων

2153 2725 2519 2799 ἐμνήσθησαν·
2580 2725 2706 2781 ἀλλ’
2759 2725 2937 2801 ὥσπερ
2999 2726 3304 2804 ὑπόδειγμα
3358 2733 3450 2788 τὸν
3505 2733 3674 2811 λόγον
3714 2725 3815 2794 ’τι-

2151 2818 2402 2888 θέμενοι,
2462 2817 2652 2894 ἐφεξῆς
2712 2814 2987 2892 ἐπήγαγον
3041 2819 3104 2873 τὸ
3157 2818 3597 2899 καθολικώτερον
3631 2869 3644 2882 .
3706 2829 3807 2884 Καὶ

2149 2905 2247 2960 οὐκ
2277 2904 2364 2960 ἐπὶ
2393 2911 2499 2960 τῶν
2552 2905 2612 2960 ἐκ
2657 2902 2897 2980 πλαγίου
2946 2906 3111 2979 μόνον
3160 2913 3322 2964 τοῦτο
3373 2917 3656 2980 ποιοῦντες
3712 2918 3804 2973 εὖ·

2147 2996 2440 3072 ρίσκονται,
2499 2993 2645 3050 ἀλλὰ
2699 2995 2790 3050 καὶ
2842 2993 2930 3049 ἐπὶ
2981 3003 3150 3070 γονῆς
3209 3006 3485 3075 φυσικῆς.
3545 3004 3804 3072 Εἶπόντες

2140 3085 2242 3160 γὰρ
2301 3085 2424 3162 περὶ
2484 3087 2650 3139 θετῶν
2727 3083 3044 3160 πρότερον,
3106 3085 3379 3163 ἐπήγαγον
3457 3091 3547 3145 καὶ
3622 3098 3798 3150 ταυτί·

2142 3176 2245 3232 Καὶ
2301 3175 2329 3230 6
2375 3174 2599 3250 φυσικὸς
2650 3175 2751 3250 γὰρ
2804 3173 2986 3249 πατὴρ
3063 3172 3126 3228 οὐ
3186 3170 3455 3248 λαμϐάνει
3511 3181 3608 3248 τὴν
3660 3203 3793 3254 πορ-

2140 3267 2336 3340 νογενῆ
2364 3263 2529 3319 αὐτοῦ
2582 3264 2864 3338 θυγατέρα.
2925 3264 3057 3318 Εἶτα
3113 3263 3250 3339 πρὸς
3305 3266 3368 3320 τὸ
3421 3265 3651 3329 καθόλου
3697 3269 3788 3324 νό-

379 3357 584 3412 turali:
608 3359 766 3427 pater
793 3373 904 3412 non
944 3357 1146 3428 accipit
1169 3358 1350 3428 ﬁliam
1378 3374 1540 3413 suam
1569 3373 1638 3414 ex
1665 3359 2031 3428 fornicatione

2151 3374 2319 3426 μιμον
2370 3350 2625 3420 ἀπεῖδον,
2685 3351 2776 3405 καὶ
2833 3350 2932 3418 τὴν
2993 3353 3213 3425 γενικὴν
3269 3352 3560 3428 ἐπήνεγκαν
3605 3355 3790 3413 κώλυ-

376 3449 590 3500 natam.
623 3445 844 3502 Deinde
878 3447 951 3501 ad
985 3446 1374 3502 universalem
1408 3447 1591 3518 legem
1631 3451 2029 3518 respexerunt,

379 3536 437 3587 et
465 3531 736 3605 generale
764 3534 1141 3590 interdictum
1177 3535 1520 3602 intulerunt,
1539 3552 1640 3608 per
1661 3535 1783 3591 haec
1813 3535 1988 3592 verba
2012 3552 2026 3592 :

375 3621 589 3678 Natura
618 3624 763 3679 enim
799 3639 1038 3695 aequum,
1071 3632 1125 3680 et
1152 3624 1285 3698 quid
1313 3625 1526 3694 deceat,
1558 3625 1619 3681 in
1647 3626 1866 3697 nuptiis
1902 3641 2030 3683 con-

372 3710 678 3768 sidaralur.

444 3819 498 3873 4.
531 3818 646 3874 Νοο
676 3818 832 3874 enim
863 3819 1157 3892 quispiam
1207 3821 1439 3889 dixerit,
1472 3823 1626 3893 quod
1673 3823 1811 3894 quia
1841 3823 2026 3882 solius

373 3907 772 3962 meminerunt
802 3907 931 3963 filiae
963 3925 1032 3964 ex
1056 3914 1248 3966 scorto
1276 3911 1508 3984 genitae,
1543 3918 1748 3983 neptes
1771 3928 1870 3970 eas
1896 3930 2026 3985 quas

371 4004 818 4068 consequuntur
845 3999 1196 4070 exceperint,
1257 4017 1362 4055 nec
1406 4003 1746 4072 conjugium
1787 4021 1919 4058 cum
1951 4004 2024 4059 iis

279 4105 282 4110 ·
371 4086 799 4156 prohibuerint.
853 4089 921 4142 Et
979 4104 1109 4144 vero
1139 4105 1326 4144 canon
1358 4094 1697 4146 sanctorum
1732 4092 2023 4163 apostolo-

372 4192 503 4231 rum
535 4176 618 4232 ait
648 4193 661 4231 :
699 4177 803 4244 Qui
830 4177 970 4232 duas
1011 4194 1224 4235 sorores
1278 4181 1524 4249 duxerit,
1577 4187 1674 4236 aut
1702 4184 1902 4252 fratris
1938 4183 2024 4238 vel

371 4280 577 4320 807‘07‘18
605 4266 803 4335 ﬁliam,
851 4281 963 4321 non
1015 4273 1191 4332 potest
1247 4285 1360 4324 esse
1413 4270 1670 4325 clericus.
1731 4271 1839 4335 Qui
1886 4287 2022 4344 ergo

370 4353 671 4410 sobrinam
733 4355 983 4423 duxerit,
1045 4361 1147 4412 aut
1198 4358 1447 4412 sebi-inae
1522 4363 1778 4430 neptem,
1837 4361 2024 4416 eritne

369 4441 614 4497 clericus
644 4442 672 4496 ‘I
697 4447 879 4498 Nemo
901 4461 1042 4499 sane
1072 4444 1181 4499 hoc
1201 4445 2019 4517 dixerit.Cernis,adversarie.

368 4546 485 4585 non
518 4529 576 4584 in
611 4530 683 4584 iis
741 4548 886 4601 quos
947 4539 1235 4588 memorat
1289 4534 1508 4603 Canon,
1563 4537 2016 4608 prohibitionem

369 4635 539 4674 suam
562 4619 897 4688 terminare,
918 4622 1016 4678 sed
1053 4621 1227 4690 ultra,
1258 4628 1494 4695 propter
1524 4626 1803 4681 decorum
1832 4630 2016 4699 quod-

2141 3465 2245 3514 σιν,
2307 3440 2396 3497 διὰ
2450 3445 2546 3496 τοῦ
2603 3439 2796 3495 εἴπεῖν·
2858 3439 2928 3493 Τὸ
2981 3439 3136 3516 φύσει
3187 3441 3290 3517 γὰρ
3323 3440 3528 3499 δίκαιον
3585 3446 3676 3502 καὶ
3731 3449 3793 3503 τὸ

2139 3533 2400 3607 εὐπρεπὲς
2431 3531 2482 3586 ἐν
2515 3535 2632 3593 τοῖς
2658 3530 2855 3604 γάμοις
2887 3533 3189 3587 σκοπεῖται.

2203 3821 2268 3877 κ’.
2303 3819 2376 3875 Οὗ
2438 3819 2542 3894 γὰρ
2589 3819 2650 3871 ἄν
2693 3836 2777 3880 τις
2824 3810 2969 3870 sinet
3020 3814 3114 3876 ὡς.
3169 3814 3285 3870 ἐπεὶ
3326 3820 3589 3894 θυγατρὸς
3621 3820 3794 3894 ἐμνή..

2133 3912 2332 3981 σθησαν
2405 3907 2577 3981 μόνης
2635 3907 2997 3981 πορνογενοῦς
3032 3945 3046 3972 ,
3106 3902 3202 3968 τὰς
3266 3901 3492 3981 ἐγγὸνας
3549 3910 3641 3964 καὶ
3697 3911 3795 3975 τὰς

2134 3999 2292 4076 ἐφεξή
2353 3995 2632 4067 ὑπεξεῖλον
2667 4039 2683 4064 ,
2736 3993 2827 4048 καὶ
2878 3993 2978 4061 τήν
3041 3993 3179 4065 πρὸς
3241 3992 3444 4060 ἐκείνας
3502 4003 3790 4071 συνάφειαν

2133 4088 2234 4142 οὐκ
2283 4084 2584 4142 ἐκώλυσαν.
2641 4082 2744 4140 Καὶ
2793 4084 2964 4137 κανὼν
3017 4078 3074 4136 δὲ
3101 4085 3208 4137 τῶν
3262 4083 3432 4159 ἁγίων
3464 4084 3793 4145 ἀποστόλων

2132 4177 2293 4254 φησὶν
2331 4196 2341 4207 ·
2404 4180 2458 4228 '0
2537 4171 2632 4229 δύο
2690 4169 2928 4246 ἀδελφὰς
2995 4169 3282 4246 ἀγόμενος,
3342 4173 3377 4242 ἢ
3439 4172 3739 4250 ἀδελφιδῆν
3775 4222 3791 4247 ,

2131 4267 2194 4321 οὺ
2255 4263 2476 4320 δύναται
2528 4263 2663 4318 εἶναι
2725 4261 3013 4334 κληρικός.
3074 4261 3194 4334 Ἀρ⁷
3255 4259 3348 4315 οὗν
3407 4263 3434 4317 6
3492 4262 3796 4346 ἐξαδέλφην

2131 4355 2420 4430 ἀγόμενος,
2480 4352 2515 4422 ἢ
2576 4349 2875 4425 έξαδέλφης
2935 4350 3180 4422 ἀνεψιὰν,
3239 4346 3413 4405 ἔσεται
3471 4350 3790 4428 κληρικός;

2130 4445 2244 4502 Οὐκ
2291 4443 2349 4498 ἄν
2404 4464 2487 4504 τις
2549 4447 2711 4496 τοῦτο
2742 4440 2868 4516 ἐρεῖ.
2933 4441 3111 4515 Ὁρᾷς,
3173 4441 3200 4496 6
3258 4439 3552 4511 ἀντίθετος,
3604 4443 3680 4506 ὡς
3729 4444 3790 4500 οὐ

2133 4534 2328 4607 μέχρις
2362 4533 2436 4587 ὧν
2469 4533 2497 4587 ὁ
2545 4531 2720 4586 κανὼν
2775 4531 3043 4602 ἐμνήσθη,
3077 4523 3203 4600 ἔστη
3243 4528 3310 4584 τὰ
3337 4533 3435 4598 τῆς
3467 4530 3788 4606 κωλύσεως,

2129 4621 2274 4677 ἀλλὰ
2322 4622 2413 4676 καὶ
2470 4622 2774 4696 περαιτέρω
2819 4617 2908 4673 διὰ
2946 4619 3010 4673 τὸ
3059 4617 3319 4693 εὐπρεπὲς
3373 4619 3463 4673 καὶ
3514 4621 3578 4675 τὸ
3634 4623 3789 4700 φύσει

367 4723 481 4780 que
522 4714 732 4764 natura
777 4726 1013 4780 aequum
1063 4717 1173 4777 est,
1234 4714 1546 4781 procedere
1577 4713 1603 4767 ?
1635 4714 2013 4787 Reperiemus

2147 4712 2332 4766 ἰίκαιον
2389 4711 2633 4787 πρόεισιν
2670 4729 2682 4779 ;
2726 4709 3050 4783 Εὗρήσομεν
3108 4705 3166 4762 δὲ
3223 4707 3313 4762 καί
3368 4729 3489 4763 τινα
3551 4713 3626 4783 μὴ
3689 4713 3786 4771 ὑπὸ

365 4803 561 4854 autem
609 4803 666 4853 et
724 4798 1028 4864 nonnulla,
1088 4817 1215 4871 quae
1248 4800 1383 4856 licet
1439 4803 1511 4857 ad
1558 4803 1783 4859 nullum
1843 4807 2016 4878 plane

363 4888 609 4960 gradum
640 4889 992 4953 referantur,
1024 4891 1198 4943 vetita
1227 4893 1423 4945 tamen
1452 4899 1590 4946 sunt
1638 4895 1710 4949 ob
1749 4894 2016 4952 honesta-

361 4981 479 5032 tem
511 4981 568 5031 et
598 4977 896 5030 decorum.
930 4977 1230 5047 Siquidem
1274 4979 1572 5050 prohibuit
1614 4981 1724 5051 lex,
1787 5001 1858 5040 ne
1916 5003 2014 5042 no-

358 5082 589 5122 vercam
623 5064 719 5134 qui
753 5065 879 5134 ejus
937 5066 1216 5138 privignae
1276 5071 1525 5126 maritus
1573 5072 1682 5127 fuit
1740 5075 2010 5145 accipiat,

361 5169 700 5226 quanquam
737 5154 844 5207 hoc
890 5154 952 5208 in
1001 5171 1140 5210 casu
1192 5158 1438 5229 gradum
1498 5168 1837 5232 computare
1895 5182 2008 5220 non

359 5244 706 5315 poterimus.
741 5242 796 5296 Si
822 5258 960 5313 ergo
991 5243 1198 5300 decora
1246 5263 1337 5302 res
1369 5254 1458 5302 est
1489 5249 1576 5304 vel
1630 5250 1894 5320 honesta,
1947 5261 2012 5310 ut

358 5334 560 5388 eadem
595 5330 812 5385 femina
851 5333 1082 5387 duobus
1115 5335 1298 5390 nubat
1329 5337 1604 5409 sobrinis,
1639 5341 1732 5396 bis
1791 5348 1848 5397 et
1879 5360 2006 5414 per-

357 5421 630 5475 mittatur
666 5420 1046 5476 connubium.
1091 5423 1191 5478 Sin
1242 5442 1371 5481 vero
1417 5426 1503 5482 illi
1563 5445 1697 5485 vere
1726 5439 1868 5487 sunt
1911 5451 2006 5488 co-

355 5505 540 5579 gnati,
575 5505 657 5560 uti
689 5513 847 5579 patet
875 5525 942 5562 ex
986 5525 1051 5564 eo
1083 5512 1236 5581 quod
1266 5518 1536 5569 vetentur
1583 5517 1806 5571 sobrini
1855 5518 2008 5574 inter

353 5613 418 5651 se
496 5595 869 5652 matrimonio
920 5600 1289 5657 commisceri
1333 5619 1346 5670 ;
1397 5620 1513 5674 quo
1570 5609 1738 5676 pacto
1797 5607 2007 5663 dixerit

351 5680 672 5756 quispiam,
722 5686 878 5741 viros
936 5687 1079 5743 adeo
1141 5705 1433 5762 germana:
1467 5693 1833 5766 cognationis
1865 5712 2002 5755 cum

351 5789 472 5831 una
492 5769 739 5832 muliere
763 5792 937 5849 posse
966 5779 1294 5851 conjungi?

2129 4801 2338 4876 βαθμὸν
2398 4799 2544 4862 ὅλως
2602 4798 2725 4854 τινὰ
2770 4798 3094 4875 ἀναγόμενα,
3155 4798 3246 4852 καὶ
3305 4796 3459 4870 ὅμως
3511 4799 3729 4856 κεκωλυ
3762 4834 3786 4844 -

2129 4890 2261 4964 μένα
2292 4887 2382 4944 διὰ
2426 4890 2490 4944 τὸ
2541 4887 2736 4960 σεμνόν
2784 4909 2843 4942 τε
2890 4887 2978 4941 καὶ
3023 4883 3331 4961 εὔσχημον.
3371 4889 3478 4957 Τὴν
3533 4889 3633 4965 γὰρ
3669 4912 3781 4962 μη-

2121 4980 2308 5055 τρυιὰν
2369 4974 2553 5033 Λαϐεῖν
2604 4978 2695 5032 τὸν
2750 4977 3041 5052 γενόμενον
3102 4973 3271 5052 ἄνδρα
3341 4983 3443 5047 τῆς
3502 4979 3780 5053 προγόνης

2123 5069 2292 5136 αὐτῆς
2346 5069 2375 5122 6
2429 5068 2598 5140 νόμος
2661 5065 2901 5122 ἐκώλυσε
2933 5112 2948 5138 ,
3006 5066 3187 5119 καίτοι
3269 5065 3478 5140 βαθμὸν
3554 5067 3774 5127 ἐνταῦθα

2121 5157 2355 5235 ψηφίσαι
2406 5156 2468 5210 οὐ
2517 5154 2880 5228 δυνησόμεθα.
2927 5154 2990 5212 Εἰ
3026 5159 3152 5230 γοῦν
3202 5154 3466 5230 εὐπρεπὲς
3494 5155 3528 5224 ἢ
3576 5155 3770 5226 σεμνϐν

2119 5248 2209 5301 καὶ
2254 5248 2315 5301 τὸ
2362 5248 2462 5316 τὴν
2514 5247 2683 5314 αὐτὴν
2735 5241 3140 5321 δισεξαδέλφοις
3174 5241 3293 5298 δυσὶ
3339 5244 3772 5312 συνευνασθῆναι,

2118 5335 2490 5413 ἐπιτετράφθω
2547 5334 2636 5389 καὶ
2697 5336 2725 5388 6
2783 5333 2960 5409 γάμος
3012 5333 3219 5396 αὐτοῖς.
3255 5333 3316 5390 El
3359 5331 3405 5388 δ’
3463 5334 3613 5388 οὗτοι
3643 5336 3780 5409 γνή-

2117 5447 2224 5480 σιοι
2285 5429 2554 5500 συγγενεῖς
2589 5444 2599 5455 ·
2652 5425 2742 5479 καὶ
2793 5421 2962 5494 δῆλον
3011 5423 3071 5478 ἐκ
3112 5427 3210 5478 τοῦ
3257 5420 3596 5479 κεκωλύσθαι
3649 5421 3779 5484 τοὺς

2117 5512 2529 5592 δισεξαὸἑλφους
2586 5512 2860 5584 ἀλλήλοις
2919 5513 3340 5589 συμμίγνυσθαι·
3396 5533 3514 5575 πως
3574 5511 3634 5567 ἄν
3693 5533 3778 5575 τις

2115 5601 2259 5660 εἷ’ποι
2318 5603 2445 5666 τοὺς
2527 5602 2670 5657 οὕτω
2742 5602 3002 5677 γνησίους
3075 5603 3212 5658 κατὰ
3285 5603 3594 5680 συγγένειαν
3678 5607 3783 5676 μιᾷ

2111 5693 2325 5770 γυναικὶ
2357 5693 2772 5763 συνευκάζεσθαι
2809 5711 2823 5763 ;
