4130 6362
332 385 456 446 433

1428 393 1531 454 DE
1576 387 2084 455 MATRIMONIO
2130 387 2674 451 SOBRINORUM.

3639 381 3760 442 434

403 523 460 571 ε’.
493 520 624 580 Πῶς
664 515 710 572 δ’
741 516 800 575 ἅν
848 522 876 575 ὁ
918 521 1054 577 κατὰ
1101 519 1347 598 δεύτερον
1405 524 1608 596 ταύτην
1653 522 1828 601 γάμον
1881 517 1984 576 λα-

2173 523 2227 578 5.
2261 525 2383 588 Quo
2416 527 2613 578 autem
2647 522 2820 577 modo
2869 519 2970 593 qui
3014 536 3142 576 eam
3175 534 3278 591 per
3325 517 3614 575 secundas
3645 503 3755 571 nu-

329 601 444 659 ϐὼν
470 603 676 680 καλέσῃ
725 609 943 679 αύτήν;
987 610 1223 689 νύμφην,
1277 614 1350 674 ὡς
1401 609 1694 690 έξαδέλφου
1737 615 1987 685 γυναῖκα,

328 696 514 759 καθὼς
543 695 633 749 καὶ
686 698 879 772 πρώην
920 699 1120 770 ταύτην
1178 697 1456 774 ὠνόμαζεν
1494 723 1505 735 ·
1553 699 1588 771 ἤ
1619 700 1882 778 γαμετὴν,
1918 699 1990 760 ὡς

330 783 472 856 αὐτῇ
533 786 1048 863 συμφθειρόμενος;
1107 791 1221 846 Ηοῦ
1277 787 1324 844 δ’
1382 790 1440 845 ἂν
1492 790 1710 864 θείημεν
1761 789 1850 844 τὸν
1895 791 1990 842 τοῦ

333 872 582 949 μεγάλου
643 874 934 930 Βασιλείου
976 878 1174 934 κανόνα
1218 880 1309 935 τὸν
1363 879 1592 956 λέγοντα
1627 901 1639 914 ο
1687 885 1774 935 Ἐν
1818 879 1894 940 οῖς
1923 875 1992 932 τὶ

329 969 432 1032 τῆς
509 963 816 1039 συγγενείας
896 965 1137 1041 ὀνοματα
1221 971 1568 1045 συγχέονται,
1647 967 1699 1024 ἐν
1774 967 1991 1045 τούτοις

335 1053 364 1108 6
425 1051 597 1128 γάμος
657 1040 1494 1134 ἀθέμιτοςςίἘπιχειρηνσομεν
1557 1057 1634 1128 δὲ,
1695 1059 1843 1136 φασὶ,
1893 1040 1991 1112 καιἱ

338 1140 639 1217 βιαιότερον
682 1141 914 1199 ἄλλοθεν
968 1145 1004 1216 ἢ
1063 1145 1432 1224 ἀληθέστερον
1483 1147 1740 1222 μάλιστα.
1793 1147 1987 1224 Εἷγᾶρ

328 1231 461 1285 κατὰ
514 1231 606 1286 τὸν
665 1233 808 1289 Θεῖον
868 1236 1126 1312 χρησμὸν
1185 1239 1464 1316 φάσκοντα
1520 1238 1646 1312 περὶ
1694 1241 1800 1292 τῶν
1851 1236 1987 1291 κατᾶ

322 1319 505 1396 γάμου
562 1322 850 1377 κοινωνίαν
929 1325 1353 1399 συναπτομένων
1389 1345 1402 1358 °
1483 1329 1725 1383 Ἐσονται
1779 1327 1830 1380 οἱ
1889 1323 1984 1380 δύο

323 1407 403 1472 εἷς
484 1410 654 1485 σάρκα
741 1411 912 1484 μίαν·
987 1414 1084 1486 μία
1135 1416 1261 1491 σὰρξ
1324 1417 1374 1470 οἱ
1439 1413 1836 1490 συναπτόμενοι
1893 1437 1982 1471 πι-

327 1495 611 1553 στεύονται
637 1500 881 1576 γίνεσθαι
918 1523 930 1536 ·
983 1504 1010 1557 6
1058 1507 1126 1578 τῇ
1165 1509 1266 1559 τοῦ
1315 1503 1519 1560 οἰκείου
1567 1503 1860 1583 ἐξαδέλφου
1889 1526 1982 1581 γυ-

325 1587 477 1641 ναικὶ
511 1589 950 1665 συμμιγνύμενος
1007 1591 1085 1655 εἷς
1141 1592 1340 1649 οἰκεῖον
1381 1599 1478 1649 τοῦ
1533 1596 1723 1670 γένους
1763 1594 1981 1649 εἰσιέναι

325 1672 481 1731 δοκεῖ
515 1698 528 1711 ·
556 1678 644 1732 καὶ
690 1683 1093 1756 προσρήγνυται
1145 1684 1240 1756 μὲν
1288 1683 1378 1738 καὶ
1429 1688 1508 1756 τῷ
1539 1683 1668 1758 θείῳ
1691 1688 1874 1758 θεσμῷ
1902 1688 1983 1756 τῷ

324 1765 639 1836 θεσπίζοντι
674 1789 687 1803 ο
771 1770 890 1828 Οὐκ
974 1770 1251 1846 εἷσελεύσῃ
1329 1774 1464 1849 πρὸς
1534 1773 1708 1828 πάντα
1779 1773 1981 1829 οἰκεῖον

325 1856 529 1932 σαρκός
561 1878 678 1931 σου,
711 1858 1069 1936 ἀποκαλύψαι
1092 1861 1487 1938 ἀσχημοσύνην
1517 1863 1704 1922 αὐτοῦ.

403 2035 467 2099 ς’·
503 2035 710 2100 Ἀθετεῖ
767 2033 824 2092 δὲ
869 2039 960 2094 καὶ
1016 2040 1105 2094 τὸν
1170 2042 1362 2116 νόμον,
1415 2041 1460 2114 ᾧ
1512 2041 1562 2096 οἰ
1606 2048 1706 2111 τῆς
1758 2039 1983 2116 θατέροις

327 2122 528 2200 μοίρας
601 2131 702 2195 τῆς
766 2125 969 2190 οἰκείας
1048 2130 1277 2205 γνώμης
1357 2129 1434 2193 εἲς
1487 2129 1738 2186 σύστασιν
1788 2129 1983 2185 ἀποκέ-

320 2232 586 2288 χρηνται,
638 2219 717 2287 τῷ
774 2217 939 2292 μέχρι
1014 2215 1410 2290 δισεξαδέλφων
1473 2226 1663 2290 στῆναι
1705 2217 1987 2296 λεγομένῳ

324 2303 432 2371 τὴν
493 2301 756 2363 κώλυσιν.
805 2306 866 2360 Εἰ
919 2306 1023 2382 γὰρ
1073 2307 1100 2361 ὁ
1150 2308 1412 2386 πρότερος
1441 2313 1541 2374 τῆς
1570 2309 1824 2385 γυναικὸς
1851 2311 1987 2382 ἀνὴρ

327 2396 434 2448 τοῦ
485 2397 575 2448 νῦν
630 2394 940 2466 ξυνευνέσου
997 2395 1198 2468 ταύτης
1255 2401 1319 2468 ἦν
1380 2395 1777 2478 δισεξάδελφος,
1839 2401 1874 2469 ἡ
1935 2395 1991 2453 δὲ

331 2482 476 2556 γυνή
523 2482 650 2558 σὰρξ
702 2483 797 2557 μία
850 2489 930 2557 τῷ
990 2485 1280 2542 ἀπελθόντι
1341 2487 1575 2564 ἐγένετο,
1634 2485 1802 2558 δῆλον
1860 2489 1992 2543 πάν-

332 2592 448 2633 τως
492 2569 604 2626 έστῖ
634 2572 698 2627 τὸ
757 2575 1121 2652 συμπέρασμα
1167 2576 1256 2631 καὶ
1306 2578 1735 2654 ἀναμφήριστον,
1787 2579 1863 2642 ὡς
1916 2575 1994 2642 εἷς

336 2659 549 2716 οῗκεῖον
592 2663 787 2738 σαρκὸς
834 2661 1000 2720 αὐτοῦ
1050 2663 1263 2722 εἷ’σεισιν
1302 2668 1329 2722 6
1375 2671 1444 2740 τῇ
1492 2667 1705 2744 γυναικὶ
1751 2671 1846 2722 τοῦ
1878 2665 1993 2721 δισ-

351 2747 656 2829 εξαδέλφου
709 2753 1182 2829 συνευναζόμενος.
1240 2755 1304 2810 Εἰ
1360 2761 1487 2832 γοῦν
1546 2763 1663 2821 τοῖς
1714 2754 1992 2832 Ἰσραηλί-

344 2859 462 2900 ταις
512 2840 936 2914 νενομοθέτηται
991 2843 1076 2914 τὸ,
1135 2843 1250 2902 Ούκ
1307 2843 1579 2919 εἶ’σελεύσῃ
1629 2846 1765 2921 πρὸς
1823 2845 1995 2901 πάντα

359 2926 549 2982 οἰκεῖον
604 2931 802 3005 σαρκός
855 2954 950 2987 σου
985 2953 997 2964 ·
1051 2939 1168 2996 τοῖς
1218 2933 1483 3010 σκληροῖς
1520 2935 1608 2989 καὶ
1637 2936 1736 3005 τὴν
1769 2931 1990 3009 καρδίαν

348 3015 754 3092 ἀπεριτμήτοις,
807 3023 887 3083 οἷς
937 3023 965 3076 6
1005 3021 1238 3085 παλαιὸς
1283 3023 1449 3097 νόμος
1478 3024 1554 3088 εἰς
1582 3022 1769 3079 πολλὰ
1800 3045 1994 3100 συγκα-

339 3100 608 3163 ταϐαίνων
669 3107 780 3165 ἔστῖ
842 3108 932 3165 διὰ
988 3113 1086 3182 τὴν
1149 3111 1364 3167 ἐκείνων
1416 3113 1708 3188 παχύτητα
1740 3134 1752 3147 ’
1785 3115 1904 3177 πῶς
1933 3113 1995 3168 ού

333 3193 508 3252 πλέον
567 3199 701 3271 ἡμῖν
767 3199 983 3255 ἐκείνων
1042 3201 1152 3276 ἐρεῖ
1208 3223 1292 3266 τις
1346 3200 1747 3278 ἐπιτετάχθαις
1807 3203 1993 3259 Κάκεί-

2105 611 2258 682 ptias
2289 613 2596 682 acceperit,
2625 611 2853 667 vocabit
2885 608 3091 666 illam?
3119 623 3434 674 nurumnc,
3465 611 3751 677 tanquam

2101 701 2436 756 consobrini
2468 718 2729 768 uxorem,
2762 699 3265 772 quemadmodum
3292 697 3527 768 etprius
3557 695 3747 767 ipsam

2101 790 2481 857 nominabat;
2516 808 2588 845 an
2622 807 2882 857 uxorem,
2918 806 3048 845 cum
3084 805 3198 860 qua
3230 803 3441 858 nempe
3472 801 3746 840 concum-

2101 879 2244 933 bat?
2272 879 2378 933 Ubi
2413 895 2582 950 porro
2617 895 2904 951 ponemus
2945 877 3141 949 magni
3191 875 3387 932 Basilii
3439 890 3743 944 canonem,

2101 967 2200 1039 qui
2237 968 2318 1024 ita
2369 969 2570 1024 habet:
2620 971 2684 1024 In
2732 969 2926 1039 quibus
2970 969 3198 1023 nomina
3244 966 3586 1037 cognationis
3615 979 3745 1020 con-

2096 1057 2427 1128 fundantur,
2459 1060 2518 1113 in
2566 1059 2638 1115 iis
2666 1059 3091 1114 matrimonium
3112 1058 3376 1112 illicitum
3396 1059 3480 1111 est
3501 1055 3563 1109 9?
3593 1059 3746 1110 Prae-

2097 1151 2275 1215 terea,
2308 1146 2610 1219 inquiunt,
2641 1148 2820 1203 etiam
2869 1147 3108 1202 aliunde
3151 1147 3305 1201 idem
3356 1150 3622 1200 astruere
3651 1159 3748 1200 co-

2097 1237 2376 1292 nabimur
2439 1237 2773 1304 violentius,
2834 1236 2953 1292 imo
3009 1235 3337 1292 verissime.
3406 1233 3639 1291 Etenim
3698 1231 3749 1288 si

2091 1326 2255 1396 juxta
2281 1325 2545 1381 divinum
2579 1325 2903 1395 oraculum,
2929 1326 3081 1397 quod
3118 1325 3188 1380 de
3213 1323 3286 1380 iis
3317 1324 3417 1396 qui
3451 1321 3750 1379 communi

2095 1415 2368 1486 coniugio
2400 1415 2699 1471 sociantur
2731 1416 2848 1472 ait:
2902 1416 3075 1470 Erunt
3115 1415 3223 1470 duo
3279 1415 3344 1469 in
3372 1431 3539 1469 carne
3567 1429 3680 1468 una
3705 1413 3747 1494 3,

2095 1504 2196 1576 qui
2245 1505 2702 1577 conjunguntur,
2755 1522 2872 1560 una
2921 1521 3052 1560 caro
3103 1506 3426 1559 creduntur
3476 1502 3637 1570 fieri;
3694 1502 3745 1557 is

2094 1593 2364 1665 quicum
2427 1593 2764 1649 consobrini
2825 1593 3044 1665 proprii
3105 1609 3282 1648 uxore
3341 1591 3640 1660 miscetur,
3675 1592 3747 1646 ad

2094 1682 2329 1738 afﬁnem
2362 1683 2591 1755 generis
2640 1683 2732 1739 sui
2781 1685 3012 1739 videtur
3064 1681 3328 1754 ingredi;
3389 1685 3563 1753 atque
3603 1681 3746 1736 adeo

2093 1771 2321 1844 impigit
2353 1773 2410 1828 in
2449 1772 2612 1828 illam
2665 1773 2922 1829 divinam
2965 1771 3155 1844 legem
3203 1788 3330 1844 quae
3373 1770 3596 1827 sancit:
3625 1771 3744 1825 Non

2014 1897 2062 1964 B
2092 1863 2423 1932 ingrediaris
2450 1863 2521 1918 ad
2557 1879 2774 1918 omnem
2821 1864 3046 1934 afﬁnem
3094 1863 3281 1917 carnis
3326 1863 3459 1926 tum,
3491 1859 3563 1914 ad
3590 1875 3740 1915 reve-

2093 1952 2322 2007 landum
2352 1952 2752 2024 turpitudinem
2779 1954 2894 2022 eius
2913 1953 2955 2006 ‘.

2164 2041 2218 2096 6.
2249 2042 2358 2097 Sed
2391 2045 2448 2097 et
2476 2057 2605 2097 eam
2638 2041 2824 2114 legem
2856 2039 3056 2110 violat,
3086 2056 3201 2111 qua
3225 2037 3544 2094 adversarii
3574 2036 3748 2093 abusi

2097 2135 2236 2187 sunt
2289 2132 2360 2185 ad
2412 2149 2528 2187 suae
2575 2130 2872 2202 opinionis
2918 2127 3476 2202 comprobationem,
3525 2131 3590 2182 ut
3620 2143 3748 2198 qua;

2096 2220 2251 2275 dicat
2282 2219 2660 2275 interdictum
2693 2219 2751 2274 in
2785 2218 3040 2274 sobrinis
3059 2217 3344 2273 desinere.
3370 2217 3518 2272 Nam
3550 2216 3599 2272 si
3631 2215 3749 2286 pri-

2098 2326 2231 2364 mus
2263 2308 2530 2365 mulieris
2559 2309 2668 2376 vir,
2698 2313 2823 2364 erat
2869 2308 3116 2379 hujusce
3146 2306 3245 2379 qui
3296 2321 3452 2361 nunc
3483 2304 3750 2376 ejusdem

2101 2399 2352 2454 maritus
2381 2403 2490 2468 est,
2524 2397 2820 2464 sobrinus,
2869 2396 3082 2454 mulier
3129 2400 3324 2452 autem
3374 2395 3599 2450 exstitit
3636 2409 3756 2448 una

2102 2504 2234 2544 caro
2267 2505 2398 2544 cum
2431 2487 2730 2560 defuncto,
2763 2487 2919 2543 claro
2950 2486 3190 2543 omnino
3226 2483 3590 2554 indubiaque
3621 2498 3756 2537 con-

2102 2576 2290 2633 clusio
2320 2581 2430 2647 est,
2462 2577 2618 2649 quod
2648 2577 2707 2632 in
2741 2575 2976 2632 afﬁnem
3010 2575 3205 2631 carnis
3249 2589 3368 2630 sua:
3401 2571 3750 2645 ingreditur,

2103 2667 2203 2738 qui
2236 2683 2368 2722 cum
2399 2683 2576 2722 uxore
2605 2665 2828 2724 sobrini
2858 2664 3184 2736 cepulatur.
3219 2664 3287 2718 Et
3307 2665 3462 2718 certe
3493 2661 3543 2717 si
3575 2661 3754 2716 Israe-

2102 2755 2225 2812 litis
2273 2755 2366 2810 lex
2408 2771 2475 2811 ea
2531 2753 2899 2826 promulgata
2947 2753 3092 2809 fuit:
3133 2753 3252 2809 Non
3309 2749 3643 2820 ingrediaris
3673 2748 3754 2805 ad

2103 2861 2320 2902 omnem
2377 2845 2604 2916 afﬁnem
2650 2844 2834 2900 carnis
2881 2852 3013 2912 tuac,
3062 2841 3183 2897 illis
3241 2841 3426 2907 duris,
3460 2841 3751 2910 cordeque

2103 2935 2558 3004 incircumcisis,
2589 2933 2803 3004 quibus
2853 2932 3096 3004 antiqua
3141 2931 3234 2986 lex
3284 2931 3342 2984 in
3395 2928 3598 2984 multis
3624 2943 3754 2983 sese

2105 3025 2531 3089 accommodat,
2565 3027 2800 3094 propter
2827 3038 3028 3078 eorum
3079 3019 3574 3086 crassitudinem;
3608 3033 3752 3090 quo-

2107 3115 2280 3169 modo
2313 3131 2426 3168 non
2451 3113 2635 3168 multo
2657 3112 2844 3182 magis
2871 3111 3040 3167 nobis
3062 3127 3239 3183 quam
3263 3109 3382 3165 illis
3411 3106 3754 3180 impositam

2106 3218 2235 3259 esse
2263 3203 2494 3257 duxerit
2523 3201 2818 3275 quispiam
2839 3200 2867 3254 Ἰ
2887 3203 3072 3273 Atque
3101 3199 3220 3255 illis
3250 3199 3495 3255 vetitum
3528 3200 3755 3265 erat,ne

327 3307 450 3348 νοις
509 3288 603 3359 μὶν
654 3287 954 3353 ἀκωλύτως
1003 3292 1140 3368 πρὸς
1187 3291 1360 3347 πάντα
1409 3292 1609 3349 οἰκεῖον
1651 3293 1847 3370 σαρκὸς
1881 3293 1990 3349 εἷ’σ-

2106 3293 2177 3350 ad
2225 3308 2462 3347 omnem
2511 3291 2704 3347 carnis
2751 3291 2986 3346 afﬁnem
3034 3289 3215 3346 libere
3263 3288 3752 3361 ingrederentur;

329 3373 472 3430 ιέναι
525 3375 792 3454 ἀπείρητο
829 3399 842 3412 ο
906 3381 1042 3452 ἡμῖν
1104 3377 1149 3434 δ’
1203 3380 1582 3459 ἐπιτετράφθαι
1619 3381 1700 3444 τίς
1743 3382 1988 3453 οἰήσεται

323 3465 432 3534 τήν
466 3470 567 3520 τοῦ
610 3463 1034 3544 διασεξαδέλφου
1082 3474 1310 3545 γυναῖκα
1359 3465 1570 3540 λαϐεῖν,
1621 3472 1709 3526 καὶ
1768 3471 1986 3546 νύμφην

324 3551 682 3628 κεκλημένην
735 3558 921 3631 ἡμῶν,
978 3559 1065 3613 καὶ
1128 3558 1204 3621 εἷς
1262 3559 1432 3636 σάρκα
1485 3559 1607 3633 μίαν
1661 3560 1850 3634 ἐκείνῳ
1899 3583 1989 3636 γε-

327 3643 576 3717 νομένην
609 3641 696 3700 διὰ
723 3649 824 3716 τῆς
882 3647 1226 3722 ἀνακράσεως
1263 3668 1276 3719 ;
1327 3647 1391 3703 El
1440 3648 1543 3725 γὰρ
1592 3651 1730 3704 κατὰ
1768 3648 1858 3705 τὸν
1893 3651 1988 3705 νό-

333 3754 441 3808 μον
488 3735 559 3805 τῇ
605 3739 702 3789 τοῦ
749 3731 1002 3814 γαμϐροῦ
1050 3737 1140 3792 καὶ
1214 3744 1315 3808 τῆς
1368 3736 1586 3815 νύμφης
1645 3741 1993 3816 προσηγορίᾳ

329 3823 430 3878 καὶ
482 3824 534 3877 οἱ
586 3833 894 3901 μνηστῆρες
944 3823 1264 3897 δηλοῦνται,
1297 3824 1496 3900 πολλῷ
1542 3849 1603 3905 γε
1658 3827 1871 3903 μᾶλλον
1910 3831 1989 3893 οἷς

329 3912 427 3966 καὶ
463 3912 539 3975 εἰς
571 3912 748 3990 γάμον
780 3909 1092 3990 προϐέϐηκε
1119 3917 1183 3971 τὸ
1214 3915 1593 3992 συνάλλαγμα.

418 4002 478 4071 ζ’.
513 4006 645 4058 Εἶτα
676 4002 775 4059 ούκ
815 4005 1040 4074 ἄτοπον,
1092 4005 1290 4082 φύντος
1340 4007 1434 4081 μὶν
1484 4009 1728 4080 μνηστὴν
1757 4004 1793 4078 ἤ
1826 4007 1992 4080 ὁμαί-

342 4111 515 4164 μονος
566 4093 642 4166 μή
695 4092 888 4164 ἐξεῖναι
945 4095 1083 4149 κατά
1136 4095 1310 4172 γάμον
1357 4090 1655 4169 λαμϐάνειν
1699 4099 1870 4171 ἡμᾶς,
1910 4095 1992 4152 ὅτι

338 4184 376 4252 ἡ
419 4182 514 4254 μὶν
551 4188 838 4256 μητρυιᾶς,
872 4185 907 4254 ἡ
960 4180 1018 4238 δὲ
1063 4183 1280 4259 νύμφης
1329 4183 1473 4257 τάξιν
1519 4183 1704 4260 ἐπέχει
1740 4204 1752 4217 '
1804 4187 1904 4255 τὴν
1939 4183 1996 4241 δὲ

339 4271 552 4344 κυρίως
597 4269 892 4343 κληθεῖσαν
951 4271 1212 4350 νύμφην,
1260 4273 1336 4336 ὡς
1386 4276 1818 4330 συνευνασθεῖσαν
1881 4273 1996 4330 δισ-

341 4357 650 4436 εξαδέλφῳ,
701 4358 919 4437 ἄγεσθαι
995 4363 1132 4440 πρὸς
1189 4364 1365 4440 γάμον
1414 4363 1503 4419 τὸν
1566 4361 1996 4444 δισεξάδελφον;

333 4449 554 4505 καὶτὸν
590 4451 682 4523 μὲν
730 4451 881 4507 θετὸν
933 4451 1072 4521 υἱὸν,
1108 4451 1168 4506 ἐκ
1217 4451 1428 4528 φύσεως
1480 4453 1556 4528 μὴ
1610 4452 1810 4530 σχόντα
1863 4455 1999 4529 πρὸς

333 4539 434 4594 τὸν
468 4540 618 4603 θετὸν
673 4539 877 4616 πατέρα
936 4539 1235 4613 οἷκείωσιν,
1283 4548 1742 4618 καταχρηστικῶς
1794 4541 1851 4598 δὲ
1903 4545 2001 4617 μό-

2098 3381 2270 3437 nobis
2298 3398 2430 3437 vero
2485 3379 2712 3436 licitum
2764 3380 2899 3452 quis
2944 3378 3194 3451 putabit,
3246 3376 3468 3434 sobrini
3507 3391 3749 3432 uxorem

2100 3471 2380 3542 accipere,
2415 3485 2541 3541 quia
2571 3472 2698 3523 tum
2741 3485 2929 3524 nurus
2974 3471 3175 3524 nostra
3223 3470 3427 3522 vocata
3457 3465 3588 3534 fuit,
3618 3469 3746 3520 tum

2099 3559 2159 3615 in
2193 3575 2312 3614 una
2342 3574 2515 3614 carne
2546 3575 2679 3613 cum
2709 3556 2810 3613 illo
2843 3556 3086 3627 exstitit,
3121 3556 3192 3613 ob
3225 3555 3696 3613 commistionem
3721 3553 3750 3609 ‘I

2099 3649 2244 3705 Nam
2275 3648 2323 3705 si
2352 3649 2522 3720 juxta
2552 3647 2766 3719 legem.
2797 3647 2995 3716 generi
3026 3650 3084 3702 et
3113 3662 3295 3702 nurus
3330 3642 3745 3718 appellatione,

2100 3739 2276 3795 etiam
2334 3737 2536 3810 sponsi
2593 3737 2960 3804 indicantur,
3016 3734 3201 3791 multo
3259 3752 3402 3791 sane
3457 3733 3649 3807 magis
3705 3732 3747 3788 ii

2102 3843 2354 3900 quorum
2387 3825 2693 3882 conventio
2722 3827 2792 3881 ad
2825 3825 3064 3898 nuptias
3094 3823 3397 3898 processit.

2171 4007 2225 4060 '7.
2279 4005 2419 4061 Dein
2473 4020 2665 4060 nonne
2714 4002 3040 4058 absurdum
3084 4005 3195 4070 est,
3247 4005 3312 4057 ut
3368 4001 3541 4057 liceat
3581 4002 3752 4059 nobis

2104 4111 2379 4168 Sponsam
2404 4092 2587 4166 patris
2609 4093 2695 4148 vel
2720 4090 2916 4148 fratris
2936 4090 3064 4163 lege
3087 4090 3449 4146 matrimonii
3470 4090 3753 4162 accipere,

2106 4184 2246 4258 quia
2275 4183 2377 4238 illa
2406 4198 2684 4252 novercae,
2711 4180 2836 4235 haec
2875 4196 3064 4234 nurus
3112 4178 3306 4235 locum
3336 4183 3535 4247 tenet;
3585 4179 3759 4235 liceat

2103 4289 2240 4330 vero
2280 4271 2538 4341 sobrino,
2597 4285 2838 4326 uxorem
2889 4269 3102 4324 ducere
3157 4284 3286 4324 eam
3347 4284 3477 4340 qua
3526 4267 3758 4340 proprie

2107 4366 2449 4435 nuncupata
2481 4360 2590 4416 fuit
2632 4375 2838 4426 nurus,
2890 4362 3092 4431 utpote
3132 4375 3260 4430 quas
3318 4357 3494 4415 fuerit
3521 4357 3758 4416 sobrino

2109 4449 2425 4526 copulata?
2454 4454 2636 4523 utque
2666 4448 2974 4522 adoptivus
3006 4447 3245 4520 quidem
3295 4447 3455 4504 ﬁlius
3496 4447 3623 4520 (qui
3655 4464 3759 4504 na-

2107 4542 2360 4599 turalem
2380 4557 2496 4596 non
2523 4539 2699 4596 habet
2719 4538 3063 4594 afﬁnitatem
3085 4553 3224 4594 eum
3242 4543 3411 4610 patre
3423 4538 3762 4610 adoptante,

339 4649 438 4683 vov
480 4627 540 4683 ἐκ
594 4637 830 4704 νομικῆς
897 4630 1175 4694 αυθεντίας
1241 4629 1678 4706 κληρωσάμενον
1733 4634 1831 4702 τήν
1892 4631 1992 4688 uid-

2117 4634 2217 4690 sed
2252 4630 2490 4688 abusive
2537 4630 2824 4685 duntaxat
2873 4644 2941 4683 ex
2993 4627 3192 4700 legum
3241 4627 3586 4683 auctoritate
3615 4627 3766 4684 ﬁlia-

340 4739 506 4789 τητα,
555 4719 644 4774 καὶ
701 4715 792 4774 διὰ
827 4726 928 4790 τῆς
991 4719 1472 4792 αὖτεξουσιότητος
1528 4719 1999 4798 ἀλλοτριούμεθον

340 4806 570 4878 τούτου,
631 4809 705 4873 ὡς
759 4807 928 4883 μηδὶν
978 4805 1058 4864 ἔτι
1118 4811 1270 4865 θετὸν
1321 4809 1455 4866 εἶναι
1509 4809 1656 4884 αὐτῷ
1719 4811 1857 4888 πρὸς
1903 4812 2000 4882 τὴν

339 4896 552 4953 ἐκείνου
611 4898 912 4975 συγγένειαν
946 4918 960 4932 ⁸
1013 4901 1048 4969 ἡ
1106 4899 1207 4975 γὰρ
1257 4900 1669 4974 προσγενομένη
1727 4899 1817 4956 διὰ
1860 4902 2002 4956 θέσιν

342 4987 632 5064 συγγένεια
688 4986 1000 5044 ἀπόλλυται
1056 4989 1195 5044 κατὰ
1241 4989 1334 5044 τὸν
1394 4988 1559 5063 νόμον
1619 4997 1717 5062 τῆς
1756 4990 2006 5062 αὐτεξου-

343 5075 605 5148 σιότητος
637 5097 651 5110 ο
731 5076 1070 5134 κεκωλύσθαι
1145 5079 1244 5148 τήν
1316 5082 1414 5133 τοῦ
1482 5080 1686 5156 πατρὸς
1763 5081 2006 5156 γαμετὴν

345 5161 648 5241 λαμϐάνειν
678 5163 768 5222 διὰ
802 5166 866 5222 τὸ
906 5167 1188 5243 εὑσχημον
1215 5189 1228 5202 ·
1260 5167 1350 5224 καὶ
1383 5169 1694 5225 τουναντίον
1735 5171 1826 5226 τὸν
1859 5171 2006 5225 θετὸν

2110 4723 2331 4780 tionem
2389 4719 2672 4792 possidet,
2723 4734 2789 4775 ac
2842 4733 2946 4790 per
2993 4716 3527 4788 emancipationem
3576 4717 3649 4772 ab
3697 4733 3766 4773 eo

2114 4813 2341 4870 alienus
2373 4811 2460 4877 fit,
2496 4811 2640 4866 adeo
2674 4812 2738 4864 ut
2777 4807 3090 4880 adoptivus
3140 4805 3286 4862 nihil
3338 4805 3598 4879 amplius
3626 4823 3769 4881 erga

2112 4905 2312 4977 ipsum
2344 4899 2420 4957 sit
2451 4899 2673 4956 ratione
2694 4897 3060 4971 cognationis
3087 4914 3100 4965 ;
3130 4896 3609 4969 quandoquidem
3639 4901 3768 4953 orta

2116 5009 2222 5066 per
2325 4988 2700 5062 adoptionem
2789 4985 3058 5060 cognatio
3159 4986 3312 5059 perit
3391 5002 3496 5058 per
3584 4984 3769 5057 legem

2117 5077 2625 5152 emancipationis)
2683 5076 2867 5147 patris
2922 5091 3159 5132 uxorem
3221 5073 3601 5148 prohibeatur
3657 5072 3772 5130 sibi

2119 5185 2374 5236 sumere,
2409 5165 2738 5222 honestatis
2765 5181 2903 5236 ergo
2931 5181 2944 5231 ;
2997 5168 3054 5220 et
3081 5165 3204 5219 vice
3244 5180 3414 5220 versa
3442 5161 3776 5235 adoptionis

344 5257 558 5330 πατέρα
613 5256 714 5326 τὴν
753 5261 848 5312 τοῦ
896 5255 1144 5312 τοιοῦτον
1194 5257 1314 5313 υἱοῦ
1356 5259 1606 5333 γαμετὴν
1662 5259 1990 5335 ἀπείργεσθα

2122 5267 2290 5334 pater
2340 5255 2685 5328 hujusmodi
2746 5253 2850 5308 ﬁlii
2908 5271 3150 5310 uxorem
3207 5258 3434 5310 vetetur
3491 5252 3776 5325 accipere,

348 5347 598 5424 ἄγεσθαι,
663 5352 742 5420 μΤ
797 5348 1248 5421 προσαπτόμενον
1297 5353 1393 5403 τοῦ
1458 5351 1648 5424 γένους
1694 5355 1791 5405 τοῦ
1852 5351 2013 5405 θετυῦ

348 5439 473 5494 υἱοῦ
529 5436 664 5511 μετά
717 5437 819 5505 τὴν
879 5436 939 5492 ἐκ
992 5443 1095 5508 τῆς
1152 5435 1355 5502 οἰκείας
1405 5439 1593 5514 χειρὸς
1636 5437 1842 5494 ἑκείνου
1879 5437 2015 5495 ἀπό-

2124 5353 2486 5405 cumtamen
2513 5344 2584 5399 ad
2638 5341 2900 5414 adeptati
2940 5341 3046 5397 ﬁlii
3095 5341 3382 5399 familiam
3444 5342 3780 5399 nullatenus

2125 5437 2396 5509 attingat,
2433 5437 2746 5505 postquam
2806 5430 2973 5486 illum
3007 5446 3038 5486 e
3087 5447 3266 5488 manu
3321 5449 3436 5489 sua
3483 5431 3780 5502 emiserit;

347 5525 508 5585 λυσιν
543 5547 557 5562 ο
589 5526 689 5597 τὴν
723 5522 782 5582 δὶ
830 5523 922 5582 διὰ
966 5529 1064 5582 τοῦ
1115 5523 1503 5606 δισεξαδέλφου
1555 5529 1906 5603 συνημμένην
1937 5526 1992 5604 τι]

2126 5529 2374 5600 impune
2404 5526 2600 5582 autem
2631 5519 2801 5579 nobis
2847 5518 3020 5576 liceat
3049 5519 3110 5577 in
3157 5520 3604 5580 matrimonium
3633 5521 3787 5579 acci-

369 5815 375 5821 ,,
426 5755 449 5791 ³
477 5751 669 5828 Epist.
705 5751 829 5810 19⁸7.
902 5752 926 5789 ⁸
955 5750 1167 5838 Matth.
1199 5767 1318 5826 xix,
1347 5752 1406 5812 5.
1480 5751 1503 5790 ὀ
1533 5752 1711 5816 Lavit.
1740 5769 1902 5827 xvm,
1930 5755 1990 5815 6.
