4130 6370
291 425 413 484 435
1078 423 1403 487 JOANNIS
1448 419 1794 484 ZONAR/E
1833 419 1938 480 DE
1981 417 2322 480 MATBIM.
2372 419 2916 482 SOBRINORUM.
3591 421 3714 480 436

295 573 430 628 pere
461 556 742 612 feminam
776 572 904 629 qua:
962 573 1065 628 per
1122 558 1428 613 sobrinum
1485 553 1686 627 generi
1746 555 1944 608 nostro

2071 548 2316 625 ἡμετέρῳ
2360 549 2521 624 γένει,
2573 550 2648 612 ὡς
2692 550 2782 604 καὶ
2833 548 2908 613 είς
2954 551 3052 620 τὴν
3101 548 3476 624 κληρονομίαν
3525 547 3713 605 καλεῖ·

296 646 610 716 conjuncta
653 649 762 716 est,
795 646 876 701 ita
920 651 982 700 ut
1027 646 1250 701 caeteris
1302 645 1733 713 deficientibus,
1767 641 1942 696 etiam

2071 650 2175 702 τθαι
2233 642 2328 692 τοῦ
2387 638 2592 694 οἰκείου
2653 636 2867 715 ἀνδρὸς,
2898 643 3004 693 τῶν
3059 637 3244 694 ἄλλων
3295 637 3712 707 ἐπιλειπόντων,

297 735 369 790 ad
402 734 802 790 hereditatem
837 734 943 790 viri
976 735 1068 790 sui
1101 733 1381 790 vocetur?
1413 737 1470 788 et
1517 730 1804 803 ejusmodi
1836 747 1943 785 nu-

295 824 428 895 ptias
458 823 788 880 habeantur
815 841 919 896 pro
948 824 1227 895 legitimis
1249 823 1277 877 ‘2

368 930 422 985 8.
456 935 649 1002 Atque
670 931 792 986 haec
814 931 1051 1002 quidem
1069 931 1226 986 dicta
1248 931 1367 986 sint
1387 931 1458 986 ad
1485 928 1945 1002 propositionem

298 1037 501 1076 eorum
535 1021 635 1090 qui
665 1020 774 1075 hoc
815 1020 1262 1076 matrimonium
1310 1020 1682 1092 permittunt,
1715 1018 1947 1072 dicunt-

299 1124 414 1182 que
458 1109 928 1164 interdictionem
984 1109 1043 1164 in
1098 1109 1300 1181 nuptis
1356 1109 1428 1164 ad
1487 1114 1716 1164 sextum
1759 1121 1948 1176 usque

296 1197 542 1268 gradum
587 1197 854 1269 protendi
909 1214 944 1252 a
992 1197 1139 1270 lege.
1195 1197 1680 1270 Quandoquidem
1727 1213 1860 1252 vero
1894 1199 1950 1251 et

298 1285 544 1343 ulterius
574 1287 845 1358 progredi
879 1287 1314 1359 cognationem,
1348 1287 1406 1342 in
1461 1285 1534 1342 iis
1565 1285 1666 1358 qui
1709 1302 1742 1340 a
1773 1283 1950 1340 latere

297 1381 458 1446 sunt,
500 1375 592 1430 lex
649 1375 829 1441 novit,
864 1380 928 1430 ut
983 1380 1042 1431 et
1085 1380 1152 1431 ad
1215 1376 1612 1432 hereditatum
1671 1378 1952 1430 vocentur

299 1463 569 1520 nonnulli
599 1480 630 1520 θ
661 1466 911 1536 septimo
943 1465 1166 1537 gradu:
1220 1465 1546 1521 secundum
1597 1463 1783 1536 legem
1824 1478 1950 1534 qua)

300 1553 480 1608 dicit:
515 1555 792 1610 Possessio
843 1557 986 1608 unde
1012 1556 1250 1625 cognati,
1293 1570 1390 1609 sea:
1431 1553 1635 1622 gradus
1664 1552 1953 1621 cognatio-

297 1644 389 1697 nis
435 1643 830 1714 complectitur,
887 1645 1052 1713 atque
1103 1659 1132 1698 θ
1185 1644 1417 1714 septimo
1471 1658 1737 1713 personas
1790 1640 1951 1708 duas,

301 1732 515 1802 prolem
545 1732 763 1786 sobrini
787 1733 836 1786 et
864 1732 1100 1786 sobrinae
1125 1750 1143 1785 :
1175 1738 1232 1786 et
1253 1731 1578 1786 secundum
1610 1730 1798 1802 legem
1829 1747 1954 1802 quas

302 1821 419 1876 ista
448 1821 827 1892 prosequitur
852 1835 866 1874 :
899 1825 967 1875 In
996 1821 1258 1875 naturali
1284 1820 1630 1890 cognatione,
1659 1822 1957 1888 septimum

2054 725 2224 788 ἀδεῶς
2274 730 2408 799 ἡμῖν
2463 733 2729 783 συνοικεῖν
2782 727 3024 798 ἐξεῖναι;
3075 729 3166 783 καὶ
3212 728 3451 802 νόμιμον
3505 727 3596 783 τὸν
3619 729 3716 804 γά-

2061 838 2160 890 μον
2196 815 2504 892 λογίζεσθαι
2539 836 2552 887 ;

2130 947 2162 995 η
2186 967 2198 980 .
2235 927 2418 982 Ταῦτα
2453 927 2547 999 μὲν
2579 927 2669 981 οὗν
2718 926 2856 1002 πρὸς
2902 931 3001 995 τὴν
3054 931 3161 981 τῶν
3191 925 3589 1000 ἐπιτρεπόντων
3619 927 3712 981 τὸν

2056 1013 2232 1088 γάμον
2280 1010 2539 1088 πρότασιν
2612 1012 2822 1091 εἷ’ρηται
2859 1035 2870 1046 ·
2951 1014 3219 1091 λεγόντων
3299 1015 3496 1091 μέχρις
3551 1013 3709 1070 ἕκτου

2063 1105 2276 1178 βαθμοῦ
2307 1103 2401 1158 τὸν
2450 1103 2615 1177 νόμον
2666 1104 2766 1173 τὴν
2814 1102 3052 1160 κώλυσιν
3103 1102 3190 1159 ἐπὶ
3218 1109 3325 1160 τῶν
3358 1105 3552 1179 γάμων
3585 1103 3714 1160 ἕπε-

2057 1197 2282 1266 νεγκεῖν.
2337 1191 2488 1248 Ἐπεὶ
2549 1189 2605 1246 δὲ
2661 1191 2750 1246 καὶ
2808 1191 3111 1270 περαιτέρω
3168 1194 3268 1263 τὴν
3328 1192 3632 1270 συγγένειαν
3683 1193 3713 1248 ὁ

2058 1281 2230 1354 νόμος
2279 1278 2390 1336 οἶδε
2447 1277 2758 1358 προϐαίνειν
2814 1280 2903 1337 ἐπὶ
2957 1287 3064 1337 τῶν
3110 1281 3168 1336 ἐκ
3209 1281 3466 1358 πλαγίου,
3502 1282 3578 1346 ὠς
3623 1280 3717 1338 καί

2060 1373 2198 1446 πρὸς
2253 1369 2632 1447 κληρονομίας
2688 1372 2839 1434 τινὰς
2895 1371 3177 1428 καλεῖσθαι
3226 1373 3317 1427 καὶ
3377 1377 3486 1428 τῶν
3534 1377 3630 1428 τοῦ
3663 1373 3716 1428 ἱ-

2062 1456 2274 1534 ϐδόμου
2337 1461 2553 1536 βαθμοῦ
2586 1506 2600 1532 ,
2650 1461 2790 1516 κατά
2841 1462 2930 1517 τὸν
2989 1464 3159 1536 νόμον
3203 1463 3294 1518 τὸν
3346 1461 3574 1540 λέγοντα
3606 1481 3618 1494 ·
3653 1463 3718 1518 Ἡ

2064 1551 2352 1626 συγγενικὴ
2439 1551 2666 1624 βοήθεια
2877 1550 3118 1626 βαθμοὺς
3176 1551 3484 1627 συγγενείας
3557 1571 3717 1626 περι-

2065 1634 2354 1712 λαμϐάνει,
2409 1639 2500 1694 καὶ
2550 1639 2656 1695 ἀπὸ
2713 1644 2812 1695 τοῦ
2864 1635 3104 1714 ὶϐδόμου
3156 1661 3424 1716 προσωπα
3481 1639 3599 1709 δύο,
3652 1641 3715 1696 τὸ

2061 1729 2380 1801 τικτόμενον
2470 1728 2574 1783 ἀπὸ
2655 1725 3040 1807 δισεξαδέλφου
3123 1729 3211 1784 καὶ
3285 1725 3715 1808 δισεξαδέλφης·

2064 1816 2152 1872 καὶ
2229 1819 2349 1871 καθ’
2408 1813 2588 1890 ἕτερον
2671 1817 2842 1892 νόμον
2921 1815 3185 1890 διεξιόντα
3239 1817 3394 1873 ταυτί
3455 1839 3468 1853 ·
3505 1819 3590 1874 Ἐν
3647 1822 3716 1893 τῇ

301 1910 540 1981 gradum
585 1925 699 1965 non
743 1910 1257 1980 pratergredimur,
1309 1913 1366 1964 et
1416 1925 1543 1980 quin
1584 1912 1952 1979 sequuntur;

2071 1911 2266 1984 φυσικῆ
2322 1905 2601 1982 συγγενείᾳ
2654 1908 2746 1962 τὸν
2817 1903 3052 1982 ἕϐδομον
3119 1909 3328 1994 βαθμὸν
3398 1908 3460 1963 οὗ
3517 1909 3718 1984 παρεξ-

295 2001 432 2068 jure
463 1997 595 2069 quis
649 1997 880 2064 dixerit,
911 2013 1011 2053 eos
1060 2014 1295 2069 quoque
1345 1997 1448 2068 qui
1506 1997 1659 2052 inter
1705 2015 1768 2053 se
1813 2001 1954 2053 sunt

299 2086 538 2159 septimi
567 2087 807 2158 gradus,
838 2103 872 2142 a
901 2091 1111 2142 mutua
1141 2085 1200 2142 in
1234 2087 1513 2142 connubii
1545 2086 1823 2142 societate
1851 2103 1952 2143 co-

295 2175 438 2247 pula
467 2174 785 2248 prohiberi.
819 2175 1128 2230 Addiderit
1173 2180 1230 2229 et
1271 2175 1592 2246 quispiam,
1645 2175 1951 2247 pontifices

299 2265 400 2336 qui
435 2267 704 2320 statuunt
732 2263 839 2319 has
870 2264 1108 2335 nuptias
1159 2262 1345 2319 arceri
1394 2264 1605 2320 debere
1635 2269 1951 2335 antequam

299 2354 465 2422 ﬁant,
499 2370 613 2410 non
642 2369 776 2409 vero
810 2353 993 2409 factas
1041 2352 1305 2421 dissolvi,
1338 2353 1441 2408 sed
1493 2353 1706 2425 poenali
1739 2353 1952 2424 subjici

303 2459 588 2509 censurae,
619 2459 994 2515 nequaquam
1026 2447 1296 2498 accurato
1319 2442 1440 2512 juri
1486 2443 1779 2498 adhaerere
1811 2444 1951 2498 dum

304 2533 392 2590 sic
420 2533 764 2601 decernunt,
793 2531 937 2604 quin
968 2533 1086 2587 imo
1114 2532 1310 2604 potius
1343 2533 1880 2588 accommodaticio.

379 2714 433 2768 9.
467 2711 698 2768 Scilicet
742 2711 1024 2767 indecens
1070 2713 1160 2766 est
1209 2714 1266 2766 et
1310 2709 1714 2782 inhonestum,
1765 2729 1956 2784 neque

307 2806 518 2860 natura
541 2804 794 2874 justum,
818 2798 1126 2856 mulierem
1159 2816 1286 2871 quae
1309 2800 1380 2855 ad
1403 2799 1805 2858 hareditatem
1818 2803 1956 2874 jure

305 2891 672 2965 cognationis
701 2893 960 2954 vocatur,
994 2906 1113 2944 una
1145 2905 1278 2944 cum
1311 2889 1538 2946 herede
1568 2891 1625 2945 in
1659 2898 1954 2963 corrupte-

302 2983 418 3038 lam
452 2981 727 3046 incidere,
762 2995 987 3034 necnon
1011 2995 1079 3032 ex
1111 2977 1238 3050 ipsa
1270 2978 1428 3050 gigni
1452 2979 1666 3035 liberos
1697 2981 1954 3038 nominis

304 3069 567 3141 ambigui
598 3069 895 3139 dubiique.
931 3068 1053 3131 Quo
1079 3068 1236 3123 enim
1287 3068 1524 3125 nomine
1564 3070 1663 3141 qui
1696 3087 1828 3125 cum
1861 3074 1954 3127 sui

305 3159 528 3217 sobrini
557 3157 677 3214 ﬁlia
719 3158 964 3229 junctus
995 3161 1085 3212 est
1131 3174 1266 3212 eum
1320 3158 1621 3214 donaverit
1668 3160 1767 3231 qui
1805 3160 1856 3215 ei
1887 3177 1955 3216 ex

305 3249 407 3306 illa
428 3255 604 3304 natus
629 3247 805 3303 fuerit
829 3250 851 3301 Ρ
871 3247 1021 3302 Num
1046 3246 1173 3314 ﬁlii,
1197 3247 1282 3302 vel
1316 3264 1384 3302 ex
1405 3254 1654 3321 cognata
1677 3250 1906 3322 nepotis
1931 3249 1954 3304 Ρ

305 3341 453 3396 Nam
476 3337 770 3408 siquidem
798 3353 930 3391 eum
954 3335 1518 3408 appellat,tanquam
1543 3355 1572 3393 e
1592 3338 1810 3394 lumbis
1832 3339 1957 3394 suis

308 3433 527 3494 ortum,
561 3426 747 3481 {ilium
772 3425 1138 3493 nominabit;
1167 3426 1258 3480 sin
1280 3442 1417 3481 vero
1445 3431 1508 3480 ut
1529 3444 1596 3482 ex
1620 3428 1958 3484 consobrini

309 3517 432 3573 ﬁlia
459 3515 747 3588 genitum,
777 3513 1006 3569 vocabit
1034 3520 1433 3586 pronepotem.
1464 3517 1625 3580 Quod
1667 3517 1715 3572 si
1749 3517 1962 3574 mulier

311 3625 342 3664 ο
374 3605 553 3678 priori
595 3603 866 3675 conjugio
910 3601 1128 3658 liberos
1177 3603 1411 3673 habeat,
1467 3605 1638 3677 eique
1684 3609 1860 3661 etiam
1893 3623 1961 3662 ex

312 3696 571 3752 secundo
621 3691 719 3748 alii
766 3698 1105 3757 nascantur,
1159 3709 1416 3764 quonam
1467 3695 1832 3766 cognationis
1864 3712 1960 3752 no-

311 3785 471 3841 mine
502 3783 746 3839 invicem
796 3780 1298 3853 appellabuntur?
1349 3783 1598 3854 Fratres,
1634 3790 1697 3839 ut
1745 3785 1845 3857 qui
1891 3803 1958 3841 ex

311 3891 431 3930 una
461 3878 647 3928 matre
678 3870 961 3944 procreati
1010 3870 1268 3938 fuerint;
1319 3871 1408 3927 vel
1441 3874 1796 3942 consobrini,
1833 3880 1896 3930 ut
1926 3892 1960 3931 ο.

312 3965 546 4022 duobus
577 3960 946 4018 consobrinis
975 3960 1166 4016 satis?
1196 3961 1257 4017 Si
1295 3978 1430 4019 vero
1479 3979 1683 4018 omnes
1716 3965 1959 4036 propin-

311 4053 536 4126 quioris
567 4052 639 4108 ad
671 4050 832 4106 illius
862 4050 1142 4105 maritum
1192 4050 1412 4121 gradus
1460 4051 1799 4123 defecerint,
1831 4052 1960 4108 alii-

311 4160 425 4216 que
452 4140 800 4215 superstites
848 4139 1067 4194 fuerint
1115 4155 1145 4194 e
1175 4141 1426 4211 septimo
1473 4143 1684 4214 gradu,
1729 4141 1859 4214 ipsa
1889 4158 1962 4198 ne

310 4233 530 4307 pariter
556 4247 690 4287 cum
724 4229 841 4284 illis
884 4227 1189 4284 vocabitur
1217 4229 1288 4283 ad
1338 4230 1792 4297 successionem,
1825 4235 1960 4287 tan-

312 4339 491 4395 quam
522 4320 782 4391 ejusdem
815 4333 950 4373 cum
981 4316 1054 4372 iis
1084 4317 1304 4388 gradus
1331 4318 1670 4391 particeps?
1700 4324 1802 4375 aut
1831 4320 1964 4392 reji-

312 4411 518 4478 cietur,
546 4407 727 4464 veluti
760 4422 905 4461 uxor
951 4409 1260 4477 assumpta
1309 4422 1344 4460 a
1393 4406 1738 4479 pr0pinquis
1761 4408 1788 4463 ?
1815 4409 1960 4464 Cum

309 4498 371 4554 in
403 4499 607 4554 eadem
642 4495 870 4568 possint
898 4498 1145 4564 utraque
1188 4495 1462 4565 spectari.
1496 4496 1695 4552 Cernis
1744 4498 1824 4553 rei
1860 4498 1964 4553 ab-

313 4587 660 4644 surditatem
683 4589 741 4640 et
760 4583 1188 4656 turpitudinem
1213 4583 1237 4637 ?
1259 4583 1539 4645 Quocirca
1568 4602 1718 4656 saepe
1741 4603 1773 4640 a
1793 4587 1966 4657 legis-

2064 1995 2363 2070 ερχόμεθα,
2413 1994 2502 2049 καὶ
2559 1995 2626 2050 τὰ
2682 1995 2846 2069 ἑξῆς·
2906 1995 3149 2072 εὐλόγως
3209 1993 3269 2052 ὄίν
3327 2017 3411 2059 τις
3458 1994 3584 2072 εἶ’πῃ
3625 1996 3716 2052 καὶ

2061 2084 2188 2146 τοὺς
2243 2079 2482 2157 ἑϐδόμου
2532 2083 2669 2161 πρὸς
2723 2083 3008 2156 ἀλλήλους
3069 2082 3226 2149 ὄντας
3289 2087 3504 2163 βαθμοῦ
3550 2107 3719 2142 κεκω-

2062 2171 2256 2237 λύσθαι
2290 2175 2427 2250 πρὸς
2455 2173 2636 2250 γάμου
2683 2175 2970 2230 κοινωνίαν
3019 2173 3294 2246 ἀλλήλοις
3339 2177 3720 2233 συνάπτεσθαι.

2063 2264 2159 2318 Καὶ
2192 2264 2318 2326 τοὺς
2365 2265 2470 2338 πρὸ
2527 2269 2623 2318 τοῦ
2669 2265 2908 2340 γενέσθαι
2958 2266 3050 2320 τὸν
3089 2270 3339 2320 τοιοῦτον
3395 2267 3574 2341 γάμον
3609 2263 3721 2320 δεῖν

2065 2349 2341 2428 εἴργεσθαι
2421 2350 2738 2428 διαγνόντας
2799 2355 3097 2429 ἀρχιερεῖς,
3163 2354 3297 2428 μετὰ
3341 2351 3399 2409 δὶ
3447 2355 3508 2410 τὸ
3568 2355 3723 2430 γενέ-

2065 2452 2185 2504 σθαι
2222 2442 2296 2514 μὴ
2349 2438 2691 2514 διασπᾶσθαι,
2743 2440 2870 2499 ἀλλ’
2919 2443 3022 2498 ὑπὸ
3074 2442 3390 2517 ἐπιτίμησιν
3432 2444 3670 2520 γίνεσθαι
3704 2463 3718 2477 ⁸

2065 2529 2168 2585 οὐκ
2225 2525 2501 2602 ἀκριϐείας
2560 2531 2860 2606 ἐχομένους
2939 2529 3080 2587 εἷ’ποι
3160 2553 3244 2598 τις
3309 2532 3369 2587 ἃν
3432 2530 3722 2610 διαγνῶναι

2063 2621 2247 2690 τοῦτο,
2283 2618 2496 2692 μᾶλλον
2535 2619 2629 2688 μὲν
2665 2641 2762 2675 ουν
2791 2641 2852 2696 γε
2883 2615 3346 2697 συγκτταϐἀσεως.

2137 2708 2200 2771 θ’.
2262 2708 2526 2785 Ἀπρεπὶς
2580 2708 2683 2784 γὰρ
2757 2708 2972 2772 πάντως
3049 2709 3139 2765 καὶ
3230 2709 3292 2765 ού
3347 2712 3541 2784 σεμνὸν
3598 2709 3724 2768 οὐδὲ

2065 2796 2220 2874 φύσει
2253 2795 2478 2864 δίκαιον,
2511 2798 2610 2866 τὴν
2663 2797 2738 2861 εἷς
2790 2799 3029 2873 νόμιμον
3082 2798 3141 2854 έκ
3185 2799 3493 2876 συγγενείας
3521 2799 3724 2857 καλου⁴

2070 2888 2235 2960 μένην
2267 2885 2663 2962 κληρονομίαν,
2693 2888 2892 2959 ταύτην
2941 2893 3021 2960 τῷ
3069 2887 3406 2964 κληρονόμῳ
3456 2891 3717 2968 συμφθεί-

2067 2988 2271 3052 ρεσθαι,
2347 2978 2452 3031 κάκ
2518 2977 2721 3047 ταύτης
2799 2977 3068 3032 τίκτεσθαι
3141 2976 3342 3043 παῖδας
3399 2977 3716 3055 ἀμφίϐολον

2063 3067 2163 3134 τὴν
2195 3065 2393 3135 κλῆσιν
2457 3067 2544 3120 καὶ
2602 3067 2704 3121 οὐκ
2756 3064 3154 3144 ἀναμφίλεκτον
3207 3065 3458 3144 ἔχοντας.
3501 3070 3570 3127 Τί
3617 3071 3716 3146 γὰρ

2065 3155 2176 3210 ἂνὸ
2233 3159 2301 3229 τῇ
2351 3159 2448 3210 τοῦ
2499 3154 2703 3210 οἰκείου
2752 3152 3137 3233 δισεξαδέλφου
3185 3155 3342 3213 παιδὶ
3400 3161 3711 3234 συζευχθεῖς

2065 3245 2158 3299 τὸν
2219 3244 2276 3314 ἐζ
2333 3244 2541 3316 ἐκείνης
2606 3245 2752 3318 αὐτῷ
2823 3247 3082 3322 τεχθέντα
3153 3244 3444 3320 καλέσειεν,
3501 3247 3620 3301 Υίὸν
3669 3247 3704 3315 ἤ

2071 3333 2330 3406 ἀνεψιόν;
2387 3332 2453 3387 Εἴ
2500 3334 2592 3407 μὶν
2644 3335 2748 3409 γὰρ
2795 3334 2868 3396 ὡς
2892 3333 2943 3404 ἐξ
2989 3334 3189 3414 ὀσφύος
3238 3336 3402 3392 αὐτοῦ
3453 3334 3710 3412 τεχθέντα

2065 3427 2256 3478 τοῦτον
2316 3421 2492 3492 καλεῖ,
2553 3423 2667 3478 υἱὸν
2723 3421 3035 3496 ὀνομάσειεν
3071 3444 3084 3458 ο
3139 3423 3184 3478 εἰ
3235 3421 3281 3480 δ’
3333 3426 3406 3488 ὡς
3451 3425 3508 3481 ἰκ
3555 3437 3716 3500 θυγαο

2067 3511 2193 3585 τρὸς
2241 3508 2558 3589 ἰξαδέλφου,
2608 3510 2880 3567 καλέσειεν
2928 3511 3220 3588 ἐξανέψιον.
3255 3513 3319 3571 Et
3367 3512 3425 3570 δὲ
3473 3515 3577 3571 κὰκ
3621 3518 3717 3570 τοῦ

2067 3601 2336 3676 προτέρου
2393 3599 2574 3674 γάμου
2631 3597 2821 3663 παῖδές
2881 3601 2984 3656 εἰσι
3031 3605 3102 3676 τῇ
3168 3603 3404 3680 γυναικὶ,
3458 3605 3719 3680 γένωνται

2070 3687 2128 3744 δὲ
2169 3691 2273 3744 κάκ
2327 3693 2424 3744 τοῦ
2484 3687 2734 3762 δευτέρου
2790 3690 2880 3745 καὶ
2929 3687 3125 3767 ἕτεροι,
3180 3691 3285 3747 τίνι
3342 3690 3403 3746 ἃν
3463 3693 3718 3765 κληθεῖεν

2067 3779 2202 3853 πρὸς
2233 3777 2521 3850 ἀλλήλους
2571 3779 2873 3855 συγγενείας
2923 3779 3150 3854 ὀνόματι
3185 3799 3199 3851 ;
3234 3778 3515 3862 Ἀδελφοί,
3557 3784 3632 3846 ὡς
3663 3783 3724 3840 ἐκ

2073 3875 2199 3941 μιᾶς
2227 3867 2414 3942 φύντες
2465 3868 2694 3943 μητρὸς,
2744 3868 2780 3938 ἤ
2830 3866 3134 3949 έξάδελφοι,
3186 3872 3263 3934 ὡς
3307 3872 3412 3927 ἀπὸ
3457 3870 3553 3928 δύο
3602 3871 3719 3942 ἐξα-

2071 3955 2282 4035 δέλφων
2327 3956 2659 4033 σπαρέντες;
2720 3956 2784 4014 Εἴ
2844 3956 2900 4013 δὲ
2955 3959 3045 4014 καὶ
3104 3957 3297 4023 πάντες
3354 3960 3409 4016 oi
3442 3959 3719 4038 ἐγγυτέρω

2074 4048 2286 4122 βαθμοῦ
2339 4051 2419 4119 τῷ
2472 4045 2675 4115 ταύτης
2748 4046 2901 4123 ἀνδρὶ
2977 4045 3318 4119 ιπιλίποιεν,
3369 4045 3608 4124 ἑϐδόμου
3665 4048 3726 4105 δὲ

2072 4137 2171 4192 εἶεν
2205 4137 2294 4191 καὶ
2350 4135 2525 4211 ἓτεροι
2591 4136 2803 4212 βαθμοῦ
2861 4133 3160 4213 περιόντες,
3221 4139 3322 4216 ἇρα
3369 4139 3462 4194 σὺν
3495 4139 3723 4203 ἐκείνοις

2070 4227 2159 4281 καὶ
2192 4225 2324 4297 αὕτη
2365 4223 2701 4296 κληθήσεται
2744 4226 2880 4302 πρὸς
2929 4223 3228 4304 διαδοχήν,
3266 4228 3342 4290 ὡς
3370 4228 3598 4292 ἐκείνοις
3625 4234 3725 4285 τοῦ

2070 4313 2234 4369 αὐτοῦ
2282 4315 2496 4389 βαθμοῦ
2541 4313 3005 4390 συμμετέχουσα;
3055 4314 3090 4385 ἤ
3131 4319 3595 4392 παραιτηθήσεται
3646 4319 3726 4381 ὡς

2069 4403 2204 4478 γυνὴ
2262 4397 2802 4476 παραλαμϐανομένη
2852 4403 3000 4479 παρὰ
3051 4409 3161 4459 τῶν
3201 4411 3509 4482 προσγενιῖΝ
3548 4427 3561 4478 ;
3605 4409 3725 4466 Ἐπ’

2071 4491 2206 4566 αὐτῇ
2256 4493 2360 4567 γὰρ
2405 4491 2496 4546 καὶ
2546 4491 2829 4571 ἀμφότερα
2877 4494 3265 4567 τεθεώρηνται.
3322 4497 3483 4572 Ὀρᾷς
3532 4497 3596 4552 τὸ
3626 4501 3724 4552 τοῦ

2071 4579 2392 4656 πράγματος
2439 4582 2640 4636 ἄτοπον
2716 4579 2804 4636 καὶ
2873 4582 2976 4636 οὐκ
3021 4579 3350 4658 εύσχημον;
3407 4587 3505 4640 Διᾶ
3559 4585 3723 4643 τοῦτο

313 4675 598 4732 latoribus
638 4675 696 4730 in
747 4689 928 4729 causa
983 4672 1326 4742 nuptiarum
1385 4673 1609 4728 dictum
1662 4679 1793 4730 est:
1845 4679 1955 4731 Non

2072 4676 2191 4732 τοῖς
2222 4669 2541 4743 νομοθέταις
2588 4667 2864 4733 πολλάκις
2913 4669 3002 4726 ἐπὶ
3057 4677 3166 4727 τῶν
3226 4675 3422 4749 γάμων
3462 4673 3671 4751 εἷ’ρηται
3708 4693 3722 4708 ⁸

311 4766 472 4823 modo
525 4763 656 4837 quid
709 4763 1047 4836 permissum
1101 4762 1171 4815 sit
1223 4770 1480 4833 spectare,
1538 4779 1733 4818 verum
1795 4767 1965 4821 etiam

311 4855 444 4932 quid
471 4857 544 4912 sit
569 4855 825 4911 decorum
861 4855 915 4906 et
944 4858 1156 4905 natura
1182 4865 1428 4922 acquum,
1460 4859 1510 4908 et
1538 4852 1845 4910 honestum.

388 4965 471 5020 10.
503 4962 630 5018 Non
661 4959 843 5034 igitur
874 4956 1282 5028 intempestive
1334 4957 1626 5029 prolatum
1673 4964 1786 5028 est,
1819 4977 1962 5032 pon-

312 5052 500 5110 tiﬁces
531 5069 648 5108 non
696 5049 928 5104 locutos
979 5045 1160 5102 fuisse
1206 5051 1498 5115 accurate,
1531 5049 1632 5104 sed
1678 5049 1868 5121 magis
1897 5067 1967 5106 ex

314 5135 876 5197 accommodationis
924 5135 1158 5204 affectu,
1203 5137 1436 5207 quando
1484 5139 1963 5210 pronuntiarunt,

315 5234 631 5301 antequam
664 5223 1111 5282 matrimonium
1152 5226 1210 5280 in
1243 5226 1492 5298 septimo
1519 5229 1702 5299 gradu
1736 5233 1965 5285 contra-

313 5319 512 5385 hatur,
561 5315 807 5371 vetitum
857 5327 1006 5380 esse,
1058 5318 1371 5386 postquam
1421 5333 1556 5372 vero
1597 5322 1964 5374 contractum

315 5406 510 5474 fuerit,
541 5420 912 5476 nequaquam
945 5402 1162 5460 divelli.
1199 5405 1256 5459 Si
1291 5404 1401 5460 hoc
1433 5405 1611 5478 igitur
1641 5409 1711 5462 ad
1744 5408 1964 5463 demis-

309 5497 539 5552 sionem
572 5498 631 5549 et
657 5493 1253 5550 accommodationem
1288 5495 1861 5568 pertinet,quidnam
1893 5498 1966 5553 de

316 5588 478 5641 sexto
507 5581 692 5652 gradu
725 5581 993 5639 dicetur?
1016 5582 1177 5646 Quod
1206 5588 1402 5639 autem
1436 5589 1634 5640 sextus
1669 5589 1866 5658 aperte
1889 5585 1966 5642 sit

315 5675 368 5731 is
396 5674 467 5728 de
498 5685 615 5741 quo
647 5669 1049 5746 interrogatio,
1095 5688 1210 5728 non
1242 5676 1332 5728 est
1378 5674 1703 5748 ambigum.
1738 5674 1880 5733 Nam
1913 5675 1964 5731 si

312 5759 594 5822 sobrinus
624 5762 770 5818 sexti
799 5766 888 5821 est
931 5761 1172 5834 gradus,
1225 5761 1311 5817 illi
1353 5780 1486 5819 vero
1536 5769 1742 5838 nupta,
1775 5764 1964 5838 ipsius

2075 4761 2170 4828 Μὴ
2229 4760 2290 4814 τὸ
2356 4757 2820 4834 ἐπιτετραμμένον
2897 4760 3062 4833 μόνον
3119 4767 3364 4834 σκοπεῖν,
3431 4762 3579 4820 ἀλλά
3634 4766 3726 4820 καὶ

2071 4850 2135 4904 τὸ
2165 4848 2427 4922 εὐπρεπὲς
2451 4849 2539 4902 καὶ
2571 4847 2727 4923 φύσει
2758 4847 2965 4904 δίκαιον
2997 4849 3087 4905 καὶ
3128 4853 3346 4926 σεμνὸν.

2149 4957 2200 5012 ι’.
2241 4955 2357 5013 Ούκ
2412 4956 2650 5031 ἀκαίρως
2709 4953 2800 5010 οὗν
2861 4955 3071 5031 εἷ’ρηται
3127 4961 3203 5032 μὴ
3256 4959 3394 5034 πρὸς
3447 4956 3718 5036 ἀκρίϐειαν

2075 5044 2202 5106 τοὺς
2271 5045 2570 5120 ἀρχιερεῖς,
2629 5043 2775 5099 ἀλλὰ
2845 5043 3185 5110 διατεθέντας
3251 5044 3715 5124 συγκαταϐατικώ-

2073 5153 2252 5208 τερον,
2302 5134 2408 5208 πρὸ
2466 5133 2559 5206 μὶν
2609 5137 2705 5188 τοῦ
2750 5136 2994 5209 γενέσθαι
3037 5135 3128 5190 τὸν
3177 5137 3352 5212 γάμον
3393 5137 3480 5194 ἐπὶ
3523 5141 3616 5194 τοῦ
3665 5136 3719 5191 ἒ-

2077 5219 2288 5296 ϐδόμου
2338 5223 2550 5298 βαθμοῦ
2595 5221 2902 5287 κωλύεσθαι
2954 5223 3353 5301 ἀποφήνασθαι,
3399 5228 3535 5302 μετὰ
3575 5223 3632 5283 δὲ
3659 5226 3721 5280 τὸ

2074 5313 2313 5388 γενίσθαι
2367 5312 2442 5386 μή
2493 5309 2837 5368 διασπὰσθαι.
2889 5312 2953 5367 Εἰ
2994 5318 3126 5388 γοῦν
3173 5316 3264 5371 καὶ
3307 5321 3470 5373 τοῦτο
3526 5337 3723 5395 συγκα·

2074 5397 2373 5470 ταϐάσεως,
2407 5401 2457 5455 τί
2504 5398 2563 5455 ἅν
2610 5423 2692 5463 τις
2743 5398 2886 5456 εἷίποι
2933 5403 3057 5478 περὶ
3096 5408 3193 5459 τοῦ
3243 5400 3446 5478 ἕκτου,
3505 5409 3629 5464 ’Ότι
3681 5404 3728 5461 δ’

2074 5489 2229 5554 ἕκτος
2287 5489 2534 5567 ἄντικρύς
2588 5488 2728 5546 ἐστιν
2766 5489 2924 5554 οὗτος
2974 5489 3045 5547 δι’
3087 5493 3146 5548 ὃν
3192 5495 3227 5565 ἠ
3285 5493 3580 5572 ἐρώτησις,
3626 5496 3732 5552 οὐκ

2077 5579 2444 5658 ἀμφίρῥοπον.
2473 5578 2538 5637 Εἰ
2568 5580 2668 5656 γὰρ
2703 5581 2730 5636 ὁ
2762 5578 3148 5658 δισεζάδελφος
3181 5577 3360 5659 ἕκτου,
3392 5587 3427 5656 ἡ
3462 5583 3519 5641 δὲ
3548 5586 3730 5660 τούτῳ

2076 5679 2381 5748 συζυγεῖσα,
2429 5673 2558 5748 σὰρξ
2618 5671 2824 5729 ἐκείνου
2871 5670 2959 5728 διὰ
3008 5681 3108 5745 τῆς
3155 5677 3439 5756 συναφείας
3498 5676 3733 5755 ἐγένετο,

2075 5763 2164 5820 καὶ
2193 5783 2380 5842 νυμφη
2414 5767 2512 5818 τοῦ
2559 5761 2845 5841 περιόντος
2888 5757 3276 5844 δισεξαϐέλφου
3325 5766 3549 5843 κυρίως.
3604 5765 3734 5825 ἀλλ’
