4130 6362
401 377 529 437 437

1654 374 2049 438 GEORGIUS
2091 376 2602 439 XYPHILINUS.

3713 373 3838 436 438

399 507 463 563 οὐ
513 509 974 582 καταχρηστικῶς
1004 552 1019 577 ,
1075 507 1150 567 ὡς
1201 506 1238 574 ἡ
1303 505 1516 577 μνηστή
1575 509 1673 560 τοῦ
1733 504 2062 579 ὀμαίμονος·
2095 512 2152 578 Α
2184 525 2257 564 ca'

2184 525 2316 565 caro
2348 516 2587 582 propter
2617 512 2960 584 conjugium
2993 512 3144 566 facta
3175 514 3284 578 est,
3328 517 3382 566 et
3435 508 3669 581 proprie
3717 523 3836 562 non

400 601 523 659 πῶς
585 595 648 650 οὐ
709 592 924 668 μᾶλλον
987 593 1145 658 οὗτος
1199 593 1504 650 κεκώλυται
1564 595 1709 671 παρὰ
1762 601 1860 651 τοῦ
1889 596 2064 670 νόμου

399 686 540 741 κατὰ
595 686 661 740 τὸ
694 682 924 759 εὔλογον
959 702 974 754 ;

483 962 566 1010 ια’.
601 954 865 1012 Ἐνταῦθα
919 957 1000 1026 τῷ
1060 948 1209 1030 λόγῳ
1267 952 1482 1024 ὃοθήτω
1535 955 1897 1028 κατάπαυμα·
1956 955 2065 1033 οὐχ

416 1043 496 1100 ὅτι
550 1045 625 1116 μὴ
683 1042 773 1097 καὶ
847 1040 1116 1097 πλειόνων
1175 1041 1403 1114 εὐπορία
1457 1042 1620 1115 ἐστὶν,
1673 1041 1800 1099 ἀλλ’
1856 1045 1939 1098 δτι
1995 1045 2060 1100 οὗ

411 1131 674 1189 ποικίλων
725 1129 896 1186 δεῖται
940 1128 1023 1188 ἄν.
1077 1130 1218 1206 Δίχα
1276 1129 1723 1206 ἑρμηνευμάτων,
1756 1132 1911 1209 ἀρκεῖ
1956 1133 2058 1208 γὰρ

404 1223 492 1278 καὶ
543 1225 732 1289 ταῦτα,
785 1220 967 1298 φασὶν,
1018 1220 1361 1294 εὖγνώμοσιν
1412 1219 1640 1290 ἀκοαῖς,
1691 1221 1742 1274 οἱ
1797 1226 1914 1283 τοῖς
1968 1223 2057 1276 τὸν

401 1311 579 1386 γάμον
633 1309 1010 1384 ἐπιτρέπουσιν
1055 1308 1587 1382 ἀντικαθιστάμινοι,
1638 1306 1804 1381 δεῖξαι
1851 1312 1914 1366 τὸ
1962 1315 2061 1365 τοῦ

399 1399 722 1475 πράγματος
771 1398 1009 1473 ἀπρεπὲς
1053 1398 1144 1453 καὶ
1197 1397 1298 1453 οὐκ
1341 1394 1646 1474 εὔσχημον,
1694 1398 1784 1454 καὶ
1838 1399 2059 1465 ἑαυτοὺς

395 1492 500 1560 τῆς
579 1486 968 1562 ὲπηρτημένης
1038 1487 1272 1557 ἀπειλῆς
1330 1487 1701 1564 ἐξαιρήσεσθαι
1735 1531 1748 1558 ,
1807 1495 1924 1554 τοῖς
1981 1493 2057 1564 μὴ

399 1576 786 1634 διαπέλλουσι
837 1582 956 1640 τοῖς
987 1577 1276 1650 ἀνομοῢσι,
1315 1577 1406 1632 καὶ
1447 1579 1511 1633 τὸ
1560 1578 1822 1652 ἀνόμημα
1862 1601 2058 1657 καταγ-

395 1668 719 1746 γιλλουσιν.
778 1667 927 1722 Εἰσὶν
977 1670 1116 1741 ἡμῖν
1175 1666 1368 1723 οἰκεῖαι
1425 1665 1672 1738 κηλῖδες’
1729 1669 1791 1724 οὐ
1846 1668 2060 1726 δεῖκαὶ

396 1756 904 1830 προσερανίζισθαι.

474 1910 497 1946 ⁸
527 1909 732 1967 Ezech.
767 1927 853 1982 ιιι,
884 1911 971 1967 18.

2173 613 2309 652 vero
2341 598 2581 654 abusive
2612 616 2798 655 nurus
2841 599 3181 671 superstitis
3239 597 3481 667 sobrini,
3542 602 3834 667 tanquam

2175 689 2594 759 consanguinei
2627 706 2884 762 sponsa;
2928 707 3043 761 quo
3075 695 3245 762 pacto
3278 705 3394 744 non
3429 688 3614 743 multo
3640 685 3832 757 magis

2175 777 2261 832 hee
2291 777 2510 848 nuptiae
2541 795 2576 834 a
2603 778 2730 851 lege
2759 779 3135 847 vetabuntur,
3170 784 3236 834 ut
3267 777 3479 834 rationi
3520 782 3832 834 consenta-

2177 882 2356 921 neum
2389 867 2526 922 est?

2244 956 2332 1010 11.
2368 956 2484 1011 Hoc
2514 957 2573 1011 in
2605 956 2730 1013 loco
2776 956 3034 1013 sermoni
3084 957 3221 1013 finis
3276 955 3658 1028 imponatur;
3715 968 3832 1009 non

2172 1045 2327 1116 quod
2361 1043 2534 1115 plura
2565 1063 2676 1100 non
2711 1050 3048 1117 suppetant,
3082 1046 3182 1101 sed
3218 1044 3358 1116 quia
3390 1043 3568 1099 variis
3599 1057 3716 1097 non
3743 1043 3836 1098 est

2171 1149 2339 1205 Opus.
2374 1133 2598 1189 Etenim
2632 1136 2855 1207 absque
2881 1133 3468 1205 interpretationibus
3501 1132 3626 1187 hac
3685 1129 3833 1186 satis

2170 1227 2314 1278 sunt
2341 1224 2585 1279 auribus
2616 1225 2822 1295 aequis.
2848 1225 2922 1280 iis
2952 1224 3120 1279 aiunt
3149 1223 3249 1294 qui
3280 1223 3671 1278 adversantur
3709 1234 3832 1274 me-

2173 1319 2532 1368 moratarum
2569 1316 2909 1385 nuptiarum
2935 1313 3368 1376 defensoribus,
3400 1315 3464 1366 ut
3513 1308 3833 1365 ostendant

2169 1404 2387 1478 negotii
2425 1405 2856 1476 turpitudinem
2915 1410 2972 1461 et
3027 1405 3367 1471 fmditalem,
3427 1402 3708 1474 ipsosque
3766 1415 3831 1454 se

2171 1495 2432 1549 eximant
2460 1512 2492 1549 a
2521 1494 2980 1550 comminatione
3011 1493 3130 1548 illis
3163 1494 3536 1565 impendente
3565 1488 3665 1560 qui
3713 1487 3830 1543 ini-

2170 1598 2287 1653 qua
2317 1583 2630 1655 agentibus
2665 1601 2781 1639 non
2803 1584 3062 1653 edicunt,
3087 1599 3278 1654 neque
3299 1580 3572 1651 iniquum
3600 1577 3830 1634 facinus

2171 1671 2589 1728 annuntiant‘.
2621 1673 2769 1728 Sunt
2825 1673 2996 1728 nobis
3053 1670 3302 1744 propriae
3362 1667 3645 1725 maculas:
3706 1681 3825 1722 non

2145 1766 2400 1852 ‘oportet
2429 1762 2653 1820 alienas
2685 1779 3017 1835 corrogare.

490 2067 756 2128 Zonaras
784 2064 1287 2150 Commentarios
1316 2066 1380 2150 in
1409 2067 1695 2150 Canones
1742 2067 2166 2150 Conciliorum
2205 2073 2267 2132 et
2320 2069 2385 2130 in
2433 2069 2748 2150 Epistolas
2799 2067 3136 2150 canonicas
3184 2068 3318 2150 SS._
3345 2066 3628 2150 Patrum,
3682 2079 3829 2150 cum

405 2145 896 2230 Commentariis
917 2145 1234 2209 Theodori
1255 2147 1669 2226 Balsamonis,
1693 2150 2006 2229 quibusin
2029 2149 2207 2211 libris
2233 2169 2379 2212 mss.
2414 2143 2690 2213 et'editis
2720 2149 3164 2230 subjiciuntus,
3224 2147 3391 2209 infra
3440 2145 3700 2209 edemus
3747 2143 3830 2205 ad

404 2245 650 2289 annum
685 2226 866 2289 1205.

1346 2521 2068 2646 JOANNIS
2157 2523 2896 2648 ZONARfE

604 2748 867 2806 ORATIO
904 2747 999 2805 AD
1041 2747 1171 2805 EOS
1211 2746 1330 2814 QUI
1366 2744 1816 2803 NATURALEM
1856 2747 2148 2805 SEMINIS
2186 2748 2476 2805 FLUXUM
2515 2747 3020 2805 IMMUNDITIEM
3061 2743 3622 2804 EXISTIMABANT.

1605 2891 1762 2955 Vide
1793 2897 2033 2955 tomum
2065 2895 2274 2968 CXIX,
2308 2893 2430 2956 col.
2464 2896 2643 2956 1011.

1349 3214 2070 3340 JOANNIS
2159 3214 2900 3341 ZONARAE

1823 3443 1887 3527 Ε
1904 3440 2227 3530 PISTO
2240 3444 2434 3529 UE.

406 3611 645 3672 Earum
683 3609 1041 3689 fragmenta
1070 3607 1267 3670 edidit
1294 3609 1536 3670 Bonav.
1555 3589 1915 3690 Vulcanius
1941 3609 2006 3670 in
2038 3609 2204 3671 notis
2234 3609 2314 3670 ad
2343 3609 2646 3690 Cyrillum
2679 3611 2856 3673 Alex.
2885 3615 3110 3672 contra
3134 3605 3849 3688 Anthropomorphitas.

1496 3688 1652 3752 Vide
1683 3696 1924 3752 tomum
1958 3690 2220 3765 LXXVI,
2253 3688 2470 3771 Cyri‘lli
2492 3710 2752 3753 nonum.

1777 4006 1932 4046 ANNO
1970 4005 2180 4047 DOMINI
2219 4006 2459 4048 MCXCIII.

1309 4151 2002 4279 GEORGII
2085 4155 2946 4280 XIPHILINI

1805 4371 1913 4430 GP.
1963 4373 2446 4432 PATRIARGH/E

863 4524 1516 4616 DECRETUM
1572 4525 1719 4615 DE
1777 4527 2257 4618 JUBIBUS
2328 4523 3380 4615 TERRITORIORUM-

1612 4707 1770 4770 Vide
1798 4713 2043 4771 tomum
2071 4708 2286 4785 CXIX,
2318 4708 2440 4770 col.
2481 4710 2623 4772 807.
