  <div class='ocr_page' id='page_1' title='image "/cluster/home/n/w/nwhite01/storage/ocr_20150623/135:no.2/coo.31924054870401/226.png"; bbox 0 0 4130 6376; ppageno 0'>
   <div class='ocr_carea' id='block_1_1' title="bbox 334 441 452 500">
    <p class='ocr_par' dir='ltr' id='par_1_1' title="bbox 334 441 452 500">
     <span class='ocr_line' id='line_1_1' title="bbox 334 441 452 500; baseline -0.025 0"><span class='ocrx_word' id='word_1_1' title='bbox 334 441 452 500; x_wconf 74' lang='grc'>441</span> 
     </span>
    </p>
   </div>
   <div class='ocr_carea' id='block_1_2' title="bbox 1493 425 2626 496">
    <p class='ocr_par' dir='ltr' id='par_1_2' title="bbox 1493 425 2626 496">
     <span class='ocr_line' id='line_1_2' title="bbox 1493 425 2626 496; baseline -0.01 -2"><span class='ocrx_word' id='word_1_2' title='bbox 1493 429 1882 496; x_wconf 70' lang='lat' dir='ltr'>NOVELLJE</span> <span class='ocrx_word' id='word_1_3' title='bbox 1925 425 2626 489; x_wconf 82' lang='lat' dir='ltr'>GONSTITUTIONES.</span> 
     </span>
    </p>
   </div>
   <div class='ocr_carea' id='block_1_3' title="bbox 3648 423 3765 482">
    <p class='ocr_par' dir='ltr' id='par_1_3' title="bbox 3648 423 3765 482">
     <span class='ocr_line' id='line_1_3' title="bbox 3648 423 3765 482; baseline -0.017 0"><span class='ocrx_word' id='word_1_4' title='bbox 3648 423 3765 482; x_wconf 74' lang='grc'>442</span> 
     </span>
    </p>
   </div>
   <div class='ocr_carea' id='block_1_4' title="bbox 333 562 2007 649">
    <p class='ocr_par' dir='ltr' id='par_1_4' title="bbox 333 562 2000 648">
     <span class='ocr_line' id='line_1_4' title="bbox 333 562 2000 648; baseline -0.007 -21"><span class='ocrx_word' id='word_1_5' title='bbox 333 570 730 647; x_wconf 84' lang='grc' dir='ltr'>γενησομέναις</span> <span class='ocrx_word' id='word_1_6' title='bbox 791 572 998 648; x_wconf 77' lang='grc' dir='ltr'>ψήφοις</span> <span class='ocrx_word' id='word_1_7' title='bbox 1070 569 1298 632; x_wconf 81' lang='grc' dir='ltr'>ἅπαντες</span> <span class='ocrx_word' id='word_1_8' title='bbox 1355 568 1409 622; x_wconf 77' lang='grc' dir='ltr'>αἱ</span> <span class='ocrx_word' id='word_1_9' title='bbox 1485 562 1848 639; x_wconf 78' lang='grc' dir='ltr'>ἐνδημοῦντες</span> <span class='ocrx_word' id='word_1_10' title='bbox 1930 562 2000 634; x_wconf 83' lang='grc' dir='ltr'>τῇ</span> 
     </span>
    </p>
   </div>
   <div class='ocr_carea' id='block_1_5' title="bbox 2118 562 3769 649">
    <p class='ocr_par' dir='ltr' id='par_1_5' title="bbox 2118 574 3769 649">
     <span class='ocr_line' id='line_1_5' title="bbox 2118 574 3769 649; baseline -0.002 -17"><span class='ocrx_word' id='word_1_11' title='bbox 2118 593 2226 649; x_wconf 88' lang='lat' dir='ltr'>que</span> <span class='ocrx_word' id='word_1_12' title='bbox 2257 575 2677 632; x_wconf 87' lang='lat' dir='ltr'>nonnullorum</span> <span class='ocrx_word' id='word_1_13' title='bbox 2729 574 3278 630; x_wconf 86' lang='lat' dir='ltr'>comministrorum</span> <span class='ocrx_word' id='word_1_14' title='bbox 3325 578 3381 631; x_wconf 90' lang='lat' dir='ltr'>et</span> <span class='ocrx_word' id='word_1_15' title='bbox 3409 574 3769 631; x_wconf 85' lang='lat' dir='ltr'>oonfratrum</span> 
     </span>
    </p>
   </div>
   <div class='ocr_carea' id='block_1_6' title="bbox 337 654 1999 735">
    <p class='ocr_par' dir='ltr' id='par_1_6' title="bbox 337 654 1999 735">
     <span class='ocr_line' id='line_1_6' title="bbox 337 654 1999 735; baseline -0.005 -22"><span class='ocrx_word' id='word_1_16' title='bbox 337 657 552 735; x_wconf 77' lang='grc' dir='ltr'>μεγάλῃ</span> <span class='ocrx_word' id='word_1_17' title='bbox 607 658 768 713; x_wconf 87' lang='grc' dir='ltr'>πόλει</span> <span class='ocrx_word' id='word_1_18' title='bbox 824 659 1125 732; x_wconf 75' lang='grc' dir='ltr'>ἀρχιερεῖς,</span> <span class='ocrx_word' id='word_1_19' title='bbox 1162 655 1308 712; x_wconf 85' lang='grc' dir='ltr'>ἀλλά</span> <span class='ocrx_word' id='word_1_20' title='bbox 1362 656 1453 710; x_wconf 81' lang='grc' dir='ltr'>καὶ</span> <span class='ocrx_word' id='word_1_21' title='bbox 1503 654 1626 730; x_wconf 73' lang='grc' dir='ltr'>ἄτερ</span> <span class='ocrx_word' id='word_1_22' title='bbox 1684 660 1784 722; x_wconf 83' lang='grc' dir='ltr'>τῆς</span> <span class='ocrx_word' id='word_1_23' title='bbox 1837 672 1999 705; x_wconf 88' lang='grc' dir='ltr'>τινων</span> 
     </span>
    </p>
   </div>
   <div class='ocr_carea' id='block_1_7' title="bbox 333 742 1998 825">
    <p class='ocr_par' dir='ltr' id='par_1_7' title="bbox 333 742 1998 825">
     <span class='ocr_line' id='line_1_7' title="bbox 333 742 1998 825; baseline -0.006 -21"><span class='ocrx_word' id='word_1_24' title='bbox 333 747 778 823; x_wconf 82' lang='grc' dir='ltr'>συλλιιτουργῶν</span> <span class='ocrx_word' id='word_1_25' title='bbox 824 748 915 802; x_wconf 83' lang='grc' dir='ltr'>καὶ</span> <span class='ocrx_word' id='word_1_26' title='bbox 965 744 1308 825; x_wconf 84' lang='grc' dir='ltr'>συναδέλφων</span> <span class='ocrx_word' id='word_1_27' title='bbox 1351 742 1736 818; x_wconf 80' lang='grc' dir='ltr'>μετακλήσεως</span> <span class='ocrx_word' id='word_1_28' title='bbox 1781 742 1845 796; x_wconf 75' lang='grc' dir='ltr'>τὰ</span> <span class='ocrx_word' id='word_1_29' title='bbox 1899 747 1998 810; x_wconf 85' lang='grc' dir='ltr'>τῆς</span> 
     </span>
    </p>
   </div>
   <div class='ocr_carea' id='block_1_8' title="bbox 335 831 2001 918">
    <p class='ocr_par' dir='ltr' id='par_1_8' title="bbox 335 831 2001 918">
     <span class='ocr_line' id='line_1_8' title="bbox 335 831 2001 918; baseline -0.006 -25"><span class='ocrx_word' id='word_1_30' title='bbox 335 841 522 918; x_wconf 79' lang='grc' dir='ltr'>ψήφου</span> <span class='ocrx_word' id='word_1_31' title='bbox 555 838 703 912; x_wconf 76' lang='grc' dir='ltr'>παρὰ</span> <span class='ocrx_word' id='word_1_32' title='bbox 744 836 968 898; x_wconf 82' lang='grc' dir='ltr'>κανόνας</span> <span class='ocrx_word' id='word_1_33' title='bbox 1018 831 1321 909; x_wconf 78' lang='grc' dir='ltr'>προϐαίνει’</span> <span class='ocrx_word' id='word_1_34' title='bbox 1355 837 1543 889; x_wconf 86' lang='grc' dir='ltr'>ὁποῖον</span> <span class='ocrx_word' id='word_1_35' title='bbox 1586 831 1651 903; x_wconf 89' lang='grc' dir='ltr'>δή</span> <span class='ocrx_word' id='word_1_36' title='bbox 1707 854 1758 886; x_wconf 90' lang='grc' dir='ltr'>τι</span> <span class='ocrx_word' id='word_1_37' title='bbox 1815 832 2001 908; x_wconf 84' lang='grc' dir='ltr'>γέγονε</span> 
     </span>
    </p>
   </div>
   <div class='ocr_carea' id='block_1_9' title="bbox 336 929 1994 1011">
    <p class='ocr_par' dir='ltr' id='par_1_9' title="bbox 336 929 1994 1011">
     <span class='ocr_line' id='line_1_9' title="bbox 336 929 1994 1011; baseline -0.006 -17"><span class='ocrx_word' id='word_1_38' title='bbox 336 939 426 994; x_wconf 89' lang='grc' dir='ltr'>καὶ</span> <span class='ocrx_word' id='word_1_39' title='bbox 482 936 567 992; x_wconf 75' lang='grc' dir='ltr'>ἰπὶ</span> <span class='ocrx_word' id='word_1_40' title='bbox 628 940 749 1000; x_wconf 80' lang='grc' dir='ltr'>ταῖς</span> <span class='ocrx_word' id='word_1_41' title='bbox 808 937 1019 1010; x_wconf 77' lang='grc' dir='ltr'>ψήχοις</span> <span class='ocrx_word' id='word_1_42' title='bbox 1065 939 1172 990; x_wconf 80' lang='grc' dir='ltr'>τῶν</span> <span class='ocrx_word' id='word_1_43' title='bbox 1209 933 1603 1011; x_wconf 76' lang='grc' dir='ltr'>ῥηθησομένων</span> <span class='ocrx_word' id='word_1_44' title='bbox 1631 929 1994 1000; x_wconf 82' lang='grc' dir='ltr'>Ἐκκλησιῶν.</span> 
     </span>
    </p>
   </div>
   <div class='ocr_carea' id='block_1_10' title="bbox 341 1017 1998 1102">
    <p class='ocr_par' dir='ltr' id='par_1_10' title="bbox 341 1017 1998 1102">
     <span class='ocr_line' id='line_1_10' title="bbox 341 1017 1998 1102; baseline -0.005 -20"><span class='ocrx_word' id='word_1_45' title='bbox 341 1027 447 1084; x_wconf 83' lang='grc' dir='ltr'>Καὶ</span> <span class='ocrx_word' id='word_1_46' title='bbox 503 1023 802 1102; x_wconf 74' lang='grc' dir='ltr'>προΐσχετο</span> <span class='ocrx_word' id='word_1_47' title='bbox 863 1025 938 1086; x_wconf 86' lang='grc' dir='ltr'>ὡς</span> <span class='ocrx_word' id='word_1_48' title='bbox 998 1023 1086 1079; x_wconf 79' lang='grc' dir='ltr'>ἐπὶ</span> <span class='ocrx_word' id='word_1_49' title='bbox 1133 1027 1202 1098; x_wconf 78' lang='grc' dir='ltr'>τῇ</span> <span class='ocrx_word' id='word_1_50' title='bbox 1247 1025 1414 1102; x_wconf 75' lang='grc' dir='ltr'>ψήφῳ</span> <span class='ocrx_word' id='word_1_51' title='bbox 1449 1024 1544 1096; x_wconf 71' lang='grc' dir='ltr'>μὲν</span> <span class='ocrx_word' id='word_1_52' title='bbox 1572 1028 1672 1090; x_wconf 78' lang='grc' dir='ltr'>τῆς</span> <span class='ocrx_word' id='word_1_53' title='bbox 1701 1041 1760 1076; x_wconf 90' lang='grc' dir='ltr'>τε</span> <span class='ocrx_word' id='word_1_54' title='bbox 1812 1017 1998 1076; x_wconf 86' lang='grc' dir='ltr'>Κλαυ-</span> 
     </span>
    </p>
   </div>
   <div class='ocr_carea' id='block_1_11' title="bbox 347 1109 1996 1190">
    <p class='ocr_par' dir='ltr' id='par_1_11' title="bbox 347 1109 1996 1190">
     <span class='ocr_line' id='line_1_11' title="bbox 347 1109 1996 1190; baseline -0.004 -17"><span class='ocrx_word' id='word_1_55' title='bbox 347 1115 679 1178; x_wconf 77' lang='grc' dir='ltr'>διουπολεως</span> <span class='ocrx_word' id='word_1_56' title='bbox 733 1115 823 1170; x_wconf 83' lang='grc' dir='ltr'>καὶ</span> <span class='ocrx_word' id='word_1_57' title='bbox 874 1117 975 1185; x_wconf 74' lang='grc' dir='ltr'>τῆς</span> <span class='ocrx_word' id='word_1_58' title='bbox 1033 1113 1354 1190; x_wconf 79' lang='grc' dir='ltr'>Μαρωνείας</span> <span class='ocrx_word' id='word_1_59' title='bbox 1411 1109 1525 1168; x_wconf 77' lang='grc' dir='ltr'>οὐδ’</span> <span class='ocrx_word' id='word_1_60' title='bbox 1572 1110 1716 1172; x_wconf 83' lang='grc' dir='ltr'>ὅλως</span> <span class='ocrx_word' id='word_1_61' title='bbox 1771 1109 1996 1180; x_wconf 75' lang='grc' dir='ltr'>ἠξίωται</span> 
     </span>
    </p>
   </div>
   <div class='ocr_carea' id='block_1_12' title="bbox 344 1196 1996 1282">
    <p class='ocr_par' dir='ltr' id='par_1_12' title="bbox 344 1196 1996 1282">
     <span class='ocr_line' id='line_1_12' title="bbox 344 1196 1996 1282; baseline -0.006 -20"><span class='ocrx_word' id='word_1_62' title='bbox 344 1205 512 1282; x_wconf 83' lang='grc' dir='ltr'>λόγου</span> <span class='ocrx_word' id='word_1_63' title='bbox 568 1203 716 1279; x_wconf 80' lang='grc' dir='ltr'>παρὰ</span> <span class='ocrx_word' id='word_1_64' title='bbox 764 1207 871 1259; x_wconf 78' lang='grc' dir='ltr'>τῶν</span> <span class='ocrx_word' id='word_1_65' title='bbox 923 1202 1313 1282; x_wconf 73' lang='grc' dir='ltr'>ψηφισαμένων</span> <span class='ocrx_word' id='word_1_66' title='bbox 1395 1201 1593 1263; x_wconf 85' lang='grc' dir='ltr'>ταύτας</span> <span class='ocrx_word' id='word_1_67' title='bbox 1645 1196 1996 1276; x_wconf 77' lang='grc' dir='ltr'>συναδέλφων</span> 
     </span>
    </p>
   </div>
   <div class='ocr_carea' id='block_1_13' title="bbox 335 1288 1994 1370">
    <p class='ocr_par' dir='ltr' id='par_1_13' title="bbox 335 1288 1994 1370">
     <span class='ocr_line' id='line_1_13' title="bbox 335 1288 1994 1370; baseline -0.007 -18"><span class='ocrx_word' id='word_1_68' title='bbox 335 1295 530 1352; x_wconf 88' lang='grc' dir='ltr'>τούτου</span> <span class='ocrx_word' id='word_1_69' title='bbox 559 1293 652 1350; x_wconf 76' lang='grc' dir='ltr'>καὶ</span> <span class='ocrx_word' id='word_1_70' title='bbox 681 1292 1142 1370; x_wconf 83' lang='grc' dir='ltr'>συλλειτουργῶν,</span> <span class='ocrx_word' id='word_1_71' title='bbox 1178 1290 1302 1348; x_wconf 77' lang='grc' dir='ltr'>οὐδὶ</span> <span class='ocrx_word' id='word_1_72' title='bbox 1361 1289 1671 1366; x_wconf 87' lang='grc' dir='ltr'>μετεκλήθη</span> <span class='ocrx_word' id='word_1_73' title='bbox 1732 1290 1870 1366; x_wconf 83' lang='grc' dir='ltr'>πρὸς</span> <span class='ocrx_word' id='word_1_74' title='bbox 1895 1288 1994 1356; x_wconf 74' lang='grc' dir='ltr'>τήν</span> 
     </span>
    </p>
   </div>
   <div class='ocr_carea' id='block_1_14' title="bbox 335 1377 1996 1464">
    <p class='ocr_par' dir='ltr' id='par_1_14' title="bbox 335 1377 1996 1464">
     <span class='ocr_line' id='line_1_14' title="bbox 335 1377 1996 1464; baseline -0.005 -23"><span class='ocrx_word' id='word_1_75' title='bbox 335 1389 516 1464; x_wconf 81' lang='grc' dir='ltr'>ψῆφον</span> <span class='ocrx_word' id='word_1_76' title='bbox 566 1383 713 1460; x_wconf 86' lang='grc' dir='ltr'>παρά</span> <span class='ocrx_word' id='word_1_77' title='bbox 758 1403 933 1455; x_wconf 91' lang='grc' dir='ltr'>τινος,</span> <span class='ocrx_word' id='word_1_78' title='bbox 965 1383 1055 1438; x_wconf 86' lang='grc' dir='ltr'>καὶ</span> <span class='ocrx_word' id='word_1_79' title='bbox 1101 1386 1268 1438; x_wconf 80' lang='grc' dir='ltr'>ταῦτα</span> <span class='ocrx_word' id='word_1_80' title='bbox 1311 1385 1378 1456; x_wconf 77' lang='grc' dir='ltr'>τῇ</span> <span class='ocrx_word' id='word_1_81' title='bbox 1422 1380 1632 1457; x_wconf 83' lang='grc' dir='ltr'>μεγάλῃ</span> <span class='ocrx_word' id='word_1_82' title='bbox 1691 1377 1850 1434; x_wconf 90' lang='grc' dir='ltr'>πόλει</span> <span class='ocrx_word' id='word_1_83' title='bbox 1909 1377 1996 1432; x_wconf 85' lang='grc' dir='ltr'>έν-</span> 
     </span>
    </p>
   </div>
   <div class='ocr_carea' id='block_1_15' title="bbox 337 1465 1994 1548">
    <p class='ocr_par' dir='ltr' id='par_1_15' title="bbox 337 1465 1994 1548">
     <span class='ocr_line' id='line_1_15' title="bbox 337 1465 1994 1548; baseline -0.005 -19"><span class='ocrx_word' id='word_1_84' title='bbox 337 1472 556 1548; x_wconf 79' lang='grc' dir='ltr'>δημῶν,</span> <span class='ocrx_word' id='word_1_85' title='bbox 589 1473 678 1528; x_wconf 84' lang='grc' dir='ltr'>καὶ</span> <span class='ocrx_word' id='word_1_86' title='bbox 709 1477 814 1528; x_wconf 80' lang='grc' dir='ltr'>τῶν</span> <span class='ocrx_word' id='word_1_87' title='bbox 847 1468 1150 1526; x_wconf 79' lang='grc' dir='ltr'>συνοδικῶν</span> <span class='ocrx_word' id='word_1_88' title='bbox 1195 1469 1557 1547; x_wconf 81' lang='grc' dir='ltr'>δικαστηρίων</span> <span class='ocrx_word' id='word_1_89' title='bbox 1617 1469 1694 1542; x_wconf 79' lang='grc' dir='ltr'>μὴ</span> <span class='ocrx_word' id='word_1_90' title='bbox 1752 1465 1994 1540; x_wconf 84' lang='grc' dir='ltr'>ἀπολιμ-</span> 
     </span>
    </p>
   </div>
   <div class='ocr_carea' id='block_1_16' title="bbox 332 1555 1994 1637">
    <p class='ocr_par' dir='ltr' id='par_1_16' title="bbox 332 1555 1994 1637">
     <span class='ocr_line' id='line_1_16' title="bbox 332 1555 1994 1637; baseline -0.006 -17"><span class='ocrx_word' id='word_1_91' title='bbox 332 1563 669 1637; x_wconf 85' lang='grc' dir='ltr'>πανόμενος,</span> <span class='ocrx_word' id='word_1_92' title='bbox 698 1562 789 1617; x_wconf 85' lang='grc' dir='ltr'>καὶ</span> <span class='ocrx_word' id='word_1_93' title='bbox 814 1565 920 1616; x_wconf 81' lang='grc' dir='ltr'>τῶν</span> <span class='ocrx_word' id='word_1_94' title='bbox 955 1559 1163 1622; x_wconf 76' lang='grc' dir='ltr'>λοιπῶν</span> <span class='ocrx_word' id='word_1_95' title='bbox 1198 1559 1580 1616; x_wconf 87' lang='grc' dir='ltr'>συνελεύσεων·</span> <span class='ocrx_word' id='word_1_96' title='bbox 1614 1557 1700 1614; x_wconf 81' lang='grc' dir='ltr'>ἐπὶ</span> <span class='ocrx_word' id='word_1_97' title='bbox 1764 1555 1820 1612; x_wconf 79' lang='grc' dir='ltr'>δὲ</span> <span class='ocrx_word' id='word_1_98' title='bbox 1876 1561 1994 1619; x_wconf 86' lang='grc' dir='ltr'>ταῖς</span> 
     </span>
    </p>
   </div>
   <div class='ocr_carea' id='block_1_17' title="bbox 337 1645 1992 1732">
    <p class='ocr_par' dir='ltr' id='par_1_17' title="bbox 337 1645 1992 1732">
     <span class='ocr_line' id='line_1_17' title="bbox 337 1645 1992 1732; baseline -0.006 -22"><span class='ocrx_word' id='word_1_99' title='bbox 337 1655 548 1732; x_wconf 79' lang='grc' dir='ltr'>ψήφοις</span> <span class='ocrx_word' id='word_1_100' title='bbox 601 1653 712 1708; x_wconf 82' lang='grc' dir='ltr'>τῶν</span> <span class='ocrx_word' id='word_1_101' title='bbox 766 1652 964 1728; x_wconf 66' lang='grc' dir='ltr'>ἑτέρων</span> <span class='ocrx_word' id='word_1_102' title='bbox 1017 1654 1183 1726; x_wconf 83' lang='grc' dir='ltr'>τριῶν</span> <span class='ocrx_word' id='word_1_103' title='bbox 1245 1647 1608 1720; x_wconf 82' lang='grc' dir='ltr'>Ἐκκλησιῶν,</span> <span class='ocrx_word' id='word_1_104' title='bbox 1659 1645 1992 1724; x_wconf 68' lang='grc' dir='ltr'>Δυρραχίου,</span> 
     </span>
    </p>
   </div>
   <div class='ocr_carea' id='block_1_18' title="bbox 334 1735 1995 1815">
    <p class='ocr_par' dir='ltr' id='par_1_18' title="bbox 334 1735 1995 1815">
     <span class='ocr_line' id='line_1_18' title="bbox 334 1735 1995 1815; baseline -0.006 -16"><span class='ocrx_word' id='word_1_105' title='bbox 334 1739 600 1812; x_wconf 79' lang='grc' dir='ltr'>Μιλήτου</span> <span class='ocrx_word' id='word_1_106' title='bbox 680 1740 773 1796; x_wconf 88' lang='grc' dir='ltr'>καὶ</span> <span class='ocrx_word' id='word_1_107' title='bbox 852 1737 1414 1815; x_wconf 79' lang='grc' dir='ltr'>Χριστιανουπόλεως,</span> <span class='ocrx_word' id='word_1_108' title='bbox 1493 1735 1739 1808; x_wconf 82' lang='grc' dir='ltr'>δοθείσης</span> <span class='ocrx_word' id='word_1_109' title='bbox 1816 1736 1995 1807; x_wconf 87' lang='grc' dir='ltr'>τούτῳ</span> 
     </span>
    </p>
   </div>
   <div class='ocr_carea' id='block_1_19' title="bbox 333 1824 1995 1902">
    <p class='ocr_par' dir='ltr' id='par_1_19' title="bbox 333 1824 1995 1902">
     <span class='ocr_line' id='line_1_19' title="bbox 333 1824 1995 1902; baseline -0.005 -16"><span class='ocrx_word' id='word_1_110' title='bbox 333 1829 619 1902; x_wconf 81' lang='grc' dir='ltr'>εἶδήσεως,</span> <span class='ocrx_word' id='word_1_111' title='bbox 667 1830 758 1885; x_wconf 81' lang='grc' dir='ltr'>καὶ</span> <span class='ocrx_word' id='word_1_112' title='bbox 803 1829 969 1884; x_wconf 79' lang='grc' dir='ltr'>αὐτοῦ</span> <span class='ocrx_word' id='word_1_113' title='bbox 1013 1827 1388 1902; x_wconf 70' lang='grc' dir='ltr'>ποιησαμένου</span> <span class='ocrx_word' id='word_1_114' title='bbox 1443 1825 1740 1900; x_wconf 85' lang='grc' dir='ltr'>ἀπόλογον,</span> <span class='ocrx_word' id='word_1_115' title='bbox 1769 1825 1856 1880; x_wconf 82' lang='grc' dir='ltr'>καὶ</span> <span class='ocrx_word' id='word_1_116' title='bbox 1917 1824 1995 1878; x_wconf 77' lang='grc' dir='ltr'>έν-</span> 
     </span>
    </p>
   </div>
   <div class='ocr_carea' id='block_1_20' title="bbox 2112 663 3763 737">
    <p class='ocr_par' dir='ltr' id='par_1_20' title="bbox 2112 663 3763 737">
     <span class='ocr_line' id='line_1_20' title="bbox 2112 663 3763 737; baseline -0.004 -16"><span class='ocrx_word' id='word_1_117' title='bbox 2112 667 2511 731; x_wconf 89' lang='lat' dir='ltr'>advocatione,</span> <span class='ocrx_word' id='word_1_118' title='bbox 2592 669 2802 737; x_wconf 85' lang='lat' dir='ltr'>praeter</span> <span class='ocrx_word' id='word_1_119' title='bbox 2873 681 3126 720; x_wconf 80' lang='lat' dir='ltr'>canones</span> <span class='ocrx_word' id='word_1_120' title='bbox 3198 663 3401 719; x_wconf 81' lang='lat' dir='ltr'>electio</span> <span class='ocrx_word' id='word_1_121' title='bbox 3468 663 3763 735; x_wconf 82' lang='lat' dir='ltr'>procedat.</span> 
     </span>
    </p>
   </div>
   <div class='ocr_carea' id='block_1_21' title="bbox 2109 751 3765 826">
    <p class='ocr_par' dir='ltr' id='par_1_21' title="bbox 2109 751 3765 826">
     <span class='ocr_line' id='line_1_21' title="bbox 2109 751 3765 826; baseline -0.002 -17"><span class='ocrx_word' id='word_1_122' title='bbox 2109 755 2291 820; x_wconf 84' lang='lat' dir='ltr'>Quale</span> <span class='ocrx_word' id='word_1_123' title='bbox 2323 757 2566 826; x_wconf 89' lang='lat' dir='ltr'>quidam</span> <span class='ocrx_word' id='word_1_124' title='bbox 2629 756 2965 809; x_wconf 85' lang='lat' dir='ltr'>usuvenerit</span> <span class='ocrx_word' id='word_1_125' title='bbox 3023 755 3199 809; x_wconf 86' lang='lat' dir='ltr'>etiam</span> <span class='ocrx_word' id='word_1_126' title='bbox 3259 753 3319 808; x_wconf 89' lang='lat' dir='ltr'>in</span> <span class='ocrx_word' id='word_1_127' title='bbox 3381 751 3765 809; x_wconf 89' lang='lat' dir='ltr'>electionibus</span> 
     </span>
    </p>
   </div>
   <div class='ocr_carea' id='block_1_22' title="bbox 2109 842 3768 916">
    <p class='ocr_par' dir='ltr' id='par_1_22' title="bbox 2109 842 3768 916">
     <span class='ocr_line' id='line_1_22' title="bbox 2109 842 3768 916; baseline -0.004 -14"><span class='ocrx_word' id='word_1_128' title='bbox 2109 845 2487 902; x_wconf 79' lang='lat' dir='ltr'>ecclesiarum</span> <span class='ocrx_word' id='word_1_129' title='bbox 2550 842 3132 916; x_wconf 58' lang='lat' dir='ltr'>quaindicabantur.</span> <span class='ocrx_word' id='word_1_130' title='bbox 3189 844 3466 914; x_wconf 84' lang='lat' dir='ltr'>Adeoque</span> <span class='ocrx_word' id='word_1_131' title='bbox 3524 847 3768 914; x_wconf 69' lang='lat' dir='ltr'>praeten-</span> 
     </span>
    </p>
   </div>
   <div class='ocr_carea' id='block_1_23' title="bbox 2110 932 3766 1005">
    <p class='ocr_par' dir='ltr' id='par_1_23' title="bbox 2110 932 3766 1005">
     <span class='ocr_line' id='line_1_23' title="bbox 2110 932 3766 1005; baseline -0.001 -18"><span class='ocrx_word' id='word_1_132' title='bbox 2110 935 2304 1005; x_wconf 83' lang='lat' dir='ltr'>debat,</span> <span class='ocrx_word' id='word_1_133' title='bbox 2339 934 2398 989; x_wconf 88' lang='lat' dir='ltr'>in</span> <span class='ocrx_word' id='word_1_134' title='bbox 2451 932 2736 989; x_wconf 83' lang='lat' dir='ltr'>electione</span> <span class='ocrx_word' id='word_1_135' title='bbox 2793 932 3328 1005; x_wconf 86' lang='lat' dir='ltr'>Claudiopolitana,</span> <span class='ocrx_word' id='word_1_136' title='bbox 3379 938 3436 987; x_wconf 91' lang='lat' dir='ltr'>et</span> <span class='ocrx_word' id='word_1_137' title='bbox 3491 935 3766 1002; x_wconf 65' lang='lat' dir='ltr'>Marones,</span> 
     </span>
    </p>
   </div>
   <div class='ocr_carea' id='block_1_24' title="bbox 2109 1028 3770 1103">
    <p class='ocr_par' dir='ltr' id='par_1_24' title="bbox 2109 1028 3770 1103">
     <span class='ocr_line' id='line_1_24' title="bbox 2109 1028 3770 1103; baseline -0.002 -16"><span class='ocrx_word' id='word_1_138' title='bbox 2109 1031 2335 1087; x_wconf 89' lang='lat' dir='ltr'>nullam</span> <span class='ocrx_word' id='word_1_139' title='bbox 2371 1049 2612 1103; x_wconf 81' lang='lat' dir='ltr'>prorsus</span> <span class='ocrx_word' id='word_1_140' title='bbox 2647 1031 2737 1086; x_wconf 90' lang='lat' dir='ltr'>sui</span> <span class='ocrx_word' id='word_1_141' title='bbox 2773 1030 3062 1087; x_wconf 88' lang='lat' dir='ltr'>rationem</span> <span class='ocrx_word' id='word_1_142' title='bbox 3095 1031 3357 1086; x_wconf 77' lang='lat' dir='ltr'>habitam</span> <span class='ocrx_word' id='word_1_143' title='bbox 3381 1049 3415 1086; x_wconf 89' lang='lat' dir='ltr'>a</span> <span class='ocrx_word' id='word_1_144' title='bbox 3461 1028 3770 1086; x_wconf 87' lang='lat' dir='ltr'>confratri-</span> 
     </span>
    </p>
   </div>
   <div class='ocr_carea' id='block_1_25' title="bbox 2108 1119 3771 1192">
    <p class='ocr_par' dir='ltr' id='par_1_25' title="bbox 2108 1119 3771 1192">
     <span class='ocr_line' id='line_1_25' title="bbox 2108 1119 3771 1192; baseline -0.002 -14"><span class='ocrx_word' id='word_1_145' title='bbox 2108 1122 2220 1178; x_wconf 90' lang='lat' dir='ltr'>bus</span> <span class='ocrx_word' id='word_1_146' title='bbox 2244 1126 2298 1178; x_wconf 91' lang='lat' dir='ltr'>et</span> <span class='ocrx_word' id='word_1_147' title='bbox 2328 1120 2756 1177; x_wconf 89' lang='lat' dir='ltr'>comministris</span> <span class='ocrx_word' id='word_1_148' title='bbox 2785 1121 2934 1187; x_wconf 89' lang='lat' dir='ltr'>suis,</span> <span class='ocrx_word' id='word_1_149' title='bbox 2968 1120 3069 1192; x_wconf 89' lang='lat' dir='ltr'>qui</span> <span class='ocrx_word' id='word_1_150' title='bbox 3100 1138 3229 1176; x_wconf 88' lang='lat' dir='ltr'>eam</span> <span class='ocrx_word' id='word_1_151' title='bbox 3255 1119 3602 1176; x_wconf 88' lang='lat' dir='ltr'>electionem</span> <span class='ocrx_word' id='word_1_152' title='bbox 3640 1135 3771 1174; x_wconf 93' lang='lat' dir='ltr'>con-</span> 
     </span>
    </p>
   </div>
   <div class='ocr_carea' id='block_1_26' title="bbox 2108 1207 3768 1282">
    <p class='ocr_par' dir='ltr' id='par_1_26' title="bbox 2108 1207 3768 1282">
     <span class='ocr_line' id='line_1_26' title="bbox 2108 1207 3768 1282; baseline -0.002 -16"><span class='ocrx_word' id='word_1_153' title='bbox 2108 1209 2429 1276; x_wconf 79' lang='lat' dir='ltr'>fecissent;</span> <span class='ocrx_word' id='word_1_154' title='bbox 2463 1226 2567 1266; x_wconf 89' lang='lat' dir='ltr'>nec</span> <span class='ocrx_word' id='word_1_155' title='bbox 2599 1226 2661 1266; x_wconf 89' lang='lat' dir='ltr'>se</span> <span class='ocrx_word' id='word_1_156' title='bbox 2691 1227 2723 1265; x_wconf 93' lang='lat' dir='ltr'>a</span> <span class='ocrx_word' id='word_1_157' title='bbox 2773 1226 3069 1282; x_wconf 88' lang='lat' dir='ltr'>quoquam</span> <span class='ocrx_word' id='word_1_158' title='bbox 3103 1211 3175 1266; x_wconf 89' lang='lat' dir='ltr'>ad</span> <span class='ocrx_word' id='word_1_159' title='bbox 3206 1226 3336 1265; x_wconf 90' lang='lat' dir='ltr'>eam</span> <span class='ocrx_word' id='word_1_160' title='bbox 3395 1207 3768 1274; x_wconf 83' lang='lat' dir='ltr'>arcessitum,</span> 
     </span>
    </p>
   </div>
   <div class='ocr_carea' id='block_1_27' title="bbox 2108 1297 3770 1371">
    <p class='ocr_par' dir='ltr' id='par_1_27' title="bbox 2108 1297 3770 1371">
     <span class='ocr_line' id='line_1_27' title="bbox 2108 1297 3770 1371; baseline -0.002 -17"><span class='ocrx_word' id='word_1_161' title='bbox 2108 1316 2242 1355; x_wconf 90' lang='lat' dir='ltr'>cum</span> <span class='ocrx_word' id='word_1_162' title='bbox 2277 1299 2517 1371; x_wconf 86' lang='lat' dir='ltr'>quidem</span> <span class='ocrx_word' id='word_1_163' title='bbox 2543 1299 2602 1354; x_wconf 90' lang='lat' dir='ltr'>in</span> <span class='ocrx_word' id='word_1_164' title='bbox 2634 1299 2778 1354; x_wconf 85' lang='lat' dir='ltr'>urbe</span> <span class='ocrx_word' id='word_1_165' title='bbox 2810 1299 3064 1368; x_wconf 79' lang='lat' dir='ltr'>degeret,</span> <span class='ocrx_word' id='word_1_166' title='bbox 3097 1315 3202 1354; x_wconf 87' lang='lat' dir='ltr'>nec</span> <span class='ocrx_word' id='word_1_167' title='bbox 3233 1317 3267 1354; x_wconf 92' lang='lat' dir='ltr'>a</span> <span class='ocrx_word' id='word_1_168' title='bbox 3322 1297 3616 1371; x_wconf 89' lang='lat' dir='ltr'>synodicis</span> <span class='ocrx_word' id='word_1_169' title='bbox 3667 1297 3770 1352; x_wconf 90' lang='lat' dir='ltr'>tri-</span> 
     </span>
    </p>
   </div>
   <div class='ocr_carea' id='block_1_28' title="bbox 2106 1387 3768 1460">
    <p class='ocr_par' dir='ltr' id='par_1_28' title="bbox 2106 1387 3768 1460">
     <span class='ocr_line' id='line_1_28' title="bbox 2106 1387 3768 1460; baseline -0.001 -16"><span class='ocrx_word' id='word_1_170' title='bbox 2106 1388 2428 1445; x_wconf 89' lang='lat' dir='ltr'>bunalibus</span> <span class='ocrx_word' id='word_1_171' title='bbox 2459 1389 2801 1460; x_wconf 72' lang='lat' dir='ltr'>caaterisque</span> <span class='ocrx_word' id='word_1_172' title='bbox 2831 1389 3250 1460; x_wconf 88' lang='lat' dir='ltr'>congressibus</span> <span class='ocrx_word' id='word_1_173' title='bbox 3277 1393 3466 1443; x_wconf 86' lang='lat' dir='ltr'>semet</span> <span class='ocrx_word' id='word_1_174' title='bbox 3505 1387 3768 1443; x_wconf 89' lang='lat' dir='ltr'>abstine-</span> 
     </span>
    </p>
   </div>
   <div class='ocr_carea' id='block_1_29' title="bbox 2108 1475 3765 1534">
    <p class='ocr_par' dir='ltr' id='par_1_29' title="bbox 2108 1475 3765 1534">
     <span class='ocr_line' id='line_1_29' title="bbox 2108 1475 3765 1534; baseline -0.001 -2"><span class='ocrx_word' id='word_1_175' title='bbox 2108 1482 2217 1534; x_wconf 88' lang='lat' dir='ltr'>ret.</span> <span class='ocrx_word' id='word_1_176' title='bbox 2252 1479 2311 1533; x_wconf 90' lang='lat' dir='ltr'>ln</span> <span class='ocrx_word' id='word_1_177' title='bbox 2349 1476 2734 1533; x_wconf 88' lang='lat' dir='ltr'>electionibus</span> <span class='ocrx_word' id='word_1_178' title='bbox 2769 1481 2965 1531; x_wconf 91' lang='lat' dir='ltr'>autem</span> <span class='ocrx_word' id='word_1_179' title='bbox 2998 1477 3248 1532; x_wconf 87' lang='lat' dir='ltr'>aliarum</span> <span class='ocrx_word' id='word_1_180' title='bbox 3282 1477 3461 1532; x_wconf 89' lang='lat' dir='ltr'>trium</span> <span class='ocrx_word' id='word_1_181' title='bbox 3492 1475 3765 1532; x_wconf 90' lang='lat' dir='ltr'>ecclesia-</span> 
     </span>
    </p>
   </div>
   <div class='ocr_carea' id='block_1_30' title="bbox 2104 1564 3765 1638">
    <p class='ocr_par' dir='ltr' id='par_1_30' title="bbox 2104 1564 3765 1638">
     <span class='ocr_line' id='line_1_30' title="bbox 2104 1564 3765 1638; baseline -0.002 -15"><span class='ocrx_word' id='word_1_182' title='bbox 2104 1583 2259 1636; x_wconf 87' lang='lat' dir='ltr'>rum,</span> <span class='ocrx_word' id='word_1_183' title='bbox 2293 1565 2659 1638; x_wconf 81' lang='lat' dir='ltr'>Dyrrhachii,</span> <span class='ocrx_word' id='word_1_184' title='bbox 2722 1565 2908 1621; x_wconf 85' lang='lat' dir='ltr'>Mileti</span> <span class='ocrx_word' id='word_1_185' title='bbox 2967 1570 3024 1621; x_wconf 91' lang='lat' dir='ltr'>et</span> <span class='ocrx_word' id='word_1_186' title='bbox 3072 1564 3580 1637; x_wconf 89' lang='lat' dir='ltr'>Christianopolis,</span> <span class='ocrx_word' id='word_1_187' title='bbox 3630 1581 3765 1620; x_wconf 90' lang='lat' dir='ltr'>cum</span> 
     </span>
    </p>
   </div>
   <div class='ocr_carea' id='block_1_31' title="bbox 2105 1654 3765 1727">
    <p class='ocr_par' dir='ltr' id='par_1_31' title="bbox 2105 1654 3765 1727">
     <span class='ocr_line' id='line_1_31' title="bbox 2105 1654 3765 1727; baseline -0.002 -15"><span class='ocrx_word' id='word_1_188' title='bbox 2105 1673 2198 1712; x_wconf 89' lang='lat' dir='ltr'>res</span> <span class='ocrx_word' id='word_1_189' title='bbox 2227 1656 2279 1712; x_wconf 90' lang='lat' dir='ltr'>ei</span> <span class='ocrx_word' id='word_1_190' title='bbox 2307 1655 2654 1712; x_wconf 86' lang='lat' dir='ltr'>denuntiata</span> <span class='ocrx_word' id='word_1_191' title='bbox 2685 1656 2910 1723; x_wconf 86' lang='lat' dir='ltr'>fuisset,</span> <span class='ocrx_word' id='word_1_192' title='bbox 2941 1660 3118 1726; x_wconf 89' lang='lat' dir='ltr'>atque</span> <span class='ocrx_word' id='word_1_193' title='bbox 3150 1655 3275 1727; x_wconf 89' lang='lat' dir='ltr'>ipse</span> <span class='ocrx_word' id='word_1_194' title='bbox 3324 1654 3765 1726; x_wconf 85' lang='lat' dir='ltr'>responsionem</span> 
     </span>
    </p>
   </div>
   <div class='ocr_carea' id='block_1_32' title="bbox 2105 1743 3765 1817">
    <p class='ocr_par' dir='ltr' id='par_1_32' title="bbox 2105 1743 3765 1817">
     <span class='ocr_line' id='line_1_32' title="bbox 2105 1743 3765 1817; baseline -0.002 -17"><span class='ocrx_word' id='word_1_195' title='bbox 2105 1745 2501 1814; x_wconf 85' lang='lat' dir='ltr'>instituisset;</span> <span class='ocrx_word' id='word_1_196' title='bbox 2553 1761 2619 1801; x_wconf 83' lang='lat' dir='ltr'>ac</span> <span class='ocrx_word' id='word_1_197' title='bbox 2679 1745 2986 1800; x_wconf 84' lang='lat' dir='ltr'>manifeste</span> <span class='ocrx_word' id='word_1_198' title='bbox 3047 1745 3406 1817; x_wconf 83' lang='lat' dir='ltr'>diserteque,</span> <span class='ocrx_word' id='word_1_199' title='bbox 3459 1743 3595 1816; x_wconf 89' lang='lat' dir='ltr'>quid</span> <span class='ocrx_word' id='word_1_200' title='bbox 3652 1743 3765 1798; x_wconf 90' lang='lat' dir='ltr'>sibi</span> 
     </span>
    </p>
   </div>
   <div class='ocr_carea' id='block_1_33' title="bbox 2103 1833 3764 1906">
    <p class='ocr_par' dir='ltr' id='par_1_33' title="bbox 2103 1833 3764 1906">
     <span class='ocr_line' id='line_1_33' title="bbox 2103 1833 3764 1906; baseline -0.002 -16"><span class='ocrx_word' id='word_1_201' title='bbox 2103 1833 2461 1906; x_wconf 85' lang='lat' dir='ltr'>displiceret,</span> <span class='ocrx_word' id='word_1_202' title='bbox 2493 1834 2887 1903; x_wconf 88' lang='lat' dir='ltr'>ostendisset;</span> <span class='ocrx_word' id='word_1_203' title='bbox 2921 1834 3196 1905; x_wconf 90' lang='lat' dir='ltr'>quodque</span> <span class='ocrx_word' id='word_1_204' title='bbox 3235 1834 3544 1890; x_wconf 90' lang='lat' dir='ltr'>subortum</span> <span class='ocrx_word' id='word_1_205' title='bbox 3607 1835 3764 1888; x_wconf 88' lang='lat' dir='ltr'>esset</span> 
     </span>
    </p>
   </div>
   <div class='ocr_carea' id='block_1_34' title="bbox 336 1910 2007 2016">
    <p class='ocr_par' dir='ltr' id='par_1_34' title="bbox 336 1910 1993 2016">
     <span class='ocr_line' id='line_1_34' title="bbox 336 1910 1993 2016; baseline -0.005 -40"><span class='ocrx_word' id='word_1_206' title='bbox 336 1917 654 1993; x_wconf 72' lang='grc' dir='ltr'>δειξαμένου</span> <span class='ocrx_word' id='word_1_207' title='bbox 703 1921 947 1996; x_wconf 80' lang='grc' dir='ltr'>φανερῶς</span> <span class='ocrx_word' id='word_1_208' title='bbox 995 1917 1445 1996; x_wconf 81' lang='grc' dir='ltr'>ἀποπεφασμένον</span> <span class='ocrx_word' id='word_1_209' title='bbox 1494 1917 1557 1972; x_wconf 88' lang='grc' dir='ltr'>τὸ</span> <span class='ocrx_word' id='word_1_210' title='bbox 1604 1910 1993 2016; x_wconf 33' lang='grc' dir='ltr'>ταύτῳκδυσα-</span> 
     </span>
    </p>
   </div>
   <div class='ocr_carea' id='block_1_35' title="bbox 2118 1910 3765 2016">
    <p class='ocr_par' dir='ltr' id='par_1_35' title="bbox 2118 1923 3765 1995">
     <span class='ocr_line' id='line_1_35' title="bbox 2118 1923 3765 1995; baseline -0.001 -17"><span class='ocrx_word' id='word_1_211' title='bbox 2118 1927 2256 1994; x_wconf 81' lang='lat' dir='ltr'>nter</span> <span class='ocrx_word' id='word_1_212' title='bbox 2315 1941 2378 1980; x_wconf 91' lang='lat' dir='ltr'>se</span> <span class='ocrx_word' id='word_1_213' title='bbox 2436 1924 2803 1995; x_wconf 87' lang='lat' dir='ltr'>fratrumque</span> <span class='ocrx_word' id='word_1_214' title='bbox 2861 1927 3095 1988; x_wconf 73' lang='lat' dir='ltr'>cmtum,</span> <span class='ocrx_word' id='word_1_215' title='bbox 3148 1940 3216 1979; x_wconf 86' lang='lat' dir='ltr'>ex</span> <span class='ocrx_word' id='word_1_216' title='bbox 3248 1923 3338 1980; x_wconf 89' lang='lat' dir='ltr'>sui</span> <span class='ocrx_word' id='word_1_217' title='bbox 3395 1927 3765 1994; x_wconf 88' lang='lat' dir='ltr'>contemptu,</span> 
     </span>
    </p>
   </div>
   <div class='ocr_carea' id='block_1_36' title="bbox 340 2001 1993 2084">
    <p class='ocr_par' dir='ltr' id='par_1_36' title="bbox 340 2001 1993 2084">
     <span class='ocr_line' id='line_1_36' title="bbox 340 2001 1993 2084; baseline -0.005 -20"><span class='ocrx_word' id='word_1_218' title='bbox 340 2008 722 2084; x_wconf 87' lang='grc' dir='ltr'>ρεστούμενον,</span> <span class='ocrx_word' id='word_1_219' title='bbox 753 2009 843 2063; x_wconf 83' lang='grc' dir='ltr'>καὶ</span> <span class='ocrx_word' id='word_1_220' title='bbox 881 2007 943 2064; x_wconf 86' lang='grc' dir='ltr'>τὸ</span> <span class='ocrx_word' id='word_1_221' title='bbox 995 2008 1154 2081; x_wconf 78' lang='grc' dir='ltr'>μέσον</span> <span class='ocrx_word' id='word_1_222' title='bbox 1202 2005 1364 2062; x_wconf 78' lang='grc' dir='ltr'>αὐτοῦ</span> <span class='ocrx_word' id='word_1_223' title='bbox 1405 2027 1464 2062; x_wconf 89' lang='grc' dir='ltr'>τε</span> <span class='ocrx_word' id='word_1_224' title='bbox 1504 2005 1594 2060; x_wconf 80' lang='grc' dir='ltr'>καὶ</span> <span class='ocrx_word' id='word_1_225' title='bbox 1621 2009 1722 2070; x_wconf 82' lang='grc' dir='ltr'>τῆς</span> <span class='ocrx_word' id='word_1_226' title='bbox 1760 2001 1993 2078; x_wconf 81' lang='grc' dir='ltr'>ἀδελφό-</span> 
     </span>
    </p>
   </div>
   <div class='ocr_carea' id='block_1_37' title="bbox 331 2093 2002 2174">
    <p class='ocr_par' dir='ltr' id='par_1_37' title="bbox 331 2093 2002 2174">
     <span class='ocr_line' id='line_1_37' title="bbox 331 2093 2002 2174; baseline -0.005 -20"><span class='ocrx_word' id='word_1_227' title='bbox 331 2119 506 2169; x_wconf 87' lang='grc' dir='ltr'>τητος</span> <span class='ocrx_word' id='word_1_228' title='bbox 564 2096 655 2153; x_wconf 80' lang='grc' dir='ltr'>διὰ</span> <span class='ocrx_word' id='word_1_229' title='bbox 731 2098 830 2166; x_wconf 74' lang='grc' dir='ltr'>τὴν</span> <span class='ocrx_word' id='word_1_230' title='bbox 909 2097 1300 2174; x_wconf 80' lang='grc' dir='ltr'>περιφρόνησιν</span> <span class='ocrx_word' id='word_1_231' title='bbox 1362 2094 1684 2167; x_wconf 76' lang='grc' dir='ltr'>σκάνδαλον,</span> <span class='ocrx_word' id='word_1_232' title='bbox 1742 2093 1829 2148; x_wconf 82' lang='grc' dir='ltr'>καὶ</span> <span class='ocrx_word' id='word_1_233' title='bbox 1888 2095 2002 2147; x_wconf 77' lang='grc' dir='ltr'>οἷον</span> 
     </span>
    </p>
   </div>
   <div class='ocr_carea' id='block_1_38' title="bbox 332 2180 2004 2262">
    <p class='ocr_par' dir='ltr' id='par_1_38' title="bbox 332 2180 2004 2262">
     <span class='ocr_line' id='line_1_38' title="bbox 332 2180 2004 2262; baseline -0.005 -19"><span class='ocrx_word' id='word_1_234' title='bbox 332 2188 692 2249; x_wconf 80' lang='grc' dir='ltr'>ἀπαιτοῦντος</span> <span class='ocrx_word' id='word_1_235' title='bbox 741 2187 841 2256; x_wconf 75' lang='grc' dir='ltr'>τὴν</span> <span class='ocrx_word' id='word_1_236' title='bbox 895 2185 1118 2262; x_wconf 77' lang='grc' dir='ltr'>εΐρήνην</span> <span class='ocrx_word' id='word_1_237' title='bbox 1169 2186 1258 2240; x_wconf 85' lang='grc' dir='ltr'>καὶ</span> <span class='ocrx_word' id='word_1_238' title='bbox 1309 2187 1408 2254; x_wconf 75' lang='grc' dir='ltr'>τὴν</span> <span class='ocrx_word' id='word_1_239' title='bbox 1455 2184 1737 2258; x_wconf 84' lang='grc' dir='ltr'>ὁμόνοιαν,</span> <span class='ocrx_word' id='word_1_240' title='bbox 1780 2184 1832 2237; x_wconf 75' lang='grc' dir='ltr'>οἱ</span> <span class='ocrx_word' id='word_1_241' title='bbox 1874 2180 2004 2237; x_wconf 83' lang='grc' dir='ltr'>τού-</span> 
     </span>
    </p>
   </div>
   <div class='ocr_carea' id='block_1_39' title="bbox 325 2270 2001 2353">
    <p class='ocr_par' dir='ltr' id='par_1_39' title="bbox 325 2270 2001 2353">
     <span class='ocr_line' id='line_1_39' title="bbox 325 2270 2001 2353; baseline -0.004 -20"><span class='ocrx_word' id='word_1_242' title='bbox 325 2299 429 2332; x_wconf 88' lang='grc' dir='ltr'>του</span> <span class='ocrx_word' id='word_1_243' title='bbox 483 2273 809 2353; x_wconf 81' lang='grc' dir='ltr'>συνάδελφοι</span> <span class='ocrx_word' id='word_1_244' title='bbox 858 2276 1004 2349; x_wconf 76' lang='grc' dir='ltr'>παρὰ</span> <span class='ocrx_word' id='word_1_245' title='bbox 1053 2273 1259 2352; x_wconf 75' lang='grc' dir='ltr'>φαῦλον</span> <span class='ocrx_word' id='word_1_246' title='bbox 1317 2270 1500 2338; x_wconf 80' lang='grc' dir='ltr'>ἔθεντο</span> <span class='ocrx_word' id='word_1_247' title='bbox 1550 2275 1637 2329; x_wconf 83' lang='grc' dir='ltr'>καὶ</span> <span class='ocrx_word' id='word_1_248' title='bbox 1704 2271 2001 2349; x_wconf 74' lang='grc' dir='ltr'>ἀπεῤῥάπι-</span> 
     </span>
    </p>
   </div>
   <div class='ocr_carea' id='block_1_40' title="bbox 328 2361 2005 2439">
    <p class='ocr_par' dir='ltr' id='par_1_40' title="bbox 328 2361 2005 2439">
     <span class='ocr_line' id='line_1_40' title="bbox 328 2361 2005 2439; baseline -0.004 -17"><span class='ocrx_word' id='word_1_249' title='bbox 328 2387 425 2422; x_wconf 86' lang='grc' dir='ltr'>σαν</span> <span class='ocrx_word' id='word_1_250' title='bbox 487 2367 587 2435; x_wconf 79' lang='grc' dir='ltr'>τὴν</span> <span class='ocrx_word' id='word_1_251' title='bbox 660 2365 946 2438; x_wconf 82' lang='grc' dir='ltr'>ἀπόκρισιν</span> <span class='ocrx_word' id='word_1_252' title='bbox 983 2382 994 2394; x_wconf 92' lang='grc'><strong>·</strong></span> <span class='ocrx_word' id='word_1_253' title='bbox 1058 2362 1149 2419; x_wconf 83' lang='grc' dir='ltr'>καὶ</span> <span class='ocrx_word' id='word_1_254' title='bbox 1227 2363 1708 2439; x_wconf 84' lang='grc' dir='ltr'>ἀποσχοινίσαντες</span> <span class='ocrx_word' id='word_1_255' title='bbox 1781 2361 2005 2417; x_wconf 70' lang='grc' dir='ltr'>ἑαυτοὺς</span> 
     </span>
    </p>
   </div>
   <div class='ocr_carea' id='block_1_41' title="bbox 325 2459 1996 2544">
    <p class='ocr_par' dir='ltr' id='par_1_41' title="bbox 325 2459 1996 2544">
     <span class='ocr_line' id='line_1_41' title="bbox 325 2459 1996 2544; baseline -0.003 -25"><span class='ocrx_word' id='word_1_256' title='bbox 325 2465 508 2544; x_wconf 85' lang='grc' dir='ltr'>χωρὶς</span> <span class='ocrx_word' id='word_1_257' title='bbox 558 2471 657 2534; x_wconf 81' lang='grc' dir='ltr'>τῆς</span> <span class='ocrx_word' id='word_1_258' title='bbox 705 2464 870 2518; x_wconf 75' lang='grc' dir='ltr'>αὐτοῦ</span> <span class='ocrx_word' id='word_1_259' title='bbox 919 2462 1218 2538; x_wconf 80' lang='grc' dir='ltr'>παρουσίας</span> <span class='ocrx_word' id='word_1_260' title='bbox 1266 2463 1357 2518; x_wconf 78' lang='grc' dir='ltr'>καὶ</span> <span class='ocrx_word' id='word_1_261' title='bbox 1422 2459 1605 2537; x_wconf 78' lang='grc' dir='ltr'>ἒτέρας</span> <span class='ocrx_word' id='word_1_262' title='bbox 1656 2462 1804 2523; x_wconf 81' lang='grc' dir='ltr'>τινὸς</span> <span class='ocrx_word' id='word_1_263' title='bbox 1865 2461 1996 2515; x_wconf 83' lang='grc' dir='ltr'>ὑπο-</span> 
     </span>
    </p>
   </div>
   <div class='ocr_carea' id='block_1_42' title="bbox 341 2547 2002 2629">
    <p class='ocr_par' dir='ltr' id='par_1_42' title="bbox 341 2547 2002 2629">
     <span class='ocr_line' id='line_1_42' title="bbox 341 2547 2002 2629; baseline -0.003 -21"><span class='ocrx_word' id='word_1_264' title='bbox 341 2556 620 2629; x_wconf 80' lang='grc' dir='ltr'>μνήσεως,</span> <span class='ocrx_word' id='word_1_265' title='bbox 652 2552 784 2608; x_wconf 84' lang='grc' dir='ltr'>κάπὶ</span> <span class='ocrx_word' id='word_1_266' title='bbox 814 2551 1035 2614; x_wconf 79' lang='grc' dir='ltr'>ταύταις</span> <span class='ocrx_word' id='word_1_267' title='bbox 1063 2556 1183 2614; x_wconf 88' lang='grc' dir='ltr'>ταῖς</span> <span class='ocrx_word' id='word_1_268' title='bbox 1212 2549 1560 2621; x_wconf 83' lang='grc' dir='ltr'>Ἐκκλησίαις</span> <span class='ocrx_word' id='word_1_269' title='bbox 1599 2551 1726 2612; x_wconf 77' lang='grc' dir='ltr'>τοὺς</span> <span class='ocrx_word' id='word_1_270' title='bbox 1772 2547 2002 2605; x_wconf 79' lang='grc' dir='ltr'>δοκοῦν-</span> 
     </span>
    </p>
   </div>
   <div class='ocr_carea' id='block_1_43' title="bbox 331 2639 2003 2721">
    <p class='ocr_par' dir='ltr' id='par_1_43' title="bbox 331 2639 2003 2721">
     <span class='ocr_line' id='line_1_43' title="bbox 331 2639 2003 2721; baseline -0.003 -21"><span class='ocrx_word' id='word_1_271' title='bbox 331 2665 435 2707; x_wconf 83' lang='grc' dir='ltr'>τας</span> <span class='ocrx_word' id='word_1_272' title='bbox 475 2643 663 2705; x_wconf 78' lang='grc' dir='ltr'>αὐτοῖς</span> <span class='ocrx_word' id='word_1_273' title='bbox 694 2642 1048 2721; x_wconf 79' lang='grc' dir='ltr'>ἐψηφίσαντο.</span> <span class='ocrx_word' id='word_1_274' title='bbox 1080 2643 1204 2699; x_wconf 77' lang='grc' dir='ltr'>’Ὁτι</span> <span class='ocrx_word' id='word_1_275' title='bbox 1254 2645 1380 2717; x_wconf 76' lang='grc' dir='ltr'>γοῦν</span> <span class='ocrx_word' id='word_1_276' title='bbox 1428 2641 1480 2695; x_wconf 83' lang='lat' dir='ltr'>oi</span> <span class='ocrx_word' id='word_1_277' title='bbox 1531 2645 1664 2704; x_wconf 88' lang='grc' dir='ltr'>θεῖοι</span> <span class='ocrx_word' id='word_1_278' title='bbox 1716 2639 1804 2694; x_wconf 84' lang='grc' dir='ltr'>καὶ</span> <span class='ocrx_word' id='word_1_279' title='bbox 1865 2639 2003 2715; x_wconf 82' lang='grc' dir='ltr'>ἰεροὶ</span> 
     </span>
    </p>
   </div>
   <div class='ocr_carea' id='block_1_44' title="bbox 325 2729 2000 2810">
    <p class='ocr_par' dir='ltr' id='par_1_44' title="bbox 325 2729 2000 2810">
     <span class='ocr_line' id='line_1_44' title="bbox 325 2729 2000 2810; baseline -0.004 -19"><span class='ocrx_word' id='word_1_280' title='bbox 325 2733 552 2797; x_wconf 85' lang='grc' dir='ltr'>κανόνες</span> <span class='ocrx_word' id='word_1_281' title='bbox 597 2734 694 2796; x_wconf 76' lang='grc' dir='ltr'>τὰς</span> <span class='ocrx_word' id='word_1_282' title='bbox 742 2732 996 2795; x_wconf 75' lang='grc' dir='ltr'>τοιαύτας</span> <span class='ocrx_word' id='word_1_283' title='bbox 1057 2735 1295 2810; x_wconf 70' lang='grc' dir='ltr'>ψήφους</span> <span class='ocrx_word' id='word_1_284' title='bbox 1336 2729 1840 2805; x_wconf 83' lang='grc' dir='ltr'>ἀποδοκιμάζοντες</span> <span class='ocrx_word' id='word_1_285' title='bbox 1905 2751 2000 2801; x_wconf 87' lang='grc' dir='ltr'>με-</span> 
     </span>
    </p>
   </div>
   <div class='ocr_carea' id='block_1_45' title="bbox 338 2819 2006 2899">
    <p class='ocr_par' dir='ltr' id='par_1_45' title="bbox 338 2819 2006 2899">
     <span class='ocr_line' id='line_1_45' title="bbox 338 2819 2006 2899; baseline -0.005 -20"><span class='ocrx_word' id='word_1_286' title='bbox 338 2827 623 2899; x_wconf 85' lang='grc' dir='ltr'>μισήκασι,</span> <span class='ocrx_word' id='word_1_287' title='bbox 655 2822 950 2898; x_wconf 82' lang='grc' dir='ltr'>προτίθησι</span> <span class='ocrx_word' id='word_1_288' title='bbox 1003 2821 1142 2885; x_wconf 83' lang='grc' dir='ltr'>τέως</span> <span class='ocrx_word' id='word_1_289' title='bbox 1198 2822 1266 2877; x_wconf 81' lang='grc' dir='ltr'>τὰ</span> <span class='ocrx_word' id='word_1_290' title='bbox 1312 2821 1440 2898; x_wconf 81' lang='grc' dir='ltr'>περὶ</span> <span class='ocrx_word' id='word_1_291' title='bbox 1484 2820 1701 2894; x_wconf 89' lang='grc' dir='ltr'>τούτου,</span> <span class='ocrx_word' id='word_1_292' title='bbox 1732 2821 1821 2875; x_wconf 87' lang='grc' dir='ltr'>καὶ</span> <span class='ocrx_word' id='word_1_293' title='bbox 1875 2819 2006 2874; x_wconf 76' lang='grc' dir='ltr'>τοὺς</span> 
     </span>
    </p>
   </div>
   <div class='ocr_carea' id='block_1_46' title="bbox 343 2905 2005 2986">
    <p class='ocr_par' dir='ltr' id='par_1_46' title="bbox 343 2905 2005 2986">
     <span class='ocr_line' id='line_1_46' title="bbox 343 2905 2005 2986; baseline -0.002 -18"><span class='ocrx_word' id='word_1_294' title='bbox 343 2913 573 2975; x_wconf 83' lang='grc' dir='ltr'>κακόνας</span> <span class='ocrx_word' id='word_1_295' title='bbox 630 2909 1036 2986; x_wconf 89' lang='grc' dir='ltr'>παρακλητεύει</span> <span class='ocrx_word' id='word_1_296' title='bbox 1112 2910 1595 2986; x_wconf 82' lang='grc' dir='ltr'>ἀναγινώσκεσθαι,</span> <span class='ocrx_word' id='word_1_297' title='bbox 1655 2908 1847 2973; x_wconf 71' lang='grc' dir='ltr'>ο⁹ίτινες</span> <span class='ocrx_word' id='word_1_298' title='bbox 1915 2905 2005 2964; x_wconf 70' lang='grc' dir='ltr'>καὶ</span> 
     </span>
    </p>
   </div>
   <div class='ocr_carea' id='block_1_47' title="bbox 349 2998 2005 3076">
    <p class='ocr_par' dir='ltr' id='par_1_47' title="bbox 349 2998 2005 3076">
     <span class='ocr_line' id='line_1_47' title="bbox 349 2998 2005 3076; baseline -0.003 -19"><span class='ocrx_word' id='word_1_299' title='bbox 349 3003 476 3076; x_wconf 76' lang='grc' dir='ltr'>παρ’</span> <span class='ocrx_word' id='word_1_300' title='bbox 526 2999 689 3057; x_wconf 66' lang='grc' dir='ltr'>αὐτοῦ⁹</span> <span class='ocrx_word' id='word_1_301' title='bbox 749 2998 1054 3062; x_wconf 76' lang='grc' dir='ltr'>έκδοθέντες</span> <span class='ocrx_word' id='word_1_302' title='bbox 1110 2999 1196 3055; x_wconf 82' lang='grc' dir='ltr'>ἐπὶ</span> <span class='ocrx_word' id='word_1_303' title='bbox 1255 3004 1353 3054; x_wconf 77' lang='grc' dir='ltr'>τοῦ</span> <span class='ocrx_word' id='word_1_304' title='bbox 1417 3001 1580 3074; x_wconf 81' lang='grc' dir='ltr'>μέσου</span> <span class='ocrx_word' id='word_1_305' title='bbox 1649 3000 1784 3054; x_wconf 80' lang='grc' dir='ltr'>κατὰ</span> <span class='ocrx_word' id='word_1_306' title='bbox 1855 2998 2005 3074; x_wconf 78' lang='grc' dir='ltr'>ῥῆμα</span> 
     </span>
    </p>
   </div>
   <div class='ocr_carea' id='block_1_48' title="bbox 354 3087 2005 3168">
    <p class='ocr_par' dir='ltr' id='par_1_48' title="bbox 354 3087 2005 3168">
     <span class='ocr_line' id='line_1_48' title="bbox 354 3087 2005 3168; baseline -0.004 -22"><span class='ocrx_word' id='word_1_307' title='bbox 354 3091 852 3168; x_wconf 83' lang='grc' dir='ltr'>ὑπανεγνώσθησαν.</span> <span class='ocrx_word' id='word_1_308' title='bbox 915 3095 1006 3144; x_wconf 84' lang='grc' dir='ltr'>Ὧν</span> <span class='ocrx_word' id='word_1_309' title='bbox 1067 3091 1095 3144; x_wconf 98' lang='lat'>6</span> <span class='ocrx_word' id='word_1_310' title='bbox 1155 3090 1248 3162; x_wconf 73' lang='grc' dir='ltr'>μὲν</span> <span class='ocrx_word' id='word_1_311' title='bbox 1311 3092 1388 3154; x_wconf 78' lang='grc' dir='ltr'>εἷς</span> <span class='ocrx_word' id='word_1_312' title='bbox 1445 3087 1490 3144; x_wconf 91' lang='grc' dir='ltr'>δ’</span> <span class='ocrx_word' id='word_1_313' title='bbox 1546 3090 1614 3158; x_wconf 76' lang='grc' dir='ltr'>ἦν</span> <span class='ocrx_word' id='word_1_314' title='bbox 1677 3089 1847 3143; x_wconf 87' lang='grc' dir='ltr'>κανὼν</span> <span class='ocrx_word' id='word_1_315' title='bbox 1905 3093 2005 3156; x_wconf 78' lang='grc' dir='ltr'>τῆς</span> 
     </span>
    </p>
   </div>
   <div class='ocr_carea' id='block_1_49' title="bbox 345 3174 2003 3256">
    <p class='ocr_par' dir='ltr' id='par_1_49' title="bbox 345 3174 2003 3256">
     <span class='ocr_line' id='line_1_49' title="bbox 345 3174 2003 3256; baseline -0.004 -21"><span class='ocrx_word' id='word_1_316' title='bbox 345 3181 504 3256; x_wconf 86' lang='grc' dir='ltr'>ἁγίας</span> <span class='ocrx_word' id='word_1_317' title='bbox 555 3179 645 3237; x_wconf 76' lang='grc' dir='ltr'>καί</span> <span class='ocrx_word' id='word_1_318' title='bbox 703 3180 1089 3253; x_wconf 78' lang='grc' dir='ltr'>οἶκουμενικῆς</span> <span class='ocrx_word' id='word_1_319' title='bbox 1146 3180 1191 3233; x_wconf 85' lang='grc' dir='ltr'>α’</span> <span class='ocrx_word' id='word_1_320' title='bbox 1222 3176 1498 3249; x_wconf 62' lang='grc' dir='ltr'>ξσυνόδου,</span> <span class='ocrx_word' id='word_1_321' title='bbox 1549 3177 1690 3234; x_wconf 81' lang='grc' dir='ltr'>οὕτω</span> <span class='ocrx_word' id='word_1_322' title='bbox 1768 3174 1952 3247; x_wconf 82' lang='grc' dir='ltr'>δεξιών</span> <span class='ocrx_word' id='word_1_323' title='bbox 1991 3183 2003 3197; x_wconf 91' lang='grc'><strong>⁰</strong></span> 
     </span>
    </p>
   </div>
   <div class='ocr_carea' id='block_1_50' title="bbox 342 3266 2004 3346">
    <p class='ocr_par' dir='ltr' id='par_1_50' title="bbox 342 3266 2004 3346">
     <span class='ocr_line' id='line_1_50' title="bbox 342 3266 2004 3346; baseline -0.004 -21"><span class='ocrx_word' id='word_1_324' title='bbox 342 3293 371 3322; x_wconf 81' lang='grc' dir='ltr'>ι(</span> <span class='ocrx_word' id='word_1_325' title='bbox 424 3271 757 3326; x_wconf 85' lang='grc' dir='ltr'>Ἐπίσκοπον</span> <span class='ocrx_word' id='word_1_326' title='bbox 830 3271 1098 3346; x_wconf 85' lang='grc' dir='ltr'>προσήκει</span> <span class='ocrx_word' id='word_1_327' title='bbox 1161 3266 1398 3342; x_wconf 88' lang='grc' dir='ltr'>μάλιστα</span> <span class='ocrx_word' id='word_1_328' title='bbox 1475 3266 1568 3340; x_wconf 73' lang='grc' dir='ltr'>μὲν</span> <span class='ocrx_word' id='word_1_329' title='bbox 1631 3268 1732 3321; x_wconf 83' lang='grc' dir='ltr'>ὑπὸ</span> <span class='ocrx_word' id='word_1_330' title='bbox 1789 3266 2004 3321; x_wconf 89' lang='grc' dir='ltr'>πάντων</span> 
     </span>
    </p>
   </div>
   <div class='ocr_carea' id='block_1_51' title="bbox 2114 2011 3767 2085">
    <p class='ocr_par' dir='ltr' id='par_1_51' title="bbox 2114 2011 3767 2085">
     <span class='ocr_line' id='line_1_51' title="bbox 2114 2011 3767 2085; baseline -0.001 -16"><span class='ocrx_word' id='word_1_331' title='bbox 2114 2013 2484 2080; x_wconf 83' lang='lat' dir='ltr'>scandalum,</span> <span class='ocrx_word' id='word_1_332' title='bbox 2545 2013 2833 2085; x_wconf 80' lang='lat' dir='ltr'>quasique</span> <span class='ocrx_word' id='word_1_333' title='bbox 2908 2029 3111 2085; x_wconf 91' lang='lat' dir='ltr'>pacem</span> <span class='ocrx_word' id='word_1_334' title='bbox 3161 2016 3216 2068; x_wconf 88' lang='lat' dir='ltr'>et</span> <span class='ocrx_word' id='word_1_335' title='bbox 3269 2013 3642 2069; x_wconf 83' lang='lat' dir='ltr'>concordiam</span> <span class='ocrx_word' id='word_1_336' title='bbox 3695 2011 3767 2067; x_wconf 90' lang='lat' dir='ltr'>ab</span> 
     </span>
    </p>
   </div>
   <div class='ocr_carea' id='block_1_52' title="bbox 2114 2101 3770 2175">
    <p class='ocr_par' dir='ltr' id='par_1_52' title="bbox 2114 2101 3770 2175">
     <span class='ocr_line' id='line_1_52' title="bbox 2114 2101 3770 2175; baseline 0 -19"><span class='ocrx_word' id='word_1_337' title='bbox 2114 2103 2199 2158; x_wconf 90' lang='lat' dir='ltr'>eis</span> <span class='ocrx_word' id='word_1_338' title='bbox 2229 2103 2588 2175; x_wconf 86' lang='lat' dir='ltr'>requireret:</span> <span class='ocrx_word' id='word_1_339' title='bbox 2622 2103 2945 2157; x_wconf 82' lang='lat' dir='ltr'>confratres</span> <span class='ocrx_word' id='word_1_340' title='bbox 2980 2119 3119 2157; x_wconf 90' lang='lat' dir='ltr'>suos</span> <span class='ocrx_word' id='word_1_341' title='bbox 3153 2102 3206 2156; x_wconf 90' lang='lat' dir='ltr'>id</span> <span class='ocrx_word' id='word_1_342' title='bbox 3242 2117 3595 2173; x_wconf 87' lang='lat' dir='ltr'>responsum</span> <span class='ocrx_word' id='word_1_343' title='bbox 3628 2101 3770 2156; x_wconf 84' lang='lat' dir='ltr'>ﬂoc-</span> 
     </span>
    </p>
   </div>
   <div class='ocr_carea' id='block_1_53' title="bbox 2115 2191 3773 2264">
    <p class='ocr_par' dir='ltr' id='par_1_53' title="bbox 2115 2191 3773 2264">
     <span class='ocr_line' id='line_1_53' title="bbox 2115 2191 3773 2264; baseline -0.001 -18"><span class='ocrx_word' id='word_1_344' title='bbox 2115 2193 2398 2257; x_wconf 86' lang='lat' dir='ltr'>cifecisse,</span> <span class='ocrx_word' id='word_1_345' title='bbox 2433 2196 2610 2264; x_wconf 89' lang='lat' dir='ltr'>atque</span> <span class='ocrx_word' id='word_1_346' title='bbox 2642 2191 2920 2247; x_wconf 90' lang='lat' dir='ltr'>habuisse</span> <span class='ocrx_word' id='word_1_347' title='bbox 2950 2191 3241 2260; x_wconf 89' lang='lat' dir='ltr'>ludibrio;</span> <span class='ocrx_word' id='word_1_348' title='bbox 3277 2208 3530 2263; x_wconf 91' lang='lat' dir='ltr'>cumque</span> <span class='ocrx_word' id='word_1_349' title='bbox 3586 2193 3773 2245; x_wconf 89' lang='lat' dir='ltr'>semet</span> 
     </span>
    </p>
   </div>
   <div class='ocr_carea' id='block_1_54' title="bbox 2116 2279 3771 2352">
    <p class='ocr_par' dir='ltr' id='par_1_54' title="bbox 2116 2279 3771 2352">
     <span class='ocr_line' id='line_1_54' title="bbox 2116 2279 3771 2352; baseline -0.002 -16"><span class='ocrx_word' id='word_1_350' title='bbox 2116 2282 2187 2337; x_wconf 91' lang='lat' dir='ltr'>ab</span> <span class='ocrx_word' id='word_1_351' title='bbox 2220 2298 2285 2336; x_wconf 89' lang='lat' dir='ltr'>eo</span> <span class='ocrx_word' id='word_1_352' title='bbox 2312 2281 2759 2352; x_wconf 80' lang='lat' dir='ltr'>disjunxissent,</span> <span class='ocrx_word' id='word_1_353' title='bbox 2796 2298 2910 2335; x_wconf 89' lang='lat' dir='ltr'>non</span> <span class='ocrx_word' id='word_1_354' title='bbox 2945 2281 3368 2336; x_wconf 85' lang='lat' dir='ltr'>interveniente</span> <span class='ocrx_word' id='word_1_355' title='bbox 3399 2279 3588 2350; x_wconf 87' lang='lat' dir='ltr'>ipsius</span> <span class='ocrx_word' id='word_1_356' title='bbox 3622 2296 3771 2351; x_wconf 66' lang='lat' dir='ltr'>prae-</span> 
     </span>
    </p>
   </div>
   <div class='ocr_carea' id='block_1_55' title="bbox 2114 2367 3772 2441">
    <p class='ocr_par' dir='ltr' id='par_1_55' title="bbox 2114 2367 3772 2441">
     <span class='ocr_line' id='line_1_55' title="bbox 2114 2367 3772 2441; baseline -0.001 -16"><span class='ocrx_word' id='word_1_357' title='bbox 2114 2370 2324 2436; x_wconf 86' lang='lat' dir='ltr'>sentia,</span> <span class='ocrx_word' id='word_1_358' title='bbox 2385 2387 2489 2425; x_wconf 91' lang='lat' dir='ltr'>nec</span> <span class='ocrx_word' id='word_1_359' title='bbox 2540 2369 2656 2425; x_wconf 87' lang='lat' dir='ltr'>alia</span> <span class='ocrx_word' id='word_1_360' title='bbox 2715 2369 2992 2441; x_wconf 86' lang='lat' dir='ltr'>quapiam</span> <span class='ocrx_word' id='word_1_361' title='bbox 3042 2369 3526 2435; x_wconf 88' lang='lat' dir='ltr'>commonitione,</span> <span class='ocrx_word' id='word_1_362' title='bbox 3584 2367 3644 2423; x_wconf 92' lang='lat' dir='ltr'>in</span> <span class='ocrx_word' id='word_1_363' title='bbox 3677 2368 3772 2423; x_wconf 90' lang='lat' dir='ltr'>his</span> 
     </span>
    </p>
   </div>
   <div class='ocr_carea' id='block_1_56' title="bbox 2113 2456 3773 2530">
    <p class='ocr_par' dir='ltr' id='par_1_56' title="bbox 2113 2456 3773 2530">
     <span class='ocr_line' id='line_1_56' title="bbox 2113 2456 3773 2530; baseline -0.002 -15"><span class='ocrx_word' id='word_1_364' title='bbox 2113 2459 2289 2515; x_wconf 88' lang='lat' dir='ltr'>etiam</span> <span class='ocrx_word' id='word_1_365' title='bbox 2337 2459 2599 2515; x_wconf 88' lang='lat' dir='ltr'>ecclesiis</span> <span class='ocrx_word' id='word_1_366' title='bbox 2652 2476 2750 2514; x_wconf 91' lang='lat' dir='ltr'>eos</span> <span class='ocrx_word' id='word_1_367' title='bbox 2799 2476 2944 2530; x_wconf 90' lang='lat' dir='ltr'>quos</span> <span class='ocrx_word' id='word_1_368' title='bbox 2995 2459 3140 2530; x_wconf 84' lang='lat' dir='ltr'>ipsis</span> <span class='ocrx_word' id='word_1_369' title='bbox 3173 2457 3362 2513; x_wconf 89' lang='lat' dir='ltr'>visum</span> <span class='ocrx_word' id='word_1_370' title='bbox 3396 2458 3627 2525; x_wconf 82' lang='lat' dir='ltr'>fuisset,</span> <span class='ocrx_word' id='word_1_371' title='bbox 3655 2456 3773 2512; x_wconf 90' lang='lat' dir='ltr'>ele-</span> 
     </span>
    </p>
   </div>
   <div class='ocr_carea' id='block_1_57' title="bbox 2114 2545 3774 2621">
    <p class='ocr_par' dir='ltr' id='par_1_57' title="bbox 2114 2545 3774 2621">
     <span class='ocr_line' id='line_1_57' title="bbox 2114 2545 3774 2621; baseline -0.002 -18"><span class='ocrx_word' id='word_1_372' title='bbox 2114 2549 2286 2621; x_wconf 88' lang='lat' dir='ltr'>gisse.</span> <span class='ocrx_word' id='word_1_373' title='bbox 2353 2549 2513 2613; x_wconf 89' lang='lat' dir='ltr'>Quod</span> <span class='ocrx_word' id='word_1_374' title='bbox 2576 2553 2770 2603; x_wconf 89' lang='lat' dir='ltr'>autem</span> <span class='ocrx_word' id='word_1_375' title='bbox 2828 2547 3006 2602; x_wconf 89' lang='lat' dir='ltr'>divini</span> <span class='ocrx_word' id='word_1_376' title='bbox 3068 2547 3339 2618; x_wconf 88' lang='lat' dir='ltr'>sacrique</span> <span class='ocrx_word' id='word_1_377' title='bbox 3371 2562 3625 2602; x_wconf 88' lang='lat' dir='ltr'>canones</span> <span class='ocrx_word' id='word_1_378' title='bbox 3657 2545 3774 2601; x_wconf 90' lang='lat' dir='ltr'>hu-</span> 
     </span>
    </p>
   </div>
   <div class='ocr_carea' id='block_1_58' title="bbox 2113 2633 3773 2710">
    <p class='ocr_par' dir='ltr' id='par_1_58' title="bbox 2113 2633 3773 2710">
     <span class='ocr_line' id='line_1_58' title="bbox 2113 2633 3773 2710; baseline -0.004 -16"><span class='ocrx_word' id='word_1_379' title='bbox 2113 2639 2371 2710; x_wconf 79' lang='lat' dir='ltr'>iusmodi</span> <span class='ocrx_word' id='word_1_380' title='bbox 2413 2637 2727 2694; x_wconf 87' lang='lat' dir='ltr'>electiones</span> <span class='ocrx_word' id='word_1_381' title='bbox 2770 2635 3086 2707; x_wconf 85' lang='lat' dir='ltr'>rejiciendo</span> <span class='ocrx_word' id='word_1_382' title='bbox 3119 2635 3472 2708; x_wconf 88' lang='lat' dir='ltr'>improbent,</span> <span class='ocrx_word' id='word_1_383' title='bbox 3505 2633 3562 2689; x_wconf 90' lang='lat' dir='ltr'>id</span> <span class='ocrx_word' id='word_1_384' title='bbox 3595 2633 3773 2689; x_wconf 91' lang='lat' dir='ltr'>etiam</span> 
     </span>
    </p>
   </div>
   <div class='ocr_carea' id='block_1_59' title="bbox 2113 2723 3764 2796">
    <p class='ocr_par' dir='ltr' id='par_1_59' title="bbox 2113 2723 3764 2796">
     <span class='ocr_line' id='line_1_59' title="bbox 2113 2723 3764 2796; baseline -0.002 -15"><span class='ocrx_word' id='word_1_385' title='bbox 2113 2727 2173 2781; x_wconf 90' lang='lat' dir='ltr'>in</span> <span class='ocrx_word' id='word_1_386' title='bbox 2215 2726 2474 2782; x_wconf 88' lang='lat' dir='ltr'>medium</span> <span class='ocrx_word' id='word_1_387' title='bbox 2509 2725 2853 2794; x_wconf 88' lang='lat' dir='ltr'>adducebat,</span> <span class='ocrx_word' id='word_1_388' title='bbox 2880 2729 3060 2796; x_wconf 87' lang='lat' dir='ltr'>utque</span> <span class='ocrx_word' id='word_1_389' title='bbox 3105 2741 3361 2780; x_wconf 90' lang='lat' dir='ltr'>canones</span> <span class='ocrx_word' id='word_1_390' title='bbox 3411 2723 3764 2794; x_wconf 79' lang='lat' dir='ltr'>legerentur,</span> 
     </span>
    </p>
   </div>
   <div class='ocr_carea' id='block_1_60' title="bbox 2115 2811 3769 2886">
    <p class='ocr_par' dir='ltr' id='par_1_60' title="bbox 2115 2811 3769 2886">
     <span class='ocr_line' id='line_1_60' title="bbox 2115 2811 3769 2886; baseline -0.003 -15"><span class='ocrx_word' id='word_1_391' title='bbox 2115 2816 2490 2872; x_wconf 86' lang='lat' dir='ltr'>obsecrabat:</span> <span class='ocrx_word' id='word_1_392' title='bbox 2526 2815 2625 2886; x_wconf 90' lang='lat' dir='ltr'>qui</span> <span class='ocrx_word' id='word_1_393' title='bbox 2652 2815 2890 2886; x_wconf 87' lang='lat' dir='ltr'>quidem</span> <span class='ocrx_word' id='word_1_394' title='bbox 2925 2816 2995 2869; x_wconf 88' lang='lat' dir='ltr'>ab</span> <span class='ocrx_word' id='word_1_395' title='bbox 3028 2832 3094 2870; x_wconf 87' lang='lat' dir='ltr'>eo</span> <span class='ocrx_word' id='word_1_396' title='bbox 3128 2814 3185 2868; x_wconf 87' lang='lat' dir='ltr'>in</span> <span class='ocrx_word' id='word_1_397' title='bbox 3219 2812 3481 2869; x_wconf 89' lang='lat' dir='ltr'>medium</span> <span class='ocrx_word' id='word_1_398' title='bbox 3501 2811 3769 2878; x_wconf 79' lang='lat' dir='ltr'>exhibiti,</span> 
     </span>
    </p>
   </div>
   <div class='ocr_carea' id='block_1_61' title="bbox 2116 2904 3766 2969">
    <p class='ocr_par' dir='ltr' id='par_1_61' title="bbox 2116 2904 3766 2969">
     <span class='ocr_line' id='line_1_61' title="bbox 2116 2904 3766 2969; baseline -0.005 -7"><span class='ocrx_word' id='word_1_399' title='bbox 2116 2906 2188 2962; x_wconf 91' lang='lat' dir='ltr'>ad</span> <span class='ocrx_word' id='word_1_400' title='bbox 2219 2906 2459 2960; x_wconf 86' lang='lat' dir='ltr'>verbum</span> <span class='ocrx_word' id='word_1_401' title='bbox 2513 2904 2710 2960; x_wconf 89' lang='lat' dir='ltr'>relecti</span> <span class='ocrx_word' id='word_1_402' title='bbox 2767 2904 3028 2958; x_wconf 89' lang='lat' dir='ltr'>fuerunt.</span> <span class='ocrx_word' id='word_1_403' title='bbox 3091 2904 3306 2957; x_wconf 86' lang='lat' dir='ltr'>Eorum</span> <span class='ocrx_word' id='word_1_404' title='bbox 3340 2918 3516 2969; x_wconf 89' lang='lat' dir='ltr'>unus,</span> <span class='ocrx_word' id='word_1_405' title='bbox 3553 2905 3766 2956; x_wconf 82' lang='lat' dir='ltr'>sanctae</span> 
     </span>
    </p>
   </div>
   <div class='ocr_carea' id='block_1_62' title="bbox 2118 2991 3776 3064">
    <p class='ocr_par' dir='ltr' id='par_1_62' title="bbox 2118 2991 3776 3064">
     <span class='ocr_line' id='line_1_62' title="bbox 2118 2991 3776 3064; baseline -0.004 -15"><span class='ocrx_word' id='word_1_406' title='bbox 2118 3011 2183 3049; x_wconf 88' lang='lat' dir='ltr'>ac</span> <span class='ocrx_word' id='word_1_407' title='bbox 2213 2993 2563 3049; x_wconf 83' lang='lat' dir='ltr'>universalis</span> <span class='ocrx_word' id='word_1_408' title='bbox 2622 2992 2825 3064; x_wconf 71' lang='lat' dir='ltr'>prima:</span> <span class='ocrx_word' id='word_1_409' title='bbox 2883 2991 3089 3064; x_wconf 82' lang='lat' dir='ltr'>synodi</span> <span class='ocrx_word' id='word_1_410' title='bbox 3133 2995 3380 3063; x_wconf 86' lang='lat' dir='ltr'>quartus</span> <span class='ocrx_word' id='word_1_411' title='bbox 3411 2997 3534 3046; x_wconf 85' lang='lat' dir='ltr'>erat</span> <span class='ocrx_word' id='word_1_412' title='bbox 3564 3005 3776 3055; x_wconf 64' lang='lat' dir='ltr'>canon,</span> 
     </span>
    </p>
   </div>
   <div class='ocr_carea' id='block_1_63' title="bbox 2116 3077 3778 3153">
    <p class='ocr_par' dir='ltr' id='par_1_63' title="bbox 2116 3077 3778 3153">
     <span class='ocr_line' id='line_1_63' title="bbox 2116 3077 3778 3153; baseline -0.004 -15"><span class='ocrx_word' id='word_1_413' title='bbox 2116 3084 2236 3138; x_wconf 68' lang='lat' dir='ltr'>haec</span> <span class='ocrx_word' id='word_1_414' title='bbox 2269 3083 2576 3138; x_wconf 86' lang='lat' dir='ltr'>continens</span> <span class='ocrx_word' id='word_1_415' title='bbox 2605 3099 2618 3138; x_wconf 89' lang='lat'>:</span> <span class='ocrx_word' id='word_1_416' title='bbox 2657 3104 2684 3130; x_wconf 87' lang='lat'><strong>«</strong></span> <span class='ocrx_word' id='word_1_417' title='bbox 2716 3081 3070 3153; x_wconf 89' lang='lat' dir='ltr'>Episcopum</span> <span class='ocrx_word' id='word_1_418' title='bbox 3104 3098 3209 3152; x_wconf 90' lang='lat' dir='ltr'>par</span> <span class='ocrx_word' id='word_1_419' title='bbox 3247 3083 3337 3135; x_wconf 88' lang='lat' dir='ltr'>est</span> <span class='ocrx_word' id='word_1_420' title='bbox 3369 3079 3622 3134; x_wconf 82' lang='lat' dir='ltr'>maxime</span> <span class='ocrx_word' id='word_1_421' title='bbox 3650 3077 3778 3150; x_wconf 90' lang='lat' dir='ltr'>qui-</span> 
     </span>
    </p>
   </div>
   <div class='ocr_carea' id='block_1_64' title="bbox 2119 3167 3770 3242">
    <p class='ocr_par' dir='ltr' id='par_1_64' title="bbox 2119 3167 3770 3242">
     <span class='ocr_line' id='line_1_64' title="bbox 2119 3167 3770 3242; baseline -0.003 -15"><span class='ocrx_word' id='word_1_422' title='bbox 2119 3174 2250 3227; x_wconf 91' lang='lat' dir='ltr'>dem</span> <span class='ocrx_word' id='word_1_423' title='bbox 2283 3173 2356 3228; x_wconf 87' lang='lat' dir='ltr'>ab</span> <span class='ocrx_word' id='word_1_424' title='bbox 2388 3171 2688 3234; x_wconf 84' lang='lat' dir='ltr'>omnibus,</span> <span class='ocrx_word' id='word_1_425' title='bbox 2723 3170 2823 3242; x_wconf 90' lang='lat' dir='ltr'>qui</span> <span class='ocrx_word' id='word_1_426' title='bbox 2862 3175 3002 3226; x_wconf 90' lang='lat' dir='ltr'>sunt</span> <span class='ocrx_word' id='word_1_427' title='bbox 3033 3171 3092 3225; x_wconf 92' lang='lat' dir='ltr'>in</span> <span class='ocrx_word' id='word_1_428' title='bbox 3139 3168 3439 3241; x_wconf 88' lang='lat' dir='ltr'>provincia</span> <span class='ocrx_word' id='word_1_429' title='bbox 3469 3167 3770 3223; x_wconf 87' lang='lat' dir='ltr'>constitui.</span> 
     </span>
    </p>
   </div>
   <div class='ocr_carea' id='block_1_65' title="bbox 2080 3269 3776 3340">
    <p class='ocr_par' dir='ltr' id='par_1_65' title="bbox 2080 3269 3776 3340">
     <span class='ocr_line' id='line_1_65' title="bbox 2080 3269 3776 3340; baseline -0.004 -13"><span class='ocrx_word' id='word_1_430' title='bbox 2080 3301 2084 3308; x_wconf 96' lang='lat'><strong><em>-</em></strong></span> <span class='ocrx_word' id='word_1_431' title='bbox 2120 3272 2220 3334; x_wconf 84' lang='lat' dir='ltr'>Sin</span> <span class='ocrx_word' id='word_1_432' title='bbox 2254 3272 2308 3325; x_wconf 91' lang='lat' dir='ltr'>id</span> <span class='ocrx_word' id='word_1_433' title='bbox 2339 3270 2555 3326; x_wconf 85' lang='lat' dir='ltr'>diﬁcile</span> <span class='ocrx_word' id='word_1_434' title='bbox 2589 3269 2777 3340; x_wconf 80' lang='lat' dir='ltr'>fuerit,</span> <span class='ocrx_word' id='word_1_435' title='bbox 2808 3269 2895 3325; x_wconf 89' lang='lat' dir='ltr'>vel</span> <span class='ocrx_word' id='word_1_436' title='bbox 2949 3277 3185 3340; x_wconf 80' lang='lat' dir='ltr'>propter</span> <span class='ocrx_word' id='word_1_437' title='bbox 3233 3272 3540 3340; x_wconf 89' lang='lat' dir='ltr'>urgentem</span> <span class='ocrx_word' id='word_1_438' title='bbox 3571 3283 3776 3322; x_wconf 88' lang='lat' dir='ltr'>neces-</span> 
     </span>
    </p>
   </div>
   <div class='ocr_carea' id='block_1_66' title="bbox 333 3323 2007 3433">
    <p class='ocr_par' dir='ltr' id='par_1_66' title="bbox 333 3323 2001 3433">
     <span class='ocr_line' id='line_1_66' title="bbox 333 3323 2001 3433; baseline -0.003 -19"><span class='ocrx_word' id='word_1_439' title='bbox 333 3323 686 3433; x_wconf 34' lang='lat' dir='ltr'>cev—teis</span> <span class='ocrx_word' id='word_1_440' title='bbox 746 3323 1393 3433; x_wconf 41' lang='lat' dir='ltr'>lnap‘xiq&#39;mﬁic‘nawat&#39;</span> <span class='ocrx_word' id='word_1_441' title='bbox 1430 3323 1484 3412; x_wconf 79' lang='grc' dir='ltr'>είΙ</span> <span class='ocrx_word' id='word_1_442' title='bbox 1509 3353 1565 3411; x_wconf 71' lang='grc' dir='ltr'>δὲ</span> <span class='ocrx_word' id='word_1_443' title='bbox 1597 3353 1855 3432; x_wconf 69' lang='grc' dir='ltr'>δυσχερὲς</span> <span class='ocrx_word' id='word_1_444' title='bbox 1919 3353 2001 3426; x_wconf 58' lang='grc' dir='ltr'>εἴη</span> 
     </span>
    </p>
   </div>
   <div class='ocr_carea' id='block_1_67' title="bbox 2118 3323 3775 3433">
    <p class='ocr_par' dir='ltr' id='par_1_67' title="bbox 2124 3355 3775 3431">
     <span class='ocr_line' id='line_1_67' title="bbox 2124 3355 3775 3431; baseline -0.003 -14"><span class='ocrx_word' id='word_1_445' title='bbox 2124 3361 2384 3430; x_wconf 77' lang='lat' dir='ltr'>sitatam,</span> <span class='ocrx_word' id='word_1_446' title='bbox 2417 3359 2504 3416; x_wconf 89' lang='lat' dir='ltr'>vel</span> <span class='ocrx_word' id='word_1_447' title='bbox 2539 3361 2610 3415; x_wconf 92' lang='lat' dir='ltr'>ob</span> <span class='ocrx_word' id='word_1_448' title='bbox 2653 3357 3048 3431; x_wconf 82' lang='lat' dir='ltr'>prolixitatem</span> <span class='ocrx_word' id='word_1_449' title='bbox 3080 3357 3330 3428; x_wconf 86' lang='lat' dir='ltr'>itineris,</span> <span class='ocrx_word' id='word_1_450' title='bbox 3363 3361 3503 3412; x_wconf 87' lang='lat' dir='ltr'>tunc</span> <span class='ocrx_word' id='word_1_451' title='bbox 3535 3355 3775 3412; x_wconf 87' lang='lat' dir='ltr'>omnino</span> 
     </span>
    </p>
   </div>
   <div class='ocr_carea' id='block_1_68' title="bbox 328 3441 2002 3522">
    <p class='ocr_par' dir='ltr' id='par_1_68' title="bbox 328 3441 2002 3522">
     <span class='ocr_line' id='line_1_68' title="bbox 328 3441 2002 3522; baseline -0.003 -17"><span class='ocrx_word' id='word_1_452' title='bbox 328 3451 396 3505; x_wconf 88' lang='grc' dir='ltr'>τὸ</span> <span class='ocrx_word' id='word_1_453' title='bbox 470 3452 719 3504; x_wconf 79' lang='grc' dir='ltr'>τοιοῦτον</span> <span class='ocrx_word' id='word_1_454' title='bbox 779 3447 814 3517; x_wconf 76' lang='grc' dir='ltr'><strong>ἢ</strong></span> <span class='ocrx_word' id='word_1_455' title='bbox 872 3446 962 3502; x_wconf 79' lang='grc' dir='ltr'>διὰ</span> <span class='ocrx_word' id='word_1_456' title='bbox 1035 3447 1454 3522; x_wconf 85' lang='grc' dir='ltr'>κατεπείγουσαν</span> <span class='ocrx_word' id='word_1_457' title='bbox 1528 3443 1763 3521; x_wconf 80' lang='grc' dir='ltr'>ἀνάγκην</span> <span class='ocrx_word' id='word_1_458' title='bbox 1823 3444 1859 3514; x_wconf 72' lang='grc' dir='ltr'><strong>ἢ</strong></span> <span class='ocrx_word' id='word_1_459' title='bbox 1913 3441 2002 3500; x_wconf 75' lang='grc' dir='ltr'>διὰ</span> 
     </span>
    </p>
   </div>
   <div class='ocr_carea' id='block_1_69' title="bbox 337 3535 2007 3614">
    <p class='ocr_par' dir='ltr' id='par_1_69' title="bbox 337 3535 2007 3614">
     <span class='ocr_line' id='line_1_69' title="bbox 337 3535 2007 3614; baseline -0.002 -21"><span class='ocrx_word' id='word_1_460' title='bbox 337 3546 518 3614; x_wconf 76' lang='grc' dir='ltr'>μῆκος</span> <span class='ocrx_word' id='word_1_461' title='bbox 577 3536 726 3607; x_wconf 77' lang='grc' dir='ltr'>ὁδοῦ,</span> <span class='ocrx_word' id='word_1_462' title='bbox 759 3536 810 3610; x_wconf 79' lang='grc' dir='ltr'>ἐξ</span> <span class='ocrx_word' id='word_1_463' title='bbox 870 3538 1104 3601; x_wconf 77' lang='grc' dir='ltr'>ἅπαντος</span> <span class='ocrx_word' id='word_1_464' title='bbox 1160 3542 1304 3612; x_wconf 86' lang='grc' dir='ltr'>τρεῖς</span> <span class='ocrx_word' id='word_1_465' title='bbox 1335 3535 1422 3592; x_wconf 77' lang='grc' dir='ltr'>ἐπὶ</span> <span class='ocrx_word' id='word_1_466' title='bbox 1451 3535 1514 3590; x_wconf 87' lang='grc' dir='ltr'>τὸ</span> <span class='ocrx_word' id='word_1_467' title='bbox 1541 3536 1674 3590; x_wconf 82' lang='grc' dir='ltr'>αὐτὸ</span> <span class='ocrx_word' id='word_1_468' title='bbox 1728 3537 2007 3614; x_wconf 62' lang='grc' dir='ltr'>συνηγμέτ</span> 
     </span>
    </p>
   </div>
   <div class='ocr_carea' id='block_1_70' title="bbox 331 3609 2005 3703">
    <p class='ocr_par' dir='ltr' id='par_1_70' title="bbox 331 3609 2005 3703">
     <span class='ocr_line' id='line_1_70' title="bbox 331 3609 2005 3703; baseline -0.004 -19"><span class='ocrx_word' id='word_1_469' title='bbox 331 3650 490 3696; x_wconf 91' lang='grc' dir='ltr'>νους,</span> <span class='ocrx_word' id='word_1_470' title='bbox 548 3629 858 3703; x_wconf 81' lang='grc' dir='ltr'>συμψήφων</span> <span class='ocrx_word' id='word_1_471' title='bbox 909 3625 1214 3700; x_wconf 78' lang='grc' dir='ltr'>γινομένων</span> <span class='ocrx_word' id='word_1_472' title='bbox 1271 3626 1362 3681; x_wconf 83' lang='grc' dir='ltr'>καὶ</span> <span class='ocrx_word' id='word_1_473' title='bbox 1419 3630 1530 3680; x_wconf 84' lang='grc' dir='ltr'>τῶν</span> <span class='ocrx_word' id='word_1_474' title='bbox 1596 3624 1845 3681; x_wconf 87' lang='grc' dir='ltr'>ἀπόντων</span> <span class='ocrx_word' id='word_1_475' title='bbox 1916 3609 2005 3679; x_wconf 75' lang='grc' dir='ltr'>καὶ</span> 
     </span>
    </p>
   </div>
   <div class='ocr_carea' id='block_1_71' title="bbox 337 3713 2018 3793">
    <p class='ocr_par' dir='ltr' id='par_1_71' title="bbox 337 3713 2018 3793">
     <span class='ocr_line' id='line_1_71' title="bbox 337 3713 2018 3793; baseline -0.003 -21"><span class='ocrx_word' id='word_1_476' title='bbox 337 3716 738 3790; x_wconf 74' lang='grc' dir='ltr'>συντιθεμένων</span> <span class='ocrx_word' id='word_1_477' title='bbox 791 3714 880 3771; x_wconf 79' lang='grc' dir='ltr'>διὰ</span> <span class='ocrx_word' id='word_1_478' title='bbox 925 3717 1288 3793; x_wconf 71' lang='grc' dir='ltr'>γραμμάτων,</span> <span class='ocrx_word' id='word_1_479' title='bbox 1337 3715 1462 3771; x_wconf 76' lang='grc' dir='ltr'>τότε</span> <span class='ocrx_word' id='word_1_480' title='bbox 1508 3717 1608 3784; x_wconf 76' lang='grc' dir='ltr'>τὴν</span> <span class='ocrx_word' id='word_1_481' title='bbox 1659 3713 2018 3791; x_wconf 51' lang='grc' dir='ltr'>γειροτονίαν,</span> 
     </span>
    </p>
   </div>
   <div class='ocr_carea' id='block_1_72' title="bbox 338 3801 2013 3880">
    <p class='ocr_par' dir='ltr' id='par_1_72' title="bbox 338 3801 2013 3880">
     <span class='ocr_line' id='line_1_72' title="bbox 338 3801 2013 3880; baseline -0.002 -18"><span class='ocrx_word' id='word_1_482' title='bbox 338 3808 642 3863; x_wconf 83' lang='grc' dir='ltr'>ποιεῖσθαι.</span> <span class='ocrx_word' id='word_1_483' title='bbox 675 3805 752 3862; x_wconf 87' lang='grc' dir='ltr'>Τὸ</span> <span class='ocrx_word' id='word_1_484' title='bbox 785 3803 843 3860; x_wconf 73' lang='grc' dir='ltr'>δὲ</span> <span class='ocrx_word' id='word_1_485' title='bbox 871 3809 1038 3880; x_wconf 75' lang='grc' dir='ltr'>κῦρος</span> <span class='ocrx_word' id='word_1_486' title='bbox 1084 3810 1192 3860; x_wconf 79' lang='grc' dir='ltr'>τῶν</span> <span class='ocrx_word' id='word_1_487' title='bbox 1242 3806 1541 3880; x_wconf 81' lang='grc' dir='ltr'>γινομένων</span> <span class='ocrx_word' id='word_1_488' title='bbox 1590 3802 1834 3860; x_wconf 78' lang='grc' dir='ltr'>δίδοσθαι</span> <span class='ocrx_word' id='word_1_489' title='bbox 1889 3801 2013 3869; x_wconf 81' lang='grc' dir='ltr'>καθ’</span> 
     </span>
    </p>
   </div>
   <div class='ocr_carea' id='block_1_73' title="bbox 340 3891 2011 3970">
    <p class='ocr_par' dir='ltr' id='par_1_73' title="bbox 340 3891 2011 3970">
     <span class='ocr_line' id='line_1_73' title="bbox 340 3891 2011 3970; baseline -0.001 -20"><span class='ocrx_word' id='word_1_490' title='bbox 340 3895 578 3965; x_wconf 65' lang='grc' dir='ltr'>ἑκάστην</span> <span class='ocrx_word' id='word_1_491' title='bbox 623 3893 886 3970; x_wconf 81' lang='grc' dir='ltr'>ἐπαρχίαν</span> <span class='ocrx_word' id='word_1_492' title='bbox 938 3900 1016 3967; x_wconf 80' lang='grc' dir='ltr'>τῷ</span> <span class='ocrx_word' id='word_1_493' title='bbox 1071 3893 1472 3969; x_wconf 80' lang='grc' dir='ltr'>μητροπολίτῃ.</span> <span class='ocrx_word' id='word_1_494' title='bbox 1524 3917 1551 3946; x_wconf 88' lang='grc'>››</span> <span class='ocrx_word' id='word_1_495' title='bbox 1600 3896 1660 3953; x_wconf 90' lang='grc' dir='ltr'>Ὁ</span> <span class='ocrx_word' id='word_1_496' title='bbox 1717 3893 1774 3950; x_wconf 74' lang='grc' dir='ltr'>δὲ</span> <span class='ocrx_word' id='word_1_497' title='bbox 1827 3891 2011 3969; x_wconf 72' lang='grc' dir='ltr'>ἕτερος</span> 
     </span>
    </p>
   </div>
   <div class='ocr_carea' id='block_1_74' title="bbox 340 3981 2010 4059">
    <p class='ocr_par' dir='ltr' id='par_1_74' title="bbox 340 3981 2010 4059">
     <span class='ocr_line' id='line_1_74' title="bbox 340 3981 2010 4059; baseline -0.002 -19"><span class='ocrx_word' id='word_1_498' title='bbox 340 3986 523 4040; x_wconf 83' lang='grc' dir='ltr'>κανὼν</span> <span class='ocrx_word' id='word_1_499' title='bbox 580 3984 646 4054; x_wconf 72' lang='grc' dir='ltr'>ἦν</span> <span class='ocrx_word' id='word_1_500' title='bbox 705 3984 794 4039; x_wconf 82' lang='grc' dir='ltr'>καὶ</span> <span class='ocrx_word' id='word_1_501' title='bbox 853 3983 1010 4047; x_wconf 76' lang='grc' dir='ltr'>αὐτὸς</span> <span class='ocrx_word' id='word_1_502' title='bbox 1056 3985 1120 4046; x_wconf 76' lang='grc' dir='ltr'>ιϐ’¹</span> <span class='ocrx_word' id='word_1_503' title='bbox 1147 3992 1247 4054; x_wconf 83' lang='grc' dir='ltr'>τῆς</span> <span class='ocrx_word' id='word_1_504' title='bbox 1307 3984 1358 4040; x_wconf 76' lang='grc' dir='ltr'>ἐν</span> <span class='ocrx_word' id='word_1_505' title='bbox 1395 3982 1705 4059; x_wconf 79' lang='grc' dir='ltr'>Ἀντιοχείᾳ</span> <span class='ocrx_word' id='word_1_506' title='bbox 1762 3981 2010 4056; x_wconf 79' lang='grc' dir='ltr'>συνόδου,</span> 
     </span>
    </p>
   </div>
   <div class='ocr_carea' id='block_1_75' title="bbox 345 4075 2012 4155">
    <p class='ocr_par' dir='ltr' id='par_1_75' title="bbox 345 4075 2012 4155">
     <span class='ocr_line' id='line_1_75' title="bbox 345 4075 2012 4155; baseline -0.001 -18"><span class='ocrx_word' id='word_1_507' title='bbox 345 4075 742 4153; x_wconf 76' lang='grc' dir='ltr'>διαλαμϐάνων</span> <span class='ocrx_word' id='word_1_508' title='bbox 811 4079 984 4145; x_wconf 75' lang='grc' dir='ltr'>οὕτως</span> <span class='ocrx_word' id='word_1_509' title='bbox 1060 4080 1379 4155; x_wconf 77' lang='grc' dir='ltr'>αὐτολεξεί·</span> <span class='ocrx_word' id='word_1_510' title='bbox 1437 4105 1466 4134; x_wconf 91' lang='grc'>‹‹</span> <span class='ocrx_word' id='word_1_511' title='bbox 1527 4081 1851 4137; x_wconf 84' lang='grc' dir='ltr'>Ἐπίσκοπον</span> <span class='ocrx_word' id='word_1_512' title='bbox 1936 4081 2012 4154; x_wconf 85' lang='grc' dir='ltr'>μὴ</span> 
     </span>
    </p>
   </div>
   <div class='ocr_carea' id='block_1_76' title="bbox 342 4167 2013 4248">
    <p class='ocr_par' dir='ltr' id='par_1_76' title="bbox 342 4167 2013 4248">
     <span class='ocr_line' id='line_1_76' title="bbox 342 4167 2013 4248; baseline -0.001 -23"><span class='ocrx_word' id='word_1_513' title='bbox 342 4172 780 4248; x_wconf 83' lang='grc' dir='ltr'>χειροτονεῖσθαι</span> <span class='ocrx_word' id='word_1_514' title='bbox 810 4167 939 4245; x_wconf 86' lang='grc' dir='ltr'>δίχα</span> <span class='ocrx_word' id='word_1_515' title='bbox 969 4168 1199 4224; x_wconf 89' lang='grc' dir='ltr'>συνόδου</span> <span class='ocrx_word' id='word_1_516' title='bbox 1229 4171 1320 4225; x_wconf 84' lang='grc' dir='ltr'>καὶ</span> <span class='ocrx_word' id='word_1_517' title='bbox 1365 4168 1663 4244; x_wconf 85' lang='grc' dir='ltr'>παρουσίας</span> <span class='ocrx_word' id='word_1_518' title='bbox 1691 4175 1791 4226; x_wconf 81' lang='grc' dir='ltr'>τοῦ</span> <span class='ocrx_word' id='word_1_519' title='bbox 1843 4169 1895 4225; x_wconf 85' lang='grc' dir='ltr'>ἐν</span> <span class='ocrx_word' id='word_1_520' title='bbox 1944 4174 2013 4243; x_wconf 76' lang='grc' dir='ltr'>τῇ</span> 
     </span>
    </p>
   </div>
   <div class='ocr_carea' id='block_1_77' title="bbox 347 4257 2015 4336">
    <p class='ocr_par' dir='ltr' id='par_1_77' title="bbox 347 4257 2015 4336">
     <span class='ocr_line' id='line_1_77' title="bbox 347 4257 2015 4336; baseline -0.001 -21"><span class='ocrx_word' id='word_1_521' title='bbox 347 4258 696 4335; x_wconf 84' lang='grc' dir='ltr'>μητροπόλει</span> <span class='ocrx_word' id='word_1_522' title='bbox 740 4266 841 4329; x_wconf 78' lang='grc' dir='ltr'>τῆς</span> <span class='ocrx_word' id='word_1_523' title='bbox 901 4258 1188 4336; x_wconf 67' lang='grc' dir='ltr'>ἐπαρχίας.</span> <span class='ocrx_word' id='word_1_524' title='bbox 1243 4259 1447 4316; x_wconf 77' lang='grc' dir='ltr'>Τούτου</span> <span class='ocrx_word' id='word_1_525' title='bbox 1513 4259 1571 4315; x_wconf 72' lang='grc' dir='ltr'>δὲ</span> <span class='ocrx_word' id='word_1_526' title='bbox 1639 4260 1906 4336; x_wconf 89' lang='grc' dir='ltr'>παρόντος</span> <span class='ocrx_word' id='word_1_527' title='bbox 1962 4257 2015 4330; x_wconf 81' lang='grc' dir='ltr'><strong>ἐξ</strong></span> 
     </span>
    </p>
   </div>
   <div class='ocr_carea' id='block_1_78' title="bbox 345 4348 2014 4426">
    <p class='ocr_par' dir='ltr' id='par_1_78' title="bbox 345 4348 2014 4426">
     <span class='ocr_line' id='line_1_78' title="bbox 345 4348 2014 4426; baseline -0.002 -20"><span class='ocrx_word' id='word_1_528' title='bbox 345 4351 610 4419; x_wconf 81' lang='grc' dir='ltr'>ἅπαντος,</span> <span class='ocrx_word' id='word_1_529' title='bbox 666 4348 882 4426; x_wconf 87' lang='grc' dir='ltr'>βέλτιον</span> <span class='ocrx_word' id='word_1_530' title='bbox 947 4350 1042 4423; x_wconf 77' lang='grc' dir='ltr'>μὶν</span> <span class='ocrx_word' id='word_1_531' title='bbox 1098 4355 1336 4405; x_wconf 89' lang='grc' dir='ltr'>συνεῖναι</span> <span class='ocrx_word' id='word_1_532' title='bbox 1387 4349 1534 4423; x_wconf 82' lang='grc' dir='ltr'>αύτῷ</span> <span class='ocrx_word' id='word_1_533' title='bbox 1591 4349 1795 4413; x_wconf 80' lang='grc' dir='ltr'>πάντας</span> <span class='ocrx_word' id='word_1_534' title='bbox 1841 4348 1892 4404; x_wconf 80' lang='grc' dir='ltr'>ἐν</span> <span class='ocrx_word' id='word_1_535' title='bbox 1946 4351 2014 4423; x_wconf 80' lang='grc' dir='ltr'>τῇ</span> 
     </span>
    </p>
   </div>
   <div class='ocr_carea' id='block_1_79' title="bbox 347 4436 2012 4517">
    <p class='ocr_par' dir='ltr' id='par_1_79' title="bbox 347 4436 2012 4517">
     <span class='ocr_line' id='line_1_79' title="bbox 347 4436 2012 4517; baseline -0.002 -22"><span class='ocrx_word' id='word_1_536' title='bbox 347 4439 591 4514; x_wconf 80' lang='grc' dir='ltr'>ἐπαρχίᾳ</span> <span class='ocrx_word' id='word_1_537' title='bbox 632 4436 1121 4515; x_wconf 78' lang='grc' dir='ltr'>συλλειτουργοὺς,</span> <span class='ocrx_word' id='word_1_538' title='bbox 1152 4441 1243 4494; x_wconf 87' lang='grc' dir='ltr'>καὶ</span> <span class='ocrx_word' id='word_1_539' title='bbox 1290 4442 1556 4517; x_wconf 85' lang='grc' dir='ltr'>προσήκει</span> <span class='ocrx_word' id='word_1_540' title='bbox 1607 4437 1674 4495; x_wconf 81' lang='grc' dir='ltr'>δι’</span> <span class='ocrx_word' id='word_1_541' title='bbox 1709 4437 2012 4495; x_wconf 75' lang='grc' dir='ltr'>ἐπιστολῶν</span> 
     </span>
    </p>
   </div>
   <div class='ocr_carea' id='block_1_80' title="bbox 341 4527 2016 4605">
    <p class='ocr_par' dir='ltr' id='par_1_80' title="bbox 341 4527 2016 4605">
     <span class='ocr_line' id='line_1_80' title="bbox 341 4527 2016 4605; baseline 0 -21"><span class='ocrx_word' id='word_1_542' title='bbox 341 4529 475 4591; x_wconf 80' lang='grc' dir='ltr'>τοὺς</span> <span class='ocrx_word' id='word_1_543' title='bbox 510 4528 561 4582; x_wconf 73' lang='grc' dir='ltr'>ὲν</span> <span class='ocrx_word' id='word_1_544' title='bbox 592 4532 661 4602; x_wconf 79' lang='grc' dir='ltr'>τῇ</span> <span class='ocrx_word' id='word_1_545' title='bbox 697 4527 1039 4604; x_wconf 88' lang='grc' dir='ltr'>μητροπόλει</span> <span class='ocrx_word' id='word_1_546' title='bbox 1091 4527 1405 4605; x_wconf 87' lang='grc' dir='ltr'>συγκαλεῖν.</span> <span class='ocrx_word' id='word_1_547' title='bbox 1440 4530 1538 4584; x_wconf 78' lang='grc' dir='ltr'>Καὶ</span> <span class='ocrx_word' id='word_1_548' title='bbox 1587 4529 1638 4585; x_wconf 71' lang='grc' dir='ltr'>εἴ</span> <span class='ocrx_word' id='word_1_549' title='bbox 1698 4531 1792 4604; x_wconf 73' lang='grc' dir='ltr'>μὲν</span> <span class='ocrx_word' id='word_1_550' title='bbox 1847 4528 2016 4584; x_wconf 85' lang='grc' dir='ltr'>ἀπαν-</span> 
     </span>
    </p>
   </div>
   <div class='ocr_carea' id='block_1_81' title="bbox 341 4617 2068 4698">
    <p class='ocr_par' dir='ltr' id='par_1_81' title="bbox 341 4617 2068 4698">
     <span class='ocr_line' id='line_1_81' title="bbox 341 4617 2068 4698; baseline -0.002 -21"><span class='ocrx_word' id='word_1_551' title='bbox 341 4626 484 4693; x_wconf 80' lang='grc' dir='ltr'>τῷεν</span> <span class='ocrx_word' id='word_1_552' title='bbox 516 4619 734 4689; x_wconf 77' lang='grc' dir='ltr'>πάντες,</span> <span class='ocrx_word' id='word_1_553' title='bbox 770 4619 1012 4696; x_wconf 76' lang='grc' dir='ltr'>βέλτιονο</span> <span class='ocrx_word' id='word_1_554' title='bbox 1049 4619 1099 4675; x_wconf 74' lang='grc' dir='ltr'>εἷ’</span> <span class='ocrx_word' id='word_1_555' title='bbox 1129 4619 1187 4676; x_wconf 75' lang='grc' dir='ltr'>δὲ</span> <span class='ocrx_word' id='word_1_556' title='bbox 1235 4619 1492 4698; x_wconf 74' lang='grc' dir='ltr'>δυσχερὶς</span> <span class='ocrx_word' id='word_1_557' title='bbox 1534 4617 1620 4693; x_wconf 84' lang='grc' dir='ltr'>εἷ¹η</span> <span class='ocrx_word' id='word_1_558' title='bbox 1670 4625 1858 4690; x_wconf 79' lang='grc' dir='ltr'>τοῦτο,</span> <span class='ocrx_word' id='word_1_559' title='bbox 1889 4619 2016 4681; x_wconf 86' lang='grc' dir='ltr'>τούς</span> <span class='ocrx_word' id='word_1_560' title='bbox 2065 4681 2068 4686; x_wconf 37' lang='grc' dir='ltr'>η</span> 
     </span>
    </p>
   </div>
   <div class='ocr_carea' id='block_1_82' title="bbox 2119 3445 3773 3521">
    <p class='ocr_par' dir='ltr' id='par_1_82' title="bbox 2119 3445 3773 3521">
     <span class='ocr_line' id='line_1_82' title="bbox 2119 3445 3773 3521; baseline -0.004 -15"><span class='ocrx_word' id='word_1_561' title='bbox 2119 3455 2240 3506; x_wconf 88' lang='lat' dir='ltr'>tres</span> <span class='ocrx_word' id='word_1_562' title='bbox 2276 3451 2333 3505; x_wconf 87' lang='lat' dir='ltr'>in</span> <span class='ocrx_word' id='word_1_563' title='bbox 2366 3467 2550 3506; x_wconf 90' lang='lat' dir='ltr'>unum</span> <span class='ocrx_word' id='word_1_564' title='bbox 2582 3449 2944 3521; x_wconf 84' lang='lat' dir='ltr'>congregati,</span> <span class='ocrx_word' id='word_1_565' title='bbox 2970 3447 3478 3503; x_wconf 88' lang='lat' dir='ltr'>consentientibus</span> <span class='ocrx_word' id='word_1_566' title='bbox 3503 3445 3773 3502; x_wconf 89' lang='lat' dir='ltr'>electioni</span> 
     </span>
    </p>
   </div>
   <div class='ocr_carea' id='block_1_83' title="bbox 2120 3535 3778 3611">
    <p class='ocr_par' dir='ltr' id='par_1_83' title="bbox 2120 3535 3778 3611">
     <span class='ocr_line' id='line_1_83' title="bbox 2120 3535 3778 3611; baseline -0.002 -17"><span class='ocrx_word' id='word_1_567' title='bbox 2120 3541 2296 3595; x_wconf 82' lang='lat' dir='ltr'>etiam</span> <span class='ocrx_word' id='word_1_568' title='bbox 2328 3539 2403 3594; x_wconf 90' lang='lat' dir='ltr'>iis</span> <span class='ocrx_word' id='word_1_569' title='bbox 2435 3539 2532 3611; x_wconf 92' lang='lat' dir='ltr'>qui</span> <span class='ocrx_word' id='word_1_570' title='bbox 2588 3539 2827 3604; x_wconf 87' lang='lat' dir='ltr'>absunt,</span> <span class='ocrx_word' id='word_1_571' title='bbox 2878 3553 3126 3608; x_wconf 87' lang='lat' dir='ltr'>eamque</span> <span class='ocrx_word' id='word_1_572' title='bbox 3159 3553 3260 3608; x_wconf 87' lang='lat' dir='ltr'>per</span> <span class='ocrx_word' id='word_1_573' title='bbox 3309 3535 3534 3591; x_wconf 86' lang='lat' dir='ltr'>litteras</span> <span class='ocrx_word' id='word_1_574' title='bbox 3566 3551 3778 3607; x_wconf 90' lang='lat' dir='ltr'>appro-</span> 
     </span>
    </p>
   </div>
   <div class='ocr_carea' id='block_1_84' title="bbox 2117 3625 3785 3698">
    <p class='ocr_par' dir='ltr' id='par_1_84' title="bbox 2117 3625 3785 3698">
     <span class='ocr_line' id='line_1_84' title="bbox 2117 3625 3785 3698; baseline -0.002 -14"><span class='ocrx_word' id='word_1_575' title='bbox 2117 3629 2419 3695; x_wconf 89' lang='lat' dir='ltr'>bantibus,</span> <span class='ocrx_word' id='word_1_576' title='bbox 2452 3626 2819 3683; x_wconf 88' lang='lat' dir='ltr'>ordinatione</span> <span class='ocrx_word' id='word_1_577' title='bbox 2842 3644 2894 3681; x_wconf 80' lang='lat' dir='ltr'>n1</span> <span class='ocrx_word' id='word_1_578' title='bbox 2926 3625 3252 3698; x_wconf 83' lang='lat' dir='ltr'>perﬁciant.</span> <span class='ocrx_word' id='word_1_579' title='bbox 3285 3625 3663 3681; x_wconf 83' lang='lat' dir='ltr'>Conﬁrmatio</span> <span class='ocrx_word' id='word_1_580' title='bbox 3686 3642 3785 3680; x_wconf 91' lang='lat' dir='ltr'>au-</span> 
     </span>
    </p>
   </div>
   <div class='ocr_carea' id='block_1_85' title="bbox 2119 3713 3782 3788">
    <p class='ocr_par' dir='ltr' id='par_1_85' title="bbox 2119 3713 3782 3788">
     <span class='ocr_line' id='line_1_85' title="bbox 2119 3713 3782 3788; baseline -0.004 -15"><span class='ocrx_word' id='word_1_581' title='bbox 2119 3723 2239 3774; x_wconf 90' lang='lat' dir='ltr'>tem</span> <span class='ocrx_word' id='word_1_582' title='bbox 2273 3733 2475 3772; x_wconf 84' lang='lat' dir='ltr'>eorum</span> <span class='ocrx_word' id='word_1_583' title='bbox 2508 3732 2636 3788; x_wconf 68' lang='lat' dir='ltr'>quae</span> <span class='ocrx_word' id='word_1_584' title='bbox 2666 3717 2835 3782; x_wconf 92' lang='lat' dir='ltr'>ﬁunt,</span> <span class='ocrx_word' id='word_1_585' title='bbox 2884 3714 2944 3770; x_wconf 90' lang='lat' dir='ltr'>in</span> <span class='ocrx_word' id='word_1_586' title='bbox 2977 3715 3240 3786; x_wconf 88' lang='lat' dir='ltr'>qualibet</span> <span class='ocrx_word' id='word_1_587' title='bbox 3292 3713 3592 3786; x_wconf 87' lang='lat' dir='ltr'>provincia</span> <span class='ocrx_word' id='word_1_588' title='bbox 3662 3730 3782 3768; x_wconf 88' lang='lat' dir='ltr'>mo-</span> 
     </span>
    </p>
   </div>
   <div class='ocr_carea' id='block_1_86' title="bbox 2120 3802 3777 3878">
    <p class='ocr_par' dir='ltr' id='par_1_86' title="bbox 2120 3802 3777 3878">
     <span class='ocr_line' id='line_1_86' title="bbox 2120 3802 3777 3878; baseline -0.004 -16"><span class='ocrx_word' id='word_1_589' title='bbox 2120 3806 2471 3878; x_wconf 90' lang='lat' dir='ltr'>tropolitano</span> <span class='ocrx_word' id='word_1_590' title='bbox 2532 3806 2924 3878; x_wconf 87' lang='lat' dir='ltr'>permittatur.</span> <span class='ocrx_word' id='word_1_591' title='bbox 2963 3826 2990 3854; x_wconf 86' lang='lat'>»</span> <span class='ocrx_word' id='word_1_592' title='bbox 3023 3803 3181 3859; x_wconf 85' lang='lat' dir='ltr'>Alius</span> <span class='ocrx_word' id='word_1_593' title='bbox 3239 3802 3378 3858; x_wconf 88' lang='lat' dir='ltr'>item</span> <span class='ocrx_word' id='word_1_594' title='bbox 3412 3819 3600 3858; x_wconf 89' lang='lat' dir='ltr'>canon</span> <span class='ocrx_word' id='word_1_595' title='bbox 3653 3806 3777 3858; x_wconf 89' lang='lat' dir='ltr'>erat</span> 
     </span>
    </p>
   </div>
   <div class='ocr_carea' id='block_1_87' title="bbox 2125 3891 3787 3965">
    <p class='ocr_par' dir='ltr' id='par_1_87' title="bbox 2125 3891 3787 3965">
     <span class='ocr_line' id='line_1_87' title="bbox 2125 3891 3787 3965; baseline -0.003 -13"><span class='ocrx_word' id='word_1_596' title='bbox 2125 3896 2392 3952; x_wconf 89' lang='lat' dir='ltr'>decimus</span> <span class='ocrx_word' id='word_1_597' title='bbox 2449 3911 2641 3950; x_wconf 90' lang='lat' dir='ltr'>nonus</span> <span class='ocrx_word' id='word_1_598' title='bbox 2698 3893 2996 3948; x_wconf 62' lang='lat' dir='ltr'>Antiochea</span> <span class='ocrx_word' id='word_1_599' title='bbox 3057 3892 3288 3965; x_wconf 80' lang='lat' dir='ltr'>synodi,</span> <span class='ocrx_word' id='word_1_600' title='bbox 3339 3891 3441 3964; x_wconf 91' lang='lat' dir='ltr'>qui</span> <span class='ocrx_word' id='word_1_601' title='bbox 3488 3892 3613 3947; x_wconf 67' lang='lat' dir='ltr'>haec</span> <span class='ocrx_word' id='word_1_602' title='bbox 3654 3891 3787 3962; x_wconf 84' lang='lat' dir='ltr'>ipsa</span> 
     </span>
    </p>
   </div>
   <div class='ocr_carea' id='block_1_88' title="bbox 2125 3980 3787 4056">
    <p class='ocr_par' dir='ltr' id='par_1_88' title="bbox 2125 3980 3787 4056">
     <span class='ocr_line' id='line_1_88' title="bbox 2125 3980 3787 4056; baseline -0.004 -15"><span class='ocrx_word' id='word_1_603' title='bbox 2125 3986 2305 4041; x_wconf 89' lang='lat' dir='ltr'>verba</span> <span class='ocrx_word' id='word_1_604' title='bbox 2384 3983 2835 4056; x_wconf 80' lang='lat' dir='ltr'>complectitur:</span> <span class='ocrx_word' id='word_1_605' title='bbox 2899 3981 3283 4052; x_wconf 82' lang='lat' dir='ltr'>«Episc0pus</span> <span class='ocrx_word' id='word_1_606' title='bbox 3355 3997 3426 4036; x_wconf 89' lang='lat' dir='ltr'>ne</span> <span class='ocrx_word' id='word_1_607' title='bbox 3484 3980 3787 4036; x_wconf 88' lang='lat' dir='ltr'>ordinator</span> 
     </span>
    </p>
   </div>
   <div class='ocr_carea' id='block_1_89' title="bbox 2130 4067 3784 4145">
    <p class='ocr_par' dir='ltr' id='par_1_89' title="bbox 2130 4067 3784 4145">
     <span class='ocr_line' id='line_1_89' title="bbox 2130 4067 3784 4145; baseline -0.005 -15"><span class='ocrx_word' id='word_1_608' title='bbox 2130 4075 2353 4145; x_wconf 86' lang='lat' dir='ltr'>absque</span> <span class='ocrx_word' id='word_1_609' title='bbox 2383 4073 2628 4145; x_wconf 90' lang='lat' dir='ltr'>synodo,</span> <span class='ocrx_word' id='word_1_610' title='bbox 2663 4076 2718 4126; x_wconf 91' lang='lat' dir='ltr'>et</span> <span class='ocrx_word' id='word_1_611' title='bbox 2775 4070 2903 4140; x_wconf 87' lang='lat' dir='ltr'>ejus</span> <span class='ocrx_word' id='word_1_612' title='bbox 2936 4069 3268 4141; x_wconf 80' lang='lat' dir='ltr'>praesentia,</span> <span class='ocrx_word' id='word_1_613' title='bbox 3303 4067 3401 4139; x_wconf 91' lang='lat' dir='ltr'>qui</span> <span class='ocrx_word' id='word_1_614' title='bbox 3437 4073 3528 4122; x_wconf 90' lang='lat' dir='ltr'>est</span> <span class='ocrx_word' id='word_1_615' title='bbox 3558 4067 3618 4121; x_wconf 91' lang='lat' dir='ltr'>in</span> <span class='ocrx_word' id='word_1_616' title='bbox 3650 4083 3784 4138; x_wconf 86' lang='lat' dir='ltr'>pro—</span> 
     </span>
    </p>
   </div>
   <div class='ocr_carea' id='block_1_90' title="bbox 2127 4155 3790 4231">
    <p class='ocr_par' dir='ltr' id='par_1_90' title="bbox 2127 4155 3790 4231">
     <span class='ocr_line' id='line_1_90' title="bbox 2127 4155 3790 4231; baseline -0.007 -11"><span class='ocrx_word' id='word_1_617' title='bbox 2127 4162 2329 4220; x_wconf 79' lang='lat' dir='ltr'>vincies</span> <span class='ocrx_word' id='word_1_618' title='bbox 2390 4158 2864 4231; x_wconf 77' lang='lat' dir='ltr'>metropoli;qui</span> <span class='ocrx_word' id='word_1_619' title='bbox 2920 4157 3160 4212; x_wconf 88' lang='lat' dir='ltr'>omnino</span> <span class='ocrx_word' id='word_1_620' title='bbox 3223 4157 3273 4212; x_wconf 88' lang='lat' dir='ltr'>si</span> <span class='ocrx_word' id='word_1_621' title='bbox 3327 4155 3503 4225; x_wconf 91' lang='lat' dir='ltr'>adsit,</span> <span class='ocrx_word' id='word_1_622' title='bbox 3551 4159 3790 4228; x_wconf 65' lang='lat' dir='ltr'>praestat</span> 
     </span>
    </p>
   </div>
   <div class='ocr_carea' id='block_1_91' title="bbox 2129 4253 3787 4333">
    <p class='ocr_par' dir='ltr' id='par_1_91' title="bbox 2129 4253 3787 4333">
     <span class='ocr_line' id='line_1_91' title="bbox 2129 4253 3787 4333; baseline -0.006 -17"><span class='ocrx_word' id='word_1_623' title='bbox 2129 4261 2365 4333; x_wconf 91' lang='lat' dir='ltr'>quidem</span> <span class='ocrx_word' id='word_1_624' title='bbox 2399 4274 2528 4314; x_wconf 89' lang='lat' dir='ltr'>esse</span> <span class='ocrx_word' id='word_1_625' title='bbox 2560 4274 2693 4312; x_wconf 89' lang='lat' dir='ltr'>cum</span> <span class='ocrx_word' id='word_1_626' title='bbox 2726 4273 2792 4312; x_wconf 90' lang='lat' dir='ltr'>eo</span> <span class='ocrx_word' id='word_1_627' title='bbox 2832 4260 3074 4310; x_wconf 87' lang='lat' dir='ltr'>cunctos</span> <span class='ocrx_word' id='word_1_628' title='bbox 3108 4255 3165 4310; x_wconf 92' lang='lat' dir='ltr'>in</span> <span class='ocrx_word' id='word_1_629' title='bbox 3198 4272 3266 4310; x_wconf 88' lang='lat' dir='ltr'>ea</span> <span class='ocrx_word' id='word_1_630' title='bbox 3296 4253 3590 4326; x_wconf 89' lang='lat' dir='ltr'>provincia</span> <span class='ocrx_word' id='word_1_631' title='bbox 3622 4269 3787 4308; x_wconf 91' lang='lat' dir='ltr'>com-</span> 
     </span>
    </p>
   </div>
   <div class='ocr_carea' id='block_1_92' title="bbox 2131 4342 3785 4416">
    <p class='ocr_par' dir='ltr' id='par_1_92' title="bbox 2131 4342 3785 4416">
     <span class='ocr_line' id='line_1_92' title="bbox 2131 4342 3785 4416; baseline -0.006 -10"><span class='ocrx_word' id='word_1_632' title='bbox 2131 4349 2439 4406; x_wconf 90' lang='lat' dir='ltr'>ministros</span> <span class='ocrx_word' id='word_1_633' title='bbox 2498 4351 2671 4416; x_wconf 87' lang='lat' dir='ltr'>atque</span> <span class='ocrx_word' id='word_1_634' title='bbox 2724 4361 2830 4416; x_wconf 85' lang='lat' dir='ltr'>par</span> <span class='ocrx_word' id='word_1_635' title='bbox 2885 4348 2974 4400; x_wconf 89' lang='lat' dir='ltr'>est</span> <span class='ocrx_word' id='word_1_636' title='bbox 3022 4361 3144 4413; x_wconf 87' lang='lat' dir='ltr'>eos,</span> <span class='ocrx_word' id='word_1_637' title='bbox 3178 4343 3279 4416; x_wconf 90' lang='lat' dir='ltr'>qui</span> <span class='ocrx_word' id='word_1_638' title='bbox 3311 4342 3537 4399; x_wconf 89' lang='lat' dir='ltr'>suntin</span> <span class='ocrx_word' id='word_1_639' title='bbox 3570 4347 3785 4398; x_wconf 87' lang='lat' dir='ltr'>metro-</span> 
     </span>
    </p>
   </div>
   <div class='ocr_carea' id='block_1_93' title="bbox 2127 4433 3789 4511">
    <p class='ocr_par' dir='ltr' id='par_1_93' title="bbox 2127 4433 3789 4511">
     <span class='ocr_line' id='line_1_93' title="bbox 2127 4433 3789 4511; baseline -0.005 -16"><span class='ocrx_word' id='word_1_640' title='bbox 2127 4439 2270 4511; x_wconf 91' lang='lat' dir='ltr'>poli,</span> <span class='ocrx_word' id='word_1_641' title='bbox 2293 4453 2632 4493; x_wconf 90' lang='lat' dir='ltr'>convocare.</span> <span class='ocrx_word' id='word_1_642' title='bbox 2665 4435 2744 4489; x_wconf 90' lang='lat' dir='ltr'>Ac</span> <span class='ocrx_word' id='word_1_643' title='bbox 2774 4433 2824 4489; x_wconf 88' lang='lat' dir='ltr'>si</span> <span class='ocrx_word' id='word_1_644' title='bbox 2886 4433 3124 4505; x_wconf 88' lang='lat' dir='ltr'>quidem</span> <span class='ocrx_word' id='word_1_645' title='bbox 3156 4435 3538 4504; x_wconf 86' lang='lat' dir='ltr'>compareant</span> <span class='ocrx_word' id='word_1_646' title='bbox 3580 4445 3789 4488; x_wconf 86' lang='lat' dir='ltr'>omnes</span> 
     </span>
    </p>
   </div>
   <div class='ocr_carea' id='block_1_94' title="bbox 2125 4521 3790 4588">
    <p class='ocr_par' dir='ltr' id='par_1_94' title="bbox 2125 4521 3790 4588">
     <span class='ocr_line' id='line_1_94' title="bbox 2125 4521 3790 4588; baseline -0.004 -6"><span class='ocrx_word' id='word_1_647' title='bbox 2125 4528 2185 4583; x_wconf 93' lang='lat' dir='ltr'>id</span> <span class='ocrx_word' id='word_1_648' title='bbox 2219 4527 2431 4583; x_wconf 90' lang='lat' dir='ltr'>melius</span> <span class='ocrx_word' id='word_1_649' title='bbox 2453 4531 2559 4581; x_wconf 88' lang='lat' dir='ltr'>est.</span> <span class='ocrx_word' id='word_1_650' title='bbox 2595 4525 2694 4580; x_wconf 89' lang='lat' dir='ltr'>Sin</span> <span class='ocrx_word' id='word_1_651' title='bbox 2730 4523 2875 4578; x_wconf 90' lang='lat' dir='ltr'>illud</span> <span class='ocrx_word' id='word_1_652' title='bbox 2928 4522 3167 4578; x_wconf 78' lang='lat' dir='ltr'>difﬁcile</span> <span class='ocrx_word' id='word_1_653' title='bbox 3217 4521 3317 4588; x_wconf 89' lang='lat' dir='ltr'>sit,</span> <span class='ocrx_word' id='word_1_654' title='bbox 3365 4521 3605 4577; x_wconf 88' lang='lat' dir='ltr'>omnino</span> <span class='ocrx_word' id='word_1_655' title='bbox 3657 4536 3790 4575; x_wconf 88' lang='lat' dir='ltr'>ma-</span> 
     </span>
    </p>
   </div>
   <div class='ocr_carea' id='block_1_95' title="bbox 2124 4608 3792 4688">
    <p class='ocr_par' dir='ltr' id='par_1_95' title="bbox 2124 4608 3792 4688">
     <span class='ocr_line' id='line_1_95' title="bbox 2124 4608 3792 4688; baseline -0.007 -16"><span class='ocrx_word' id='word_1_656' title='bbox 2124 4617 2314 4688; x_wconf 90' lang='lat' dir='ltr'>jorem</span> <span class='ocrx_word' id='word_1_657' title='bbox 2348 4615 2554 4670; x_wconf 85' lang='lat' dir='ltr'>adesse</span> <span class='ocrx_word' id='word_1_658' title='bbox 2585 4616 2811 4684; x_wconf 90' lang='lat' dir='ltr'>partem</span> <span class='ocrx_word' id='word_1_659' title='bbox 2864 4615 3114 4682; x_wconf 85' lang='lat' dir='ltr'>oportet,</span> <span class='ocrx_word' id='word_1_660' title='bbox 3147 4609 3234 4665; x_wconf 85' lang='lat' dir='ltr'>vel</span> <span class='ocrx_word' id='word_1_661' title='bbox 3278 4625 3380 4682; x_wconf 90' lang='lat' dir='ltr'>per</span> <span class='ocrx_word' id='word_1_662' title='bbox 3411 4609 3637 4664; x_wconf 90' lang='lat' dir='ltr'>litteras</span> <span class='ocrx_word' id='word_1_663' title='bbox 3668 4608 3792 4662; x_wconf 87' lang='lat' dir='ltr'>suf-</span> 
     </span>
    </p>
   </div>
   <div class='ocr_carea' id='block_1_96' title="bbox 345 4693 2007 4787">
    <p class='ocr_par' dir='ltr' id='par_1_96' title="bbox 345 4693 2007 4787">
     <span class='ocr_line' id='line_1_96' title="bbox 345 4693 2007 4787; baseline -0.002 -20"><span class='ocrx_word' id='word_1_664' title='bbox 345 4732 408 4767; x_wconf 82' lang='grc' dir='ltr'>τε</span> <span class='ocrx_word' id='word_1_665' title='bbox 438 4708 664 4772; x_wconf 81' lang='grc' dir='ltr'>πλείοὺς</span> <span class='ocrx_word' id='word_1_666' title='bbox 696 4709 747 4781; x_wconf 76' lang='grc' dir='ltr'>ἐξ</span> <span class='ocrx_word' id='word_1_667' title='bbox 771 4693 1016 4772; x_wconf 36' lang='grc' dir='ltr'>-ἅπαντος</span> <span class='ocrx_word' id='word_1_668' title='bbox 1049 4716 1291 4784; x_wconf 78' lang='grc' dir='ltr'>παρεῖναι</span> <span class='ocrx_word' id='word_1_669' title='bbox 1326 4693 1426 4784; x_wconf 63' lang='grc' dir='ltr'>δέῖ,</span> <span class='ocrx_word' id='word_1_670' title='bbox 1458 4711 1494 4781; x_wconf 78' lang='grc' dir='ltr'><strong>ἢ</strong></span> <span class='ocrx_word' id='word_1_671' title='bbox 1545 4709 1634 4766; x_wconf 77' lang='grc' dir='ltr'>διὰ</span> <span class='ocrx_word' id='word_1_672' title='bbox 1676 4709 2007 4787; x_wconf 60' lang='grc' dir='ltr'>γραμμάτων</span> 
     </span>
    </p>
   </div>
   <div class='ocr_carea' id='block_1_97' title="bbox 2118 4693 3797 4787">
    <p class='ocr_par' dir='ltr' id='par_1_97' title="bbox 2127 4693 3797 4778">
     <span class='ocr_line' id='line_1_97' title="bbox 2127 4693 3797 4778; baseline -0.007 -16"><span class='ocrx_word' id='word_1_673' title='bbox 2127 4704 2363 4778; x_wconf 87' lang='lat' dir='ltr'>fragari.</span> <span class='ocrx_word' id='word_1_674' title='bbox 2397 4705 2582 4772; x_wconf 86' lang='lat' dir='ltr'>Atque</span> <span class='ocrx_word' id='word_1_675' title='bbox 2611 4701 2693 4755; x_wconf 89' lang='lat' dir='ltr'>ita</span> <span class='ocrx_word' id='word_1_676' title='bbox 2723 4716 2856 4755; x_wconf 91' lang='lat' dir='ltr'>cum</span> <span class='ocrx_word' id='word_1_677' title='bbox 2910 4698 3170 4771; x_wconf 90' lang='lat' dir='ltr'>plurima</span> <span class='ocrx_word' id='word_1_678' title='bbox 3221 4698 3307 4753; x_wconf 90' lang='lat' dir='ltr'>vel</span> <span class='ocrx_word' id='word_1_679' title='bbox 3341 4695 3674 4769; x_wconf 72' lang='lat' dir='ltr'>praesentia,</span> <span class='ocrx_word' id='word_1_680' title='bbox 3706 4693 3797 4750; x_wconf 89' lang='lat' dir='ltr'>vel</span> 
     </span>
    </p>
   </div>
   <div class='ocr_carea' id='block_1_98' title="bbox 352 4797 2016 4875">
    <p class='ocr_par' dir='ltr' id='par_1_98' title="bbox 352 4797 2016 4875">
     <span class='ocr_line' id='line_1_98' title="bbox 352 4797 2016 4875; baseline -0.001 -20"><span class='ocrx_word' id='word_1_681' title='bbox 352 4801 688 4875; x_wconf 77' lang='grc' dir='ltr'>ὁμοψήφους</span> <span class='ocrx_word' id='word_1_682' title='bbox 734 4799 999 4874; x_wconf 83' lang='grc' dir='ltr'>γενέσθαι.</span> <span class='ocrx_word' id='word_1_683' title='bbox 1050 4798 1150 4853; x_wconf 85' lang='grc' dir='ltr'>Καὶ</span> <span class='ocrx_word' id='word_1_684' title='bbox 1199 4799 1340 4854; x_wconf 78' lang='grc' dir='ltr'>οὕτω</span> <span class='ocrx_word' id='word_1_685' title='bbox 1375 4799 1510 4874; x_wconf 86' lang='grc' dir='ltr'>μετά</span> <span class='ocrx_word' id='word_1_686' title='bbox 1537 4804 1638 4866; x_wconf 81' lang='grc' dir='ltr'>τῆς</span> <span class='ocrx_word' id='word_1_687' title='bbox 1689 4804 1795 4856; x_wconf 80' lang='grc' dir='ltr'>τῶν</span> <span class='ocrx_word' id='word_1_688' title='bbox 1858 4797 2016 4854; x_wconf 87' lang='grc' dir='ltr'>πλει-</span> 
     </span>
    </p>
   </div>
   <div class='ocr_carea' id='block_1_99' title="bbox 352 4885 2019 4965">
    <p class='ocr_par' dir='ltr' id='par_1_99' title="bbox 352 4885 2019 4965">
     <span class='ocr_line' id='line_1_99' title="bbox 352 4885 2019 4965; baseline -0.001 -21"><span class='ocrx_word' id='word_1_689' title='bbox 352 4890 496 4944; x_wconf 90' lang='grc' dir='ltr'>όνων</span> <span class='ocrx_word' id='word_1_690' title='bbox 546 4885 674 4958; x_wconf 69' lang='grc' dir='ltr'>ἤτοι</span> <span class='ocrx_word' id='word_1_691' title='bbox 721 4888 1017 4963; x_wconf 83' lang='grc' dir='ltr'>παρουσίας</span> <span class='ocrx_word' id='word_1_692' title='bbox 1069 4888 1104 4956; x_wconf 74' lang='grc' dir='ltr'><strong>ἢ</strong></span> <span class='ocrx_word' id='word_1_693' title='bbox 1167 4891 1354 4965; x_wconf 83' lang='grc' dir='ltr'>ψήφου</span> <span class='ocrx_word' id='word_1_694' title='bbox 1396 4889 1633 4965; x_wconf 89' lang='grc' dir='ltr'>γίνεσθαι</span> <span class='ocrx_word' id='word_1_695' title='bbox 1690 4890 1790 4958; x_wconf 82' lang='grc' dir='ltr'>τήν</span> <span class='ocrx_word' id='word_1_696' title='bbox 1848 4889 2019 4944; x_wconf 84' lang='grc' dir='ltr'>κατά-</span> 
     </span>
    </p>
   </div>
   <div class='ocr_carea' id='block_1_100' title="bbox 352 4975 2022 5055">
    <p class='ocr_par' dir='ltr' id='par_1_100' title="bbox 352 4975 2022 5055">
     <span class='ocr_line' id='line_1_100' title="bbox 352 4975 2022 5055; baseline -0.001 -21"><span class='ocrx_word' id='word_1_697' title='bbox 352 4999 559 5034; x_wconf 74' lang='grc' dir='ltr'>στασιν.</span> <span class='ocrx_word' id='word_1_698' title='bbox 589 4977 649 5032; x_wconf 88' lang='lat' dir='ltr'>Ei</span> <span class='ocrx_word' id='word_1_699' title='bbox 683 4975 740 5032; x_wconf 73' lang='grc' dir='ltr'>δὲ</span> <span class='ocrx_word' id='word_1_700' title='bbox 771 4977 959 5039; x_wconf 77' lang='grc' dir='ltr'>ἄλλως</span> <span class='ocrx_word' id='word_1_701' title='bbox 988 4976 1134 5053; x_wconf 79' lang='grc' dir='ltr'>παρὰ</span> <span class='ocrx_word' id='word_1_702' title='bbox 1157 4977 1222 5032; x_wconf 79' lang='grc' dir='ltr'>τὰ</span> <span class='ocrx_word' id='word_1_703' title='bbox 1263 4977 1540 5053; x_wconf 84' lang='grc' dir='ltr'>ὡρισμένα</span> <span class='ocrx_word' id='word_1_704' title='bbox 1583 4980 1814 5055; x_wconf 79' lang='grc' dir='ltr'>γίνοιτο,</span> <span class='ocrx_word' id='word_1_705' title='bbox 1852 4975 2022 5052; x_wconf 72' lang='grc' dir='ltr'>μηδὲν</span> 
     </span>
    </p>
   </div>
   <div class='ocr_carea' id='block_1_101' title="bbox 353 5057 2019 5143">
    <p class='ocr_par' dir='ltr' id='par_1_101' title="bbox 353 5057 2019 5143">
     <span class='ocr_line' id='line_1_101' title="bbox 353 5057 2019 5143; baseline 0 -22"><span class='ocrx_word' id='word_1_706' title='bbox 353 5065 570 5142; x_wconf 74' lang='grc' dir='ltr'>ἰσχύειν</span> <span class='ocrx_word' id='word_1_707' title='bbox 624 5057 723 5135; x_wconf 71' lang='grc' dir='ltr'>τὴν</span> <span class='ocrx_word' id='word_1_708' title='bbox 783 5063 1147 5142; x_wconf 83' lang='grc' dir='ltr'>χειροτονίαν.</span> <span class='ocrx_word' id='word_1_709' title='bbox 1182 5065 1246 5120; x_wconf 90' lang='lat' dir='ltr'>Ei</span> <span class='ocrx_word' id='word_1_710' title='bbox 1278 5063 1336 5121; x_wconf 67' lang='grc' dir='ltr'>δὲ</span> <span class='ocrx_word' id='word_1_711' title='bbox 1379 5067 1514 5122; x_wconf 79' lang='grc' dir='ltr'>κατὰ</span> <span class='ocrx_word' id='word_1_712' title='bbox 1568 5067 1661 5122; x_wconf 87' lang='grc' dir='ltr'>τὸν</span> <span class='ocrx_word' id='word_1_713' title='bbox 1718 5068 2019 5143; x_wconf 80' lang='grc' dir='ltr'>ὡρισμένον</span> 
     </span>
    </p>
   </div>
   <div class='ocr_carea' id='block_1_102' title="bbox 352 5153 2022 5233">
    <p class='ocr_par' dir='ltr' id='par_1_102' title="bbox 352 5153 2022 5233">
     <span class='ocr_line' id='line_1_102' title="bbox 352 5153 2022 5233; baseline -0.002 -21"><span class='ocrx_word' id='word_1_714' title='bbox 352 5155 555 5212; x_wconf 85' lang='grc' dir='ltr'>κανόνα</span> <span class='ocrx_word' id='word_1_715' title='bbox 610 5154 818 5232; x_wconf 87' lang='grc' dir='ltr'>γίνοιτο</span> <span class='ocrx_word' id='word_1_716' title='bbox 868 5157 903 5225; x_wconf 80' lang='grc' dir='ltr'><strong>ἡ</strong></span> <span class='ocrx_word' id='word_1_717' title='bbox 971 5154 1312 5226; x_wconf 84' lang='grc' dir='ltr'>κατάστασις,</span> <span class='ocrx_word' id='word_1_718' title='bbox 1371 5153 1704 5233; x_wconf 83' lang='grc' dir='ltr'>ἀντιλέγοιεν</span> <span class='ocrx_word' id='word_1_719' title='bbox 1768 5153 1826 5210; x_wconf 88' lang='grc' dir='ltr'>δέ</span> <span class='ocrx_word' id='word_1_720' title='bbox 1881 5175 2022 5217; x_wconf 88' lang='grc' dir='ltr'>τινες</span> 
     </span>
    </p>
   </div>
   <div class='ocr_carea' id='block_1_103' title="bbox 355 5251 2020 5331">
    <p class='ocr_par' dir='ltr' id='par_1_103' title="bbox 355 5251 2020 5331">
     <span class='ocr_line' id='line_1_103' title="bbox 355 5251 2020 5331; baseline 0 -23"><span class='ocrx_word' id='word_1_721' title='bbox 355 5251 428 5309; x_wconf 87' lang='grc' dir='ltr'>δι’</span> <span class='ocrx_word' id='word_1_722' title='bbox 482 5252 686 5308; x_wconf 75' lang='grc' dir='ltr'>οἰκείαν</span> <span class='ocrx_word' id='word_1_723' title='bbox 742 5253 1105 5331; x_wconf 85' lang='grc' dir='ltr'>φιλονεικίαν,</span> <span class='ocrx_word' id='word_1_724' title='bbox 1157 5259 1372 5319; x_wconf 79' lang='grc' dir='ltr'>κρατεῖν</span> <span class='ocrx_word' id='word_1_725' title='bbox 1432 5256 1532 5323; x_wconf 81' lang='grc' dir='ltr'>τήν</span> <span class='ocrx_word' id='word_1_726' title='bbox 1581 5259 1688 5308; x_wconf 81' lang='grc' dir='ltr'>τῶν</span> <span class='ocrx_word' id='word_1_727' title='bbox 1747 5253 2020 5309; x_wconf 86' lang='grc' dir='ltr'>πλειόνων</span> 
     </span>
    </p>
   </div>
   <div class='ocr_carea' id='block_1_104' title="bbox 355 5339 2023 5417">
    <p class='ocr_par' dir='ltr' id='par_1_104' title="bbox 355 5339 2023 5417">
     <span class='ocr_line' id='line_1_104' title="bbox 355 5339 2023 5417; baseline -0.001 -20"><span class='ocrx_word' id='word_1_728' title='bbox 355 5346 565 5417; x_wconf 78' lang='grc' dir='ltr'>ψῆφον.</span> <span class='ocrx_word' id='word_1_729' title='bbox 623 5368 645 5397; x_wconf 68' lang='grc' dir='ltr'>υ</span> <span class='ocrx_word' id='word_1_730' title='bbox 695 5346 871 5397; x_wconf 80' lang='grc' dir='ltr'>Ταῦτα</span> <span class='ocrx_word' id='word_1_731' title='bbox 927 5345 1023 5398; x_wconf 80' lang='grc' dir='ltr'>τοῦ</span> <span class='ocrx_word' id='word_1_732' title='bbox 1087 5341 1382 5416; x_wconf 79' lang='grc' dir='ltr'>ἱερωτάτου</span> <span class='ocrx_word' id='word_1_733' title='bbox 1444 5339 1857 5417; x_wconf 85' lang='grc' dir='ltr'>μητροπολίτου</span> <span class='ocrx_word' id='word_1_734' title='bbox 1911 5347 2023 5398; x_wconf 81' lang='grc' dir='ltr'>Κυ-</span> 
     </span>
    </p>
   </div>
   <div class='ocr_carea' id='block_1_105' title="bbox 359 5426 2025 5507">
    <p class='ocr_par' dir='ltr' id='par_1_105' title="bbox 359 5426 2025 5507">
     <span class='ocr_line' id='line_1_105' title="bbox 359 5426 2025 5507; baseline -0.001 -20"><span class='ocrx_word' id='word_1_735' title='bbox 359 5432 512 5502; x_wconf 87' lang='grc' dir='ltr'>ζίκου</span> <span class='ocrx_word' id='word_1_736' title='bbox 583 5426 1069 5507; x_wconf 70' lang='grc' dir='ltr'>προϐαλλομένου,</span> <span class='ocrx_word' id='word_1_737' title='bbox 1147 5431 1199 5486; x_wconf 84' lang='lat' dir='ltr'>oi</span> <span class='ocrx_word' id='word_1_738' title='bbox 1268 5431 1771 5506; x_wconf 83' lang='grc' dir='ltr'>ἀντικαθιστάμενοι</span> <span class='ocrx_word' id='word_1_739' title='bbox 1847 5429 2025 5504; x_wconf 83' lang='grc' dir='ltr'>τούτῳ</span> 
     </span>
    </p>
   </div>
   <div class='ocr_carea' id='block_1_106' title="bbox 356 5517 2026 5601">
    <p class='ocr_par' dir='ltr' id='par_1_106' title="bbox 356 5517 2026 5601">
     <span class='ocr_line' id='line_1_106' title="bbox 356 5517 2026 5601; baseline 0.001 -24"><span class='ocrx_word' id='word_1_740' title='bbox 356 5521 660 5597; x_wconf 86' lang='grc' dir='ltr'>ἀρχιερεῖς,</span> <span class='ocrx_word' id='word_1_741' title='bbox 691 5520 782 5576; x_wconf 81' lang='grc' dir='ltr'>καὶ</span> <span class='ocrx_word' id='word_1_742' title='bbox 833 5520 939 5597; x_wconf 86' lang='grc' dir='ltr'>πρὸ</span> <span class='ocrx_word' id='word_1_743' title='bbox 989 5523 1095 5576; x_wconf 81' lang='grc' dir='ltr'>τῶν</span> <span class='ocrx_word' id='word_1_744' title='bbox 1140 5517 1326 5576; x_wconf 81' lang='grc' dir='ltr'>ἄλλων</span> <span class='ocrx_word' id='word_1_745' title='bbox 1375 5522 1402 5576; x_wconf 93' lang='lat'>6</span> <span class='ocrx_word' id='word_1_746' title='bbox 1434 5523 1683 5601; x_wconf 76' lang='grc' dir='ltr'>Ἐφέσου,</span> <span class='ocrx_word' id='word_1_747' title='bbox 1717 5523 1744 5577; x_wconf 90' lang='grc' dir='ltr'>ὁ</span> <span class='ocrx_word' id='word_1_748' title='bbox 1791 5521 2026 5578; x_wconf 79' lang='grc' dir='ltr'>Ἰκονίου</span> 
     </span>
    </p>
   </div>
   <div class='ocr_carea' id='block_1_107' title="bbox 360 5605 2028 5688">
    <p class='ocr_par' dir='ltr' id='par_1_107' title="bbox 360 5605 2028 5688">
     <span class='ocr_line' id='line_1_107' title="bbox 360 5605 2028 5688; baseline -0.001 -21"><span class='ocrx_word' id='word_1_749' title='bbox 360 5610 456 5667; x_wconf 83' lang='grc' dir='ltr'>καὶ</span> <span class='ocrx_word' id='word_1_750' title='bbox 516 5611 544 5665; x_wconf 93' lang='lat'>6</span> <span class='ocrx_word' id='word_1_751' title='bbox 601 5605 858 5684; x_wconf 74' lang='grc' dir='ltr'>Ἀϐύδου,</span> <span class='ocrx_word' id='word_1_752' title='bbox 921 5610 999 5684; x_wconf 72' lang='grc' dir='ltr'>μὴ</span> <span class='ocrx_word' id='word_1_753' title='bbox 1059 5609 1344 5680; x_wconf 86' lang='grc' dir='ltr'>ἀληθεύειν</span> <span class='ocrx_word' id='word_1_754' title='bbox 1411 5612 1504 5667; x_wconf 84' lang='grc' dir='ltr'>τὸν</span> <span class='ocrx_word' id='word_1_755' title='bbox 1581 5611 1812 5682; x_wconf 84' lang='grc' dir='ltr'>Κυζίκου</span> <span class='ocrx_word' id='word_1_756' title='bbox 1868 5609 2028 5688; x_wconf 76' lang='grc' dir='ltr'>προΐ-</span> 
     </span>
    </p>
   </div>
   <div class='ocr_carea' id='block_1_108' title="bbox 365 5698 2028 5778">
    <p class='ocr_par' dir='ltr' id='par_1_108' title="bbox 365 5698 2028 5778">
     <span class='ocr_line' id='line_1_108' title="bbox 365 5698 2028 5778; baseline 0.001 -23"><span class='ocrx_word' id='word_1_757' title='bbox 365 5719 574 5776; x_wconf 84' lang='grc' dir='ltr'>σχοντο</span> <span class='ocrx_word' id='word_1_758' title='bbox 631 5699 713 5778; x_wconf 79' lang='grc' dir='ltr'>ἐφ’</span> <span class='ocrx_word' id='word_1_759' title='bbox 743 5701 824 5766; x_wconf 87' lang='grc' dir='ltr'>οἷς</span> <span class='ocrx_word' id='word_1_760' title='bbox 880 5698 973 5755; x_wconf 83' lang='grc' dir='ltr'>καὶ</span> <span class='ocrx_word' id='word_1_761' title='bbox 1027 5698 1310 5773; x_wconf 80' lang='grc' dir='ltr'>προέθετο,</span> <span class='ocrx_word' id='word_1_762' title='bbox 1365 5699 1428 5758; x_wconf 83' lang='grc' dir='ltr'>τὸ</span> <span class='ocrx_word' id='word_1_763' title='bbox 1485 5701 1562 5776; x_wconf 85' lang='grc' dir='ltr'>μὴ</span> <span class='ocrx_word' id='word_1_764' title='bbox 1621 5699 2028 5777; x_wconf 80' lang='grc' dir='ltr'>μετακληθῆναι</span> 
     </span>
    </p>
   </div>
   <div class='ocr_carea' id='block_1_109' title="bbox 367 5783 2028 5870">
    <p class='ocr_par' dir='ltr' id='par_1_109' title="bbox 367 5783 2028 5870">
     <span class='ocr_line' id='line_1_109' title="bbox 367 5783 2028 5870; baseline -0.001 -23"><span class='ocrx_word' id='word_1_765' title='bbox 367 5783 636 5864; x_wconf 80' lang='grc' dir='ltr'>δηλονότι</span> <span class='ocrx_word' id='word_1_766' title='bbox 683 5788 773 5846; x_wconf 81' lang='grc' dir='ltr'>καὶ</span> <span class='ocrx_word' id='word_1_767' title='bbox 831 5787 992 5845; x_wconf 81' lang='grc' dir='ltr'>αὐτὸν</span> <span class='ocrx_word' id='word_1_768' title='bbox 1050 5785 1138 5846; x_wconf 72' lang='grc' dir='ltr'>ἐπὶ</span> <span class='ocrx_word' id='word_1_769' title='bbox 1191 5792 1312 5856; x_wconf 87' lang='grc' dir='ltr'>ταῖς</span> <span class='ocrx_word' id='word_1_770' title='bbox 1370 5791 1574 5870; x_wconf 78' lang='grc' dir='ltr'>ψήφοις</span> <span class='ocrx_word' id='word_1_771' title='bbox 1621 5794 1730 5848; x_wconf 81' lang='grc' dir='ltr'>τῶν</span> <span class='ocrx_word' id='word_1_772' title='bbox 1760 5788 2028 5870; x_wconf 49' lang='lat' dir='ltr'>(suam:th</span> 
     </span>
    </p>
   </div>
   <div class='ocr_carea' id='block_1_110' title="bbox 2126 4786 3789 4866">
    <p class='ocr_par' dir='ltr' id='par_1_110' title="bbox 2126 4786 3789 4866">
     <span class='ocr_line' id='line_1_110' title="bbox 2126 4786 3789 4866; baseline -0.007 -14"><span class='ocrx_word' id='word_1_773' title='bbox 2126 4793 2428 4866; x_wconf 74' lang='lat' dir='ltr'>suffragio,</span> <span class='ocrx_word' id='word_1_774' title='bbox 2462 4792 2748 4848; x_wconf 88' lang='lat' dir='ltr'>constitui</span> <span class='ocrx_word' id='word_1_775' title='bbox 2779 4789 3146 4861; x_wconf 85' lang='lat' dir='ltr'>episcopum.</span> <span class='ocrx_word' id='word_1_776' title='bbox 3172 4788 3272 4842; x_wconf 90' lang='lat' dir='ltr'>Sin</span> <span class='ocrx_word' id='word_1_777' title='bbox 3305 4786 3474 4842; x_wconf 86' lang='lat' dir='ltr'>aliter</span> <span class='ocrx_word' id='word_1_778' title='bbox 3497 4803 3610 4854; x_wconf 90' lang='lat' dir='ltr'>res,</span> <span class='ocrx_word' id='word_1_779' title='bbox 3645 4801 3789 4858; x_wconf 71' lang='lat' dir='ltr'>prae-</span> 
     </span>
    </p>
   </div>
   <div class='ocr_carea' id='block_1_111' title="bbox 2126 4874 3792 4951">
    <p class='ocr_par' dir='ltr' id='par_1_111' title="bbox 2126 4874 3792 4951">
     <span class='ocr_line' id='line_1_111' title="bbox 2126 4874 3792 4951; baseline -0.007 -9"><span class='ocrx_word' id='word_1_780' title='bbox 2126 4891 2216 4942; x_wconf 89' lang='lat' dir='ltr'>ter</span> <span class='ocrx_word' id='word_1_781' title='bbox 2246 4885 2368 4940; x_wconf 66' lang='lat' dir='ltr'>haec</span> <span class='ocrx_word' id='word_1_782' title='bbox 2416 4883 2590 4938; x_wconf 87' lang='lat' dir='ltr'>modo</span> <span class='ocrx_word' id='word_1_783' title='bbox 2641 4879 2904 4948; x_wconf 88' lang='lat' dir='ltr'>deﬁnita,</span> <span class='ocrx_word' id='word_1_784' title='bbox 2938 4885 3201 4951; x_wconf 86' lang='lat' dir='ltr'>geratur,</span> <span class='ocrx_word' id='word_1_785' title='bbox 3236 4876 3468 4933; x_wconf 91' lang='lat' dir='ltr'>nullum</span> <span class='ocrx_word' id='word_1_786' title='bbox 3500 4874 3792 4932; x_wconf 90' lang='lat' dir='ltr'>ordinatio</span> 
     </span>
    </p>
   </div>
   <div class='ocr_carea' id='block_1_112' title="bbox 2128 4962 3799 5036">
    <p class='ocr_par' dir='ltr' id='par_1_112' title="bbox 2128 4962 3799 5036">
     <span class='ocr_line' id='line_1_112' title="bbox 2128 4962 3799 5036; baseline -0.008 -5"><span class='ocrx_word' id='word_1_787' title='bbox 2128 4975 2309 5031; x_wconf 86' lang='lat' dir='ltr'>robur</span> <span class='ocrx_word' id='word_1_788' title='bbox 2340 4973 2574 5028; x_wconf 89' lang='lat' dir='ltr'>habeat.</span> <span class='ocrx_word' id='word_1_789' title='bbox 2598 4969 2758 5034; x_wconf 90' lang='lat' dir='ltr'>Quod</span> <span class='ocrx_word' id='word_1_790' title='bbox 2792 4969 2840 5023; x_wconf 91' lang='lat' dir='ltr'>si</span> <span class='ocrx_word' id='word_1_791' title='bbox 2865 4968 3192 5023; x_wconf 81' lang='lat' dir='ltr'>secundum</span> <span class='ocrx_word' id='word_1_792' title='bbox 3223 4980 3507 5022; x_wconf 86' lang='lat' dir='ltr'>canonem</span> <span class='ocrx_word' id='word_1_793' title='bbox 3532 4962 3799 5036; x_wconf 68' lang='lat' dir='ltr'>prmscri-</span> 
     </span>
    </p>
   </div>
   <div class='ocr_carea' id='block_1_113' title="bbox 2131 5053 3793 5137">
    <p class='ocr_par' dir='ltr' id='par_1_113' title="bbox 2131 5053 3793 5137">
     <span class='ocr_line' id='line_1_113' title="bbox 2131 5053 3793 5137; baseline -0.008 -17"><span class='ocrx_word' id='word_1_794' title='bbox 2131 5068 2296 5137; x_wconf 89' lang='lat' dir='ltr'>ptum</span> <span class='ocrx_word' id='word_1_795' title='bbox 2331 5061 2590 5133; x_wconf 89' lang='lat' dir='ltr'>episcopi</span> <span class='ocrx_word' id='word_1_796' title='bbox 2626 5060 2727 5113; x_wconf 90' lang='lat' dir='ltr'>ﬁat</span> <span class='ocrx_word' id='word_1_797' title='bbox 2756 5057 3071 5127; x_wconf 88' lang='lat' dir='ltr'>institutio,</span> <span class='ocrx_word' id='word_1_798' title='bbox 3108 5054 3411 5112; x_wconf 89' lang='lat' dir='ltr'>nonnullis</span> <span class='ocrx_word' id='word_1_799' title='bbox 3443 5054 3515 5109; x_wconf 93' lang='lat' dir='ltr'>ob</span> <span class='ocrx_word' id='word_1_800' title='bbox 3549 5053 3793 5107; x_wconf 88' lang='lat' dir='ltr'>insitum</span> 
     </span>
    </p>
   </div>
   <div class='ocr_carea' id='block_1_114' title="bbox 2131 5139 3794 5212">
    <p class='ocr_par' dir='ltr' id='par_1_114' title="bbox 2131 5139 3794 5212">
     <span class='ocr_line' id='line_1_114' title="bbox 2131 5139 3794 5212; baseline -0.01 -3"><span class='ocrx_word' id='word_1_801' title='bbox 2131 5154 2244 5210; x_wconf 89' lang='lat' dir='ltr'>sibi</span> <span class='ocrx_word' id='word_1_802' title='bbox 2269 5151 2497 5207; x_wconf 84' lang='lat' dir='ltr'>rixandi</span> <span class='ocrx_word' id='word_1_803' title='bbox 2531 5148 2796 5204; x_wconf 89' lang='lat' dir='ltr'>studium</span> <span class='ocrx_word' id='word_1_804' title='bbox 2830 5145 3409 5203; x_wconf 88' lang='lat' dir='ltr'>contradicentibus:</span> <span class='ocrx_word' id='word_1_805' title='bbox 3443 5139 3794 5212; x_wconf 75' lang='lat' dir='ltr'>suffragium</span> 
     </span>
    </p>
   </div>
   <div class='ocr_carea' id='block_1_115' title="bbox 2132 5228 3798 5316">
    <p class='ocr_par' dir='ltr' id='par_1_115' title="bbox 2132 5228 3798 5316">
     <span class='ocr_line' id='line_1_115' title="bbox 2132 5228 3798 5316; baseline -0.01 -17"><span class='ocrx_word' id='word_1_806' title='bbox 2132 5241 2394 5316; x_wconf 89' lang='lat' dir='ltr'>plurium</span> <span class='ocrx_word' id='word_1_807' title='bbox 2425 5237 2630 5294; x_wconf 86' lang='lat' dir='ltr'>valeat.</span> <span class='ocrx_word' id='word_1_808' title='bbox 2668 5259 2696 5285; x_wconf 89' lang='lat'>»</span> <span class='ocrx_word' id='word_1_809' title='bbox 2724 5236 2856 5291; x_wconf 83' lang='lat' dir='ltr'>Haec</span> <span class='ocrx_word' id='word_1_810' title='bbox 2889 5235 3179 5308; x_wconf 81' lang='lat' dir='ltr'>allegante</span> <span class='ocrx_word' id='word_1_811' title='bbox 3205 5251 3308 5308; x_wconf 88' lang='lat' dir='ltr'>pro</span> <span class='ocrx_word' id='word_1_812' title='bbox 3333 5251 3394 5288; x_wconf 90' lang='lat' dir='ltr'>se</span> <span class='ocrx_word' id='word_1_813' title='bbox 3420 5228 3798 5288; x_wconf 85' lang='lat' dir='ltr'>sanctissimo</span> 
     </span>
    </p>
   </div>
   <div class='ocr_carea' id='block_1_116' title="bbox 2135 5320 3796 5406">
    <p class='ocr_par' dir='ltr' id='par_1_116' title="bbox 2135 5320 3796 5406">
     <span class='ocr_line' id='line_1_116' title="bbox 2135 5320 3796 5406; baseline -0.01 -18"><span class='ocrx_word' id='word_1_814' title='bbox 2135 5331 2317 5406; x_wconf 89' lang='lat' dir='ltr'>Cyzici</span> <span class='ocrx_word' id='word_1_815' title='bbox 2369 5324 2842 5399; x_wconf 89' lang='lat' dir='ltr'>metropolitano,</span> <span class='ocrx_word' id='word_1_816' title='bbox 2874 5325 3129 5380; x_wconf 64' lang='lat' dir='ltr'>adversae</span> <span class='ocrx_word' id='word_1_817' title='bbox 3160 5323 3345 5396; x_wconf 88' lang='lat' dir='ltr'>partis</span> <span class='ocrx_word' id='word_1_818' title='bbox 3380 5320 3705 5394; x_wconf 89' lang='lat' dir='ltr'>pontiﬁces,</span> <span class='ocrx_word' id='word_1_819' title='bbox 3730 5332 3796 5371; x_wconf 89' lang='lat' dir='ltr'>ao</span> 
     </span>
    </p>
   </div>
   <div class='ocr_carea' id='block_1_117' title="bbox 2134 5420 3796 5503">
    <p class='ocr_par' dir='ltr' id='par_1_117' title="bbox 2134 5420 3796 5503">
     <span class='ocr_line' id='line_1_117' title="bbox 2134 5420 3796 5503; baseline -0.008 -18"><span class='ocrx_word' id='word_1_820' title='bbox 2134 5446 2250 5503; x_wconf 65' lang='lat' dir='ltr'>prae</span> <span class='ocrx_word' id='word_1_821' title='bbox 2284 5427 2509 5485; x_wconf 65' lang='lat' dir='ltr'>caeteris</span> <span class='ocrx_word' id='word_1_822' title='bbox 2541 5423 2894 5497; x_wconf 71' lang='lat' dir='ltr'>Ephesints,</span> <span class='ocrx_word' id='word_1_823' title='bbox 2933 5421 3274 5490; x_wconf 91' lang='lat' dir='ltr'>lconiensis,</span> <span class='ocrx_word' id='word_1_824' title='bbox 3307 5420 3646 5494; x_wconf 80' lang='lat' dir='ltr'>Abydenus,</span> <span class='ocrx_word' id='word_1_825' title='bbox 3679 5433 3796 5472; x_wconf 90' lang='lat' dir='ltr'>non</span> 
     </span>
    </p>
   </div>
   <div class='ocr_carea' id='block_1_118' title="bbox 2133 5510 3798 5586">
    <p class='ocr_par' dir='ltr' id='par_1_118' title="bbox 2133 5510 3798 5586">
     <span class='ocr_line' id='line_1_118' title="bbox 2133 5510 3798 5586; baseline -0.008 -11"><span class='ocrx_word' id='word_1_826' title='bbox 2133 5535 2270 5575; x_wconf 87' lang='lat' dir='ltr'>vera</span> <span class='ocrx_word' id='word_1_827' title='bbox 2327 5517 2516 5573; x_wconf 89' lang='lat' dir='ltr'>dicere</span> <span class='ocrx_word' id='word_1_828' title='bbox 2573 5513 2922 5586; x_wconf 87' lang='lat' dir='ltr'>Cyzicenum</span> <span class='ocrx_word' id='word_1_829' title='bbox 2980 5510 3217 5566; x_wconf 87' lang='lat' dir='ltr'>aiebant</span> <span class='ocrx_word' id='word_1_830' title='bbox 3261 5512 3330 5566; x_wconf 90' lang='lat' dir='ltr'>de</span> <span class='ocrx_word' id='word_1_831' title='bbox 3371 5511 3464 5578; x_wconf 90' lang='lat' dir='ltr'>iis,</span> <span class='ocrx_word' id='word_1_832' title='bbox 3499 5524 3626 5579; x_wconf 66' lang='lat' dir='ltr'>qua:</span> <span class='ocrx_word' id='word_1_833' title='bbox 3657 5522 3798 5579; x_wconf 87' lang='lat' dir='ltr'>pro-</span> 
     </span>
    </p>
   </div>
   <div class='ocr_carea' id='block_1_119' title="bbox 2137 5595 3798 5682">
    <p class='ocr_par' dir='ltr' id='par_1_119' title="bbox 2137 5595 3798 5682">
     <span class='ocr_line' id='line_1_119' title="bbox 2137 5595 3798 5682; baseline -0.009 -17"><span class='ocrx_word' id='word_1_834' title='bbox 2137 5611 2378 5682; x_wconf 90' lang='lat' dir='ltr'>poneret</span> <span class='ocrx_word' id='word_1_835' title='bbox 2437 5605 2593 5679; x_wconf 91' lang='lat' dir='ltr'>quod</span> <span class='ocrx_word' id='word_1_836' title='bbox 2653 5600 2878 5657; x_wconf 88' lang='lat' dir='ltr'>scilicet</span> <span class='ocrx_word' id='word_1_837' title='bbox 2931 5615 3038 5656; x_wconf 87' lang='lat' dir='ltr'>nec</span> <span class='ocrx_word' id='word_1_838' title='bbox 3067 5599 3192 5671; x_wconf 87' lang='lat' dir='ltr'>ipse</span> <span class='ocrx_word' id='word_1_839' title='bbox 3225 5599 3438 5655; x_wconf 82' lang='lat' dir='ltr'>fuisset</span> <span class='ocrx_word' id='word_1_840' title='bbox 3476 5595 3798 5653; x_wconf 81' lang='lat' dir='ltr'>arcessitus</span> 
     </span>
    </p>
   </div>
   <div class='ocr_carea' id='block_1_120' title="bbox 2141 5685 3791 5760">
    <p class='ocr_par' dir='ltr' id='par_1_120' title="bbox 2141 5685 3791 5760">
     <span class='ocr_line' id='line_1_120' title="bbox 2141 5685 3791 5760; baseline -0.01 -4"><span class='ocrx_word' id='word_1_841' title='bbox 2141 5697 2213 5756; x_wconf 87' lang='lat' dir='ltr'>ad</span> <span class='ocrx_word' id='word_1_842' title='bbox 2246 5695 2564 5754; x_wconf 86' lang='lat' dir='ltr'>electiones</span> <span class='ocrx_word' id='word_1_843' title='bbox 2596 5692 2888 5748; x_wconf 88' lang='lat' dir='ltr'>dictarum</span> <span class='ocrx_word' id='word_1_844' title='bbox 2922 5687 3327 5746; x_wconf 85' lang='lat' dir='ltr'>ecclesiarum.</span> <span class='ocrx_word' id='word_1_845' title='bbox 3360 5687 3587 5760; x_wconf 85' lang='lat' dir='ltr'>Quippe</span> <span class='ocrx_word' id='word_1_846' title='bbox 3635 5685 3791 5742; x_wconf 88' lang='lat' dir='ltr'>dice-</span> 
     </span>
    </p>
   </div>
   <div class='ocr_carea' id='block_1_121' title="bbox 2142 5773 3802 5860">
    <p class='ocr_par' dir='ltr' id='par_1_121' title="bbox 2142 5773 3802 5860">
     <span class='ocr_line' id='line_1_121' title="bbox 2142 5773 3802 5860; baseline -0.01 -13"><span class='ocrx_word' id='word_1_847' title='bbox 2142 5787 2305 5859; x_wconf 86' lang='lat' dir='ltr'>bant,</span> <span class='ocrx_word' id='word_1_848' title='bbox 2338 5785 2537 5860; x_wconf 86' lang='lat' dir='ltr'>ipsum</span> <span class='ocrx_word' id='word_1_849' title='bbox 2568 5781 2934 5843; x_wconf 84' lang='lat' dir='ltr'>Iconiensem</span> <span class='ocrx_word' id='word_1_850' title='bbox 2981 5793 3115 5839; x_wconf 90' lang='lat' dir='ltr'>cum</span> <span class='ocrx_word' id='word_1_851' title='bbox 3145 5776 3508 5838; x_wconf 68' lang='lat' dir='ltr'>consobrina</span> <span class='ocrx_word' id='word_1_852' title='bbox 3545 5773 3802 5834; x_wconf 74' lang='lat' dir='ltr'>referen-</span> 
     </span>
    </p>
   </div>
  </div>
