4130 6364
328 353 447 412 μθ

1637 349 1889 413 lSAACl
1932 349 2222 412 ANGELI
2268 351 2432 412 IMP.

3633 353 3758 412 4M

328 483 474 540 darii
527 482 744 556 nuptis:
801 483 1228 552 celebarentur,
1273 500 1338 540 ac
1398 483 1613 539 ibidem
1665 483 1979 538 invitatum

2095 480 2462 552 Ἐκκλησιῶν.
2525 482 2699 544 Αὐτὸς
2770 480 2893 560 γὰρ,
2954 483 3118 559 φησὶν
3183 483 3212 538 6
3267 481 3519 553 Ἰκονίου,
3570 483 3757 557 γάμου

328 574 672 644 Cyzicenum
709 589 944 644 quoque
968 574 1300 645 reperisset,
1333 573 1382 628 ei
1418 573 1701 645 postridie
1723 573 1981 628 futuram

329 661 726 734 Claudiopolis
768 668 824 717 et
856 661 1103 716 Maronea
1153 661 1491 717 electionem
1547 662 1874 717 intimasse.
1919 661 1979 715 In

328 751 552 806 caeteris
586 756 784 806 autem
847 751 1229 806 electionibus
1291 752 1536 806 aliarum
1598 751 1980 806 ecclesiarum

329 841 505 896 etiam
542 858 641 911 per
698 842 1048 912 scripturam
1096 840 1471 895 afﬁrmabant
1519 857 1651 896 eum
1687 843 1978 896 vocatum.

327 932 415 984 Ad
450 931 620 1001 cujus
652 947 853 984 eorum
913 929 1390 985 asserverationis
1435 930 1858 1002 probationem,
1890 929 1980 982 in-

328 1021 645 1075 sinuabant
670 1020 1126 1074 instrumentum
1164 1018 1568 1089 patriarchalis
1590 1018 1823 1083 notarii,
1852 1022 1980 1072 Ste-

327 1108 504 1180 phani
538 1107 804 1174 Narsitae,
838 1108 1058 1162 factum
1091 1107 1184 1162 die
1205 1109 1274 1162 23
1295 1108 1562 1181 Augusti,
1586 1107 1783 1179 elapsa
1806 1106 1979 1178 paulo

325 1202 459 1253 ante
491 1199 520 1250 4
553 1196 891 1261 indictione,
927 1198 1081 1268 quod
1133 1214 1235 1268 per
1262 1197 1476 1252 lectum
1512 1195 1855 1268 hujusmodi
1907 1195 1975 1250 ad

324 1288 568 1341 verbum
597 1289 761 1340 erat:
800 1308 820 1336 ι
857 1285 1072 1340 Mensis
1105 1286 1352 1357 Augusti
1389 1287 1480 1342 die
1500 1288 1590 1355 23,
1629 1285 1768 1341 feria
1797 1286 1854 1351 7,
1890 1285 1978 1340 in-

327 1375 579 1430 dictione
637 1377 690 1442 4,
743 1375 802 1430 in
865 1377 1173 1446 praesentia
1236 1376 1535 1431 reverendi
1594 1373 1978 1448 episcopiani,

326 1463 545 1520 domini
577 1464 943 1520 Constantini
973 1465 1367 1536 Chiromachi,
1389 1466 1676 1521 Theodori
1719 1464 1978 1519 Phialitze

325 1557 381 1607 et
412 1552 714 1608 Michaelis
744 1552 1066 1616 Chamulae,
1102 1571 1206 1609 nos
1237 1554 1501 1625 deputati
1534 1572 1567 1610 a
1603 1553 1980 1609 sanctissimo

329 1643 568 1697 domino
600 1648 800 1697 nostro
831 1647 887 1697 et
919 1642 1231 1697 universali
1295 1642 1614 1715 patriacha,
1647 1649 1703 1698 et
1733 1643 1979 1698 interve-

330 1730 527 1785 niente
558 1731 766 1786 notitia
793 1731 1044 1787 maxime
1076 1731 1426 1787 venerabilis
1465 1731 1807 1787 chartularii
1840 1748 1982 1787 san-

329 1820 607 1876 ctissima
667 1820 767 1875 Dei
816 1821 1051 1891 Majoris
1111 1820 1389 1888 ecclesiae,
1425 1821 1650 1875 domini
1691 1819 1977 1876 Eustatbii

330 1908 685 1976 Chandreni,
719 1911 788 1965 ad
825 1910 1249 1966 arcessundum
1283 1908 1725 1966 sanctissimum
1765 1913 1980 1966 metro-

333 1999 665 2070 politanum
697 1999 903 2071 Cyzici,
938 1999 1244 2054 dominum
1299 1999 1610 2068 Joannem,
1644 2003 1709 2054 ut
1766 1999 1822 2053 in
1851 2015 1978 2054 cra-

332 2088 558 2143 stinum
599 2089 821 2144 veniret
860 2089 928 2143 ad
980 2105 1208 2146 sacram
1269 2093 1532 2144 sanctam
1579 2089 1891 2161 synodum,
1926 2092 1982 2143 et

331 2192 590 2248 praesens
662 2178 895 2233 adesset
954 2178 1167 2233 futuris
1225 2178 1612 2234 electionibus
1671 2177 1980 2234 viduarum

333 2265 844 2321 sanctissimarum
869 2266 1272 2334 ecclesiarum,
1303 2266 1390 2322 vel
1424 2267 1772 2323 sententiam
1815 2283 1983 2338 expo-

334 2359 533 2421 neret;
567 2359 624 2410 et
683 2362 748 2410 ut
795 2356 844 2411 ei
879 2356 1367 2427 signiﬁcaremus,
1421 2356 1704 2424 futurum,
1760 2361 1826 2412 ut
1869 2352 1984 2412 nisi

334 2450 760 2516 comparerent,
793 2446 1086 2516 ejusmodi
1134 2446 1448 2501 electiones
1497 2446 1674 2501 etiam
1725 2447 1852 2518 ipso
1881 2448 1983 2502 ab-

335 2537 499 2588 sente
533 2535 933 2606 procederent,
993 2540 1301 2607 propterea
1357 2536 1511 2606 quod
1571 2535 1642 2591 de
1691 2536 1781 2591 his
1810 2536 1982 2591 variae

331 2623 594 2679 monitus
623 2629 777 2678 esset
807 2625 978 2679 etiam
1005 2641 1039 2679 a
1083 2625 1398 2680 reverendo
1437 2624 1846 2696 Episcopiano,
1885 2625 1985 2680 do-

331 2711 491 2768 mino
525 2712 907 2770 Constantino
955 2713 1362 2780 Chiromacho,
1397 2731 1501 2770 nec
1531 2715 1659 2786 ejus
1679 2713 1984 2770 denuntia-

329 2800 592 2857 tionibus
620 2819 821 2874 parere
841 2803 1124 2859 voluisset
1149 2822 1160 2872 ;
1194 2804 1462 2859 venimus
1491 2804 1770 2859 hodierno
1793 2804 1885 2859 die
1909 2804 1980 2859 ad

333 2889 573 2945 cellulas
604 2892 742 2946 dicti
777 2893 1138 2947 sanctissimi
1173 2893 1629 2964 metropolitani,
1659 2894 1804 2948 sitas
1847 2909 1981 2965 pro-

334 2982 463 3049 pter
493 2979 880 3036 venerabilem
914 2980 1278 3037 mansionem
1326 2983 1694 3048 Studianam,
1727 2998 1983 3054 cumque

335 3071 758 3138 reperissemus
785 3087 918 3126 eum
968 3070 1186 3127 ibidem
1243 3071 1301 3126 in
1331 3070 1546 3127 lectulo
1576 3073 1884 3143 iacentem,
1918 3074 1984 3126 ut

330 3157 433 3228 qui
465 3175 578 3214 non
611 3164 766 3216 recte
787 3159 1021 3228 valeret,
1055 3160 1309 3216 diximus
1358 3161 1431 3229 ei,
1479 3161 1980 3233 quemadmodum

2090 572 2379 646 γεγονότος
2435 569 2522 626 ἐπὶ
2582 569 2848 646 ἐξαδέλφῃ
2905 576 3002 628 τοῦ
3061 569 3524 650 ῥαιφερενδαρίου,
3582 572 3755 645 εὑρὼν

2091 658 2262 714 ἐκεῖσε
2297 659 2700 733 μετακληθέντα
2749 661 2837 716 καὶ
2876 662 2970 717 τὸν
3020 661 3279 731 Κυζίκου,
3335 658 3537 716 δέδωκε
3574 660 3756 734 τούτῳ

2092 746 2298 814 εἶ’δησιν
2328 757 2427 819 τῆς
2486 751 2860 824 γενησομένης
2904 753 3089 828 ψήφου
3144 754 3213 824 τῇ
3272 749 3496 823 ἰπιούσῃ
3553 747 3640 804 ἐπί
3701 770 3754 803 εε

2088 842 2156 912 τῇ
2220 836 2651 894 Κλαυδιουπόλει
2711 840 2802 894 καὶ
2859 843 2928 914 τῇ
2987 837 3324 913 Μαρωνείᾳ⁶
3379 837 3467 893 ἐπὶ
3523 836 3580 893 δὲ
3628 844 3749 900 ταῖς

2093 925 2316 990 λοιπαῖς
2365 930 2569 1006 ψήφοις
2618 933 2723 983 τῶν
2776 927 2972 1005 ἑτέρων
3009 925 3351 996 Ἐκκλησιῶν
3408 928 3499 982 καὶ
3561 925 3757 1002 ἐγγρά-

2091 1039 2204 1095 φως
2260 1021 2502 1094 γενέσθαι
2580 1017 2901 1075 διετείνοντο
2954 1025 3055 1090 τὴν
3119 1017 3316 1074 τούτου
3396 1015 3755 1091 μετάκλησιν.

2090 1107 2187 1161 Καὶ
2240 1109 2314 1172 εἰς
2367 1110 2696 1184 παράστασιν
2758 1116 2858 1180 τῆς
2948 1103 3331 1185 βεϐαιολογίας
3408 1107 3590 1162 αὐτῶν
3661 1105 3754 1160 καὶ

2091 1198 2386 1271 σημείωμα
2441 1198 2743 1274 ἐνεφάνιζον
2817 1203 2914 1254 τοῦ
2997 1199 3399 1274 πατριαρχικοῦ
3477 1194 3756 1269 νοταρίου,

2091 1287 2364 1364 Στεφάνου
2407 1291 2502 1342 τοῦ
2547 1287 2839 1363 Ναρσίτου,
2885 1288 3102 1364 γεγονὸς
3167 1287 3303 1341 κατά
3372 1286 3472 1354 τὴν
3529 1290 3611 1359 κγ’
3656 1288 3759 1338 τοῦ

2093 1373 2406 1450 Αὐγούστου
2462 1384 2561 1446 τῆς
2619 1378 2725 1452 πρὸ
2788 1381 2986 1452 μικροῦ
3044 1373 3369 1445 διελθούσης
3401 1371 3447 1428 δ’
3479 1372 3748 1446 ἐπινεμή-

2089 1474 2245 1534 σεως,
2305 1465 2332 1519 ὃ
2384 1465 2472 1519 καὶ
2531 1466 2867 1543 ἀναγνωσθέν
2925 1465 3012 1520 έπὶ
3072 1463 3267 1534 λέξεων
3337 1464 3482 1538 εἶχεν
3541 1460 3744 1524 οὕτως·

2091 1579 2117 1606 ‹‹
2155 1554 2303 1624 Μηνὶ
2351 1554 2648 1630 Αὐγούστῳ
2695 1557 2780 1631 κγ’
2823 1556 3006 1630 ἡμέρᾳ
3052 1559 3090 1624 ζ’
3133 1553 3503 1626 ἐπινεμήσεως
3556 1549 3620 1623 δ’,
3663 1549 3758 1606 ἐπὶ

2089 1643 2358 1715 παρουσίᾳ
2407 1649 2502 1698 τοῦ
2563 1639 2828 1708 εύΑαόοὖς
2883 1644 3300 1699 έπισκοπειανοῦ
3371 1645 3538 1719 κυροῦ
3595 1646 3754 1695 Κων-

2092 1733 2366 1787 σταντίνου
2409 1737 2507 1788 τοῦ
2561 1734 2936 1808 Χειρομάχου,
2984 1729 3269 1806 Θεοδώρου
3325 1734 3423 1785 τοῖ’)
3481 1728 3756 1786 Φιαλίτου

2089 1823 2179 1876 καὶ
2212 1821 2447 1898 Μιχαὴλ
2477 1827 2574 1877 τοῦ
2605 1821 2902 1895 Χαμούλη,
2937 1821 3253 1896 ὡρισθέντες
3282 1820 3429 1895 παρά
3475 1822 3575 1874 τοῦ
3623 1839 3758 1873 παν-

2087 1911 2393 1986 αγιωτάτου
2478 1913 2639 1984 ἡμῶν
2727 1908 2990 1965 δεσπότου
3065 1908 3157 1964 καὶ
3217 1907 3602 1982 οἶκουμενικοῢ
3653 1927 3760 1962 πα-

2086 2001 2376 2075 τριάρχου,
2411 1997 2613 2071 εἷδήσει
2657 2000 2749 2054 καὶ
2790 2003 2887 2054 τοῦ
2942 1996 3279 2072 τιμιωτάτου
3325 1994 3752 2073 χαρτοφύλακος

2087 2092 2186 2158 τῆς
2236 2087 2544 2163 ἁγιωτάτης
2589 2092 2686 2144 τού
2735 2090 2873 2146 Οεοῦ
2902 2085 3180 2164 ’Μεγάλης
3232 2083 3530 2156 ἐκκλησίας
3581 2089 3753 2160 κυροῦ

2091 2179 2395 2244 Εὐστιθίου
2436 2184 2533 2235 τοῦ
2577 2176 2917 2255 Χανδρηνοῦ,
2954 2175 3416 2252 μετακαλέσασθαι
3473 2177 3567 2232 τὸν
3616 2196 3754 2230 παν-

2095 2269 2383 2344 ιερώτατον
2473 2267 2892 2345 μητροπολίτην
2964 2267 3197 2338 Κυζίκου
3267 2271 3432 2343 κῦρον
3485 2267 3745 2336 Ἰωάννην

2093 2357 2330 2422 ἀνελθεῖν
2387 2359 2525 2414 κατὰ
2577 2361 2675 2429 τὴν
2731 2356 2916 2435 αὔριον
2972 2357 3048 2421 εἷς
3106 2359 3204 2426 τήν
3259 2354 3404 2411 θείαν
3462 2353 3552 2410 καὶ
3607 2353 3757 2431 ἱερὰν

2095 2444 2334 2518 σύνοδον,
2381 2447 2471 2502 καὶ
2531 2449 2893 2524 παρουσιάσαι
2946 2447 3035 2502 ἐπὶ
3096 2451 3215 2508 ταῖς
3280 2443 3617 2519 μελλούσαις
3664 2465 3754 2518 γε·

2090 2535 2267 2600 νέσθαι
2322 2539 2530 2615 ψήφοις
2577 2541 2683 2592 τῶν
2735 2540 3092 2613 χηρευουσῶν
3143 2536 3456 2610 ἁγιωτάτων
3512 2530 3756 2605 Ἐκκλη-

2094 2629 2246 2696 σιῶν,
2280 2624 2567 2700 ἣγκώμην
2619 2625 2886 2693 ἐκθέσθαι,
2917 2625 3007 2679 καὶ
3055 2621 3364 2695 ἀναδιδάξαι
3420 2628 3614 2679 τοῦτον
3675 2623 3754 2687 ὡς

2091 2713 2137 2768 εἷ
2191 2715 2266 2787 μή
2319 2714 2461 2769 οὕτω
2505 2716 2748 2786 ποιήσει,
2801 2713 3096 2788 μέλλουσιν
3155 2713 3211 2768 αἱ
3266 2710 3512 2768 τοιαῦται
3571 2715 3748 2791 ψῆφοι

2091 2799 2364 2879 προϐῆναι
2424 2803 2513 2858 καὶ
2573 2803 2806 2875 ἀπουσίᾳ
2862 2803 3051 2875 αὐτοῦ,
3103 2799 3192 2858 διὰ
3247 2801 3311 2857 τὸ
3367 2801 3492 2877 περὶ
3546 2803 3756 2858 τούτων

2095 2899 2397 2966 μηνοθῆναι
2449 2893 2608 2948 αὐτὸν
2663 2889 2936 2971 διαφόρως
2982 2892 3074 2947 καὶ
3121 2892 3270 2968 παρὰ
3333 2895 3433 2946 τοῦ
3491 2885 3758 2952 εύλαϐοῦς

2091 2980 2526 3055 έπισκοπειανοῢ,
2585 2985 2754 3058 κοροῦ
2831 2980 3233 3037 Κωνσταντίνου
3304 2984 3402 3036 τοῦ
3478 2979 3754 3057 Χειρομά-

2092 3091 2220 3146 χου,
2252 3071 2338 3127 καὶ
2376 3073 2450 3144 μὴ
2487 3069 2714 3142 θελῆσαι
2757 3071 2826 3126 τὰ
2863 3069 3060 3126 τούτου
3113 3068 3407 3144 μηνύματα
3460 3068 3754 3145 ἐκπληρώ-

2094 3182 2219 3215 σαι-
2272 3161 2578 3240 ἀφικόμεθα
2629 3162 2730 3230 τὴν
2789 3162 3030 3235 σήμερον
3084 3157 3136 3216 έν
3194 3163 3314 3222 τοῖς
3360 3157 3603 3220 κελλίοις
3650 3159 3746 3211 τοῦ

329 3224 366 3301 8:
393 3249 766 3319 patriarcbali
797 3254 854 3304 et
885 3224 1050 3305 sacra
1081 3250 1359 3320 dignitate
1390 3224 1654 3323 deputati
1691 3267 1982 3308 essemus.

2099 3224 2349 3326 ῥηθέντος
2407 3224 3323 3326 πιανιερωτάτουΠμήτροπολίτου,
3377 3252 3492 3310 τοῖς
3544 3243 3741 3300 διακει-

331 3336 405 3391 ad
437 3353 503 3392 ea
533 3354 659 3410 quae
682 3354 863 3408 supra
883 3339 1142 3394 indicata
1163 3343 1322 3406 sunt,
1357 3339 1554 3411 ipsum
1585 3339 1984 3396 exhortantes.

333 3423 559 3496 Quippe
588 3428 635 3481 si
670 3428 936 3483 fortassis
965 3427 1091 3500 ipse
1111 3427 1196 3484 vel
1231 3445 1486 3499 presseris
1516 3445 1645 3484 esse
1675 3427 1768 3484 die
1789 3427 1988 3484 crasti-

336 3529 412 3568 no
444 3514 657 3570 futuris
691 3517 784 3586 (ut
815 3515 1036 3571 dictum
1067 3516 1179 3588 est)
1203 3515 1590 3573 electionibus
1612 3517 1985 3574 viduatarum

337 3603 851 3660 sanctissimarum
885 3605 1287 3671 ecclesiarum,
1319 3605 1406 3660 vel
1435 3606 1788 3662 sententiam
1813 3608 1884 3662 de
1914 3607 1987 3663 iis

337 3707 504 3747 suam
539 3709 825 3764 exponere
856 3693 1067 3750 nollet:
1104 3711 1201 3750 eas
1227 3695 1403 3750 etiam
1437 3695 1565 3766 ipso
1589 3695 1831 3752 absente
1853 3713 1986 3768 pro-

337 3797 628 3838 cessuras.
664 3782 767 3839 Ille
823 3799 958 3839 vero
1018 3784 1188 3840 nobis
1240 3785 1563 3856 respondit,
1602 3784 1779 3841 etiam
1839 3785 1986 3842 alias

336 3870 488 3926 facta
520 3888 650 3927 esse
706 3889 811 3944 pro
874 3873 1136 3929 ecclesiis
1184 3873 1498 3930 electiones
1528 3891 1563 3929 a
1592 3876 1987 3932 confratribus

339 3960 485 4027 suis,
521 3959 743 4033 absque
774 3963 1085 4033 praesentia
1111 3963 1515 4034 sententiaque
1573 3981 1699 4020 sua.
1733 3967 1990 4036 Quapro-

341 4052 470 4120 pter
501 4050 654 4106 idem
689 4052 762 4106 ab
790 4051 876 4108 eis
906 4051 1082 4107 etiam
1115 4052 1177 4108 in
1206 4053 1464 4109 viduatis
1509 4055 1678 4109 modo
1725 4053 1989 4110 ecclesiis

342 4139 695 4196 faciendum.
726 4141 852 4197 Non
883 4143 1037 4197 enim
1068 4143 1262 4197 venire
1293 4159 1356 4198 se
1411 4159 1583 4214 posse
1635 4144 1707 4199 ad
1757 4160 1988 4200 sacram

338 4234 607 4286 sanctam
635 4232 946 4303 synodum,
973 4236 1032 4288 et
1061 4231 1444 4287 electionibus
1471 4234 1698 4300 adesse,
1731 4238 1993 4306 propter-

339 4334 407 4374 ea
433 4320 590 4390 quod
624 4322 832 4376 acriter
862 4325 1181 4392 wgrotaret.
1216 4321 1356 4376 Inde
1413 4321 1669 4376 multum
1727 4339 1762 4376 ο.
1816 4323 1988 4380 nobis

340 4412 607 4479 rogatus,
638 4413 704 4464 ut
726 4410 815 4465 vel
848 4411 1198 4466 sententiam
1239 4426 1408 4465 suam
1461 4414 1794 4481 exponeret,
1826 4429 1898 4468 ne
1928 4413 1985 4468 id

343 4498 579 4569 quidem
613 4500 801 4556 facere
831 4499 1031 4555 voluit.
1063 4500 1146 4554 Ad
1207 4499 1418 4554 horum
1465 4499 1644 4572 igitur
1673 4500 1986 4559 indicatio-

2101 3341 2286 3414 μένοις
2343 3337 2578 3410 πλησίον
2635 3359 2725 3394 και
2761 3339 3015 3416 σύνεγγυς
3067 3345 3168 3409 τῆς
3224 3333 3512 3412 σεϐασμίος
3573 3339 3745 3409 μονῆς

2094 3431 2206 3483 τῶν
2240 3425 2527 3498 Στουδίου,
2561 3427 2650 3483 καὶ
2680 3427 2996 3504 ἐντυχόντες
3049 3427 3230 3501 τούτῳ
3267 3425 3438 3482 ἐκεῖσε
3485 3423 3573 3481 έπὶ
3621 3423 3753 3479 κλί-

2094 3539 2194 3588 νης
2251 3516 2511 3590 κειμένῳ,
2574 3517 2648 3580 ὡς
2707 3516 3000 3594 ἀρρώστως
3056 3513 3263 3593 ἔχοντι,
3323 3512 3549 3590 εἷ’πομεν
3618 3513 3756 3590 πρὸς

2096 3607 2253 3663 αὐτὸν
2294 3608 2474 3669 καθὼς
2522 3608 2670 3680 παρᾶ
2711 3613 2810 3676 τῆς
2850 3612 3262 3683 πατριαρχικῆς
3304 3603 3396 3660 καί
3453 3604 3602 3666 θείας
3664 3622 3759 3677 με·

2094 3697 2452 3775 γαλειότητος
2511 3694 2847 3771 ὡρίσθημεν,
2881 3694 2980 3751 ὅσα
3037 3696 3065 3750 6
3124 3693 3292 3771 λόγος
3320 3694 3580 3771 ἀνωτέρω
3638 3689 3763 3762 ἐδή-

2097 3785 2262 3855 λωσε,
2295 3785 2802 3862 παρεγγυησάμενοι
2859 3783 3060 3858 τούτῳ.
3116 3785 3229 3857 Ὦς,
3291 3779 3442 3858 εἴπερ
3502 3781 3635 3846 ἴσως
3695 3781 3759 3837 ού

2099 3874 2316 3946 θελήσει
2368 3875 2524 3936 οὗτος
2565 3874 2600 3943 ἢ
2650 3875 3012 3950 παρουσιάσαι
3059 3873 3196 3929 κατά
3265 3874 3365 3942 τήν
3435 3869 3625 3948 αὔριον
3681 3871 3760 3934 εἷς

2095 3965 2190 4030 τὰς
2235 3964 2602 4040 γενησομένας
2637 3964 2733 4035 (ὡς
2781 3960 3016 4040 εἷ’ρηται)
3056 3965 3274 4041 ψήφους
3320 3965 3429 4016 τῶν
3483 3980 3760 4037 χηρευου-

2099 4059 2202 4109 σῶν
2264 4051 2575 4130 ἁγιωτάτων
2635 4050 3000 4124 Ἐκκλησιῶν,
3031 4051 3066 4121 ἢ
3115 4051 3343 4127 γνώμην
3397 4050 3482 4106 ἐπὶ
3535 4049 3760 4113 ταύταις

2098 4144 2349 4212 ἐκθεῖναι,
2382 4137 2754 4217 προϐήσονται
2815 4141 2969 4196 αὗται
3023 4140 3114 4196 καὶ
3170 4139 3406 4211 ἀπουσίᾳ
3461 4139 3647 4198 αὐτοῦ.
3695 4141 3760 4198 Ὁ

2100 4231 2156 4288 δὶ
2185 4233 2321 4308 πρὸς
2351 4233 2499 4306 ἡμᾶς
2551 4233 2816 4308 ἀπεκρίθη
2862 4235 3050 4288 ταῦτα·
3080 4231 3154 4293 ὡς
3198 4231 3286 4286 καὶ
3341 4227 3544 4285 ἄλλοτε
3595 4230 3762 4305 προέ-

2098 4318 2270 4394 ϐησαν
2301 4325 2476 4400 ψῆφοι
2509 4321 2854 4392 Ἐκκλησιῶν
2898 4320 3044 4397 παρὰ
3088 4324 3195 4375 τῶν
3249 4317 3446 4375 τούτου
3494 4316 3761 4374 συναδέλ-

2099 4434 2212 4492 φων
2256 4409 2722 4487 ἅνευπαρουσίας
2767 4409 2935 4466 αὐτοῦ
2977 4408 3067 4466 καὶ
3114 4409 3366 4486 γνώμης.
3406 4411 3580 4464 Τοῦτο
3625 4412 3757 4484 γοῦν

2097 4502 2333 4579 γενέσθω
2388 4502 2515 4575 παρ’
2548 4499 2726 4555 αὐτῶν
2781 4499 2874 4554 καὶ
2931 4497 3020 4554 ἐπὶ
3077 4503 3196 4561 ταῖς
3245 4502 3337 4552 νῦν
3389 4496 3762 4574 χηρευούσαις

344 4603 501 4654 nem,
533 4605 789 4660 praesens
811 4591 1272 4645 instrumentum
1305 4588 1702 4660 confecimus;
1735 4594 1889 4662 quod
1929 4593 1983 4649 in

2099 4589 2472 4661 Ἐκκλησίαις·
2506 4588 2568 4644 ού
2599 4589 2702 4665 γὰτ
2745 4586 2967 4645 δύναται
3015 4587 3259 4644 ἀνελθεῖν
3320 4585 3397 4650 εἷς
3452 4588 3552 4656 τὴν
3613 4587 3760 4644 Θείαν

343 4676 568 4734 litteras
601 4678 875 4746 relatum,
905 4684 962 4734 et
994 4695 1098 4750 pro
1131 4693 1292 4733 more
1330 4677 1794 4751 corroboratum,
1826 4681 1988 4737 dedi-

345 4783 479 4824 mus
511 4785 712 4826 mense
762 4775 819 4824 et
871 4767 1192 4824 indictione
1236 4783 1416 4839 supra
1453 4767 1709 4839 scriptis.
1739 4769 1990 4828 Humilis

345 4856 628 4916 diaconus
659 4858 1051 4916 sanctissimas
1084 4856 1184 4912 Dei
1215 4857 1453 4928 Majoris
1482 4856 1770 4927 Ecclesiae,
1802 4864 1857 4916 et
1887 4877 1988 4932 pa-

339 4948 674 5006 triarcbalis
729 4947 1017 5015 notarius,
1074 4946 1411 5019 Stephanus
1470 4947 1753 5020 Narsites,
1812 4949 1989 5007 subs-

337 5040 414 5094 cri
424 5040 560 5112 psit.
597 5060 624 5089 ι)

2099 4681 2188 4737 καὶ
2219 4681 2364 4751 ἱερὰν
2396 4676 2646 4752 σύνοδον,
2675 4679 2766 4734 καὶ
2811 4679 3169 4755 παρουσιάσαι
3218 4676 3307 4733 ἐπὶ
3353 4681 3474 4742 ταῖς
3527 4679 3756 4753 ψήφοις.

2101 4767 2192 4825 διὰ
2234 4769 2297 4824 τὸ
2342 4767 2534 4830 δεινῶς
2591 4765 3002 4839 νοσηλεύεσθαι.
3046 4764 3241 4824 Πολλὰ
3284 4771 3414 4844 γοῦν
3467 4765 3758 4839 παρακλη-

2101 4857 2211 4922 θεὶς
2268 4858 2395 4934 παρ’
2446 4858 2610 4930 ἡμῶν
2665 4854 2760 4912 κᾶν
2818 4857 3046 4934 γνώμην
3107 4854 3372 4928 έκθέσθαι,
3423 4852 3549 4911 οὐδὲ
3593 4858 3758 4911 τοῦτο

2099 4953 2326 5016 ποιῆσαι
2357 4945 2649 5016 ἠθέλησεν.
2677 4945 2772 5009 Εἲς
2799 4943 3044 5017 δήλωσιν
3077 4944 3168 5000 οὗν
3199 4944 3409 5000 τούτων
3461 4945 3562 5014 τὴν
3611 4963 3756 5015 παρ-

2101 5041 2262 5092 οῦσαν
2320 5036 2621 5110 σημείωσιν
2690 5033 2996 5109 ἐξεθέμεθα,
3055 5034 3116 5103 ἣν
3174 5027 3609 5110 παρεκϐαλόντες
3661 5033 3748 5088 καὶ

337 5129 586 5198 συνήθως
645 5124 1049 5198 πιστωσάμενοι
1108 5122 1510 5198 ἐπιδεδώκαμεν
1575 5125 1708 5198 μηνὶ
1756 5127 1848 5181 καὶ
1897 5127 2214 5202 έπινεμήσει
2239 5130 2358 5190 τοῖς
2385 5124 2923 5202 προγεγραμμένοις.
2956 5125 3013 5178 '0
3071 5121 3300 5193 εὐτελὴς
3354 5119 3599 5185 διάκονος
3651 5121 3753 5190 τῆς

337 5215 642 5292 ἁγιωτάτης
668 5221 765 5272 τοῦ
795 5220 928 5271 Θεοῦ
960 5213 1219 5292 Μεγάλης
1255 5211 1549 5286 ἐκκλησίας
1578 5216 1670 5270 καὶ
1699 5216 2104 5294 πατριαρχικὸς
2131 5213 2382 5293 νοτάριος
2409 5213 2682 5292 Στέφανος
2714 5214 2742 5269 6
2773 5214 3070 5292 Ναρσίτης.
3107 5237 3130 5266 ι

407 5345 461 5399 2.
498 5345 703 5415 Itaque
758 5342 950 5400 verbis
1001 5341 1181 5412 hujus
1229 5341 1609 5398 instrumenti
1677 5344 1988 5401 abutentes

339 5432 660 5488 adversarii
703 5433 986 5506 Cycizeni,
1049 5433 1118 5488 ad
1178 5447 1384 5488 omnes
1440 5429 1754 5490 electiones
1807 5433 1985 5490 etiam

338 5520 683 5596 Cyzizenum
715 5524 1062 5580 arcessitum
1095 5522 1278 5578 fuisse
1310 5520 1602 5577 dicebant.
1650 5524 1730 5579 Ac
1757 5538 1818 5578 se
1849 5523 1986 5595 qui-

337 5612 494 5677 dem,
557 5613 712 5681 quod
764 5612 858 5670 sui
905 5613 1114 5670 fuisset
1153 5609 1440 5679 muneris,
1482 5611 1735 5682 fecisse;
1783 5627 1986 5668 verum

333 5701 536 5772 ipsum
567 5699 826 5762 noluisse
855 5717 1193 5776 comparere
1219 5718 1233 5759 :
1267 5699 1547 5759 addentes
1581 5698 1985 5774 episcopianos

2174 5342 2241 5417 β’.
2286 5341 2418 5404 Τοῖς
2486 5337 2576 5396 οὖν
2650 5338 2859 5416 ῥήμασι
2908 5342 3006 5395 τοῦ
3061 5336 3313 5394 τοιούτου
3370 5340 3763 5415 σημειώματος

2097 5429 2493 5507 ἀποχρώμενοι
2562 5430 2614 5485 οἳ
2664 5432 2764 5485 τοῦ
2837 5429 3070 5499 Κυζίκου
3127 5426 3417 5498 ἀντίθετοι,
3472 5425 3663 5507 ἔλεγον
3705 5430 3758 5486 έν

2097 5521 2293 5581 πάσαις
2348 5524 2468 5581 ταῖς
2524 5520 2732 5596 ψήφοις
2815 5515 3158 5594 μετάκλητον
3217 5516 3465 5594 γενέσθαι
3523 5519 3614 5576 καὶ
3663 5521 3759 5577 τὸν

2095 5607 2353 5679 Κυζίκου·
2386 5608 2477 5664 καὶ
2509 5609 2665 5665 αὐτοὶ
2703 5609 2798 5684 μὶν
2825 5608 2888 5664 τὸ
2927 5606 3130 5664 οῗκεῖον
3179 5608 3536 5680 ποιήσασθαι,
3561 5612 3759 5667 τοῦτον

2095 5692 2156 5752 δὲ
2214 5697 2291 5773 μὴ
2345 5695 2574 5765 θελῆσαι
2623 5695 3007 5776 παρουσιάσαι·
3045 5696 3468 5775 προστιθέμενοι
3522 5699 3607 5756 ὅτι
3667 5699 3761 5757 καὶ
