4130 6362
349 419 470 478 445

1512 419 1904 483 ΝΟνΕΙιῙπΕ
1947 413 2654 478 CONSTITUTIONES.

3651 404 3771 464 446

351 546 759 605 έπισκοπειανοὶ
832 551 947 604 κατ’
1021 550 1321 627 ἐπιτροπὴν
1394 548 1492 606 τοῦ
1581 547 2001 629 θεοφιλεστάτου

2129 563 2350 620 quoque
2393 547 2570 618 jussu
2629 541 3058 616 religiosissimi
3114 538 3458 595 chartularii
3507 538 3577 593 de
3609 553 3771 592 more

353 637 781 716 χαρτοφύλακος
820 640 958 695 κατὰ
998 641 1060 696 τὸ
1106 638 1228 704 ἔθος
1278 639 1657 712 ἀπεστάλησαν
1715 640 1791 702 είς
1838 639 1906 693 τὰ
1955 637 2007 692 έν

356 728 436 790 οἷς
471 729 762 800 καταμένει
808 729 1006 785 κελλία
1053 731 1080 785 6
1125 731 1379 799 Κυζίκου,
1415 725 1536 794 ἔνθα
1565 730 1656 784 καὶ
1687 729 1714 782 ὁ
1745 747 2007 804 πατριαρ-

354 817 518 892 χικὸς
550 819 801 893 νοτάριος
851 817 937 873 ἐπὶ
983 822 1052 893 τῇ
1105 817 1325 893 δευτέρᾳ
1368 823 1538 897 ψήφῳ
1583 816 2007 891 ἐπιδεδήμηκεν,

357 907 432 969 ὡς
483 904 832 978 διείληπται,
886 907 976 963 καὶ
1032 907 1458 982 μετεκαλέσαντο
1512 913 1703 964 τοῦτον
1757 908 1894 962 κατὰ
1945 907 2008 962 τὸ

359 995 582 1066 σύνηθες
616 995 694 1058 εἰς
748 996 843 1059 τὰς
890 992 1309 1072 προϐησομένας
1366 1000 1491 1067 παρ’
1530 999 1706 1055 αὐτῶν
1767 999 2006 1074 ψήφους·

365 1092 574 1164 οἵτινες,
611 1093 860 1158 ἐλθόντες
891 1101 1123 1170 πρῶτων
1159 1098 1254 1171 μὶν
1288 1097 1362 1161 εἰς
1409 1099 1500 1153 τὸν
1546 1097 1847 1172 ἁγιώτατόν
1902 1118 2008 1170 μου

365 1181 624 1254 δεσπότην
686 1185 775 1239 καὶ
831 1183 1210 1260 οἷκουμενικὸν
1265 1189 1661 1265 πατριάρχην,
1713 1189 1806 1242 εἶθ’
1866 1186 2009 1241 οὕτω

357 1273 445 1326 καὶ
491 1273 626 1347 πρὸς
669 1271 884 1342 αὐτους,
935 1276 1084 1330 εἶπον
1136 1277 1211 1348 μὴ
1267 1275 1506 1352 ἐφευρεῖν
1562 1281 1752 1330 τοῦτον
1803 1274 1856 1330 ἐν
1886 1281 2007 1337 τοίς

356 1360 520 1416 αὐτοῦ
567 1359 834 1418 κελΛίοιςο
899 1369 1086 1437 μαθεῖν
1137 1363 1195 1419 δὲ
1245 1364 1328 1419 ὅτι
1376 1362 1426 1421 ἔν
1476 1387 1585 1421 τινι
1640 1371 1740 1434 τῆς
1795 1363 2009 1424 πόλεως

354 1450 662 1525 προαστείῳ
694 1449 893 1530 διάφει.
928 1451 1109 1509 Ἀλλὰ
1144 1454 1234 1509 καὶ
1283 1455 1422 1530 πρὸς
1470 1459 1641 1510 ταῦτα
1687 1456 1714 1508 6
1772 1453 2009 1524 Κυζίκου

356 1540 728 1615 γενναιότερον
763 1542 1112 1614 ἆντικατέστη
1163 1548 1279 1608 τοῖς
1331 1543 1603 1608 τοιούτοις
1660 1541 2010 1617 συλλειτουρο

355 1635 498 1705 γοῖς,
529 1631 667 1708 πρὸς
699 1636 794 1704 μὲν
823 1633 915 1688 τὸν
966 1638 1064 1688 τοῦ
1109 1633 1336 1691 Ἰκονίου
1395 1634 1555 1709 λόγον
1615 1635 2007 1708 προσθέμενος,

358 1719 438 1782 ὡς
469 1716 731 1775 οὐδέποτε
777 1723 1002 1793 τοιαύτη
1056 1722 1397 1799 πρόσκλησις
1443 1723 1502 1778 ἐκ
1546 1727 1642 1778 τοῦ
1669 1725 2012 1799 παρήκοντος

357 1811 482 1886 περὶ
544 1812 731 1886 ψήφου
788 1811 928 1888 πρὸς
987 1812 1403 1889 μητροπολίτην
1437 1813 1625 1889 γέγονε
1665 1814 1814 1890 παρὰ
1859 1833 2012 1868 συνα-

359 1896 566 1978 δέλφου
625 1899 809 1970 αὐτοῦ,
883 1897 996 1977 εἶ’γε
1057 1902 1147 1956 καὶ
1207 1900 1331 1974 δοίη
1389 1925 1472 1966 τις
1523 1907 1684 1958 τοῦτο
1742 1903 2006 1978 γενέσθαι·
2041 1938 2090 2003 Β

358 1995 510 2053 ἀλλὰ
537 1998 683 2074 παρά
717 2001 825 2053 τῶν
884 2001 1132 2070 συνήθως
1186 1999 1564 2074 στελλομένων
1619 1999 1696 2063 εἷς
1753 2003 1850 2070 τήν
1911 2004 2012 2066 τῆς

357 2089 550 2162 ψήφου
607 2085 974 2160 μετάκλησιν,
1024 2088 1219 2165 -κυρίας
1271 2091 1617 2162 τυπουμένης
1647 2096 1747 2160 τῆς
1802 2088 1887 2144 ἐπὶ
1941 2092 2010 2163 τῇ

356 2177 532 2254 ψήφῳ
578 2178 810 2250 ἡμέρας,
859 2178 948 2231 καὶ
997 2179 1143 2254 παρᾶ
1183 2183 1279 2233 τοῦ
1310 2178 1730 2258 χαρτοφόλακος
1782 2178 2010 2234 στελλο-

360 2266 541 2340 μένων
593 2269 702 2319 τῶν
734 2267 1032 2340 ξμηνυτῶν,
1082 2268 1171 2322 καὶ
1226 2267 1368 2323 οὕτω
1416 2273 1524 2324 τῶν
1584 2269 1931 2342 μηνυθέντων
1975 2266 2010 2338 ἢ

357 2353 809 2426 αὖτοπροσώπως
861 2361 1379 2432 παρουσιαζοντων,
1445 2359 1480 2428 ἢ
1536 2355 1625 2413 διὰ
1669 2357 2011 2435 γραμμάτων

356 2445 670 2520 ὁμοψήφων
700 2444 1024 2519 γινομένων,
1081 2446 1116 2515 ἢ
1148 2447 1236 2501 καὶ
1297 2447 1868 2522 ἀντιγνωμοτούντων,
1915 2445 2014 2517 δή·

356 2533 468 2604 λης
525 2532 741 2595 πάντως
771 2534 1067 2609 γινομένης
1098 2539 1177 2608 τῷ
1207 2539 1583 2615 ψηφηφορικῷ
1615 2543 1714 2607 τῆς
1745 2535 2012 2614 ἐγγράφου

357 2623 593 2698 γνώμης
652 2622 852 2696 αὐτων,
903 2625 994 2678 καὶ
1049 2621 1138 2680 διὰ
1200 2629 1305 2681 τῶν
1365 2625 1708 2702 γραμμάτων
1765 2631 2014 2701 παρεῖναι

360 2709 674 2766 δοκούντων
725 2711 816 2766 καὶ
873 2716 979 2767 τῶν
1033 2713 1303 2772 ἀπόντων.
1364 2715 1513 2770 Ἐπεὶ
1565 2713 1679 2787 οὖν,
1729 2715 1861 2794 φησῖ
1909 2715 2014 2790 πρὸ

367 2805 496 2874 μιᾶς
529 2806 626 2869 τῆς
674 2799 762 2855 ἐπὶ
808 2804 878 2875 τῇ
928 2803 1096 2880 ψήφῳ
1143 2804 1333 2880 κυρίας
1378 2805 1514 2860 κατά
1536 2805 1626 2859 τὸν
1659 2809 1755 2859 τοῦ
1786 2805 2015 2862 Ἰκονίου

366 2885 532 2964 λὸγον
557 2891 627 2964 τῇ
677 2888 888 2964 μεγάλῃ
933 2890 1094 2946 πόλει
1141 2895 1344 2968 παρῆν,
1388 2893 1475 2948 καὶ
1532 2894 1653 2964 ἑξῆς
1707 2898 1828 2956 ταῖς
1883 2894 2017 2965 μετά

371 2979 470 3047 τὴν
500 2981 675 3055 ψῆφον
708 2980 963 3055 ἡμέραις,
995 2984 1111 3044 πῶς
1142 3003 1276 3037 ποτε
1324 2984 1428 3060 ἄρα
1471 2984 1563 3038 καὶ
1611 2976 1913 3039 πιστευτέοι
1963 2985 2015 3038 οἱ

370 3065 611 3144 λέγοντες
661 3069 735 3142 μὴ
787 3074 1033 3144 παρεῖναι
1077 3075 1268 3126 τοῦτον
1298 3076 1366 3145 τῇ
1398 3072 1608 3149 μεγάλῃ
1669 3071 1828 3128 πόλει
1880 3073 2018 3129 κατὰ

365 3156 459 3211 τὸν
504 3163 606 3228 τῆς
660 3159 845 3235 ψήφου
903 3157 1132 3232 καιρόν;
1192 3159 1290 3214 Καὶ
1349 3159 1525 3231 ἐζήτει
1575 3162 2016 3236 προκομισθῆναι

358 3245 450 3302 καὶ
500 3246 591 3300 τὸν
643 3246 1055 3324 ψηφηφορικὸν,
1105 3248 1195 3302 καὶ
1255 3248 1698 3325 ἀναθεωρηθῆναι
1726 3254 1910 3321 τοῦτο,
1968 3249 2013 3304 εἰ

2120 637 2335 693 missos
2367 638 2433 692 ad
2468 652 2566 691 eas
2608 633 2788 688 fuisse
2819 631 3077 704 Cyzizeni
3111 629 3376 696 cellutas,
3437 628 3493 681 in
3555 626 3771 698 quibus

2120 726 2676 792 commorabantur;
2710 722 2809 777 ubi
2869 726 2924 776 et
2977 718 3383 791 patriarchalis
3414 717 3678 772 notarius
3709 715 3768 770 in

2119 814 2402 871 electione
2435 815 2691 870 secunda
2722 827 2980 885 praesens
3013 810 3207 877 fuerit,
3265 808 3348 862 uti
3380 807 3600 860 dictum
3635 809 3725 860 est
3753 823 3766 860 :

2119 909 2295 975 atque
2329 904 2433 959 hos
2465 921 2567 975 pro
2601 918 2756 958 more
2789 899 3134 973 Cyzizenum
3195 898 3267 953 ad
3299 895 3614 952 electiones
3669 909 3773 965 per

2119 993 2278 1064 ipsos
2310 994 2704 1048 conﬁciendas
2757 989 3155 1046 arcessivisse.
3189 989 3453 1058 Cumque
3482 984 3776 1040 redissent

2117 1082 2213 1138 isti
2248 1083 2504 1154 primum
2540 1081 2610 1136 ad
2663 1079 3107 1136 sanctissimum
3141 1075 3445 1131 dominum
3488 1091 3683 1130 meum
3717 1076 3774 1129 et

2122 1171 2507 1226 universalem
2541 1168 2954 1242 patriarcham,
2989 1166 3197 1222 deinde
3241 1165 3312 1220 ad
3344 1164 3505 1236 ipsos
3537 1179 3772 1236 quoque

2121 1260 2356 1329 dixisse,
2393 1278 2506 1316 non
2539 1259 2830 1314 invenisse
2855 1273 2916 1312 se
2938 1256 3236 1312 hominem
3270 1255 3327 1309 in
3359 1252 3588 1310 cellulis
3619 1252 3767 1318 suis,

2120 1358 2478 1414 intellexisse
2508 1373 2662 1427 vero,
2697 1356 2756 1410 in
2794 1356 3046 1427 quodam
3080 1370 3215 1408 eum
3267 1352 3608 1407 suburbano
3668 1350 3774 1404 de-

2118 1463 2268 1519 gere.
2304 1448 2412 1503 Sed
2449 1445 2635 1501 adilla
2667 1461 2902 1517 quoque
2935 1443 3162 1498 fortiter
3193 1458 3319 1497 sese
3349 1437 3775 1495 comministris

2119 1537 2244 1593 suis
2275 1536 2589 1610 Cyzizenus
2622 1534 2919 1606 opposuit,
2954 1548 3088 1586 cum
3147 1531 3217 1586 ad
3274 1527 3596 1584 lconiensis
3644 1542 3774 1581 ora-

2119 1627 2333 1682 tionem
2369 1628 2667 1697 adjiceret,
2702 1625 2751 1679 si
2785 1622 3037 1678 maxime
3072 1620 3205 1692 quis
3255 1619 3616 1684 concederet,
3649 1632 3772 1670 rem

2119 1716 2200 1772 ila
2229 1721 2452 1786 gestam
2469 1730 2596 1770 esse
2623 1732 2635 1781 ;
2673 1728 2979 1783 nunquam
3011 1715 3207 1765 tamen
3241 1704 3774 1779 ejusmodicitatio-

2121 1821 2256 1860 nem
2292 1803 2595 1859 electionis
2654 1818 2832 1857 causa
2885 1800 3074 1856 obiter
3129 1799 3202 1853 ad
3259 1795 3776 1867 metropolitanum

2120 1910 2249 1950 esse
2278 1893 2491 1949 factam
2522 1910 2556 1949 a
2585 1893 2876 1947 confratre
2908 1906 2921 1944 :
2957 1888 3058 1944 sed
3091 1888 3163 1942 ab
3195 1885 3312 1940 illis
3346 1884 3447 1956 qui
3479 1900 3582 1956 pro
3615 1897 3778 1937 more

2123 1984 2443 2040 mittuntur
2471 1980 2814 2037 arcessitum
2847 1979 2919 2033 ad
2950 1976 3320 2046 electionem,
3353 1973 3660 2045 designato
3687 1971 3776 2026 fa-

2121 2073 2224 2130 tali
2274 2071 2574 2128 electionis
2633 2071 2748 2139 die,
2808 2068 3134 2140 legatisque
3190 2061 3769 2120 denuntiatoribusa

2123 2161 2489 2219 Chartulario
2517 2179 2530 2229 ;
2564 2164 2742 2231 atque
2767 2158 2848 2214 ita
2877 2156 3072 2212 citatis
3095 2153 3255 2210 velin
3275 2168 3526 2225 persona
3541 2149 3779 2222 propria

2121 2251 2615 2324 comparentibus,
2647 2247 2734 2304 vel
2766 2263 2869 2319 per
2892 2245 3118 2300 litteras
3157 2242 3503 2298 electionem
3563 2255 3776 2310 appro-

2123 2343 2425 2411 bantibus,
2457 2343 2559 2396 aut
2588 2335 3028 2407 rejicientibus:
3063 2348 3315 2405 quorum
3373 2329 3613 2402 quidem
3639 2342 3779 2383 sen-

2123 2432 2307 2487 tentia
2354 2429 2573 2501 scripto
2627 2425 3072 2496 comprehensa,
3122 2422 3206 2477 sic
3237 2417 3486 2492 exprimi
3533 2434 3635 2488 per
3663 2415 3778 2471 ele-

2125 2520 2335 2575 ctionis
2366 2519 2666 2574 decretum
2699 2515 2926 2581 debeat,
2953 2517 3019 2568 ut
3047 2511 3224 2567 etiam
3257 2509 3529 2564 absentes
3562 2522 3665 2578 per
3685 2505 3779 2560 lit-

2125 2613 2280 2664 teras
2337 2607 2600 2663 adfuisse
2648 2605 2978 2659 videantur.
3039 2597 3526 2668 Quandoquidem
3576 2593 3776 2667 igitur,

2124 2698 2333 2770 inquit,
2367 2697 2458 2752 die
2490 2695 2755 2768 proximo
2787 2697 2921 2749 ante
2968 2689 3202 2746 fatalem
3261 2685 3564 2742 electionis
3596 2684 3776 2752 diem,

2127 2788 2628 2861 quemadmodum
2662 2781 2984 2839 Iconiensis
3017 2782 3239 2848 narrat,
3270 2777 3342 2832 ad
3395 2776 3601 2831 urbem
3643 2772 3727 2828 fui
3761 2790 3774 2829 :

2127 2885 2516 2956 similiterque
2535 2881 2870 2939 subsecutis
2901 2877 3244 2934 electionem
3268 2874 3496 2942 diebus,
3520 2886 3776 2943 quonam

2125 2980 2292 3049 pacto
2322 2975 2468 3030 ﬂdes
2499 2973 2616 3028 illis
2639 2969 2994 3035 adhibenda,
3055 2966 3155 3039 qui
3213 2965 3439 3030 dicunt,
3474 2959 3780 3018 electionis

2125 3055 2386 3137 tempore
2409 3079 2502 3118 me
2533 3063 2602 3118 ad
2637 3061 2840 3116 urbem
2873 3075 2988 3114 non
3017 3056 3200 3111 fuisse
3225 3053 3253 3109 ?
3309 3050 3491 3107 Simul
3542 3049 3776 3121 petebat

2126 3136 2428 3210 electionis
2493 3167 2727 3223 quoque
2777 3150 3075 3204 decretum
3132 3142 3400 3216 proferri,
3468 3143 3526 3195 et
3581 3136 3777 3210 perlu-

2128 3243 2324 3309 strari,
2357 3259 2430 3297 an
2460 3240 2864 3296 invenirentur
2894 3237 3081 3292 eidem
3109 3232 3414 3302 inscripta,
3449 3245 3579 3300 quae
3610 3243 3643 3282 a
3671 3227 3785 3281 fra-

357 3333 466 3412 ἅρα
518 3309 749 3409 εὕρηται.
787 3309 1209 3413 ’ἐγγεγραμμένα
1266 3339 1335 3394 τά
1391 3309 1696 3414 παρά-τῶν
1756 3309 2013 3395 συναδέλ-

2129 3333 2314 3389 tribus
2347 3331 2472 3389 suis
2503 3324 3268 3403 praetexerenlur.Przeterea
3298 3320 3348 3376 si
3378 3315 3780 3388 solus,inquit,

360 3447 479 3504 φων
532 3425 696 3481 αὐτοῦ
725 3424 1138 3501 προτεινόμενα.
1173 3424 1284 3484 Κᾶν
1323 3429 1418 3502 μὲν
1463 3427 1578 3498 οὖν,
1639 3429 1798 3492 αὐτός
1859 3451 2016 3508 φησι⁹

360 3517 456 3572 καὶ
511 3515 678 3588 μόνος
729 3519 836 3570 τῶν
879 3517 1077 3594 ψήφων
1130 3515 1563 3590 ἀπελιμπάνετο,
1608 3517 1745 3584 ’ίσως
1795 3516 1856 3574 ἂν
1903 3520 2020 3595 εἶχε

363 3603 534 3682 λόγον
560 3605 626 3659 τὰ
654 3599 1104 3680 προϐαλλόμενα³
1158 3604 1273 3660 ἆπεί
1319 3604 1376 3661 δὶ
1404 3607 1494 3662 καὶ
1524 3604 1701 3684 ἕτεροι
1733 3608 1822 3664 σὺν
1874 3609 2022 3682 αὐτῷ

369 3693 782 3769 μητροπολῖται
850 3691 1250 3773 ἀπελείφθησαν
1309 3703 1408 3765 τῆς
1465 3700 1650 3776 ψήφου
1703 3700 1810 3754 τῶν
1856 3701 2018 3776 ψηφι-

368 3786 597 3847 σθεισῶν
647 3781 1014 3853 Ἐκκλησιῶν,
1063 3784 1154 3838 καὶ
1207 3781 1335 3840 οὐδὲ
1383 3785 1534 3842 αὐτοὶ
1591 3786 2022 3861 μετεκλήθησαν,

366 3871 651 3951 φαίνονται
728 3877 1021 3948 προφανῶς
1094 3877 1212 3936 ταῖς
1284 3873 1562 3946 ἀληθείαις
1621 3876 2025 3950 ἐναντιούμενοι

368 3963 424 4017 οἱ
455 3960 741 4016 ἀντίθετοι.
795 3962 936 4036 Πρὸς
991 3963 1174 4036 μέντοι
1223 3965 1291 4018 τὰ
1334 3969 1432 4019 τοῦ
1483 3967 1873 4040 σημειώματος
1922 3966 2026 4044 ῥή-

371 4070 518 4126 ματα
594 4049 730 4105 αὐτά
802 4051 893 4105 καὶ
968 4049 1132 4107 πάλιν
1207 4053 1275 4108 τὰ
1346 4054 1599 4130 ἀνωτέρω
1659 4053 2028 4133 διαληφθέντα

365 4138 634 4215 προέθετο
686 4138 876 4216 ὅτιπερ
922 4139 1101 4210 αὐτὸς,
1158 4144 1232 4215 μή
1274 4140 1447 4198 θέλων
1479 4145 1540 4199 τὸ
1603 4145 1886 4214 ὑποκνίζον
1926 4147 2024 4216 τὴν

363 4229 568 4284 τούτου
615 4230 800 4305 ψυχήν
876 4227 1175 4287 σκάνδαλον
1240 4231 1594 4308 ἀνημέρωτον
1656 4233 2025 4312 έπικρύπτειν,

366 4327 462 4382 καὶ
494 4325 546 4381 ἐν
602 4331 683 4400 τῷ
743 4325 1128 4401 μετακλητικῷ
1186 4331 1543 4404 σημειώματε
1580 4333 1679 4402 τὴν
1709 4333 1886 4390 αἰτίαν
1919 4333 2029 4405 ἐξέ-

370 4437 532 4492 φηνε,
591 4419 763 4487 ζητῶν
795 4417 894 4486 τὴν
923 4413 1210 4493 διόρθωσιν
1262 4417 1344 4498 ἐφ’
1389 4421 1471 4484 οἷς
1527 4423 2030 4500 ἀγανακτικώτερος

369 4506 616 4584 γέγονεν.
650 4507 716 4563 Οἱ
771 4502 828 4560 δὲ
885 4507 1277 4583 ψηφισάμενοι,
1339 4512 1883 4588 παραγκωνισάμενοι
1933 4514 2024 4568 τὸν

366 4597 570 4653 τούτου
627 4593 923 4671 ἀπόλογον,
981 4597 1080 4667 τήν
1141 4601 1321 4675 ψῆφον
1353 4600 1490 4655 κατά
1523 4601 1586 4656 τὸ
1643 4599 1798 4673 δόξαν
1846 4602 2031 4666 αὐτοῖς

2127 3430 2512 3488 electionibus
2539 3429 2666 3500 ipse
2697 3443 2811 3482 non
2847 3422 3234 3490 interfuisset,
3259 3416 3527 3475 fortassis
3559 3415 3784 3471 ratione

2129 3539 2245 3578 non
2277 3523 2558 3587 carerent,
2591 3535 2717 3590 quae
2755 3515 3173 3588 proferrentur.
3201 3509 3312 3564 Sed
3335 3523 3470 3564 cum
3504 3504 3600 3560 alii
3636 3520 3782 3575 quo-

2129 3628 2240 3683 que
2271 3607 2705 3681 metropolitani
2739 3621 2936 3662 secum
2995 3603 3070 3658 ab
3109 3599 3409 3666 electione,
3471 3612 3590 3667 qua
3649 3610 3785 3666 pro-

2134 3704 2398 3773 spectum
2423 3697 2501 3754 sit
2523 3695 2809 3765 ecclesiis,
2843 3691 3158 3759 abfuerint,
3199 3705 3265 3744 ac
3295 3702 3366 3741 ne
3390 3685 3504 3757 ipsi
3541 3683 3783 3755 quidem

2137 3788 2401 3846 arcessiti
2434 3783 2874 3856 fuerint,palam
2905 3795 3127 3853 parere,
3161 3775 3396 3833 veritati
3417 3771 3785 3830 adversarios

2135 3864 2437 3952 refragari.
2470 3876 2552 3932 Ad
2583 3870 2960 3929 instrumenti
2991 3885 3132 3925 sane
3164 3868 3359 3936 verba,
3395 3879 3600 3918 rursus
3628 3861 3786 3915 indi-

2137 3972 2267 4027 cata
2299 3949 2589 4038 superius
2624 3963 2683 4017 in
2741 3961 3000 4017 medium
3050 3956 3361 4014 afferebat:
3405 3953 3560 4024 quod
3610 3949 3789 4004 nimi-

2138 4075 2268 4115 rum
2300 4057 2447 4129 ipse,
2478 4055 2573 4125 qui
2609 4051 2789 4108 nollet
2842 4049 3199 4105 indomitum
3241 4043 3383 4099 illud
3415 4038 3789 4110 scandalum,

2139 4148 2295 4220 quod
2326 4127 2592 4201 animum
2625 4144 2752 4212 ejus
2785 4139 3012 4206 urebat,
3046 4135 3362 4202 occultare,
3388 4131 3563 4187 etiam
3611 4128 3671 4183 in
3706 4127 3790 4183 ci-

2137 4236 2380 4293 tationis
2429 4235 2824 4288 instrumento
2883 4242 3124 4283 causam
3173 4225 3366 4296 ipsam
3411 4217 3788 4292 expresserit,

2137 4342 2339 4384 eorum
2362 4321 2780 4381 correctionem
2813 4316 3142 4391 postulans,
3169 4330 3296 4386 quae
3318 4313 3513 4383 ipsum
3547 4309 3618 4364 ad
3643 4307 3793 4361 indi-

2137 4417 2473 4492 gnationem
2530 4410 3005 4469 commovissent.
3041 4405 3178 4461 Illos
3235 4406 3434 4460 autem
3483 4395 3790 4454 electionis

2139 4512 2427 4572 auctores,
2469 4503 2579 4559 hoc
2635 4501 2761 4572 ejus
2818 4513 3099 4569 responso
3159 4496 3376 4564 spreto,
3408 4505 3516 4562 pro
3547 4485 3789 4542 arbitrio

2140 4614 2247 4655 suo
2272 4596 2518 4651 liberam
2550 4591 2892 4648 electionem
2933 4583 3280 4642 instituisse.
3313 4579 3648 4636 Secundum
3671 4576 3793 4631 hac

369 4684 682 4758 αὐτόνομον
734 4685 1122 4755 πεποιήκασιν.
1179 4687 1298 4742 Ἐπὶ
1357 4689 1572 4754 τούτοις
1627 4669 1813 4769 παρὼν
1864 4692 1955 4748 καὶ
2002 4693 2018 4748 ἐ

2142 4687 2347 4761 primae
2376 4683 2534 4741 sedis
2563 4681 2876 4754 episcopus
2925 4672 3322 4742 Casariensis,
3376 4669 3474 4741 qui
3533 4682 3793 4739 praesens

369 4773 768 4851 πρωτόθρονος
823 4775 1144 4848 Καισαρείας
1195 4776 1449 4854 ἀνέκραξε
1502 4779 1590 4834 οιαὶ
1645 4780 1804 4844 αὐτὸς
1854 4781 2027 4857 λέγων

372 4865 451 4926 ὡς
486 4860 611 4918 οὐδὲ
642 4861 818 4936 οὗτος,
852 4863 940 4940 ἀφ’
985 4860 1047 4918 οὗ
1090 4869 1282 4940 καιροῦ
1330 4868 1781 4944 κεχειροτόνηται
1836 4870 2031 4947 ἀρχιε-

375 4951 527 5029 ρεὺς,
560 4953 636 5017 εἰς
665 4955 845 5028 ψῆφον
890 4949 1132 5007 ἀνελθεῖν
1169 4953 1502 5028 μετεκλήθη,
1534 4958 1624 5014 καὶ
1675 4964 1843 5015 ταῦτα
1862 4963 2030 5038 τριῶν

372 5040 724 5111 Ἐκκλησιῶν
778 5043 1175 5120 ψηφισθεισῶν,
1223 5043 1566 5122 Δυρραχίον,
1624 5048 1881 5121 Μιλήτου
1941 5050 2032 5105 καὶ

376 5130 955 5210 Φριστιανουπόλεως.
1026 5131 1182 5188 Ἀλλ’
1239 5131 1363 5190 οὐδὲ
1410 5139 1510 5207 τὴν
1566 5140 1807 5216 σήμερον
1867 5138 2029 5211 ἐδόθη

370 5222 559 5296 τούτῳ
607 5222 754 5296 παρά
802 5239 950 5283 τινος
1009 5217 1216 5292 εἷ’δησις
1273 5230 1373 5294 τῆς
1420 5227 1559 5299 πρὸς
1603 5229 1704 5298 τήν
1757 5229 2030 5304 βασιλείαν

379 5341 486 5395 μου
518 5322 626 5374 τῶν
665 5319 1092 5396 μητροπολιτῶν
1122 5318 1481 5387 συνελεύσεως
1531 5324 1690 5391 αὐτὸς
1747 5323 1825 5395 δὲ,
1883 5326 2034 5382 οἷ’κο-

375 5411 464 5464 θεν
497 5408 760 5480 κιδηθεὶς,
789 5406 1108 5478 συνεισῆλθε
1134 5413 1250 5473 τοῖς
1293 5410 1513 5478 λοιποῖς
1553 5415 1896 5490 ἀρχιερεῦσιν
1957 5415 2034 5480 εἷς

373 5500 440 5554 τὸ
471 5499 626 5574 βῆμα
654 5505 753 5568 τῆς
790 5495 1068 5573 βασιλείας
1103 5519 1230 5572 μου.
1283 5501 1382 5557 Καὶ
1429 5503 1456 5557 ὁ
1488 5501 1759 5566 Λεοκάδος
1795 5501 1851 5559 δέ
1909 5526 2032 5559 συν-

376 5585 500 5662 ῳδά
535 5593 616 5662 τῷ
671 5587 988 5665 Καισαρείας
1048 5587 1357 5666 ἐφθέγγετο,
1409 5591 1759 5671 καρδιολγῶν
1813 5592 1896 5673 ἐφ’
1954 5597 2037 5660 οἷς

379 5676 484 5736 οὐκ
537 5679 751 5750 ἡεκωτο
804 5674 971 5730 λόγου
1020 5676 1110 5733 ἐπὶ
1157 5685 1278 5744 ταῖς
1338 5683 1544 5762 ψήφοις
1596 5688 1705 5740 τῶν
1766 5683 2033 5762 ῥηθεισῶν

377 5771 550 5845 τριῶν
585 5764 948 5839 Ἐκκλησιῶν.
1005 5765 1080 5824 Οὗ
1137 5769 1324 5848 χάριν,
1369 5771 1445 5838 ὡς
1491 5773 1569 5851 μὴ
1611 5771 1876 5850 ἀνελθὼν,
1910 5773 2036 5833 οὖδὶ
2089 5791 2095 5798 ·

2142 4778 2366 4843 aderat,
2391 4770 2740 4830 exclamavit
2769 4772 2826 4824 et
2856 4767 3002 4839 ipse,
3037 4765 3237 4820 dicens
3263 4778 3277 4816 :
3311 4776 3380 4816 ex
3434 4774 3501 4814 eo
3529 4762 3796 4828 tempore

2142 4883 2258 4938 quo
2289 4864 2547 4939 pontifex
2576 4860 2883 4917 ordinatus
2915 4858 3090 4924 eset,
3138 4868 3243 4907 nec
3274 4866 3338 4906 se
3381 4847 3566 4902 fuisse
3597 4843 3795 4939 appel-

2142 4921 2354 5022 latum,
2389 4958 2456 5008 ut
2505 4951 2575 5007 ad
2609 4947 2950 5006 electionem
2992 4921 3216 4999 veniret
3269 4939 3449 5009 idque
3495 4921 3796 4990 factis'ec-

2142 5044 2454 5102 clesiarum
2485 5040 2660 5096 trium
2693 5033 3076 5092 electionibus
3105 5019 3799 5100 Dyrrhachinze,Milesiee,

2144 5138 2772 5213 Christianopolitanae.
2804 5135 2927 5189 Imo
2959 5148 3065 5188 nec
3095 5130 3268 5186 hodie
3299 5142 3415 5182 uno
3450 5121 3544 5213 die
3573 5117 3802 5192 signiﬁ-

2144 5241 2342 5292 catum
2366 5212 2495 5288 sibi
2511 5228 2693 5284 fuisse
2714 5243 2749 5281 a
2777 5239 3077 5295 quoquam
3109 5221 3181 5276 de
3209 5212 3800 5287 metropolitanorum

2145 5326 2218 5382 ad
2250 5323 2616 5395 majestatem
2649 5330 2838 5369 meam
2873 5316 3160 5368 conventu
3192 5307 3333 5363 :sed
3369 5306 3577 5374 suapte
3594 5303 3803 5372 sponte

2145 5390 2396 5480 motum,
2429 5423 2562 5466 cum
2597 5402 2841 5474 reliquis
2871 5399 3249 5474 pontiﬁcibus
3290 5390 3625 5466 majestatis
3655 5402 3801 5444 mem

2143 5501 2403 5563 tribunal
2426 5497 2662 5556 adiisse.
2695 5488 3067 5549 Casariensis
3120 5484 3369 5543 orationi
3401 5482 3802 5538 consentanea.

2144 5592 2475 5668 proferebat
2503 5590 2560 5644 et
2591 5579 2874 5640 Leucadis
2904 5573 3540 5652 episcopus,quiritans
3573 5565 3800 5624 nullam

2146 5659 2238 5742 sui
2296 5681 2584 5738 rationem
2643 5671 2908 5730 habitam
2964 5669 3026 5724 in
3075 5664 3462 5724 electionibus
3509 5659 3802 5715 dictarum

2145 5773 2326 5842 trium
2349 5767 2754 5830 ecclesiarum.
2781 5760 3034 5834 Ideoque
3063 5773 3148 5829 se,
3172 5755 3275 5831 qui
3305 5768 3424 5813 non
3454 5745 3802 5809 accessisset
