4130 6354
292 387 410 446 447

1605 386 1858 449 ISAAC]
1909 387 2198 449 ANGELI
2244 389 2411 451 IMP.

3597 396 3721 458 448

297 534 403 574 nec
432 521 562 575 vota
592 535 701 575 sua
731 519 1110 592 conjunxisse
1139 536 1273 575 cum
1329 536 1531 575 earum
1588 517 1940 576 electionum

2073 520 2354 596 Βμνψηφος
2406 519 2594 597 γέγονε
2647 524 2766 582 τοῖς
2823 521 3226 597 ψηφισαμένοις
3283 523 3487 588 αὐτάς.
3539 526 3720 584 Ἀλλὰ

295 607 655 663 auctoribus.
690 609 801 664 Sed
835 613 891 664 et
922 609 1100 664 Cariae
1133 610 1390 680 pontifex
1442 610 1746 681 ingressus
1776 609 1941 678 dixit,

294 715 356 752 se
387 698 718 767 congressis
767 699 1053 770 episcopis
1086 701 1153 753 ad
1192 699 1584 755 instituendas
1634 699 1946 755 electiones

295 803 400 858 pro
430 787 686 842 viduatis
719 789 1112 842 sanctissimis
1144 788 1430 856 ecclesiis,
1465 789 1942 860 quandoquidem

298 875 613 932 nonnullos
646 877 1012 948 pontiﬁcum,
1045 877 1140 947 qui
1170 878 1240 931 ad
1274 879 1477 932 urbem
1509 877 1946 949 imperatoriam

299 971 484 1030 erant,
530 972 844 1036 praesentes
878 984 988 1020 non
1042 972 1321 1032 cerneret,
1355 967 1768 1037 interrogasse,
1802 983 1946 1020 num

300 1069 501 1107 eorum
533 1055 837 1108 sententia:
869 1053 1246 1109 haberentur.
1273 1055 1644 1126 Responsum
1677 1073 1809 1110 vero
1832 1055 1946 1110 sibi

300 1141 502 1206 fuisse,
537 1141 884 1212 Cyzicenum
931 1160 963 1197 a
993 1143 1225 1198 Narsita
1256 1145 1523 1210 citatum,
1559 1149 1620 1198 ut
1650 1143 1946 1200 electioni-

301 1229 413 1285 bus
447 1230 838 1302 suscipiendis
869 1231 1204 1299 interesset,
1256 1233 1516 1290 dixisse:
1576 1234 1751 1290 etiam
1799 1233 1948 1290 alias

303 1319 540 1374 absente
571 1337 632 1375 se
663 1319 1007 1390 hujusmodi
1037 1321 1352 1378 electiones
1384 1322 1564 1379 fuisse
1596 1325 1798 1379 factas.
1833 1328 1949 1378 Ne-

301 1425 414 1480 que
446 1411 577 1464 novi
610 1410 938 1481 quidquam
970 1411 1255 1480 futurum,
1288 1413 1338 1467 si
1371 1430 1578 1468 rursus
1620 1413 1774 1468 idem
1809 1429 1950 1469 con-

299 1497 482 1553 ﬁeret.
517 1498 651 1562 Quae
683 1499 857 1554 verba
887 1516 1020 1554 cum
1055 1501 1315 1556 indicare
1367 1502 1647 1573 quiddam
1700 1519 1815 1558 non
1847 1503 1949 1558 bo-

300 1604 443 1644 num
477 1587 848 1660 perspiceret,
884 1589 1101 1645 dixisse
1132 1609 1193 1647 se
1227 1591 1350 1647 ﬁeri
1384 1591 1544 1646 nullo
1577 1593 1749 1648 modo
1781 1607 1952 1663 posse

302 1681 367 1731 ut
399 1677 682 1732 hodierno
714 1678 806 1733 die
827 1677 1141 1736 electiones
1173 1681 1299 1735 ista;
1356 1681 1767 1752 procederent:
1804 1697 1948 1752 prae-

301 1766 528 1833 sertim,
561 1767 712 1837 quod
747 1767 842 1822 alii
875 1785 1106 1840 quoque
1141 1771 1659 1826 fratresabessent
1690 1785 1950 1841 peregre,

233 1897 236 1900 -
299 1855 571 1911 videlicet
601 1857 801 1928 prima:
835 1859 990 1913 sedis
1023 1859 1290 1928 antistes,
1349 1858 1864 1927 Chalcedonensis,
1898 1862 1954 1912 et

299 1946 684 2002 Leucadicus.
718 1947 960 2002 Secutos
993 1965 1224 2020 quoque
1251 1950 1604 2006 sententiam
1628 1965 1798 2004 suam
1832 1963 1948 2003 me-

296 2035 1948 2110 tropolitanosquosdam,Methymna2um,Nazianzenum,

303 2124 716 2192 Paronaxium,
751 2130 806 2180 et
836 2125 1001 2182 alios.
1025 2127 1239 2183 Verum
1263 2128 1658 2200 prmvaluisse,
1709 2127 1807 2198 qui
1841 2127 1945 2182 ali-

303 2217 394 2268 ter
423 2219 746 2282 censerent,
767 2219 824 2270 et
853 2215 1165 2272 electiones
1193 2217 1498 2273 institutas
1532 2217 1731 2272 fuisse.
1765 2219 1949 2282 Quam

304 2303 481 2359 Cariae
513 2303 804 2374 pontiﬁcis
827 2306 1151 2361 orationem
1167 2324 1269 2362 ceu
1302 2324 1496 2362 veram
1527 2305 1953 2378 amplecteban-

301 2397 420 2456 tur,
449 2393 546 2464 qui
583 2393 1295 2466 aderant,Methymnaaus,
1318 2397 1741 2466 Nazianzenus,
1775 2400 1952 2451 Paro-

305 2481 536 2538 naxius.
573 2484 686 2538 Hoc
735 2484 906 2539 modo
942 2490 1136 2556 partes
1166 2485 1306 2556 ipsze
1337 2486 1503 2556 quasi
1562 2503 1774 2542 manus
1803 2486 1956 2541 inter

305 2588 368 2628 se
398 2575 792 2642 conserentes,
825 2573 936 2628 sibi
967 2575 1453 2632 adversabantur.

376 2662 429 2715 3.
451 2660 843 2724 Quamobrem
877 2665 1155 2735 majestas
1190 2682 1320 2721 mea
1345 2666 1526 2737 perite
1558 2665 1824 2722 animum
1859 2665 1957 2720 ad-

303 2755 537 2807 vertens
560 2751 632 2808 iis
663 2769 790 2822 quas
828 2753 1077 2809 fuissent
1108 2772 1141 2809 a
1174 2755 1443 2827 partibus
1499 2755 1820 2827 proposita,
1854 2772 1958 2811 nec

304 2840 466 2912 leges
495 2841 921 2897 ecclesiasticas
955 2849 1011 2899 et
1041 2845 1394 2915 apostolicas
1447 2851 1620 2917 atque
1651 2844 1958 2917 synodicae

305 2930 675 2999 traditiones,
717 2949 1035 3004 sacrosque
1078 2950 1331 2990 canones
1375 2951 1575 2990 earum
1628 2934 1831 2990 violari
1861 2951 1958 2990 vo-

307 3017 456 3085 lens,
485 3037 617 3075 cum
667 3021 845 3076 etiam
901 3023 1404 3094 deprehendisset,
1438 3025 1807 3080 adversarios
1849 3025 1957 3096 Cy-

308 3107 515 3174 ziceni,
549 3109 870 3166 confratres
899 3117 955 3165 et
986 3113 1424 3168 comministros
1455 3113 1780 3183 ejus,nihil,
1805 3114 1956 3184 quod

306 3197 485 3253 robur
509 3197 767 3270 haberet,
801 3199 1108 3272 allegasse,
1142 3203 1242 3258 sed
1277 3208 1483 3274 praeter
1511 3203 1734 3259 sancita
1761 3219 1960 3274 supra-

2053 609 2142 662 καὶ
2176 610 2204 663 ὃ
2239 609 2436 683 Καρίας
2487 609 2745 674 εἰσελθὼν
2793 611 2934 665 εἶπεν
2982 612 3076 679 ὡς,
3119 611 3485 670 συνελθόντων
3536 616 3716 672 αὐτῶν

2056 696 2143 752 ἐπὶ
2177 703 2256 770 τῷ
2310 701 2640 769 ποιήσασθαι
2699 702 2915 774 ψήφους
2949 704 3055 754 τῶν
3115 709 3472 777 χηρευουσῶν
3545 706 3720 782 ἁγιω-

2051 787 2227 841 τάτων
2287 787 2648 858 Ἐκκλησιῶν,
2727 787 2842 843 ἐπεί
2920 810 3069 851 τινας
3143 795 3252 845 τῶν
3314 790 3701 866 ἐνδημούντων

2055 876 2356 951 ἀρχιερέων
2407 881 2475 952 τῇ
2533 877 2895 953 βασιλευούσῃ
2945 879 3044 934 οὐκ
3073 877 3180 934 εἶδε
3221 885 3715 956 παρουσιάζοντας,

2054 963 2220 1037 ἤρετο
2268 965 2314 1022 εἷ
2362 972 2577 1042 γνῶμαι
2624 967 2830 1022 τούτων
2861 967 3021 1036 εἰσὶν,
3079 967 3281 1038 ἤκουσε
3313 968 3370 1026 δὲ
3425 973 3500 1036 ὡς
3554 975 3582 1028 6
3615 976 3723 1030 Κυ-

2059 1053 2230 1125 ζίκου,
2282 1055 2426 1130 παρὰ
2479 1061 2578 1112 τοῦ
2627 1057 2896 1133 Ναρσίτου
2943 1055 3297 1132 διαμηνυθεὶς
3356 1063 3724 1135 παρουσιάσαι

2056 1142 2145 1198 ἐπὶ
2202 1149 2319 1206 ταῖς
2381 1143 2713 1218 μελλούσαις
2771 1141 3046 1223 προϐῆναι
3107 1150 3351 1226 ψήφοις,
3402 1147 3569 1230 ἔφησε
3625 1153 3725 1207 καὶ

2057 1230 2261 1288 ἄλλοτε
2288 1238 2356 1308 τῇ
2388 1235 2554 1291 αὐτοῦ
2580 1235 2813 1310 ἀπουσίᾳ
2867 1236 3120 1300 τοιαύτας
3172 1240 3389 1318 ψήφους
3445 1241 3714 1318 γενέσθαι,

2058 1322 2120 1378 ού
2153 1325 2334 1379 καινὸν
2371 1323 2427 1379 δὲ
2457 1325 2547 1380 καὶ
2607 1323 2759 1388 αὖθις
2811 1331 2972 1381 τοῦτο
3005 1329 3340 1404 πραχθῆναι.
3375 1331 3488 1385 Ούκ
3513 1330 3723 1405 ἀγαθὴν

2059 1413 2149 1466 οὗν
2185 1410 2412 1491 ἔμφασιν
2472 1413 2630 1477 αὐτὸς
2684 1416 2960 1470 κατανοῶν
2995 1413 3140 1491 ἔχειν
3166 1421 3332 1472 ταῦτα
3361 1417 3426 1473 τὰ
3476 1418 3722 1495 ῥήματα,

2057 1505 2164 1556 τῶν
2221 1500 2493 1557 ἀδυνάτων
2573 1503 2716 1558 εἶπεν
2792 1503 2924 1559 εἶναι
3003 1499 3276 1581 προϐῆναι
3342 1509 3557 1584 ψήφους
3614 1511 3722 1578 τὴν

2060 1592 2322 1666 σήμερον
2382 1591 2471 1646 καὶ
2533 1591 2769 1664 μάλιστα
2825 1594 2910 1649 ὅτι
2965 1594 3054 1649 καὶ
3099 1591 3274 1672 ἕτεροι
3327 1601 3438 1652 τῶν
3465 1595 3723 1676 ἀδελφῶν

2062 1677 2464 1762 ἀποδημοῦσιν,
2497 1680 2662 1758 ἤγουν
2697 1683 2725 1736 ὃ
2780 1703 2839 1738 τε
2893 1683 3294 1759 πρωτόθρονος,
3351 1686 3378 1740 6
3430 1683 3722 1757 Χαλκηδό-

2058 1790 2174 1839 νος,
2233 1769 2321 1824 καὶ
2372 1771 2400 1825 6
2448 1768 2736 1833 Λευκάδος.
2784 1771 3158 1836 Ἢκολούθουν
3192 1771 3249 1829 δὲ
3279 1773 3425 1845 αύτῷ
3453 1775 3542 1830 καί
3573 1796 3718 1838 τινες

1982 1898 2029 1963 Β
2058 1863 2166 1913 τῶν
2231 1858 2680 1963 μητροπολιτων,
2739 1861 2767 1916 ’ὀ
2795 1883 2854 1916 τε
2888 1861 3218 1936 Μηθύμνης,
3257 1865 3284 1918 6
3330 1866 3656 1934 Ναζιανζοῦ,
3689 1865 3718 1921 6

2059 1947 2415 2022 Παροναξίας,
2471 1949 2559 2004 καὶ
2616 1946 2812 2026 ἕτεροι.
2873 1950 3031 2008 Ἀλλ’
3090 1952 3476 2029 ὑπερίσχυσαν,
3527 1955 3716 2032 φησὶν,

2059 2039 2112 2091 οἱ
2145 2035 2332 2100 ἄλλως
2376 2037 2622 2115 λέγοντες
2679 2041 2767 2094 καὶ
2823 2040 2890 2095 τὰ
2945 2046 3052 2097 τῶν
3109 2045 3307 2120 ψήφων
3364 2039 3714 2119 προέϐαινον.

2062 2125 2169 2190 Οῧς
2199 2126 2394 2204 λόγους
2425 2133 2520 2183 to?)
2555 2129 2750 2206 Καρίας
2799 2129 3091 2202 ιξικειοῦντο
3122 2131 3197 2194 ὡς
3229 2129 3456 2204 ἀληθεῖς
3513 2133 3712 2206 παρόν-

2059 2236 2147 2276 τες
2209 2217 2236 2270 6
2290 2217 2618 2292 Μηθύμνης,
2678 2219 2706 2273 ὁ
2758 2223 3057 2289 Ναζιανζοῦ
3109 2221 3198 2275 καὶ
3261 2223 3288 2276 6
3356 2222 3714 2299 ΙΙαροναξίας.

2060 2305 2228 2360 Ἦσαν
2264 2305 2355 2359 οὗν
2388 2307 2454 2361 τὰ
2488 2308 2625 2382 μέρη
2656 2307 2706 2362 ἐν
2737 2309 2952 2372 τούτοις
2986 2309 3490 2386 ἀντιπαλαμώμενά
3523 2333 3580 2368 τε
3623 2309 3722 2367 ἀλ-

2064 2392 2262 2464 λήλοις
2294 2395 2383 2450 καὶ
2425 2396 2826 2472 ἐναντιούμενα.

2139 2664 2209 2721 Γ’.
2255 2664 2317 2718 Ἡ
2373 2667 2500 2740 γοῦν
2565 2660 2812 2739 βασιλεία
2875 2686 2978 2738 μου
3038 2663 3532 2744 ἐπιστατικώτερον
3587 2690 3728 2745 προ-

2069 2755 2277 2826 σχοῦσα
2323 2756 2440 2814 τοῖς
2499 2751 2644 2827 παρὰ
2696 2756 2806 2807 τῶν
2859 2758 3037 2828 μερῶν
3088 2761 3420 2829 προτεθεῖσι,
3478 2759 3569 2812 καὶ
3647 2760 3723 2832 μὴ

2070 2839 2301 2904 θέλουσα
2385 2841 2819 2916 παραθραύεσθαι
2901 2842 2992 2897 καὶ
3051 2843 3178 2905 τοὺς
3236 2843 3724 2914 ἐκκλησιαστικοὺς

2070 2929 2303 3003 θεσμοὺς
2360 2932 2448 2984 καὶ
2505 2931 2600 2992 τὰς
2658 2929 3024 2994 ἀποπολικᾶς
3082 2933 3171 2988 καὶ
3227 2931 3514 2999 συνοδικάς
3564 2958 3734 3013 παρα-

2071 3015 2247 3081 δόσεις
2278 3016 2370 3072 καῖ
2420 3017 2546 3081 τοὺς
2577 3018 2758 3094 ἱεροὺς
2811 3021 3041 3084 κανόνας
3103 3021 3301 3092 αὐτῶν,
3360 3025 3451 3079 καὶ
3499 3025 3730 3082 καταλα-

2070 3103 2239 3161 ϐοῦσα
2295 3104 2462 3180 μηδξν
2526 3129 2577 3163 τι
2637 3107 2934 3182 ἐνδύναμον
2993 3108 3519 3188 δικαιολογήσασθαι
3589 3119 3715 3176 τοὺς

2071 3194 2376 3258 ἀντιδίκους
2425 3201 2505 3268 τῷ
2535 3197 2764 3267 Κυζίκου
2795 3195 3157 3276 συναδελφοὺς
3216 3199 3411 3257 τούτου
3441 3203 3526 3256 καὶ
3582 3201 3712 3256 συλ-

312 3286 486 3342 dictis
509 3289 690 3344 sacris
718 3290 1046 3346 canonibus
1082 3297 1136 3346 et
1189 3291 1520 3364 antiquitus
1570 3297 1808 3364 accepta
1839 3293 1957 3346 Ma-

2073 3285 2460 3361 λειτουργοὺς,
2522 3285 2666 3342 ἀλλά
2714 3288 2860 3363 παρὰ
2924 3288 2993 3342 τὰ
3036 3262 3376 3365 ’διωρισμένα
3422 3295 3535 3352 τοῖς
3594 3287 3714 3344 δια-

310 3392 438 3448 gnte
470 3376 724 3434 ecclesiae
756 3380 1184 3436 consuetudine
1232 3381 1289 3435 in
1340 3381 1749 3452 elcctionibus,
1810 3381 1961 3435 indi-

311 3470 575 3521 catarum
607 3467 1010 3536 ecclesiarum,
1054 3469 1595 3542 Claudiopolitana,
1628 3470 1961 3525 Maronian-

314 3553 417 3610 sis.
451 3553 888 3627 Dyrrhachines,
922 3557 1180 3624 Milesiae,
1241 3564 1297 3612 et
1353 3558 1960 3630 Christianopolitanas

314 3641 626 3697 electiones
657 3645 1013 3715 processisse
1045 3662 1058 3700 :
1092 3645 1354 3716 vestigiis
1384 3647 1642 3717 ipsorum
1670 3662 1961 3701 canonum

317 3730 601 3786 insistens
634 3733 845 3788 statuit
877 3739 1052 3805 atque
1085 3734 1504 3804 pronuntiavit,
1537 3735 1801 3790 eamdem
1832 3750 1961 3806 pro-

319 3820 725 3894 mulgantibus
783 3841 915 3879 cum
950 3826 1258 3895 majestate
1288 3841 1418 3880 mea
1447 3824 1797 3880 sententiam
1831 3841 1965 3878 san-

319 3910 599 3966 ctissimis
613 3929 847 3984 quoque
860 3913 1461 3985 patriarchis,nullam
1495 3913 1608 3968 vim
1635 3913 1967 3969 antistitum

321 3997 406 4053 sic
439 3997 780 4070 electorum,
831 4018 935 4058 ceu
996 4003 1215 4058 dictum
1256 4009 1365 4073 est,
1423 4001 1849 4057 ordinationem
1912 4003 1968 4054 et

322 4089 636 4148 electiones
666 4093 965 4151 obtinere:
1011 4095 1109 4149 sed
1144 4111 1246 4166 pro
1278 4111 1392 4149 non
1427 4092 1597 4148 factis
1645 4093 1968 4161 habendas,

323 4179 513 4252 deque
543 4181 1075 4260 factaordinatione
1107 4183 1396 4242 Maroneae
1411 4181 1704 4256 pontiﬁcis
1719 4181 1969 4236 ordinati

325 4274 710 4340 censendum,
734 4275 888 4331 sicut
908 4275 1270 4330 insertusille
1289 4292 1468 4346 supra
1489 4292 1584 4329 XIX
1599 4273 1972 4328 Antiochensi

329 4361 534 4432 synodi
567 4377 752 4417 canon
785 4363 984 4431 tradit,
1020 4362 1140 4418 hmo
1173 4364 1391 4418 diserte
1439 4363 1740 4434 proterens
1771 4378 1782 4415 :
1821 4384 1848 4410 «
1872 4360 1972 4416 Sin

329 4447 497 4504 aliter
527 4465 642 4515 res,
673 4455 883 4520 praeter
911 4452 1030 4506 hazc
1064 4451 1235 4506 modo
1267 4449 1528 4516 deﬁnita,
1553 4453 1808 4520 geratur,
1840 4447 1975 4504 nul-

327 4536 452 4592 lum
483 4538 774 4594 ordinatio
805 4540 983 4594 robur
1012 4539 1267 4595 haheat:
1309 4561 1337 4589 »
1373 4538 1472 4593 sed
1507 4538 1632 4594 alia;
1669 4537 1814 4592 ﬁant
1871 4536 1978 4592 ele-

2068 3373 2356 3452 ληφθεῖσιν
2410 3375 2578 3450 ἱεροῖς
2627 3375 2815 3430 κανόσι
2846 3376 2936 3430 καὶ
2961 3381 3042 3450 τῷ
3073 3377 3568 3458 ἀρχαιοπαραδότῳ
3611 3385 3712 3449 τῆς

2071 3461 2327 3540 Μεγάλης
2383 3462 2676 3534 ἐκκλησίας
2728 3460 2833 3520 ἔθει
2891 3464 2980 3521 ἐπὶ
3035 3473 3154 3530 ταῖς
3197 3470 3404 3546 ψήφοις
3450 3463 3718 3546 προϐῆναι

2071 3553 2165 3614 τὰς
2197 3554 2410 3630 ψήφους
2435 3557 2540 3608 τῶν
2571 3553 2836 3630 ῥηθεισῶν
2869 3554 3236 3626 Ἐκκλησιῶν,
3267 3565 3370 3628 τῆς
3418 3556 3722 3616 Κλαυδιου-

2071 3640 2308 3712 πόλεως,
2339 3649 2439 3711 τῆς
2473 3641 2812 3716 Μαρωνείας,
2843 3648 2941 3698 τοῦ
2995 3643 3324 3722 Δυρραχίου,
3377 3652 3479 3716 τῆς
3538 3645 3732 3717 Μιλή-

2072 3752 2168 3786 του
2217 3731 2307 3785 καὶ
2362 3735 2463 3796 τῆς
2513 3729 3085 3807 Χριστιανουπὸλεως,
3136 3733 3457 3798 ἀκολούθως
3514 3735 3731 3797 τούτοις

2077 3820 2274 3896 διέγνω
2350 3820 2439 3876 καὶ
2511 3820 2843 3899 ἀπεφήνατο,
2921 3820 3590 3900 συνδιαγοωμονησάντων
3659 3828 3728 3898 τῇ

2079 3907 2332 3986 βασιλείᾳ
2365 3931 2468 3982 μου
2498 3911 2587 3964 καὶ
2617 3915 2721 3964 τῶν
2757 3912 3068 3987 ἁγιωτάτων
3118 3917 3500 3992 πατριαρχῶν,
3556 3911 3727 3986 μηδὲν

2081 3998 2290 4074 ἰσχόειν
2343 4000 2442 4069 τήν
2499 3997 2840 4076 χειροτονίαν
2893 4001 2980 4055 καὶ
3035 4001 3132 4065 τὰς
3181 4003 3396 4080 ψήφους
3451 4007 3560 4058 τῶν
3591 4002 3737 4057 οὕτω

2079 4088 2475 4166 ψηφιςθὲντων,
2535 4089 2610 4150 ὡς
2667 4085 2900 4165 εἶ’ρηται,
2940 4088 3068 4146 ἀλλ’
3123 4091 3198 4154 ὡς
3258 4089 3401 4165 μηδὲ
3449 4093 3733 4168 γεγονυίας

2081 4176 2424 4253 λογισθῆναι,
2474 4178 2563 4232 καὶ
2612 4180 2710 4248 τὴν
2755 4185 3030 4254 γεγονυῖας
3083 4181 3427 4258 χειροτονίαν
3483 4186 3580 4237 τοῦ
3620 4201 3742 4258 χει-

2084 4267 2468 4345 ροτονηθὲντος
2513 4268 2832 4344 Μαρωνείας
2870 4271 2888 4342 (
2929 4271 2969 4343 ),
3029 4271 3209 4334 καθὼς
3247 4272 3274 4326 6
3327 4269 3528 4336 ἄνωθεν
3575 4291 3744 4326 κατα-

2085 4359 2363 4433 στρωθεὶς,
2400 4363 2590 4427 ιθ¹τῆς
2641 4357 2693 4411 ἐν
2743 4358 3052 4434 Ἀντιοχείᾳ
3100 4357 3324 4414 συνόδου
3376 4356 3741 4435 διαλαμϐάνει

2083 4448 2280 4514 κανὼν,
2327 4445 2505 4522 λέγων
2556 4445 2736 4524 ῥητῶς
2796 4445 3012 4501 ούτωσί·
3057 4473 3085 4501 ‹‹
3128 4449 3193 4504 Ei
3243 4445 3300 4504 δὲ
3349 4445 3534 4512 ἄλλως
3593 4449 3743 4526 παρὰ

2084 4535 2151 4591 τᾶ
2182 4533 2507 4612 διωριςμὲνα
2560 4536 2787 4612 γίνοιτο,
2839 4534 3006 4610 μηδὲν
3070 4536 3278 4613 ἰσχύειν
3333 4540 3433 4608 τήν
3492 4559 3748 4615 χειροτο-

330 4627 553 4682 ctiones
584 4643 684 4697 pro
717 4627 886 4683 dic-tis
917 4627 1199 4694 ecclesiis,
1243 4628 1299 4681 in
1333 4626 1548 4698 quibus
1579 4625 1891 4682 electiones
1922 4634 1960 4682 e‘

2085 4626 2224 4695 νίαν,
2261 4649 2288 4677 ››
2340 4622 2467 4680 ἀλλ’
2527 4626 2710 4702 ὲτὲρας
2757 4627 2972 4704 ψήφους
3021 4627 3262 4704 γενέσθαι
3313 4627 3400 4682 ἐπὶ
3448 4634 3570 4692 ταῖς
3633 4627 3740 4706 ρη-

332 4714 735 4771 ordinationes
765 4721 972 4787 praeter
1001 4732 1256 4772 canones
1302 4718 1734 4786 processerunt,
1770 4714 1855 4770 uti
1889 4715 1976 4769 di-

332 4810 495 4864 ctum
527 4805 653 4862 fuit.
716 4807 1107 4874 Quamobrem
1156 4806 1430 4876 deinceps
1487 4805 1632 4861 etin
1679 4808 1979 4877 posterum

333 4895 524 4956 sancit
555 4897 934 4970 imperatoria
961 4897 1238 4967 majeslas
1271 4900 1490 4967 nostra,
1541 4897 1689 4954 citra
1746 4911 1979 4951 recusa-

333 4987 553 5045 tionem
587 4987 915 5052 universos,
960 4986 1060 5057 qui
1093 4985 1162 5040 ad
1214 4985 1419 5041 urbem
1474 4989 1631 5053 sunt,
1678 4983 1981 5058 pontiﬁces

333 5094 463 5134 esse
494 5076 928 5134 convocandos:
967 5075 1065 5147 qui
1090 5075 1176 5131 vel
1209 5092 1414 5130 omnes
1459 5075 1655 5131 adsint
1683 5072 1982 5130 electioni-

333 5169 468 5236 bus,
503 5169 548 5224 si
587 5167 707 5222 ﬁeri
744 5170 951 5238 potest,
985 5165 1073 5219 vel
1125 5182 1225 5236 per
1271 5165 1497 5220 litteras
1548 5163 1980 5236 astipulentur;

335 5275 444 5315 nec
468 5258 528 5313 in
552 5257 728 5312 rebus
761 5256 1003 5311 minime
1034 5255 1277 5311 ludicris
1311 5271 1439 5311 esse
1497 5253 1847 5321 ludendum,
1880 5252 1982 5308 sed

338 5355 501 5404 extra
542 5363 776 5402 omnem
817 5348 1087 5402 allectum
1119 5343 1251 5400 illos
1301 5343 1522 5400 caeteris
1571 5342 1982 5415 prmferendos,

335 5454 484 5508 quos
516 5439 724 5506 praeter
746 5436 1070 5515 doctrinam
1113 5435 1230 5490 vita
1289 5451 1521 5507 quoque
1577 5432 1985 5504 reprehensio-

340 5527 433 5583 nis
461 5543 667 5599 expers
697 5532 900 5584 ornat:
928 5531 1029 5584 aut
1056 5526 1107 5582 si
1164 5526 1429 5582 doctrina
1485 5525 1632 5581 forte
1677 5522 1986 5594 claudicet,

409 5724 489 5796 (2\
521 5723 732 5783 Deesse
763 5724 986 5799 aliquid
1015 5723 1270 5784 videtur.

2089 4715 2288 4779 θείσαις
2317 4713 2693 4786 Ἐκκλησίαις,
2727 4713 2808 4789 ἱφ⁹
2860 4718 2944 4779 αἶς
3003 4716 3059 4771 αἱ
3090 4720 3265 4796 ψῆφοι
3295 4717 3385 4773 καὶ
3445 4719 3499 4770 αἱ
3555 4737 3748 4796 χειρο-

2087 4805 2265 4860 τονίαι
2343 4805 2489 4881 παρᾶ
2555 4804 2784 4868 κανόνας
2843 4800 3154 4882 προέϐησαν
3191 4849 3204 4876 ,
3266 4806 3342 4869 ὡς
3403 4803 3743 4878 διείληπται.

2089 4893 2192 4952 Καὶ
2225 4897 2355 4969 γοῦν
2387 4893 2448 4948 τὸ
2509 4893 2614 4949 ἀπὸ
2655 4891 2816 4948 τοῦδε
2864 4894 2955 4949 καὶ
3006 4893 3082 4958 είς
3127 4896 3218 4951 τὸν
3261 4896 3384 4968 ἑξῆς
3416 4897 3656 4966 θεσπίζει
3685 4898 3747 4952 τὸ

2089 4984 2285 5060 κράτος
2339 4985 2522 5056 ἡμῶν,
2589 4982 2649 5037 ἐκ
2700 4983 2796 5038 τοῦ
2846 4983 3222 5060 ἀπαραιτητου
3271 4987 3470 5047 πάντας
3519 4985 3645 5047 τοὺς
3691 4983 3742 5039 ἐν

2090 5077 2159 5148 τῇ
2237 5069 2447 5148 μεγάλῃ
2525 5070 2685 5128 πόλει
2757 5072 3034 5149 ἀρχιερεῖς
3110 5079 3518 5151 συγκαλεῖσθαι,
3557 5074 3645 5128 καί
3702 5073 3737 5142 ἡ

2091 5167 2336 5238 παρεῖναι
2408 5161 2536 5224 τοὺς
2598 5160 2801 5224 πάντας
2859 5161 2945 5217 ἐπὶ
2995 5162 3238 5233 ταύταις,
3300 5163 3346 5219 εί
3410 5162 3647 5232 δυνατὸν,
3705 5160 3742 5231 ἢ

2091 5253 2182 5307 καὶ
2249 5249 2339 5306 διὰ
2404 5249 2744 5328 γραμμάτων
2818 5252 3146 5331 ὁμοψήφους
3203 5252 3467 5329 γίνεσθαι,
3523 5253 3613 5309 καὶ
3673 5253 3748 5327 μὴ

2093 5341 2326 5410 παίζειν,
2360 5339 2410 5395 ἐν
2464 5340 2523 5395 οὐ
2571 5347 2839 5404 παικτοῖςθ
2900 5340 3027 5398 ἀλλ’
3087 5342 3325 5406 ἰκείνους
3381 5347 3754 5419 προτιμᾶσθαι

2092 5437 2200 5486 τῶν
2242 5428 2432 5486 ἀλλων
2491 5429 2691 5494 πάθευς
2745 5431 2920 5500 ἐκτὸς,
2982 5430 3073 5495 οὕς
3127 5432 3262 5506 μετᾶ
3308 5436 3408 5487 τοῦ
3451 5431 3616 5509 λόγον
3667 5430 3760 5486 καὶ

2101 5519 2219 5596 βίος
2261 5525 2459 5596 κοσμεῖ
2515 5519 2936 5595 ἀνεπίληπτος,
2994 5520 3030 5592 ἢ
3086 5524 3184 5577 τοῦ
3243 5520 3417 5599 λόγου
3465 5520 3761 5592 αάζοντος
