4130 6370
415 409 538 468 “9

1570 404 1963 467 NOVELLE
2003 405 2709 472 OONSTITUTIONES.

3721 420 3847 480 450

419 534 574 607 ἴσως,
608 537 692 599 οἷς
725 536 753 590 6
786 536 994 611 μακρὸς
1033 534 1235 613 χρόνος
1281 537 1368 591 καὶ
1416 537 1481 592 τὸ
1529 536 1654 610 περὶ
1702 536 1802 605 τὴν
1840 532 2073 606 Ἐκκλη-

2208 538 2400 610 [uibus
2424 544 2562 597 aetas
2594 542 2946 613 provectior.
2980 549 3038 600 et
3067 545 3238 602 multi
3303 565 3407 620 pro
3455 549 3702 605 ecclesia
3753 553 3845 605 ta-

419 623 534 680 σίαν
595 623 911 680 πολύποδον
958 626 1021 679 τὸ
1079 621 1260 679 ἐνδέον
1320 625 1734 701 ἀποχαρίζεται.
1765 623 1923 682 Οὕτω
1979 627 2082 701 γὰρ

318 778 321 781 ι
422 713 481 768 ἂν
537 713 592 768 αἳ
649 716 824 788 ψῆφοι
884 712 1181 789 θεαρέστως
1233 713 1490 789 γίνοιντο,
1521 715 1609 768 καὶ
1668 713 1770 768 οὐκ
1827 712 1912 768 ἐπὶ
1965 713 2083 786 κρί-

425 823 555 877 ματι
589 803 677 857 καὶ
708 799 943 874 κινδύνῳ
980 809 1078 872 τῆς
1135 807 1242 858 τῶν
1302 803 1692 876 ψηφιζομένων
1753 802 1840 857 καὶ
1899 805 2084 881 ψηφηι

424 894 739 970 φορούντων
770 894 978 966 ψυχῆς.

495 982 563 1038 Οἳ
654 982 832 1053 μέντοι
917 983 1375 1055 παρουσιάσαντες
1463 980 1868 1056 μητροπολῖται
1947 979 2084 1049 ἦσαν

430 1071 598 1126 οὗτοι⁸
660 1071 688 1124 6
746 1071 1091 1146 Καισαρείας,
1151 1073 1178 1126 6
1235 1072 1483 1149 Ἑφέσου,
1544 1072 1572 1125 6
1637 1069 1889 1139 Κυζίκου,
1923 1070 1950 1123 ὁ
1999 1067 2088 1123 Σί-

429 1157 546 1229 δης,
607 1160 635 1213 6
697 1159 1010 1232 Ἀμασείας,
1072 1160 1100 1214 6
1159 1161 1605 1235 Νεοκαισαρείας,
1667 1161 1695 1214 6
1773 1158 1998 1234 Καρίας,
2057 1159 2085 1213 6

426 1243 767 1316 Λαοδικείας,
825 1248 852 1302 6
912 1247 1161 1318 Ἰκονίου,
1195 1249 1223 1302 6
1271 1247 1531 1316 Συλαίου,
1566 1247 1593 1300 6
1647 1245 2022 1320 Ἰεραπόλεως,
2057 1247 2085 1300 6

423 1334 732 1413 Εύχαίτων,
793 1336 822 1391 6
874 1340 1263 1413 Κερασοῦντος,
1318 1337 1346 1392 6
1390 1331 1650 1405 Ἀϐύδου,
1713 1337 1740 1390 6
1787 1334 2086 1410 Λαρίσσης,

424 1426 452 1480 6
488 1424 782 1501 Κορίνθου,
815 1427 843 1480 6
877 1425 1206 1499 Μηθύμνης,
1269 1427 1296 1481 6
1348 1425 1702 1502 Ηαροναξίας,
1733 1425 1761 1479 6
1823 1427 2086 1499 ιΙροικονο

421 1515 615 1587 νήσου,
678 1515 706 1568 ὁ
764 1513 1080 1591 Ἡρακλέος,
1138 1516 1165 1569 6
1227 1513 1522 1587 Λευκάδος,
1579 1516 1607 1570 6
1689 1512 1998 1591 Γαρέλλης,
2058 1515 2087 1568 6

424 1604 627 1673 Ναζιαν
638 1607 752 1674 ζοῦ.

2109 1730 2181 1786 ΙΙ.

2193 620 2363 676 bores
2396 621 2694 688 exanllati,
2728 625 2881 695 quod
2916 625 3137 698 alioqui
3169 629 3354 696 deest,
3389 629 3842 701 supplent.Nam

2194 710 2278 766 sic
2307 710 2620 768 electiones
2651 715 2825 770 modo
2857 721 2968 771 Deo
3002 722 3169 789 grato
3202 718 3362 790 ﬁent,
3407 736 3513 775 nec
3561 721 3632 775 ad
3685 721 3846 791 judi-

2195 800 2348 855 cium
2383 808 2555 872 atque
2585 805 2908 874 periculum
2941 807 3123 862 animi
3157 824 3360 864 eorum
3393 809 3494 881 qui
3525 810 3842 882 eliguntur,

2196 890 2412 962 quippe
2445 893 2721 964 sutfragia
2753 893 2973 950 ferunt.

2269 979 2698 1051 Metropolitani
2732 983 2966 1053 quidem
3019 990 3358 1054 praesentes,
3411 985 3678 1042 hierant:
3729 992 3844 1043 Ca:-

2197 1069 2474 1124 sariensis
2488 1070 2834 1140 Ephesinus.
2867 1073 3202 1144 Cysicenus.
3221 1075 3504 1130 Sidensis.
3537 1075 3845 1132 Amasien-

2196 1158 2300 1212 sis.
2332 1159 2841 1216 Ncocaasariensis.
2897 1161 3212 1218 Cariensis.
3275 1164 3661 1220 Laodicenus.
3723 1170 3846 1221 Ico-

2200 1246 2441 1301 niensis.
2476 1247 2806 1320 Sylzsensis.
2867 1249 3360 1321 Hirrapolitanus.
3413 1253 3844 1310 Euchaitensis.

2199 1333 2599 1391 Cerasuntius.
2648 1337 2985 1408 Abydenus.
3045 1338 3425 1398 Larissensis.
3487 1341 3843 1399 Corinthius.

2196 1424 2596 1497 Methymzeus.
2621 1427 3006 1482 Poronaxius.
3043 1427 3503 1485 Praeconnesius.
3567 1431 3844 1488 Hercula-

2197 1531 2330 1569 nus.
2367 1515 2710 1571 Leucanius.
2743 1515 3050 1572 Garellius.
3078 1518 3502 1575 Nazianzenus.

1109 1845 1185 1886 UT
1219 1845 1602 1886 TONDEANTUR
1640 1843 1989 1884 ELECTORUM
2047 1846 2090 1885 Ρ(

2209 1843 2389 1884 meum
2446 1844 2666 1886 uxoass
2699 1829 2800 1900 [3].
2845 1830 2930 1900 (Α.
2974 1830 3161 1903 1187.)

426 1969 772 2061 Τὸῃγεγονὸς
827 1967 1157 2061 ,σημείωμα
1235 1968 1381 2055 παρνᾶι
1451 1972 1558 2061 ’τοῦ
1591 2041 1600 2058 ,
1612 1966 1873 2061 ἀοιδίμου
1909 1970 2083 2061 γβασις

2208 1972 2259 2029 Ut
2286 1970 2972 2061 to‘ndeanturmelectoramn
2990 1973 3344 2061 ponti/licam,
3376 1992 3596 2059 umores.
3651 1980 3847 2061 Publi-

499 2037 638 2116 λέὼέ
681 2037 1192 2116 ’κυρίουἿῚσακίου
1267 2037 1374 2116 τοῦ,
1451 2039 1713 2116 ’Δγγέλου
1770 2037 1940 2116 ’,περῖ
1985 2046 2082 2116 τοῦ

498 2110 878 2190 ἀποκείρεσθαι
950 2113 1064 2190 ⁸τιῖις⁸
1149 2117 1253 2167 τῶν
1303 2184 1312 2190 ἢ
1356 2110 1680 2190 ὁποψηιρίων
1732 2188 1755 2190 ω
1783 2110 2084 2188 ἀρχιερέων

535 2184 778 2256 υναῖκας,
839 2184 1107 2249 ἀπολυθέν
1188 2184 1325 2240 κατά
1406 2184 1506 2253 τήν
1560 2184 1612 2239 ’κ’
1663 2188 1760 2240 τοῦ
1821 2184 2084 2257 ’Σεπτεμ-

495 2202 659 2310 ἓρίου
766 2257 987 2310 μηνὸς.
1081 2256 1264 2310 ἡμέρα
1360 2257 1634 2310 τετάρτη.
1715 2255 2084 2310 ἐπινεμήσεως

539 2255 659 2334 ρίου
763 2255 987 2328 μηνὸς,
1081 2256 1264 2334 ἡμέρᾳ
1360 2257 1634 2332 τετάρτῃ,
1715 2255 2088 2330 ἐπινεμήσεως

508 2328 785 2400 πέμπτης.

497 2453 558 2508 Ἠ
601 2448 826 2525 ἔννομος
871 2452 969 2506 τοῦ
1020 2449 1288 2528 βασιλέως
1317 2451 1587 2530 ἀπόφασις
1644 2452 1745 2507 οὐκ
1801 2449 2086 2515 ἀκίνδυνος

424 2546 544 2602 τοῖς
618 2545 998 2616 παρανομοῦσι
1084 2542 1428 2614 φανήσεται·
1506 2542 1582 2603 ὡς
1665 2545 1766 2617 γὰρ
1846 2537 2090 2620 ὄμφακες

427 2627 614 2686 ὀδοῦσι
645 2629 730 2683 καὶ
764 2630 965 2691 καπνὸς
998 2624 1210 2702 ὄμμασι
1273 2623 1563 2704 βλαϐερὸν,
1593 2627 1736 2684 οὕτω
1783 2629 1871 2684 καὶ
1917 2651 2088 2704 παρα-

426 2718 596 2793 νομία
651 2724 769 2780 τοῖς
831 2719 1144 2794 χρωμένοις
1222 2717 1381 2792 αὐτῇ.
1429 2719 1572 2794 Πρὸς
1625 2719 1678 2773 τί
1739 2715 1797 2774 δέ
1849 2740 1943 2792 μοι
1998 2720 2090 2774 καὶ

429 2809 604 2887 ἀφορᾷ
658 2808 722 2862 τὸ
776 2811 871 2862 τοῦ
933 2805 1104 2882 λόγου
1151 2806 1585 2881 προαύλιον;”0
1630 2808 1922 2883 ἱερώτατος
1982 2831 2090 2881 μη-

433 2898 762 2975 τροπολίτης
821 2898 1057 2969 Κυζίκου
1139 2899 1228 2954 καὶ
1312 2901 1412 2969 τήν
1502 2900 1743 2973 σήμερον
1825 2900 2088 2975 εὑρίσκων

435 2988 525 3057 τὴν
615 2987 894 3064 βασιλείαν
987 3009 1091 3062 μου
1166 2987 1586 3061 θεμιστεύουσαν
1623 3034 1637 3060 ,
1716 2987 2090 3062 συνεδριαζόν-

433 3098 537 3132 των
592 3077 730 3152 αὐτῇ
786 3081 883 3132 τοῦ
936 3099 992 3132 τε
1018 3077 1320 3154 ἁγιωτάτου
1381 3098 1488 3150 μου
1541 3075 1804 3132 δεσπότου
1861 3081 1952 3133 καὶ
2010 3078 2090 3132 οἰ-

427 3170 756 3240 κουμενικυῦ
815 3169 1187 3243 πατριάρχου,
1238 3166 1327 3221 καὶ
1405 3171 1512 3220 τῶν
1589 3165 1784 3242 ἑτέρων
1854 3168 2092 3241 ἁγιωτά-

421 3277 531 3310 των
594 3260 979 3332 πατριαρχῶν,
1027 3259 1124 3310 τοῦ
1196 3254 1545 3317 θεουπόλεως
1593 3255 1933 3332 ’Δντιοχείας
2000 3255 2091 3310 καί

2262 2053 2446 2120 catam
2476 2044 2572 2098 die
2601 2045 2668 2120 20
2699 2047 2904 2100 mensis
2936 2044 3290 2117 Septembris,
3319 2050 3466 2118 feria
3500 2058 3720 2120 quarta,
3759 2054 3847 2105 in-

2264 2115 2500 2171 dictione
2532 2117 2744 2186 quinta.

2270 2455 2618 2528 Legitimam
2650 2455 3023 2528 imperatoris
3052 2458 3407 2514 sententiam
3437 2475 3552 2514 non
3586 2458 3712 2515 sine
3745 2477 3853 2532 pe-

2199 2544 2382 2599 riculo
2416 2545 2816 2616 delinquentes
2846 2546 3243 2618 experientur.
3284 2552 3356 2603 Ut
3387 2549 3542 2603 enim
3575 2549 3854 2606 dentibus

2198 2634 2409 2690 acerba
2431 2652 2564 2702 uva,
2595 2635 2778 2692 oculis
2812 2635 3011 2692 fumus
3067 2643 3256 2706 nocet,
3316 2639 3399 2692 sic
3451 2637 3729 2710 iniquitas
3783 2640 3856 2695 iis

2201 2724 2300 2794 qui
2332 2723 2461 2794 ipsa
2495 2728 2760 2779 utuntur.
2784 2725 3077 2788 Quorsum
3103 2741 3236 2780 vero
3263 2726 3400 2780 mihi
3435 2726 3544 2781 hoc
3575 2726 3855 2782 orationis

2200 2818 2426 2882 spectat
2456 2812 2804 2883 preludium
2830 2813 2857 2868 ‘?
2879 2818 3020 2868 Cum
3055 2815 3498 2870 sacratissimus
3518 2815 3699 2887 Cyzici
3732 2832 3854 2871 me-

2201 2900 2592 2973 tropolitanus
2617 2901 2937 2958 invenisset
2962 2905 3333 2974 majestatem
3357 2919 3549 2959 meam
3572 2905 3854 2961 hodierno

2203 3006 2435 3060 quoque
2457 2989 2550 3046 die
2581 2991 2711 3058 iura
2744 2991 3108 3058 reddentem,
3143 2991 3547 3048 assidentibus
3605 2993 3856 3049 sanctis-

2203 3079 2352 3134 simo
2385 3079 2622 3133 domino
2655 3096 2783 3134 meo
2817 3081 3177 3135 mcumenico
3211 3081 3563 3152 patriarcha,
3615 3085 3673 3137 et
3723 3081 3854 3138 aliis

2203 3167 2597 3223 sanctissimis
2623 3169 2992 3240 patriarchis,
3046 3170 3412 3225 Antiocheno
3477 3171 3748 3227 videlicet
3801 3175 3859 3227 et

2204 3257 2768 3330 Hierosolymitano;
2805 3274 2908 3312 nec
2932 3259 3226 3328 abessent,
3261 3259 3358 3330 qui
3400 3263 3541 3314 tunc
3599 3259 3656 3314 in
3713 3263 3855 3316 urbe

422 3349 526 3401 τοῦ
578 3343 1000 3420 Ἰεροσολύμων,
1055 3342 1199 3419 μηδέ⁹
1249 3349 1356 3399 τῶν
1412 3346 1463 3400 ἐν
1521 3349 1590 3420 τῇ
1648 3344 1858 3420 μεγάλῃ
1927 3343 2088 3401 πόλει

2208 3345 2364 3418 regia
2383 3345 2772 3402 sacratissimi
2804 3347 3113 3419 pontiﬁces
3147 3353 3331 3420 erant,
3367 3365 3615 3420 quorum
3656 3348 3849 3405 nomi-

427 3431 816 3506 ἐνδημούντων
875 3435 1180 3510 ίερωτάτων
1259 3433 1563 3511 ἀρχιερέων
1627 3433 2092 3508 ἀπολιμπανομέ-

427 3543 563 3594 νων,
624 3521 697 3578 ὦν
756 3524 819 3578 τὸ
884 3524 1021 3598 πρὸς
1096 3519 1274 3597 ὄνομα
1341 3521 1772 3600 διαληφθήσεται
1838 3523 2090 3593 κάτωιεν,

427 3613 712 3690 προέθετο’
743 3613 826 3669 ὅτι
855 3615 998 3678 τινὲς
1024 3617 1132 3669 τῶν
1177 3615 1254 3677 εἷς
1312 3611 1686 3690 μητροπόλεις
1747 3613 1783 3684 ἢ
1838 3616 2092 3691 ἀρχιιπι-

437 3703 645 3766 σκοπὰς
696 3702 1076 3782 ψηφισθέντων
1135 3705 1225 3760 καὶ
1285 3702 1790 3780 χειροτονουμένων
1836 3705 1943 3780 πρὸ
1993 3710 2093 3775 τῆς

433 3792 782 3866 χειροτονίας
857 3787 1078 3870 ἔχοντες
1157 3792 1421 3869 γαμετὰς,
1470 3792 1623 3848 αὐτοὶ
1704 3794 1798 3867 μὲν
1851 3795 1912 3848 τὸ
1967 3813 2096 3847 κατ-

425 3881 732 3952 αξιωθῆναι
791 3887 886 3937 τοῦ
971 3883 1282 3959 χρίσματος
1358 3886 1456 3948 τῆς
1536 3881 1949 3958 ἀρχιερωσύνης
1998 3881 2099 3938 οὐκ

427 3971 816 4042 ἀπηνήναντοο
850 3972 906 4026 αἱ
975 3969 1032 4026 δὲ
1089 3971 1330 4026 σύνοικοι
1380 3969 1587 4026 τούτων
1643 3970 1737 4026 τὸν
1793 3971 1952 4026 αὐτὸν
2007 3978 2096 4033 καὶ

427 4058 596 4115 πάλιν
696 4061 1112 4136 κοσμικώτερον
1215 4059 1604 4136 σχηματισμὸν
1690 4059 2097 4137 ἀμφιέννυνται,

423 4144 818 4212 ἀνυποστόλως
886 4155 1006 4211 ταῖς
1084 4149 1280 4214 οἰκίαις
1368 4143 1801 4224 ένδιατρίϐυυσαι
1880 4148 1933 4204 έν
2015 4150 2099 4213 αἶς

423 4238 707 4310 κατῴκουν
767 4240 829 4293 τὸ
888 4240 1176 4315 πρότερον,
1207 4238 1299 4293 καὶ
1360 4234 1485 4292 οὕτε
1541 4237 1868 4313 γυναικείοις
1929 4259 2098 4312 μονα-

425 4327 676 4403 στηρίοις
737 4328 1094 4403 εἰσήχθησαν,
1157 4325 1284 4384 ἀλλ’
1341 4324 1467 4382 οὐδὲ
1549 4332 1629 4400 τῷ
1716 4328 1834 4400 Θεῷ
1906 4327 2098 4393 ἑαυτὰς

425 4415 736 4492 ἀφιέρωσαν
813 4417 903 4472 καὶ
974 4418 1065 4472 τὸν
1150 4419 1370 4493 μονήρη
1435 4417 1548 4492 βίον
1607 4414 1959 4485 ⁸ἠσπάσαντο·
2007 4420 2097 4473 καὶ

423 4509 593 4561 ταῦτα
644 4510 752 4561 τῶν
803 4506 964 4582 ἱερῶν
1008 4506 1099 4562 καὶ
1151 4505 1310 4562 θείων
1377 4507 1620 4561 κανόνων
1688 4505 1869 4581 ῥητῶς
1944 4505 2098 4581 ἐγκε-

428 4593 765 4667 λευομένων,
815 4595 942 4659 τοὺς
991 4593 1479 4672 χειροτονηθέντας
1527 4594 1810 4669 ἀρχιερεῖς
1869 4592 1928 4648 έκ
1972 4615 2100 4649 παν.

2202 3451 2279 3489 na
2308 3435 2554 3490 inferius
2585 3435 3084 3491 continebuntur:
3116 3437 3482 3508 propositum
3514 3444 3624 3506 est,
3671 3455 3850 3510 quos-

2203 3523 2337 3578 dam
2368 3540 2571 3580 eorum
2605 3525 2706 3596 qui
2739 3525 2807 3580 ad
2844 3525 3192 3596 metrOpoles
3227 3524 3312 3580 vel
3378 3525 3850 3598 archiepiscopas

2203 3611 2369 3669 electi
2402 3617 2458 3669 et
2478 3613 2733 3669 ordinati
2765 3620 2924 3684 sunt,
2956 3630 3090 3669 cum
3124 3631 3331 3670 uxores
3363 3620 3495 3671 ante
3529 3615 3852 3671 ordinatio-

2207 3719 2340 3758 nem
2368 3701 2672 3769 haberent,
2715 3719 2831 3759 non
2856 3721 3126 3759 recusare
3159 3703 3421 3776 quidem,
3455 3704 3599 3778 quin
3639 3705 3854 3778 prima-

2207 3791 2279 3845 rii
2311 3791 2620 3847 sacerdotii
2655 3791 2974 3848 chrismate
2996 3793 3463 3865 inungerentur;
3500 3795 3601 3850 sed
3651 3809 3854 3850 eorum

2209 3897 2418 3936 uxores
2451 3882 2724 3937 eumdem
2756 3899 2965 3937 rursus
3028 3884 3394 3938 mundanum
3441 3883 3710 3938 habitum
3759 3885 3853 3938 in-

2210 3971 2408 4037 duere,
2443 3969 2835 4026 inverecunde
2866 3976 3127 4044 agentes,
3164 3973 3220 4025 in
3275 3973 3346 4028 iis
3401 3973 3646 4039 aedibus,
3705 3989 3855 4045 quas

2209 4063 2380 4114 antea
2403 4057 2784 4114 habitabant:
2835 4076 2937 4114 nec
2983 4060 3250 4115 femineis
3305 4061 3669 4116 introductae
3726 4077 3856 4118 esse

2213 4147 2606 4217 monasteriis,
2630 4148 2731 4202 sed
2765 4164 2869 4203 nec
2911 4149 3019 4203 Deo
3049 4152 3275 4220 seipsas
3307 4149 3632 4218 dedicasse,
3667 4154 3724 4205 et
3776 4150 3858 4206 vi-

2209 4242 2330 4293 tam
2363 4237 2653 4309 delegisse
2681 4238 3092 4293 monasticam.
3129 4239 3192 4292 Et
3219 4239 3358 4308 haec,
3392 4255 3524 4294 cum
3579 4238 3730 4295 sacri
3762 4238 3856 4294 di-

2208 4327 2446 4399 vinique
2477 4343 2733 4382 canones
2765 4327 3089 4399 expressim
3123 4332 3421 4396 moneant,
3457 4328 3672 4384 electos
3704 4345 3854 4400 pon-

2210 4417 2398 4472 titices
2430 4434 2463 4471 a
2492 4416 2772 4488 legitimis
2805 4416 2929 4472 suis
2964 4417 3264 4487 uxoribus,
3289 4434 3437 4489 quas
3468 4421 3602 4473 ante
3628 4417 3858 4474 ordina-

2213 4507 2426 4560 tionem
2452 4506 2771 4572 habebant,
2805 4507 2962 4561 omni
2990 4507 3163 4561 modo
3197 4507 3525 4562 abstinere:
3551 4512 3615 4562 ut
3641 4524 3754 4563 non
3787 4525 3858 4564 ex

2209 4599 2524 4666 praecepto,
2556 4595 2658 4649 sed
2709 4595 2948 4666 propria
2995 4595 3294 4650 voluntate
3351 4613 3554 4652 eorum
3604 4597 3858 4670 quisque

423 4683 520 4744 τὸς
565 4685 774 4756 τρόπου
822 4689 927 4739 τῶν
979 4687 1084 4761 πρὸ
1132 4691 1231 4756 τῆς
1293 4683 1636 4761 χειροτονίας
1697 4689 2090 4760 συζευχθεισῶν

2209 4684 2633 4739 continentiam
2663 4684 2749 4739 vel
2783 4684 3112 4739 caelibatum
3145 4686 3447 4756 proprium
3474 4685 3585 4741 sibi
3617 4685 3854 4759 deligat,

425 4773 617 4835 αὐτοῖς
665 4772 960 4850 ἀπέχεσθαι
1006 4775 1262 4847 νομίμων
1325 4778 1599 4849 γαμετῶν,
1636 4771 1718 4827 ὅτι
1755 4773 1831 4846 μή
1874 4773 1925 4844 ἐξ
1976 4772 2094 4827 ἐπι-

427 4862 730 4935 τάγματος,
796 4860 926 4917 ἀλλ’
1018 4861 1320 4938 αὐθαιρέτῳ
1403 4862 1603 4936 γνώμῃ
1688 4859 1912 4916 ἕκαστον
1984 4867 2093 4916 τῶν

425 4950 690 5005 τοιούτων
774 4949 1082 5026 προσώπων
1168 4949 1242 5012 είς
1324 4947 1655 5019 Ἐκκλησίαν
1731 4950 1997 5028 ψηφισθὲν
2056 4951 2093 5022 ἢ

423 5041 529 5109 τὴν
589 5040 807 5116 ἀποχήν
869 5040 955 5093 καὶ
1006 5040 1069 5094 τὸ
1117 5039 1384 5116 ἀγάμετον
1414 5039 1744 5093 οίκειώσαιτ’
1776 5038 1834 5093 ἂν
1890 5037 1978 5093 διὰ
2032 5040 2094 5094 τὸ

423 5133 528 5198 τῆς
561 5127 978 5204 ἀρχιερωσύνης
1013 5127 1248 5202 ἀξίωμα,
1280 5127 1315 5198 ἢ
1346 5129 1448 5196 τὴν
1482 5125 1745 5201 ἀμίαντον
1806 5127 2092 5206 συνάφειαν

427 5215 521 5272 διὰ
570 5218 631 5271 τὸ
684 5221 780 5271 τοῦ
838 5218 1017 5291 γάμου
1076 5215 1394 5291 προέλοιτο,
1477 5216 1684 5289 τίμιον.
1750 5217 1850 5272 Καὶ
1929 5222 2097 5273 ταῦτα

425 5305 718 5382 λέγωνκαὶ
757 5307 997 5360 κανόνων
1051 5303 1326 5380 διαφόρων
1388 5304 1688 5378 ἐπέμνητο,
1721 5306 1794 5359 ὧν
1858 5307 1947 5360 καὶ
2017 5310 2096 5370 εἷς

425 5396 454 5450 6
488 5395 580 5468 μη¹
609 5393 676 5464 ἦν
733 5398 832 5460 τῆς
879 5399 938 5466 ς]
977 5392 1205 5450 συνόδου
1261 5393 1414 5449 ταυτὶ
1466 5394 1602 5449 κατά
1645 5394 1800 5470 ῥῆμα
1861 5391 2071 5470 διαλαμ

426 5480 628 5538 ϐάνων·
673 5509 701 5536 ι(
746 5485 810 5540 Ἡ
861 5487 959 5538 τοῦ
1007 5484 1143 5559 πρὸς
1191 5483 1493 5553 ἐπισκοπῆς
1541 5480 1834 5559 προεδρίαν
1895 5484 2095 5559 ἀναγο-

430 5573 598 5648 μένου
675 5573 832 5649 γυνὴ,
891 5572 1026 5628 κατᾶ
1087 5573 1277 5642 κοινὴν
1365 5571 1680 5650 συμφωνίαν
1765 5575 1861 5627 τοῦ
1953 5570 2092 5629 ἰδίου

502 5755 579 5831 (3)
609 5755 918 5814 Leunolav.
949 5755 1120 5830 ibid.,
1151 5772 1208 5830 p.
1245 5753 1370 5811 175.

2205 4779 2444 4845 propter
2474 4773 2825 4845 dignitatem
2858 4774 3193 4842 sacerdotii,
3229 4779 3331 4828 aut
3357 4780 3592 4846 propter
3649 4775 3854 4830 matri-

2206 4863 2386 4917 monii
2418 4863 3288 4933 honestatem,conjunctionem
3315 4869 3531 4919 castam
3568 4865 3853 4935 praeferat.

2205 4952 2335 5007 Haec
2369 4953 2594 5022 dicens,
2619 4953 3085 5008 varioscanones
3136 4952 3443 5022 allegabat,
3499 4953 3653 5008 inter
3707 4970 3857 5025 quos

2205 5045 2264 5098 et
2293 5041 2786 5113 quadragesimus
2818 5048 3056 5097 octavus
3089 5047 3212 5098 erat
3244 5047 3416 5097 sextae
3450 5041 3678 5115 synodi,
3733 5043 3854 5100 haec

2207 5131 2278 5187 ad
2311 5131 2552 5186 verbum
2578 5130 3130 5202 compraehendens:
3167 5155 3193 5182 ιι
3220 5131 3374 5187 Uxor
3418 5132 3568 5203 ejus,
3630 5131 3729 5203 qui
3779 5133 3854 5188 ad

2204 5219 2598 5292 episcopalem
2623 5220 2968 5292 dignitatern
3004 5229 3408 5293 promovetur,
3427 5221 3725 5278 communi
3746 5221 3855 5278 viri

2208 5310 2299 5364 sui
2333 5325 2622 5364 consensu
2647 5310 2812 5380 prius
2852 5316 3144 5381 separata,
3182 5317 3494 5383 postquam
3523 5311 3578 5365 in
3622 5312 3854 5383 episco-

2207 5415 2347 5471 pum
2383 5398 2690 5453 ordinatus
2721 5403 2812 5453 est
2856 5403 2912 5453 et
2963 5405 3366 5465 consecratus,
3425 5401 3854 5458 manasterium

2207 5487 2593 5559 ingrediatur,
2625 5486 2827 5558 procul
2853 5487 2924 5543 ab
2957 5488 3214 5560 episcepi
3236 5489 3599 5546 habitatione
3619 5495 3851 5548 exstru-

2207 5582 2391 5644 ctum,
2434 5579 2492 5631 et
2537 5575 2797 5647 episcopi
2826 5575 3192 5648 providentia
3239 5578 3487 5635 fruatur.
3522 5578 3623 5637 Sin
3666 5584 3856 5638 antem
