4130 6382
399 390 513 452 451

1709 337 1970 443 Isne!
2013 379 2302 442 manu
2343 379 2510 443 1MP.

3697 385 3821 446 453

401 523 579 598 digna
607 522 733 578 visa
751 520 927 577 fuerit
955 521 1130 576 etiam
1162 519 1232 575 ad
1290 517 1636 574 diaconatus
1693 513 2037 587 dignitatem

2159 509 2352 587 ἀνδρὸς
2419 510 2932 590 προδιαζεοχθεῖσα,
2995 511 3130 586 μετὰ
3201 515 3301 584 τὴν
3361 513 3447 571 ἐπ’
3505 514 3652 590 αὔτῷ
3712 523 3821 588 τῆς

400 612 818 685 provehatur.»
856 616 1023 665 Lecto
1062 609 1245 680 igitur
1272 607 1382 662 hoc
1428 621 1674 672 canone,
1733 604 2048 675 imperium

397 717 592 757 meum
627 701 683 754 in
719 699 1057 754 hominibus
1080 713 1406 768 agnoscens
1439 694 1698 749 maxima
1723 693 1878 748 dona
1899 691 1994 747 Dei
2017 708 2050 746 a

399 805 655 862 superna
686 786 1014 852 clementia,
1048 791 1106 842 et
1136 785 1295 857 regni
1331 802 1396 840 ac
1426 781 1735 840 sacerdotii
1767 781 2048 836 divinitus

400 893 740 935 concessam
762 877 1094 931 unctionem
1121 879 1176 930 et
1205 873 1549 946 dignitatem
1574 889 1643 927 ex
1665 889 1780 927 uno
1811 871 2047 926 eodem-

402 984 512 1040 que
543 966 781 1038 perenni
820 967 974 1019 l'onte
1009 979 1269 1028 manare,
1295 963 1734 1032 humanamque
1766 974 2048 1014 exornare

407 1058 693 1121 vitam,et
723 1053 1118 1125 ampliﬁcare:
1180 1051 1326 1106 nihil
1351 1051 1528 1106 etiam
1588 1049 1895 1106 studiosus
1949 1064 2047 1102 co-

403 1148 550 1209 lens,
584 1161 761 1216 quam
785 1143 1158 1199 sacerdotum
1193 1141 1628 1205 auctoritatem,
1662 1138 1765 1211 qui
1790 1137 1949 1209 regia
1980 1154 2048 1192 ex

399 1252 566 1291 sacra
597 1233 1123 1304 circumspectione
1169 1247 1381 1286 manus
1441 1229 1822 1295 sustinentes,
1865 1233 2044 1283 Deum

398 1343 500 1398 pro
535 1325 807 1380 universa
827 1321 1158 1377 Christiana
1197 1319 1574 1375 multitudine
1633 1319 2041 1390 deprecantur,

396 1421 452 1472 et
483 1419 550 1471 ut
580 1430 758 1470 sacra;
788 1413 1052 1482 quaedam
1076 1427 1302 1467 ancorae
1332 1407 1695 1481 imperialem
1728 1407 2045 1479 potentiam

398 1503 747 1560 suﬂ'ulciunt
775 1517 787 1556 :
823 1504 1136 1572 postquam
1169 1501 1345 1555 etiam
1379 1513 1634 1555 canones
1661 1495 1958 1553 contemni
1991 1499 2049 1551 et

400 1593 636 1663 infringi
668 1591 1035 1663 cognovisset
1064 1589 1122 1644 in
1153 1589 1300 1644 bene
1334 1588 1606 1642 instituta
1639 1585 1960 1657 republica,
1989 1590 2047 1640 et

402 1684 638 1756 quidem
673 1685 886 1736 nostrae
919 1677 1210 1750 potentiae,
1243 1677 1412 1748 quasi
1445 1694 1559 1732 non
1619 1675 1796 1730 soluti
1849 1677 2048 1730 essent

405 1769 935 1842 oreatipontifices,
969 1768 1070 1839 qui
1103 1767 1227 1823 suis
1255 1767 1533 1822 uxoribus
1565 1765 1897 1820 cohabitare
1930 1780 2044 1818 non

394 1863 756 1925 vererentur,
780 1875 896 1913 non
929 1873 1135 1930 parum
1170 1858 1528 1911 commotum
1561 1857 1668 1908 est.

2161 602 2462 673 ἐπισκοπῆς
2487 603 2828 680 χειροτονίαν
2883 602 2936 658 έν
2989 605 3339 680 μοναστηρίῳ
3385 604 3819 684 εἶσίτω,πόῤῥω

2157 699 2257 761 τῆς
2305 697 2400 747 τοῦ
2449 691 2797 749 ἐπισκοπείου
2854 700 3177 768 καταγωγῆς
3229 693 3673 768 ᾠκοδομημένῳ,
3724 697 3819 752 καὶ

2156 785 2257 846 τῆς
2301 786 2397 836 τοῦ
2450 781 2746 838 ἐπισκόπου
2801 781 3060 856 προνοίας
3117 782 3458 841 ἀπολαυέτω.
3494 785 3559 841 Εἰ
3609 782 3667 839 δέ
3725 782 3833 840 καὶ

2159 871 2279 940 ἀξία
2336 871 2550 950 φανείη,
2611 872 2749 948 πρὸς
2803 872 2863 926 τὸ
2919 871 3018 938 τῆς
3073 869 3343 936 διακονίας
3404 867 3821 943 ἀναϐιϐαζέσθω

2158 960 2391 1032 ἀξίωμα.
2422 985 2464 1011 ››·
2496 960 2956 1037 Ἀναγνωσθέντος
3007 960 3096 1016 οὖν
3149 965 3245 1016 τοῦ
3291 961 3546 1018 τοιούτου
3592 961 3827 1026 κανόνος

2156 1051 2190 1117 ἡ
2229 1047 2475 1122 βασιλεία
2510 1070 2614 1123 μου
2647 1048 2877 1124 μέγιστα
2921 1049 2990 1104 τὰ
3041 1049 3092 1103 έν
3138 1055 3255 1113 τοῖς
3304 1051 3612 1125 ἀνθρώποις
3664 1050 3824 1128 δῶρα

2156 1143 2288 1192 Θεοῦ
2345 1138 2490 1213 παρὰ
2543 1141 2642 1204 τῆς
2714 1135 2913 1193 ἄνωθεν
2991 1137 3404 1217 φιλανθρωπίας
3473 1141 3824 1216 γινώσκουσα

2153 1227 2244 1281 καὶ
2281 1227 2342 1281 τὸ
2389 1233 2490 1296 τῆς
2547 1225 2829 1302 βασιλείας
2875 1227 2966 1281 καὶ
3010 1228 3072 1282 τὸ
3114 1234 3216 1297 τῆς
3265 1227 3569 1302 ἱερωσύνης
3597 1227 3822 1285 θεόσδο-

2153 1337 2245 1370 τον
2285 1314 2496 1391 χρίσμα
2545 1315 2634 1370 καὶ
2666 1313 2910 1388 ’ἀξίωμα
2965 1313 3024 1369 ἐκ
3079 1318 3207 1388 μιᾶς
3257 1321 3360 1386 τῆς
3391 1315 3560 1386 αὐτῆς
3589 1317 3821 1373 ἀεννάου

2154 1411 2342 1479 πηγῆς
2393 1403 2616 1480 ἑκάτερα
2670 1403 2934 1479 προϊόντα
2988 1403 3080 1459 καὶ
3137 1404 3229 1459 τὸν
3291 1405 3631 1482 ἀνθρώπινον
3693 1406 3822 1482 βίον

2154 1493 2601 1566 κατακοσμοῦντά
2652 1513 2711 1548 τε
2768 1490 2858 1547 καί
2911 1493 3218 1562 πιαίνοντα,
3277 1494 3369 1548 καὶ
3440 1491 3610 1568 μηδὲν
3673 1495 3823 1551 οὕτω

2154 1579 2621 1657 περισπούδαστον
2677 1575 2881 1657 ἔχουσα
2934 1583 3008 1644 ὡς
3067 1584 3165 1651 τὴν
3226 1587 3333 1638 τῶν
3380 1583 3568 1658 ἱερέων
3629 1584 3830 1657 σεμνό-

2153 1692 2313 1740 τητα,
2357 1672 2410 1725 οἳ
2464 1692 2607 1734 τινες
2681 1676 2872 1747 χεῖρας
2948 1669 3366 1748 ἐγκαταστάντες
3423 1677 3490 1748 τῇ
3553 1672 3824 1750 βασιλείῳ

2155 1760 2244 1814 καὶ
2301 1757 2416 1829 θείᾳ
2472 1763 2725 1834 περιωπῇ
2789 1760 2919 1834 ὑπὲρ
3000 1761 3200 1822 παντὸς
3270 1765 3368 1816 τοῦ
3452 1759 3824 1840 φιλοχρίσ-του

2153 1850 2532 1926 πληρώματος
2555 1851 2647 1904 τὸν
2683 1850 2810 1904 Θεὸν
2865 1849 3162 1904 ἱκετεύουσι
3196 1849 3285 1905 καὶ
3344 1852 3418 1912 ὡς
3471 1852 3612 1928 ἱεραί
3668 1873 3819 1915 τινες

403 1947 637 2023 ἄγκυραι
685 1946 748 2000 τὸ
803 1953 904 2015 τῆς
966 1942 1256 2020 βασιλικῆς
1314 1940 1656 2017 ἐπικρατείας
1716 1936 2035 2013 ἐρείδουσιν,
2093 1939 2221 1994 ἐπὰν
2281 1940 2369 1994 καὶ
2431 1940 2594 2012 μάθοι
2679 1937 2805 2001 τοὺς
2878 1938 3106 2001 κανόνας
3181 1947 3650 2016 παραθεωρεῖσθαι
3717 1942 3820 1998 καὶ

395 2034 832 2112 παραθραόεσθαι
885 2033 974 2089 ἐπὶ
1030 2041 1132 2104 τῆς
1191 2032 1447 2105 εὐνομίας
1499 2031 1590 2085 καὶ
1645 2033 1814 2085 ταῦτα
1865 2033 1962 2084 τοῦ
2011 2028 2241 2105 κράτους
2274 2031 2458 2102 ἡμῶν,
2487 2028 2561 2092 ὡς
2589 2028 2678 2083 καὶ
2711 2024 2788 2083 ἔτι
2823 2029 2899 2102 μὴ
2935 2025 3360 2104 διαζευχθέντων
3391 2035 3500 2086 τῶν
3557 2050 3816 2107 χειροτο-

395 2125 668 2195 νηθέντων
699 2120 1025 2198 ἀρχιερέων,
1055 2118 1202 2174 ἀλλὰ
1229 2119 1319 2174 καὶ
1351 2122 1615 2173 συνοικεῖν
1645 2117 1992 2191 ἀνεχομένων
2022 2121 2140 2179 ταῖς
2172 2115 2348 2171 αὐτῶν
2378 2120 2664 2191 γαμεταῖς,
2699 2116 2761 2170 οὗ
2798 2117 3008 2191 μικρῶς
3039 2113 3202 2180 ἔπαθε
3228 2118 3328 2186 τὴν
3357 2120 3566 2194 ψυχήν.

466 2215 658 2270 Triste
697 2213 872 2269 etiam
954 2212 1239 2284 quiddam
1291 2227 1396 2266 nec
1446 2214 1681 2281 gratum
1729 2207 1788 2262 in
1840 2207 2036 2279 piissi-

2220 2204 2393 2260 Ταῦτά
2451 2226 2536 2260 τοι
2592 2205 2681 2260 καὶ
2736 2206 2956 2280 στυγνόν
3014 2227 3068 2261 τι
3134 2205 3223 2261 καὶ
3297 2204 3464 2284 ἄχαρι
3525 2212 3606 2281 τῷ
3685 2209 3809 2264 θεο-

397 2321 561 2360 mum
593 2300 1103 2374 chartophylacem
1129 2317 1260 2355 mea
1287 2299 1526 2354 intuens
1596 2297 1894 2366 majestas,
1947 2297 2045 2351 de-

398 2393 569 2465 finiit,
618 2390 1063 2448 cohortantibus
1122 2391 1195 2445 ad
1250 2389 1310 2443 id
1367 2386 1761 2443 sanctissimis
1799 2386 2048 2457 patriar-

396 2483 545 2552 cbis,
620 2497 828 2536 uxores
883 2478 1095 2535 creatis
1173 2477 1551 2550 pontificibus
1605 2479 1740 2532 ante
1818 2473 2048 2530 ordina-

395 2572 616 2627 tionem
643 2568 1070 2640 coujunctasin
1125 2566 1444 2622 muliebria
1503 2563 1858 2620 monasteria
1913 2579 2047 2634 pro-

396 2659 490 2715 cul
523 2658 637 2714 sita
666 2658 738 2714 ab
787 2656 1147 2712 habitatione
1191 2655 1535 2728 pontiﬁcum
1583 2653 1710 2710 sine
1769 2651 2048 2707 dilatione

395 2747 619 2816 induci,
675 2747 1023 2818 tonderiqne
1083 2762 1198 2816 eas,
1251 2749 1307 2800 et
1363 2743 1642 2799 canonice
1711 2742 1865 2814 apud
1921 2758 2045 2796 mo-

397 2837 616 2892 nachas
655 2836 886 2908 degere,
936 2836 995 2889 in
1054 2851 1170 2906 quo
1231 2833 1586 2889 monasterio
1647 2847 1873 2885 comam
1952 2830 2046 2884 de-

397 2925 738 2999 posuerint;
774 2929 876 2980 aut
902 2924 948 2980 si
982 2925 1121 2995 ipsae
1142 2928 1445 2979 tonsuram
1479 2927 1772 2985 recusent,
1829 2919 1927 2990 qui
1961 2918 2047 2975 eis

400 3019 533 3070 ante
561 3013 985 3070 ordinationem
1013 3013 1202 3084 juncti
1237 3016 1404 3068 erant
1461 3009 1855 3079 matrimonio,
1907 3025 2047 3079 pon-

399 3103 603 3159 tiﬁcati
641 3102 786 3158 solio
813 3107 868 3157 et
924 3103 1209 3175 dignitate
1242 3102 1561 3174 priventur,
1620 3103 1677 3154 et
1725 3097 1783 3152 in
1841 3113 2043 3153 eorum

402 3193 593 3247 locum
627 3191 725 3246 alii
759 3192 1149 3247 snfficiantur.
1202 3195 1265 3244 In
1325 3195 1622 3259 posterum
1678 3193 1895 3255 autem,
1942 3186 2044 3259 qui

402 3284 536 3334 ante
567 3279 918 3333 creationem
945 3278 1271 3350 legitimam
1319 3293 1554 3333 uxorem
1615 3275 1874 3342 habebit,
1925 3291 2040 3330 non

393 3369 561 3424 aliter
592 3367 1055 3438 ordinari,quam
1093 3367 1141 3422 si
1163 3367 1460 3423 communi
1483 3366 1800 3438 conjugum
1824 3364 2041 3436 scripto

389 3474 680 3513 consensu
714 3462 770 3512 et
798 3457 1039 3527 placito,
1070 3475 1102 3511 a
1145 3474 1205 3512 se
1255 3457 1504 3512 invicem
1556 3460 1924 3526 separentur,
1984 3458 2042 3508 et

388 3545 602 3602 mulier
631 3545 1020 3600 monasticam
1055 3546 1235 3599 vitam
1283 3544 1553 3616 amplexa
1597 3544 1695 3598 sit.
1743 3544 1833 3597 Sic
1882 3543 2037 3599 enim

388 3634 602 3689 creatio
636 3633 763 3690 sine
789 3634 1139 3689 oﬂ'endiculo
1173 3639 1228 3690 et
1260 3636 1499 3698 damno,
1525 3634 1693 3705 juxta
1725 3649 1924 3688 sacros
1982 3638 2039 3687 et

387 3722 615 3779 divinos
645 3739 898 3778 canones
931 3725 1225 3794 procedet,
1253 3729 1480 3778 semota
1511 3724 1582 3777 ab
1627 3723 1786 3776 omni
1844 3738 2036 3777 sacer-

390 3813 603 3868 dotalis
633 3811 855 3868 ordinis
889 3811 1366 3884 reprehensione.

2160 2293 2466 2373 φιλεστάτῳ
2523 2293 2901 2372 χαρτοφύλακι
2957 2289 3418 2370 προσϐλεψαμένη
3475 2299 3510 2366 ἡ
3569 2295 3826 2372 βασιλεία

2161 2406 2265 2457 μου
2331 2387 2460 2460 παρ’
2516 2384 2649 2440 αὐτὰ
2719 2381 3048 2458 διωρίσατος
3117 2384 3578 2462 προτρεψαμένων
3653 2391 3820 2443 τοῦτο

2156 2475 2245 2530 καὶ
2329 2479 2437 2529 τῶν
2518 2473 2830 2551 ἁγιωτάτων
2909 2480 3290 2552 πατριαρχῶν,
3351 2475 3404 2532 έν
3489 2477 3821 2552 γυναικείοις

2162 2564 2545 2639 μοναστηρίοις
2602 2564 2979 2640 ἀνυπερθέτως
3037 2563 3341 2642 εἷ’σαγαγεῖν
3385 2565 3482 2629 τὰς
3550 2567 3658 2642 πρὸ
3708 2574 3815 2638 τῆς

2156 2653 2498 2730 χειροτονίας
2575 2651 2926 2717 συναφθείσας
2997 2655 3234 2727 γαμετὰς
3306 2661 3424 2719 τοῖς
3486 2676 3815 2731 χειροτονηα

2158 2749 2322 2807 θεῖσιν
2378 2743 2708 2818 ἀρχιερεῦσι,
2749 2740 2940 2817 πὸῥρω
2993 2745 3096 2806 τῆς
3152 2745 3262 2797 τῶν
3322 2743 3624 2820 ἀρχιερέων
3673 2747 3814 2818 ᾠκο-

2156 2830 2479 2906 δομημένης
2571 2831 2901 2904 καταμονῆς,
2961 2832 3048 2886 καὶ
3127 2831 3510 2908 ἀποκείρεσθαι
3590 2837 3810 2910 ταύτας,

2153 2924 2241 2977 καὶ
2285 2925 2580 2983 κανονικῶς
2629 2922 2766 2976 κατὰ
2828 2921 3076 2996 μοναχάς
3109 2919 3312 2996 διάγειν
3347 2923 3576 2994 ἑκάστην
3631 2926 3809 2982 αὐτῶν

2154 3010 2204 3066 ἐν
2235 3013 2272 3082 ᾗ
2306 3010 2444 3085 μονῇ
2475 3011 2564 3065 καὶ
2594 3012 2692 3079 τήν
2723 3010 2894 3086 τρίχα
2938 3008 3187 3073 ἀπέθετο·
3222 3010 3257 3079 ἢ
3312 3013 3388 3085 μὴ
3454 3012 3808 3088 βουλομένων

2151 3105 2258 3154 τῶν
2312 3103 2574 3175 γυναικῶν
2632 3098 2892 3161 ἑκουσίως
2976 3101 3078 3169 τὴν
3161 3100 3458 3176 ἀπόκαρσιν
3539 3100 3806 3175 δέξασθαι,

2150 3189 2278 3251 τοὺς
2315 3189 2420 3262 πρὸ
2463 3193 2560 3257 τῆς
2619 3186 2961 3262 χειροτονίας
3021 3187 3376 3266 συναφθέντας
3431 3189 3612 3250 αὐταῖς
3667 3190 3802 3244 ἀπο⁹

2152 3275 2605 3352 γεγυμνωμένους
2663 3277 2796 3330 εἶναι
2851 3280 2948 3330 τοῦ
3001 3276 3392 3354 ἀρχιερατικοῦ
3452 3279 3642 3351 θρόνου
3708 3279 3797 3334 καὶ

2154 3366 2480 3439 ἀξιώματος,
2512 3366 2600 3419 καὶ
2662 3365 2876 3440 ἑτέρους
2925 3366 3036 3420 ἀντ’
3067 3367 3247 3422 αὐτῶν
3300 3367 3384 3422 ἐπὶ
3429 3373 3542 3429 ταῖς
3589 3365 3801 3444 λαχού·⁵

2152 3467 2269 3510 σαις
2323 3444 2515 3507 αὐτοὺς
2562 3444 2912 3523 ψηφίζεσθαι’
2945 3450 3035 3500 καί
3081 3447 3143 3501 τὸ
3199 3448 3306 3502 ἀπὸ
3356 3446 3514 3504 τοῦδε
3572 3449 3648 3521 μή
3706 3446 3807 3504 ἅλ-

2155 3536 2268 3599 λως
2297 3539 2732 3612 χειροτονεῖσθαι
2761 3539 2853 3591 τὸν
2885 3539 2990 3613 πρὸ
3020 3545 3122 3608 τῆς
3179 3541 3516 3614 χειροτονίας
3573 3541 3811 3614 νόμιμον

2153 3623 2351 3703 ἔχοντα
2405 3629 2670 3704 γαμετὴν,
2721 3627 2769 3684 εἴ
2823 3631 2897 3701 μή
2950 3627 3316 3707 διαζευχθεῖεν
3379 3633 3647 3707 ἑκάτεροι,
3677 3635 3815 3689 κατὰ

2146 3719 2331 3786 κοινὴν
2392 3722 2497 3772 τῶν
2554 3717 2814 3772 συνεύνων
2892 3716 3157 3796 ἔγγραφον
3237 3721 3556 3799 συμφωνίαι
3614 3743 3671 3777 τε
3721 3723 3811 3777 καὶ

2147 3808 2446 3881 ἀρέσκειαν,
2478 3807 2567 3862 καὶ
2624 3811 2659 3877 ἠ
2714 3811 2849 3884 γυνὴ
2915 3810 3006 3864 τὸν
3069 3813 3282 3885 μονήρη
3319 3812 3434 3886 βίον
3495 3813 3810 3868 ἀσπάσεται·

389 3901 478 3955 καὶ
512 3900 654 3954 οὕτω
683 3900 750 3955 τὰ
776 3907 876 3970 τῆς
900 3899 1246 3976 χειροτονίας
1277 3894 1590 3976 προϐαίνειν
1623 3899 1759 3954 κατᾶ
1786 3897 1915 3962 τοὺς
1969 3897 2150 3972 ἰεροὺς
2207 3897 2296 3952 καὶ
2345 3896 2518 3960 θείους
2572 3898 2802 3960 κανόνας
2862 3895 3259 3955 ἀσκανδάλιστα
3311 3901 3402 3956 καὶ
3462 3901 3808 3976 ἀπρόσκοπα,

386 3987 476 4043 καὶ
513 3989 710 4062 μώμου
741 3990 940 4051 παντὸς
973 3989 1348 4062 ἀπεξενωμένα
1377 3996 1477 4058 τῆς
1508 3990 1786 4063 ἱερατικῆς
1815 3986 2208 4051 καταστάσεως.

457 4079 810 4134 Assidebant
859 4079 928 4134 ad
991 4096 1132 4135 mea
1192 4080 1524 4150 majestatis
1575 4077 1833 4134 tribunal
1891 4094 2038 4149 pon«

381 4169 606 4238 tiﬁces,
658 4169 963 4236 Caesareae,
1031 4169 1272 4243 Ephesi,
1342 4169 1563 4241 Cyzici,
1631 4173 1688 4224 et
1754 4167 1852 4222 alii
1920 4183 2039 4222 non

382 4275 576 4330 paucL

2220 4076 2389 4130 Ἦσαν
2423 4071 2480 4128 δὲ
2507 4077 2586 4145 τῷ
2621 4074 2828 4148 βήματι
2851 4080 2950 4144 τῆς
2985 4075 3260 4150 βασιλείας
3298 4098 3401 4149 μου
3451 4075 3539 4132 ἐπὶ
3595 4077 3816 4140 τούτοις

2149 4161 2583 4239 συνεδριάζοντες
2644 4165 2939 4240 ἀρχιερεῖςο
2977 4165 3004 4218 ὁ
3058 4166 3394 4241 Καισαρείας,
3429 4167 3456 4221 ὁ
3499 4166 3749 4246 Ἐφέσου,
3783 4169 3813 4224 ὁ

2149 4254 2403 4323 Κυζίκου,
2431 4253 2522 4308 καὶ
2551 4249 2729 4326 ἕτεροι
2760 4253 2859 4308 οὐκ
2893 4252 3099 4328 ὀλίγοι.

2061 4435 2161 4491 ΙΙΙ.

1323 4569 1514 4608 AUREA
1553 4567 1736 4607 BULLA
1768 4567 2001 4607 VENE'I‘IS
2041 4567 2322 4607 concsssa
2362 4549 2460 4622 [4).
2505 4550 2596 4622 (Α.
2640 4549 2822 4623 1187.)

454 4724 615 4787 Quod
658 4723 912 4780 Venetici
942 4723 1179 4794 quidem
1213 4739 1326 4777 non
1362 4738 1518 4777 nunc
1548 4721 1738 4793 primo
1799 4721 2034 4776 Romeis
2066 4723 2111 4788 Β
2144 4723 2282 4774 tunc
2311 4719 2464 4775 obvii
2497 4720 2555 4775 in
2589 4719 2753 4776 illum
2787 4720 3005 4792 egressi
3040 4721 3193 4777 haud
3227 4721 3494 4794 neglecto
3551 4723 3811 4798 navigio,

385 4813 625 4868 federati
653 4812 821 4869 amici
855 4812 1041 4868 effecti
1074 4811 1211 4879 sint,
1243 4828 1347 4867 nec
1381 4829 1567 4883 nuper
1588 4811 1790 4866 borum
1825 4810 2034 4866 amicis

385 4901 868 4973 fautorisbusque
898 4900 1324 4965 connumerati,
1359 4901 1458 4955 sed
1502 4917 1570 4955 ex
1627 4917 1739 4972 quo
1797 4904 2034 4971 tempus

384 4993 654 5046 crebrum
691 4990 911 5061 priores
945 4991 1062 5044 fere
1113 4990 1387 5044 omnibus
1439 4989 1616 5044 Italia:
1684 4990 2033 5044 Romaniam

384 5081 666 5136 adeuntes
698 5084 753 5133 et
774 5078 1164 5146 devotionem,
1226 5095 1403 5150 quam
1455 5095 1592 5150 erga
1630 5079 2034 5150 progenitores

383 5167 612 5238 imperii
646 5165 829 5220 nostri
854 5165 1492 5230 habebant,ferventius
1513 5167 1641 5222 aliis
1667 5167 2030 5235 exhibentes,

384 5259 512 5310 acta
533 5255 606 5310 ab
638 5254 722 5309 eis
745 5256 899 5326 apud
926 5256 1282 5310 Durachium
1301 5256 1704 5311 testimonium
1728 5255 2034 5327 perbibere

383 5361 497 5397 non
554 5343 897 5411 ambigunt:
953 5361 1092 5400 sane
1160 5361 1292 5400 cum
1369 5347 1656 5400 Robcrtus
1712 5345 2032 5400 Viscardus

384 5432 544 5503 gravi
603 5448 854 5504 equoreo
917 5434 1169 5489 exercitu
1233 5434 1579 5490 Romaniam
1655 5432 1890 5496 invasit,
1972 5433 2031 5487 hi

454 5572 530 5642 (4)
558 5571 640 5647 Ex
665 5571 813 5647 libro
845 5577 976 5631 albo
1008 5581 1065 5631 et
1098 5577 1282 5632 Libris
1315 5579 1619 5647 pactorum
1671 5580 1812 5647 post
1865 5575 2034 5630 Mari-

384 5659 542 5721 nunl
561 5642 742 5721 Storia
768 5649 870 5702 civ.
905 5665 933 5704 θ
963 5650 1116 5721 polit.
1150 5649 1247 5705 del
1275 5642 1602 5721 commercio
1647 5642 1716 5721 de
1773 5647 2030 5721 Venggia-

382 5716 463 5770 m'.
497 5715 565 5771 T.
602 5714 693 5770 IIl.
730 5733 786 5789 p.
820 5714 1168 5794 30i,'nuper
1203 5721 1516 5778 ediderunt
1559 5717 1721 5774 Tafel
1764 5722 1822 5775 et
1877 5719 2030 5776 Tho-
2122 5755 2126 5758 -

2145 4814 2202 4866 et
2231 4809 2500 4880 piissimo
2521 4826 2874 4882 semperque
2899 4813 3281 4866 memorando
3306 4829 3520 4883 proavo
3580 4813 3819 4886 imperii

2148 4899 2352 4964 nostri,
2381 4898 2618 4954 domino
2653 4898 2842 4954 Alexio
2865 4899 3187 4971 Comnano,
3224 4901 3568 4957 accedenles
3617 4903 3810 4957 fauto-

2145 5005 2237 5044 res
2269 5005 2386 5044 non
2421 4987 2627 5057 vocati,
2663 5005 2778 5042 non
2814 4989 3009 5060 parvis
3060 4989 3339 5061 periculis
3396 5007 3459 5045 se
3509 5006 3803 5063 opponen-

2144 5083 2231 5135 tes
2262 5079 2320 5134 in
2381 5083 2584 5134 contra
2643 5078 2839 5146 illum,
2898 5079 3152 5137 victoriae
3206 5083 3255 5136 ei
3310 5098 3427 5137 non
3482 5079 3802 5154 quamlibet

2145 5177 2377 5232 parsem
2410 5161 2810 5218 contulerunt.
2840 5165 3098 5223 Primum
3131 5169 3328 5240 itaque
3361 5169 3470 5226 hoc
3497 5166 3803 5225 exordium

2143 5249 2519 5320 primamque
2559 5250 2812 5306 radicem
2864 5253 3214 5325 devotionis,
3264 5275 3441 5328 quam
3502 5273 3636 5329 erga
3689 5259 3809 5312 Ro-

2144 5355 2306 5394 meos
2347 5339 2640 5406 fovebant,
2701 5341 3066 5409 exhibentes,
3125 5362 3194 5400 ex
3258 5362 3377 5417 qua
3407 5347 3636 5402 fructus
3683 5363 3800 5402 non

2143 5433 2527 5500 sumpserunt
2572 5430 2865 5502 ignobiles
2895 5435 3034 5502 (non
3067 5434 3222 5490 enim
3257 5439 3400 5490 tunc
3433 5435 3812 5494 solummodo

2142 5588 2268 5657 mas
2304 5574 2502 5657 .U_rk._3..
2526 5574 3439 5657 alt_."_Han.dne_t{-_und_§£aq{sgesh.
3503 5579 3604 5636 der
3667 5582 3812 5655 Rep.

2148 5595 2268 5628 [118.5
2304 5595 2430 5629 unc.
2453 5595 2502 5628 2v.
2533 5595 2632 5628 au.
2685 5595 3062 5631 ﬂammis-una
3109 5595 3292 5633 suum
3328 5603 3335 5633 l

2148 5645 2395 5718 Venedz'g.
2429 5649 2491 5702 Τ.
2519 5651 2544 5700 l
2575 5647 2770 5718 (Wien
2795 5649 2956 5714 1856)
2988 5665 3045 5721 p.
3072 5595 3335 5707 179-1899.
