4130 6386
397 444 520 505 453

1545 443 1939 507 NOVELLE
1980 442 2555 506 CONSTlTUTION
2565 443 2682 504 ES.

3706 445 3828 505 454

399 577 638 633 Romeis
669 577 819 633 servi
850 582 1037 646 erant,
1070 594 1274 634 verum
1321 578 1498 634 etiam
1530 575 1662 633 aliis
1691 575 2061 648 temporibus
2089 577 2145 644 Α
2175 575 2413 647 quidem
2446 575 2662 633 factum
2697 579 2754 630 et
2785 592 2818 630 a
2849 577 3128 647 perpetue
3160 573 3442 631 memorie
3472 578 3576 631 aut
3604 574 3683 648 (8)
3712 575 3825 630 im-

399 672 457 723 et
486 665 656 736 locis,
691 667 761 722 de
791 667 1011 739 quibus
1041 684 1145 739 per
1173 671 1368 739 partes
1408 666 1733 739 exprimere
1765 663 2055 737 prolixum

401 756 536 826 est),
596 773 630 810 a
685 761 883 812 nostre
955 755 1337 811 sublimitatis
1415 755 1888 828 progenitoribus
1943 769 2056 807 non

402 844 652 900 minima
672 844 896 916 premia
919 845 1113 918 adepti
1135 851 1296 912 sunt,
1319 862 1504 900 unum
1526 844 1823 916 quoddam
1847 857 2060 914 corpus

404 933 686 989 unanime
717 950 850 988 cum
887 934 1174 988 Romanis
1203 935 1390 990 eti'ecti
1424 949 1541 989 uno
1591 933 1802 1003 capite,
1835 931 1944 986 hoc
1975 930 2059 985 vi-

407 1022 616 1080 delicet
639 1022 904 1094 imperio,
940 1022 1428 1095 dispensandum.
1461 1021 1570 1077 Alii
1604 1023 1680 1094 (5)
1712 1021 1794 1076 sic
1827 1020 1972 1075 uniti
2006 1023 2063 1075 et

411 1111 687 1168 Romanis
754 1111 1006 1167 maxime
1058 1112 1269 1178 devoti,
1330 1111 1542 1168 occulti
1603 1113 1674 1166 ob
1749 1110 2059 1181 cujusdam

410 1216 603 1258 rerum
634 1216 942 1256 excessum
975 1201 1258 1256 Romanis
1308 1199 1483 1256 alieni
1538 1200 1727 1256 eﬂ'ecti
1763 1203 1922 1255 sunt.
1952 1199 2060 1254 Ve-

407 1294 741 1345 rumtamen
800 1289 1082 1361 quoniam
1143 1289 1238 1361 pia
1296 1295 1500 1346 nostra
1554 1289 1956 1362 tranquilitate
2003 1287 2062 1343 in

403 1378 846 1452 progenitorum
895 1396 1140 1435 suorum
1196 1384 1427 1450 sceptra
1458 1379 1708 1435 Romani
1768 1377 2064 1450 imperiis

403 1468 521 1525 Deo
574 1473 844 1540 promota
899 1466 1160 1523 Venetici
1221 1466 1595 1522 dilectionem
1652 1472 1709 1522 et
1760 1465 2062 1522 servitium

403 1574 540 1628 erga
586 1556 936 1613 Romaniam
985 1562 1353 1612 sacramento
1405 1572 1683 1611 renovare
1730 1555 2062 1625 voluerunt,

404 1645 704 1701 notiﬁcata
762 1645 822 1701 in
883 1646 1291 1715 conventione,
1345 1661 1523 1716 quam
1583 1644 1831 1717 imperio
1864 1647 2064 1700 nostro

405 1738 462 1790 et
491 1733 774 1791 Romanis
806 1733 1090 1804 fecerunt,
1125 1734 1386 1805 capitula
1409 1735 1750 1804 juramento
1794 1733 2064 1789 corrobo-

408 1828 630 1892 rantes,
684 1822 1002 1893 imperium
1061 1822 1335 1892 equidem
1407 1825 1677 1876 nostrum
1737 1823 1803 1876 ad
1864 1835 2071 1889 eorum

408 1911 735 1979 servitium,
789 1927 902 1982 que
949 1910 1064 1982 ipsi
1112 1927 1248 1984 sepe
1297 1911 1580 1966 Romanis
1629 1911 1912 1980 fecerunt,
1947 1924 2067 1963 me-

410 2000 661 2057 moriam
692 1999 930 2056 veniens
961 2001 1062 2071 (6),
1094 2017 1194 2055 eos
1226 2017 1409 2072 usque
1458 2000 1518 2054 in
1554 1999 1726 2054 ﬁnem
1781 1999 2003 2054 alienos
2034 2015 2068 2053 a

409 2089 694 2146 Romanis
725 2106 840 2145 non
874 2090 994 2144 fore
1030 2091 1263 2159 justum
1307 2089 1621 2161 reputavit,
1672 2089 1933 2159 suscepit
1962 2104 2062 2142 au-

411 2184 528 2234 tem
560 2194 660 2233 eos
717 2177 956 2245 iterum,
1019 2178 1420 2234 misericordis
1471 2179 1719 2248 januam
1780 2177 2065 2250 pandens,

409 2282 739 2338 corpusque
771 2267 1018 2323 Romani
1051 2268 1421 2340 principatus
1451 2267 1522 2322 ad
1554 2267 1866 2338 pristinam
1899 2266 2034 2320 rede

408 2355 496 2430 git
519 2355 939 2428 integritatem,
976 2358 1306 2413 membrum
1351 2358 1480 2429 ejus
1533 2361 1907 2429 amputatum
1939 2373 2069 2412 rur-

409 2461 546 2503 sum
588 2445 702 2516 ipsi
747 2446 1102 2517 adjungens.
1165 2445 1453 2513 Quoniam
1507 2463 1642 2502 vero
1675 2450 2072 2518 poposcerunt

411 2537 680 2591 nostram
717 2534 1168 2602 sublimitatem,
1204 2539 1479 2607 rogantes
1534 2535 1894 2590 crisobulum
1926 2535 2073 2608 ipsis

416 2625 640 2679 factum
674 2639 709 2678 a
753 2640 986 2696 semper
1030 2623 1184 2679 inter
1241 2625 1629 2696 imperatores
1689 2626 2073 2680 memorando

416 2717 628 2786 patruo
658 2711 892 2784 imperii
926 2712 1134 2780 nostri,
1167 2712 1405 2768 domino
1457 2712 1725 2768 Manuele
1755 2716 2071 2782 Comnano,

419 2801 774 2858 conﬁrmans
828 2800 1151 2873 chysobula
1197 2799 1344 2872 ipsis
1401 2799 1684 2857 hactenus
1732 2801 1885 2856 tacta
1934 2802 2073 2874 piis-

424 2889 706 2944 simorum
723 2905 1066 2961 semperque
1084 2890 1604 2944 memorandorum
1629 2889 2072 2960 imperatorum,

431 2977 692 3033 videlicet
739 2977 937 3050 proavi
985 2977 1220 3050 imperii
1279 2977 1462 3032 nostri
1514 2977 1738 3034 domini
1795 2977 1977 3033 Alexii
2019 2983 2077 3033 et

425 3066 620 3138 magni
653 3068 847 3139 patrui
879 3067 1100 3122 domini
1131 3067 1419 3123 Johannis
1441 3070 1898 3136 Comnanorum,
1921 3083 2076 3122 com-

422 3157 644 3213 ﬁrmari
677 3173 810 3212 cum
843 3157 1050 3214 ceteris
1096 3163 1152 3213 et
1191 3174 1225 3213 a
1273 3163 1474 3213 nostra
1523 3157 1853 3224 clementia,
1884 3158 2074 3228 impe-

422 3244 576 3300 rium
639 3251 910 3302 nostrum
988 3251 1046 3300 et
1103 3245 1253 3300 hanc
1329 3244 1802 3315 deprecationem
1871 3261 2073 3300 eorum

2169 664 2315 736 perii
2373 665 2556 720 nostri
2615 664 3056 736 chrysobulum,
3106 664 3337 719 diversa
3392 664 3539 735 ipsis
3572 663 3826 735 largiens

2168 753 2541 811 liberalitatis
2565 753 2869 810 beneﬁcia.
2903 753 3182 825 Sequitur
3214 757 3411 808 autem
3445 753 3641 825 ipsum
3692 769 3828 808 mox

2170 849 2227 900 et
2257 844 2504 900 alterum
2538 863 2571 901 a
2629 862 2863 917 semper
2913 845 3293 900 memorando
3326 849 3382 899 et
3430 848 3517 900 ter
3562 844 3727 900 beato
3755 846 3828 900 ab

2171 935 2566 1006 omnibusque
2641 936 2851 990 dilecto
2931 933 3170 989 domino
3247 937 3304 988 et
3377 937 3543 1005 patre
3600 933 3828 1004 imperii

2172 1022 2380 1087 nostri,
2415 1026 2616 1079 eadem
2653 1024 2798 1095 ipsis
2841 1023 3210 1090 impertiens,
3243 1027 3300 1076 at
3348 1021 3686 1094 appositum
3719 1025 3828 1092 est,

2173 1112 2326 1183 quod
2361 1117 2501 1167 tunc
2553 1113 2770 1186 petiere
2816 1117 2873 1167 et
2903 1116 3056 1167 certe
3101 1112 3177 1182 (9)
3210 1112 3281 1165 ad
3336 1111 3832 1166 restaurationem

2172 1200 2504 1267 amborum,
2539 1202 2672 1255 ﬁdei
2703 1207 2758 1255 et
2789 1200 3089 1256 servitutis
3136 1199 3426 1268 videlicet,
3484 1216 3662 1272 quam
3694 1217 3835 1272 erga

2172 1288 2486 1360 imperium
2540 1295 2808 1346 nostrum
2859 1289 3175 1355 habebant,
3224 1293 3281 1344 et
3327 1288 3538 1344 sinceri
3588 1288 3830 1357 amoris,

2175 1394 2349 1450 quem
2380 1395 2515 1451 erga
2545 1379 2894 1435 Romaniam
2942 1379 3251 1433 observare
3301 1376 3545 1448 polliciti
3579 1378 3832 1447 fuerant,

2176 1482 2282 1522 nec
2331 1484 2446 1523 non
2491 1474 2548 1524 et
2604 1469 2873 1524 affectus.
2924 1466 3334 1522 Necessarium
3388 1466 3569 1538 igitur
3623 1471 3736 1534 est,
3777 1470 3835 1521 et

2177 1563 2429 1628 utraque
2487 1557 2740 1612 hiisdem
2818 1573 2965 1629 quas
3021 1556 3042 1590 θ
3090 1557 3391 1610 continent
3467 1555 3830 1610 dictionibus

2177 1645 2435 1717 presenti
2471 1651 2668 1702 nostre
2699 1645 3038 1701 serenitatis
3077 1643 3431 1715 chrysobulo
3476 1660 3631 1698 nunc
3662 1643 3831 1700 inno-

2175 1735 2322 1802 vari,
2369 1739 2664 1806 quatenus
2715 1734 2895 1790 veluti
2943 1733 3234 1789 civitatem
3293 1732 3354 1786 in
3411 1733 3600 1788 medio
3654 1733 3831 1788 sitam

2178 1823 2431 1880 summis
2454 1825 2742 1896 presentis
2771 1824 2996 1880 scilicet
3025 1820 3363 1894 chrysobuli
3384 1839 3486 1893 per
3507 1821 3704 1876 omnia
3723 1821 3837 1877 col-

2178 1911 2432 1985 ligemus
2465 1917 2522 1968 et
2562 1913 2925 1968 muniamus.
2960 1911 3144 1966 Habet
3190 1910 3390 1982 itaque
3424 1909 3508 1964 sic
3554 1914 3834 1982 perpetue

2179 2003 2458 2057 memorie
2517 2003 2891 2073 imperatoris
2949 1999 3176 2056 domini
3243 2003 3299 2054 et
3358 1999 3546 2070 patris
3601 1999 3836 2071 imperii

2179 2092 2362 2146 nostri
2396 2091 2814 2163 chrysobulum
2844 2107 2855 2146 :

2252 2200 2280 2230 ‹‹
2311 2180 2620 2235 Consuevit
2651 2195 2788 2252 sepe
2834 2177 3137 2250 antiquior
3178 2177 3323 2233 ﬁdes
3368 2180 3425 2232 et
3473 2176 3696 2232 devotio
3729 2193 3831 2250 po-

2180 2291 2209 2320 «
2243 2269 2545 2326 steriorem
2603 2267 3086 2324 mallivolentiam
3143 2272 3451 2338 contegere
3508 2269 3564 2321 et
3615 2265 3831 2338 delere,

2180 2381 2208 2408 ‹‹
2243 2359 2410 2414 victis
2441 2357 2694 2414 dominis
2726 2363 2782 2413 et
2813 2357 3020 2412 amicis
3077 2355 3360 2410 memoria
3409 2353 3658 2426 pristine
3690 2355 3834 2410 sub-

2184 2469 2213 2500 «
2245 2447 2503 2503 ditorum
2536 2453 2592 2502 et
2624 2440 2950 2502 amicorum
3000 2445 3319 2508 bonitatis;
3370 2442 3545 2514 quale
3591 2460 3749 2500 nunc
3779 2447 3839 2499 et

2186 2559 2214 2588 «
2245 2538 2317 2592 de
2359 2536 2642 2592 Veniticis
2684 2535 2944 2608 contigit.
3001 2533 3316 2605 Imperium
3367 2533 3522 2587 enim
3565 2538 3834 2588 nostrum

2185 2649 2213 2678 «
2243 2627 2627 2681 reminiscens
2665 2641 2870 2681 eorum
2921 2623 3160 2694 antique
3211 2621 3543 2678 devocionis
3593 2627 3650 2676 et
3677 2622 3834 2690 ﬁdei,

2185 2741 2212 2768 «
2247 2735 2426 2789 quam
2483 2734 2620 2790 erga
2669 2719 2948 2790 perpetue
3009 2714 3288 2770 memorie
3345 2714 3753 2784 imperatorem
3781 2719 3837 2769 et

2189 2830 2216 2858 «
2250 2807 2694 2862 desiderabilem
2727 2805 3035 2862 dominum
3067 2808 3123 2860 et
3149 2807 3372 2875 patrem
3395 2802 3624 2874 imperii
3649 2803 3836 2858 nostri

2192 2915 2214 2944 α
2246 2896 2582 2965 exhibuere,
2615 2895 2876 2967 pericula
2921 2910 3023 2966 pro
3071 2892 3353 2948 Romanis
3407 2891 3750 2957 subeuntes,
3782 2895 3840 2946 et

2189 3007 2216 3036 «
2249 2988 2368 3040 toto
2400 2985 2594 3054 corde,
2627 3001 2761 3039 cum
2793 2982 3139 3053 inambigua
3182 2979 3528 3036 strenuitate
3568 2995 3839 3051 pugnan-

2186 3083 2333 3130 «tes
2391 3077 2592 3130 contra
2649 3073 2868 3143 hostes,
2929 3071 3028 3142 qui
3090 3075 3229 3125 tunc
3290 3085 3416 3124 eam
3482 3069 3838 3140 invaserant,

2189 3163 2422 3235 «paulo
2474 3169 2607 3218 ante
2661 3161 2812 3217 male
2871 3162 2944 3215 ab
2999 3159 3084 3214 eis
3139 3163 3300 3231 gesta
3358 3157 3732 3229 contempsit,
3785 3162 3842 3214 et

2188 3275 2208 3302 α
2246 3253 2634 3308 reversionem
2669 3268 2872 3306 eorum
2906 3250 3184 3319 suscepit,
3247 3249 3448 3317 eisque
3479 3252 3689 3301 nutum
3724 3246 3843 3319 yla-

420 3335 746 3408 adimplens
803 3335 1114 3391 conﬁrmat
1188 3352 1291 3408 per
1354 3352 1597 3406 presens
1652 3335 2074 3408 chrysobulum
2108 3329 2150 3396 C
2189 3358 2373 3396 «rem
2433 3329 2710 3408 ostendit,
2768 3343 2824 3394 et
2881 3339 3227 3393 accedentes
3285 3351 3383 3390 eos
3442 3334 3841 3406 amplexatum

419 3425 667 3480 verbum
727 3441 903 3480 suum
962 3423 1113 3481 idem
1172 3441 1374 3481 eorum
1437 3423 1847 3496 chysobulum,

423 3514 628 3585 sicque
659 3513 837 3570 habet
859 3529 872 3569 :

501 3623 532 3652 «
588 3604 656 3658 Et
707 3602 923 3674 aliquis
980 3603 1340 3658 ﬁrmioribus
1397 3603 1734 3658 civitatibus
1785 3600 2079 3658 fortitudi-

425 3707 565 3748 nem
617 3692 830 3748 addere
878 3692 1077 3748 volens
1121 3693 1410 3747 secundas
1456 3693 1814 3748 munitiones
1853 3690 2082 3763 excogi-

425 3780 594 3852 tavit,
641 3786 698 3837 et
753 3781 1101 3838 custodibus
1164 3782 1461 3837 custodias
1520 3783 1825 3854 murisque
1883 3797 2082 3837 muros

433 3868 669 3940 adjecit,
702 3873 760 3925 et
789 3869 1049 3926 hostium
1077 3869 1399 3927 insultibus
1423 3871 1745 3927 fortissima
1775 3871 2082 3944 Opposuit;

432 3962 524 4013 set
553 3964 611 4014 et
643 3960 769 4014 auri
800 3960 1030 4030 pondus
1072 3976 1247 4032 grave
1294 3961 1472 4030 hujus
1524 3962 1711 4032 gratia
1741 3962 2083 4034 expendere,

431 4053 493 4103 et
545 4048 882 4120 perfectioni
944 4050 1207 4106 custodie
1265 4050 1546 4120 prolixius
1601 4056 1837 4123 tempus
1877 4056 2084 4119 terere,

429 4141 490 4193 et
520 4137 634 4193 alia
662 4137 832 4209 plura
878 4139 948 4193 ad
997 4139 1253 4195 civitatis
1304 4139 1640 4195 ﬁrmitatem
1683 4147 1859 4213 atque
1890 4145 2087 4196 custo-

429 4227 588 4281 diam
622 4225 823 4299 largiri
857 4244 970 4282 non
1025 4227 1316 4283 reiutavit.
1379 4227 1495 4283 Nos
1530 4245 1662 4283 vero
1708 4233 1764 4284 et
1813 4247 1947 4283 cum
1981 4230 2088 4285 deo

428 4315 808 4384 imperatorio
864 4315 1195 4387 principatu
1255 4316 1568 4385 succincti,
1625 4322 1682 4372 et
1740 4321 2088 4388 potestatem

430 4406 607 4475 atque
629 4402 900 4459 virtutem
938 4403 1242 4472 habentes,
1276 4420 1380 4460 nec
1431 4421 1548 4460 non
1596 4409 1653 4461 et
1705 4405 2088 4478 pecuniarum

1923 3425 2076 3495 quod

426 4494 762 4560 thesauros,
795 4495 896 4550 ubi
929 4495 1118 4567 placet
1148 4501 1204 4551 et
1251 4496 1574 4552 necessitas
1631 4497 1834 4569 exigit,
1867 4496 2091 4568 largius

430 4583 819 4654 eti'undenles,
880 4601 996 4640 non
1055 4584 1377 4658 largiemur
1433 4586 1639 4642 amicis
1697 4585 1976 4642 ﬁdelibus
2035 4589 2094 4642 et

2189 3453 2216 3481 «
2251 3436 2358 3495 est,
2420 3434 2476 3485 et
2519 3429 2708 3501 primo
2767 3427 3007 3498 quidem
3065 3424 3434 3497 indulgentia
3488 3439 3588 3480 eos
3631 3424 3842 3496 dignos

2190 3541 2217 3569 ‹‹
2255 3520 2410 3586 facit,
2443 3523 2508 3573 ut
2537 3525 2593 3573 et
2623 3517 2862 3590 penitus
2895 3515 3118 3571 nullam
3151 3515 3362 3570 amodo
3390 3513 3642 3568 subeant
3670 3512 3843 3569 lesio-

2194 3628 2222 3658 «
2255 3625 2388 3663 nem
2422 3624 2524 3680 pro
2564 3607 2700 3672 hiis,
2751 3623 2864 3678 que
2909 3605 2967 3660 in
3017 3602 3431 3660 celsitudinem
3491 3607 3754 3658 nostram
3786 3606 3844 3658 et

2192 3719 2219 3748 «
2253 3697 2597 3752 Romaniam
2651 3712 2720 3750 ex
2775 3694 3065 3750 diabolica
3107 3691 3482 3748 infestatione
3533 3691 3844 3748 commise-

2201 3805 2227 3838 α
2257 3790 2413 3853 runt,
2448 3802 2647 3842 verum
2699 3785 2954 3840 habeant
3010 3781 3312 3837 assiduam
3360 3780 3597 3852 pietatis
3643 3785 3844 3836 nostra

2195 3899 2222 3927 ‹‹
2257 3875 2685 3948 indulgentiam
2720 3891 2822 3945 per
2865 3889 3106 3944 presens
3155 3870 3576 3942 chrysobulum
3623 3870 3709 3925 eis
3739 3869 3856 3925 col-

2200 3967 2455 4032 «latam,
2513 3963 2926 4036 pollicentibus
2981 3967 3040 4016 et
3096 3976 3331 4014 rursum
3382 3975 3450 4014 ex
3506 3963 3626 4013 toto
3676 3959 3852 4013 corde

2197 4080 2224 4108 ‹‹
2256 4073 2358 4128 pro
2417 4053 2706 4110 Romanis
2763 4067 3026 4123 pugnare
3081 4055 3138 4105 et
3194 4065 3298 4118 pro
3358 4048 3518 4103 omni
3573 4044 3851 4102 cristiano

2205 4168 2231 4199 σι
2260 4145 2465 4201 ordine
2496 4145 2605 4198 sub
2638 4146 2839 4196 nostra
2869 4141 3154 4195 existente
3200 4137 3531 4203 clementia,
3565 4135 3852 4206 quedam-

2199 4261 2225 4288 α
2261 4253 2374 4309 que
2406 4234 2682 4308 specialia
2730 4231 2968 4288 servitia
3016 4231 3236 4300 scripta
3288 4245 3389 4300 per
3436 4226 3854 4282 conventiones

2207 4347 2234 4380 σι
2263 4323 2598 4382 celsitudini
2650 4326 2850 4377 nostre
2896 4324 2952 4375 et
3011 4319 3292 4375 Romanis
3340 4318 3648 4372 observare
3678 4315 3850 4387 polli-

2202 4414 2414 4484 «citis,
2486 4411 2811 4468 secundum
2888 4409 3047 4480 quod
3119 4406 3426 4463 conventio
3504 4422 3537 4461 a
3615 4403 3850 4459 nunciis

2203 4527 2232 4556 «
2264 4521 2466 4561 eorum
2497 4504 2648 4558 facta
2704 4500 2774 4555 de
2831 4497 2925 4554 his
2963 4497 3142 4554 latius
3192 4500 3411 4551 narrat.
3470 4495 3541 4550 Et
3569 4492 3851 4566 quoniam

2202 4617 2230 4646 ‹‹
2263 4593 2557 4664 petierunt
2588 4590 2742 4646 idem
2775 4586 3197 4661 chrysobulum
3245 4584 3392 4657 ipsis
3442 4585 3666 4640 factum
3697 4582 3853 4638 beati

426 4671 736 4740 benivolis,
789 4677 846 4728 et
894 4690 1164 4730 sermone
1217 4691 1519 4730 sermones
1577 4676 2084 4746 conﬁrmabimus,
2118 4694 2166 4758 D
2203 4707 2230 4736 «
2263 4679 2636 4754 imperatoris
2666 4678 2887 4734 domini
2921 4681 2977 4731 et
3007 4675 3190 4747 patris
3233 4673 3463 4745 imperii
3507 4671 3693 4728 nostri
3725 4687 3854 4726 cor-

425 4777 793 4833 manumque
816 4763 884 4815 ad
913 4762 1374 4819 ministrandum
1400 4764 1554 4819 stillo
1579 4763 1988 4820 exhibebimus
2013 4764 2084 4818 ad

426 4865 631 4905 eorum
666 4850 1220 4917 oorroborationem,
1276 4856 1333 4907 et
1381 4852 1598 4907 vallum
1653 4852 1803 4907 vallo
1842 4852 2086 4908 adbibe-

428 4941 653 5006 bimus,
709 4946 1002 5012 quatenus
1059 4941 1198 4998 olim
1247 4942 1332 4998 eis
1363 4943 1666 4998 munimen
1725 4944 2085 5000 custoditum

425 5029 838 5086 custodiamus
869 5034 926 5086 et
975 5031 1316 5087 muniamus
1338 5032 1365 5088 ?
1393 5035 1463 5086 Et
1493 5032 1591 5087 ubi
1622 5032 1729 5088 hoc
1762 5032 2086 5105 imperialis

427 5117 830 5174 benevolentis
862 5123 920 5173 et
948 5118 1288 5185 voluntatis,
1325 5137 1438 5174 non
1472 5119 1556 5175 eis
1575 5121 1821 5190 januam
1846 5121 2088 5194 opilabi-

429 5223 567 5262 mus
599 5207 696 5278 (7),
730 5223 834 5261 nec
866 5207 1136 5262 auditum
1167 5208 1250 5262 eis
1274 5209 1625 5280 serabimus,
1666 5227 1869 5265 verum
1901 5209 2084 5265 lecius

425 5311 530 5350 eos
562 5294 958 5365 adspiciemus
990 5298 1046 5350 et
1075 5294 1412 5367 petitionem
1455 5312 1655 5351 eorum
1688 5296 2080 5368 perﬁciemus.

424 5387 499 5438 Et
531 5382 672 5455 quid
726 5383 871 5438 mihi
916 5384 987 5439 ad
1039 5384 1265 5440 favores
1320 5385 1663 5440 sermonis?
1717 5384 1953 5442 Venetis
1997 5389 2088 5442 est

499 5561 576 5633 (5)
612 5558 872 5634 Editores
902 5559 1216 5634 legendum
1249 5566 1528 5618 censent:
1573 5562 1639 5618 At
1669 5563 1715 5617 ii
1745 5561 1939 5618 Recte.

505 5631 559 5696 (6
612 5631 883 5688 Vertens.
964 5631 986 5634 ⁷

505 5635 875 5790 (Ἱέξιᾱὶιίξιξθε
907 5706 1150 5790 notant:
1197 5704 1576 5790 ohserabimnus
1622 5721 1799 5778 supra
1829 5703 2083 5790 legitur;

431 5792 508 5834 an
557 5775 981 5834 Obturabimus?
1033 5779 1182 5835 Tene
1237 5781 1434 5835 tamen
1493 5775 1745 5837 formam
1802 5775 2083 5837 rariorem

2198 4797 2224 4824 «
2259 4772 2368 4846 rigi
2427 4769 2658 4842 sibique
2712 4769 2923 4821 iterum
2976 4764 3124 4832 dari,
3186 4765 3326 4834 quia
3358 4763 3484 4832 jam
3545 4777 3612 4816 eo
3644 4760 3854 4831 privati

2197 4885 2224 4912 «
2258 4863 2490 4917 fuerant
2521 4875 2623 4930 pro
2656 4855 2770 4911 hiis
2791 4869 2904 4927 que
2937 4853 3268 4908 acciderant
3298 4850 3508 4922 culpis,
3541 4847 3853 4904 clementia

2196 4974 2225 5002 «
2262 4955 2463 5006 nostra
2501 4964 2598 5002 eos
2645 4942 2941 4999 exaudivit
2989 4939 3384 5012 precepitque,
3437 4935 3853 4992 inviolabiliter

2199 5063 2226 5091 ‹‹
2259 5040 2368 5094 hoc
2398 5043 2595 5093 tamen
2628 5033 2807 5089 scribi
2841 5036 2898 5087 et
2927 5031 3019 5085 hic
3055 5029 3214 5102 poni,
3247 5029 3332 5083 sic
3362 5027 3587 5082 habens
3615 5042 3626 5080 :

2268 5131 2331 5183 Et
2360 5126 2491 5200 quid
2531 5139 2778 5194 unquam
2821 5125 2898 5176 est
2953 5118 3306 5175 commutatio
3362 5132 3572 5182 eorum,
3603 5129 3706 5184 que
3733 5114 3852 5167 sin-

2195 5235 2316 5276 cere
2345 5215 2661 5272 dilectionis
2716 5219 2766 5266 et
2808 5209 2938 5281 ﬁdei
2983 5207 3158 5264 sunt?
3187 5208 3251 5262 Et
3302 5221 3462 5277 quem
3510 5204 3714 5259 amicis
3740 5203 3851 5256 mi-

2195 5308 2512 5377 nistrisque,
2539 5302 2863 5374 peribulum
2914 5299 3100 5353 subire
3144 5297 3364 5368 patratis
3389 5310 3488 5366 pro
3535 5291 3773 5348 dominis
3803 5296 3854 5347 et

2195 5399 2407 5466 amicis,
2439 5393 2632 5449 reddet
2665 5391 2786 5462 quis
2818 5389 3103 5454 talionem,
3150 5390 3203 5440 et
3258 5385 3502 5440 maxime
3548 5390 3695 5449 tunc,
3725 5395 3852 5437 cum

2195 5564 2286 5636 Opi
2293 5560 2314 5616 ι
2322 5603 2334 5615 .

2267 5634 2342 5705 (8)
2378 5636 2521 5705 Lege
2550 5642 2674 5705 avo.

2265 5702 2343 5778 (9)
2370 5704 2594 5762 Cartam
2616 5702 2641 5752 ?
