4130 6388
393 377 514 438 455

1698 376 1958 440 ιεΑΑοι
2005 375 2300 440 ANGELI
2340 377 2512 442 IMP.

3700 383 3825 444 456

390 511 502 583 ipsi
527 511 844 570 voluntarie
862 529 963 585 pro
1019 528 1102 570 eis
1148 513 1579 570 inimicitiarum
1627 512 1900 568 intersunt
1937 527 2042 584 pa-
2078 509 2134 578 Α
2165 510 2296 568 bens
2323 512 2394 568 ad
2432 514 2728 572 chelandia
2775 513 2924 572 dari.
2987 514 3272 572 Concessit
3327 517 3515 572 autem
3560 514 3828 574 celsitudo

387 601 516 670 gnis
540 603 566 655 .9
593 603 657 657 Et
690 600 912 674 quidem
950 607 1134 658 nostre
1175 603 1537 660 benivolentie
1567 601 1898 670 liberalitas,
1930 617 2049 656 ma-

383 707 552 761 gnam
599 691 744 747 hanc
799 707 921 748 rem
965 707 1192 762 ponens,
1251 693 1472 747 nullam
1522 693 1762 762 repperit
1808 689 2052 746 retribu-

385 779 610 835 tionem.
683 781 1066 836 Verumtamen
1145 782 1450 847 retribuit,
1508 790 1778 853 quantum
1839 782 2054 850 tempus

384 867 565 940 offert,
594 871 648 924 et
685 885 789 940 que
829 871 1023 925 amicis
1053 873 1108 924 et
1161 871 1448 926 ministris
1493 880 1625 926 sunt
1665 868 2051 941 acceptabilia.

384 957 523 1013 Sunt
553 959 732 1029 igitur
754 975 841 1024 ea,
875 975 978 1030 que
1007 959 1400 1015 retribaunlur
1442 961 1522 1016 eis
1549 959 1688 1031 ﬁdei
1733 961 2052 1031 sincercque

381 1047 667 1102 servitutis
723 1049 1222 1119 renumerationes,
1279 1058 1474 1106 nostra
1551 1049 1767 1122 quidem
1824 1049 2053 1110 liberali

379 1136 662 1192 voluntate
719 1137 1070 1208 benivoloque
1131 1141 1318 1196 animo
1372 1141 1596 1196 minora
1649 1146 1703 1195 et
1753 1139 2048 1210 pauciora,

377 1240 488 1281 non
535 1229 721 1280 autem
768 1227 1038 1296 ignobilia
1085 1227 1313 1300 aliqua,
1347 1243 1446 1284 nec
1499 1229 1695 1284 amicis
1749 1227 1834 1284 vel
1880 1229 2052 1285 servis

377 1315 640 1385 indigna.
684 1321 889 1373 Verum
937 1318 1080 1391 quid
1132 1320 1304 1376 michi
1343 1321 1657 1392 proemium
1705 1320 1868 1375 vult?
1893 1319 2050 1376 Fide-

379 1401 524 1459 lium
543 1409 696 1477 gesta
746 1407 1125 1464 Veneticoram
1173 1407 1372 1465 nullus
1430 1409 1495 1466 de
1540 1409 1860 1466 hominibus
1890 1410 2048 1480 igno-

372 1495 544 1550 ravit.
574 1495 828 1564 Qualiter
871 1505 1056 1553 autem
1103 1499 1387 1568 miriferis
1432 1500 1769 1556 constructis
1808 1500 2048 1555 navibus

369 1582 778 1654 Epidamnum,
799 1585 945 1659 quod
966 1603 1066 1643 nos
1091 1587 1438 1644 Durachium
1455 1605 1734 1656 vocamus,
1759 1589 2048 1644 venerint:

369 1675 426 1728 et
454 1674 602 1728 viros
631 1675 768 1730 navi
792 1685 1116 1748 pugnantes
1137 1678 1279 1732 inna
1298 1693 1476 1734 meros
1507 1679 1568 1733 in
1589 1678 1872 1734 auxilium
1891 1677 2049 1765 nobis

371 1761 717 1834 obtulerunt,
743 1765 1086 1838 proprioque
1129 1765 1300 1822 stollo
1365 1765 1633 1823 scelerosi
1657 1765 1862 1822 stolam
1891 1761 2048 1838 illia}

2162 606 2348 658 nostra
2376 610 2428 658 et
2460 619 2548 659 eos
2591 605 2879 660 universas
2923 605 3164 660 mercari
3210 605 3419 676 species
3464 605 3528 660 in
3564 605 3827 661 omnibus

2161 691 2424 748 Romanis
2447 693 2728 764 partibus,
2760 693 3016 750 videlicet
3041 694 3190 766 apud
3214 709 3475 766 magnam
3503 693 3826 750 Laodiciam

2160 779 2272 852 (11)
2330 781 2699 852 Antiochiam,
2780 784 3142 851 Mamistam,
3207 782 3496 850 Adanam,
3569 783 3823 850 Tarsam,

2159 870 2423 938 Ataliam,
2483 871 2800 940 Strorilum,
2865 872 3067 929 Chiam
3087 919 3100 940 ,
3159 871 3482 942 Theologum
3501 913 3516 938 ,
3575 871 3821 940 Faciam,

2160 959 2519 1023 Darachium,
2579 961 2874 1029 Aulonum,
2931 961 3240 1033 Korphum,
3302 961 3646 1030 Banditiam,
3706 963 3824 1017 Me-

2159 1049 2414 1116 thonum,
2448 1049 2766 1119 Coroniam,
2811 1051 3134 1123 Naaplium,
3187 1049 3532 1119 Corinthum,
3571 1049 3819 1120 Thebas,

2159 1139 2395 1195 Athenas
2459 1141 2728 1213 Euripum
2749 1181 2763 1208 ,
2841 1139 3243 1196 Dimitriadam
3264 1185 3278 1206 ,
3352 1139 3821 1207 Thessalonicam,

2163 1229 2543 1302 Chrysopolim
2567 1271 2580 1298 ,
2643 1229 3050 1286 Peritheoriam
3078 1271 3096 1300 ,
3164 1229 3397 1286 Avidum
3424 1273 3438 1299 ,
3511 1228 3818 1298 Redestam,

2158 1317 2619 1390 AdrianOpolim,
2669 1325 2918 1390 Aprum,
2977 1319 3236 1375 lracliam
3262 1363 3278 1390 ,
3337 1317 3709 1388 Silimbriam,
3769 1322 3827 1375 et

2161 1407 2306 1480 apud
2335 1408 2511 1480 ipsam
2536 1423 2798 1478 magnam
2826 1407 3036 1477 urbem,
3075 1410 3129 1464 et
3171 1405 3500 1480 simpliciter
3545 1409 3606 1464 in
3632 1407 3822 1462 omni-

2161 1495 2257 1552 bus
2283 1496 2535 1568 partibus
2565 1498 2665 1552 sub
2709 1501 2973 1568 potestate
3020 1499 3210 1554 nostre
3232 1499 3328 1570 pie
3376 1495 3822 1570 tranquillitatis

2156 1587 2536 1654 existentibus,
2602 1602 2713 1643 non
2763 1586 3049 1658 prebentes
3078 1603 3186 1659 quo
3241 1587 3401 1643 modo
3443 1601 3543 1658 pro
3570 1585 3824 1658 qualibet

2154 1677 2384 1748 propria
2411 1691 2590 1757 merce
2633 1677 2927 1750 quicquam
2965 1676 3320 1732 commerchii
3364 1676 3558 1748 gratia
3583 1677 3668 1732 vel
3695 1675 3820 1731 ali-

2157 1767 2311 1837 cujus
2339 1767 2486 1822 alius
2515 1765 2892 1836 condictionis,
2927 1779 3030 1838 que
3057 1765 3186 1837 ﬁsco
3222 1764 3502 1833 debeatur,
3541 1765 3696 1837 pacti
3721 1765 3818 1821 vi-

373 1855 624 1951 potenter
650 1852 968 1920 devicerint,
1016 1854 1314 1924 perdentes
1361 1872 1488 1912 cum
1529 1857 1662 1928 ipsis
1691 1857 1825 1912 viris
1847 1873 1870 1919 ;
1899 1873 2038 1928 qua-
2067 1885 2118 1951 Β
2157 1855 2361 1912 delicet
2388 1855 2728 1922 xilocalami,
2761 1856 3115 1921 limeniatici,
3163 1853 3472 1951 partiatici,
3515 1853 3816 1921 canischii,

373 1939 612 2011 literque
639 1941 817 1997 adhuc
861 1944 1020 1998 nobis
1070 1946 1320 2014 faventes
1370 1949 1776 2016 permaneant;
1813 1953 1865 2001 et
1892 1943 2034 2012 alia,

371 2044 477 2100 que
505 2030 566 2084 in
605 2032 754 2085 mari
783 2031 1160 2088 laborantibus
1209 2034 1296 2088 his
1344 2033 1599 2090 videlicet
1635 2035 1773 2090 viris
1811 2037 2040 2106 peracta

367 2126 520 2187 sunt,
576 2126 629 2175 et
675 2135 780 2188 que
831 2125 1076 2178 correcta
1131 2137 1320 2179 omnes
1373 2132 1667 2192 noverunt,
1725 2140 2041 2196 quanquam

367 2222 464 2263 nos
507 2225 620 2265 non
665 2209 916 2266 dicamus
938 2213 964 2264 ?
1025 2214 1348 2284 Eapropter
1403 2211 1480 2268 ad
1532 2212 2042 2269 renumerationem

369 2295 691 2365 huiusmodi
719 2300 1075 2356 servitiorum
1105 2315 1296 2357 eorum
1347 2302 1646 2358 clementia
1691 2305 1880 2358 nostra
1911 2317 2040 2357 con-

367 2387 529 2441 cessit
555 2402 657 2458 per
685 2404 909 2460 presens
953 2389 1306 2445 crisobulum
1336 2407 1426 2447 eos
1470 2392 1769 2448 annuatim
1802 2394 2044 2462 tempore

367 2475 641 2546 erogativi
669 2480 923 2549 accipere
949 2479 1343 2551 sollempniam
1391 2481 1598 2550 viginti
1627 2481 1820 2548 libras,
1848 2487 2042 2552 quate-
2076 2546 2086 2557 l

366 2579 473 2618 nus
496 2581 602 2636 per
629 2567 882 2622 ecclesias
909 2567 1270 2624 distribuant
1299 2572 1559 2642 proprias
1583 2569 1882 2626 secundum
1909 2571 2045 2626 velle

366 2668 547 2708 suum.
593 2656 890 2712 Honoravit
918 2665 1100 2713 autem
1147 2661 1200 2714 et
1256 2658 1679 2716 nobilissimum
1721 2659 1910 2716 dacem
1947 2658 2044 2715 ho-

363 2745 731 2800 noratissima
783 2749 1148 2817 protosevasti
1191 2747 1480 2820 dignitate
1517 2767 1644 2805 cum
1687 2750 1894 2805 salario
1922 2750 2041 2821 ejus

363 2833 688 2903 plenissimo
713 2854 734 2902 ;
763 2851 862 2890 nec
923 2838 984 2890 in
1012 2853 1250 2908 persona
1299 2839 1420 2909 ejus
1465 2837 1739 2894 duntaxat
1781 2838 2041 2895 honorem

364 2922 534 2977 istum
559 2921 976 2992 determinavit,
1027 2941 1127 2982 nec
1169 2927 1568 2985 indesinentem
1613 2931 1667 2984 et
1709 2932 2040 3000 perpetuum

361 3025 427 3067 ac
453 3011 764 3068 secundum
793 3014 1435 3088 saccessiones'precepit
1459 3033 1582 3073 eum
1613 3019 1734 3088 fore
1772 3017 2034 3100 ducibus,

2147 1942 2402 2015 exa/‘olii,
2433 1943 2766 2001 archonticii
2793 1952 2844 2000 et
2889 1941 3143 2000 aliorum
3186 1939 3525 2008 reddituum,
3575 1957 3816 2014 quorum

2144 2048 2308 2089 causa
2335 2035 2617 2103 negociari
2671 2033 2884 2088 debent.
2920 2032 2982 2086 In
3025 2031 3284 2087 omnibus
3331 2031 3481 2085 enim
3509 2032 3813 2086 mercatio-

2145 2137 2281 2177 nam
2310 2121 2441 2178 locis
2481 2121 2611 2178 data
2655 2129 2734 2178 est
2777 2123 2856 2177 eis
2901 2137 2937 2176 a
2986 2124 3190 2176 nostra
3243 2117 3590 2175 sublimitate
3632 2119 3816 2176 libera

2149 2211 2392 2282 licentia,
2423 2211 2618 2268 debens
2645 2212 2960 2283 superiores
2983 2225 3073 2266 eos
3101 2212 3288 2282 facere
3319 2213 3373 2264 et
3403 2210 3529 2280 ipsa
3560 2209 3811 2281 inquisi-

2149 2303 2318 2357 tione.
2348 2301 2618 2357 Excident
2645 2309 2828 2356 autem
2855 2307 2908 2356 et
2949 2299 3016 2354 ab
3045 2299 3165 2371 ipso
3216 2297 3456 2370 eparcho
3481 2297 3811 2369 parathala-

2149 2392 2257 2446 sita
2287 2391 2420 2464 (11),
2467 2388 2822 2460 eleoparocho
2865 2388 3114 2460 genicho,
3161 2386 3630 2452 commerlciariis,
3674 2385 3811 2442 kar-

2150 2479 2396 2551 tularzis,
2427 2479 2733 2553 yppologis,
2765 2487 2816 2534 et
2860 2477 3177 2549 hujasmodi
3223 2475 3500 2545 omnibus,
3531 2475 3688 2532 nullo
3707 2491 3814 2548 per

2151 2569 2269 2624 loca
2296 2569 2614 2641 principum
2660 2567 2744 2624 vel
2793 2567 3036 2624 aliorum
3081 2566 3312 2622 servitia
3357 2563 3665 2621 communis
3690 2569 3812 2621 tra-

2148 2659 2448 2714 ctantium
2480 2661 2828 2730 presumente
2881 2654 3097 2728 aliquid
3152 2670 3342 2711 eorum
3403 2661 3808 2726 contempnere,

2149 2763 2250 2819 que
2280 2747 2370 2802 hic
2411 2747 2664 2822 difﬁnita
2707 2748 2854 2802 sunt.
2909 2745 3182 2803 Omnium
3227 2744 3380 2800 enim
3426 2744 3729 2814 specierum
3757 2750 3812 2800 et

2145 2839 2434 2905 mercium,
2467 2853 2629 2910 quam
2658 2835 2772 2908 (12)
2803 2835 3084 2907 quispiam
3143 2833 3316 2901 dicet,
3359 2832 3564 2888 collata
3615 2841 3696 2888 est
3723 2835 3811 2888 eis

2147 2927 2464 2997 negotiatio,
2496 2935 2550 2982 et
2579 2926 2832 2982 omnium
2872 2923 3205 2996 emptionem
3249 2922 3504 2994 faciendi
3530 2919 3810 2980 habebunt

2141 3018 2481 3087 potestatem,
2513 3019 2834 3087 superantes
2880 3029 3100 3070 omnem
3146 3011 3443 3068 dationem.
3488 3011 3596 3067 Hec
3633 3011 3809 3083 igitur

361 3101 459 3171 qui
482 3116 582 3172 per
609 3104 860 3173 tempora
891 3107 1074 3160 erunt.
1104 3104 1386 3162 Similiter
1412 3108 1712 3163 honoravit
1741 3105 2038 3162 clementia
2145 3105 2370 3176 imperii
2391 3106 2569 3160 nostri
2589 3105 2764 3176 pietas
2793 3104 2874 3158 sic
2902 3101 3223 3174 dispensans
3253 3102 3434 3157 sancit
3463 3103 3514 3156 et
3538 3101 3802 3172 precipit,

357 3198 552 3245 nostra
576 3193 964 3262 patriarcham
995 3209 1184 3249 eorum
1220 3195 1577 3266 Ypertimam,
1623 3196 1682 3251 id
1724 3204 1804 3252 est
1831 3211 2034 3267 saper-
2068 3249 2108 3267 Α
2145 3195 2363 3250 nullum
2392 3197 2472 3250 eis
2521 3207 2830 3266 repugnare
2861 3200 3128 3263 tanquam
3189 3191 3356 3246 rectis
3399 3197 3455 3246 et
3507 3187 3642 3244 levis
3683 3187 3799 3243 cle-

359 3278 765 3352 honorabilem,
816 3297 945 3338 cum
1001 3283 1218 3339 salario
1273 3283 1549 3340 librarum
1611 3285 1729 3348 XX;
1784 3293 1838 3341 et
1891 3285 2039 3342 hanc
2064 3273 2108 3318 υ
2149 3284 2352 3340 mentie
2388 3286 2576 3339 nostre
2617 3281 2729 3354 (13)
2775 3285 2828 3338 et
2873 3284 3067 3337 contra
3117 3279 3295 3336 hostes
3341 3273 3788 3342 auxiliatoribas,

359 3366 630 3426 honorem
667 3371 972 3428 secundum
1016 3373 1379 3429 successiones
1447 3373 1519 3430 ad
1561 3377 1806 3446 posteros
1855 3375 2033 3446 patri-
2143 3377 2196 3430 et
2225 3388 2394 3445 usque
2423 3373 2483 3428 in
2511 3371 2678 3442 ﬁnem
2723 3371 2894 3426 seculi
2921 3370 3068 3426 tales
3107 3385 3163 3425 se
3219 3369 3344 3443 fore
3388 3364 3664 3438 pollicitis,
3694 3379 3797 3420 nec

357 3456 556 3512 archus
609 3463 900 3530 trasmisit,
961 3467 1244 3532 quatenus
1319 3471 1372 3518 et
1427 3467 1524 3518 his
1579 3463 1895 3519 indesinens
1962 3462 2036 3520 sit
2142 3478 2470 3536 quemquam
2537 3462 2760 3517 omnino
2815 3459 3024 3515 tatibus
3091 3459 3300 3514 sentire
3352 3455 3661 3527 contraria,
3711 3453 3800 3510 vel

355 3553 406 3603 et
431 3551 760 3618 perpetauus
791 3557 842 3604 et
869 3565 983 3606 non
1011 3553 1234 3606 tantum
1281 3567 1520 3622 persone
1563 3553 1703 3623 ejus.
1739 3553 2035 3610 Constituit
2140 3552 2498 3624 allegationes
2553 3550 2778 3622 aliquas
2827 3556 3018 3605 contra
3072 3563 3162 3604 eos
3225 3561 3517 3614 exercere,
3565 3543 3796 3600 collato-

353 3639 542 3691 autem
594 3638 867 3694 serenitas
921 3647 1112 3696 nostra
1168 3644 1223 3695 et
1274 3642 1697 3697 sanctissimam
1743 3641 2032 3698 ecclesiam
2139 3646 2326 3697 torum
2351 3642 2431 3698 eis
2453 3641 2544 3696 hic
2569 3640 2756 3710 gratia
2801 3638 3235 3710 ergasteriorum
3277 3635 3530 3692 videlicet
3566 3642 3620 3690 et
3648 3631 3796 3690 scal-

349 3727 530 3780 sancti
581 3727 828 3798 apostoli
881 3737 933 3786 et
985 3729 1325 3800 evangeliste
1378 3731 1570 3787 Marci.
1643 3731 1864 3789 Venicie
1908 3733 2029 3788 exi-

351 3815 602 3880 stentem,
636 3819 704 3872 ab
760 3833 871 3874 uno
917 3833 1128 3890 quoque
1185 3819 1663 3890 Amalﬁtanorum
1718 3821 2028 3878 Constanti-

348 3903 538 3974 nopoli
579 3909 632 3961 et
687 3907 748 3960 ira
805 3911 924 3962 tota
977 3909 1232 3964 Romana
1290 3911 1616 3981 ergasteria
1673 3910 2024 3978 habentium,

345 3999 400 4048 et
425 3992 525 4048 sub
576 3998 854 4066 potestate
909 3997 1051 4054 dicti
1112 3998 1421 4070 patriciati
1475 4001 1856 4070 existentium,
1915 4017 2025 4056 uno

348 4098 561 4156 quoque
599 4101 746 4142 anno
776 4089 1022 4159 accipere
1068 4090 1424 4146 numismata
1471 4107 1744 4162 yperpera
1769 4093 1900 4146 tria.
1935 4091 2024 4146 Ad

345 4171 448 4230 hoc
479 4173 724 4242 largitur
751 4177 834 4232 eis
870 4185 923 4234 et
967 4179 1281 4251 ergastoria
1329 4181 1390 4234 in
1433 4180 1586 4236 embo
1605 4179 1659 4236 lo
1708 4183 2024 4240 Peramatis

346 4261 404 4316 id
434 4268 517 4318 est
545 4265 831 4320 transitae
876 4267 1197 4336 existentia,
1239 4283 1366 4322 cum
1409 4283 1606 4323 eorum
1657 4269 1894 4339 solariis,
1925 4267 2024 4340 qui

346 4351 638 4408 introitum
665 4362 718 4410 et
763 4356 984 4411 exitum
1040 4356 1248 4412 habent
1296 4371 1484 4412 versus
1541 4357 1838 4424 embolum,
1881 4373 2018 4429 pro-

345 4439 660 4511 gredientia
688 4443 756 4499 ab
815 4444 1066 4517 Ebrayca
1109 4461 1282 4516 usque
1336 4446 1400 4500 in
1434 4445 1640 4516 locum,
1687 4449 1786 4518 qui
1813 4446 2020 4503 dicitur

351 4529 536 4598 Vigla,
568 4535 620 4586 et
649 4547 754 4603 que
785 4535 1178 4589 inhabitantar
1225 4540 1278 4588 et
1303 4549 1406 4605 que
1448 4550 1556 4588 non
1607 4535 2012 4605 inhabitantur,

2091 4357 2412 4416 .observare
2464 4353 2822 4428 pollicentur,

2139 3731 2342 3787 larum.
2381 3728 2769 3802 Cujascunque
2812 3729 2960 3784 enim
3008 3727 3148 3797 juris
3177 3727 3273 3782 hec
3315 3726 3454 3794 sint,
3483 3725 3600 3780 sive
3625 3721 3797 3780 eccle-

2133 3820 2356 3876 siastici
2381 3821 2497 3875 sive
2537 3819 2750 3892 privati
2795 3819 2896 3874 aut
2940 3815 3156 3887 publici
3206 3815 3320 3872 sive
3353 3821 3542 3870 sancte
3576 3809 3792 3883 domus,

2133 3911 2323 3966 nullas
2355 3913 2539 3964 tamen
2569 3915 2765 3980 tanget
2809 3923 2896 3976 ea,
2927 3921 3032 3979 que
3073 3907 3205 3960 sunt
3230 3919 3380 3960 nunc
3425 3903 3790 3960 existerdium

2132 3999 2384 4074 ﬁdelium
2411 3996 2758 4054 celsitudinis
2795 4005 2982 4053 nostre
3017 3994 3414 4059 Veneticorum,
3443 3995 3501 4048 et
3545 3995 3792 4062 postmo-

2131 4087 2262 4144 dum
2289 4087 2652 4162 futurorum;
2696 4085 2956 4157 quoniam
2982 4084 3220 4138 multam
3266 4080 3700 4138 benivolentiam
3735 4086 3794 4136 et

2131 4186 2340 4234 rectam
2363 4176 2703 4233 voluntatem
2745 4189 2872 4246 ergo
2902 4175 3200 4245 imperium
3225 4179 3477 4228 nostrum
3504 4172 3558 4226 et
3583 4174 3790 4226 Roma-

2128 4269 2284 4323 niam
2313 4265 2709 4335 exhibuerunt,
2741 4267 2792 4319 et
2832 4266 2976 4318 hanc
3003 4265 3118 4318 toto
3161 4261 3328 4318 corde
3355 4261 3417 4315 in
3459 4267 3792 4332 perpetuum

2898 4355 2951 4408 et
3005 4367 3108 4418 pro
3176 4351 3416 4408 Romano
3491 4346 3688 4404 ordine
3725 4362 3792 4403 ac

2128 4445 2445 4502 Christiano
2472 4451 2724 4516 prompte
2765 4457 3016 4514 pugnare
3061 4440 3252 4498 volunt
3279 4445 3332 4494 et
3381 4439 3784 4510 protestantur.

2127 4535 2328 4592 Contra
2357 4532 2499 4588 tales
2526 4533 2674 4587 viros
2706 4531 2828 4604 quis
2849 4527 3205 4596 contradicet,
3237 4531 3338 4584 aut
3356 4527 3483 4599 quis
3507 4527 3787 4600 placitum

341 4619 395 4672 et
425 4618 485 4673 in
514 4621 715 4690 quibus
747 4622 990 4679 Venetici
1043 4631 1270 4678 manent
1298 4626 1350 4678 et
1381 4621 1543 4678 Greci
1575 4632 1634 4678 ut
1687 4625 1748 4680 in
1777 4631 2014 4696 ergaste-
2047 4617 2092 4684 D
2125 4621 2534 4696 aggredietar?
2577 4622 2748 4690 Quam
2793 4621 2859 4677 ob
2911 4635 3026 4675 rem
3066 4631 3246 4690 neque
3293 4619 3567 4673 secretum
3607 4616 3788 4672 Petrii

338 4707 484 4774 riis,-
514 4715 570 4764 et
599 4718 706 4780 tres
735 4711 947 4781 scalas,
980 4727 1086 4782 que
1125 4726 1280 4767 secus
1309 4727 1467 4767 mare
1511 4721 1666 4784 sunt,
1712 4718 1765 4770 et
1798 4716 1857 4771 in
1885 4732 2008 4770 ma-
2117 4721 2219 4768 aut
2250 4713 2481 4784 Miretei,
2530 4725 2704 4782 neque
2747 4710 3127 4781 familiarium
3174 4707 3408 4774 alibuis,
3451 4720 3631 4776 neque
3656 4720 3780 4761 mo-

337 4798 542 4868 nifesto
571 4807 754 4870 spacto
791 4800 1356 4857 circamscribunlur.
1411 4801 1672 4874 Largitur
1725 4811 1912 4860 autem
1959 4807 2011 4860 et
2117 4803 2426 4858 aasterium
2477 4801 2590 4856 sive
2637 4797 2902 4869 templum
2958 4803 3232 4864 sanctam,
3281 4793 3480 4867 quibus
3526 4791 3781 4850 videlicet

339 4889 531 4943 sancto
561 4889 825 4957 Quintino
863 4890 977 4962 (10)
1009 4891 1334 4960 pistrinum,
1383 4891 1524 4962 quod
1571 4893 1631 4946 in
1665 4894 1833 4950 latere
1860 4895 2006 4967 ejas-
2116 4893 2317 4949 collata
2345 4890 2649 4962 ergasteria
2698 4887 2953 4942 adlinent
2979 4895 3034 4942 et
3067 4885 3254 4954 scalle,
3301 4891 3494 4939 contra
3534 4883 3630 4938 hos
3658 4898 3774 4937 mo-

337 4974 458 5031 dem
487 4977 718 5034 ecclesie
747 4985 844 5044 est,
896 4983 952 5034 et
992 4979 1184 5034 domui
1229 4980 1429 5035 attinet
1476 4981 1666 5037 Petrii
1708 4985 1760 5038 et
1784 4985 2004 5055 pensio-
2116 4983 2338 5038 vebunt.
2371 4982 2548 5034 Erant
2594 4981 2778 5033 autem
2825 4977 3047 5032 silentes
3097 4977 3238 5030 etin
3291 4972 3696 5043 dispensatione
3721 4975 3776 5025 et

339 5079 466 5120 nem
496 5063 656 5122 habet
698 5068 1042 5123 namismata
1090 5067 1312 5138 viginti.
1362 5069 1505 5124 Item
1555 5071 1798 5142 largitur
1843 5073 1925 5128 eis
1954 5073 2008 5128 et
2114 5072 2254 5127 dono
2299 5069 2665 5126 sublimitatis
2709 5069 2893 5122 nostre
2944 5065 3213 5121 veraciter
3252 5059 3672 5140 perseverantes.
3703 5055 3769 5112 Si

339 5155 628 5210 ecclesiam
679 5157 860 5211 sancti
913 5156 1156 5222 Andree,
1217 5173 1320 5230 que
1376 5167 1460 5214 est
1515 5160 1782 5216 Durachii
1807 5206 1822 5232 ,
1879 5178 2006 5218 cum
2113 5161 2268 5216 enim
2295 5175 2398 5232 que
2425 5165 2613 5213 nostra
2659 5157 2788 5210 vult
2842 5153 3104 5210 celsitudo
3148 5151 3332 5224 dignis
3388 5149 3627 5220 accipere
3651 5161 3766 5201 ηοη

339 5242 545 5298 ibidem
573 5245 938 5301 existentibus
987 5247 1354 5317 imperalibus
1399 5249 1840 5319 pensionalibus,
1884 5253 2006 5307 sine
2115 5251 2408 5322 largimur,
2441 5263 2540 5304 ceu
2584 5245 2828 5300 viriliter
2874 5243 3114 5316 operatis
3153 5239 3609 5302 accelerantibas,
3640 5236 3766 5308 qui-

339 5333 526 5389 tamen
555 5337 854 5406 apparatu,
899 5336 1000 5407 qui
1047 5337 1106 5390 in
1153 5337 1234 5392 eis
1278 5345 1550 5408 repositas
1593 5342 1692 5405 est,
1722 5341 1885 5410 quasi
1909 5339 2003 5396 de-
2115 5341 2212 5396 bus
2276 5352 2524 5409 unquam
2581 5334 2935 5404 largiemur?
2991 5335 3080 5388 Ea
3128 5339 3361 5404 propter
3415 5329 3776 5386 donabantur

415 5510 530 5589 (10)
563 5513 691 5589 Imo_
718 5509 1068 5589 ξΔκινδύνφε⁸
1339 5585 1359 5589 _
1661 5587 1674 5589 _
1785 5586 1794 5589 Α
2109 5516 2490 5589 peratalisim.

413 5584 639 5660 (tunc
677 5583 783 5660 his_
825 5583 1168 5660 nominibus
1216 5585 1596 5643 conferantur
1643 5586 1998 5647 doctissimas
2109 5583 2121 5589 ⁷
2180 5589 2295 5660 (12)
2327 5588 2478 5660 Lege
2508 5599 2664 5660 quas.

349 5653 556 5733 Tafelii
590 5660 740 5733 notas
769 5657 817 5733 1,,
842 5659 885 5716 Ι.
920 5675 979 5731 p.
1014 5659 1118 5713 118
1149 5672 1272 5733 seq.
1337 5727 1348 5733 _
1485 5728 1508 5733 Δ
1534 5728 1567 5733 __
2178 5653 2291 5733 (13)
2321 5653 2486 5717 Adae
2513 5653 2664 5714 dalis
2686 5653 2776 5712 vel
2797 5654 2992 5713 servis.

420 5673 556 5711 ueni
590 5673 740 5712 noun
769 5673 808 5714 1.
842 5673 885 5716 ι.
920 5675 979 5731 p.
1014 5673 1118 5713 116
1149 5673 1210 5714 se
1255 5695 1272 5714 .

420 5726 561 5801 (11‘)
595 5727 718 5785 Lib.
744 5729 916 5789 albus
939 5747 952 5786 :
973 5673 1456 5802 parathatlaxica;
1484 5728 1610 5788 Lib.
1643 5733 1952 5792 Pastorum
1982 5750 1997 5793 :
