4130 6378
367 398 480 458 45⁸7

1517 393 1910 457 NOVELLE
1951 391 2658 455 CONS'I‘I'I‘UTYO‘NES.

3669 400 3788 462 458

363 527 697 584 cellularum
726 528 1098 584 immobilium
1126 529 1246 586 sine
1286 524 1562 585 ablatione
1589 536 1640 583 et
1669 526 2018 597 infcstatione
2047 525 2102 590 Α
2135 546 2160 573 ‹‹
2197 524 2526 582 ventionem
2557 525 2778 599 scripto
2831 529 3219 600 peragendam
3260 546 3294 586 a
3333 530 3552 588 nuntiis
3582 547 3785 588 eorum

366 633 400 672 a
432 616 591 673 modo
618 633 720 688 per
747 633 934 673 omnes
962 626 1014 675 et
1059 618 1316 675 assiduos
1345 634 1522 674 annos
1551 615 1848 672 secundum
1875 629 2017 669 com-

363 705 784 778 prehcnsionem
841 708 1075 779 practici
1123 707 1322 764 horum
1371 707 1717 776 traditionis,
1749 702 1895 776 quod
1939 703 2021 757 eis

366 793 618 865 componi
667 792 818 849 debet
866 811 901 850 a
947 799 1107 866 prole
1137 797 1384 869 antipato
1431 795 1663 863 Georgio
1709 796 1762 848 et
1802 791 2023 846 notario

368 892 556 939 nostre
584 883 900 940 serenitatis
929 884 1282 955 Maehitario,
1312 884 1454 957 quod
1483 888 1536 940 et
1564 884 1790 954 ﬁrmum
1831 882 1942 936 erit
1973 883 2024 934 et

365 973 574 1029 stabile
599 975 762 1046 atque
793 975 1116 1031 inviolabile
1141 976 1200 1030 in
1231 975 1504 1042 omnibus,
1536 989 1638 1046 que
1667 973 1727 1028 in
1758 986 1817 1028 eo
1844 969 2023 1026 conti-

367 1062 670 1119 nebuntur.
719 1063 970 1137 Idemque
1001 1064 1154 1121 debet
1198 1065 1257 1120 in
1289 1065 1407 1120 illis
1452 1063 1734 1119 substerni
1778 1062 2020 1127 secretis,

372 1152 429 1206 in
469 1152 668 1224 quibus
715 1161 770 1209 ct
812 1169 1037 1226 presens
1068 1156 1248 1211 nostri
1293 1159 1598 1226 potestatus
1648 1152 2025 1208 substernetur

374 1242 778 1314 chrysobulum,
810 1243 880 1299 ad
908 1244 1175 1299 noticiam
1221 1242 1551 1300 collatorum
1579 1242 1746 1298 rectis
1775 1239 1884 1313 (14)
1915 1238 2024 1294 cel-

371 1331 630 1387 situdinis
662 1335 844 1389 nostre
890 1333 1170 1402 Veneticis,
1202 1341 1254 1389 et
1299 1332 1744 1404 redargutionem
1775 1328 2023 1394 illorum,

371 1421 467 1492 qui
512 1422 645 1478 istos
694 1421 892 1478 horum
940 1424 1130 1492 gratia
1177 1425 1439 1494 in/estare
1484 1423 1815 1477 niterentur.
1849 1423 2026 1474 Erunt

369 1511 551 1584 igitur
577 1512 747 1567 semel
772 1513 860 1567 hic
887 1511 1140 1585 dif/inita
1171 1513 1359 1568 omnia
1387 1513 1552 1583 ﬁrma
1581 1515 1630 1567 et
1662 1507 2026 1566 inviolabilia

367 1604 416 1655 et
447 1617 481 1656 a
529 1601 753 1657 nemine
801 1601 1252 1675 contempnenda.
1308 1603 1375 1658 Si
1403 1617 1524 1658 vero
1573 1600 1851 1672 quispiam
1881 1599 2026 1669 forte

366 1690 581 1761 aliquid
611 1692 666 1746 in
701 1691 799 1747 hoc
826 1691 1156 1764 chrysobulo
1203 1691 1587 1748 ordinatur-um
1619 1689 2021 1760 contempserit,

367 1781 815 1838 inremisibiliter
843 1786 1068 1851 cogetur
1097 1781 1228 1838 dare
1259 1799 1293 1838 a
1319 1790 1522 1838 secreto
1552 1781 1642 1852 cpi
1679 1783 1770 1836 ton
1801 1777 2023 1832 iisin/con

366 1872 496 1926 auri
524 1871 699 1927 libras
746 1871 927 1928 decem
949 1889 972 1936 ;
1015 1880 1064 1928 et
1093 1889 1162 1928 ex
1190 1887 1252 1928 eo
1279 1873 1518 1928 solvetur
1563 1870 1738 1925 ablati
1774 1870 2021 1941 pretium

367 1961 431 2016 in
480 1961 880 2033 quadruplum,
931 1962 1094 2032 ﬁrmo
1141 1968 1191 2017 et
1239 1961 1428 2018 stabili
1456 1961 1724 2016 existente
1771 1961 2023 2029 presente

363 2050 700 2122 chrysobulo
740 2051 1083 2108 celsitudinis
1112 2055 1313 2120 nostre,
1363 2052 1505 2122 facto
1538 2065 1723 2105 mense
1751 2048 1908 2120 Majo
1940 2049 2022 2104 in-

364 2141 629 2196 dictionis
655 2143 840 2212 quinte
886 2140 1089 2196 decime
1142 2142 1201 2195 in
1251 2156 1396 2196 anno
1425 2157 1524 2196 seu
1569 2139 1868 2196 millesimo
1899 2153 2022 2193 sex-

365 2230 680 2297 centesimo,
714 2233 776 2286 in
819 2246 924 2302 quo
953 2237 1005 2285 et
1056 2233 1301 2285 nostrum
1328 2231 1487 2302 pium
1537 2233 1589 2285 et
1617 2246 1651 2284 (ι
1681 2230 1779 2285 deo
1807 2242 2022 2299 promo-

360 2321 485 2375 tum
514 2320 859 2389 subsignavit
891 2321 1216 2392 imperium.

438 2407 688 2481 «Igitur
727 2408 1040 2480 imperium
1093 2412 1358 2464 nostrum
1415 2407 1755 2480 hujusmodi
1805 2407 2018 2464 conﬁr-

361 2520 394 2550 «
429 2515 599 2555 mans
648 2497 1091 2571 chrysobulum,
1140 2498 1406 2554 concedit
1434 2502 1492 2554 et
1541 2515 1773 2554 rursum
1808 2497 2019 2553 habere

361 2613 390 2640 ‹‹
426 2589 719 2660 effe-ctum,
749 2589 1074 2645 secundum
1118 2589 1274 2660 quod
1323 2587 1607 2644 dictatum
1639 2587 1698 2642 in
1732 2586 2018 2659 principio

365 2697 396 2732 ι
427 2678 537 2734 fuit
568 2683 706 2734 tunc
738 2693 872 2734 cum
906 2678 989 2735 eis
1016 2676 1293 2734 collatum
1326 2677 1453 2743 fuit,
1487 2681 1777 2749 quatenus
1806 2680 1863 2732 et
1903 2675 2017 2731 sol-

364 2787 392 2820 c
424 2767 752 2840 lempnium
785 2765 1134 2824 beneﬁcium
1167 2767 1377 2823 iterum
1408 2766 1717 2839 accipiant,
1747 2768 1802 2821 et
1833 2765 2018 2820 hono-

367 2879 395 2909 α
428 2874 517 2914 res
563 2857 919 2929 dignitatum
970 2855 1378 2912 nobilissimus
1410 2856 1529 2911 dux
1558 2859 1617 2911 et
1663 2854 2017 2911 sacerrimus

374 2969 402 2995 ‹‹
435 2946 766 3018 patriarcha
814 2963 949 3003 eum
999 2945 1124 3002 suis
1182 2945 1521 3017 errogativis
1575 2944 1851 3011 habeant,
1913 2961 2017 3000 nec

377 3057 405 3085 «
434 3052 538 3091 non
570 3041 628 3092 et
659 3035 772 3108 ipsi
825 3036 1258 3108 possessionem
1289 3039 1346 3091 et
1390 3034 1726 3090 fruitionem
1757 3038 2015 3104 ergastu-

375 3146 396 3174 ι
433 3125 654 3181 riorum
685 3129 743 3181 et
771 3124 1114 3181 collaturum
1156 3129 1212 3180 et
1242 3124 1534 3181 scalarum
1567 3123 1694 3180 sine
1724 3122 2016 3179 ablatione

367 3235 396 3264 κ
431 3214 790 3286 possideant.
821 3213 1099 3270 Similiter
1143 3212 1266 3270 vult
1308 3212 1618 3269 clementia
1665 3216 1885 3283 nostra,
1917 3228 2016 3268 eos

2141 635 2168 663 «
2203 612 2508 671 clementis
2549 620 2742 672 nostre
2789 618 3336 690 suntjurejurando
3390 621 3699 693 promissa,
3733 624 3790 677 et

2137 725 2163 752 ‹‹
2197 703 2360 758 ﬁrma
2391 708 2448 759 et
2479 704 2835 762 inviolabilia
2884 707 3211 764 observare.
3263 715 3447 782 Super
3477 709 3583 766 hoc
3618 717 3789 766 erunt

2137 791 2308 864 «ipsi
2350 794 2505 864 juris
2548 795 2662 850 sibi
2713 795 2904 852 collati
2942 814 3042 869 per
3091 814 3331 869 presens
3364 798 3786 872 ehrysobulum

2134 904 2160 931 α
2197 882 2324 938 sine
2357 882 2644 940 ablatione
2667 885 2977 953 donantes,
3005 904 3104 958 per
3127 887 3393 943 seculum
3426 905 3595 944 omne
3619 889 3787 945 firmo

2133 993 2160 1022 «
2195 976 2252 1026 et
2282 971 2600 1028 inviolabili
2631 979 2895 1045 prasente
2919 974 3263 1048 chrysobolo
3296 977 3603 1050 existente,
3640 979 3789 1035 tacto

2135 1082 2162 1110 (ς
2199 1075 2400 1116 mense
2441 1063 2702 1134 Augusto
2735 1063 3075 1120 indictionis
3107 1070 3313 1136 quarte
3357 1083 3458 1122 sex
3491 1066 3791 1124 millesimi

2140 1171 2161 1198 α
2195 1150 2626 1206 sexcentissimi
2673 1152 2955 1222 trigesimi
2999 1154 3191 1226 quarti
3241 1154 3402 1224 anni,
3455 1156 3513 1211 in
3563 1172 3676 1228 quo
3731 1159 3792 1212 et

2136 1260 2164 1288 «
2201 1243 2469 1294 nostrum
2523 1239 2686 1312 pium
2717 1245 2772 1297 et
2821 1258 2855 1297 a
2903 1242 3008 1298 deo
3043 1248 3375 1316 promotum
3422 1245 3790 1316 subsignavit

2134 1347 2162 1377 ‹‹
2197 1344 2534 1399 imperium.
2569 1350 2598 1380 »

2206 1439 2235 1468 «
2281 1419 2408 1473 Haec
2461 1417 2638 1489 igitur
2694 1423 2856 1490 sunt,
2917 1437 3030 1492 que
3084 1438 3117 1476 a
3177 1426 3451 1495 perpetue
3509 1424 3790 1480 memorie

2134 1506 2484 1581 imperatore
2515 1512 2572 1564 et
2599 1526 2702 1565 avo
2733 1509 2964 1581 imperii
2997 1511 3177 1567 nostri
3209 1518 3266 1568 et
3291 1518 3376 1569 ter
3407 1515 3575 1570 beato
3603 1513 3788 1586 impe-

2135 1601 2320 1654 ratore
2351 1598 2588 1654 domino
2624 1603 2680 1654 et
2711 1605 2872 1671 patre
2925 1600 3295 1658 celsitudinis
3345 1608 3538 1658 nostre
3571 1602 3786 1659 fidelis-

2135 1687 2302 1744 simis
2336 1689 2578 1761 imperio
2611 1695 2812 1746 nostro
2845 1689 3133 1747 Veneticis
3164 1709 3263 1764 per
3293 1692 3788 1764 ehrysobulaillo-

2137 1793 2267 1832 rum
2299 1777 2510 1834 collata
2537 1783 2712 1849 sunt;
2746 1796 2857 1851 que
2879 1781 3056 1836 etiam
3079 1781 3403 1852 ebysebula
3432 1786 3488 1837 et
3519 1785 3787 1838 nostrum

2138 1865 2299 1938 pium
2323 1866 2636 1940 imperium
2657 1869 2992 1925 corroborat
3015 1887 3116 1942 per
3139 1887 3378 1943 presens
3401 1870 3786 1941 crisobulum,

2135 1960 2191 2011 et
2212 1956 2384 2027 jubet
2415 1956 2685 2013 etinctum
2714 1975 2782 2014 ea
2823 1957 3059 2026 habere,
3092 1961 3420 2015 secundum
3463 1960 3619 2032 quod
3651 1975 3787 2016 eum

2133 2063 2318 2118 usque
2351 2047 2419 2102 ad
2453 2046 2867 2118 migrationem
2907 2048 2978 2104 ad
3013 2048 3317 2104 dominum
3354 2049 3504 2106 inter
3534 2049 3788 2122 impera-

2135 2139 2289 2191 tores
2323 2141 2598 2208 perpetue
2631 2137 2908 2193 memorie
2941 2142 3026 2193 ter
3056 2138 3206 2195 beati
3261 2137 3484 2195 domini
3514 2142 3571 2195 et
3603 2139 3786 2211 patris

2133 2229 2329 2282 nostre
2350 2225 2727 2283 sublimitatis
2753 2226 3070 2284 habebant.
3099 2228 3356 2284 Venetici
3389 2234 3586 2285 autem
3615 2229 3788 2285 solita

2130 2314 2243 2370 sibi
2289 2321 2653 2372 sacramenta
2711 2317 2988 2373 facientes
3035 2318 3429 2374 observabunt
3487 2318 3661 2373 ﬁdem
3719 2320 3778 2373 et

2129 2405 2493 2470 servitutem,
2554 2423 2733 2478 quam
2800 2414 2997 2462 nostre
3047 2407 3384 2462 celsitudiui
3449 2406 3665 2462 debent
3720 2408 3780 2462 et

2129 2494 2430 2565 Romanis,
2475 2494 2620 2566 ipsis
2671 2497 2949 2568 operibus
2998 2512 3209 2568 puram
3256 2499 3313 2552 et
3364 2512 3493 2552 vere
3537 2500 3776 2553 rectum.

2128 2585 2414 2651 Quoniam
2445 2604 2601 2656 vero,
2630 2591 2695 2643 ut
2743 2587 2991 2643 relatum
3022 2588 3131 2643 fuit
3179 2587 3486 2644 clementis
3518 2593 3715 2644 nostre
3745 2605 3780 2644 a

2129 2675 2353 2730 nuntiis
2383 2676 2796 2732 Veneticorum
2847 2677 2905 2732 in
2958 2694 3170 2749 magna
3215 2677 3355 2733 urbe
3387 2678 3777 2748 presentibus,

2127 2764 2512 2836 impetravere
2542 2765 2805 2822 Venetici
2841 2771 3180 2838 preceptum
3215 2766 3452 2838 quidem
3484 2766 3636 2822 inter
3664 2766 3778 2822 im-

2129 2859 2424 2926 peratores
2470 2872 2700 2927 semper
2732 2855 3097 2912 memorandi
3132 2855 3522 2929 imperatoris,
3555 2854 3781 2912 domini

2125 2947 2181 2998 et
2212 2945 2395 3016 patris
2445 2944 2675 3017 imperii
2724 2945 2930 3011 nostri,
2977 2943 3281 3002 licenciam
3332 2945 3478 3017 ipsis
3524 2944 3779 3017 largiens

2125 3035 2252 3090 sine
2283 3034 2676 3106 prohibitione
2705 3038 2761 3089 et
2792 3051 2893 3106 per
2942 3033 3164 3090 insulas
3215 3033 3580 3106 negociandi,
3610 3032 3779 3089 vide-

2126 3121 2260 3178 licet
2287 3123 2525 3195 (Iiprum
2556 3127 2613 3179 et
2641 3123 2895 3189 Cretam,
2929 3140 3029 3195 per
3056 3123 3210 3196 quod
3238 3127 3296 3179 et
3326 3124 3451 3178 sine
3485 3140 3773 3178 commer-

2127 3213 2240 3269 kiis
2299 3214 2550 3269 debeant
2601 3213 2882 3269 custodiri
2933 3213 3152 3284 ubique
3200 3217 3486 3268 terrarum
3548 3212 3775 3284 imperii

367 3323 397 3355 α
431 3302 646 3360 habere
693 3303 991 3359 licentiam
1041 3303 1168 3359 sine
1215 3302 1606 3375 prohibitione
1653 3299 2016 3374 negociandi,
2049 3279 2090 3346 (ἶ
2131 3304 2314 3359 nostri
2349 3321 2450 3372 pro
2482 3303 2596 3358 hiis
2627 3302 2821 3359 omnis
2851 3303 3080 3374 generis
3113 3303 3442 3374 speciebus,
3467 3319 3614 3374 quas
3660 3301 3775 3374 ipsi

362 3417 392 3446 «
425 3396 552 3451 sine
583 3393 977 3451 commerchio
1009 3399 1066 3450 et
1095 3395 1358 3466 qualibet
1389 3394 1506 3450 alia
1534 3394 1769 3450 datione
1800 3393 1857 3448 in
1889 3409 2014 3449 om-

359 3505 381 3535 ι
416 3485 593 3539 nibus
625 3484 953 3540 numeratis
984 3484 1043 3540 in
1086 3484 1397 3540 manifesto
1429 3483 1780 3557 chrysobulo
1811 3482 2013 3538 civita-

353 3596 382 3625 ‹‹
418 3573 580 3629 tibus
609 3577 666 3628 et
696 3572 868 3629 terris
899 3573 1010 3629 sub
1063 3577 1350 3646 potestate
1383 3578 1579 3629 nostre
1628 3572 2012 3628 sublimitatis

352 3684 382 3714 α
417 3661 831 3718 existentibus.
853 3661 1067 3718 Verum
1091 3667 1148 3717 et
1167 3662 1544 3718 sanctissime
1565 3661 1804 3718 ecelesie
1822 3660 2010 3718 sancti

350 3774 380 3802 ‹‹
416 3751 666 3824 apostoli
697 3756 754 3808 et
783 3752 1138 3823 evangelista
1171 3752 1364 3822 Marci,
1388 3768 1500 3823 que
1531 3757 1619 3807 est
1651 3753 1708 3806 in
1744 3751 2009 3807 Veneciis

351 3863 383 3891 ‹‹
419 3840 761 3909 constituta,
833 3842 904 3896 de
959 3841 1446 3896 Amalﬁtanorum
1513 3839 1849 3911 ergasteriis
1909 3857 2010 3911 per

355 3951 379 3980 ι
417 3929 745 4001 profectum
799 3928 1218 4000 chrysobulum
1271 3929 1398 3985 sine
1447 3929 1772 4001 privatione
1820 3929 2006 3984 eidem

351 4042 381 4071 α
411 4021 722 4076 tradentur
787 4019 1048 4076 ecclesie.
1117 4019 1405 4084 Quoniam
1483 4037 1614 4075 vero
1693 4025 1826 4075 ante
1893 4035 2007 4075 non

352 4125 637 4180 «paucos
704 4125 889 4165 annos
946 4108 1019 4164 ab
1078 4107 1214 4180 hiis,
1277 4107 1376 4180 qui
1434 4110 1722 4179 quasdam
1785 4125 2009 4164 merces

354 4220 386 4250 ι‹
418 4197 708 4254 Veneticis
740 4199 797 4254 in
829 4197 1108 4254 Romanis
1140 4197 1479 4270 regionibus
1527 4198 1808 4265 vendunt,
1843 4214 2004 4253 eom-

355 4307 384 4341 α
417 4287 744 4343 merchium
776 4287 927 4358 exigi
975 4287 1240 4359 contigit,
1273 4291 1332 4342 et
1378 4286 1634 4342 obtinuit
1663 4286 2007 4356 hujusmodi

350 4398 381 4429 ‹‹
419 4393 548 4432 mos
595 4380 660 4432 ut
709 4380 870 4449 patet
924 4376 1098 4432 annis
1157 4376 1610 4444 sufficientibus,
1663 4381 2009 4449 rogaverunt

348 4488 380 4518 ‹‹
416 4470 615 4522 autem
641 4471 698 4523 et
727 4483 831 4539 pro
863 4466 970 4522 hoc
993 4465 1362 4524 clementiam
1383 4470 1643 4523 nostram
1678 4465 2008 4522 ﬁdelissimi

346 4578 378 4608 ‹‹
417 4560 476 4612 et
508 4554 680 4616 amici
713 4559 909 4612 nostre
941 4555 1275 4613 serenitatis
1308 4555 1590 4624 Venetici,
1623 4562 1917 4627 quatenus
1947 4561 2022 4613 et

2128 3394 2201 3450 ab
2223 3394 2442 3450 eisdem
2475 3392 2684 3449 insulis
2707 3393 3071 3460 mercabunt,
3101 3393 3363 3464 nequivit
3390 3398 3585 3448 autem
3611 3397 3778 3448 tenor

2125 3484 2390 3554 ejusdem
2437 3483 2692 3556 precepti
2747 3483 2937 3539 adhuc
2968 3483 3236 3538 elI'ectum
3286 3481 3562 3554 recipere,
3597 3497 3775 3554 quam

2124 3572 2196 3628 ob
2235 3590 2357 3628 rem
2408 3578 2466 3628 et
2496 3588 2651 3627 nunc
2695 3589 2884 3644 usque
2933 3571 3190 3627 Venetici
3241 3570 3450 3626 collato
3500 3569 3645 3642 ipsis
3679 3587 3779 3642 per

2124 3661 2467 3733 hujusmodi
2501 3666 2834 3733 preceptum
2867 3660 3150 3717 beneﬁcio
3182 3665 3416 3727 carent;
3451 3661 3776 3732 petierunt-

2121 3767 2234 3822 que
2280 3752 2351 3807 ub
2404 3751 2648 3823 imperio
2699 3756 2899 3806 nostro
2948 3749 3187 3823 precipi,
3221 3755 3514 3822 quatenus
3559 3749 3775 3804 beneﬁ-

2119 3840 2300 3909 cium,
2327 3843 2481 3912 quod
2516 3841 2572 3895 in
2607 3840 2866 3911 predicto
2889 3839 3223 3896 continetur
3255 3843 3523 3912 precepto
3547 3854 3780 3910 semper

2120 3930 2485 3986 memorandi
2537 3929 2907 4002 imperatoris
2958 3929 3181 3986 domini
3230 3934 3289 3984 et
3336 3928 3519 4000 patris
3568 3927 3776 3999 imperi

2118 4020 2324 4088 nostri,
2383 4024 2439 4076 et
2496 4020 2688 4074 adhuc
2745 4023 2905 4074 caret
2957 4019 3188 4087 ell‘eetu,
3250 4019 3459 4074 amodo
3519 4017 3778 4090 potiatur

2117 4110 2325 4166 eil‘eetu
2355 4135 2369 4178 ;
2401 4108 2710 4164 clementia
2757 4113 2959 4164 nostra
2989 4110 3060 4164 ob
3111 4110 3284 4164 ﬁdem
3318 4112 3375 4164 et
3406 4112 3772 4176 servxtutem,

2119 4216 2297 4272 quam
2329 4216 2468 4270 erga
2499 4197 2931 4254 sublimitatem
2959 4202 3223 4254 nostram
3245 4196 3518 4254 exhibent
3539 4201 3595 4252 et
3617 4196 3777 4252 dein-

2118 4305 2253 4360 ceps
2303 4287 2579 4343 exhibere
2629 4286 2999 4359 pollicentur,
3034 4287 3377 4358 liujusmodi
3427 4285 3774 4358 peticionem

2117 4394 2318 4434 eorum
2353 4377 2669 4433 exaudiens
2701 4375 2971 4432 concedit
3001 4381 3057 4432 et
3080 4376 3345 4449 precipit,
3371 4376 3497 4432 sine
3523 4374 3778 4448 prohibi-

2117 4469 2283 4525 cione
2312 4484 2415 4540 per
2460 4467 2808 4521 manifestas
2860 4465 3109 4533 insulas,
3143 4466 3396 4538 Cyprum
3428 4466 3696 4522 videlicet
3725 4468 3785 4522 et

2118 4561 2371 4622 Cretam,
2405 4571 2503 4611 eos
2551 4554 2869 4628 negoeiari,
2923 4555 3159 4611 nomine
3209 4555 3537 4627 quidquam
3586 4555 3658 4610 ab
3695 4555 3782 4611 eis

347 4668 380 4697 ‹‹
415 4644 763 4716 hujusmodi
820 4644 1150 4717 corrigatur
1196 4645 1546 4718 capitulum,
1607 4647 1777 4719 eique
1837 4645 2015 4719 hujus
2049 4642 2093 4706 D
2127 4647 2350 4717 exigere
2380 4648 2751 4718 presnmente
2784 4644 2992 4700 horum
3027 4643 3232 4716 gratia,
3265 4649 3320 4701 et
3341 4645 3468 4700 sine
3499 4661 3784 4701 commer-

346 4759 380 4788 ‹‹
416 4736 591 4792 detur
641 4735 872 4792 licentia
920 4740 978 4792 et
1026 4736 1289 4806 libertas,
1343 4736 1656 4794 clementia
1704 4742 1905 4794 nostra
1959 4741 2017 4794 et

351 4849 383 4878 «
422 4825 576 4881 hanc
613 4841 816 4882 eorum
868 4825 1218 4898 peticionem
1266 4826 1631 4899 adimplevit,
1665 4831 1723 4882 et
1771 4827 2017 4900 precipit

351 4938 381 4966 ‹‹
420 4931 524 4986 per
554 4931 796 4987 presens
848 4914 1298 4988 ebrysobulum,
1353 4920 1417 4970 ut
1448 4915 1648 4971 nullus
1679 4916 1788 4971 sub
1820 4922 2018 4972 nostre

350 5027 382 5056 ‹‹
421 5004 756 5075 maiestatis
807 5008 1094 5076 potestate
1143 5004 1496 5060 Romeorum
1545 5021 1679 5060 eum
1729 5005 2019 5063 Veneticis

354 5116 387 5146 ‹‹
426 5093 872 5164 negociancium
926 5093 986 5147 in
1036 5094 1312 5149 omnibus
1364 5093 1645 5149 Romanie
1692 5095 1886 5162 terris,
1919 5099 2020 5150 aut

355 5206 385 5234 α
421 5183 659 5254 quando
690 5182 775 5238 eis
822 5180 1021 5238 vendit
1049 5186 1150 5237 aut
1199 5184 1435 5254 quando
1467 5185 1539 5238 ab
1586 5182 1782 5255 aliquo
1813 5201 2016 5240 eorum

354 5296 384 5324 ς(
421 5271 585 5342 emit,
618 5273 716 5328 det
748 5271 1094 5328 eommerkii
1127 5272 1318 5344 gratia
1367 5273 1681 5344 quicquam
1714 5271 1799 5328 vel
1834 5273 2018 5329 alicu-

355 5387 382 5414 «
410 5365 519 5435 jus
553 5363 702 5419 alius
732 5363 1053 5420 exactionis
1081 5385 1094 5435 ς
1148 5363 1250 5419 sed
1280 5369 1632 5420 excusentur
1659 5367 1717 5420 et
1748 5363 1882 5436 ipsi,
1915 5380 2018 5421 seu

359 5477 381 5505 ι
424 5453 530 5520 hii,
566 5453 666 5524 qui
717 5453 1114 5509 commerchia
1161 5454 1439 5509 dantibus
1471 5453 1873 5526 negociantur.
1907 5453 2020 5509 Ve-

353 5565 385 5595 ιι
425 5546 765 5599 rumtamen
797 5545 854 5599 et
897 5541 1158 5600 Venetici
1209 5543 1424 5600 debent
1464 5560 1552 5615 ea,
1587 5560 1700 5616 que
1749 5559 1852 5615 per
1882 5560 2018 5601 con-

431 5758 548 5832 (M)
574 5758 735 5816 Adde
764 5757 910 5814 datis
941 5757 1029 5815 vel
1061 5759 1250 5816 servis.

653 5889 913 5948 ΡΑτιιοῐ..
967 5887 1079 5949 Gs.
1124 5885 1415 5952 CXXXV.

2127 4737 2240 4793 kiis
2308 4735 2527 4806 ubique
2587 4739 2879 4790 terrarum
2949 4734 3182 4805 imperii
3250 4733 3435 4791 nostri
3495 4733 3781 4790 custodiri

2128 4826 2452 4883 secundum
2486 4823 2758 4895 superius
2785 4822 3032 4895 scriptas
3063 4822 3485 4879 condictiones.
3513 4823 3696 4896 Igitur
3718 4827 3784 4880 ut

2127 4921 2186 4972 et
2214 4915 2326 4988 ipsi
2357 4915 2769 4972 certitudinem
2794 4913 3050 4969 habeant
3070 4913 3142 4968 de
3175 4913 3230 4967 in
3265 4912 3521 4984 presenti
3542 4912 3781 4985 chryso-

2130 5005 2266 5061 bulo
2298 5003 2593 5069 diliinitis,
2627 5019 2867 5076 presens
2917 5000 3333 5074 chrysobulurn
3367 5005 3456 5057 est
3487 5000 3779 5072 composi-

2130 5099 2278 5160 tum,
2312 5093 2530 5149 factum
2573 5108 2773 5148 mense
2799 5089 3038 5146 Oetubri
3087 5089 3426 5146 indictionis
3475 5089 3782 5146 undecimo

2129 5183 2268 5240 anni
2315 5201 2416 5238 sex
2466 5181 2765 5238 millesimi
2815 5179 3226 5236 sexeentesimi
3277 5178 3783 5252 quinquagessimi

2133 5273 2301 5341 sexti,
2338 5272 2396 5327 in
2429 5288 2544 5343 quo
2576 5275 2631 5327 et
2665 5275 2931 5326 nostrum
2967 5269 3128 5340 pium
3160 5273 3217 5325 et
3246 5285 3280 5324 a
3311 5269 3416 5324 deo
3451 5273 3784 5338 promotum

2137 5360 2508 5434 subsignavit
2538 5359 2874 5432 imperium.
2910 5381 2937 5409 ››

2206 5452 2320 5507 [loc
2353 5449 2532 5522 igitur
2561 5447 2972 5522 ebrysobolum
2998 5447 3080 5502 sic
3111 5447 3420 5503 continens
3449 5447 3603 5504 beati
3628 5453 3789 5504 tran-

2131 5542 2284 5599 situs
2315 5543 2372 5596 et
2413 5555 2644 5611 semper
2694 5535 3058 5594 memorandi
3093 5536 3462 5608 imperatoris
3511 5542 3566 5594 et
3597 5537 3788 5612 patrui

3436 5881 3508 5940 i5
