4130 6398
337 382 456 442 ηρ

1650 376 1902 439 ISAACI
1952 373 2239 439 ANGELI
2286 375 2452 440 IMP.

3638 378 3759 442 460

339 513 570 586 imperii
594 512 779 570 nostri
801 513 999 585 magni
1019 513 1304 569 Manuelis
1335 513 1690 568 conﬁrmans
1712 517 1770 567 et
1788 517 1991 567 nostra
2021 525 2068 589 Α
2108 511 2411 570 Veneticos
2441 518 2498 569 et
2533 515 2804 570 universa
2835 510 2980 585 ipsis
3012 511 3151 569 data
3181 515 3238 569 et
3267 529 3545 571 concessa
3574 531 3609 570 a
3636 531 3761 570 ma-

338 604 526 675 pietas
557 620 659 674 per
711 620 951 675 presens
1001 601 1419 674 chrysobulum
1471 603 1710 657 verbum
1761 602 1990 672 imperii

337 693 543 759 nostri,
595 692 863 747 concedit
919 697 976 747 et
1022 691 1289 762 precipit,
1345 693 1538 761 ipsum
1589 690 1876 756 videlicet,
1938 699 1990 744 et

338 797 452 852 que
483 782 543 836 in
576 782 703 852 ipso
747 780 1097 852 chrysobulo
1147 781 1319 835 verbo
1353 779 1731 834 notitieantur
1762 795 1993 849 semper

339 871 860 927 memorandorum
878 871 1324 940 Imperatorum,
1349 869 1547 940 proavi
1570 869 1792 924 scilicet
1813 871 1992 940 impe-

341 959 414 1015 rii
441 961 626 1016 nostri
667 959 846 1014 Alexii
877 958 1178 1025 Comnani,
1213 963 1271 1013 et
1301 959 1499 1030 magni
1531 959 1725 1029 patrui
1760 958 1988 1029 imperii

343 1051 528 1105 nostri
583 1048 868 1104 Johannis
925 1047 1233 1114 Comnani,
1290 1048 1460 1101 ﬁrma
1517 1052 1575 1102 et
1630 1045 1992 1102 inviolabilia

342 1155 684 1211 permanere
713 1138 772 1192 in
817 1138 1115 1204 omnibus,
1152 1153 1264 1208 que
1311 1137 1632 1206 continent,
1666 1142 1724 1192 et
1752 1153 1988 1192 conser-

339 1228 461 1283 vari
493 1243 773 1299 personas
805 1232 862 1281 et
892 1243 985 1281 res
1021 1227 1326 1282 universas
1356 1226 1838 1282 ﬁdelissimorum
1869 1228 1988 1281 eel-

338 1316 586 1374 situdini
635 1319 834 1372 nostre
876 1316 1290 1371 Venetieorum
1341 1315 1533 1372 salvas
1580 1319 1638 1371 et
1684 1313 1884 1372 illesas
1915 1315 1987 1370 ab

334 1408 497 1466 omni
545 1407 784 1465 homine
832 1406 1218 1463 sublimitatis
1267 1411 1484 1478 nostre,
1518 1422 1624 1463 nec
1664 1424 1779 1463 non
1829 1411 1886 1463 et
1914 1407 1986 1463 ab

333 1499 462 1572 ipso
508 1498 754 1572 imperio
785 1503 988 1555 nostro
1036 1498 1096 1554 in
1128 1498 1405 1554 omnibus
1454 1496 1761 1555 clementia
1792 1506 1987 1553 nostre

330 1591 524 1664 terris,
557 1595 615 1648 et
641 1592 701 1648 in
743 1595 898 1648 terra
945 1587 1092 1648 etin
1147 1590 1318 1658 mari,
1353 1590 1562 1646 habere
1593 1593 1650 1646 et
1693 1589 1986 1662 predictos

2104 602 2334 658 nil‘estis
2382 620 2614 675 semper
2667 604 3067 659 memorandis
3115 603 3572 675 imperatoribus
3629 621 3757 659 om-

2101 691 2338 746 nimode
2387 692 2744 748 invnolabilia
2792 699 2848 747 et
2895 693 3118 764 absque
3166 692 3284 748 ulla
3331 693 3754 762 diminucione,

2101 781 2425 836 secundum
2457 782 2613 850 quod
2643 783 2727 836 eis
2759 783 2894 836 data
2943 785 3176 837 fuerunt
3207 795 3260 838 et
3291 799 3588 850 concessa,
3624 799 3758 854 pre-

2101 874 2263 924 sente
2319 870 2672 942 chrysobulo
2721 871 2893 926 verbo
2955 871 3186 942 imperii
3236 872 3422 927 nostri
3478 873 3649 927 ﬁrmo
3699 875 3758 927 et

2101 958 2421 1014 inviolabili
2473 977 2814 1030 permanere
2871 960 3118 1016 debente
3169 961 3228 1015 in
3279 962 3577 1028 omnibus,
3640 977 3758 1032 que

2099 1048 2398 1115 continet;
2437 1050 2600 1115 ,l'acto
2650 1064 2852 1105 mense
2881 1049 3196 1106 Februario
3227 1050 3518 1122 presentis
3551 1050 3759 1123 quinte

2099 1137 2435 1193 indictionis
2465 1154 2564 1194 sex
2615 1137 2914 1194 millesimi
2946 1139 3357 1196 sexcentesimi
3389 1139 3757 1211 nonagesimi

2101 1227 2291 1297 quinti
2323 1227 2486 1295 anni,
2516 1227 2577 1282 in
2609 1244 2726 1299 quo
2757 1234 2815 1282 et
2847 1234 3109 1283 nostrum
3142 1229 3302 1300 pium
3334 1236 3392 1284 et
3420 1247 3453 1285 a
3479 1231 3585 1286 deo
3616 1247 3756 1301 pro-

2099 1321 2323 1372 motum
2350 1316 2719 1389 subsignavit
2745 1317 3080 1390 imperium.

2381 1470 2672 1527 Ysmmus
2705 1470 2762 1526 in
2794 1470 3026 1527 Christo
3060 1470 3176 1528 Deo
3208 1471 3398 1528 ﬁdelis
3429 1471 3755 1545 imperator

2507 1564 2563 1615 et
2595 1560 2928 1616 moderator
2958 1560 3308 1616 Romeorum
3341 1563 3620 1636 Angelus.

2000 1769 2093 1824 ιν.

759 1904 948 1944 ᾹΠΒΕΛ
988 1903 1170 1944 BULLA
1208 1904 1278 1942 DE
1316 1904 1477 1944 LOCIB
1515 1907 1550 1943 Α
1588 1903 1822 1942 νΕΝΕΤΙε
1860 1902 1980 1942 αοΝι

2093 1899 2377 1940 mnosou
2416 1899 2785 1940 POSSIDENDIS
2826 1884 2960 1956 [15].
3002 1887 3089 1956 (Α.
3138 1884 3318 1956 1187).

407 2041 691 2110 Quoniam
740 2041 1000 2098 Venetici
1051 2042 1122 2096 ad
1156 2041 1469 2114 imperium
1522 2045 1787 2097 nostrum
1819 2055 1979 2096 acce-
2011 2049 2059 2115 Β
2091 2039 2279 2110 parati
2311 2041 2367 2094 et
2398 2037 2652 2111 prompti
2701 2041 3120 2111 apparuerunt.
3156 2039 3228 2095 Ut
3257 2039 3413 2096 enim
3448 2040 3750 2113 predictus

333 2134 538 2190 dentes
586 2137 642 2189 et
681 2132 752 2189 ab
799 2149 864 2188 eo
914 2132 985 2187 ad
1037 2133 1316 2188 servitum
1370 2131 1737 2187 celsitudinis
1787 2134 1985 2186 nostre

333 2223 548 2294 recepti
581 2239 714 2277 cum
743 2221 971 2287 ceteris,
1005 2237 1115 2290 que
1148 2220 1612 2293 postulaverunt,
1644 2221 1716 2275 ab
1739 2218 1985 2291 imperio

332 2315 531 2368 nostro
565 2311 857 2383 petierunt
880 2315 1142 2366 nostram
1177 2311 1561 2382 deposcentes
1587 2309 1982 2375 serenitatem,

333 2400 667 2456 conﬁrmari
698 2405 756 2455 et
807 2401 961 2472 quod
995 2417 1172 2471 super
1224 2399 1477 2472 practice
1525 2399 1868 2455 collatorum
1902 2398 1986 2453 eis

331 2490 394 2545 in
425 2507 636 2559 magna
666 2491 808 2545 urbe
842 2507 874 2545 a
904 2507 1134 2562 semper
1156 2489 1535 2545 memorando
1557 2489 1907 2560 imperatore
1931 2492 1988 2542 et

332 2578 835 2635 desideratissimo
866 2585 1075 2650 patruo
1109 2578 1337 2650 imperii
1372 2578 1579 2648 nostri,
1604 2579 1840 2634 domino
1863 2580 1984 2632 Ma-

333 2667 505 2724 nuele
535 2668 851 2737 Comnano,
885 2668 1361 2724 habitaculorum
1395 2667 1660 2723 videlicet
1689 2673 1744 2723 et
1774 2666 1983 2722 libero-

333 2775 466 2815 rum
505 2758 789 2826 locorum,
823 2776 928 2814 nec
979 2777 1092 2814 non
1125 2765 1181 2814 et
1232 2757 1504 2814 littoralis
1552 2757 1726 2826 scale,
1761 2758 1980 2812 factum

331 2851 422 2905 est
450 2846 869 2920 chrysobulum
912 2847 1155 2903 verbum
1206 2847 1469 2917 ejusdem
1503 2863 1732 2918 semper
1765 2862 1981 2902 memo-

331 2937 502 2993 randi
531 2937 925 3010 imperatoris,
952 2942 1243 3009 quatenus
1274 2937 1358 2992 sic
1389 2935 1548 2991 nullo
1582 2937 1754 2992 modo
1787 2935 1983 3007 suspi-

333 3026 561 3085 cionem
617 3025 878 3098 aliquam
927 3026 1198 3097 habeant,
1251 3025 1569 3098 quicquam
1620 3025 1829 3080 horum
1865 3025 1984 3082 fore

331 3115 601 3173 avulsum
637 3133 649 3172 :
681 3115 1002 3188 Imperium
1035 3121 1303 3172 nostrum
1337 3114 1679 3186 hujusmodi
1704 3116 1983 3186 depreca-

329 3205 551 3262 tionem
581 3222 784 3262 eorum
827 3205 1028 3261 nolens
1078 3205 1328 3271 abicere,
1361 3205 1614 3276 presenti
1649 3202 1983 3259 ehrisobulo

327 3313 435 3352 suo
465 3296 776 3353 conﬁrmat
806 3296 1136 3366 predictum
1170 3294 1590 3367 chrysobulum
1627 3294 1777 3348 inter
1798 3294 1981 3365 impe-

325 3389 550 3441 ratores
584 3383 794 3440 famosi
823 3383 1194 3455 imperatoris
1226 3389 1278 3439 et
1307 3385 1502 3455 patrui
1534 3389 1730 3438 nostre
1761 3384 1980 3439 sereni-

328 3473 493 3540 tatis,
526 3473 680 3544 quod
714 3473 786 3528 ad
817 3473 1055 3528 verbum
1090 3473 1175 3528 sic
1205 3473 1462 3528 continet
1497 3491 1509 3528 :

401 3585 430 3614 «
459 3562 518 3617 Si
549 3578 670 3630 eos,
701 3561 799 3633 qui
840 3561 952 3616 ﬁde
983 3565 1039 3617 et
1085 3561 1387 3618 devotione
1419 3562 1624 3634 Optimi
1674 3566 1812 3618 sunt
1840 3578 1979 3633 erga

329 3651 485 3723 illos,
518 3650 621 3723 qui
651 3667 753 3722 per
798 3655 1065 3721 tempora
1111 3651 1378 3722 Optinent
1424 3650 1655 3723 imperii
1687 3651 1978 3724 guberna-

331 3738 485 3807 cula,
514 3743 870 3812 oportunum
911 3743 999 3793 est
1027 3737 1191 3810 larga
1235 3738 1516 3795 beneﬁcia
1563 3739 1635 3794 ab
1667 3739 1812 3811 ipsis
1841 3756 1978 3794 con-

331 3829 524 3902 sequi,
556 3827 746 3901 magis
777 3831 973 3884 autem
996 3829 1045 3883 si
1075 3828 1386 3899 contigerit
1415 3844 1511 3884 eos
1545 3829 1736 3885 anime
1759 3833 1976 3884 statum

333 3934 682 3992 generosum
719 3917 930 3972 habere
962 3922 1135 3989 atque
1182 3918 1488 3986 audacem,
1520 3925 1586 3973 ut
1616 3919 1686 3974 ad
1721 3918 1978 3974 similem

326 4006 519 4064 zelum
555 4006 765 4079 reliqui
815 4005 1140 4074 irritentur,
1173 4011 1230 4061 et
1277 4023 1348 4062 ne
1399 4007 1736 4079 hujusmodi
1768 4009 1980 4065 virtute

322 4097 614 4154 inhonora
642 4096 993 4169 persistente
1018 4101 1074 4152 et
1100 4097 1389 4152 contrario
1421 4098 1472 4152 ei
1505 4097 1642 4152 vitio
1665 4097 1978 4170 reprehen-

321 4187 551 4243 sionem
597 4187 838 4242 veritate
867 4184 998 4256 (16),
1052 4186 1263 4241 raritas
1297 4185 1461 4242 valde
1510 4187 1974 4242 necessariarum

318 4276 824 4349 prerogativarum
857 4292 890 4330 a
929 4275 1035 4330 deo
1067 4274 1290 4330 salvato
1336 4275 1729 4330 Romanorum
1763 4276 1978 4331 exerci-

318 4364 406 4419 tui
456 4365 602 4420 ﬁat:
654 4379 1030 4434 nequaquam
1081 4364 1232 4434 quod
1283 4380 1316 4418 a
1364 4364 1469 4417 deo
1523 4369 1613 4418 est
1661 4364 1976 4436 imperium

317 4456 589 4509 nostrum
634 4453 920 4526 ingenuos
970 4457 1179 4509 nautas
1211 4457 1266 4507 et
1311 4451 1690 4508 ﬁdelissimos
1745 4453 1977 4509 celsitu-

319 4541 476 4598 dinis
507 4547 707 4598 nostre
755 4541 1090 4612 Veneticos,
1120 4542 1179 4596 in
1227 4541 1378 4596 hanc
1411 4541 1852 4612 imperatoriam
1882 4561 1973 4598 ur-

317 4635 454 4688 bem
487 4635 808 4701 venientes,
843 4633 1007 4688 decet
1038 4648 1281 4704 prorsus
1314 4648 1590 4703 spernere
1617 4649 1650 4687 a
1694 4633 1976 4704 peticione

317 4724 652 4780 decidentes
700 4724 835 4796 (17),
872 4739 1049 4795 quam
1101 4738 1257 4775 nunc
1308 4721 1554 4792 imperio
1605 4727 1799 4777 nostro
1843 4740 1974 4794 por-

2094 2127 2286 2184 Sicilie
2312 2128 2586 2184 dominus
2620 2128 2902 2200 Rogerius
2930 2129 3157 2198 didicit,
3210 2129 3598 2188 incustoditae
3630 2133 3754 2190 fore

2096 2221 2287 2290 partes
2317 2218 2548 2289 imperii
2585 2218 2793 2284 nostri,
2829 2234 2941 2289 que
2971 2218 3170 2274 circha
3199 2219 3464 2276 Greciam
3497 2226 3554 2277 et
3585 2222 3751 2280 Pelo-

2096 2307 2369 2379 ponisum
2403 2311 2562 2376 sunt,
2592 2311 2648 2361 et
2670 2306 2896 2362 insulas
2917 2311 3103 2364 terras
3134 2308 3365 2381 imperii
3398 2311 3610 2380 nostri,
3634 2329 3750 2386 que

2096 2396 2248 2452 circa
2292 2396 2527 2452 easdem
2561 2400 2748 2451 terras
2797 2400 2956 2465 sunt,
2989 2397 3130 2452 dum
3177 2398 3515 2455 sublimitas
3548 2407 3752 2458 nostra

2095 2489 2324 2541 vacaret
2364 2485 2723 2557 susceptioni
2772 2490 2828 2541 et
2879 2487 3118 2542 ducatui
3150 2502 3377 2560 earum,
3411 2507 3524 2560 que
3571 2493 3747 2564 paulo

2093 2580 2228 2632 ante
2262 2592 2361 2646 per
2385 2580 2600 2630 terram
2639 2574 2871 2647 imperii
2923 2576 3104 2631 nostri
3152 2577 3535 2647 transierunt,
3569 2581 3746 2638 innu-

2095 2664 2466 2720 merabilium
2499 2664 2959 2737 expeditionum,
2986 2664 3442 2723 Alemannorum
3476 2669 3749 2729 videlicet

2093 2761 2150 2812 et
2199 2756 2619 2826 Franchorum,
2653 2759 2708 2810 et
2759 2760 3031 2827 paratum
3083 2756 3190 2827 (18)
3223 2774 3356 2814 cum
3408 2759 3552 2831 ipsis
3589 2768 3748 2820 esset

2092 2849 2296 2901 contra
2312 2845 2522 2917 impios
2547 2852 2841 2916 Agarenos
2860 2846 2930 2900 ad
2953 2845 3383 2918 expeditionem
3411 2850 3743 2910 faciendum

2093 2951 2196 3007 per
2225 2934 2382 2990 stolii
2433 2935 2799 3002 missionem,
2831 2935 3120 3005 ejusmodi
3174 2937 3467 3010 regionem
3501 2940 3741 2999 celsitu-

2093 3025 2249 3080 dinis
2307 3028 2526 3091 nostre,
2583 3023 2908 3079 secundum
2961 3025 3112 3097 quod
3167 3026 3219 3080 ei
3273 3029 3554 3098 possibile
3610 3033 3739 3104 fuit,

2091 3113 2482 3186 depopulatus
2513 3118 2637 3181 est;
2672 3130 2927 3185 cumque
2957 3115 3111 3185 quod
3143 3115 3361 3172 factum
3394 3123 3484 3176 est
3511 3122 3580 3177 ad
3608 3139 3736 3194 pre-

2093 3203 2382 3258 dictorum
2429 3202 2836 3258 Veneticorum
2889 3220 3060 3259 aures
3110 3207 3484 3275 pervenisset,
3514 3209 3592 3263 hii
3623 3210 3729 3266 hoc

2089 3296 2371 3363 tanquam
2392 3292 2689 3363 proprium
2711 3292 3036 3363 dampnum
3072 3299 3497 3365 reputaverunt,
3521 3300 3574 3349 et
3596 3312 3726 3352 con-

2093 3381 2287 3436 festim
2321 3381 2390 3435 ad
2423 3385 2731 3451 aparatum
2760 3381 3130 3452 cooperandi,
3157 3387 3220 3438 ut
3251 3383 3307 3438 id
3333 3383 3480 3455 quod
3512 3383 3726 3440 factum

2090 3474 2180 3525 est
2209 3469 2546 3525 omnimodo
2573 3469 2920 3537 vindicetur,
2955 3478 3449 3529 consurrexerunt
3477 3478 3532 3530 et
3559 3492 3731 3532 suum

2086 3559 2390 3615 servitium
2411 3576 2572 3631 prem
2587 3565 2680 3630 pte
2703 3558 3034 3614 celsitudini
3059 3568 3256 3616 nostre
3273 3564 3732 3634 spoponderunt.

2090 3649 2263 3704 Porro
2294 3653 2351 3704 et
2380 3649 2436 3704 in
2470 3648 2727 3720 reliquas
2758 3648 3022 3719 regiones
3052 3649 3283 3722 imperii
3329 3653 3515 3708 nostri
3545 3659 3733 3710 trans-

2091 3739 2402 3807 miserunt,
2435 3743 2744 3809 quatenus,
2778 3738 2876 3809 qui
2909 3738 3314 3795 invenirentur
3337 3743 3745 3815 :cumpatriote

2021 3827 2028 3835 ’
2091 3844 2318 3896 eorum,
2350 3827 2613 3883 venirent
2662 3833 2718 3883 et
2766 3827 3053 3884 servirent
3098 3833 3154 3884 et
3184 3828 3297 3901 ipsi
3345 3831 3403 3885 in
3447 3833 3745 3903 ejusmodi

2091 3917 2372 3972 Romanis
2403 3921 2460 3972 et
2489 3916 2720 3989 imperii
2756 3917 2940 3973 nostri
2973 3917 3212 3974 servitio
3245 3936 3432 3992 usque
3465 3923 3536 3976 ad
3585 3939 3742 3979 com-

2093 4006 2456 4078 plementum
2505 4006 2692 4062 tocius
2741 4005 2963 4062 mensis
3009 4008 3368 4078 Septembris
3418 4011 3600 4066 futuri
3633 4012 3747 4084 (19)

2091 4112 2223 4151 cum
2259 4097 2366 4151 deo
2398 4095 2739 4151 indictionis
2787 4096 3153 4152 duodecime.
3201 4098 3284 4153 Ad
3319 4101 3744 4159 remuneratio-

2091 4201 2225 4240 nem
2253 4184 2432 4257 igitur
2462 4185 2804 4257 hujusmodi
2855 4201 3058 4241 eorum
3090 4187 3332 4255 servitii,
3381 4191 3537 4261 quod
3574 4195 3636 4246 ut
3659 4191 3746 4246 di-

2090 4279 2247 4330 ctum
2282 4279 2371 4330 est
2396 4275 2581 4330 facere
2613 4274 3031 4346 promiserunt,
3055 4276 3334 4347 quoniam
3361 4279 3612 4350 majores
3633 4281 3752 4353 (20)

2089 4364 2209 4420 vice
2237 4363 2524 4430 universe,
2561 4381 2674 4436 que
2717 4380 2820 4435 per
2854 4370 3116 4436 tempora
3163 4364 3277 4421 huc
3307 4367 3484 4437 venit,
3514 4369 3744 4427 Veneti-

2090 4470 2290 4508 corum
2325 4452 2725 4508 multitudinis
2759 4453 3034 4525 adaugeri
3070 4453 3181 4509 sibi
3231 4459 3289 4510 et
3319 4458 3662 4515 mansiones
3691 4464 3748 4516 et

2089 4541 2386 4597 embolum
2421 4545 2476 4596 et
2507 4541 2713 4609 scalas,
2744 4542 2801 4596 in
2825 4542 3041 4614 quibus
3074 4559 3248 4599 naves
3265 4561 3467 4600 eorum
3490 4545 3547 4601 in
3573 4553 3746 4618 portu

2089 4636 2264 4698 stant,
2299 4630 2707 4701 certiﬁcantes,
2741 4647 2803 4686 se
2835 4649 2950 4686 non
3001 4632 3297 4688 modicum
3331 4637 3657 4706 angustari,
3691 4641 3749 4693 et

2089 4720 2244 4792 quod
2281 4736 2394 4775 non
2427 4720 2658 4791 possint
2690 4720 2806 4776 hiis
2837 4720 3000 4792 solis,
3035 4737 3146 4792 que
3179 4721 3324 4793 ipsis
3355 4723 3491 4779 data
3541 4731 3683 4782 sunt
3715 4744 3747 4782 a

315 4819 614 4885 rexerunt,
661 4829 845 4887 quum
879 4817 936 4867 et
967 4811 1076 4882 ipsi
1111 4815 1422 4865 consuetas
1454 4811 1816 4882 genitoribus
1847 4813 1974 4869 suis
2009 4805 2051 4868 D
2084 4810 2250 4864 beate
2285 4809 2564 4864 memorie
2591 4809 2942 4881 imperatore
2975 4815 3028 4866 et
3061 4827 3164 4867 avo
3195 4812 3429 4884 imperii
3463 4816 3651 4871 nostri
3683 4817 3741 4872 in

315 4903 490 4960 ﬁdem
524 4909 580 4961 et
609 4903 972 4961 devotionem
1024 4917 1160 4970 erga
1206 4900 1552 4955 Romaniam
1585 4907 1642 4956 et
1674 4901 1973 4957 celsitudi-

314 5009 450 5055 nem
481 4998 747 5049 nostram
789 5007 1027 5046 rursum
1077 4989 1484 5059 ostenderunt,
1518 4996 1575 5045 et
1626 4993 1697 5046 ab
1731 4991 1971 5063 imperio

313 5087 513 5140 nostro
546 5080 728 5138 vocati
761 5079 821 5134 in
865 5095 1240 5151 congressum
1294 5085 1496 5134 contra
1545 5097 1700 5148 eum,
1735 5081 1833 5152 qui
1867 5099 1969 5152 po-

312 5175 582 5228 tetatern
641 5171 820 5225 habet
874 5169 1089 5236 Sicilie,
1143 5173 1199 5223 et
1257 5169 1658 5224 omnimodam
1711 5187 1967 5241 pugnam

313 5265 518 5318 contra
547 5275 684 5316 eum
707 5262 764 5315 et
784 5257 1026 5315 stollum
1049 5259 1198 5329 ejus,
1224 5275 1329 5314 nec
1355 5275 1468 5315 non
1493 5263 1549 5314 et
1579 5263 1792 5314 terram
1816 5261 1964 5330 ejus,

383 5457 496 5528 (15)
529 5458 607 5512 Ex
635 5457 782 5514 libro
814 5458 944 5514 albo
977 5462 1036 5512 et
1083 5457 1250 5512 libris
1282 5461 1586 5529 pactorum
1634 5462 1766 5529 post
1793 5459 1965 5513 Mari-

311 5545 454 5585 num
485 5530 524 5583 1.
548 5529 588 5585 Ι.
609 5534 750 5585 tom.
775 5530 870 5598 IlI,
895 5548 951 5601 p.
975 5531 1080 5583 293
1115 5529 1448 5601 nuperrime
1470 5529 1779 5583 ediderunt
1803 5531 1962 5585 'I‘afel

310 5606 368 5658 et
393 5601 657 5675 Thomas
686 5603 903 5675 saepius
933 5601 1172 5666 laudati,
1207 5608 1351 5657 tom.
1385 5601 1428 5668 Ι,
1463 5619 1518 5673 p.
1553 5602 1818 5656 189-195.

381 5672 501 5744 (16)
526 5672 785 5730 Editores
817 5675 970 5744 conj.
1007 5675 1317 5728 inveniente
1339 5691 1383 5727 s.
1417 5672 1708 5728 excitante.
1742 5677 1959 5728 Sensus

309 5743 592 5817 poetulat,
626 5751 691 5804 ut
721 5743 964 5806 evitant}:
990 5745 1278 5818 legamus.

2085 4898 2194 4953 hac
2225 4898 2526 4952 civitatum
2562 4898 2957 4970 imperatrice,
2991 4901 3251 4956 contenti
3285 4916 3417 4958 esse
3450 4919 3462 4959 :
3493 4902 3742 4976 largitur

2085 4989 2169 5043 eis
2202 4987 2516 5060 imperium
2559 4993 2828 5044 nostrum
2875 5007 2978 5061 per
3024 5007 3266 5062 presens
3313 4991 3733 5065 chrysobulum

2082 5097 2256 5136 suum
2309 5098 2421 5151 que
2470 5079 2782 5152 petierunt,
2817 5081 3154 5136 habitacula
3191 5087 3247 5138 et
3294 5082 3480 5140 libera
3525 5085 3644 5140 loca
3676 5087 3731 5137 et

2080 5168 2395 5225 littoralem
2415 5169 2674 5240 scallam,
2699 5185 2812 5242 que
2835 5186 3107 5242 expresse
3129 5174 3488 5229 numeranda
3509 5177 3562 5228 et
3583 5171 3728 5226 scri-

2079 5258 2271 5315 benda
2300 5263 2440 5315 sunt
2484 5259 2543 5314 in
2575 5275 2664 5330 eo,
2696 5260 2852 5330 quod
2893 5259 3133 5331 jussum
3168 5264 3256 5317 est
3305 5261 3452 5332 ﬁeri,
3480 5261 3732 5335 practice

2145 5456 2258 5528 (17)
2292 5457 2334 5511 Ι.
2369 5473 2418 5512 e.
2447 5453 2829 5517 ἐκπίπτοντας.

2169 5528 2255 5594 18)
2286 5528 2398 5583 Scil
2427 5529 2741 5600 imperium
2771 5532 3065 5585 nostrum.

2170 5601 2234 5653 19
2283 5601 2432 5670 Lege
2461 5605 2706 5672 futarue.

2170 5602 2257 5742 zol
2290 5671 2414 5727 Lib.
2449 5677 2706 5742 pactorui

2144 5671 2253 5754 (2_0)
2290 5671 2778 5754 Librpactorum,
2810 5687 2910 5754 per
2955 5673 3211 5743 majores.
3265 5672 3425 5731 Unde
3473 5676 3736 5736 editores

2069 5745 2465 5816 conjecerunt,
2486 5746 2766 5818 petierunt
2790 5745 3043 5820 majores.
