4130 6396
396 349 512 412 461

1551 347 1942 412 NOVELLE
1985 347 2688 412 CONSTITUTIONES.

3703 348 3822 412 462

401 480 744 539 traditionis
775 495 974 537 eorum
1013 479 1328 553 corporalis
1368 481 1440 536 ab
1471 483 1889 540 aedesimotato
1923 482 2050 556 Fpi-
2085 482 2136 548 Α
2168 481 2303 536 eilia
2359 482 2546 538 sancti
2588 481 2872 553 Nicholai,
2926 498 2955 536 a
2987 481 3242 538 sinistris
3290 480 3632 554 pistoricum
3665 498 3824 555 erga-

397 569 620 646 phanio
651 569 915 642 Tuglica,
975 569 1281 626 certificari
1317 571 1560 626 debente
1604 589 1705 644 per
1733 573 2058 645 superscri-

398 661 659 735 ptionem
696 659 1004 714 familiaris
1053 659 1308 716 hominis
1340 659 1708 717 celsitudinis
1741 667 1936 718 nostre
1961 663 2059 718 Jo-

396 749 615 808 hannis
647 747 1038 821 Pepagnmeni
1071 753 1128 804 et
1157 749 1336 805 sterni
1386 749 1445 805 in
1493 751 1765 824 congruis
1797 751 2058 821 secretis,

401 840 465 896 in
497 838 712 912 quibus
744 842 800 893 et
833 854 1074 910 presens
1134 843 1330 894 nostre
1371 839 1704 897 serenitatis
1734 841 2059 915 chrysobu-

406 929 534 985 lum
557 926 735 983 sterni
768 927 967 998 debet,
991 932 1284 999 quatenus
1314 932 1370 983 et
1403 928 1505 984 hec
1554 929 1876 1002 optineant,
1911 931 2064 987 sicut

411 1023 469 1075 et
497 1034 606 1090 que
641 1016 803 1089 prius
829 1033 861 1071 a
913 1033 1147 1088 semper
1193 1019 1572 1075 memorando
1629 1019 1980 1092 imperatore
2009 1029 2063 1078 et

411 1123 514 1164 avo
545 1105 773 1177 imperii
807 1106 990 1161 nostri
1019 1107 1101 1162 eis
1121 1106 1256 1162 data
1277 1112 1435 1176 sunt,
1453 1108 1670 1164 servire
1693 1109 2062 1180 debentibus,

411 1201 476 1252 ut
507 1196 783 1268 superius
825 1199 1219 1252 monstratum
1261 1200 1368 1252 est.
1419 1197 1836 1255 Determinatio
1888 1199 2068 1274 igitur

409 1301 632 1356 eorum,
685 1300 798 1357 que
849 1300 951 1357 per
984 1285 1371 1358 chysobulum
1433 1288 1720 1360 presentis
1752 1289 1952 1362 scripti
1982 1291 2066 1348 eis

407 1373 623 1430 collata
649 1377 808 1440 sunt,
833 1372 1010 1429 habet
1039 1375 1124 1430 sic
1150 1391 1162 1428 :
2057 1439 2064 1444 ,
2089 1371 2094 1373 ’

441 1461 444 1463 ’
477 1485 507 1514 ‹‹
539 1462 756 1536 Incipit
789 1463 860 1518 ab
892 1464 1019 1535 ipsa
1051 1462 1235 1534 Vigla,
1267 1468 1323 1520 et
1353 1466 1615 1538 procedit
1645 1485 1846 1525 versus
1879 1471 2038 1527 orien

403 1558 544 1610 tem.
575 1553 753 1608 Tenet
779 1552 1078 1608 embolum
1111 1557 1167 1609 et
1196 1569 1309 1625 que
1340 1571 1546 1611 versus
1591 1559 2065 1630 septemtrionem

406 1646 464 1699 et
493 1641 798 1698 meridiem
831 1647 971 1698 sunt
999 1659 1132 1698 cum
1174 1643 1405 1700 solariis
1445 1645 1801 1716 habitacula,
1855 1654 1910 1705 et
1941 1667 2070 1723 pro-

409 1731 566 1789 cedit
590 1747 781 1804 usque
813 1733 883 1787 ad
908 1732 1189 1787 fornicem
1237 1735 1618 1805 conjunctum
1668 1753 1837 1795 muro
1877 1738 2072 1812 hospi-

409 1821 547 1879 talis
577 1821 764 1877 sancti
788 1821 1088 1893 Marciani,
1146 1823 1651 1894 comprehendens
1701 1832 1759 1884 et
1814 1827 1960 1898 loca,
2013 1829 2070 1885 in

414 1911 636 1984 quibus
656 1913 814 1966 stant
860 1915 988 1966 octo
1039 1911 1508 1968 numulariorum
1552 1915 1768 1973 tabule.
1802 1919 2082 1976 Ascendit

410 1997 722 2070 paululum
754 2015 960 2055 versus
984 2001 1288 2056 meridiem
1321 2001 1392 2058 ab
1423 2002 1555 2076 ipsa
1575 2004 1764 2078 Vigla.
1803 2009 1987 2065 Tenet
2010 2011 2083 2066 ad

413 2088 714 2144 modicum
755 2093 811 2144 et
842 2089 1000 2145 aliud
1047 2090 1367 2160 embolum,
1402 2097 1457 2148 et
1489 2097 1751 2166 pervenit
1786 2115 1973 2170 usque
2009 2101 2080 2157 ad

413 2177 672 2250 primum
707 2179 990 2234 fornicem
1012 2180 1276 2250 ejusdem
1313 2181 1548 2253 emboli,
1576 2180 2084 2258 comprehendens

412 2267 808 2324 triclinarium
844 2268 1028 2324 altum
1066 2270 1434 2327 domicilium
1466 2273 1608 2329 Mili.
1643 2275 1858 2334 Versus
1891 2279 2082 2337 orien-

413 2361 533 2413 tem
555 2357 820 2428 ejusdem
855 2358 1069 2413 emboli
1118 2361 1443 2417 secundum
1476 2364 1624 2420 duas
1657 2370 1850 2437 partes
1886 2367 2078 2425 humi-

411 2445 526 2501 lem
559 2446 1025 2502 domunicullam
1059 2465 1190 2502 eum
1225 2449 1396 2506 aclini
1451 2454 1601 2509 tecto
1649 2456 1916 2526 ejusdem
1952 2476 2076 2516 mo-

415 2535 681 2601 nasterii,
713 2541 770 2591 et
799 2553 914 2608 que
943 2537 1002 2592 in
1034 2537 1250 2611 equalli
1291 2539 1471 2612 hujus
1501 2546 1611 2613 est,
1646 2547 1938 2604 modicam
1971 2566 2076 2606 cu-

417 2625 587 2693 riam,
623 2641 735 2697 que
765 2625 982 2681 dicitur
1013 2627 1275 2695 Aristini,
1308 2634 1365 2684 et
1420 2629 1598 2687 habet
1647 2633 2074 2708 longitudinem

417 2714 793 2771 brachiorum
821 2719 950 2772 octo
980 2731 1114 2771 cum
1145 2716 1412 2790 dimidio,
1445 2723 1502 2776 et
1540 2721 1913 2782 latitudinem
1944 2744 2074 2801 sep-

417 2808 538 2860 tem
561 2821 693 2860 cum
727 2805 922 2860 tercia.
960 2809 1154 2861 Preter
1183 2823 1269 2878 ea,
1305 2825 1419 2881 que
1471 2815 1610 2867 sunt
1651 2830 1854 2872 versus
1883 2817 2077 2874 orien-

421 2899 537 2951 tem
569 2894 905 2950 habitacula
953 2895 1193 2953 diacone
1235 2897 1346 2971 (2t)
1390 2903 1778 2976 Precursoris,
1812 2906 2076 2963 debenti-

425 2983 534 3040 bus
551 2985 813 3040 obturari
826 2985 1030 3056 januis
1052 2985 1397 3058 hujusmodi
1438 2990 1928 3064 habitaculorum,
1963 3013 2075 3068 que

427 3072 675 3130 educunt
704 3075 762 3129 in
788 3073 1158 3131 manifestam
1209 3076 1454 3134 curiam.
1503 3079 1722 3137 Versus
1744 3083 2074 3155 aquilonem

423 3161 866 3235 triaergasteria
887 3163 1327 3223 cerulariorum.
1379 3169 1622 3226 Ycanati
1672 3173 1821 3229 duas
1868 3175 2070 3231 statio-

415 3266 541 3324 nes,
565 3251 623 3307 in
652 3252 869 3324 quibus
903 3271 1082 3326 panes
1111 3257 1464 3326 venduntur,
1497 3265 1554 3314 et
1584 3260 1710 3317 loca
1741 3263 2075 3320 tabularum
2105 3220 2148 3286 Ο

413 3340 661 3398 duarum
687 3344 1221 3400 nummulariorum
1280 3348 1544 3417 ejusdem
1575 3353 1912 3408 monasterii
1937 3354 2075 3410 Mili.

412 3430 626 3503 Incipit
652 3448 888 3487 rursum
924 3432 997 3487 ab
1029 3433 1150 3506 ipso
1183 3434 1400 3491 fornice
1450 3438 1692 3510 predicti
1729 3441 2035 3514 hospitalis
2063 3471 2076 3514 ;

416 3522 580 3575 tenet
601 3519 895 3593 publicam
917 3521 1095 3590 viam,
1131 3541 1243 3595 que
1271 3542 1475 3581 versus
1496 3545 1766 3585 occasum
1801 3537 1889 3587 est
1918 3535 2079 3604 ejus—

419 3609 550 3664 dem
587 3609 914 3679 hospitalis,
950 3615 1008 3666 et
1065 3615 1440 3686 progreditur
1495 3634 1681 3690 usque
1721 3621 1790 3675 ad
1825 3629 2076 3693 portam,

420 3714 537 3770 que
557 3703 645 3754 est
666 3700 836 3770 juxta
868 3717 1108 3772 parvum
1145 3703 1428 3774 templum
1464 3709 1848 3765 Precursoris.
1869 3712 2081 3767 Exinde

417 3802 628 3843 rursus
652 3788 956 3844 dimittens
987 3797 1474 3862 premonstratam
1509 3800 1733 3866 portam
1763 3799 1930 3869 quasi
1961 3817 2082 3856 ver-

410 3892 518 3932 sus
553 3877 836 3933 orientem
875 3879 1088 3934 transit
1119 3896 1220 3952 per
1244 3898 1476 3938 murum
1507 3883 1850 3954 civitatis,et
1883 3905 2078 3960 perve-

404 3964 496 4019 nit
526 3981 712 4037 usque
738 3967 809 4021 ad
843 3967 1136 4036 semitam,
1161 3985 1274 4040 que
1308 3971 1516 4028 dividit
1565 3976 1703 4046 jura
1736 3977 2074 4034 monasterii

409 4054 755 4127 Akymitero
787 4055 921 4127 (22).
986 4057 1204 4114 Exinde
1236 4061 1500 4116 ascendit
1548 4064 1842 4121 modicum
1877 4083 2081 4124 versus

413 4143 743 4210 meridiem,
778 4150 984 4202 tenens
1009 4149 1274 4204 eamdem
1321 4150 1613 4221 publicam
1659 4155 1950 4223 semitam,
1985 4157 2082 4214 ha.

415 4232 734 4289 bentemin
774 4232 1085 4291 latitudine
1114 4238 1354 4294 brachia
1414 4241 1545 4310 tria,
1597 4249 1674 4311 et,
1737 4250 1800 4300 ut
1857 4247 2079 4303 dictum

414 4325 528 4391 est,
563 4323 918 4379 dividentem
948 4327 1284 4383 mansiones
1330 4332 1671 4387 monasterii
1720 4335 2080 4408 Akymitero,

417 4415 479 4467 et
537 4412 882 4484 perveniens
940 4432 1123 4486 usque
1171 4417 1231 4472 in
1275 4417 1447 4475 ﬁnem
1507 4421 1788 4478 domicilii
1839 4424 2082 4482 ecclesie

414 4500 720 4557 Perivlevti
748 4503 886 4573 (23),
919 4504 998 4559 ita
1023 4509 1088 4560 ut
1112 4523 1145 4562 a
1170 4524 1337 4565 muro
1398 4509 1648 4569 civitatis
1705 4531 1809 4586 per
1865 4513 2078 4586 equali4

2173 571 2411 626 sterium
2439 571 2622 627 sancti
2658 571 3128 643 Marciani,quod
3161 573 3543 641 estjunctum
3572 573 3822 627 mansio-

2173 661 2348 716 nibus
2379 661 2566 716 sancti
2596 660 2878 716 Nicholai.
2915 661 3366 733 Supergreditur
3413 679 3619 718 rursus
3649 663 3821 718 aliam

2173 750 2402 805 tertiam
2429 749 2724 818 semitam,
2756 757 2808 805 et
2842 753 3103 824 pervenit
3160 767 3346 822 usque
3394 752 3464 806 ad
3516 768 3665 824 aque
3697 769 3824 807 cur-

2174 854 2326 910 sum,
2361 855 2472 911 que
2515 857 2547 895 a
2577 839 2744 912 Vigla
2784 840 3105 909 descendit,
3167 839 3500 911 relinquens
3549 858 3583 897 a
3613 841 3828 898 dextris

2175 926 2289 982 alia
2317 927 2656 984 habitacula
2688 929 2874 983 sancti
2907 928 3190 998 Nicholai,
3234 947 3268 984 a
3299 928 3556 986 sinistris
3587 930 3829 985 domici-

2171 1015 2319 1072 lium
2352 1018 2536 1073 sancti
2572 1018 2845 1073 Marciani
2895 1023 2950 1074 et
2998 1017 3368 1090 pensionales
3393 1019 3599 1075 domos
3632 1036 3830 1074 mona-

2175 1107 2334 1162 sterii
2395 1108 2902 1180 Parakymomeni.
2960 1109 3179 1164 Iterum
3228 1109 3600 1180 progreditur
3630 1126 3835 1166 versus

2177 1196 2504 1265 meridiem,
2540 1196 3042 1269 comprehendens
3073 1214 3319 1254 vacuum
3343 1197 3537 1254 locum
3569 1199 3835 1270 ejusdem

2178 1285 2518 1343 monasterii
2579 1286 3068 1355 Parakimomeni,
3121 1287 3222 1359 qui
3292 1304 3493 1344 versus
3553 1289 3838 1344 orientem

2169 1381 2328 1465 jacet
2375 1377 2685 1433 domorum
2737 1377 2923 1465 sancti
2981 1375 3268 1445 Nicholai,
3303 1383 3356 1432 et
3389 1378 3727 1450 proceditet
3759 1393 3842 1432 re-

2178 1464 2441 1540 greditur
2475 1483 2662 1538 usque
2687 1467 2758 1522 ad
2791 1464 3048 1538 Viglam,
3095 1466 3251 1522 unde
3283 1470 3338 1520 et
3366 1465 3603 1539 incepit,
3636 1466 3841 1522 dimit-

2181 1560 2309 1610 tens
2342 1553 2578 1628 quidem
2640 1571 2672 1610 a
2720 1552 2939 1610 dextris
2993 1555 3200 1608 domos
3263 1554 3604 1610 monasterii
3657 1554 3845 1610 sancti

2181 1644 2375 1712 Marci,
2409 1661 2444 1698 a
2474 1641 2733 1698 sinistris
2766 1658 2899 1698 vero
2938 1658 3088 1715 aque
3122 1659 3380 1699 cursum.
3415 1642 3712 1714 Ejusmodi
3747 1644 3844 1698 de-

2181 1731 2613 1789 terminationis
2646 1730 2835 1804 spatio
2859 1731 3442 1804 comprehenduntur
3459 1749 3545 1803 ea,
3568 1749 3681 1804 que
3711 1736 3851 1788 sunt

2186 1840 2389 1880 versus
2419 1822 2700 1878 orientem
2736 1839 2885 1894 aque
2915 1839 3151 1891 cursus,
3183 1822 3594 1878 descendentis
3627 1840 3659 1878 a
3682 1821 3852 1894 Vigla

2197 1929 2397 1968 versus
2427 1915 2656 1983 portam
2688 1911 3001 1979 Canavuci,
3031 1909 3368 1966 habitacula
3398 1915 3455 1966 et
3477 1927 3697 1968 vacuus
3729 1928 3851 1966 ma-

2195 2017 2349 2074 gnus
2379 1999 2564 2066 locus,
2598 1999 2699 2072 qui
2733 2017 2918 2071 usque
2969 2001 3038 2055 ad
3099 1999 3394 2072 publicam
3443 1999 3597 2056 viam
3648 2016 3854 2056 versus

2194 2091 2554 2147 occidentem
2604 2088 2976 2162 progreditur
3027 2090 3214 2145 sancti
3274 2089 3552 2145 Marciani
3611 2107 3644 2146 a
3690 2105 3856 2145 muro

2194 2180 2447 2236 civitatis
2479 2182 2535 2234 et
2565 2195 2752 2251 usque
2784 2179 2854 2234 ad
2901 2177 3219 2251 embolum,
3273 2196 3376 2251 per
3405 2195 3649 2251 presens
3683 2179 3853 2252 chry-

2193 2269 2469 2327 sobulum
2498 2269 2743 2324 verbum
2786 2268 3012 2324 datum.
3046 2269 3222 2337 Elea,
3275 2285 3389 2340 que
3449 2273 3591 2324 sunt
3648 2285 3856 2324 versus

2191 2359 2548 2416 occidentem
2582 2375 2732 2430 aque
2763 2374 2971 2414 cursus
3030 2375 3063 2414 a
3111 2375 3279 2414 muro
3330 2357 3605 2423 civitatis,
3666 2358 3764 2430 qui
3796 2357 3855 2412 in

2189 2449 2378 2522 equali
2413 2448 2621 2504 semite
2650 2453 2757 2516 est,
2793 2447 3107 2504 dividentis
3131 2449 3270 2519 jura
3325 2445 3668 2504 monasterii
3719 2447 3852 2501 Aki-

2189 2541 2392 2610 miton,
2429 2545 2484 2594 et
2514 2555 2702 2611 usque
2723 2539 2793 2593 ad
2828 2540 3033 2594 domos
3066 2537 3255 2593 sancti
3290 2536 3548 2594 Nicholai
3573 2542 3631 2592 et
3652 2535 3841 2591 sancti

2187 2630 2545 2698 Marci,cum
2578 2644 2753 2698 parvo
2784 2644 2963 2683 vacuo
3013 2627 3138 2683 loco
3195 2624 3535 2681 monasterii
3586 2625 3837 2698 Paraky-

2186 2719 2457 2777 momeni.
2518 2723 2582 2773 Et
2607 2716 2954 2788 simpliciter
2982 2717 3320 2788 omnia,que
3349 2715 3756 2771 inhabitantur
3785 2717 3842 2770 et

2187 2826 2302 2882 que
2331 2825 2449 2864 non
2482 2806 2916 2876 inhabitantur,
2949 2804 3286 2861 habitacula
3315 2809 3373 2860 et
3404 2821 3582 2860 vacua
3612 2803 3756 2874 loca,
3781 2803 3839 2857 in

2186 2898 2446 2971 predicto
2479 2896 2668 2970 spatio
2692 2895 3115 2967 conprehensa.
3150 2894 3357 2950 Adhuc
3388 2909 3520 2950 cum
3554 2893 3646 2949 his
3686 2908 3843 2948 com-

2185 2987 2568 3060 prehenditur
2597 2991 2652 3041 et
2679 3002 2793 3059 que
2818 2989 2906 3040 est
2933 2985 2990 3040 in
3041 2983 3236 3040 littore
3265 2983 3444 3040 scalla
3475 2981 3658 3039 sancti
3693 2985 3840 3037 Mar-

2185 3077 2358 3148 ciani,
2389 3092 2502 3149 que
2533 3075 2708 3132 hodie
2735 3093 2767 3131 a
2799 3072 3251 3147 Chrysiobasilio
3301 3071 3655 3146 possidetur,
3710 3087 3844 3127 cum

2188 3166 2461 3222 universa
2485 3167 2614 3237 ejus
2671 3163 3194 3236 comprehensione
3246 3168 3303 3218 et
3355 3161 3735 3232 continentia,
3789 3164 3846 3216 et

2187 3273 2301 3330 que
2324 3257 2380 3311 in
2413 3271 2480 3310 ea
2503 3258 2641 3311 sunt
2666 3253 2940 3309 domibus
2971 3257 3025 3308 et
3054 3252 3410 3325 ergasteriis.

2259 3368 2287 3398 ‹‹
2321 3345 2421 3401 His
2442 3346 2526 3400 sic
2549 3344 2620 3401 ab
2651 3342 2896 3414 imperio
2956 3346 3156 3398 nostro
3207 3341 3439 3397 donatis
3471 3357 3573 3413 per
3602 3355 3842 3412 presens

2189 3433 2609 3508 chrysobulum
2641 3432 2884 3487 verbum
2916 3431 3284 3487 celsitudinis
3313 3435 3531 3497 nostre,
3582 3429 3842 3502 exceptis

2189 3523 2655 3599 proximantibus
2686 3520 2780 3576 his
2811 3522 3062 3589 donatis,
3110 3521 3294 3593 portis
3337 3519 3620 3588 videlicet,
3654 3521 3841 3575 muris

2189 3620 2245 3669 et
2274 3612 2514 3668 cortinis
2543 3626 2843 3665 murorum
2904 3609 3175 3678 civitatis,
3237 3609 3541 3664 habebunt
3589 3607 3843 3664 Venetici

2189 3704 2315 3770 hec,
2349 3701 2709 3756 devotionem
2757 3703 2814 3754 et
2873 3700 3069 3768 tidem,
3131 3715 3308 3769 quam
3361 3699 3603 3769 imperio
3643 3703 3844 3753 nostro

2190 3791 2423 3861 debent,
2457 3791 2774 3854 servantes,
2806 3788 3127 3843 secundum
3190 3788 3343 3859 quod
3377 3791 3434 3842 et
3481 3803 3583 3858 per
3610 3804 3677 3842 ea
3735 3801 3846 3857 que

2192 3881 2351 3951 prius
2374 3877 2567 3949 adepti
2601 3881 2740 3932 sunt
2767 3876 3119 3948 chrysobula
3155 3877 3307 3932 hanc
3356 3893 3586 3932 servare
3635 3892 3848 3930 conen-

2191 3975 2288 4024 tur
2315 3968 2447 4040 (24),
2472 3967 2879 4038 cujuscunque
2905 3965 3060 4037 juris
3109 3966 3249 4034 sint,
3308 3966 3426 4021 sive
3465 3964 3846 4021 ecclesiastici

2181 4057 2337 4130 juris
2371 4061 2491 4111 sive
2522 4056 2600 4111 rei
2636 4055 2865 4127 publice
2896 4055 3018 4110 sive
3079 4055 3298 4127 private
3333 4055 3452 4111 sive
3507 4059 3707 4110 sancte
3746 4055 3847 4108 do-

2191 4163 2324 4202 mus
2346 4145 2430 4200 vel
2459 4145 2796 4209 monastice,
2841 4143 3002 4199 nulla
3050 4144 3284 4200 accione
3317 4143 3506 4198 locum
3541 4143 3845 4208 exercendi

2191 4235 2440 4291 habente
2468 4241 2670 4290 contra
2699 4250 2798 4288 eos
2829 4233 3026 4306 gracia
3045 4233 3278 4288 horum.
3309 4232 3367 4286 Si
3396 4249 3529 4288 vero
3557 4231 3846 4304 quispiam

2192 4326 2336 4380 forte
2383 4323 2814 4379 infestationem
2877 4323 2962 4378 eis
3023 4323 3319 4378 induxerit
3363 4323 3561 4395 gracia
3608 4321 3845 4377 convin-

2191 4413 2357 4469 cendi
2392 4417 2494 4467 aut
2523 4411 2823 4468 auferendi
2847 4412 3162 4484 quicquam
3219 4428 3445 4482 eorum,
3496 4428 3609 4484 que
3642 4411 3746 4482 eis,
3783 4415 3847 4466 ut

2189 4503 2412 4559 dictum
2446 4505 2557 4569 est,
2591 4502 2727 4556 data
2757 4505 2897 4556 sunt
2919 4501 3415 4557 inremissibiliter
3447 4500 3847 4556 multabitura

413 4592 597 4646 tatem
620 4591 908 4661 ejusmodi
944 4594 1153 4651 semite
1206 4613 1396 4671 usque
1443 4600 1515 4655 ad
1568 4602 1742 4658 ﬁnem
1777 4603 2075 4660 domicillii

2191 4595 2411 4648 secreto
2442 4591 2531 4660 epi
2565 4595 2666 4645 ton
2695 4590 2936 4664 ykiacon
2971 4591 3082 4664 (‘25)
3121 4589 3179 4645 in
3235 4590 3436 4646 decem
3493 4589 3658 4646 libris
3697 4589 3845 4657 auri,

415 4678 539 4736 sint
568 4678 810 4736 brachia
839 4680 1041 4754 viginti
1075 4700 1194 4740 sex.
1228 4685 1508 4744 Flectitur
1541 4707 1742 4748 versus
1773 4692 2075 4764 orientem,

416 4772 628 4824 tenens
663 4786 898 4825 murum
933 4771 1174 4830 ecclesie
1210 4777 1394 4832 sancti
1432 4778 1716 4852 Nicholai,
1741 4782 2081 4855 relinquens

419 4857 691 4914 adextris
713 4858 951 4931 quidem
985 4864 1410 4921 monasterium
1471 4869 1654 4924 sancti
1707 4870 1989 4939 Nicholai,
2050 4888 2084 4926 a

419 4945 683 5003 sinistris
713 4964 846 5003 vero
873 4948 1234 5007 domicilium
1261 4957 1601 5012 monasterii
1653 4958 1979 5032 Berivlevti,
2027 4964 2085 5016 et

417 5035 802 5109 progrediens
860 5054 1050 5110 usque
1107 5041 1178 5095 ad
1240 5041 1485 5100 alteram
1545 5047 1817 5103 semitam
1879 5065 2084 5104 versus

417 5125 705 5182 orientem
741 5126 892 5181 muri
934 5129 1119 5183 sancti
1152 5130 1435 5188 Nicholai.
1474 5134 1699 5193 Rursus
1749 5138 2003 5194 ﬂectitur
2031 5143 2087 5193 et

417 5215 686 5271 ascendit
720 5233 1038 5290 parumper
1061 5235 1265 5277 versus
1298 5224 1600 5281 meridiem
1625 5229 1892 5283 eamdem
1911 5227 2086 5284 semi-

418 5309 569 5374 tam,
604 5308 659 5360 et
683 5305 945 5361 ascendit
1000 5324 1208 5365 versus
1257 5311 1562 5382 orientem,
1609 5316 1876 5374 dividens
1903 5317 2086 5372 domi-

525 5482 618 5554 21)
650 5482 797 5554 Lege
817 5500 831 5540 :
863 5483 1102 5544 diaconi.

522 5557 620 5679 ἓξ)
666 5556 786 5611 Lib.
837 5561 1152 5617 Pactorum
1189 5563 1586 5637 Acymz'torum,
1609 5565 1650 5621 i.
1685 5580 1736 5622 θ.
1773 5567 1879 5618 τῶν
1913 5565 2094 5621 Ἀκοι-

605 5646 652 5679 ν.

437 5646 652 5702 ense)?-

505 5694 622 5773 (23)
649 5698 766 5769 Τῆς
795 5694 1188 5776 Περιϐλέπτου.
1229 5713 1234 5716 '

2194 4682 2360 4736 firmo
2387 4685 2444 4734 et
2473 4684 2598 4734 rato
2629 4679 2913 4736 existente
2946 4685 3213 4751 presente
3270 4678 3622 4753 chrysobulo
3673 4680 3848 4735 verbo

2191 4769 2497 4826 clementie
2530 4775 2747 4837 nostre,
2798 4769 2948 4824 facto
2999 4785 3199 4826 mense
3246 4769 3461 4825 Marcio
3512 4769 3851 4824 indictionis

2196 4859 2504 4915 undecime
2536 4875 2636 4914 sex
2670 4859 2967 4915 millesimi
2996 4858 3429 4916 sexcentessimi
3458 4857 3853 4930 quinquages-

2196 4948 2328 5004 simi
2365 4948 2510 5003 sexti
2546 4949 2658 5021 (26)
2681 4949 2843 5013 anni,
2878 4948 2935 5003 in
2969 4965 3085 5021 quo
3140 4952 3197 5004 et
3240 4953 3505 5004 nostrum
3541 4947 3702 5020 pium
3736 4949 3792 5000 et
3822 4961 3855 5000 a

2195 5038 2303 5094 deo
2337 5042 2665 5109 promotum
2698 5037 3069 5110 subsignavit
3097 5037 3434 5110 imperium.
3469 5059 3496 5086 »

2268 5126 2428 5182 Hanc
2459 5125 2641 5199 igitur
2674 5126 3083 5182 Veneticorum
3143 5127 3612 5200 deprecationem
3663 5124 3854 5195 impe-

2199 5216 2350 5270 rium
2379 5220 2643 5271 nostrum
2680 5231 3054 5288 nequaquam
3113 5216 3393 5285 abiciens,
3428 5214 3739 5271 conﬁrmat
3769 5212 3855 5268 sic

2175 5304 2506 5360 'continens
2538 5303 2956 5376 chrysobulum
2988 5305 3230 5361 verbum
3291 5305 3445 5361 inter
3474 5303 3856 5376 imperatores

2272 5495 2384 5564 (24)
2417 5493 2682 5549 Editores
2696 5492 3015 5564 conjiciunt
3039 5513 3052 5552 :
3088 5499 3365 5552 tenentur.

2274 5565 2388 5708 (25)
2419 5565 2544 5621 Ἐπῖ
2569 5568 2676 5619 τῶν
2709 5563 3018 5624 οΐκὲιακῶν.

2299 5639 2386 5708 26)
2461 5637 2784 5697 Numerum
2847 5642 2999 5697 sexti
3075 5638 3164 5695 edi

2206 5637 2386 5768 Βέὲεέ)
2461 5637 2784 5697 Numerum
2847 5642 2999 5697 sexti
3075 5638 3328 5696 editores
3420 5637 3860 5715 suppleverunt.
