  <div class='ocr_page' id='page_1' title='image "/cluster/home/n/w/nwhite01/storage/ocr_20150623/135:no.2/coo.31924054870401/237.png"; bbox 0 0 4130 6374; ppageno 0'>
   <div class='ocr_carea' id='block_1_1' title="bbox 356 374 473 434">
    <p class='ocr_par' dir='ltr' id='par_1_1' title="bbox 356 374 473 434">
     <span class='ocr_line' id='line_1_1' title="bbox 356 374 473 434; baseline 0.009 -1"><span class='ocrx_word' id='word_1_1' title='bbox 356 374 473 434; x_wconf 78' lang='grc'>463</span> 
     </span>
    </p>
   </div>
   <div class='ocr_carea' id='block_1_2' title="bbox 1666 366 2475 431">
    <p class='ocr_par' dir='ltr' id='par_1_2' title="bbox 1666 366 2475 431">
     <span class='ocr_line' id='line_1_2' title="bbox 1666 366 2475 431; baseline -0.002 -1"><span class='ocrx_word' id='word_1_2' title='bbox 1666 369 1927 431; x_wconf 77' lang='lat' dir='ltr'>ISAACI</span> <span class='ocrx_word' id='word_1_3' title='bbox 1974 366 2264 430; x_wconf 80' lang='lat' dir='ltr'>ANGELI</span> <span class='ocrx_word' id='word_1_4' title='bbox 2309 367 2475 430; x_wconf 86' lang='lat' dir='ltr'>IMP.</span> 
     </span>
    </p>
   </div>
   <div class='ocr_carea' id='block_1_3' title="bbox 3660 372 3775 435">
    <p class='ocr_par' dir='ltr' id='par_1_3' title="bbox 3660 372 3775 435">
     <span class='ocr_line' id='line_1_3' title="bbox 3660 372 3775 435; baseline 0.017 -2"><span class='ocrx_word' id='word_1_5' title='bbox 3660 372 3775 435; x_wconf 75' lang='lat'>464</span> 
     </span>
    </p>
   </div>
   <div class='ocr_carea' id='block_1_4' title="bbox 349 500 3776 580">
    <p class='ocr_par' dir='ltr' id='par_1_4' title="bbox 349 500 3776 580">
     <span class='ocr_line' id='line_1_4' title="bbox 349 500 3776 580; baseline 0 -16"><span class='ocrx_word' id='word_1_6' title='bbox 349 523 583 580; x_wconf 82' lang='lat' dir='ltr'>semper</span> <span class='ocrx_word' id='word_1_7' title='bbox 613 504 977 563; x_wconf 86' lang='lat' dir='ltr'>memorandi</span> <span class='ocrx_word' id='word_1_8' title='bbox 1006 505 1198 579; x_wconf 81' lang='lat' dir='ltr'>patrui</span> <span class='ocrx_word' id='word_1_9' title='bbox 1246 503 1612 561; x_wconf 80' lang='lat' dir='ltr'>celsitudinis</span> <span class='ocrx_word' id='word_1_10' title='bbox 1645 506 1861 573; x_wconf 87' lang='lat' dir='ltr'>nostre,</span> <span class='ocrx_word' id='word_1_11' title='bbox 1895 503 2002 558; x_wconf 89' lang='lat' dir='ltr'>do-</span> <span class='ocrx_word' id='word_1_12' title='bbox 2034 500 2083 560; x_wconf 85' lang='lat' dir='ltr'><strong>A</strong></span> <span class='ocrx_word' id='word_1_13' title='bbox 2116 503 2283 569; x_wconf 76' lang='lat' dir='ltr'>bene,</span> <span class='ocrx_word' id='word_1_14' title='bbox 2315 516 2623 575; x_wconf 84' lang='lat' dir='ltr'>quousque</span> <span class='ocrx_word' id='word_1_15' title='bbox 2646 505 2702 558; x_wconf 88' lang='lat' dir='ltr'>et</span> <span class='ocrx_word' id='word_1_16' title='bbox 2731 501 2992 560; x_wconf 78' lang='lat' dir='ltr'>Venetici</span> <span class='ocrx_word' id='word_1_17' title='bbox 3025 503 3452 562; x_wconf 88' lang='lat' dir='ltr'>conservabunt</span> <span class='ocrx_word' id='word_1_18' title='bbox 3472 504 3598 563; x_wconf 89' lang='lat' dir='ltr'>sine</span> <span class='ocrx_word' id='word_1_19' title='bbox 3621 507 3776 564; x_wconf 84' lang='lat' dir='ltr'>frau-</span> 
     </span>
    </p>
   </div>
   <div class='ocr_carea' id='block_1_5' title="bbox 349 593 2003 670">
    <p class='ocr_par' dir='ltr' id='par_1_5' title="bbox 349 593 2003 670">
     <span class='ocr_line' id='line_1_5' title="bbox 349 593 2003 670; baseline -0.004 -17"><span class='ocrx_word' id='word_1_20' title='bbox 349 597 496 654; x_wconf 89' lang='lat' dir='ltr'>mini</span> <span class='ocrx_word' id='word_1_21' title='bbox 527 595 835 666; x_wconf 84' lang='lat' dir='ltr'>Manuelis,</span> <span class='ocrx_word' id='word_1_22' title='bbox 858 612 961 670; x_wconf 87' lang='lat' dir='ltr'>per</span> <span class='ocrx_word' id='word_1_23' title='bbox 992 613 1233 669; x_wconf 82' lang='lat' dir='ltr'>presens</span> <span class='ocrx_word' id='word_1_24' title='bbox 1282 593 1703 667; x_wconf 80' lang='lat' dir='ltr'>chrysobulum</span> <span class='ocrx_word' id='word_1_25' title='bbox 1738 595 2003 659; x_wconf 79' lang='lat' dir='ltr'>verbum,</span> 
     </span>
    </p>
   </div>
   <div class='ocr_carea' id='block_1_6' title="bbox 348 682 2005 762">
    <p class='ocr_par' dir='ltr' id='par_1_6' title="bbox 348 682 2005 762">
     <span class='ocr_line' id='line_1_6' title="bbox 348 682 2005 762; baseline -0.005 -16"><span class='ocrx_word' id='word_1_26' title='bbox 348 689 597 762; x_wconf 90' lang='lat' dir='ltr'>etjubet</span> <span class='ocrx_word' id='word_1_27' title='bbox 630 690 917 745; x_wconf 89' lang='lat' dir='ltr'>intactum</span> <span class='ocrx_word' id='word_1_28' title='bbox 950 688 1057 745; x_wconf 90' lang='lat' dir='ltr'>hoc</span> <span class='ocrx_word' id='word_1_29' title='bbox 1097 702 1333 744; x_wconf 90' lang='lat' dir='ltr'>manere</span> <span class='ocrx_word' id='word_1_30' title='bbox 1379 690 1436 743; x_wconf 91' lang='lat' dir='ltr'>et</span> <span class='ocrx_word' id='word_1_31' title='bbox 1488 683 1899 741; x_wconf 89' lang='lat' dir='ltr'>inviolabiliter</span> <span class='ocrx_word' id='word_1_32' title='bbox 1944 682 2005 737; x_wconf 90' lang='lat' dir='ltr'>in</span> 
     </span>
    </p>
   </div>
   <div class='ocr_carea' id='block_1_7' title="bbox 347 772 2006 853">
    <p class='ocr_par' dir='ltr' id='par_1_7' title="bbox 347 772 2006 853">
     <span class='ocr_line' id='line_1_7' title="bbox 347 772 2006 853; baseline -0.005 -18"><span class='ocrx_word' id='word_1_33' title='bbox 347 779 649 847; x_wconf 89' lang='lat' dir='ltr'>omnibus,</span> <span class='ocrx_word' id='word_1_34' title='bbox 688 796 802 853; x_wconf 83' lang='lat' dir='ltr'>que</span> <span class='ocrx_word' id='word_1_35' title='bbox 860 777 1128 852; x_wconf 88' lang='lat' dir='ltr'>precipit,</span> <span class='ocrx_word' id='word_1_36' title='bbox 1165 777 1312 833; x_wconf 89' lang='lat' dir='ltr'>dans</span> <span class='ocrx_word' id='word_1_37' title='bbox 1343 778 1401 831; x_wconf 89' lang='lat' dir='ltr'>et</span> <span class='ocrx_word' id='word_1_38' title='bbox 1447 775 1771 832; x_wconf 86' lang='lat' dir='ltr'>concedens</span> <span class='ocrx_word' id='word_1_39' title='bbox 1825 772 2006 829; x_wconf 88' lang='lat' dir='ltr'>Vene-</span> 
     </span>
    </p>
   </div>
   <div class='ocr_carea' id='block_1_8' title="bbox 348 863 2012 939">
    <p class='ocr_par' dir='ltr' id='par_1_8' title="bbox 348 863 2012 939">
     <span class='ocr_line' id='line_1_8' title="bbox 348 863 2012 939; baseline -0.006 -13"><span class='ocrx_word' id='word_1_40' title='bbox 348 867 504 939; x_wconf 86' lang='lat' dir='ltr'>ticis,</span> <span class='ocrx_word' id='word_1_41' title='bbox 550 868 765 925; x_wconf 86' lang='lat' dir='ltr'>habere</span> <span class='ocrx_word' id='word_1_42' title='bbox 812 871 869 924; x_wconf 89' lang='lat' dir='ltr'>et</span> <span class='ocrx_word' id='word_1_43' title='bbox 915 884 1121 923; x_wconf 82' lang='lat' dir='ltr'>rursus</span> <span class='ocrx_word' id='word_1_44' title='bbox 1153 882 1267 938; x_wconf 89' lang='lat' dir='ltr'>que</span> <span class='ocrx_word' id='word_1_45' title='bbox 1330 866 1388 920; x_wconf 91' lang='lat' dir='ltr'>in</span> <span class='ocrx_word' id='word_1_46' title='bbox 1446 864 1575 938; x_wconf 91' lang='lat' dir='ltr'>ipso</span> <span class='ocrx_word' id='word_1_47' title='bbox 1632 863 2012 920; x_wconf 84' lang='lat' dir='ltr'>notificantur</span> 
     </span>
    </p>
   </div>
   <div class='ocr_carea' id='block_1_9' title="bbox 345 953 2011 1026">
    <p class='ocr_par' dir='ltr' id='par_1_9' title="bbox 345 953 2011 1026">
     <span class='ocr_line' id='line_1_9' title="bbox 345 953 2011 1026; baseline -0.005 -12"><span class='ocrx_word' id='word_1_48' title='bbox 345 958 556 1014; x_wconf 90' lang='lat' dir='ltr'>domos</span> <span class='ocrx_word' id='word_1_49' title='bbox 589 957 716 1014; x_wconf 90' lang='lat' dir='ltr'>sine</span> <span class='ocrx_word' id='word_1_50' title='bbox 743 955 1112 1013; x_wconf 86' lang='lat' dir='ltr'>mutilationo</span> <span class='ocrx_word' id='word_1_51' title='bbox 1143 956 1473 1012; x_wconf 90' lang='lat' dir='ltr'>secundum</span> <span class='ocrx_word' id='word_1_52' title='bbox 1529 953 1718 1026; x_wconf 89' lang='lat' dir='ltr'>ipsius</span> <span class='ocrx_word' id='word_1_53' title='bbox 1749 967 2011 1024; x_wconf 87' lang='lat' dir='ltr'>compre-</span> 
     </span>
    </p>
   </div>
   <div class='ocr_carea' id='block_1_10' title="bbox 345 1042 2017 1119">
    <p class='ocr_par' dir='ltr' id='par_1_10' title="bbox 345 1042 2017 1119">
     <span class='ocr_line' id='line_1_10' title="bbox 345 1042 2017 1119; baseline -0.004 -16"><span class='ocrx_word' id='word_1_54' title='bbox 345 1046 785 1119; x_wconf 86' lang='lat' dir='ltr'>bensionem,ut</span> <span class='ocrx_word' id='word_1_55' title='bbox 815 1046 887 1103; x_wconf 89' lang='lat' dir='ltr'>ab</span> <span class='ocrx_word' id='word_1_56' title='bbox 916 1046 1163 1119; x_wconf 90' lang='lat' dir='ltr'>imperio</span> <span class='ocrx_word' id='word_1_57' title='bbox 1195 1049 1397 1102; x_wconf 91' lang='lat' dir='ltr'>nostro</span> <span class='ocrx_word' id='word_1_58' title='bbox 1430 1042 1575 1117; x_wconf 84' lang='lat' dir='ltr'>ipsis</span> <span class='ocrx_word' id='word_1_59' title='bbox 1607 1043 1796 1099; x_wconf 89' lang='lat' dir='ltr'>datas.</span> <span class='ocrx_word' id='word_1_60' title='bbox 1832 1042 2017 1113; x_wconf 91' lang='lat' dir='ltr'>Super</span> 
     </span>
    </p>
   </div>
   <div class='ocr_carea' id='block_1_11' title="bbox 344 1129 2023 1208">
    <p class='ocr_par' dir='ltr' id='par_1_11' title="bbox 344 1129 2023 1208">
     <span class='ocr_line' id='line_1_11' title="bbox 344 1129 2023 1208; baseline -0.006 -16"><span class='ocrx_word' id='word_1_61' title='bbox 344 1135 456 1193; x_wconf 90' lang='lat' dir='ltr'>hoc</span> <span class='ocrx_word' id='word_1_62' title='bbox 487 1137 641 1192; x_wconf 88' lang='lat' dir='ltr'>enim</span> <span class='ocrx_word' id='word_1_63' title='bbox 663 1139 720 1191; x_wconf 89' lang='lat' dir='ltr'>et</span> <span class='ocrx_word' id='word_1_64' title='bbox 732 1151 975 1208; x_wconf 90' lang='lat' dir='ltr'>presens</span> <span class='ocrx_word' id='word_1_65' title='bbox 1002 1133 1423 1208; x_wconf 82' lang='lat' dir='ltr'>cbrysobulum</span> <span class='ocrx_word' id='word_1_66' title='bbox 1445 1132 1685 1191; x_wconf 87' lang='lat' dir='ltr'>verbum</span> <span class='ocrx_word' id='word_1_67' title='bbox 1712 1129 2023 1202; x_wconf 59' lang='lat' dir='ltr'>clementia</span> 
     </span>
    </p>
   </div>
   <div class='ocr_carea' id='block_1_12' title="bbox 347 1220 2021 1298">
    <p class='ocr_par' dir='ltr' id='par_1_12' title="bbox 347 1220 2021 1298">
     <span class='ocr_line' id='line_1_12' title="bbox 347 1220 2021 1298; baseline -0.004 -16"><span class='ocrx_word' id='word_1_68' title='bbox 347 1228 543 1284; x_wconf 82' lang='lat' dir='ltr'>nostra</span> <span class='ocrx_word' id='word_1_69' title='bbox 573 1226 796 1283; x_wconf 84' lang='lat' dir='ltr'>factum</span> <span class='ocrx_word' id='word_1_70' title='bbox 826 1229 936 1298; x_wconf 87' lang='lat' dir='ltr'>est,</span> <span class='ocrx_word' id='word_1_71' title='bbox 960 1226 1198 1283; x_wconf 86' lang='lat' dir='ltr'>ﬁrmum</span> <span class='ocrx_word' id='word_1_72' title='bbox 1231 1227 1290 1283; x_wconf 88' lang='lat' dir='ltr'>et</span> <span class='ocrx_word' id='word_1_73' title='bbox 1318 1228 1514 1283; x_wconf 88' lang='lat' dir='ltr'>ratum</span> <span class='ocrx_word' id='word_1_74' title='bbox 1545 1237 1894 1297; x_wconf 89' lang='lat' dir='ltr'>permanere</span> <span class='ocrx_word' id='word_1_75' title='bbox 1923 1220 2021 1277; x_wconf 91' lang='lat' dir='ltr'>de-</span> 
     </span>
    </p>
   </div>
   <div class='ocr_carea' id='block_1_13' title="bbox 2034 1378 2104 1436">
    <p class='ocr_par' dir='ltr' id='par_1_13' title="bbox 2034 1378 2104 1436">
     <span class='ocr_line' id='line_1_13' title="bbox 2034 1378 2104 1436; baseline 0.057 -4"><span class='ocrx_word' id='word_1_76' title='bbox 2034 1378 2104 1436; x_wconf 92' lang='lat' dir='ltr'>V.</span> 
     </span>
    </p>
   </div>
   <div class='ocr_carea' id='block_1_14' title="bbox 2122 588 3839 668">
    <p class='ocr_par' dir='ltr' id='par_1_14' title="bbox 2122 588 3839 668">
     <span class='ocr_line' id='line_1_14' title="bbox 2122 588 3839 668; baseline 0.005 -22"><span class='ocrx_word' id='word_1_77' title='bbox 2122 593 2193 649; x_wconf 89' lang='lat' dir='ltr'>de</span> <span class='ocrx_word' id='word_1_78' title='bbox 2225 596 2280 647; x_wconf 93' lang='lat' dir='ltr'>et</span> <span class='ocrx_word' id='word_1_79' title='bbox 2302 591 2451 648; x_wconf 87' lang='lat' dir='ltr'>malo</span> <span class='ocrx_word' id='word_1_80' title='bbox 2484 591 2718 666; x_wconf 84' lang='lat' dir='ltr'>ingenio</span> <span class='ocrx_word' id='word_1_81' title='bbox 2750 609 2835 665; x_wconf 87' lang='lat' dir='ltr'>ea,</span> <span class='ocrx_word' id='word_1_82' title='bbox 2860 609 2974 666; x_wconf 91' lang='lat' dir='ltr'>que</span> <span class='ocrx_word' id='word_1_83' title='bbox 2998 611 3100 668; x_wconf 90' lang='lat' dir='ltr'>per</span> <span class='ocrx_word' id='word_1_84' title='bbox 3130 595 3573 653; x_wconf 86' lang='lat' dir='ltr'>conventionem</span> <span class='ocrx_word' id='word_1_85' title='bbox 3596 600 3653 653; x_wconf 89' lang='lat' dir='ltr'>et</span> <span class='ocrx_word' id='word_1_86' title='bbox 3682 614 3780 654; x_wconf 88' lang='lat' dir='ltr'>sa-</span> <span class='ocrx_word' id='word_1_87' title='bbox 3832 588 3839 593; x_wconf 50' lang='grc'><strong>“</strong></span> 
     </span>
    </p>
   </div>
   <div class='ocr_carea' id='block_1_15' title="bbox 2123 682 3508 767">
    <p class='ocr_par' dir='ltr' id='par_1_15' title="bbox 2123 682 3508 767">
     <span class='ocr_line' id='line_1_15' title="bbox 2123 682 3508 767; baseline 0.004 -30"><span class='ocrx_word' id='word_1_88' title='bbox 2123 686 2489 738; x_wconf 89' lang='lat' dir='ltr'>cramentum</span> <span class='ocrx_word' id='word_1_89' title='bbox 2524 682 2766 755; x_wconf 88' lang='lat' dir='ltr'>imperio</span> <span class='ocrx_word' id='word_1_90' title='bbox 2791 689 2992 741; x_wconf 92' lang='lat' dir='ltr'>nostro</span> <span class='ocrx_word' id='word_1_91' title='bbox 3022 685 3256 742; x_wconf 90' lang='lat' dir='ltr'>debent.</span> <span class='ocrx_word' id='word_1_92' title='bbox 3497 756 3508 767; x_wconf 40' lang='lat'>.</span> 
     </span>
    </p>
   </div>
   <div class='ocr_carea' id='block_1_16' title="bbox 2190 773 3777 846">
    <p class='ocr_par' dir='ltr' id='par_1_16' title="bbox 2190 773 3777 846">
     <span class='ocr_line' id='line_1_16' title="bbox 2190 773 3777 846; baseline 0.005 -21"><span class='ocrx_word' id='word_1_93' title='bbox 2190 774 2427 827; x_wconf 86' lang='lat' dir='ltr'>Factum</span> <span class='ocrx_word' id='word_1_94' title='bbox 2456 788 2658 828; x_wconf 85' lang='lat' dir='ltr'>mense</span> <span class='ocrx_word' id='word_1_95' title='bbox 2689 773 3004 829; x_wconf 84' lang='lat' dir='ltr'>Februario</span> <span class='ocrx_word' id='word_1_96' title='bbox 3043 774 3251 846; x_wconf 88' lang='lat' dir='ltr'>quinte</span> <span class='ocrx_word' id='word_1_97' title='bbox 3305 773 3647 832; x_wconf 89' lang='lat' dir='ltr'>indictionis</span> <span class='ocrx_word' id='word_1_98' title='bbox 3679 791 3777 832; x_wconf 85' lang='lat' dir='ltr'>sex</span> 
     </span>
    </p>
   </div>
   <div class='ocr_carea' id='block_1_17' title="bbox 2125 858 3782 937">
    <p class='ocr_par' dir='ltr' id='par_1_17' title="bbox 2125 858 3782 937">
     <span class='ocr_line' id='line_1_17' title="bbox 2125 858 3782 937; baseline 0.004 -22"><span class='ocrx_word' id='word_1_99' title='bbox 2125 858 2425 916; x_wconf 90' lang='lat' dir='ltr'>millesimi</span> <span class='ocrx_word' id='word_1_100' title='bbox 2454 860 2863 918; x_wconf 87' lang='lat' dir='ltr'>sexcentesimi</span> <span class='ocrx_word' id='word_1_101' title='bbox 2922 862 3323 937; x_wconf 89' lang='lat' dir='ltr'>nonagessimi</span> <span class='ocrx_word' id='word_1_102' title='bbox 3381 864 3574 936; x_wconf 88' lang='lat' dir='ltr'>quinti</span> <span class='ocrx_word' id='word_1_103' title='bbox 3625 864 3782 935; x_wconf 90' lang='lat' dir='ltr'>anni,</span> 
     </span>
    </p>
   </div>
   <div class='ocr_carea' id='block_1_18' title="bbox 2123 948 3788 1028">
    <p class='ocr_par' dir='ltr' id='par_1_18' title="bbox 2123 948 3788 1028">
     <span class='ocr_line' id='line_1_18' title="bbox 2123 948 3788 1028; baseline 0.005 -24"><span class='ocrx_word' id='word_1_104' title='bbox 2123 948 2183 1004; x_wconf 92' lang='lat' dir='ltr'>in</span> <span class='ocrx_word' id='word_1_105' title='bbox 2208 966 2322 1022; x_wconf 91' lang='lat' dir='ltr'>quo</span> <span class='ocrx_word' id='word_1_106' title='bbox 2353 954 2411 1007; x_wconf 88' lang='lat' dir='ltr'>et</span> <span class='ocrx_word' id='word_1_107' title='bbox 2441 954 2707 1008; x_wconf 89' lang='lat' dir='ltr'>nostrum</span> <span class='ocrx_word' id='word_1_108' title='bbox 2766 969 2800 1008; x_wconf 90' lang='lat' dir='ltr'>a</span> <span class='ocrx_word' id='word_1_109' title='bbox 2857 951 2964 1009; x_wconf 91' lang='lat' dir='ltr'>deo</span> <span class='ocrx_word' id='word_1_110' title='bbox 3021 957 3357 1026; x_wconf 91' lang='lat' dir='ltr'>promotum</span> <span class='ocrx_word' id='word_1_111' title='bbox 3415 953 3788 1028; x_wconf 86' lang='lat' dir='ltr'>subsignavit</span> 
     </span>
    </p>
   </div>
   <div class='ocr_carea' id='block_1_19' title="bbox 2125 1037 2462 1112">
    <p class='ocr_par' dir='ltr' id='par_1_19' title="bbox 2125 1037 2462 1112">
     <span class='ocr_line' id='line_1_19' title="bbox 2125 1037 2462 1112; baseline 0.009 -18"><span class='ocrx_word' id='word_1_112' title='bbox 2125 1037 2462 1112; x_wconf 88' lang='lat' dir='ltr'>imperium.</span> 
     </span>
    </p>
   </div>
   <div class='ocr_carea' id='block_1_20' title="bbox 2416 1148 3789 1211">
    <p class='ocr_par' dir='ltr' id='par_1_20' title="bbox 2416 1148 3789 1211">
     <span class='ocr_line' id='line_1_20' title="bbox 2416 1148 3789 1211; baseline 0.004 -7"><span class='ocrx_word' id='word_1_113' title='bbox 2416 1149 2635 1205; x_wconf 74' lang='lat' dir='ltr'>[SAKIUS</span> <span class='ocrx_word' id='word_1_114' title='bbox 2666 1148 2725 1205; x_wconf 91' lang='lat' dir='ltr'>in</span> <span class='ocrx_word' id='word_1_115' title='bbox 2755 1148 2984 1206; x_wconf 85' lang='lat' dir='ltr'>Christo</span> <span class='ocrx_word' id='word_1_116' title='bbox 3015 1150 3124 1207; x_wconf 90' lang='lat' dir='ltr'>deo</span> <span class='ocrx_word' id='word_1_117' title='bbox 3166 1150 3355 1208; x_wconf 85' lang='lat' dir='ltr'>ﬁdelis</span> <span class='ocrx_word' id='word_1_118' title='bbox 3385 1150 3705 1211; x_wconf 78' lang='lat' dir='ltr'>imperator</span> <span class='ocrx_word' id='word_1_119' title='bbox 3733 1156 3789 1210; x_wconf 89' lang='lat' dir='ltr'>et</span> 
     </span>
    </p>
   </div>
   <div class='ocr_carea' id='block_1_21' title="bbox 2524 1222 3585 1298">
    <p class='ocr_par' dir='ltr' id='par_1_21' title="bbox 2524 1222 3585 1298">
     <span class='ocr_line' id='line_1_21' title="bbox 2524 1222 3585 1298; baseline 0.003 -20"><span class='ocrx_word' id='word_1_120' title='bbox 2524 1222 2856 1279; x_wconf 85' lang='lat' dir='ltr'>moderator</span> <span class='ocrx_word' id='word_1_121' title='bbox 2886 1223 3270 1281; x_wconf 80' lang='lat' dir='ltr'>Romanorum</span> <span class='ocrx_word' id='word_1_122' title='bbox 3302 1222 3585 1298; x_wconf 79' lang='lat' dir='ltr'>Angelus.</span> 
     </span>
    </p>
   </div>
   <div class='ocr_carea' id='block_1_22' title="bbox 1504 1486 2624 1561">
    <p class='ocr_par' dir='ltr' id='par_1_22' title="bbox 1504 1486 2624 1561">
     <span class='ocr_line' id='line_1_22' title="bbox 1504 1486 2624 1561; baseline -0.004 -14"><span class='ocrx_word' id='word_1_123' title='bbox 1504 1506 1702 1547; x_wconf 82' lang='lat' dir='ltr'>PACTIO</span> <span class='ocrx_word' id='word_1_124' title='bbox 1730 1505 1852 1546; x_wconf 87' lang='lat' dir='ltr'>CUM</span> <span class='ocrx_word' id='word_1_125' title='bbox 1889 1502 2123 1544; x_wconf 75' lang='lat' dir='ltr'>VENETIS</span> <span class='ocrx_word' id='word_1_126' title='bbox 2155 1486 2293 1559; x_wconf 84' lang='grc'>[27].</span> <span class='ocrx_word' id='word_1_127' title='bbox 2331 1486 2624 1561; x_wconf 74' lang='grc' dir='ltr'>(Λ.1187.)</span> 
     </span>
    </p>
   </div>
   <div class='ocr_carea' id='block_1_23' title="bbox 423 1617 2013 1694">
    <p class='ocr_par' dir='ltr' id='par_1_23' title="bbox 423 1617 2013 1694">
     <span class='ocr_line' id='line_1_23' title="bbox 423 1617 2013 1694; baseline -0.004 -16"><span class='ocrx_word' id='word_1_128' title='bbox 423 1618 692 1694; x_wconf 90' lang='lat' dir='ltr'>Oportuit</span> <span class='ocrx_word' id='word_1_129' title='bbox 720 1619 992 1693; x_wconf 83' lang='lat' dir='ltr'>equidem</span> <span class='ocrx_word' id='word_1_130' title='bbox 1024 1624 1081 1677; x_wconf 90' lang='lat' dir='ltr'>et</span> <span class='ocrx_word' id='word_1_131' title='bbox 1111 1619 1349 1676; x_wconf 87' lang='lat' dir='ltr'>Venetis</span> <span class='ocrx_word' id='word_1_132' title='bbox 1390 1619 1815 1676; x_wconf 89' lang='lat' dir='ltr'>revocationem</span> <span class='ocrx_word' id='word_1_133' title='bbox 1870 1620 1922 1672; x_wconf 90' lang='lat' dir='ltr'>et</span> <span class='ocrx_word' id='word_1_134' title='bbox 1956 1617 2013 1671; x_wconf 92' lang='lat' dir='ltr'>in</span> 
     </span>
    </p>
   </div>
   <div class='ocr_carea' id='block_1_24' title="bbox 352 1709 2016 1782">
    <p class='ocr_par' dir='ltr' id='par_1_24' title="bbox 352 1709 2016 1782">
     <span class='ocr_line' id='line_1_24' title="bbox 352 1709 2016 1782; baseline -0.002 -16"><span class='ocrx_word' id='word_1_135' title='bbox 352 1710 699 1767; x_wconf 86' lang='lat' dir='ltr'>Romaniam</span> <span class='ocrx_word' id='word_1_136' title='bbox 729 1714 787 1766; x_wconf 88' lang='lat' dir='ltr'>et</span> <span class='ocrx_word' id='word_1_137' title='bbox 814 1710 871 1766; x_wconf 93' lang='lat' dir='ltr'>in</span> <span class='ocrx_word' id='word_1_138' title='bbox 905 1709 1216 1782; x_wconf 88' lang='lat' dir='ltr'>pristinam</span> <span class='ocrx_word' id='word_1_139' title='bbox 1250 1709 1548 1780; x_wconf 88' lang='lat' dir='ltr'>unionem,</span> <span class='ocrx_word' id='word_1_140' title='bbox 1572 1725 1748 1781; x_wconf 80' lang='lat' dir='ltr'>quam</span> <span class='ocrx_word' id='word_1_141' title='bbox 1781 1723 1916 1764; x_wconf 92' lang='lat' dir='ltr'>cum</span> <span class='ocrx_word' id='word_1_142' title='bbox 1948 1723 2016 1763; x_wconf 91' lang='lat' dir='ltr'>ea</span> 
     </span>
    </p>
   </div>
   <div class='ocr_carea' id='block_1_25' title="bbox 349 1795 2011 1871">
    <p class='ocr_par' dir='ltr' id='par_1_25' title="bbox 349 1795 2011 1871">
     <span class='ocr_line' id='line_1_25' title="bbox 349 1795 2011 1871; baseline -0.003 -15"><span class='ocrx_word' id='word_1_143' title='bbox 349 1799 626 1871; x_wconf 85' lang='lat' dir='ltr'>habebat,</span> <span class='ocrx_word' id='word_1_144' title='bbox 688 1798 1083 1857; x_wconf 87' lang='lat' dir='ltr'>reversionem</span> <span class='ocrx_word' id='word_1_145' title='bbox 1134 1804 1193 1856; x_wconf 89' lang='lat' dir='ltr'>et</span> <span class='ocrx_word' id='word_1_146' title='bbox 1225 1800 1679 1867; x_wconf 84' lang='lat' dir='ltr'>restitutionem,</span> <span class='ocrx_word' id='word_1_147' title='bbox 1712 1814 1849 1870; x_wconf 83' lang='lat' dir='ltr'>sepe</span> <span class='ocrx_word' id='word_1_148' title='bbox 1880 1795 2011 1869; x_wconf 90' lang='lat' dir='ltr'>qui-</span> 
     </span>
    </p>
   </div>
   <div class='ocr_carea' id='block_1_26' title="bbox 353 1886 2014 1963">
    <p class='ocr_par' dir='ltr' id='par_1_26' title="bbox 353 1886 2014 1963">
     <span class='ocr_line' id='line_1_26' title="bbox 353 1886 2014 1963; baseline -0.003 -17"><span class='ocrx_word' id='word_1_149' title='bbox 353 1889 487 1946; x_wconf 91' lang='lat' dir='ltr'>dem</span> <span class='ocrx_word' id='word_1_150' title='bbox 518 1889 927 1963; x_wconf 87' lang='lat' dir='ltr'>excogitatam,</span> <span class='ocrx_word' id='word_1_151' title='bbox 981 1889 1226 1947; x_wconf 89' lang='lat' dir='ltr'>diversis</span> <span class='ocrx_word' id='word_1_152' title='bbox 1282 1906 1414 1947; x_wconf 90' lang='lat' dir='ltr'>vero</span> <span class='ocrx_word' id='word_1_153' title='bbox 1458 1888 1868 1947; x_wconf 87' lang='lat' dir='ltr'>occasionibus</span> <span class='ocrx_word' id='word_1_154' title='bbox 1906 1886 2014 1942; x_wconf 82' lang='lat' dir='ltr'>im-</span> 
     </span>
    </p>
   </div>
   <div class='ocr_carea' id='block_1_27' title="bbox 356 1979 2013 2052">
    <p class='ocr_par' dir='ltr' id='par_1_27' title="bbox 356 1979 2013 2052">
     <span class='ocr_line' id='line_1_27' title="bbox 356 1979 2013 2052; baseline -0.002 -16"><span class='ocrx_word' id='word_1_155' title='bbox 356 1980 615 2052; x_wconf 85' lang='lat' dir='ltr'>peditam</span> <span class='ocrx_word' id='word_1_156' title='bbox 648 1984 705 2035; x_wconf 89' lang='lat' dir='ltr'>et</span> <span class='ocrx_word' id='word_1_157' title='bbox 736 1979 793 2035; x_wconf 90' lang='lat' dir='ltr'>in</span> <span class='ocrx_word' id='word_1_158' title='bbox 825 1979 1035 2036; x_wconf 89' lang='lat' dir='ltr'>diebus</span> <span class='ocrx_word' id='word_1_159' title='bbox 1092 1979 1418 2052; x_wconf 88' lang='lat' dir='ltr'>inspectam</span> <span class='ocrx_word' id='word_1_160' title='bbox 1480 1983 1675 2035; x_wconf 79' lang='lat' dir='ltr'>nostra</span> <span class='ocrx_word' id='word_1_161' title='bbox 1719 1979 1809 2050; x_wconf 90' lang='lat' dir='ltr'>pie</span> <span class='ocrx_word' id='word_1_162' title='bbox 1853 1982 2013 2034; x_wconf 90' lang='lat' dir='ltr'>tran-</span> 
     </span>
    </p>
   </div>
   <div class='ocr_carea' id='block_1_28' title="bbox 356 2068 2015 2142">
    <p class='ocr_par' dir='ltr' id='par_1_28' title="bbox 356 2068 2015 2142">
     <span class='ocr_line' id='line_1_28' title="bbox 356 2068 2015 2142; baseline 0 -18"><span class='ocrx_word' id='word_1_163' title='bbox 356 2068 691 2141; x_wconf 89' lang='lat' dir='ltr'>quillitatis,</span> <span class='ocrx_word' id='word_1_164' title='bbox 724 2085 902 2141; x_wconf 89' lang='lat' dir='ltr'>quam</span> <span class='ocrx_word' id='word_1_165' title='bbox 934 2070 1098 2138; x_wconf 89' lang='lat' dir='ltr'>deus,</span> <span class='ocrx_word' id='word_1_166' title='bbox 1131 2070 1543 2142; x_wconf 88' lang='lat' dir='ltr'>interpositum</span> <span class='ocrx_word' id='word_1_167' title='bbox 1576 2068 1881 2124; x_wconf 82' lang='lat' dir='ltr'>inimicitia</span> <span class='ocrx_word' id='word_1_168' title='bbox 1911 2068 2015 2124; x_wconf 92' lang='lat' dir='ltr'>de-</span> 
     </span>
    </p>
   </div>
   <div class='ocr_carea' id='block_1_29' title="bbox 356 2158 2013 2233">
    <p class='ocr_par' dir='ltr' id='par_1_29' title="bbox 356 2158 2013 2233">
     <span class='ocr_line' id='line_1_29' title="bbox 356 2158 2013 2233; baseline 0 -19"><span class='ocrx_word' id='word_1_169' title='bbox 356 2174 581 2231; x_wconf 87' lang='lat' dir='ltr'>ponens</span> <span class='ocrx_word' id='word_1_170' title='bbox 610 2158 1041 2232; x_wconf 88' lang='lat' dir='ltr'>parietem,tam</span> <span class='ocrx_word' id='word_1_171' title='bbox 1059 2176 1237 2233; x_wconf 84' lang='lat' dir='ltr'>prope</span> <span class='ocrx_word' id='word_1_172' title='bbox 1253 2176 1431 2232; x_wconf 89' lang='lat' dir='ltr'>quam</span> <span class='ocrx_word' id='word_1_173' title='bbox 1445 2158 1611 2231; x_wconf 87' lang='lat' dir='ltr'>longe</span> <span class='ocrx_word' id='word_1_174' title='bbox 1624 2158 2013 2215; x_wconf 79' lang='lat' dir='ltr'>existentibus</span> 
     </span>
    </p>
   </div>
   <div class='ocr_carea' id='block_1_30' title="bbox 354 2248 2010 2321">
    <p class='ocr_par' dir='ltr' id='par_1_30' title="bbox 354 2248 2010 2321">
     <span class='ocr_line' id='line_1_30' title="bbox 354 2248 2010 2321; baseline -0.001 -19"><span class='ocrx_word' id='word_1_175' title='bbox 354 2249 639 2320; x_wconf 89' lang='lat' dir='ltr'>tanquam</span> <span class='ocrx_word' id='word_1_176' title='bbox 671 2248 833 2321; x_wconf 86' lang='lat' dir='ltr'>pacis</span> <span class='ocrx_word' id='word_1_177' title='bbox 862 2248 1135 2321; x_wconf 80' lang='lat' dir='ltr'>angelum</span> <span class='ocrx_word' id='word_1_178' title='bbox 1192 2250 1375 2317; x_wconf 88' lang='lat' dir='ltr'>misit,</span> <span class='ocrx_word' id='word_1_179' title='bbox 1425 2265 1582 2305; x_wconf 90' lang='lat' dir='ltr'>nunc</span> <span class='ocrx_word' id='word_1_180' title='bbox 1613 2266 1712 2321; x_wconf 84' lang='lat' dir='ltr'>pro</span> <span class='ocrx_word' id='word_1_181' title='bbox 1760 2249 1874 2304; x_wconf 89' lang='lat' dir='ltr'>fine</span> <span class='ocrx_word' id='word_1_182' title='bbox 1900 2248 2010 2317; x_wconf 84' lang='lat'>(28)</span> 
     </span>
    </p>
   </div>
   <div class='ocr_carea' id='block_1_31' title="bbox 352 2336 2013 2411">
    <p class='ocr_par' dir='ltr' id='par_1_31' title="bbox 352 2336 2013 2411">
     <span class='ocr_line' id='line_1_31' title="bbox 352 2336 2013 2411; baseline 0 -19"><span class='ocrx_word' id='word_1_183' title='bbox 352 2336 636 2409; x_wconf 91' lang='lat' dir='ltr'>accipere,</span> <span class='ocrx_word' id='word_1_184' title='bbox 666 2338 921 2410; x_wconf 85' lang='lat' dir='ltr'>profecto</span> <span class='ocrx_word' id='word_1_185' title='bbox 952 2340 1024 2395; x_wconf 88' lang='lat' dir='ltr'>ad</span> <span class='ocrx_word' id='word_1_186' title='bbox 1057 2337 1369 2395; x_wconf 88' lang='lat' dir='ltr'>utilitatem</span> <span class='ocrx_word' id='word_1_187' title='bbox 1400 2338 1635 2411; x_wconf 85' lang='lat' dir='ltr'>quidem</span> <span class='ocrx_word' id='word_1_188' title='bbox 1656 2337 2013 2393; x_wconf 80' lang='lat' dir='ltr'>Christiano-</span> 
     </span>
    </p>
   </div>
   <div class='ocr_carea' id='block_1_32' title="bbox 351 2422 2013 2493">
    <p class='ocr_par' dir='ltr' id='par_1_32' title="bbox 351 2422 2013 2493">
     <span class='ocr_line' id='line_1_32' title="bbox 351 2422 2013 2493; baseline 0.001 -13"><span class='ocrx_word' id='word_1_189' title='bbox 351 2442 508 2493; x_wconf 87' lang='lat' dir='ltr'>rum,</span> <span class='ocrx_word' id='word_1_190' title='bbox 534 2422 779 2483; x_wconf 84' lang='lat' dir='ltr'>minime</span> <span class='ocrx_word' id='word_1_191' title='bbox 809 2431 1004 2484; x_wconf 90' lang='lat' dir='ltr'>autem</span> <span class='ocrx_word' id='word_1_192' title='bbox 1038 2428 1110 2483; x_wconf 91' lang='lat' dir='ltr'>ad</span> <span class='ocrx_word' id='word_1_193' title='bbox 1167 2428 1608 2484; x_wconf 90' lang='lat' dir='ltr'>incommodum</span> <span class='ocrx_word' id='word_1_194' title='bbox 1642 2428 1918 2483; x_wconf 73' lang='lat' dir='ltr'>Romanis</span> <span class='ocrx_word' id='word_1_195' title='bbox 1947 2430 2013 2482; x_wconf 93' lang='lat' dir='ltr'>ut</span> 
     </span>
    </p>
   </div>
   <div class='ocr_carea' id='block_1_33' title="bbox 347 2514 2009 2588">
    <p class='ocr_par' dir='ltr' id='par_1_33' title="bbox 347 2514 2009 2588">
     <span class='ocr_line' id='line_1_33' title="bbox 347 2514 2009 2588; baseline 0.001 -17"><span class='ocrx_word' id='word_1_196' title='bbox 347 2514 666 2587; x_wconf 90' lang='lat' dir='ltr'>imperium</span> <span class='ocrx_word' id='word_1_197' title='bbox 679 2519 943 2573; x_wconf 88' lang='lat' dir='ltr'>nostrum</span> <span class='ocrx_word' id='word_1_198' title='bbox 961 2516 1218 2573; x_wconf 85' lang='lat' dir='ltr'>conﬁdit.</span> <span class='ocrx_word' id='word_1_199' title='bbox 1243 2517 1389 2571; x_wconf 83' lang='lat' dir='ltr'>Nam</span> <span class='ocrx_word' id='word_1_200' title='bbox 1416 2520 1473 2572; x_wconf 89' lang='lat' dir='ltr'>et</span> <span class='ocrx_word' id='word_1_201' title='bbox 1486 2515 1614 2572; x_wconf 87' lang='lat' dir='ltr'>aliis</span> <span class='ocrx_word' id='word_1_202' title='bbox 1645 2516 2009 2588; x_wconf 87' lang='lat' dir='ltr'>temporibus</span> 
     </span>
    </p>
   </div>
   <div class='ocr_carea' id='block_1_34' title="bbox 346 2602 2007 2665">
    <p class='ocr_par' dir='ltr' id='par_1_34' title="bbox 346 2602 2007 2665">
     <span class='ocr_line' id='line_1_34' title="bbox 346 2602 2007 2665; baseline 0.001 -5"><span class='ocrx_word' id='word_1_203' title='bbox 346 2602 716 2661; x_wconf 89' lang='lat' dir='ltr'>celsitudinis</span> <span class='ocrx_word' id='word_1_204' title='bbox 788 2609 985 2662; x_wconf 84' lang='lat' dir='ltr'>nostra</span> <span class='ocrx_word' id='word_1_205' title='bbox 1039 2606 1510 2665; x_wconf 83' lang='lat' dir='ltr'>antecessoribus</span> <span class='ocrx_word' id='word_1_206' title='bbox 1579 2605 1829 2662; x_wconf 91' lang='lat' dir='ltr'>Venetici</span> <span class='ocrx_word' id='word_1_207' title='bbox 1886 2622 2007 2661; x_wconf 89' lang='lat' dir='ltr'>ser-</span> 
     </span>
    </p>
   </div>
   <div class='ocr_carea' id='block_1_35' title="bbox 347 2692 2007 2767">
    <p class='ocr_par' dir='ltr' id='par_1_35' title="bbox 347 2692 2007 2767">
     <span class='ocr_line' id='line_1_35' title="bbox 347 2692 2007 2767; baseline 0 -17"><span class='ocrx_word' id='word_1_208' title='bbox 347 2692 570 2750; x_wconf 88' lang='lat' dir='ltr'>vientes</span> <span class='ocrx_word' id='word_1_209' title='bbox 602 2693 777 2750; x_wconf 86' lang='lat' dir='ltr'>utiles</span> <span class='ocrx_word' id='word_1_210' title='bbox 795 2695 1075 2750; x_wconf 81' lang='lat' dir='ltr'>Romanis</span> <span class='ocrx_word' id='word_1_211' title='bbox 1106 2698 1526 2767; x_wconf 90' lang='lat' dir='ltr'>apparuerunt,</span> <span class='ocrx_word' id='word_1_212' title='bbox 1558 2695 1928 2751; x_wconf 84' lang='lat' dir='ltr'>devocionem</span> <span class='ocrx_word' id='word_1_213' title='bbox 1955 2696 2007 2750; x_wconf 86' lang='lat' dir='ltr'>ei</span> 
     </span>
    </p>
   </div>
   <div class='ocr_carea' id='block_1_36' title="bbox 348 2783 2006 2857">
    <p class='ocr_par' dir='ltr' id='par_1_36' title="bbox 348 2783 2006 2857">
     <span class='ocr_line' id='line_1_36' title="bbox 348 2783 2006 2857; baseline 0.001 -18"><span class='ocrx_word' id='word_1_214' title='bbox 348 2783 677 2840; x_wconf 83' lang='lat' dir='ltr'>maximum</span> <span class='ocrx_word' id='word_1_215' title='bbox 710 2784 768 2838; x_wconf 91' lang='lat' dir='ltr'>in</span> <span class='ocrx_word' id='word_1_216' title='bbox 803 2785 1152 2841; x_wconf 83' lang='lat' dir='ltr'>necessariis</span> <span class='ocrx_word' id='word_1_217' title='bbox 1183 2785 2006 2857; x_wconf 78' lang='lat' dir='ltr'>temporibusexibentes,etei</span> 
     </span>
    </p>
   </div>
   <div class='ocr_carea' id='block_1_37' title="bbox 343 2872 2004 2947">
    <p class='ocr_par' dir='ltr' id='par_1_37' title="bbox 343 2872 2004 2947">
     <span class='ocr_line' id='line_1_37' title="bbox 343 2872 2004 2947; baseline 0.002 -19"><span class='ocrx_word' id='word_1_218' title='bbox 343 2889 500 2929; x_wconf 91' lang='lat' dir='ltr'>nunc</span> <span class='ocrx_word' id='word_1_219' title='bbox 532 2872 746 2930; x_wconf 90' lang='lat' dir='ltr'>melius</span> <span class='ocrx_word' id='word_1_220' title='bbox 777 2873 1087 2929; x_wconf 88' lang='lat' dir='ltr'>servicium</span> <span class='ocrx_word' id='word_1_221' title='bbox 1111 2873 1565 2945; x_wconf 88' lang='lat' dir='ltr'>pollicentes,sic</span> <span class='ocrx_word' id='word_1_222' title='bbox 1596 2874 1790 2947; x_wconf 90' lang='lat' dir='ltr'>ipsum</span> <span class='ocrx_word' id='word_1_223' title='bbox 1809 2891 2004 2932; x_wconf 80' lang='lat' dir='ltr'>sacra-</span> 
     </span>
    </p>
   </div>
   <div class='ocr_carea' id='block_1_38' title="bbox 345 2962 2002 3036">
    <p class='ocr_par' dir='ltr' id='par_1_38' title="bbox 345 2962 2002 3036">
     <span class='ocr_line' id='line_1_38' title="bbox 345 2962 2002 3036; baseline 0.002 -18"><span class='ocrx_word' id='word_1_224' title='bbox 345 2965 544 3019; x_wconf 89' lang='lat' dir='ltr'>mento</span> <span class='ocrx_word' id='word_1_225' title='bbox 577 2966 635 3019; x_wconf 89' lang='lat' dir='ltr'>et</span> <span class='ocrx_word' id='word_1_226' title='bbox 652 2962 1042 3019; x_wconf 90' lang='lat' dir='ltr'>convencione</span> <span class='ocrx_word' id='word_1_227' title='bbox 1057 2962 1304 3036; x_wconf 91' lang='lat' dir='ltr'>imperio</span> <span class='ocrx_word' id='word_1_228' title='bbox 1323 2968 1521 3020; x_wconf 89' lang='lat' dir='ltr'>nostro</span> <span class='ocrx_word' id='word_1_229' title='bbox 1535 2964 2002 3021; x_wconf 86' lang='lat' dir='ltr'>corroborantes:</span> 
     </span>
    </p>
   </div>
   <div class='ocr_carea' id='block_1_39' title="bbox 418 3051 2002 3126">
    <p class='ocr_par' dir='ltr' id='par_1_39' title="bbox 418 3051 2002 3126">
     <span class='ocr_line' id='line_1_39' title="bbox 418 3051 2002 3126; baseline 0.005 -23"><span class='ocrx_word' id='word_1_230' title='bbox 418 3073 447 3103; x_wconf 80' lang='lat'><strong>«</strong></span> <span class='ocrx_word' id='word_1_231' title='bbox 477 3051 604 3109; x_wconf 86' lang='lat' dir='ltr'>Non</span> <span class='ocrx_word' id='word_1_232' title='bbox 637 3056 725 3109; x_wconf 88' lang='lat' dir='ltr'>est</span> <span class='ocrx_word' id='word_1_233' title='bbox 758 3053 1077 3123; x_wconf 85' lang='lat' dir='ltr'>conjuncta</span> <span class='ocrx_word' id='word_1_234' title='bbox 1120 3054 1383 3122; x_wconf 86' lang='lat' dir='ltr'>Venetia,</span> <span class='ocrx_word' id='word_1_235' title='bbox 1428 3070 1533 3109; x_wconf 90' lang='lat' dir='ltr'>nec</span> <span class='ocrx_word' id='word_1_236' title='bbox 1566 3071 1829 3126; x_wconf 88' lang='lat' dir='ltr'>unquam</span> <span class='ocrx_word' id='word_1_237' title='bbox 1861 3071 2002 3111; x_wconf 90' lang='lat' dir='ltr'>eon-</span> 
     </span>
    </p>
   </div>
   <div class='ocr_carea' id='block_1_40' title="bbox 336 3141 1999 3214">
    <p class='ocr_par' dir='ltr' id='par_1_40' title="bbox 336 3141 1999 3214">
     <span class='ocr_line' id='line_1_40' title="bbox 336 3141 1999 3214; baseline 0.001 -16"><span class='ocrx_word' id='word_1_238' title='bbox 336 3141 624 3214; x_wconf 86' lang='lat' dir='ltr'>jungetur</span> <span class='ocrx_word' id='word_1_239' title='bbox 652 3141 827 3198; x_wconf 88' lang='lat' dir='ltr'>alicui</span> <span class='ocrx_word' id='word_1_240' title='bbox 863 3146 1274 3198; x_wconf 81' lang='lat' dir='ltr'>coronatorum</span> <span class='ocrx_word' id='word_1_241' title='bbox 1306 3141 1394 3198; x_wconf 90' lang='lat' dir='ltr'>vel</span> <span class='ocrx_word' id='word_1_242' title='bbox 1420 3160 1534 3199; x_wconf 90' lang='lat' dir='ltr'>non</span> <span class='ocrx_word' id='word_1_243' title='bbox 1565 3148 1999 3214; x_wconf 89' lang='lat' dir='ltr'>coronatorum,</span> 
     </span>
    </p>
   </div>
   <div class='ocr_carea' id='block_1_41' title="bbox 343 3218 2075 3306">
    <p class='ocr_par' dir='ltr' id='par_1_41' title="bbox 343 3218 2075 3306">
     <span class='ocr_line' id='line_1_41' title="bbox 343 3218 2075 3306; baseline 0.002 -19"><span class='ocrx_word' id='word_1_244' title='bbox 343 3229 467 3288; x_wconf 86' lang='lat' dir='ltr'>sive</span> <span class='ocrx_word' id='word_1_245' title='bbox 495 3231 759 3304; x_wconf 88' lang='lat' dir='ltr'>gentium</span> <span class='ocrx_word' id='word_1_246' title='bbox 790 3231 878 3288; x_wconf 89' lang='lat' dir='ltr'>vel</span> <span class='ocrx_word' id='word_1_247' title='bbox 905 3231 1207 3288; x_wconf 90' lang='lat' dir='ltr'>nationum</span> <span class='ocrx_word' id='word_1_248' title='bbox 1255 3232 1429 3288; x_wconf 87' lang='lat' dir='ltr'>alicui</span> <span class='ocrx_word' id='word_1_249' title='bbox 1461 3238 1667 3289; x_wconf 90' lang='lat' dir='ltr'>contra</span> <span class='ocrx_word' id='word_1_250' title='bbox 1687 3233 1998 3306; x_wconf 89' lang='lat' dir='ltr'>imperium</span> <span class='ocrx_word' id='word_1_251' title='bbox 2030 3218 2075 3283; x_wconf 71' lang='grc' dir='ltr'>Ο</span> 
     </span>
    </p>
   </div>
   <div class='ocr_carea' id='block_1_42' title="bbox 342 3320 2000 3395">
    <p class='ocr_par' dir='ltr' id='par_1_42' title="bbox 342 3320 2000 3395">
     <span class='ocr_line' id='line_1_42' title="bbox 342 3320 2000 3395; baseline 0.002 -20"><span class='ocrx_word' id='word_1_252' title='bbox 342 3320 568 3377; x_wconf 90' lang='lat' dir='ltr'>domini</span> <span class='ocrx_word' id='word_1_253' title='bbox 598 3320 971 3394; x_wconf 88' lang='lat' dir='ltr'>imperatoris</span> <span class='ocrx_word' id='word_1_254' title='bbox 996 3321 1392 3377; x_wconf 81' lang='lat' dir='ltr'>Romanorum</span> <span class='ocrx_word' id='word_1_255' title='bbox 1414 3325 1474 3377; x_wconf 92' lang='lat' dir='ltr'>et</span> <span class='ocrx_word' id='word_1_256' title='bbox 1503 3338 1736 3394; x_wconf 84' lang='lat' dir='ltr'>semper</span> <span class='ocrx_word' id='word_1_257' title='bbox 1767 3324 2000 3395; x_wconf 84' lang='lat' dir='ltr'>augusti</span> 
     </span>
    </p>
   </div>
   <div class='ocr_carea' id='block_1_43' title="bbox 341 3409 2001 3482">
    <p class='ocr_par' dir='ltr' id='par_1_43' title="bbox 341 3409 2001 3482">
     <span class='ocr_line' id='line_1_43' title="bbox 341 3409 2001 3482; baseline 0.002 -16"><span class='ocrx_word' id='word_1_258' title='bbox 341 3409 569 3466; x_wconf 90' lang='lat' dir='ltr'>domini</span> <span class='ocrx_word' id='word_1_259' title='bbox 593 3409 811 3467; x_wconf 86' lang='lat' dir='ltr'>Ysaaki</span> <span class='ocrx_word' id='word_1_260' title='bbox 842 3410 1071 3482; x_wconf 83' lang='lat' dir='ltr'>Angeti,</span> <span class='ocrx_word' id='word_1_261' title='bbox 1121 3412 1305 3467; x_wconf 89' lang='lat' dir='ltr'>donec</span> <span class='ocrx_word' id='word_1_262' title='bbox 1338 3411 1561 3481; x_wconf 84' lang='lat' dir='ltr'>vixerit,</span> <span class='ocrx_word' id='word_1_263' title='bbox 1595 3411 1680 3468; x_wconf 90' lang='lat' dir='ltr'>vel</span> <span class='ocrx_word' id='word_1_264' title='bbox 1720 3412 2001 3469; x_wconf 89' lang='lat' dir='ltr'>heredum</span> 
     </span>
    </p>
   </div>
   <div class='ocr_carea' id='block_1_44' title="bbox 340 3498 2000 3573">
    <p class='ocr_par' dir='ltr' id='par_1_44' title="bbox 340 3498 2000 3573">
     <span class='ocr_line' id='line_1_44' title="bbox 340 3498 2000 3573; baseline 0.002 -20"><span class='ocrx_word' id='word_1_265' title='bbox 340 3498 469 3569; x_wconf 85' lang='lat' dir='ltr'>ejus</span> <span class='ocrx_word' id='word_1_266' title='bbox 500 3498 899 3556; x_wconf 88' lang='lat' dir='ltr'>masculorum</span> <span class='ocrx_word' id='word_1_267' title='bbox 933 3500 1016 3554; x_wconf 88' lang='lat' dir='ltr'>vel</span> <span class='ocrx_word' id='word_1_268' title='bbox 1051 3499 1425 3567; x_wconf 86' lang='lat' dir='ltr'>feminarum,</span> <span class='ocrx_word' id='word_1_269' title='bbox 1462 3501 1563 3573; x_wconf 88' lang='lat' dir='ltr'>qui</span> <span class='ocrx_word' id='word_1_270' title='bbox 1617 3500 1704 3556; x_wconf 92' lang='lat' dir='ltr'>vel</span> <span class='ocrx_word' id='word_1_271' title='bbox 1744 3518 1859 3573; x_wconf 90' lang='lat' dir='ltr'>que</span> <span class='ocrx_word' id='word_1_272' title='bbox 1891 3503 2000 3557; x_wconf 91' lang='lat' dir='ltr'>im-</span> 
     </span>
    </p>
   </div>
   <div class='ocr_carea' id='block_1_45' title="bbox 339 3586 2002 3662">
    <p class='ocr_par' dir='ltr' id='par_1_45' title="bbox 339 3586 2002 3662">
     <span class='ocr_line' id='line_1_45' title="bbox 339 3586 2002 3662; baseline 0.003 -19"><span class='ocrx_word' id='word_1_273' title='bbox 339 3587 648 3658; x_wconf 83' lang='lat' dir='ltr'>perabunt,</span> <span class='ocrx_word' id='word_1_274' title='bbox 674 3586 762 3644; x_wconf 88' lang='lat' dir='ltr'>vel</span> <span class='ocrx_word' id='word_1_275' title='bbox 794 3586 1054 3655; x_wconf 91' lang='lat' dir='ltr'>illorum,</span> <span class='ocrx_word' id='word_1_276' title='bbox 1086 3588 1188 3661; x_wconf 91' lang='lat' dir='ltr'>qui</span> <span class='ocrx_word' id='word_1_277' title='bbox 1243 3605 1312 3644; x_wconf 86' lang='lat' dir='ltr'>ex</span> <span class='ocrx_word' id='word_1_278' title='bbox 1343 3594 1613 3662; x_wconf 88' lang='lat' dir='ltr'>precepto</span> <span class='ocrx_word' id='word_1_279' title='bbox 1660 3606 1864 3647; x_wconf 88' lang='lat' dir='ltr'>eorum</span> <span class='ocrx_word' id='word_1_280' title='bbox 1896 3592 2002 3648; x_wconf 88' lang='lat' dir='ltr'>im-</span> 
     </span>
    </p>
   </div>
   <div class='ocr_carea' id='block_1_46' title="bbox 341 3676 2001 3750">
    <p class='ocr_par' dir='ltr' id='par_1_46' title="bbox 341 3676 2001 3750">
     <span class='ocr_line' id='line_1_46' title="bbox 341 3676 2001 3750; baseline 0.004 -19"><span class='ocrx_word' id='word_1_281' title='bbox 341 3676 651 3748; x_wconf 90' lang='lat' dir='ltr'>perabunt,</span> <span class='ocrx_word' id='word_1_282' title='bbox 683 3677 755 3732; x_wconf 90' lang='lat' dir='ltr'>ad</span> <span class='ocrx_word' id='word_1_283' title='bbox 781 3676 1113 3732; x_wconf 89' lang='lat' dir='ltr'>nocendum</span> <span class='ocrx_word' id='word_1_284' title='bbox 1146 3677 1421 3733; x_wconf 77' lang='lat' dir='ltr'>Romanis</span> <span class='ocrx_word' id='word_1_285' title='bbox 1454 3679 1885 3750; x_wconf 89' lang='lat' dir='ltr'>particulariter</span> <span class='ocrx_word' id='word_1_286' title='bbox 1916 3681 2001 3738; x_wconf 89' lang='lat' dir='ltr'>vel</span> 
     </span>
    </p>
   </div>
   <div class='ocr_carea' id='block_1_47' title="bbox 339 3764 1818 3838">
    <p class='ocr_par' dir='ltr' id='par_1_47' title="bbox 339 3764 1818 3838">
     <span class='ocr_line' id='line_1_47' title="bbox 339 3764 1818 3838; baseline 0.005 -19"><span class='ocrx_word' id='word_1_287' title='bbox 339 3764 749 3821; x_wconf 89' lang='lat' dir='ltr'>universaliter</span> <span class='ocrx_word' id='word_1_288' title='bbox 780 3790 794 3833; x_wconf 87' lang='lat'><strong>;</strong></span> <span class='ocrx_word' id='word_1_289' title='bbox 828 3780 935 3821; x_wconf 90' lang='lat' dir='ltr'>nec</span> <span class='ocrx_word' id='word_1_290' title='bbox 968 3782 1068 3837; x_wconf 89' lang='lat' dir='ltr'>per</span> <span class='ocrx_word' id='word_1_291' title='bbox 1101 3782 1165 3822; x_wconf 91' lang='lat' dir='ltr'>se</span> <span class='ocrx_word' id='word_1_292' title='bbox 1188 3784 1448 3838; x_wconf 88' lang='lat' dir='ltr'>unquam</span> <span class='ocrx_word' id='word_1_293' title='bbox 1480 3768 1529 3823; x_wconf 91' lang='lat' dir='ltr'>ei</span> <span class='ocrx_word' id='word_1_294' title='bbox 1566 3769 1818 3827; x_wconf 88' lang='lat' dir='ltr'>nocebit.</span> 
     </span>
    </p>
   </div>
   <div class='ocr_carea' id='block_1_48' title="bbox 412 3854 1999 3930">
    <p class='ocr_par' dir='ltr' id='par_1_48' title="bbox 412 3854 1999 3930">
     <span class='ocr_line' id='line_1_48' title="bbox 412 3854 1999 3930; baseline 0.004 -21"><span class='ocrx_word' id='word_1_295' title='bbox 412 3855 577 3924; x_wconf 89' lang='lat' dir='ltr'>Item,</span> <span class='ocrx_word' id='word_1_296' title='bbox 611 3854 1150 3927; x_wconf 82' lang='lat' dir='ltr'>quocienscumque</span> <span class='ocrx_word' id='word_1_297' title='bbox 1182 3854 1514 3928; x_wconf 85' lang='lat' dir='ltr'>principum</span> <span class='ocrx_word' id='word_1_298' title='bbox 1565 3856 1781 3930; x_wconf 81' lang='lat' dir='ltr'>aliquis</span> <span class='ocrx_word' id='word_1_299' title='bbox 1838 3876 1999 3916; x_wconf 82' lang='lat' dir='ltr'>coro-</span> 
     </span>
    </p>
   </div>
   <div class='ocr_carea' id='block_1_49' title="bbox 340 3943 2001 4019">
    <p class='ocr_par' dir='ltr' id='par_1_49' title="bbox 340 3943 2001 4019">
     <span class='ocr_line' id='line_1_49' title="bbox 340 3943 2001 4019; baseline 0.003 -19"><span class='ocrx_word' id='word_1_300' title='bbox 340 3947 615 4001; x_wconf 86' lang='lat' dir='ltr'>natorum</span> <span class='ocrx_word' id='word_1_301' title='bbox 654 3943 743 3999; x_wconf 88' lang='lat' dir='ltr'>vel</span> <span class='ocrx_word' id='word_1_302' title='bbox 786 3961 901 4001; x_wconf 89' lang='lat' dir='ltr'>non</span> <span class='ocrx_word' id='word_1_303' title='bbox 933 3950 1367 4012; x_wconf 87' lang='lat' dir='ltr'>coronatorum,</span> <span class='ocrx_word' id='word_1_304' title='bbox 1429 3945 1515 4001; x_wconf 90' lang='lat' dir='ltr'>vel</span> <span class='ocrx_word' id='word_1_305' title='bbox 1572 3948 1839 4019; x_wconf 88' lang='lat' dir='ltr'>gentium</span> <span class='ocrx_word' id='word_1_306' title='bbox 1900 3953 2001 4005; x_wconf 88' lang='lat' dir='ltr'>aut</span> 
     </span>
    </p>
   </div>
   <div class='ocr_carea' id='block_1_50' title="bbox 340 4032 1999 4105">
    <p class='ocr_par' dir='ltr' id='par_1_50' title="bbox 340 4032 1999 4105">
     <span class='ocr_line' id='line_1_50' title="bbox 340 4032 1999 4105; baseline 0.004 -17"><span class='ocrx_word' id='word_1_307' title='bbox 340 4032 638 4089; x_wconf 84' lang='lat' dir='ltr'>nationum</span> <span class='ocrx_word' id='word_1_308' title='bbox 663 4034 863 4105; x_wconf 89' lang='lat' dir='ltr'>aliqua</span> <span class='ocrx_word' id='word_1_309' title='bbox 888 4040 1089 4090; x_wconf 86' lang='lat' dir='ltr'>contra</span> <span class='ocrx_word' id='word_1_310' title='bbox 1134 4033 1482 4090; x_wconf 85' lang='lat' dir='ltr'>Romaniam</span> <span class='ocrx_word' id='word_1_311' title='bbox 1512 4037 1671 4092; x_wconf 85' lang='lat' dir='ltr'>venit</span> <span class='ocrx_word' id='word_1_312' title='bbox 1700 4038 1999 4094; x_wconf 79' lang='lat' dir='ltr'>offenden-</span> 
     </span>
    </p>
   </div>
   <div class='ocr_carea' id='block_1_51' title="bbox 340 4121 1999 4198">
    <p class='ocr_par' dir='ltr' id='par_1_51' title="bbox 340 4121 1999 4198">
     <span class='ocr_line' id='line_1_51' title="bbox 340 4121 1999 4198; baseline 0.004 -20"><span class='ocrx_word' id='word_1_313' title='bbox 340 4121 483 4179; x_wconf 91' lang='lat' dir='ltr'>dum</span> <span class='ocrx_word' id='word_1_314' title='bbox 512 4139 642 4179; x_wconf 92' lang='lat' dir='ltr'>eam</span> <span class='ocrx_word' id='word_1_315' title='bbox 686 4139 820 4178; x_wconf 92' lang='lat' dir='ltr'>cum</span> <span class='ocrx_word' id='word_1_316' title='bbox 876 4122 1057 4196; x_wconf 83' lang='lat' dir='ltr'>galeis</span> <span class='ocrx_word' id='word_1_317' title='bbox 1115 4123 1507 4196; x_wconf 82' lang='lat' dir='ltr'>quadraginta</span> <span class='ocrx_word' id='word_1_318' title='bbox 1562 4124 1648 4181; x_wconf 89' lang='lat' dir='ltr'>vel</span> <span class='ocrx_word' id='word_1_319' title='bbox 1706 4126 1999 4198; x_wconf 86' lang='lat' dir='ltr'>pluribus,</span> 
     </span>
    </p>
   </div>
   <div class='ocr_carea' id='block_1_52' title="bbox 340 4213 1999 4288">
    <p class='ocr_par' dir='ltr' id='par_1_52' title="bbox 340 4213 1999 4288">
     <span class='ocr_line' id='line_1_52' title="bbox 340 4213 1999 4288; baseline 0.004 -20"><span class='ocrx_word' id='word_1_320' title='bbox 340 4228 524 4284; x_wconf 88' lang='lat' dir='ltr'>usque</span> <span class='ocrx_word' id='word_1_321' title='bbox 554 4214 627 4269; x_wconf 90' lang='lat' dir='ltr'>ad</span> <span class='ocrx_word' id='word_1_322' title='bbox 676 4216 912 4269; x_wconf 89' lang='lat' dir='ltr'>centum</span> <span class='ocrx_word' id='word_1_323' title='bbox 952 4213 1086 4287; x_wconf 84' lang='lat'>(29),</span> <span class='ocrx_word' id='word_1_324' title='bbox 1144 4217 1202 4269; x_wconf 89' lang='lat' dir='ltr'>et</span> <span class='ocrx_word' id='word_1_325' title='bbox 1251 4213 1475 4286; x_wconf 84' lang='lat' dir='ltr'>indiget</span> <span class='ocrx_word' id='word_1_326' title='bbox 1524 4215 1838 4287; x_wconf 89' lang='lat' dir='ltr'>imperium</span> <span class='ocrx_word' id='word_1_327' title='bbox 1869 4220 1999 4288; x_wconf 83' lang='lat' dir='ltr'>ejus</span> 
     </span>
    </p>
   </div>
   <div class='ocr_carea' id='block_1_53' title="bbox 336 4301 1999 4379">
    <p class='ocr_par' dir='ltr' id='par_1_53' title="bbox 336 4301 1999 4379">
     <span class='ocr_line' id='line_1_53' title="bbox 336 4301 1999 4379; baseline 0.004 -22"><span class='ocrx_word' id='word_1_328' title='bbox 336 4301 426 4357; x_wconf 90' lang='lat' dir='ltr'>vel</span> <span class='ocrx_word' id='word_1_329' title='bbox 455 4301 700 4360; x_wconf 89' lang='lat' dir='ltr'>heredes</span> <span class='ocrx_word' id='word_1_330' title='bbox 740 4303 868 4374; x_wconf 85' lang='lat' dir='ltr'>ejus</span> <span class='ocrx_word' id='word_1_331' title='bbox 931 4320 1121 4359; x_wconf 89' lang='lat' dir='ltr'>mares</span> <span class='ocrx_word' id='word_1_332' title='bbox 1172 4301 1255 4358; x_wconf 78' lang='lat' dir='ltr'>vel</span> <span class='ocrx_word' id='word_1_333' title='bbox 1304 4303 1539 4370; x_wconf 81' lang='lat' dir='ltr'>femine,</span> <span class='ocrx_word' id='word_1_334' title='bbox 1590 4306 1693 4376; x_wconf 90' lang='lat' dir='ltr'>qui</span> <span class='ocrx_word' id='word_1_335' title='bbox 1743 4306 1830 4362; x_wconf 91' lang='lat' dir='ltr'>vel</span> <span class='ocrx_word' id='word_1_336' title='bbox 1887 4324 1999 4379; x_wconf 89' lang='lat' dir='ltr'>que</span> 
     </span>
    </p>
   </div>
   <div class='ocr_carea' id='block_1_54' title="bbox 334 4388 1997 4468">
    <p class='ocr_par' dir='ltr' id='par_1_54' title="bbox 334 4388 1997 4468">
     <span class='ocr_line' id='line_1_54' title="bbox 334 4388 1997 4468; baseline 0.005 -24"><span class='ocrx_word' id='word_1_337' title='bbox 334 4388 734 4463; x_wconf 89' lang='lat' dir='ltr'>imperabunt,</span> <span class='ocrx_word' id='word_1_338' title='bbox 769 4392 857 4448; x_wconf 89' lang='lat' dir='ltr'>vel</span> <span class='ocrx_word' id='word_1_339' title='bbox 890 4392 996 4463; x_wconf 90' lang='lat' dir='ltr'>illi,</span> <span class='ocrx_word' id='word_1_340' title='bbox 1028 4392 1130 4463; x_wconf 90' lang='lat' dir='ltr'>qui</span> <span class='ocrx_word' id='word_1_341' title='bbox 1186 4409 1255 4448; x_wconf 83' lang='lat' dir='ltr'>ex</span> <span class='ocrx_word' id='word_1_342' title='bbox 1307 4398 1579 4465; x_wconf 91' lang='lat' dir='ltr'>precepto</span> <span class='ocrx_word' id='word_1_343' title='bbox 1636 4396 1766 4466; x_wconf 89' lang='lat' dir='ltr'>ejus</span> <span class='ocrx_word' id='word_1_344' title='bbox 1806 4396 1997 4468; x_wconf 87' lang='lat' dir='ltr'>impe-</span> 
     </span>
    </p>
   </div>
   <div class='ocr_carea' id='block_1_55' title="bbox 334 4480 1994 4557">
    <p class='ocr_par' dir='ltr' id='par_1_55' title="bbox 334 4480 1994 4557">
     <span class='ocr_line' id='line_1_55' title="bbox 334 4480 1994 4557; baseline 0.004 -22"><span class='ocrx_word' id='word_1_345' title='bbox 334 4480 571 4550; x_wconf 87' lang='lat' dir='ltr'>rabunt,</span> <span class='ocrx_word' id='word_1_346' title='bbox 604 4480 842 4537; x_wconf 87' lang='lat' dir='ltr'>servitio</span> <span class='ocrx_word' id='word_1_347' title='bbox 873 4481 1279 4538; x_wconf 86' lang='lat' dir='ltr'>Veneticorum</span> <span class='ocrx_word' id='word_1_348' title='bbox 1305 4498 1440 4537; x_wconf 89' lang='lat' dir='ltr'>cum</span> <span class='ocrx_word' id='word_1_349' title='bbox 1502 4482 1685 4554; x_wconf 84' lang='lat' dir='ltr'>galeis</span> <span class='ocrx_word' id='word_1_350' title='bbox 1742 4486 1994 4557; x_wconf 87' lang='lat' dir='ltr'>quadra-</span> 
     </span>
    </p>
   </div>
   <div class='ocr_carea' id='block_1_56' title="bbox 2128 1614 3787 1694">
    <p class='ocr_par' dir='ltr' id='par_1_56' title="bbox 2128 1614 3787 1694">
     <span class='ocr_line' id='line_1_56' title="bbox 2128 1614 3787 1694; baseline 0.005 -25"><span class='ocrx_word' id='word_1_351' title='bbox 2128 1614 2390 1688; x_wconf 90' lang='lat' dir='ltr'>quinque</span> <span class='ocrx_word' id='word_1_352' title='bbox 2423 1614 2912 1690; x_wconf 89' lang='lat' dir='ltr'>gallearum;qui</span> <span class='ocrx_word' id='word_1_353' title='bbox 2964 1620 3022 1675; x_wconf 89' lang='lat' dir='ltr'>et</span> <span class='ocrx_word' id='word_1_354' title='bbox 3072 1618 3275 1689; x_wconf 87' lang='lat' dir='ltr'>jurare</span> <span class='ocrx_word' id='word_1_355' title='bbox 3332 1618 3567 1689; x_wconf 84' lang='lat' dir='ltr'>debent,</span> <span class='ocrx_word' id='word_1_356' title='bbox 3634 1621 3787 1694; x_wconf 91' lang='lat' dir='ltr'>quod</span> 
     </span>
    </p>
   </div>
   <div class='ocr_carea' id='block_1_57' title="bbox 2127 1705 3787 1782">
    <p class='ocr_par' dir='ltr' id='par_1_57' title="bbox 2127 1705 3787 1782">
     <span class='ocr_line' id='line_1_57' title="bbox 2127 1705 3787 1782; baseline 0.005 -23"><span class='ocrx_word' id='word_1_357' title='bbox 2127 1705 2341 1762; x_wconf 85' lang='lat' dir='ltr'>facient</span> <span class='ocrx_word' id='word_1_358' title='bbox 2371 1722 2470 1762; x_wconf 91' lang='lat' dir='ltr'>eas</span> <span class='ocrx_word' id='word_1_359' title='bbox 2520 1707 2667 1763; x_wconf 84' lang='lat' dir='ltr'>bene</span> <span class='ocrx_word' id='word_1_360' title='bbox 2723 1707 2849 1763; x_wconf 87' lang='lat' dir='ltr'>fieri</span> <span class='ocrx_word' id='word_1_361' title='bbox 2898 1710 2962 1763; x_wconf 92' lang='lat' dir='ltr'>ut</span> <span class='ocrx_word' id='word_1_362' title='bbox 3009 1725 3187 1764; x_wconf 92' lang='lat' dir='ltr'>unam</span> <span class='ocrx_word' id='word_1_363' title='bbox 3236 1725 3536 1782; x_wconf 89' lang='lat' dir='ltr'>quamque</span> <span class='ocrx_word' id='word_1_364' title='bbox 3585 1726 3787 1767; x_wconf 84' lang='lat' dir='ltr'>earum</span> 
     </span>
    </p>
   </div>
   <div class='ocr_carea' id='block_1_58' title="bbox 2126 1796 3788 1872">
    <p class='ocr_par' dir='ltr' id='par_1_58' title="bbox 2126 1796 3788 1872">
     <span class='ocr_line' id='line_1_58' title="bbox 2126 1796 3788 1872; baseline 0.004 -21"><span class='ocrx_word' id='word_1_365' title='bbox 2126 1799 2364 1852; x_wconf 87' lang='lat' dir='ltr'>centum</span> <span class='ocrx_word' id='word_1_366' title='bbox 2395 1796 2789 1869; x_wconf 86' lang='lat' dir='ltr'>quadraginta</span> <span class='ocrx_word' id='word_1_367' title='bbox 2845 1798 2967 1854; x_wconf 84' lang='lat' dir='ltr'>fore</span> <span class='ocrx_word' id='word_1_368' title='bbox 3025 1802 3388 1856; x_wconf 88' lang='lat' dir='ltr'>romatorum</span> <span class='ocrx_word' id='word_1_369' title='bbox 3413 1799 3526 1872; x_wconf 87' lang='lat'>(30)</span> <span class='ocrx_word' id='word_1_370' title='bbox 3564 1803 3788 1857; x_wconf 88' lang='lat' dir='ltr'>etcum</span> 
     </span>
    </p>
   </div>
   <div class='ocr_carea' id='block_1_59' title="bbox 2127 1884 3790 1959">
    <p class='ocr_par' dir='ltr' id='par_1_59' title="bbox 2127 1884 3790 1959">
     <span class='ocr_line' id='line_1_59' title="bbox 2127 1884 3790 1959; baseline 0.004 -19"><span class='ocrx_word' id='word_1_371' title='bbox 2127 1884 2287 1940; x_wconf 92' lang='lat' dir='ltr'>omni</span> <span class='ocrx_word' id='word_1_372' title='bbox 2341 1889 2625 1959; x_wconf 89' lang='lat' dir='ltr'>apparatu</span> <span class='ocrx_word' id='word_1_373' title='bbox 2682 1901 2907 1957; x_wconf 90' lang='lat' dir='ltr'>earum,</span> <span class='ocrx_word' id='word_1_374' title='bbox 2975 1903 3111 1944; x_wconf 91' lang='lat' dir='ltr'>cum</span> <span class='ocrx_word' id='word_1_375' title='bbox 3169 1887 3467 1946; x_wconf 86' lang='lat' dir='ltr'>celeritate</span> <span class='ocrx_word' id='word_1_376' title='bbox 3529 1892 3591 1946; x_wconf 86' lang='lat' dir='ltr'>et</span> <span class='ocrx_word' id='word_1_377' title='bbox 3663 1890 3790 1947; x_wconf 85' lang='lat' dir='ltr'>sine</span> 
     </span>
    </p>
   </div>
   <div class='ocr_carea' id='block_1_60' title="bbox 2122 1974 3788 2053">
    <p class='ocr_par' dir='ltr' id='par_1_60' title="bbox 2122 1974 3788 2053">
     <span class='ocr_line' id='line_1_60' title="bbox 2122 1974 3788 2053; baseline 0.005 -23"><span class='ocrx_word' id='word_1_378' title='bbox 2122 1974 2349 2043; x_wconf 77' lang='lat' dir='ltr'>fraude,</span> <span class='ocrx_word' id='word_1_379' title='bbox 2378 1977 2705 2033; x_wconf 87' lang='lat' dir='ltr'>secundum</span> <span class='ocrx_word' id='word_1_380' title='bbox 2737 1977 2890 2048; x_wconf 91' lang='lat' dir='ltr'>quod</span> <span class='ocrx_word' id='word_1_381' title='bbox 2936 1977 3192 2034; x_wconf 78' lang='lat' dir='ltr'>facerent</span> <span class='ocrx_word' id='word_1_382' title='bbox 3219 1994 3319 2036; x_wconf 84' lang='lat' dir='ltr'>eas</span> <span class='ocrx_word' id='word_1_383' title='bbox 3350 1978 3497 2049; x_wconf 81' lang='lat' dir='ltr'>fieri,</span> <span class='ocrx_word' id='word_1_384' title='bbox 3548 1979 3604 2036; x_wconf 87' lang='lat' dir='ltr'>si</span> <span class='ocrx_word' id='word_1_385' title='bbox 3625 1979 3788 2053; x_wconf 79' lang='lat' dir='ltr'>galea</span> 
     </span>
    </p>
   </div>
   <div class='ocr_carea' id='block_1_61' title="bbox 2120 2067 3789 2141">
    <p class='ocr_par' dir='ltr' id='par_1_61' title="bbox 2120 2067 3789 2141">
     <span class='ocr_line' id='line_1_61' title="bbox 2120 2067 3789 2141; baseline 0.003 -18"><span class='ocrx_word' id='word_1_386' title='bbox 2120 2071 2319 2123; x_wconf 87' lang='lat' dir='ltr'>essent</span> <span class='ocrx_word' id='word_1_387' title='bbox 2360 2067 2616 2138; x_wconf 75' lang='lat' dir='ltr'>Venetis,</span> <span class='ocrx_word' id='word_1_388' title='bbox 2649 2071 2749 2122; x_wconf 90' lang='lat' dir='ltr'>aut</span> <span class='ocrx_word' id='word_1_389' title='bbox 2778 2067 2829 2123; x_wconf 91' lang='lat' dir='ltr'>si</span> <span class='ocrx_word' id='word_1_390' title='bbox 2863 2082 2995 2124; x_wconf 88' lang='lat' dir='ltr'>cum</span> <span class='ocrx_word' id='word_1_391' title='bbox 3028 2067 3311 2141; x_wconf 89' lang='lat' dir='ltr'>peccunia</span> <span class='ocrx_word' id='word_1_392' title='bbox 3342 2069 3466 2125; x_wconf 82' lang='lat' dir='ltr'>ﬁeri</span> <span class='ocrx_word' id='word_1_393' title='bbox 3504 2070 3789 2128; x_wconf 83' lang='lat' dir='ltr'>deberent</span> 
     </span>
    </p>
   </div>
   <div class='ocr_carea' id='block_1_62' title="bbox 2122 2155 3784 2232">
    <p class='ocr_par' dir='ltr' id='par_1_62' title="bbox 2122 2155 3784 2232">
     <span class='ocr_line' id='line_1_62' title="bbox 2122 2155 3784 2232; baseline 0.004 -21"><span class='ocrx_word' id='word_1_394' title='bbox 2122 2155 2376 2212; x_wconf 90' lang='lat' dir='ltr'>Venctie.</span> <span class='ocrx_word' id='word_1_395' title='bbox 2438 2159 2506 2212; x_wconf 88' lang='lat' dir='ltr'>Et</span> <span class='ocrx_word' id='word_1_396' title='bbox 2552 2156 2963 2229; x_wconf 86' lang='lat' dir='ltr'>unusquisque</span> <span class='ocrx_word' id='word_1_397' title='bbox 3019 2172 3221 2213; x_wconf 90' lang='lat' dir='ltr'>eorum</span> <span class='ocrx_word' id='word_1_398' title='bbox 3276 2157 3450 2214; x_wconf 88' lang='lat' dir='ltr'>debet</span> <span class='ocrx_word' id='word_1_399' title='bbox 3519 2159 3784 2232; x_wconf 87' lang='lat' dir='ltr'>accipere</span> 
     </span>
    </p>
   </div>
   <div class='ocr_carea' id='block_1_63' title="bbox 2122 2244 3787 2323">
    <p class='ocr_par' dir='ltr' id='par_1_63' title="bbox 2122 2244 3787 2323">
     <span class='ocr_line' id='line_1_63' title="bbox 2122 2244 3787 2323; baseline 0.004 -23"><span class='ocrx_word' id='word_1_400' title='bbox 2122 2246 2192 2300; x_wconf 91' lang='lat' dir='ltr'>de</span> <span class='ocrx_word' id='word_1_401' title='bbox 2222 2245 2494 2302; x_wconf 84' lang='lat' dir='ltr'>vestiario</span> <span class='ocrx_word' id='word_1_402' title='bbox 2527 2245 2751 2301; x_wconf 90' lang='lat' dir='ltr'>domini</span> <span class='ocrx_word' id='word_1_403' title='bbox 2784 2244 3158 2318; x_wconf 88' lang='lat' dir='ltr'>imperatoris</span> <span class='ocrx_word' id='word_1_404' title='bbox 3186 2245 3556 2304; x_wconf 88' lang='lat' dir='ltr'>liberalitatis</span> <span class='ocrx_word' id='word_1_405' title='bbox 3587 2249 3787 2323; x_wconf 87' lang='lat' dir='ltr'>gracia</span> 
     </span>
    </p>
   </div>
   <div class='ocr_carea' id='block_1_64' title="bbox 2119 2335 2749 2408">
    <p class='ocr_par' dir='ltr' id='par_1_64' title="bbox 2119 2335 2749 2408">
     <span class='ocr_line' id='line_1_64' title="bbox 2119 2335 2749 2408; baseline 0.002 -18"><span class='ocrx_word' id='word_1_406' title='bbox 2119 2351 2397 2408; x_wconf 83' lang='lat' dir='ltr'>yperpera</span> <span class='ocrx_word' id='word_1_407' title='bbox 2426 2335 2749 2407; x_wconf 84' lang='lat' dir='ltr'>sexaginta.</span> 
     </span>
    </p>
   </div>
   <div class='ocr_carea' id='block_1_65' title="bbox 2192 2424 3785 2501">
    <p class='ocr_par' dir='ltr' id='par_1_65' title="bbox 2192 2424 3785 2501">
     <span class='ocr_line' id='line_1_65' title="bbox 2192 2424 3785 2501; baseline 0.004 -21"><span class='ocrx_word' id='word_1_408' title='bbox 2192 2425 2335 2481; x_wconf 91' lang='lat' dir='ltr'>Item</span> <span class='ocrx_word' id='word_1_409' title='bbox 2368 2426 2611 2481; x_wconf 90' lang='lat' dir='ltr'>comites</span> <span class='ocrx_word' id='word_1_410' title='bbox 2650 2424 2991 2497; x_wconf 88' lang='lat' dir='ltr'>hujusmodi</span> <span class='ocrx_word' id='word_1_411' title='bbox 3024 2425 3324 2499; x_wconf 88' lang='lat' dir='ltr'>galearum</span> <span class='ocrx_word' id='word_1_412' title='bbox 3350 2427 3566 2484; x_wconf 91' lang='lat' dir='ltr'>debent</span> <span class='ocrx_word' id='word_1_413' title='bbox 3577 2430 3785 2501; x_wconf 89' lang='lat' dir='ltr'>jurare</span> 
     </span>
    </p>
   </div>
   <div class='ocr_carea' id='block_1_66' title="bbox 2117 2514 3781 2592">
    <p class='ocr_par' dir='ltr' id='par_1_66' title="bbox 2117 2514 3781 2592">
     <span class='ocr_line' id='line_1_66' title="bbox 2117 2514 3781 2592; baseline 0.003 -20"><span class='ocrx_word' id='word_1_414' title='bbox 2117 2532 2294 2586; x_wconf 88' lang='lat' dir='ltr'>super</span> <span class='ocrx_word' id='word_1_415' title='bbox 2321 2519 2525 2570; x_wconf 88' lang='lat' dir='ltr'>sancta</span> <span class='ocrx_word' id='word_1_416' title='bbox 2555 2514 2647 2570; x_wconf 91' lang='lat' dir='ltr'>dei</span> <span class='ocrx_word' id='word_1_417' title='bbox 2699 2515 3020 2588; x_wconf 85' lang='lat' dir='ltr'>evangelia,</span> <span class='ocrx_word' id='word_1_418' title='bbox 3055 2516 3212 2588; x_wconf 91' lang='lat' dir='ltr'>quod</span> <span class='ocrx_word' id='word_1_419' title='bbox 3264 2517 3323 2572; x_wconf 91' lang='lat' dir='ltr'>in</span> <span class='ocrx_word' id='word_1_420' title='bbox 3375 2535 3492 2574; x_wconf 91' lang='lat' dir='ltr'>una</span> <span class='ocrx_word' id='word_1_421' title='bbox 3546 2536 3781 2592; x_wconf 89' lang='lat' dir='ltr'>quaque</span> 
     </span>
    </p>
   </div>
   <div class='ocr_carea' id='block_1_67' title="bbox 2117 2606 3781 2680">
    <p class='ocr_par' dir='ltr' id='par_1_67' title="bbox 2117 2606 3781 2680">
     <span class='ocr_line' id='line_1_67' title="bbox 2117 2606 3781 2680; baseline 0.005 -22"><span class='ocrx_word' id='word_1_422' title='bbox 2117 2621 2315 2659; x_wconf 90' lang='lat' dir='ltr'>earum</span> <span class='ocrx_word' id='word_1_423' title='bbox 2363 2608 2535 2659; x_wconf 85' lang='lat' dir='ltr'>erunt</span> <span class='ocrx_word' id='word_1_424' title='bbox 2576 2608 2813 2660; x_wconf 90' lang='lat' dir='ltr'>centum</span> <span class='ocrx_word' id='word_1_425' title='bbox 2868 2606 3262 2678; x_wconf 86' lang='lat' dir='ltr'>quadraginta</span> <span class='ocrx_word' id='word_1_426' title='bbox 3293 2607 3582 2680; x_wconf 85' lang='lat' dir='ltr'>homines,</span> <span class='ocrx_word' id='word_1_427' title='bbox 3620 2610 3669 2666; x_wconf 85' lang='lat' dir='ltr'>si</span> <span class='ocrx_word' id='word_1_428' title='bbox 3698 2613 3781 2666; x_wconf 91' lang='lat' dir='ltr'>tot</span> 
     </span>
    </p>
   </div>
   <div class='ocr_carea' id='block_1_68' title="bbox 2118 2693 3782 2769">
    <p class='ocr_par' dir='ltr' id='par_1_68' title="bbox 2118 2693 3782 2769">
     <span class='ocr_line' id='line_1_68' title="bbox 2118 2693 3782 2769; baseline 0.003 -20"><span class='ocrx_word' id='word_1_429' title='bbox 2118 2693 2423 2750; x_wconf 88' lang='lat' dir='ltr'>hominum</span> <span class='ocrx_word' id='word_1_430' title='bbox 2455 2710 2595 2765; x_wconf 87' lang='lat' dir='ltr'>roga</span> <span class='ocrx_word' id='word_1_431' title='bbox 2638 2693 2721 2750; x_wconf 92' lang='lat' dir='ltr'>eis</span> <span class='ocrx_word' id='word_1_432' title='bbox 2772 2694 2908 2750; x_wconf 90' lang='lat' dir='ltr'>data</span> <span class='ocrx_word' id='word_1_433' title='bbox 2963 2694 3161 2762; x_wconf 82' lang='lat' dir='ltr'>fuerit,</span> <span class='ocrx_word' id='word_1_434' title='bbox 3215 2696 3470 2769; x_wconf 84' lang='lat' dir='ltr'>exceptis</span> <span class='ocrx_word' id='word_1_435' title='bbox 3504 2699 3782 2756; x_wconf 88' lang='lat' dir='ltr'>moventi-</span> 
     </span>
    </p>
   </div>
   <div class='ocr_carea' id='block_1_69' title="bbox 2117 2783 3776 2859">
    <p class='ocr_par' dir='ltr' id='par_1_69' title="bbox 2117 2783 3776 2859">
     <span class='ocr_line' id='line_1_69' title="bbox 2117 2783 3776 2859; baseline 0.005 -20"><span class='ocrx_word' id='word_1_436' title='bbox 2117 2783 2227 2839; x_wconf 90' lang='lat' dir='ltr'>bus</span> <span class='ocrx_word' id='word_1_437' title='bbox 2257 2785 2370 2856; x_wconf 85' lang='grc'>(31)</span> <span class='ocrx_word' id='word_1_438' title='bbox 2403 2787 2460 2839; x_wconf 90' lang='lat' dir='ltr'>et</span> <span class='ocrx_word' id='word_1_439' title='bbox 2489 2783 2613 2839; x_wconf 90' lang='lat' dir='ltr'>sine</span> <span class='ocrx_word' id='word_1_440' title='bbox 2665 2783 2881 2849; x_wconf 88' lang='lat' dir='ltr'>noticia</span> <span class='ocrx_word' id='word_1_441' title='bbox 2914 2800 3116 2841; x_wconf 88' lang='lat' dir='ltr'>eorum</span> <span class='ocrx_word' id='word_1_442' title='bbox 3169 2785 3633 2859; x_wconf 85' lang='lat' dir='ltr'>aufugientibus.</span> <span class='ocrx_word' id='word_1_443' title='bbox 3673 2793 3776 2846; x_wconf 89' lang='lat' dir='ltr'>Ve-</span> 
     </span>
    </p>
   </div>
   <div class='ocr_carea' id='block_1_70' title="bbox 2114 2872 3773 2944">
    <p class='ocr_par' dir='ltr' id='par_1_70' title="bbox 2114 2872 3773 2944">
     <span class='ocr_line' id='line_1_70' title="bbox 2114 2872 3773 2944; baseline 0.005 -16"><span class='ocrx_word' id='word_1_444' title='bbox 2114 2890 2247 2929; x_wconf 91' lang='lat' dir='ltr'>rum</span> <span class='ocrx_word' id='word_1_445' title='bbox 2281 2877 2477 2929; x_wconf 90' lang='lat' dir='ltr'>tamen</span> <span class='ocrx_word' id='word_1_446' title='bbox 2511 2872 2755 2929; x_wconf 89' lang='lat' dir='ltr'>comites</span> <span class='ocrx_word' id='word_1_447' title='bbox 2785 2872 3169 2944; x_wconf 82' lang='lat' dir='ltr'>festinabunt,</span> <span class='ocrx_word' id='word_1_448' title='bbox 3232 2875 3388 2933; x_wconf 91' lang='lat' dir='ltr'>bona</span> <span class='ocrx_word' id='word_1_449' title='bbox 3443 2878 3560 2935; x_wconf 80' lang='lat' dir='ltr'>ﬁde</span> <span class='ocrx_word' id='word_1_450' title='bbox 3616 2896 3773 2936; x_wconf 91' lang='lat' dir='ltr'>recu-</span> 
     </span>
    </p>
   </div>
   <div class='ocr_carea' id='block_1_71' title="bbox 2115 2962 3766 3041">
    <p class='ocr_par' dir='ltr' id='par_1_71' title="bbox 2115 2962 3766 3041">
     <span class='ocr_line' id='line_1_71' title="bbox 2115 2962 3766 3041; baseline 0.005 -23"><span class='ocrx_word' id='word_1_451' title='bbox 2115 2978 2317 3035; x_wconf 86' lang='lat' dir='ltr'>perare</span> <span class='ocrx_word' id='word_1_452' title='bbox 2371 2962 2568 3025; x_wconf 86' lang='lat' dir='ltr'>datam</span> <span class='ocrx_word' id='word_1_453' title='bbox 2619 2963 2702 3018; x_wconf 90' lang='lat' dir='ltr'>eis</span> <span class='ocrx_word' id='word_1_454' title='bbox 2735 2979 2939 3035; x_wconf 89' lang='lat' dir='ltr'>rogam</span> <span class='ocrx_word' id='word_1_455' title='bbox 2984 2968 3089 3032; x_wconf 89' lang='lat' dir='ltr'>;et-</span> <span class='ocrx_word' id='word_1_456' title='bbox 3136 2965 3187 3021; x_wconf 88' lang='lat' dir='ltr'>si</span> <span class='ocrx_word' id='word_1_457' title='bbox 3244 2982 3374 3022; x_wconf 90' lang='lat' dir='ltr'>eam</span> <span class='ocrx_word' id='word_1_458' title='bbox 3425 2984 3766 3041; x_wconf 79' lang='lat' dir='ltr'>recuperare</span> 
     </span>
    </p>
   </div>
   <div class='ocr_carea' id='block_1_72' title="bbox 2114 3051 3760 3128">
    <p class='ocr_par' dir='ltr' id='par_1_72' title="bbox 2114 3051 3760 3128">
     <span class='ocr_line' id='line_1_72' title="bbox 2114 3051 3760 3128; baseline 0.004 -21"><span class='ocrx_word' id='word_1_459' title='bbox 2114 3056 2387 3124; x_wconf 86' lang='lat' dir='ltr'>possunt,</span> <span class='ocrx_word' id='word_1_460' title='bbox 2422 3051 2701 3108; x_wconf 87' lang='lat' dir='ltr'>inducent</span> <span class='ocrx_word' id='word_1_461' title='bbox 2747 3051 2893 3108; x_wconf 90' lang='lat' dir='ltr'>alios</span> <span class='ocrx_word' id='word_1_462' title='bbox 2926 3069 3028 3125; x_wconf 92' lang='lat' dir='ltr'>pro</span> <span class='ocrx_word' id='word_1_463' title='bbox 3069 3053 3155 3110; x_wconf 91' lang='lat' dir='ltr'>eis</span> <span class='ocrx_word' id='word_1_464' title='bbox 3212 3053 3272 3110; x_wconf 90' lang='lat' dir='ltr'>in</span> <span class='ocrx_word' id='word_1_465' title='bbox 3314 3055 3512 3128; x_wconf 86' lang='lat' dir='ltr'>galeas</span> <span class='ocrx_word' id='word_1_466' title='bbox 3544 3074 3760 3125; x_wconf 89' lang='lat' dir='ltr'>eorum,</span> 
     </span>
    </p>
   </div>
   <div class='ocr_carea' id='block_1_73' title="bbox 2113 3140 3556 3216">
    <p class='ocr_par' dir='ltr' id='par_1_73' title="bbox 2113 3140 3556 3216">
     <span class='ocr_line' id='line_1_73' title="bbox 2113 3140 3556 3216; baseline 0.003 -18"><span class='ocrx_word' id='word_1_467' title='bbox 2113 3140 2200 3198; x_wconf 88' lang='lat' dir='ltr'>vel</span> <span class='ocrx_word' id='word_1_468' title='bbox 2232 3142 2477 3197; x_wconf 89' lang='lat' dir='ltr'>reddent</span> <span class='ocrx_word' id='word_1_469' title='bbox 2506 3158 2636 3198; x_wconf 89' lang='lat' dir='ltr'>eam</span> <span class='ocrx_word' id='word_1_470' title='bbox 2669 3140 2895 3197; x_wconf 91' lang='lat' dir='ltr'>homini</span> <span class='ocrx_word' id='word_1_471' title='bbox 2921 3141 3144 3199; x_wconf 92' lang='lat' dir='ltr'>domini</span> <span class='ocrx_word' id='word_1_472' title='bbox 3166 3142 3556 3216; x_wconf 87' lang='lat' dir='ltr'>imperatoris.</span> 
     </span>
    </p>
   </div>
   <div class='ocr_carea' id='block_1_74' title="bbox 2186 3230 3747 3306">
    <p class='ocr_par' dir='ltr' id='par_1_74' title="bbox 2186 3230 3747 3306">
     <span class='ocr_line' id='line_1_74' title="bbox 2186 3230 3747 3306; baseline 0.003 -21"><span class='ocrx_word' id='word_1_473' title='bbox 2186 3230 2635 3302; x_wconf 89' lang='lat' dir='ltr'>Itemjurabunt</span> <span class='ocrx_word' id='word_1_474' title='bbox 2661 3230 2925 3303; x_wconf 90' lang='lat' dir='ltr'>comites,</span> <span class='ocrx_word' id='word_1_475' title='bbox 2982 3233 3138 3304; x_wconf 91' lang='lat' dir='ltr'>quod</span> <span class='ocrx_word' id='word_1_476' title='bbox 3197 3233 3526 3291; x_wconf 88' lang='lat' dir='ltr'>universum</span> <span class='ocrx_word' id='word_1_477' title='bbox 3583 3249 3747 3306; x_wconf 85' lang='lat' dir='ltr'>appa-</span> 
     </span>
    </p>
   </div>
   <div class='ocr_carea' id='block_1_75' title="bbox 2111 3319 3743 3392">
    <p class='ocr_par' dir='ltr' id='par_1_75' title="bbox 2111 3319 3743 3392">
     <span class='ocr_line' id='line_1_75' title="bbox 2111 3319 3743 3392; baseline 0.001 -18"><span class='ocrx_word' id='word_1_478' title='bbox 2111 3323 2305 3375; x_wconf 85' lang='lat' dir='ltr'>ratum</span> <span class='ocrx_word' id='word_1_479' title='bbox 2336 3319 2481 3392; x_wconf 88' lang='lat' dir='ltr'>ipsis</span> <span class='ocrx_word' id='word_1_480' title='bbox 2512 3320 2796 3375; x_wconf 88' lang='lat' dir='ltr'>traditum</span> <span class='ocrx_word' id='word_1_481' title='bbox 2852 3320 3180 3377; x_wconf 89' lang='lat' dir='ltr'>conducent</span> <span class='ocrx_word' id='word_1_482' title='bbox 3228 3323 3300 3378; x_wconf 91' lang='lat' dir='ltr'>ad</span> <span class='ocrx_word' id='word_1_483' title='bbox 3342 3324 3607 3380; x_wconf 89' lang='lat' dir='ltr'>honorem</span> <span class='ocrx_word' id='word_1_484' title='bbox 3637 3322 3743 3376; x_wconf 87' lang='lat' dir='ltr'>im-</span> 
     </span>
    </p>
   </div>
   <div class='ocr_carea' id='block_1_76' title="bbox 2111 3408 3761 3480">
    <p class='ocr_par' dir='ltr' id='par_1_76' title="bbox 2111 3408 3761 3480">
     <span class='ocr_line' id='line_1_76' title="bbox 2111 3408 3761 3480; baseline 0.001 -17"><span class='ocrx_word' id='word_1_485' title='bbox 2111 3408 2256 3480; x_wconf 92' lang='lat' dir='ltr'>perii</span> <span class='ocrx_word' id='word_1_486' title='bbox 2286 3426 2488 3465; x_wconf 91' lang='lat' dir='ltr'>eorum</span> <span class='ocrx_word' id='word_1_487' title='bbox 2511 3413 2567 3466; x_wconf 89' lang='lat' dir='ltr'>et</span> <span class='ocrx_word' id='word_1_488' title='bbox 2592 3408 2843 3465; x_wconf 87' lang='lat' dir='ltr'>salutem</span> <span class='ocrx_word' id='word_1_489' title='bbox 2875 3410 3059 3466; x_wconf 87' lang='lat' dir='ltr'>nostri</span> <span class='ocrx_word' id='word_1_490' title='bbox 3092 3410 3246 3467; x_wconf 91' lang='lat' dir='ltr'>stoli.</span> <span class='ocrx_word' id='word_1_491' title='bbox 3280 3412 3548 3468; x_wconf 81' lang='lat' dir='ltr'>Homines</span> <span class='ocrx_word' id='word_1_492' title='bbox 3571 3416 3761 3468; x_wconf 88' lang='lat' dir='ltr'>autem</span> 
     </span>
    </p>
   </div>
   <div class='ocr_carea' id='block_1_77' title="bbox 2110 3497 3761 3575">
    <p class='ocr_par' dir='ltr' id='par_1_77' title="bbox 2110 3497 3761 3575">
     <span class='ocr_line' id='line_1_77' title="bbox 2110 3497 3761 3575; baseline 0.002 -22"><span class='ocrx_word' id='word_1_493' title='bbox 2110 3497 2410 3571; x_wconf 89' lang='lat' dir='ltr'>galearum</span> <span class='ocrx_word' id='word_1_494' title='bbox 2459 3498 2637 3555; x_wconf 89' lang='lat' dir='ltr'>talem</span> <span class='ocrx_word' id='word_1_495' title='bbox 2694 3498 2908 3554; x_wconf 86' lang='lat' dir='ltr'>debent</span> <span class='ocrx_word' id='word_1_496' title='bbox 2955 3515 3156 3572; x_wconf 89' lang='lat' dir='ltr'>rogam</span> <span class='ocrx_word' id='word_1_497' title='bbox 3206 3500 3494 3574; x_wconf 88' lang='lat' dir='ltr'>accipere,</span> <span class='ocrx_word' id='word_1_498' title='bbox 3533 3500 3761 3575; x_wconf 89' lang='lat' dir='ltr'>qualem</span> 
     </span>
    </p>
   </div>
   <div class='ocr_carea' id='block_1_78' title="bbox 2116 3586 3331 3663">
    <p class='ocr_par' dir='ltr' id='par_1_78' title="bbox 2116 3586 3331 3663">
     <span class='ocr_line' id='line_1_78' title="bbox 2116 3586 3331 3663; baseline 0.002 -19"><span class='ocrx_word' id='word_1_499' title='bbox 2116 3586 2365 3644; x_wconf 88' lang='lat' dir='ltr'>Venetici</span> <span class='ocrx_word' id='word_1_500' title='bbox 2399 3590 2548 3660; x_wconf 89' lang='lat' dir='ltr'>apud</span> <span class='ocrx_word' id='word_1_501' title='bbox 2582 3588 2914 3661; x_wconf 87' lang='lat' dir='ltr'>Coryphum</span> <span class='ocrx_word' id='word_1_502' title='bbox 2946 3589 3331 3663; x_wconf 88' lang='lat' dir='ltr'>accipiebant.</span> 
     </span>
    </p>
   </div>
   <div class='ocr_carea' id='block_1_79' title="bbox 2182 3675 3772 3749">
    <p class='ocr_par' dir='ltr' id='par_1_79' title="bbox 2182 3675 3772 3749">
     <span class='ocr_line' id='line_1_79' title="bbox 2182 3675 3772 3749; baseline 0.004 -17"><span class='ocrx_word' id='word_1_503' title='bbox 2182 3677 2329 3733; x_wconf 89' lang='lat' dir='ltr'>Item</span> <span class='ocrx_word' id='word_1_504' title='bbox 2352 3681 2431 3748; x_wconf 89' lang='lat' dir='ltr'>et,</span> <span class='ocrx_word' id='word_1_505' title='bbox 2465 3677 2514 3733; x_wconf 89' lang='lat' dir='ltr'>si</span> <span class='ocrx_word' id='word_1_506' title='bbox 2547 3675 2860 3749; x_wconf 86' lang='lat' dir='ltr'>imperium</span> <span class='ocrx_word' id='word_1_507' title='bbox 2895 3694 3100 3734; x_wconf 89' lang='lat' dir='ltr'>eorum</span> <span class='ocrx_word' id='word_1_508' title='bbox 3135 3679 3383 3736; x_wconf 89' lang='lat' dir='ltr'>voluerit</span> <span class='ocrx_word' id='word_1_509' title='bbox 3410 3679 3473 3737; x_wconf 87' lang='lat' dir='ltr'>in</span> <span class='ocrx_word' id='word_1_510' title='bbox 3532 3698 3772 3738; x_wconf 88' lang='lat' dir='ltr'>numero</span> 
     </span>
    </p>
   </div>
   <div class='ocr_carea' id='block_1_80' title="bbox 2108 3765 3773 3839">
    <p class='ocr_par' dir='ltr' id='par_1_80' title="bbox 2108 3765 3773 3839">
     <span class='ocr_line' id='line_1_80' title="bbox 2108 3765 3773 3839; baseline 0.003 -18"><span class='ocrx_word' id='word_1_511' title='bbox 2108 3765 2454 3837; x_wconf 75' lang='lat' dir='ltr'>huiusmodi</span> <span class='ocrx_word' id='word_1_512' title='bbox 2513 3770 2746 3822; x_wconf 89' lang='lat' dir='ltr'>centum</span> <span class='ocrx_word' id='word_1_513' title='bbox 2810 3766 3114 3839; x_wconf 89' lang='lat' dir='ltr'>galearum</span> <span class='ocrx_word' id='word_1_514' title='bbox 3167 3769 3475 3827; x_wconf 89' lang='lat' dir='ltr'>servitium</span> <span class='ocrx_word' id='word_1_515' title='bbox 3547 3771 3773 3828; x_wconf 84' lang='lat' dir='ltr'>Veneti-</span> 
     </span>
    </p>
   </div>
   <div class='ocr_carea' id='block_1_81' title="bbox 2111 3855 3772 3925">
    <p class='ocr_par' dir='ltr' id='par_1_81' title="bbox 2111 3855 3772 3925">
     <span class='ocr_line' id='line_1_81' title="bbox 2111 3855 3772 3925; baseline 0.004 -15"><span class='ocrx_word' id='word_1_516' title='bbox 2111 3871 2315 3911; x_wconf 92' lang='lat' dir='ltr'>corum</span> <span class='ocrx_word' id='word_1_517' title='bbox 2347 3855 2406 3910; x_wconf 89' lang='lat' dir='ltr'>in</span> <span class='ocrx_word' id='word_1_518' title='bbox 2456 3859 2577 3911; x_wconf 90' lang='lat' dir='ltr'>tota</span> <span class='ocrx_word' id='word_1_519' title='bbox 2603 3856 2889 3912; x_wconf 83' lang='lat' dir='ltr'>Romania</span> <span class='ocrx_word' id='word_1_520' title='bbox 2944 3856 3341 3925; x_wconf 84' lang='lat' dir='ltr'>inventorum,</span> <span class='ocrx_word' id='word_1_521' title='bbox 3391 3859 3568 3916; x_wconf 88' lang='lat' dir='ltr'>debet</span> <span class='ocrx_word' id='word_1_522' title='bbox 3626 3859 3772 3916; x_wconf 88' lang='lat' dir='ltr'>illud</span> 
     </span>
    </p>
   </div>
   <div class='ocr_carea' id='block_1_82' title="bbox 2112 3944 3777 4023">
    <p class='ocr_par' dir='ltr' id='par_1_82' title="bbox 2112 3944 3777 4023">
     <span class='ocr_line' id='line_1_82' title="bbox 2112 3944 3777 4023; baseline 0.003 -23"><span class='ocrx_word' id='word_1_523' title='bbox 2112 3944 2326 4001; x_wconf 86' lang='lat' dir='ltr'>habere</span> <span class='ocrx_word' id='word_1_524' title='bbox 2373 3962 2508 4001; x_wconf 91' lang='lat' dir='ltr'>cum</span> <span class='ocrx_word' id='word_1_525' title='bbox 2542 3948 2625 4001; x_wconf 90' lang='lat' dir='ltr'>tot</span> <span class='ocrx_word' id='word_1_526' title='bbox 2654 3945 2878 4002; x_wconf 89' lang='lat' dir='ltr'>scilicet</span> <span class='ocrx_word' id='word_1_527' title='bbox 2929 3946 3134 4020; x_wconf 88' lang='lat' dir='ltr'>galeis,</span> <span class='ocrx_word' id='word_1_528' title='bbox 3168 3951 3313 4019; x_wconf 91' lang='lat' dir='ltr'>quot</span> <span class='ocrx_word' id='word_1_529' title='bbox 3357 3949 3577 4005; x_wconf 87' lang='lat' dir='ltr'>armari</span> <span class='ocrx_word' id='word_1_530' title='bbox 3610 3952 3777 4023; x_wconf 91' lang='lat' dir='ltr'>pote-</span> 
     </span>
    </p>
   </div>
   <div class='ocr_carea' id='block_1_83' title="bbox 2110 4034 3775 4108">
    <p class='ocr_par' dir='ltr' id='par_1_83' title="bbox 2110 4034 3775 4108">
     <span class='ocr_line' id='line_1_83' title="bbox 2110 4034 3775 4108; baseline 0.002 -18"><span class='ocrx_word' id='word_1_531' title='bbox 2110 4038 2250 4090; x_wconf 90' lang='lat' dir='ltr'>runt</span> <span class='ocrx_word' id='word_1_532' title='bbox 2305 4035 2375 4090; x_wconf 91' lang='lat' dir='ltr'>de</span> <span class='ocrx_word' id='word_1_533' title='bbox 2407 4035 2657 4091; x_wconf 90' lang='lat' dir='ltr'>inventis</span> <span class='ocrx_word' id='word_1_534' title='bbox 2705 4034 2962 4106; x_wconf 87' lang='lat' dir='ltr'>Venetis,</span> <span class='ocrx_word' id='word_1_535' title='bbox 3035 4051 3104 4091; x_wconf 80' lang='lat' dir='ltr'>ex</span> <span class='ocrx_word' id='word_1_536' title='bbox 3164 4040 3418 4108; x_wconf 89' lang='lat' dir='ltr'>quatuor</span> <span class='ocrx_word' id='word_1_537' title='bbox 3463 4037 3657 4095; x_wconf 88' lang='lat' dir='ltr'>tribus</span> <span class='ocrx_word' id='word_1_538' title='bbox 3714 4039 3775 4094; x_wconf 89' lang='lat' dir='ltr'>in</span> 
     </span>
    </p>
   </div>
   <div class='ocr_carea' id='block_1_84' title="bbox 2110 4124 3775 4198">
    <p class='ocr_par' dir='ltr' id='par_1_84' title="bbox 2110 4124 3775 4198">
     <span class='ocr_line' id='line_1_84' title="bbox 2110 4124 3775 4198; baseline 0.003 -18"><span class='ocrx_word' id='word_1_539' title='bbox 2110 4124 2307 4198; x_wconf 88' lang='lat' dir='ltr'>galeas</span> <span class='ocrx_word' id='word_1_540' title='bbox 2337 4124 2594 4180; x_wconf 89' lang='lat' dir='ltr'>inductis</span> <span class='ocrx_word' id='word_1_541' title='bbox 2635 4125 2962 4181; x_wconf 90' lang='lat' dir='ltr'>secundum</span> <span class='ocrx_word' id='word_1_542' title='bbox 3023 4142 3339 4183; x_wconf 90' lang='lat' dir='ltr'>numerum</span> <span class='ocrx_word' id='word_1_543' title='bbox 3399 4128 3775 4185; x_wconf 89' lang='lat' dir='ltr'>inventorum</span> 
     </span>
    </p>
   </div>
   <div class='ocr_carea' id='block_1_85' title="bbox 2112 4214 3777 4287">
    <p class='ocr_par' dir='ltr' id='par_1_85' title="bbox 2112 4214 3777 4287">
     <span class='ocr_line' id='line_1_85' title="bbox 2112 4214 3777 4287; baseline 0.004 -19"><span class='ocrx_word' id='word_1_544' title='bbox 2112 4214 2516 4271; x_wconf 77' lang='lat' dir='ltr'>Veneticoruru</span> <span class='ocrx_word' id='word_1_545' title='bbox 2547 4230 2681 4270; x_wconf 91' lang='lat' dir='ltr'>cum</span> <span class='ocrx_word' id='word_1_546' title='bbox 2706 4217 2764 4269; x_wconf 90' lang='lat' dir='ltr'>et</span> <span class='ocrx_word' id='word_1_547' title='bbox 2800 4214 3115 4271; x_wconf 88' lang='lat' dir='ltr'>manifesta</span> <span class='ocrx_word' id='word_1_548' title='bbox 3161 4232 3319 4287; x_wconf 83' lang='lat' dir='ltr'>roga.</span> <span class='ocrx_word' id='word_1_549' title='bbox 3356 4215 3777 4274; x_wconf 87' lang='lat' dir='ltr'>Verumtamen</span> 
     </span>
    </p>
   </div>
   <div class='ocr_carea' id='block_1_86' title="bbox 2109 4302 3780 4378">
    <p class='ocr_par' dir='ltr' id='par_1_86' title="bbox 2109 4302 3780 4378">
     <span class='ocr_line' id='line_1_86' title="bbox 2109 4302 3780 4378; baseline 0.001 -17"><span class='ocrx_word' id='word_1_550' title='bbox 2109 4322 2225 4361; x_wconf 87' lang='lat' dir='ltr'>non</span> <span class='ocrx_word' id='word_1_551' title='bbox 2255 4308 2537 4376; x_wconf 87' lang='lat' dir='ltr'>cogentur</span> <span class='ocrx_word' id='word_1_552' title='bbox 2566 4302 2784 4377; x_wconf 90' lang='lat' dir='ltr'>galleas</span> <span class='ocrx_word' id='word_1_553' title='bbox 2814 4302 3043 4375; x_wconf 85' lang='lat' dir='ltr'>ingredi</span> <span class='ocrx_word' id='word_1_554' title='bbox 3095 4303 3302 4378; x_wconf 88' lang='lat' dir='ltr'>viginti</span> <span class='ocrx_word' id='word_1_555' title='bbox 3351 4321 3648 4363; x_wconf 84' lang='lat' dir='ltr'>annorum</span> <span class='ocrx_word' id='word_1_556' title='bbox 3679 4307 3780 4363; x_wconf 92' lang='lat' dir='ltr'>ho-</span> 
     </span>
    </p>
   </div>
   <div class='ocr_carea' id='block_1_87' title="bbox 2107 4392 3776 4466">
    <p class='ocr_par' dir='ltr' id='par_1_87' title="bbox 2107 4392 3776 4466">
     <span class='ocr_line' id='line_1_87' title="bbox 2107 4392 3776 4466; baseline 0.002 -16"><span class='ocrx_word' id='word_1_557' title='bbox 2107 4394 2299 4451; x_wconf 91' lang='lat' dir='ltr'>mines</span> <span class='ocrx_word' id='word_1_558' title='bbox 2329 4397 2387 4449; x_wconf 90' lang='lat' dir='ltr'>et</span> <span class='ocrx_word' id='word_1_559' title='bbox 2415 4392 2587 4464; x_wconf 88' lang='lat' dir='ltr'>infra,</span> <span class='ocrx_word' id='word_1_560' title='bbox 2621 4408 2810 4465; x_wconf 90' lang='lat' dir='ltr'>neque</span> <span class='ocrx_word' id='word_1_561' title='bbox 2839 4393 3143 4466; x_wconf 84' lang='lat' dir='ltr'>sexaginta</span> <span class='ocrx_word' id='word_1_562' title='bbox 3182 4409 3473 4450; x_wconf 89' lang='lat' dir='ltr'>annorum</span> <span class='ocrx_word' id='word_1_563' title='bbox 3505 4399 3566 4451; x_wconf 89' lang='lat' dir='ltr'>et</span> <span class='ocrx_word' id='word_1_564' title='bbox 3597 4395 3776 4453; x_wconf 88' lang='lat' dir='ltr'>ultra.</span> 
     </span>
    </p>
   </div>
   <div class='ocr_carea' id='block_1_88' title="bbox 2178 4482 3778 4558">
    <p class='ocr_par' dir='ltr' id='par_1_88' title="bbox 2178 4482 3778 4558">
     <span class='ocr_line' id='line_1_88' title="bbox 2178 4482 3778 4558; baseline 0.002 -18"><span class='ocrx_word' id='word_1_565' title='bbox 2178 4483 2376 4541; x_wconf 89' lang='lat' dir='ltr'>Stolus</span> <span class='ocrx_word' id='word_1_566' title='bbox 2407 4487 2604 4539; x_wconf 89' lang='lat' dir='ltr'>autem</span> <span class='ocrx_word' id='word_1_567' title='bbox 2646 4486 2845 4539; x_wconf 90' lang='lat' dir='ltr'>noster</span> <span class='ocrx_word' id='word_1_568' title='bbox 2874 4482 3244 4555; x_wconf 87' lang='lat' dir='ltr'>capitaneum</span> <span class='ocrx_word' id='word_1_569' title='bbox 3291 4484 3379 4540; x_wconf 89' lang='lat' dir='ltr'>vel</span> <span class='ocrx_word' id='word_1_570' title='bbox 3418 4484 3778 4558; x_wconf 21' lang='lat' dir='ltr'>,capilaneos</span> 
     </span>
    </p>
   </div>
   <div class='ocr_carea' id='block_1_89' title="bbox 334 4571 3778 4659">
    <p class='ocr_par' dir='ltr' id='par_1_89' title="bbox 334 4571 3778 4659">
     <span class='ocr_line' id='line_1_89' title="bbox 334 4571 3778 4659; baseline 0.001 -31"><span class='ocrx_word' id='word_1_571' title='bbox 334 4572 500 4647; x_wconf 88' lang='lat' dir='ltr'>ginta</span> <span class='ocrx_word' id='word_1_572' title='bbox 527 4575 585 4628; x_wconf 91' lang='lat' dir='ltr'>et</span> <span class='ocrx_word' id='word_1_573' title='bbox 635 4586 820 4641; x_wconf 88' lang='lat' dir='ltr'>usque</span> <span class='ocrx_word' id='word_1_574' title='bbox 878 4577 948 4627; x_wconf 87' lang='lat' dir='ltr'>ad</span> <span class='ocrx_word' id='word_1_575' title='bbox 991 4577 1249 4639; x_wconf 90' lang='lat' dir='ltr'>centum,</span> <span class='ocrx_word' id='word_1_576' title='bbox 1311 4571 1525 4627; x_wconf 88' lang='lat' dir='ltr'>debent</span> <span class='ocrx_word' id='word_1_577' title='bbox 1580 4572 1725 4629; x_wconf 89' lang='lat' dir='ltr'>illud</span> <span class='ocrx_word' id='word_1_578' title='bbox 1784 4574 1998 4634; x_wconf 84' lang='lat' dir='ltr'>habere</span> <span class='ocrx_word' id='word_1_579' title='bbox 2029 4593 2075 4659; x_wconf 83' lang='lat' dir='ltr'><strong>D</strong></span> <span class='ocrx_word' id='word_1_580' title='bbox 2108 4574 2411 4631; x_wconf 89' lang='lat' dir='ltr'>Veneticos</span> <span class='ocrx_word' id='word_1_581' title='bbox 2436 4573 2608 4629; x_wconf 86' lang='lat' dir='ltr'>debet</span> <span class='ocrx_word' id='word_1_582' title='bbox 2632 4572 2869 4641; x_wconf 89' lang='lat' dir='ltr'>habere,</span> <span class='ocrx_word' id='word_1_583' title='bbox 2891 4572 2991 4645; x_wconf 91' lang='lat' dir='ltr'>qui</span> <span class='ocrx_word' id='word_1_584' title='bbox 3023 4578 3081 4629; x_wconf 89' lang='lat' dir='ltr'>et</span> <span class='ocrx_word' id='word_1_585' title='bbox 3108 4574 3313 4645; x_wconf 89' lang='lat' dir='ltr'>jurare</span> <span class='ocrx_word' id='word_1_586' title='bbox 3346 4575 3585 4645; x_wconf 87' lang='lat' dir='ltr'>debent,</span> <span class='ocrx_word' id='word_1_587' title='bbox 3620 4575 3778 4648; x_wconf 86' lang='lat' dir='ltr'>quod</span> 
     </span>
    </p>
   </div>
   <div class='ocr_carea' id='block_1_90' title="bbox 336 4660 1997 4732">
    <p class='ocr_par' dir='ltr' id='par_1_90' title="bbox 336 4660 1997 4732">
     <span class='ocr_line' id='line_1_90' title="bbox 336 4660 1997 4732; baseline 0.001 -13"><span class='ocrx_word' id='word_1_588' title='bbox 336 4662 491 4719; x_wconf 89' lang='lat' dir='ltr'>infra</span> <span class='ocrx_word' id='word_1_589' title='bbox 511 4677 745 4717; x_wconf 83' lang='lat' dir='ltr'>menses</span> <span class='ocrx_word' id='word_1_590' title='bbox 775 4677 875 4717; x_wconf 86' lang='lat' dir='ltr'>sex</span> <span class='ocrx_word' id='word_1_591' title='bbox 906 4665 1040 4732; x_wconf 87' lang='lat' dir='ltr'>post</span> <span class='ocrx_word' id='word_1_592' title='bbox 1071 4661 1268 4715; x_wconf 89' lang='lat' dir='ltr'>datam</span> <span class='ocrx_word' id='word_1_593' title='bbox 1298 4660 1575 4717; x_wconf 89' lang='lat' dir='ltr'>noticiam</span> <span class='ocrx_word' id='word_1_594' title='bbox 1611 4663 1750 4718; x_wconf 91' lang='lat' dir='ltr'>Duci</span> <span class='ocrx_word' id='word_1_595' title='bbox 1783 4664 1854 4719; x_wconf 91' lang='lat' dir='ltr'>ab</span> <span class='ocrx_word' id='word_1_596' title='bbox 1886 4665 1997 4722; x_wconf 81' lang='lat' dir='ltr'>im-</span> 
     </span>
    </p>
   </div>
   <div class='ocr_carea' id='block_1_91' title="bbox 339 4745 2000 4825">
    <p class='ocr_par' dir='ltr' id='par_1_91' title="bbox 339 4745 2000 4825">
     <span class='ocr_line' id='line_1_91' title="bbox 339 4745 2000 4825; baseline 0.002 -17"><span class='ocrx_word' id='word_1_597' title='bbox 339 4749 498 4825; x_wconf 90' lang='lat' dir='ltr'>perio</span> <span class='ocrx_word' id='word_1_598' title='bbox 520 4766 722 4806; x_wconf 92' lang='lat' dir='ltr'>eorum</span> <span class='ocrx_word' id='word_1_599' title='bbox 755 4748 1015 4805; x_wconf 89' lang='lat' dir='ltr'>Venetie.</span> <span class='ocrx_word' id='word_1_600' title='bbox 1051 4748 1403 4818; x_wconf 86' lang='lat' dir='ltr'>Hujusmodi</span> <span class='ocrx_word' id='word_1_601' title='bbox 1430 4765 1564 4805; x_wconf 85' lang='lat' dir='ltr'>vero</span> <span class='ocrx_word' id='word_1_602' title='bbox 1595 4750 1759 4822; x_wconf 84' lang='lat' dir='ltr'>galea</span> <span class='ocrx_word' id='word_1_603' title='bbox 1789 4745 2000 4811; x_wconf 82' lang='lat' dir='ltr'>debent</span> 
     </span>
    </p>
   </div>
   <div class='ocr_carea' id='block_1_92' title="bbox 338 4836 1998 4910">
    <p class='ocr_par' dir='ltr' id='par_1_92' title="bbox 338 4836 1998 4910">
     <span class='ocr_line' id='line_1_92' title="bbox 338 4836 1998 4910; baseline 0.004 -15"><span class='ocrx_word' id='word_1_604' title='bbox 338 4839 579 4897; x_wconf 83' lang='lat' dir='ltr'>Venetis</span> <span class='ocrx_word' id='word_1_605' title='bbox 608 4837 733 4895; x_wconf 82' lang='lat' dir='ltr'>fieri</span> <span class='ocrx_word' id='word_1_606' title='bbox 791 4843 849 4894; x_wconf 90' lang='lat' dir='ltr'>et</span> <span class='ocrx_word' id='word_1_607' title='bbox 897 4837 1089 4910; x_wconf 90' lang='lat' dir='ltr'>parari</span> <span class='ocrx_word' id='word_1_608' title='bbox 1136 4856 1170 4893; x_wconf 89' lang='lat' dir='ltr'>a</span> <span class='ocrx_word' id='word_1_609' title='bbox 1200 4836 1490 4895; x_wconf 87' lang='lat' dir='ltr'>Veneticis</span> <span class='ocrx_word' id='word_1_610' title='bbox 1538 4855 1672 4896; x_wconf 91' lang='lat' dir='ltr'>cum</span> <span class='ocrx_word' id='word_1_611' title='bbox 1729 4842 1998 4902; x_wconf 86' lang='lat' dir='ltr'>universo</span> 
     </span>
    </p>
   </div>
   <div class='ocr_carea' id='block_1_93' title="bbox 339 4927 1997 5004">
    <p class='ocr_par' dir='ltr' id='par_1_93' title="bbox 339 4927 1997 5004">
     <span class='ocr_line' id='line_1_93' title="bbox 339 4927 1997 5004; baseline 0.002 -17"><span class='ocrx_word' id='word_1_612' title='bbox 339 4934 622 5004; x_wconf 83' lang='lat' dir='ltr'>apparatu</span> <span class='ocrx_word' id='word_1_613' title='bbox 677 4942 882 4984; x_wconf 89' lang='lat' dir='ltr'>earum</span> <span class='ocrx_word' id='word_1_614' title='bbox 910 4943 1012 4998; x_wconf 92' lang='lat' dir='ltr'>per</span> <span class='ocrx_word' id='word_1_615' title='bbox 1041 4928 1379 4999; x_wconf 90' lang='lat' dir='ltr'>peccuniam</span> <span class='ocrx_word' id='word_1_616' title='bbox 1440 4927 1578 4985; x_wconf 87' lang='lat' dir='ltr'>illuc</span> <span class='ocrx_word' id='word_1_617' title='bbox 1626 4931 1871 4989; x_wconf 90' lang='lat' dir='ltr'>missam</span> <span class='ocrx_word' id='word_1_618' title='bbox 1926 4935 1997 4991; x_wconf 92' lang='lat' dir='ltr'>ab</span> 
     </span>
    </p>
   </div>
   <div class='ocr_carea' id='block_1_94' title="bbox 340 5016 1999 5092">
    <p class='ocr_par' dir='ltr' id='par_1_94' title="bbox 340 5016 1999 5092">
     <span class='ocr_line' id='line_1_94' title="bbox 340 5016 1999 5092; baseline 0.002 -17"><span class='ocrx_word' id='word_1_619' title='bbox 340 5019 586 5092; x_wconf 89' lang='lat' dir='ltr'>imperio</span> <span class='ocrx_word' id='word_1_620' title='bbox 616 5034 843 5085; x_wconf 84' lang='lat' dir='ltr'>eorum,</span> <span class='ocrx_word' id='word_1_621' title='bbox 875 5016 963 5072; x_wconf 88' lang='lat' dir='ltr'>vel</span> <span class='ocrx_word' id='word_1_622' title='bbox 1019 5018 1314 5073; x_wconf 90' lang='lat' dir='ltr'>inventam</span> <span class='ocrx_word' id='word_1_623' title='bbox 1374 5018 1453 5074; x_wconf 92' lang='lat' dir='ltr'>ibi</span> <span class='ocrx_word' id='word_1_624' title='bbox 1511 5035 1544 5074; x_wconf 94' lang='lat' dir='ltr'>a</span> <span class='ocrx_word' id='word_1_625' title='bbox 1575 5026 1739 5091; x_wconf 90' lang='lat' dir='ltr'>parte</span> <span class='ocrx_word' id='word_1_626' title='bbox 1770 5022 1999 5079; x_wconf 82' lang='lat' dir='ltr'>celsitu-</span> 
     </span>
    </p>
   </div>
   <div class='ocr_carea' id='block_1_95' title="bbox 342 5105 1998 5177">
    <p class='ocr_par' dir='ltr' id='par_1_95' title="bbox 342 5105 1998 5177">
     <span class='ocr_line' id='line_1_95' title="bbox 342 5105 1998 5177; baseline 0.002 -12"><span class='ocrx_word' id='word_1_627' title='bbox 342 5110 498 5165; x_wconf 90' lang='lat' dir='ltr'>dinis</span> <span class='ocrx_word' id='word_1_628' title='bbox 529 5123 756 5177; x_wconf 88' lang='lat' dir='ltr'>eorum,</span> <span class='ocrx_word' id='word_1_629' title='bbox 800 5105 1090 5162; x_wconf 86' lang='lat' dir='ltr'>Vcneticis</span> <span class='ocrx_word' id='word_1_630' title='bbox 1146 5107 1285 5162; x_wconf 87' lang='lat' dir='ltr'>dare</span> <span class='ocrx_word' id='word_1_631' title='bbox 1332 5109 1683 5166; x_wconf 87' lang='lat' dir='ltr'>debentibus</span> <span class='ocrx_word' id='word_1_632' title='bbox 1728 5110 1998 5169; x_wconf 86' lang='lat' dir='ltr'>homines</span> 
     </span>
    </p>
   </div>
   <div class='ocr_carea' id='block_1_96' title="bbox 341 5196 1998 5273">
    <p class='ocr_par' dir='ltr' id='par_1_96' title="bbox 341 5196 1998 5273">
     <span class='ocr_line' id='line_1_96' title="bbox 341 5196 1998 5273; baseline 0.001 -16"><span class='ocrx_word' id='word_1_633' title='bbox 341 5202 531 5272; x_wconf 87' lang='lat' dir='ltr'>aptos,</span> <span class='ocrx_word' id='word_1_634' title='bbox 564 5203 629 5254; x_wconf 88' lang='lat' dir='ltr'>ut</span> <span class='ocrx_word' id='word_1_635' title='bbox 660 5196 1072 5267; x_wconf 87' lang='lat' dir='ltr'>unusquisque</span> <span class='ocrx_word' id='word_1_636' title='bbox 1101 5214 1303 5253; x_wconf 86' lang='lat' dir='ltr'>eorum</span> <span class='ocrx_word' id='word_1_637' title='bbox 1363 5199 1545 5270; x_wconf 67' lang='lat' dir='ltr'>pre-sit</span> <span class='ocrx_word' id='word_1_638' title='bbox 1603 5202 1998 5273; x_wconf 87' lang='lat' dir='ltr'>preparationi</span> 
     </span>
    </p>
   </div>
   <div class='ocr_carea' id='block_1_97' title="bbox 410 5356 1997 5430">
    <p class='ocr_par' dir='ltr' id='par_1_97' title="bbox 410 5356 1997 5430">
     <span class='ocr_line' id='line_1_97' title="bbox 410 5356 1997 5430; baseline 0.005 -18"><span class='ocrx_word' id='word_1_639' title='bbox 410 5359 522 5429; x_wconf 85' lang='lat'>(27)</span> <span class='ocrx_word' id='word_1_640' title='bbox 555 5362 707 5413; x_wconf 88' lang='lat' dir='ltr'>Post.</span> <span class='ocrx_word' id='word_1_641' title='bbox 734 5356 919 5414; x_wconf 87' lang='lat' dir='ltr'>Marin</span> <span class='ocrx_word' id='word_1_642' title='bbox 954 5358 992 5413; x_wconf 84' lang='grc' dir='ltr'>Ι.</span> <span class='ocrx_word' id='word_1_643' title='bbox 1027 5357 1066 5413; x_wconf 93' lang='lat' dir='ltr'>l.</span> <span class='ocrx_word' id='word_1_644' title='bbox 1100 5358 1198 5426; x_wconf 82' lang='lat' dir='ltr'>lli,</span> <span class='ocrx_word' id='word_1_645' title='bbox 1237 5376 1290 5430; x_wconf 92' lang='lat' dir='ltr'>p.</span> <span class='ocrx_word' id='word_1_646' title='bbox 1341 5362 1446 5414; x_wconf 78' lang='lat'>282</span> <span class='ocrx_word' id='word_1_647' title='bbox 1477 5377 1543 5416; x_wconf 83' lang='lat' dir='ltr'>ex</span> <span class='ocrx_word' id='word_1_648' title='bbox 1577 5361 1725 5417; x_wconf 90' lang='lat' dir='ltr'>libro</span> <span class='ocrx_word' id='word_1_649' title='bbox 1757 5363 1889 5419; x_wconf 89' lang='lat' dir='ltr'>albo</span> <span class='ocrx_word' id='word_1_650' title='bbox 1939 5368 1997 5420; x_wconf 89' lang='lat' dir='ltr'>et</span> 
     </span>
    </p>
   </div>
   <div class='ocr_carea' id='block_1_98' title="bbox 339 5429 1995 5522">
    <p class='ocr_par' dir='ltr' id='par_1_98' title="bbox 339 5429 1995 5522">
     <span class='ocr_line' id='line_1_98' title="bbox 339 5429 1995 5522; baseline 0.005 -39"><span class='ocrx_word' id='word_1_651' title='bbox 339 5429 829 5522; x_wconf 40' lang='lat' dir='ltr'>librfnggtoruni</span> <span class='ocrx_word' id='word_1_652' title='bbox 859 5430 1169 5486; x_wconf 87' lang='lat' dir='ltr'>ediderunt</span> <span class='ocrx_word' id='word_1_653' title='bbox 1206 5431 1367 5488; x_wconf 82' lang='lat' dir='ltr'>Tafel</span> <span class='ocrx_word' id='word_1_654' title='bbox 1426 5437 1483 5488; x_wconf 89' lang='lat' dir='ltr'>et</span> <span class='ocrx_word' id='word_1_655' title='bbox 1530 5433 1787 5490; x_wconf 81' lang='lat' dir='ltr'>Thomas</span> <span class='ocrx_word' id='word_1_656' title='bbox 1812 5435 1848 5491; x_wconf 93' lang='grc'>1.</span> <span class='ocrx_word' id='word_1_657' title='bbox 1880 5436 1918 5491; x_wconf 93' lang='lat' dir='ltr'>l.</span> <span class='ocrx_word' id='word_1_658' title='bbox 1954 5452 1995 5504; x_wconf 83' lang='grc' dir='ltr'>Ι,</span> 
     </span>
    </p>
   </div>
   <div class='ocr_carea' id='block_1_99' title="bbox 340 5500 1998 5651">
    <p class='ocr_par' dir='ltr' id='par_1_99' title="bbox 340 5500 1998 5651">
     <span class='ocr_line' id='line_1_99' title="bbox 340 5500 1988 5573; baseline 0.004 -17"><span class='ocrx_word' id='word_1_659' title='bbox 340 5500 687 5573; x_wconf 75' lang='lat' dir='ltr'>p.195-203.</span> <span class='ocrx_word' id='word_1_660' title='bbox 1980 5500 1988 5504; x_wconf 84' lang='lat'>&#39;</span> 
     </span>
     <span class='ocr_line' id='line_1_100' title="bbox 409 5570 1998 5651; baseline 0.006 -26"><span class='ocrx_word' id='word_1_661' title='bbox 409 5572 523 5645; x_wconf 84' lang='lat'>(28)</span> <span class='ocrx_word' id='word_1_662' title='bbox 558 5571 600 5625; x_wconf 90' lang='grc' dir='ltr'>Ι.</span> <span class='ocrx_word' id='word_1_663' title='bbox 662 5588 713 5628; x_wconf 91' lang='lat' dir='ltr'>e.</span> <span class='ocrx_word' id='word_1_664' title='bbox 768 5571 843 5635; x_wconf 75' lang='grc' dir='ltr'>εἷς</span> <span class='ocrx_word' id='word_1_665' title='bbox 891 5571 1048 5637; x_wconf 68' lang='grc' dir='ltr'>τέλος</span> <span class='ocrx_word' id='word_1_666' title='bbox 1107 5570 1195 5628; x_wconf 67' lang='grc' dir='ltr'>διὰ</span> <span class='ocrx_word' id='word_1_667' title='bbox 1250 5572 1464 5637; x_wconf 69' lang='grc' dir='ltr'>τὲλυυς.</span> <span class='ocrx_word' id='word_1_668' title='bbox 1519 5577 1704 5634; x_wconf 82' lang='lat' dir='ltr'>Marin</span> <span class='ocrx_word' id='word_1_669' title='bbox 1739 5593 1751 5633; x_wconf 89' lang='lat'>:</span> <span class='ocrx_word' id='word_1_670' title='bbox 1790 5595 1892 5651; x_wconf 80' lang='lat' dir='ltr'>per</span> <span class='ocrx_word' id='word_1_671' title='bbox 1936 5579 1998 5649; x_wconf 50' lang='lat' dir='ltr'>ﬂ-</span> 
     </span>
    </p>
   </div>
   <div class='ocr_carea' id='block_1_100' title="bbox 341 5659 2000 5795">
    <p class='ocr_par' dir='ltr' id='par_1_100' title="bbox 341 5659 2000 5795">
     <span class='ocr_line' id='line_1_101' title="bbox 341 5659 2000 5795; baseline 0.006 -27"><span class='ocrx_word' id='word_1_672' title='bbox 341 5659 519 5788; x_wconf 40' lang='lat'>&quot;77229)</span> <span class='ocrx_word' id='word_1_673' title='bbox 555 5710 738 5775; x_wconf 90' lang='lat' dir='ltr'>Verba</span> <span class='ocrx_word' id='word_1_674' title='bbox 768 5733 937 5794; x_wconf 75' lang='lat' dir='ltr'>usque</span> <span class='ocrx_word' id='word_1_675' title='bbox 962 5718 1035 5774; x_wconf 86' lang='lat' dir='ltr'>ad</span> <span class='ocrx_word' id='word_1_676' title='bbox 1064 5723 1282 5777; x_wconf 83' lang='lat' dir='ltr'>centum</span> <span class='ocrx_word' id='word_1_677' title='bbox 1307 5718 1417 5776; x_wconf 88' lang='lat' dir='ltr'>hoc</span> <span class='ocrx_word' id='word_1_678' title='bbox 1447 5719 1573 5777; x_wconf 89' lang='lat' dir='ltr'>loco</span> <span class='ocrx_word' id='word_1_679' title='bbox 1612 5721 2000 5795; x_wconf 82' lang='lat' dir='ltr'>expungenda</span> 
     </span>
    </p>
   </div>
   <div class='ocr_carea' id='block_1_101' title="bbox 2108 4660 3777 4735">
    <p class='ocr_par' dir='ltr' id='par_1_101' title="bbox 2108 4660 3777 4735">
     <span class='ocr_line' id='line_1_102' title="bbox 2108 4660 3777 4735; baseline 0 -13"><span class='ocrx_word' id='word_1_680' title='bbox 2108 4664 2436 4723; x_wconf 88' lang='lat' dir='ltr'>conducent</span> <span class='ocrx_word' id='word_1_681' title='bbox 2463 4679 2598 4718; x_wconf 91' lang='lat' dir='ltr'>eum</span> <span class='ocrx_word' id='word_1_682' title='bbox 2631 4661 2701 4718; x_wconf 87' lang='lat' dir='ltr'>ad</span> <span class='ocrx_word' id='word_1_683' title='bbox 2735 4661 3017 4718; x_wconf 87' lang='lat' dir='ltr'>honorem</span> <span class='ocrx_word' id='word_1_684' title='bbox 3058 4660 3290 4735; x_wconf 86' lang='lat' dir='ltr'>imperii</span> <span class='ocrx_word' id='word_1_685' title='bbox 3322 4680 3524 4720; x_wconf 88' lang='lat' dir='ltr'>eorum</span> <span class='ocrx_word' id='word_1_686' title='bbox 3571 4670 3634 4722; x_wconf 89' lang='lat' dir='ltr'>et</span> <span class='ocrx_word' id='word_1_687' title='bbox 3683 4681 3777 4722; x_wconf 78' lang='lat' dir='ltr'>sa-</span> 
     </span>
    </p>
   </div>
   <div class='ocr_carea' id='block_1_102' title="bbox 2107 4749 3776 4826">
    <p class='ocr_par' dir='ltr' id='par_1_102' title="bbox 2107 4749 3776 4826">
     <span class='ocr_line' id='line_1_103' title="bbox 2107 4749 3776 4826; baseline 0.001 -17"><span class='ocrx_word' id='word_1_688' title='bbox 2107 4754 2291 4809; x_wconf 88' lang='lat' dir='ltr'>lutem</span> <span class='ocrx_word' id='word_1_689' title='bbox 2325 4752 2510 4808; x_wconf 90' lang='lat' dir='ltr'>nostri</span> <span class='ocrx_word' id='word_1_690' title='bbox 2531 4750 2666 4807; x_wconf 87' lang='lat' dir='ltr'>stoti</span> <span class='ocrx_word' id='word_1_691' title='bbox 2696 4749 2850 4807; x_wconf 91' lang='lat' dir='ltr'>bona</span> <span class='ocrx_word' id='word_1_692' title='bbox 2872 4751 2985 4807; x_wconf 83' lang='lat' dir='ltr'>fide</span> <span class='ocrx_word' id='word_1_693' title='bbox 3005 4753 3064 4807; x_wconf 90' lang='lat' dir='ltr'>et</span> <span class='ocrx_word' id='word_1_694' title='bbox 3091 4751 3220 4808; x_wconf 89' lang='lat' dir='ltr'>sine</span> <span class='ocrx_word' id='word_1_695' title='bbox 3252 4753 3456 4809; x_wconf 84' lang='lat' dir='ltr'>lraude</span> <span class='ocrx_word' id='word_1_696' title='bbox 3490 4770 3686 4826; x_wconf 88' lang='lat' dir='ltr'>usque</span> <span class='ocrx_word' id='word_1_697' title='bbox 3703 4754 3776 4811; x_wconf 86' lang='lat' dir='ltr'>ad</span> 
     </span>
    </p>
   </div>
   <div class='ocr_carea' id='block_1_103' title="bbox 2107 4839 3773 4911">
    <p class='ocr_par' dir='ltr' id='par_1_103' title="bbox 2107 4839 3773 4911">
     <span class='ocr_line' id='line_1_104' title="bbox 2107 4839 3773 4911; baseline 0 -13"><span class='ocrx_word' id='word_1_698' title='bbox 2107 4841 2325 4899; x_wconf 88' lang='lat' dir='ltr'>stotum</span> <span class='ocrx_word' id='word_1_699' title='bbox 2374 4839 2741 4896; x_wconf 89' lang='lat' dir='ltr'>celsitudinis</span> <span class='ocrx_word' id='word_1_700' title='bbox 2789 4855 3016 4895; x_wconf 90' lang='lat' dir='ltr'>eorum.</span> <span class='ocrx_word' id='word_1_701' title='bbox 3070 4843 3138 4895; x_wconf 91' lang='lat' dir='ltr'>Et</span> <span class='ocrx_word' id='word_1_702' title='bbox 3195 4840 3247 4897; x_wconf 89' lang='lat' dir='ltr'>si</span> <span class='ocrx_word' id='word_1_703' title='bbox 3306 4840 3493 4898; x_wconf 89' lang='lat' dir='ltr'>stolus</span> <span class='ocrx_word' id='word_1_704' title='bbox 3549 4847 3773 4911; x_wconf 88' lang='lat' dir='ltr'>noster,</span> 
     </span>
    </p>
   </div>
   <div class='ocr_carea' id='block_1_104' title="bbox 2108 4928 3769 5005">
    <p class='ocr_par' dir='ltr' id='par_1_104' title="bbox 2108 4928 3769 5005">
     <span class='ocr_line' id='line_1_105' title="bbox 2108 4928 3769 5005; baseline 0 -17"><span class='ocrx_word' id='word_1_705' title='bbox 2108 4937 2424 5003; x_wconf 83' lang='lat' dir='ltr'>antequam</span> <span class='ocrx_word' id='word_1_706' title='bbox 2453 4928 2685 5002; x_wconf 88' lang='lat' dir='ltr'>imperii</span> <span class='ocrx_word' id='word_1_707' title='bbox 2722 4945 2925 4984; x_wconf 91' lang='lat' dir='ltr'>eorum</span> <span class='ocrx_word' id='word_1_708' title='bbox 2985 4929 3135 4985; x_wconf 88' lang='lat' dir='ltr'>stolo</span> <span class='ocrx_word' id='word_1_709' title='bbox 3195 4929 3454 5002; x_wconf 89' lang='lat' dir='ltr'>uniatur,</span> <span class='ocrx_word' id='word_1_710' title='bbox 3510 4931 3769 5005; x_wconf 86' lang='lat' dir='ltr'>aliquem</span> 
     </span>
    </p>
   </div>
   <div class='ocr_carea' id='block_1_105' title="bbox 2107 5017 3764 5089">
    <p class='ocr_par' dir='ltr' id='par_1_105' title="bbox 2107 5017 3764 5089">
     <span class='ocr_line' id='line_1_106' title="bbox 2107 5017 3764 5089; baseline -0.002 -12"><span class='ocrx_word' id='word_1_711' title='bbox 2107 5018 2574 5077; x_wconf 86' lang='lat' dir='ltr'>stoluminimici</span> <span class='ocrx_word' id='word_1_712' title='bbox 2623 5017 2854 5089; x_wconf 87' lang='lat' dir='ltr'>imperii</span> <span class='ocrx_word' id='word_1_713' title='bbox 2911 5034 3114 5074; x_wconf 90' lang='lat' dir='ltr'>eorum</span> <span class='ocrx_word' id='word_1_714' title='bbox 3164 5018 3473 5087; x_wconf 84' lang='lat' dir='ltr'>invenerit,</span> <span class='ocrx_word' id='word_1_715' title='bbox 3534 5025 3592 5077; x_wconf 90' lang='lat' dir='ltr'>et</span> <span class='ocrx_word' id='word_1_716' title='bbox 3634 5035 3764 5076; x_wconf 88' lang='lat' dir='ltr'>eum</span> 
     </span>
    </p>
   </div>
   <div class='ocr_carea' id='block_1_106' title="bbox 2107 5106 3847 5179">
    <p class='ocr_par' dir='ltr' id='par_1_106' title="bbox 2107 5106 3847 5179">
     <span class='ocr_line' id='line_1_107' title="bbox 2107 5106 3847 5179; baseline -0.002 -14"><span class='ocrx_word' id='word_1_717' title='bbox 2107 5110 2398 5166; x_wconf 84' lang='lat' dir='ltr'>otfendere</span> <span class='ocrx_word' id='word_1_718' title='bbox 2428 5107 2512 5163; x_wconf 89' lang='lat' dir='ltr'>vel</span> <span class='ocrx_word' id='word_1_719' title='bbox 2565 5123 2896 5179; x_wconf 78' lang='lat' dir='ltr'>expugnare</span> <span class='ocrx_word' id='word_1_720' title='bbox 2946 5106 3217 5176; x_wconf 88' lang='lat' dir='ltr'>voluerit,</span> <span class='ocrx_word' id='word_1_721' title='bbox 3278 5109 3456 5166; x_wconf 82' lang='lat' dir='ltr'>faciet</span> <span class='ocrx_word' id='word_1_722' title='bbox 3500 5111 3583 5166; x_wconf 88' lang='lat' dir='ltr'>sic</span> <span class='ocrx_word' id='word_1_723' title='bbox 3636 5108 3759 5164; x_wconf 88' lang='lat' dir='ltr'>sine</span> <span class='ocrx_word' id='word_1_724' title='bbox 3844 5108 3847 5111; x_wconf 61' lang='grc'><em>“</em></span> 
     </span>
    </p>
   </div>
   <div class='ocr_carea' id='block_1_107' title="bbox 2109 5196 3759 5271">
    <p class='ocr_par' dir='ltr' id='par_1_107' title="bbox 2109 5196 3759 5271">
     <span class='ocr_line' id='line_1_108' title="bbox 2109 5196 3759 5271; baseline -0.003 -15"><span class='ocrx_word' id='word_1_725' title='bbox 2109 5201 2311 5256; x_wconf 89' lang='lat' dir='ltr'>fraude</span> <span class='ocrx_word' id='word_1_726' title='bbox 2369 5202 2426 5254; x_wconf 88' lang='lat' dir='ltr'>et</span> <span class='ocrx_word' id='word_1_727' title='bbox 2480 5197 2635 5254; x_wconf 81' lang='lat' dir='ltr'>malo</span> <span class='ocrx_word' id='word_1_728' title='bbox 2693 5196 2930 5269; x_wconf 88' lang='lat' dir='ltr'>ingenio</span> <span class='ocrx_word' id='word_1_729' title='bbox 2980 5197 3198 5269; x_wconf 90' lang='lat' dir='ltr'>aliquo.</span> <span class='ocrx_word' id='word_1_730' title='bbox 3256 5198 3572 5271; x_wconf 83' lang='lat' dir='ltr'>Postquam</span> <span class='ocrx_word' id='word_1_731' title='bbox 3624 5211 3759 5253; x_wconf 82' lang='lat' dir='ltr'>vero</span> 
     </span>
    </p>
   </div>
   <div class='ocr_carea' id='block_1_108' title="bbox 2107 5359 3770 5420">
    <p class='ocr_par' dir='ltr' id='par_1_108' title="bbox 2107 5359 3770 5420">
     <span class='ocr_line' id='line_1_109' title="bbox 2107 5359 3770 5420; baseline -0.002 0"><span class='ocrx_word' id='word_1_732' title='bbox 2107 5380 2232 5420; x_wconf 89' lang='lat' dir='ltr'>esse</span> <span class='ocrx_word' id='word_1_733' title='bbox 2254 5362 2541 5418; x_wconf 88' lang='lat' dir='ltr'>videntur.</span> <span class='ocrx_word' id='word_1_734' title='bbox 2584 5359 2885 5416; x_wconf 88' lang='lat' dir='ltr'>Habentur</span> <span class='ocrx_word' id='word_1_735' title='bbox 2933 5362 3130 5416; x_wconf 88' lang='lat' dir='ltr'>tamen</span> <span class='ocrx_word' id='word_1_736' title='bbox 3187 5359 3365 5417; x_wconf 91' lang='lat' dir='ltr'>etiam</span> <span class='ocrx_word' id='word_1_737' title='bbox 3418 5362 3572 5419; x_wconf 90' lang='lat' dir='ltr'>infra</span> <span class='ocrx_word' id='word_1_738' title='bbox 3624 5360 3770 5418; x_wconf 86' lang='lat' dir='ltr'>Nov.</span> 
     </span>
    </p>
   </div>
   <div class='ocr_carea' id='block_1_109' title="bbox 2105 5454 3776 5579">
    <p class='ocr_par' dir='ltr' id='par_1_109' title="bbox 2105 5454 3776 5579">
     <span class='ocr_line' id='line_1_110' title="bbox 2105 5454 3776 5579; baseline 0.001 -19"><span class='ocrx_word' id='word_1_739' title='bbox 2105 5454 2291 5579; x_wconf 46' lang='lat' dir='ltr'>XI&#39;(30)</span> <span class='ocrx_word' id='word_1_740' title='bbox 2346 5504 2497 5561; x_wconf 88' lang='lat' dir='ltr'>Libri</span> <span class='ocrx_word' id='word_1_741' title='bbox 2545 5508 2873 5577; x_wconf 88' lang='lat' dir='ltr'>pactorum,</span> <span class='ocrx_word' id='word_1_742' title='bbox 2924 5507 3267 5560; x_wconf 84' lang='lat' dir='ltr'>remotorum</span> <span class='ocrx_word' id='word_1_743' title='bbox 3298 5504 3518 5576; x_wconf 82' lang='lat' dir='ltr'>;Marin</span> <span class='ocrx_word' id='word_1_744' title='bbox 3553 5522 3565 5561; x_wconf 92' lang='lat'>:</span> <span class='ocrx_word' id='word_1_745' title='bbox 3599 5506 3776 5562; x_wconf 76' lang='lat' dir='ltr'>remi-</span> 
     </span>
    </p>
   </div>
   <div class='ocr_carea' id='block_1_110' title="bbox 2104 5590 2375 5649">
    <p class='ocr_par' dir='ltr' id='par_1_110' title="bbox 2104 5590 2375 5649">
     <span class='ocr_line' id='line_1_111' title="bbox 2104 5590 2375 5649; baseline -0.004 -15"><span class='ocrx_word' id='word_1_746' title='bbox 2104 5590 2375 5649; x_wconf 79' lang='lat' dir='ltr'>galorum.</span> 
     </span>
    </p>
   </div>
   <div class='ocr_carea' id='block_1_111' title="bbox 2178 5646 3474 5724">
    <p class='ocr_par' dir='ltr' id='par_1_111' title="bbox 2178 5646 3474 5724">
     <span class='ocr_line' id='line_1_112' title="bbox 2178 5646 3474 5724; baseline -0.001 -17"><span class='ocrx_word' id='word_1_747' title='bbox 2178 5650 2289 5724; x_wconf 82' lang='lat'>(31)</span> <span class='ocrx_word' id='word_1_748' title='bbox 2324 5649 2531 5719; x_wconf 87' lang='lat' dir='ltr'>Marin,</span> <span class='ocrx_word' id='word_1_749' title='bbox 2559 5648 2941 5706; x_wconf 70' lang='lat' dir='ltr'>morientibus.</span> <span class='ocrx_word' id='word_1_750' title='bbox 2968 5646 3062 5704; x_wconf 87' lang='lat' dir='ltr'>Sic</span> <span class='ocrx_word' id='word_1_751' title='bbox 3093 5646 3198 5704; x_wconf 88' lang='lat' dir='ltr'>inf.</span> <span class='ocrx_word' id='word_1_752' title='bbox 3231 5651 3373 5707; x_wconf 85' lang='lat' dir='ltr'>Nov.</span> <span class='ocrx_word' id='word_1_753' title='bbox 3396 5665 3474 5706; x_wconf 80' lang='grc' dir='ltr'>ιι.</span> 
     </span>
    </p>
   </div>
  </div>
