4130 6364
414 484 534 546 465

1570 482 1961 545 NOVELLIE
2003 479 2704 545 CONSTITUTJONES.

3721 493 3841 551 466

414 616 608 674 stolus
637 619 840 672 noster
891 616 1040 673 stolo
1070 615 1397 688 imperialis
1445 614 1814 672 celsitudinis
1864 613 2068 670 unitus
2096 612 2152 678 Α
2183 617 2376 669 ortum
2408 619 2468 671 et
2494 632 2702 673 versus
2747 633 3040 687 occasum,
3072 622 3129 674 et
3158 619 3230 674 ab
3261 634 3327 676 ea
3357 637 3544 694 usque
3589 625 3839 681 Avidum

415 707 612 775 fuerit,
670 706 886 762 debent
937 705 1234 762 numerari
1285 706 1575 774 homines,
1629 705 1726 777 qui
1781 705 1840 759 in
1891 702 2072 773 galeis

415 801 610 863 erunt,
661 812 693 850 a
746 795 1052 868 capitaneo
1103 795 1236 852 stoli
1289 795 1522 868 imperii
1573 811 1797 864 eorum,
1849 793 1897 850 si
1944 794 2070 866 ipse

417 885 663 944 voluerit
694 902 706 940 :
741 889 797 941 et
822 885 1045 942 inventi
1077 887 1312 958 quidem
1349 889 1520 942 erunt
1550 885 1610 940 in
1643 885 1874 941 servitio
1897 883 2068 939 celsi-

417 975 640 1032 tudinis
674 991 876 1031 eorum
907 1000 921 1045 ;
950 976 1222 1031 absentes
1247 991 1381 1031 vero
1405 976 1558 1031 bona
1581 976 1692 1030 ﬁde
1710 973 2070 1029 festinabunt

416 1065 684 1138 reperire,
720 1064 769 1120 si
825 1069 1094 1137 possunt,
1149 1081 1580 1137 numerumque
1637 1064 1930 1136 supplere.
1973 1063 2068 1118 In-

415 1171 591 1227 super
621 1154 967 1227 capitaneus
1020 1154 1108 1210 vel
1142 1155 1430 1226 capitanei
1476 1155 1658 1211 nostri
1693 1153 1823 1210 stoli
1874 1158 1929 1209 ct
1971 1170 2068 1208 co-

415 1244 582 1300 mites
631 1249 690 1299 et
737 1243 1020 1300 nauclerii
1072 1249 1127 1300 et
1172 1246 1491 1317 prodenses
1541 1249 1598 1300 et
1645 1243 1954 1300 decemviri
1999 1243 2068 1298 de

412 1350 766 1406 unaquaque
825 1333 1128 1405 galearum
1177 1334 1488 1404 jurabunt,
1549 1334 1703 1406 quod
1780 1337 2064 1405 praecepto

407 1422 699 1494 capitanei
728 1423 861 1479 stoli
897 1423 1271 1494 imperatoria
1327 1423 1657 1494 majestatis
1686 1423 1958 1478 obedient
1993 1423 2062 1476 ad

405 1512 690 1568 honorem
723 1510 953 1584 imperii
978 1528 1179 1567 eorum
1203 1515 1259 1567 et
1289 1511 1537 1567 salutem
1559 1510 1741 1567 nostri
1759 1509 1912 1581 stoli,
1938 1509 2062 1565 sine

403 1602 610 1657 fraude
659 1605 716 1657 et
767 1600 920 1656 malo
971 1601 1242 1672 ingenio;
1276 1605 1333 1656 et
1364 1602 1517 1673 quod
1564 1618 1681 1656 una
1729 1617 1858 1656 cum
1913 1600 2059 1656 stolo

403 1689 637 1761 imperii
666 1704 872 1744 eorum
904 1693 1331 1760 persequentur
1359 1687 1577 1744 stolum
1618 1688 1840 1744 inimici
1877 1689 2060 1760 maje-

403 1778 577 1836 statis
621 1793 849 1846 eorum,
901 1778 1020 1834 sive
1074 1778 1349 1835 Cristiani
1397 1778 1518 1834 sint
1567 1777 1685 1834 sive
1734 1777 1972 1850 pagani,
2005 1781 2060 1834 et

401 1867 600 1924 ledent
653 1871 710 1923 et
766 1869 1188 1940 expugnabunt
1243 1884 1376 1924 eum
1439 1872 1497 1923 et
1543 1867 1853 1940 expellant,
1907 1867 2056 1923 infe-

2191 705 2248 758 et
2278 703 2336 758 in
2369 705 2566 761 eadem
2621 707 2850 763 civitate
2881 707 3150 764 similiter
3182 709 3468 780 inventos,
3504 729 3608 768 nec
3638 731 3752 770 non
3784 719 3841 772 et

2188 794 2244 849 in
2279 797 2471 863 terris,
2505 813 2616 868 que
2649 797 2798 851 intra
2838 801 2977 854 sunt
3019 815 3206 871 usque
3255 800 3749 876 Phyladelphyam
3782 809 3841 862 et

2186 883 2244 938 in
2279 885 2406 955 ipsa
2437 885 2686 954 civitate,
2719 891 2773 942 et
2805 904 2991 960 usque
3018 888 3456 961 Adrianopolim
3489 895 3546 947 et
3578 891 3634 946 in
3669 909 3737 949 ea
3766 895 3837 950 si-

2185 973 2403 1029 militer
2433 975 2751 1031 existentes
2782 977 2852 1031 de
2885 981 3137 1048 quatuor
3167 982 3306 1046 tres,
3334 995 3465 1034 cum
3501 983 3588 1035 tot
3619 982 3840 1041 scilicet

2182 1063 2384 1136 galeis,
2419 1069 2562 1135 quot
2620 1081 2847 1120 armare
2905 1071 3198 1137 poterunt,
3232 1069 3450 1124 inventi
3508 1073 3834 1129 secundum

2181 1154 2588 1225 supradictum
2622 1154 2909 1221 ordinem,
2942 1172 3074 1212 cum
3106 1161 3162 1212 et
3194 1158 3504 1214 manifesta
3533 1177 3689 1232 roga.

2250 1242 2374 1298 Tali
2407 1244 2602 1315 itaque
2635 1246 2809 1299 modo
2841 1245 3059 1316 talique
3083 1247 3284 1301 ordine
3309 1248 3600 1318 juvabunt
3631 1251 3743 1324 (32)
3777 1258 3834 1309 et

2179 1333 2492 1388 defendent
2524 1334 2863 1389 Romaniam
2899 1335 3154 1390 Venetici
3205 1343 3407 1393 contra
3439 1355 3674 1396 omnem
3724 1341 3832 1398 ho-

2178 1421 2393 1477 minem
2445 1427 2787 1478 coronatum
2841 1429 2897 1478 et
2945 1441 3056 1479 non
3119 1432 3485 1497 coronatum,
3520 1433 3575 1485 et
3625 1438 3830 1488 contra

2174 1527 2404 1566 omnem
2449 1518 2704 1584 gentem,
2738 1512 3024 1568 volentem
3073 1514 3266 1571 ledere
3318 1533 3466 1588 eam,
3503 1523 3826 1578 secundum

2175 1602 2327 1672 quod
2363 1602 2635 1674 superius
2683 1607 2987 1658 ostensum
3020 1608 3129 1674 est,
3163 1605 3320 1661 salva
3352 1610 3548 1663 tamen
3583 1627 3826 1666 concor-

2170 1690 2471 1762 dia,quam
2499 1708 2632 1746 cum
2657 1692 3052 1748 nobillissimo
3076 1711 3208 1766 rege
3229 1695 3570 1754 Alemannis
3586 1698 3824 1773 habent,

2171 1796 2478 1852 quousque
2527 1780 2816 1836 dissoluta
2860 1799 2972 1838 non
3025 1783 3200 1838 fuerit
3253 1802 3265 1840 :
3319 1789 3631 1858 postquam
3689 1806 3824 1846 vero

2168 1868 2458 1925 dissoluta
2515 1869 2708 1939 fuerit,
2766 1871 2938 1927 debet
2996 1873 3195 1928 eadem
3255 1877 3312 1929 et
3367 1878 3570 1931 contra
3626 1893 3821 1951 regem

402 1960 649 2030 rentque
699 1957 749 2014 ei
782 1957 1002 2013 malum
1048 1958 1203 2030 quod
1236 1961 1533 2030 poterunt,
1566 1958 1719 2014 bona
1762 1957 1896 2028 fide,
1931 1957 2057 2013 sine
2084 1990 2131 2054 Β
2167 1955 2511 2014 Alemannie
2535 1960 2722 2015 facere
2765 1977 2870 2032 pro
2897 1959 3147 2034 imperio
3169 1979 3373 2019 eorum
3406 1969 3463 2020 et
3491 1967 3775 2024 Romanis
3805 1987 3818 2038 ;

401 2047 607 2104 fraude
637 2050 694 2104 et
725 2046 877 2103 malo
907 2047 1226 2120 ingenio,et
1253 2048 1692 2120 impugnabunt
1723 2063 1879 2114 eum,
1905 2063 2052 2118 quo-

395 2153 584 2209 usque
613 2141 670 2194 et
695 2137 884 2194 stolus
915 2137 1291 2210 imperatoria
1328 2136 1714 2193 sublimitatis
1765 2153 1900 2194 eum
1935 2136 2049 2191 im-

393 2227 684 2299 pugnabit
716 2228 868 2282 bona
920 2228 1033 2283 ﬁde
1066 2231 1121 2283 et
1152 2227 1278 2283 sine
1329 2227 1555 2282 fraude.
1591 2228 1656 2282 Et
1690 2227 1738 2282 si
1786 2226 2044 2297 aliquam

387 2319 676 2372 terrarum
710 2315 935 2372 inimici
968 2315 1198 2387 imperii
1229 2331 1431 2372 eorum
1462 2316 2044 2388 ceperint,debemus

386 2403 446 2460 in
497 2422 564 2461 ea
620 2406 835 2461 habere
883 2405 1212 2476 ecclesiam,
1255 2405 1552 2460 embolum
1605 2410 1662 2460 et
1713 2405 1956 2476 scalam,
1988 2408 2043 2460 et

383 2495 718 2552 conversari
747 2495 872 2552 sine
902 2494 1062 2552 omni
1097 2495 1349 2552 datione.
1381 2495 1800 2551 Verumtamen
1852 2494 2039 2550 stolus

382 2584 750 2641 celsitudinis
802 2601 1002 2640 eorum
1038 2585 1207 2640 debet
1257 2587 1459 2639 tantus
1509 2600 1659 2655 esse,
1695 2589 1953 2656 quantus
1985 2590 2039 2640 et

380 2678 581 2730 noster
614 2678 722 2745 est,
754 2674 842 2730 vel
875 2675 1144 2748 amplior.
1177 2675 1496 2746 Postquam
1528 2691 1662 2730 vero
1695 2674 2034 2745 hujusmodi

381 2764 684 2820 servitium
747 2764 980 2838 imperii
1038 2781 1239 2820 eorum
1299 2764 1648 2836 peregerint,
1704 2764 1917 2820 debent
1964 2766 2035 2820 de

387 2853 565 2925 galeis
599 2854 853 2926 egressis
878 2853 1118 2910 Venetia
1147 2857 1232 2908 tot
1263 2854 1332 2909 ad
1367 2871 1535 2909 suam
1589 2853 1804 2908 habere
1843 2871 2032 2910 rever-

392 2939 634 3014 sionem,
667 2946 811 3014 quot
840 2941 924 2997 eis
956 2942 1285 2998 necessarie
1315 2946 1490 2998 erunt
1537 2942 1946 3000 convenienter
1976 2948 2033 3001 et

393 3029 515 3085 sine
544 3032 763 3100 fraude,
797 3032 950 3088 bona
979 3031 1112 3088 ﬁde.

450 3121 616 3191 Item,
641 3125 956 3194 postquam
989 3121 1331 3193 hujusmodi
1362 3121 1527 3194 galee
1555 3122 1861 3178 Venetiam
1895 3140 2027 3195 per-

374 3211 659 3281 venerint,
691 3211 742 3268 si
775 3210 1090 3284 imperium
1123 3199 1323 3268 eorum
1366 3211 1614 3268 voluerit
1661 3229 1758 3268 eas
1811 3213 2026 3269 iterum

373 3301 726 3358 aVeneticis
777 3301 836 3355 in
889 3300 1232 3357 Romaniam
1287 3301 1507 3370 reduci,
1549 3303 1938 3371 reducantur;
1971 3307 2027 3359 et

2163 2049 2217 2100 et
2247 2045 2405 2103 salva
2436 2049 2819 2104 conventione
2851 2049 3281 2107 interventione
3313 2053 3470 2110 intea
3511 2055 3819 2115 Veneticos

2160 2137 2218 2189 et
2269 2136 2731 2193 nobillissimum
2780 2154 2974 2211 regem
3015 2139 3211 2197 Sicilie
3257 2141 3590 2200 Vilielmum
3643 2145 3813 2215 facta,

2157 2239 2269 2296 que
2299 2227 2671 2299 protenditur
2699 2245 2888 2301 usque
2917 2229 2975 2284 in
3009 2247 3195 2286 annos
3234 2235 3457 2304 septem
3491 2236 3548 2289 et
3577 2250 3811 2292 menses

2155 2331 2379 2388 novem,
2414 2320 2841 2390 computandos
2873 2336 2904 2375 a
2937 2320 3226 2393 principio
3275 2321 3536 2377 Januarii
3584 2325 3809 2381 mensis

2152 2406 2441 2476 presentis
2473 2411 2629 2463 sexte
2661 2407 3016 2464 indictionis.
3049 2409 3467 2467 Verumtamen
3501 2417 3557 2467 ct
3600 2417 3803 2470 contra

2151 2512 2347 2568 regem
2381 2497 2595 2568 Sicilie,
2617 2499 3107 2571 quandocumque
3139 2500 3261 2571 ipse
3293 2503 3804 2573 argumentabitur

2150 2585 2440 2641 offendere
2465 2587 2808 2643 Romaniam
2834 2588 2986 2643 infra
3008 2606 3194 2644 annos
3225 2590 3628 2648 conventionis
3651 2592 3804 2648 inter

2147 2691 2245 2730 eos
2280 2676 2448 2744 facte,
2481 2677 2712 2732 venient
2754 2677 3016 2733 Venetici
3067 2679 3218 2735 intra
3267 2684 3522 2752 quatuor
3570 2698 3803 2740 menses

2147 2769 2277 2837 post
2310 2766 2506 2821 datam
2541 2767 2611 2822 de
2642 2766 2751 2822 hoc
2784 2767 3056 2823 noticiam
3078 2767 3210 2823 duci
3231 2769 3568 2842 abimperio
3598 2787 3800 2826 eorum

2143 2856 2381 2912 Venetie
2399 2858 2471 2912 ad
2495 2858 2783 2928 adjuvand
2798 2875 2891 2913 um
2922 2859 3262 2914 Romaniam
3293 2864 3349 2916 et
3369 2861 3798 2918 defendendum

2142 2962 2268 3002 eam
2304 2963 2437 3001 cum
2470 2946 2653 3018 galeis
2686 2947 3020 3019 quindecim
3058 2947 3207 3004 bona
3238 2949 3798 3008 ﬁde.Verumtamen

2141 3036 2212 3091 de
2241 3034 2426 3107 galeis
2457 3041 2513 3091 et
2561 3053 2700 3109 roga
2734 3037 2905 3092 debet
2954 3037 3100 3105 fieri,
3134 3039 3460 3095 secundum
3511 3041 3665 3110 quod
3701 3058 3794 3098 su-

2139 3125 2336 3197 perius
2369 3126 2587 3181 dictum
2623 3131 2730 3182 est.

2212 3216 2378 3284 ltem,
2411 3215 2459 3271 si
2512 3215 2828 3288 imperium
2859 3233 3062 3273 eorum
3090 3217 3338 3274 voluerit
3385 3217 3655 3275 homines
3687 3225 3790 3276 aut

2135 3304 2409 3360 vestiaria
2438 3305 2740 3362 Venetiam
2775 3304 3006 3361 mittere
3051 3306 3235 3378 gratia
3277 3309 3640 3364 conducendi
3673 3310 3784 3366 mi-

365 3390 781 3462 unusquisque
856 3407 1081 3460 eorum,
1142 3391 1241 3461 qui
1320 3407 1417 3447 eas
1495 3392 1796 3462 reducent,
1855 3394 2026 3449 debet
2057 3371 2099 3438 (οἶ
2136 3392 2270 3448 lites
2303 3411 2336 3448 a
2371 3394 2710 3449 Lombardia
2742 3393 2824 3450 vel
2873 3395 2944 3450 ab
2975 3371 3088 3450 alia
3118 3399 3291 3467 terra,
3318 3400 3374 3452 et
3403 3399 3785 3470 dispensandi

365 3480 580 3536 habere
629 3496 734 3553 pro
788 3481 1054 3536 mercede
1102 3479 1182 3551 id,
1244 3481 1398 3552 quod
1450 3481 1625 3537 fuerit
1673 3483 2023 3539 conveniens

360 3570 688 3627 secundum
724 3572 979 3641 tempus.
1013 3569 1068 3624 Si
1102 3574 1296 3625 autem
1329 3569 1706 3642 imperatoria
1737 3571 2022 3629 celsitudo

359 3676 468 3732 per
496 3657 641 3715 alias
674 3673 956 3730 personas
982 3657 1067 3714 vel
1100 3675 1204 3731 per
1235 3658 1409 3715 aliam
1429 3659 1688 3732 aliquam
1721 3662 2024 3734 dispensa-

363 3750 586 3805 tionem
618 3747 867 3805 voluerit
896 3749 1239 3820 hujusmodi
1286 3747 1586 3820 galearum
1632 3751 2019 3808 reversionem

361 3837 488 3894 ﬁeri
520 3839 578 3894 in
610 3841 827 3894 terram
878 3837 1110 3910 imperii
1161 3853 1387 3904 eorum,
1421 3839 1521 3894 fiet
1570 3843 1628 3894 et
1675 3840 2020 3910 hujusmodi

359 3944 563 3985 earum
617 3927 872 3984 reversio
922 3925 1102 3982 licite.
1135 3930 1205 3983 Et
1249 3927 1298 3983 si
1346 3927 1595 3984 voluerit
1641 3945 1740 3984 eas
1790 3931 2021 3987 Venetie

360 4015 1081 4085 custodiri,custodientur
1111 4017 1182 4072 ad
1216 4016 1496 4072 honorem
1530 4017 1758 4089 imperii
1792 4033 2017 4089 eorum,

361 4124 431 4165 ac
462 4107 508 4163 si
543 4110 745 4163 essent
791 4105 1027 4178 proprie
1058 4105 1316 4175 Venetie,
1348 4106 1447 4162 sed
1496 4110 1694 4162 tamen
1725 4124 1858 4164 cum
1904 4109 2017 4164 im-

357 4195 564 4270 periali
598 4211 872 4267 expensa.

431 4288 600 4358 Item,
633 4266 684 4342 si
715 4285 787 4342 ob
822 4284 1076 4357 _aliquod
1125 4301 1437 4358 gravamen
1489 4285 1861 4357 nequiverint
1905 4287 2017 4343 hu-
2051 4266 2055 4270 ³

351 4376 623 4450 jusmodi
654 4374 819 4448 galee
853 4375 1179 4432 secundum
1211 4374 1513 4448 praeﬁxum
1563 4376 1883 4432 terminum
1919 4395 2016 4434 ve-

356 4466 486 4522 nire
537 4465 798 4533 Venetia,
852 4465 1070 4521 debent
1116 4465 1174 4520 in
1225 4464 1532 4521 servitium
1582 4465 1716 4522 stoli
1786 4466 2018 4539 imperii

356 4571 561 4614 eorum
595 4554 825 4628 ingredi
858 4570 1062 4611 omnes
1090 4554 1311 4613 inventi
1345 4554 1401 4609 in
1437 4555 1719 4612 Romanis
1736 4556 2016 4630 Venetici,

358 4646 433 4702 de
464 4648 718 4718 quatuor
749 4645 1222 4712 tres,secundum
1257 4646 1410 4718 quod
1430 4647 1705 4718 superius
1727 4650 2015 4703 statutum

361 4739 472 4806 est,
505 4751 638 4791 cum
672 4738 727 4790 ct
761 4733 1071 4790 manifesta
1104 4750 1264 4806 roga.
1648 4802 1649 4805 η

435 4825 602 4893 Item,
656 4824 705 4879 si
761 4823 1008 4896 imperio
1068 4838 1271 4879 eorum
1330 4825 1564 4896 expedit
1612 4825 1896 4882 auxilium
1948 4829 2018 4883 ad

363 4914 786 4971 de'ti'ensionem
820 4916 970 4969 terre
1001 4911 1372 4970 celsitudinis
1421 4931 1624 4970 eorum
1657 4916 1730 4972 ob
1762 4917 2018 4989 aliquem

358 5003 739 5060 inimicorum
770 5003 829 5058 in
851 5002 1198 5058 Romaniam
1229 5002 1635 5077 ingressurum
1671 5022 1806 5063 cum
1838 5007 2020 5079 galeis

364 5093 759 5167 quadraginta
809 5091 894 5148 vel
929 5090 1222 5163 pluribus,
1255 5096 1311 5148 et
1361 5095 1692 5166 nequiverit
1721 5095 2020 5153 Venetiam

360 5182 594 5240 mittere
626 5199 730 5255 pro
763 5178 1082 5254 adjutorio,
1115 5181 1287 5238 debet
1317 5182 1691 5255 imperatoria
1738 5185 2023 5243 celsitudo

361 5273 647 5329 inducere
705 5271 774 5327 ad
839 5269 1259 5325 deifensionem
1320 5275 1473 5328 terre
1530 5272 1760 5345 imperii
1823 5291 2023 5331 eorum

365 5366 572 5420 contra
618 5359 958 5433 hujusmodi
1005 5359 1311 5415 inimicum
1343 5359 1673 5428 Vcneticos,
1705 5362 1764 5417 in
1817 5380 2028 5434 magna

374 5453 518 5507 urbe
575 5449 846 5506 videlicet
903 5452 959 5504 et
1008 5448 1206 5504 circha
1265 5465 1388 5505 eam
1451 5451 1767 5508 existentes
1824 5469 2028 5510 versus

477 5634 564 5701 32)
597 5633 757 5688 Idem
791 5647 803 5687 :
827 5630 1121 5701 jurabunt.

477 5635 545 5688 32
597 5634 757 5688 Idem
791 5647 803 5687 :
827 5634 1121 5701 jurabunt.

453 5634 566 5776 233i
602 5703 799 5760 Malim
833 5703 1155 5773 tutamenta,
1187 5704 1381 5761 Graeca
1412 5703 1685 5762 dictione.
1721 5705 1906 5762 Marin
1940 5709 2030 5763 vin-

383 5779 742 5835 terveniente.

460 5849 570 5923 (34)
602 5849 767 5908 Hunc
799 5846 993 5906 locum
1037 5846 1194 5904 haud
1226 5847 1403 5906 dubie
1452 5849 1796 5907 lacunosum
1829 5850 1912 5908 sic
1943 5869 2031 5908 ex-

2135 3499 2222 3550 ea,
2254 3499 2365 3554 que
2398 3483 2466 3538 ad
2519 3482 2798 3539 honorem
2865 3488 2921 3540 et
2967 3483 3278 3540 utilitatem
3329 3489 3480 3542 terre
3525 3492 3788 3559 spectant

2133 3572 2495 3628 celsitudinis
2523 3589 2748 3633 eorum.
2777 3572 2932 3628 licite
2964 3573 3136 3629 faciet
3164 3574 3293 3641 hoc,
3328 3575 3375 3630 si
3409 3575 3517 3630 hoc
3550 3593 3665 3632 non
3698 3581 3788 3633 est

2131 3665 2336 3718 contra
2350 3661 2954 3718 Venetiam.Homines
2977 3667 3171 3718 autem
3193 3663 3425 3720 Venetie
3447 3665 3784 3722 debentho-

2133 3751 2322 3808 mines
2350 3755 2407 3807 et
2436 3751 2712 3807 vestiaria
2751 3752 3133 3808 sublimitatis
3165 3767 3365 3808 eorum
3420 3754 3698 3827 recipere,
3730 3761 3788 3812 et

2131 3840 2439 3896 defendere
2460 3845 2516 3895 et
2536 3841 2806 3897 homines
2829 3844 2884 3896 et
2928 3843 3236 3913 pecuniam
3261 3843 3333 3898 ab
3357 3843 3635 3899 omnibus
3669 3844 3781 3900 ini-

2131 3929 2476 3986 micis.Veru
2488 3934 2746 3986 mtamen
2763 3929 3076 4002 imperium
3091 3947 3226 3986 eoru
3239 3948 3292 3986 m
3310 3948 3421 3989 non
3438 3933 3783 3990 debetVene-

2128 4021 2212 4075 tia
2242 4021 2484 4075 educere
2518 4019 2734 4075 stolum
2764 4019 2849 4075 vel
2883 4020 3203 4076 exercitum
3253 4026 3457 4077 contra
3498 4021 3782 4094 aliquem,

2130 4125 2263 4165 cum
2298 4125 2412 4180 quo
2447 4109 2710 4164 Venetici
2741 4108 2998 4164 habeant
3030 4110 3307 4166 unionem
3341 4114 3398 4166 et
3427 4128 3706 4168 amorem.

2200 4203 2367 4268 Item,
2402 4198 2450 4253 si
2479 4198 2855 4270 imperatoria
2889 4198 3172 4255 celsitudo
3198 4199 3447 4255 voluerit
3476 4200 3693 4257 milites
3720 4201 3778 4257 in

2129 4287 2476 4343 Romaniam
2506 4288 2887 4344 transducerc
2927 4304 3029 4358 per
3059 4289 3386 4359 Venetiam,
3420 4287 3577 4345 licite
3610 4289 3782 4346 faciet

2128 4381 2185 4433 et
2214 4377 2344 4446 hoc,
2379 4376 2491 4433 nisi
2525 4376 2638 4448 ipsi
2673 4376 2969 4433 manifesti
3002 4377 3228 4434 inimici
3260 4378 3499 4434 Venetie
3542 4378 3778 4452 fuerint,

2130 4471 2233 4522 aut
2251 4466 2494 4522 Venetia
2517 4466 2797 4538 impedita
2821 4465 3017 4522 fuerit.
3044 4472 3184 4522 Nam
3213 4471 3510 4524 transacto
3530 4469 3780 4541 impedi-

2129 4560 2326 4613 mento
2359 4555 2558 4612 licebit
2589 4555 2860 4627 transire,
2893 4557 3012 4612 sive
3055 4556 3162 4612 soli
3216 4558 3452 4625 fuerint,
3486 4557 3605 4616 sive
3647 4575 3780 4615 cum

2127 4645 2381 4702 familiis.
2401 4645 2565 4702 Talia
2593 4645 2772 4717 igitur
2801 4646 3037 4702 servitia
3069 4647 3284 4702 debent
3314 4647 3571 4704 Venetici
3594 4648 3783 4721 impe-

2047 4752 2095 4817 D
2130 4736 2213 4792 rio
2247 4751 2447 4792 eorum
2482 4739 2539 4791 et
2570 4735 2852 4792 Romanis
2878 4737 3086 4806 facere,
3123 4735 3235 4793 nisi
3268 4738 3340 4792 ab
3388 4738 3588 4810 aliqua
3618 4755 3782 4794 coro-

2130 4829 2400 4881 natarum
2435 4843 2816 4897 personarum
2850 4825 2934 4881 vel
2968 4842 3316 4898 magnarum
3342 4830 3631 4883 terrarum
3664 4845 3781 4882 ma-

2132 4915 2404 4971 nifestam
2450 4914 2821 4972 inimicitiam
2856 4915 3126 4984 habeant,
3163 4916 3306 4971 adeo
3339 4916 3490 4985 quod
3523 4915 3634 4987 ipsi
3669 4933 3784 4970 ser-

2130 5005 2336 5060 vitium
2363 5005 2550 5061 facere
2570 5004 3015 5076 nequeant,sine
3041 5004 3242 5059 fraude
3264 5006 3319 5059 et
3345 5003 3497 5059 malo
3523 5002 3776 5074 ingenio.

2205 5095 2347 5151 Item
2409 5095 2587 5150 duces
2644 5094 2902 5164 Venetie,
2955 5093 3052 5165 qui
3112 5110 3214 5165 per
3268 5097 3533 5164 tempora
3587 5096 3778 5161 erunt,

2128 5185 2436 5257 jurabunt,
2490 5185 2640 5256 quod
2695 5182 2942 5255 imperio
2992 5183 3121 5254 ejus
3175 5187 3232 5238 et
3281 5181 3607 5238 haeredibus
3655 5182 3782 5252 ejus

2137 5273 2420 5331 masculis
2468 5278 2523 5328 et
2572 5273 2940 5341 mulieribus,
2977 5273 3075 5344 qui
3126 5276 3182 5328 et
3227 5288 3337 5343 que
3383 5271 3780 5344 imperabunt,

2133 5365 2223 5422 vel
2281 5364 2420 5432 hiis,
2481 5363 2576 5434 qui
2633 5379 2698 5418 cx
2755 5365 3037 5434 praecepto
3104 5377 3308 5417 eorum
3386 5360 3782 5434 imperabunt,

2138 5454 2502 5511 ﬁdelitatem.
2550 5495 2561 5506 .
2609 5495 2620 5506 .
2674 5452 2973 5508 debebunt
3001 5452 3113 5524 (34)
3151 5450 3411 5517 Venetie,
3459 5451 3785 5508 secundum

2141 5635 2261 5707 plet
2288 5635 2427 5690 Nov.
2460 5633 2530 5688 Xl
2563 5633 2716 5688 infra
2747 5649 2758 5686 :
2787 5653 2829 5707 _«
2861 5632 3032 5688 fidem
3085 5630 3400 5687 servabunt
3435 5630 3610 5688 etiam
3658 5647 3790 5686 eam

2141 5705 2344 5763 contra
2375 5723 2608 5762 omnem
2647 5705 2937 5761 hominem
2990 5707 3333 5759 coronatum
3368 5707 3424 5759 et
3466 5720 3580 5759 non
3627 5717 3790 5758 coro-

2141 5784 2370 5907 natum,
2405 5778 2560 5836 salvo
2592 5795 2657 5835 eo
2689 5777 2842 5850 quod
2877 5793 2976 5849 per
2999 5779 3406 5848 ,juramentum
3439 5776 3650 5832 debent
3681 5775 3788 5832 Ve-

2141 5867 2214 5907 ne
2245 5869 2316 5907 1e.
2353 5868 2378 5901 ι

2141 5867 2316 5908 neue.
2353 5868 2378 5901 1
