4130 6374
311 511 424 570 46⁵1

1632 503 1888 563 ISAACI
1934 502 2221 562 ANGELI
2266 501 2431 564 IMP.

3615 505 3738 564 468

312 640 466 714 quod
501 656 653 695 nunc
683 639 798 695 dux
842 637 1100 705 Venetie,
1135 642 1363 692 Aureus
1411 635 1692 708 magistro
1727 637 1952 705 Petrus,
1986 636 2039 703 Α
2067 632 2342 689 vestiario
2373 633 2603 707 imperii
2636 633 2815 690 nostri
2840 633 3031 690 ablate
3049 639 3268 693 essent.
3303 635 3410 702 Qui
3443 639 3500 692 et
3521 635 3730 708 jurare

304 729 545 801 juravit.

384 818 688 875 Debitores
745 818 869 873 fisci
928 821 984 872 et
1034 820 1383 871 Romeorum
1455 814 1700 870 reddent
1770 812 1967 870 omnia

317 928 432 983 que
462 927 530 966 ex
578 908 770 964 debito
822 907 1053 961 debent.
1089 908 1154 959 Et
1211 905 1259 960 si
1318 905 1546 959 debitor
1597 920 1712 959 non
1770 903 1964 974 habet,

320 1001 474 1056 unde
521 999 783 1054 debitum
809 996 1032 1060 reddat,
1065 994 1236 1049 debet
1277 994 1530 1050 creditor
1552 993 1764 1048 habere
1788 993 1964 1064 justi-

317 1090 458 1146 tiam
510 1089 578 1142 de
610 1085 868 1142 debitore
895 1103 907 1153 ;
932 1084 978 1139 si
1014 1088 1206 1140 autem
1241 1082 1334 1140 his
1363 1083 1593 1151 obierit,
1625 1084 1695 1139 de
1720 1082 1966 1138 heredi-

316 1178 428 1234 bus
459 1178 608 1247 ejus.

385 1263 621 1330 ltem,si
656 1263 933 1319 inimicus
967 1261 1342 1334 imperator-ie
1372 1260 1741 1316 celsitudinis
1773 1277 1966 1332 super-

311 1354 533 1410 venerit
560 1353 632 1409 ad
667 1353 1138 1425 impugnandum
1192 1355 1408 1406 terram
1458 1350 1688 1422 imperii
1739 1365 1963 1416 eorum,

310 1446 370 1500 in
406 1461 523 1515 qua
559 1442 815 1498 Venetici
869 1446 1032 1508 sunt,
1065 1441 1279 1496 debent
1309 1439 1421 1511 ipsi
1475 1439 1784 1494 defendere
1813 1455 1964 1508 eam,

311 1539 366 1590 et
399 1533 707 1588 inimicum
741 1529 1026 1602 expellere
1059 1530 1129 1585 ab
1180 1529 1521 1600 bujusmodi
1557 1533 1730 1595 terra,
1766 1527 1964 1582 velluti

307 1627 576 1696 possunt,
612 1623 763 1677 bona
794 1621 906 1675 fide
937 1624 994 1675 et
1027 1618 1152 1674 sine
1186 1619 1407 1675 fraude.

381 1714 538 1767 [lane
573 1711 769 1782 itaque
800 1707 1242 1765 conventionem
1279 1709 1508 1763 firmam
1542 1711 1598 1764 et
1635 1723 1963 1764 sacramen-

307 1810 436 1861 tum
489 1805 726 1859 ﬁrmum
774 1802 1035 1858 Venetici
1083 1802 1499 1868 observabunt,
1551 1804 1607 1855 et
1656 1816 1844 1872 neque
1891 1800 1962 1856 ob

311 1894 534 1950 illatam
567 1895 651 1949 eis
697 1893 844 1948 iram
899 1907 1132 1963 semper
1178 1890 1546 1946 memorandi
1593 1887 1964 1961 imperatoris

305 1979 782 2054 porphyrogeniti
813 1978 1032 2035 domini
1065 1977 1572 2048 Manuelis,neque
1602 1976 1673 2032 ob
1701 1975 1958 2046 aliquam

305 2071 480 2127 aliam
507 2071 874 2126 occasionem
897 2068 982 2124 eis
1008 2069 1220 2123 factam
1244 2064 1583 2136 bujusmodi
1619 2079 1956 2120 sacramen-

303 2166 429 2216 tum
461 2159 805 2230 infringent,
841 2173 1029 2229 neque
1060 2157 1131 2212 ob
1163 2160 1540 2228 praeceptum,
1564 2153 1650 2210 vel
1683 2153 1956 2208 timorem

301 2250 556 2320 alicujus
586 2252 997 2304 coronatorum
1034 2245 1118 2301 vel
1153 2263 1266 2300 non
1299 2249 1734 2311 coronatorum,
1770 2257 1960 2314 neque

297 2340 372 2395 ob
403 2337 868 2394 ecclesiasticam
899 2334 1568 2390 excommunicationem
1600 2331 1686 2388 vel
1718 2330 1957 2387 absolu-

300 2428 520 2484 tionem
546 2426 802 2496 alicujus
827 2425 1306 2497 pontificum,aut
1323 2422 1511 2494 ipsius
1527 2439 1671 2494 pape
1687 2420 1958 2477 Romani.

304 2517 490 2590 Igitur
525 2517 629 2571 hec
673 2514 871 2570 omnia
905 2512 1157 2568 Venetici
1206 2513 1604 2568 observabunt
1651 2511 1803 2566 bona
1849 2509 1962 2565 ﬁde

309 2611 367 2662 et
397 2605 524 2660 sine
552 2604 775 2672 fraude,
813 2619 1122 2674 quousque
1167 2608 1223 2656 et
1255 2603 1325 2656 ab
1349 2600 1595 2672 imperio
1621 2601 1747 2671 ejus
1780 2603 1837 2654 et
1870 2599 1957 2654 fu-

311 2693 463 2751 turis
495 2692 951 2764 imperatoribus
1000 2690 1220 2761 integre
1269 2694 1686 2746 conserventur
1731 2705 1816 2755 ea,
1851 2704 1964 2759 que

311 2783 745 2856 promittuntur
793 2780 961 2836 nobis
992 2799 1024 2836 a
1065 2779 1302 2835 domino
1352 2780 1702 2850 imperatore
1750 2779 1963 2833 Roma-

313 2890 524 2929 norum
555 2877 610 2926 et
641 2887 874 2942 semper
904 2875 1153 2941 augusto
1185 2869 1423 2924 domino
1445 2868 1711 2940 Ysaakyo
1743 2866 1963 2940 Augelo

311 2978 416 3036 per
445 2958 866 3032 chrysobulum
898 2957 1128 3030 imperii
1155 2959 1304 3029 ejus.

385 3049 502 3105 Hec
533 3048 770 3120 quidem
819 3052 978 3114 sunt,
1016 3064 1130 3119 que
1179 3045 1438 3102 Venetici
1470 3046 1716 3119 imperio
1765 3049 1965 3100 nes-iro

311 3142 369 3194 et
398 3137 682 3194 Romanie
713 3153 815 3208 per
847 3136 1290 3192 conventionem
1327 3135 1788 3206 speponderunt.
1814 3136 1965 3198 Quo-

312 3227 470 3283 niam
503 3241 638 3281 vero
671 3232 727 3281 et
775 3241 878 3297 per
919 3227 1326 3297 juramentum
1379 3224 1487 3280 hee
1535 3226 1740 3280 eadem
1787 3224 1966 3278 mani-

316 3318 502 3372 festus
530 3314 798 3370 videlicet
827 3315 947 3369 dux
973 3313 1214 3368 Venetie
1240 3318 1297 3368 et
1318 3313 1675 3368 manifestati
1715 3311 1967 3367 Venetici

2079 721 2312 790 debent,
2345 725 2499 795 quod
2533 724 2858 780 secundum
2892 729 3252 797 praeceptum
3285 725 3514 798 imperii
3550 729 3740 784 nostri

2079 813 2401 868 studebunt
2424 813 2680 868 invenire
2701 817 2756 870 et
2781 814 3041 886 accipere
3065 815 3407 886 bujusmodi
3432 833 3524 872 res
3548 817 3622 872 ad
3641 816 3742 873 ho-

2080 917 2278 957 norem
2324 902 2630 958 clementie
2662 908 2859 959 nostre
2891 908 2945 958 et
2978 904 3292 960 utilitatem
3333 905 3734 962 Ventieorum.

2078 991 2144 1045 Et
2169 991 2218 1046 si
2252 991 2474 1062 aliquid
2504 992 2575 1046 de
2606 991 2722 1047 hiis
2755 992 3054 1048 venditum
3087 997 3270 1061 est,et
3302 994 3514 1050 dixerit
3540 994 3739 1051 Vene-

2076 1079 2229 1136 ticus
2263 1080 2668 1137 fraudulenter
2699 1080 2845 1137 illud
2879 1083 3000 1139 fore
3030 1083 3610 1154 venditum,jurabit
3645 1084 3740 1141 ille

2076 1170 2178 1240 qui
2207 1170 2489 1240 vendidit,
2524 1171 2678 1242 quod
2714 1171 2869 1227 bona
2899 1173 3013 1228 fide
3062 1189 3183 1228 rem
3215 1173 3473 1229 Venetici
3527 1175 3740 1230 vendi-

2075 1258 2225 1313 derit
2257 1263 2314 1312 et
2345 1276 2448 1331 pro
2481 1263 2663 1326 tanto,
2699 1263 2916 1331 quanto
2967 1275 3094 1315 eam
3142 1261 3390 1315 vendere
3439 1261 3652 1332 quivit,
3687 1265 3744 1317 et

2076 1349 2227 1418 quod
2267 1363 2370 1403 nec
2402 1347 2533 1420 plus
2565 1348 2699 1403 inde
2731 1349 3020 1421 acceperit
3072 1366 3176 1404 nec
3225 1354 3578 1422 accepturus
3627 1357 3739 1419 est,

2077 1436 2186 1492 nisi
2221 1441 2508 1507 quantum
2541 1437 2707 1502 dixit,
2742 1439 2788 1492 si
2841 1437 3208 1510 propinquus
3260 1439 3492 1511 imperii
3549 1440 3740 1496 nostri

2076 1543 2191 1580 non
2225 1526 2416 1581 fuerit.
2452 1531 2851 1582 Veruntamen
2883 1531 2940 1583 et
2985 1527 3056 1582 de
3107 1528 3457 1600 pr0pinquis
3502 1529 3745 1586 celsitu-

2075 1614 2230 1672 dinis
2264 1621 2460 1672 nostre
2490 1621 2547 1672 et
2577 1617 2646 1671 de
2695 1615 2826 1672 aliis
2877 1617 3049 1672 debet
3083 1617 3205 1673 fieri
3261 1622 3435 1673 cauta
3475 1618 3742 1691 justitia,

2075 1706 2399 1761 secundum
2433 1707 2585 1777 quod
2632 1706 2866 1762 deberet
2898 1706 3019 1762 fieri
3055 1724 3158 1780 pro
3190 1707 3365 1764 rebus
3409 1708 3636 1766 ablatis
3667 1710 3738 1766 de

2073 1794 2346 1851 vestiario
2382 1800 2580 1851 nostro
2619 1795 2848 1867 imperii
2883 1795 3091 1852 nostri.

2147 1885 2292 1940 Item
2334 1889 2412 1951 et,
2449 1885 2495 1940 si
2556 1903 2660 1957 pro
2719 1884 2973 1951 servitio,
3006 1886 3155 1958 quod
3221 1886 3469 1958 imperio
3528 1891 3738 1945 nostro

2077 1973 2289 2030 facient
2319 1972 2405 2030 vel
2432 1974 2806 2046 imperaturis
2825 1976 3154 2032 secundum
3181 1977 3336 2048 quod
3361 1976 3592 2033 dictum
3624 1983 3735 2047 est,

2072 2063 2476 2134 supervenerit
2524 2063 2608 2119 eis
2639 2063 2948 2119 inimicitia
2979 2082 3011 2120 a
3041 2070 3318 2122 coronata
3360 2082 3622 2139 persona
3652 2067 3739 2123 vel

2066 2170 2098 2207 a
2125 2169 2338 2224 magna
2367 2157 2565 2224 gente,
2599 2152 2767 2208 debet
2819 2152 3134 2225 imperium
3181 2159 3450 2211 nostrum
3482 2155 3579 2212 vel
3620 2156 3733 2212 im-

2067 2243 2326 2314 peraturi
2357 2259 2458 2314 per
2503 2247 2767 2315 tempora
2795 2258 2894 2298 eos
2933 2244 3160 2315 juvare,
3194 2245 3520 2301 secundum
3575 2245 3733 2318 quod

2061 2331 2268 2402 juvare
2298 2331 2534 2387 deberet
2565 2349 2743 2386 unam
2795 2334 2866 2388 de
2900 2333 3133 2404 magnis
3185 2333 3462 2390 Romanis
3515 2335 3729 2392 civita-

2071 2419 2249 2489 tibus,
2282 2424 2538 2493 excepto,
2567 2421 2616 2476 si
2667 2439 2768 2493 pro
2801 2421 3135 2494 quindecim
3185 2423 3390 2496 galeis,
3423 2441 3579 2496 quas
3629 2425 3736 2481 im-

2071 2509 2230 2583 perio
2263 2514 2460 2566 nostro
2493 2511 2630 2567 dare
2662 2511 2874 2567 debent
2904 2511 3058 2568 infra
3089 2515 3322 2585 tempus
3357 2514 3730 2587 paeis,quam

2073 2617 2207 2654 cum
2241 2598 2629 2656 nobillissiino
2661 2616 2795 2674 rege
2826 2601 3022 2657 Sicilia
3051 2601 3322 2658 Vilielmo
3372 2603 3618 2673 habent,
3651 2604 3736 2661 eis

2072 2689 2494 2760 supervenerit.
2527 2690 2671 2745 Nam
2699 2690 2746 2745 si
2797 2707 2902 2761 pro
2914 2691 3039 2762 jam
3067 2691 3239 2747 dictis
3270 2691 3452 2764 galeis
3483 2692 3736 2748 inimici-

2072 2776 2155 2832 tia
2185 2777 2268 2832 eis
2299 2779 2571 2843 evenerit,
2605 2780 2776 2833 debet
2825 2780 3055 2850 imperii
3091 2781 3274 2835 nostri
3308 2782 3599 2837 serenitas
3631 2797 3729 2838 eos

2065 2867 2271 2938 juvare
2303 2868 2628 2922 secundum
2653 2885 2823 2924 suam
2847 2867 3309 2925 voluntatem.Et
3329 2870 3379 2925 si
3409 2869 3726 2943 imperium

2074 2959 2340 3010 nostrum
2394 2955 2483 3012 vel
2515 2956 2879 3028 imperaturi,
2927 2958 3254 3014 secundum
3303 2960 3460 3031 quod
3506 2961 3727 3016 dictum

2074 3047 2182 3112 est,
2217 3044 2416 3100 fecerit
2447 3061 2648 3117 pacem
2679 3046 2767 3102 vel
2799 3051 3027 3102 treuam
3059 3063 3193 3102 cum
3245 3046 3445 3119 aliquo
3477 3048 3724 3104 inimico-

2074 3150 2228 3198 rum,
2290 3140 2492 3190 eontra
2533 3152 2704 3205 quem
2751 3134 3012 3192 Venetici
3063 3136 3310 3208 imperio
3361 3141 3558 3194 nostro
3603 3151 3717 3191 ser-

2076 3223 2254 3293 vient,
2305 3225 2480 3279 debet
2526 3224 2842 3296 imperium
2889 3229 3157 3281 nostrum
3205 3241 3306 3282 eos
3360 3225 3713 3281 introducere

2075 3309 2134 3366 in
2169 3311 2509 3382 bujusmodi
2542 3331 2744 3386 pacem
2775 3314 2866 3370 vel
2897 3315 3230 3370 treuam.Et
3259 3315 3310 3372 si
3341 3313 3522 3371 stolus
3546 3310 3712 3368 celsi-

313 3406 833 3471 confirmaverunt,
877 3403 1109 3475 imperii
1160 3401 1344 3458 nostri
1402 3401 1714 3458 clementia
1770 3401 1970 3470 hujus-
2001 3382 2043 3449 Ο
2084 3401 2310 3456 tudinis
2333 3407 2544 3458 nostris
2568 3421 2686 3459 una
2708 3419 2843 3459 cum
2866 3403 3444 3460 Veneticorumstolo
3467 3402 3716 3474 aliquam

317 3494 478 3551 modi
509 3509 712 3549 eorum
767 3491 1210 3548 conventionem
1239 3493 1570 3561 iuramento
1619 3491 1960 3546 corrobora-

310 3589 431 3640 tam
460 3582 712 3655 benigne
737 3580 1114 3653 recipiens,in
1137 3581 1444 3652 pristinam
1471 3579 1962 3649 uninnem.qnam

314 3688 451 3729 cum
477 3670 764 3727 Romania
782 3670 1098 3737 habebant,
1131 3685 1230 3725 eos
1275 3669 1554 3725 restituit.
1585 3673 1652 3724 Et
1683 3685 1968 3724 renovans

320 3759 672 3833 chrysobula
704 3759 788 3815 eis
822 3759 972 3814 facta
1002 3760 1071 3813 ah
1125 3757 1279 3814 inter
1307 3758 1688 3830 imperatores
1739 3775 1971 3827 semper

321 3851 699 3908 memorando
729 3850 1079 3922 imperatore
1129 3854 1184 3904 et
1228 3853 1431 3922 patruo
1481 3849 1709 3922 imperii
1761 3849 1966 3918 nostri,

323 3940 544 3997 domini
569 3939 855 3995 Manuelis
879 3938 1159 3994 Comnani
1181 3939 1314 4012 (35),
1356 3938 1647 4011 promittit
1671 3953 1771 4011 per
1793 3955 1967 3993 suum

311 4029 736 4104 chrysobulum
770 4029 1034 4097 verbum,
1069 4046 1166 4084 eos
1211 4031 1537 4084 conversari
1573 4028 1630 4084 in
1685 4029 1969 4085 universis

317 4119 492 4177 terris
524 4125 736 4176 nostrae
786 4117 878 4191 pie
910 4117 1357 4189 tranquillitatis
1391 4135 1494 4190 per
1541 4121 1754 4174 terram
1787 4123 1842 4174 et
1871 4135 1973 4190 per

316 4227 477 4267 mare
507 4211 730 4282 absque
770 4207 927 4264 omni
969 4207 1203 4263 datione
1226 4209 1555 4263 secundum
1590 4208 1972 4280 comprehen-

315 4302 515 4357 siones
536 4297 875 4370 hujusmodi
911 4297 1422 4370 chrysobulorum,
1455 4301 1510 4353 et
1547 4298 1662 4353 fore
1700 4297 1892 4354 salvos
1917 4303 1974 4353 et

309 4389 640 4460 intrepidos
688 4388 746 4442 in
800 4389 1066 4460 personis
1091 4393 1146 4442 et
1182 4387 1447 4459 pecuniis
1491 4403 1690 4442 eorum
1746 4392 1866 4443 tam
1901 4389 1973 4442 ah

315 4476 654 4534 hominibus
698 4476 928 4548 imperii
968 4475 1150 4532 nostri
1204 4493 1380 4548 quam
1435 4476 1506 4530 ab
1559 4475 1686 4548 ipso
1727 4475 1974 4549 imperio

319 4570 543 4633 nostro,
601 4571 656 4621 et
705 4565 918 4620 habere
969 4582 1175 4621 omnes
1228 4565 1554 4629 districtus,
1603 4582 1750 4637 quas
1793 4565 1975 4621 habe—

318 4658 460 4712 bant
519 4660 782 4728 tempore
836 4655 993 4710 illate
1045 4655 1130 4709 eis
1190 4654 1270 4708 ire
1331 4669 1564 4724 semper
1611 4655 1974 4710 memorandi

2077 3493 2362 3545 terrarum
2404 3490 2627 3547 inimici
2678 3493 2912 3565 imperii
2943 3493 3128 3548 nostri
3161 3493 3400 3565 ceperit,
3429 3491 3641 3548 debent
3669 3489 3726 3544 in

2076 3595 2142 3632 ea
2170 3579 2383 3634 habere
2415 3581 2668 3635 Venetici
2690 3579 3018 3649 ecclesiam,
3051 3581 3352 3638 embolum
3395 3586 3453 3638 et
3490 3579 3730 3650 scalam,

2078 3674 2136 3724 et
2165 3671 2283 3724 fore
2315 3671 2539 3742 absque
2569 3671 2730 3726 omni
2761 3671 3019 3728 datione.
3053 3671 3356 3727 Debitores
3387 3687 3521 3728 vero
3550 3670 3732 3727 Vene-

2078 3759 2324 3814 ticorum
2380 3761 2575 3813 Romei
2611 3760 2826 3816 debent
2876 3761 3204 3833 persolvere
3235 3776 3434 3827 omne,
3469 3761 3624 3833 quod
3672 3777 3740 3816 ex

2080 3848 2274 3904 debito
2307 3849 2519 3903 debent
2549 3850 2938 3905 creditoribus
2970 3850 3280 3905 Veneticis.
3316 3850 3372 3905 Si
3409 3855 3604 3905 autem
3639 3850 3736 3905 de-

2081 3938 2233 3992 bitor
2263 3955 2376 3994 non
2413 3938 2702 4005 habuerit,
2736 3939 2890 3994 unde
2922 3940 3185 3994 debitum
3219 3938 3532 4011 persolvat,
3565 3939 3737 3996 habe-

2082 4027 2489 4097 bitjusticiam
2541 4028 2851 4084 Venetieus
2903 4029 2974 4084 de
3030 4033 3283 4096 Romeo;
3320 4030 3368 4084 si
3420 4045 3556 4083 vero
3608 4027 3735 4101 ipse

2082 4117 2350 4184 decessit,
2385 4118 2456 4174 de
2486 4117 2820 4172 heredibus
2849 4118 2997 4190 ejus.

2154 4208 2670 4261 Conservahuntur
2720 4208 2903 4279 igitur
2931 4207 3040 4262 hec
3070 4207 3242 4261 firma
3269 4206 3341 4262 ab
3373 4207 3445 4262 ab
3491 4205 3744 4279 imperio

2086 4299 2284 4350 nostro
2317 4301 2373 4350 et
2419 4297 2490 4350 ab
2523 4296 2860 4365 heredibus,
2894 4300 2959 4351 ut
3010 4297 3230 4351 dictum
3265 4299 3373 4362 est,
3407 4300 3463 4352 et
3509 4311 3745 4352 succes-

2085 4385 2317 4440 soribus
2377 4385 2600 4457 imperii
2661 4385 2867 4453 nostri,
2898 4402 3208 4458 quousque
3255 4391 3312 4441 et
3362 4402 3396 4440 a
3446 4383 3748 4441 Veneticis

2085 4476 2333 4531 ﬁrmiter
2362 4482 2418 4533 et
2449 4478 2578 4533 sine
2613 4479 2814 4533 fraude
2844 4482 2899 4532 et
2942 4477 3098 4532 male
3131 4477 3367 4550 ingenio
3399 4493 3748 4532 conservan-

2085 4570 2182 4620 tur
2213 4564 2487 4636 superius
2518 4565 2839 4620 notiﬁcata.
2869 4565 3056 4637 Super
3087 4565 3195 4620 hoc
3225 4565 3380 4621 enim
3415 4569 3472 4619 et
3504 4581 3750 4636 presens

2087 4652 2504 4726 chrySOhulum
2557 4654 2798 4708 verbum
2831 4653 3061 4725 imperii
3096 4654 3279 4710 nostri
3320 4652 3406 4708 eis
3457 4652 3738 4709 collatum

319 4744 691 4818 imperatoris
714 4748 769 4799 et
793 4743 983 4816 patrui
1010 4741 1239 4814 imperii
1267 4742 1449 4797 nostri
1475 4742 1694 4797 domini
1742 4744 1978 4799 Manue-
2011 4757 2054 4821 ι)
2086 4748 2197 4804 est,
2231 4743 2463 4797 firmum
2499 4747 2554 4798 et
2583 4742 2922 4798 inviolabile
2949 4759 3291 4814 permanere
3322 4742 3566 4798 deberis.

323 4835 396 4891 lis
445 4833 745 4902 Comnani,
798 4833 1067 4904 ipsisque
1116 4830 1410 4886 Veneticis
1455 4831 1616 4885 reddi
1669 4837 1725 4887 et
1774 4849 1979 4889 omnes

326 4941 420 4980 res
443 4939 668 4992 eorum,
703 4938 815 4995 que
840 4921 898 4976 in
933 4920 1165 4992 palatiis
1187 4925 1245 4974 et
1300 4921 1672 4975 monasteriis
1724 4921 1975 4990 fuerunt,

327 5018 384 5069 et
406 5030 519 5085 que
537 5012 591 5066 in
617 5010 958 5066 vestiarium
989 5009 1352 5064 intraverunt
1373 5013 1432 5064 et
1455 5008 1567 5064 alia
1616 5009 1740 5066 loca
1763 5012 1977 5084 scripto

325 5107 385 5158 et
406 5119 520 5157 non
547 5101 784 5173 scripto.
820 5100 918 5154 Set
940 5103 996 5152 et
1021 5116 1121 5170 pro
1147 5100 1340 5164 rebus,
1367 5115 1478 5171 que
1523 5101 1828 5157 manifeste
1861 5119 1976 5157 non

327 5190 712 5262 reperientur,
748 5187 911 5242 dabit
933 5187 1218 5243 serenitas
1249 5187 1480 5261 imperii
1505 5189 1688 5245 nostri
1713 5189 1978 5246 homines

326 5277 709 5344 sufﬁcientes,
743 5277 944 5346 eisque
979 5277 1290 5349 praecipiet,
1322 5281 1614 5349 quatenus
1662 5297 1751 5333 res
1799 5283 1978 5335 Vene-

325 5367 578 5422 ticorum
631 5365 894 5421 studiose
943 5370 1192 5438 querant
1236 5370 1292 5421 et
1341 5367 1659 5441 reperiant,
1694 5385 1760 5424 ac
1810 5370 1860 5426 si
1909 5369 1979 5426 de

399 5606 511 5677 (35)
543 5605 689 5677 Lege
722 5624 735 5662 :
766 5608 986 5666 domino
1021 5609 1274 5668 Manuale
1305 5609 1603 5667 Comnano.

2162 4833 2392 4886 Factum
2425 4847 2624 4886 mense
2658 4831 2971 4887 Februario
3003 4831 3294 4904 presentis
3327 4831 3532 4904 quinte
3566 4830 3746 4887 indic-

2086 4921 2263 4977 tionis
2290 4920 2691 4976 sexmillesimi
2725 4921 3134 4976 sexeentesimi
3156 4919 3519 4993 nonagesimi
3553 4918 3742 4992 quinti

2087 5011 2246 5080 anni,
2281 5011 2336 5066 in
2366 5027 2480 5082 quo
2524 5014 2580 5066 et
2610 5015 2878 5065 nostrum
2911 5011 3072 5083 pium
3106 5014 3165 5065 et
3192 5027 3226 5066 a
3257 5011 3364 5067 deo
3399 5013 3724 5082 promotum

2088 5099 2454 5172 subsignavit
2483 5099 2821 5172 imperium.

2194 5254 2484 5309 Ysmmus
2514 5252 2575 5307 in
2606 5252 2834 5307 Christo
2868 5253 2983 5307 Deo
3016 5251 3208 5306 fidelis
3241 5251 3560 5309 imperator
3587 5249 3645 5304 et

2376 5326 2710 5379 moderator
2740 5328 3142 5381 Romanorum
3171 5325 3457 5396 Angelus.
