4130 6392
428 478 550 542 469

1599 482 1993 543 NOVELLE
2038 481 2744 546 CONSTITUTIONES.

3741 489 3862 551 470

2093 661 2188 716 VI.

1166 768 1396 808 PACTUM
1429 766 1552 808 cum
1583 767 1812 807 VENETIS
1842 768 1914 806 ne
1944 767 2162 807 murus
2192 767 2601 810 assancmums
2630 755 2764 826 [56].
2799 757 2884 825 (A.
2920 746 3103 829 1189.)

432 877 784 936 Conﬁrmata
803 876 974 949 equis
1006 882 1095 933 est
1115 879 1243 948 jam
1279 877 1765 932 conventionibus
1823 876 2078 948 scriptis,
2110 877 2163 943 Α
2197 877 2561 948 pensionalia
2586 884 2641 933 et
2663 879 2849 934 scalas
2870 880 3218 946 maritimas,
3254 879 3485 936 embolo
3517 880 3742 951 pridem
3775 880 3846 936 ab

433 984 538 1039 per
565 971 933 1023 sacramenta
963 969 1354 1024 corroboratis
1387 985 1419 1023 a
1445 967 1834 1022 nobillissimo
1886 971 1943 1022 et
1972 967 2084 1021 im-

432 1057 574 1130 perii
607 1057 792 1112 nostri
823 1057 1192 1112 ﬁdellissimo
1225 1059 1371 1112 duce
1421 1057 1678 1124 Venetie,
1740 1057 1908 1111 Aurio
1958 1073 2081 1111 ma-

425 1147 602 1218 gistro
637 1145 830 1210 Petro,
864 1146 963 1217 qui
1012 1147 1296 1216 dignitate
1358 1145 1746 1218 protosevasti
1797 1163 1830 1201 a
1879 1149 2080 1200 nostra

425 1235 789 1291 sublimitate
821 1236 1130 1291 decoratus
1162 1240 1269 1301 est,
1297 1241 1354 1291 et
1401 1237 1472 1291 ab
1525 1235 1798 1290 universa
1840 1234 2080 1290 Venetie

423 1322 792 1394 plenitudine
844 1325 1090 1397 imperio
1148 1329 1349 1381 nostro
1393 1329 1449 1380 et
1478 1325 1780 1388 Romanis,
1817 1325 1962 1378 ﬁdes
2021 1327 2078 1378 et

424 1412 732 1468 servitium
752 1413 1158 1469 Veneticorum
1179 1413 1474 1485 nichilque
1488 1415 1649 1468 deest
1663 1430 1861 1468 eorum
1897 1412 2076 1467 invio-

421 1498 774 1557 labilissime
810 1502 1131 1558 securitati.
1175 1501 1461 1566 Quoniam
1514 1519 1650 1557 vero
1717 1505 2070 1574 oportunum

417 1595 565 1661 erat,
589 1590 832 1646 Venetie
863 1591 1137 1647 satisfieri
1170 1591 1230 1646 in
1288 1592 1402 1659 his,
1428 1609 1542 1656 que
1565 1609 1596 1646 a
1657 1596 1857 1646 nostra
1917 1607 2071 1646 sere-

417 1681 601 1736 nitate
632 1679 1007 1752 eipromissa
1065 1687 1224 1747 sunt,
1283 1682 1556 1736 videlicet
1614 1682 1671 1736 in
1733 1681 2070 1736 redditione

417 1785 636 1834 rerum,
668 1784 779 1840 que
821 1769 1115 1825 Veneticis
1170 1770 1363 1826 ablate
1420 1771 1660 1826 fuerunt
1717 1774 1876 1834 tunc,
1931 1787 2064 1826 cum

414 1873 714 1931 asemper
771 1861 1154 1916 memorando
1203 1859 1557 1932 imperatore
1614 1865 1670 1915 et
1725 1860 2064 1915 desideran-

407 1947 642 2005 tissimo
672 1947 1040 2004 celsitudinis
1062 1953 1262 2005 nostro
1287 1954 1518 2020 patruo,
1545 1950 1785 2004 domino
1839 1953 2065 2005 Manus-

409 2037 808 2103 leComnano,
891 2037 1043 2109 capti
1104 2038 1427 2106 fuerunt,et
1509 2037 1866 2092 exhibitione
1927 2053 2060 2092 cen-

407 2126 771 2182 tenariorum
805 2127 1252 2198 quatuordecim
1274 2142 1730 2199 yperpeporum,
1757 2143 1869 2198 que
1905 2124 2060 2181 ultra

405 2231 533 2272 eam
565 2216 714 2288 ipsis
745 2217 1037 2290 promissa
1068 2221 1211 2272 sunt
1259 2217 1333 2272 ob
1366 2232 1628 2286 causam,
1662 2233 1774 2288 qus
1831 2216 1889 2270 in
1951 2215 2058 2271 cri-

407 2304 615 2363 sobulo
649 2323 750 2378 pro
785 2305 1035 2362 hiisdem
1068 2306 1222 2362 edito
1239 2306 1640 2370 notiﬁcantur,
1668 2305 1739 2360 ob
1773 2322 1920 2376 quos
1948 2305 2062 2376 (57)

410 2398 468 2452 et
513 2411 701 2450 unum
770 2411 1188 2468 yperperorum
1271 2395 1356 2450 eis
1431 2395 1869 2466 preimpensum
1956 2397 2060 2448 est.

409 2485 638 2557 Quippe
668 2487 728 2540 et
779 2484 970 2539 nuntii
1023 2485 1092 2539 ad
1157 2488 1415 2540 nostram
1471 2483 1845 2539 clementiam
1897 2481 2064 2537 missi

411 2578 552 2630 sunt
584 2590 596 2627 :
630 2573 821 2646 primo
856 2573 1096 2645 quidem
1131 2574 1337 2629 Petrus
1383 2572 1652 2639 Michael,
1710 2571 2062 2628 Octavianus

410 2663 689 2730 Quirinus
736 2666 793 2718 et
874 2663 1174 2719 Johannes
1264 2663 1530 2731 Michael,
1615 2661 2057 2716 conventionem

412 2768 603 2824 suam,
637 2769 814 2826 quam
847 2752 1090 2824 imperio
1122 2756 1323 2808 nostro
1355 2757 1414 2808 et
1443 2751 1723 2808 Romanis
1776 2752 2056 2818 fecerunt,

407 2842 736 2912 juramento
796 2843 1229 2898 corroboratam
1285 2842 1556 2914 equidem
1613 2843 1945 2910 offerentes,
2002 2845 2059 2896 ct

416 2945 527 3001 que
553 2931 696 3003 ipsis
729 2930 1019 3004 promissa
1050 2936 1191 2986 sunt
1216 2947 1320 3002 per
1349 2930 1794 3003 chrysobulum,
1849 2933 1912 2984 ut
1967 2929 2054 2984 di-

416 3023 566 3076 ctum
624 3025 743 3086 est,
803 3020 1103 3092 exigentes
1155 3036 1168 3074 :
1222 3020 1433 3076 deinde
1486 3035 1619 3074 vero
1691 3018 1888 3075 sonori
1943 3019 2056 3088 (us)

412 3108 758 3165 nobilissimi
817 3113 875 3164 et
920 3109 1169 3181 imperio
1225 3113 1421 3165 nostro
1482 3106 1825 3164 lidelissimi'
1889 3106 2056 3163 ducis

403 3196 640 3253 Venetie
665 3202 874 3253 Petrus
913 3198 1230 3254 Cornarius
1252 3203 1308 3253 et
1342 3198 1681 3253 Dominicus
1741 3197 2053 3264 Memmus,

405 3291 748 3358 procurator
760 3286 1001 3342 ecclesie
1018 3287 1205 3342 sancti
1223 3287 1423 3357 Marci,
1451 3287 1783 3357 injunctum
1799 3285 2054 3356 profecto

409 3375 724 3432 habentem
760 3377 872 3447 (38)
904 3376 1114 3448 agendi
1141 3376 1320 3432 simul
1378 3393 1510 3432 cum
1557 3376 2005 3449 precedentilius
2039 3393 2052 3442 ;

409 3469 798 3537 reppererunt
827 3466 1067 3538 quidem
1093 3467 1461 3522 clementiam
1496 3471 1757 3521 nostram
1790 3466 2055 3538 ipsorum

406 3554 748 3626 pectilionni
783 3559 1162 3625 annuentem,
1195 3560 1252 3611 et
1284 3556 1353 3610 ad
1389 3555 1800 3626 perfectionem
1827 3571 2052 3618 eorum,

2197 965 2307 1020 hiis
2343 967 2541 1022 habito
2567 969 3197 1039 adjacentes,annuum
3223 969 3530 1024 introitum
3558 969 3844 1026 librarum

2190 1071 2611 1127 yperperorum
2637 1059 3087 1130 quinquaginta.

2264 1144 2331 1198 Et
2359 1151 2562 1201 nostra
2611 1148 2705 1218 pia
2765 1148 3168 1219 tranquillitas
3225 1148 3573 1218 hujusmodi
3634 1165 3840 1204 eorum

2190 1234 2538 1306 peticionem
2596 1235 2758 1291 nullo
2828 1239 3000 1292 modo
3032 1240 3244 1293 renuit.
3279 1241 3648 1310 Quemquam
3680 1237 3836 1294 enim

2187 1339 2358 1394 grave
2389 1324 2718 1380 celsitddini
2755 1330 2951 1381 nostre
2994 1328 3243 1396 videtur,
3281 1326 3650 1382 latitudinem
3684 1327 3839 1382 infra

2185 1427 2460 1482 magnam
2496 1415 2698 1468 urbem
2733 1414 3006 1485 gentibus
3036 1416 3346 1485 exhibere;
3400 1421 3832 1484 verumtamen,

2182 1503 2316 1572 quia
2346 1519 2459 1556 non
2486 1508 2550 1556 ut
2578 1503 2961 1575 alienigenas,
3008 1504 3189 1561 immo
3250 1509 3315 1560 ut
3343 1505 3674 1574 aborigines
3720 1504 3824 1560 Ro-

2182 1607 2388 1646 manos
2420 1607 2605 1662 genus
2642 1592 3045 1648 Veneticorum
3079 1599 3280 1650 nostra
3311 1595 3596 1650 serenitas
3654 1610 3830 1666 repu-

2176 1683 2283 1746 tat,
2316 1685 2667 1753 tantumque
2699 1700 2803 1753 pro
2837 1683 3119 1738 Romania
3149 1683 3369 1753 dolent,
3423 1687 3711 1754 quantum
3775 1686 3832 1738 et

2175 1768 2287 1840 ipsi
2322 1771 2584 1836 Romani,
2616 1775 2957 1844 tantamque
2987 1788 3124 1844 erga
3154 1788 3281 1828 eam
3319 1772 3537 1827 habent
3565 1771 3827 1827 devotio-

2174 1874 2330 1925 nem,
2362 1864 2643 1932 quantam
2677 1865 2733 1916 et
2760 1877 2899 1932 erga
2923 1865 3163 1928 terram,
3198 1878 3308 1932 que
3337 1878 3437 1917 eos
3457 1861 3677 1927 emisit,
3706 1878 3822 1916 non

2173 1947 2258 2003 eis
2278 1953 2531 2016 tantum,
2567 1954 2850 2021 quantum
2893 1951 3169 2006 Romanis
3200 1951 3537 2006 donandum
3569 1965 3700 2005 esse
3738 1948 3818 2004 vi-

2171 2039 2360 2108 detur,
2395 2044 2943 2110 quantumcumque
2973 2040 3057 2095 eis
3080 2039 3364 2111 largiatur
3395 2039 3422 2094 ‘P
3451 2039 3820 2111 Quapropter

2166 2130 2223 2182 et
2255 2132 2453 2184 nostra
2474 2128 2785 2184 clementia
2809 2129 2978 2199 jubet
3000 2147 3102 2201 per
3127 2146 3366 2201 presens
3400 2128 3812 2201 chrysobulum

2169 2217 2436 2284 verbum,
2489 2218 2704 2273 habere
2768 2219 3074 2274 Veneticos
3120 2217 3575 2287 universaalia,
3610 2235 3724 2289 que
3784 2235 3819 2274 a

2175 2306 2399 2361 nuntiis
2429 2323 2632 2362 eorum
2690 2308 2985 2379 postulata
3017 2312 3175 2374 sunt,
3208 2308 3488 2380 ipsosque
3545 2306 3818 2362 embulos

2173 2395 2611 2451 Allemanorum
2685 2401 2743 2452 et
2825 2397 3319 2470 Francigenarum
3378 2402 3435 2452 et
3489 2396 3820 2450 maritimas

2173 2499 2374 2539 eorum
2438 2486 2652 2553 scalas,
2712 2503 2825 2558 que
2871 2487 2928 2541 in
2964 2487 3260 2559 prcsentia
3289 2485 3820 2557 grammaticorum

2172 2579 2370 2629 nostra
2418 2576 2770 2638 serenitatis,
2825 2576 3188 2631 Constantini
3275 2574 3568 2630 Pediadite
3599 2578 3656 2628 et
3711 2573 3822 2628 cla-

2172 2661 2392 2716 rissimi
2425 2662 2951 2733 protonobilissimi
2983 2664 3211 2718 Nichite
3240 2663 3554 2725 Valianite,
3612 2662 3687 2717 ab
3717 2677 3815 2718 ac-

2179 2751 2531 2806 desimotato
2555 2753 2936 2808 Constantino
2965 2753 3219 2808 Petriota
3247 2769 3352 2824 per
3382 2752 3704 2824 practicum
3735 2751 3822 2808 eis

2167 2840 2385 2893 tradita
2415 2845 2556 2896 sunt
2588 2859 2601 2909 ;
2635 2843 2788 2913 quod
2817 2844 2987 2898 debet
3017 2842 3382 2897 corroborari
3419 2841 3655 2913 quidem
3716 2856 3822 2912 per

2170 2931 2722 3002 superscriptionem
2758 2933 3088 3003 pansevasti
3119 2935 3174 2986 et
3203 2935 3402 2986 nostra
3457 2929 3816 2986 sublimitati

2167 3017 2477 3074 familiaris
2508 3020 3028 3086 archicancellarii,
3059 3021 3282 3075 domini
3314 3019 3605 3076 Johannis
3643 3019 3812 3087 duce;

2166 3111 2463 3180 cognitum
2497 3113 2692 3164 autem
2725 3110 2849 3165 ﬁeri
2881 3114 2937 3164 et
2966 3110 3243 3182 congruis
3265 3110 3504 3166 secretis
3526 3123 3660 3164 cum
3683 3123 3815 3179 pre-

2165 3204 2328 3253 sente
2360 3198 2707 3270 chrysobulo
2740 3199 2966 3271 imperii
3011 3199 3215 3254 nostri.
3250 3201 3506 3263 Quorum
3538 3196 3812 3268 equidem

2164 3289 2428 3343 omnium
2452 3305 2684 3344 annuus
2715 3288 2992 3343 introitus
3023 3287 3450 3359 quinquaginta
3481 3286 3647 3342 libris
3675 3302 3812 3342 con-

2166 3381 2284 3432 stat
2306 3379 3154 3449 yperpepororum,secundum
3182 3379 3338 3449 quod
3372 3393 3439 3432 ex
3470 3375 3814 3431 tradicionis

2165 3468 2412 3522 istorum
2450 3467 2703 3537 practico
2725 3465 3050 3537 composito
3108 3470 3284 3536 patet.
3341 3465 3619 3529 Quamvis
3657 3463 3812 3519 enim

2165 3561 2221 3611 et
2253 3573 2356 3628 per
2411 3556 2762 3624 chrysobula
2819 3557 2996 3610 verba
3055 3555 3351 3612 manifesti
3406 3553 3618 3609 emboli
3680 3569 3813 3608 cum

406 3659 522 3716 que
552 3643 624 3698 ab
657 3643 804 3715 ipsis
834 3643 1227 3716 postulantur,
1263 3649 1549 3716 paratam.
1581 3645 1794 3699 Verum
1822 3645 2054 3698 univer-
2087 3629 2130 3694 C
2170 3645 2483 3701 maritimis
2508 3645 2684 3700 scalis
2713 3644 3078 3700 Allemannis
3107 3650 3162 3699 et
3194 3642 3568 3714 Francigenis
3617 3639 3815 3696 collati

405 3732 547 3788 salis
579 3733 883 3789 annulatio
914 3737 972 3789 et
1002 3733 1250 3805 perditio
1284 3750 1503 3800 rerum,
1553 3750 1664 3805 que
1687 3733 1878 3789 ablate
1908 3732 2053 3812 ipsis

400 3822 583 3893 fuere,
615 3821 900 3878 voluntati
933 3823 1083 3878 bone
1115 3823 1450 3878 serenitatis
1477 3827 1883 3893 nostre,quam
1916 3837 2054 3894 erga

397 3911 560 3984 ipsos
586 3910 896 3967 clementia
925 3914 1126 3966 nostra
1157 3911 1860 3982 habebat,impedimento
1893 3911 2050 3981 equi-

397 4001 534 4055 dem
567 4000 778 4055 stabat.
816 4000 1033 4054 Idcirco
1068 4004 1267 4055 nostra
1301 4001 1587 4055 serenitas
1643 4000 1774 4056 illos
1822 4001 2054 4055 imitata

393 4089 666 4156 viatores,
727 4088 827 4159 qui
889 4088 1062 4155 avia,
1119 4090 1369 4144 ducente
1420 4090 1491 4144 ad
1526 4089 1581 4143 id
1637 4090 1792 4160 quod
1853 4089 2054 4144 volunt

396 4179 809 4249 diversorium,
842 4178 1141 4234 modicum
1173 4177 1555 4244 declinantes,
1617 4179 1853 4250 quando
1919 4178 2051 4251 qui-

396 4267 530 4323 dem
557 4268 642 4323 sic
671 4284 834 4333 casu,
870 4283 984 4338 que
1005 4270 1158 4322 recte
1205 4268 1293 4322 vie
1323 4271 1480 4337 sunt,
1513 4283 1790 4340 prospere
1820 4268 1904 4324 eis
1934 4285 2050 4324 non

389 4356 720 4428 jacent.per
749 4356 921 4410 aliam
955 4357 1104 4411 viam
1167 4357 1238 4412 ad
1271 4356 1426 4412 idem
1479 4357 1777 4429 pervenire
1826 4374 2051 4431 cogun-

391 4449 511 4512 tur,
545 4449 602 4500 et
622 4446 694 4501 ad
720 4445 972 4501 eundem
998 4445 1174 4501 ﬁnem
1199 4444 1914 4518 deveniunt,quamquam
1949 4464 2052 4520 per

401 4524 578 4590 aliam
611 4535 856 4600 viam;et
872 4536 943 4590 ad
960 4536 1135 4591 verba
1148 4535 1387 4591 veniens
1410 4553 1540 4591 cum
1556 4537 1679 4606 jam
1705 4537 1880 4592 dictis
1899 4535 2054 4610 lega-

389 4625 468 4680 tis
493 4641 596 4696 pro
628 4641 823 4680 rerum
879 4639 1080 4680 eorum
1111 4625 1466 4692 inventione,
1517 4625 1656 4698 quis
1685 4626 1741 4680 in
1780 4626 2048 4697 possibili

393 4731 524 4770 eam
549 4715 844 4786 jacentem
876 4730 1248 4786 nequaquam
1277 4716 1693 4788 comperiebat,
1718 4715 1896 4772 alium
1923 4734 2048 4773 mo-

395 4805 536 4860 dum
569 4804 654 4860 eis
677 4803 924 4876 precipit
955 4804 1230 4877 reperire,
1264 4822 1367 4876 per
1396 4822 1569 4876 quem
1604 4805 1745 4861 talio
1805 4805 1890 4861 eis
1948 4809 2047 4861 ﬁat

395 4910 590 4949 rerum
625 4910 850 4959 eorum,
885 4908 998 4965 que
1054 4910 1159 4950 ceu
1221 4895 1495 4964 superius
1540 4895 1907 4952 notificatum
1961 4900 2047 4952 est

2164 3734 2282 3790 sint
2313 3753 2325 3803 ;
2358 3738 2765 3795 veruntamen.
2800 3735 2940 3805 quia
2973 3751 3084 3787 non
3128 3733 3232 3787 toti
3290 3732 3444 3800 genti
3481 3731 3812 3786 Allemano-

2163 3841 2291 3879 rum
2321 3829 2377 3880 et
2393 3824 3015 3896 Francigenarum,sed
3039 3823 3242 3894 paucis
3255 3822 3611 3894 quibusdam
3632 3823 3814 3875 extor-

2163 3914 2328 3969 ribus
2383 3918 2441 3968 et
2487 3913 2742 3969 maxime
2798 3912 3133 3984 incognitis,
3191 3928 3296 3967 nec
3358 3910 3808 3966 determinatam

2164 4003 2552 4074 quantitatem
2585 4002 2842 4074 afiquam
2879 4002 3112 4058 servitio
3137 4001 3420 4057 Romanis
3450 3997 3810 4072 imponenti-

2163 4093 2402 4159 bus,sed
2430 4096 2708 4162 tanquam
2727 4096 3003 4162 quantam
3031 4108 3165 4146 caru
3191 4087 3810 4162 pervenit(39),hujus-

2164 4182 2318 4236 modi
2355 4180 2700 4235 beneficium
2759 4178 3041 4234 Romanis
3097 4180 3317 4232 factum
3342 4177 3475 4244 fuit,
3525 4175 3808 4247 quoniam

2159 4269 2412 4324 multum
2447 4269 2682 4340 quidem
2717 4272 2806 4322 est
2837 4266 3066 4322 lucrum
3101 4266 3185 4322 sic
3218 4266 3482 4321 embolos
3513 4269 3571 4319 et
3618 4263 3809 4319 scalas

2160 4357 2536 4425 habentibus,
2572 4356 2864 4412 modicum
2898 4361 3098 4412 autem
3139 4362 3228 4411 est
3263 4355 3588 4426 proficuum
3622 4370 3690 4410 ex
3723 4353 3811 4408 eis

2160 4449 2440 4504 Romanis
2473 4446 2855 4518 proveniens:
2909 4445 3322 4502 convenientes
3380 4444 3684 4500 servitium
3741 4459 3812 4499 ex

2161 4537 2545 4594 universitate
2587 4535 2778 4608 gentis
2835 4535 3116 4590 Romanis
3174 4534 3522 4606 proveniens
3574 4531 3810 4588 servitio

2160 4642 2479 4700 paucorum
2509 4631 2566 4680 et
2593 4641 2661 4679 ex
2692 4624 3060 4694 dispersione
3091 4628 3576 4695 congregatorum
3607 4625 3811 4678 nostra

2159 4715 2503 4771 excellentia
2535 4715 2792 4786 pretulit.
2849 4715 2918 4768 Et
2945 4714 3307 4769 vacationem
3344 4712 3577 4783 quidem
3633 4710 3812 4767 criso-

2159 4805 2360 4861 bulum
2395 4820 2595 4860 eorum
2657 4803 2923 4875 irrogat;
2986 4802 3254 4859 embulos
3311 4818 3447 4856 vero
3504 4817 3707 4857 eorum
3752 4804 3810 4855 et

2158 4894 2349 4950 scalas
2381 4893 2666 4949 Veneticis
2697 4895 2940 4960 confert,
2965 4893 3289 4948 concedens
3320 4889 3619 4962 possidere
3647 4888 3808 4962 ipsos

393 5000 463 5040 ex
492 4982 884 5055 promissione
915 4983 1080 5038 reddi
1111 4983 1344 5054 quidem
1381 4985 1817 5052 debebant,aon
1852 4989 2043 5041 autem
2080 5003 2124 5067 D
2157 4989 2275 5039 tam
2310 4983 2507 5038 omnia
2541 4983 2674 5049 alia,
2708 4999 2883 5054 quam
2938 4988 2996 5036 et
3054 4979 3461 5051 hujuscemodi
3521 4976 3806 5045 embolos,

393 5073 858 5144 reperiebantur,
893 5075 950 5127 et
1005 5073 1078 5128 ob
1109 5072 1220 5128 hoc
1280 5090 1449 5129 suam
1483 5075 1863 5130 redditionem
1897 5075 2049 5132 inter

393 5161 787 5234 impossibilia
817 5162 1134 5234 ponebant.
1159 5162 1273 5234 lpsi
1307 5167 1500 5218 autem
1536 5164 1792 5219 multum
1826 5165 2047 5221 haben-

393 5257 483 5308 tes
516 5251 803 5321 studium,
833 5266 935 5306 sue
967 5255 1120 5306 terre
1166 5253 1493 5323 proficuum
1555 5253 1923 5309 invenerunt.
1981 5257 2049 5309 Et

392 5342 814 5398 habundanter
859 5345 1058 5395 nostra
1119 5340 1456 5412 supplicant
1511 5343 1811 5398 serenitati
1874 5360 2052 5416 super

397 5431 511 5496 his,
534 5446 649 5502 que
705 5431 774 5486 ad
838 5429 1326 5484 restaurationem
1389 5431 1502 5486 sibi
1548 5431 1670 5486 ﬁeri
1722 5431 1943 5501 volunt,
1997 5438 2053 5488 et

400 5519 552 5594 parti
582 5518 820 5576 Venetie
873 5518 1000 5576 dari
1060 5524 1313 5591 possunt
1370 5535 1473 5592 per
1505 5520 1803 5576 embolum
1835 5526 1892 5578 et
1950 5540 2054 5596 per

481 5697 594 5770 (56)
623 5697 759 5752 Post
787 5695 971 5770 Marin
1006 5714 1090 5752 III.
1137 5697 1327 5770 p.304,
1362 5715 1429 5752 ex
1459 5697 1608 5752 libro
1641 5697 1771 5754 albo
1803 5705 1858 5756 et
1888 5702 2054 5760 libris

408 5773 718 5896 glacierum
777 5769 1090 5825 ediderunt
1134 5769 1292 5826 Tafel
1351 5775 1407 5825 et
1447 5769 1706 5827 Thomas
1740 5773 1782 5844 Ι,
1817 5791 1874 5847 p.
1920 5776 2051 5831 206-

2159 5073 2486 5128 secuudum
2520 5073 2672 5143 quod
2709 5077 2766 5126 et
2796 5087 2928 5126 eum
2963 5087 3136 5141 quem
3172 5086 3328 5125 nunc
3363 5069 3579 5123 habent
3611 5067 3807 5122 embo-

2160 5162 2306 5228 lum,
2341 5177 2648 5232 quousque
2679 5177 2818 5233 erga
2847 5159 3157 5229 imperium
3192 5161 3460 5214 nostrum
3504 5159 3561 5211 et
3606 5156 3812 5211 Roma-

2160 5251 2316 5306 niam
2351 5267 2519 5306 suam
2572 5249 3017 5304 conventionem
3069 5247 3410 5303 inviolatam
3469 5243 3813 5301 custodiunt

2162 5357 2320 5396 nunc
2350 5339 2605 5394 existens
2666 5338 3075 5392 nobilissimus
3128 5337 3244 5392 dux
3284 5334 3528 5389 Venetie
3572 5341 3630 5389 et
3686 5336 3817 5406 post

2161 5447 2294 5486 eum
2329 5429 2507 5484 futuri
2537 5429 2714 5482 duces
2747 5427 3003 5482 'Venetie
3034 5434 3088 5481 et
3131 5425 3405 5480 universa
3437 5426 3566 5494 ejus
3624 5421 3812 5495 pleni-

2164 5521 2325 5588 tudo,
2387 5535 2491 5574 nec
2550 5532 2664 5571 non
2723 5519 2782 5572 et
2828 5515 3048 5585 omnia,
3081 5530 3196 5586 que
3237 5530 3340 5586 per
3368 5512 3812 5569 conventionem

2238 5698 2351 5771 (37)
2385 5697 2649 5771 Editores
2673 5694 2824 5771 conj.
2859 5692 2920 5771 ob
2949 5692 3117 5771 quod;

2239 5765 2350 5838 (37)
2383 5768 2559 5823 Iidem
2585 5767 2736 5836 conj.
2775 5765 3052 5838 habentes.
3088 5767 3280 5838 Recte.

2237 5834 2350 5914 (36)
2372 5841 2492 5897 Lib.
2526 5834 2766 5912 pactfel
2792 5837 2972 5893 Marin
3000 5837 3278 5906 provenit,
3299 5849 3413 5890 non
3446 5834 3616 5891 male.
