4130 6402
286 441 399 498 471

1602 436 1851 498 lSAACl
1899 436 2187 498 ANGELI
2234 437 2399 498 IMP.
3598 435 3723 494 ΗΞ

286 573 364 629 ab
391 571 506 627 hiis
539 571 830 643 promissa
869 575 1013 629 sunt
1044 579 1098 628 et
1120 570 1509 644 jurejurando
1541 569 1939 641 corroborata,
1971 573 2020 638 Α
2063 568 2313 624 ﬁrmiter
2343 572 2401 625 et
2430 584 2544 641 que
2575 586 2607 625 a
2637 568 2845 642 legatis
2875 566 3336 638 eorum,sororio
3367 566 3593 626 scilicet
3619 583 3723 624 no-

288 663 637 717 conservant
672 677 686 728 ;
714 664 769 717 et
798 676 1033 716 omnem
1065 660 1373 715 introitum
1402 674 1603 715 eorum
1652 657 1936 730 accipere,

293 767 670 823 nequaquam
707 768 740 807 a
762 749 903 806 fisco
925 750 1012 806 vel
1045 751 1116 805 ab
1149 748 1346 821 aliqua
1376 764 1785 820 personarum,
1818 747 1945 820 qui-

288 842 402 898 bus
434 840 538 895 hec
571 839 823 896 attinent
854 843 910 894 et
941 839 1157 911 quibus
1185 838 1291 893 hec
1311 837 1504 893 ablata
1532 836 1680 909 ipsis
1702 838 1942 907 dantur,

290 929 727 984 infestationem
760 928 1019 999 aliquam
1053 926 1386 983 manifestis
1414 926 1711 983 Veneticis
1744 925 1943 981 subire

2062 656 2338 714 bilissimi
2373 659 2542 715 ducis
2571 658 2831 727 Venetie,
2865 662 3034 715 Petro
3065 657 3362 726 Cornario,
3397 658 3566 714 Petro
3608 657 3721 713 Mi-

2060 745 2282 815 chaele,
2318 746 2634 802 Octaviano
2667 746 2929 814 Quirino,
2987 747 3258 804 Johanne
3319 746 3608 804 Michaele
3667 750 3729 803 et

2061 835 2363 892 Dominico
2420 836 2698 903 Memmo,
2756 840 3136 909 procuratore
3221 834 3465 893 ecclesia
3525 834 3727 893 sancti

2059 924 2263 991 Marci,
2297 941 2400 998 per
2429 925 2875 982 conventionem
2900 927 3088 994 inunc
3147 925 3438 998 promissa
3468 928 3613 982 sunt
3671 928 3732 981 et

293 1017 1034 1088 debentibus,quamquam
1061 1016 1419 1073 monasteria
1453 1018 1573 1073 sint
1596 1017 1714 1073 sive
1746 1019 1945 1072 sancte
2053 1014 2445 1088 jurejurando
2478 1015 2872 1071 corroborata.

295 1107 506 1163 domus
564 1109 664 1162 aut
721 1105 968 1178 imperio
1026 1109 1225 1162 nostro
1274 1104 1601 1178 propinque
1656 1103 1743 1161 vel
1785 1103 1944 1174 alie;

296 1195 574 1269 quoniam
602 1194 910 1252 clementia
938 1199 1137 1251 nostra
1169 1194 1447 1250 introitus
1498 1194 1569 1250 de
1598 1194 1690 1250 his
1748 1210 1946 1267 prove-

297 1284 525 1340 nientes
577 1281 853 1339 talionem
910 1284 1024 1355 (40)
1078 1284 1165 1339 eis
1199 1283 1425 1339 factura
1456 1287 1565 1353 est,
1624 1282 1945 1356 possessio-

294 1389 549 1445 nemque
579 1371 985 1428 inseditiosam
1018 1372 1311 1427 Veneticis
1336 1372 1488 1428 facit.

363 1467 542 1518 Porro
566 1462 854 1519 serenitas
887 1466 1088 1518 nostra
1121 1461 1568 1534 benignitatem,
1622 1476 1799 1533 quam
1865 1459 1949 1516 eis

293 1551 577 1622 exhibuit,
603 1567 976 1625 nequaquam
1009 1551 1316 1623 hucusque
1366 1550 1593 1616 statuit,
1651 1549 1835 1605 immo
1894 1552 1953 1605 et

294 1640 475 1697 alium
510 1640 909 1698 centenarium
948 1656 1132 1697 unum
1163 1655 1580 1714 yperperorum
1610 1638 1716 1711 fcis
1771 1638 1950 1711 largi-

294 1736 394 1788 tur
426 1731 581 1787 ultra
611 1734 744 1787 ante
775 1731 978 1786 datum
1011 1730 1095 1787 eis
1123 1728 1521 1786 centenarium
1556 1745 1742 1785 unum
1781 1743 1948 1801 yper-

295 1823 658 1893 pcrorum;et
688 1819 925 1875 residua
955 1817 1742 1892 quatuoroccimcentenaria
1771 1832 1942 1891 yper-

2136 1103 2414 1161 Concedit
2443 1104 2717 1175 equidem
2769 1107 2973 1160 nostra
3031 1103 3369 1160 sublimitas
3424 1102 3729 1161 Veneticis

2065 1192 2351 1248 actionem
2386 1209 2616 1249 movere
2646 1197 2852 1249 contra
2890 1192 3164 1250 homines
3219 1193 3449 1266 imperii
3507 1193 3729 1262 nostri,

2065 1281 2314 1354 qui,ceu
2347 1281 2459 1355 ipsi
2490 1286 2938 1356 suggesscrunt,
2969 1299 3063 1339 res
3094 1282 3427 1338 astulerunt
3455 1282 3730 1356 ipsorum

2065 1370 2329 1442 iussione
2356 1387 2586 1444 semper
2612 1372 2977 1428 memorandi
3032 1371 3407 1445 imperatoris
3463 1376 3520 1429 et
3570 1372 3731 1428 desi-

2067 1459 2429 1517 deratissimi
2466 1461 2655 1532 patrui
2686 1460 3056 1518 celsitudinis
3087 1466 3307 1532 nostre,
3339 1461 3570 1518 domini
3602 1461 3731 1519 Ma-

2069 1548 2281 1617 nuelis,
2314 1552 2479 1618 tunc,
2507 1566 2645 1607 cum
2677 1549 2827 1624 capii
2871 1550 3132 1623 fuerunt,
3163 1551 3594 1608 subtraxerunt
3624 1568 3732 1608 au-

2068 1642 2188 1694 tem
2222 1642 2280 1695 et
2313 1655 2428 1695 non
2462 1638 2827 1707 obtulerunt,
2861 1640 3185 1696 secundum
3220 1641 3376 1713 quod
3410 1643 3469 1698 in
3529 1641 3734 1714 predi-

2070 1727 2251 1785 misso
2282 1728 2635 1802 chrysobulo
2683 1729 3053 1786 celsitudinis
3083 1734 3284 1787 nostra
3321 1731 3395 1788 de
3424 1730 3537 1809 hoc
3599 1748 3738 1788 con-

2073 1817 2347 1874 stitutum
2382 1822 2491 1887 est,
2523 1818 2724 1874 omnia
2753 1818 2868 1876 alia
2899 1819 3127 1876 actione
3157 1819 3360 1890 debiti,
3393 1837 3507 1893 que
3536 1820 3734 1878 Vene-

300 1925 599 1982 perorum;
635 1908 705 1965 de
737 1908 953 1981 quibus
982 1908 1097 1963 duo
1130 1908 1365 1978 quidem
1400 1924 1532 1963 cum
1566 1905 1812 1963 dimidio
1851 1921 1953 1961 ex-
1988 1951 2035 2015 Β
2072 1907 2207 1964 ticis
2238 1910 2441 1964 contra
2463 1911 2814 1965 Romeorum
2864 1909 3225 1983 quempiam,
3256 1909 3345 1967 vel
3377 1915 3591 1967 contra
3643 1911 3732 1982 ip-

303 1996 528 2070 templo
548 1997 674 2069 jam
710 1996 794 2052 eis
818 1997 942 2053 dari
973 1996 1231 2069 precepit
1256 1996 1498 2070 (quippe
1527 2000 1586 2052 et
1609 1997 1745 2053 data
1777 1996 1958 2067 sunt),

314 2087 540 2159 reliqua
569 2103 700 2143 vero
751 2086 1054 2142 duodecim
1089 2102 1221 2141 cum
1255 2086 1499 2142 dimidio
1531 2086 1617 2143 eis
1673 2086 1799 2141 dari
1857 2101 1962 2158 per

314 2194 502 2233 annos
534 2192 651 2245 sex,
685 2176 932 2232 debente
964 2176 1046 2233 eis
1088 2191 1193 2248 per
1222 2192 1717 2253 unumquemque.
1736 2190 1958 2231 annum

310 2266 436 2323 dari
469 2266 793 2341 quantitate
843 2264 1293 2338 proporcionali.
1346 2265 1415 2320 Et
1462 2264 1751 2338 accipient
1795 2263 1954 2335 equi-

313 2356 447 2411 dem
479 2354 586 2410 hec
604 2355 707 2409 XII
740 2354 842 2410 sic.
877 2355 1063 2409 Erunt
1094 2358 1288 2410 autem
1323 2358 1381 2410 et
1406 2353 1625 2409 tradita
1656 2353 1803 2426 ipsis
1834 2369 1960 2409 om-

313 2444 412 2500 nia
442 2443 810 2517 possidentes
845 2487 857 2513 ,
892 2451 950 2499 ut
984 2443 1206 2499 dictum
1232 2447 1340 2511 est,
1375 2459 1680 2516 quousque
1703 2459 1787 2513 ea,
1846 2458 1961 2516 que

318 2551 425 2606 per
449 2532 891 2589 conventionem
927 2533 1480 2605 prespopondernnt
1527 2536 1584 2588 et
1618 2533 1959 2604 juramento

315 2623 835 2691 confirmaverunt,
865 2639 1022 2679 nunc
1069 2621 1324 2678 existens
1382 2621 1812 2678 nobillissimus
1844 2622 1962 2678 dux

316 2710 558 2769 Venetis
595 2715 653 2768 et
698 2715 831 2785 post
875 2727 1008 2768 eum
1057 2711 1235 2768 futuri
1267 2712 1447 2768 duces
1475 2710 1713 2769 Venetis
1743 2715 1800 2767 et
1829 2712 1958 2767 uni-

315 2815 488 2858 versa
518 2801 647 2874 ejus
685 2800 989 2875 plenitudo
1042 2800 1404 2871 custodiunt,
1465 2804 1699 2858 servant
1730 2816 1962 2873 quoque

2078 2013 2210 2053 sum
2243 1997 2478 2069 ﬁscum,
2509 1997 2598 2053 vel
2631 1996 2865 2054 Romeis
2912 2002 2970 2056 et
2991 1999 3130 2054 fisco
3163 2003 3367 2056 contra
3423 2000 3735 2057 Veneticos

2078 2088 2213 2142 ante
2243 2086 2573 2158 captionem
2621 2087 2884 2161 ipsorum
2939 2088 3295 2157 convenerit,
3344 2089 3568 2145 irritari
3632 2089 3734 2147 de-

2080 2175 2253 2231 bente
2285 2176 2356 2232 ab
2390 2176 2657 2249 utrisque
2697 2177 2965 2250 partibus
2994 2195 3008 2247 ;
3042 2182 3314 2250 presente
3371 2178 3734 2252 chrysohulo

2076 2265 2253 2321 verbo
2286 2265 2517 2339 imperii
2542 2266 2725 2322 nostri
2769 2266 2941 2323 ﬁrmo
2996 2272 3053 2324 et
3108 2267 3431 2325 inviolabili
3492 2285 3734 2342 perma~

2079 2369 2216 2410 nere
2247 2355 2513 2425 debente,
2547 2356 2698 2412 facto
2729 2372 2931 2414 mense
2960 2357 3131 2413 Junio
3172 2358 3464 2431 presentis
3494 2358 3738 2432 septimi

2079 2443 2239 2513 anni,
2274 2444 2335 2500 in
2368 2461 2483 2517 quo
2513 2448 2571 2501 et
2601 2449 2867 2502 nostrum
2900 2447 3063 2520 pium
3094 2452 3151 2505 et
3182 2464 3216 2504 a
3242 2448 3353 2505 deo
3395 2453 3737 2521 promotum

2083 2533 2450 2605 snbsignavit
2480 2534 2815 2607 imperium,

2397 2680 2665 2735 Ismarus
2695 2679 2753 2735 in
2787 2678 3018 2737 Christo
3050 2683 3164 2737 Deo
3195 2680 3387 2738 ﬁdelis
3414 2680 3738 2749 imperator

2486 2755 2544 2808 et
2574 2752 2908 2809 moderator
2936 2752 3337 2810 Romanorum
3368 2753 3651 2829 Angelus.

1965 3001 2090 3061 VU.

1432 3136 1504 3175 os
1536 3134 1860 3175 memorem
1888 3134 2107 3176 aaosos
2136 3119 2272 3197 [41].
2304 3122 2388 3194 (Α.
2424 3124 2608 3197 1098.)

1845 3239 1966 3294 Non
1996 3236 2194 3293 exalat.

1960 3420 2111 3479 VIII.

1289 3565 1476 3606 suam
1509 3565 1692 3606 sucu
1727 3564 1953 3606 PISANIS
1984 3564 2268 3607 concessa
2305 3552 2436 3624 [42].
2466 3553 2557 3626 (Α.
2592 3553 2777 3627 tt92,)

391 3719 1090 3793 Interruptajampridem
1139 3720 1266 3790 fuit,
1301 3737 1368 3777 ex
1392 3736 1507 3793 quo
1529 3724 1817 3794 tyrannus
1869 3718 1966 3775 ille
1997 3720 2041 3789 C
2088 3735 2267 3776 mune
2297 3723 2425 3795 ejus
2464 3724 2917 3797 supplicatorias
2967 3724 3037 3780 ad
3071 3727 3331 3780 nostram
3361 3719 3728 3778 clementiam

321 3808 689 3865 Andronicus
719 3813 1115 3866 Romanorum
1139 3811 1357 3867 invasit
1381 3810 1695 3883 imperium
1725 3813 1781 3866 et
1812 3826 1967 3865 nunc

321 3915 531 3971 usque,
586 3898 734 3956 ﬁdes
773 3903 830 3955 et
858 3900 1086 3956 devotio
1118 3900 1369 3957 civitatis
1415 3905 1473 3956 et
1522 3905 1674 3956 terre
1734 3899 1965 3970 Pisans,

323 4004 500 4063 quam
523 3993 935 4063 erganostrum
955 3990 1225 4046 fovebant
1249 3991 1600 4047 Romeorum
1628 3988 1966 4062 imperium,

321 4079 392 4135 Et
419 4077 535 4134 nisi
569 4079 857 4135 modestia
888 4084 944 4135 et
968 4078 1238 4137 hilaritas
1261 4079 1627 4136 celsitudinis
1658 4084 1881 4146 nostre,
1915 4082 1968 4135 et

320 4169 379 4224 in
414 4168 800 4226 effusionibus
832 4169 1272 4243 appianicorum
1317 4169 1672 4243 sanguinum
1719 4170 1969 4226 tarditas

321 4261 379 4315 et
432 4258 813 4332 impromptio
861 4300 873 4313 .
922 4301 933 4315 .
980 4302 992 4316 .
1034 4298 1048 4315 .
1090 4279 1103 4293 ·
1136 4259 1250 4333 (43)
1309 4276 1342 4315 a
1399 4260 1516 4316 Deo
1556 4264 1747 4316 erecte
1790 4262 1849 4315 et
1896 4258 1967 4315 ad

322 4347 721 4403 Romanorum
743 4347 973 4420 imperii
999 4348 1439 4404 firmamentum
1463 4348 1703 4421 quidem
1722 4347 1969 4404 exaltate

321 4435 745 4509 impedimento
776 4436 857 4492 rei
890 4437 1160 4509 fuissent,
1193 4437 1234 4493 ii
1267 4438 1365 4510 qui
1399 4437 1523 4493 heri
1562 4437 1809 4493 Romani
1867 4437 1969 4492 de-

323 4525 438 4582 voti
471 4531 637 4581 erant
666 4527 833 4597 quasi
866 4532 923 4583 et.
953 4526 1178 4582 inimici
1211 4527 1398 4583 ell'ecti
1435 4526 1703 4595 fuissent,
1760 4529 1819 4583 et
1867 4541 1971 4597 pro

328 4613 535 4671 amicis
565 4619 620 4670 et
649 4613 882 4671 utilium
932 4616 1280 4672 allatoribus
1310 4620 1366 4671 et
1398 4632 1499 4689 per
1525 4620 1792 4689 tempora
1824 4615 1975 4671 tide-

328 4702 571 4760 lissimis
602 4720 834 4778 quoque
866 4706 1192 4762 fautoribus
1213 4704 1268 4759 in
1288 4705 1488 4761 hostes
1514 4708 1570 4761 et
1591 4705 1970 4778 depOpulato-

331 4809 426 4850 rcs
454 4793 602 4850 versi
636 4795 904 4867 equidem
941 4794 1326 4859 essent.Quod
1362 4798 1418 4850 et
1448 4810 1514 4851 ex
1564 4799 1732 4867 parte
1775 4811 1973 4868 perpe-

330 4885 551 4940 tratum
579 4888 686 4950 est,
718 4888 774 4940 et
805 4885 1023 4940 damna
1048 4901 1077 4939 a
1109 4883 1465 4956 quihusdam
1491 4883 1813 4957 Romeis,et
1834 4884 1971 4940 item

330 4972 561 5030 Pisanis
591 4989 660 5030 ex
691 4979 854 5046 parte
885 4978 1237 5030 Romeorum
1273 4974 1424 5030 facta
1471 4978 1629 5042 sunt,
1686 4973 1972 5031 multum-

2091 3826 2304 3867 manus
2335 3812 2639 3869 intendere
2658 3812 3057 3883 voluerunt,et
3086 3811 3569 3886 prudentissimos
3602 3824 3733 3865 con-

2086 3900 2239 3956 cives
2271 3902 2777 3970 suos,Rainerium
2799 3903 3042 3961 Gaetani
3072 3906 3129 3959 et
3152 3901 3444 3975 Sigerium
3469 3899 3729 3973 judicem

2086 3991 2335 4047 nuncios
2368 3992 2439 4048 ad
2475 3997 2736 4049 nostram
2759 3993 3097 4068 legaverant
3125 3990 3736 4062 serenitatem,damp‘

2086 4096 2295 4136 norum
2329 4080 2559 4138 Pisanis
2590 4098 2912 4154 eorumque
2934 4080 3232 4139 communi
3255 4098 3323 4138 ex
3350 4079 3736 4154 parteRomao

2087 4168 2183 4225 nie
2213 4186 2315 4242 pre
2343 4170 2641 4228 illatorum
2676 4171 3162 4230 restaurationem
3206 4173 3489 4243 petentes,
3525 4173 3585 4227 et
3636 4168 3732 4224 be-

2087 4258 2435 4332 nignitatem
2466 4261 2916 4334 tranquillitatis
2946 4261 3181 4335 imperii
3214 4259 3400 4317 nostri
3431 4258 3739 4332 pristinam

2090 4364 2266 4420 quam
2301 4366 2438 4424 erga
2469 4351 2763 4409 civitatem
2789 4357 2846 4409 et
2867 4356 3085 4408 terram
3118 4351 3382 4425 ipsorum
3407 4352 3612 4404 nostra
3633 4346 3741 4403 ha-

2088 4437 2262 4494 bebat
2291 4438 2624 4510 clementia,
2660 4442 3009 4514 suppliciter
3037 4439 3441 4514 postulantes;
3476 4441 3534 4494 et
3584 4452 3737 4494 sere-

2090 4527 2245 4582 nitas
2276 4534 2475 4585 nostra
2501 4530 2752 4603 benigne
2784 4546 2880 4587 eos
2912 4531 3204 4604 recipiens
3229 4533 3287 4586 et
3316 4545 3427 4602 que
3461 4528 3533 4584 ab
3566 4526 3643 4584 iis
3662 4525 3741 4582 di-

2090 4618 2375 4674 cebantur
2395 4620 2853 4688 auscultans,eis
2869 4637 2979 4693 que
3001 4636 3171 4677 versa
3185 4620 3310 4675 vice
3330 4618 3591 4690 dampna
3617 4631 3742 4689 par-

2093 4706 2251 4763 tibus
2283 4711 2561 4766 Romanie
2582 4710 2936 4782 quibusdam
2963 4727 2994 4767 a
3016 4715 3181 4784 parte
3206 4708 3554 4764 Pisanorum
3579 4704 3741 4761 illata

2091 4795 2149 4851 in
2186 4799 2530 4855 memoriam
2565 4816 2866 4868 revocans,
2926 4816 3111 4872 eaque
3150 4798 3222 4856 ab
3267 4795 3414 4870 ipsis
3461 4793 3737 4852 Romanis

2092 4886 2377 4943 rasturari
2407 4887 2666 4944 vicissim
2718 4888 2978 4963 exigens,
3011 4890 3081 4946 ad
3123 4888 3400 4945 ultimum
3435 4901 3503 4942 ex
3546 4882 3735 4958 predi-

2095 4978 2321 5031 ctorum
2368 4977 2695 5051 legatorum
2740 4978 3013 5051 precibus
3060 4977 3447 5035 abolicionem
3504 4973 3730 5048 quidem

328 5079 441 5135 que
470 5059 727 5136 tempus,
760 5079 875 5136 que
906 5063 1153 5135 dudum,
1185 5067 1321 5119 ante
1362 5064 1526 5120 unita
1553 5067 1739 5135 erant,
1776 5080 1977 5138 seque-
2006 5096 2054 5163 Β
2096 5081 2323 5135 eorum,
2352 5083 2465 5139 que
2495 5083 2561 5124 ex
2590 5085 2705 5141 quo
2736 5072 3025 5142 tyrannus
3053 5065 3392 5140 supervenit
3439 5079 3626 5138 usque
3671 5060 3723 5115 in

328 5157 511 5210 strata
531 5153 735 5210 habuit
768 5153 1044 5210 etdivisa.

398 5242 788 5306 Quamobrem
825 5242 1077 5297 civitatis
1101 5242 1448 5300 Pisanorum
1485 5248 1760 5317 potestas,
1813 5242 1977 5300 Tedi-

329 5330 475 5402 cius,
509 5331 739 5388 comitis
770 5330 999 5405 Ugolini
1034 5332 1211 5403 ﬁlius,
1245 5350 1309 5389 ac
1389 5334 1711 5391 consiliarii
1737 5339 1791 5390 et
1821 5351 1976 5391 com-

430 5492 512 5559 40)
546 5491 730 5547 Marin
769 5509 781 5548 :
817 5493 1110 5550 leloneum.

427 5564 523 5637 4t),
549 5563 847 5637 Laudatur
875 5566 944 5621 ad
980 5566 1248 5637 disposit.
1274 5567 1536 5623 thronor.
1571 5567 1628 5621 in
1664 5567 1804 5623 Coll.
1839 5584 1969 5624 can.

334 5633 425 5711 ed
445 5634 659 5711 ’ξζῑιιὶῑιμίΔ
672 5641 729 5711 et
746 5637 985 5711 _P_ottiV.
1007 5655 1062 5711 p.
1075 5633 1218 5711 7181.

388 5706 1173 5784 .(i2)__1§diti_Flamini6_dal
1207 5710 1392 5784 Borgo
1448 5709 1694 5780 Diplomi
1748 5710 1968 5784 Pisam”,

339 5776 471 5833 Pisa
504 5776 661 5847 1765,
694 5781 725 5837 4
752 5796 809 5854 p.
862 5781 984 5854 147,
1044 5780 1297 5855 indeque
1321 5776 1801 5855 'représentavit
1845 5776 1964 5839 Βυὲ

2098 5171 2341 5229 presens
2372 5162 2500 5213 acta
2530 5162 2670 5215 sunt
2687 5159 2774 5215 eis
2798 5159 3090 5216 concessit
3113 5175 3127 5227 ;
3150 5157 3531 5213 immemores
3546 5154 3727 5209 autem

2097 5249 2154 5300 et
2183 5262 2280 5302 eos
2310 5246 2432 5302 fore
2471 5247 2739 5304 omnium
2762 5248 3163 5322 negociorum,
3208 5261 3324 5319 que
3375 5244 3656 5301 hactenus
3679 5239 3734 5293 et

2096 5351 2282 5408 usque
2306 5353 2462 5393 nunc
2492 5355 2557 5394 ex
2591 5337 2890 5412 aliquibus
2912 5338 3131 5405 causis,
3159 5338 3322 5410 juste
3348 5334 3439 5392 vel
3497 5332 3732 5405 injuste,

2091 5497 2242 5554 chon
2275 5498 2565 5556 Nouvelles
2592 5500 2919 5558 Recharche:
2950 5500 3079 5557 hist.
3111 5516 3204 5555 cur
3233 5499 3289 5555 la
3313 5497 3499 5570 princ.
3552 5495 3734 5566 (rans.

2089 5570 2355 5644 daMorée
2381 5572 2495 5629 vol.
2527 5573 2594 5640 Il,
2628 5589 2686 5644 p,
2721 5574 2808 5627 12.

2159 5642 2489 5715 (43)ννθι·ὶ)α
2519 5633 2866 5702 εθὶδῖιὶιάίηἰδ
2897 5651 3084 5701 ηοδινε
3124 5642 3242 5700 huc
3300 5633 3740 5712 transponenda

2088 5728 2217 5771 esse
2243 5714 2534 5774 Videntur.

4047 84 4060 313 ι

4053 340 4064 859 ἔ
