4130 6364
341 441 458 502 473

1494 439 1652 500 NOV
1665 439 1882 500 l‘lLL/E
1925 438 2498 504 CONSTITUTION
2511 443 2626 504 ES.

3650 439 3770 497 474

344 571 724 650 producenda
754 570 1069 642 habebant,
1102 571 1295 645 exigit.
1330 576 1400 628 Et
1429 572 1663 646 quidem
1692 576 1748 628 et
1781 571 1859 627 bii
1884 571 1996 628 ele-
2029 575 2080 643 Α
2113 572 2214 630 ἱΙΙο
2245 575 2513 632 Chumno
2573 580 2630 634 et
2687 575 2818 634 aliis
2874 575 3167 632 defunctis
3224 577 3282 631 et
3327 572 3770 644 superstitibus,

346 662 566 722 mentie
598 664 797 717 nostre
846 661 1207 717 concessioni
1261 678 1588 736 repugnare
1637 661 1801 718 nullo
1835 662 2006 718 modo

351 755 733 810 decreverunt
763 750 944 818 {cum
1007 751 1189 807 multa
1235 767 1370 808 vero
1429 752 1751 824 gratiarum
1783 751 2008 807 actione

352 859 482 900 eam
517 841 926 913 suscipientes,
962 845 1326 896 sacramento
1372 841 1785 896 certitudinem
1818 841 2008 913 impe-

357 932 444 988 rio
476 935 672 988 nostro
707 932 969 986 fecerunt
1011 935 1132 985 tam
1165 931 1237 986 de
1297 930 1605 998 oblivione,
1663 946 1834 1000 quam
1869 929 2007 985 civi-

356 1025 448 1078 tas
479 1025 534 1076 et
564 1025 714 1075 terra
746 1019 964 1074 Pisana
991 1019 1049 1074 in
1084 1022 1431 1092 perpetuum
1467 1019 1764 1075 habebunt
1806 1034 2007 1075 eorum

358 1110 625 1166 videlicet
647 1109 911 1165 omnium
944 1109 1332 1182 dampnorum
1354 1125 1465 1181 que
1489 1124 1676 1181 usque
1701 1125 1857 1164 nunc
1880 1108 2007 1182 qui-

357 1200 603 1256 busdam
635 1197 867 1254 Pisanis
900 1215 933 1254 a
964 1199 1200 1254 Romeis
1228 1197 1389 1254 illata
1420 1202 1577 1266 sunt,
1611 1202 2010 1270 quotcumque

357 1293 414 1345 et
443 1286 900 1359 qualiacumque
927 1287 1066 1356 sint,
1100 1304 1276 1359 quam
1339 1291 1396 1343 et
1426 1287 1495 1342 de
1522 1287 1634 1343 ﬁde
1683 1291 1738 1343 et
1767 1287 2010 1344 servicio

355 1394 530 1450 quam
565 1381 622 1433 et
646 1377 802 1448 quod
837 1377 1084 1449 imperio
1117 1377 1662 1448 nostro,heredibus
1693 1380 1750 1433 et
1779 1393 2010 1434 succes-

349 1466 585 1524 soribus
617 1467 768 1538 ejus,
801 1465 1033 1538 ipsique
1068 1465 1351 1522 Romanie
1381 1466 1688 1523 observare
1722 1466 1779 1521 in
1815 1466 2010 1522 futuro

350 1555 588 1612 debent.
622 1555 895 1627 Amptius
941 1556 1157 1627 quippe
1215 1555 1504 1612 serenitas
1559 1555 1788 1628 imperii
1823 1556 2008 1612 nostri

351 1661 452 1702 eos
483 1649 797 1716 acceptans
827 1647 884 1700 et
916 1642 1410 1716 supplicationem
1453 1661 1653 1700 eorum
1688 1662 1820 1701 cum
1854 1646 2011 1701 mul-

352 1739 482 1791 tum
511 1732 937 1806 supplicatoria
963 1737 1019 1789 et
1039 1733 1361 1805 procidenti
1388 1734 1576 1806 figura
1597 1735 1786 1791 fusam
1813 1736 1882 1790 ad
1908 1752 2009 1791 no-

353 1828 537 1882 stram
572 1821 945 1880 clementiam
978 1823 1320 1891 exaudiens,
1346 1839 1460 1878 non
1495 1824 1684 1879 solum
1718 1824 2009 1880 habitato-

349 1930 446 1970 res
479 1912 729 1969 civitatis
761 1915 818 1968 et
851 1917 998 1968 terre
1049 1911 1312 1968 Pisarum
1349 1913 1406 1968 in
1443 1930 1510 1970 ea
1531 1915 1690 1985 jura,
1725 1930 1838 1986 que
1867 1914 2012 1986 ipsis

347 2004 411 2060 in
446 2002 731 2059 Romania
782 2001 1096 2074 precollata
1155 2002 1405 2072 fuerant,
1438 2003 1666 2058 restitui
1696 2005 2006 2076 concessit,

346 2108 556 2149 verum
612 2091 788 2147 etiam
823 2092 1147 2147 secundum
1184 2090 1415 2146 Domini
1449 2092 1799 2148 sententiam
1831 2110 2010 2164 super

348 2199 539 2257 pauca
573 2180 770 2237 fideles
806 2181 1099 2254 reperiens
1149 2197 1327 2254 super
1358 2181 1546 2236 multa
1593 2182 1920 2252 constituit,
1953 2187 2009 2238 et

349 2274 422 2329 ad
458 2271 914 2327 notiﬁcationem
949 2287 1150 2327 eorum
1185 2270 1564 2344 queimperio
1599 2276 1816 2344 nostro,
1842 2272 2005 2328 here-

349 2362 528 2418 dibus
560 2365 615 2416 et
645 2360 1090 2416 successoribus
1121 2361 1249 2431 ejus
1307 2364 1364 2416 et
1396 2361 1678 2416 Romanis
1710 2362 1767 2416 in
1801 2379 2003 2434 perpe-

350 2455 522 2507 tuum
555 2449 665 2520 ipsi
690 2448 929 2521 polliciti
951 2454 1175 2518 sunt,et
1196 2465 1396 2505 eorum
1423 2466 1535 2522 que
1562 2450 1835 2507 similiter
1859 2451 2006 2523 ipsis

352 2558 387 2597 a
416 2538 728 2596 clementia
759 2543 962 2594 nostra
992 2538 1202 2594 collata
1234 2543 1391 2608 sunt,
1427 2556 1666 2612 presens
1692 2540 2004 2614 ehrysobo-

351 2629 477 2685 lum
510 2627 751 2685 verbum
784 2628 867 2683 eis
925 2628 1176 2697 donavit,
1237 2629 1544 2685 continens
1600 2630 1672 2686 de
1727 2631 1901 2686 verbo
1932 2631 2002 2687 ad

357 2719 599 2775 verbum
632 2734 698 2773 ea
731 2734 843 2790 que
873 2734 1030 2773 nunc
1063 2719 1133 2775 ab
1187 2718 1260 2773 iis
1294 2723 1464 2790 pacta
1493 2723 1633 2774 sunt
1662 2723 1717 2775 et
1745 2719 1804 2774 in
1835 2720 2005 2776 char-

359 2809 484 2864 tula
513 2807 723 2864 litteris
756 2806 957 2863 latinis
989 2807 1206 2880 scripta
1258 2812 1316 2864 et
1344 2808 1771 2881 subscriptione
1799 2825 2001 2866 eorum

364 2897 701 2953 confirmata
731 2897 1154 2970 comprehensa
1213 2901 1354 2954 sunt
1384 2902 1442 2954 et
1487 2915 1685 2954 eorum
1719 2900 2002 2973 corporali

365 2991 724 3044 sacramento
754 2987 1144 3057 corroborata,
1180 2991 1238 3044 et
1293 3004 1406 3059 que
1461 2987 1812 3062 plenitudini
1847 2990 2004 3046 Pisa-

359 3093 488 3133 rum
520 3077 672 3133 facta
698 3081 837 3133 sunt
862 3075 1210 3149 chrysobula
1232 3078 1407 3134 verba
1430 3094 1660 3150 semper
1681 3083 2005 3134 memorané

357 3166 565 3223 dorum
595 3166 1251 3240 imperatorum,proavi
1284 3167 1505 3224 scilicet
1533 3167 1764 3241 imperii
1794 3168 2002 3239 nostri,

353 3256 578 3314 domini
637 3255 822 3312 Alexii
876 3256 1180 3329 Comnani,
1231 3261 1290 3313 et
1346 3257 1761 3314 desiratissimi
1811 3258 2001 3332 patrui

353 3345 728 3403 celsitudinis
783 3349 1002 3416 nostre,
1036 3346 1260 3402 domini
1318 3346 1630 3417 Manuelis,
1665 3347 1721 3402 in
1783 3347 2002 3420 quibus
2033 3332 2076 3400 C

345 3429 584 3508 quidem
616 3435 938 3492 recitantur
986 3452 1101 3507 que
1130 3439 1272 3492 tunc
1321 3454 1353 3493 a
1384 3436 1616 3492 Pisanis
1647 3440 1816 3509 pacta
1845 3438 2006 3494 fuere

345 3529 404 3582 et
436 3542 551 3598 que
583 3542 616 3582 a
651 3529 815 3599 parte
847 3525 1128 3583 Romanis
1161 3527 1245 3583 eis
1277 3526 1502 3584 collata.

421 3631 608 3688 Habet
665 3631 846 3705 igitur
893 3632 1198 3689 conventio
1256 3633 1473 3705 scripta
1531 3633 1768 3705 quidem
1827 3651 2007 3708 quea

346 3720 666 3776 notifieatis
700 3721 909 3794 legatis
943 3722 1202 3777 Pisarum
1240 3723 1307 3777 ad
1362 3722 1674 3794 imperium
1712 3729 2002 3797 nostrum,

339 3809 586 3866 heredes
617 3814 671 3865 et
704 3825 1079 3866 successores
1137 3812 1288 3884 ejus,
1321 3815 1375 3868 et
1433 3813 1502 3868 ad
1563 3811 1752 3886 ipsam
1790 3815 2001 3869 Roma-

340 3897 502 3954 niam
534 3899 685 3955 facta
733 3905 842 3969 est,
875 3905 932 3956 et
989 3901 1143 3980 quod
1207 3917 1385 3973 super
1415 3918 1541 3958 eam
1595 3903 2000 3974 juramentum

337 3988 564 4045 factum
598 3993 708 4060 est,
742 3989 826 4045 sic
852 4006 865 4044 :

413 4095 552 4161 Nos,
586 4095 762 4169 legati
823 4095 1074 4153 civitatis
1106 4099 1163 4152 et
1219 4099 1371 4153 terre
1423 4097 1655 4166 Pisane,
1690 4097 2003 4156 Rainerius

344 4184 587 4241 Gaetani
617 4189 675 4242 et
703 4185 962 4258 Sigerius
983 4186 1185 4257 judex,
1219 4185 1388 4242 missi
1422 4203 1454 4242 a
1482 4187 1736 4254 Tedicio,
1770 4188 2003 4244 comitis

345 4273 574 4346 Ugolini
607 4274 747 4345 ﬁlio,
783 4279 1070 4348 potestate
1101 4274 1351 4332 civitatis
1403 4279 1460 4332 et
1489 4279 1641 4332 terre
1673 4276 1900 4346 Pisans,
1935 4295 2002 4334 ac

341 4363 697 4422 consiliariis
727 4365 973 4437 ipsoque
1019 4364 1321 4420 communi
1350 4367 1478 4437 ejus
1538 4365 1609 4421 ad
1641 4365 2000 4422 altissimum

337 4453 752 4526 imperatorem
787 4458 1138 4510 Romeorum
1171 4458 1229 4511 et
1284 4471 1517 4528 semper
1547 4461 1863 4529 augustum
1898 4457 1998 4514 do-

340 4543 571 4600 minum
608 4543 902 4600 Isa'ikium
929 4544 1306 4618 Angelum,et
1333 4545 1666 4617 injunctum
1692 4547 1764 4602 ab
1786 4547 1870 4603 eis
1894 4547 1998 4604 ha-

341 4634 549 4690 bentes
607 4633 842 4706 peteudi
901 4634 973 4690 ab
1035 4633 1386 4706 imperatore
1433 4639 1490 4692 et
1546 4636 1833 4693 Romania
1865 4655 2000 4711 pre-

2118 663 2375 737 dampna
2407 666 2571 722 illata
2600 666 2846 737 Pisanis,
2881 683 2946 722 ex
2978 681 3092 738 quo
3129 663 3461 720 notiﬁcatus
3492 662 3768 718 dominus

2115 753 2484 810 Andronicus
2514 755 2868 812 Romeorum
2901 755 3114 810 invasit
3144 754 3456 825 imperium
3489 757 3544 808 et
3579 768 3767 824 usque

2117 847 2470 914 nunc,atque
2494 845 2794 900 subtracta
2817 843 3103 900 solemnia
3130 841 3372 899 ecclesie
3401 842 3611 896 Pisane
3633 841 3767 897 civi-

2117 931 2254 987 tatis
2312 936 2368 988 et
2425 933 2861 1006 archiepiscopo
2924 949 3210 988 annorum
3275 936 3404 987 octo
3461 935 3520 986 et
3579 947 3766 1001 usque

2117 1036 2295 1092 nunc,
2356 1025 2411 1077 et
2443 1023 2704 1078 redditus
2760 1022 2976 1079 emboli
3007 1038 3230 1090 eorum,
3291 1025 3348 1077 et
3406 1019 3766 1092 reliquorum

2119 1112 2507 1166 attenentium
2540 1112 2646 1182 eis,
2679 1117 2737 1168 et
2793 1112 2864 1168 ab
2913 1111 2996 1168 eis
3042 1115 3241 1168 exacta
3298 1110 3680 1178 commertia;
3715 1114 3773 1166 et

2119 1200 2170 1256 si
2201 1199 2306 1256 hee
2357 1203 2559 1257 eadem
2621 1201 2946 1273 reperimus
3003 1201 3212 1274 agendi
3273 1203 3467 1273 grates
3524 1199 3772 1272 imperio

2118 1299 2247 1370 ejus
2277 1303 2501 1368 sancto;
2535 1304 2593 1356 et
2647 1299 3086 1356 conventionem
3149 1299 3450 1355 assiduam
3479 1301 3534 1354 et
3566 1313 3772 1371 perpe-

2117 1390 2281 1443 tuam
2318 1389 2527 1444 laetam
2590 1389 3063 1462 progenitoribus
3121 1390 3272 1459 ejus,
3315 1387 3772 1461 imperatoribus

2119 1476 2357 1532 domino
2390 1477 2590 1533 Alexio
2624 1479 2921 1534 Comnano
2952 1482 3007 1534 et
3041 1477 3160 1532 ﬁlio
3191 1480 3336 1547 ejus,
3371 1476 3770 1549 Porphyroge-

2119 1567 2242 1623 nito
2274 1567 2508 1622 domino
2537 1569 2748 1624 Joanni
2783 1572 2837 1623 et
2898 1572 3106 1640 patruo
3163 1566 3390 1639 imperii
3424 1567 3554 1637 ejus
3583 1565 3771 1621 sancti

2119 1657 2358 1712 domino
2419 1657 2694 1727 Manueli,
2746 1661 2803 1713 et
2849 1657 3166 1713 heredibus
3213 1661 3271 1712 et
3330 1655 3775 1712 successoribus

2120 1747 2251 1819 ejus
2283 1746 2516 1819 ipsique
2545 1747 2851 1815 Romanie,
2879 1751 3057 1818 atque
3089 1746 3390 1803 servitium
3425 1748 3771 1818 perpetuum

2119 1838 2174 1892 et
2206 1836 2511 1892 assiduum
2573 1836 2888 1892 renovandi
2947 1840 3003 1892 et
3051 1836 3440 1908 jurejurando
3501 1835 3771 1890 corrobo-

2121 1922 2288 1978 randi
2317 1947 2330 1992 ;
2363 1923 2411 1979 si
2443 1940 2576 1980 vero
2609 1924 2712 1979 hec
2743 1924 2941 1980 eadem
2996 1924 3308 1996 imperium
3345 1925 3473 1995 ejus
3506 1929 3773 1980 sanctum

2119 2028 2232 2067 non
2268 2011 2576 2085 adimplet,
2608 2012 2720 2068 alio
2751 2029 2883 2068 vero
2929 2013 3102 2069 modo
3133 2012 3330 2084 aliquo
3385 2013 3769 2070 restauratio-

2119 2117 2251 2157 nem
2288 2101 2425 2158 facit
2482 2101 2781 2158 communi
2836 2101 3100 2158 Pirarum
3158 2102 3409 2158 civitatis
3441 2103 3767 2175 placentem

2118 2190 2306 2262 nobis,
2367 2191 2570 2264 sicque
2641 2191 2815 2247 etiam
2889 2192 3259 2248 manifestam
3321 2191 3766 2248 conventionem

2117 2286 2485 2336 sacramento
2544 2281 2971 2350 conﬁrmandi;
3031 2282 3310 2354 quoniam
3345 2283 3418 2337 ad
3452 2281 3764 2353 imperium

2117 2371 2248 2441 ejus
2280 2375 2547 2426 sanctum
2585 2371 2975 2443 pervenimus,
3018 2377 3075 2427 et
3123 2371 3179 2425 in
3215 2380 3525 2442 conspectu
3580 2372 3767 2442 maje-

2116 2460 2286 2516 statis
2317 2460 2444 2531 ejus
2476 2465 2735 2516 astantes
2767 2461 2923 2532 piam
2956 2463 3085 2532 ejus
3118 2461 3525 2516 celsitudinem
3560 2461 3767 2516 adora-

2114 2549 2328 2622 vimus,
2357 2554 2414 2606 et
2443 2551 2610 2606 nobis
2640 2551 2922 2622 injunctis
2954 2551 3314 2607 sufficienter
3345 2550 3611 2606 tractatis
3637 2566 3763 2604 om-

2115 2639 2291 2696 nibus
2323 2641 2582 2712 quidem,
2615 2657 2727 2713 que
2787 2642 3108 2713 poscimus,
3143 2641 3312 2714 potiri
3365 2639 3762 2709 nequivimus,

2116 2730 2255 2802 quia
2285 2736 2337 2786 et
2369 2729 2702 2786 sublimitas
2726 2731 2954 2803 imperii
2979 2732 3108 2802 ejus
3139 2730 3324 2787 sancti
3359 2729 3616 2785 vicissim
3644 2728 3763 2784 exi-

2113 2819 2286 2892 gebat
2315 2836 2348 2876 a
2380 2819 2550 2876 nobis
2581 2821 2796 2876 damna
2827 2838 2858 2876 a
2904 2820 3255 2892 quibusdam
3290 2819 3520 2875 Pisanis
3551 2819 3761 2874 Roma-

2113 2907 2210 2965 nie
2242 2909 2597 2980 quibusdam
2629 2909 2802 2965 terris
2856 2909 3219 2982 diversisque
3251 2909 3487 2966 Romeis
3516 2925 3618 2981 per
3645 2912 3760 2964 ter-

2113 3015 2239 3054 ram
2273 3002 2328 3054 et
2359 3015 2518 3054 mare
2548 2997 2749 3068 illata;
2785 2999 3072 3054 modestia
3109 3014 3245 3054 vero
3290 3001 3347 3054 et
3376 2997 3761 3070 magniﬁcen-

2113 3087 2196 3144 tia
2226 3087 2515 3162 imperiali
2539 3088 2845 3161 dignatum
2865 3091 2955 3144 est
2975 3089 3104 3160 ejus
3125 3092 3395 3144 sanctum
3419 3087 3758 3160 imperium,

2113 3201 2218 3258 pro
2277 3186 2555 3242 omnibus
2611 3203 2724 3258 que
2780 3186 3082 3260 poscimus
3142 3190 3198 3244 et
3248 3185 3523 3259 superius
3579 3184 3764 3240 relata

2115 3279 2277 3345 sunt,
2309 3279 2548 3348 excepto
2579 3282 2784 3333 mutuo
2832 3277 2983 3334 facto
3022 3275 3493 3346 sebastocratori,
3527 3277 3762 3329 mutua-

2114 3365 2345 3422 toribus
2376 3364 2431 3420 in
2467 3365 2809 3422 memoriam
2843 3366 2971 3422 dive
3001 3366 3257 3438 potentie
3283 3366 3412 3436 ejus
3443 3379 3763 3420 consensu-

2116 3471 2229 3526 que
2259 3455 2442 3511 nostri
2477 3471 2539 3511 se
2585 3455 2972 3527 jactantibus,
3017 3455 3217 3528 largiri
3275 3455 3483 3510 Pisane
3515 3451 3766 3509 civitatis

2114 3544 2415 3600 communi
2448 3561 2560 3618 que
2590 3561 2657 3601 ex
2689 3545 3037 3601 muneribus
3085 3560 3318 3616 semper
3355 3541 3764 3599 memorando-

2115 3651 2245 3690 rum
2279 3634 2724 3708 imperatorum,
2783 3635 3006 3691 domini
3057 3634 3239 3690 Alexii
3299 3641 3354 3690 et
3397 3631 3613 3689 domini
3645 3635 3762 3686 Ma-

2116 3724 2326 3793 nuelis,
2362 3741 2391 3780 a
2427 3725 2596 3781 nobis
2629 3725 2854 3797 pridem
2883 3724 2940 3780 in
2968 3741 3182 3798 magna
3215 3724 3359 3780 urbe
3381 3722 3761 3796 possideban-

2113 3817 2248 3870 tur:
2283 3813 2579 3869 embolum
2641 3814 2932 3882 videlicet,
2990 3813 3294 3870 ecclesiam
3358 3829 3490 3869 cum
3523 3811 3704 3868 altera
3735 3828 3766 3866 a

2113 3903 2550 3960 contribulibus
2582 3903 2800 3960 nostris
2829 3903 2979 3958 infra
3011 3903 3293 3959 terminos
3317 3906 3546 3958 nostros
3577 3905 3767 3958 erecta

2112 3992 2378 4060 ecclesia,
2413 3997 2469 4048 et
2499 3991 2814 4048 littoralem
2866 3990 3084 4049 scalam
3113 4010 3126 4062 ;
3182 3992 3316 4064 plus
3342 4009 3473 4048 vero
3504 3991 3597 4046 his
3629 3991 3767 4046 dare

2113 4081 2331 4139 civitati
2365 4090 2578 4150 nostre,
2637 4087 2694 4138 et
2737 4097 2850 4154 que
2907 4083 2968 4137 in
3025 4081 3289 4138 faciendo
3345 4080 3513 4136 nobis
3545 4079 3766 4152 pratico

2110 4169 2448 4227 traditionis
2481 4187 2682 4228 eorum
2718 4188 2829 4243 que
2861 4189 3040 4244 super
3085 4171 3310 4245 pridem
3349 4171 3520 4226 nobis
3551 4170 3768 4226 tradita

2111 4268 2322 4326 collata
2353 4273 2513 4340 sunt,
2569 4270 3067 4326 notificabuntur:
3102 4270 3249 4340 quod
3299 4268 3522 4324 scilicet
3547 4267 3763 4340 practi-

2111 4375 2246 4414 cum
2280 4376 2398 4415 una
2427 4376 2561 4415 cum
2595 4360 2860 4416 faciendo
2891 4359 3179 4431 imperiali
3206 4358 3502 4414 adorando
3532 4357 3766 4430 chryso-

2109 4447 2249 4504 bulo
2279 4449 2337 4505 in
2372 4449 2614 4505 secretis
2644 4453 2974 4519 sternetur;
3009 4465 3287 4505 renovare
3317 4464 3547 4520 quoque
3573 4447 3643 4503 ab
3677 4447 3762 4502 in-

2111 4539 2290 4595 stanti
2322 4542 2584 4611 tempore
2642 4538 3020 4612 largicionem
3084 4538 3367 4595 solemnis
3425 4541 3624 4594 nostre
3667 4552 3763 4592 ec-

2111 4629 2307 4699 clesie,
2367 4630 2826 4702 quingentorum
2905 4629 3172 4686 videlicet
3236 4645 3650 4702 yperperorum
3709 4631 3766 4684 et

341 4729 675 4781 mutuatam
707 4725 1017 4797 pecuniam
1049 4743 1082 4780 a
1125 4726 1478 4796 quibusdam
1512 4728 1742 4786 Pisanis
1775 4731 1999 4787 Andro-
2037 4712 2079 4778 Β
2111 4719 2361 4774 duorum
2396 4719 2710 4792 Pamm‘um
2741 4738 2752 4788 ;
2805 4720 3017 4776 ἂάἀετο
3075 4724 3270 4776 autem
3299 4723 3356 4774 et
3385 4718 3498 4774 alia
3529 4722 3760 4774 centum

343 4815 478 4870 nico
509 4813 592 4870 illi
652 4812 806 4870 male
863 4815 1164 4886 memorie,
1225 4832 1358 4871 cum
1419 4817 1610 4873 adhuc
1660 4818 2000 4876 felicissimo

337 4901 694 4973 imperatore
725 4900 964 4957 domino
994 4900 1257 4959 Manuele
1293 4903 1352 4958 in
1382 4903 1502 4960 vita
1530 4904 1817 4963 existente
1850 4907 1999 4964 noti-

334 4991 546 5046 ficatus
577 4991 856 5046 dominus
892 4990 1252 5048 Andronicus
1283 4991 1700 5066 Hierosolymis
1722 4996 1957 5068 degeret
1985 5015 1998 5066 ;

341 5095 451 5136 nec
483 5096 596 5136 non
631 5082 686 5136 et
715 5096 746 5135 a
804 5078 1158 5150 quibusdam
1209 5079 1366 5153 aliis,
1419 5081 1688 5139 videlicet
1718 5085 1998 5142 Teodisco

340 5171 414 5226 de
471 5168 882 5241 Picicasegale,
943 5168 1183 5224 Simone
1260 5169 1535 5227 Cimicosi
1613 5177 1670 5228 et
1743 5173 1998 5233 Gcrardo

338 5258 576 5316 Antonii
637 5263 692 5313 et
766 5256 1028 5329 reliquis,
1093 5261 1418 5315 mutuatam
1494 5260 1996 5320 desideratissimo

338 5347 505 5403 fratri
539 5347 757 5403 domini
819 5347 1190 5419 imperatoris
1251 5348 1603 5406 Romeorum
1657 5354 1714 5407 et
1765 5367 1998 5424 semper

337 5437 574 5511 augusti
606 5435 831 5493 domini
863 5435 1072 5492 Isaakii
1105 5438 1328 5510 Angeli,
1363 5438 1702 5496 felicissimo
1739 5446 1995 5498 sevasto-

335 5527 548 5584 oratori
583 5527 820 5584 domino
851 5524 1045 5581 Alexio
1102 5526 1342 5598 Angelo,
1397 5545 1531 5585 cum
1565 5546 1598 5584 a
1628 5529 1840 5587 comite
1869 5531 1993 5587 Tri-

342 5616 497 5691 polis
528 5618 799 5672 detentus
831 5618 1025 5686 esset;
1075 5615 1214 5672 item
1248 5621 1303 5674 et
1359 5635 1426 5674 ea
1470 5635 1583 5691 que
1639 5620 1710 5676 ab
1743 5619 1993 5677 homini-

338 5707 452 5764 bus
482 5705 715 5780 imperii
774 5705 901 5776 ejus
954 5706 1165 5777 sancti,
1225 5706 1511 5769 sciliceta
1567 5709 1991 5784 protohonora-

338 5795 575 5853 tissimo
607 5810 883 5870 supremo
940 5809 1151 5870 magno
1201 5795 1625 5871 logothetaillo
1679 5803 1736 5858 et
1765 5805 1992 5862 sevasto

2109 4825 2413 4882 yperpera,
2447 4815 2505 4864 et
2552 4809 2765 4866 salaria
2825 4809 3264 4882 archiepiscopo
3321 4808 3573 4865 civitatis
3601 4808 3762 4863 Pisa-

2111 4915 2241 4954 rum
2277 4899 2580 4972 sexaginta
2638 4915 2967 4956 annuorum
3024 4914 3438 4972 yperperorum
3497 4902 3553 4954 et
3585 4897 3764 4953 unius

2110 4987 2292 5060 pallii,
2325 4994 2381 5044 e‘.
2439 5005 2619 5062 super
2677 4989 2782 5044 hec
2825 5005 3069 5061 persona
3125 4987 3546 5060 archiepiscopi
3581 4987 3763 5057 hujus

2109 5077 2209 5149 qui
2241 5094 2396 5133 nunc
2419 5082 2508 5133 est
2529 5077 2779 5133 civitatis
2813 5077 3074 5133 Pisarum
3101 5077 3314 5132 addere
3337 5075 3451 5132 alia
3481 5090 3762 5148 yperpera

2109 5167 2539 5240 quadraginta;
2574 5167 2792 5223 donare
2824 5170 3022 5222 autem
3075 5167 3341 5222 Pisarum
3375 5173 3428 5222 et
3457 5164 3514 5219 in
3551 5163 3622 5219 iis
3649 5180 3762 5236 que

2109 5257 2178 5313 de
2211 5257 2498 5313 Romanis
2531 5256 2600 5312 ab
2631 5255 2778 5329 ipsis
2800 5261 3077 5312 emuntur
3107 5260 3165 5312 et
3196 5256 3673 5321 venduntur,lam
3700 5254 3758 5309 in

2109 5363 2323 5421 magna
2355 5347 2497 5402 urbe
2553 5362 2727 5418 quam
2759 5345 2818 5400 in
2881 5345 3085 5401 ceteris
3132 5344 3413 5401 Romanie
3469 5343 3760 5416 partibus,

2106 5445 2437 5502 libertatem
2497 5445 2831 5502 commercii
2890 5443 3089 5512 talem,
3123 5443 3316 5515 qualis
3373 5443 3510 5499 data
3557 5446 3646 5499 est
3675 5444 3762 5502 eis

2109 5535 2166 5591 in
2198 5534 2552 5608 cbrysobulo
2603 5534 2750 5606 ipsis
2800 5535 2952 5590 tacto
2985 5550 3216 5605 semper
3249 5533 3613 5588 memorandi
3647 5533 3756 5590 im-

2104 5624 2412 5697 peratoris,
2441 5622 2665 5680 domini
2712 5622 2918 5690 Alexii,
2969 5623 3027 5679 in
3061 5622 3136 5678 iis
3194 5638 3307 5695 que
3337 5623 3408 5678 de
3437 5621 3608 5678 terris
3641 5639 3755 5680 non

2103 5713 2550 5786 subjacentibus
2627 5713 2890 5770 servituti
2965 5713 3198 5787 imperii
3269 5713 3621 5770 Romeorum
3681 5713 3754 5770 ab

2103 5805 2249 5877 ipsis
2280 5803 2336 5860 in
2373 5820 2648 5879 magnam
2683 5803 2888 5861 urbem
2927 5804 3263 5878 afferentur,
3292 5818 3650 5876 quamquam
3686 5817 3780 5886 ex}
