4130 6412
357 466 476 526 475
1672 468 1930 529 lSAACI
1976 491 1988 527 Α

2192 471 2260 529 Ll
2305 469 2469 532 1MP.
3691 470 3823 529 476

364 596 712 669 bujusmodi
775 599 1124 672 chrysobulo
1156 606 1435 672 appareat
1487 619 1585 658 eos
1642 603 1852 658 debere
1881 603 2020 657 dare
2049 608 2104 675 Α
2133 602 2287 673 quod
2323 602 2584 674 prodicta
2629 605 2891 674 potestas
2921 602 3222 659 communi
3262 601 3504 658 consilio
3537 601 3819 659 civitatis

359 689 770 744 commertium
806 689 864 744 in
926 689 1020 756 iis,
1053 691 1376 746 secundum
1437 693 1592 763 quod
1625 692 1737 764 ipsi
1770 690 1970 747 Romei
1999 715 2012 758 ;
2124 690 2194 744 de
2225 689 2318 745 his
2351 691 2502 746 facto
2535 691 2698 746 dedit
2735 691 2907 746 nobis
2961 691 3310 746 mandatum
3343 690 3583 762 iurandi
3621 707 3818 762 super

356 776 652 834 licentiam
685 795 819 834 vero
878 780 1016 834 dare
1066 780 1236 835 nobis
1294 782 1500 853 agendi
1563 782 1884 837 secundum
1931 779 2013 835 le-
2123 779 2384 834 animam
2416 795 2607 850 suam,
2655 779 3099 835 conventionem
3133 797 3165 834 a
3222 780 3435 834 Pisana
3465 779 3724 836 civitate
3756 785 3817 836 et

359 881 460 938 ges
493 866 550 920 in
581 869 860 938 quosdam
917 868 1181 922 homines
1230 869 1437 940 ipsius,
1493 871 1593 942 qui
1626 871 1860 926 servitia
1889 874 2012 924 tra-
2121 871 2278 922 terra
2311 869 2519 923 Pisans
2575 885 2807 940 semper
2863 869 3244 923 memorando
3302 868 3662 940 imperatori
3697 869 3812 924 do-

362 959 666 1011 ctaverunt
692 957 812 1011 ﬁsci
839 957 1265 1027 etquibusdam
1293 959 1900 1032 Pisanisinjustitiam
1924 960 2011 1013 in-
2125 958 2285 1012 mino
2347 957 2604 1013 Manueli
2665 959 2877 1012 factam
2934 957 3272 1030 imperatori
3323 957 3701 1013 Romeorum
3753 963 3816 1015 et

360 1045 643 1112 tulerunt,
677 1062 741 1100 eo
775 1047 928 1117 quod
969 1047 1310 1118 petebamus
1347 1050 1584 1120 quidem
1618 1051 1690 1104 ab
1723 1047 2012 1120 imperiali
2124 1063 2356 1118 semper
2387 1052 2638 1119 augusto
2670 1047 2905 1102 domino
2930 1047 3156 1102 lsaakio
3181 1046 3424 1119 Angelo,
3449 1047 3808 1104 secundum

360 1133 636 1188 thesauro
669 1135 926 1205 dampna
986 1135 1150 1191 illata
1181 1139 1533 1206 quibusdam
1589 1139 1818 1194 Pisanis
1850 1155 1882 1193 a
1914 1138 2011 1192 de-
2123 1137 2276 1207 quod
2311 1140 2366 1191 et
2396 1136 2482 1191 illi
2516 1135 2626 1191 fuit
2672 1137 2894 1207 jurata,
2928 1141 2983 1192 et
3027 1137 3182 1208 quod
3216 1152 3283 1191 ea
3340 1153 3452 1208 que
3486 1153 3597 1208 pro
3635 1153 3809 1194 com-

360 1222 579 1278 t'unctis
639 1225 976 1279 hominibus
1035 1225 1403 1283 celsitudinis
1463 1231 1610 1300 ejus,
1668 1245 1780 1282 non
1816 1232 2009 1283 autem
2126 1226 2370 1280 muniet
2399 1226 2755 1296 quibusdam
2789 1224 2923 1281 aliis
2969 1225 3235 1296 personis
3269 1226 3652 1297 petebamus,
3692 1244 3813 1300 que

359 1312 613 1366 exauditi
648 1312 867 1368 fuimus
890 1313 1170 1384 quoniam
1193 1316 1271 1370 rei
1307 1333 1676 1389 nequaquam
1711 1317 2010 1389 reperiun-
2125 1317 2183 1369 et
2211 1314 2270 1368 in
2304 1313 2522 1387 scripto
2549 1314 2609 1368 in
2643 1331 2759 1386 quo
2791 1314 3255 1386 subscripsimus
3287 1314 3702 1384 continentur,
3739 1333 3811 1373 ex

358 1404 460 1454 tur
487 1401 733 1471 ideoque
792 1404 1024 1470 negotia
1083 1420 1197 1458 non
1248 1413 1417 1460 erant
1475 1407 1802 1472 manifesta,
1836 1413 1893 1461 et
1937 1406 2010 1461 ob
2124 1403 2500 1475 impositione
2531 1404 2796 1474 ejusdem
2832 1404 3138 1476 potestatis
3165 1408 3221 1457 et
3251 1403 3477 1458 consilii
3514 1405 3810 1475 ejusdem

360 1489 512 1544 hanc
544 1505 664 1544 rem
700 1491 1042 1546 desistimus
1074 1494 1144 1547 ab
1177 1493 1249 1548 iis
1279 1499 1506 1566 sponte,
1554 1496 1680 1551 sine
1710 1495 1872 1550 illata
1902 1511 2009 1550 no-
2126 1493 2378 1548 civitatis
2435 1493 2774 1548 dimisimus
2835 1509 2937 1564 pro
2994 1492 3423 1548 restauratione
3481 1496 3812 1551 communi

361 1577 453 1634 bis
483 1577 536 1631 vi
572 1577 784 1648 aliqua,
819 1580 891 1634 ob
940 1583 1424 1638 restaurationem
1474 1601 1575 1656 pro
1607 1585 1700 1651 iis,
1743 1590 1806 1639 ut
1837 1601 2009 1656 supe-
2125 1583 2296 1637 facta.
2331 1587 2470 1638 ltem
2495 1583 2794 1653 juramus,
2828 1599 3006 1654 super
3036 1581 3296 1637 animam
3344 1582 3496 1638 dicte
3532 1588 3812 1655 potesta-

360 1668 483 1722 rius
516 1667 737 1723 dictum
772 1673 861 1723 est
892 1669 1102 1726 factam
1138 1673 1424 1728 universis
1464 1673 1895 1730 habitatoribus
1925 1673 2009 1729 ci-
2126 1671 2224 1742 tis,
2254 1673 2404 1743 quod
2437 1675 2494 1728 et
2524 1673 2712 1744 ipsam
2764 1671 3207 1728 conventionem
3241 1671 3566 1744 predictam
3605 1674 3807 1730 adim-

356 1757 551 1812 vitatis
582 1762 638 1813 et
667 1763 820 1814 terre
851 1761 1096 1829 Pisane;
1143 1763 1471 1835 recepimus
1517 1765 1858 1836 hujusmodi
1888 1766 2009 1838 pla-
2127 1760 2310 1832 plebit
2339 1766 2396 1816 et
2417 1760 2964 1833 observabitipsum
2988 1764 3301 1816 commune
3324 1760 3584 1816 civitatis
3611 1763 3811 1818 domi-

360 1863 499 1902 cens
531 1847 699 1904 nobis
728 1848 1066 1922 largifluum
1117 1869 1328 1908 munus
1360 1855 1722 1910 serenissimi
1765 1860 1819 1909 et
1851 1872 2006 1911 sem-
2125 1866 2200 1904 no
2233 1849 2460 1905 Isaakio
2482 1850 2836 1905 Romeorum
2864 1848 3559 1922 imperatori,heredibus
3583 1855 3646 1906 et
3671 1869 3808 1909 suc-

360 1955 466 2010 pcr
521 1941 755 2010 augusti
818 1942 1189 2013 imperatoris
1247 1945 1467 2000 domini
1529 1947 1738 2002 Isaakii
1784 1947 2008 2020 Angeli,
2047 1991 2087 2020 η
2125 1939 2458 1995 castioribus
2507 1940 2658 2010 ejus,
2709 1938 2942 2012 ipsique
3000 1938 3282 1994 Romanie
3313 1939 3370 1993 in
3405 1945 3804 2012 perpetuum,

360 2028 513 2099 quod
548 2029 860 2097 imperium
893 2033 1022 2102 ejus
1054 2038 1323 2089 sanctum
1365 2039 1561 2092 nostre
1587 2040 1737 2092 terre
1769 2037 1922 2103 fecit,
1956 2040 2013 2092 et
2043 2028 2089 2055 υ
2125 2029 2251 2085 sine
2284 2029 2485 2084 fraude
2515 2033 2572 2084 et
2601 2028 2754 2083 malo
2786 2029 3044 2100 ingenio.
3078 2029 3147 2083 Et
3197 2028 3348 2085 sicut
3379 2029 3483 2084 hec
3507 2030 3805 2100 juramus

357 2116 636 2173 oblivioni
673 2121 965 2177 tradentes
996 2123 1194 2178 omnia
1215 2139 1328 2196 que
1357 2125 1657 2197 petiimus,
1690 2130 1755 2181 ut
1789 2125 2011 2181 dictum
2125 2118 2194 2174 de
2224 2118 2377 2173 bona
2407 2118 2540 2185 ﬁde,
2575 2117 2700 2173 sine
2722 2117 2927 2173 fraude
2958 2121 3015 2173 et
3047 2116 3200 2173 malo
3232 2117 3489 2190 ingeniO,
3515 2117 3608 2175 sic
3643 2123 3804 2176 Deus

357 2211 466 2270 est,
499 2223 610 2278 que
642 2211 700 2264 et
727 2211 1000 2282 superius
1031 2213 1273 2268 recitata
1295 2215 1742 2286 sunt,quoniam
1775 2216 2012 2288 quidem
2124 2224 2232 2263 n08
2251 2208 2488 2279 adjuvet
2510 2207 2772 2279 etipsam
2795 2210 3145 2278 potestatem
3171 2211 3228 2263 et
3248 2207 3442 2279 ipsum
3469 2223 3804 2266 commune

360 2301 418 2353 et
449 2297 761 2371 imperium
797 2302 923 2372 ejus
954 2309 1220 2359 sanctum
1247 2305 1570 2361 abolicione
1590 2307 1698 2377 [in]
1730 2308 2012 2379 dampno-
2124 2296 2384 2352 civitatis
2418 2297 2627 2352 Pisane
2660 2301 2717 2352 et
2748 2296 2807 2351 in
2840 2295 3110 2368 praesenti
3145 2296 3342 2352 seculo
3375 2301 3432 2352 et
3461 2297 3695 2355 futuro.
3734 2322 3764 2349 »

363 2405 493 2442 rum
531 2405 715 2461 usque
775 2407 930 2447 nunc
992 2393 1332 2450 hominibus
1394 2396 1675 2452 Romanie
1716 2395 1994 2452 illatorun

2196 2386 2496 2441 Manifesta
2530 2402 2666 2442 vero
2701 2385 3053 2459 chrysobula
3082 2386 3259 2442 verba
3299 2385 3539 2455 habent,
3582 2405 3797 2446 secun-

363 2476 533 2532 nobis
563 2477 750 2536 facere
780 2481 1088 2553 dignatum
1121 2488 1249 2552 est;
1300 2501 1431 2540 ecce
1464 2502 1566 2556 per
1596 2503 1836 2558 presens
1868 2485 2014 2542 scri-
2125 2475 2266 2530 dum
2303 2476 2460 2546 QUOd
2496 2475 2912 2531 notiﬁcabitur-

365 2570 533 2638 ptum
569 2572 858 2639 nostrum,
920 2572 1139 2628 debens
1195 2577 1251 2628 et
1309 2574 1594 2646 corporali
1652 2579 1996 2631 sacramenti

2198 2565 2578 2637 Imperatoris
2609 2564 2846 2635 quidcm
2872 2563 3145 2620 videlicet
3173 2564 3393 2620 domini
3431 2563 3636 2632 Alexii,
3663 2566 3785 2623 sic:

365 2660 566 2712 nostro
599 2674 664 2712 ac
695 2659 1232 2732 subscriptionibus
1277 2681 1486 2720 manus
1519 2669 1734 2736 nostre,
1769 2664 2013 2735 sigillis-
2199 2694 2226 2723 «
2259 2671 2544 2739 Quoniam
2581 2671 2881 2729 multoties
2912 2672 3161 2728 nuncios
3200 2673 3270 2727 ad
3322 2671 3647 2744 imperium
3682 2688 3786 2726 no-

366 2761 480 2817 que
511 2745 888 2804 ecclesiarum
939 2751 996 2805 in
1033 2768 1244 2825 magna
1273 2754 1419 2808 urbe
1448 2753 1820 2810 existentium
1857 2755 2015 2810 Pisa-
2125 2764 2313 2817 atrum
2374 2760 2662 2817 miserunt
2705 2761 3067 2818 habitatores
3124 2765 3276 2817 terre
3332 2765 3532 2817 nostre
3609 2764 3786 2832 atque

367 2852 600 2907 norum,
634 2839 852 2893 summi
910 2841 1156 2912 apostoli
1220 2843 1368 2898 Petri
1428 2849 1484 2899 et
1540 2845 1727 2900 sancti
1773 2844 2014 2911 Nicolai,
2127 2851 2338 2906 Pisano
2369 2850 2620 2906 civitatis
2679 2868 2813 2906 cum
2870 2850 3082 2906 litteris
3143 2851 3288 2918 suis,
3351 2855 3408 2907 et
3466 2851 3783 2923 imperium

365 2925 752 2994 corroborari,
785 2929 1226 2986 conventionem
1289 2933 1536 2988 facimus
1590 2935 1659 2990 ad
1701 2935 2015 3006 imperium
2128 2944 2396 2995 nostrum
2482 2940 2694 2995 iterum
2767 2939 2851 2996 eis
2909 2939 3212 2996 multoties
3289 2939 3518 2996 litteras
3597 2939 3778 3008 misit,

365 3014 495 3084 ejus
527 3021 820 3084 sanctum,
855 3018 1100 3076 heredes
1157 3025 1212 3077 et
1257 3039 1627 3080 successores
1675 3026 1823 3096 ejus,
1858 3029 1914 3080 et
1943 3025 2014 3080 ad
2128 3028 2371 3084 minime
2403 3032 2598 3085 autem
2644 3029 2878 3084 advenit
2911 3033 3143 3102 tempus
3193 3046 3308 3100 quo
3342 3029 3503 3085 ﬁeret
3534 3043 3775 3084 conven-

368 3102 557 3192 ipsam
593 3104 980 3163 Romaniam:
1015 3111 1167 3182 quod
1192 3111 1519 3168 observabit
1545 3113 1746 3168 civitas
1778 3118 1833 3168 ct
1862 3118 2019 3170 terra
2126 3118 2304 3174 tionis
2361 3117 2645 3190 scriptum
2709 3135 2911 3174 eorum
2943 3136 3087 3192 pure
3120 3119 3254 3174 ﬁdei
3285 3121 3341 3174 et
3396 3114 3769 3189 subjectionis

369 3191 582 3249 Pisana
612 3198 670 3250 et
699 3196 826 3267 ipsa
871 3202 1152 3270 potestas,
1185 3205 1240 3256 et
1267 3202 1366 3274 qui
1419 3219 1520 3274 per
1549 3207 1813 3276 tempora
1845 3207 2018 3258 erunt
2129 3207 2520 3280 adimperium
2586 3211 2888 3277 nostrum,
2951 3191 3143 3280 neque
3201 3207 3502 3264 clementia
3571 3205 3763 3258 nostre

367 3287 666 3340 senatores
693 3289 796 3340 aut
822 3288 1141 3345 consiliarii
1175 3291 1294 3346 sive
1323 3292 1595 3348 consules
1625 3297 1727 3347 aut
1757 3297 2016 3364 potesta—
2061 3365 2091 3371 μ
2131 3299 2203 3352 ad
2303 3313 2402 3352 eos
2509 3297 2798 3369 scriptum
2903 3297 3287 3371 chysobolnm
3384 3289 3768 3351 conventionis

367 3375 459 3428 tes
487 3377 546 3428 et
594 3375 881 3445 capitanei
943 3382 1000 3432 et
1030 3386 1305 3445 rectores,
1357 3381 1674 3454 ipsumque
1704 3396 2018 3438 commune
2051 3365 2093 3432 C
2131 3387 2324 3442 adhuc
2381 3387 2600 3442 factum
2630 3365 2649 3369 _
2693 3392 2782 3443 est
2834 3408 2848 3457 ;
2939 3388 3259 3444 novissime
3343 3394 3529 3443 autem
3613 3379 3773 3436 misit

367 3460 582 3515 Pisans
610 3461 882 3533 civitatis,
915 3482 982 3521 ea
1038 3484 1152 3539 que
1177 3485 1358 3540 supra
1418 3471 1734 3527 nominatis
1783 3487 2016 3542 semper
2126 3475 2438 3548 imperium
2501 3479 2768 3532 nostrum
2827 3477 3176 3533 familiarem
3236 3494 3413 3532 suum
3475 3472 3768 3531 hominem

371 3552 771 3608 memorandis
803 3553 1277 3625 imperatoribus,
1332 3560 1571 3615 domino
1617 3560 1814 3617 Alexio
1846 3562 2018 3616 Com-
2129 3565 2540 3637 Curopalatam
2593 3565 2874 3622 Basilium
2933 3566 3330 3623 Mesimerium
3390 3583 3525 3622 cum
3571 3555 3791 3618 litteris

372 3653 524 3692 neno
573 3644 629 3694 et
656 3640 774 3697 ﬁlio
806 3644 934 3710 ejus
984 3645 1480 3720 Porphyrogenito
1541 3650 1780 3705 domino
1810 3649 2019 3704 Joanni
2130 3655 2255 3711 suis
2286 3654 2484 3711 volens
2543 3671 2642 3711 eos
2674 3655 2971 3728 suscipere
3030 3673 3131 3712 ceu
3194 3673 3297 3729 per
3354 3654 3553 3712 omnia
3582 3649 3777 3707 ﬁdeles

371 3743 438 3781 ac
523 3733 731 3800 patruo
815 3731 1042 3804 imperii
1145 3737 1275 3806 ejus
1375 3738 1613 3794 domino
1714 3738 2018 3808 Manueli,
2130 3744 3349 3802 celsitudinisnostreetdesideratissimos
3376 3744 3528 3800 ﬁlios
3554 3744 3780 3798 nostros

370 3822 541 3909 pacta
570 3825 730 3876 sunt.
764 3822 831 3876 Et
864 3823 964 3878 hec
994 3825 1193 3880 omnia
1223 3827 1448 3896 jurabit
1500 3829 1628 3900 ipsa
1678 3832 1934 3901 potestas
1965 3833 2024 3884 et
2131 3835 2427 3906 totiusque
2457 3841 2610 3892 terre
2671 3839 2869 3892 nostre
2898 3855 2911 3906 ;
2947 3837 3045 3893 illo
3105 3841 3298 3894 autem
3331 3836 3700 3909 perveniente
3729 3833 3783 3886 et

373 3908 645 3999 ΨθῙίοΓθε
676 3927 741 3964 ⁸ο
789 3911 986 3983 ἱρειιτη
1046 3930 1359 3972 commune
1406 3918 1660 3973 Civitatis
1713 3918 1935 3989 Pisane,
1968 3921 2026 3972 et
2131 3925 2357 3981 litteras
2387 3924 2616 3998 imperii
2651 3926 2834 3982 nostri
2867 3927 2948 3983 eis
2981 3927 3273 3998 afferente,
3308 3908 3420 3999 que
3452 3942 3586 3982 vero
3620 3937 3784 3978 man-

372 3998 717 4068 hujusmodi
777 4009 1211 4060 sacramentum
1273 4008 1575 4062 annuatim
1642 4008 2021 4078 renovabunt,
2134 4015 2268 4070 data
2297 4019 2462 4071 erant
2491 4015 2741 4084 dicente,
2775 4016 2887 4088 ipsi
2949 4034 3077 4088 quae
3111 3998 3341 4089 scripta,
3389 4020 3446 4071 et
3499 4031 3615 4088 que
3646 4009 3787 4084 ipsis

373 4089 702 4143 secundum
737 4091 892 4161 quod
926 4093 1258 4163 specialiter
1286 4096 1356 4150 de
1394 4096 1734 4167 hujusmodi
1767 4098 2024 4168 capitulo
2136 4105 2416 4161 mandata
2445 4108 2584 4161 sunt
2639 4104 3030 4176 intelligentes
3091 4121 3280 4177 eaque
3311 4107 3701 4176 acceptantes,
3732 4101 3788 4154 et

374 4184 614 4250 pactum
646 4183 736 4235 est
768 4197 801 4234 a
859 4180 1090 4237 civitate
1121 4189 1178 4238 et
1233 4189 1388 4240 terra
1433 4189 1633 4240 nostra
1691 4187 1759 4241 ad
1795 4203 2029 4259 semper
2137 4195 2376 4251 omnino
2406 4194 2666 4251 volentes
2726 4195 2848 4251 ﬁeri
2908 4212 3009 4268 per
3058 4196 3260 4251 omnia
3317 4193 3517 4250 ﬁdeles
3565 4185 3791 4264 imperii

378 4269 1611 4342 ωθτηοναηάυωίῐηρθτθῐοτθῐηνάοῐηίῐιυῐη
1637 4275 2024 4332 ΜαηυθΙΘω-νθ
2137 4284 2324 4341 nostri
2355 4288 2524 4356 atque
2582 4289 2732 4341 terre
2790 4289 3007 4356 nostre,
3042 4303 3144 4358 per
3195 4285 3482 4357 scriptum
3537 4295 3790 4339 conven-

449 4373 894 4431 Sacramentum
948 4395 1146 4434 verum
1203 4396 1402 4435 eorum
1437 4398 1616 4454 super
1669 4381 1776 4436 hec
1809 4382 2028 4439 factum
2136 4374 2354 4431 tionem
2388 4375 2670 4446 fecerunt,
2703 4374 3098 4432 continentem
3141 4392 3351 4448 puram
3380 4389 3585 4430 eorum
3622 4370 3787 4426 ﬁdem

381 4462 560 4517 habet
589 4464 711 4519 sic:
2139 4481 2316 4537 quam
2349 4465 2587 4537 imperio
2619 4469 2819 4521 nostro
2851 4482 2915 4520 ac
2947 4464 3230 4521 Romanis
3262 4463 3496 4530 debent,
3530 4474 3708 4534 quam
3738 4457 3792 4510 et

456 4592 483 4617 «
520 4573 659 4638 Nos,
695 4570 867 4643 legati
903 4571 1156 4629 civitatis
1187 4579 1243 4629 et
1274 4578 1428 4632 terre
1458 4577 1687 4649 Pisane,
1723 4578 2033 4636 Rainerius
2141 4571 2244 4627 per
2259 4559 2914 4649 sfmmmentumomfles
2931 4545 3793 4649 “n‘nimiter9°°ﬁr‘?aver‘?“t

382 4659 622 4714 Gaetani
649 4637 710 4714 ret
751 4637 943 4732 judex
997 4661 1277 4734 Sigei-ius,
1339 4666 1507 4722 missi
1568 4669 1638 4723 ad
1672 4637 2030 4725 guissimum
2143 4643 2300 4742 atad
2335 4647 2597 4742 nostram
2628 4644 3004 4700 serenitatem
3030 4661 3130 4716 per
3156 4661 3259 4742 vos
3281 4647 3338 4699 et
3363 4639 3646 4742 nuncium
3667 4637 3790 4707 ejus

382 4731 795 4820 imperatorem
860 4731 1212 4807 Romeo—wm
1292 4759 1348 4808 ει
1414 4772 1647 4828 semper
1715 4766 2033 4829 augustum
2066 4740 2112 4806 ι)
2147 4731 2459 4800 miserunt,
2490 4749 2602 4805 que
2633 4751 2842 4806 nempe
2873 4751 3146 4808 expresse
3177 4732 3260 4788 sic
3293 4731 3592 4788 continet:

383 4836 690 4894 dominum
725 4841 1020 4896 lsaakium
1053 4842 1363 4915 Angelum,
1398 4861 1429 4900 a
1451 4846 1707 4911 Tedicio,
1740 4852 2033 4918 potestate
2215 4864 2243 4892 «
2276 4841 2340 4895 In
2376 4841 2610 4897 nomine
2643 4842 2875 4897 Domini
2928 4840 3112 4898 nostri
3167 4843 3304 4896 Jesu
3336 4837 3576 4906 Christi,
3610 4846 3789 4892 amen.

384 4925 752 4993 Pisanorum,
811 4929 1047 4984 comitis
1105 4931 1328 5002 Ugolini
1389 4933 1541 5003 ﬁlio,
1601 4951 1669 4991 ex
1729 4938 2032 4994 communi
2143 4953 2170 4979 ι(
2207 4929 2323 4986 Nos
2354 4946 2559 4985 omnes
2618 4930 2978 4986 habitatores
3036 4929 3288 4985 civitatis
3319 4933 3378 4984 et
3405 4933 3558 4983 terre
3591 4925 3786 4980 Pisane

383 5015 629 5071 consilio
659 5017 914 5072 civitatis
964 5019 1190 5089 Pisans,
1224 5026 1356 5091 post
1409 5024 1665 5079 multum
1714 5030 2014 5082 tractatun

2151 5042 2171 5069 τ(
2205 5019 2607 5091 promittimus
2639 5019 3158 5088 tibi,sanctissimo
3189 5016 3525 5090 imperatori
3563 5009 3782 5070 domino

385 5105 741 5162 desistentes
798 5107 868 5162 ab
926 5106 1000 5163 iis
1055 5125 1170 5180 que
1225 5127 1293 5166 ex
1351 5111 1724 5184 impositione
1778 5115 2035 5186 predicte
2145 5107 2419 5179 «AleXiO,
2453 5113 2510 5163 et
2566 5109 2804 5164 domino
2860 5108 3119 5164 Johanni
3172 5105 3385 5162 dilecto
3439 5105 3557 5160 ίῖίίο
3615 5109 3703 5157 ῐυο
3728 5094 3777 5147 et

387 5196 695 5265 potestatis
726 5206 783 5250 et
813 5199 1140 5252 communis
1187 5201 1414 5254 consilii
1455 5201 1708 5259 civitatis
1740 5219 1843 5274 pro
1875 5221 2033 5260 com-
2144 5222 2170 5248 ‹‹
2212 5197 2550 5267 imperatori
2637 5197 3128 5271 Porphyrogenito
3163 5236 3177 5262 ,
3251 5196 3408 5266 quod
3477 5211 3580 5250 nos
3635 5188 3776 5244 totus

389 5283 553 5338 muni
587 5289 643 5338 et
671 5284 1024 5354 quibusdam
1071 5290 1312 5359 privatis
1370 5292 1636 5362 personis
1669 5293 2034 5365 petebamus,
2145 5312 2172 5339 (κ
2209 5287 2458 5343 Pisanus
2519 5287 2772 5358 P0PUlus
2804 5289 2876 5342 ab
2935 5287 3048 5342 ίδίυι
3079 5287 3221 5341 hom
3277 5291 3335 5339 et
3364 5284 3423 5338 in
3484 5285 3782 5370 antea???

388 5388 501 5442 que
531 5377 588 5426 et
609 5371 666 5427 in
689 5373 907 5446 scripto
934 5375 990 5430 in
1017 5392 1130 5447 quo
1154 5379 1618 5451 subscripsimus
1640 5383 2035 5453 continentur,
2149 5399 2175 5430 ι
2206 5376 2428 5433 erimus
2455 5376 2511 5430 in
2545 5376 2789 5432 consilio
2842 5385 2944 5432 aut
2977 5379 3126 5431 facto
3187 5391 3288 5447 per
3346 5374 3502 5445 quod
3550 5366 3790 5453 pei‘da'ti‘-‘_l

387 5465 444 5514 et
474 5445 962 5520 restaurationem
996 5445 1098 5537 pro
1132 5466 1204 5522 iis
1257 5467 1470 5524 factam
1503 5469 1672 5526 nobis
1717 5445 2038 5543 placentem
2151 5488 2176 5520 α
2209 5483 2308 5522 vos
2367 5465 2682 5537 imperium
2767 5475 3028 5522 vestrum
3086 5463 3177 5520 vel
3253 5461 3603 5518 Romaniam
3635 5500 3652 5524 ι
3705 5445 3793 5543 V°_l

393 5547 737 5621 ΓθοίΡίοΠιθδ
767 5555 1096 5611 secundum
1139 5556 1294 5627 quod
1351 5574 1459 5612 nos
1492 5538 1825 5628 injunctiim
1855 5559 2036 5616 habe-
2148 5581 2174 5608 «
2211 5556 2436 5612 insulas
2468 5558 2649 5612 maris
2681 5557 2767 5612 vel
2811 5563 3020 5624 terras,
3053 5572 3202 5627 quas
3253 5554 3426 5608 modo
3459 5551 3667 5608 tenetis
3696 5538 3794 5599 sub

390 5640 604 5694 bamus
636 5656 669 5694 a
697 5646 985 5712 potestate
1005 5649 1063 5700 et
1087 5649 1387 5701 communi
1408 5648 1654 5703 consilio
1685 5649 1939 5705 civitatis
1969 5650 2042 5705 de
2148 5671 2176 5699 «
2211 5652 2402 5702 vestra
2432 5653 2718 5717 potestate
2749 5653 2806 5703 et
2835 5665 2982 5719 quas
3012 5647 3084 5702 ab
3117 5645 3225 5700 hac
3248 5644 3392 5700 hora
3421 5644 3481 5698 in
3515 5648 3687 5698 antea
3715 5645 3799 5688 ac-

390 5727 604 5800 placito
637 5732 834 5787 nostro
859 5748 870 5787 :
898 5734 1174 5804 juramus
1225 5751 1402 5807 super
1431 5741 1636 5791 sancta
1666 5737 1763 5793 Dei
1796 5754 2040 5811 evange-
2149 5759 2177 5787 «
2211 5734 2460 5808 quiretis
2492 5753 2526 5792 a
2555 5736 2849 5809 Chroatia,
2885 5734 3173 5792 Dalmatia
3203 5737 3262 5790 et
3295 5732 3588 5790 Durachio
3614 5734 3793 5811 usque

385 5815 492 5910 lia,
554 5835 732 5891 super
789 5821 1186 5881 honorabilem
1244 5827 1298 5881 et
1355 5824 1706 5882 viviﬁcatam
1766 5809 1999 5885 crucem
2024 5871 2040 5899 ,
2152 5852 2178 5880 ‹‹
2213 5827 2274 5886 in
2304 5825 2720 5888 Alexandriam
2751 5830 2808 5886 et
2837 5827 3029 5900 ipsam
3058 5843 3073 5898 ;
3106 5839 3293 5899 neque
3314 5840 3444 5897 nos,
3465 5816 3715 5880 civitatis
3744 5809 3799 5864 et
