4130 6434
366 525 482 584 477

1523 520 1913 581 NOVELL/E
1955 518 2656 580 GONS'fITUTlONES.

3683 521 3804 580 4³78

369 677 396 711 α
426 661 575 713 terre
608 654 815 712 Pisane
841 655 1221 724 habitatores,
1257 655 1619 728 pasiscemur
1649 669 1782 709 cum
1829 651 2028 724 aliqua
2056 652 2113 719 Α
2140 651 2500 708 habitatores
2529 649 2779 708 civitatis
2806 654 2863 708 et
2891 655 3046 708 terra
3072 651 3282 708 Pisano
3324 653 3635 709 observare
3685 639 3801 710 im-

368 768 397 798 α
427 761 681 821 persona
724 744 812 799 vel
845 743 1061 817 populo
1094 743 1428 800 inimicante
1457 743 1703 816 imperio
1734 746 1924 798 vestro
1956 743 2028 798 ad

371 856 394 885 ι
431 833 815 891 auferendum
840 850 874 888 a
902 833 1069 890 vobis
1098 837 1360 890 vestrum
1381 833 1697 906 imperium
1717 832 1806 888 vel
1824 835 2029 887 Roma-

373 945 396 974 ι
432 923 614 991 niam,
643 920 727 978 vel
759 920 989 993 aliquas
1019 922 1250 995 imperii
1281 922 1457 979 vestri
1488 927 1694 992 terras,
1725 921 1814 977 vel
1862 921 2026 978 insu-

369 1037 397 1067 ιι
449 1013 554 1079 las,
623 1028 769 1084 quas
836 1028 993 1066 nunc
1052 1011 1161 1067 sub
1221 1015 1510 1084 potestate
1564 1011 1795 1084 imperii
1855 1009 2027 1066 vestri

373 1125 402 1154 ει
435 1101 662 1170 tenetis,
696 1103 797 1156 aut
829 1117 976 1172 quas
999 1101 1301 1173 acquirere
1333 1101 1559 1157 debetis
1585 1102 1656 1157 ab
1717 1099 1826 1156 hac
1885 1099 2030 1156 hora

369 1215 398 1243 α
436 1190 490 1247 in
549 1197 785 1246 anteaa
839 1189 1131 1258 Chroatia,
1196 1189 1486 1246 Dalmatia
1542 1193 1599 1245 et
1654 1187 1941 1245 Durachio
1971 1191 2029 1244 et

367 1304 395 1332 «ι
432 1296 616 1351 usque
649 1278 708 1334 in
742 1278 1154 1335 Alexandriam
1188 1283 1246 1335 et
1271 1279 1499 1352 ipsam;
1534 1282 1589 1334 et
1628 1279 1692 1351 ξεί
1750 1295 1820 1334 ex
1879 1281 2028 1334 terre

366 1393 394 1420 ‹‹
429 1369 863 1425 habitatoribus
907 1373 1106 1425 nostra
1135 1372 1192 1425 et
1221 1369 1563 1424 hominibus
1597 1368 1815 1424 nostris
1845 1365 2026 1440 aliqui

302 1493 309 1502 .
370 1480 397 1510 ‹‹
426 1458 709 1514 damnum
742 1457 986 1531 imperio
1018 1461 1211 1515 vestro
1246 1458 1487 1515 fecerint
1518 1461 1574 1514 at
1627 1459 1686 1513 in
1743 1456 2028 1513 Romanis

364 1570 387 1598 ι
425 1546 664 1616 fuerint,
725 1552 782 1603 at
832 1547 1046 1620 quasiti
1078 1548 1149 1604 ab
1183 1547 1430 1620 imperio
1461 1552 1654 1604 vestro
1686 1547 1922 1614 fuerint,
1956 1547 2026 1602 de

367 1661 388 1688 ιι
424 1637 508 1694 eis
538 1637 938 1693 emendabunt
959 1637 1244 1693 damnum
1297 1637 1456 1708 juste
1513 1641 1570 1693 et
1618 1637 2023 1703 concorditer;

365 1751 388 1777 ι
425 1731 481 1783 et
531 1726 581 1782 si
641 1726 701 1781 in
765 1727 1051 1782 Romanis
1109 1743 1223 1782 non
1254 1726 1492 1795 fuerint
1521 1729 1578 1783 et
1618 1725 1780 1782 Pisas
1814 1723 2025 1781 reversi

361 1839 392 1868 κ
427 1816 666 1885 fuerint,
700 1821 757 1872 et
787 1819 990 1872 notum
1024 1815 1241 1873 factum
1274 1815 1470 1885 fuerit,
1506 1815 1554 1872 si
1586 1815 1833 1872 heredes
1873 1814 2026 1870 Pisis

361 1928 391 1957 α
423 1905 1090 1972 habuerint,secundum
1124 1905 1274 1961 vires
1303 1904 1634 1962 substantia
1665 1903 2024 1960 emendatio-

362 2019 391 2046 ‹‹
432 2011 560 2051 nam
595 1995 882 2052 faciemus
902 1995 1064 2066 juste
1094 1993 1182 2051 vel
1213 1995 1544 2064 concordia,
1578 1997 1812 2066 excepto
1863 1997 2024 2050 tanto

373 2107 402 2139 ιι
431 2089 722 2158 quantum
757 2084 1084 2141 remanebit
1112 2101 1182 2140 ex
1212 2100 1504 2140 consensu
1537 2088 1594 2141 et
1622 2084 1796 2139 verbo
1842 2082 2033 2165 nuntii

371 2200 394 2225 ι
430 2174 518 2230 vel
548 2173 892 2230 nuntiorum
928 2173 1159 2247 imperii
1185 2173 1384 2230 vestri.
1421 2173 1480 2230 Si
1529 2173 1799 2230 homines
1846 2175 2035 2237 nostri

365 2288 393 2315 ‹‹
429 2265 488 2320 in
545 2269 702 2320 terra
753 2262 985 2336 imperii
1020 2263 1197 2320 vestri
1227 2262 1468 2331 fuerint,
1497 2261 1584 2319 vel
1611 2263 2028 2319 Constantino—

368 2377 396 2404 ‹‹
431 2352 546 2426 poli
580 2351 668 2408 vel
702 2353 762 2408 in
795 2352 909 2409 alia
933 2357 1089 2409 terra
1121 2357 1221 2409 aut
1250 2351 1482 2423 _insulis
1541 2351 1774 2424 imperii
1832 2351 2029 2421 vestri,

365 2467 394 2495 ‹‹
431 2441 706 2500 volumus
764 2447 820 2499 et
881 2443 1305 2499 conﬁrmamus
1365 2445 1448 2511 ut,
1509 2441 1558 2497 si
1591 2441 1818 2497 inimici
1849 2442 2028 2498 vestri

369 2557 391 2584 ιι
424 2524 849 2588 insurrexerint
871 2533 1060 2605 gratia
1090 2531 1473 2605 impugnandi
1506 2531 1562 2586 in
1598 2532 1866 2604 partibus
1910 2530 2028 2587 illis

362 2645 392 2673 α
429 2622 487 2677 in
520 2621 737 2694 quibus
769 2621 956 2677 nostri
989 2625 1151 2691 sunt,
1184 2627 1240 2677 et
1271 2638 1509 2678 necesse
1540 2621 1716 2676 fuerit
1747 2624 1811 2676 ut
1853 2620 2027 2692 adju-

365 2735 395 2762 «ι
430 2716 561 2767 vent
590 2711 862 2767 homines
893 2716 1137 2780 vestros,
1167 2715 1352 2767 terras
1383 2714 1606 2767 vestras
1641 2710 2026 2766 defendemus

372 2823 394 2853 ι
429 2805 626 2858 contra
657 2817 865 2857 omnes
897 2800 1168 2857 inimicos
1197 2801 1562 2858 vcstros.Hec
1593 2800 1791 2856 omnia
1823 2816 2024 2872 supra-

374 2913 402 2940 ι(
434 2889 645 2963 scripta
673 2890 1120 2946 observabimus
1153 2907 1279 2960 nos,
1299 2894 1458 2946 totus
1488 2889 1738 2946 Pisanus
1767 2888 2022 2962 populus

376 3002 404 3030 ι(
439 2979 674 3038 civitatis
706 2985 764 3037 et
792 2985 943 3038 terra
976 2981 1206 3049 Pisans,
1238 2981 1365 3052 tibi,
1399 2981 1776 3038 sanctissimo
1833 2981 2019 3053 impe-

373 3092 403 3120 «
436 3070 600 3126 ratori
633 3072 873 3127 domino
903 3069 1125 3138 Alexio,
1151 3076 1207 3127 et
1238 3070 1744 3127 desideratissimo
1767 3069 1887 3126 ﬁlio
1917 3073 2020 3126 tuo

372 3178 394 3207 ι
423 3159 760 3232 imperatori
791 3161 1030 3216 domino
1059 3159 1310 3217 Jobanni
1360 3159 1881 3233 Porphyroganito,
1941 3159 2019 3216 si-

361 3273 390 3300 (ι
424 3255 522 3305 cut
573 3251 848 3322 superius
906 3248 1193 3322 scriptum
1253 3254 1362 3322 est,
1417 3251 1756 3322 incorrupta
1803 3255 2017 3305 etcum

358 3361 387 3388 ‹‹
422 3354 554 3394 vera
585 3339 721 3410 ﬁde,
768 3339 894 3396 sine
950 3340 1156 3396 fraude
1215 3344 1271 3395 et
1324 3339 1477 3397 malo
1537 3339 1794 3412 ingenio,
1853 3338 2016 3395 vobis

2143 742 2300 814 pario
2332 745 2528 798 nostro
2567 744 2622 796 et
2669 741 2970 812 Romanis,
3006 741 3315 798 constituit
3365 745 3422 798 et
3479 743 3793 817 imperium

2140 836 2406 888 nostrum
2469 847 2572 904 per
2618 847 2858 904 presens
2889 831 3298 904 chrysobolum
3331 832 3572 887 verbum
3609 833 3735 889 dari
3766 853 3800 890 a

2139 925 2341 977 nostra
2371 921 2701 988 serenitate,
2736 937 2850 976 non
2885 920 3076 976 solum
3112 921 3167 975 in
3219 921 3335 976 vita
3388 937 3518 989 sua,
3580 923 3682 978 sed
3742 927 3802 980 et

2139 1015 2273 1084 post
2323 1009 2546 1066 obitum
2607 1027 2783 1065 suum
2837 1028 2869 1065 a
2911 1009 3416 1066 desideratissimo
3449 1010 3568 1066 ﬁlio
3599 1015 3800 1069 nostro

2137 1099 2492 1172 imperatore
2520 1099 2758 1154 domino
2787 1098 3053 1154 Johanne
3112 1099 3639 1173 Porphyrogenito,
3700 1100 3800 1157 Pi-

2138 1207 2278 1245 sane
2309 1188 2552 1245 ecclesia
2582 1204 2691 1260 que
2715 1189 2825 1244 sub
2857 1188 3093 1245 nomine
3123 1193 3322 1244 sancte
3353 1189 3452 1244 Dei
3487 1189 3800 1246 Genitricis

2137 1283 2356 1351 est,per
2384 1294 2869 1350 unumquemque
2901 1295 3120 1333 annum
3139 1278 3495 1334 nomismata
3516 1294 3801 1352 yperpera

2136 1368 2242 1424 400
2269 1371 2328 1424 et
2357 1367 2534 1440 pallia
2578 1367 2733 1434 duo;
2789 1367 3028 1422 domino
3090 1367 3296 1422 dilecto
3357 1367 3797 1439 archiepiscopo

2137 1456 2401 1512 Pisarum
2437 1456 2793 1511 nomismata
2823 1454 3043 1511 similia
3070 1457 3142 1511 60
3170 1460 3225 1511 et
3265 1455 3508 1527 pallium
3570 1472 3796 1525 unum;

2137 1556 2445 1611 Lamberto
2497 1553 2708 1625 judici,
2760 1553 3008 1610 Carletto
3039 1556 3123 1608 'et
3152 1553 3402 1609 Antonio
3436 1552 3795 1610 nomismata

2136 1644 2358 1702 similia
2387 1644 2511 1714 100,
2545 1647 2601 1699 et
2631 1648 2764 1716 post
2789 1643 3014 1699 obitum
3073 1642 3284 1698 horum
3345 1643 3646 1699 dabuntur
3700 1660 3794 1700 ec-

2137 1733 2331 1790 clesia.
2389 1733 2807 1789 Commertium
2871 1733 2940 1788 de
2985 1749 3126 1787 auro
3157 1735 3213 1788 at
3244 1737 3484 1805 argento
3516 1733 3669 1804 quod
3704 1733 3792 1789 af-

2137 1825 2354 1881 feretur
2381 1841 2415 1880 a
2445 1823 2628 1892 vobis,
2660 1839 2772 1878 non
2807 1822 3021 1878 dabitis
3047 1822 3166 1878 ullo
3199 1822 3478 1878 modo.De
3499 1823 3796 1879 mercibus

2137 1931 2284 1987 quas
2316 1912 2569 1969 aii‘eratis
2594 1913 2665 1968 de
2693 1916 2849 1968 terra
2877 1916 3073 1968 vestra
3111 1919 3163 1968 et
3221 1912 3292 1968 de
3351 1911 3561 1968 alienis
3618 1913 3794 1970 terris

2137 2019 2253 2058 non
2297 2002 2744 2073 subjacentibus
2774 2001 3042 2057 servituti
3075 1999 3303 2073 imperii
3337 2000 3546 2071 nostri,
3578 2001 3795 2058 dabitis

2143 2091 2331 2164 gratia
2372 2089 2695 2146 commcrtii
2735 2090 2805 2145 de
2832 2089 3306 2162 vigintiquinque
3340 2105 3524 2144 unum
3556 2093 3613 2144 et
3645 2090 3794 2146 nihil

2141 2179 2416 2254 amplius.
2453 2177 2618 2235 Scala
2647 2179 2884 2236 dabitur
2913 2179 3076 2235 vobis
3107 2178 3164 2233 in
3197 2195 3310 2250 qua
3339 2178 3586 2234 debeant
3615 2195 3794 2235 naves

2139 2275 2329 2326 vestre
2359 2269 2650 2342 applicare
2682 2273 2738 2325 et
2767 2285 2944 2325 onera
2973 2285 3175 2324 earum
3207 2268 3419 2341 deponi
3447 2285 3460 2336 ;
3521 2271 3577 2323 et
3626 2267 3792 2324 locus

2141 2359 2478 2433 negotiandi
2539 2363 2712 2431 aptus
2769 2361 2825 2414 et
2871 2357 3220 2414 conveniens
3251 2373 3380 2412 cum
3414 2357 3791 2426 habitaculis,

2141 2461 2204 2516 ut
2234 2458 2530 2531 raponatis
2563 2474 2784 2513 merces
2816 2461 3036 2514 vestras
3067 2460 3123 2512 et
3152 2456 3451 2513 habitetis.
3511 2456 3793 2512 Similiter

2136 2553 2194 2606 et
2250 2548 2310 2604 in
2365 2565 2578 2621 magna
2625 2547 3001 2604 sanctissima
3033 2547 3127 2603 Dei
3157 2547 3422 2613 ecclesia,
3453 2550 3658 2603 sancta
3685 2551 3790 2602 So-

2137 2638 2294 2711 phia,
2327 2637 2562 2694 dabitur
2592 2637 2753 2693 vobis
2782 2635 2945 2694 locus
2977 2636 3170 2693 standi
3202 2654 3234 2692 a
3259 2635 3636 2693 sanctissimo
3683 2653 3788 2709 pa-

2136 2727 2351 2784 triarca
2404 2746 2420 2782 :
2480 2729 2536 2783 et
2568 2727 2626 2782 in
2655 2727 3000 2799 ypodromio
3033 2727 3267 2782 dabitur
3295 2726 3460 2783 vobis
3491 2725 3655 2782 locus
3686 2725 3788 2781 ubi

2133 2818 2397 2874 debeatis
2429 2817 2629 2873 sedere
2688 2817 2745 2872 in
2801 2816 2895 2872 die
2949 2817 3297 2889 ypodromii.
3358 2816 3414 2870 Si
3467 2816 3788 2887 depredata

2132 2906 2308 2963 fuerit
2365 2905 2529 2962 navis
2575 2909 2766 2962 vestra
2797 2904 2855 2960 in
2887 2908 3040 2960 terra
3071 2903 3300 2976 imperii
3333 2904 3537 2974 nostri,
3571 2906 3628 2958 et
3657 2919 3788 2974 per-

2132 2997 2249 3052 dite
2276 2996 2496 3052 fuerint
2525 3013 2617 3051 res
2646 3000 2860 3063 vestre,
2886 2993 3078 3049 ablato
3110 2995 3179 3048 ab
3212 2992 3512 3066 aliquibus
3541 2993 3641 3066 qui
3672 2993 3784 3050 sub

2130 3085 2387 3158 potentia
2419 3085 2645 3157 imperii
2677 3085 2862 3140 nostri
2894 3088 3053 3153 sunt,
3083 3083 3250 3140 faciet
3281 3083 3443 3139 vobis
3476 3083 3787 3140 clementia

2127 3175 2353 3246 imperii
2388 3175 2570 3230 nostri
2596 3173 2904 3246 justiciam
2935 3177 2993 3228 et
3041 3173 3514 3228 emendationem
3575 3189 3784 3230 conve-

2128 3264 2309 3321 nienti
2366 3267 2648 3336 tempore,
2683 3269 2996 3336 postquam
3031 3262 3339 3335 probatum
3376 3261 3571 3317 fuerit.
3605 3262 3784 3319 Navis

2125 3358 2320 3410 vestra
2377 3353 2426 3409 si
2486 3353 2668 3408 fracta
2724 3352 2900 3407 fuerit
2957 3351 3109 3407 infra
3170 3350 3488 3421 potentiam
3549 3351 3785 3424 imperii

357 3429 931 3485 «corroborantibus
1002 3447 1104 3501 per
1163 3428 1584 3502 chrysobulum
1643 3446 1730 3500 ea,
1788 3446 1914 3501 quae
1959 3427 2019 3482 in

2133 3442 2336 3511 nostri,
2371 3459 2462 3498 res
2490 3446 2712 3497 vestras
2744 3458 2893 3512 quas
2925 3458 3024 3497 vos
3058 3440 3318 3496 liberatis
3367 3444 3423 3495 at
3479 3441 3782 3497 extrahitis

354 3539 384 3567 ιι
417 3517 635 3589 scripto
669 3522 867 3573 nostro
898 3517 1290 3588 contineatur,
1335 3521 1392 3574 et
1449 3517 1898 3575 observantibus
1951 3531 2021 3573 ea

355 3626 385 3655 «
424 3605 615 3663 nobis.

429 3735 456 3763 ς(
503 3713 620 3769 Hoc
682 3713 902 3769 factum
960 3716 1051 3768 est
1108 3729 1262 3770 anno
1316 3713 1735 3770 incarnationis
1790 3713 2019 3770 Domini

362 3821 385 3850 ι
423 3801 740 3859 millesimo
794 3802 1111 3858 centesimo
1173 3803 1508 3872 undecimo,
1555 3807 1762 3876 quarto
1794 3803 2020 3860 decimo

357 3914 386 3942 α
424 3891 815 3948 Kalendarum
849 3891 1000 3962 Mali,
1041 3891 1380 3949 indictionis
1440 3891 1608 3948 tertia
1664 3897 1722 3949 et
1774 3893 2020 3959 decima,

356 4004 387 4032 α
423 3980 482 4036 in
542 3982 836 4054 presentia
893 3981 1285 4055 archipiscopi
1343 3981 1776 4054 Amaiphitani,
1839 3981 2022 4039 Musci

359 4094 388 4121 α
415 4069 638 4142 judicis
671 4070 1073 4144 Amalphitani
1105 4074 1161 4126 et
1190 4070 1504 4126 consulum
1530 4070 1902 4126 Pisanorum.
1935 4092 1964 4121 »

435 4177 592 4234 «His
622 4177 819 4250 itaque
851 4195 954 4250 per
997 4178 1286 4250 scriptum
1345 4182 1403 4234 et
1456 4183 1892 4233 sacramentum
1949 4178 2023 4233 ab

356 4266 477 4323 illis
507 4267 872 4323 conﬁrmatis
919 4269 978 4322 in
1010 4265 1310 4338 presentia
1341 4267 1602 4323 hominis
1628 4266 1858 4339 imperii
1915 4283 2022 4322 no-

355 4357 468 4414 stri
501 4356 838 4424 Masimerii,
871 4357 1152 4428 quoniam
1183 4359 1241 4413 et
1273 4373 1373 4412 vos
1405 4356 1572 4413 missi
1604 4355 1677 4412 ob
1710 4355 1826 4412 illis
1857 4356 2020 4427 estis,

355 4447 625 4503 videlicet
689 4447 878 4503 Guido
937 4445 1184 4502 clericus
1242 4450 1298 4501 et
1356 4445 1641 4502 Bonﬁlius
1712 4446 2019 4519 presbiter,

353 4537 639 4595 Girardus
695 4537 1039 4605 vicecomes,
1085 4535 1435 4592 Hebrandus
1490 4535 1686 4591 frater.
1736 4533 2018 4602 Rainerii,

355 4626 618 4682 Alferius
647 4624 874 4693 consul,
911 4625 1114 4681 Petrus
1151 4625 1356 4696 judex,
1414 4622 1599 4680 Guido
1659 4623 1816 4679 ﬁlius
1876 4623 2022 4680 Boni

357 4716 576 4788 Pipini,
608 4715 980 4772 0dimundus
1007 4713 1358 4786 Curopalata
1386 4712 1543 4769 ﬁlius
1575 4713 1744 4782 Oddi,
1778 4717 1836 4769 et
1863 4712 2019 4770 litte-

2129 3532 2320 3590 salvas
2371 3531 2662 3588 habebitis
2725 3531 2852 3587 sine
2907 3531 3107 3597 dubio,
3157 3535 3213 3585 at
3245 3530 3374 3585 illas
3407 3533 3603 3585 autem
3636 3547 3786 3602 quas

2129 3621 2328 3678 Romei
2365 3620 2673 3677 extrahant
2703 3621 3048 3692 adjuvantes
3077 3619 3392 3688 habebitis,
3445 3620 3652 3676 dantes
3699 3621 3787 3677 eis

2130 3721 2458 3778 mercedem
2517 3720 2842 3777 secundum
2900 3719 3010 3776 loci
3079 3718 3600 3789 consuetudinem,
3670 3718 3787 3775 nisi

2132 3813 2277 3868 forte
2306 3811 2458 3867 inter
2485 3827 2587 3866 vos
2620 3813 2676 3866 et
2705 3826 2804 3865 eos
2835 3808 3056 3880 aliquid
3089 3807 3244 3864 aliud
3280 3813 3489 3880 sponte
3547 3813 3782 3880 pactum

2132 3901 2326 3958 fuerit.
2357 3905 2576 3956 Merces
2597 3904 2822 3956 vestras
2853 3917 3000 3971 quas
3032 3898 3286 3954 ati‘eretis
3317 3898 3387 3953 de
3439 3902 3597 3954 terra
3653 3914 3781 3955 ves-

2131 3990 2336 4057 tra,vel
2367 3990 2438 4046 de
2470 3989 2679 4046 alienis
2711 3987 2879 4044 terris
2914 4005 3029 4043 nan
3060 3987 3509 4058 subjacantibus
3539 3986 3786 4059 imperio

2135 4085 2354 4146 nostro,
2389 4083 2702 4151 postquam
2734 4078 2806 4133 ad
2839 4076 3151 4148 imperium
3187 4080 3453 4132 nostrum
3480 4094 3582 4132 vos
3613 4092 3782 4132 vene-

2132 4170 2284 4236 ritis,
2316 4169 2436 4225 sive
2466 4165 3028 4238 ConstantinOpolim
3062 4165 3182 4221 sive
3239 4165 3297 4220 in
3357 4164 3613 4221 insulam
3673 4165 3785 4220 im-

2131 4259 2277 4332 perii
2335 4257 2542 4323 nostri,
2591 4256 2883 4311 habebitis
2941 4255 3240 4310 licentiam
3301 4254 3666 4323 extrahendi,
3726 4259 3783 4310 et

2129 4347 2422 4405 vendendi
2481 4347 2538 4402 in
2596 4345 2721 4402 loco
2769 4345 2830 4400 in
2864 4361 2980 4417 quo
3013 4344 3433 4417 applicueritis,
3467 4347 3524 4398 et
3549 4349 3669 4399 tam
3702 4344 3784 4398 ibi

2131 4455 2309 4511 quam
2341 4436 2481 4494 alibi
2516 4437 2666 4492 infra
2695 4433 3113 4491 continentiam
3148 4434 3403 4507 potentia
3435 4437 3632 4490 nostra
3662 4435 3788 4507 qui-

2132 4528 2498 4598 buscumque
2529 4525 2850 4597 volueritis,
2882 4525 3045 4582 nullo
3076 4525 3189 4581 alio
3244 4529 3406 4596 pacto
3464 4523 3550 4580 vel
3611 4526 3786 4580 modo

2131 4622 2332 4674 contra
2363 4617 2714 4673 voluntatem
2737 4619 2986 4672 vestram
3010 4614 3359 4687 precipiente
3376 4613 3434 4669 in
3454 4614 3786 4670 venditione

2130 4711 2188 4762 et
2218 4704 2698 4774 commutatione,
2729 4704 2986 4777 exceptis
3018 4704 3276 4759 inimicis
3308 4703 3536 4775 imperii
3571 4704 3779 4773 nostri;

362 4822 461 4861 ras
494 4804 741 4877 imperio
773 4808 976 4860 nostro
1005 4801 1288 4859 attulistis
1320 4819 1466 4874 quas
1523 4802 1606 4858 illi
1659 4819 1864 4859 omnes
1923 4821 2023 4875 per
2053 4788 2098 4854 D
2131 4799 2188 4853 et
2219 4795 2436 4852 dabitis
2463 4797 2518 4850 et
2563 4794 2624 4849 in
2679 4793 2775 4850 his
2826 4792 3232 4849 commertium
3292 4792 3445 4849 sicut
3509 4792 3781 4864 superius

358 4911 463 4951 vos
522 4895 595 4950 ad
655 4892 970 4966 imperium
1031 4892 1344 4962 miserunt,
1407 4895 1464 4947 et
1514 4893 1925 4948 continebatur
1954 4892 2014 4948 in

358 4983 575 5040 litteris
607 5000 808 5039 eorum
841 4982 974 5050 hoc,
1006 4986 1166 5037 utea
1215 4997 1329 5052 que
1389 4981 1628 5038 deerant
1675 4999 1774 5038 vos
1833 4981 2018 5038 adim-

355 5072 734 5147 pleretis;hoc
768 5090 868 5144 per
899 5071 1186 5143 scriptum
1217 5074 1275 5126 et
1304 5074 1740 5127 sacramentum
1763 5073 2014 5127 vestras-

356 5179 476 5234 que
506 5163 969 5234 subscriptiones
1001 5160 1412 5229 conﬁrmastis,
1447 5161 1602 5233 quod
1642 5161 1842 5216 omnia
1901 5177 2016 5233 qua

357 5253 432 5309 ab
463 5251 581 5306 illis
610 5255 782 5324 pacta
811 5253 952 5307 sunt
979 5250 1051 5305 ad
1085 5249 1398 5321 imperium
1421 5253 1692 5306 nostrum
1717 5253 1774 5305 et
1791 5250 2017 5306 deside-

359 5341 728 5398 ratissimum
763 5339 918 5396 ﬁlius
949 5341 1078 5410 ejus
1108 5338 1522 5409 imperatorem
1570 5342 1628 5394 et
1665 5338 2012 5395 Romaniam

359 5447 464 5504 per
493 5436 952 5498 sacramentum,
986 5426 1242 5484 universi
1273 5427 1634 5484 habitatores
1660 5427 1912 5484 civitatis
1959 5432 2017 5486 et

358 5526 514 5576 terra
563 5518 769 5575 Pisans
798 5517 1224 5585 conﬁrmarint,
1257 5521 1314 5572 et
1340 5515 1732 5573 observabunt
1763 5516 1930 5573 ﬁrma
1959 5524 2016 5574 et

361 5607 663 5677 inviolata,
697 5607 848 5664 sicut
879 5607 986 5663 hoc
1043 5604 1318 5678 intelligit
1374 5605 1684 5678 imperium
1741 5610 2010 5663 nostrum

2128 4885 2354 4942 dictum
2415 4889 2521 4940 est.
2579 4881 2739 4939 Alias
2771 4887 2964 4938 autem
3000 4897 3220 4938 merces
3252 4899 3361 4953 que
3393 4882 3462 4936 de
3496 4882 3782 4938 Romania

2127 4971 2548 5044 sunt,vanditis
2579 4973 2734 5028 sicut
2763 4972 2985 5040 Romai,
3019 4975 3076 5027 et
3105 4970 3320 5028 dabitis
3352 4971 3505 5027 sicut
3555 4972 3778 5028 Romci.

2129 5073 2341 5128 Littera
2399 5071 2652 5144 imperiii
2689 5071 2874 5127 nostri
2905 5071 3212 5126 mittentur
3243 5069 3313 5126 ad
3345 5073 3530 5125 terras
3562 5070 3690 5139 ejus
3719 5070 3778 5124 in
3825 5088 3830 5092 ·

2125 5164 2340 5236 quibus
2373 5161 2770 5235 applicabitis,
2804 5165 2866 5216 ut
2897 5161 3074 5217 duces
3109 5160 3165 5215 in
3196 5159 3280 5216 eis
3336 5159 3652 5214 existentes
3683 5175 3778 5212 co-

2124 5257 2414 5325 gnoscant
2473 5251 2647 5306 ﬁdem
2710 5267 2915 5322 puram
2975 5254 3032 5306 et
3063 5249 3406 5306 servitutem
3438 5252 3689 5304 vestram
3722 5253 3780 5303 et

2125 5359 2240 5414 qua
2269 5342 2341 5398 ab
2373 5340 2618 5412 imperio
2649 5343 2844 5396 nostro
2872 5340 3033 5395 vobis
3065 5339 3384 5395 constituta
3407 5341 3547 5394 sunt
3578 5341 3635 5394 et
3665 5353 3779 5410 que

2125 5431 2371 5504 imperio
2405 5436 2599 5486 nostro
2641 5447 2676 5486 a
2730 5429 2913 5501 vobis,
2968 5435 3256 5500 quatenus
3311 5445 3426 5483 non
3479 5432 3777 5501 transgre-

2125 5521 2363 5576 diantur
2421 5536 2532 5592 qua
2589 5519 2660 5575 ab
2720 5517 2964 5590 imperio
2999 5525 3196 5574 nostro
3230 5523 3398 5590 pacta
3429 5525 3569 5573 sunt
3598 5520 3776 5574 duces

2124 5613 2180 5666 et
2211 5609 2420 5681 reliqui
2453 5608 2552 5680 qui
2584 5608 2693 5664 sub
2729 5610 3015 5680 potestate
3048 5607 3278 5679 imperii
3312 5607 3493 5662 nostri
3530 5613 3688 5662 sunt.
3711 5609 3780 5662 Et

362 5698 437 5754 ad
464 5698 790 5770 proﬁcuum
821 5700 878 5752 et
907 5697 1188 5753 honorem
1218 5711 1394 5751 suum
1425 5699 1485 5752 et
1526 5694 2013 5753 desideratissimi
2121 5700 2171 5756 si
2202 5699 2478 5755 acciderit
2511 5697 2732 5770 aliquid
2762 5697 3048 5769 injustum
3087 5697 3229 5768 ﬁeri,
3261 5697 3655 5753 vindicabitur
3703 5699 3776 5752 ab

361 5785 470 5842 ﬁlii
502 5785 595 5843 sui
623 5791 680 5842 et
711 5791 862 5842 terre
894 5785 1147 5858 potentia
1178 5789 1395 5853 nostra,
1428 5802 1660 5858 magna,
1713 5787 1903 5844 medie
1956 5792 2013 5844 et
2120 5788 2438 5861 iis,ﬁetque
2465 5787 2796 5846 emendatio
2818 5787 3085 5858 justa.Ut
3108 5791 3165 5843 et
3199 5786 3268 5844 ab
3299 5785 3546 5859 imperio
3579 5792 3778 5843 nostro

367 5875 596 5934 ultime.
656 5875 740 5931 Ob
779 5874 955 5932 ﬁdem
979 5875 1161 5948 igitur
1189 5891 1367 5948 quam
1399 5874 1778 5949 disptsuistis
1809 5893 2012 5934 omnes
2119 5880 2181 5935 in
2212 5879 2489 5937 omnibus
2521 5878 2689 5936 terris
2724 5877 2976 5952 potentia
3010 5880 3202 5934 nostra
3231 5880 3284 5934 et
3318 5876 3528 5933 insulis
3561 5876 3618 5931 in
3651 5875 3776 5948 qui-
