4130 6406
363 459 480 520 479
1645 465 1901 525 ISAACl
1951 467 2050 526 AN

2163 467 2242 527 ‘Ll
2289 467 2454 528 IMP.
3697 460 3828 519 480

363 591 474 646 bus
506 593 1016 665 applicatis,iidem
1049 599 1214 654 vobis
1244 599 1352 654 loci
1384 603 1692 654 serventur
1721 602 1778 655 et
1805 601 2008 654 eadem
2041 601 2090 668 Α
2122 599 2181 655 in
2224 600 2480 672 practice
2530 600 2676 672 ipsis
2743 600 2894 655 facta
2961 599 3362 668 notiﬁcantur,
3423 613 3554 670 que
3628 596 3825 668 hujus

365 682 699 738 emendatio
732 685 854 740 ﬁat.
889 688 947 742 Si
980 687 1050 742 ab
1085 688 1280 761 aliquo
1324 688 1734 744 Veneticorum
1785 691 1887 744 aut
1944 688 2014 743 ab
2128 693 2268 745 sunt
2299 691 2430 761 (44).
2465 690 2748 754 Quoniam
2781 705 2913 745 vere
2943 692 3076 745 ante
3106 693 3339 761 tempus
3363 689 3433 743 ob
3504 687 3822 759 quasdam

363 771 559 843 aliquo
617 773 855 830 homine
912 779 1251 848 subjacente
1299 778 1546 850 imperio
1578 782 1778 834 nostro
1811 795 2017 848 passus
2127 795 2338 835 causas
2369 779 2550 834 voluit
2580 779 2894 851 imperium
2928 783 3196 833 nostrum
3254 776 3622 848 hujusmodi
3690 775 3828 834 loco.

366 861 541 916 fuerit
573 861 818 919 Pisanus
852 866 1144 938 quispiam
1178 872 1338 922 atrox
1372 869 1619 923 dedecus
1647 867 1735 922 vel
1782 873 2014 940 turpem
2127 882 2214 922 eis
2265 871 2510 933 mutare,
2545 866 2748 938 eisque
2781 883 2884 938 pro
2915 865 3008 920 his
3032 864 3158 920 dari
3189 863 3303 920 alia
3335 863 3496 919 ultra
3527 863 3594 916 in
3634 862 3828 934 parti-

363 949 644 1021 injuriam
695 958 795 1008 aut
825 955 893 1010 de
926 957 1097 1010 rebus
1129 957 1252 1011 suis
1285 958 1591 1023 damnum,
1630 957 1798 1012 faciet
1828 958 2016 1028 impc-
2126 956 2238 1012 bus
2271 956 2500 1028 magnis
2530 956 2694 1010 urbis
2725 955 3032 1026 oppositis,
3065 953 3176 1024 ipsi
3210 957 3404 1008 autem
3445 952 3828 1008 accedentes

364 1039 518 1095 rium
553 1046 820 1097 nostrum
855 1045 1669 1118 emcndationem,postquam
1701 1047 2012 1119 probatum
2127 1045 2433 1101 clementie
2465 1049 2661 1101 nostre
2692 1044 3175 1116 supplicaverunt
3207 1047 3271 1098 ut
3303 1042 3412 1099 hoc
3444 1058 3575 1098 non
3628 1041 3828 1112 ﬁeret,

366 1129 562 1195 fuerit,
609 1131 656 1186 si
716 1137 913 1188 nostre
970 1136 1266 1190 serenitati
1326 1136 1575 1191 relatum
1635 1136 1809 1191 fuerit
1865 1136 2017 1190 infra
2125 1151 2326 1191 verum
2361 1139 2559 1190 essent
2590 1135 2646 1189 in
2697 1133 3073 1206 possessione
3131 1147 3330 1187 eorum
3392 1147 3513 1203 que
3579 1131 3824 1204 pridem

365 1221 600 1290 tempus
633 1219 814 1287 legale
846 1228 902 1278 et
933 1225 1284 1281 conveniens
1330 1225 1387 1280 in
1447 1225 1605 1282 omni
1657 1225 2016 1281 continentia
2125 1225 2440 1294 habebant,
2475 1225 2757 1281 serenitas
2787 1223 3018 1296 imperii
3051 1221 3232 1278 nostri
3267 1221 3350 1276 sic
3380 1221 3511 1275 ﬁeri
3566 1237 3828 1276 conces-

365 1324 490 1363 sua.
550 1308 737 1364 Naves
794 1316 981 1368 vestro
1040 1320 1096 1368 et
1126 1314 1394 1370 homines
1426 1315 1598 1371 vestri
1634 1314 1889 1370 volentes
1921 1330 2012 1370 re-
2125 1313 2220 1370 sit.
2273 1318 2339 1368 Et
2389 1314 2668 1386 quoniam
2697 1311 2959 1385 oportuit
2987 1315 3423 1368 sacramentum
3456 1309 3538 1364 ab
3575 1308 3659 1364 iis
3691 1308 3821 1363 ﬁeri

361 1396 484 1451 dire
515 1397 681 1454 Pisas
714 1417 826 1455 non
885 1402 1396 1474 prohibebuntur;
1455 1421 1640 1474 neque
1699 1403 2013 1476 imperium
2125 1403 2373 1475 imperio
2403 1407 2603 1458 nostro
2634 1401 2976 1473 hujusmodi
3010 1400 3224 1473 negotii
3259 1399 3470 1472 gratia,
3543 1397 3819 1470 priorem

358 1491 650 1558 nostrum,
681 1505 868 1561 neque
900 1492 1438 1549 desideratissimus
1470 1495 1629 1548 ﬁtius
1655 1495 1781 1565 ejus
1829 1494 2015 1564 impe-
2127 1493 2568 1548 conventionem
2619 1495 2676 1547 et
2733 1495 3104 1546 sacramenta
3153 1506 3351 1545 eorum
3381 1489 3822 1556 corroborans,

361 1579 522 1631 rator
592 1577 1143 1652 Porphyrogenitus,
1210 1599 1401 1655 neque
1465 1583 1680 1654 aliquis
1747 1586 2016 1655 precepto
2126 1587 2184 1639 et
2215 1582 2433 1655 quippe
2465 1583 2535 1638 ad
2569 1585 2831 1638 nostram
2865 1579 3241 1636 serenitatem
3273 1577 3448 1650 legati
3485 1577 3566 1632 ab
3606 1577 3822 1649 hujus-

364 1665 548 1722 nostri
573 1683 675 1739 per
696 1671 1034 1742 quempiam
1067 1671 1304 1726 modum
1335 1672 1623 1744 injustitie
1655 1672 1828 1728 faciet
1849 1673 2017 1744 quic-
2128 1673 2285 1728 modi
2320 1677 2474 1728 terra
2504 1672 2778 1740 equidem
2829 1672 3242 1742 pervenerunt,
3288 1666 3820 1740 prudentissimus

364 1771 542 1827 quam
577 1757 635 1810 in
670 1758 844 1813 rebus
873 1761 1081 1816 vestris
1110 1760 1198 1816 vel
1237 1761 1592 1818 hominibus.
1639 1762 1695 1817 Si
1755 1777 1888 1817 vero
1946 1761 2018 1816 ob
2127 1761 2398 1817 videlicet
2429 1760 2633 1817 consul
2664 1759 3008 1831 hujusmodi
3043 1762 3191 1814 terre
3223 1756 3526 1825 Albertus,
3563 1759 3628 1812 et
3660 1758 3819 1812 cum

366 1843 590 1916 aliquas
631 1863 842 1902 causas
878 1848 1170 1906 interdum
1205 1852 1420 1906 factum
1456 1852 1650 1918 fuerit,
1685 1867 1784 1922 per
1808 1867 2018 1908 conve-
2129 1868 2195 1908 eo
2243 1852 2425 1923 judex
2478 1849 2857 1923 Burgundius
2906 1853 2962 1904 et
3003 1863 3198 1903 comes
3226 1850 3482 1917 Marcus,
3520 1848 3583 1901 et
3617 1845 3817 1901 fecere

363 1935 532 1990 niens
565 1939 799 2009 tempus
833 1939 1263 1995 emendabitur.
1298 1940 1352 1995 Si
1388 1941 1603 2013 aliquis
1635 1945 1896 1996 vestrum
1930 1957 2016 1996 re-
2051 1982 2096 2014 η
2127 1941 2374 2014 imperio
2407 1943 2606 1996 nostro
2639 1940 3096 2004 sacramentum,
3128 1933 3332 1992 consul
3367 1935 3624 2007 quidem
3660 1933 3820 1990 noti-

365 2023 775 2081 clamationem
811 2028 1025 2099 fecerit,
1062 2046 1174 2085 non
1209 2030 1542 2102 repelletur,
1578 2031 1628 2086 si
1661 2035 1861 2086 notum
1903 2030 2019 2085 im-
2050 2023 2097 2047 ”
2128 2031 2424 2086 ﬁcandum
2456 2032 2892 2086 sacramentum
2928 2027 3010 2083 sic
3037 2027 3361 2082 secundum
3392 2024 3582 2080 verba
3617 2023 3817 2081 conti-

362 2112 523 2186 perio
582 2119 781 2171 nostro
827 2116 1042 2172 factum
1105 2119 1302 2187 fuerit,
1357 2121 1459 2176 sed
1491 2120 1806 2192 recipietur
1834 2119 2020 2176 recla-
2130 2136 2277 2176 nens
2309 2136 2322 2175 :
2363 2139 2384 2168 ι
2420 2120 2538 2192 Ego
2569 2118 2772 2174 consul
2797 2117 3086 2187 Pisarum,
3113 2115 3340 2188 legatus
3371 2115 3441 2171 ad
3477 2115 3805 2170 dominum

365 2203 546 2259 malio
577 2205 707 2275 ejus
738 2209 794 2260 et
851 2209 1174 2263 secundum
1238 2208 1424 2281 legem
1488 2210 1904 2276 vindicabitur,
1963 2213 2022 2265 et
2132 2214 2460 2266 «nostrum
2503 2209 2914 2280 imperatorem
2976 2207 3374 2261 Romanorum
3439 2207 3503 2260 et
3565 2219 3815 2276 semper

363 2292 761 2349 vindicabitur
817 2300 950 2367 post
990 2298 1394 2369 probationem
1423 2299 1704 2366 veritatis,
1737 2300 1807 2366 si,
1844 2316 2020 2371 appa-
2135 2321 2162 2351 «
2196 2303 2510 2370 augustum
2536 2296 2842 2354 dominum
2866 2294 3194 2351 Manuelem
3221 2293 3806 2366 Porphyrogenitum

367 2382 553 2437 ruerit
610 2383 962 2455 lnjustitiam
1022 2403 1256 2457 passus.
1314 2387 1419 2453 Qui.
1469 2405 1571 2459 pro
1634 2388 1866 2442 servitio
1926 2387 2022 2443 Dei
2133 2411 2160 2439 ‹‹
2193 2387 2740 2458 Comnanum,juro
2772 2403 2839 2442 ex
2871 2387 3140 2457 precepto
3171 2388 3226 2439 et
3257 2382 3566 2438 voluntate
3613 2381 3812 2439 archi-

371 2470 835 2541 Hierosolymam
900 2476 1152 2530 tendunt
1217 2493 1346 2531 cum
1418 2477 1625 2532 vestris
1683 2477 2025 2532 hominibus
2136 2501 2163 2530 «
2199 2477 2457 2550 episcopi
2498 2476 2700 2538 nostri,
2739 2474 3074 2542 consulum,
3111 2477 3448 2530 senatorum
3484 2477 3546 2528 et
3579 2471 3811 2544 relique

370 2577 550 2617 causa
578 2562 866 2617 militandi
902 2569 1105 2620 contra
1136 2583 1413 2638 paganos,
1444 2566 1501 2620 in
1555 2566 1760 2622 itinere
1821 2565 1907 2620 vel
1965 2566 2022 2620 in
2138 2589 2166 2619 «
2197 2573 2349 2623 terre
2396 2567 2664 2622 Pisarum
2712 2581 2953 2637 presens
2985 2567 3421 2619 sacramentum
3459 2580 3474 2619 :
3512 2560 3802 2635 quoniam

369 2651 1213 2725 reversioneimpedimentum
1237 2655 1467 2727 aliquod
1494 2672 1604 2711 non
1625 2656 2023 2723 sustinebunt,
2136 2679 2164 2707 «
2200 2656 2272 2711 oh
2306 2655 2590 2728 quasdam
2624 2654 2879 2710 rationes
2931 2652 3143 2708 accidit
3196 2668 3304 2708 nos
3361 2651 3432 2707 ad
3495 2649 3801 2706 modicum

369 2757 561 2812 neque
597 2743 1104 2813 perturbabuntur
1135 2744 1246 2816 ipsi
1279 2745 1363 2800 vel
1398 2749 1704 2817 naves,aut
1735 2745 2028 2817 stipendia
2137 2769 2165 2798 «
2200 2745 2483 2800 removeri
2514 2745 2586 2800 ab
2620 2744 2694 2800 iis
2727 2759 2840 2816 que
2870 2743 2928 2798 in
2963 2758 3180 2814 magna
3211 2741 3354 2797 urbe
3403 2739 3801 2803 habebamus,

373 2834 476 2885 aut
510 2829 714 2886 bellica
746 2831 1140 2889 instrumenta
1173 2851 1285 2906 que
1315 2835 1603 2903 deferunt,
1652 2834 2025 2891 securitatem
2136 2857 2166 2887 «
2198 2834 2463 2892 videlicet
2519 2834 2782 2903 ecclesia,
2841 2831 3071 2889 embolo
3128 2834 3186 2888 et
3225 2829 3403 2897 scala,
3437 2829 3597 2886 datis
3629 2826 3798 2883 nobis

369 2917 720 2976 facientibus
753 2921 827 2977 iis
854 2922 951 2994 qui
984 2938 1081 2978 eos
1113 2923 1402 2996 recipiunt
1453 2925 1511 2979 in
1573 2940 1752 2979 naves
1805 2928 2027 2980 vestras
2137 2949 2166 2976 «
2199 2942 2304 2998 pro
2353 2924 2782 2980 restauratione
2837 2921 2968 2978 aliis
3021 2920 3080 2976 in
3140 2919 3407 2994 partibus
3466 2934 3582 2991 que
3641 2915 3794 2972 ultra

369 3008 712 3065 hominibus
772 3027 875 3084 per
922 3013 1399 3070 certiﬁcationem
1455 3013 1826 3081 sacramenti,
1877 3031 2027 3086 qua-
2138 3038 2167 3067 «
2199 3018 2357 3084 sunt,
2418 3030 2575 3070 nunc
2635 3016 2830 3070 autem
2887 3028 2954 3068 ex
2998 3013 3268 3084 precepto
3298 3006 3672 3081 imperatoris
3703 3020 3789 3059 re-

367 3103 540 3155 tenus
574 3116 678 3155 nec
709 3100 1011 3157 inimicum
1045 3101 1275 3175 imperii
1309 3102 1492 3159 nostri
1524 3107 1581 3159 et
1609 3103 1889 3159 Romanie
1922 3103 2026 3159 ad-
2141 3129 2169 3160 ι(
2201 3107 2389 3164 stituti
2421 3122 2632 3162 sumus
2662 3105 2720 3160 in
2747 3120 2814 3160 ea
2845 3117 2958 3176 que
2988 3102 3225 3174 quidem
3244 3091 3780 3180 habebamus:quod

362 3189 706 3260 juvent,nec
738 3190 815 3245 ibi
836 3192 1368 3265 contraimperium
1390 3197 1657 3249 nostrum
1677 3193 2024 3249 efﬁciantur.
2142 3217 2171 3249 ‹‹
2197 3195 2639 3253 observabimus
2671 3209 2777 3250 nos
2809 3196 2865 3248 et
2894 3196 3050 3248 terra
3079 3190 3347 3246 Pisarum
3380 3188 3637 3243 universa
3657 3186 3776 3251 Ino-

439 3296 590 3354 «Hec
621 3297 821 3370 itaque
853 3299 1175 3356 manebunt
1204 3300 1419 3373 quippe
1450 3300 1848 3357 immutabilia
1881 3312 2030 3357 sem-

2163 3285 2422 3341 :tiﬁcato
2455 3283 2795 3357 imperatori
2841 3279 3332 3354 Porphyrogenito
3380 3273 3606 3373 domino
3662 3273 3776 3370 hila-

367 3403 491 3460 per,
525 3357 837 3460 quousque
864 3404 965 3445 vos
996 3395 1052 3445 et
1079 3357 1283 3445 omnes
1308 3357 1678 3447 habitatores
1728 3395 1880 3446 terre
1931 3407 2027 3446 ve-
2061 3357 2104 3425 C
2147 3396 2175 3428 (ί
2206 3375 2362 3431 mle“
2413 3375 2736 3444 (δοσιοδηοθ
2767 3371 3084 3428 heredibus
3117 3373 3174 3425 et
3203 3363 3631 3460 δυθθθδδθξίδξλῗ
3656 3359 3782 3460 eius.

372 3449 492 3535 stre
522 3449 578 3533 et
607 3449 858 3536 civitatis
887 3480 1209 3536 observatis
1236 3496 1302 3535 ea
1333 3497 1443 3551 que
1502 3481 1777 3553 superius
1834 3482 2030 3536 notifi-
2143 3489 2172 3517 (ί
2203 3471 2261 3523 et
2313 3465 2616 3536 Romanie,
2676 3463 2851 3555 ﬁdem
2906 3465 2962 3555 et
3021 3459 3292 3555 debitum
3345 3455 3494 3555 quo-d
3541 3449 3789 3555 debebat

374 3571 506 3623 cata
535 3572 675 3622 sunt
705 3569 872 3622 ﬁrma
903 3573 959 3624 et
1015 3548 1366 3641 incorrupta:
1409 3548 1656 3641 imperio
1716 3574 1916 3626 nostro
1979 3573 2037 3625 et
2146 3581 2174 3609 κ
2208 3563 2364 3613 terra
2395 3557 2608 3613 Ρῖεειῐιει
2639 3553 2884 3626 imperio
2916 3550 3044 3625 elus
3066 3568 3135 3641 εκ
3164 3549 3394 3622 Ρτίάθω
3445 3548 3612 3602 {acus
3659 3556 3792 3641 οοτξ·

374 3655 878 3712 desideratissimo
933 3658 1054 3713 ﬁlio
1107 3659 1235 3729 ejus
1295 3663 1353 3713 et
1410 3658 1750 3730 imperatori
1798 3660 2036 3716 domino
2151 3670 2173 3697 ε
2207 3646 2582 3703 νθηῐίοηίδυε
2639 3648 2696 3700 6t
2743 3640 3131 3734 sacramentis
3159 3655 3394 3734 semper
3424 3628 3797 3734 memPr‘fnd?

373 3749 628 3806 Johanni
666 3751 1154 3824 Porphyrogcnito
1185 3755 1243 3808 et
1274 3729 1576 3820 Romanie,
1611 3752 1764 3808 sicut
1795 3751 1901 3808 hec
1944 3752 2036 3806 in-

2163 3759 2181 3788 ι(
2210 3735 2570 3810 imperatori,
2635 3733 2872 3790 domino
2931 3729 3128 3787 Alexio
3184 3729 3515 3798 Comnano,
3574 3729 3800 3827 ipsique

372 3839 587 3912 telligit
639 3806 1278 3912 imperiumunoslrum
1333 3806 1411 3896 ad
1466 3806 1742 3897 honorem
1777 3806 2036 3914 etvproﬁ—

2165 3806 2706 3898 (Porphyrogenito
2763 3825 2820 3878 et
2875 3817 3212 3892 imperatori
3269 3817 3509 3872 domino
3548 3806 3795 3914 Manus-li

378 3903 552 3985 cuum
587 3903 758 3984 suum
793 3934 849 3985 et
880 3930 1182 3999 Romanie,
1217 3936 1274 3986 et
1326 3931 1452 3986 sine
1507 3931 1711 3986 fraude
1770 3935 1825 3986 et
1859 3903 2040 3986 .malo
2156 3916 2551 3983 «Comnano;
2613 3916 2671 3968 et
2735 3911 2782 3967 si
2843 3909 3064 3999 aliquid
3099 3908 3317 3964 factum
3349 3907 3686 3999 estaterre
3711 3903 3799 3995 Pf-

378 4019 614 4092 ingenio
655 4020 872 4093 aliquo.
909 3990 1290 4094 Propter’hoe
1320 4022 1478 4078 enim
1511 4027 1568 4079 et
1596 4038 1842 4094 presens
1874 4022 2042 4095 chry-
2154 4029 2182 4056 ί(
2217 4021 2361 4096 εειηᾶ
2392 4001 2566 4060 alicui
2595 4003 2870 4096 coronato
2891 3997 2992 4096 vel
3036 4013 3152 4052 non
3192 3996 3528 4096 .coronato“
3550 3990 3621 4048 ad

377 4107 676 4178 sohulum,
712 4076 976 4177 verbum,
1011 4076 1284 4167 mutuum
1319 4116 1507 4168 vestre
1540 4076 1758 4184 sciripte
1791 4076 2043 4169 conven-
2155 4118 2182 4147 ε(
2212 4094 2497 4150 lationem
2561 4094 2837 4168 spectans
2891 4084 3233 4184 hUJUSfDQdi
3266 4076 3805 4184 σθηῗθῖῙῨξοωῖξΡξι

377 4198 520 4256 tioni
579 4163 680 4272 per
733 4163 991 4257 vestrum
1026 4206 1461 4258 sacramentum
1495 4163 1837 4259 confirmate
1868 4206 1924 4258 et
1952 4218 2043 4258 ve-
2157 4206 2185 4236 “
2220 4185 2747 4246 sacramentorum,
2779 4194 2883 4250 pro
2914 4193 3028 4272 n9“
3063 4170 3614 4272 fa°_t°_’el?“}“b““’
3641 4163 3803 4272 i.""‘_"

378 4289 520 4346 stris
551 4289 805 4362 propriis
846 4291 1384 4364 subscriptionibus
1439 4293 1835 4362 corroborate,
1900 4291 2044 4348 mis-
2162 4293 2190 4328 ⁸
2219 4278 2467 4329 ΡΓΘΒΘΒΒ
2495 4287 2634 4328 vero
2666 4264 3356 4364 sactamen‘tum-debent'
3383 4262 3569 4364 facere
3618 4260 3806 4364 εἶξε

378 4395 512 4436 sum
543 4350 632 4434 est
661 4350 764 4452 per
792 4397 893 4436 vos
923 4350 1198 4438 omnibus
1231 4381 1670 4438 habitatoribus
1703 4350 1960 4439 civitatis
1993 4370 2050 4438 et
2159 4387 2188 4415 “
2215 4379 2430 4419 Πονδτθ
2486 4364 2544 4417 et
2599 4357 2872 4452 90"““69
2929 4359 2986 4412 et
3023 4353 3229 4452 F6139“
3263 4350 3806 4452 habit_at'°?es.Pif?:

378 4433 890 4524 ἱὲῐζῖθ
931 4433 1194 4438 "—“w‘v
1233 4433 1668 4438 -ἸΨΨἾ---ᾐή
1708 4433 1957 4439 *μη-.-Ἰ
1999 4433 2019 4438 ν
2161 4477 2188 4505 ι(
2221 4469 2352 4510 rum
2413 4450 2738 4507 secundum
2800 4443 3308 4503 consuetudinem.
3369 4441 3440 4496 El.
3498 4439 3656 4496 Βίουι
3708 4433 3808 4488 hec

453 4579 481 4606 ‹‹
517 4557 753 4612 Factum
790 4574 993 4614 mense
1016 4558 1270 4629 Octobri,
1306 4557 1646 4614 indictionis
1679 4558 1902 4631 quinte,
1949 4574 2050 4616 sex

2163 4567 2189 4594 ‹‹
2222 4544 2353 4615 juro
2411 4541 2538 4597 sine
2592 4537 2798 4595 fraude
2857 4541 2915 4593 et
2945 4533 3100 4591 malo
3131 4531 3388 4605 ingenio,
3421 4530 3506 4586 sic
3721 4535 3806 4635 me

382 4645 680 4702 millesimi
747 4648 1156 4704 sexcentesimi
1217 4648 1481 4704 vicesimi
1542 4612 1711 4718 anni:
1755 4651 1811 4704 in
1849 4668 1963 4723 quo
1996 4656 2051 4707 et
2165 4655 2192 4685 ί(
2224 4633 2478 4723 adlu‘vet:
2513 4631 2715 4686 saneta
2748 4623 3178 4723 Deifvfmgena
3229 4626 3292 4723 Et
3346 4612 3808 4723 δοηῗξδδίιξθξδ

384 4741 650 4793 nostrum
684 4738 846 4808 pium
880 4742 936 4794 et
967 4754 999 4794 a
1030 4737 1277 4795 Domino
1309 4738 1644 4794 ordinatum
1677 4739 2047 4814 subsignavit

2163 4745 2187 4774 ι(
2217 4721 2447 4777 viviﬁca
2476 4735 2634 4774 crux.
2659 4739 2686 4767 »
2707 4747 2770 4758 --
2801 4739 2822 4767 ι
2849 4714 3035 4772 Judex
3064 4729 3196 4769 vero
3229 4708 3606 4782 Burgundius
3635 4707 3689 4761 et
3716 4716 3803 4756 co-

2377 4809 2430 4814 -_
2676 4807 2686 4814 .
2758 4807 2770 4814 .
3079 4808 3088 4814 .
3164 4806 3174 4814 .
3201 4801 3211 4813 ο
3297 4799 3309 4812 ο
3488 4797 3533 4814 ειν
3637 4791 3802 4814 1--.]..-

383 4791 723 4898 ίώΡθΓίι-Πις·
886 4791 930 4794 Ἠ
973 4791 998 4794 ἡ
1032 4791 1056 4792 7
1317 4791 1362 4793 ἢ
1386 4791 1411 4794 ἡ
1677 4791 1695 4796 ὴ
1718 4791 2045 4814 mro".--
2078 4791 2120 4807 ν
2164 4834 2192 4864 ‹‹
2225 4827 2350 4868 mes
2377 4809 2610 4866 Marcus
2641 4807 2724 4864 sic
2747 4807 3097 4878 juraverunt
3125 4791 3802 4898 etipsi°»-—«1.VosJudef

2167 4899 2596 4973 «Burgundius
2625 4905 2678 4955 et
2709 4876 2906 4954 comes
2966 4895 3218 4961 Marcus,
3280 4889 3448 4946 missi
3505 4883 3679 4960 legati
3735 4876 3798 4935 ad

2159 5015 2188 5044 ‹‹
2217 4993 2512 5064 potentem
2570 4988 2984 5060 imperatorem
3026 4984 3380 5038 Romeorum
3412 4978 3798 5064 Porphyrsge-

2165 5104 2186 5134 α
2217 5059 2409 5137 nitum
2445 5059 2750 5134 dominum
2784 5073 3112 5131 Manuelem
3143 5071 3510 5128 Comnanum
3537 5083 3570 5124 a
3590 5059 3796 5122 civitate

453 5151 685 5206 Domini
720 5165 851 5206 νθτο
881 5148 1167 5205 Μθηυθιίδ
1203 5150 1286 5205 δίο
1322 5167 1332 5206 ε
2161 5193 2190 5223 ‹‹
2223 5169 2744 5242 Pisana,juramus
2772 5181 2949 5236 super
2986 5165 3191 5220 sancta
3244 5159 3344 5216 Dei
3405 5153 3694 5229 evangelia
3741 5143 3790 5198 et

454 5279 482 5306 «
515 5256 865 5312 Fidelissimi
900 5255 1143 5327 imperio
1177 5261 1376 5312 nostro
1408 5257 1602 5314 Pisani
1663 5259 1857 5331 adepti
1920 5260 2044 5314 l'ue-
2158 5281 2186 5310 «
2218 5257 2623 5314 honorabilem
2672 5259 2728 5311 et
2771 5252 3058 5310 viviﬁcam
3091 5263 3346 5319 crucem,
3379 5247 3535 5318 quod
3568 5249 3790 5331 com/9n:

386 5349 525 5401 runt
546 5347 670 5417 jam
705 5346 762 5400 in
798 5362 1012 5419 magna
1044 5347 1207 5418 urbe,
1238 5363 1340 5418 per
1361 5329 1792 5420 chrysobulum
1811 5363 2045 5420 semper
2157 5371 2184 5399 ‹‹
2219 5348 2438 5403 tionem
2473 5348 2686 5403 factam
2747 5358 2982 5415 semper
3040 5337 3419 5396 memorando
3476 5329 3795 5428 imperatorl

390 5437 756 5492 memorandi
792 5437 880 5494 avi
932 5437 1161 5511 imperii
1192 5437 1399 5507 nostri,
1436 5441 1491 5494 et
1522 5455 1758 5495 rursum
1811 5456 2043 5511 semper
2156 5461 2184 5489 «
2216 5438 2455 5494 domino
2512 5436 2708 5492 Alexio
2765 5438 3082 5500 Comnano,
3117 5433 3174 5486 et
3205 5426 3439 5483 domino
3468 5429 3664 5481 nostro
3693 5426 3792 5472 im-

387 5527 751 5582 memorandi
813 5528 1032 5584 domini
1085 5531 1142 5584 et
1199 5529 1384 5601 patris
1417 5527 1787 5584 celsitudinis
1819 5533 2036 5601 nostre,
2152 5551 2179 5579 «
2212 5527 2463 5600 peratori
2490 5530 2545 5583 et
2573 5521 3071 5598 Porphyrogenito
3105 5517 3343 5575 domino
3375 5512 3626 5572 Manueli
3650 5512 3798 5564 Com-

385 5614 684 5672 embolum
717 5621 775 5674 et
806 5617 1024 5676 scalam
1057 5623 1113 5675 et
1142 5618 1474 5689 ecclesiam,
1508 5619 1830 5676 secundum
1883 5620 2035 5690 quod
2153 5641 2173 5668 α
2211 5633 2363 5675 nano
2395 5635 2427 5673 a
2457 5616 2692 5673 civitate
2740 5615 2974 5684 Pisans,
3035 5625 3212 5684 quam
3272 5604 3476 5663 consul
3535 5603 3791 5660 Pisarum

451 4964 482 4992 «
515 4943 765 4999 Au:st
796 4943 854 4998 in
905 4941 1132 4998 Christo
1192 4943 1308 4999 Deo
1366 4943 1554 5001 ﬁdelis
1614 4944 1934 5018 imperator
1993 4962 2050 5020 et

379 5033 716 5090 moderator
747 5033 828 5088 Ro
845 5048 1108 5088 meorum
1142 5034 1498 5090 Comnanus.
1535 5054 1562 5084 »

451 5811 566 5883 (44)
609 5808 891 5873 Videntur
918 5817 1012 5874 hic
1044 5816 1330 5877 excidisse
1361 5813 1411 5868 οἱ
1442 5815 1790 5892 περιορισμηῖ
1823 5818 2050 5877 instruo

2163 5815 2201 5874 ti
2231 5814 2413 5874 illius.
