  <div class='ocr_page' id='page_1' title='image "/cluster/home/n/w/nwhite01/storage/ocr_20150623/135:no.2/coo.31924054870401/246.png"; bbox 0 0 4130 6386; ppageno 0'>
   <div class='ocr_carea' id='block_1_1' title="bbox 337 357 452 419">
    <p class='ocr_par' dir='ltr' id='par_1_1' title="bbox 337 357 452 419">
     <span class='ocr_line' id='line_1_1' title="bbox 337 357 452 419; baseline -0.017 0"><span class='ocrx_word' id='word_1_1' title='bbox 337 357 452 419; x_wconf 81' lang='grc'>481</span> 
     </span>
    </p>
   </div>
   <div class='ocr_carea' id='block_1_2' title="bbox 1489 353 2622 420">
    <p class='ocr_par' dir='ltr' id='par_1_2' title="bbox 1489 353 2622 420">
     <span class='ocr_line' id='line_1_2' title="bbox 1489 353 2622 420; baseline 0.004 -6"><span class='ocrx_word' id='word_1_2' title='bbox 1489 353 1878 417; x_wconf 62' lang='grc' dir='ltr'>ΝΟνΕΙᾸΑΕ</span> <span class='ocrx_word' id='word_1_3' title='bbox 1923 354 2622 420; x_wconf 85' lang='lat' dir='ltr'>CONSTITUTIONES.</span> 
     </span>
    </p>
   </div>
   <div class='ocr_carea' id='block_1_3' title="bbox 3644 378 3761 439">
    <p class='ocr_par' dir='ltr' id='par_1_3' title="bbox 3644 378 3761 439">
     <span class='ocr_line' id='line_1_3' title="bbox 3644 378 3761 439; baseline 0.017 -3"><span class='ocrx_word' id='word_1_4' title='bbox 3644 378 3761 439; x_wconf 72' lang='lat'>482</span> 
     </span>
    </p>
   </div>
   <div class='ocr_carea' id='block_1_4' title="bbox 338 486 3756 572">
    <p class='ocr_par' dir='ltr' id='par_1_4' title="bbox 338 486 3756 572">
     <span class='ocr_line' id='line_1_4' title="bbox 338 486 3756 572; baseline 0.006 -30"><span class='ocrx_word' id='word_1_5' title='bbox 338 512 365 542; x_wconf 84' lang='grc'>‹‹</span> <span class='ocrx_word' id='word_1_6' title='bbox 397 488 677 546; x_wconf 89' lang='lat' dir='ltr'>Albertus</span> <span class='ocrx_word' id='word_1_7' title='bbox 701 489 940 561; x_wconf 88' lang='lat' dir='ltr'>juravit,</span> <span class='ocrx_word' id='word_1_8' title='bbox 965 487 1036 544; x_wconf 91' lang='lat' dir='ltr'>ad</span> <span class='ocrx_word' id='word_1_9' title='bbox 1070 487 1352 544; x_wconf 83' lang='lat' dir='ltr'>honorem</span> <span class='ocrx_word' id='word_1_10' title='bbox 1383 486 1755 560; x_wconf 78' lang='lat' dir='ltr'>imperatoris</span> <span class='ocrx_word' id='word_1_11' title='bbox 1788 488 1989 543; x_wconf 87' lang='lat' dir='ltr'>obser-</span> <span class='ocrx_word' id='word_1_12' title='bbox 2021 506 2072 570; x_wconf 75' lang='grc' dir='ltr'><strong>Α</strong></span> <span class='ocrx_word' id='word_1_13' title='bbox 2107 489 2430 572; x_wconf 87' lang='lat' dir='ltr'>practicum</span> <span class='ocrx_word' id='word_1_14' title='bbox 2463 490 2673 548; x_wconf 90' lang='lat' dir='ltr'>horum</span> <span class='ocrx_word' id='word_1_15' title='bbox 2706 494 3046 554; x_wconf 88' lang='lat' dir='ltr'>tradieionis</span> <span class='ocrx_word' id='word_1_16' title='bbox 3073 516 3085 567; x_wconf 92' lang='lat'>;</span> <span class='ocrx_word' id='word_1_17' title='bbox 3121 501 3274 572; x_wconf 89' lang='lat' dir='ltr'>quod</span> <span class='ocrx_word' id='word_1_18' title='bbox 3305 502 3406 560; x_wconf 88' lang='lat' dir='ltr'>ﬁet</span> <span class='ocrx_word' id='word_1_19' title='bbox 3444 506 3756 564; x_wconf 85' lang='lat' dir='ltr'>notiﬁcatis</span> 
     </span>
    </p>
   </div>
   <div class='ocr_carea' id='block_1_5' title="bbox 342 578 1990 647">
    <p class='ocr_par' dir='ltr' id='par_1_5' title="bbox 342 578 1990 647">
     <span class='ocr_line' id='line_1_5' title="bbox 342 578 1990 647; baseline -0.001 -14"><span class='ocrx_word' id='word_1_20' title='bbox 342 605 362 633; x_wconf 76' lang='grc' dir='ltr'><strong><em>α</em></strong></span> <span class='ocrx_word' id='word_1_21' title='bbox 394 581 667 637; x_wconf 88' lang='lat' dir='ltr'>vabimus</span> <span class='ocrx_word' id='word_1_22' title='bbox 696 579 949 637; x_wconf 89' lang='lat' dir='ltr'>ﬁdeliter</span> <span class='ocrx_word' id='word_1_23' title='bbox 973 583 1028 636; x_wconf 93' lang='lat' dir='ltr'>et</span> <span class='ocrx_word' id='word_1_24' title='bbox 1058 596 1185 647; x_wconf 89' lang='lat' dir='ltr'>nos,</span> <span class='ocrx_word' id='word_1_25' title='bbox 1219 583 1276 634; x_wconf 91' lang='lat' dir='ltr'>et</span> <span class='ocrx_word' id='word_1_26' title='bbox 1323 579 1606 634; x_wconf 85' lang='lat' dir='ltr'>faciemus</span> <span class='ocrx_word' id='word_1_27' title='bbox 1656 578 1990 634; x_wconf 89' lang='lat' dir='ltr'>conﬁrmari</span> 
     </span>
    </p>
   </div>
   <div class='ocr_carea' id='block_1_6' title="bbox 338 667 1992 727">
    <p class='ocr_par' dir='ltr' id='par_1_6' title="bbox 338 667 1992 727">
     <span class='ocr_line' id='line_1_6' title="bbox 338 667 1992 727; baseline 0.001 -6"><span class='ocrx_word' id='word_1_28' title='bbox 338 693 367 722; x_wconf 86' lang='lat'><strong>«</strong></span> <span class='ocrx_word' id='word_1_29' title='bbox 403 669 474 727; x_wconf 89' lang='lat' dir='ltr'>ab</span> <span class='ocrx_word' id='word_1_30' title='bbox 508 669 783 725; x_wconf 87' lang='lat' dir='ltr'>universa</span> <span class='ocrx_word' id='word_1_31' title='bbox 836 669 1066 725; x_wconf 85' lang='lat' dir='ltr'>civitate</span> <span class='ocrx_word' id='word_1_32' title='bbox 1114 667 1327 725; x_wconf 85' lang='lat' dir='ltr'>Pisans.</span> <span class='ocrx_word' id='word_1_33' title='bbox 1368 668 1494 724; x_wconf 83' lang='lat' dir='ltr'>sine</span> <span class='ocrx_word' id='word_1_34' title='bbox 1540 669 1762 724; x_wconf 80' lang='lat' dir='ltr'>fraude.</span> <span class='ocrx_word' id='word_1_35' title='bbox 1811 669 1879 723; x_wconf 84' lang='lat' dir='ltr'>Et</span> <span class='ocrx_word' id='word_1_36' title='bbox 1910 667 1992 724; x_wconf 91' lang='lat' dir='ltr'>sic</span> 
     </span>
    </p>
   </div>
   <div class='ocr_carea' id='block_1_7' title="bbox 343 757 1996 832">
    <p class='ocr_par' dir='ltr' id='par_1_7' title="bbox 343 757 1996 832">
     <span class='ocr_line' id='line_1_7' title="bbox 343 757 1996 832; baseline -0.002 -18"><span class='ocrx_word' id='word_1_37' title='bbox 343 761 674 832; x_wconf 66' lang='lat' dir='ltr'>«juramus</span> <span class='ocrx_word' id='word_1_38' title='bbox 727 758 828 813; x_wconf 91' lang='lat' dir='ltr'>hec</span> <span class='ocrx_word' id='word_1_39' title='bbox 867 757 995 813; x_wconf 86' lang='lat' dir='ltr'>sine</span> <span class='ocrx_word' id='word_1_40' title='bbox 1043 757 1246 813; x_wconf 86' lang='lat' dir='ltr'>fraude</span> <span class='ocrx_word' id='word_1_41' title='bbox 1297 760 1353 813; x_wconf 90' lang='lat' dir='ltr'>et</span> <span class='ocrx_word' id='word_1_42' title='bbox 1421 757 1574 813; x_wconf 89' lang='lat' dir='ltr'>malo</span> <span class='ocrx_word' id='word_1_43' title='bbox 1626 757 1887 827; x_wconf 72' lang='lat' dir='ltr'>ingenio,</span> <span class='ocrx_word' id='word_1_44' title='bbox 1938 760 1996 812; x_wconf 89' lang='lat' dir='ltr'>et</span> 
     </span>
    </p>
   </div>
   <div class='ocr_carea' id='block_1_8' title="bbox 347 845 1994 917">
    <p class='ocr_par' dir='ltr' id='par_1_8' title="bbox 347 845 1994 917">
     <span class='ocr_line' id='line_1_8' title="bbox 347 845 1994 917; baseline -0.001 -15"><span class='ocrx_word' id='word_1_45' title='bbox 347 850 576 905; x_wconf 83' lang='lat' dir='ltr'>«ﬁrma</span> <span class='ocrx_word' id='word_1_46' title='bbox 647 846 1109 903; x_wconf 82' lang='lat' dir='ltr'>observabimus.</span> <span class='ocrx_word' id='word_1_47' title='bbox 1190 845 1284 902; x_wconf 85' lang='lat' dir='ltr'>Sic</span> <span class='ocrx_word' id='word_1_48' title='bbox 1343 852 1496 903; x_wconf 88' lang='lat' dir='ltr'>Deus</span> <span class='ocrx_word' id='word_1_49' title='bbox 1574 863 1680 902; x_wconf 91' lang='lat' dir='ltr'>nos</span> <span class='ocrx_word' id='word_1_50' title='bbox 1737 846 1994 917; x_wconf 85' lang='lat' dir='ltr'>adjuvet,</span> 
     </span>
    </p>
   </div>
   <div class='ocr_carea' id='block_1_9' title="bbox 349 935 1998 1009">
    <p class='ocr_par' dir='ltr' id='par_1_9' title="bbox 349 935 1998 1009">
     <span class='ocr_line' id='line_1_9' title="bbox 349 935 1998 1009; baseline -0.001 -18"><span class='ocrx_word' id='word_1_51' title='bbox 349 961 378 991; x_wconf 90' lang='grc'><em>‹‹</em></span> <span class='ocrx_word' id='word_1_52' title='bbox 411 941 613 996; x_wconf 89' lang='lat' dir='ltr'>sancta</span> <span class='ocrx_word' id='word_1_53' title='bbox 658 937 760 992; x_wconf 90' lang='lat' dir='ltr'>Dei</span> <span class='ocrx_word' id='word_1_54' title='bbox 806 936 1110 1009; x_wconf 87' lang='lat' dir='ltr'>evangelia</span> <span class='ocrx_word' id='word_1_55' title='bbox 1154 939 1211 993; x_wconf 91' lang='lat' dir='ltr'>et</span> <span class='ocrx_word' id='word_1_56' title='bbox 1250 935 1614 993; x_wconf 88' lang='lat' dir='ltr'>honorabilis</span> <span class='ocrx_word' id='word_1_57' title='bbox 1665 939 1722 993; x_wconf 90' lang='lat' dir='ltr'>et</span> <span class='ocrx_word' id='word_1_58' title='bbox 1771 935 1998 992; x_wconf 87' lang='lat' dir='ltr'>viviﬁca</span> 
     </span>
    </p>
   </div>
   <div class='ocr_carea' id='block_1_10' title="bbox 353 1045 635 1086">
    <p class='ocr_par' dir='ltr' id='par_1_10' title="bbox 353 1045 635 1086">
     <span class='ocr_line' id='line_1_10' title="bbox 353 1045 635 1086; baseline 0.007 -5"><span class='ocrx_word' id='word_1_59' title='bbox 353 1052 382 1081; x_wconf 87' lang='lat'><strong>((</strong></span> <span class='ocrx_word' id='word_1_60' title='bbox 415 1045 570 1086; x_wconf 78' lang='lat' dir='ltr'>CI‘UX.</span> <span class='ocrx_word' id='word_1_61' title='bbox 605 1048 635 1078; x_wconf 86' lang='grc'><strong>))</strong></span> 
     </span>
    </p>
   </div>
   <div class='ocr_carea' id='block_1_11' title="bbox 423 1134 1999 1208">
    <p class='ocr_par' dir='ltr' id='par_1_11' title="bbox 423 1134 1999 1208">
     <span class='ocr_line' id='line_1_11' title="bbox 423 1134 1999 1208; baseline 0 -20"><span class='ocrx_word' id='word_1_62' title='bbox 423 1159 452 1189; x_wconf 84' lang='grc'><strong>‹‹</strong></span> <span class='ocrx_word' id='word_1_63' title='bbox 501 1136 644 1192; x_wconf 88' lang='lat' dir='ltr'>Ecce</span> <span class='ocrx_word' id='word_1_64' title='bbox 688 1137 745 1190; x_wconf 92' lang='lat' dir='ltr'>et</span> <span class='ocrx_word' id='word_1_65' title='bbox 790 1134 1106 1208; x_wconf 88' lang='lat' dir='ltr'>imperium</span> <span class='ocrx_word' id='word_1_66' title='bbox 1165 1138 1434 1192; x_wconf 88' lang='lat' dir='ltr'>nostrum</span> <span class='ocrx_word' id='word_1_67' title='bbox 1486 1135 1828 1192; x_wconf 85' lang='lat' dir='ltr'>corroborat</span> <span class='ocrx_word' id='word_1_68' title='bbox 1898 1149 1999 1206; x_wconf 78' lang='lat' dir='ltr'>per</span> 
     </span>
    </p>
   </div>
   <div class='ocr_carea' id='block_1_12' title="bbox 353 1223 1998 1300">
    <p class='ocr_par' dir='ltr' id='par_1_12' title="bbox 353 1223 1998 1300">
     <span class='ocr_line' id='line_1_12' title="bbox 353 1223 1998 1300; baseline -0.003 -17"><span class='ocrx_word' id='word_1_69' title='bbox 353 1242 593 1300; x_wconf 80' lang='lat' dir='ltr'>presens</span> <span class='ocrx_word' id='word_1_70' title='bbox 623 1223 1046 1298; x_wconf 82' lang='lat' dir='ltr'>chrysobulum</span> <span class='ocrx_word' id='word_1_71' title='bbox 1076 1223 1341 1297; x_wconf 91' lang='lat' dir='ltr'>sigillum</span> <span class='ocrx_word' id='word_1_72' title='bbox 1373 1242 1547 1282; x_wconf 91' lang='lat' dir='ltr'>suum</span> <span class='ocrx_word' id='word_1_73' title='bbox 1585 1239 1803 1280; x_wconf 90' lang='lat' dir='ltr'>munus</span> <span class='ocrx_word' id='word_1_74' title='bbox 1842 1223 1998 1294; x_wconf 91' lang='lat' dir='ltr'>quod</span> 
     </span>
    </p>
   </div>
   <div class='ocr_carea' id='block_1_13' title="bbox 351 1312 1998 1386">
    <p class='ocr_par' dir='ltr' id='par_1_13' title="bbox 351 1312 1998 1386">
     <span class='ocr_line' id='line_1_13' title="bbox 351 1312 1998 1386; baseline -0.004 -14"><span class='ocrx_word' id='word_1_75' title='bbox 351 1315 647 1372; x_wconf 88' lang='lat' dir='ltr'>habebant</span> <span class='ocrx_word' id='word_1_76' title='bbox 677 1313 738 1370; x_wconf 91' lang='lat' dir='ltr'>in</span> <span class='ocrx_word' id='word_1_77' title='bbox 769 1313 1065 1370; x_wconf 90' lang='lat' dir='ltr'>notiﬁcato</span> <span class='ocrx_word' id='word_1_78' title='bbox 1088 1314 1225 1386; x_wconf 91' lang='lat' dir='ltr'>jure</span> <span class='ocrx_word' id='word_1_79' title='bbox 1254 1331 1290 1371; x_wconf 87' lang='lat' dir='ltr'>a</span> <span class='ocrx_word' id='word_1_80' title='bbox 1338 1329 1571 1386; x_wconf 86' lang='lat' dir='ltr'>semper</span> <span class='ocrx_word' id='word_1_81' title='bbox 1619 1312 1998 1370; x_wconf 91' lang='lat' dir='ltr'>memorando</span> 
     </span>
    </p>
   </div>
   <div class='ocr_carea' id='block_1_14' title="bbox 347 1403 2001 1479">
    <p class='ocr_par' dir='ltr' id='par_1_14' title="bbox 347 1403 2001 1479">
     <span class='ocr_line' id='line_1_14' title="bbox 347 1403 2001 1479; baseline -0.002 -18"><span class='ocrx_word' id='word_1_82' title='bbox 347 1405 703 1479; x_wconf 84' lang='lat' dir='ltr'>imperatore</span> <span class='ocrx_word' id='word_1_83' title='bbox 732 1404 969 1460; x_wconf 90' lang='lat' dir='ltr'>domino</span> <span class='ocrx_word' id='word_1_84' title='bbox 1000 1407 1056 1460; x_wconf 93' lang='lat' dir='ltr'>et</span> <span class='ocrx_word' id='word_1_85' title='bbox 1101 1408 1268 1477; x_wconf 85' lang='lat' dir='ltr'>patre</span> <span class='ocrx_word' id='word_1_86' title='bbox 1323 1405 1475 1476; x_wconf 88' lang='lat' dir='ltr'>ejus,</span> <span class='ocrx_word' id='word_1_87' title='bbox 1522 1408 1580 1461; x_wconf 88' lang='lat' dir='ltr'>et</span> <span class='ocrx_word' id='word_1_88' title='bbox 1626 1404 1799 1476; x_wconf 88' lang='lat' dir='ltr'>jubet</span> <span class='ocrx_word' id='word_1_89' title='bbox 1829 1403 2001 1458; x_wconf 89' lang='lat' dir='ltr'>ﬁrma</span> 
     </span>
    </p>
   </div>
   <div class='ocr_carea' id='block_1_15' title="bbox 345 1491 2000 1567">
    <p class='ocr_par' dir='ltr' id='par_1_15' title="bbox 345 1491 2000 1567">
     <span class='ocr_line' id='line_1_15' title="bbox 345 1491 2000 1567; baseline -0.004 -14"><span class='ocrx_word' id='word_1_90' title='bbox 345 1499 402 1552; x_wconf 89' lang='lat' dir='ltr'>et</span> <span class='ocrx_word' id='word_1_91' title='bbox 448 1493 812 1550; x_wconf 89' lang='lat' dir='ltr'>inviolabilia</span> <span class='ocrx_word' id='word_1_92' title='bbox 867 1510 1209 1566; x_wconf 85' lang='lat' dir='ltr'>permanere</span> <span class='ocrx_word' id='word_1_93' title='bbox 1274 1494 1429 1551; x_wconf 83' lang='lat' dir='ltr'>facta</span> <span class='ocrx_word' id='word_1_94' title='bbox 1495 1493 1578 1551; x_wconf 88' lang='lat' dir='ltr'>eis</span> <span class='ocrx_word' id='word_1_95' title='bbox 1641 1491 2000 1567; x_wconf 81' lang='lat' dir='ltr'>chrysobula</span> 
     </span>
    </p>
   </div>
   <div class='ocr_carea' id='block_1_16' title="bbox 345 1581 1999 1657">
    <p class='ocr_par' dir='ltr' id='par_1_16' title="bbox 345 1581 1999 1657">
     <span class='ocr_line' id='line_1_16' title="bbox 345 1581 1999 1657; baseline -0.002 -16"><span class='ocrx_word' id='word_1_96' title='bbox 345 1601 526 1657; x_wconf 89' lang='lat' dir='ltr'>super</span> <span class='ocrx_word' id='word_1_97' title='bbox 572 1582 883 1640; x_wconf 88' lang='lat' dir='ltr'>collatione</span> <span class='ocrx_word' id='word_1_98' title='bbox 931 1583 1276 1654; x_wconf 85' lang='lat' dir='ltr'>bujusmodi</span> <span class='ocrx_word' id='word_1_99' title='bbox 1344 1583 1763 1654; x_wconf 91' lang='lat' dir='ltr'>immobilium,</span> <span class='ocrx_word' id='word_1_100' title='bbox 1838 1581 1888 1636; x_wconf 89' lang='lat' dir='ltr'>si</span> <span class='ocrx_word' id='word_1_101' title='bbox 1942 1586 1999 1638; x_wconf 87' lang='lat' dir='ltr'>et</span> 
     </span>
    </p>
   </div>
   <div class='ocr_carea' id='block_1_17' title="bbox 347 1672 2001 1746">
    <p class='ocr_par' dir='ltr' id='par_1_17' title="bbox 347 1672 2001 1746">
     <span class='ocr_line' id='line_1_17' title="bbox 347 1672 2001 1746; baseline -0.002 -17"><span class='ocrx_word' id='word_1_102' title='bbox 347 1672 689 1746; x_wconf 89' lang='lat' dir='ltr'>bujusmodi</span> <span class='ocrx_word' id='word_1_103' title='bbox 721 1677 875 1729; x_wconf 90' lang='lat' dir='ltr'>terra</span> <span class='ocrx_word' id='word_1_104' title='bbox 922 1673 1192 1730; x_wconf 86' lang='lat' dir='ltr'>Pisarum</span> <span class='ocrx_word' id='word_1_105' title='bbox 1247 1673 1394 1729; x_wconf 90' lang='lat' dir='ltr'>bene</span> <span class='ocrx_word' id='word_1_106' title='bbox 1425 1672 1696 1729; x_wconf 84' lang='lat' dir='ltr'>observat</span> <span class='ocrx_word' id='word_1_107' title='bbox 1746 1675 1915 1744; x_wconf 88' lang='lat' dir='ltr'>pacta</span> <span class='ocrx_word' id='word_1_108' title='bbox 1945 1674 2001 1727; x_wconf 91' lang='lat' dir='ltr'>et</span> 
     </span>
    </p>
   </div>
   <div class='ocr_carea' id='block_1_18' title="bbox 345 1761 1995 1834">
    <p class='ocr_par' dir='ltr' id='par_1_18' title="bbox 345 1761 1995 1834">
     <span class='ocr_line' id='line_1_18' title="bbox 345 1761 1995 1834; baseline -0.001 -15"><span class='ocrx_word' id='word_1_109' title='bbox 345 1765 717 1819; x_wconf 89' lang='lat' dir='ltr'>sacramenta</span> <span class='ocrx_word' id='word_1_110' title='bbox 748 1779 854 1818; x_wconf 89' lang='lat' dir='ltr'>sua</span> <span class='ocrx_word' id='word_1_111' title='bbox 883 1778 996 1834; x_wconf 91' lang='lat' dir='ltr'>que</span> <span class='ocrx_word' id='word_1_112' title='bbox 1029 1761 1275 1832; x_wconf 90' lang='lat' dir='ltr'>imperio</span> <span class='ocrx_word' id='word_1_113' title='bbox 1309 1765 1531 1832; x_wconf 90' lang='lat' dir='ltr'>nostro,</span> <span class='ocrx_word' id='word_1_114' title='bbox 1589 1761 1906 1817; x_wconf 89' lang='lat' dir='ltr'>heredibus</span> <span class='ocrx_word' id='word_1_115' title='bbox 1938 1764 1995 1817; x_wconf 89' lang='lat' dir='ltr'>et</span> 
     </span>
    </p>
   </div>
   <div class='ocr_carea' id='block_1_19' title="bbox 347 1851 1996 1924">
    <p class='ocr_par' dir='ltr' id='par_1_19' title="bbox 347 1851 1996 1924">
     <span class='ocr_line' id='line_1_19' title="bbox 347 1851 1996 1924; baseline -0.002 -14"><span class='ocrx_word' id='word_1_116' title='bbox 347 1851 788 1910; x_wconf 88' lang='lat' dir='ltr'>successoribus</span> <span class='ocrx_word' id='word_1_117' title='bbox 819 1853 946 1923; x_wconf 89' lang='lat' dir='ltr'>ejus</span> <span class='ocrx_word' id='word_1_118' title='bbox 980 1851 1133 1922; x_wconf 88' lang='lat' dir='ltr'>fecit,</span> <span class='ocrx_word' id='word_1_119' title='bbox 1166 1851 1237 1908; x_wconf 82' lang='lat' dir='ltr'>ad</span> <span class='ocrx_word' id='word_1_120' title='bbox 1269 1851 1550 1908; x_wconf 89' lang='lat' dir='ltr'>honorem</span> <span class='ocrx_word' id='word_1_121' title='bbox 1582 1854 1638 1907; x_wconf 90' lang='lat' dir='ltr'>et</span> <span class='ocrx_word' id='word_1_122' title='bbox 1669 1852 1996 1924; x_wconf 89' lang='lat' dir='ltr'>proﬁcuum</span> 
     </span>
    </p>
   </div>
   <div class='ocr_carea' id='block_1_20' title="bbox 348 1940 1999 2014">
    <p class='ocr_par' dir='ltr' id='par_1_20' title="bbox 348 1940 1999 2014">
     <span class='ocr_line' id='line_1_20' title="bbox 348 1940 1999 2014; baseline -0.002 -16"><span class='ocrx_word' id='word_1_123' title='bbox 348 1941 584 2014; x_wconf 88' lang='lat' dir='ltr'>imperii</span> <span class='ocrx_word' id='word_1_124' title='bbox 633 1940 821 1998; x_wconf 85' lang='lat' dir='ltr'>nostri</span> <span class='ocrx_word' id='word_1_125' title='bbox 876 1943 934 1997; x_wconf 91' lang='lat' dir='ltr'>et</span> <span class='ocrx_word' id='word_1_126' title='bbox 980 1941 1282 1997; x_wconf 85' lang='lat' dir='ltr'>Romanis.</span> <span class='ocrx_word' id='word_1_127' title='bbox 1346 1942 1533 2014; x_wconf 89' lang='lat' dir='ltr'>Super</span> <span class='ocrx_word' id='word_1_128' title='bbox 1580 1941 1691 1996; x_wconf 92' lang='lat' dir='ltr'>hoc</span> <span class='ocrx_word' id='word_1_129' title='bbox 1735 1940 1892 1996; x_wconf 90' lang='lat' dir='ltr'>enim</span> <span class='ocrx_word' id='word_1_130' title='bbox 1942 1943 1999 1996; x_wconf 91' lang='lat' dir='ltr'>et</span> 
     </span>
    </p>
   </div>
   <div class='ocr_carea' id='block_1_21' title="bbox 349 2029 1996 2104">
    <p class='ocr_par' dir='ltr' id='par_1_21' title="bbox 349 2029 1996 2104">
     <span class='ocr_line' id='line_1_21' title="bbox 349 2029 1996 2104; baseline -0.002 -19"><span class='ocrx_word' id='word_1_131' title='bbox 349 2046 593 2104; x_wconf 89' lang='lat' dir='ltr'>presens</span> <span class='ocrx_word' id='word_1_132' title='bbox 626 2029 856 2101; x_wconf 89' lang='lat' dir='ltr'>imperii</span> <span class='ocrx_word' id='word_1_133' title='bbox 903 2029 1089 2086; x_wconf 86' lang='lat' dir='ltr'>nostri</span> <span class='ocrx_word' id='word_1_134' title='bbox 1128 2029 1393 2103; x_wconf 90' lang='lat' dir='ltr'>sigillum</span> <span class='ocrx_word' id='word_1_135' title='bbox 1425 2031 1510 2087; x_wconf 90' lang='lat' dir='ltr'>eis</span> <span class='ocrx_word' id='word_1_136' title='bbox 1559 2031 1841 2087; x_wconf 90' lang='lat' dir='ltr'>collatum</span> <span class='ocrx_word' id='word_1_137' title='bbox 1888 2032 1996 2098; x_wconf 79' lang='lat' dir='ltr'>est,</span> 
     </span>
    </p>
   </div>
   <div class='ocr_carea' id='block_1_22' title="bbox 350 2118 2000 2192">
    <p class='ocr_par' dir='ltr' id='par_1_22' title="bbox 350 2118 2000 2192">
     <span class='ocr_line' id='line_1_22' title="bbox 350 2118 2000 2192; baseline -0.001 -16"><span class='ocrx_word' id='word_1_138' title='bbox 350 2119 566 2176; x_wconf 89' lang='lat' dir='ltr'>debens</span> <span class='ocrx_word' id='word_1_139' title='bbox 599 2123 656 2176; x_wconf 90' lang='lat' dir='ltr'>et</span> <span class='ocrx_word' id='word_1_140' title='bbox 688 2121 747 2174; x_wconf 90' lang='lat' dir='ltr'>in</span> <span class='ocrx_word' id='word_1_141' title='bbox 779 2119 1052 2192; x_wconf 88' lang='lat' dir='ltr'>congruis</span> <span class='ocrx_word' id='word_1_142' title='bbox 1083 2120 1326 2176; x_wconf 89' lang='lat' dir='ltr'>secralis</span> <span class='ocrx_word' id='word_1_143' title='bbox 1357 2121 1537 2177; x_wconf 85' lang='lat' dir='ltr'>sterni</span> <span class='ocrx_word' id='word_1_144' title='bbox 1584 2124 1822 2192; x_wconf 88' lang='lat' dir='ltr'>propter</span> <span class='ocrx_word' id='word_1_145' title='bbox 1849 2118 2000 2176; x_wconf 90' lang='lat' dir='ltr'>noti-</span> 
     </span>
    </p>
   </div>
   <div class='ocr_carea' id='block_1_23' title="bbox 348 2207 1872 2282">
    <p class='ocr_par' dir='ltr' id='par_1_23' title="bbox 348 2207 1872 2282">
     <span class='ocr_line' id='line_1_23' title="bbox 348 2207 1872 2282; baseline 0.001 -19"><span class='ocrx_word' id='word_1_146' title='bbox 348 2207 704 2277; x_wconf 90' lang='lat' dir='ltr'>ﬁcationem,</span> <span class='ocrx_word' id='word_1_147' title='bbox 734 2224 936 2264; x_wconf 89' lang='lat' dir='ltr'>mense</span> <span class='ocrx_word' id='word_1_148' title='bbox 961 2208 1139 2279; x_wconf 90' lang='lat' dir='ltr'>Julio,</span> <span class='ocrx_word' id='word_1_149' title='bbox 1172 2208 1511 2265; x_wconf 88' lang='lat' dir='ltr'>indictionis</span> <span class='ocrx_word' id='word_1_150' title='bbox 1532 2209 1720 2264; x_wconf 92' lang='lat' dir='ltr'>tertie.</span> <span class='ocrx_word' id='word_1_151' title='bbox 1758 2229 1786 2258; x_wconf 84' lang='lat'>»</span> <span class='ocrx_word' id='word_1_152' title='bbox 1867 2277 1872 2282; x_wconf 85' lang='grc' dir='ltr'> </span> 
     </span>
    </p>
   </div>
   <div class='ocr_carea' id='block_1_24' title="bbox 419 2315 1999 2388">
    <p class='ocr_par' dir='ltr' id='par_1_24' title="bbox 419 2315 1999 2388">
     <span class='ocr_line' id='line_1_24' title="bbox 419 2315 1999 2388; baseline 0 -18"><span class='ocrx_word' id='word_1_153' title='bbox 419 2315 511 2371; x_wconf 85' lang='lat' dir='ltr'>Sic</span> <span class='ocrx_word' id='word_1_154' title='bbox 525 2315 796 2387; x_wconf 90' lang='lat' dir='ltr'>equidem</span> <span class='ocrx_word' id='word_1_155' title='bbox 811 2315 1144 2387; x_wconf 88' lang='lat' dir='ltr'>bujusmodi</span> <span class='ocrx_word' id='word_1_156' title='bbox 1159 2315 1530 2388; x_wconf 81' lang='lat' dir='ltr'>chrysobulis</span> <span class='ocrx_word' id='word_1_157' title='bbox 1544 2315 1999 2384; x_wconf 78' lang='lat' dir='ltr'>continentibus,</span> 
     </span>
    </p>
   </div>
   <div class='ocr_carea' id='block_1_25' title="bbox 346 2404 2006 2478">
    <p class='ocr_par' dir='ltr' id='par_1_25' title="bbox 346 2404 2006 2478">
     <span class='ocr_line' id='line_1_25' title="bbox 346 2404 2006 2478; baseline -0.001 -18"><span class='ocrx_word' id='word_1_158' title='bbox 346 2405 627 2477; x_wconf 89' lang='lat' dir='ltr'>quoniam</span> <span class='ocrx_word' id='word_1_159' title='bbox 643 2405 923 2460; x_wconf 88' lang='lat' dir='ltr'>notiﬁcati</span> <span class='ocrx_word' id='word_1_160' title='bbox 939 2404 1112 2477; x_wconf 89' lang='lat' dir='ltr'>legati</span> <span class='ocrx_word' id='word_1_161' title='bbox 1137 2406 1407 2478; x_wconf 89' lang='lat' dir='ltr'>superius</span> <span class='ocrx_word' id='word_1_162' title='bbox 1427 2405 1638 2478; x_wconf 89' lang='lat' dir='ltr'>scripta</span> <span class='ocrx_word' id='word_1_163' title='bbox 1657 2405 2006 2478; x_wconf 88' lang='lat' dir='ltr'>pepigerunt</span> 
     </span>
    </p>
   </div>
   <div class='ocr_carea' id='block_1_26' title="bbox 347 2493 2006 2566">
    <p class='ocr_par' dir='ltr' id='par_1_26' title="bbox 347 2493 2006 2566">
     <span class='ocr_line' id='line_1_26' title="bbox 347 2493 2006 2566; baseline -0.002 -16"><span class='ocrx_word' id='word_1_164' title='bbox 347 2499 406 2550; x_wconf 88' lang='lat' dir='ltr'>et</span> <span class='ocrx_word' id='word_1_165' title='bbox 434 2494 653 2566; x_wconf 89' lang='lat' dir='ltr'>scripto</span> <span class='ocrx_word' id='word_1_166' title='bbox 686 2493 1116 2566; x_wconf 87' lang='lat' dir='ltr'>subscriptione</span> <span class='ocrx_word' id='word_1_167' title='bbox 1146 2511 1346 2550; x_wconf 92' lang='lat' dir='ltr'>eorum</span> <span class='ocrx_word' id='word_1_168' title='bbox 1367 2496 1714 2551; x_wconf 89' lang='lat' dir='ltr'>conlirmato</span> <span class='ocrx_word' id='word_1_169' title='bbox 1740 2511 2006 2566; x_wconf 91' lang='lat' dir='ltr'>compre-</span> 
     </span>
    </p>
   </div>
   <div class='ocr_carea' id='block_1_27' title="bbox 349 2583 2005 2653">
    <p class='ocr_par' dir='ltr' id='par_1_27' title="bbox 349 2583 2005 2653">
     <span class='ocr_line' id='line_1_27' title="bbox 349 2583 2005 2653; baseline -0.001 -15"><span class='ocrx_word' id='word_1_170' title='bbox 349 2583 766 2653; x_wconf 85' lang='lat' dir='ltr'>henderunt,et</span> <span class='ocrx_word' id='word_1_171' title='bbox 787 2589 1154 2640; x_wconf 87' lang='lat' dir='ltr'>sacramento</span> <span class='ocrx_word' id='word_1_172' title='bbox 1177 2601 1282 2640; x_wconf 86' lang='lat' dir='ltr'>ceu</span> <span class='ocrx_word' id='word_1_173' title='bbox 1307 2585 1671 2641; x_wconf 89' lang='lat' dir='ltr'>notiﬁcatum</span> <span class='ocrx_word' id='word_1_174' title='bbox 1702 2588 1792 2640; x_wconf 90' lang='lat' dir='ltr'>est</span> <span class='ocrx_word' id='word_1_175' title='bbox 1813 2600 2005 2638; x_wconf 89' lang='lat' dir='ltr'>corro-</span> 
     </span>
    </p>
   </div>
   <div class='ocr_carea' id='block_1_28' title="bbox 347 2673 2006 2746">
    <p class='ocr_par' dir='ltr' id='par_1_28' title="bbox 347 2673 2006 2746">
     <span class='ocr_line' id='line_1_28' title="bbox 347 2673 2006 2746; baseline -0.001 -18"><span class='ocrx_word' id='word_1_176' title='bbox 347 2674 722 2742; x_wconf 90' lang='lat' dir='ltr'>boraverunt,</span> <span class='ocrx_word' id='word_1_177' title='bbox 748 2673 918 2743; x_wconf 87' lang='lat' dir='ltr'>jubet</span> <span class='ocrx_word' id='word_1_178' title='bbox 947 2673 1262 2746; x_wconf 90' lang='lat' dir='ltr'>imperium</span> <span class='ocrx_word' id='word_1_179' title='bbox 1287 2679 1653 2744; x_wconf 89' lang='lat' dir='ltr'>nostrum,ea</span> <span class='ocrx_word' id='word_1_180' title='bbox 1679 2688 1792 2746; x_wconf 90' lang='lat' dir='ltr'>que</span> <span class='ocrx_word' id='word_1_181' title='bbox 1827 2673 1885 2728; x_wconf 91' lang='lat' dir='ltr'>in</span> <span class='ocrx_word' id='word_1_182' title='bbox 1906 2689 2006 2728; x_wconf 90' lang='lat' dir='ltr'>su-</span> 
     </span>
    </p>
   </div>
   <div class='ocr_carea' id='block_1_29' title="bbox 353 2761 2006 2836">
    <p class='ocr_par' dir='ltr' id='par_1_29' title="bbox 353 2761 2006 2836">
     <span class='ocr_line' id='line_1_29' title="bbox 353 2761 2006 2836; baseline -0.001 -18"><span class='ocrx_word' id='word_1_183' title='bbox 353 2762 550 2835; x_wconf 90' lang='lat' dir='ltr'>perius</span> <span class='ocrx_word' id='word_1_184' title='bbox 579 2761 816 2833; x_wconf 86' lang='lat' dir='ltr'>scriptis</span> <span class='ocrx_word' id='word_1_185' title='bbox 847 2762 1216 2835; x_wconf 82' lang='lat' dir='ltr'>chrysobulis</span> <span class='ocrx_word' id='word_1_186' title='bbox 1250 2764 1852 2836; x_wconf 90' lang='lat' dir='ltr'>comprehenduntur,</span> <span class='ocrx_word' id='word_1_187' title='bbox 1887 2765 2006 2818; x_wconf 84' lang='lat' dir='ltr'>tam</span> 
     </span>
    </p>
   </div>
   <div class='ocr_carea' id='block_1_30' title="bbox 357 2850 2006 2924">
    <p class='ocr_par' dir='ltr' id='par_1_30' title="bbox 357 2850 2006 2924">
     <span class='ocr_line' id='line_1_30' title="bbox 357 2850 2006 2924; baseline -0.001 -18"><span class='ocrx_word' id='word_1_188' title='bbox 357 2851 426 2906; x_wconf 91' lang='lat' dir='ltr'>de</span> <span class='ocrx_word' id='word_1_189' title='bbox 455 2851 527 2908; x_wconf 89' lang='lat' dir='ltr'>iis</span> <span class='ocrx_word' id='word_1_190' title='bbox 559 2867 671 2924; x_wconf 91' lang='lat' dir='ltr'>que</span> <span class='ocrx_word' id='word_1_191' title='bbox 702 2867 735 2906; x_wconf 89' lang='lat' dir='ltr'>a</span> <span class='ocrx_word' id='word_1_192' title='bbox 783 2850 1012 2906; x_wconf 89' lang='lat' dir='ltr'>civitate</span> <span class='ocrx_word' id='word_1_193' title='bbox 1044 2852 1257 2909; x_wconf 89' lang='lat' dir='ltr'>Pisana</span> <span class='ocrx_word' id='word_1_194' title='bbox 1312 2852 1594 2908; x_wconf 83' lang='lat' dir='ltr'>Romanis</span> <span class='ocrx_word' id='word_1_195' title='bbox 1643 2851 1796 2907; x_wconf 89' lang='lat' dir='ltr'>facta</span> <span class='ocrx_word' id='word_1_196' title='bbox 1845 2853 2006 2916; x_wconf 90' lang='lat' dir='ltr'>sunt,</span> 
     </span>
    </p>
   </div>
   <div class='ocr_carea' id='block_1_31' title="bbox 365 2939 2009 3014">
    <p class='ocr_par' dir='ltr' id='par_1_31' title="bbox 365 2939 2009 3014">
     <span class='ocr_line' id='line_1_31' title="bbox 365 2939 2009 3014; baseline -0.002 -19"><span class='ocrx_word' id='word_1_197' title='bbox 365 2957 534 3012; x_wconf 90' lang='lat' dir='ltr'>quam</span> <span class='ocrx_word' id='word_1_198' title='bbox 563 2944 620 2996; x_wconf 92' lang='lat' dir='ltr'>et</span> <span class='ocrx_word' id='word_1_199' title='bbox 640 2941 710 2996; x_wconf 92' lang='lat' dir='ltr'>de</span> <span class='ocrx_word' id='word_1_200' title='bbox 734 2940 806 2996; x_wconf 91' lang='lat' dir='ltr'>iis</span> <span class='ocrx_word' id='word_1_201' title='bbox 832 2957 992 3012; x_wconf 88' lang='lat' dir='ltr'>quea</span> <span class='ocrx_word' id='word_1_202' title='bbox 1014 2941 1299 2998; x_wconf 83' lang='lat' dir='ltr'>Romania</span> <span class='ocrx_word' id='word_1_203' title='bbox 1321 2942 1467 3014; x_wconf 87' lang='lat' dir='ltr'>ipsis</span> <span class='ocrx_word' id='word_1_204' title='bbox 1489 2941 1699 2997; x_wconf 89' lang='lat' dir='ltr'>collata</span> <span class='ocrx_word' id='word_1_205' title='bbox 1718 2939 2009 3011; x_wconf 78' lang='lat' dir='ltr'>sunt,efﬁ~</span> 
     </span>
    </p>
   </div>
   <div class='ocr_carea' id='block_1_32' title="bbox 369 3026 2010 3101">
    <p class='ocr_par' dir='ltr' id='par_1_32' title="bbox 369 3026 2010 3101">
     <span class='ocr_line' id='line_1_32' title="bbox 369 3026 2010 3101; baseline -0.001 -18"><span class='ocrx_word' id='word_1_206' title='bbox 369 3029 579 3085; x_wconf 88' lang='lat' dir='ltr'>caciam</span> <span class='ocrx_word' id='word_1_207' title='bbox 611 3035 668 3085; x_wconf 90' lang='lat' dir='ltr'>et</span> <span class='ocrx_word' id='word_1_208' title='bbox 700 3029 1208 3086; x_wconf 80' lang='lat' dir='ltr'>inviolabilitatem</span> <span class='ocrx_word' id='word_1_209' title='bbox 1242 3031 1474 3088; x_wconf 88' lang='lat' dir='ltr'>habere.</span> <span class='ocrx_word' id='word_1_210' title='bbox 1532 3035 1589 3088; x_wconf 90' lang='lat' dir='ltr'>et</span> <span class='ocrx_word' id='word_1_211' title='bbox 1619 3031 1702 3086; x_wconf 89' lang='lat' dir='ltr'>sic</span> <span class='ocrx_word' id='word_1_212' title='bbox 1750 3026 2010 3101; x_wconf 85' lang='lat' dir='ltr'>reputari</span> 
     </span>
    </p>
   </div>
   <div class='ocr_carea' id='block_1_33' title="bbox 360 3119 2010 3193">
    <p class='ocr_par' dir='ltr' id='par_1_33' title="bbox 360 3119 2010 3193">
     <span class='ocr_line' id='line_1_33' title="bbox 360 3119 2010 3193; baseline -0.001 -20"><span class='ocrx_word' id='word_1_213' title='bbox 360 3123 422 3174; x_wconf 89' lang='lat' dir='ltr'>ut</span> <span class='ocrx_word' id='word_1_214' title='bbox 454 3135 608 3174; x_wconf 90' lang='lat' dir='ltr'>nunc</span> <span class='ocrx_word' id='word_1_215' title='bbox 633 3123 796 3192; x_wconf 85' lang='lat' dir='ltr'>pacta</span> <span class='ocrx_word' id='word_1_216' title='bbox 818 3124 874 3174; x_wconf 91' lang='lat' dir='ltr'>et</span> <span class='ocrx_word' id='word_1_217' title='bbox 894 3119 1106 3176; x_wconf 89' lang='lat' dir='ltr'>collata</span> <span class='ocrx_word' id='word_1_218' title='bbox 1129 3138 1142 3190; x_wconf 92' lang='lat'>;</span> <span class='ocrx_word' id='word_1_219' title='bbox 1168 3125 1226 3176; x_wconf 93' lang='lat' dir='ltr'>et</span> <span class='ocrx_word' id='word_1_220' title='bbox 1249 3120 1474 3178; x_wconf 86' lang='lat' dir='ltr'>restitui</span> <span class='ocrx_word' id='word_1_221' title='bbox 1500 3120 1746 3193; x_wconf 90' lang='lat' dir='ltr'>precipit</span> <span class='ocrx_word' id='word_1_222' title='bbox 1768 3120 2010 3175; x_wconf 88' lang='lat' dir='ltr'>Pisanos</span> 
     </span>
    </p>
   </div>
   <div class='ocr_carea' id='block_1_34' title="bbox 360 3208 2008 3284">
    <p class='ocr_par' dir='ltr' id='par_1_34' title="bbox 360 3208 2008 3284">
     <span class='ocr_line' id='line_1_34' title="bbox 360 3208 2008 3284; baseline -0.001 -21"><span class='ocrx_word' id='word_1_223' title='bbox 360 3209 421 3264; x_wconf 90' lang='lat' dir='ltr'>in</span> <span class='ocrx_word' id='word_1_224' title='bbox 458 3208 730 3264; x_wconf 89' lang='lat' dir='ltr'>universa</span> <span class='ocrx_word' id='word_1_225' title='bbox 750 3225 864 3281; x_wconf 90' lang='lat' dir='ltr'>qus</span> <span class='ocrx_word' id='word_1_226' title='bbox 890 3209 948 3264; x_wconf 93' lang='lat' dir='ltr'>in</span> <span class='ocrx_word' id='word_1_227' title='bbox 977 3227 1192 3284; x_wconf 86' lang='lat' dir='ltr'>magna</span> <span class='ocrx_word' id='word_1_228' title='bbox 1212 3211 1355 3266; x_wconf 90' lang='lat' dir='ltr'>urbe</span> <span class='ocrx_word' id='word_1_229' title='bbox 1378 3210 1525 3282; x_wconf 90' lang='lat' dir='ltr'>ipsis</span> <span class='ocrx_word' id='word_1_230' title='bbox 1547 3211 1762 3265; x_wconf 90' lang='lat' dir='ltr'>donata</span> <span class='ocrx_word' id='word_1_231' title='bbox 1783 3209 2008 3280; x_wconf 90' lang='lat' dir='ltr'>pridem</span> 
     </span>
    </p>
   </div>
   <div class='ocr_carea' id='block_1_35' title="bbox 354 3297 2003 3371">
    <p class='ocr_par' dir='ltr' id='par_1_35' title="bbox 354 3297 2003 3371">
     <span class='ocr_line' id='line_1_35' title="bbox 354 3297 2003 3371; baseline -0.001 -19"><span class='ocrx_word' id='word_1_232' title='bbox 354 3297 598 3353; x_wconf 84' lang='lat' dir='ltr'>fuerunt</span> <span class='ocrx_word' id='word_1_233' title='bbox 628 3315 660 3352; x_wconf 89' lang='lat' dir='ltr'>a</span> <span class='ocrx_word' id='word_1_234' title='bbox 690 3314 923 3370; x_wconf 81' lang='lat' dir='ltr'>semper</span> <span class='ocrx_word' id='word_1_235' title='bbox 956 3300 1332 3356; x_wconf 89' lang='lat' dir='ltr'>memorando</span> <span class='ocrx_word' id='word_1_236' title='bbox 1364 3299 1719 3371; x_wconf 88' lang='lat' dir='ltr'>imperatore</span> <span class='ocrx_word' id='word_1_237' title='bbox 1765 3301 1821 3354; x_wconf 88' lang='lat' dir='ltr'>et</span> <span class='ocrx_word' id='word_1_238' title='bbox 1869 3314 2003 3369; x_wconf 87' lang='lat' dir='ltr'>pro-</span> 
     </span>
    </p>
   </div>
   <div class='ocr_carea' id='block_1_36' title="bbox 361 3385 2009 3458">
    <p class='ocr_par' dir='ltr' id='par_1_36' title="bbox 361 3385 2009 3458">
     <span class='ocr_line' id='line_1_36' title="bbox 361 3385 2009 3458; baseline -0.001 -16"><span class='ocrx_word' id='word_1_239' title='bbox 361 3403 468 3442; x_wconf 78' lang='lat' dir='ltr'>avo</span> <span class='ocrx_word' id='word_1_240' title='bbox 501 3385 730 3458; x_wconf 85' lang='lat' dir='ltr'>imperii</span> <span class='ocrx_word' id='word_1_241' title='bbox 760 3386 968 3456; x_wconf 83' lang='lat' dir='ltr'>nostri,</span> <span class='ocrx_word' id='word_1_242' title='bbox 1003 3387 1241 3444; x_wconf 91' lang='lat' dir='ltr'>domino</span> <span class='ocrx_word' id='word_1_243' title='bbox 1274 3387 1492 3458; x_wconf 81' lang='lat' dir='ltr'>Alexio,</span> <span class='ocrx_word' id='word_1_244' title='bbox 1545 3393 1601 3444; x_wconf 91' lang='lat' dir='ltr'>et</span> <span class='ocrx_word' id='word_1_245' title='bbox 1632 3387 2009 3444; x_wconf 86' lang='lat' dir='ltr'>desideratis-</span> 
     </span>
    </p>
   </div>
   <div class='ocr_carea' id='block_1_37' title="bbox 357 3473 2006 3546">
    <p class='ocr_par' dir='ltr' id='par_1_37' title="bbox 357 3473 2006 3546">
     <span class='ocr_line' id='line_1_37' title="bbox 357 3473 2006 3546; baseline -0.001 -15"><span class='ocrx_word' id='word_1_246' title='bbox 357 3474 510 3531; x_wconf 91' lang='lat' dir='ltr'>simo</span> <span class='ocrx_word' id='word_1_247' title='bbox 546 3479 751 3546; x_wconf 87' lang='lat' dir='ltr'>patruo</span> <span class='ocrx_word' id='word_1_248' title='bbox 783 3473 1150 3532; x_wconf 88' lang='lat' dir='ltr'>celsitudinis</span> <span class='ocrx_word' id='word_1_249' title='bbox 1184 3486 1412 3546; x_wconf 69' lang='lat' dir='ltr'>nostrae,</span> <span class='ocrx_word' id='word_1_250' title='bbox 1445 3477 1683 3533; x_wconf 83' lang='lat' dir='ltr'>do’mino</span> <span class='ocrx_word' id='word_1_251' title='bbox 1715 3474 2006 3532; x_wconf 89' lang='lat' dir='ltr'>Manueli:</span> 
     </span>
    </p>
   </div>
   <div class='ocr_carea' id='block_1_38' title="bbox 355 3563 2009 3636">
    <p class='ocr_par' dir='ltr' id='par_1_38' title="bbox 355 3563 2009 3636">
     <span class='ocr_line' id='line_1_38' title="bbox 355 3563 2009 3636; baseline 0 -18"><span class='ocrx_word' id='word_1_252' title='bbox 355 3563 659 3619; x_wconf 89' lang='lat' dir='ltr'>embolum</span> <span class='ocrx_word' id='word_1_253' title='bbox 713 3564 1000 3636; x_wconf 89' lang='lat' dir='ltr'>videlicet,</span> <span class='ocrx_word' id='word_1_254' title='bbox 1068 3565 1426 3634; x_wconf 86' lang='lat' dir='ltr'>habitacula,</span> <span class='ocrx_word' id='word_1_255' title='bbox 1494 3565 1801 3622; x_wconf 90' lang='lat' dir='ltr'>ecclesiam</span> <span class='ocrx_word' id='word_1_256' title='bbox 1873 3581 2009 3619; x_wconf 90' lang='lat' dir='ltr'>cum</span> 
     </span>
    </p>
   </div>
   <div class='ocr_carea' id='block_1_39' title="bbox 352 3653 2008 3725">
    <p class='ocr_par' dir='ltr' id='par_1_39' title="bbox 352 3653 2008 3725">
     <span class='ocr_line' id='line_1_39' title="bbox 352 3653 2008 3725; baseline 0 -16"><span class='ocrx_word' id='word_1_257' title='bbox 352 3653 538 3710; x_wconf 87' lang='lat' dir='ltr'>altera</span> <span class='ocrx_word' id='word_1_258' title='bbox 569 3654 640 3709; x_wconf 91' lang='lat' dir='ltr'>ab</span> <span class='ocrx_word' id='word_1_259' title='bbox 683 3653 829 3725; x_wconf 89' lang='lat' dir='ltr'>ipsis</span> <span class='ocrx_word' id='word_1_260' title='bbox 876 3653 1027 3710; x_wconf 87' lang='lat' dir='ltr'>infra</span> <span class='ocrx_word' id='word_1_261' title='bbox 1067 3656 1204 3725; x_wconf 86' lang='lat' dir='ltr'>jura</span> <span class='ocrx_word' id='word_1_262' title='bbox 1249 3673 1452 3712; x_wconf 91' lang='lat' dir='ltr'>eorum</span> <span class='ocrx_word' id='word_1_263' title='bbox 1504 3661 1696 3712; x_wconf 87' lang='lat' dir='ltr'>erecta</span> <span class='ocrx_word' id='word_1_264' title='bbox 1740 3654 2008 3721; x_wconf 86' lang='lat' dir='ltr'>ecclesia,</span> 
     </span>
    </p>
   </div>
   <div class='ocr_carea' id='block_1_40' title="bbox 347 3742 2010 3817">
    <p class='ocr_par' dir='ltr' id='par_1_40' title="bbox 347 3742 2010 3817">
     <span class='ocr_line' id='line_1_40' title="bbox 347 3742 2010 3817; baseline 0 -18"><span class='ocrx_word' id='word_1_265' title='bbox 347 3742 749 3799; x_wconf 88' lang='lat' dir='ltr'>stlittoralem</span> <span class='ocrx_word' id='word_1_266' title='bbox 799 3742 1042 3812; x_wconf 86' lang='lat' dir='ltr'>scalam,</span> <span class='ocrx_word' id='word_1_267' title='bbox 1091 3746 1420 3802; x_wconf 89' lang='lat' dir='ltr'>secundum</span> <span class='ocrx_word' id='word_1_268' title='bbox 1471 3747 1627 3817; x_wconf 91' lang='lat' dir='ltr'>quod</span> <span class='ocrx_word' id='word_1_269' title='bbox 1655 3745 1739 3802; x_wconf 90' lang='lat' dir='ltr'>eis</span> <span class='ocrx_word' id='word_1_270' title='bbox 1793 3746 2010 3800; x_wconf 89' lang='lat' dir='ltr'>donata</span> 
     </span>
    </p>
   </div>
   <div class='ocr_carea' id='block_1_41' title="bbox 345 3831 2010 3907">
    <p class='ocr_par' dir='ltr' id='par_1_41' title="bbox 345 3831 2010 3907">
     <span class='ocr_line' id='line_1_41' title="bbox 345 3831 2010 3907; baseline 0.001 -21"><span class='ocrx_word' id='word_1_271' title='bbox 345 3831 606 3902; x_wconf 86' lang='lat' dir='ltr'>fuerunt,</span> <span class='ocrx_word' id='word_1_272' title='bbox 641 3836 697 3887; x_wconf 90' lang='lat' dir='ltr'>et</span> <span class='ocrx_word' id='word_1_273' title='bbox 738 3832 1065 3888; x_wconf 89' lang='lat' dir='ltr'>secundum</span> <span class='ocrx_word' id='word_1_274' title='bbox 1118 3833 1270 3888; x_wconf 86' lang='lat' dir='ltr'>facta</span> <span class='ocrx_word' id='word_1_275' title='bbox 1321 3834 1467 3905; x_wconf 90' lang='lat' dir='ltr'>ipsis</span> <span class='ocrx_word' id='word_1_276' title='bbox 1523 3834 1780 3907; x_wconf 79' lang='lat' dir='ltr'>practice</span> <span class='ocrx_word' id='word_1_277' title='bbox 1830 3849 2010 3905; x_wconf 86' lang='lat' dir='ltr'>super</span> 
     </span>
    </p>
   </div>
   <div class='ocr_carea' id='block_1_42' title="bbox 346 3920 2006 3996">
    <p class='ocr_par' dir='ltr' id='par_1_42' title="bbox 346 3920 2006 3996">
     <span class='ocr_line' id='line_1_42' title="bbox 346 3920 2006 3996; baseline 0.001 -20"><span class='ocrx_word' id='word_1_278' title='bbox 346 3920 674 3977; x_wconf 87' lang='lat' dir='ltr'>tradicione</span> <span class='ocrx_word' id='word_1_279' title='bbox 695 3921 906 3977; x_wconf 88' lang='lat' dir='ltr'>horum</span> <span class='ocrx_word' id='word_1_280' title='bbox 929 3921 1012 3977; x_wconf 91' lang='lat' dir='ltr'>eis</span> <span class='ocrx_word' id='word_1_281' title='bbox 1029 3921 1486 3996; x_wconf 86' lang='lat' dir='ltr'>facta.Largitur</span> <span class='ocrx_word' id='word_1_282' title='bbox 1502 3930 1698 3980; x_wconf 91' lang='lat' dir='ltr'>autem</span> <span class='ocrx_word' id='word_1_283' title='bbox 1721 3923 2006 3995; x_wconf 90' lang='lat' dir='ltr'>eisimpe-</span> 
     </span>
    </p>
   </div>
   <div class='ocr_carea' id='block_1_43' title="bbox 347 4011 2004 4083">
    <p class='ocr_par' dir='ltr' id='par_1_43' title="bbox 347 4011 2004 4083">
     <span class='ocr_line' id='line_1_43' title="bbox 347 4011 2004 4083; baseline 0.001 -18"><span class='ocrx_word' id='word_1_284' title='bbox 347 4011 504 4066; x_wconf 90' lang='lat' dir='ltr'>rium</span> <span class='ocrx_word' id='word_1_285' title='bbox 538 4014 804 4066; x_wconf 88' lang='lat' dir='ltr'>nostrum</span> <span class='ocrx_word' id='word_1_286' title='bbox 836 4016 895 4067; x_wconf 90' lang='lat' dir='ltr'>et</span> <span class='ocrx_word' id='word_1_287' title='bbox 941 4012 1309 4083; x_wconf 89' lang='lat' dir='ltr'>pensionalia</span> <span class='ocrx_word' id='word_1_288' title='bbox 1360 4015 1733 4070; x_wconf 88' lang='lat' dir='ltr'>monastaerii</span> <span class='ocrx_word' id='word_1_289' title='bbox 1779 4012 2004 4069; x_wconf 90' lang='lat' dir='ltr'>domini</span> 
     </span>
    </p>
   </div>
   <div class='ocr_carea' id='block_1_44' title="bbox 344 4099 2006 4173">
    <p class='ocr_par' dir='ltr' id='par_1_44' title="bbox 344 4099 2006 4173">
     <span class='ocr_line' id='line_1_44' title="bbox 344 4099 2006 4173; baseline 0.002 -19"><span class='ocrx_word' id='word_1_290' title='bbox 344 4099 605 4168; x_wconf 86' lang='lat' dir='ltr'>Antonii,</span> <span class='ocrx_word' id='word_1_291' title='bbox 639 4116 752 4172; x_wconf 89' lang='lat' dir='ltr'>que</span> <span class='ocrx_word' id='word_1_292' title='bbox 778 4101 836 4154; x_wconf 91' lang='lat' dir='ltr'>in</span> <span class='ocrx_word' id='word_1_293' title='bbox 869 4101 1301 4172; x_wconf 89' lang='lat' dir='ltr'>faciendoipsis</span> <span class='ocrx_word' id='word_1_294' title='bbox 1332 4103 1588 4173; x_wconf 81' lang='lat' dir='ltr'>practico</span> <span class='ocrx_word' id='word_1_295' title='bbox 1624 4103 2006 4158; x_wconf 55' lang='lat' dir='ltr'>notiﬁcabun»</span> 
     </span>
    </p>
   </div>
   <div class='ocr_carea' id='block_1_45' title="bbox 345 4189 2007 4262">
    <p class='ocr_par' dir='ltr' id='par_1_45' title="bbox 345 4189 2007 4262">
     <span class='ocr_line' id='line_1_45' title="bbox 345 4189 2007 4262; baseline 0.002 -18"><span class='ocrx_word' id='word_1_296' title='bbox 345 4194 465 4259; x_wconf 88' lang='lat' dir='ltr'>tur,</span> <span class='ocrx_word' id='word_1_297' title='bbox 518 4189 793 4244; x_wconf 86' lang='lat' dir='ltr'>habentia</span> <span class='ocrx_word' id='word_1_298' title='bbox 843 4207 946 4261; x_wconf 91' lang='lat' dir='ltr'>pro</span> <span class='ocrx_word' id='word_1_299' title='bbox 995 4207 1148 4246; x_wconf 89' lang='lat' dir='ltr'>anno</span> <span class='ocrx_word' id='word_1_300' title='bbox 1196 4189 1440 4246; x_wconf 91' lang='lat' dir='ltr'>introitu</span> <span class='ocrx_word' id='word_1_301' title='bbox 1490 4191 1594 4262; x_wconf 92' lang='lat' dir='ltr'>[m]</span> <span class='ocrx_word' id='word_1_302' title='bbox 1652 4190 2007 4248; x_wconf 86' lang='lat' dir='ltr'>nomismata</span> 
     </span>
    </p>
   </div>
   <div class='ocr_carea' id='block_1_46' title="bbox 346 4278 2002 4351">
    <p class='ocr_par' dir='ltr' id='par_1_46' title="bbox 346 4278 2002 4351">
     <span class='ocr_line' id='line_1_46' title="bbox 346 4278 2002 4351; baseline 0.002 -19"><span class='ocrx_word' id='word_1_303' title='bbox 346 4294 633 4351; x_wconf 83' lang='lat' dir='ltr'>yperpera</span> <span class='ocrx_word' id='word_1_304' title='bbox 662 4279 791 4345; x_wconf 85' lang='grc'>246,</span> <span class='ocrx_word' id='word_1_305' title='bbox 822 4282 881 4335; x_wconf 88' lang='lat' dir='ltr'>et</span> <span class='ocrx_word' id='word_1_306' title='bbox 911 4278 1132 4335; x_wconf 87' lang='lat' dir='ltr'>scalam</span> <span class='ocrx_word' id='word_1_307' title='bbox 1167 4279 1616 4351; x_wconf 90' lang='lat' dir='ltr'>predeputatam</span> <span class='ocrx_word' id='word_1_308' title='bbox 1649 4281 1708 4335; x_wconf 92' lang='lat' dir='ltr'>in</span> <span class='ocrx_word' id='word_1_309' title='bbox 1742 4281 1860 4337; x_wconf 91' lang='lat' dir='ltr'>situ</span> <span class='ocrx_word' id='word_1_310' title='bbox 1891 4280 2002 4336; x_wconf 93' lang='lat' dir='ltr'>loci</span> 
     </span>
    </p>
   </div>
   <div class='ocr_carea' id='block_1_47' title="bbox 346 4367 2006 4443">
    <p class='ocr_par' dir='ltr' id='par_1_47' title="bbox 346 4367 2006 4443">
     <span class='ocr_line' id='line_1_47' title="bbox 346 4367 2006 4443; baseline 0.004 -21"><span class='ocrx_word' id='word_1_311' title='bbox 346 4367 668 4424; x_wconf 87' lang='lat' dir='ltr'>Icanatisse</span> <span class='ocrx_word' id='word_1_312' title='bbox 719 4385 754 4424; x_wconf 90' lang='lat' dir='ltr'>a</span> <span class='ocrx_word' id='word_1_313' title='bbox 805 4369 1118 4424; x_wconf 89' lang='lat' dir='ltr'>serenitate</span> <span class='ocrx_word' id='word_1_314' title='bbox 1172 4372 1374 4425; x_wconf 90' lang='lat' dir='ltr'>nostra</span> <span class='ocrx_word' id='word_1_315' title='bbox 1421 4369 1709 4426; x_wconf 88' lang='lat' dir='ltr'>ediﬁcatio</span> <span class='ocrx_word' id='word_1_316' title='bbox 1761 4372 1834 4426; x_wconf 90' lang='lat' dir='ltr'>ab</span> <span class='ocrx_word' id='word_1_317' title='bbox 1875 4372 2006 4443; x_wconf 88' lang='lat' dir='ltr'>ipsa</span> 
     </span>
    </p>
   </div>
   <div class='ocr_carea' id='block_1_48' title="bbox 346 4457 2001 4533">
    <p class='ocr_par' dir='ltr' id='par_1_48' title="bbox 346 4457 2001 4533">
     <span class='ocr_line' id='line_1_48' title="bbox 346 4457 2001 4533; baseline 0.001 -20"><span class='ocrx_word' id='word_1_318' title='bbox 346 4457 624 4529; x_wconf 89' lang='lat' dir='ltr'>hospitali</span> <span class='ocrx_word' id='word_1_319' title='bbox 657 4457 714 4512; x_wconf 92' lang='lat' dir='ltr'>in</span> <span class='ocrx_word' id='word_1_320' title='bbox 742 4458 962 4530; x_wconf 87' lang='lat' dir='ltr'>templo</span> <span class='ocrx_word' id='word_1_321' title='bbox 990 4458 1311 4514; x_wconf 89' lang='lat' dir='ltr'>venerabili</span> <span class='ocrx_word' id='word_1_322' title='bbox 1359 4464 1705 4516; x_wconf 86' lang='lat' dir='ltr'>sanctorum</span> <span class='ocrx_word' id='word_1_323' title='bbox 1758 4478 2001 4533; x_wconf 89' lang='lat' dir='ltr'>magno-</span> 
     </span>
    </p>
   </div>
   <div class='ocr_carea' id='block_1_49' title="bbox 345 4547 2000 4621">
    <p class='ocr_par' dir='ltr' id='par_1_49' title="bbox 345 4547 2000 4621">
     <span class='ocr_line' id='line_1_49' title="bbox 345 4547 2000 4621; baseline 0.003 -20"><span class='ocrx_word' id='word_1_324' title='bbox 345 4563 478 4601; x_wconf 91' lang='lat' dir='ltr'>rum</span> <span class='ocrx_word' id='word_1_325' title='bbox 511 4550 827 4603; x_wconf 87' lang='lat' dir='ltr'>Martorum</span> <span class='ocrx_word' id='word_1_326' title='bbox 861 4547 1277 4621; x_wconf 86' lang='lat' dir='ltr'>Quadraginta.</span> <span class='ocrx_word' id='word_1_327' title='bbox 1323 4550 1598 4605; x_wconf 91' lang='lat' dir='ltr'>Concedit</span> <span class='ocrx_word' id='word_1_328' title='bbox 1644 4553 1838 4606; x_wconf 90' lang='lat' dir='ltr'>autem</span> <span class='ocrx_word' id='word_1_329' title='bbox 1874 4551 2000 4607; x_wconf 89' lang='lat' dir='ltr'>dari</span> 
     </span>
    </p>
   </div>
   <div class='ocr_carea' id='block_1_50' title="bbox 2101 578 3755 666">
    <p class='ocr_par' dir='ltr' id='par_1_50' title="bbox 2101 578 3755 666">
     <span class='ocr_line' id='line_1_50' title="bbox 2101 578 3755 666; baseline 0.013 -34"><span class='ocrx_word' id='word_1_330' title='bbox 2101 578 2310 650; x_wconf 90' lang='lat' dir='ltr'>legatis</span> <span class='ocrx_word' id='word_1_331' title='bbox 2337 597 2538 636; x_wconf 82' lang='lat' dir='ltr'>eorum</span> <span class='ocrx_word' id='word_1_332' title='bbox 2573 599 2606 638; x_wconf 90' lang='lat' dir='ltr'>a</span> <span class='ocrx_word' id='word_1_333' title='bbox 2633 587 3034 656; x_wconf 84' lang='lat' dir='ltr'>grammaticis</span> <span class='ocrx_word' id='word_1_334' title='bbox 3069 589 3297 663; x_wconf 90' lang='lat' dir='ltr'>imperii</span> <span class='ocrx_word' id='word_1_335' title='bbox 3329 596 3531 666; x_wconf 86' lang='lat' dir='ltr'>nostri,</span> <span class='ocrx_word' id='word_1_336' title='bbox 3560 598 3755 654; x_wconf 86' lang='lat' dir='ltr'>Pedia-</span> 
     </span>
    </p>
   </div>
   <div class='ocr_carea' id='block_1_51' title="bbox 2104 667 3754 754">
    <p class='ocr_par' dir='ltr' id='par_1_51' title="bbox 2104 667 3754 754">
     <span class='ocr_line' id='line_1_51' title="bbox 2104 667 3754 754; baseline 0.013 -32"><span class='ocrx_word' id='word_1_337' title='bbox 2104 667 2227 725; x_wconf 88' lang='lat' dir='ltr'>dita</span> <span class='ocrx_word' id='word_1_338' title='bbox 2272 671 2650 728; x_wconf 87' lang='lat' dir='ltr'>Constantino</span> <span class='ocrx_word' id='word_1_339' title='bbox 2695 679 2752 730; x_wconf 91' lang='lat' dir='ltr'>et</span> <span class='ocrx_word' id='word_1_340' title='bbox 2815 676 3143 735; x_wconf 89' lang='lat' dir='ltr'>clarissimo</span> <span class='ocrx_word' id='word_1_341' title='bbox 3217 686 3754 754; x_wconf 83' lang='lat' dir='ltr'>protonobilissimo</span> 
     </span>
    </p>
   </div>
   <div class='ocr_carea' id='block_1_52' title="bbox 2104 755 3753 848">
    <p class='ocr_par' dir='ltr' id='par_1_52' title="bbox 2104 755 3753 848">
     <span class='ocr_line' id='line_1_52' title="bbox 2104 755 3753 848; baseline 0.015 -39"><span class='ocrx_word' id='word_1_342' title='bbox 2104 755 2301 848; x_wconf 87' lang='lat' dir='ltr'>Sergio</span> <span class='ocrx_word' id='word_1_343' title='bbox 2333 757 2545 848; x_wconf 86' lang='lat' dir='ltr'>Coliva,</span> <span class='ocrx_word' id='word_1_344' title='bbox 2577 765 2633 816; x_wconf 90' lang='lat' dir='ltr'>et</span> <span class='ocrx_word' id='word_1_345' title='bbox 2665 778 2698 816; x_wconf 91' lang='lat' dir='ltr'>a</span> <span class='ocrx_word' id='word_1_346' title='bbox 2725 762 3071 822; x_wconf 89' lang='lat' dir='ltr'>desunotato</span> <span class='ocrx_word' id='word_1_347' title='bbox 3096 770 3475 829; x_wconf 83' lang='lat' dir='ltr'>Constantino</span> <span class='ocrx_word' id='word_1_348' title='bbox 3508 776 3753 848; x_wconf 90' lang='lat' dir='ltr'>Petiota,</span> 
     </span>
    </p>
   </div>
   <div class='ocr_carea' id='block_1_53' title="bbox 2107 847 3758 924">
    <p class='ocr_par' dir='ltr' id='par_1_53' title="bbox 2107 847 3758 924">
     <span class='ocr_line' id='line_1_53' title="bbox 2107 847 3758 924; baseline 0.016 -26"><span class='ocrx_word' id='word_1_349' title='bbox 2107 847 2261 918; x_wconf 92' lang='lat' dir='ltr'>quod</span> <span class='ocrx_word' id='word_1_350' title='bbox 2314 851 2372 902; x_wconf 90' lang='lat' dir='ltr'>et</span> <span class='ocrx_word' id='word_1_351' title='bbox 2418 847 2478 902; x_wconf 87' lang='lat' dir='ltr'>in</span> <span class='ocrx_word' id='word_1_352' title='bbox 2530 853 2808 922; x_wconf 89' lang='lat' dir='ltr'>congruis</span> <span class='ocrx_word' id='word_1_353' title='bbox 2874 857 3118 914; x_wconf 88' lang='lat' dir='ltr'>secretis</span> <span class='ocrx_word' id='word_1_354' title='bbox 3164 861 3346 916; x_wconf 89' lang='lat' dir='ltr'>sterni</span> <span class='ocrx_word' id='word_1_355' title='bbox 3403 863 3573 920; x_wconf 89' lang='lat' dir='ltr'>debet</span> <span class='ocrx_word' id='word_1_356' title='bbox 3623 847 3758 924; x_wconf 86' lang='lat' dir='ltr'>cum</span> 
     </span>
    </p>
   </div>
   <div class='ocr_carea' id='block_1_54' title="bbox 2108 935 3761 1019">
    <p class='ocr_par' dir='ltr' id='par_1_54' title="bbox 2108 935 3761 1019">
     <span class='ocr_line' id='line_1_54' title="bbox 2108 935 3761 1019; baseline 0.015 -32"><span class='ocrx_word' id='word_1_357' title='bbox 2108 935 2362 1006; x_wconf 90' lang='lat' dir='ltr'>presenti</span> <span class='ocrx_word' id='word_1_358' title='bbox 2432 936 2783 1008; x_wconf 84' lang='lat' dir='ltr'>chrysobulo</span> <span class='ocrx_word' id='word_1_359' title='bbox 2848 943 3082 1016; x_wconf 87' lang='lat' dir='ltr'>imperii</span> <span class='ocrx_word' id='word_1_360' title='bbox 3130 949 3358 1019; x_wconf 88' lang='lat' dir='ltr'>nostri;</span> <span class='ocrx_word' id='word_1_361' title='bbox 3411 958 3469 1008; x_wconf 92' lang='lat' dir='ltr'>et</span> <span class='ocrx_word' id='word_1_362' title='bbox 3544 954 3761 1012; x_wconf 87' lang='lat' dir='ltr'>habere</span> 
     </span>
    </p>
   </div>
   <div class='ocr_carea' id='block_1_55' title="bbox 2107 1023 3762 1112">
    <p class='ocr_par' dir='ltr' id='par_1_55' title="bbox 2107 1023 3762 1112">
     <span class='ocr_line' id='line_1_55' title="bbox 2107 1023 3762 1112; baseline 0.015 -35"><span class='ocrx_word' id='word_1_363' title='bbox 2107 1023 2354 1080; x_wconf 85' lang='lat' dir='ltr'>Pisanos</span> <span class='ocrx_word' id='word_1_364' title='bbox 2386 1025 2692 1084; x_wconf 90' lang='lat' dir='ltr'>universos</span> <span class='ocrx_word' id='word_1_365' title='bbox 2724 1030 3032 1090; x_wconf 88' lang='lat' dir='ltr'>introitum</span> <span class='ocrx_word' id='word_1_366' title='bbox 3080 1053 3284 1096; x_wconf 88' lang='lat' dir='ltr'>eorum</span> <span class='ocrx_word' id='word_1_367' title='bbox 3343 1047 3674 1112; x_wconf 89' lang='lat' dir='ltr'>presentem</span> <span class='ocrx_word' id='word_1_368' title='bbox 3705 1051 3762 1101; x_wconf 88' lang='lat' dir='ltr'>et</span> 
     </span>
    </p>
   </div>
   <div class='ocr_carea' id='block_1_56' title="bbox 2107 1113 3759 1206">
    <p class='ocr_par' dir='ltr' id='par_1_56' title="bbox 2107 1113 3759 1206">
     <span class='ocr_line' id='line_1_56' title="bbox 2107 1113 3759 1206; baseline 0.015 -40"><span class='ocrx_word' id='word_1_369' title='bbox 2107 1113 2376 1169; x_wconf 85' lang='lat' dir='ltr'>futurum</span> <span class='ocrx_word' id='word_1_370' title='bbox 2426 1131 2495 1170; x_wconf 83' lang='lat' dir='ltr'>ex</span> <span class='ocrx_word' id='word_1_371' title='bbox 2548 1121 3196 1190; x_wconf 87' lang='lat' dir='ltr'>superediﬁcationibus</span> <span class='ocrx_word' id='word_1_372' title='bbox 3260 1128 3546 1202; x_wconf 90' lang='lat' dir='ltr'>ipsorum,</span> <span class='ocrx_word' id='word_1_373' title='bbox 3612 1151 3759 1206; x_wconf 86' lang='lat' dir='ltr'>quas</span> 
     </span>
    </p>
   </div>
   <div class='ocr_carea' id='block_1_57' title="bbox 2109 1209 3760 1304">
    <p class='ocr_par' dir='ltr' id='par_1_57' title="bbox 2109 1209 3760 1304">
     <span class='ocr_line' id='line_1_57' title="bbox 2109 1209 3760 1304; baseline 0.015 -39"><span class='ocrx_word' id='word_1_374' title='bbox 2109 1209 2263 1266; x_wconf 84' lang='lat' dir='ltr'>infra</span> <span class='ocrx_word' id='word_1_375' title='bbox 2311 1213 2598 1270; x_wconf 89' lang='lat' dir='ltr'>terminos</span> <span class='ocrx_word' id='word_1_376' title='bbox 2640 1216 2784 1288; x_wconf 86' lang='lat' dir='ltr'>ipsis</span> <span class='ocrx_word' id='word_1_377' title='bbox 2832 1221 3078 1278; x_wconf 89' lang='lat' dir='ltr'>traditos</span> <span class='ocrx_word' id='word_1_378' title='bbox 3151 1223 3383 1296; x_wconf 83' lang='lat' dir='ltr'>facient,</span> <span class='ocrx_word' id='word_1_379' title='bbox 3450 1247 3760 1304; x_wconf 90' lang='lat' dir='ltr'>quousque</span> 
     </span>
    </p>
   </div>
   <div class='ocr_carea' id='block_1_58' title="bbox 2109 1300 3760 1386">
    <p class='ocr_par' dir='ltr' id='par_1_58' title="bbox 2109 1300 3760 1386">
     <span class='ocr_line' id='line_1_58' title="bbox 2109 1300 3760 1386; baseline 0.014 -30"><span class='ocrx_word' id='word_1_380' title='bbox 2109 1300 2334 1370; x_wconf 88' lang='lat' dir='ltr'>civitas,</span> <span class='ocrx_word' id='word_1_381' title='bbox 2396 1320 2575 1374; x_wconf 91' lang='lat' dir='ltr'>quam</span> <span class='ocrx_word' id='word_1_382' title='bbox 2636 1305 2808 1362; x_wconf 84' lang='lat' dir='ltr'>debet</span> <span class='ocrx_word' id='word_1_383' title='bbox 2856 1309 3101 1382; x_wconf 89' lang='lat' dir='ltr'>imperio</span> <span class='ocrx_word' id='word_1_384' title='bbox 3170 1321 3390 1386; x_wconf 91' lang='lat' dir='ltr'>nostro,</span> <span class='ocrx_word' id='word_1_385' title='bbox 3444 1300 3760 1379; x_wconf 80' lang='lat' dir='ltr'>heredibus</span> 
     </span>
    </p>
   </div>
   <div class='ocr_carea' id='block_1_59' title="bbox 2110 1393 3762 1484">
    <p class='ocr_par' dir='ltr' id='par_1_59' title="bbox 2110 1393 3762 1484">
     <span class='ocr_line' id='line_1_59' title="bbox 2110 1393 3762 1484; baseline 0.015 -38"><span class='ocrx_word' id='word_1_386' title='bbox 2110 1395 2166 1446; x_wconf 89' lang='lat' dir='ltr'>et</span> <span class='ocrx_word' id='word_1_387' title='bbox 2195 1393 2637 1450; x_wconf 88' lang='lat' dir='ltr'>successoribus</span> <span class='ocrx_word' id='word_1_388' title='bbox 2661 1397 2788 1466; x_wconf 88' lang='lat' dir='ltr'>ejus</span> <span class='ocrx_word' id='word_1_389' title='bbox 2821 1397 3051 1470; x_wconf 90' lang='lat' dir='ltr'>ipsique</span> <span class='ocrx_word' id='word_1_390' title='bbox 3074 1406 3555 1478; x_wconf 85' lang='lat' dir='ltr'>Romanie,ﬁdem</span> <span class='ocrx_word' id='word_1_391' title='bbox 3587 1416 3762 1484; x_wconf 88' lang='lat' dir='ltr'>atque</span> 
     </span>
    </p>
   </div>
   <div class='ocr_carea' id='block_1_60' title="bbox 2109 1480 3760 1574">
    <p class='ocr_par' dir='ltr' id='par_1_60' title="bbox 2109 1480 3760 1574">
     <span class='ocr_line' id='line_1_60' title="bbox 2109 1480 3760 1574; baseline 0.015 -39"><span class='ocrx_word' id='word_1_392' title='bbox 2109 1480 2412 1536; x_wconf 89' lang='lat' dir='ltr'>servitium</span> <span class='ocrx_word' id='word_1_393' title='bbox 2445 1491 2767 1554; x_wconf 84' lang='lat' dir='ltr'>conservat,</span> <span class='ocrx_word' id='word_1_394' title='bbox 2803 1493 2858 1543; x_wconf 90' lang='lat' dir='ltr'>et</span> <span class='ocrx_word' id='word_1_395' title='bbox 2889 1494 3042 1546; x_wconf 82' lang='lat' dir='ltr'>terra</span> <span class='ocrx_word' id='word_1_396' title='bbox 3073 1492 3283 1552; x_wconf 90' lang='lat' dir='ltr'>Pisana</span> <span class='ocrx_word' id='word_1_397' title='bbox 3312 1514 3378 1553; x_wconf 87' lang='lat' dir='ltr'>ac</span> <span class='ocrx_word' id='word_1_398' title='bbox 3409 1499 3600 1570; x_wconf 86' lang='lat' dir='ltr'>ipsum</span> <span class='ocrx_word' id='word_1_399' title='bbox 3633 1480 3760 1574; x_wconf 74' lang='lat' dir='ltr'>ejus</span> 
     </span>
    </p>
   </div>
   <div class='ocr_carea' id='block_1_61' title="bbox 2109 1571 3758 1659">
    <p class='ocr_par' dir='ltr' id='par_1_61' title="bbox 2109 1571 3758 1659">
     <span class='ocr_line' id='line_1_61' title="bbox 2109 1571 3758 1659; baseline 0.014 -33"><span class='ocrx_word' id='word_1_400' title='bbox 2109 1586 2424 1627; x_wconf 88' lang='lat' dir='ltr'>commune</span> <span class='ocrx_word' id='word_1_401' title='bbox 2455 1571 2824 1631; x_wconf 87' lang='lat' dir='ltr'>inviolabiter</span> <span class='ocrx_word' id='word_1_402' title='bbox 2853 1583 2908 1632; x_wconf 86' lang='lat' dir='ltr'>et</span> <span class='ocrx_word' id='word_1_403' title='bbox 2939 1579 3064 1634; x_wconf 87' lang='lat' dir='ltr'>sine</span> <span class='ocrx_word' id='word_1_404' title='bbox 3107 1583 3514 1659; x_wconf 88' lang='lat' dir='ltr'>diminutione,</span> <span class='ocrx_word' id='word_1_405' title='bbox 3549 1571 3758 1648; x_wconf 86' lang='lat' dir='ltr'>secun-</span> 
     </span>
    </p>
   </div>
   <div class='ocr_carea' id='block_1_62' title="bbox 2111 1659 3759 1745">
    <p class='ocr_par' dir='ltr' id='par_1_62' title="bbox 2111 1659 3759 1745">
     <span class='ocr_line' id='line_1_62' title="bbox 2111 1659 3759 1745; baseline 0.016 -32"><span class='ocrx_word' id='word_1_406' title='bbox 2111 1659 2252 1714; x_wconf 88' lang='lat' dir='ltr'>dum</span> <span class='ocrx_word' id='word_1_407' title='bbox 2285 1662 2731 1720; x_wconf 83' lang='lat' dir='ltr'>conventionem</span> <span class='ocrx_word' id='word_1_408' title='bbox 2765 1666 3045 1739; x_wconf 89' lang='lat' dir='ltr'>scriptam</span> <span class='ocrx_word' id='word_1_409' title='bbox 3070 1688 3102 1726; x_wconf 89' lang='lat' dir='ltr'>a</span> <span class='ocrx_word' id='word_1_410' title='bbox 3132 1679 3529 1745; x_wconf 83' lang='lat' dir='ltr'>supranotatis</span> <span class='ocrx_word' id='word_1_411' title='bbox 3556 1697 3759 1738; x_wconf 89' lang='lat' dir='ltr'>eorum</span> 
     </span>
    </p>
   </div>
   <div class='ocr_carea' id='block_1_63' title="bbox 2107 1746 3761 1840">
    <p class='ocr_par' dir='ltr' id='par_1_63' title="bbox 2107 1746 3761 1840">
     <span class='ocr_line' id='line_1_63' title="bbox 2107 1746 3761 1840; baseline 0.016 -39"><span class='ocrx_word' id='word_1_412' title='bbox 2107 1746 2317 1820; x_wconf 90' lang='lat' dir='ltr'>legatis</span> <span class='ocrx_word' id='word_1_413' title='bbox 2371 1750 2586 1806; x_wconf 88' lang='lat' dir='ltr'>factam</span> <span class='ocrx_word' id='word_1_414' title='bbox 2644 1757 2698 1808; x_wconf 88' lang='lat' dir='ltr'>et</span> <span class='ocrx_word' id='word_1_415' title='bbox 2748 1756 3022 1827; x_wconf 90' lang='lat' dir='ltr'>superius</span> <span class='ocrx_word' id='word_1_416' title='bbox 3084 1763 3407 1835; x_wconf 71' lang='lat' dir='ltr'>recitatam,</span> <span class='ocrx_word' id='word_1_417' title='bbox 3455 1785 3569 1840; x_wconf 88' lang='lat' dir='ltr'>que</span> <span class='ocrx_word' id='word_1_418' title='bbox 3615 1773 3672 1826; x_wconf 89' lang='lat' dir='ltr'>et</span> <span class='ocrx_word' id='word_1_419' title='bbox 3727 1787 3761 1828; x_wconf 87' lang='lat' dir='ltr'>a</span> 
     </span>
    </p>
   </div>
   <div class='ocr_carea' id='block_1_64' title="bbox 2112 1841 3762 1917">
    <p class='ocr_par' dir='ltr' id='par_1_64' title="bbox 2112 1841 3762 1917">
     <span class='ocr_line' id='line_1_64' title="bbox 2112 1841 3762 1917; baseline 0.016 -25"><span class='ocrx_word' id='word_1_420' title='bbox 2112 1842 2397 1910; x_wconf 88' lang='lat' dir='ltr'>potestate</span> <span class='ocrx_word' id='word_1_421' title='bbox 2427 1841 2694 1910; x_wconf 85' lang='lat' dir='ltr'>ejusdem</span> <span class='ocrx_word' id='word_1_422' title='bbox 2718 1843 2970 1902; x_wconf 86' lang='lat' dir='ltr'>civitatis</span> <span class='ocrx_word' id='word_1_423' title='bbox 3002 1851 3058 1904; x_wconf 89' lang='lat' dir='ltr'>et</span> <span class='ocrx_word' id='word_1_424' title='bbox 3112 1855 3266 1908; x_wconf 89' lang='lat' dir='ltr'>terre</span> <span class='ocrx_word' id='word_1_425' title='bbox 3315 1855 3524 1913; x_wconf 78' lang='lat' dir='ltr'>Pisans</span> <span class='ocrx_word' id='word_1_426' title='bbox 3556 1863 3613 1915; x_wconf 90' lang='lat' dir='ltr'>et</span> <span class='ocrx_word' id='word_1_427' title='bbox 3643 1877 3762 1917; x_wconf 84' lang='lat' dir='ltr'>me-</span> 
     </span>
    </p>
   </div>
   <div class='ocr_carea' id='block_1_65' title="bbox 2109 1926 3758 2010">
    <p class='ocr_par' dir='ltr' id='par_1_65' title="bbox 2109 1926 3758 2010">
     <span class='ocr_line' id='line_1_65' title="bbox 2109 1926 3758 2010; baseline 0.016 -28"><span class='ocrx_word' id='word_1_428' title='bbox 2109 1926 2355 1984; x_wconf 91' lang='lat' dir='ltr'>lioribus</span> <span class='ocrx_word' id='word_1_429' title='bbox 2386 1928 2618 1988; x_wconf 88' lang='lat' dir='ltr'>Pisanis</span> <span class='ocrx_word' id='word_1_430' title='bbox 2649 1936 2706 1987; x_wconf 90' lang='lat' dir='ltr'>et</span> <span class='ocrx_word' id='word_1_431' title='bbox 2757 1934 3028 1994; x_wconf 85' lang='lat' dir='ltr'>universa</span> <span class='ocrx_word' id='word_1_432' title='bbox 3078 1940 3443 2010; x_wconf 88' lang='lat' dir='ltr'>plenitudine</span> <span class='ocrx_word' id='word_1_433' title='bbox 3488 1948 3758 2008; x_wconf 89' lang='lat' dir='ltr'>Pisarum</span> 
     </span>
    </p>
   </div>
   <div class='ocr_carea' id='block_1_66' title="bbox 2101 2017 3814 2106">
    <p class='ocr_par' dir='ltr' id='par_1_66' title="bbox 2101 2017 3814 2106">
     <span class='ocr_line' id='line_1_66' title="bbox 2101 2017 3814 2106; baseline 0.018 -37"><span class='ocrx_word' id='word_1_434' title='bbox 2101 2017 2291 2088; x_wconf 90' lang='lat' dir='ltr'>jurari</span> <span class='ocrx_word' id='word_1_435' title='bbox 2325 2018 2573 2074; x_wconf 89' lang='lat' dir='ltr'>debetin</span> <span class='ocrx_word' id='word_1_436' title='bbox 2606 2025 2903 2092; x_wconf 87' lang='lat' dir='ltr'>prescntia</span> <span class='ocrx_word' id='word_1_437' title='bbox 2931 2043 3110 2100; x_wconf 76' lang='lat' dir='ltr'>super</span> <span class='ocrx_word' id='word_1_438' title='bbox 3142 2029 3250 2088; x_wconf 90' lang='lat' dir='ltr'>hoc</span> <span class='ocrx_word' id='word_1_439' title='bbox 3285 2033 3478 2106; x_wconf 88' lang='lat' dir='ltr'>ipsum</span> <span class='ocrx_word' id='word_1_440' title='bbox 3517 2040 3761 2097; x_wconf 88' lang='lat' dir='ltr'>mitten—</span> <span class='ocrx_word' id='word_1_441' title='bbox 3811 2097 3814 2100; x_wconf 77' lang='lat'>.</span> 
     </span>
    </p>
   </div>
   <div class='ocr_carea' id='block_1_67' title="bbox 2108 2106 3756 2188">
    <p class='ocr_par' dir='ltr' id='par_1_67' title="bbox 2108 2106 3756 2188">
     <span class='ocr_line' id='line_1_67' title="bbox 2108 2106 3756 2188; baseline 0.017 -29"><span class='ocrx_word' id='word_1_442' title='bbox 2108 2106 2316 2162; x_wconf 91' lang='lat' dir='ltr'>dorum</span> <span class='ocrx_word' id='word_1_443' title='bbox 2339 2107 2646 2166; x_wconf 90' lang='lat' dir='ltr'>hominum</span> <span class='ocrx_word' id='word_1_444' title='bbox 2681 2111 2909 2184; x_wconf 87' lang='lat' dir='ltr'>imperii</span> <span class='ocrx_word' id='word_1_445' title='bbox 2939 2120 3145 2188; x_wconf 90' lang='lat' dir='ltr'>nostri,</span> <span class='ocrx_word' id='word_1_446' title='bbox 3165 2127 3222 2177; x_wconf 91' lang='lat' dir='ltr'>et</span> <span class='ocrx_word' id='word_1_447' title='bbox 3251 2126 3556 2184; x_wconf 89' lang='lat' dir='ltr'>annuatim</span> <span class='ocrx_word' id='word_1_448' title='bbox 3580 2145 3756 2187; x_wconf 82' lang='lat' dir='ltr'>reno-</span> 
     </span>
    </p>
   </div>
   <div class='ocr_carea' id='block_1_68' title="bbox 2111 2196 3758 2290">
    <p class='ocr_par' dir='ltr' id='par_1_68' title="bbox 2111 2196 3758 2290">
     <span class='ocr_line' id='line_1_68' title="bbox 2111 2196 3758 2290; baseline 0.015 -39"><span class='ocrx_word' id='word_1_449' title='bbox 2111 2196 2252 2290; x_wconf 78' lang='lat' dir='ltr'>vari,</span> <span class='ocrx_word' id='word_1_450' title='bbox 2307 2201 2634 2290; x_wconf 78' lang='lat' dir='ltr'>secundum</span> <span class='ocrx_word' id='word_1_451' title='bbox 2701 2204 2856 2274; x_wconf 86' lang='lat' dir='ltr'>quod</span> <span class='ocrx_word' id='word_1_452' title='bbox 2924 2207 3254 2277; x_wconf 87' lang='lat' dir='ltr'>specialiter</span> <span class='ocrx_word' id='word_1_453' title='bbox 3301 2229 3368 2269; x_wconf 91' lang='lat' dir='ltr'>ea</span> <span class='ocrx_word' id='word_1_454' title='bbox 3416 2233 3529 2287; x_wconf 91' lang='lat' dir='ltr'>que</span> <span class='ocrx_word' id='word_1_455' title='bbox 3579 2217 3758 2290; x_wconf 91' lang='lat' dir='ltr'>hujus</span> 
     </span>
    </p>
   </div>
   <div class='ocr_carea' id='block_1_69' title="bbox 2112 2283 3761 2381">
    <p class='ocr_par' dir='ltr' id='par_1_69' title="bbox 2112 2283 3761 2381">
     <span class='ocr_line' id='line_1_69' title="bbox 2112 2283 3761 2381; baseline 0.016 -44"><span class='ocrx_word' id='word_1_456' title='bbox 2112 2283 2348 2356; x_wconf 88' lang='lat' dir='ltr'>capituli</span> <span class='ocrx_word' id='word_1_457' title='bbox 2383 2292 2544 2357; x_wconf 91' lang='lat' dir='ltr'>sunt,</span> <span class='ocrx_word' id='word_1_458' title='bbox 2579 2306 2812 2362; x_wconf 91' lang='lat' dir='ltr'>semper</span> <span class='ocrx_word' id='word_1_459' title='bbox 2839 2299 3216 2355; x_wconf 89' lang='lat' dir='ltr'>memorando</span> <span class='ocrx_word' id='word_1_460' title='bbox 3269 2283 3630 2375; x_wconf 71' lang='lat' dir='ltr'>imperatori,</span> <span class='ocrx_word' id='word_1_461' title='bbox 3657 2283 3761 2381; x_wconf 82' lang='lat' dir='ltr'>pa-</span> 
     </span>
    </p>
   </div>
   <div class='ocr_carea' id='block_1_70' title="bbox 2113 2375 3760 2464">
    <p class='ocr_par' dir='ltr' id='par_1_70' title="bbox 2113 2375 3760 2464">
     <span class='ocr_line' id='line_1_70' title="bbox 2113 2375 3760 2464; baseline 0.016 -36"><span class='ocrx_word' id='word_1_462' title='bbox 2113 2378 2245 2430; x_wconf 92' lang='lat' dir='ltr'>truo</span> <span class='ocrx_word' id='word_1_463' title='bbox 2278 2375 2508 2448; x_wconf 91' lang='lat' dir='ltr'>imperii</span> <span class='ocrx_word' id='word_1_464' title='bbox 2542 2381 2747 2450; x_wconf 87' lang='lat' dir='ltr'>nostri,</span> <span class='ocrx_word' id='word_1_465' title='bbox 2780 2382 3019 2440; x_wconf 92' lang='lat' dir='ltr'>domino</span> <span class='ocrx_word' id='word_1_466' title='bbox 3067 2390 3338 2458; x_wconf 90' lang='lat' dir='ltr'>Manueli,</span> <span class='ocrx_word' id='word_1_467' title='bbox 3393 2400 3559 2464; x_wconf 90' lang='lat' dir='ltr'>pacta</span> <span class='ocrx_word' id='word_1_468' title='bbox 3599 2375 3760 2455; x_wconf 47' lang='lat' dir='ltr'>su-nt.</span> 
     </span>
    </p>
   </div>
   <div class='ocr_carea' id='block_1_71' title="bbox 2117 2472 3763 2552">
    <p class='ocr_par' dir='ltr' id='par_1_71' title="bbox 2117 2472 3763 2552">
     <span class='ocr_line' id='line_1_71' title="bbox 2117 2472 3763 2552; baseline 0.017 -27"><span class='ocrx_word' id='word_1_469' title='bbox 2117 2472 2408 2529; x_wconf 86' lang='lat' dir='ltr'>Fruentur</span> <span class='ocrx_word' id='word_1_470' title='bbox 2437 2479 2632 2531; x_wconf 88' lang='lat' dir='ltr'>autem</span> <span class='ocrx_word' id='word_1_471' title='bbox 2683 2483 2740 2534; x_wconf 90' lang='lat' dir='ltr'>et</span> <span class='ocrx_word' id='word_1_472' title='bbox 2787 2480 3055 2540; x_wconf 87' lang='lat' dir='ltr'>libertate</span> <span class='ocrx_word' id='word_1_473' title='bbox 3101 2488 3370 2546; x_wconf 88' lang='lat' dir='ltr'>universa</span> <span class='ocrx_word' id='word_1_474' title='bbox 3423 2493 3480 2548; x_wconf 91' lang='lat' dir='ltr'>in</span> <span class='ocrx_word' id='word_1_475' title='bbox 3534 2495 3763 2552; x_wconf 85' lang='lat' dir='ltr'>duobus</span> 
     </span>
    </p>
   </div>
   <div class='ocr_carea' id='block_1_72' title="bbox 2115 2561 3768 2654">
    <p class='ocr_par' dir='ltr' id='par_1_72' title="bbox 2115 2561 3768 2654">
     <span class='ocr_line' id='line_1_72' title="bbox 2115 2561 3768 2654; baseline 0.018 -40"><span class='ocrx_word' id='word_1_476' title='bbox 2115 2561 2374 2617; x_wconf 88' lang='lat' dir='ltr'>recitatis</span> <span class='ocrx_word' id='word_1_477' title='bbox 2427 2563 2795 2638; x_wconf 84' lang='lat' dir='ltr'>chrysobulis</span> <span class='ocrx_word' id='word_1_478' title='bbox 2849 2575 3273 2646; x_wconf 86' lang='lat' dir='ltr'>comprehensa</span> <span class='ocrx_word' id='word_1_479' title='bbox 3319 2585 3674 2654; x_wconf 85' lang='lat' dir='ltr'>commercii,</span> <span class='ocrx_word' id='word_1_480' title='bbox 3709 2589 3768 2642; x_wconf 88' lang='lat' dir='ltr'>et</span> 
     </span>
    </p>
   </div>
   <div class='ocr_carea' id='block_1_73' title="bbox 2117 2651 3763 2740">
    <p class='ocr_par' dir='ltr' id='par_1_73' title="bbox 2117 2651 3763 2740">
     <span class='ocr_line' id='line_1_73' title="bbox 2117 2651 3763 2740; baseline 0.018 -36"><span class='ocrx_word' id='word_1_481' title='bbox 2117 2651 2478 2723; x_wconf 87' lang='lat' dir='ltr'>reliquorum</span> <span class='ocrx_word' id='word_1_482' title='bbox 2512 2657 2774 2713; x_wconf 89' lang='lat' dir='ltr'>omnium</span> <span class='ocrx_word' id='word_1_483' title='bbox 2806 2661 3198 2731; x_wconf 85' lang='lat' dir='ltr'>capitulorum</span> <span class='ocrx_word' id='word_1_484' title='bbox 3249 2686 3360 2740; x_wconf 89' lang='lat' dir='ltr'>que</span> <span class='ocrx_word' id='word_1_485' title='bbox 3402 2673 3461 2727; x_wconf 92' lang='lat' dir='ltr'>in</span> <span class='ocrx_word' id='word_1_486' title='bbox 3511 2674 3595 2730; x_wconf 91' lang='lat' dir='ltr'>eis</span> <span class='ocrx_word' id='word_1_487' title='bbox 3619 2651 3763 2732; x_wconf 82' lang='lat' dir='ltr'>con-</span> 
     </span>
    </p>
   </div>
   <div class='ocr_carea' id='block_1_74' title="bbox 2119 2741 3766 2835">
    <p class='ocr_par' dir='ltr' id='par_1_74' title="bbox 2119 2741 3766 2835">
     <span class='ocr_line' id='line_1_74' title="bbox 2119 2741 3766 2835; baseline 0.016 -40"><span class='ocrx_word' id='word_1_488' title='bbox 2119 2741 2745 2813; x_wconf 81' lang='lat' dir='ltr'>tinentur,exhibentes</span> <span class='ocrx_word' id='word_1_489' title='bbox 2775 2750 2846 2805; x_wconf 90' lang='lat' dir='ltr'>de</span> <span class='ocrx_word' id='word_1_490' title='bbox 2877 2757 3110 2810; x_wconf 88' lang='lat' dir='ltr'>centum</span> <span class='ocrx_word' id='word_1_491' title='bbox 3135 2756 3166 2810; x_wconf 82' lang='grc'><strong>4</strong></span> <span class='ocrx_word' id='word_1_492' title='bbox 3197 2761 3315 2814; x_wconf 90' lang='lat' dir='ltr'>tam</span> <span class='ocrx_word' id='word_1_493' title='bbox 3350 2759 3406 2815; x_wconf 92' lang='lat' dir='ltr'>in</span> <span class='ocrx_word' id='word_1_494' title='bbox 3437 2779 3651 2835; x_wconf 88' lang='lat' dir='ltr'>magna</span> <span class='ocrx_word' id='word_1_495' title='bbox 3675 2783 3766 2821; x_wconf 89' lang='lat' dir='ltr'>ur-</span> 
     </span>
    </p>
   </div>
   <div class='ocr_carea' id='block_1_75' title="bbox 2118 2830 3761 2922">
    <p class='ocr_par' dir='ltr' id='par_1_75' title="bbox 2118 2830 3761 2922">
     <span class='ocr_line' id='line_1_75' title="bbox 2118 2830 3761 2922; baseline 0.018 -39"><span class='ocrx_word' id='word_1_496' title='bbox 2118 2830 2189 2886; x_wconf 93' lang='lat' dir='ltr'>be</span> <span class='ocrx_word' id='word_1_497' title='bbox 2220 2847 2398 2902; x_wconf 87' lang='lat' dir='ltr'>quam</span> <span class='ocrx_word' id='word_1_498' title='bbox 2431 2831 2488 2887; x_wconf 90' lang='lat' dir='ltr'>in</span> <span class='ocrx_word' id='word_1_499' title='bbox 2516 2837 2722 2893; x_wconf 84' lang='lat' dir='ltr'>ceteris</span> <span class='ocrx_word' id='word_1_500' title='bbox 2755 2841 2926 2896; x_wconf 87' lang='lat' dir='ltr'>terris</span> <span class='ocrx_word' id='word_1_501' title='bbox 2959 2849 3155 2900; x_wconf 86' lang='lat' dir='ltr'>nostre</span> <span class='ocrx_word' id='word_1_502' title='bbox 3175 2847 3264 2918; x_wconf 90' lang='lat' dir='ltr'>pie</span> <span class='ocrx_word' id='word_1_503' title='bbox 3286 2830 3761 2922; x_wconf 68' lang='lat' dir='ltr'>tranquillitatis:</span> 
     </span>
    </p>
   </div>
   <div class='ocr_carea' id='block_1_76' title="bbox 2120 2929 3767 3024">
    <p class='ocr_par' dir='ltr' id='par_1_76' title="bbox 2120 2929 3767 3024">
     <span class='ocr_line' id='line_1_76' title="bbox 2120 2929 3767 3024; baseline 0.016 -41"><span class='ocrx_word' id='word_1_504' title='bbox 2120 2947 2236 3024; x_wconf 81' lang='lat' dir='ltr'>non</span> <span class='ocrx_word' id='word_1_505' title='bbox 2263 2929 2454 3024; x_wconf 87' lang='lat' dir='ltr'>solum</span> <span class='ocrx_word' id='word_1_506' title='bbox 2486 2935 2558 2989; x_wconf 91' lang='lat' dir='ltr'>de</span> <span class='ocrx_word' id='word_1_507' title='bbox 2585 2934 2658 2991; x_wconf 92' lang='lat' dir='ltr'>iis</span> <span class='ocrx_word' id='word_1_508' title='bbox 2690 2953 2800 3007; x_wconf 91' lang='lat' dir='ltr'>qus</span> <span class='ocrx_word' id='word_1_509' title='bbox 2831 2940 2902 2995; x_wconf 91' lang='lat' dir='ltr'>de</span> <span class='ocrx_word' id='word_1_510' title='bbox 2951 2942 3157 3000; x_wconf 85' lang='lat' dir='ltr'>alienis</span> <span class='ocrx_word' id='word_1_511' title='bbox 3207 2948 3469 3018; x_wconf 86' lang='lat' dir='ltr'>partibus</span> <span class='ocrx_word' id='word_1_512' title='bbox 3517 2952 3588 3008; x_wconf 90' lang='lat' dir='ltr'>ab</span> <span class='ocrx_word' id='word_1_513' title='bbox 3621 2953 3767 3024; x_wconf 89' lang='lat' dir='ltr'>ipsis</span> 
     </span>
    </p>
   </div>
   <div class='ocr_carea' id='block_1_77' title="bbox 2119 3019 3766 3114">
    <p class='ocr_par' dir='ltr' id='par_1_77' title="bbox 2119 3019 3766 3114">
     <span class='ocr_line' id='line_1_77' title="bbox 2119 3019 3766 3114; baseline 0.017 -42"><span class='ocrx_word' id='word_1_514' title='bbox 2119 3019 2178 3073; x_wconf 87' lang='lat' dir='ltr'>in</span> <span class='ocrx_word' id='word_1_515' title='bbox 2211 3022 2556 3079; x_wconf 80' lang='lat' dir='ltr'>Romaniam</span> <span class='ocrx_word' id='word_1_516' title='bbox 2610 3026 2934 3084; x_wconf 72' lang='lat' dir='ltr'>afferuntur</span> <span class='ocrx_word' id='word_1_517' title='bbox 2981 3033 3268 3092; x_wconf 88' lang='lat' dir='ltr'>universis</span> <span class='ocrx_word' id='word_1_518' title='bbox 3310 3019 3766 3114; x_wconf 51' lang='lat' dir='ltr'>mercibus,-ve-</span> 
     </span>
    </p>
   </div>
   <div class='ocr_carea' id='block_1_78' title="bbox 2121 3110 3768 3204">
    <p class='ocr_par' dir='ltr' id='par_1_78' title="bbox 2121 3110 3768 3204">
     <span class='ocr_line' id='line_1_78' title="bbox 2121 3110 3768 3204; baseline 0.016 -42"><span class='ocrx_word' id='word_1_519' title='bbox 2121 3126 2250 3164; x_wconf 86' lang='lat' dir='ltr'>rum</span> <span class='ocrx_word' id='word_1_520' title='bbox 2282 3110 2461 3167; x_wconf 89' lang='lat' dir='ltr'>etiam</span> <span class='ocrx_word' id='word_1_521' title='bbox 2489 3113 2558 3168; x_wconf 91' lang='lat' dir='ltr'>de</span> <span class='ocrx_word' id='word_1_522' title='bbox 2588 3114 2658 3170; x_wconf 92' lang='lat' dir='ltr'>iis</span> <span class='ocrx_word' id='word_1_523' title='bbox 2691 3134 2800 3188; x_wconf 89' lang='lat' dir='ltr'>qus</span> <span class='ocrx_word' id='word_1_524' title='bbox 2831 3119 2902 3175; x_wconf 93' lang='lat' dir='ltr'>de</span> <span class='ocrx_word' id='word_1_525' title='bbox 2954 3125 3123 3179; x_wconf 91' lang='lat' dir='ltr'>terris</span> <span class='ocrx_word' id='word_1_526' title='bbox 3177 3125 3453 3184; x_wconf 82' lang='lat' dir='ltr'>Romanis</span> <span class='ocrx_word' id='word_1_527' title='bbox 3500 3131 3572 3186; x_wconf 90' lang='lat' dir='ltr'>ab</span> <span class='ocrx_word' id='word_1_528' title='bbox 3611 3110 3768 3204; x_wconf 76' lang='lat' dir='ltr'>ipsis</span> 
     </span>
    </p>
   </div>
   <div class='ocr_carea' id='block_1_79' title="bbox 2119 3202 3770 3278">
    <p class='ocr_par' dir='ltr' id='par_1_79' title="bbox 2119 3202 3770 3278">
     <span class='ocr_line' id='line_1_79' title="bbox 2119 3202 3770 3278; baseline 0.016 -26"><span class='ocrx_word' id='word_1_529' title='bbox 2119 3204 2398 3255; x_wconf 88' lang='lat' dir='ltr'>emuntur</span> <span class='ocrx_word' id='word_1_530' title='bbox 2426 3207 2482 3257; x_wconf 89' lang='lat' dir='ltr'>et</span> <span class='ocrx_word' id='word_1_531' title='bbox 2513 3202 2570 3257; x_wconf 89' lang='lat' dir='ltr'>in</span> <span class='ocrx_word' id='word_1_532' title='bbox 2603 3221 2818 3278; x_wconf 87' lang='lat' dir='ltr'>magna</span> <span class='ocrx_word' id='word_1_533' title='bbox 2849 3209 2991 3266; x_wconf 86' lang='lat' dir='ltr'>urbe</span> <span class='ocrx_word' id='word_1_534' title='bbox 3023 3211 3106 3266; x_wconf 86' lang='lat' dir='ltr'>vel</span> <span class='ocrx_word' id='word_1_535' title='bbox 3135 3213 3266 3270; x_wconf 87' lang='lat' dir='ltr'>aliis</span> <span class='ocrx_word' id='word_1_536' title='bbox 3287 3219 3460 3274; x_wconf 89' lang='lat' dir='ltr'>terris</span> <span class='ocrx_word' id='word_1_537' title='bbox 3488 3202 3770 3278; x_wconf 75' lang='lat' dir='ltr'>Romanis</span> 
     </span>
    </p>
   </div>
   <div class='ocr_carea' id='block_1_80' title="bbox 2121 3290 3769 3382">
    <p class='ocr_par' dir='ltr' id='par_1_80' title="bbox 2121 3290 3769 3382">
     <span class='ocr_line' id='line_1_80' title="bbox 2121 3290 3769 3382; baseline 0.016 -40"><span class='ocrx_word' id='word_1_538' title='bbox 2121 3290 2477 3382; x_wconf 78' lang='lat' dir='ltr'>vendantur.</span> <span class='ocrx_word' id='word_1_539' title='bbox 2526 3292 2888 3366; x_wconf 88' lang='lat' dir='ltr'>Quamquam</span> <span class='ocrx_word' id='word_1_540' title='bbox 2958 3301 3115 3357; x_wconf 90' lang='lat' dir='ltr'>enim</span> <span class='ocrx_word' id='word_1_541' title='bbox 3165 3307 3222 3359; x_wconf 88' lang='lat' dir='ltr'>et</span> <span class='ocrx_word' id='word_1_542' title='bbox 3289 3322 3354 3362; x_wconf 78' lang='lat' dir='ltr'>ex</span> <span class='ocrx_word' id='word_1_543' title='bbox 3415 3308 3769 3382; x_wconf 80' lang='lat' dir='ltr'>ehrysobulo</span> 
     </span>
    </p>
   </div>
   <div class='ocr_carea' id='block_1_81' title="bbox 2120 3376 3770 3470">
    <p class='ocr_par' dir='ltr' id='par_1_81' title="bbox 2120 3376 3770 3470">
     <span class='ocr_line' id='line_1_81' title="bbox 2120 3376 3770 3470; baseline 0.016 -39"><span class='ocrx_word' id='word_1_544' title='bbox 2120 3376 2266 3450; x_wconf 91' lang='lat' dir='ltr'>ipsis</span> <span class='ocrx_word' id='word_1_545' title='bbox 2299 3382 2450 3436; x_wconf 81' lang='lat' dir='ltr'>facto</span> <span class='ocrx_word' id='word_1_546' title='bbox 2499 3385 2698 3453; x_wconf 89' lang='lat' dir='ltr'>proavi</span> <span class='ocrx_word' id='word_1_547' title='bbox 2745 3385 2978 3458; x_wconf 90' lang='lat' dir='ltr'>imperii</span> <span class='ocrx_word' id='word_1_548' title='bbox 3032 3393 3241 3462; x_wconf 91' lang='lat' dir='ltr'>nostri,</span> <span class='ocrx_word' id='word_1_549' title='bbox 3290 3376 3770 3470; x_wconf 42' lang='lat' dir='ltr'>semper&#39;memo-</span> 
     </span>
    </p>
   </div>
   <div class='ocr_carea' id='block_1_82' title="bbox 2120 3467 3772 3555">
    <p class='ocr_par' dir='ltr' id='par_1_82' title="bbox 2120 3467 3772 3555">
     <span class='ocr_line' id='line_1_82' title="bbox 2120 3467 3772 3555; baseline 0.013 -33"><span class='ocrx_word' id='word_1_550' title='bbox 2120 3467 2290 3524; x_wconf 90' lang='lat' dir='ltr'>randi</span> <span class='ocrx_word' id='word_1_551' title='bbox 2319 3470 2689 3542; x_wconf 91' lang='lat' dir='ltr'>imperatoris</span> <span class='ocrx_word' id='word_1_552' title='bbox 2734 3476 2959 3534; x_wconf 87' lang='lat' dir='ltr'>domini</span> <span class='ocrx_word' id='word_1_553' title='bbox 3005 3479 3187 3537; x_wconf 83' lang='lat' dir='ltr'>Alexii</span> <span class='ocrx_word' id='word_1_554' title='bbox 3235 3467 3539 3555; x_wconf 80' lang='lat' dir='ltr'>Comnani,</span> <span class='ocrx_word' id='word_1_555' title='bbox 3588 3493 3652 3544; x_wconf 91' lang='lat' dir='ltr'>ut</span> <span class='ocrx_word' id='word_1_556' title='bbox 3681 3488 3772 3546; x_wconf 92' lang='lat' dir='ltr'>vel</span> 
     </span>
    </p>
   </div>
   <div class='ocr_carea' id='block_1_83' title="bbox 2122 3555 3772 3649">
    <p class='ocr_par' dir='ltr' id='par_1_83' title="bbox 2122 3555 3772 3649">
     <span class='ocr_line' id='line_1_83' title="bbox 2122 3555 3772 3649; baseline 0.015 -38"><span class='ocrx_word' id='word_1_557' title='bbox 2122 3561 2186 3612; x_wconf 86' lang='lat' dir='ltr'>ut</span> <span class='ocrx_word' id='word_1_558' title='bbox 2249 3559 2449 3615; x_wconf 81' lang='lat' dir='ltr'>Romei</span> <span class='ocrx_word' id='word_1_559' title='bbox 2517 3567 2862 3634; x_wconf 83' lang='lat' dir='ltr'>reputentur</span> <span class='ocrx_word' id='word_1_560' title='bbox 2935 3567 3048 3640; x_wconf 90' lang='lat' dir='ltr'>ipsi</span> <span class='ocrx_word' id='word_1_561' title='bbox 3131 3573 3190 3626; x_wconf 90' lang='lat' dir='ltr'>in</span> <span class='ocrx_word' id='word_1_562' title='bbox 3249 3555 3554 3632; x_wconf 45' lang='lat' dir='ltr'>&#39;mercibus</span> <span class='ocrx_word' id='word_1_563' title='bbox 3620 3595 3772 3649; x_wconf 88' lang='lat' dir='ltr'>quas</span> 
     </span>
    </p>
   </div>
   <div class='ocr_carea' id='block_1_84' title="bbox 2120 3647 3772 3733">
    <p class='ocr_par' dir='ltr' id='par_1_84' title="bbox 2120 3647 3772 3733">
     <span class='ocr_line' id='line_1_84' title="bbox 2120 3647 3772 3733; baseline 0.015 -32"><span class='ocrx_word' id='word_1_564' title='bbox 2120 3647 2192 3703; x_wconf 91' lang='lat' dir='ltr'>de</span> <span class='ocrx_word' id='word_1_565' title='bbox 2249 3650 2534 3706; x_wconf 85' lang='lat' dir='ltr'>Romania</span> <span class='ocrx_word' id='word_1_566' title='bbox 2590 3659 2816 3722; x_wconf 89' lang='lat' dir='ltr'>emunt,</span> <span class='ocrx_word' id='word_1_567' title='bbox 2873 3657 3335 3719; x_wconf 81' lang='lat' dir='ltr'>determinatam</span> <span class='ocrx_word' id='word_1_568' title='bbox 3409 3671 3521 3733; x_wconf 92' lang='lat' dir='ltr'>est,</span> <span class='ocrx_word' id='word_1_569' title='bbox 3583 3647 3772 3722; x_wconf 77' lang='lat' dir='ltr'>idem-</span> 
     </span>
    </p>
   </div>
   <div class='ocr_carea' id='block_1_85' title="bbox 2119 3741 3772 3826">
    <p class='ocr_par' dir='ltr' id='par_1_85' title="bbox 2119 3741 3772 3826">
     <span class='ocr_line' id='line_1_85' title="bbox 2119 3741 3772 3826; baseline 0.013 -35"><span class='ocrx_word' id='word_1_570' title='bbox 2119 3754 2231 3809; x_wconf 90' lang='lat' dir='ltr'>que</span> <span class='ocrx_word' id='word_1_571' title='bbox 2260 3741 2680 3798; x_wconf 87' lang='lat' dir='ltr'>commercium</span> <span class='ocrx_word' id='word_1_572' title='bbox 2714 3744 2853 3800; x_wconf 91' lang='lat' dir='ltr'>dent</span> <span class='ocrx_word' id='word_1_573' title='bbox 2882 3747 2952 3802; x_wconf 93' lang='lat' dir='ltr'>de</span> <span class='ocrx_word' id='word_1_574' title='bbox 2982 3748 3056 3804; x_wconf 94' lang='lat' dir='ltr'>iis</span> <span class='ocrx_word' id='word_1_575' title='bbox 3086 3754 3240 3822; x_wconf 92' lang='lat' dir='ltr'>quod</span> <span class='ocrx_word' id='word_1_576' title='bbox 3273 3757 3330 3809; x_wconf 89' lang='lat' dir='ltr'>et</span> <span class='ocrx_word' id='word_1_577' title='bbox 3359 3756 3560 3812; x_wconf 85' lang='lat' dir='ltr'>Romei</span> <span class='ocrx_word' id='word_1_578' title='bbox 3594 3758 3772 3826; x_wconf 89' lang='lat' dir='ltr'>dant;</span> 
     </span>
    </p>
   </div>
   <div class='ocr_carea' id='block_1_86' title="bbox 2118 3827 3772 3904">
    <p class='ocr_par' dir='ltr' id='par_1_86' title="bbox 2118 3827 3772 3904">
     <span class='ocr_line' id='line_1_86' title="bbox 2118 3827 3772 3904; baseline 0.015 -25"><span class='ocrx_word' id='word_1_579' title='bbox 2118 3827 2220 3881; x_wconf 90' lang='lat' dir='ltr'>sed</span> <span class='ocrx_word' id='word_1_580' title='bbox 2275 3832 2472 3885; x_wconf 90' lang='lat' dir='ltr'>tamen</span> <span class='ocrx_word' id='word_1_581' title='bbox 2529 3831 2844 3904; x_wconf 83' lang='lat' dir='ltr'>imperium</span> <span class='ocrx_word' id='word_1_582' title='bbox 2897 3844 3164 3896; x_wconf 89' lang='lat' dir='ltr'>nostrum</span> <span class='ocrx_word' id='word_1_583' title='bbox 3243 3845 3488 3900; x_wconf 88' lang='lat' dir='ltr'>multam</span> <span class='ocrx_word' id='word_1_584' title='bbox 3567 3862 3772 3902; x_wconf 89' lang='lat' dir='ltr'>eorum</span> 
     </span>
    </p>
   </div>
   <div class='ocr_carea' id='block_1_87' title="bbox 2118 3916 3772 3997">
    <p class='ocr_par' dir='ltr' id='par_1_87' title="bbox 2118 3916 3772 3997">
     <span class='ocr_line' id='line_1_87' title="bbox 2118 3916 3772 3997; baseline 0.013 -27"><span class='ocrx_word' id='word_1_585' title='bbox 2118 3916 2483 3974; x_wconf 84' lang='lat' dir='ltr'>devotionem</span> <span class='ocrx_word' id='word_1_586' title='bbox 2529 3925 2586 3975; x_wconf 92' lang='lat' dir='ltr'>et</span> <span class='ocrx_word' id='word_1_587' title='bbox 2634 3922 2809 3978; x_wconf 87' lang='lat' dir='ltr'>ﬁdem</span> <span class='ocrx_word' id='word_1_588' title='bbox 2868 3942 3278 3997; x_wconf 89' lang='lat' dir='ltr'>remunerans,</span> <span class='ocrx_word' id='word_1_589' title='bbox 3339 3932 3660 3991; x_wconf 87' lang='lat' dir='ltr'>liberaliter</span> <span class='ocrx_word' id='word_1_590' title='bbox 3714 3938 3772 3991; x_wconf 88' lang='lat' dir='ltr'>et</span> 
     </span>
    </p>
   </div>
   <div class='ocr_carea' id='block_1_88' title="bbox 2118 4007 3776 4092">
    <p class='ocr_par' dir='ltr' id='par_1_88' title="bbox 2118 4007 3776 4092">
     <span class='ocr_line' id='line_1_88' title="bbox 2118 4007 3776 4092; baseline 0.013 -32"><span class='ocrx_word' id='word_1_591' title='bbox 2118 4022 2296 4077; x_wconf 80' lang='lat' dir='ltr'>super</span> <span class='ocrx_word' id='word_1_592' title='bbox 2326 4007 2435 4063; x_wconf 83' lang='lat' dir='ltr'>hoc</span> <span class='ocrx_word' id='word_1_593' title='bbox 2484 4009 2809 4082; x_wconf 86' lang='lat' dir='ltr'>capitulum</span> <span class='ocrx_word' id='word_1_594' title='bbox 2860 4031 2996 4086; x_wconf 87' lang='lat' dir='ltr'>erga</span> <span class='ocrx_word' id='word_1_595' title='bbox 3042 4034 3140 4074; x_wconf 90' lang='lat' dir='ltr'>eos</span> <span class='ocrx_word' id='word_1_596' title='bbox 3195 4022 3339 4092; x_wconf 88' lang='lat' dir='ltr'>agit,</span> <span class='ocrx_word' id='word_1_597' title='bbox 3391 4027 3447 4077; x_wconf 90' lang='lat' dir='ltr'>et</span> <span class='ocrx_word' id='word_1_598' title='bbox 3476 4024 3508 4077; x_wconf 82' lang='grc'>4</span> <span class='ocrx_word' id='word_1_599' title='bbox 3541 4025 3611 4080; x_wconf 90' lang='lat' dir='ltr'>de</span> <span class='ocrx_word' id='word_1_600' title='bbox 3645 4042 3776 4081; x_wconf 89' lang='lat' dir='ltr'>cen-</span> 
     </span>
    </p>
   </div>
   <div class='ocr_carea' id='block_1_89' title="bbox 2118 4098 3773 4187">
    <p class='ocr_par' dir='ltr' id='par_1_89' title="bbox 2118 4098 3773 4187">
     <span class='ocr_line' id='line_1_89' title="bbox 2118 4098 3773 4187; baseline 0.013 -38"><span class='ocrx_word' id='word_1_601' title='bbox 2118 4098 2243 4150; x_wconf 90' lang='lat' dir='ltr'>tum</span> <span class='ocrx_word' id='word_1_602' title='bbox 2277 4101 2507 4153; x_wconf 90' lang='lat' dir='ltr'>tantum</span> <span class='ocrx_word' id='word_1_603' title='bbox 2541 4100 2679 4156; x_wconf 89' lang='lat' dir='ltr'>dare</span> <span class='ocrx_word' id='word_1_604' title='bbox 2726 4118 2824 4158; x_wconf 92' lang='lat' dir='ltr'>eos</span> <span class='ocrx_word' id='word_1_605' title='bbox 2867 4105 3040 4174; x_wconf 91' lang='lat' dir='ltr'>jubet</span> <span class='ocrx_word' id='word_1_606' title='bbox 3086 4111 3144 4162; x_wconf 89' lang='lat' dir='ltr'>et</span> <span class='ocrx_word' id='word_1_607' title='bbox 3191 4110 3248 4163; x_wconf 92' lang='lat' dir='ltr'>in</span> <span class='ocrx_word' id='word_1_608' title='bbox 3289 4112 3584 4169; x_wconf 86' lang='lat' dir='ltr'>mercibus</span> <span class='ocrx_word' id='word_1_609' title='bbox 3616 4114 3773 4187; x_wconf 90' lang='lat' dir='ltr'>ipso-</span> 
     </span>
    </p>
   </div>
   <div class='ocr_carea' id='block_1_90' title="bbox 2116 4188 3779 4265">
    <p class='ocr_par' dir='ltr' id='par_1_90' title="bbox 2116 4188 3779 4265">
     <span class='ocr_line' id='line_1_90' title="bbox 2116 4188 3779 4265; baseline 0.013 -27"><span class='ocrx_word' id='word_1_610' title='bbox 2116 4201 2249 4238; x_wconf 89' lang='lat' dir='ltr'>rum</span> <span class='ocrx_word' id='word_1_611' title='bbox 2283 4202 2432 4257; x_wconf 90' lang='lat' dir='ltr'>quas</span> <span class='ocrx_word' id='word_1_612' title='bbox 2462 4188 2534 4243; x_wconf 92' lang='lat' dir='ltr'>de</span> <span class='ocrx_word' id='word_1_613' title='bbox 2575 4191 2858 4247; x_wconf 84' lang='lat' dir='ltr'>Romania</span> <span class='ocrx_word' id='word_1_614' title='bbox 2888 4195 3161 4265; x_wconf 85' lang='lat' dir='ltr'>equidem</span> <span class='ocrx_word' id='word_1_615' title='bbox 3219 4204 3444 4256; x_wconf 90' lang='lat' dir='ltr'>emunt.</span> <span class='ocrx_word' id='word_1_616' title='bbox 3479 4207 3779 4260; x_wconf 86' lang='lat' dir='ltr'>Fruentur</span> 
     </span>
    </p>
   </div>
   <div class='ocr_carea' id='block_1_91' title="bbox 2114 4272 3774 4354">
    <p class='ocr_par' dir='ltr' id='par_1_91' title="bbox 2114 4272 3774 4354">
     <span class='ocr_line' id='line_1_91' title="bbox 2114 4272 3774 4354; baseline 0.014 -28"><span class='ocrx_word' id='word_1_617' title='bbox 2114 4272 2298 4345; x_wconf 87' lang='lat' dir='ltr'>igitur</span> <span class='ocrx_word' id='word_1_618' title='bbox 2331 4276 2521 4332; x_wconf 87' lang='lat' dir='ltr'>Pisani</span> <span class='ocrx_word' id='word_1_619' title='bbox 2554 4277 2824 4336; x_wconf 85' lang='lat' dir='ltr'>libertate</span> <span class='ocrx_word' id='word_1_620' title='bbox 2858 4283 3002 4354; x_wconf 88' lang='lat' dir='ltr'>ipsis</span> <span class='ocrx_word' id='word_1_621' title='bbox 3043 4285 3255 4343; x_wconf 89' lang='lat' dir='ltr'>collata</span> <span class='ocrx_word' id='word_1_622' title='bbox 3306 4305 3340 4343; x_wconf 90' lang='lat' dir='ltr'>a</span> <span class='ocrx_word' id='word_1_623' title='bbox 3372 4296 3571 4348; x_wconf 87' lang='lat' dir='ltr'>nostra</span> <span class='ocrx_word' id='word_1_624' title='bbox 3619 4310 3774 4351; x_wconf 90' lang='lat' dir='ltr'>sere-</span> 
     </span>
    </p>
   </div>
   <div class='ocr_carea' id='block_1_92' title="bbox 2114 4362 3778 4455">
    <p class='ocr_par' dir='ltr' id='par_1_92' title="bbox 2114 4362 3778 4455">
     <span class='ocr_line' id='line_1_92' title="bbox 2114 4362 3778 4455; baseline 0.014 -39"><span class='ocrx_word' id='word_1_625' title='bbox 2114 4362 2297 4419; x_wconf 90' lang='lat' dir='ltr'>nitate</span> <span class='ocrx_word' id='word_1_626' title='bbox 2327 4369 2384 4419; x_wconf 92' lang='lat' dir='ltr'>et</span> <span class='ocrx_word' id='word_1_627' title='bbox 2414 4368 2691 4424; x_wconf 90' lang='lat' dir='ltr'>omnibus</span> <span class='ocrx_word' id='word_1_628' title='bbox 2721 4369 2868 4442; x_wconf 85' lang='lat' dir='ltr'>ipsis</span> <span class='ocrx_word' id='word_1_629' title='bbox 2900 4373 3151 4446; x_wconf 89' lang='lat' dir='ltr'>donatis,</span> <span class='ocrx_word' id='word_1_630' title='bbox 3200 4393 3303 4433; x_wconf 91' lang='lat' dir='ltr'>ceu</span> <span class='ocrx_word' id='word_1_631' title='bbox 3350 4381 3626 4453; x_wconf 88' lang='lat' dir='ltr'>superius</span> <span class='ocrx_word' id='word_1_632' title='bbox 3675 4400 3778 4455; x_wconf 85' lang='lat' dir='ltr'>pa-</span> 
     </span>
    </p>
   </div>
   <div class='ocr_carea' id='block_1_93' title="bbox 2119 4452 3771 4544">
    <p class='ocr_par' dir='ltr' id='par_1_93' title="bbox 2119 4452 3771 4544">
     <span class='ocr_line' id='line_1_93' title="bbox 2119 4452 3771 4544; baseline 0.015 -39"><span class='ocrx_word' id='word_1_633' title='bbox 2119 4452 2402 4508; x_wconf 87' lang='lat' dir='ltr'>tefactum</span> <span class='ocrx_word' id='word_1_634' title='bbox 2450 4460 2559 4523; x_wconf 87' lang='lat' dir='ltr'>est,</span> <span class='ocrx_word' id='word_1_635' title='bbox 2607 4461 2662 4512; x_wconf 87' lang='lat' dir='ltr'>et</span> <span class='ocrx_word' id='word_1_636' title='bbox 2724 4463 3155 4520; x_wconf 86' lang='lat' dir='ltr'>amovebuntur</span> <span class='ocrx_word' id='word_1_637' title='bbox 3199 4467 3271 4522; x_wconf 88' lang='lat' dir='ltr'>ab</span> <span class='ocrx_word' id='word_1_638' title='bbox 3315 4469 3405 4525; x_wconf 91' lang='lat' dir='ltr'>his</span> <span class='ocrx_word' id='word_1_639' title='bbox 3439 4452 3771 4544; x_wconf 78' lang='lat' dir='ltr'>nunquam.</span> 
     </span>
    </p>
   </div>
   <div class='ocr_carea' id='block_1_94' title="bbox 2112 4552 3770 4636">
    <p class='ocr_par' dir='ltr' id='par_1_94' title="bbox 2112 4552 3770 4636">
     <span class='ocr_line' id='line_1_94' title="bbox 2112 4552 3770 4636; baseline 0.014 -32"><span class='ocrx_word' id='word_1_640' title='bbox 2112 4552 2392 4616; x_wconf 88' lang='lat' dir='ltr'>Quamvis</span> <span class='ocrx_word' id='word_1_641' title='bbox 2420 4555 2575 4609; x_wconf 92' lang='lat' dir='ltr'>enim</span> <span class='ocrx_word' id='word_1_642' title='bbox 2610 4556 2951 4628; x_wconf 85' lang='lat' dir='ltr'>bujusmodi</span> <span class='ocrx_word' id='word_1_643' title='bbox 2985 4564 3184 4620; x_wconf 87' lang='lat' dir='ltr'>omnia</span> <span class='ocrx_word' id='word_1_644' title='bbox 3206 4566 3335 4636; x_wconf 86' lang='lat' dir='ltr'>jam</span> <span class='ocrx_word' id='word_1_645' title='bbox 3383 4569 3601 4626; x_wconf 89' lang='lat' dir='ltr'>tradita</span> <span class='ocrx_word' id='word_1_646' title='bbox 3649 4571 3770 4627; x_wconf 89' lang='lat' dir='ltr'>fue-</span> 
     </span>
    </p>
   </div>
   <div class='ocr_carea' id='block_1_95' title="bbox 347 4634 3776 4726">
    <p class='ocr_par' dir='ltr' id='par_1_95' title="bbox 347 4634 3776 4726">
     <span class='ocr_line' id='line_1_95' title="bbox 347 4634 3776 4726; baseline 0.008 -34"><span class='ocrx_word' id='word_1_647' title='bbox 347 4641 407 4692; x_wconf 90' lang='lat' dir='ltr'>et</span> <span class='ocrx_word' id='word_1_648' title='bbox 455 4653 692 4692; x_wconf 90' lang='lat' dir='ltr'>rursum</span> <span class='ocrx_word' id='word_1_649' title='bbox 745 4637 951 4693; x_wconf 88' lang='lat' dir='ltr'>Pisans</span> <span class='ocrx_word' id='word_1_650' title='bbox 999 4637 1242 4694; x_wconf 89' lang='lat' dir='ltr'>ecclesie</span> <span class='ocrx_word' id='word_1_651' title='bbox 1311 4638 1630 4696; x_wconf 90' lang='lat' dir='ltr'>constituta</span> <span class='ocrx_word' id='word_1_652' title='bbox 1686 4640 1738 4696; x_wconf 90' lang='lat' dir='ltr'>ei</span> <span class='ocrx_word' id='word_1_653' title='bbox 1811 4634 2084 4698; x_wconf 88' lang='lat' dir='ltr'>annuaD</span> <span class='ocrx_word' id='word_1_654' title='bbox 2119 4640 2234 4696; x_wconf 86' lang='lat' dir='ltr'>rint</span> <span class='ocrx_word' id='word_1_655' title='bbox 2291 4645 2667 4702; x_wconf 87' lang='lat' dir='ltr'>monasteriis</span> <span class='ocrx_word' id='word_1_656' title='bbox 2726 4652 2782 4703; x_wconf 89' lang='lat' dir='ltr'>et</span> <span class='ocrx_word' id='word_1_657' title='bbox 2831 4653 3096 4722; x_wconf 90' lang='lat' dir='ltr'>personis</span> <span class='ocrx_word' id='word_1_658' title='bbox 3147 4634 3364 4726; x_wconf 80' lang='lat' dir='ltr'>quibus</span> <span class='ocrx_word' id='word_1_659' title='bbox 3411 4659 3518 4715; x_wconf 89' lang='lat' dir='ltr'>hec</span> <span class='ocrx_word' id='word_1_660' title='bbox 3578 4659 3776 4718; x_wconf 88' lang='lat' dir='ltr'>ablata</span> 
     </span>
    </p>
   </div>
   <div class='ocr_carea' id='block_1_96' title="bbox 348 4723 2014 4802">
    <p class='ocr_par' dir='ltr' id='par_1_96' title="bbox 348 4723 2014 4802">
     <span class='ocr_line' id='line_1_96' title="bbox 348 4723 2014 4802; baseline 0.002 -20"><span class='ocrx_word' id='word_1_661' title='bbox 348 4723 658 4792; x_wconf 89' lang='lat' dir='ltr'>solemnia,</span> <span class='ocrx_word' id='word_1_662' title='bbox 697 4726 802 4780; x_wconf 87' lang='lat'>500</span> <span class='ocrx_word' id='word_1_663' title='bbox 851 4726 1075 4783; x_wconf 89' lang='lat' dir='ltr'>scilicet</span> <span class='ocrx_word' id='word_1_664' title='bbox 1133 4743 1414 4800; x_wconf 84' lang='lat' dir='ltr'>yperpera</span> <span class='ocrx_word' id='word_1_665' title='bbox 1461 4732 1518 4785; x_wconf 89' lang='lat' dir='ltr'>et</span> <span class='ocrx_word' id='word_1_666' title='bbox 1563 4729 1598 4782; x_wconf 83' lang='grc'>2</span> <span class='ocrx_word' id='word_1_667' title='bbox 1648 4729 1829 4802; x_wconf 89' lang='lat' dir='ltr'>pallia</span> <span class='ocrx_word' id='word_1_668' title='bbox 1861 4734 1926 4786; x_wconf 90' lang='lat' dir='ltr'>ut</span> <span class='ocrx_word' id='word_1_669' title='bbox 1957 4734 2014 4787; x_wconf 93' lang='lat' dir='ltr'>et</span> 
     </span>
    </p>
   </div>
   <div class='ocr_carea' id='block_1_97' title="bbox 353 4813 2010 4890">
    <p class='ocr_par' dir='ltr' id='par_1_97' title="bbox 353 4813 2010 4890">
     <span class='ocr_line' id='line_1_97' title="bbox 353 4813 2010 4890; baseline 0.004 -20"><span class='ocrx_word' id='word_1_670' title='bbox 353 4814 429 4870; x_wconf 90' lang='lat' dir='ltr'>ab</span> <span class='ocrx_word' id='word_1_671' title='bbox 461 4813 708 4886; x_wconf 90' lang='lat' dir='ltr'>imperio</span> <span class='ocrx_word' id='word_1_672' title='bbox 750 4820 950 4871; x_wconf 92' lang='lat' dir='ltr'>nostro</span> <span class='ocrx_word' id='word_1_673' title='bbox 999 4815 1051 4871; x_wconf 92' lang='lat' dir='ltr'>ei</span> <span class='ocrx_word' id='word_1_674' title='bbox 1105 4833 1262 4872; x_wconf 90' lang='lat' dir='ltr'>nunc</span> <span class='ocrx_word' id='word_1_675' title='bbox 1311 4817 1656 4890; x_wconf 90' lang='lat' dir='ltr'>constituta,</span> <span class='ocrx_word' id='word_1_676' title='bbox 1710 4819 1783 4875; x_wconf 92' lang='lat' dir='ltr'>ob</span> <span class='ocrx_word' id='word_1_677' title='bbox 1836 4820 2010 4876; x_wconf 81' lang='lat' dir='ltr'>ﬁdem</span> 
     </span>
    </p>
   </div>
   <div class='ocr_carea' id='block_1_98' title="bbox 354 4903 2010 4979">
    <p class='ocr_par' dir='ltr' id='par_1_98' title="bbox 354 4903 2010 4979">
     <span class='ocr_line' id='line_1_98' title="bbox 354 4903 2010 4979; baseline 0.004 -21"><span class='ocrx_word' id='word_1_678' title='bbox 354 4919 532 4976; x_wconf 88' lang='lat' dir='ltr'>quam</span> <span class='ocrx_word' id='word_1_679' title='bbox 559 4903 762 4960; x_wconf 88' lang='lat' dir='ltr'>civitas</span> <span class='ocrx_word' id='word_1_680' title='bbox 793 4905 965 4960; x_wconf 88' lang='lat' dir='ltr'>debet</span> <span class='ocrx_word' id='word_1_681' title='bbox 994 4909 1050 4960; x_wconf 90' lang='lat' dir='ltr'>et</span> <span class='ocrx_word' id='word_1_682' title='bbox 1081 4909 1234 4961; x_wconf 86' lang='lat' dir='ltr'>terra</span> <span class='ocrx_word' id='word_1_683' title='bbox 1265 4905 1480 4962; x_wconf 88' lang='lat' dir='ltr'>Pisana</span> <span class='ocrx_word' id='word_1_684' title='bbox 1510 4907 1756 4979; x_wconf 90' lang='lat' dir='ltr'>imperio</span> <span class='ocrx_word' id='word_1_685' title='bbox 1809 4915 2010 4966; x_wconf 88' lang='lat' dir='ltr'>nostro</span> 
     </span>
    </p>
   </div>
   <div class='ocr_carea' id='block_1_99' title="bbox 357 4993 2010 5070">
    <p class='ocr_par' dir='ltr' id='par_1_99' title="bbox 357 4993 2010 5070">
     <span class='ocr_line' id='line_1_99' title="bbox 357 4993 2010 5070; baseline 0.003 -21"><span class='ocrx_word' id='word_1_686' title='bbox 357 4998 417 5049; x_wconf 90' lang='lat' dir='ltr'>et</span> <span class='ocrx_word' id='word_1_687' title='bbox 449 4993 748 5049; x_wconf 89' lang='lat' dir='ltr'>servitium</span> <span class='ocrx_word' id='word_1_688' title='bbox 781 4995 930 5064; x_wconf 90' lang='lat' dir='ltr'>ejus.</span> <span class='ocrx_word' id='word_1_689' title='bbox 962 4994 1137 5049; x_wconf 86' lang='lat' dir='ltr'>Addit</span> <span class='ocrx_word' id='word_1_690' title='bbox 1167 5011 1402 5066; x_wconf 88' lang='lat' dir='ltr'>quoque</span> <span class='ocrx_word' id='word_1_691' title='bbox 1432 4996 1518 5052; x_wconf 90' lang='lat' dir='ltr'>eis</span> <span class='ocrx_word' id='word_1_692' title='bbox 1549 5001 1605 5051; x_wconf 88' lang='lat' dir='ltr'>et</span> <span class='ocrx_word' id='word_1_693' title='bbox 1633 4997 1747 5052; x_wconf 90' lang='lat' dir='ltr'>alia</span> <span class='ocrx_word' id='word_1_694' title='bbox 1768 5014 2010 5070; x_wconf 84' lang='lat' dir='ltr'>yperpe-</span> 
     </span>
    </p>
   </div>
   <div class='ocr_carea' id='block_1_100' title="bbox 360 5081 2010 5160">
    <p class='ocr_par' dir='ltr' id='par_1_100' title="bbox 360 5081 2010 5160">
     <span class='ocr_line' id='line_1_100' title="bbox 360 5081 2010 5160; baseline 0.004 -23"><span class='ocrx_word' id='word_1_695' title='bbox 360 5099 425 5138; x_wconf 91' lang='lat' dir='ltr'>ra</span> <span class='ocrx_word' id='word_1_696' title='bbox 455 5081 559 5138; x_wconf 47' lang='grc'>’100</span> <span class='ocrx_word' id='word_1_697' title='bbox 607 5081 902 5152; x_wconf 84' lang='lat' dir='ltr'>similiter,</span> <span class='ocrx_word' id='word_1_698' title='bbox 953 5087 1011 5138; x_wconf 90' lang='lat' dir='ltr'>et</span> <span class='ocrx_word' id='word_1_699' title='bbox 1059 5082 1518 5142; x_wconf 89' lang='lat' dir='ltr'>honoratissimo</span> <span class='ocrx_word' id='word_1_700' title='bbox 1569 5087 2010 5160; x_wconf 87' lang='lat' dir='ltr'>archiepiscopo</span> 
     </span>
    </p>
   </div>
   <div class='ocr_carea' id='block_1_101' title="bbox 357 5172 2012 5244">
    <p class='ocr_par' dir='ltr' id='par_1_101' title="bbox 357 5172 2012 5244">
     <span class='ocr_line' id='line_1_101' title="bbox 357 5172 2012 5244; baseline 0.004 -18"><span class='ocrx_word' id='word_1_701' title='bbox 357 5172 630 5226; x_wconf 77' lang='lat' dir='ltr'>Pisarum</span> <span class='ocrx_word' id='word_1_702' title='bbox 664 5173 1155 5242; x_wconf 89' lang='lat' dir='ltr'>preconslitutum</span> <span class='ocrx_word' id='word_1_703' title='bbox 1186 5173 1238 5228; x_wconf 94' lang='lat' dir='ltr'>ei</span> <span class='ocrx_word' id='word_1_704' title='bbox 1270 5191 1536 5230; x_wconf 89' lang='lat' dir='ltr'>annuum</span> <span class='ocrx_word' id='word_1_705' title='bbox 1585 5177 1891 5244; x_wconf 86' lang='lat' dir='ltr'>salarium,</span> <span class='ocrx_word' id='word_1_706' title='bbox 1941 5177 2012 5232; x_wconf 84' lang='lat'>60</span> 
     </span>
    </p>
   </div>
   <div class='ocr_carea' id='block_1_102' title="bbox 359 5259 2013 5335">
    <p class='ocr_par' dir='ltr' id='par_1_102' title="bbox 359 5259 2013 5335">
     <span class='ocr_line' id='line_1_102' title="bbox 359 5259 2013 5335; baseline 0.004 -18"><span class='ocrx_word' id='word_1_707' title='bbox 359 5259 629 5317; x_wconf 88' lang='lat' dir='ltr'>videlicet</span> <span class='ocrx_word' id='word_1_708' title='bbox 658 5277 939 5333; x_wconf 83' lang='lat' dir='ltr'>yperpera</span> <span class='ocrx_word' id='word_1_709' title='bbox 967 5265 1023 5317; x_wconf 90' lang='lat' dir='ltr'>et</span> <span class='ocrx_word' id='word_1_710' title='bbox 1058 5279 1242 5317; x_wconf 90' lang='lat' dir='ltr'>unum</span> <span class='ocrx_word' id='word_1_711' title='bbox 1275 5263 1541 5335; x_wconf 91' lang='lat' dir='ltr'>pallium,</span> <span class='ocrx_word' id='word_1_712' title='bbox 1577 5269 1642 5320; x_wconf 90' lang='lat' dir='ltr'>ut</span> <span class='ocrx_word' id='word_1_713' title='bbox 1685 5271 1744 5322; x_wconf 91' lang='lat' dir='ltr'>et</span> <span class='ocrx_word' id='word_1_714' title='bbox 1773 5265 1824 5322; x_wconf 89' lang='lat' dir='ltr'>ei</span> <span class='ocrx_word' id='word_1_715' title='bbox 1857 5283 2013 5323; x_wconf 91' lang='lat' dir='ltr'>nunc</span> 
     </span>
    </p>
   </div>
   <div class='ocr_carea' id='block_1_103' title="bbox 360 5349 2013 5428">
    <p class='ocr_par' dir='ltr' id='par_1_103' title="bbox 360 5349 2013 5428">
     <span class='ocr_line' id='line_1_103' title="bbox 360 5349 2013 5428; baseline 0.002 -20"><span class='ocrx_word' id='word_1_716' title='bbox 360 5349 752 5408; x_wconf 87' lang='lat' dir='ltr'>constitutum</span> <span class='ocrx_word' id='word_1_717' title='bbox 784 5351 857 5406; x_wconf 88' lang='lat' dir='ltr'>ab</span> <span class='ocrx_word' id='word_1_718' title='bbox 889 5350 1135 5423; x_wconf 90' lang='lat' dir='ltr'>imperio</span> <span class='ocrx_word' id='word_1_719' title='bbox 1167 5355 1572 5410; x_wconf 86' lang='lat' dir='ltr'>nostro.Addit</span> <span class='ocrx_word' id='word_1_720' title='bbox 1601 5372 1732 5412; x_wconf 86' lang='lat' dir='ltr'>vero</span> <span class='ocrx_word' id='word_1_721' title='bbox 1766 5373 2013 5428; x_wconf 85' lang='lat' dir='ltr'>persons</span> 
     </span>
    </p>
   </div>
   <div class='ocr_carea' id='block_1_104' title="bbox 361 5439 2014 5517">
    <p class='ocr_par' dir='ltr' id='par_1_104' title="bbox 361 5439 2014 5517">
     <span class='ocr_line' id='line_1_104' title="bbox 361 5439 2014 5517; baseline 0.004 -21"><span class='ocrx_word' id='word_1_722' title='bbox 361 5439 790 5512; x_wconf 88' lang='lat' dir='ltr'>archiepiscopi</span> <span class='ocrx_word' id='word_1_723' title='bbox 830 5439 930 5512; x_wconf 91' lang='lat' dir='ltr'>qui</span> <span class='ocrx_word' id='word_1_724' title='bbox 975 5457 1132 5496; x_wconf 90' lang='lat' dir='ltr'>nunc</span> <span class='ocrx_word' id='word_1_725' title='bbox 1180 5446 1271 5497; x_wconf 91' lang='lat' dir='ltr'>est</span> <span class='ocrx_word' id='word_1_726' title='bbox 1319 5446 1376 5498; x_wconf 91' lang='lat' dir='ltr'>et</span> <span class='ocrx_word' id='word_1_727' title='bbox 1424 5442 1538 5499; x_wconf 87' lang='lat' dir='ltr'>alia</span> <span class='ocrx_word' id='word_1_728' title='bbox 1580 5461 1862 5516; x_wconf 83' lang='lat' dir='ltr'>yperpera</span> <span class='ocrx_word' id='word_1_729' title='bbox 1911 5462 2014 5517; x_wconf 94' lang='lat' dir='ltr'>psr</span> 
     </span>
    </p>
   </div>
   <div class='ocr_carea' id='block_1_105' title="bbox 362 5529 2015 5603">
    <p class='ocr_par' dir='ltr' id='par_1_105' title="bbox 362 5529 2015 5603">
     <span class='ocr_line' id='line_1_105' title="bbox 362 5529 2015 5603; baseline 0.003 -15"><span class='ocrx_word' id='word_1_730' title='bbox 362 5529 632 5602; x_wconf 86' lang='lat' dir='ltr'>singulas</span> <span class='ocrx_word' id='word_1_731' title='bbox 677 5547 864 5586; x_wconf 90' lang='lat' dir='ltr'>annos</span> <span class='ocrx_word' id='word_1_732' title='bbox 896 5531 984 5587; x_wconf 83' lang='grc'>40.</span> <span class='ocrx_word' id='word_1_733' title='bbox 1036 5531 1108 5586; x_wconf 89' lang='lat' dir='ltr'>Et</span> <span class='ocrx_word' id='word_1_734' title='bbox 1136 5531 1310 5602; x_wconf 88' lang='lat' dir='ltr'>jubet</span> <span class='ocrx_word' id='word_1_735' title='bbox 1368 5533 1708 5603; x_wconf 85' lang='lat' dir='ltr'>bujusmodi</span> <span class='ocrx_word' id='word_1_736' title='bbox 1753 5536 1952 5592; x_wconf 90' lang='lat' dir='ltr'>omnia</span> <span class='ocrx_word' id='word_1_737' title='bbox 1981 5555 2015 5593; x_wconf 89' lang='lat' dir='ltr'>a</span> 
     </span>
    </p>
   </div>
   <div class='ocr_carea' id='block_1_106' title="bbox 365 5617 2013 5695">
    <p class='ocr_par' dir='ltr' id='par_1_106' title="bbox 365 5617 2013 5695">
     <span class='ocr_line' id='line_1_106' title="bbox 365 5617 2013 5695; baseline 0.005 -20"><span class='ocrx_word' id='word_1_738' title='bbox 365 5624 531 5693; x_wconf 90' lang='lat' dir='ltr'>parte</span> <span class='ocrx_word' id='word_1_739' title='bbox 559 5617 812 5676; x_wconf 88' lang='lat' dir='ltr'>civitatis</span> <span class='ocrx_word' id='word_1_740' title='bbox 841 5623 899 5676; x_wconf 91' lang='lat' dir='ltr'>et</span> <span class='ocrx_word' id='word_1_741' title='bbox 929 5625 1080 5676; x_wconf 86' lang='lat' dir='ltr'>terre</span> <span class='ocrx_word' id='word_1_742' title='bbox 1123 5620 1332 5678; x_wconf 78' lang='lat' dir='ltr'>Pisans</span> <span class='ocrx_word' id='word_1_743' title='bbox 1380 5622 1670 5695; x_wconf 89' lang='lat' dir='ltr'>possideri</span> <span class='ocrx_word' id='word_1_744' title='bbox 1701 5623 1810 5680; x_wconf 91' lang='lat' dir='ltr'>hoc</span> <span class='ocrx_word' id='word_1_745' title='bbox 1841 5627 2013 5683; x_wconf 87' lang='lat' dir='ltr'>modo</span> 
     </span>
    </p>
   </div>
   <div class='ocr_carea' id='block_1_107' title="bbox 368 5709 2014 5786">
    <p class='ocr_par' dir='ltr' id='par_1_107' title="bbox 368 5709 2014 5786">
     <span class='ocr_line' id='line_1_107' title="bbox 368 5709 2014 5786; baseline 0.005 -19"><span class='ocrx_word' id='word_1_746' title='bbox 368 5727 470 5786; x_wconf 91' lang='lat' dir='ltr'>per</span> <span class='ocrx_word' id='word_1_747' title='bbox 500 5725 706 5766; x_wconf 90' lang='lat' dir='ltr'>omnes</span> <span class='ocrx_word' id='word_1_748' title='bbox 727 5712 786 5766; x_wconf 86' lang='lat' dir='ltr'>et</span> <span class='ocrx_word' id='word_1_749' title='bbox 805 5709 1077 5769; x_wconf 87' lang='lat' dir='ltr'>assiduos</span> <span class='ocrx_word' id='word_1_750' title='bbox 1098 5727 1307 5784; x_wconf 86' lang='lat' dir='ltr'>annos,</span> <span class='ocrx_word' id='word_1_751' title='bbox 1323 5713 1648 5772; x_wconf 88' lang='lat' dir='ltr'>secundum</span> <span class='ocrx_word' id='word_1_752' title='bbox 1680 5713 2014 5776; x_wconf 85' lang='lat' dir='ltr'>faciendum</span> 
     </span>
    </p>
   </div>
   <div class='ocr_carea' id='block_1_108' title="bbox 2121 4734 3773 4816">
    <p class='ocr_par' dir='ltr' id='par_1_108' title="bbox 2121 4734 3773 4816">
     <span class='ocr_line' id='line_1_108' title="bbox 2121 4734 3773 4816; baseline 0.014 -32"><span class='ocrx_word' id='word_1_753' title='bbox 2121 4735 2278 4800; x_wconf 82' lang='lat' dir='ltr'>sunt,</span> <span class='ocrx_word' id='word_1_754' title='bbox 2313 4736 2370 4786; x_wconf 85' lang='lat' dir='ltr'>et</span> <span class='ocrx_word' id='word_1_755' title='bbox 2399 4734 2629 4791; x_wconf 87' lang='lat' dir='ltr'>Pisanis</span> <span class='ocrx_word' id='word_1_756' title='bbox 2661 4738 2893 4808; x_wconf 87' lang='lat' dir='ltr'>tradita,</span> <span class='ocrx_word' id='word_1_757' title='bbox 2926 4747 3186 4798; x_wconf 88' lang='lat' dir='ltr'>attamen</span> <span class='ocrx_word' id='word_1_758' title='bbox 3219 4747 3499 4816; x_wconf 88' lang='lat' dir='ltr'>quoniam</span> <span class='ocrx_word' id='word_1_759' title='bbox 3551 4753 3773 4806; x_wconf 81' lang='lat' dir='ltr'>iterum</span> 
     </span>
    </p>
   </div>
   <div class='ocr_carea' id='block_1_109' title="bbox 2123 4819 3776 4896">
    <p class='ocr_par' dir='ltr' id='par_1_109' title="bbox 2123 4819 3776 4896">
     <span class='ocr_line' id='line_1_109' title="bbox 2123 4819 3776 4896; baseline 0.013 -22"><span class='ocrx_word' id='word_1_760' title='bbox 2123 4819 2462 4890; x_wconf 88' lang='lat' dir='ltr'>bujusmodi</span> <span class='ocrx_word' id='word_1_761' title='bbox 2506 4826 2701 4882; x_wconf 84' lang='lat' dir='ltr'>Pisani</span> <span class='ocrx_word' id='word_1_762' title='bbox 2750 4829 2860 4884; x_wconf 89' lang='lat' dir='ltr'>sub</span> <span class='ocrx_word' id='word_1_763' title='bbox 2907 4832 3139 4888; x_wconf 90' lang='lat' dir='ltr'>servitio</span> <span class='ocrx_word' id='word_1_764' title='bbox 3191 4834 3472 4893; x_wconf 87' lang='lat' dir='ltr'>Romanis</span> <span class='ocrx_word' id='word_1_765' title='bbox 3521 4839 3776 4896; x_wconf 85' lang='lat' dir='ltr'>ordinati</span> 
     </span>
    </p>
   </div>
   <div class='ocr_carea' id='block_1_110' title="bbox 2122 4913 3772 4996">
    <p class='ocr_par' dir='ltr' id='par_1_110' title="bbox 2122 4913 3772 4996">
     <span class='ocr_line' id='line_1_110' title="bbox 2122 4913 3772 4996; baseline 0.013 -32"><span class='ocrx_word' id='word_1_766' title='bbox 2122 4916 2262 4966; x_wconf 90' lang='lat' dir='ltr'>sunt</span> <span class='ocrx_word' id='word_1_767' title='bbox 2309 4917 2366 4968; x_wconf 90' lang='lat' dir='ltr'>et</span> <span class='ocrx_word' id='word_1_768' title='bbox 2416 4913 2728 4984; x_wconf 90' lang='lat' dir='ltr'>pristinam</span> <span class='ocrx_word' id='word_1_769' title='bbox 2777 4936 2947 4974; x_wconf 90' lang='lat' dir='ltr'>suam</span> <span class='ocrx_word' id='word_1_770' title='bbox 2993 4921 3170 4977; x_wconf 89' lang='lat' dir='ltr'>ﬁdem</span> <span class='ocrx_word' id='word_1_771' title='bbox 3231 4930 3409 4996; x_wconf 86' lang='lat' dir='ltr'>atque</span> <span class='ocrx_word' id='word_1_772' title='bbox 3465 4928 3772 4985; x_wconf 87' lang='lat' dir='ltr'>servitium</span> 
     </span>
    </p>
   </div>
   <div class='ocr_carea' id='block_1_111' title="bbox 2123 4998 3774 5088">
    <p class='ocr_par' dir='ltr' id='par_1_111' title="bbox 2123 4998 3774 5088">
     <span class='ocr_line' id='line_1_111' title="bbox 2123 4998 3774 5088; baseline 0.013 -35"><span class='ocrx_word' id='word_1_773' title='bbox 2123 4998 2369 5071; x_wconf 91' lang='lat' dir='ltr'>imperio</span> <span class='ocrx_word' id='word_1_774' title='bbox 2419 5009 2642 5072; x_wconf 87' lang='lat' dir='ltr'>nostro,</span> <span class='ocrx_word' id='word_1_775' title='bbox 2689 5006 3009 5066; x_wconf 88' lang='lat' dir='ltr'>heredibus</span> <span class='ocrx_word' id='word_1_776' title='bbox 3049 5015 3105 5066; x_wconf 90' lang='lat' dir='ltr'>et</span> <span class='ocrx_word' id='word_1_777' title='bbox 3157 5017 3600 5073; x_wconf 76' lang='lat' dir='ltr'>successoribus</span> <span class='ocrx_word' id='word_1_778' title='bbox 3644 5019 3774 5088; x_wconf 91' lang='lat' dir='ltr'>ejus</span> 
     </span>
    </p>
   </div>
   <div class='ocr_carea' id='block_1_112' title="bbox 2121 5091 3772 5171">
    <p class='ocr_par' dir='ltr' id='par_1_112' title="bbox 2121 5091 3772 5171">
     <span class='ocr_line' id='line_1_112' title="bbox 2121 5091 3772 5171; baseline 0.013 -28"><span class='ocrx_word' id='word_1_779' title='bbox 2121 5094 2179 5144; x_wconf 88' lang='lat' dir='ltr'>et</span> <span class='ocrx_word' id='word_1_780' title='bbox 2234 5091 2530 5161; x_wconf 90' lang='lat' dir='ltr'>Comanie,</span> <span class='ocrx_word' id='word_1_781' title='bbox 2585 5096 2893 5154; x_wconf 83' lang='lat' dir='ltr'>observare</span> <span class='ocrx_word' id='word_1_782' title='bbox 2947 5103 3318 5171; x_wconf 86' lang='lat' dir='ltr'>juraverunt,</span> <span class='ocrx_word' id='word_1_783' title='bbox 3392 5123 3630 5162; x_wconf 91' lang='lat' dir='ltr'>rursum</span> <span class='ocrx_word' id='word_1_784' title='bbox 3687 5106 3772 5164; x_wconf 88' lang='lat' dir='ltr'>eis</span> 
     </span>
    </p>
   </div>
   <div class='ocr_carea' id='block_1_113' title="bbox 2123 5179 3770 5267">
    <p class='ocr_par' dir='ltr' id='par_1_113' title="bbox 2123 5179 3770 5267">
     <span class='ocr_line' id='line_1_113' title="bbox 2123 5179 3770 5267; baseline 0.012 -34"><span class='ocrx_word' id='word_1_785' title='bbox 2123 5179 2316 5235; x_wconf 86' lang='lat' dir='ltr'>ablata</span> <span class='ocrx_word' id='word_1_786' title='bbox 2346 5189 2484 5238; x_wconf 90' lang='lat' dir='ltr'>sunt</span> <span class='ocrx_word' id='word_1_787' title='bbox 2509 5189 2567 5239; x_wconf 91' lang='lat' dir='ltr'>et</span> <span class='ocrx_word' id='word_1_788' title='bbox 2599 5188 2870 5242; x_wconf 90' lang='lat' dir='ltr'>restituta</span> <span class='ocrx_word' id='word_1_789' title='bbox 2903 5189 3440 5264; x_wconf 78' lang='lat' dir='ltr'>Pisanis,queniam</span> <span class='ocrx_word' id='word_1_790' title='bbox 3464 5195 3573 5267; x_wconf 91' lang='lat' dir='ltr'>ipsi</span> <span class='ocrx_word' id='word_1_791' title='bbox 3597 5196 3770 5253; x_wconf 88' lang='lat' dir='ltr'>satis-</span> 
     </span>
    </p>
   </div>
   <div class='ocr_carea' id='block_1_114' title="bbox 2122 5268 3772 5350">
    <p class='ocr_par' dir='ltr' id='par_1_114' title="bbox 2122 5268 3772 5350">
     <span class='ocr_line' id='line_1_114' title="bbox 2122 5268 3772 5350; baseline 0.012 -27"><span class='ocrx_word' id='word_1_792' title='bbox 2122 5268 2436 5326; x_wconf 83' lang='lat' dir='ltr'>factionem</span> <span class='ocrx_word' id='word_1_793' title='bbox 2487 5289 2520 5327; x_wconf 91' lang='lat' dir='ltr'>a</span> <span class='ocrx_word' id='word_1_794' title='bbox 2565 5274 2704 5332; x_wconf 88' lang='lat' dir='ltr'>ﬁsco</span> <span class='ocrx_word' id='word_1_795' title='bbox 2771 5277 2984 5334; x_wconf 87' lang='lat' dir='ltr'>habere</span> <span class='ocrx_word' id='word_1_796' title='bbox 3045 5281 3296 5350; x_wconf 86' lang='lat' dir='ltr'>debent;</span> <span class='ocrx_word' id='word_1_797' title='bbox 3346 5283 3396 5339; x_wconf 90' lang='lat' dir='ltr'>si</span> <span class='ocrx_word' id='word_1_798' title='bbox 3445 5301 3576 5342; x_wconf 92' lang='lat' dir='ltr'>vero</span> <span class='ocrx_word' id='word_1_799' title='bbox 3655 5303 3772 5342; x_wconf 91' lang='lat' dir='ltr'>non</span> 
     </span>
    </p>
   </div>
   <div class='ocr_carea' id='block_1_115' title="bbox 2124 5358 3772 5444">
    <p class='ocr_par' dir='ltr' id='par_1_115' title="bbox 2124 5358 3772 5444">
     <span class='ocr_line' id='line_1_115' title="bbox 2124 5358 3772 5444; baseline 0.012 -31"><span class='ocrx_word' id='word_1_800' title='bbox 2124 5358 2456 5430; x_wconf 87' lang='lat' dir='ltr'>habuerint,</span> <span class='ocrx_word' id='word_1_801' title='bbox 2491 5380 2605 5418; x_wconf 92' lang='lat' dir='ltr'>non</span> <span class='ocrx_word' id='word_1_802' title='bbox 2647 5365 2862 5422; x_wconf 90' lang='lat' dir='ltr'>debent</span> <span class='ocrx_word' id='word_1_803' title='bbox 2913 5369 2971 5423; x_wconf 90' lang='lat' dir='ltr'>in</span> <span class='ocrx_word' id='word_1_804' title='bbox 3021 5370 3266 5427; x_wconf 88' lang='lat' dir='ltr'>Pisanos</span> <span class='ocrx_word' id='word_1_805' title='bbox 3315 5389 3506 5444; x_wconf 88' lang='lat' dir='ltr'>agere,</span> <span class='ocrx_word' id='word_1_806' title='bbox 3556 5376 3662 5431; x_wconf 91' lang='lat' dir='ltr'>sed</span> <span class='ocrx_word' id='word_1_807' title='bbox 3714 5376 3772 5432; x_wconf 90' lang='lat' dir='ltr'>in</span> 
     </span>
    </p>
   </div>
   <div class='ocr_carea' id='block_1_116' title="bbox 2123 5448 3774 5535">
    <p class='ocr_par' dir='ltr' id='par_1_116' title="bbox 2123 5448 3774 5535">
     <span class='ocr_line' id='line_1_116' title="bbox 2123 5448 3774 5535; baseline 0.013 -32"><span class='ocrx_word' id='word_1_808' title='bbox 2123 5448 2318 5520; x_wconf 88' lang='lat' dir='ltr'>ipsum</span> <span class='ocrx_word' id='word_1_809' title='bbox 2351 5452 2584 5523; x_wconf 87' lang='lat' dir='ltr'>ﬁscum,</span> <span class='ocrx_word' id='word_1_810' title='bbox 2618 5454 2768 5510; x_wconf 88' lang='lat' dir='ltr'>infra</span> <span class='ocrx_word' id='word_1_811' title='bbox 2799 5458 3128 5527; x_wconf 84' lang='lat' dir='ltr'>legitimum</span> <span class='ocrx_word' id='word_1_812' title='bbox 3159 5465 3412 5535; x_wconf 91' lang='lat' dir='ltr'>tempus.</span> <span class='ocrx_word' id='word_1_813' title='bbox 3450 5465 3516 5519; x_wconf 87' lang='lat' dir='ltr'>Et</span> <span class='ocrx_word' id='word_1_814' title='bbox 3544 5472 3774 5524; x_wconf 87' lang='lat' dir='ltr'>restau-</span> 
     </span>
    </p>
   </div>
   <div class='ocr_carea' id='block_1_117' title="bbox 2124 5539 3773 5615">
    <p class='ocr_par' dir='ltr' id='par_1_117' title="bbox 2124 5539 3773 5615">
     <span class='ocr_line' id='line_1_117' title="bbox 2124 5539 3773 5615; baseline 0.014 -23"><span class='ocrx_word' id='word_1_815' title='bbox 2124 5539 2411 5595; x_wconf 90' lang='lat' dir='ltr'>rationem</span> <span class='ocrx_word' id='word_1_816' title='bbox 2444 5542 2638 5614; x_wconf 90' lang='lat' dir='ltr'>adepti</span> <span class='ocrx_word' id='word_1_817' title='bbox 2683 5546 2919 5615; x_wconf 79' lang='lat' dir='ltr'>l&#39;ueriut,</span> <span class='ocrx_word' id='word_1_818' title='bbox 2967 5548 3268 5606; x_wconf 87' lang='lat' dir='ltr'>habebunt</span> <span class='ocrx_word' id='word_1_819' title='bbox 3313 5553 3773 5615; x_wconf 82' lang='lat' dir='ltr'>satisfactionem</span> 
     </span>
    </p>
   </div>
   <div class='ocr_carea' id='block_1_118' title="bbox 2125 5629 3772 5719">
    <p class='ocr_par' dir='ltr' id='par_1_118' title="bbox 2125 5629 3772 5719">
     <span class='ocr_line' id='line_1_118' title="bbox 2125 5629 3772 5719; baseline 0.013 -37"><span class='ocrx_word' id='word_1_820' title='bbox 2125 5645 2228 5719; x_wconf 83' lang='lat' dir='ltr'>qer</span> <span class='ocrx_word' id='word_1_821' title='bbox 2257 5629 2314 5719; x_wconf 86' lang='lat' dir='ltr'>id</span> <span class='ocrx_word' id='word_1_822' title='bbox 2346 5632 2502 5702; x_wconf 91' lang='lat' dir='ltr'>quod</span> <span class='ocrx_word' id='word_1_823' title='bbox 2536 5633 2808 5704; x_wconf 90' lang='lat' dir='ltr'>dabitur;</span> <span class='ocrx_word' id='word_1_824' title='bbox 2843 5636 2893 5692; x_wconf 89' lang='lat' dir='ltr'>si</span> <span class='ocrx_word' id='word_1_825' title='bbox 2926 5645 3123 5694; x_wconf 83' lang='lat' dir='ltr'>autem</span> <span class='ocrx_word' id='word_1_826' title='bbox 3157 5657 3272 5697; x_wconf 88' lang='lat' dir='ltr'>non</span> <span class='ocrx_word' id='word_1_827' title='bbox 3304 5643 3500 5716; x_wconf 85' lang='lat' dir='ltr'>adepti</span> <span class='ocrx_word' id='word_1_828' title='bbox 3532 5645 3772 5719; x_wconf 86' lang='lat' dir='ltr'>fuerint,</span> 
     </span>
    </p>
   </div>
   <div class='ocr_carea' id='block_1_119' title="bbox 2123 5717 3772 5804">
    <p class='ocr_par' dir='ltr' id='par_1_119' title="bbox 2123 5717 3772 5804">
     <span class='ocr_line' id='line_1_119' title="bbox 2123 5717 3772 5804; baseline 0.012 -30"><span class='ocrx_word' id='word_1_829' title='bbox 2123 5717 2426 5778; x_wconf 87' lang='lat' dir='ltr'>habebunt</span> <span class='ocrx_word' id='word_1_830' title='bbox 2455 5739 2559 5795; x_wconf 92' lang='lat' dir='ltr'>pro</span> <span class='ocrx_word' id='word_1_831' title='bbox 2608 5729 2774 5782; x_wconf 89' lang='lat' dir='ltr'>rato:</span> <span class='ocrx_word' id='word_1_832' title='bbox 2809 5728 3089 5799; x_wconf 88' lang='lat' dir='ltr'>quoniam</span> <span class='ocrx_word' id='word_1_833' title='bbox 3139 5730 3456 5804; x_wconf 87' lang='lat' dir='ltr'>imperium</span> <span class='ocrx_word' id='word_1_834' title='bbox 3505 5717 3772 5795; x_wconf 86' lang='lat' dir='ltr'>nostrum</span> 
     </span>
    </p>
   </div>
  </div>
