4130 6372
393 310 511 371 483

1707 301 1961 365 ISAACI
2009 304 2293 369 ANGELI
2339 306 2500 369 IMP.

3693 308 3818 371 48ι

397 440 696 496 licentiam
729 437 1045 510 exlegibus
1086 435 1265 491 habet
1296 435 1351 490 in
1404 433 1618 489 noticia
1671 432 1954 507 largiendi
1989 439 2046 491 et
2073 443 2126 510 Α
2161 441 2254 494 nie
2285 443 2444 506 sunt,
2472 445 2529 495 et.
2560 441 2889 514 pepigerint
2918 457 2986 496 ea
3016 445 3072 497 et
3102 441 3386 514 corporali
3433 441 3820 497 conﬁrmave-

395 530 608 598 aliena,
642 532 699 584 et
728 526 979 601 largitur
1007 527 1115 582 hec
1149 525 1415 581 Pisarum
1465 523 1838 596 plenitudini.
1889 524 2044 588 Quo-

396 619 552 675 niam
587 634 719 674 vero
765 615 1046 672 notificati
1096 614 1271 687 legati
1322 613 1629 669 clementis
1677 616 1874 668 nostre
1907 631 2044 686 sup-

394 707 682 781 plicantes
716 705 1009 780 petierunt
1039 721 1169 760 cum
1202 703 1334 759 aliis
1379 703 1666 757 notiﬁcari
1697 701 1755 757 in
1789 704 2045 774 presenti

395 796 746 872 chrysobulo
794 795 1024 868 imperii
1076 793 1281 864 nostri,
1348 797 1466 848 tam
1522 808 1590 846 ea
1639 809 1752 864 que
1818 791 2042 864 pridem

395 887 850 960 possidebantur
880 902 911 940 a
942 887 1102 956 parte
1146 882 1398 938 civitatis
1443 887 1499 938 et
1546 886 1697 937 terre
1748 881 1957 937 Pisane
1986 881 2043 937 in

397 992 613 1049 magna
645 975 786 1030 urbe
809 975 966 1046 jura,
997 989 1172 1044 quam
1203 989 1264 1028 ea
1299 988 1411 1043 que
1447 988 1600 1026 nunc
1633 988 1666 1026 a
1697 969 2048 1027 celsitudine

395 1070 600 1122 nostra
648 1063 794 1136 ipsis
825 1062 1036 1118 collata
1086 1067 1245 1129 sunt,
1293 1061 1606 1133 imperium
1659 1065 1928 1116 nostrum
1962 1060 2045 1116 sic

393 1155 522 1210 fieri
570 1153 875 1207 concessit.
930 1151 999 1205 Et
1042 1150 1262 1205 habent
1309 1166 1420 1222 que
1469 1149 1694 1221 pridem
1746 1150 2044 1222 quidema

392 1242 622 1299 Pisanis
649 1241 1104 1314 possidebantur
1135 1240 1219 1295 sic
1251 1239 1364 1311 (45)
1395 1256 1409 1294 :

463 1336 980 1391 Conservabuntur
1009 1332 1192 1403 igitur
1223 1332 1490 1386 universa
1521 1330 1796 1401 superius
1827 1330 2046 1400 scripta

391 1425 563 1480 firma
593 1425 664 1480 ab
695 1422 942 1494 imperio
975 1425 1197 1489 nostro,
1233 1420 1544 1475 heredibus
1589 1425 1645 1472 et
1696 1419 2048 1474 successori-

391 1516 505 1571 bus
535 1515 663 1584 ejus
693 1518 752 1568 et
783 1511 1086 1575 Romanis,
1123 1511 1171 1565 si
1206 1515 1463 1580 potestas
1511 1525 1625 1580 que
1675 1512 1762 1563 est
1809 1508 1868 1562 in
1904 1506 2042 1562 civi-

389 1607 511 1661 tate
540 1609 599 1658 et
622 1609 778 1658 terra
809 1601 1040 1666 Pisans,
1074 1598 1368 1667 consules,
1427 1597 1748 1653 consiliarii
1783 1603 1840 1652 et
1873 1613 2043 1653 sena-

387 1697 570 1762 tores,
619 1689 930 1762 capitanei,
981 1693 1237 1744 rectores
1287 1693 1344 1744 et
1393 1685 1603 1759 reliqui
1647 1685 1941 1751 meliores,
1975 1701 2042 1742 ac

385 1783 586 1856 ipsum
609 1795 923 1837 commune
946 1779 1210 1834 Pisarum
1235 1775 1559 1848 receperint
1578 1793 1689 1846 que
1715 1794 1750 1832 a
1771 1775 2043 1847 superius

389 1871 628 1944 scriptis
657 1870 867 1942 legatis
897 1885 1096 1924 eorum
1133 1873 1302 1940 pacta
1331 1871 1390 1921 et
1420 1867 1622 1936 jurata
1657 1865 1906 1937 imperio
1937 1883 2042 1922 no-

389 1959 855 2031 stro,heredibus
884 1963 942 2014 et
972 1955 1416 2014 successoribus
1437 1954 1567 2026 ejus
1584 1953 1817 2026 ipsique
1837 1958 2044 2011 Roma-

2159 527 2276 582 rint
2307 535 2695 601 sacramento,
2730 533 2785 585 et
2817 531 3101 604 scriptum
3135 531 3241 586 hec
3289 531 3597 587 continens
3653 546 3818 586 com-

2157 618 2462 689 posuerint
2492 623 2550 674 et
2579 624 2856 675 consuete
2914 619 3436 691 corroboraverint,
3467 625 3523 674 et
3574 618 3811 675 celsitu-

2158 706 2508 764 dininostre
2540 708 2830 776 miserint,
2888 713 2943 764 et
2995 710 3097 766 hec
3157 713 3282 764 rata
3340 710 3398 763 in
3457 714 3812 782 perpetuum

2156 794 2474 853 habuerint
2502 797 2636 871 ipsi,
2670 802 2727 854 et
2756 799 2856 872 qui
2908 803 3038 871 post
3085 815 3183 854 eos
3215 803 3391 856 erunt
3447 798 3723 855 consules
3755 804 3814 855 et

2155 889 2497 957 potestates,
2568 887 2888 944 consiliarii
2969 891 3027 943 et
3098 893 3420 954 senatores,
3497 887 3812 960 capitanei,

2159 979 2410 1030 rectores
2477 992 2541 1030 ac
2595 975 2792 1049 ipsum
2869 993 3182 1033 commune
3239 976 3494 1032 civitatis
3545 981 3602 1032 et
3658 984 3815 1032 terre

2155 1063 2308 1135 Pisa,
2365 1069 2634 1136 presente
2695 1065 3047 1139 cbrysobulo
3113 1066 3287 1122 verbo
3329 1064 3560 1139 imperii
3621 1067 3815 1123 nostri

2155 1151 2406 1209 firmiter
2434 1157 2491 1208 et
2521 1153 2938 1211 inviolabiliter
2968 1171 3311 1228 permanere
3340 1147 3474 1227 (45),
3499 1171 3815 1227 quousque

2155 1242 2586 1298 conservabunt
2607 1244 2992 1317 suprascripti
3017 1261 3223 1300 omnes
3251 1261 3318 1300 ex
3343 1245 3568 1317 integro
3598 1261 3666 1300 ea
3697 1260 3814 1317 que

2155 1330 2429 1403 superius
2461 1337 2697 1389 narrata
2727 1337 2885 1389 sunt.

2228 1421 2398 1478 Facto
2431 1439 2633 1479 mense
2663 1423 2978 1478 Februario
3018 1423 3308 1496 presentis
3363 1423 3592 1479 decime
3650 1422 3810 1479 indi-

2155 1509 2389 1580 ctionis,
2423 1512 2521 1567 sed
2558 1511 2858 1568 millesimi
2881 1512 3391 1586 septingentesimi
3417 1512 3577 1584 anni,
3610 1513 3667 1568 in
3692 1530 3811 1585 quo

2153 1603 2212 1654 et
2232 1603 2500 1655 nostrum
2534 1600 2698 1673 pium
2729 1606 2788 1657 et
2815 1619 2849 1656 a
2888 1600 3004 1657 Deo
3053 1601 3394 1658 ordinatum
3436 1601 3814 1674 subsignavit

2153 1685 2492 1760 imperium.

2230 1777 2490 1833 lsaakius
2517 1777 2578 1833 in
2611 1778 2840 1834 Christo
2872 1779 3122 1835 Domino
3152 1778 3346 1835 ﬁdelis
3393 1779 3714 1852 imperator
3744 1784 3807 1837 et

2155 1866 2491 1923 moderator
2519 1867 2871 1924 Romeorum
2907 1867 3188 1941 Angelus;

2051 2123 2139 2179 IX.

1216 2257 1286 2295 ns:
1326 2256 1602 2297 ECCLssns
1639 2257 1712 2296 Αι)
1751 2257 2036 2295 Αιτιοιιιεω
2078 2257 2271 2296 LOCUM
2313 2257 2622 2298 PROMOTIS.
2658 2242 2745 2314 (A.
2783 2242 2965 2314 1193.)

1415 2355 1557 2409 Vide
1585 2355 1960 2410 Balsamorwm
1992 2355 2063 2410 ad
2099 2355 2302 2428 Synod.
2335 2355 2582 2412 Chalced.
2614 2374 2662 2412 ε.
2697 2359 2782 2413 12.

1651 2642 1721 2680 DE
1760 2642 2079 2682 METROPOLI
2124 2643 2530 2683 HYPAEPOBUM.

1853 2745 1974 2798 Non
2003 2750 2154 2799 extat
2186 2743 2320 2816 (46).

2048 2895 2146 2953 XI.

1334 3027 1522 3066 suam
1562 3027 1743 3066 BULLA
1782 3027 2018 3067 VENETIS
2056 3028 2339 3068 CONCISSA
2373 3013 2505 3084 [47].
2540 3015 2632 3083 (Α.
2667 3013 2850 3080 1499.)

448 3186 954 3254 Quemadmodum
991 3183 1272 3240 animalia
1293 3200 1420 3239 sese
1452 3184 1522 3238 ad
1553 3183 1800 3239 invicem
1829 3183 2033 3240 intime
2065 3189 2108 3255 C
2146 3201 2322 3240 verna
2355 3185 2678 3256 respiciunt
2705 3189 2880 3256 atque
2908 3184 3217 3256 amplexus
3247 3187 3576 3256 exspectant
3607 3205 3622 3247 ;
3650 3198 3790 3238 cum

375 3277 703 3350 diligentia,
737 3276 1022 3348 gregatim
1056 3290 1364 3346 quousque
1395 3289 1628 3345 semper
1669 3273 1888 3336 euntia,
1924 3290 2030 3328 nec

373 3383 490 3423 non
518 3372 575 3422 et
605 3365 1036 3437 compascentia
1067 3369 1124 3416 et
1153 3362 1330 3418 simul
1364 3363 1432 3416 ad
1487 3362 1764 3417 sublimia
1794 3369 1848 3417 et
1879 3362 2028 3417 inf‘e-

371 3455 528 3510 riora
577 3453 965 3517 convolantia,
1015 3452 1422 3523 coegredcntia
1489 3451 1666 3505 etiam
1714 3467 1780 3505 ac
1831 3467 2026 3524 regre-

371 3543 611 3611 dientia,
665 3548 720 3597 et
769 3536 914 3597 forte
979 3541 1277 3595 interdum
1343 3541 1596 3610 quadam
1676 3541 2026 3595 necessitate

372 3633 723 3698 accedentia,
757 3637 811 3686 et
843 3631 1042 3702 sepius
1071 3630 1139 3684 ad
1166 3630 1414 3683 invicem
1451 3634 1606 3684 retro
1629 3629 2021 3701 respicientia,

371 3725 428 3776 et
456 3721 721 3794 gruendo
755 3737 818 3774 ac
855 3719 1196 3791 sclingendo
1232 3722 1286 3772 et
1341 3719 1591 3790 propriis
1633 3719 2020 3789 uniuscujus-

371 3826 485 3882 que
531 3810 770 3865 vocibus
818 3809 1176 3864 desiderium
1229 3810 1299 3863 αι)
1368 3809 1612 3863 invicem
1661 3813 2018 3864 remotorum

369 3899 858 3966 demonstrantia,
891 3904 946 3952 et
994 3899 1040 3952 si
1094 3897 1306 3953 alicubi
1362 3897 1687 3952 libertatem
1739 3898 2020 3969 ceperint,

368 3988 572 4044 statim
605 3988 773 4044 valde
795 3988 862 4042 ad
897 3986 1334 4058 compascentiu
1356 3986 1742 4053 redeuntia,et
1772 3986 2018 4041 letitiam

369 4077 736 4149 impossibile
765 4081 850 4132 est
883 4075 994 4131 dici
1028 4080 1316 4146 quantum
1368 4091 1435 4130 ex
1482 4077 1630 4130 facto
1669 4076 1737 4130 ad
1771 4075 2019 4131 invicem

368 4183 678 4232 concursu,
713 4172 771 4221 et
800 4166 959 4220 velut
985 4165 1270 4238 dilligenti
1301 4165 1653 4220 allocutione
1691 4182 1804 4219 non
1840 4165 2020 4237 signi-

367 4255 614 4312 ﬂcativis
647 4259 703 4310 et
737 4253 1127 4310 inartieulatis
1173 4254 1413 4310 vocibus
1457 4253 1969 4325 subsigniﬁcantia
2003 4272 2016 4310 :

367 4345 452 4400 sic
481 4349 538 4400 et
566 4361 753 4416 genus
789 4345 1196 4399 Veneticorum
1241 4343 1562 4414 plurimum
1615 4341 1923 4397 amicabile
1953 4360 2018 4399 ac

2138 3278 2334 3329 autem
2366 3275 2714 3344 invenerint,
2746 3275 3262 3330 indissolubilibus
3291 3271 3536 3327 vinculis
3567 3272 3789 3327 amoris

2139 3370 2332 3418 tenere
2364 3364 2624 3418 student.

2209 3453 2369 3516 Quod
2401 3453 2638 3522 quidem
2669 3457 2726 3506 et
2756 3467 2912 3506 nunc
2944 3452 3184 3506 Venetia
3216 3449 3413 3507 circha
3442 3448 3789 3504 Romaniam

2134 3541 2400 3612 contigit.
2437 3541 2581 3596 Nam
2613 3540 2859 3611 imperio
2888 3557 3017 3596 meo
3038 3547 3271 3612 sceptra
3293 3539 3575 3596 Romanis
3595 3538 3796 3594 divina

2135 3630 2500 3701 providentia
2549 3631 2930 3700 suscipiente,
2996 3629 3482 3685 conventionibus
3531 3643 3788 3699 quoque,

2133 3735 2242 3789 que
2274 3719 2427 3774 inter
2464 3735 2592 3774 eam
2632 3726 2688 3774 et
2737 3719 3209 3774 dillectissimum
3262 3719 3497 3773 fratrem
3551 3716 3781 3788 imperii

2133 3808 2247 3863 mei
2281 3807 3109 3879 preimperantem,dominum
3145 3808 3438 3862 lsaakium
3472 3805 3778 3877 Angelum,

2133 3897 2383 3962 fuerant,
2435 3899 2603 3968 quasi
2654 3898 3139 3969 suscipientibus,
3191 3895 3618 3952 nobillissimus
3662 3897 3784 3949 dux

2129 3986 2370 4042 Venetis
2419 3994 2475 4041 et
2520 3992 2954 4057 protosevastos
3003 3985 3291 4042 Henricus
3342 3983 3666 4053 Dandolus,
3715 3999 3784 4038 ac

2129 4077 2301 4133 etiam
2334 4075 2465 4147 ipsa
2513 4075 2924 4130 Veneticorum
2976 4075 3205 4131 consilii
3253 4074 3567 4147 prudentia
3607 4090 3788 4143 super

2129 4166 2574 4237 requisitionem
2611 4164 2846 4219 unionis
2876 4167 3048 4234 quasi
3077 4164 3363 4220 dissolute
3407 4178 3786 4234 nequaquam

2127 4254 2660 4324 superdormitavit,
2695 4253 2812 4308 imo
2845 4254 3065 4325 legatos
3101 4254 3171 4308 ad
3208 4259 3468 4308 nostram
3502 4251 3783 4306 transmi-

2129 4341 2272 4398 serit
2329 4342 2741 4398 celsitudinem
2805 4358 2818 4396 :
2872 4343 3062 4414 primo
3130 4342 3366 4412 quidem
3437 4339 3779 4396 Rainerium

360 4432 577 4505 servile
605 4432 803 4488 circha
835 4433 1179 4487 Romaniam
1215 4447 1318 4502 per
1365 4436 1632 4501 tempora
1682 4430 1798 4484 iam
1834 4431 2018 4486 multa
2125 4433 2344 4488 Zenum
2376 4437 2434 4486 et
2462 4430 2655 4485 ﬁlium
2689 4430 3068 4486 nobillissimi
3100 4430 3338 4500 quidem
3370 4430 3505 4485 duci
3546 4428 3780 4484 Venetis

366 4525 424 4576 et
446 4519 620 4576 etiam
683 4538 716 4576 a
768 4526 1002 4576 centum
1065 4519 1236 4575 annis
1285 4523 1342 4573 et
1389 4517 1522 4589 plus
1573 4520 2016 4575 connumeratis

2129 4521 2267 4576 Auri
2314 4519 2576 4591 Magistri
2635 4519 2814 4586 Petri,
2882 4519 3199 4589 Marinum,
3276 4526 3336 4575 et
3388 4517 3649 4588 legatum
3707 4517 3783 4572 ab

369 4610 680 4682 possidens
709 4611 1048 4666 inconvulse
1078 4625 1204 4664 eam
1239 4613 1296 4663 et
1334 4606 1772 4662 indivisibiliter
1803 4610 2021 4664 detinet
2051 4606 2096 4629 υ
2129 4610 2374 4680 imperio
2401 4625 2530 4664 meo
2561 4614 2950 4680 susceperunt
2974 4609 3430 4680 grammaticum
3463 4607 3616 4678 ejus,
3653 4622 3786 4678 pro-

369 4698 440 4754 Et
469 4698 516 4753 si
567 4697 824 4771 aliquem
882 4703 1102 4753 remoto
1155 4698 1298 4751 forte
1345 4695 1427 4750 sic
1476 4712 1576 4751 eos
1625 4697 2017 4769 persequitur,

368 4787 564 4859 quiete
615 4787 997 4844 remotionem
1069 4790 1371 4858 portantes
1417 4801 1552 4856 sepe
1611 4787 1681 4840 ad
1746 4787 2018 4842 unionem

367 4881 760 4948 revertuntur,
795 4876 987 4931 modis
1014 4891 1249 4947 quoque
1279 4875 1554 4930 omnibus
1580 4892 1706 4930 eam
1751 4891 2019 4931 revocare

369 4967 699 5040 requirunt,
732 4971 788 5020 et
838 4970 901 5019 ut
946 4965 1065 5035 [ad]
1100 4971 1344 5019 matrem
1372 4981 1518 5036 puer
1539 4969 1597 5018 et
1616 4965 1686 5018 ad
1715 4965 2016 5020 dominam

438 5145 552 5217 (45)
584 5143 820 5198 Buchon
850 5143 1571 5217 omisitenumerationom
1596 5141 1856 5217 locorum
1881 5145 2021 5199 aPi-

368 5215 541 5274 sanis
561 5215 1074 5286 Constantinopoli
1108 5232 1539 5288 possessorum,
1571 5215 1671 5270 sed
1705 5222 1902 5288 notat:
1935 5218 2017 5288 ly

366 5296 446 5346 est
471 5287 751 5358 plusieurs
775 5289 880 5356 foz's
907 5289 1150 5357 question
1172 5287 1264 5343 de:
1283 5287 1709 5344 établz'sscments
1723 5287 1814 5342 de:
1834 5287 2016 5344 Amal-

365 5360 672 5431 phitains.«
698 5359 781 5431 Ab
801 5375 949 5430 aque
979 5377 1152 5414 cursu
1185 5360 1733 5431 Amalphitanorum
1756 5362 2019 5415 ».—-«Ju-

359 5448 436 5487 .ra
467 5431 682 5502 donata
715 5430 1153 5502 Almaphitanis
1196 5455 1244 5486 n.
1275 5430 1402 5480 -“‹‹
1442 5430 1896 5486 Descendentem
1946 5434 2017 5487 ab

367 5499 832 5574 Amalphitanis.
873 5499 901 5551 ι’
933 5537 986 5543 -
1023 5528 1050 5555 ‹‹
1085 5504 1302 5560 Dividit
1331 5505 1599 5558 eamdem
1653 5502 1872 5558 scalam
1905 5521 2019 5574 que

371 5572 904 5648 abA‘malpbitanis
930 5577 1283 5648 possidetur.
1318 5597 1345 5648 ii

445 5645 585 5721 (45')
614 5645 858 5702 Videtur
888 5645 1223 5707 addendum
1259 5664 1273 5704 :
1307 5645 1552 5702 debenle.

2126 4697 2565 4753 tonobillimum
2597 4703 2902 4770 ypertaton
2957 4699 3265 4754 dominum
3312 4695 3645 4753 Johannem
3675 4698 3786 4750 Ca—

2128 4785 2423 4843 taﬂorum.
2457 4787 2525 4841 Et
2557 4788 2838 4857 quoniam
2870 4787 3108 4859 quidem
3142 4804 3245 4858 per
3270 4803 3406 4842 eum
3434 4786 3492 4840 in
3516 4784 3786 4840 Veneciis

2128 4875 2489 4932 sufficienter
2515 4880 2862 4941 morantem,
2895 4893 3009 4947 que
3058 4876 3115 4930 in
3161 4873 3544 4931 conventione
3591 4873 3783 4927 ambi-

2128 4982 2244 5039 gua
2263 4971 2450 5031 erant,
2484 4965 2629 5020 solvi
2662 4982 2776 5021 non
2809 4972 3149 5037 potuerunt,
3183 4965 3329 5020 alios
3380 4961 3578 5020 statim
3623 4959 3784 5032 legao

2199 5145 2315 5214 (46)
2339 5144 2640 5216 Laudatur
2659 5144 2729 5199 ad
2751 5143 3207 5216 Dispositionem
3240 5143 3519 5200 thronum
3547 5141 3604 5196 in
3633 5136 3773 5194 Coll.

2130 5233 2258 5273 can.
2293 5217 2383 5272 ed.
2417 5215 2608 5271 Rhalli
2631 5222 2688 5270 et
2722 5217 2867 5288 Potli
2904 5221 2966 5270 ν.
3002 5217 3210 5288 p.476,
3245 5235 3304 5288 n.
3339 5217 3387 5270 1.

2201 5288 2312 5374 (ιξἹ)
2338 5287 2962 5374 Nup'err‘i'me‘ei‘libro
3006 5287 3121 5343 alio
3161 5292 3227 5374 oet
3268 5287 3443 5374 libris
3469 5287 3779 5374 Pastorum

2129 5353 2449 5486 ediglegunt'
2469 5359 2632 5416 'l'afel
2663 5363 2721 5415 et
2749 5359 3007 5416 Thomas
3039 5359 3254 5432 saepius
3309 5359 3528 5415 laudati
3563 5366 3703 5411 tom.
3735 5353 3781 5420 ῐ,

2131 5449 2188 5486 n.
2358 5448 2488 5486 sua.

2176 5473 2188 5487 .
2221 5437 2327 5487 248
2358 5448 2488 5488 sua.

2131 5448 2327 5576 β’(ἷὲῗ
2343 5448 2608 5559 Edilthres
2649 5503 2853 5576 legunt
2886 5519 2898 5557 :
2933 5507 3052 5561 Etsi
3097 5507 3451 5576 aliquantum
3500 5532 3568 5544 -—
3597 5514 3791 5572 prose-

2131 5578 2337 5648 quitur.
2373 5577 2544 5648 Lege,
2574 5575 2636 5630 Et
2663 5576 2714 5630 si
2743 5575 2948 5648 aliquis
2979 5575 3233 5635 remotos.
