4130 6384
273 281 477 397 .485

1505 337 1892 402 ΝονΕιιιΕ
1936 334 2640 404 CONSTITUTIONES.
2742 315 2744 317 ’

3663 351 3782 412 486

352 469 445 524 tos
477 467 550 524 ad
583 475 847 528 nostram
873 475 1329 531 transmiserunt
1359 472 1807 540 sublimitatem,
1832 475 1889 528 et
1916 487 2019 526 nec
2047 475 2100 540 Α
2133 471 2210 526 mi
2243 473 2409 529 ducis
2439 491 2642 530 eorum
2676 479 2732 530 et
2762 475 2943 532 totius
2987 477 3225 534 Venetie
3283 478 3504 551 scripto
3563 480 3635 536 ab
3693 481 3780 539 eis

356 574 461 630 per
491 573 591 614 eos
619 559 881 620 valentes
906 564 1141 635 pacisci,
1169 565 1275 634 [ac]
1303 564 1482 619 finem
1527 561 1742 635 apponi
1777 561 1884 630 eis,
1904 576 2016 632 qua

356 647 430 703 ab
462 646 578 702 hiis
610 651 1028 721 querebantur,
1045 669 1149 709 nec
1179 652 1430 708 aliorum
1486 652 1815 724 legatorum
1874 649 2013 704 mis-

360 737 588 792 sionem
650 739 1092 810 procelaverunt
1137 741 1273 812 (49),
1349 758 1464 796 uno
1531 744 1906 797 accesserunt
1962 742 2019 794 et

360 843 601 883 rursum
625 829 698 883 ad
733 835 994 886 nostram
1022 831 1196 903 iegati
1227 830 1467 886 Venetie
1495 829 2014 902 tranquillitatem,

361 915 648 972 Henricus
700 917 1064 990 Navagiosus
1122 915 1259 991 (50),
1321 921 1588 976 Andreas
1643 920 1906 975 Donatus
1963 923 2019 972 et

366 1006 713 1063 Benedictus
745 1006 1066 1065 Grillionis.
1099 1009 1170 1064 Et
1198 1025 1334 1064 cum
1368 1025 1475 1064 nec
1508 1009 1643 1075 ista,
1697 1023 1809 1078 que
1863 1005 2018 1077 lega-

367 1096 540 1153 tionis
573 1100 764 1166 erant,
795 1115 902 1169 pro
925 1115 1033 1154 suo
1066 1097 1210 1154 velle
1243 1098 1402 1170 ipsos
1427 1097 1720 1154 imitantia
1765 1097 1898 1169 (51),
1956 1095 2016 1150 in

367 1185 670 1243 Venetiam
693 1187 764 1242 ad
809 1203 871 1243 se
906 1187 1204 1244 mittentes
1264 1193 1320 1244 et
1375 1188 1488 1260 ipsi
1541 1187 1784 1252 rediere,
1827 1185 2018 1242 susci-

366 1276 589 1349 pientes
623 1281 878 1333 anostra
918 1278 1230 1334 serenitate
1288 1277 1570 1351 legatum,
1627 1279 2018 1349 pansevaston

365 1371 632 1423 eevaston
689 1370 745 1423 tt
792 1367 1142 1425 familiarem
1219 1367 1466 1442 imperio
1535 1371 1732 1423 nostro
1815 1365 2020 1422 acolit-

363 1461 490 1512 tum
513 1456 648 1526 (52),
682 1456 988 1513 dominum
1039 1457 1367 1515 Jobannem
1405 1455 1876 1529 Nomucopulum
1908 1481 1922 1525 ;
1963 1459 2021 1512 et

367 1544 512 1601 abiit
541 1545 592 1602 is
621 1561 756 1601 cum
780 1545 884 1602 eis.
918 1546 986 1602 Et
1015 1551 1154 1603 tunc
1203 1547 1317 1620 (53)
1378 1563 1484 1603 nec
1526 1561 1630 1618 per
1679 1545 1858 1601 istum
1913 1543 2018 1613 eis,

368 1650 483 1708 que
511 1633 626 1707 ipsi
656 1634 773 1706 (54)
792 1635 1358 1708 sedebant,majores
1382 1634 1627 1692 Venetie
1653 1634 1830 1690 finem
1856 1633 2022 1689 indu-

367 1739 496 1781 cere
523 1727 867 1797 potuerunt,
900 1724 1046 1782 alios
1075 1725 1298 1799 legatos
1329 1726 1401 1783 ad
1436 1730 1696 1782 nostram
1731 1724 2022 1780 duxerunt

367 1815 928 1918 mansuetudin’em,.
951 1821 1192 1917 Petrum
1249 1815 1593 1918 Michaslem
1641 1814 1913 1918 videlicet
1965 1816 2023 1918 et
2052 1851 2100 1918 Β

366 1905 749 1962 Octavianum
772 1905 1107 1977 Quirinum,
1126 1906 1284 1962 viros
1311 1904 1645 1978 prudentia,
1669 1903 1915 1960 consilio
1963 1907 2020 1959 et

363 1995 539 2051 verbo
587 1996 744 2068 apud
791 1995 1102 2053 Veneticos
1153 2013 1332 2068 quam
1384 2011 1652 2068 magnos,
1721 1995 1822 2067 qui
1881 2009 2016 2050 cum

363 2089 734 2158 pansevasto,
759 2090 988 2142 sevasto
1019 2091 1076 2142 et
1106 2085 1354 2158 imperio
1385 2101 1514 2141 mco
1565 2083 1842 2141 familiari
1881 2099 2018 2140 can-

363 2173 599 2231 cellario
631 2174 998 2232 vicedomino
1029 2175 1301 2231 Dimitrio
1331 2173 1575 2230 'l‘rinkio
1613 2173 1726 2246 (55)
1777 2188 1848 2228 ex
1890 2189 2020 2244 pre-

364 2268 532 2337 cepto
567 2267 764 2319 nostre
808 2263 1244 2337 magnificentia
1294 2268 1413 2319 tam
1456 2265 1526 2319 de
1570 2263 1695 2335 jam
1739 2262 2015 2335 peractis,

361 2371 540 2426 quam
574 2353 750 2410 etiam
783 2371 849 2410 ex
877 2371 1022 2410 novo
1081 2354 1482 2427 pasciscendis
1527 2351 1877 2409 multociena
1924 2369 2015 2406 ra-

358 2444 734 2516 tiocinantes,
775 2443 1028 2517 denique
1086 2448 1144 2499 et
1201 2460 1395 2500 coram
1454 2447 1657 2499 nostra
1712 2443 2018 2513 majestate

363 2515 950 2604 eteterunt,etinte;
988 2533 1314 2606 predictum
1376 2531 1788 2589 cancellarium
1844 2535 2019 2603 atque

365 2638 466 2678 eos
494 2626 744 2678 tractata
777 2620 1123 2692 retulerunt,
1148 2627 1201 2679 et
1237 2621 1482 2678 multam
1509 2621 1879 2686 instantiam,
1913 2635 2018 2692 nec

367 2728 486 2768 non
515 2715 572 2768 et
599 2711 1067 2784 deprecationem
1102 2715 1166 2767 ut
1194 2713 1278 2768 eis
1309 2709 1523 2784 placita
1569 2711 1844 2782 perficere
1882 2724 2018 2782 pos-

370 2805 500 2858 sent
527 2799 823 2868 facientes,
859 2801 930 2857 ad
970 2800 1384 2856 declarandam
1434 2799 1797 2872 acquievere.
1843 2797 2018 2854 Jura-

371 2893 574 2947 verunt
602 2893 660 2946 et
689 2890 863 2946 etiam
888 2895 1347 2959 sacramentum,
1377 2890 1460 2946 sic
1493 2890 1563 2946 ad
1609 2889 1850 2945 verbum
1881 2905 2017 2944 con-

375 2980 562 3037 tinens
586 2997 600 3048 ;

448 3089 476 3123 α
494 3069 610 3124 Nos
641 3067 852 3142 legatis
884 3068 1258 3126 nobillissimi
1289 3069 1468 3126 Ducis
1493 3067 1735 3124 Venetie
1761 3067 2020 3139 etimpe—

371 3157 538 3214 rialie
568 3158 1201 3230 protosevastiHenrici
1234 3158 1502 3230 Dandoli,
1528 3159 1733 3214 Petrus
1772 3156 2020 3214 Michael

367 3252 426 3303 et
446 3247 797 3303 Octavianus
833 3247 1424 3320 Quirinus,juramus
1455 3247 1565 3303 hac
1596 3246 1880 3303 hodierna
1927 3246 2021 3303 die
2051 3232 2094 3299 C

369 3353 486 3409 que
507 3341 596 3393 est
612 3337 928 3409 vigessima
948 3338 1198 3410 septima
1221 3338 1508 3409 presentis
1532 3336 1752 3394 mensis
1773 3337 2031 3408 Septem-

367 3427 496 3482 bris
524 3427 812 3499 presentis
861 3429 1118 3483 secunde
1175 3427 1540 3494 indictionis,
1585 3443 1686 3482 lex
1732 3424 2032 3481 millesimi

373 3515 882 3589 septingentemisi
915 3516 1150 3588 septimi
1184 3516 1346 3584 anni,
1380 3517 1448 3572 ad
1500 3533 1668 3572 sacra
1725 3515 1815 3571 dei
1856 3532 2027 3571 evan-

374 3605 529 3679 gelia
558 3611 615 3662 et
644 3605 714 3662 ad
740 3605 1147 3662 honorabilem
1179 3611 1236 3661 et
1266 3606 1549 3662 viviﬁcam
1584 3621 1838 3677 crucem,
1872 3605 2028 3677 quod

373 3694 597 3763 omnia,
632 3713 746 3768 que
777 3696 927 3768 pacti
957 3712 1165 3751 sumus
1196 3712 1330 3750 cum
1365 3694 1743 3750 sanctissimo
1783 3698 1840 3748 et
1864 3693 2028 3749 altis-

373 3784 527 3841 simo
557 3785 910 3857 imperatore
943 3787 1339 3840 Romanorum
1394 3788 1451 3840 et
1502 3800 1734 3856 semper
1781 3791 2028 3856 augusto

372 3873 615 3930 domino
645 3871 842 3928 Alexio
875 3873 1194 3944 Comnano,
1227 3874 1554 3930 secundum
1598 3873 1922 3927 orationem
1973 3876 2029 3927 et

366 3961 733 4019 voluntatem
771 3961 1016 4035 predicti
1052 3962 1429 4018 nobillissimi
1471 3961 1638 4017 ducis
1670 3961 1926 4016 Venetiae
1973 3965 2031 4016 et

368 4067 440 4108 ex
463 4052 685 4123 scripta
730 4053 858 4124 ejus
915 4053 1311 4108 conmissione
1350 4053 1420 4108 ad
1454 4069 1561 4107 nos
1605 4068 1674 4106 ex
1734 4050 2028 4107 voluntate

363 4141 609 4212 majoris
641 4141 823 4214 partis
857 4141 1091 4214 parviet
1120 4142 1318 4214 magni
1353 4140 1584 4198 concilii
1606 4140 1844 4196 Venetie
1876 4141 2030 4195 facta

361 4232 748 4288 convenimus
779 4236 836 4288 et
867 4231 1020 4303 pacti
1055 4248 1295 4297 sumus;
1330 4236 1388 4287 et
1419 4231 1574 4302 quod
1633 4229 1924 4286 concessit
1969 4233 2029 4284 et

368 4321 683 4377 conmissit
735 4321 905 4378 nobis
937 4321 1089 4377 idem
1125 4320 1558 4377 nobillissimus
1599 4325 1721 4375 Dux
1763 4318 2027 4389 Venetie,

363 4415 431 4468 ut
464 4428 572 4468 nos
603 4428 782 4484 super
812 4413 1072 4467 animam
1097 4412 1577 4484 suamjuremus,
1612 4411 1766 4484 quod
1801 4415 1857 4466 et
1899 4410 2026 4481 ipse

360 4518 455 4569 ea,
489 4499 602 4574 que
635 4519 668 4556 a
690 4502 858 4558 nobis
893 4506 1057 4574 pacta
1089 4505 1233 4560 sunt
1263 4507 1320 4558 et
1351 4507 1655 4571 conventa,
1701 4502 1930 4574 jurabit
1971 4509 2029 4562 et

2129 561 2462 634 subsoripto
2494 565 3081 636 comprehendentes,
3113 566 3170 622 id
3205 572 3400 624 nostre
3445 571 3780 644 tranquilli-

2133 647 2237 704 tati
2266 651 2656 722 tradiderunt,
2688 653 2772 709 sic
2804 670 2907 725 per
2946 655 3232 712 dictiones
3271 656 3529 714 habens:

2200 762 2228 790 ‹‹
2259 741 2382 798 Non
2408 743 2518 815 (56)
2551 743 2898 800 estVenetia
2937 747 3272 817 conjuncta,
3333 765 3436 804 nec
3496 767 3781 823 umquam

2127 831 2519 902 conjungetur
2549 833 2721 887 alicui
2753 840 3168 890 coronatorum
3192 835 3499 892 hominum
3547 837 3634 894 vel
3667 858 3782 896 non

2127 926 2668 991 coronatorum,aut
2698 924 2963 993 gentium
2989 923 3074 980 vel
3102 909 3616 982 nationuin'alicui
3647 945 3781 984 con-

2125 1011 2218 1063 tra
2245 1007 2558 1080 imperium
2593 1012 3211 1084 dominiimperatoris
3270 1013 3668 1072 Romanorum
3730 1022 3787 1074 et

2128 1113 2361 1169 semper
2390 1099 2626 1171 augusti
2658 1100 2886 1155 domini
2916 1102 3099 1158 Alexii
3141 1103 3448 1172 Comnani,
3500 1107 3785 1177 quamdiu

2127 1188 2254 1261 ipse
2283 1190 2508 1259 vixerit,
2551 1198 2652 1247 aut
2715 1193 2996 1249 heredum
3037 1195 3166 1264 ejus
3226 1202 3342 1252 tam
3388 1197 3784 1255 masculorum

2131 1295 2307 1350 quam
2341 1286 2397 1334 et
2429 1280 2802 1348 feminarum,
2840 1283 2938 1353 qui
2973 1296 3028 1338 et
3077 1301 3188 1354 que
3246 1283 3639 1356 imperabunt,
3699 1286 3789 1343 vel

2130 1383 2330 1424 eorum
2356 1368 2456 1440 qui
2480 1386 2547 1424 ex
2563 1375 2837 1443 precepto
2860 1385 3062 1428 eorum
3095 1373 3486 1445 imperabunt,
3514 1376 3582 1429 ad
3608 1376 3789 1432 oﬂ'en-

2131 1459 2390 1514 dendum
2422 1459 2768 1515 Romaniam
2802 1461 3240 1532 particulariter
3271 1463 3392 1519 sive
3441 1463 3786 1521 universali-

2131 1553 2238 1614 ter,
2272 1565 2378 1603 nec
2409 1565 2513 1620 per
2542 1565 2603 1604 se
2634 1567 2921 1622 umquam
2955 1552 3227 1607 offendet.

2203 1659 2232 1688 «
2260 1639 2422 1705 Item,
2456 1638 2985 1712 quotienscumque
3015 1640 3346 1713 principum
3383 1641 3594 1714 aliquis
3636 1660 3791 1702 coro-

2133 1729 2308 1782 natus
2339 1726 2428 1783 vel
2459 1744 2575 1783 non
2608 1733 2944 1799 coronatus,
2987 1730 3108 1785 sive
3138 1747 3278 1800 gens
3337 1729 3536 1802 aliqua
3585 1736 3789 1790 eontra

2133 1814 2475 1872 Romaniam
2509 1817 2732 1872 venerit
2761 1817 2834 1872 ad
2886 1818 3302 1874 offendendum
3348 1835 3480 1875 eam
3521 1836 3652 1876 cum
3686 1837 3788 1895 ga-

2131 1905 2240 1962 leis
2266 1905 2656 1978 quadraginta
2685 1904 2770 1961 vel
2799 1905 3092 1978 pluribus,
3119 1924 3307 1980 usque
3329 1909 3399 1963 ad
3434 1912 3696 1979 centum,
3729 1913 3788 1966 et

2134 1994 2258 2051 vult
2286 1995 2599 2066 imperium
2626 2012 2853 2063 eorum,
2884 1995 2969 2052 vel
3004 1996 3248 2053 heredes
3277 1997 3550 2069 ipsorum
3595 2016 3788 2056 mares

2135 2084 2256 2140 sive
2290 2083 2524 2155 femine,
2550 2085 2698 2157 [qui]
2723 2090 2779 2140 et
2810 2101 2921 2156 que
2946 2085 3346 2158 imperabunt,
3381 2086 3467 2142 vel
3519 2086 3624 2154 hii,
3686 2088 3788 2160 qui

2134 2189 2205 2228 ex
2233 2176 2504 2245 precepto
2536 2190 2734 2228 eorum
2769 2173 3164 2245 imperabunt,
3208 2174 3512 2230 servitium
3554 2177 3788 2232 Veneti-

2135 2281 2338 2320 corum
2369 2281 2504 2319 cum
2526 2263 2709 2336 galeis
2737 2265 3128 2337 quadraginta
3151 2270 3208 2320 et
3237 2281 3423 2337 usque
3446 2266 3514 2320 ad
3532 2270 3790 2336 centum,

2138 2353 2354 2408 debent
2376 2352 2522 2408 illud
2552 2352 2765 2409 habere
2797 2353 2951 2409 infra
2975 2370 3204 2410 menses
3228 2371 3328 2410 sex
3359 2359 3490 2426 post
3512 2355 3788 2410 noticiam

2138 2443 2272 2499 duci
2304 2444 2500 2499 datam
2532 2443 2771 2499 Venetie
2803 2443 2876 2498 ab
2907 2443 3152 2516 imperio
3179 2459 3402 2499 eorum.
3440 2445 3561 2509 Qus
3600 2445 3792 2516 profe-

2138 2536 2230 2588 cto
2253 2531 2416 2605 galce
2447 2531 2660 2588 debent
2699 2531 2938 2588 Venetie
2968 2532 3090 2588 ﬁeri
3124 2537 3179 2587 et
3210 2533 3506 2604 preparari
3534 2551 3563 2587 a
3602 2532 3790 2588 Vene-

2136 2621 2270 2677 ticie
2300 2638 2433 2677 cum
2468 2622 2735 2678 universo
2761 2637 2963 2678 earum
2997 2626 3278 2693 apparatu
3317 2638 3416 2694 per
3446 2621 3789 2694 peccuniam

2136 2709 2277 2766 illuc
2299 2710 2542 2766 missam
2576 2710 2647 2766 ab
2677 2727 2879 2766 eorum
2902 2710 3170 2783 imperio,
3195 2709 3282 2766 vel
3315 2710 3548 2766 inventa
3577 2711 3685 2783 [m]
3709 2711 3790 2766 ibi

2139 2817 2173 2856 a
2201 2804 2366 2871 parte
2397 2799 2762 2855 celsitudinis
2794 2816 3020 2867 eorum,
3053 2797 3499 2855 Veneticisdare
3522 2799 3790 2855 debenti-

2138 2893 2250 2947 bus
2275 2889 2545 2946 homines
2577 2893 2767 2962 aptos,
2803 2893 2868 2944 ut
2897 2889 3147 2961 quisque
3173 2905 3373 2944 eorum
3425 2887 3782 2961 preparatio-

2136 2998 2271 3036 nem
2302 2979 2564 3053 quinque
2595 2980 2890 3053 galearum
2914 2979 3136 3052 preslt;
3171 2979 3269 3049 qui
3327 2987 3380 3034 et
3431 2980 3633 3051 jurare
3681 2979 3789 3034 de-

2134 3071 2294 3138 bent,
2327 3071 2481 3143 quod
2514 3069 2727 3125 facient
2754 3086 2853 3125 eae
2883 3073 2937 3124 et
2968 3069 3113 3124 bene
3135 3067 3280 3138 fieri,
3313 3073 3369 3124 et
3399 3084 3786 3139 unamquam.

2135 3177 2244 3233 que
2275 3177 2474 3216 earum
2507 3163 2740 3216 centum
2774 3159 3168 3230 quadraginta
3199 3158 3319 3213 fore
3379 3174 3673 3213 remorum
3735 3161 3794 3212 et

2134 3265 2265 3306 cum
2293 3249 2452 3305 omni
2483 3254 2762 3321 apparatu
2799 3263 3022 3318 earum,
3053 3263 3184 3302 cum
3219 3246 3541 3302 celleritete
3599 3250 3654 3302 et
3712 3245 3792 3300 si-

2142 3358 2214 3398 ne
2246 3341 2403 3410 dolo,
2434 3340 2759 3396 secundum
2795 3340 2949 3410 quod
2977 3339 3254 3394 deberent
3285 3353 3383 3393 eas
3413 3338 3599 3392 facere
3644 3335 3797 3406 fieri,

2141 3432 2188 3487 si
2223 3436 2418 3487 essent
2448 3430 2608 3503 galce
2639 3429 2898 3495 Venetie,
2935 3432 3034 3482 aut
3065 3427 3110 3484 si
3157 3443 3289 3482 cum
3354 3426 3637 3498 peccunia
3684 3428 3793 3480 Ve-

2140 3521 2294 3577 netie
2325 3521 2601 3576 deberent
2633 3519 2778 3574 fieri.
2815 3518 3074 3582 Quorum
3106 3516 3354 3588 quisque
3384 3515 3557 3569 debet
3617 3531 3650 3569 a
3697 3529 3798 3569 ve-

2141 3611 2344 3667 stiario
2387 3608 2612 3665 domini
2679 3605 3052 3678 imperatoris
3110 3605 3369 3676 accipere
3425 3603 3798 3659 liberalitatis

2141 3701 2323 3772 gratia
2357 3697 2719 3754 numismata
2753 3713 3034 3768 yperpera
3065 3693 3387 3765 sexaginta.

2212 3793 2430 3857 «Item,
2464 3787 2706 3843 comites
2737 3784 3080 3856 hujusmodi
3142 3782 3442 3854 galearum
3499 3782 3795 3852 jurabunt

2140 3895 2309 3952 super
2348 3881 2551 3934 sancta
2581 3876 2683 3931 Dei
2715 3874 3050 3947 Evangelia,
3083 3873 3235 3944 quod
3289 3871 3348 3926 in
3436 3887 3796 3943 unaquaque

2138 3967 2461 4041 gallearum
2494 3970 2666 4021 erunt
2695 3969 2928 4020 centum
2954 3962 3346 4035 quadraginta
3399 3961 3691 4025 homines,
3750 3961 3800 4015 ei

2139 4061 2226 4112 tot
2257 4055 2566 4112 hominum
2597 4053 2682 4108 eis
2724 4069 2861 4125 roga
2909 4053 3046 4106 data
3096 4050 3290 4115 fuerit,
3347 4049 3605 4120 exceptis
3664 4065 3793 4104 mo-

2139 4145 2427 4201 rientibus
2457 4149 2513 4199 et
2538 4143 2662 4199 sine
2694 4158 2896 4198 eorum
2931 4139 3146 4195 noticia
3178 4138 3646 4210 aufugientibus.
3692 4137 3799 4192 Ve-

2139 4239 2473 4290 rumtamen
2507 4232 2614 4305 ipsi
2645 4231 2963 4287 studebant
2995 4229 3148 4283 bona
3181 4227 3312 4293 fide,
3349 4229 3642 4296 quatenus
3703 4242 3795 4280 ro-

2136 4341 2270 4397 gam
2303 4324 2525 4379 eisdem
2577 4321 2920 4378 hominibus
2979 4320 3212 4382 datam,
3272 4314 3665 4372 morientibus
3712 4314 3801 4370 vel

2139 4413 2502 4486 fugientibus
2532 4409 2821 4477 videlicet,
2855 4411 3238 4480 recuperent:
3282 4421 3461 4476 quam
3520 4403 3568 4459 i
3630 4419 3798 4458 recu-

2138 4519 2340 4575 perare
2420 4500 2732 4563 valuerint,
2802 4499 3084 4552 inducent
3161 4495 3309 4551 alios
3376 4510 3480 4566 pro
3565 4493 3650 4549 eis
3733 4493 3796 4548 in

361 4589 636 4647 homines
672 4590 912 4649 Venetie
935 4594 1142 4664 jurare
1176 4592 1368 4651 faciet.
1414 4593 1495 4648 Ex
1553 4609 1622 4648 ex
1678 4608 1795 4664 quo
1854 4591 2026 4648 nobis
2056 4610 2103 4674 D
2137 4593 2336 4665 galeas
2365 4605 2591 4661 eorum,
2620 4593 2722 4644 aut
2752 4589 2997 4644 reddent
3028 4602 3228 4658 regam
3284 4582 3512 4639 homini
3569 4582 3795 4639 domini

361 4680 472 4735 hoc
505 4679 792 4736 concessit
821 4685 877 4737 et
906 4683 1234 4748 conmissit,
1253 4698 1369 4737 non
1397 4680 1452 4736 id
1491 4679 1881 4738 eubvertitvel
1901 4699 2024 4736 mu-

361 4769 525 4824 tavit.
560 4771 630 4826 Et
661 4770 812 4826 sicut
846 4771 951 4826 hec
975 4772 1253 4842 juramus
1310 4772 1434 4826 sine
1485 4771 1690 4825 fraude
1748 4775 1805 4826 et
1862 4769 2021 4828 malo

359 4858 625 4931 ingenio,
659 4859 743 4915 sic
785 4861 1020 4932 adjuvet
1047 4861 1200 4917 Deus
1229 4865 1286 4917 et
1315 4865 1520 4916 sancta
1549 4861 1680 4931 ejus
1725 4859 2028 4933 evangelia

361 4952 421 5004 et
453 4947 815 5006 honorabilis
847 4950 1264 5022 alquevivifica
1294 4967 1437 5006 crux
1459 4950 1788 5021 predictum
1817 4951 2024 5006 ducem

365 5042 639 5095 nostrum
680 5045 737 5095 et
769 5055 896 5105 nos,
929 5044 986 5096 et
1016 5040 1074 5094 in
1106 5041 1215 5096 hoc
1248 5038 1445 5096 seculo
1479 5046 1535 5095 et
1567 5039 1622 5095 in
1663 5040 1879 5096 futuro.
1909 5064 1931 5090 ι»

439 5126 557 5183 Hec
589 5126 771 5200 igitur
793 5129 1087 5200 jurantes,
1113 5133 1170 5185 et
1201 5145 1314 5200 que
1343 5133 1514 5200 pacta
1546 5129 1777 5184 suntab
1808 5129 1892 5185 eis
1925 5147 2025 5185 no-

359 5219 484 5271 stre
513 5215 971 5286 magniﬁcentie,
1005 5221 1158 5273 utex
1198 5219 1364 5288 parte
1413 5215 1664 5288 predicti
1712 5216 2032 5273 nobillissi-

437 5409 554 5554 (49;
587 5411 848 5468 Editores
881 5414 1198 5471 emendant
1232 5431 1244 5472 :
1275 5416 1706 5487 protelaverunt.

439 5483 532 5554 (50
588 5483 713 5539 Lib.
751 5489 1054 5554 pactorum
1081 5503 1094 5540 :
1123 5489 1482 5554 Navagert‘os.

461 5483 554 5556 5Q)
588 5483 713 5556 Lib.
751 5489 1054 5556 pactorum
1081 5503 1094 5540 :
1123 5483 1482 5556 Nava'gerios.

463 5554 555 5629 βξ)
588 5554 892 5629 Legerim:
929 5554 1305 5628 impetrarent}

465 5627 560 5700 βξ)
597 5627 713 5682 Lib.
749 5634 902 5700 pact.
934 5627 1272 5687 accluthum.

467 5698 561 5769 53)
585 5698 850 5760 Editors:
871 5707 1020 5777 conj.
1052 5720 1198 5772 cum.

2137 4679 2533 4754 imperatoris.

2209 4791 2234 4822 α
2268 4769 2434 4838 Item,
2465 4767 2748 4839 jurabunt
2797 4762 3211 4835 unusquisque
3269 4763 3579 4829 comitum,
3641 4760 3794 4833 quod

2135 4860 2475 4914 universum
2508 4860 2855 4929 apparatum
2883 4853 3029 4926 ipsis
3050 4853 3333 4907 traditum
3367 4853 3698 4908 conducent
3723 4851 3796 4905 ad

2136 4948 2418 5004 honorem
2453 4945 2684 5017 imperii
2716 4960 2919 5000 eorum
2977 4947 3034 4996 et
3093 4941 3344 4996 salutem
3413 4938 3598 4995 nostri
3631 4938 3790 4993 stoli.

2137 5037 2414 5092 Homines
2446 5040 2640 5090 autem
2675 5033 2975 5105 galearum
3014 5030 3190 5086 talem
3255 5030 3518 5100 accipere
3576 5027 3795 5082 debent

2139 5141 2365 5198 rogatu,
2399 5123 2630 5197 qualem
2663 5120 2924 5178 Venetici
2949 5120 3103 5192 apud
3155 5117 3476 5190 Coripbum
3543 5115 3794 5186 accipio-

2138 5215 2301 5272 bant.

2214 5413 2326 5482 (54)
2359 5411 2537 5467 [idem
2566 5428 2579 5466 :
2612 5411 2766 5483 ipsis.

2212 5486 2323 5556 (55)
2359 5484 2480 5538 Lib.
2517 5482 2669 5554 pact.
2703 5482 2992 5538 Tninicz‘z’o.

2211 5550 2467 5627 '56)'Quee
2498 5550 2828 5626 sequuntur
2849 5553 3095 5625 repetita
3127 5555 3266 5608 sunt
3285 5567 3354 5607 ex
3384 5551 3526 5607 Nov.
3589 5550 3636 5605 V
3691 5567 3795 5607 su-

2143 5645 2268 5700 pra,
2288 5627 2494 5701 paucis
2524 5627 2786 5683 mutatis.
