4130 6356
362 344 478 402 487

1676 338 1930 399 ISAACI
1979 336 2265 400 ANGELI
2313 339 2475 401 IMP.

3664 342 3786 403 488

442 501 466 532 (ι
494 479 658 544 Item,
691 476 740 532 si
775 475 1088 548 imperium
1113 491 1315 530 eorum
1347 473 1595 528 voluerit
1652 471 1709 526 in
1773 487 2016 526 numero
2046 475 2100 542 Α
2132 489 2276 538 rum,
2309 477 2590 545 tanquam
2614 473 2661 530 si
2687 473 2919 546 proprie
2957 478 3155 530 essent
3203 474 3461 545 Venetie,
3508 479 3789 533 verunta-

369 565 711 640 hujusmodi
743 569 974 621 centum
1014 563 1312 636 galearum
1362 560 1667 618 servitium
1715 560 2020 616 Venetice-

371 677 500 715 rum
533 657 593 712 in
628 656 901 712 universa
933 653 1214 709 Romania
1240 653 1629 716 inventorum,
1661 651 1834 706 debet
1874 649 2021 704 illud

372 748 587 804 habere
617 762 751 801 cum
776 749 858 800 tot
889 743 1109 798 scilicet
1139 741 1344 813 galeis,
1395 745 1534 812 quot
1589 738 1805 794 armari
1857 743 2018 810 pete-

367 842 508 894 runt
538 853 605 892 ex
639 833 888 890 inventis
922 831 1233 898 Venelicis,
1275 847 1338 884 ex
1374 834 1629 900 quatuor
1676 828 1866 884 tribus
1925 827 2020 882 in-

373 927 566 984 ductis
610 923 934 981 secundum
965 936 1275 975 numerum
1310 917 1678 974 inventorum
1713 917 2018 973 Venetico-

364 1034 499 1074 rum
532 1031 666 1071 cum
695 1017 751 1068 et
776 1011 1032 1082 predicta
1055 1026 1213 1081 roga.
1245 1009 1464 1064 Tamen
1487 1024 1600 1064 non
1623 1012 1905 1079 cogentur
1939 1004 2017 1062 vi-

366 1106 511 1180 ginti
542 1117 831 1161 annorum
865 1099 1133 1156 homines
1165 1099 1266 1170 [et]
1319 1097 1472 1153 infra
1519 1097 1715 1170 galeas
1765 1095 2014 1169 ingredi,

363 1210 550 1268 neque
581 1192 883 1264 sexaginta
906 1205 1194 1246 annorum
1228 1193 1282 1244 et
1314 1187 1487 1244 ultra.

439 1325 653 1391 «Item,
683 1323 881 1377 noster
910 1316 1099 1373 stolus
1155 1316 1328 1372 debet
1377 1315 1588 1371 habere
1643 1313 2015 1386 capitaneum

365 1413 452 1471 vel
484 1412 820 1484 capitanees
854 1408 1180 1473 Venetices,
1215 1405 1312 1476 qui
1338 1405 1645 1476 jurabunt,
1667 1403 1821 1474 quod
1871 1418 2013 1458 cen-

361 1505 578 1560 ducent
606 1499 825 1557 stelum
849 1497 919 1554 ad
954 1497 1234 1551 honorem
1261 1493 1489 1565 imperii
1519 1509 1722 1548 eorum
1755 1496 1811 1547 et
1857 1491 2015 1547 salu-

364 1599 482 1650 tem
511 1590 695 1647 nostri
729 1587 862 1644 stoli
896 1587 1049 1641 bona
1077 1585 1189 1640 fide
1247 1584 1373 1640 sine
1432 1584 1636 1638 fraude
1697 1597 1884 1654 usque
1942 1581 2014 1636 ad

360 1682 579 1742 stolum
613 1675 982 1736 celsitudinis
1015 1673 1240 1746 imperii
1275 1690 1497 1729 eorum.

441 1821 462 1853 ι
488 1801 652 1863 item,
686 1796 734 1852 si
767 1797 902 1850 ante
935 1807 1113 1864 quam
1148 1794 1345 1846 noster
1377 1789 1564 1845 stolus
1623 1787 1864 1842 uniatur
1897 1785 2012 1842 im-

361 1889 507 1963 perii
539 1901 744 1943 eorum
768 1880 1233 1950 stele,invenerit
1264 1878 1519 1949 aliquem
1546 1876 1767 1933 stelum
1799 1873 2020 1931 inimici
2049 1857 2095 1922 Β

360 1977 591 2050 imperii
616 1989 842 2038 eorum,
874 1975 931 2027 et
959 1970 1208 2027 voluerit
1238 1970 1287 2023 ci
1317 1983 1522 2023 nocere
1580 1964 1665 2020 vel
1723 1981 1857 2021 eum
1916 1981 2016 2020 ex-

363 2082 645 2140 pugnare,
668 2063 837 2119 faciet
865 2063 950 2116 sic
981 2059 1204 2129 absque
1237 2057 1438 2112 fraude
1465 2061 1522 2112 et
1569 2055 1722 2110 male
1781 2053 2015 2124 ingenio

359 2157 577 2227 aliquo.
612 2154 930 2222 Postquam
961 2164 1093 2203 vero
1119 2146 1306 2202 stolus
1337 2150 1536 2201 noster
1579 2145 1782 2198 unitus
1842 2143 2016 2198 fuerit

363 2245 514 2302 stole
546 2239 918 2314 imperatoria
950 2235 1356 2305 sublimitatis,
1419 2235 1632 2289 debent
1692 2231 2013 2301 numerari,

362 2334 460 2406 qui
496 2334 552 2387 in
584 2330 766 2404 galeis
787 2332 977 2394 erunt,
1013 2345 1046 2382 a
1076 2327 1377 2397 eapitaneo
1435 2322 1590 2378 stolii
1637 2321 1870 2393 imperii
1918 2337 2013 2376 ee-

363 2441 513 2490 rum,
549 2422 595 2477 si
633 2421 757 2492 ipse
789 2417 1068 2484 voluerit;
1119 2421 1176 2470 et
1209 2413 1424 2469 inventi
1457 2413 1694 2484 quidem
1737 2415 1908 2466 erunt
1952 2410 2010 2466 in

361 2511 596 2569 servitio
625 2506 994 2565 celsitudinis
1025 2503 1254 2576 imperii
1285 2519 1484 2558 eorum
1513 2519 1525 2570 ;
1558 2501 1828 2558 absentes
1880 2516 2011 2556 vere

365 2602 629 2659 studiose
661 2615 724 2653 ac
754 2599 908 2653 bona
941 2595 1053 2649 ﬁde
1084 2594 1372 2648 curabunt
1394 2591 1644 2663 reperire
1675 2589 2012 2660 Venetici,si

369 2691 684 2765 potuerint,
717 2692 774 2744 et
806 2701 1120 2742 numerum
1153 2682 1494 2755 adimplere.

434 2810 650 2877 «Item,
684 2805 1022 2876 capitaneus
1055 2800 1139 2854 vel
1175 2798 1465 2871 capitanei
1528 2797 1710 2852 nostri
1763 2795 1895 2851 stoli
1955 2798 2012 2851 et

358 2900 601 2955 comites
629 2900 686 2952 et
717 2890 1016 2959 nauclerii,
1055 2906 1158 2944 nec
1187 2905 1300 2944 non
1345 2893 1401 2942 et
1462 2887 1779 2959 prodenses
1831 2891 1885 2940 et
1941 2901 2010 2941 ex

359 3002 712 3060 unaquaque
753 2982 1051 3056 galearum
1108 2979 1306 3033 decem
1365 2977 1629 3032 homines
1702 2975 2006 3044 jurabunt,

361 3079 514 3150 quod
546 3076 816 3132 obedient
849 3074 1132 3143 praecepto
1163 3066 1451 3140 capitanei
1502 3065 1635 3122 stoli
1686 3065 1760 3119 im
1776 3068 2007 3136 perato-

363 3169 444 3224 rie
467 3163 834 3223 celsitudinis
887 3159 1116 3232 imperii
1170 3173 1394 3227 eorum,
1445 3157 1516 3210 ad
1583 3154 1862 3210 honorem
1949 3157 2007 3209 et

358 3257 610 3315 salutem
645 3248 828 3309 nostri
859 3227 1016 3314 stoli,
1048 3248 1175 3303 sine
1208 3245 1409 3301 fraude
1448 3249 1504 3300 et
1535 3243 1688 3300 male
1745 3243 1998 3315 ingenio,
2032 3227 2074 3294 C

357 3351 414 3402 et
441 3345 596 3417 quod
631 3358 746 3398 una
775 3355 908 3395 cum
940 3336 1088 3394 stole
1120 3335 1349 3406 imperii
1399 3349 1601 3391 corum
1658 3349 2006 3405 persequen-

359 3440 456 3490 tur
503 3431 719 3487 stelum
764 3427 987 3483 inimici
1048 3424 1374 3495 majestatis
1433 3423 1827 3496 imperatorio,
1885 3421 2006 3477 sive

355 3520 668 3580 Christiani
704 3519 823 3574 sint
853 3517 970 3572 sive
1005 3513 1254 3587 pagani;
1306 3517 1362 3568 et
1417 3513 1719 3568 offendunt
1765 3527 1900 3566 eum
1951 3515 2010 3567 et

356 3610 778 3684 expugnabunt
808 3613 864 3662 et
896 3610 1338 3678 persequentur,
1376 3602 1741 3674 intereatque
1786 3601 1838 3656 ei
1885 3617 2000 3656 ma-

358 3700 504 3765 lum,
539 3699 692 3770 quod
728 3696 939 3750 inferre
969 3692 1264 3756 valebunt,
1301 3691 1449 3746 bona
1481 3692 1613 3754 fide,
1647 3691 1774 3746 sine
1807 3689 2008 3745 fraude

359 3794 416 3845 et
442 3788 596 3844 male
621 3785 894 3858 ingenio;
928 3789 985 3839 et
1043 3782 1476 3854 impugnabant
1518 3797 1673 3847 eum,
1744 3778 2006 3850 quandiu

359 3883 418 3933 et
447 3876 635 3932 stelus
692 3871 922 3946 imperii
980 3887 1182 3927 eorum
1243 3868 1615 3941 impugnabit
1664 3885 1794 3924 cum
1857 3869 2010 3923 bona

361 3967 494 4034 ﬁde,
523 3965 648 4022 sine
681 3963 902 4019 fraude.
941 3962 1008 4016 Et
1045 3961 1094 4015 si
1141 3959 1339 4030 aliqua
1399 3959 1504 4029 [in]
1564 3963 1851 4013 terrarum
1902 3957 2010 4012 ini-

357 4055 491 4112 mici
520 4053 838 4126 imperialis
871 4049 1241 4107 celsitudinis
1273 4049 1509 4120 ceperit,
1544 4049 1828 4104 debemus
1860 4047 1918 4101 in
1942 4063 2010 4103 ea

356 4145 662 4203 ecclesiam
693 4148 749 4199 et
777 4141 1073 4197 embolum
1109 4144 1166 4195 et
1205 4139 1422 4194 scalam
1484 4138 1699 4194 habere
1755 4141 1812 4192 et
1866 4154 2008 4192 cen-

355 4249 584 4290 servare
643 4232 769 4286 sine
818 4229 977 4285 omni
1037 4228 1292 4282 datiene.
1361 4226 1755 4281 Verumtamen
1821 4224 2008 4282 stolus

353 4321 585 4394 imperii
616 4336 817 4376 eorum
851 4319 1020 4374 debet
1048 4322 1246 4372 tantus
1291 4332 1440 4383 esse,
1497 4320 1755 4385 quantus
1805 4319 1861 4370 et
1907 4332 2009 4370 no-

355 4419 495 4477 ster,
545 4414 647 4465 aut
700 4408 969 4480 amplior.
1021 4411 1334 4477 Postquam
1396 4408 1590 4460 autem
1666 4404 2009 4476 hujusmodi

357 4500 660 4557 servitium
696 4496 937 4568 imptrio
969 4512 1168 4553 eorum
1203 4493 1551 4566 peregerint,
1583 4493 1796 4547 debent
1837 4492 2011 4547 habe-

2135 577 2266 616 men
2297 579 2430 618 cum
2456 563 2746 636 imperiali
2777 580 3051 636 expensa.

2205 653 2368 719 Item,
2403 652 2451 707 si
2478 654 2550 708 ob
2581 657 2928 725 gravitatem
2953 655 3212 726 aliquam
3243 653 3588 725 hujusmodi
3619 653 3790 727 galee

2131 742 2844 812 nequiverintsecundum
2878 745 3163 816 prolixum
3199 744 3516 800 terminum
3559 743 3631 799 de
3684 743 3790 801 Ve-

2131 830 2287 886 netia
2321 831 2532 900 venire,
2596 833 2824 902 (debent)
2882 833 2940 887 in
2975 834 3304 898 servitium
3368 833 3504 888 stoli
3555 833 3792 905 imperii

2129 935 2330 976 eorum
2355 921 2581 993 ingredi
2610 921 2867 977 universi
2901 921 2959 976 in
3011 921 3295 978 Romanis
3334 921 3554 978 inventi
3593 925 3786 977 Vene-

2128 1009 2248 1076 tici,
2275 1011 2601 1066 secundum
2633 1012 2786 1082 quod
2822 1015 3095 1084 superius
3125 1011 3486 1068 declaratum
3519 1015 3628 1079 est,
3673 1011 3789 1068 sci-

2127 1098 2262 1155 licet
2291 1100 2361 1156 de
2389 1101 2460 1156 IV
2492 1105 2630 1169 tres,
2656 1117 2790 1156 cum
2823 1118 3005 1173 supra
3035 1102 3255 1175 scripta
3287 1117 3443 1173 roga.

2197 1202 2416 1268 «Item,
2449 1199 2498 1256 si
2530 1216 2594 1256 eo
2627 1198 2804 1272 [rum]
2830 1199 3077 1272 imperio
3131 1200 3364 1272 expedit
3419 1187 3785 1271 adjutorium

2126 1287 2198 1342 ad
2229 1287 2550 1344 vindictam
2584 1289 3076 1361 terreimperialis
3127 1287 3494 1345 celsitudinis
3552 1289 3624 1344 ob
3677 1287 3784 1344 ali-

2125 1393 2296 1448 quem
2330 1377 2638 1434 inimicum
2673 1378 2730 1434 in
2784 1377 3130 1436 Romaniam
3189 1377 3597 1452 ingressurum
3645 1393 3784 1434 cum

2125 1465 2308 1538 galeis
2337 1467 2729 1541 quadraginta
2756 1472 2858 1523 aut
2917 1467 3210 1540 pluribus,
3255 1471 3313 1523 et
3355 1466 3556 1538 nequit
3603 1466 3787 1539 impe-

2127 1555 2279 1610 rium
2311 1572 2512 1612 eorum
2548 1574 2649 1629 pro
2681 1557 2895 1613 auxilio
2945 1558 3172 1613 mittere
3229 1556 3556 1623 Venetiam,
3611 1555 3788 1612 debet

2126 1645 2504 1717 imperatoria
2553 1648 2831 1718 maiestas
2881 1647 3180 1704 Venetices
3240 1646 3515 1702 inducere
3564 1646 3635 1700 ad
3679 1661 3786 1701 sue

2124 1739 2273 1790 terre
2299 1735 2696 1792 defensionem
2730 1741 2936 1793 contra
2993 1736 3401 1807 hujuscemodi
3451 1735 3782 1803 inimicum,

2126 1824 2395 1881 inventos
2427 1826 2484 1881 in
2512 1843 2725 1899 magna
2757 1827 2900 1882 urbe
2949 1825 3215 1882 videlicet
3270 1830 3327 1882 et
3381 1825 3579 1881 circha
3626 1840 3782 1894 eam,

2126 1916 2182 1969 et
2214 1915 2284 1970 ab
2315 1931 2384 1970 en
2421 1914 2564 1971 locis
2587 1915 2925 1990 jacentibus
2985 1915 3184 1972 circha
3214 1931 3343 1971 eam
3414 1931 3619 1971 versus
3677 1931 3780 1969 er-

2128 2007 2251 2057 tuin
2286 2008 2342 2058 et
2373 2021 2576 2061 versus
2606 2021 2880 2060 occasum
2930 2021 3118 2078 usque
3165 2003 3237 2060 ad
3269 2003 3535 2072 Avidum,
3581 2002 3784 2076 ibique

2126 2091 2398 2148 similiter
2426 2099 2708 2166 repertos,
2768 2097 2824 2149 et
2881 2094 2939 2149 in
2993 2094 3185 2160 terris,
3246 2110 3359 2166 que
3408 2093 3562 2149 infra
3616 2096 3778 2165 sunt,

2127 2199 2312 2253 usque
2344 2182 2769 2254 Filadelphiam
2801 2183 2934 2238 etin
2959 2200 3047 2251 ea,
3080 2187 3138 2239 et
3169 2199 3355 2254 usque
3379 2182 3642 2252 Adriam,
3676 2200 3778 2254 po-

2123 2269 2226 2326 lim
2259 2275 2316 2328 et
2345 2273 2402 2326 in
2435 2289 2522 2338 ea,
2555 2290 2622 2328 ex
2655 2277 2910 2344 quatuor
2941 2277 3081 2343 tres,
3107 2289 3240 2328 cum
3274 2277 3358 2327 tot
3388 2272 3595 2344 galeis,
3630 2278 3777 2344 quot

2124 2377 2351 2416 armare
2402 2361 2698 2428 valebuut,
2747 2361 2964 2417 inventi
3043 2362 3370 2418 secundum
3445 2362 3776 2433 predictum

2123 2451 2411 2515 ordinem,
2443 2467 2578 2506 cum
2611 2451 2788 2506 etiam
2819 2452 3133 2507 manifesta
3185 2469 3343 2524 nega.
3397 2450 3526 2506 Tali
3580 2452 3780 2523 itaque

2125 2539 2295 2594 modo
2329 2539 2547 2610 talique
2578 2541 2780 2596 ordine
2803 2539 3177 2611 juvabuntet
3202 2540 3536 2596 detfendent
3569 2540 3778 2596 Rema-

2123 2627 2281 2683 niam
2317 2629 2574 2684 Venetici
2607 2634 2803 2684 contra
2834 2645 3069 2684 omnem
3103 2628 3404 2685 hominem
3432 2633 3778 2686 coronatum

2121 2721 2179 2772 et
2201 2733 2313 2772 non
2338 2721 2701 2787 coronatum,
2730 2721 2786 2772 et
2829 2723 3036 2774 contra
3091 2735 3326 2774 omnem
3375 2724 3609 2789 gentem
3669 2722 3781 2775 Re-

2122 2806 2378 2862 maniam
2401 2824 2607 2863 nocere
2637 2807 2947 2874 volentem,
2985 2812 3158 2880 prout
3203 2809 3478 2880 superius
3517 2808 3778 2864 declara-

2117 2899 2244 2952 tum
2268 2900 2355 2952 est
2381 2914 2392 2965 ;
2428 2901 2484 2951 et
2515 2900 2718 2952 contra
2749 2897 2944 2968 ipsum
2979 2913 3172 2969 regem
3193 2896 3524 2953 Alemanie.

2192 3017 2217 3045 ‹‹
2243 2993 2466 3064 Item,si
2496 2993 2816 3066 imperium
2846 3011 3046 3050 eorum
3077 2993 3570 3051 velueritmittcre
3594 2993 3771 3051 Vene-

2116 3085 2256 3139 tiam
2307 3083 2573 3139 homines
2626 3087 2729 3139 aut
2805 3083 3100 3150 vestiaris,
3159 3083 3350 3156 gratia
3405 3084 3766 3140 conducendi

2116 3171 2333 3228 milites
2359 3176 2458 3228 aut
2489 3174 2560 3228 de
2592 3172 2940 3228 Lembardia
2971 3177 3073 3228 aut
3107 3173 3177 3226 ab
3205 3172 3319 3228 alia
3342 3179 3511 3236 terra,
3568 3175 3622 3227 et
3677 3171 3758 3224 di-

2113 3261 2430 3332 spensandi
2454 3261 2525 3316 ad
2557 3261 2832 3318 honorem
2857 3266 2912 3317 et
2932 3262 3247 3317 utilitatem
3269 3261 3580 3334 spectantis
3608 3264 3761 3316 terre

2116 3349 2482 3406 celsitudinis
2511 3367 2734 3422 eorum,
2798 3351 2994 3407 licebit
3051 3353 3108 3406 et
3163 3350 3271 3406 hoc
3317 3351 3420 3416 eis,
3480 3347 3594 3405 nisi
3651 3347 3763 3405 hoc

2117 3443 2320 3495 contra
2348 3440 2639 3496 Venetiam
2672 3441 2769 3496 sit.
2803 3440 3026 3495 Debent
3050 3444 3244 3495 autem
3318 3438 3570 3495 Venetici
3621 3437 3766 3494 reci-

2118 3545 2251 3600 pere
2299 3529 2570 3585 homines
2618 3535 2675 3585 et
2733 3529 3043 3600 peccunias
3103 3534 3160 3586 et
3207 3528 3482 3585 vestiaria
3538 3527 3771 3601 imperii

2117 3635 2342 3684 eorum,
2374 3623 2430 3674 et
2461 3620 2771 3674 defendere
2809 3625 2866 3674 et
2885 3619 3154 3675 homines
3197 3624 3254 3674 et
3311 3618 3627 3690 peccunias
3674 3633 3773 3674 eo-

2118 3723 2250 3764 rum
2281 3709 2353 3764 ab
2384 3709 2659 3764 omnibus
2688 3707 2965 3764 inimicis.
3006 3712 3422 3763 Verumtamen
3456 3707 3776 3764 clementia

2119 3797 2347 3869 imperii
2375 3815 2576 3854 eorum
2611 3815 2724 3853 non
2753 3798 2924 3853 debet
2953 3797 3198 3853 Venetia
3256 3797 3476 3854 stolum
3527 3798 3775 3853 educere

2120 3886 2205 3942 vel
2228 3889 2546 3942 exercitum
2579 3891 2781 3942 contra
2811 3887 3092 3958 aliquem,
3139 3903 3275 3944 cum
3335 3904 3451 3958 quo
3512 3886 3775 3942 Venetici

2117 3977 2334 4032 habent
2362 3975 2638 4031 unionem
2661 3980 2717 4030 et
2749 3993 3029 4032 amorem.

2189 4076 2408 4140 «Item,
2441 4074 2488 4129 si
2521 4073 2836 4147 imperium
2870 4074 3117 4130 voluerit
3141 4090 3243 4146 per
3293 4079 3488 4146 partes
3536 4073 3776 4130 Venetie

2119 4163 2336 4219 milites
2366 4164 2424 4219 in
2463 4164 2806 4219 Romaniain
2839 4165 3076 4230 ducere,
3111 4163 3310 4220 licebit
3343 4168 3396 4219 et
3426 4163 3535 4218 hoc
3593 4162 3776 4236 impe-

2119 4253 2203 4309 rio
2235 4270 2462 4323 eorum,
2497 4253 2609 4309 nisi
2644 4253 2754 4325 ipsi
2791 4254 3085 4308 manifesti
3117 4252 3340 4308 inimici
3373 4252 3610 4309 Venetie
3632 4253 3773 4322 sint,

2117 4347 2219 4399 aut
2243 4342 2478 4399 Venetia
2510 4344 2792 4415 impedita
2823 4344 2918 4412 sit,
2954 4344 3079 4398 sine
3111 4343 3312 4397 fraude
3368 4348 3426 4398 et
3470 4341 3625 4397 male
3690 4343 3776 4397 in-

2117 4433 2289 4506 genio
2321 4432 2539 4504 alique.
2569 4437 2716 4488 Nam
2748 4437 3042 4488 transacto
3075 4432 3495 4502 impedimento
3546 4431 3775 4488 licitum

2119 4523 2353 4590 eriteis,
2383 4521 2502 4577 sive
2525 4521 2632 4578 soli
2659 4523 2877 4578 fuerint
2910 4523 3030 4579 sive
3081 4538 3214 4576 cum
3274 4521 3531 4593 familiis,
3591 4525 3781 4578 trans-

358 4606 417 4645 Γθ
448 4607 515 4644 ex
546 4586 748 4682 galeis,
785 4602 897 4682 Ψξθ
941 4586 1012 4682 δέ
1052 4584 1294 4682 Vane“?
1340 4586 1652 4682 fulvum“
1703 4582 1784 4682 ,δά
1836 4599 2005 4638 suam
2039 4604 2082 4668 D
2115 4610 2217 4665 ire.
2253 4610 2369 4665 Hoc
2419 4615 2616 4665 autem
2677 4609 2913 4666 servitia
2953 4611 3166 4666 debent
3218 4609 3474 4666 Venetici
3530 4609 3778 4682 imperio

354 4677 744 4734 reversionem
769 4673 966 4747 galeas
991 4676 1092 4739 tet,
1118 4671 1270 4743 quod
1304 4671 1386 4726 eis
1427 4670 1752 4726 necessarie
1796 4687 2002 4728 conve-

355 4767 582 4823 nienter
611 4771 804 4832 erunt,
842 4770 898 4819 et
919 4763 1044 4818 sine
1075 4763 1274 4816 fraude
1305 4766 1360 4815 et
1395 4760 1690 4816 benafide.

425 4893 638 4960 «Item,
704 4893 1012 4962 postquam
1073 4884 1413 4956 hujusmedi
1472 4884 1633 4956 galee
1701 4884 2002 4940 Venetiam

356 4983 740 5055 pervenerint,
778 4977 825 5032 si
859 4992 1057 5031 eorum
1114 4973 1426 5044 imperium
1489 4974 1738 5029 voluerit
1794 4991 1892 5030 eas
1942 4974 2002 5029 in

357 5071 702 5128 Romaniam
736 5081 972 5122 rursum
1005 5063 1203 5119 reduci
1236 5081 1269 5118 a
1310 5063 1616 5133 Veneticis,
1649 5065 1746 5119 ﬁet
1785 5063 1868 5120 sic
1902 5082 1914 5131 ;
1948 5068 2004 5119 et

355 5160 765 5233 unusquisque
795 5171 1018 5224 eorum,
1052 5152 1152 5226 qui
1179 5169 1276 5208 eas
1301 5153 1554 5220 reducet,
1588 5152 1759 5208 debet
1788 5152 2002 5208 habere

353 5250 584 5322 proprie
612 5245 896 5302 mercedis
925 5243 1302 5316 gr.xtia,qued
1336 5247 1651 5314 conpetens
1682 5247 1770 5296 est
1800 5258 2002 5298 secun-

351 5340 771 5407 dumtempus.
805 5332 863 5390 Si
887 5337 1081 5389 autem
1135 5332 1446 5404 imperium
1506 5349 1707 5388 eorum
1757 5330 2003 5386 voluerit

353 5445 453 5499 per
482 5425 628 5481 alias
663 5439 944 5496 personas
985 5421 1106 5477 sive
1155 5437 1256 5493 per
1295 5420 1554 5491 aliquast
1605 5419 2000 5492 dispensatio-

355 5532 490 5572 nem
524 5514 912 5571 reversionem
945 5527 1143 5567 earum
1178 5510 1299 5566 ﬁeri
1333 5510 1391 5565 in
1427 5515 1638 5565 terram
1671 5525 1794 5565 suae
1842 5508 2005 5565 celsi-

356 5602 606 5668 tudinis,
643 5602 838 5658 licebit
871 5607 926 5658 et
957 5601 1065 5656 hoc
1096 5600 1167 5656 ei.
1193 5599 1254 5656 Si
1286 5616 1418 5655 vero
1451 5599 1720 5655 volluerit
1774 5616 1873 5654 eas
1922 5599 2001 5654 ibi

353 5689 657 5760 custodiri,
695 5691 1100 5750 custodiantur
1156 5690 1227 5746 ad
1285 5689 1566 5745 honorem
1612 5687 1845 5761 imperii
1902 5705 2002 5746 eo-

2113 4716 2311 4756 eorum
2339 4704 2394 4754 et
2428 4700 2705 4756 Romanis
2736 4699 2973 4767 servire,
3010 4699 3122 4755 nisi
3164 4699 3509 4755 manifestas
3572 4699 3775 4754 inimi—

2112 4788 2288 4845 cieias
2318 4788 2530 4845 habeat
2553 4789 2626 4843 ab
2655 4789 2855 4861 aliqua
2885 4793 3162 4845 coronata
3184 4805 3434 4862 persona
3465 4787 3552 4844 vel
3575 4789 3775 4861 aliqua

2113 4895 2328 4950 magna
2360 4883 2532 4943 terra,
2594 4878 2674 4932 ita
2733 4880 2885 4949 quod
2945 4878 3248 4934 servitium
3299 4878 3412 4951 ipsi
3473 4883 3772 4950 nequeant

2114 4967 2322 5037 facere,
2355 4968 2482 5022 sine
2509 4967 2712 5022 fraude
2741 4972 2796 5022 et
2827 4967 2980 5023 male
3011 4967 3267 5039 ingenio.

2187 5065 2384 5121 «Item
2419 5066 2651 5136 debent,
2689 5066 2785 5139 qui
2821 5083 2924 5138 per
2971 5073 3237 5136 tempera
3278 5065 3468 5122 Duces
3528 5065 3763 5120 Venetia

2110 5155 2556 5228 erunt,imperie
2587 5171 2789 5210 eorum
2837 5159 2894 5210 et
2928 5155 3244 5211 heredibus
3305 5170 3506 5210 eorum
3535 5169 3759 5209 mascu-

2112 5243 2183 5299 lis
2214 5248 2272 5300 et
2302 5244 2653 5300 mulieribus
2704 5243 3104 5316 imperaturis,
3154 5244 3275 5299 sive
3327 5243 3466 5314 hiis,
3526 5240 3621 5313 qui
3692 5257 3761 5294 ex

2110 5339 2381 5406 precepte
2434 5351 2635 5389 eorum
2693 5333 2941 5405 imperio
2997 5333 3395 5405 imperabunt,
3453 5337 3513 5388 et
3570 5331 3771 5400 fidem,

2111 5423 2427 5479 servabunt
2458 5421 2634 5478 etiam
2667 5438 2796 5478 eam
2829 5427 3031 5478 contra
3062 5439 3298 5478 onmem
3332 5421 3633 5478 hominem
3677 5437 3775 5477 co-

2113 5517 2411 5588 ronatum,
2442 5517 2500 5569 et
2530 5529 2645 5569 non
2677 5517 3052 5580 ccneratum,
3100 5511 3260 5567 salvo
3313 5528 3400 5582 ee,
3455 5511 3610 5582 quod
3675 5527 3785 5584 per

2105 5603 2513 5673 juramentum
2545 5601 2761 5658 debent
2776 5600 3013 5657 Venetis
3027 5601 3354 5657 secundum
3370 5600 3523 5673 quod
3543 5603 3600 5654 et
3613 5617 3780 5663 nunc

2113 5692 2232 5748 dux
2264 5690 2493 5750 Venetis
2520 5707 2625 5749 nos
2660 5690 2944 5750 Henricus
2974 5689 3301 5761 Dandulus,
3320 5689 3680 5762 juravimus.
