4130 6370
362 393 485 458 489

1513 386 1904 450 NOVELLE
1947 384 2646 450 CONSTITUTIONES.

2109 25 2134 29 ,Α
2151 23 2264 30 -.-—.—~—-
2273 22 2470 31 -..——.-——.‘-
2477 23 2488 28 --
2499 23 2622 31 ιαμ-ιγ’.
2631 21 2768 32 έηε-υ*
2775 25 2800 30 -..
2809 23 2876 30 --..-..

3661 398 3785 462 490

434 549 457 575 κ
493 527 660 596 Item,
693 527 741 583 si
777 528 1154 584 inimicorum
1185 525 1422 598 imperii
1473 521 1690 593 aliquis
1724 517 2013 574 insultum
2048 519 2105 587 Α
2133 535 2264 574 nem
2289 519 2612 590 habebunt,
2646 526 2705 578 et
2725 527 3005 595 tanquam
3035 527 3187 583 facta
3219 530 3290 584 ab
3339 531 3584 603 imperio
3649 549 3780 591 meo

354 615 558 670 fecerit
587 617 657 670 ad
695 617 1168 688 impugnandum
1201 615 1461 687 aliquam
1494 617 1784 666 terrarum
1842 607 2016 662 celsi-

353 703 584 760 tudinis
617 720 841 774 eorum,
875 706 934 760 in
970 723 1084 777 qua
1116 709 1255 760 sunt
1282 701 1570 770 Venetici,
1615 699 1835 753 debent
1884 711 2014 751 eam

354 793 667 847 defendere
700 793 1046 858 Venetici,et
1077 793 1350 848 inimicos
1383 789 1668 859 expellere
1701 789 1771 842 ab
1803 787 2012 855 hujus-

353 883 512 937 modi
547 887 905 953 terra,prout
931 883 1360 954 possunt,bona
1393 881 1507 934 ﬁde
1538 883 1594 933 et
1628 877 1754 932 sine
1786 875 2012 942 fraude.

427 993 456 1020 «
486 971 647 1026 Hanc
678 973 878 1043 itaque
909 973 1354 1027 conventionem
1386 970 1619 1024 ﬁrmam
1679 965 2012 1021 custodient

351 1059 632 1126 Venetici,
665 1065 724 1115 et
756 1061 862 1116 hoc
895 1065 1334 1115 sacramentum
1369 1060 1627 1123 ﬁrmum,
1688 1061 1745 1111 et
1778 1071 1881 1110 nec
1936 1053 2010 1109 ob

351 1148 498 1204 iram
529 1149 675 1220 ipsis
707 1149 932 1204 illatam
968 1166 1201 1221 semper
1233 1146 1601 1204 memorandi
1635 1143 2008 1216 imperatoris

353 1239 570 1293 domini
603 1238 891 1294 Mauuelis
923 1237 1430 1310 Porphyrogeniti,
1466 1252 1568 1291 nec
1597 1236 1669 1290 ob
1702 1234 1878 1288 etiam
1903 1232 2008 1286 ali-

350 1341 524 1395 quam
566 1326 934 1382 occasionem
995 1328 1141 1398 ipsis
1203 1327 1441 1394 factam,
1494 1339 1600 1379 nec
1649 1340 1752 1395 pro
1811 1321 2008 1392 aliquo

343 1419 616 1486 precepto
676 1415 765 1469 vel
857 1415 1070 1470 timore
1126 1410 1380 1484 alicujus
1427 1418 1703 1468 coronate
1762 1427 2008 1482 persone

339 1500 428 1555 vel
460 1519 576 1556 non
612 1507 910 1572 coronate,
942 1501 1028 1557 vel
1064 1503 1254 1574 ipsius
1286 1502 1438 1573 regis
1489 1500 1853 1565 Alemannis,
1902 1515 2007 1552 nec

340 1608 445 1663 pro
474 1589 675 1663 aliqua
705 1593 1316 1647 excommunicatione
1347 1590 1748 1646 ecclesiastica
1777 1588 1864 1643 vel
1912 1604 2004 1642 sc-

349 1679 574 1735 lutione
605 1679 856 1750 alicujus
879 1680 1248 1750 pontiﬁcum,
1281 1682 1382 1734 aut
1436 1677 1629 1749 ipsius
1691 1691 1874 1746 papae
1907 1691 2006 1728 ur-

342 1768 436 1824 bis
486 1772 685 1837 Rome,
745 1758 1093 1838 hujusmodi
1180 1767 1489 1822 violabunt
1559 1764 2002 1819 conventionem

345 1857 894 1930 veljuramentum.
951 1861 1067 1912 Hec
1149 1861 1345 1912 autem
1415 1856 1614 1912 omnia
1671 1853 2081 1952 custodientB

347 1947 610 2003 Venetici
644 1947 796 2002 bona
826 1946 960 2013 fide,
995 1946 1121 2001 sine
1156 1946 1359 2001 fraude
1418 1949 1476 1999 et
1529 1944 1684 1999 malo
1743 1941 2000 2014 ingenio,

351 2037 634 2108 quamdiu
669 2037 741 2091 ah
764 2036 1014 2107 imperio
1037 2052 1240 2091 eorum
1274 2040 1330 2090 et
1365 2033 1840 2106 imperatoribus,
1903 2031 1998 2100 qui

349 2127 625 2198 deinceps
681 2130 872 2190 erunt,
907 2126 1134 2194 integre
1165 2128 1600 2194 conservantur,
1662 2139 1775 2194 que
1833 2121 2002 2175 nobis

343 2215 643 2287 promissa
671 2223 810 2270 sunt
848 2231 880 2269 a
923 2214 1303 2268 sanctissimo
1361 2213 1714 2283 imperatore
1765 2211 2000 2265 domino

339 2303 544 2359 Alexio
576 2306 874 2359 Comnano
908 2320 1009 2375 per
1040 2302 1404 2358 crisobulum
1437 2301 1673 2373 imperii
1707 2302 1856 2370 ejus.
1896 2323 1916 2348 ιι

415 2396 482 2449 Et
515 2411 628 2466 que
661 2394 900 2464 quidem
935 2393 1316 2464 suprascripti
1354 2391 1798 2464 prudentissimi
1827 2389 2002 2462 legati

344 2483 706 2541 nobilissimi
727 2489 784 2538 et
805 2482 1158 2538 ﬁdellissimi
1190 2481 1436 2552 imperio
1469 2498 1596 2536 meo
1622 2478 2004 2552 protosevasti

343 2580 402 2630 et
433 2573 609 2628 Ducis
647 2572 904 2639 Venetie,
941 2570 1168 2625 Henrici
1220 2570 1494 2638 Danduli,
1559 2570 1627 2623 ad
1687 2569 2004 2640 imperium

342 2679 544 2720 meum
578 2665 636 2717 et
667 2661 1014 2717 Romaniam
1050 2659 1402 2732 pepigerunt
1432 2663 1489 2714 et
1515 2660 1888 2729 juraverunt,
1949 2662 2006 2713 et

347 2757 407 2811 in
440 2753 664 2825 scripto
691 2753 763 2808 ab
797 2752 882 2807 eis
906 2751 1245 2823 subscripto
1277 2751 1846 2822 comprehendentes
1893 2749 2003 2803 im-

353 2843 512 2915 perio
545 2857 674 2896 meo
705 2840 1334 2910 tradiderunt,jurandi
1359 2840 1470 2911 (57)
1504 2843 1558 2894 et
1590 2839 1662 2893 ab
1694 2838 1821 2908 ipso
1852 2838 2008 2892 Duce

360 2947 556 2986 eorum
587 2936 645 2985 et
674 2933 796 2984 tota
831 2927 1068 2985 Venetia
1097 2928 1549 2999 hec.Imperium
1582 2932 1776 2982 autem
1808 2943 2007 2982 meum

358 3021 461 3076 hec
489 3018 1090 3091 suscipiens,presens
1113 3018 1531 3090 chrysobulum
1557 3019 1801 3072 verbum
1830 3033 2006 3072 suum

353 3109 689 3166 transmisit
719 3107 1112 3163 nobillissimo
1134 3113 1191 3163 et
1211 3106 1574 3163 ﬁdellissims
1608 3107 1850 3179 imperio
1882 3123 2008 3162 meo

352 3201 757 3272 protcsevasto
787 3201 844 3252 et
876 3196 1014 3251 Duci
1038 3196 1279 3252 Venetis
1309 3202 1366 3251 et
1420 3197 1726 3252 universae
1773 3195 2009 3252 Venetis

350 3286 706 3362 plenitudini
731 3303 834 3358 per
862 3285 1094 3357 imperii
1118 3285 1229 3341 mei
1252 3285 1510 3358 legatum
1538 3285 1681 3340 illuc
1698 3286 2009 3341 directum.

347 3395 456 3451 per
484 3374 1091 3432 honorabillissimum
1131 3379 1188 3430 et
1205 3374 1553 3430 familiarem
1601 3374 1849 3445 imperio
1884 3390 2013 3430 meo

347 3464 818 3540 protonotarium
852 3464 962 3535 (58)
985 3463 1419 3518 vicedominum
1445 3463 1820 3518 Theodorum
1852 3462 2012 3518 Auli-

351 3554 647 3611 calamum
680 3551 814 3624 (59),
850 3552 1006 3624 quod
1040 3550 1462 3622 cbrysobulum
1491 3551 1734 3606 verbum
1794 3550 2018 3607 scilicet

352 3642 647 3718 promittit
676 3641 786 3709 eis,
817 3640 1096 3713 quoniam
1157 3639 1552 3696 nobillissimo
1610 3641 1759 3695 duce
1814 3657 2014 3696 eorum

354 3733 760 3807 protosevasto
791 3733 847 3785 et
877 3745 1091 3801 magno
1117 3732 1174 3785 et
1205 3745 1382 3801 parvo
1414 3728 1657 3786 consilio
1685 3729 2018 3797 Venetie,ac

359 3821 481 3878 alia
500 3822 629 3893 ejus
651 3817 1017 3892 plenitudine
1038 3817 1496 3889 suscipientibus
1510 3818 2016 3891 hoc,sacramento

359 3926 600 3985 quoque
630 3908 956 3964 secundum
980 3923 1146 3962 suam
1163 3907 1652 3963 consuetudinem
1666 3909 2019 3966 conﬁrman-

359 3999 548 4068 tibus,
583 4001 639 4054 et
668 3996 728 4051 in
761 3997 977 4068 scripto
1001 3996 1356 4069 ponentibus
1406 3997 1514 4053 hec
1573 3999 1773 4053 omnia
1830 3999 2017 4055 conti-

360 4087 614 4157 nenti,el
646 4085 1014 4158 propriarum
1047 4102 1292 4141 suarum
1325 4103 1610 4142 manuum
1643 4088 2023 4160 subscriptio-

361 4178 542 4235 nibus
568 4175 629 4231 id
660 4175 1235 4242 consummantibus,
1266 4179 1323 4232 et
1352 4193 1484 4230 cum
1535 4176 1794 4248 predicto
1827 4182 2020 4249 proto-

367 4267 598 4325 notario
628 4265 875 4334 imperio
929 4281 1058 4320 meo
1108 4265 1166 4319 id
1199 4265 1587 4332 mittentibus,
1621 4267 1885 4321 tradetur
1939 4269 2024 4323 eis

367 4356 445 4410 ab
477 4369 542 4409 eo
573 4367 814 4425 presens
847 4351 1267 4425 chrysobulum
1297 4353 1538 4407 verbum
1595 4353 1828 4424 imperii
1887 4353 2023 4424 mei,

367 4443 758 4500 corroborans
781 4443 838 4496 et
857 4441 1217 4497 conﬁrmans
1230 4440 1874 4514 ﬁdellissimisimperio
1897 4459 2026 4498 meo

361 4530 662 4587 Veneticis
722 4529 1052 4601 antiquitus
1112 4531 1266 4586 facta
1319 4531 1672 4604 chrysobula
1728 4549 1762 4587 a
1818 4533 2032 4603 sempi-

2126 609 2582 679 deputabuntur.
2643 612 2998 669 Corroborat
3039 617 3196 671 enim
3241 621 3298 673 et
3345 620 3657 678 conﬁrmat
3713 640 3780 681 ea

2125 698 2436 769 imperium
2471 717 2667 756 meum
2695 717 2794 772 per
2816 720 3052 772 presens
3081 706 3500 778 rhrysobulum
3531 712 3778 769 verbum

2124 803 2293 842 suum
2329 793 2386 842 et
2429 789 2697 861 precipit,
2758 808 2856 846 eos
2905 797 3236 850 conversari
3293 795 3483 853 salvos
3534 803 3590 854 et
3646 800 3778 858 sine

2119 875 2329 930 timore
2358 876 2414 932 in
2450 880 2723 934 omnibus
2748 880 3085 951 regionibus
3114 883 3345 956 imperii
3380 887 3521 952 mei,
3554 889 3612 942 in
3645 905 3777 960 per-

2121 964 2284 1020 sonis
2313 971 2370 1019 et
2394 969 2688 1036 peccuniis
2720 986 2944 1039 corum,
2977 975 3098 1027 tam
3130 973 3202 1027 ab
3261 973 3607 1033 hominibus
3660 977 3771 1033 im-

2121 1055 2262 1125 perii
2289 1055 2423 1125 mei,
2458 1072 2634 1126 quam
2689 1063 2745 1112 et
2788 1060 2859 1114 ab
2892 1061 3018 1130 ipso
3049 1061 3294 1132 imperio
3344 1080 3493 1132 meo,
3555 1065 3771 1123 habere

2119 1159 2348 1214 quoque
2377 1144 2538 1215 ipsos
2569 1151 2626 1201 et
2650 1148 2848 1202 omnia
2878 1153 3238 1217 tenumenta,
3297 1169 3410 1223 que
3471 1154 3770 1212 habebant

2118 1236 2380 1303 tempore
2412 1250 2588 1305 super
2617 1251 2713 1291 eos
2742 1239 3132 1308 provenientis
3164 1241 3248 1295 ire
3281 1258 3514 1313 semper
3544 1261 3766 1301 memo-

2116 1321 2283 1376 randi
2317 1322 2688 1394 imperatoris
2720 1327 2912 1396 patrui
2942 1327 3174 1399 imperii
3205 1331 3342 1397 mei,
3368 1331 3592 1387 domini
3645 1334 3766 1389 Ma-

2117 1410 2308 1466 nuelis
2337 1413 2639 1468 Comnani.
2671 1418 2740 1468 Et
2777 1414 2825 1469 si
2855 1416 2926 1470 ob
2957 1417 3279 1479 servitium.
3313 1421 3466 1491 quod
3519 1422 3767 1493 imperio

2116 1515 2246 1554 meo
2277 1499 2518 1555 fecerint
2563 1501 2651 1556 vel
2701 1503 3101 1573 imperatoris,
3154 1512 3330 1576 prout
3375 1508 3434 1563 in
3495 1511 3768 1582 superius

2115 1589 2217 1642 0rd
2229 1588 2240 1642 i
2252 1589 2511 1657 natogscri
2523 1598 2614 1660 plo
2631 1591 2959 1663 legatorum
2983 1593 3392 1651 Veneticorum
3407 1597 3762 1668 declaratur,

2115 1681 2171 1734 et
2198 1678 2248 1732 si
2282 1679 2780 1749 superveneriteis
2812 1698 2845 1735 a
2873 1687 3144 1738 coronate
3176 1687 3762 1761 perscnavelmagna

2114 1771 2287 1840 gente
2317 1783 2549 1839 guerra,
2581 1768 2754 1824 debet
2777 1769 3094 1841 imperium
3127 1788 3324 1829 meum
3356 1775 3444 1830 vel
3479 1792 3580 1847 per
3608 1781 3763 1833 tem-

2115 1871 2256 1926 pora
2285 1856 2650 1928 imperaturi,
2686 1857 2840 1913 sicut
2859 1859 2916 1913 in
2941 1859 3073 1931 ipsa
3103 1862 3486 1918 conventione
3508 1865 3768 1921 declara-

2110 1949 2226 2014 tur,
2259 1961 2357 2000 eos
2389 1946 2687 2017 adjuvare,
2713 1952 2886 2018 prout
2910 1949 3145 2005 deberet
3175 1951 3452 2021 adjuvare
3486 1970 3664 2010 unam
3697 1955 3767 2010 de

2111 2033 2338 2105 magnis
2359 2033 2690 2090 civitatibus
2719 2036 3347 2110 Romanie.Insuper,si
3371 2044 3428 2096 et
3448 2040 3765 2113 imperium

2112 2139 2310 2178 meum
2343 2127 2443 2176 aut
2475 2122 2815 2194 imperaturi
2851 2125 3050 2181 fecerit
3081 2143 3338 2183 amorem
3363 2133 3464 2185 aut
3495 2135 3764 2203 treguam

2113 2229 2246 2267 cum
2281 2211 2475 2282 aliquo
2507 2212 2767 2278 inimico,
2798 2219 3000 2269 contra
3029 2217 3221 2286 fquem
3289 2219 3596 2274 servierint
3650 2222 3768 2275 im-

2114 2302 2272 2372 perio
2303 2307 2524 2370 nostro,
2552 2301 2722 2356 debet
2752 2304 3068 2374 imperium
3119 2311 3388 2362 nostrum
3444 2325 3542 2364 eos
3597 2309 3770 2365 indu-

2113 2406 2242 2444 cere
2275 2391 2333 2444 in
2365 2391 2542 2444 talem
2571 2390 2740 2444 illum
2773 2409 3033 2447 amorem
3066 2394 3153 2448 vel
3186 2400 3476 2467 treguam.

2185 2479 2481 2534 Promittit
2504 2483 2559 2533 et
2591 2480 2675 2534 eis
2736 2478 3039 2536 licentiam
3097 2482 3313 2539 habere
3366 2485 3424 2539 in
3486 2487 3766 2544 omnibus

2113 2567 2451 2639 regionibus
2481 2567 2713 2639 imperii
2749 2571 2886 2637 mei,
2919 2575 3042 2625 tam
3098 2571 3158 2626 in
3215 2572 3352 2644 hiis,
3411 2590 3526 2645 que
3574 2577 3773 2633 circha

2114 2657 2255 2712 litus
2286 2661 2443 2725 sunt,
2479 2673 2656 2727 quam
2689 2658 2822 2712 etin
2853 2658 2988 2722 hiis,
3021 2676 3132 2730 que
3167 2661 3322 2718 infra
3350 2666 3590 2731 terram,
3626 2668 3684 2721 et
3707 2666 3770 2721 in

2116 2745 2263 2818 ipsis
2287 2745 2583 2812 insulis,et
2611 2746 3035 2818 simpliciterin
3068 2750 3343 2806 omnibus
3364 2754 3774 2827 partibus,que

2118 2835 2226 2890 sub
2250 2838 2536 2906 potestate
2559 2839 2754 2891 nostra
2785 2835 2876 2908 pie
2896 2842 3038 2892 sunt
3059 2840 3772 2910 tranquillitatis,omnem

2119 2923 2538 2979 mercationem
2599 2940 2882 2994 exercere,
2942 2931 2998 2980 et
3055 2943 3247 2984 emere
3305 2934 3481 3001 atque
3519 2934 3773 2988 vendere

2121 3029 2354 3068 omnem
2386 3013 2639 3085 speciem
2672 3013 2732 3067 in
2765 3013 3100 3086 regionibus
3132 3017 3363 3088 imperii
3395 3020 3507 3074 mei
3536 3037 3776 3078 nascen-

2118 3107 2260 3166 tem,
2291 3106 2349 3158 et
2379 3119 2447 3158 ex
2478 3102 2611 3157 aliis
2643 3102 2978 3173 regionibus
3008 3105 3066 3159 in
3099 3122 3198 3162 eas
3229 3106 3465 3163 allatam
3507 3109 3628 3165 sive
3674 3125 3778 3183 per

2124 3208 2301 3246 naves
2332 3207 2435 3262 per
2464 3207 2649 3260 mare,
2682 3191 2802 3246 sive
2835 3209 2938 3262 per
2967 3195 3223 3249 samaria
3255 3196 3338 3250 vel
3373 3197 3640 3267 plaustra
3671 3216 3780 3272 per

2124 3285 2428 3346 terram;et
2449 3296 2553 3336 nec
2584 3282 2942 3337 comercium
2975 3289 3077 3338 aut
3107 3285 3421 3356 pedagium
3454 3287 3545 3342 vel
3572 3304 3782 3360 passa-

2124 3371 2286 3443 gium
2318 3373 2418 3424 aut
2449 3369 2860 3425 samariaticon
2886 3371 2972 3425 vel
3005 3373 3370 3443 pertuaticon
3406 3381 3508 3430 aut
3537 3393 3784 3433 savura-

2122 3460 2278 3516 ticcn
2314 3462 2415 3514 aut
2469 3475 2648 3514 causa
2724 3461 3008 3516 onerandi
3080 3466 3182 3517 aut
3247 3464 3615 3533 scalaticum,
3675 3483 3784 3523 nec

2126 3548 2303 3605 aliam
2336 3547 2595 3619 aliquam
2627 3563 2840 3604 census
2871 3550 3299 3621 appeticionem
3339 3570 3375 3608 a
3419 3555 3670 3612 navibus
3720 3556 3780 3611 in

2124 3638 2470 3694 Romaniam
2522 3636 2892 3693 venientibus
2933 3639 3025 3694 vel
3079 3657 3112 3696 a
3151 3641 3424 3698 samariis
3463 3643 3553 3699 vel
3612 3644 3779 3717 plau-

2125 3728 2262 3784 stris
2293 3744 2396 3799 per
2421 3743 2625 3782 omnes
2648 3727 2917 3799 regiones
2939 3728 3172 3799 imperii
3196 3730 3312 3787 mei
3335 3734 3779 3791 transeuntibus

2123 3836 2192 3875 ex
2222 3815 2646 3874 consuetudine
2672 3819 2939 3873 exactum
2960 3817 3072 3889 (60)
3095 3819 3422 3892 exigantur.

2198 3907 2446 3977 Insuper
2474 3909 2552 3974 et,
2585 3905 2862 3975 quoniam
2917 3907 2978 3962 in
3033 3907 3391 3978 quibusdam
3437 3911 3780 3984 regionibus

2127 3994 2360 4067 imperii
2395 3994 2507 4049 mei
2540 3993 2870 4050 molestiam
2904 4000 2960 4050 et
3003 3995 3436 4055 infestationem
3489 4017 3604 4056 non
3642 4018 3775 4074 par-

2127 4101 2260 4141 vam
2283 4082 2585 4140 Veneticos
2616 4083 2863 4154 imperio
2921 4100 3051 4140 meo
3108 4085 3455 4144 ﬁdelissimo
3501 4089 3616 4161 (61)
3646 4091 3777 4162 jam

2131 4173 2270 4229 dicti
2302 4171 2750 4243 prudentissimi
2782 4171 2960 4244 legati
2981 4172 3244 4244 Venetis,
3279 4175 3486 4232 Petrus
3534 4177 3780 4235 Michael

2132 4268 2189 4319 et
2208 4261 2558 4317 Octavianus
2589 4259 3030 4327 Quirinus,meo
3062 4278 3409 4335 suggessere
3439 4264 3782 4338 imperio,eo

2135 4351 2290 4424 quod
2322 4349 2475 4405 clare
2506 4349 2564 4403 in
2597 4348 2982 4421 cbrysoboliis
3014 4351 3179 4422 prius
3205 4352 3288 4407 eis
3320 4353 3486 4410 factis
3517 4355 3644 4428 ipse
3666 4372 3783 4412 non

2136 4441 2256 4497 sint
2284 4439 2549 4496 ordinate
2583 4455 2596 4494 :
2631 4438 2941 4510 imperium
2971 4456 3168 4496 meum
3199 4444 3256 4496 et
3283 4459 3318 4497 a
3359 4443 3469 4498 tati
3516 4443 3790 4502 molestia

2136 4529 2337 4586 volens
2371 4528 2742 4584 ﬁdelissimos
2774 4533 2833 4583 et
2860 4529 3173 4586 Veneticos
3203 4530 3472 4602 liberare,
3503 4537 3561 4588 et
3591 4535 3788 4591 nomi-

363 4626 534 4678 terne
564 4619 846 4674 memorie
877 4618 1231 4691 imperatore
1263 4623 1320 4675 et
1342 4636 1554 4691 proavo
1608 4621 1840 4693 imperii
1890 4621 2030 4692 mei,
2064 4617 2108 4681 D
2141 4619 2324 4675 natim
2349 4634 2553 4673 omnes
2586 4616 2871 4690 regiones,
2905 4634 3019 4690 que
3051 4620 3161 4674 sub
3192 4621 3479 4678 Romania
3516 4629 3678 4691 sunt,
3728 4624 3789 4679 in

367 4709 608 4766 domino
636 4707 836 4763 Alexio
868 4711 1163 4764 Comnano
1215 4715 1272 4764 et
1302 4709 1421 4763 ﬁlio
1452 4711 1579 4780 ejus
1638 4711 2029 4781 imperatoris,

369 4797 613 4856 domino
642 4796 918 4863 Johanni,
953 4799 1010 4851 et
1039 4795 1250 4853 dilecto
1282 4807 1486 4869 palruo
1520 4798 2032 4871 imperii,jdomino

368 4886 641 4944 Manuele
671 4885 971 4942 Comnano
1002 4886 1268 4958 ;insuper
1298 4890 1355 4941 et
1388 4887 1540 4942 facta
1565 4887 1649 4943 eis
1679 4887 2034 4959 chrysobula

370 4978 448 5034 ab
470 4976 796 5047 imperante
827 4973 1214 5030 dilectissimo
1248 4975 1420 5030 fratre
1450 4977 1683 5046 imperii
1733 4977 1869 5044 mei,
1927 4977 2032 5030 do-

374 5065 542 5122 mino
576 5062 803 5120 lsaakio
835 5062 1052 5133 Angelo
1086 5079 1266 5136 super
1291 5062 1548 5136 hiis,que
1578 5064 1873 5135 promissa
1895 5069 2036 5119 sunt

371 5154 461 5212 eis
491 5168 596 5223 per
624 5168 711 5222 ea,
763 5156 885 5206 tam
935 5151 1280 5223 complectis
1335 5170 1512 5225 quam
1554 5157 1614 5208 et
1668 5169 1786 5208 non
1843 5153 2035 5208 adhuc

369 5243 552 5299 ﬁnem
585 5239 974 5311 capientibus,
1011 5244 1068 5296 et
1098 5241 1414 5298 efﬁcatiam
1447 5258 1513 5298 ac
1555 5239 2033 5298 incommutatio-

447 5420 562 5492 (57)
596 5419 866 5492 Fortasse
896 5421 1266 5492 furabantur.

451 5492 566 5575 (58.).
591 5491 858 5574 Editores
890 5491 1133 5575 notant:
1164 5516 1191 5544 «
1224 5495 1316 5575 Sic
1349 5511 1456 5550 nos
1485 5510 1554 5549 cx
1583 5491 1929 5565 compendio
1966 5491 2036 5547 li-

378 5561 642 5638 brialbi,
666 5566 1018 5638 praeconium
1049 5566 1151 5621 lib.
1176 5571 1329 5638 pact.
1364 5587 1392 5615 »

453 5635 570 5704 (59)
598 5635 780 5708 iidem
815 5676 830 5690 .
866 5637 1008 5708 Lege
1040 5635 1460 5695 Auriculanum.

459 5708 568 5780 (60)
598 5707 742 5778 Lege
763 5707 1032 5768 exactam.

709 5836 974 5903 ΡΛἸἮΟῙ..
1022 5842 1133 5904 Gn.
1185 5840 1478 5906 CXXXV.

2142 4708 2358 4780 quibus
2397 4706 2640 4760 mercari
2673 4707 2908 4773 debent,
2941 4707 3210 4763 ordinare
3245 4709 3304 4762 in
3330 4711 3586 4781 presenti
3617 4712 3792 4785 chry-

2142 4795 2349 4853 sobulo
2384 4811 2510 4849 meo
2542 4795 2764 4865 placuit
2791 4795 3188 4867 imperic.Que
3221 4799 3480 4854 suntiste
3500 4800 3790 4857 videlicet:

2145 4884 2438 4942 Provintia
2472 4883 2754 4939 Dirrachii
2783 4885 2892 4955 (62)
2927 4902 3059 4940 cum
3108 4885 3247 4955 illis,
3273 4903 3386 4958 que
3415 4887 3475 4943 in
3530 4905 3598 4944 ea
3653 4894 3796 4944 sunt

2143 4990 2527 5047 personarum
2559 4977 2614 5028 et
2644 4972 3024 5029 ecclesiarum
3056 4974 3798 5033 immobilibus.Provincia

2141 5062 2373 5119 Jericho
2405 5066 2462 5116 et
2487 5061 2749 5116 Caninon
2769 5079 2901 5117 cum
2919 5062 3270 5118 omnibusin
3291 5080 3353 5118 ea
3388 5063 3796 5120 immobilibus

2142 5151 2552 5208 existentibus.
2654 5151 2961 5206 Provincia
3053 5151 3368 5207 Joaninon.
3492 5153 3800 5210 Provincia

2146 5238 2568 5313 Drynupoleos.
2659 5238 2945 5295 Similiter
3038 5240 3336 5312 provincia
3459 5241 3798 5315 Dyavoleos,

2217 5420 2331 5490 (61)
2362 5418 2629 5474 Editores
2657 5417 2899 5474 volunt:
2941 5420 3408 5475 Veneticorum—
3455 5421 3804 5492 ﬁdelissimo-

2144 5507 2332 5643 Tuzgif)
2362 5560 2763 5643 G-eographica
2791 5560 3010 5631 optime
3039 5559 3359 5643 illustravit
3399 5563 3658 5622 Tal‘elius
3693 5565 3735 5622 Ι.
3757 5563 3804 5622 Ῑ.

2147 5633 2206 5690 in
2230 5633 2746 5703 adnotationibus,
2779 5649 2928 5706 quas
2959 5635 3218 5691 consule.

3450 5837 3529 5897 16
