4130 6356
316 403 434 466 491

1626 392 1887 454 lSAACI
1929 351 2216 455 ANGsLI
2259 396 2424 458 1MP.

3619 403 3741 461 492

317 535 622 594 Provincia
692 533 949 594 Colonia.
1045 527 1351 586 Provincia
1433 527 1754 600 Achrydos.
1830 524 1972 580 Pro-
2087 526 2161 581 ab
2192 526 2242 584 is
2271 527 2493 601 aliquid
2526 531 2599 586 ab
2629 529 2830 604 aliquo
2863 531 3415 605 requiretur.lmmo
3450 531 3644 604 quiete
3673 537 3737 588 et

315 625 506 681 vincia
565 625 798 695 Prespe.
905 619 1207 676 Provincia
1297 618 1574 672 Castoris.
1670 615 1974 670 Provincia

317 715 576 772 Servion.
631 712 935 769 Provincia
978 707 1239 764 Triadice
1295 711 1352 761 et
1392 705 1778 762 Vvelevusdii.
1835 704 1974 760 Pro-

319 803 512 860 vincia
536 803 659 860 Nisi
688 807 746 858 et
807 798 1138 857 Vranisove.
1215 795 1518 852 Provincia
1577 793 1781 865 Scepie
1837 809 1972 849 cum

321 892 619 966 episkepsi
659 891 916 947 Coriton.
965 884 1264 942 Provincia
1318 885 1619 956 Sagorion.
1672 882 1974 938 Provincia

323 981 623 1038 Malesovii
651 983 708 1035 et
762 975 1114 1032 Morovisdii.
1160 973 1458 1028 Provincia
1501 971 1788 1027 Strunice.
1838 974 1975 1025 Pro-

320 1071 511 1126 vincia
589 1067 804 1139 Prilapi
861 1069 916 1119 et
966 1062 1275 1133 Pelagonie
1341 1077 1410 1116 ac
1481 1059 1778 1132 Molyscii,
1863 1076 1971 1114 nec

320 1178 437 1217 non
492 1163 549 1216 et
604 1157 900 1228 Mogreno.
958 1151 1262 1209 Provincia
1342 1151 1546 1207 Varias
1604 1167 1740 1208 cum
1819 1154 1970 1205 cate-

319 1249 557 1323 panikio
582 1245 751 1302 Cetri.
788 1243 1085 1301 Provincia
1109 1241 1322 1310 Voleri,
1355 1241 1681 1296 Strimonos
1710 1243 1769 1294 et
1797 1238 1974 1294 Thes-

320 1337 627 1396 salonices.
669 1332 969 1391 Provincia
998 1330 1316 1402 Nicopolon
1369 1345 1503 1385 cum
1564 1327 1972 1399 episkepsibus

318 1429 379 1484 in
411 1444 478 1483 ea
503 1423 894 1482 existentibus
944 1417 1380 1492 personalibus,
1449 1415 1864 1472 ecclesiasticis
1918 1418 1975 1469 et

320 1514 859 1583 monasterialibus,
887 1516 945 1568 et
970 1527 1104 1566 cum
1138 1510 1282 1581 ipsis
1304 1508 1714 1581 episkepsibus
1769 1507 1971 1576 subje-

318 1608 588 1663 centibus
618 1602 845 1658 intimis
870 1598 1326 1670 consanguineis
1348 1596 1579 1669 imperii
1599 1595 1976 1666 mei,semper

318 1693 678 1752 felicissimis
706 1687 1267 1746 sevastocrstoribus
1313 1685 1624 1741 Cesaribus
1655 1689 1712 1740 et
1741 1683 1974 1739 dilectis

317 1783 551 1856 imperii
581 1779 696 1837 mei
728 1778 982 1846 filiabus,
1033 1793 1098 1832 ac
1137 1773 1636 1830 desideratissime
1685 1772 1796 1844 ipsi
1847 1787 1972 1827 mea

323 1876 602 1944 Auguste.
664 1868 883 1965 Insulaâ€œ
911 1865 1202 1965 Ooryphy,
1270 1863 1605 1965 Kephalini,
1669 1862 2053 1965 Zakiritps,B

321 1963 570 2032 Leukas,
604 1958 813 2015 Ithaki.
847 1955 1022 2013 Orion
1073 1953 1282 2010 Patron
1316 1957 1373 2008 et
1425 1951 1738 2008 Methonis.
1798 1951 1973 2006 Orion

321 2049 624 2118 Corinthii,
656 2053 852 2118 Argus
881 2049 939 2102 et
983 2043 1239 2116 Nauplii.
1299 2041 1472 2098 Orion
1531 2039 1864 2097 Thebarum
1914 2044 1973 2096 et

320 2141 565 2213 Euripii,
598 2155 732 2194 cum
755 2136 969 2192 insulis
1007 2137 1204 2190 Andro
1235 2137 1292 2189 et
1347 2131 1595 2198 Caristo,
1639 2135 1780 2198 Keo,
1837 2129 1972 2186 Milo

321 2233 382 2286 et
411 2228 472 2284 in
501 2226 712 2284 ceteris
741 2223 976 2293 insulis,
1007 2238 1118 2293 que
1137 2221 1248 2277 sub
1282 2223 1458 2276 Antro
1480 2222 1696 2274 suntet
1723 2217 1968 2274 Caristo.

321 2314 770 2374 Dodecouissos.
829 2310 1152 2368 Mitilinim.
1203 2309 1395 2364 Chios.
1465 2308 1695 2363 Samos.
1753 2307 1968 2363 Rodos.

320 2408 457 2463 Kos.
511 2401 812 2459 Strovilos.
861 2400 1030 2456 Kriti.
1083 2398 1311 2470 Kipros.
1361 2396 1536 2452 Orion
1579 2396 1966 2452 Athenarum.

319 2493 620 2550 Provincia
679 2489 1068 2546 Velechative.
1137 2485 1443 2543 Provincia
1488 2484 1774 2540 Valachie.
1837 2483 1970 2556 Epi-

315 2581 548 2656 skepsis
582 2579 982 2636 Dimitriados.
1038 2577 1164 2633 Duo
1197 2573 1434 2633 Almeri.
1477 2572 1819 2646 Episkepsis
1835 2575 1973 2628 Cre-

312 2670 594 2728 vennicon
628 2673 686 2726 et
716 2666 1012 2723 Fersalon.
1065 2663 1404 2738 Episkeosis
1453 2668 1711 2719 Domocu
1753 2665 1810 2718 et
1857 2662 1969 2718 Ve-

311 2761 489 2819 senis.
523 2757 933 2816 Chartularata
959 2755 1191 2822 Ezeros,
1226 2751 1720 2824 Dobrochuvysta,
1753 2755 1812 2807 et
1855 2767 1969 2825 que

311 2852 421 2907 sub
452 2849 584 2923 ipsa
640 2850 781 2903 sunt
835 2843 990 2901 ville.
1051 2843 1294 2899 Tricala.
1328 2840 1655 2913 {Provincia
1713 2839 1964 2896 Larisae.

309 2937 652 3013 Episkspsis
681 2935 1078 2991 Platamonos.
1109 2931 1427 3005 {Provincia
1482 2929 1687 2986 Trakis
1735 2933 1793 2986 et
1849 2932 1968 2985 Ma-

314 3027 576 3096 cedonis,
605 3030 664 3082 et
693 3041 807 3097 que
837 3023 897 3078 in
929 3040 998 3079 ea
1026 3025 1167 3078 sunt
1213 3021 1598 3093 [episkepses]
1660 3018 1966 3092 physcales

311 3123 366 3172 et
424 3111 782 3187 personales.
841 3109 1180 3183 Episkepsis
1263 3107 1629 3164 Kerovachii.
1708 3105 1961 3164 Silivria.

311 3201 654 3277 Episkepsis
708 3199 885 3256 Zurlii
943 3202 1000 3254 et
1047 3195 1545 3268 Theodorupleos.
1623 3195 1964 3267 Episkepsis

2080 615 2208 670 sine
2239 617 2436 686 aliqua
2456 619 2691 675 datione
2717 621 2904 676 omnis
2957 619 3281 694 [regiones]
3331 619 3565 693 imperii
3618 622 3736 677 mei

2079 705 2441 773 transibunt,
2475 712 2530 761 et
2561 722 2668 763 nec
2697 724 2811 779 que
2841 707 2912 764 ab
2943 707 3026 764 eis
3049 709 3451 764 conducentur
3479 710 3738 764 samaria

2080 791 2168 846 vel
2202 793 2485 864 plaustra.
2526 794 2612 850 vel
2647 796 2746 866 qui
2796 798 2881 851 eis
2931 796 3266 852 servierunt
3305 797 3596 870 agogiate,
3645 813 3734 853 re-

2081 881 2390 952 quirentur
2421 883 2679 952 aliquid;
2730 901 2834 940 nec
2867 883 2968 956 qui
3027 884 3111 940 eis
3145 885 3406 957 aliquam
3475 885 3735 958 speciem

2081 970 2453 1026 vendiderint
2481 971 2568 1026 vel
2601 973 2672 1027 ab
2696 973 2782 1028 eis
2807 973 3076 1041 emerint,
3109 975 3417 1046 exigantur
3445 990 3735 1031 commer-

2081 1058 2239 1114 cium
2273 1077 2374 1130 pro
2405 1060 2504 1116 illa
2532 1061 2630 1116 taii
2663 1063 2884 1133 Fspecie
2923 1063 3010 1116 vel
3053 1064 3391 1134 pratikium,
3442 1065 3596 1136 quod
3630 1065 3735 1120 de-

2082 1148 2245 1204 beret
2274 1149 2536 1220 accipere
2575 1150 2750 1206 tiscus
2779 1151 2864 1205 vel
2896 1157 3130 1222 praetor
3159 1151 3318 1208 illius
3361 1152 3640 1225 regionis,
3672 1153 3733 1209 in

2084 1253 2201 1307 qua
2232 1236 2297 1292 lit
2336 1239 2754 1303 mercatio,nisi
2787 1239 3081 1296 Veneticis
3113 1240 3222 1297 hoc
3252 1242 3731 1313 venderetur,sed

2083 1326 2422 1382 hominibus
2453 1330 2860 1384 commertium
2908 1330 3047 1386 dare
3105 1331 3478 1386 debentibus.
3538 1331 3738 1388 Placet

2083 1415 2239 1470 enim
2274 1417 2522 1488 imperio
2551 1433 2702 1487 meo,
2740 1417 2973 1474 nullum
3005 1436 3232 1490 eorum,
3268 1421 3371 1492 qui
3401 1423 3512 1477 sub
3572 1427 3734 1494 pote-

2083 1509 2233 1560 state
2266 1505 2496 1576 imperii
2528 1507 2922 1563 Romanorum
2954 1513 3094 1563 sunt
3125 1514 3184 1564 et
3231 1526 3366 1565 cum
3431 1511 3729 1566 Veneticis

2084 1599 2444 1661 mercantur,
2497 1595 2553 1649 in
2597 1596 2876 1652 omnibus
2919 1596 3262 1668 regionibus
3301 1599 3532 1671 imperii
3590 1601 3730 1668 mei,

2085 1683 2205 1738 sive
2233 1699 2368 1738 cum
2391 1686 2476 1739 eis
2512 1685 2838 1740 vendiderit
2866 1691 2970 1741 aut
3000 1686 3144 1742 adeo
3176 1703 3312 1743 cum
3367 1687 3564 1760 ali-quo
3623 1691 3733 1746 ali-

2084 1770 2225 1841 quid
2256 1771 2484 1842 emerit,
2533 1773 2674 1828 dare
2716 1774 3037 1845 quicquam
3086 1791 3190 1846 pro
3248 1777 3601 1834 commercio
3644 1779 3733 1836 vel

2084 1876 2188 1931 pro
2228 1859 2426 1932 aliqua
2481 1861 2596 1917 alia
2651 1861 2988 1930 exactione;
3021 1864 3124 1920 sed
3169 1881 3269 1920 eos
3304 1882 3435 1921 esse
3493 1868 3734 1940 liberos,

2082 1953 2389 2021 tamquam
2423 1956 2481 2006 et
2511 1951 2751 2022 ipsi,qui
2773 1953 3194 2008 commercium
3213 1954 3351 2009 dare
3382 1955 3738 2014 debentibus

2085 2042 2442 2096 mereantur.
2477 2040 2537 2095 Si
2569 2040 2701 2112 quis
2729 2057 2863 2096 vero
2895 2057 3076 2098 ausus
3107 2041 3284 2100 fuerit
3312 2043 3373 2099 in
3420 2045 3618 2120 aliquo
3637 2062 3738 2104 eos

2080 2126 2431 2198 inquietare,
2463 2128 2548 2184 vel
2583 2129 2804 2200 aliquid
2837 2130 2908 2185 ab
2940 2131 3022 2186 eis
3053 2132 3303 2201 auferre,
3361 2151 3475 2206 qua
3517 2151 3738 2210 magna

2081 2217 2171 2272 ira
2199 2218 2432 2289 imperii
2466 2218 2576 2274 mei
2608 2218 2718 2274 erit
2748 2218 3205 2288 infestandus,et
3227 2223 3382 2295 quod
3414 2225 3734 2284 auferetur.

2079 2305 2141 2360 in
2189 2305 2588 2379 quadruplum
2645 2308 3006 2365 redditurus.
3066 2311 3136 2365 Et
3187 2310 3296 2368 hec
3351 2312 3592 2383 quidem
3638 2315 3738 2386 Ide

2078 2393 2350 2451 libertate
2379 2395 2816 2452 ï¬dellissimoru
2828 2415 2881 2453 m
2899 2397 2974 2452 im
2987 2399 3145 2470 perio
3160 2417 3288 2456 meo
3303 2401 3708 2459 Veneticorum
3725 2447 3742 2478 ,

2081 2499 2258 2554 quam
2292 2484 2349 2539 in
2381 2487 2540 2541 omni
2571 2489 2911 2543 tenumento
2937 2487 3168 2560 imperii
3200 2490 3314 2544 mei
3343 2490 3666 2550 habebunt.

2151 2577 2422 2645 Insuper,
2456 2575 2732 2646 quoniam
2767 2575 3004 2648 quidem
3032 2578 3155 2647 jam
3191 2577 3331 2634 dicti
3371 2577 3546 2649 legati
3594 2598 3734 2653 pru-

2080 2661 2412 2718 dentissimi
2448 2664 2703 2729 Venetis,
2737 2664 2940 2720 Petrus
2974 2665 3218 2721 Michael
3263 2671 3319 2722 et
3373 2668 3734 2728 Octavianus

2079 2750 2379 2817 Quirinus,
2415 2751 2743 2808 retulerunt
2799 2753 3046 2825 imperio
3079 2769 3232 2822 meo,
3292 2756 3435 2827 quia
3492 2773 3560 2814 ex
3617 2775 3734 2815 non

2079 2839 2296 2911 scripto
2329 2857 2518 2912 usque
2549 2846 2606 2897 et
2630 2858 2787 2897 nunc
2817 2842 3015 2900 causis
3072 2843 3335 2900 inductis
3395 2845 3467 2902 ab
3527 2847 3727 2920 aliquo

2077 2927 2396 2985 Grecorum
2450 2935 2654 2986 contra
2712 2931 2968 3004 aliquem
3034 2932 3413 3009 â€™Veneticum,
3461 2953 3496 2994 a
3548 2938 3734 3012 legato

2076 3017 2316 3074 Venetis
2347 3035 2448 3090 per
2467 3023 2734 3092 tempora
2763 3020 2820 3076 in
2853 3037 3070 3094 magna
3089 3023 3233 3079 urbe
3263 3024 3548 3083 existente
3578 3029 3732 3100 iudi-

2075 3107 2222 3163 catis
2253 3113 2311 3164 et
2339 3109 2572 3174 olutis,
2612 3109 2911 3166 interdum
2944 3111 3187 3184 quidam
3231 3112 3548 3172 Grecorum
3590 3116 3722 3190 qui-

2075 3196 2328 3254 busdam
2362 3197 2620 3255 civilium
2638 3199 2912 3270 judicum
2959 3199 3048 3256 vel
3106 3200 3165 3256 in
3219 3203 3436 3272 palatio
3491 3203 3714 3277 imperii

312 3268 604 3358 Messinis,
639 3286 1105 3359 Archadiupleos
1127 3290 1184 3340 et
1202 3284 1964 3357 Vulgar0phigi,Provincia
1996 3268 2040 3337 C
2081 3285 2192 3341 mei
2223 3268 2681 3344 custodientium
2713 3289 3056 3345 accedentes
3085 3268 3470 3366 adtractiones
3499 3268 3716 3365 gravis-

309 3378 665 3437 Cheronissi.
699 3376 1002 3432 Provincia
1023 3373 1447 3446 Adrianupleos
1465 3377 1521 3428 et
1554 3372 1961 3445 Didymotichi.

306 3468 612 3525 Provincia
626 3464 954 3522 Branchiali
965 3461 1482 3534 i,ProvinciaPhyli
1491 3461 1962 3534 puleos,Veroys,

305 3559 497 3615 Moras
526 3561 583 3612 et
612 3550 1601 3611 Archridii.ProvinciaMesothinie
1623 3549 1962 3623 Episkepsis

301 3637 1963 3718 Damatrios.ProvinciaNicomedie,EpiskepsisPillarum

305 3742 364 3793 et
394 3735 645 3791 Pithion.
683 3729 980 3786 Provincia
1003 3728 1244 3800 Opsikin
1270 3733 1326 3785 et
1371 3728 1563 3800 Eegeu
1625 3745 1760 3784 cum
1829 3728 1962 3802 epi-

302 3824 503 3897 skepsi
533 3821 791 3894 Lopadiu
821 3824 878 3875 et
908 3817 1643 3892 Appoloniade.Provincia
1669 3817 1958 3875 Acherau.

303 3912 608 3971 Provincia
637 3906 1255 3982 Atramyti.Provincia
1286 3905 1511 3962 Milasis
1531 3910 1589 3961 et
1617 3907 1952 3963 Melanudii.

304 4000 613 4058 Provincia
643 3997 928 4055 Meandri.
981 3995 1285 4052 Provincia
1343 3995 1764 4051 Neochastron.
1817 4000 1958 4052 Pro-

303 4091 495 4148 vincia
525 4087 979 4162 Phyladelphye.
1036 4085 1342 4144 Provincia
1387 4085 1622 4155 Attalis,
1667 4084 1954 4156 Seleukie,

305 4181 668 4252 Antiochiae,
705 4177 1010 4245 Laudikie;
1045 4181 1102 4233 et
1123 4192 1310 4248 usque
1340 4176 1532 4248 ipsam
1563 4175 1952 4244 Antiochiam;

301 4277 360 4329 et
390 4269 740 4343 simpliciter
770 4269 829 4322 in
861 4267 1022 4323 omni
1052 4269 1416 4334 tenumento,
1470 4265 1626 4338 quod
1663 4265 1775 4321 sub
1826 4283 1954 4321 meo

301 4365 391 4418 est
419 4359 691 4432 imperio,
717 4357 838 4413 sive
863 4373 1034 4413 secus
1066 4355 1206 4412 litus
1237 4358 1340 4410 aut
1393 4353 1549 4409 infra
1577 4357 1820 4413 terram.
1887 4358 1954 4410 In

303 4450 580 4508 omnibus
611 4447 768 4503 enim
798 4446 1012 4502 talibus
1051 4444 1388 4517 regionibus
1441 4442 1675 4514 imperii
1733 4443 1848 4499 mei
1898 4447 1956 4500 et

300 4539 606 4604 Romanis,
635 4537 724 4593 vel
758 4535 1052 4609 phiscales
1092 4535 1213 4590 sint
1270 4538 1371 4588 aut
1410 4532 1807 4590 ecclcsiastice
1862 4532 1951 4589 vel

2073 3371 2258 3426 simas
2288 3371 2668 3430 ï¬dellissimis
2701 3375 2950 3447 imperio
2981 3392 3110 3432 meo
3143 3375 3426 3456 Veneticis
3448 3367 3718 3451 superin-

2074 3460 2319 3533 ducunt,
2351 3466 2408 3518 et
2436 3462 2494 3518 in
2521 3479 2814 3520 carcerem
2837 3465 3059 3521 retrudi
3090 3482 3189 3522 eos
3220 3466 3462 3537 faciunt,
3485 3473 3542 3524 et
3595 3486 3722 3526 om-

2073 3549 2251 3605 nibus
2299 3550 2431 3606 aliis
2488 3553 2871 3609 dedecoribus
2938 3553 3172 3625 subici;
3239 3557 3536 3629 deprecati
3585 3562 3725 3614 sunt

2071 3638 2252 3710 igitur
2280 3639 2592 3712 imperium
2627 3639 2846 3711 meum,
2885 3648 2948 3699 ut
2978 3643 3035 3699 et
3081 3644 3195 3701 tale
3243 3646 3570 3719 capitulum
3621 3665 3723 3722 per

2072 3745 2312 3799 presens
2341 3729 2758 3801 chrysobulum
2782 3734 3022 3788 verbum
3047 3733 3280 3808 imperii
3302 3736 3416 3792 mei
3439 3739 3720 3807 solvatur,

2069 3821 2124 3873 et
2144 3819 2500 3874 concedatur
2527 3819 2633 3885 eis,
2667 3821 2820 3892 quod
2854 3815 3033 3878 Greco
3061 3822 3320 3896 [quidem
3369 3829 3573 3882 contra
3620 3825 3726 3883 Ve?

2068 3907 2326 3962 neticum
2361 3914 2567 3978 agente
2595 3908 2655 3964 in
2689 3911 3013 3982 peccuniali
3044 3929 3283 3978 causa,a
3314 3914 3504 3987 legato
3536 3915 3722 3972 Veneâ€”

2063 3996 2163 4062 tie,
2199 3998 2298 4068 qui
2331 4001 2471 4052 tunc
2500 3997 2559 4052 iu
2590 4015 2802 4071 magna
2861 4001 2969 4056 erit
3018 4001 3181 4076 urbe,
3231 4002 3530 4074 judicium
3590 4005 3719 4061 ï¬eri

2065 4085 2321 4154 debeat;
2374 4085 2648 4142 Venetico
2688 4103 2820 4143 vero
2881 4095 3082 4145 contra
3129 4089 3378 4147 Grecum
3437 4093 3714 4151 similiter

2065 4181 2290 4243 agente,
2322 4175 2370 4230 si
2423 4177 2686 4244 quidem,
2737 4177 2838 4248 qui
2898 4183 3038 4234 tunc
3100 4179 3273 4234 fuerit
3328 4181 3717 4240 cancellarius

2063 4263 2153 4316 vis
2185 4263 2399 4334 (63),in
2435 4280 2648 4336 magua
2696 4266 2841 4321 urbe
2898 4259 3089 4334 iverit,
3137 4269 3290 4340 apud
3352 4287 3486 4326 eum
3536 4288 3719 4328 causa

2065 4353 2281 4408 moveri
2318 4359 2375 4408 et
2397 4353 2647 4423 judicari
2681 4356 2888 4410 debeat
2922 4372 2936 4412 Ï„
2995 4357 3045 4411 si
3106 4374 3240 4412 vero
3273 4359 3418 4414 forte
3476 4359 3603 4433 ipse
3657 4363 3718 4419 in

2065 4457 2276 4514 magna
2310 4445 2452 4498 urbe
2486 4459 2602 4499 non
2635 4443 2829 4512 fuerit,
2850 4450 2989 4502 tunc
3021 4448 3176 4518 apud
3221 4464 3504 4521 magnum
3554 4449 3717 4524 loga-

2063 4529 2299 4585 riastam
2332 4547 2507 4587 cause
2532 4532 2875 4601 iudicentur
2907 4552 2919 4590 :
2954 4536 3207 4608 graviter
3246 4538 3473 4608 quidem
3531 4540 3716 4612 impe-

303 4629 565 4700 gubjecte
595 4627 836 4683 secretis
867 4640 1167 4680 sacrarum
1193 4623 1477 4677 domuum
1508 4627 1610 4676 aut
1641 4622 1787 4694 ipsis
1815 4622 1952 4678 inti-
1981 4641 2028 4706 D
2064 4620 2214 4674 rium
2250 4636 2444 4675 meum
2478 4621 2653 4676 talem
2686 4639 2888 4678 eorum
2921 4623 3145 4696 accepit
3175 4631 3232 4680 et
3262 4627 3609 4698 peticionem
3660 4634 3721 4688 et

303 4718 419 4775 mis
447 4716 711 4790 cognatis
741 4714 974 4788 imperii
1009 4712 1145 4778 mei,
1180 4727 1282 4784 per
1313 4711 1512 4767 omnia
1561 4711 1944 4768 fellicissimis

302 4805 868 4865 sevastocratoribus
899 4807 957 4856 et
995 4800 1328 4865 Cesaribus,
1360 4799 1507 4870 ipsis
1537 4798 1761 4856 dilectis
1793 4799 1944 4856 {ilia-

299 4897 412 4952 bus
443 4893 675 4967 imperii
710 4891 848 4957 mei,
881 4907 984 4944 nec
1013 4906 1128 4944 non
1159 4893 1217 4943 et
1246 4887 1360 4959 ipsi
1391 4903 1516 4943 mee
1565 4886 1948 4945 dilectissime

298 4987 574 5055 Auguste,
598 4983 724 5037 sine
746 4977 1168 5056 impedimento
1199 4984 1369 5032 erunt
1398 4980 1748 5046 mercantes,
1801 4985 1857 5033 et
1886 4979 1946 5032 in

297 5076 428 5147 ipsa
459 5073 635 5130 etiam
669 5068 905 5125 urbium
937 5066 1142 5139 regina
1183 5065 1405 5122 nullam
1465 5064 1820 5122 mollestiam
1872 5067 1944 5122 ab

297 5163 491 5233 alique
522 5159 903 5225 sustinentes,
937 5170 1042 5210 nec
1072 5154 1246 5210 etiam
1279 5171 1346 5209 ex
1391 5156 1512 5209 toto
1540 5171 1728 5226 usque
1760 5172 1945 5212 unum

293 5251 530 5307 obolum
562 5243 1027 5320 procommercio
1050 5243 1136 5299 vel
1172 5243 1440 5316 passagio
1469 5243 1556 5298 vel
1575 5245 1946 5300 samariatico

290 5341 380 5396 vel
445 5337 741 5395 scaliatico
791 5337 880 5393 vel
925 5335 1252 5407 portuatico
1298 5334 1387 5390 vel
1437 5351 1539 5406 pro
1569 5334 1766 5407 aliquo
1831 5333 1946 5392 alio

290 5429 544 5499 capitulo
575 5426 862 5497 requisiti:
897 5426 1137 5480 eandem
1170 5425 1349 5480 etiam
1382 5423 1712 5479 libertatem
1768 5424 1945 5480 habe-

288 5517 442 5573 bunt
469 5519 526 5573 et
556 5515 626 5572 ab
659 5514 741 5571 eis
772 5515 1063 5571 conducta
1087 5512 1342 5571 samaria
1375 5516 1432 5568 et
1460 5511 1811 5585 plaustra,et
1839 5529 1946 5570 nec

2057 4725 2128 4764 ex
2155 4713 2276 4764 toto
2317 4709 2388 4764 ab
2420 4709 2548 4782 ejus
2580 4709 3077 4783 complementum
3135 4730 3396 4771 annuere
3453 4717 3713 4776 nolebat.

2051 4798 2161 4854 Sed
2194 4797 2472 4870 quoniam
2521 4798 2710 4856 multa
2763 4800 3052 4858 instancia
3110 4801 3490 4874 predeclarati
3538 4805 3717 4880 legati

2054 4889 2126 4942 ad
2161 4888 2473 4959 imperium
2507 4905 2705 4944 meum
2740 4891 3032 4961 fecerunt,
3077 4896 3132 4946 et
3180 4909 3252 4950 ne
3309 4893 3445 4950 talis
3503 4912 3712 4954 eorum

2055 4977 2385 5050 deprecatio
2416 4995 2532 5033 non
2556 4979 2953 5048 exaudiretur,
2987 4981 3219 5054 magnis
3259 4983 3532 5054 precibus
3563 5002 3709 5059 sup-

2053 5066 2510 5137 plicaverunt,ut
2541 5067 2648 5123 hoc
2669 5069 2792 5123 solo
2814 5070 3072 5141 capitulo
3104 5087 3377 5144 separare
3403 5073 3706 5130 Venetiam

2055 5174 2089 5212 a
2120 5156 2405 5211 Romania
2431 5155 2680 5220 valente,
2708 5159 3023 5231 imperium
3056 5177 3251 5216 meum
3297 5179 3506 5234 puram
3533 5164 3701 5219 [idem

2055 5249 2114 5301 et
2151 5245 2361 5301 bonam
2405 5245 2602 5301 circha
2647 5247 2992 5304 Romaniam
3051 5247 3290 5307 Venetie
3349 5253 3706 5308 voluntatem

2056 5351 2170 5390 non
2193 5334 2757 5407 ignorans,insuper
2793 5341 2850 5391 et
2881 5337 3415 5410 predeclaratorum
3462 5341 3716 5414 pruden-

2053 5424 2421 5496 tissimorqm
2455 5424 2691 5480 Venetis
2725 5425 3068 5497 legatorum,
3104 5427 3255 5483 Petri
3296 5429 3595 5487 Michaelis
3654 5433 3712 5486 et

2055 5512 2352 5569 Octaviani
2419 5513 2667 5586 Quirini,
2727 5517 3249 5589 magneinstantie
3305 5537 3372 5577 ac
3411 5519 3714 5593 supplica-

360 5727 471 5797 (63)
504 5723 817 5795 Logotheta
859 5726 1051 5786 dsomi
1105 5723 1352 5782 indicari
1410 5723 1656 5780 videtur.
1713 5723 1871 5781 Infra
1900 5745 1928 5775 Â«
1961 5723 2064 5781 Vis
2093 5723 2410 5796 logotheta.
2449 5747 2472 5775 Î¹
