4130 6396
361 485 480 545 493

1502 478 1891 543 NOVELLIE
1932 472 2509 539 CONSTITUTION
2512 479 2629 539 ES.

3659 482 3781 544 491

361 614 509 672 tioni
534 613 834 685 inﬂexum,
889 616 1133 688 precipit
1155 617 1303 689 [per]
1326 627 1568 689 presens
1598 608 2017 684 chrysobulum
2046 606 2104 673 Α
2130 606 2289 662 tione
2317 608 2470 664 inter
2494 609 2743 666 Grecum
2775 614 2831 668 et
2858 612 3201 669 Veneticum
3231 612 3513 670 existente
3544 628 3784 671 movea-

356 705 626 773 verbum,
664 707 813 775 quod
846 710 1026 761 Greco
1059 706 1295 777 quidem
1327 709 1531 761 contra
1579 699 1923 757 Veneticum
1956 698 2015 753 in

359 793 731 867 peccuniaria
754 811 933 849 causa
947 793 1541 867 agente,legatus,qui
1554 809 1656 863 per
1673 796 1941 862 tempora
1959 788 2018 841 in

358 900 574 955 magna
612 883 755 937 urbe
786 883 918 947 erit,
954 883 1069 938 tale
1111 883 1408 954 judicium
1460 887 1904 954 perscrutetur;
1963 879 2019 932 et

360 972 579 1043 scripto
600 970 836 1043 quidem
860 971 1260 1028 demonstrato
1280 989 1312 1027 a
1333 971 1528 1028 Graeco
1551 968 1834 1025 tavulario
1858 983 2015 1022 com-

362 1060 569 1132 posito,
594 1059 915 1117 certiﬁcato
938 1061 1114 1117 etiam
1130 1061 1201 1117 ab
1225 1059 1700 1132 aliquojudicum
1722 1057 1831 1114 veli
1848 1060 1905 1113 et
1921 1055 2017 1127 epi

361 1154 422 1205 tu
447 1148 795 1221 yppodromi
828 1149 914 1205 vel
951 1149 1295 1206 semiomate
1326 1149 1579 1220 alicujus
1613 1147 2011 1220 predictorum

349 1238 646 1309 judicum,
680 1242 782 1293 aut
812 1244 868 1294 et
897 1238 968 1294 ab
1000 1238 1196 1310 aliquo
1228 1238 1567 1311 pontiﬁcum
1593 1236 1681 1293 vel
1715 1236 1785 1291 ab
1817 1235 2013 1307 aliquo

358 1326 641 1382 tavulario
684 1326 771 1382 vel
829 1327 1043 1399 judice,
1104 1344 1206 1399 per
1262 1344 1435 1398 quem
1493 1327 1648 1398 apud
1699 1325 2014 1381 Veneticos

358 1417 607 1491 dignum
640 1416 754 1471 ﬁde
784 1416 1092 1487 habeatur,
1128 1418 1455 1473 secundum
1482 1415 1827 1487 hujusmodi
1868 1413 2011 1469 scri-

359 1508 439 1580 pti
457 1506 1039 1578 comprehensionem
1054 1507 1408 1563 decisionem
1422 1523 1597 1563 cause
1610 1524 1676 1562 su
1687 1502 2009 1577 perinduci.

356 1597 447 1651 Sic
480 1596 655 1651 etiam
689 1597 846 1666 quod
879 1613 986 1667 per
1041 1597 1475 1668 qualecumque
1523 1602 1752 1667 tempus
1785 1612 1817 1651 ο.
1843 1596 2009 1651 nobi-

356 1684 585 1741 lissimo
610 1684 662 1739 ei
698 1683 944 1756 imperio
976 1701 1103 1741 meo
1134 1685 1480 1761 ﬁdelissimo
1512 1690 1909 1757 protosevasto
1954 1689 2012 1741 et

354 1776 503 1829 duce
529 1770 770 1829 Venetie
803 1774 875 1828 ad
908 1790 1184 1845 magnam
1216 1775 1419 1830 urbem
1454 1775 1722 1829 mittetur
1758 1773 2007 1846 legatus,

356 1862 529 1934 etqui
552 1862 664 1917 sub
686 1861 1021 1933 eojudices,
1048 1864 1250 1919 statim
1275 1867 1406 1936 post
1426 1863 1486 1918 in
1511 1878 1783 1934 magnam
1801 1863 2004 1918 urbem

357 1967 562 2008 eorum
614 1949 924 2039 introitum
980 1952 1209 2007 ostendi
1269 1952 1521 2007 debeant
1576 1951 1647 2021 ei,
1708 1950 1810 2023 qui
1868 1955 2082 2039 tuncB

355 2042 467 2096 erit
496 2040 585 2094 vie
617 2038 1027 2109 cancellarius,
1060 2044 1162 2096 aut
1192 2041 1239 2096 si
1272 2040 1400 2112 ipse
1431 2044 1572 2095 tunc
1619 2039 2005 2096 cancellarius

357 2133 497 2184 tunc
528 2128 588 2182 in
632 2126 1136 2199 Constantinopoli
1185 2146 1299 2184 non
1349 2128 1547 2196 fuerit,
1593 2129 1666 2197 ei,
1714 2128 1816 2199 qui
1864 2135 2004 2184 tunc

355 2217 465 2273 erit
495 2233 748 2289 magnus
780 2217 1132 2289 logariasta;
1165 2221 1222 2274 et
1253 2219 1322 2273 ab
1356 2235 1421 2274 eo
1470 2218 1679 2273 debeat
1726 2218 1880 2274 mitti
1930 2218 2003 2273 ad

350 2305 656 2363 ecclesiam
688 2306 1095 2362 Veneticorum
1126 2323 1229 2378 per
1260 2322 1543 2379 magnum
1602 2307 2003 2379 interpretem,

346 2395 445 2450 vel
478 2395 528 2450 si
562 2394 675 2466 ipsi
709 2411 824 2449 non
874 2395 1069 2464 fuerit,
1129 2412 1233 2467 per
1288 2395 1544 2467 aliquem
1602 2397 1763 2452 curie
1820 2396 2003 2453 alium

353 2485 752 2556 interpretem,
784 2487 849 2539 et‘
871 2500 973 2555 per
1002 2501 1186 2539 unum
1237 2499 1460 2552 eorum,
1509 2485 1609 2557 qui
1660 2483 2004 2540 cancellarie

350 2573 591 2645 scriptis
625 2572 985 2641 deserviunt,
1021 2579 1125 2628 aut
1183 2590 1286 2645 per
1344 2590 1529 2629 unum
1586 2574 2002 2630 secreticorum

348 2661 546 2733 magni
576 2660 949 2734 logariastae,
978 2661 1028 2717 si
1062 2661 1194 2717 talis
1216 2663 1577 2734 gramaticus
1596 2668 1735 2718 tunc
1760 2678 2002 2735 presens

348 2767 465 2806 non
497 2751 674 2806 fuerit
703 2768 716 2818 ;
750 2755 807 2805 et
837 2750 895 2804 in
932 2750 1123 2805 medio
1151 2752 1339 2822 ipsius
1372 2751 1779 2808 Veneticorum
1810 2751 1997 2809 eccle-

350 2840 433 2897 sie
461 2840 521 2895 in
551 2838 915 2895 audientiam
950 2839 1141 2895 tocius
1173 2839 1560 2912 plenitudinis
1585 2841 1996 2898 Veneticorum

350 2934 484 2986 tunc
505 2929 563 2983 in
583 2927 1089 3000 Constantinopoli
1111 2930 1488 2985 existentium
1511 2931 1763 2986 debeant
1770 2931 1795 3001 j
1806 2948 1997 2999 urare,

352 3019 498 3090 quod
529 3022 685 3073 recte
708 3022 762 3072 et
779 3019 944 3088 juste
964 3023 1021 3072 et
1042 3018 1171 3073 sine
1215 3019 1587 3089 susceptione
1608 3036 1994 3090 personarum

346 3107 432 3163 vel
462 3106 712 3178 alicujus
744 3105 883 3161 doni
913 3107 1032 3161 dati
1064 3106 1149 3161 vel
1171 3107 1825 3181 promissijuditia,que
1846 3111 1997 3165 inter

344 3198 558 3255 Grecos
603 3200 829 3251 actores
877 3199 934 3250 et
978 3194 1285 3252 Veneticos
1334 3213 1465 3252 reos
1513 3203 1705 3265 erunt,
1760 3198 1993 3268 facient,

342 3303 449 3343 nec
472 3285 707 3357 aliquod
732 3284 1091 3355 adjutorium
1116 3285 1403 3341 Veneticis
1425 3287 1817 3357 tribuent,sed
1846 3303 1997 3361 equa

340 3376 509 3432 lance
530 3374 840 3445 utriusque
862 3390 1103 3429 causam
1126 3379 1245 3429 tam
1268 3376 1434 3430 Greci
1466 3392 1643 3447 quam
1667 3380 1723 3432 et
1748 3377 1996 3434 Venetici

340 3466 681 3521 discernent
709 3466 767 3517 et
789 3462 1178 3533 judicabunt:
1218 3464 1484 3521 Venetico
1518 3482 1615 3521 reo
1644 3466 1864 3522 donare
1894 3468 1995 3522 de-

336 3556 513 3613 bente
555 3553 737 3609 Greco
769 3554 962 3606 actore
992 3552 1328 3624 calumpnie
1377 3559 1841 3622 sacramentum,
1865 3555 1994 3628 ipso

333 3642 615 3700 Venetico
638 3639 762 3697 solo
776 3640 979 3711 jurare
1002 3640 1250 3697 debente
1270 3643 1586 3699 decisionis
1604 3660 1780 3701 cause
1798 3662 1995 3701 sacra-

337 3735 632 3798 mentum,
662 3730 768 3797 ita,
804 3729 962 3803 quod
994 3728 1223 3802 integre
1254 3730 1575 3789 decisionis
1602 3749 1777 3789 cause
1799 3750 1993 3791 sacra-

335 3826 602 3880 mentum
625 3820 939 3876 Veneticus
954 3819 1135 3876 Greco
1160 3820 1349 3892 possit
1369 3822 1657 3893 referre,si
1671 3823 1996 3894 vult,prout

335 3916 395 3969 et
425 3912 496 3967 de
525 3910 636 3966 hoc
668 3907 1113 3980 prudentissimi
1144 3907 1318 3980 legati
1351 3909 1765 3967 Veneticorum
1794 3928 1991 3969 meum

335 3997 630 4072 deprecati
663 4000 804 4053 sunt
832 3996 1171 4070 imperium.
1218 3998 1289 4053 Et
1335 3998 1443 4054 hec
1492 4001 1757 4072 quidem,
1812 4002 1991 4059 Greco

334 4092 540 4147 contra
567 4086 911 4144 Veneticum
942 4089 1168 4158 agente.
1202 4086 1261 4142 Si
1309 4105 1443 4144 vero
1487 4088 1802 4146 Veneticus
1849 4108 1992 4147 con-

336 4185 431 4236 tra
452 4177 702 4234 Grecum
723 4176 928 4247 egerit,
952 4176 1109 4246 apud
1133 4180 1275 4232 tunc
1302 4176 1718 4235 cancellarium
1742 4179 1853 4250 vie,
1900 4180 1992 4236 vel

337 4284 408 4326 eo
430 4285 464 4322 a
494 4282 710 4339 magna
742 4266 885 4321 urbe
916 4265 1179 4333 absente,
1213 4267 1368 4337 apud
1402 4282 1684 4339 magnum
1739 4267 1991 4341 logaria-

339 4362 491 4414 stam
524 4354 846 4427 querellam
877 4354 1085 4410 debeat
1116 4370 1460 4426 proponere,
1491 4361 1547 4411 et
1594 4357 1812 4430 scripto
1862 4358 1992 4430 qui-

336 4448 473 4503 dem
495 4446 608 4501 ﬁde
636 4443 813 4516 digno
839 4442 1123 4499 existente
1154 4443 1336 4499 actori
1365 4444 1661 4515 Venetico,
1723 4447 1993 4519 quamvis

336 4554 372 4593 a
394 4535 575 4592 Greco
596 4531 882 4589 tavulario
904 4538 1007 4588 aut
1020 4532 1221 4603 judice
1244 4533 1355 4589 veli
1377 4538 1435 4589 et
1451 4536 1991 4609 epituyppodromi,

338 4631 505 4682 auto
536 4623 813 4695 pontiﬁce
838 4621 927 4677 vel
974 4622 1248 4679 Venetico
1305 4623 1596 4680 tabulario
1651 4625 1740 4681 vel
1790 4626 1994 4697 judice

2128 698 2229 750 tur
2258 712 2454 766 causa,
2510 716 2723 771 magna
2773 701 3012 773 quidem
3064 701 3348 758 existente
3393 702 3681 759 seditione
3722 706 3785 760 et

2129 784 2200 839 ad
2233 786 2669 845 multitudinem
2696 791 2945 847 deventa
2974 795 3030 847 et
3062 792 3132 846 ad
3193 792 3578 847 homicidium
3631 792 3782 851 forte

2126 876 2498 945 perveniente
2528 885 2628 934 aut
2660 896 2906 951 magnas
2938 879 3162 952 plagas,
3195 884 3337 936 tunc
3394 880 3777 940 cancellarius

2126 962 2233 1032 vie,
2268 964 2350 1019 vel
2386 981 2451 1020 eo
2485 983 2518 1021 a
2550 984 2762 1040 magna
2810 969 2953 1024 urbe
3014 971 3275 1039 absente,
3340 977 3478 1026 tunc
3535 987 3774 1041 presens

2125 1052 2237 1123 (64)
2274 1054 2330 1108 in
2391 1054 2607 1125 palatio
2664 1056 3120 1114 Vlacbernarum
3183 1060 3655 1131 primiceriorum
3715 1064 3773 1117 et

2123 1142 2549 1200 strattiotarum
2571 1145 2912 1217 hujusmodi
2936 1150 3397 1219 perscrutabitur
3416 1166 3679 1218 causam,
3712 1153 3770 1207 et

2128 1234 2189 1283 ut
2220 1232 2290 1286 ab
2322 1247 2387 1287 eo
2418 1238 2821 1304 cognoscetur,
2857 1236 3041 1291 solvet
3077 1243 3135 1293 et
3185 1237 3533 1305 ulciscatur;
3584 1255 3763 1311 parva

2122 1334 2257 1374 vero
2287 1325 2345 1375 et
2374 1323 2446 1376 ad
2480 1339 2663 1377 unum
2694 1324 2781 1380 vel
2813 1325 2883 1379 ad
2916 1327 3064 1381 duos
3118 1327 3386 1395 deducta,
3437 1327 3487 1382 si
3532 1328 3768 1397 quidem

2121 1407 2463 1466 vulneratus
2487 1411 2717 1483 plagam
2750 1414 3101 1470 mediocrem
3147 1416 3449 1472 sustinens
3480 1420 3582 1472 aut
3611 1417 3767 1489 inju-

2122 1497 2270 1552 riam
2303 1498 2611 1557 Veneticus
2644 1503 3012 1575 fuerit,apud
3045 1509 3186 1559 tunc
3208 1505 3625 1561 cancellarium
3657 1508 3766 1577 vie,

2118 1585 2209 1641 vel
2241 1603 2307 1643 eo
2340 1604 2372 1643 a
2403 1606 2617 1663 magna
2648 1592 2791 1648 urbe
2820 1592 3089 1660 absente,
3130 1595 3284 1665 apud
3316 1597 3454 1649 tunc
3486 1612 3769 1668 magnum

2118 1673 2495 1747 logariastam
2529 1680 2851 1751 querellam
2871 1689 3176 1753 proponat,
3198 1688 3254 1738 et
3267 1683 3594 1741 secundum
3615 1686 3769 1757 leges

2116 1762 2434 1821 vindictam
2466 1766 2725 1825 habebit.
2760 1770 2818 1825 Si
2868 1787 3003 1826 vero
3062 1771 3282 1828 Grecus
3339 1773 3514 1829 fuerit
3568 1773 3767 1846 ydiota

2117 1851 2376 1923 quidem,
2408 1858 2465 1909 et
2495 1872 2611 1911 non
2642 1874 2711 1911 ex
2739 1864 2981 1914 senatus
3013 1858 3281 1916 consulto
3314 1864 3417 1915 aut
3446 1861 3518 1917 de
3548 1861 3764 1919 clario-

2115 1940 2277 1995 ribus
2326 1942 2667 2001 hominibus
2725 1948 2886 2002 curie
2945 1947 3177 2019 imperii
3236 1948 3351 2005 mei
3407 1949 3758 2022 consistens,

2116 2032 2271 2100 apud
2302 2031 2562 2104 legatum
2595 2034 3011 2093 Veneticorum
3039 2042 3095 2093 et
3143 2038 3253 2093 sub
3303 2056 3369 2094 eo
3407 2040 3644 2111 judices
3686 2042 3757 2097 de

2112 2117 2331 2190 injuria
2360 2127 2417 2176 et
2446 2123 2725 2180 dedecore
2756 2126 3076 2182 movebunt
3105 2143 3371 2199 causam,
3403 2133 3458 2184 et
3505 2129 3579 2184 ab
3629 2131 3760 2187 istis

2113 2208 2396 2281 suscipiet
2450 2212 2794 2269 vindictam.
2844 2215 3165 2288 Diligenter
3221 2217 3378 2272 enim
3443 2218 3759 2291 imperium

2113 2314 2310 2354 meum
2344 2301 2603 2370 conﬁdit,
2639 2304 2793 2374 quod
2855 2321 3034 2376 super
3088 2305 3434 2377 hujusmodi
3488 2309 3764 2380 capitulis

2114 2394 2481 2445 sacramenta
2530 2408 2633 2463 pro
2675 2392 2921 2463 justicia
2976 2394 3423 2451 intervenientia
3478 2397 3760 2467 Venetici,

2113 2476 2328 2547 quibus
2352 2479 2646 2548 judicium
2676 2486 2767 2537 est
2797 2483 3206 2551 commissum,
3240 2501 3356 2540 non
3412 2486 3763 2558 despiciant,

2112 2565 2294 2622 immo
2324 2567 2597 2624 similiter
2625 2575 2681 2626 et
2709 2571 2767 2625 in
2813 2572 3153 2643 hujusmodi
3209 2575 3404 2630 causis
3454 2576 3760 2647 justiciam

2111 2656 2462 2726 custodient,
2497 2660 2997 2729 quemadmodum
3030 2666 3087 2717 et
3142 2662 3200 2718 in
3249 2664 3660 2735 peccuniariis,
3705 2671 3763 2723 et

2110 2757 2226 2796 non
2258 2746 2488 2799 tantum
2526 2746 2799 2802 honorem
2830 2748 2921 2804 vel
2953 2749 3210 2806 dedecus
3258 2751 3379 2807 sive
3427 2754 3756 2824 proﬁcuum

2106 2830 2194 2885 vel
2235 2832 2558 2905 dampnum
2618 2838 3033 2895 Veneticorum
3096 2841 3407 2910 curabunt,
3467 2847 3754 2914 quantum

2108 2935 2308 2976 eorum
2342 2932 2733 2994 sacramenta,
2767 2943 2879 2999 que
2908 2928 2980 2984 ob
3012 2929 3096 2985 eis
3154 2946 3256 3001 pro
3298 2930 3538 3001 justicia
3589 2933 3752 3003 ﬂent,

2106 3009 2165 3064 in
2198 3012 2471 3069 omnibus
2501 3015 2648 3070 bene
2674 3019 2971 3073 custodire
3002 3027 3057 3074 et
3086 3019 3410 3076 observare.
3443 3020 3525 3077 Ne
3554 3025 3753 3078 autem

2104 3097 2283 3172 longa
2311 3108 2594 3173 sequatur
2624 3122 2786 3161 moro
2816 3106 2875 3161 in
2916 3107 3162 3177 judiciis
3222 3110 3375 3164 inter
3429 3110 3642 3167 Grecos
3698 3117 3758 3168 et

2105 3188 2414 3247 Veneticos
2438 3193 2673 3264 futuris,
2700 3212 2803 3249 nec
2821 3195 3001 3251 libelli
3030 3198 3155 3252 dies
3181 3214 3286 3253 nec
3306 3198 3755 3256 interdictorum

2110 3294 2298 3351 usque
2330 3280 2389 3335 in
2411 3281 2617 3353 viginti
2667 3285 2755 3339 vel
2816 3285 3078 3357 triginta,
3136 3291 3309 3359 prout
3365 3289 3759 3346 communiter

2111 3370 2435 3425 secundum
2460 3370 2616 3442 leges
2649 3377 2902 3444 tenetur,
2938 3376 3354 3432 cunnumerari
3384 3393 3512 3433 meo
3569 3379 3760 3449 placet

2105 3457 2374 3529 imperio,
2397 3462 2497 3516 sed
2522 3463 2850 3518 secundum
2876 3480 3085 3519 novam
3105 3466 3583 3522 constitutionem
3609 3484 3760 3523 sem-

2104 3547 2329 3618 piterne
2388 3551 2665 3606 memorie
2722 3551 3098 3623 imperatoris
3156 3558 3213 3609 et
3271 3553 3471 3610 dilecti
3561 3557 3756 3627 patrui

2104 3636 2337 3707 imperii
2370 3638 2506 3705 mei;
2568 3640 2793 3695 domini
2854 3640 3145 3698 Manuelis
3198 3643 3481 3699 Comnani
3541 3646 3754 3702 factam

2103 3724 2175 3781 de
2203 3726 2464 3798 iudiciis,
2495 3744 2607 3801 que
2634 3728 2791 3786 inter
2819 3734 3124 3788 extraneos
3155 3734 3211 3788 et
3241 3731 3553 3805 indigenas
3598 3735 3753 3792 cives

2103 3823 2545 3875 conversantur.

2173 3906 2423 3979 Insuper
2450 3915 2509 3965 et
2538 3908 2713 3965 aliam
2747 3910 3098 3982 peticionem
3148 3912 3347 3983 sepius
3394 3913 3751 3971 declaratam

2101 3997 2538 4070 prudentissimi
2577 3997 2755 4071 legati
2786 4000 2854 4055 ad
2894 4016 3090 4056 meum
3123 4000 3387 4058 fecerunt
3435 4002 3752 4075 imperium

2094 4087 2493 4159 justissimam
2518 4092 2575 4144 et
2597 4105 2727 4145 meo
2750 4090 3165 4161 acceptabilem
3184 4090 3755 4164 imperio.Petierunt

2101 4176 2284 4243 enim,
2315 4179 2380 4231 ut
2408 4176 2681 4233 Venetico
2714 4178 2774 4233 in
2807 4177 3006 4250 aliqua
3063 4179 3301 4251 regione
3349 4180 3581 4252 imperii
3636 4184 3752 4239 mei

2102 4265 2390 4321 moriente
2421 4265 2647 4321 nullam
2680 4267 2931 4338 praetori
2964 4273 3117 4324 terre
3161 4268 3233 4324 ad
3287 4270 3438 4325 bona
3489 4271 3751 4328 defuncti

2100 4353 2356 4411 Venetici
2383 4354 2505 4428 peri
2530 4356 2946 4425 accesionem,
2971 4357 3155 4413 immo
3197 4359 3520 4415 secundum
3570 4359 3753 4432 placi-

2102 4446 2227 4500 tum
2256 4443 2463 4500 Veneti
2494 4444 2756 4501 defuncti
2787 4446 2914 4517 ejus
2945 4447 3363 4518 pispensentur
3409 4464 3504 4505 res
3560 4449 3648 4506 vel
3680 4451 3753 4507 ab

2101 4534 2231 4605 ejus
2262 4534 2398 4588 ﬁdei
2429 4534 2876 4605 commissariis,
2909 4534 2960 4592 si
3008 4535 3448 4593 testamentorie
3471 4539 3761 4612 contingit

2102 4640 2237 4680 eum
2266 4623 2597 4691 obiisse,vel
2621 4624 2691 4680 ab
2717 4624 2832 4679 hiis
2854 4624 2955 4696 qui
2977 4626 3374 4697 reperirentur
3391 4630 3532 4684 tunc
3548 4628 3627 4685 ibi
3652 4632 3759 4685 Ve-

340 4714 422 4771 sit
451 4709 865 4781 compositum,
909 4712 1234 4767 secundum
1266 4712 1375 4768 hoc
1410 4713 1612 4784 utique
1644 4730 1825 4771 causa
1848 4716 1999 4772 deci.
2030 4709 2077 4774 Ι)
2108 4710 3079 4784 neticis.Annuitigiturimperium
3102 4730 3299 4769 meum
3326 4718 3383 4770 et
3419 4715 3522 4770 tali
3552 4732 3757 4773 eorum

343 4804 531 4859 detur.
556 4800 785 4871 Scripto
809 4815 941 4855 vero
965 4800 1145 4855 actori
1181 4817 1295 4856 non
1330 4802 1637 4874 existente,
1670 4806 1997 4862 secundum

341 4891 547 4964 ipsum
575 4892 673 4961 jus
705 4892 762 4944 et
790 4892 951 4945 actor
979 4888 1287 4945 Veneticus
1309 4890 1700 4961 judicabitur,
1732 4896 1790 4948 et
1817 4893 1999 4951 dona-

345 4981 512 5037 bitur
541 4977 779 5049 quidem
811 4982 868 5033 et
897 4982 1101 5032 contra
1128 4979 1199 5033 ab
1231 4994 1298 5034 eo
1331 4979 1511 5036 Greco
1542 4981 1879 5053 calumpnie
1900 5000 2000 5040 sa-

344 5072 740 5127 cramentum.
791 5066 1097 5122 Jurabitur
1153 5071 1349 5123 autem
1400 5072 1457 5124 et
1504 5070 1576 5124 ab
1635 5069 1762 5142 ipso
1821 5071 2000 5129 Greco

346 5161 551 5231 ipsum
583 5154 900 5213 decisionis
956 5171 1130 5212 cause
1185 5162 1625 5216 sacramentum
1682 5159 1783 5229 ita,
1845 5163 2000 5232 quod

348 5246 628 5303 Venetico
659 5244 848 5317 possit
905 5244 1120 5299 referre
1178 5261 1209 5300 e
1263 5251 1489 5302 contra.
1548 5248 1618 5303 Et
1676 5251 2001 5306 secundum

352 5338 686 5409 presentem
717 5333 968 5389 formam
997 5328 1283 5405 presentis
1313 5335 1516 5407 scripti
1548 5336 1729 5408 hujus
1770 5338 2008 5410 chryso-

352 5424 473 5481 boli
529 5423 765 5495 imperii
820 5421 955 5491 mei,
1012 5438 1080 5477 ex
1138 5439 1295 5478 nunc
1352 5429 1410 5479 et
1464 5424 1740 5497 deinceps
1790 5428 2011 5497 juditia

358 5511 734 5588 peccuniaria
759 5511 912 5567 inter
931 5511 1240 5568 Veneticos
1265 5516 1322 5568 et
1353 5512 1567 5570 Grecos
1599 5515 1968 5574 decidantur.

428 5605 700 5659 Preterea
729 5600 993 5672 quidem,
1023 5600 1074 5657 si
1123 5601 1196 5658 de
1243 5600 1531 5659 seditione
1579 5602 1668 5660 vel
1727 5619 2014 5677 repugna-

441 5817 558 5893 (64)
583 5818 752 5881 Forte
776 5832 997 5892 praeses.

2109 4800 2410 4873 peticioni,
2442 4808 2496 4856 et
2524 4817 2628 4875 per
2656 4818 2899 4873 presens
2931 4802 3217 4873 scripturn
3255 4820 3398 4861 auro
3457 4804 3758 4875 signatum

2109 4887 2529 4960 chrysobulum
2551 4892 2795 4946 verbum
2809 4890 2980 4961 jubet
3003 4906 3016 4946 :
3042 4890 3185 4946 nulli
3210 4891 3269 4947 in
3319 4895 3442 4949 tota
3475 4894 3759 4951 Romanis

2110 4976 2346 5049 aliquod
2382 4978 2709 5034 dominium
2741 4979 3050 5047 exercenti,
3079 4980 3200 5036 sive
3230 4985 3465 5053 praetor
3520 4984 3759 5051 provin-

2108 5066 2187 5121 tie
2218 5065 2317 5135 sit,
2348 5066 2469 5122 sive
2495 5066 2724 5123 villicus
2756 5067 3083 5138 personalis
3121 5070 3209 5125 vel
3268 5072 3608 5128 monasterii
3656 5075 3762 5128 aut

2111 5153 2378 5228 ipsorum
2417 5154 2763 5212 intimorum
2795 5167 3178 5229 cognatorum
3240 5159 3471 5231 imperii
3520 5161 3658 5233 mei,
3708 5164 3766 5217 et

2113 5242 2377 5313 ipsorum
2411 5243 2587 5299 etiam
2623 5243 3099 5302 felicissimorum
3131 5252 3660 5305 sevastocratorum
3709 5253 3769 5306 et

2117 5333 2395 5389 Cesarum
2421 5331 2507 5387 vel
2535 5333 2885 5387 dilectorum
2915 5334 3233 5391 liberorum
3266 5337 3496 5409 imperii
3529 5338 3642 5394 mei
3668 5343 3772 5396 aut

2119 5421 2309 5493 ipsius
2330 5420 2711 5477 dilectissime
2736 5438 2861 5477 mee
2894 5425 3176 5496 Auguste,
3221 5425 3396 5482 licere
3427 5426 3547 5483 ullo
3597 5431 3771 5486 modo

2119 5512 2183 5569 in
2209 5512 2621 5570 Veneticorum
2647 5514 3055 5572 defunctorum
3087 5530 3180 5571 res
3210 5531 3424 5573 manus
3452 5516 3773 5589 inmittere,

2124 5606 2182 5659 et
2210 5601 2430 5675 aliquid
2462 5619 2529 5659 ex
2561 5604 2645 5661 eis
2674 5620 2863 5677 usque
2895 5605 2965 5661 ad
2998 5621 3183 5661 unum
3216 5605 3453 5663 obolum
3489 5609 3773 5682 accipere,
