4130 6364
291 419 412 478 495
1526 411 1926 473 NEOPHYTI
1968 410 2467 474 PRESBYTER!
3586 413 3711 474 496

293 551 395 607 sed
427 550 645 605 intacta
676 548 916 603 omnino
945 545 1242 603 custodire
1269 548 1391 600 tam
1423 561 1456 600 a
1487 560 1665 600 manu
1698 543 1936 600 dimosii
1967 547 2022 614 Α
2051 547 2110 600 et
2161 544 2422 600 Venetici
2483 545 2554 600 ad
2614 545 2926 616 imperium
2976 560 3177 602 meum
3235 549 3295 602 et
3353 546 3710 603 Romaniam

293 656 473 713 quam
506 655 540 694 a
572 653 751 692 manu
785 651 1168 709 personarum
1199 638 1256 688 et
1285 635 1803 701 monasteriorum,
1837 650 1939 706 ρο·
2056 633 2232 688 ﬁdem
2264 633 2590 689 secundum
2636 649 2726 698 ea,
2775 651 2890 706 que
2929 635 3002 690 ab
3051 634 3135 691 eis
3184 641 3358 708 pacta
3405 639 3463 692 et
3513 637 3716 707 jurata

289 728 489 785 testati
518 727 779 782 defuncti
813 726 900 780 vel
935 729 1388 796 procuratorum
1421 723 1550 793 ejus
1582 722 1704 778 sive
1735 724 1807 778 ab
1851 722 1941 776 in-
2049 726 2191 778 sunt
2213 725 2272 777 et
2299 722 2359 776 in
2418 722 2874 793 supraordinato
2939 723 3160 795 scripto
3216 724 3712 796 prudentissimo-

289 821 504 872 testato
538 815 822 870 heredum
853 812 1163 868 custodita.
1216 810 1375 865 Scire
1420 815 1617 865 autem
1672 814 1938 882 oportet:
2051 826 2182 865 rum
2214 810 2543 881 legatorum
2581 811 2898 881 declarata,
2930 811 3244 867 immutata
3271 816 3329 868 et
3372 813 3715 885 incorrupta

291 903 413 974 ille,
446 902 545 972 qui
583 919 765 957 ausus
823 901 996 955 fuerit
1048 901 1251 956 contra
1309 915 1550 969 presens
1605 904 1942 970 preceptum
2053 898 2460 953 custodierint.
2497 899 2580 952 Ad
2606 899 2716 954 hoc
2738 899 2896 954 enim
2923 905 2982 954 et
3003 916 3246 971 presens
3285 899 3708 972 chrysobulum

296 993 531 1064 imperii
565 991 678 1046 mei
713 992 917 1056 facere,
961 989 1116 1059 quod
1175 989 1236 1042 in
1291 988 1684 1058 quadruplum
1743 987 1947 1043 reddet
2051 987 2294 1041 verbum
2353 987 2584 1058 imperii
2646 987 2760 1042 mei
2816 987 3181 1042 fidelissimis
3266 987 3512 1060 imperio
3581 1004 3710 1044 meo

298 1084 582 1149 ablatum,
613 1085 670 1136 et
700 1097 802 1152 per
829 1083 1256 1150 competentem
1291 1079 1569 1149 punietur
1623 1078 1944 1150 correptio-
2052 1077 2340 1133 traditum
2372 1081 2461 1132 est
2488 1076 2802 1148 Veneticis,
2829 1079 3066 1133 lirmum
3090 1082 3148 1134 et
3171 1078 3514 1134 inviolatum
3530 1078 3710 1135 babe-

299 1187 455 1240 nem,
489 1175 629 1224 tunc
659 1170 747 1224 vie
781 1167 1075 1239 logotheta
1103 1168 1388 1223 existente
1437 1184 1538 1223 seu
1589 1184 1802 1239 magno
1856 1167 1946 1222 lo—
2055 1182 2116 1222 re
2146 1167 2388 1222 debens.

300 1260 560 1334 gariasta
587 1258 722 1313 talis
753 1257 997 1328 capituli
1054 1257 1309 1312 vindiote
1366 1257 1788 1328 supervigilare
1845 1258 1946 1312 de-
2129 1255 2371 1310 Factum
2430 1271 2632 1310 mense
2697 1254 3011 1311 Novembri
3082 1256 3374 1328 prssentis
3450 1257 3709 1312 secunde

299 1349 473 1406 bente
501 1353 559 1403 et
587 1348 911 1402 secundum
944 1362 1185 1418 presens
1216 1353 1554 1418 preceptum
1577 1346 1809 1419 imperii
1833 1346 1945 1403 mei
2056 1342 2396 1399 indictionis
2425 1360 2526 1399 sex
2557 1342 2857 1399 millesimi
2910 1343 3420 1416 septingentesimi
3468 1344 3708 1416 septimi

296 1438 620 1494 vindictam
651 1436 860 1492 facere.
2058 1430 2216 1496 anni,
2253 1431 2312 1485 in
2344 1447 2458 1502 quo
2490 1435 2547 1486 et
2578 1435 2846 1486 nostrum
2879 1431 3041 1503 pium
3076 1437 3132 1486 et
3161 1448 3196 1487 a
3230 1433 3341 1487 Deo
3374 1435 3707 1504 promotum

368 1527 578 1582 Omnia
607 1524 808 1596 igitur,
841 1540 956 1596 que
991 1541 1092 1596 per
1114 1524 1406 1596 presentis
1428 1523 1763 1596 chrysobuli
1789 1525 1944 1580 verbi
2057 1527 2431 1600 subsiguavit
2458 1527 2797 1600 imperium.

297 1614 370 1670 ab
400 1612 646 1686 imperio
677 1628 806 1668 meo
834 1612 1230 1683 corroborata,
1265 1629 1333 1668 ex
1365 1612 1474 1682 (65)
1507 1612 1698 1684 gratia
1732 1613 1949 1667 donata

294 1702 494 1775 generi
524 1701 940 1758 Veneticorum
977 1702 1226 1773 imperio
1260 1717 1390 1757 meo
1440 1701 1946 1772 ﬁdelissimorum,
2304 1706 2556 1760 Anaxms
2591 1705 2648 1760 in
2680 1704 2909 1761 Christo
2939 1705 3058 1761 Deo
3090 1705 3282 1761 ﬁdelis
3313 1705 3630 1778 imperator
3656 1711 3714 1763 et

292 1791 634 1863 incorrupte
665 1794 722 1846 et
746 1791 1035 1846 immutate
1065 1791 1359 1846 custodita
1387 1795 1580 1859 erunt,
1641 1806 1948 1861 quousque
2415 1794 2755 1850 moderator
2784 1794 3184 1850 Romanorum
3222 1793 3496 1867 Angelus.

367 1935 485 2008 (65)
514 1933 727 1992 Melius
755 1938 826 1992 et.

293 2087 3715 2122 Μ

1697 2263 1851 2304 ΔΝΝο
1890 2262 2098 2304 DOMINI
2138 2264 2292 2304 MGXV

693 2424 1911 2594 NEOPHYTUS
2061 2426 3305 2593 PRESBYTER.

1755 2834 2257 2923 NOTITIA.

957 2985 1052 3044 (Ex
1077 2985 1286 3036 Joanne
1315 2983 1470 3048 Bapt.
1503 2983 1769 3035 Cotelerio
1798 2985 1855 3035 in
1884 2987 1995 3036 not.
2027 2985 2094 3036 ad
2127 2989 2255 3035 tom.
2288 2987 2330 3035 ῐῐ
2361 2985 2598 3036 Monum.
2629 2986 2764 3036 Eccl.
2796 2987 3033 3048 Graecas.)

373 3130 550 3186 Istius
580 3128 890 3202 Neophyti,
928 3127 1292 3202 monacbiet
1322 3126 1554 3194 inclusi,
1587 3131 1896 3202 Sermones
1918 3131 2150 3202 exstant
2173 3127 2240 3202 in
2271 3128 2470 3202 codice
2512 3130 2888 3186 membraneo
2928 3129 3297 3202 bibliothecae
3341 3130 3703 3189 Colbertinre-

297 3202 442 3283 Nam
471 3206 677 3283 praeter
707 3199 1337 3283 titﬁlumngygniunt
1365 3203 1652 3283 tempora.
1682 3199 1886 3283 gratio
1917 3199 2136 3283 quippe
2169 3199 2360 3282 ipsius
2382 3202 2589 3283 quinta
2618 3207 2708 3283 est
2763 3202 2851 3283 den
2885 3201 3176 3283 monacho
3225 3219 3329 3283 per
3381 3205 3699 3283 daemonem

299 3271 566 3346 decepto,
595 3290 756 3346 anno,
781 3273 990 3328 mundi
1019 3273 1184 3346 6693,
1219 3271 1397 3346 idest
1425 3271 1642 3346 Christi
1675 3273 1832 3346 M85,
1879 3271 2082 3345 paucis
2131 3271 2304 3328 annis
2353 3271 2487 3328 ante
2513 3281 2765 3346 icaptam
2815 3277 3063 3344 Cyprum
3125 3274 3198 3329 ab
3225 3271 3470 3346 —Anglis.
3523 3277 3708 3339 Quam

299 3341 609 3417 historiam
669 3344 1182 3417 referunt_multi.
1241 3341 1830 3417 VidesisLAllatium
1880 3341 1984 3399 'De
2023 3347 2324 3417 _utriusque
2355 3414 2364 3417 _
2401 3341 2681 3417 Ecclesia
2736 3341 3093 3417 consensione
3147 3345 3251 3400 lib.
3312 3341 3374 3412 11',
3408 3361 3551 3417 cap.
3619 3347 3707 3417 l3,

298 3422 357 3474 et
392 3416 908 3492 FresniiFamilrtas
935 3415 1302 3492 Byzantinus,
1336 3431 1392 3492 p.
1449 3414 1606 3492 18/1.“
1631 3413 1800 3492 Alius
1858 3418 1929 3470 Νε

2080 3421 2198 3486 γωδ
2229 3412 2602 3492 inclusus”)
2658 3412 2955 3492 éﬂd‘fﬁc‘
2984 3418 3164 3492 μᾳνῆς
3208 3421 3310 3484 τῆς
3357 3412 3711 3492 Εὗερῖγὲτιὸοξ

299 3488 476 3614 paulp
503 3487 1050 3614 licetrgzptiﬂgor,
1085 3491 1447 3542 memoratur
1476 3487 1535 3541 in
1567 3485 1843 3559 Catalogo
1873 3485 2286 3559 episcoporum
2330 3487 2615 3558 Byzantii,
2667 3503 2724 3558 p.
2774 3488 2882 3543 303
2928 3485 3077 3546 laris
3127 3485 3598 3560 Graeco-Romani,
3646 3493 3719 3548 de

299 3576 410 3614 auo
473 3603 485 3614 .
550 3601 564 3614 .
597 3575 654 3614 ι).
798 3599 812 3614 .
957 3599 970 3611 .

295 3576 410 3631 quo
441 3564 485 3616 t.
520 3564 564 3629 Ι,
597 3575 654 3632 p.
685 3564 812 3627 741,
841 3564 970 3613 742.

435 3915 1731 4092 ΝΕΟΦΥΤΟΥ
1859 3913 3572 4094 ΠΡΕΣΒΥΤΕΡΟΥ

1511 4179 1854 4237 ΜΟΝΑΧΟΥ
1904 4181 2020 4236 ΚΑΙ
2067 4181 2512 4238 ΕΓΚΛΕΙΣΤΟΥ

636 4353 939 4447 ΠΕΡΙ
1009 4349 1269 4446 ΤΩΝ
1351 4349 1689 4445 ΚΑΤΑ
1763 4348 2193 4446 ΧΩΡΑΝ
2271 4352 2782 4449 ΚΥΠΡΟΝ
2864 4354 3376 4450 ΣΚΑΙΩΝ.

852 4719 1846 4878 ΝΕΟΡΗΥΤΙ
1979 4724 2210 4875 ΡΒ
2239 4719 2483 4879 ES]

1535 4719 1846 4874 YTI
1979 4724 2210 4875 PR
2239 4719 3166 4882 ESBYTERI

1617 4977 1941 5036 MONAGHI
1983 4979 2073 5035 ET
2112 4977 2402 5036 INGLUSI

1237 5142 1381 5228 DE
1443 5141 2355 5232 CALAMITATIBUS
2417 5143 2774 5236 CYPllI.

368 5448 418 5503 1.
450 5446 650 5502 Nubes
681 5449 899 5526 obtegit
929 5453 1132 5525 solem,
1184 5458 1242 5510 et
1289 5453 1506 5509 nebula
1549 5457 1779 5510 montes
1827 5453 1948 5509 col-
1980 5460 1999 5524 ]

2129 5453 2194 5510 α’.
2228 5449 2442 5530 Νεφέλη
2492 5453 2758 5510 καλύπτει
2806 5454 2994 5526 ἥλιον,
3044 5455 3135 5510 καὶ
3195 5451 3412 5528 ὀμίχλη
3464 5447 3567 5525 ὅρη
3628 5453 3721 5508 καὶ

289 5535 536 5608 lesque;
571 5539 727 5594 unde
760 5559 861 5612 per
890 5543 1124 5614 aliquod
1156 5548 1394 5616 tempus
1444 5542 1753 5598 cohibetur
1802 5542 1920 5597 soli:

2096 5539 2286 5604 ουνοὺς
2343 5539 2412 5595 δι’
2487 5543 2560 5596 ὢν
2639 5545 2955 5622 ἀπείργεται
3029 5543 3231 5618 θάλψις
3287 5542 3380 5600 καὶ
3429 5543 3727 5618 φωταυγὴς

290 5623 450 5680 calor
480 5628 537 5680 et
590 5625 935 5696 splendidus
997 5632 1225 5687 radius.
1293 5631 1411 5685 Nos
1469 5647 1702 5702 quoque
1758 5632 1921 5702 jam:

2098 5628 2218 5685 λίου
2265 5629 2416 5693 ἀκτὶς
2464 5632 2653 5706 χρόνῳ
2702 5635 2831 5692 τινί.
2883 5633 3066 5712 Εἵργει
3118 5631 3176 5690 δί
3204 5633 3294 5688 καὶ
3331 5635 3481 5704 ἡμᾶς
3511 5628 3729 5687 δώδεκα

289 5712 602 5772 duodecim
639 5721 808 5778 annis
840 5727 1068 5779 coercet
1098 5721 1285 5777 nubes
1317 5736 1382 5776 ac
1413 5719 1630 5777 nebula
1658 5720 1770 5778 sibi
1814 5739 1913 5778 mu

2091 5719 2292 5796 ,ρόνους
2324 5717 2434 5790 ἤδη
2459 5720 2656 5798 νεφέλη
2689 5724 2779 5779 καὶ
2801 5723 3018 5800 ὀμίχλη
3050 5719 3502 5792 ἀλλεπαλλήλων
3529 5717 3722 5778 δεινῶν
