4130 6364
423 390 541 452 497
1589 398 1692 458 DE
1735 397 2372 461 CALAMITATIBUS
2417 399 2518 461 CY
2528 400 2675 462 PR1.
3729 395 3849 455 498

421 524 531 577 τῶν
580 527 650 598 τῇ
709 525 870 599 χώρᾳ
917 519 1368 597 συμϐεοηκότων.
1415 528 1788 605 Κρατηθείσης
1844 531 1938 603 μὲν
1972 531 2073 606 γὰρ

2188 537 2289 588 tuo
2321 535 2764 590 succedentium
2797 532 3355 604 calamitatum,qua3
3387 531 3610 606 regioni
3632 532 3844 586 nostrae

421 618 525 680 τῆς
581 610 950 688 Ἰερουσαλὴμ
997 613 1102 668 ὐπὸ
1143 620 1242 668 τοῦ
1286 615 1446 680 ἀθέου
1497 617 1827 693 Σαλαχαντὶ,
1875 619 1974 686 τὴς
2019 616 2076 674 δὲ

2188 622 2575 696 contigerunt.
2634 625 2863 679 Etenim
2897 623 3134 679 obtenta
3163 622 3564 696 Hierosolyma
3610 637 3713 694 per
3740 619 3848 674 im-

422 700 649 776 Κύπρου
705 701 808 755 ὑπὸ
863 701 1131 756 Ἰσαακίου
1178 708 1275 758 τοῦ
1328 708 1636 777 Κομνηνοῦ,
1673 707 1847 781 μάχαι
1882 706 2073 763 λοιπὸν

2188 711 2350 782 pium
2409 712 2743 768 Salachanti
2793 731 2896 768 seu
2956 711 3324 775 Saladinum,
3385 718 3442 766 et
3511 715 3693 784 Cypro
3746 724 3848 779 per

421 791 513 846 καὶ
560 788 823 863 πόλεμοι,
882 793 1116 866 ταραχαὶ
1169 793 1258 846 καὶ
1298 793 1700 864 ἀκαταστασίαι,
1752 795 2074 873 λαφυραγω·

423 877 541 953 γίαι
571 880 659 934 καὶ
705 877 875 934 δειναὶ
924 883 1294 951 συναντήσεις,
1345 884 1446 952 τήν
1494 891 1595 960 γῆν
1654 882 1706 939 ἐν
1739 883 1776 958 ᾗ
1803 886 1856 940 οἱ
1888 882 2074 954 δηλω-

427 968 606 1032 θέντες
657 967 823 1043 ἦρξαν
895 967 1272 1044 κατεκάλυψαν
1356 970 1589 1043 νεφέλης
1663 972 1753 1027 καὶ
1824 973 2073 1050 ὁμίχλης

421 1055 611 1114 πλέον.
649 1054 791 1113 Ἰδοὺ
823 1056 926 1132 γὰρ
979 1059 1007 1112 6
1063 1059 1348 1133 ζωηφόρος
1388 1065 1485 1115 τοῦ
1524 1061 1724 1136 Κυρίου
1773 1064 1934 1135 ἡμῶν
1975 1064 2068 1118 τά·

424 1165 522 1223 φος
549 1144 639 1200 καὶ
668 1146 737 1200 τὰ
767 1144 935 1201 λοιπὰ
979 1143 1102 1221 ἅγια
1149 1146 1408 1219 ἐδοθησαν
1453 1156 1571 1214 τοῖς
1607 1152 1729 1205 κυσὶ
1759 1151 2016 1207 Μουσουλ
2052 1170 2065 1186 ⁶

425 1233 614 1307 μάνοις
648 1231 740 1289 διὰ.
783 1235 881 1297 τὰς
943 1235 1210 1311 ἱμαρτίας
1268 1239 1448 1312 ἡμῶν,
1494 1240 1584 1294 καὶ
1631 1237 1845 1315 δακρύει
1898 1240 1949 1295 ἐν
2000 1245 2070 1314 τῇ

417 1323 644 1398 τοιαύτῃ
697 1328 952 1401 συμφορᾷ
998 1331 1142 1382 πᾶσα
1188 1329 1342 1402 ψυχὴ
1387 1325 1642 1406 φιλόθεος
1674 1349 1687 1362 °
1721 1329 2074 1405 Ταραχθὲντα

420 1407 478 1466 δέ
530 1413 620 1466 καὶ
673 1413 743 1467 τά
785 1407 936 1484 ἔθνη,
989 1414 1079 1468 καὶ
1142 1414 1414 1491 βασιλεῖαι
1469 1416 1758 1476 κλιθεῖσαι.
1809 1418 1946 1473 κατὰ
2009 1420 2071 1474 τὸ

413 1504 792 1576 γεγραμμένον
825 1522 837 1535 ·
899 1503 926 1557 6
987 1503 1344 1578 Ἀλαμανίας,
1403 1507 1573 1581 φημὶ,
1622 1508 1710 1562 καὶ
1765 1508 1794 1562 6
1853 1506 2069 1582 Ἐγκλι-

414 1587 551 1662 νίας,
600 1592 691 1644 καὶ
750 1595 854 1645 πᾶν
905 1589 1058 1654 ἔθνος
1111 1591 1348 1669 σχεδὸν,
1405 1594 1720 1666 κεκίνηνται
1782 1597 1913 1672 ὑπερ
1973 1604 2072 1667 τῆς

415 1678 800 1752 Ἰερουσαλὴμ,
831 1681 921 1735 καὶ
972 1678 1168 1750 ἤνυσαν
1222 1680 1398 1739 οὐδέν.
1453 1681 1591 1739 Οὐδὶ
1635 1684 1737 1761 γὰρ
1769 1683 2069 1758 ηὐδοκησεν

415 1768 451 1836 ἡ
509 1769 741 1843 πρόνοια
824 1768 986 1831 κύνας
1067 1769 1258 1841 ἐξῶσαι
1328 1772 1418 1828 καὶ
1493 1771 1694 1836 λύκους
1746 1775 2068 1845 ἀντεισάξαι,

2181 802 2472 856 Isaacium
2530 803 2921 865 Comncnum,
2983 802 3256 872 deinceps
3289 817 3500 872 pugnae
3558 806 3614 855 et
3667 797 3844 866 bella,

2181 891 2475 946 tumultus
2519 909 2585 946 ac
2642 894 2982 963 seditiones,
3045 892 3509 964 depraedationes
3585 888 3842 959 szevique

2182 997 2354 1036 casus
2385 985 2598 1036 terram
2633 982 2691 1037 in
2726 999 2841 1054 qua
2896 983 3162 1054 praedicti
3221 982 3592 1052 imperarunt
3648 977 3842 1049 magis

2183 1076 2828 1144 cooperuerunt,quam
2863 1074 3050 1129 nubes
3105 1076 3160 1128 et
3219 1071 3454 1127 nebula.
3491 1075 3632 1126 Ecce
3681 1069 3839 1125 enim

2180 1157 2476 1214 viviﬁcum
2536 1160 2768 1215 Domini
2827 1162 3008 1216 nostri
3087 1159 3449 1232 sepulcrum,
3512 1163 3842 1228 ceteraque

2182 1253 2408 1319 sancta,
2439 1248 2658 1304 tradita
2686 1254 2828 1305 sunt
2849 1255 3084 1322 propter
3104 1252 3341 1321 peccata
3359 1251 3561 1303 nostra
3591 1245 3840 1302 canibus

2183 1335 2615 1406 Musulmanis;
2649 1353 2832 1408 quare
2853 1339 2909 1392 in
2944 1341 3107 1393 tanta
3136 1335 3842 1406 calamitatelacrymatur

2182 1424 2372 1478 omnis
2386 1424 2582 1479 anima
2605 1442 2731 1496 qua:
2756 1425 2937 1480 Deum
2961 1425 3149 1494 diligit
3175 1423 3304 1490 ;sed
3335 1427 3392 1477 et
3418 1421 3654 1492 juxtaid
3677 1419 3833 1490 quod

2182 1512 2466 1585 scriptum
2499 1519 2606 1581 est,
2645 1513 2997 1571 Conturbataz
3037 1521 3164 1570 sunt
3219 1520 3422 1585 gentes,
3474 1516 3528 1567 et
3566 1510 3840 1566 inclinata

2181 1609 2306 1658 sunt
2333 1618 2507 1672 regna
2540 1606 2598 1658 1:
2660 1603 3002 1668 Alamaniae,
3062 1603 3328 1674 inquam,
3384 1599 3705 1655 monarcha
3736 1598 3837 1669 (1),

2182 1696 2239 1746 et
2266 1691 2364 1746 ille
2395 1690 2614 1762 Angliae
2647 1691 2746 1762 (2),
2788 1694 3132 1763 cunctaque
3175 1687 3604 1762 propemodum
3655 1685 3840 1740 natio-

2184 1797 2287 1835 nes
2313 1797 2416 1851 pro
2440 1779 2854 1853 Hierosolymis
2899 1784 3067 1835 motae
3128 1783 3287 1847 sunt,
3349 1793 3456 1834 nec
3513 1775 3838 1848 quidquam

415 1860 814 1929 profecerunt.
875 1861 1077 1932 Neque
1135 1862 1290 1918 enim
1349 1863 1570 1936 placuit
1608 1864 1816 1921 divinae
1874 1867 2274 1941 providentiae,
2342 1884 2518 1925 canes
2565 1869 2869 1943 expellere,
2930 1875 2995 1926 ut
3050 1867 3221 1942 lupos
3275 1869 3334 1924 in
3379 1881 3581 1923 eorum
3638 1864 3834 1920 locum

414 1947 516 2005 ind
528 1953 742 2005 uceret.

495 2035 559 2108 β’.
595 2036 694 2090 Καὶ
744 2034 864 2092 ἴδοὺ
909 2037 977 2113 ιβ’
1011 2037 1252 2114 χρόνους
1305 2039 1392 2094 ἐπὶ
1438 2041 1502 2096 τὸ
1544 2046 1732 2118 χεῖρον
1758 2043 1827 2098 τὰ
1855 2042 2070 2118 κύματα

2245 2048 2299 2102 2.
2331 2048 2400 2102 Et
2429 2063 2560 2104 ecce
2583 2049 2708 2120 jam
2740 2048 3124 2104 duodecimus
3165 2064 3358 2103 annus
3417 2048 3525 2112 est,
3581 2059 3652 2099 ex
3705 2057 3822 2114 quo

417 2129 805 2203 κορυφοῦνται.
837 2127 957 2183 Ἔτι
986 2147 1047 2181 τε
1093 2128 1181 2183 καὶ
1229 2127 1388 2192 αὐτὸς
1439 2130 1467 2185 6
1512 2130 1628 2193 υἱὸς
1659 2133 1693 2201 ἡ
1706 2135 1820 2205 μῶν
1849 2133 1876 2187 6
1908 2154 2068 2188 πνευ-

420 2215 670 2287 ματικὸς,
719 2215 857 2290 πρὸς
903 2215 964 2270 ὃν
1004 2213 1221 2286 δηλαδή
1261 2221 1430 2273 ταῦτα
1471 2218 1794 2297 ἐγράφομεν,
1826 2222 1894 2277 τὰ
1926 2219 2072 2277 δεινά

423 2306 498 2379 μὴ
532 2302 816 2381 ὑποφέρων
863 2302 1086 2379 βλέπειν
1132 2327 1192 2361 τε
1243 2307 1337 2361 καὶ
1389 2307 1604 2364 ἀκούειν
1661 2311 1751 2364 καὶ
1782 2311 1842 2365 ἑκ
1874 2314 2070 2388 μέρους

419 2393 593 2448 αὐτῶν
627 2393 882 2468 πάσχειν,
938 2395 1072 2466 μετὰ
1124 2393 1338 2458 πολλὰς
1390 2396 1672 2470 περινοίας
1702 2399 1791 2453 καὶ
1822 2401 2076 2476 μηχανὰς

418 2481 636 2558 έξέφυγε
664 2486 858 2557 χεῖρας
911 2478 1232 2554 μιαιφόνους
1284 2483 1384 2538 σὺα
1428 2486 1589 2540 παντὶ
1637 2490 1716 2558 τῷ
1757 2486 1879 2560 λαῷ
1908 2489 2076 2543 αὐτοῦ

419 2569 536 2640 θείᾳ
581 2569 746 2645 ῥοπῇ,
805 2568 896 2624 καί
952 2574 1362 2650 προσφοιτήσας
1423 2573 1668 2648 ’Λγγέλῳ
1719 2581 1800 2649 τῷ
1861 2575 2079 2652 βασιλεῖ

420 2657 1044 2728 Κωσταντινουπόλεως,
1102 2659 1448 2738 προσεδέχθη
1531 2662 1787 2739 ἐντίμως,
1868 2666 1958 2721 καὶ
2015 2666 2076 2720 τὸ

417 2744 686 2803 σεϐαστοῦ
717 2749 877 2825 γέρας
926 2745 1154 2825 εἷ’ληφεν
1207 2750 1258 2821 ἐξ
1300 2751 1488 2807 αὐτοῦ.
1523 2752 1664 2826 Ἐγὼ
1721 2750 1779 2809 δὲ
1815 2756 1912 2824 τὴν
1947 2754 2079 2809 ὀπό-

428 2857 609 2913 σχεσιν
653 2836 972 2914 ἐκπληρῶν,
1006 2836 1123 2893 ἰδοὺ
1180 2839 1272 2894 σὺν
1331 2845 1448 2913 Θεῷ
1496 2843 1690 2919 γράφω
1744 2843 1833 2898 καὶ
1865 2845 1931 2898 τὰ
1960 2843 2077 2898 ἐπί-

435 2925 619 2994 λοιπα,
652 2927 725 2988 ὡς
778 2927 1123 3002 ὑπεσχόμην,
1171 2935 1289 2991 τοῖς
1321 2927 1710 3004 ἐντυγχάνουσι
1741 2929 2074 3007 παραδηλῶν

430 3015 528 3082 τὴν
590 3013 878 3070 ἰνεστῶσαν
954 3013 1274 3094 δυσχέρειαν
1342 3021 1450 3072 τῶν
1510 3021 1888 3095 πραγμάτων·
1953 3019 2076 3090 ἥτις

431 3099 531 3178 ἄρα
578 3100 867 3180 δυσχέρεια
910 3108 1018 3159 ποῖ’)
1061 3101 1126 3175 δὴ
1196 3105 1509 3179 καταλήξει,
1588 3105 1728 3163 οἶδεν
1792 3106 1969 3172 οὐδεὶς
2021 3109 2076 3165 έν

428 3191 762 3269 ἀνθρώποις,
794 3192 842 3248 εἴ
876 3194 952 3267 μὴ
989 3193 1156 3267 μόνος
1207 3195 1236 3250 6
1284 3194 1549 3266 ἐπιτιμῶν
1597 3199 1665 3270 τῇ
1713 3196 1955 3273 θαλάσσῃ
1986 3197 2077 3252 καὶ

421 3287 540 3344 τοῖς
591 3280 843 3355 ἀνέμοις,
886 3284 977 3338 καὶ
1024 3282 1384 3359 γαληνιῶσιν.
1433 3285 1579 3340 Ξένα
1632 3287 1754 3340 τινὰ
1807 3287 1899 3342 καὶ
1957 3284 2080 3342 δυσ-

425 3372 693 3442 ήκουστα,
722 3370 790 3426 τὰ
813 3375 881 3446 τῇ
931 3373 1094 3448 χώρᾳ
1138 3373 1304 3447 ταύτῃ
1348 3368 1733 3448 συμϐεϐηκότα
1756 3373 1904 3430 δεινά
1937 3395 1952 3410 ⁰
1983 3376 2074 3431 καὶ

421 3464 646 3515 τοιαῦτα
703 3460 776 3522 ὡς
831 3462 1033 3524 πάντας
1074 3461 1201 3524 τοὺς
1276 3462 1442 3533 αὐτῆς
1519 3461 1818 3527 πλουσίους
1879 3464 2072 3520 έπιλα-

431 3550 612 3614 θέσθαι
670 3547 914 3605 πλούτου
973 3549 1169 3620 αὐτῶν,
1229 3548 1502 3627 λαμπρῶν
1568 3553 1910 3628 οἰκημάτων,
1959 3576 2082 3630 συγ-

425 3642 619 3713 γενῶν,
692 3639 937 3708 οἶκετῶν,
1021 3637 1394 3717 ἀνδραπόδων,
1469 3641 1720 3713 πλήθους
1785 3643 2076 3717 ποιμνίων,

434 3726 762 3803 βουκολίων,
849 3727 1109 3784 λακινιῶν
1193 3732 1292 3804 (3),
1375 3731 1739 3807 βοσκημάτων
1784 3732 2077 3805 παντοίων,

431 3820 634 3892 χωρῶν
693 3816 1022 3896 σιτοφόρων,
1089 3818 1180 3874 καὶ
1262 3819 1567 3896 παμφόρων
1639 3821 1927 3896 ἀμπέλων,
1987 3822 2078 3877 καὶ

431 3903 769 3982 παραδείσων
847 3906 1138 3976 ποικίλων,
1196 3907 1286 3963 καὶ
1366 3909 1501 3981 μετᾶ
1554 3907 1775 3981 πολλῆς
1836 3908 2080 3976 σπουδῆς

433 3991 773 4049 ἀποπλεῦσαι
814 3993 988 4068 λάθρα
1037 3995 1174 4071 πρὸς
1234 3997 1422 4071 χώρας
1471 3995 1788 4060 ἀλλοδαπὰς
1823 4000 1908 4054 καὶ
1942 3997 2078 4072 πρὸς

429 4084 531 4152 τὴν
568 4080 826 4160 βασιλίδα
851 4087 958 4139 τῶν
982 4082 1220 4142 πόλεων.
1245 4089 1401 4142 Ὅσοι
1426 4083 1484 4140 δὶ
1504 4083 1782 4164 διαφυγεῖν
1807 4087 1907 4142 οὐκ
1921 4083 2082 4162 ἴσχυ-

435 4193 550 4242 σαν,
600 4173 686 4236 τίς
745 4173 927 4236 ἱκανὸς
978 4171 1388 4250 έκτραγῳδῆσαι
1445 4175 1541 4239 τὰς
1608 4173 1822 4249 θλίψεις
1880 4175 2080 4246 αὐτῶν,

430 4258 560 4322 τοὺς
617 4259 906 4334 ἐτασμοὺς,
961 4259 1090 4325 τοὺς
1161 4258 1462 4335 δημοσίους
1511 4261 1912 4340 φυλακισμοὺς,
1980 4266 2080 4334 τὴν

434 4348 605 4420 ὁλκὴν
635 4354 745 4404 τῶν
791 4348 1203 4423 ἀπαιτουμένων
1247 4349 1576 4426 χρημάτων,
1613 4352 1779 4428 μέχρι
1809 4351 2079 4428 χιλιάδων

2104 3419 2152 3487 C

2177 2139 2239 2193 in
2272 2138 2440 2210 pejus
2466 2137 2682 2193 ﬂuctus
2712 2141 2960 2193 tument.
3006 2139 3132 2209 Ipse
3165 2141 3443 2210 praeterea
3495 2131 3823 2205 spiritualis

2179 2226 2340 2282 ﬁlius
2371 2232 2592 2295 noster,
2615 2227 2685 2282 ad
2728 2243 2900 2298 quem
2963 2225 3233 2282 videlicet
3285 2227 3399 2281 ista
3456 2220 3826 2294 scripsimus,

2181 2331 2476 2371 erumnas
2508 2332 2612 2371 nec
2643 2315 2836 2371 videre
2867 2332 2972 2371 nec
3003 2315 3204 2371 audire
3235 2331 3340 2370 nec
3365 2330 3433 2369 ex
3489 2315 3650 2384 parte
3680 2311 3831 2365 ferre

2181 2405 2402 2472 valens,
2444 2409 2577 2477 post
2633 2404 2820 2460 multa
2877 2404 3119 2461 solerter
3175 2408 3232 2460 et
3290 2401 3603 2458 artiﬁciose
3660 2399 3835 2465 facta,

2184 2493 2448 2548 crudeles
2472 2510 2684 2549 manus
2717 2509 2848 2548 cum
2879 2495 3040 2549 omni
3071 2492 3286 2565 populo
3317 2506 3556 2561 suo,per
3585 2488 3837 2561 gratiam

2185 2583 2288 2639 Dei
2319 2584 2833 2656 etl’ugit;cumque
2882 2601 2944 2640 se
3005 2583 3356 2639 contulisset
3413 2581 3484 2636 ad
3547 2576 3838 2650 Angelum

2185 2671 2723 2746 Constantinopolis
2755 2673 3192 2745 imperatorem,
3224 2669 3542 2726 honorifice
3563 2669 3841 2737 exceptus

2185 2762 2294 2824 est,
2329 2763 2505 2828 atque
2533 2756 2750 2813 sebasti
2779 2757 3126 2829 dignitatem
3181 2756 3252 2810 ab
3311 2771 3377 2809 eo
3435 2750 3676 2822 accepit.
3717 2749 3836 2820 Ego

2184 2862 2318 2903 vero
2341 2847 2497 2918 quod
2532 2846 2918 2918 promiseram
2974 2842 3326 2916 adimplens,
3381 2857 3512 2897 ecce
3568 2839 3684 2895 Deo
3733 2837 3838 2907 ju-

2184 2940 2379 3003 vante,
2411 2935 2585 2991 etiam
2619 2935 2847 3006 reliqua
2876 2935 3090 3001 scribo,
3142 2934 3313 3004 juxta
3356 2927 3836 3003 pollicitationem

2187 3041 2400 3094 meam,
2434 3024 2623 3095 iisque
2649 3023 2750 3095 qui
2779 3023 2988 3080 lecturi
3043 3027 3184 3079 sunt
3239 3025 3440 3077 notam
3490 3018 3637 3075 facio
3694 3031 3842 3089 prae-

2187 3117 2412 3169 sentem
2443 3127 2638 3167 rerum
2671 3110 3078 3168 difficultatem
3106 3128 3120 3178 ;
3157 3126 3284 3182 quae
3319 3125 3462 3166 sane
3494 3104 3837 3174 difﬁcultas,

2187 3217 2303 3273 quo
2333 3217 2572 3257 cessura
2600 3200 2697 3270 sit,
2729 3200 2930 3256 nullus
2959 3201 3115 3256 inter
3166 3199 3440 3256 homines
3489 3194 3669 3265 novit,
3727 3191 3844 3248 nisi

2188 3289 2351 3346 solus
2370 3289 2470 3343 ille
2499 3289 2599 3360 qui
2622 3290 2883 3359 increpat
2912 3305 3074 3344 mare
3104 3304 3170 3342 ac
3197 3293 3421 3354 ventos,
3475 3290 3534 3341 et
3561 3284 3632 3340 ad
3672 3286 3844 3336 tran-

2189 3377 2543 3452 quillitatem
2594 3378 2841 3434 redeunt
2886 3379 2927 3434 ’.
2959 3377 3114 3433 Mala
3145 3394 3273 3450 quae
3333 3376 3394 3431 in
3455 3375 3564 3430 hac
3612 3370 3846 3444 regione

2189 3480 2529 3536 evenerunt,
2566 3469 2717 3524 mira
2746 3473 2909 3534 sunt,
2940 3469 3150 3540 vixque
3206 3470 3458 3540 possunt
3489 3462 3678 3520 audiri
3706 3478 3721 3530 ;
3757 3464 3844 3515 at-

2188 3577 2303 3633 que
2333 3563 2472 3616 sunt
2514 3559 2829 3631 ejusmodi,
2885 3561 2950 3614 ut
3006 3558 3204 3614 cuncti
3257 3557 3354 3612 hic
3412 3554 3620 3610 divites
3678 3547 3846 3607 obliti

2188 3649 2408 3706 fuerint
2440 3664 2681 3704 suarum
2715 3647 3077 3715 divitiarum,
3137 3647 3582 3718 splendidarum
3627 3641 3841 3708 tadum,

2189 3742 2596 3811 cognatorum,
2628 3737 3112 3806 domesticorum,
3148 3734 3604 3808 mancipiorum,
3637 3727 3844 3785 multi-

2187 3827 2412 3885 tudinis
2443 3842 2711 3898 gregum,
2759 3829 3188 3897 armentorum,
3222 3822 3634 3897 porcellorum,
3665 3834 3843 3891 pecu-

2191 3918 2331 3972 dum
2357 3915 2553 3972 omnis
2581 3914 2832 3986 generis,
2865 3930 3140 3987 agrorum
3196 3912 3478 3969 frumenti
3534 3907 3839 3976 feracium,

2186 4005 2494 4060 vinearum
2524 4002 3046 4069 fertilissimarum,
3087 4002 3502 4073 variorumque
3531 3996 3839 4054 viridario-

2190 4109 2360 4159 rum;
2395 4095 2570 4162 atquc
2603 4106 2736 4146 cum
2769 4089 2958 4146 multa
2988 4089 3358 4146 festinatione
3387 4088 3538 4144 clam
3569 4086 3642 4142 ad
3664 4091 3849 4142 extra-

2192 4199 2333 4239 neas
2365 4181 2634 4254 regiones
2663 4184 2721 4237 et
2751 4181 2824 4237 ad
2858 4180 3094 4237 urbium
3125 4179 3390 4252 reginam
3425 4179 3498 4251 (4)
3532 4173 3850 4245 abnaviga-

2190 4272 2401 4328 verint.
2435 4275 2649 4326 Eorum
2673 4275 2872 4327 autem
2912 4269 3012 4342 qui
3043 4270 3298 4342 effugere
3331 4285 3448 4324 non
3505 4265 3849 4338 potuerunt,

2194 4361 2327 4432 quis
2358 4360 2612 4414 sufﬁciet
2640 4360 2859 4431 tragice
2890 4359 3236 4414 enarrandis
3276 4355 3588 4428 angustiis,
3621 4351 3850 4423 disqui-

429 4433 606 4493 τόσων
652 4438 744 4493 καὶ
798 4433 974 4493 τόσων
1013 4442 1230 4510 ;Ταῦτα
1271 4437 1328 4495 δὲ
1371 4441 1789 4516 συγκεχώρηται
1838 4444 2076 4517 γενέσθαι

2195 4447 2531 4514 sitionibus,
2576 4446 2828 4518 publicis
2885 4447 2947 4502 in
3005 4462 3300 4502 carcerem
3358 4440 3848 4516 conjectionibus,

435 4525 507 4582 δι’
537 4527 803 4604 ἁμαρτίας
864 4523 1026 4604 ὄγκον
1088 4530 1256 4608 ψήφῳ
1304 4533 1436 4584 Θεοῦ
1485 4527 1666 4603 δικαίᾳ
1697 4549 1710 4564 ⁸
1756 4529 1868 4602 ἵνα,
1897 4553 2082 4588 ταπει-

432 4617 716 4687 νωθέντες,
744 4618 1168 4694 καταξιωθῶμεν
1201 4617 1334 4684 ἴσως
1362 4621 1716 4696 συγγνώμης.

511 4891 593 4944 Γ’¹.
651 4886 816 4962 Χώρα
864 4885 1005 4942 ἰστὶν
1075 4884 1412 4965 Ἰγκλιτέρῥα
1483 4888 1676 4967 πόρῥω
1725 4897 1825 4962 τῆς
1877 4893 2091 4968 Ῥωμα-

2195 4539 2629 4612 postulatarum
2675 4537 3058 4610 pecuniarum
3091 4537 3419 4609 quantitate
3450 4549 3640 4606 usque
3670 4531 3742 4588 ad
3767 4533 3853 4586 tot

2196 4627 2546 4686 millenaria.
2581 4627 2863 4684 Caeterum
2891 4627 3014 4685 haec
3046 4627 3172 4684 ﬁeri
3193 4624 3463 4699 permisit
3484 4624 3717 4696 justum
3751 4619 3852 4675 Dei

2191 4717 2510 4790 judicium,
2541 4717 2615 4772 ob
2645 4717 2866 4789 peccati
2897 4717 3268 4789 gravitatem,
3299 4721 3364 4772 ut
3420 4715 3493 4771 ad
3540 4710 3852 4769 humilita-

2120 4788 2169 4855 D
2196 4788 2319 4864 tem
2349 4808 2592 4879 redacti,
2621 4788 2792 4863 uenia
2821 4788 3073 4864 fortasse
3103 4806 3267 4878 digni
3296 4805 3642 4861 habeamur.

2271 4899 2324 4953 3.
2360 4898 2538 4971 Regio
2568 4903 2660 4954 est
2687 4900 2921 4970 Anglia,
2956 4897 3128 4970 longe
3158 4915 3192 4953 a
3221 4894 3511 4953 Romanis.
3557 4894 3630 4950 ad
3688 4890 3853 4963 aqui—

436 4975 552 5039 νίας
609 4977 748 5031 κατὰ
808 4975 1031 5053 βορῥᾶν,
1080 4975 1131 5050 ἐξ
1187 4976 1256 5046 ἦς
1310 4979 1469 5056 νέφος
1524 4978 1806 5055 Ἰγκλίνων
1866 4981 1958 5038 σὺν
2007 4989 2076 5056 τᾷ

2197 4988 2416 5054 lenem,
2447 5003 2478 5042 e
2508 5003 2626 5058 qua
2653 4987 2978 5058 Anglorum
3011 4986 3198 5042 nubes
3214 5001 3348 5043 cum
3373 4999 3575 5041 eorum
3593 4981 3855 5052 principe

437 5062 666 5142 ἄρχοντι
721 5064 922 5140 αὐτῶν,
954 5064 1031 5130 εἰς
1078 5065 1251 5122 πλοῖα
1311 5067 1518 5142 μεγάλα
1575 5067 1848 5144 λεγόμενα
1885 5073 2076 5136 νάκκας

2196 5076 2534 5134 conscensis
2557 5077 2784 5148 magnis
2815 5076 3084 5150 navigiis,
3103 5092 3231 5148 quae
3253 5090 3410 5132 neces
3442 5074 3519 5146 (5)
3552 5069 3853 5144 appellan-

512 5242 530 5278 ι
554 5240 708 5298 Psal.
741 5257 870 5314 XLV,
900 5240 956 5296 7.
987 5240 1009 5275 ²
1034 5240 1244 5298 Matth.
1277 5256 1402 5314 vm,
1432 5243 1525 5300 26.

539 5431 590 5491 ll
622 5431 950 5491 Fridericus
981 5431 1025 5488 l.

513 5430 594 5646 gl;
622 5431 950 5491 Fridericus

534 5504 570 5556 2
615 5503 964 5565 Richardus.

539 5575 572 5629 3
672 5576 952 5634 λακινιῶν.

672 5576 952 5634 λακινιῶν.
1009 5572 1274 5632 Divinavi
1360 5569 1676 5644 λακτινιῶν,
1755 5595 1821 5636 ac
1876 5580 2094 5638 tentavi

447 5645 535 5722 de;
568 5645 841 5722 porcellis
895 5661 1220 5722 exponere,_
1257 5645 1435 5722 quasi
1487 5645 1763 5704 λακτίνιον
1847 5658 1906 5709 et
1963 5652 2096 5708 λακ-

444 5717 600 5780 ταῖος
628 5721 785 5783 idem
827 5717 987 5791 sint;
1016 5735 1134 5793 qua
1188 5717 1260 5774 de
1315 5721 1611 5791 postrema
1666 5738 1804 5781 voce
1851 5725 1943 5799 egi
1973 5729 2018 5782 t.
2051 5725 2094 5781 Ι.

2201 5440 2311 5495 Sed
2341 5439 2404 5494 in
2437 5456 2498 5513 re
2553 5440 2806 5498 obscura
2849 5458 2956 5499 suo
3016 5441 3271 5513 quisque
3312 5445 3514 5498 utatur
3590 5437 3858 5513 arbitrio.

2201 5512 2610 5589 suspicabitur
2664 5515 2916 5573 fortasse
2967 5507 3292 5571 nonnullus
3351 5513 3609 5589 λαγινιῶν
3672 5529 3707 5569 a
3765 5507 3860 5564 λα-

2202 5580 2358 5798 γίνξῖιξ
2384 5585 2975 5729 l(:13<§)rllsst'.oantinopolim.

2302 5726 2338 5780 5
2377 5728 2634 5786 Glossar.
2666 5729 2910 5787 Fresnii.

2302 5726 2358 5787 5)
2377 5728 2634 5786 Glossar.
2666 5726 2910 5787 Fresnii.
