4130 6372
402 388 517 448 501
1528 389 1856 451 JOANNIS
1901 387 2155 452 CHILJE
2197 390 2707 453 FRAGMENTA.
3705 397 3826 484 502

399 537 494 572 νου
553 516 748 580 ἀνύσας
815 517 984 592 μηδὲν
1040 523 1069 576 6
1128 519 1415 597 ἀλιτήριος
1453 562 1467 589 ,
1526 517 1690 589 ἤνυσε
1743 521 1903 574 τοῦτο
1972 518 2062 574 καῖ
2092 541 2108 588 Α

2175 524 2329 596 quod
2364 524 2582 580 Latinis
2639 523 2891 597 Cyprum
2952 524 3213 582 vendidit
3255 527 3525 584 ducentis
3557 527 3824 588 millibus

404 605 594 680 μόνον,
647 604 948 685 διαπράσας
995 611 1094 679 τὴν
1145 611 1336 686 χώραν
1393 607 1929 682 Λατίνοιςγρυσίου
1975 629 2070 685 χι-

2182 612 2308 668 auri
2340 612 2648 668 librarum.
2681 614 2960 678 Quocirca
2994 614 3250 684 ejulatus
3306 615 3550 685 multus,
3582 623 3640 674 et
3675 617 3825 674 into-

402 691 608 749 λιάδων
645 695 847 772 λιτρῶν
883 695 1196 754 διακοσίων.
1227 699 1318 753 Διὸ
1339 697 1429 752 καὶ
1463 694 1636 759 πολὺς
1671 698 1698 751 6
1732 696 2069 772 ὀλολυγμὸς,

2179 698 2438 756 lerabilis
2461 702 2682 768 furnus,
2717 707 2779 756 ut
2808 707 2980 757 antea
3027 701 3245 758 dictum
3279 709 3366 758 est
3423 723 3491 760 ex
3538 707 3824 778 Aquilone

402 785 494 838 καὶ
539 785 822 859 ἀφόρητος
870 787 897 841 6
945 787 1168 855 καπνὸς,
1222 788 1297 850 ὡς
1346 784 1690 862 προείρηται,
1724 787 1752 841 6
1805 785 1980 841 ἐλθὼν
2012 785 2071 868 ἐκ

2178 789 2373 844 venit:
2407 789 2477 844 de
2507 791 2722 862 quibus
2744 806 2879 846 eum
2913 790 3012 863 qui
3036 790 3283 848 voluerit
3313 792 3616 866 sigillatim
3647 811 3822 868 expo-

403 876 502 927 τοῦ
537 873 724 948 βορῥᾶ,
757 875 888 948 Περὶ
919 876 994 929 ὦν
1027 877 1055 930 6
1089 876 1260 941 θέλων
1315 861 1563 947 δηλῶσαι
1612 875 1751 931 κατά
1786 875 1949 950 μέρος
1978 861 2071 931 καἱ

2178 892 2336 945 nere,
2369 861 2603 950 tempus
2633 878 2868 935 diﬁciet.

405 962 434 1017 6
464 961 661 1037 χρόνος
694 961 991 1038 ἐπιλείψει.
2049 1041 2062 1044 _

2246 968 2300 1022 6.
2341 967 2596 1024 Praesens
2624 966 2804 1038 hujus
2835 967 2944 1024 loci
2976 972 3166 1026 status
3194 985 3560 1044 nequaquam
3586 972 3825 1030 inferior

480 1057 540 1136 ς’.
575 1053 921 1126 Μαινομένης
971 1051 1249 1124 θαλάσσης
1296 1054 1355 1109 bc
1401 1051 1624 1124 πολλῆς
1647 1051 1936 1129 τρικυμίας
1973 1041 2067 1108 καῖ

2175 1059 2266 1112 est
2322 1057 2467 1111 mari
2523 1073 2592 1111 ex
2637 1055 2862 1128 ingenti
2917 1041 3304 1132 tempestate,
3373 1041 3824 1136 vehementique

405 1135 626 1207 πολλῆς
677 1139 991 1218 καταιγίδος
1039 1139 1192 1198 ούδὶν
1245 1139 1464 1198 ἀποδέει
1507 1146 1598 1198 νῦν
1647 1141 1715 1198 τὰ
1741 1148 1844 1212 τῆς
1873 1143 2063 1218 χώρας

2174 1143 2431 1215 procella
2461 1144 2678 1200 furiose
2701 1144 2958 1217 agitato;
2993 1147 3258 1218 quinimo
3301 1139 3475 1205 feroci
3525 1152 3675 1206 mari
3729 1135 3824 1207 de-

404 1228 584 1299 ἠμῶν·
620 1227 834 1300 μᾶλλον
861 1227 919 1285 δὲ
946 1230 1036 1286 καὶ
1069 1235 1261 1306 χεῖρον
1283 1231 1472 1308 ἀγρίας
1502 1230 1796 1302 θαλάσσης.
1819 1230 2065 1301 Ἐκείνης

401 1315 500 1390 γὰρ
546 1316 646 1386 τὴν
698 1318 1000 1393 ἀγριότητα
1049 1317 1360 1397 διαδέχεται
1399 1321 1637 1398 γαλήνη⁸
1698 1317 1880 1385 ἐνθάδε
1925 1317 1983 1376 δὲ
2032 1322 2060 1375 6

400 1401 617 1460 κλύδων
685 1409 1018 1479 καθεκάστην
1077 1409 1314 1480 ἐπαύξει,
1370 1409 1461 1465 καὶ
1513 1411 1574 1465 τὸ
1603 1407 1856 1486 ῥαγδαῖον
1897 1408 2060 1464 αὐτοῦ

398 1493 559 1557 τέλος
607 1495 707 1550 οὐκ
759 1493 897 1573 ἔχει·
949 1497 994 1552 εἰ
1048 1498 1123 1572 μή
1168 1519 1274 1555 που
1324 1499 1589 1569 ἀκούσειε,
1639 1499 1818 1574 Μέχρι
1863 1497 2059 1553 τούτου

401 1581 621 1660 ἑλεύσῃ,
678 1585 770 1640 καὶ
829 1586 936 1663 οὐχ
995 1583 1276 1663 ὑπερϐήσῃ
1307 1632 1324 1655 ,
1379 1587 1506 1645 ἀλλ’
1561 1586 1612 1642 ἐν
1673 1590 1870 1662 σεαυτῇ
1935 1607 2058 1641 συν-

406 1669 730 1747 τριϐήσεταί
761 1697 856 1732 σου
885 1679 952 1731 τὰ
1007 1675 1238 1752 κύματα.
1291 1679 1380 1736 Ἑν
1442 1677 1511 1753 τῇ
1564 1676 1825 1752 Λευιτῒκῇ
1882 1672 2060 1753 βίϐλῳ

406 1762 709 1840 γέγραπται
745 1762 1046 1843 διαρρήδην
1101 1767 1168 1822 τὰ
1223 1766 1274 1823 ἰν
1329 1771 1399 1842 τῇ
1454 1771 1525 1842 γῇ
1584 1769 1748 1840 ἡμῶν
1793 1769 2059 1837 συναντή-

408 1873 571 1909 σαντα
601 1855 850 1928 πήματα,
879 1853 1007 1924 ἤτοι
1035 1855 1296 1930 πόλεμοι,
1327 1856 1510 1929 ἧτται,
1563 1854 1760 1932 σποραὶ
1786 1853 2056 1925 διακενῆς,

411 1941 736 1998 ὑπεναντίων
770 1941 949 2012 ἐδωδὴ
999 1946 1260 2018 καμάτων
1300 1947 1334 2015 ἡ
1346 1949 1484 2018 μῶν·
1514 1943 1605 2000 καὶ
1635 1947 1671 2015 ἡ
1703 1943 1863 2021 ἰσχὺς
1894 1947 2055 2017 ἡμῶν

406 2028 617 2106 ἐγένετο
666 2032 744 2096 εἷς
791 2029 961 2106 οὐδέν·
993 2034 1082 2088 καὶ
1123 2032 1412 2111 ἐγινόμεθα
1458 2033 1758 2110 ὀλιγοστοί·
1786 2034 1874 2089 καὶ
1924 2033 2056 2095 λαὸς

2169 1232 2368 1300 terior,
2401 1232 2695 1304 siquidem
2751 1234 2943 1307 pelagi
3000 1236 3360 1296 ferocitatem
3419 1239 3818 1313 tranquillitas

2167 1321 2417 1394 excipit;
2450 1322 2547 1377 hic
2562 1338 2698 1379 vero
2727 1323 2978 1396 singulis
3009 1325 3217 1382 diebus
3247 1328 3457 1383 crescit
3485 1327 3814 1401 ﬂuctuatio,

2169 1411 2417 1482 ejusque
2446 1411 2706 1483 impetus
2736 1412 2914 1468 ﬁnem
2973 1431 3086 1470 non
3141 1414 3354 1484 habet;
3388 1416 3504 1473 nisi
3536 1418 3680 1474 forte
3711 1435 3814 1473 au-

2170 1499 2380 1556 dierit:
2461 1503 2960 1571 Hucusquevem’es,
3025 1508 3078 1558 et
3143 1519 3252 1560 non
3323 1507 3815 1576 prxtergredieris,

2167 1588 2258 1644 sed
2289 1591 2350 1643 in
2396 1595 2451 1644 te
2508 1591 2959 1646 comminuentur
3007 1593 3208 1664 ﬂuctus
3265 1593 3402 1648 tui“.
3463 1593 3525 1649 In
3581 1595 3815 1651 Levitici

2168 1676 2357 1734 libro‘
2388 1683 2588 1750 aperte
2618 1678 2849 1750 scriptae
2882 1684 3022 1736 sunt
3051 1680 3243 1737 clades
3281 1698 3406 1752 qua
3435 1681 3497 1738 in
3524 1686 3683 1740 terra
3706 1701 3816 1740 no-

2169 1769 2294 1822 stra
2311 1770 2630 1822 evenerunt
2655 1783 2668 1820 :
2703 1766 2854 1822 bella
2883 1767 3127 1835 scilicet,
3157 1769 3530 1840 devietiones,
3554 1770 3815 1828 sationes

2167 1855 2228 1910 in
2276 1872 2516 1922 vanum,
2567 1859 2904 1912 nostrorum
2969 1857 3240 1914 laborum
3298 1875 3400 1930 per
3447 1860 3814 1917 adversarios

2167 1945 2486 2010 comestio;
2520 1949 2577 1999 et
2606 1945 2843 2000 furtudo
2884 1951 3086 2002 nostra
3135 1947 3206 2002 ad
3267 1948 3522 2004 nihilum
3564 1949 3808 2019 recidit;

2165 2033 2336 2104 pauci
2367 2033 2502 2088 facti
2533 2050 2782 2102 sumus;
2816 2037 2872 2089 et
2899 2033 3154 2106 populus
3183 2035 3412 2093 alienus
3452 2037 3810 2111 multiplica-

408 2119 704 2196 ἀλλότριος
752 2118 1064 2193 ἐπληθύνθη
1111 2121 1163 2194 ἐν
1211 2125 1280 2198 τῇ
1328 2125 1399 2199 γῇ
1443 2125 1603 2197 ἡμῶν
1637 2166 1650 2180 .
1693 2122 2059 2202 Ἐπορεύθητε

2169 2134 2266 2188 tus
2296 2127 2386 2179 est
2415 2123 2472 2178 in
2499 2129 2651 2179 terra
2682 2126 2901 2178 nostra.
2958 2123 3348 2181 Ambulavistz's
3375 2141 3512 2196 erga
3538 2143 3626 2182 me
3680 2127 3821 2184 obli-

411 2209 544 2284 πρός
602 2232 670 2285 με
724 2209 990 2287 πλάγιοι,
1032 2212 1180 2290 λέγει
1228 2215 1257 2268 6
1309 2215 1460 2279 Θεὸς,
1517 2213 1672 2289 κάγὼ
1718 2205 2059 2290 πορεύσομαι

404 2299 545 2375 πρὸς
585 2301 725 2373 ὑμᾶς
774 2300 825 2356 ἐν
877 2305 1034 2375 θυμῷ
1079 2301 1322 2378 πλαγίῳ.
1356 2303 1458 2360 Καὶ
1483 2303 1584 2378 γὰρ
1613 2301 1787 2366 οὕτως
1824 2301 1961 2378 ἔχει.
1992 2302 2058 2358 Εἰ

410 2390 485 2462 μή
518 2410 605 2444 πω
635 2388 736 2466 γάρ
765 2411 850 2453 τις
879 2391 1111 2462 νοσήσας
1143 2390 1409 2468 χωλανεῖ,
1443 2389 1556 2447 οὐδ’
1587 2392 1616 2446 6
1659 2391 1838 2468 ἰατρὸς
1871 2391 2062 2467 ἐπάγει

405 2478 581 2552 τομὴν
619 2477 753 2552 μετὰ
782 2478 999 2555 πικρίας
1028 2479 1118 2534 καὶ
1141 2481 1399 2543 καύσεως,
1436 2479 1614 2551 Δῆλον
1643 2479 1728 2537 δτι
1755 2480 1846 2536 καὶ
1871 2482 2058 2556 ἡμεῖς,

407 2565 457 2622 εἲ
489 2565 566 2641 μή
601 2587 707 2623 που
755 2565 945 2624 πολλὰ
990 2569 1080 2624 τὸν
1123 2571 1428 2647 πανάγαθον
1480 2568 1664 2647 ῗατρὸν
1713 2573 1874 2645 ἡμῶν
1924 2591 2062 2647 παρ-

409 2656 792 2732 επικράναμιν,
840 2657 928 2713 καὶ
985 2657 1236 2735 πλαγίως
1283 2659 1422 2736 πρὸς
1471 2659 1634 2718 αὐτὸν
1668 2658 2062 2735 ἰπορεύθημιν,

412 2743 510 2800 οὐκ
539 2745 598 2800 ἂν
646 2745 736 2801 καὶ
785 2743 947 2810 αὐτὸς
990 2745 1246 2823 πλαγίως
1298 2748 1436 2826 πρὸς
1483 2750 1632 2824 ἡμᾶς
1681 2746 1913 2819 διετέθη,
1956 2769 2064 2804 σω-

413 2831 700 2912 τηριωδῶς
727 2834 1165 2913 καταπικραίνων
1196 2837 1368 2911 ἡμᾶς.

2167 2215 2284 2285 qui,
2320 2213 2462 2268 dicit
2490 2212 2666 2284 Deus,
2697 2218 2750 2268 et
2776 2230 2871 2284 ego
2901 2213 3192 2269 ambulabo
3221 2230 3355 2283 erga
3381 2231 3474 2270 vos
3518 2218 3580 2270 in
3633 2221 3825 2286 furore

2167 2303 2407 2374 obliquo.
2441 2302 2669 2358 Etenim
2721 2302 2802 2358 ita
2850 2318 2943 2359 res
2995 2303 3189 2358 habet.
3223 2303 3348 2360 Nisi
3406 2304 3564 2360 enim
3609 2303 3826 2376 aliquis

2169 2397 2456 2464 aegrotans
2513 2390 2950 2457 claudicaverit,
3018 2407 3208 2463 neque
3261 2391 3493 2448 inducit
3564 2391 3827 2450 medicus

2172 2481 2495 2540 sectionem
2529 2497 2662 2537 cum
2696 2480 3019 2537 acrimonia
3067 2484 3125 2536 et
3184 2480 3434 2537 ustione.
3469 2484 3635 2538 Patet
3671 2483 3828 2555 quod

2173 2571 2350 2628 etiam
2369 2571 2481 2627 nos
2501 2569 2610 2626 nisi
2637 2569 2965 2642 plurimum
2986 2569 3567 2628 exacerbavissemus
3582 2587 3830 2629 summa

2175 2658 2454 2715 bonitatis
2532 2658 2828 2714 medicum
2897 2663 3187 2727 nostrum,
3245 2662 3302 2714 et
3379 2658 3618 2731 oblique
3691 2676 3832 2732 erga

2173 2746 2343 2804 illum
2384 2746 2942 2814 ambulavissemus,
3003 2762 3372 2818 nequaquam
3430 2751 3488 2803 et
3533 2747 3660 2819 ipse
3692 2763 3831 2820 erga

2177 2855 2284 2895 nos
2309 2837 2546 2910 oblique
2585 2837 2826 2894 affectus
2856 2836 3086 2907 fuisset,
3119 2835 3438 2896 salubriter
3480 2854 3588 2896 nos
3614 2839 3828 2895 amari-

2175 2927 2380 2985 tudine
2409 2925 2666 2999 replens.

491 3068 514 3104 ⁸
537 3067 644 3127 Job
672 3084 913 3143 mvm,
943 3069 1034 3127 11.
1063 3070 1089 3106 ι
1116 3069 1301 3144 Levit,
1331 3085 1486 3144 xxv1,
1513 3070 1583 3128 16
1611 3072 1670 3128 et
1698 3036 1866 3143 seqq.

1757 3427 1910 3470 ANNO
1961 3416 2228 3469 comma!
2267 3425 2476 3480 mcxcv.

1238 3630 2145 3802 JOANNES
2285 3631 3011 3800 CHILAS

1697 3911 1958 3970 EPHEDI
1999 3909 2540 3971 METROPOLITA.

1306 4089 1395 4186 Ν
1401 4087 1830 4210 ΟΤΙΤΙΑ
1884 4090 2060 4206 ET
2125 4086 2940 4188 FRAGMENTA

1057 4287 1161 4362 (Ex
1190 4288 1398 4364 Angeli
1429 4289 1566 4348 Maii
1596 4289 1938 4363 Praefatione
1969 4291 2042 4351 ad
2072 4292 2220 4350 tom:
2243 4289 2318 4348 VI
2349 4288 2645 4365 Spicilegii
2676 4288 2925 4349 Romani
2957 4305 3016 4362 p.
3046 4288 3184 4360 xvr.)

483 4645 646 4723 inter
673 4648 900 4706 codices
930 4651 1272 4721 Vaticanos,
1304 4651 1404 4725 qui
1438 4651 1802 4726 dogmaticas
1852 4648 2282 4707 controversias
2313 4649 2385 4705 de
2429 4647 2682 4722 Spiritus
2713 4649 2901 4705 sancti
2948 4647 3324 4721 processione
3356 4648 3544 4717 etiam
3599 4663 3634 4704 a
3662 4647 3832 4720 Filio,

413 4733 508 4791 vel
530 4736 608 4814 ,de
641 4737 918 4812 Romanis
975 4737 1243 4816 Ecclesia
1292 4741 1548 4818 primatu
1605 4740 1929 4812 continent,
1983 4739 2074 4797 vel
2119 4740 2403 4796 subnatas
2452 4737 2596 4796 alias
2653 4755 2756 4811 per
2811 4737 3076 4796 schisma
3131 4741 3189 4795 et
3237 4736 3573 4796 animorum
3621 4741 3832 4796 aestum

415 4825 796 4896 quaestiones,
831 4829 1022 4885 multa
1047 4825 1379 4906 Graecorum
1413 4829 1706 4902 opuscula
1755 4844 2058 4886 occurrere
2118 4827 2258 4886 alibi
2310 4828 2449 4898 dixi,
2510 4844 2758 4900 quorum
2819 4843 3005 4883 unum
3043 4827 3131 4883 vel
3183 4827 3429 4883 alterum
3464 4825 3838 4901 peculiariter

416 4917 914 4987 commemorabo,
937 4917 1320 4991 indidemque
1351 4923 1620 4992 excerpta
1650 4919 2017 4993 depromam.
2050 4918 2240 4990 Atque
2268 4917 2326 4972 in
2361 4916 2568 4990 primis
2593 4917 2841 4975 Joannis
2879 4916 3054 4974 Clidae
3111 4918 3255 4988 (sive
3305 4917 3502 4989 Chilas)
3548 4921 3837 4990 metropo.

411 5001 527 5058 lite:
559 5003 772 5077 Ephesi
821 5007 1160 5079 perdoctum
1191 5007 1312 5064 vidi
1362 5005 1627 5065 libellum
1661 5007 1733 5063 ob
1785 5006 2128 5064 schismatis
2158 5006 2602 5063 detestationem
2664 5007 3104 5078 conscriptum;
3136 5009 3193 5062 et
3234 5007 3472 5078 quidem
3524 5005 3745 5078 duplici
3776 5007 3835 5061 in

412 5092 752 5165 exemplari,
815 5094 994 5150 altero
1055 5095 1260 5170 latiore
1319 5098 1447 5153 cod.
1507 5095 1699 5153 Ottob.
1766 5097 1895 5165 225,
1957 5097 2138 5153 altero
2198 5100 2397 5152 autem
2473 5096 2766 5152 strictiore
2823 5095 3084 5151 oratione
3149 5095 3643 5168 comprehensum
3701 5095 3833 5150 cod.

414 5180 610 5237 Ottob.
641 5184 771 5250 213.
803 5183 1137 5240 Homininis
1175 5185 1496 5257 scriptique
1525 5186 1619 5240 vix
1671 5186 2030 5242 mentionem
2087 5183 2228 5242 facit
2255 5184 2506 5241 Allatius
2552 5185 2760 5241 Contra
2809 5185 3244 5256 Creyghtonum,
3278 5201 3331 5256 p.
3376 5183 3504 5249 644,
3537 5186 3594 5239 et
3628 5183 3700 5240 De
3718 5199 3842 5240 con-

412 5285 580 5326 sensu
611 5289 669 5344 p.
699 5273 827 5340 513,
856 5272 1109 5345 denique
1131 5273 1204 5328 De
1233 5275 1524 5331 Methodiz‘s
1555 5291 1609 5346 p.
1649 5274 1755 5330 365
1784 5279 1841 5330 et
1895 5274 2021 5342 377,
2053 5290 2170 5346 quo
2214 5278 2510 5347 postremo
2555 5273 2680 5329 loco
2737 5273 3090 5346 particulam
3134 5290 3369 5346 quoque
3417 5273 3640 5329 recitat.
3689 5273 3836 5328 Nam

413 5357 598 5415 altera
625 5359 730 5416 illa
759 5360 1058 5434 particula
1089 5378 1216 5433 que
1249 5379 1307 5436 p.
1338 5364 1445 5418 514
1472 5365 1547 5419 De
1573 5379 1719 5419 cons.
1753 5363 1987 5436 legitur,
2020 5380 2089 5419 ex
2118 5363 2347 5420 diverso
2379 5362 2617 5434 Ephesii
2674 5361 2894 5435 scripto
2925 5362 3211 5417 dimanat.
3260 5360 3392 5417 Fuit
3445 5359 3536 5417 hic
3577 5360 3836 5418 Joannes

416 5447 576 5506 inter
603 5450 817 5521 Ephesi
851 5451 1257 5525 metropolitas
1288 5453 1398 5508 hoc
1429 5452 1667 5508 nomine
1698 5453 1963 5524 quintus,
1995 5451 2096 5525 qui
2125 5457 2387 5524 tempore
2431 5452 2640 5524 synodi
2682 5450 3342 5521 ConstantinOpolitanas
3391 5450 3669 5519 innotuit,
3728 5451 3837 5507 sub

413 5539 750 5616 Andronico
781 5542 1062 5615 secundo,
1093 5541 1398 5614 Michaelis
1426 5541 1614 5614 octavi
1644 5540 1787 5611 ﬁlio,
1816 5545 2180 5621 congregatae
2211 5541 2284 5598 ob
2316 5541 2609 5598 sedandos
2641 5540 2907 5597 Ecclesiae
2938 5539 3145 5596 Graecae
3177 5544 3397 5610 motus,
3438 5555 3542 5596 seu
3575 5539 3840 5610 schisma

401 5625 568 5705 inter
624 5629 964 5692 Arseniotas
1019 5645 1088 5687 ac
1143 5630 1498 5703 Josephinos
1557 5633 1793 5702 propter
1848 5631 2141 5688 ambitum
2198 5625 2354 5686 sedis
2397 5627 2812 5702 patriarcbalis
2858 5628 3237 5685 concitatum.
3283 5628 3408 5685 Etsi
3449 5631 3646 5684 autem
3679 5629 3835 5701 apud

413 5715 764 5790 Lequinium
796 5717 888 5776 0r.
917 5718 1003 5776 ch.
1029 5718 1248 5778 dicitur
1271 5719 1494 5794 synodo
1526 5717 1815 5793 Ephesius
1871 5736 1988 5778 non
2033 5718 2403 5791 interfuisse,
2447 5734 2604 5776 nunc
2653 5725 2856 5778 contra
2902 5717 3186 5776 accidisse
3237 5717 3578 5789 cernimus;
3618 5717 3834 5777 etenim
