4130 6360
305 403 424 464 503
1449 413 1454 419 ’
1699 405 2029 465 JUANNlS
2073 404 2331 467 CHleE
3610 410 3732 467 504

309 535 438 607 ipse
468 552 666 594 coram
707 538 932 609 synodo
965 553 1295 594 sermonem
1326 537 1481 592 hunc
1516 535 1778 592 recitavit
1809 542 1911 593 aut
1941 538 2155 594 obtulit
2177 540 2249 595 de
2271 540 2529 596 tollendo
2551 540 2874 597 schismate
2898 543 3201 615 cepiosum
3229 547 3401 613 atque
3417 542 3729 598 disertum,

312 630 370 679 et
401 625 801 681 ecclesiastica
831 627 1158 682 eruditione
1190 628 1464 698 plenum:
1499 625 1593 681 cui
1627 626 1841 682 similis
1873 631 1962 682 est
1992 628 2269 684 Methodii
2304 631 2574 684 monachi
2606 637 2910 699 tractatus,
2943 633 3145 686 eodem
3172 637 3435 701 tempore
3480 635 3538 684 et
3566 645 3730 686 occa-

311 711 474 768 sione
505 714 783 785 scriptus,
814 721 872 770 et
902 733 935 770 a
965 716 1134 770 nobis
1165 715 1366 786 Script.
1399 723 1505 770 ret.
1539 719 1580 769 t.
1617 715 1692 769 Ill
1725 716 1942 771 editus.
1973 715 2159 780 Quare
2191 723 2437 788 utraque
2461 719 2791 774 lucubratio
2819 726 3055 790 propter
3085 718 3416 791 generalem
3442 717 3734 774 schisma-

311 807 440 858 tum
471 804 959 875 vituperationem
993 805 1158 860 valde
1204 805 1368 860 utilis
1399 805 1628 862 videtur
1659 810 1715 860 et
1744 807 2023 878 prudens.
2055 808 2157 862 Est
2186 808 2281 863 hic
2312 808 2580 880 opusculi
2613 807 2827 864 titulus
2874 815 2931 863 et
2963 810 3199 864 initium
3258 808 3319 863 in
3370 809 3568 864 codice
3601 808 3733 865 Vat.

315 893 512 948 Ottob.
539 894 664 948 213.

315 1064 545 1136 Joannis
573 1065 962 1136 metropolitxi
987 1065 1184 1134 Ephesi
1225 1067 1400 1120 oratio
1446 1067 1749 1136 composita
1781 1070 1971 1120 contra

2094 1056 2673 1136 Io‘u‘pntponoMtoo
2743 1059 2969 1136 Ἐφὲσοο
3047 1058 3332 1136 Ἰωάβου.
3373 1058 3536 1131 Λόγος
3613 1077 3738 1136 συν-

387 1135 798 1208 schismaticos,
835 1151 904 1189 ex
932 1135 1165 1191 diversis
1197 1138 1497 1192 canonibus
1525 1135 1578 1192 et
1621 1138 1845 1208 scriptis
1875 1137 1970 1192 de-

387 1207 900 1279 monstrationibus
928 1209 1302 1278 comprobans,
1363 1209 1503 1279 quod
1561 1224 1683 1263 cum
1733 1207 1973 1263 Ecclesia

387 1285 466 1333 est
493 1278 815 1349 orthodoxa,
849 1278 1081 1336 absurde
1112 1278 1391 1350 [ηοηηιιιιί
1439 1283 1508 1334 ab
1548 1280 1651 1336 hac
1695 1280 1969 1336 secedunt.

389 1453 544 1509 Nihil
576 1455 748 1510 estin
780 1455 1041 1511 humana
1077 1457 1196 1511 vita
1247 1456 1530 1511 charitate
1578 1456 1866 1512 excelsius
1915 1460 1974 1512 et

321 1543 583 1613 suavius,
605 1544 752 1599 nihil
787 1544 846 1599 in
879 1545 1018 1601 orbe
1050 1561 1190 1617 pace
1220 1549 1277 1601 et
1328 1545 1641 1601 concordia
1673 1544 1875 1600 utilius
1906 1562 1973 1600 ac

315 1631 665 1702 jucundius.
690 1632 845 1688 Deus
876 1633 1031 1688 enim
1093 1633 1348 1689 charitas
1406 1639 1496 1690 est
1525 1638 1582 1690 et
1612 1634 1970 1706 appellatur;

322 1737 435 1793 pax
467 1725 662 1778 autem
695 1723 797 1778 Dei
827 1728 884 1778 et
913 1726 1237 1779 secundum
1285 1725 1491 1791 Deum,
1534 1740 1767 1780 omnem
1802 1725 1972 1780 intel-

322 1809 540 1864 lectum
566 1815 823 1882 superat,
859 1816 923 1866 ut
953 1812 1265 1884 Scriptura;
1318 1830 1424 1869 nos
1472 1813 1700 1869 docent.
1735 1817 1852 1868 Pax
1884 1814 1972 1868 ni-

325 1896 542 1952 mirum
575 1904 632 1953 et
660 1899 916 1955 charitas
937 1899 1193 1955 Creatori
1218 1900 1582 1972 Dominoque
1601 1903 1887 1972 omnium,
1908 1907 1974 1957 ut

324 1985 497 2042 ccelos
529 1986 837 2044 inclinaret
874 1993 1049 2062 atque
1075 1989 1133 2044 in
1166 1994 1383 2045 terram
1417 1991 1796 2046 descenderet
1839 2008 1973 2062 per-

321 2081 656 2131 suaserunt.
689 2078 1116 2150 Descenditque
1150 2095 1378 2150 reapse,
1402 2083 1460 2134 et
1485 2095 1588 2151 pro
1609 2080 1780 2134 nobis
1798 2085 1972 2151 atque

320 2163 393 2216 ad
426 2163 875 2220 similitudinem
902 2169 1188 2234 nostram,
1219 2171 1456 2238 excepto
1492 2171 1753 2238 peccato,
1796 2183 1970 2223 verus

319 2250 498 2306 homo
520 2257 608 2308 est
639 2253 828 2309 factus
855 2271 868 2321 ;
904 2259 1074 2324 atque
1103 2254 1369 2310 humana
1399 2254 1597 2310 omnia
1621 2260 1678 2310 et
1707 2272 1886 2328 agens
1915 2259 1972 2310 et

321 2338 572 2410 patiens,
605 2341 955 2413 propinquis
985 2359 1148 2414 aeque
1180 2359 1244 2398 ac
1275 2343 1517 2399 remotis
1548 2343 1709 2415 pacis
1749 2344 1970 2399 bonum

2150 1127 2329 1219 τερεὶς
2374 1127 2528 1183 ’κατὰ
2605 1127 2997 1219 σχισμισιῖτινὲῶν⁵
3057 1127 3118 1183 ἐκ
3177 1127 3738 1219 διαφόρων’ὶκανόνεῳν

2149 1199 2238 1278 ῃαὶ
2290 1269 2311 1278 μ
2358 1199 2678 1278 Δγραφικῶἴ
2743 1199 3102 1278 ’ἀποδείξεων
3216 1199 3538 1278 ὄιτέο-ὃεικνὺς
3615 1200 3735 1278 ,ὅτι

2151 1269 2550 1350 ρρβοδοξούσης
2647 1279 2746 1342 τῆς
2821 1269 3149 1343 Ἐκκλ-ησίας
3227 1271 3448 1350 ἀλόγως
3533 1270 3736 1342 ταύτης

2153 1341 2466 1401 διίστανται.

2151 1443 2321 1508 Οὐδὲν
2355 1451 2566 1527 ἀγάπης
2614 1451 2664 1505 ἐν
2720 1450 2824 1526 βίῳ
2875 1451 3144 1525 ἀνώτερον
3193 1452 3284 1506 καὶ
3328 1448 3735 1526 ἠδύτερον,καῖ

2082 1537 2234 1594 οὐδὲν
2267 1539 2490 1616 εἶ’ρήνης
2531 1540 2617 1595 καὶ
2663 1539 2924 1612 ὁμονοίας
2978 1539 3027 1595 ἐν
3069 1535 3264 1613 κόσμῳ
3296 1537 3736 1615 λυσιτελέστερον

2080 1630 2169 1682 καὶ
2207 1630 2561 1704 τερπνότερον
2597 1647 2607 1658 ·
2669 1629 2851 1702 ἀγάπη
2909 1630 3010 1705 γὰρ
3064 1631 3092 1684 ὁ
3147 1629 3276 1693 Θεός
3353 1629 3464 1684 ἐστι
3533 1648 3592 1682 τι
3641 1627 3735 1683 καὶ

2082 1716 2427 1792 ὀνομάζεται·
2485 1719 2573 1773 καὶ
2636 1719 2671 1788 ἡ
2727 1719 2864 1772 κατὰ
2903 1719 3030 1773 Θεὸν
3091 1717 3282 1793 εἰρήνη
3335 1718 3424 1772 καὶ
3470 1720 3567 1772 τοῦ
3600 1719 3735 1770 Θεοῦ

2079 1811 2254 1864 πάντα
2309 1812 2432 1861 νοῦν
2514 1805 2764 1882 ὑπερᾶχει
2827 1808 2899 1868 ὡς
2973 1804 3353 1882 δεδιδάγμεθα.
3412 1803 3583 1861 Αὖται
3640 1803 3734 1859 καὶ

2079 1899 2168 1953 τὸν
2204 1896 2547 1972 Δημιουργὸν
2604 1895 2696 1950 καὶ
2756 1895 3030 1966 Δεσπότην
3087 1899 3194 1951 τῶν
3257 1893 3404 1950 ὅλων
3453 1892 3636 1948 κλῖναί
3677 1912 3737 1947 τε

2079 1987 2206 2049 τοὺς
2257 1983 2517 2061 οὐρανοὺς
2566 1985 2657 2040 καὶ
2709 1984 2796 2038 ἐπὶ
2845 1989 2943 2049 τῆς
2991 1991 3090 2059 γῆς
3139 1979 3438 2054 καταϐῆναι
3484 1983 3732 2037 κατὲπει-

2081 2097 2196 2132 σαν.
2231 2076 2331 2129 Καὶ
2385 2075 2569 2148 μέντοι
2609 2073 2700 2128 καὶ
2754 2068 3114 2142 καταϐεϐηκε,
3166 2073 3254 2128 καὶ
3304 2073 3422 2136 καθ’
3471 2075 3620 2144 ἡμᾶς
3667 2068 3738 2124 δι’

2079 2167 2228 2238 ἡμᾶς
2305 2163 2482 2239 χωρὶς
2559 2163 2827 2238 ἁμαρτίας
2913 2163 3030 2217 κατ’
3103 2160 3361 2233 ἀλήθειαν
3446 2158 3734 2235 ἄνθρωπος

2077 2257 2288 2329 γέγονε·
2349 2253 2441 2307 καὶ
2497 2253 2673 2307 πάντα
2720 2253 2789 2307 τὰ
2849 2253 2943 2325 μὲν
3005 2249 3225 2328 δράσας,
3274 2252 3342 2306 τὰ
3391 2247 3435 2305 δ’
3497 2249 3735 2312 ὑποστὰς

2076 2345 2146 2398 τὰ
2174 2343 2504 2418 ἀνθρώπινα,
2535 2346 2653 2403 τοῖς
2701 2339 2855 2415 ἐγγὺς
2906 2341 2994 2395 καὶ
3036 2346 3155 2404 τοῖς
3207 2340 3414 2414 μακρὰν
3459 2340 3522 2394 τὸ
3560 2337 3730 2394 καλὸν

323 2428 635 2485 nuntiavit.
668 2430 928 2500 Eisdem,
981 2433 1109 2502 paci
1155 2431 1376 2487 scilicet
1429 2437 1488 2487 et
1545 2433 1840 2498 charitati,
1879 2449 1974 2502 ap-

2094 2435 2174 2500 εῆς
2226 2431 2448 2507 εἰρήνης
2494 2427 2897 2505 εὐηγγελίσατο.
2955 2428 3166 2492 Ταύτας
3216 2429 3306 2484 καὶ
3347 2430 3375 2484 ὁ
3405 2428 3728 2490 πιστότατος

323 2517 512 2590 prime
533 2519 777 2574 studens
796 2519 1180 2575 fidelissimus
1201 2521 1394 2592 gentis
1417 2525 1631 2576 nostra
1655 2522 1970 2593 imperator

2094 2525 2173 2576 τοῦ
2202 2519 2390 2594 γένους
2433 2521 2594 2591 ἡμῶν
2655 2516 2908 2592 βασιλεὺς
2957 2514 3108 2594 εἷ’περ
3156 2538 3238 2581 τις
3281 2513 3469 2592 ἕτερος
3515 2517 3730 2593 ἀγαπή-

323 2608 660 2662 convocavit
688 2611 754 2663 ut
811 2608 1048 2664 cernitis
1105 2609 1214 2664 hoc
1273 2608 1399 2665 loco
1459 2610 1784 2678 universos,
1819 2614 1885 2666 ut
1913 2614 1970 2666 et

322 2695 449 2767 ipse
481 2712 617 2751 cum
637 2696 754 2753 Deo
784 2697 947 2770 pacis
968 2699 1123 2754 bona
1154 2699 1323 2755 nobis
1363 2699 1694 2770 annuntiat,
1727 2704 1784 2756 et
1837 2699 1969 2755 diu-

319 2790 554 2843 turnam
587 2790 1020 2845 contentionem
1053 2789 1354 2862 dissolvat,
1385 2795 1560 2862 atque
1591 2791 1663 2846 ad
1711 2789 1966 2862 priscam

319 2874 723 2936 discordantes
752 2894 955 2950 pacem
985 2879 1243 2935 reducat.

2079 2630 2196 2678 σας,
2251 2606 2620 2684 συγκαλεῖται,
2651 2607 2724 2668 ὡς
2780 2608 2958 2681 ὁρᾶτε,
3019 2605 3146 2668 τοὺς
3200 2604 3400 2667 πάντας
3457 2606 3726 2674 ἐνταῦθα,

2078 2700 2227 2761 ὅπως
2260 2695 2320 2752 ἄν
2375 2696 2509 2770 μετὰ
2557 2699 2654 2750 τοῦ
2713 2700 2845 2750 Θεοῦ
2895 2697 2982 2750 καὶ
3039 2695 3198 2757 αὐτὸς
3243 2696 3312 2750 τὰ
3357 2698 3458 2760 τῆς
3505 2695 3731 2770 εἰρήνης

2076 2791 2213 2861 ἡμῖν
2246 2785 2666 2861 εὐαγγελίσηται
2715 2785 2906 2861 ἀγαθὰ,
2955 2785 3045 2839 καὶ
3083 2785 3174 2840 τὸν
3220 2783 3584 2861 πολυήμερον
3630 2783 3731 2839 πό-

2077 2876 2247 2950 λεμον
2277 2873 2583 2949 καταλύσῃ,
2637 2873 2728 2928 καὶ
2756 2874 2893 2951 πρὸς
2924 2875 3024 2943 τήν
3080 2874 3314 2950 ἀρχαίαν
3373 2874 3442 2929 τὰ
3472 2870 3735 2930 διεστῶτα

2075 2963 2386 3040 ἐπαναγάγῃ
2418 2962 2721 3040 συνάφειαν.

393 3158 587 3232 Pergit
615 3158 823 3214 deinde
854 3158 1143 3231 Ephesius
1174 3159 1480 3216 historiam
1505 3159 1895 3215 schismatum
1917 3159 2279 3215 diversarum
2312 3173 2415 3229 per
2445 3157 2646 3212 orbem
2693 3154 3098 3224 ecclesiarum,
3144 3159 3322 3228 atque
3346 3155 3727 3228 ipsorummet

317 3249 473 3306 inter
501 3264 564 3304 se
593 3251 926 3304 Grecorum
957 3247 1251 3305 latissimo
1285 3265 1554 3305 sermone
1584 3249 1914 3304 describere
1947 3264 2011 3304 ac
2043 3246 2366 3320 deplorare,
2417 3249 2474 3302 et
2520 3259 2815 3301 canonum
2849 3248 3207 3316 Petrumque
3237 3247 3493 3300 veterum
3523 3244 3722 3297 aucto-

315 3338 489 3394 ritate
518 3341 823 3409 castigare.
858 3337 1106 3394 Summa
1135 3342 1331 3393 autem
1366 3336 1657 3393 sermonis
1688 3341 1796 3405 est,
1822 3340 1888 3392 ut
1916 3340 2091 3405 neget
2120 3335 2428 3408 Ephesius,
2475 3333 2662 3389 ullum
2695 3349 2959 3405 unquam
3017 3332 3280 3390 schisma
3311 3331 3479 3387 licere
3508 3329 3621 3386 nisi
3651 3329 3725 3385 ob

315 3427 647 3485 evidentem
678 3443 744 3482 ac
767 3426 1097 3491 iudicatam
1129 3426 1416 3482 haereseos
1448 3443 1684 3482 causam
1712 3443 1726 3482 :
1753 3442 1890 3482 nam
1923 3429 2131 3480 caetera
2159 3422 2482 3497 ἐγκλήματα
2513 3423 2621 3478 etsi
2654 3422 2844 3494 pcenis
2867 3422 3223 3478 vindicanda
3252 3425 3413 3489 sunt,
3441 3436 3555 3476 non
3580 3417 3732 3474 tanti

321 3531 449 3572 esse
477 3518 674 3570 tamen
708 3519 772 3569 ut
801 3516 873 3570 ad
906 3531 1210 3570 summum
1242 3514 1593 3571 secessionis
1650 3513 1871 3569 malum
1902 3530 1975 3568 co:

2094 3512 2296 3580 allant;
2359 3512 2575 3566 nedum
2609 3508 2782 3565 liceat
2839 3505 2927 3562 διά
2952 3529 3103 3570 τινας
3141 3508 3529 3583 μικροψυχίας,
3561 3511 3627 3563 ut
3655 3505 3737 3561 ait

321 3608 562 3661 sanctus
592 3603 868 3670 Basilius,
902 3609 1138 3676 propter
1165 3603 1395 3675 aliquas
1426 3603 1633 3676 pusilli
1663 3604 1844 3658 animi
1869 3603 2205 3658 affectiones
2235 3600 2320 3656 vel
2353 3601 2730 3665 acerbitates,
2762 3599 3080 3671 perniciem
3110 3603 3336 3655 tantam
3369 3595 3603 3670 p0pulis
3636 3594 3735 3651 Dei

321 3693 556 3750 inferre.
591 3694 716 3758 Qua
743 3693 1010 3748 doctrina
1040 3692 1138 3747 diu
1173 3694 1407 3760 tradita,
1443 3694 1618 3748 homo
1645 3693 1878 3748 Graecus
1924 3691 2366 3748 memorabilem
2417 3689 2759 3762 hujusmodi
2809 3688 3160 3745 sententiam
3196 3687 3378 3744 dicit:
3413 3693 3491 3756 Ση
3506 3684 3734 3759 μείωσαι

315 3784 502 3850 ταῦτα,
561 3777 693 3844 ἴσως
750 3779 852 3854 γὰρ
930 3778 1381 3858 ὠφεληθήσονται
1415 3781 1466 3835 οἱ
1489 3785 1670 3842 κακῶς
1705 3783 1782 3855 (θ)
1818 3780 2069 3856 λέγοντες
2139 3777 2545 3854 ἅποσχισθῆναι
2614 3779 2762 3849 ἡμᾶς
2821 3776 2928 3830 ἀπὸ
2999 3779 3096 3831 τοῦ
3171 3776 3415 3847 Ῥώμης,
3472 3774 3580 3850 πρὸ
3635 3775 3734 3828 τοῦ

318 3865 776 3939 καταδικασθῆναι
809 3867 966 3922 αὐτὸν
1000 3868 1087 3923 καὶ
1136 3869 1265 3932 τοὺς
1297 3870 1421 3946 περὶ
1471 3870 1632 3925 αὐτὸν
1694 3870 1769 3931 ὡς
1825 3870 1975 3924 κακόι

2094 3889 2166 3930 νας
2228 3875 2370 3927 Nota
2403 3869 2548 3923 hanc
2585 3867 2918 3932 doctrinam,
2952 3881 3073 3938 qua
3099 3874 3332 3936 fortasse
3359 3864 3439 3920 eis
3465 3864 3732 3935 proderit,

319 3962 416 4032 qui
442 3977 540 4016 nos
570 3961 755 4032 inique
782 3960 1021 4017 schisma
1051 3962 1248 4031 fecisse
1287 3964 1448 4018 aiunt
1479 3978 1512 4015 a
1543 3966 1794 4018 Romano
1819 3961 2112 4033 pontiﬁce,
2136 3967 2264 4015 ante
2293 3974 2460 4030 quam
2487 3956 2777 4026 deﬁnitum
2806 3957 2899 4025 sit,
2933 3956 3018 4010 vel
3047 3956 3227 4026 ipsum
3253 3955 3338 4010 vel
3357 3957 3480 4027 ejus
3500 3953 3738 4009 asseclas

314 4067 552 4123 pravum
579 4051 777 4122 dogma
800 4053 1003 4122 fovere.
1037 4054 1189 4106 Bene
1220 4050 1341 4106 haec
1383 4051 1631 4107 habent:
1668 4051 2056 4107 nihilominus
2089 4049 2161 4105 ob
2194 4065 2261 4104 ea
2317 4064 2445 4118 qua:
2498 4046 2642 4102 dicit
2685 4047 2724 4100 ἴ.
2773 4045 2844 4098 25
2875 4044 2936 4111 b,
2993 4043 3408 4100 schismaticus
3449 4042 3739 4116 Ephesius

320 4140 650 4196 credendus
679 4143 789 4196 est.
824 4139 908 4195 lbi
940 4140 1097 4195 enim
1153 4138 1357 4196 laudat
1411 4141 1830 4208 Andronicum,
1889 4141 2046 4212 quod
2107 4139 2357 4210 adeptus
2411 4140 2736 4208 sceptrum,
2790 4133 2946 4189 illico
2978 4133 3233 4204 patrium
3291 4132 3373 4203 (id
3398 4135 3488 4188 est
3517 4132 3744 4204 patriai)

323 4229 529 4301 dogma
558 4230 860 4301 professus
890 4228 987 4299 sit,
1023 4229 1228 4300 quovis
1261 4229 1374 4284 alio
1407 4231 1478 4284 ob
1501 4228 1981 4300 peregrinitatem
2009 4226 2268 4295 excluso,
2301 4229 2358 4280 et
2406 4225 2564 4296 quod
2613 4238 2848 4278 omnem
2885 4222 3202 4276 novitatem
3231 4221 3744 4292 corruptelamque

323 4317 599 4373 doctrinm
632 4317 935 4388 abjecerit,
965 4308 1074 4374 etc.
1101 4336 1114 4386 ;
1151 4318 1366 4390 quibus
1399 4319 1592 4373 verbis
1624 4318 1878 4372 reditum
1912 4315 2226 4372 Andronici
2256 4315 2327 4370 ad
2362 4313 2622 4370 schisma
2653 4318 2783 4384 post
2832 4310 3136 4366 Michaelis
3183 4309 3445 4382 parentis
3491 4308 3738 4381 obitum,

324 4405 425 4477 qui
457 4421 611 4460 anno
643 4406 885 4477 contigit
918 4407 1077 4473 1282,
1111 4406 1448 4478 signiﬁcare
1478 4423 1542 4460 ac
1577 4405 1882 4460 dilaudare
1913 4403 2167 4460 videtur.

396 4492 646 4565 Reliqua
675 4494 900 4563 omitto,
935 4511 1062 4566 quae
1095 4494 1281 4550 multa
1314 4497 1369 4549 in
1402 4494 1596 4549 medio
1629 4497 1790 4561 sunt,
1825 4493 2009 4549 donec
2040 4493 2194 4548 infra
2225 4491 2264 4546 I.
2299 4491 2368 4546 45
2392 4491 2463 4546 de
2494 4487 2806 4562 prudentia
2849 4486 3243 4544 ecclesiastica
3282 4486 3486 4543 scribit
3516 4491 3743 4558 auctor,

327 4601 443 4656 quo
477 4601 686 4655 nempe
716 4584 1064 4640 necessitate
1096 4591 1198 4641 aut
1225 4585 1279 4639 vi
1312 4584 1471 4654 gravi
1496 4583 1696 4654 aliqua
1728 4588 1971 4655 urgente
2003 4583 2268 4654 (excepta
2298 4581 2523 4635 ratione
2567 4579 2729 4646 ﬁdei)
2775 4578 2846 4632 de
2894 4577 3095 4632 stricto
3133 4593 3428 4633 canonum
3477 4577 3613 4647 jure
3643 4578 3744 4633 de-

328 4672 668 4729 clinandum
701 4673 798 4740 sit,
831 4689 923 4739 ne,
957 4673 1099 4728 dum
1132 4677 1360 4745 partem
1388 4672 1689 4728 mordicus
1719 4678 1920 4728 tenere
1940 4671 2236 4735 volumus,
2270 4684 2565 4724 summam
2597 4668 2937 4740 perdamus.
2966 4666 3151 4730 Quam
3175 4666 3530 4722 sententiam
3555 4667 3742 4722 sancti

330 4761 527 4835 Cyrilli
557 4764 904 4819 auctoritate
925 4763 1236 4817 conﬁrmat
1266 4762 1426 4816 brevi
1458 4761 1719 4832 Epistola
1746 4763 1817 4817 ad
1879 4759 2246 4817 Gennadium
2282 4756 2830 4825 archimandritam,
2880 4771 3008 4828 quas
3065 4753 3218 4810 inter
3261 4754 3447 4810 editas
3477 4758 3567 4810 est
3595 4757 3639 4809 t.
3672 4754 3742 4824 V,

330 4858 481 4926 part.
514 4871 576 4925 ιι,
609 4871 666 4926 p.
700 4854 824 4909 491.
870 4853 1002 4908 Mox
1028 4852 1314 4924 Ephesius
1364 4853 1744 4923 prosequitur
1793 4869 1965 4908 suum
2000 4850 2370 4923 propositum
2423 4847 2670 4904 diversis
2721 4844 3005 4919 exemplis
3052 4845 3349 4915 roborare,
3382 4845 3746 4917 recitataque

329 4947 493 5015 parte
523 4942 795 5014 Epistolas
815 4941 1059 4997 Joannis
1084 4942 1211 4996 Vlll
1230 4958 1391 5012 papa;
1415 4942 1486 4996 ad
1510 4941 1792 4997 Basilium
1817 4941 2232 5012 imperatorem
2269 4955 2395 5009 qua:
2434 4937 2490 4991 in
2516 4936 2803 4992 Photiana
2824 4936 3045 5007 synodo
3068 4933 3302 5007 legitur,
3327 4934 3397 4990 de
3425 4934 3746 5005 antiquatis

333 5031 537 5087 multis
569 5031 640 5085 ob
673 5035 938 5100 tempora
969 5032 1195 5085 mutata
1228 5031 1554 5085 canonibus
1586 5029 1860 5097 disserit;
1914 5044 2091 5100 quam
2124 5025 2478 5098 particulam
2510 5025 2642 5080 ideo
2673 5023 2958 5078 libentius
2987 5022 3082 5076 hic
3113 5022 3391 5091 recitabo,
3426 5023 3566 5093 quia
3595 5022 3747 5078 dua-

333 5137 466 5176 rum
495 5118 839 5176 Latinorum
871 5135 1162 5174 canonum
1195 5117 1603 5174 collectionum
1636 5117 1964 5174 summaria
1994 5115 2103 5172 hoc
2134 5115 2429 5171 volumine
2449 5113 2602 5169 edidi
2633 5130 2646 5180 ;
2680 5111 3067 5184 quantumvis
3097 5111 3254 5166 enim
3277 5111 3413 5167 boni
3445 5113 3566 5167 sint
3585 5110 3625 5164 ii
3648 5127 3743 5165 ca-

331 5227 515 5267 nones
541 5226 607 5266 ac
638 5210 900 5280 plerique
928 5207 1122 5276 utiles,
1155 5226 1270 5263 non
1297 5208 1379 5264 ita
1411 5215 1568 5264 certe
1591 5213 1729 5264 sunt
1760 5205 2095 5262 immobiles
2126 5210 2302 5278 atque
2334 5203 2468 5276 rati,
2501 5208 2566 5260 ut
2596 5219 2695 5259 eos
2727 5201 2996 5259 Ecclesiae
3018 5201 3364 5271 auctoritas,
3397 5218 3501 5274 pro
3549 5214 3739 5257 rerum

331 5303 784 5370 temporumque
814 5297 1132 5368 adjunctis,
1163 5298 1388 5353 variare
1410 5299 1732 5369 prudenter
1758 5300 2032 5368 nequeat.

402 5388 487 5442 En
519 5387 692 5444 verba
722 5387 956 5460 Ephesii
987 5387 1114 5442 cod.
1146 5388 1272 5457 213,
1307 5387 1348 5444 f.
1377 5389 1483 5442 202
1509 5405 1522 5442 :

2095 5563 2128 5602 a
2159 5563 2263 5602 suo
2298 5549 2534 5618 pastore
2565 5543 2883 5602 discedere.
2911 5538 3207 5618 Eisele);
3237 5543 3445 5612 mavis,
3469 5542 3599 5618 die;
3636 5541 3754 5618 haec

2089 5614 2338 5675 doctrina
2387 5621 2629 5689 fortasse
2670 5618 2744 5671 iis
2780 5614 3034 5686 proderit
3081 5614 3264 5684 (idest
3291 5631 3384 5672 eos
3405 5614 3753 5687 emendabit)

2093 5693 2188 5763 qui
2213 5706 2314 5747 nos
2344 5688 2490 5748 recte
2515 5688 2822 5746 discessisse
2849 5689 3033 5759 aiunt,
3075 5694 3175 5743 etc.

406 5548 483 5621 (1)
528 5548 608 5604 Ita
659 5550 718 5605 in
776 5551 907 5606 cod.
963 5550 1071 5605 225
1102 5551 1141 5605 f.
1204 5549 1290 5621 19,
1360 5551 1416 5605 b.
1467 5553 1540 5606 At
1588 5550 1646 5604 in
1693 5549 1820 5605 cod.
1876 5546 1983 5603 213

332 5617 541 5678 καλῶς.
568 5623 838 5678 Attamen
870 5624 927 5678 in
956 5622 1244 5679 contrario
1274 5617 1548 5678 adverbio
1580 5623 1738 5677 idem
1783 5623 1981 5675 manet

334 5706 569 5767 sensus,
599 5695 698 5767 qui
728 5711 762 5751 a
793 5695 1256 5767 pracedentibus
1287 5695 1734 5764 determinatur,
1769 5707 1980 5767 nempe

335 5762 493 5834 quod
517 5762 650 5823 ante
679 5762 858 5824 latam
907 5767 1196 5823 haereseos
1247 5767 1598 5824 sententiam
1651 5762 1769 5822 non
1806 5762 1979 5820 liceat
