4130 6392
427 428 546 490 505

1393 430 1496 489 DE
1543 427 2078 490 PROCESSIONE
2123 427 2484 490 SPlRI'l‘US
2532 430 2839 490 SANGTI.

3726 426 3845 488 506

494 562 694 630 Ὅσους
725 557 782 613 δὲ
812 558 1036 622 κανόνας
1065 564 1173 613 τῶν
1208 558 1581 634 ἀργαιοτέρων
1616 561 1667 614 οἱ
1699 561 1814 633 μετ’
1845 558 2071 621 ἐκείνους

2267 564 2417 627 Quot
2463 567 2660 618 autem
2710 563 3086 632 antiquorum
3141 561 3462 634 praesulum
3510 576 3766 616 canones
3812 577 3845 615 a

427 650 708 726 ἀρχιερεῖς
754 648 845 702 καὶ
900 648 1127 724 μεγάλοι
1191 649 1423 723 Πατὲρες
1478 651 1637 721 ἡμῶν
1690 648 1848 725 ἀργίᾳ
1903 648 2084 718 τελείᾳ

429 735 796 807 συνέστειλαν,
861 737 913 790 τί
972 738 1085 812 χρή
1163 736 1253 791 καὶ
1312 735 1486 812 λέγειν
1536 740 1720 810 ἡμᾶς;
1780 739 1981 794 Ἴσασιν
2031 737 2081 790 οἱ

427 828 495 882 τὰ
563 827 683 903 ἱερὰ
755 828 864 880 τῶν
936 825 1177 880 κανόνων
1267 824 1684 899 πεπαιδευμένοι
1763 827 2080 898 μαθήματα.

429 919 542 972 Ποῦ
593 914 692 991 γάρ
752 913 895 968 ἐστιν
955 915 982 968 ὁ
1036 916 1211 969 κανὼν
1271 915 1470 976 ἐκεῖνος
1517 915 1697 978 ὁτοὺς
1753 915 2080 977 ἐπισκόπους

429 1008 692 1058 συνοικεῖν
722 1008 842 1065 ταῖς
875 1001 1098 1066 οἰκείαις
1149 1001 1322 1058 αὒτῶν
1367 1004 1600 1079 γυναιξὶν
1651 1002 2081 1078 ἐντελλόμενοςς

430 1097 544 1148 Ποῦ
575 1091 778 1154 ἐκεῖνος
827 1092 888 1154 ὃς
941 1092 1069 1155 τοὺς
1118 1093 1514 1167 σχισματικοὺς
1561 1095 1647 1148 καὶ
1693 1091 1820 1156 τοὺς
1879 1094 2080 1167 αἱρετι-

426 1179 554 1242 κοὺς
608 1175 1116 1250 ἰξαναὸαπτίζεσθαι
1167 1178 1540 1250 διατάττεται;
1588 1186 1700 1236 Ποῦ
1751 1183 1778 1237 ὁ
1838 1179 2079 1255 διοριζό-

431 1289 590 1342 μενος
641 1266 806 1324 πάλιν
864 1269 999 1324 ἔπτᾶ
1055 1266 1340 1332 διακόνους
1393 1271 1525 1325 εἶναι
1599 1269 1688 1324 καὶ
1769 1269 1970 1344 μόνους
2025 1268 2076 1324 ἐν

425 1356 620 1432 ἑκάστῃ
667 1361 772 1412 τῶν
828 1357 1086 1428 πόλεων;
1133 1356 1245 1413 Ποῦ
1303 1359 1330 1413 ὁ
1384 1358 1517 1432 μετᾶ
1561 1359 1623 1414 τὸ
1681 1364 1864 1436 φαγεῖν
1933 1361 2079 1432 ἡμᾶς

423 1446 561 1500 κατὰ
613 1446 713 1514 τὴν
777 1444 1024 1522 μεγάλην
1085 1448 1121 1501 ε’
1184 1446 1428 1522 μετέχειν
1505 1451 1612 1502 τῶν
1691 1453 1928 1522 φρικτῶν
1981 1451 2079 1501 τοῦ

425 1535 661 1610 Χριστοῦ
723 1533 1059 1611 μυστηρίων,
1124 1537 1358 1608 μιμήσει
1414 1537 1561 1610 τάχα
1633 1540 1733 1591 τοῦ
1807 1540 2078 1611 Κυριακοῦ

424 1620 642 1677 δείπνου
701 1622 926 1692 ἐκείνου,
980 1625 1328 1696 νομοθετῶν;
1380 1626 1494 1681 Ποῦ
1546 1625 1790 1686 κάκεῖνος
1847 1625 1906 1686 ’ὀς
1958 1629 2077 1686 τοῖς

422 1709 656 1781 πλήθεσι
741 1715 849 1766 τῶν
937 1709 1249 1768 ἐπισκόπων
1335 1711 1573 1788 ἐκλογὴν
1656 1717 1926 1777 ποιεῖσθαι
1987 1712 2077 1766 καὶ

421 1802 605 1877 ψῆφον
639 1798 934 1875 irrit-pem;
966 1801 1073 1858 Καὶ
1121 1803 1325 1876 μακρὸν
1377 1800 1436 1857 ἂν
1487 1800 1570 1872 εἰή
1617 1801 1746 1865 τοὺς
1794 1802 2076 1878 ἀπρακτή-

2193 651 2617 721 posterioribus
2665 651 2958 722 episcopis
3011 652 3362 723 magnisque
3410 649 3679 704 Patribus
3724 649 3845 703 sint

2193 741 2430 794 omnino
2461 741 2587 794 sine
2612 739 2819 796 effectu
2850 740 3057 804 habiti,
3081 757 3185 794 cur
3215 757 3321 794 nos
3353 739 3544 794 dicere
3575 738 3845 810 oportet?

2192 828 2254 882 Id
2281 828 2547 883 videlicet
2575 829 2771 883 sciunt
2799 830 2900 900 qui
2923 829 3235 884 canonicas
3258 827 3601 900 disciplinas
3624 826 3845 882 didice-

2190 919 2348 971 runt.
2387 917 2489 972 Ubi
2523 924 2612 973 est
2640 917 2797 972 enim
2821 918 2947 988 jam
2979 918 3072 972 ille
3104 933 3288 972 canon
3310 917 3408 986 qui
3431 916 3672 970 mandat
3692 915 3843 986 epis-

2190 1004 2350 1074 copis
2373 1011 2436 1060 ut
2457 1022 2588 1060 cum
2613 1021 2720 1059 sua
2748 1007 3000 1077 quisque
3031 1007 3283 1075 conjuge
3311 1003 3580 1058 habitet?
3607 1001 3716 1058 Ubi
3746 1001 3844 1058 ille

2190 1095 2287 1164 qui
2312 1093 2720 1149 schismaticos
2743 1099 2797 1148 et
2832 1094 3131 1148 haereticos
3163 1093 3508 1164 rebaptizari
3536 1090 3842 1163 praecipit?

2189 1181 2294 1238 Ubi
2327 1200 2532 1238 rursus
2563 1182 2659 1239 ille
2689 1183 2789 1254 qui
2811 1187 3033 1254 septem
3058 1188 3288 1237 tantum
3314 1181 3590 1236 diaconos
3615 1179 3675 1234 in
3699 1196 3842 1235 una-

2188 1287 2422 1343 quaque
2452 1272 2594 1327 urbe
2625 1288 2753 1327 esse
2783 1271 3082 1326 decernit?
3114 1270 3220 1326 Ubi
3253 1269 3369 1334 ille,
3405 1268 3505 1340 qui
3537 1267 3845 1324 constituit

2189 1366 2253 1416 ut
2282 1361 2409 1416 cibo
2440 1364 2816 1432 prasumpto,
2843 1359 2902 1414 in
2937 1360 3140 1430 quinta
3174 1375 3386 1430 magna
3421 1358 3562 1413 feria
3583 1362 3840 1412 tremen-

2187 1449 2278 1505 dis
2300 1450 2514 1505 Christi
2540 1450 2832 1521 mysteriis
2855 1450 3384 1512 communicemus,
3418 1446 3598 1517 idque
3618 1447 3690 1501 ob
3711 1445 3841 1499 imi-

2189 1538 2466 1594 tationem
2501 1540 2747 1593 fortasse
2777 1553 2951 1592 coenze
2991 1535 3306 1591 Dominicaa
3327 1535 3354 1589 ?
3385 1534 3493 1590 Ubi
3525 1539 3582 1590 et
3611 1533 3707 1589 ille
3737 1530 3838 1603 qui

2186 1628 2388 1698 populi
2418 1626 2782 1682 multitudini
2836 1626 2895 1679 in
2947 1627 3356 1697 episcoporum
3407 1622 3686 1678 electione
3716 1624 3841 1677 suf-

2189 1716 2436 1786 fragium
2468 1715 2791 1787 permittit?
2813 1715 3071 1786 Longum
3100 1717 3255 1769 esset
3277 1712 3613 1784 antiquatos
3635 1725 3840 1766 omnes

2178 1805 2562 1876 jacentesque
2609 1819 2862 1859 canones
2915 1819 3072 1859 nunc
3126 1801 3375 1874 seligere
3420 1805 3597 1873 atque
3625 1799 3685 1857 in
3718 1817 3838 1856 me-

423 1908 618 1953 σαντας
644 1893 754 1944 τῶν
782 1888 1023 1945 κανόνων
1083 1889 1282 1954 πάντας
1340 1890 1653 1967 ἐκλέγεσθαι
1701 1895 1791 1947 νῦν
1847 1890 1937 1947 καὶ
1997 1892 2071 1954 εἰς

2187 1894 2352 1951 dium
2386 1894 2662 1966 proferre.

423 1976 584 2050 μέσον
617 1979 968 2054 παράγεσθαι.

2103 1967 2152 2032 Β

1454 2320 1526 2441 J
1541 2317 1884 2442 OAN
1894 2318 2008 2440 N
2019 2316 2172 2440 IS
2275 2316 2826 2441 CHILXE

1714 2592 1969 2650 EPHESI
2009 2593 2548 2650 METROPOLIT/‘E

889 2759 1029 2842 AD
1087 2757 1425 2847 IMPER
1451 2756 1917 2847 \TOBEM
1974 2756 2733 2846 ANDRONICUM
2791 2755 3368 2843 SENIOBEM

1957 2961 2304 3019 LIBELLUS

1375 3125 1478 3185 DE
1541 3125 2082 3186 PROGESSIONE
2140 3126 2499 3188 SPlRlTUS
2559 3125 2862 3187 SANCTI.

1483 3286 1674 3358 (Apud
1701 3284 1985 3342 Allatium
2014 3286 2090 3342 De
2117 3287 2489 3358 consensione,
2523 3303 2582 3358 p.
2611 3286 2764 3357 514.)

489 3621 742 3676 Ἰωάννου
791 3627 888 3678 τοῦ
947 3622 1122 3680 Χειλᾶ
1180 3623 1592 3702 μητροπολίτου
1652 3625 1878 3704 Ἐφέσου
1926 3626 2064 3702 πρὸς

2249 3627 2709 3699 Processionem,
2742 3627 3106 3684 immobilem
3139 3627 3550 3700 proprietatem
3584 3624 3828 3680 sanctis-

415 3711 506 3764 τὸν
539 3709 931 3788 αὐτοκράτορα.
965 3716 1080 3785 Τὴν
1137 3713 1449 3790 ἒκπόρευσιν
1508 3715 1762 3786 ἀκίνητον
1822 3713 2072 3786 ἰδιότητα

414 3804 513 3853 τοῦ
559 3800 823 3876 παναγίου
897 3803 1212 3876 Ηνεύματος
1250 3802 1387 3860 οἶδεν
1447 3808 1482 3875 ἡ
1537 3807 1692 3875 κοινὴ
1774 3803 1902 3876 δόξα
1971 3808 2071 3873 τῆς

418 3885 768 3959 Έκκλησίας,
801 3890 890 3945 καὶ
937 3889 1105 3964 μηδὲν
1162 3889 1363 3969 ἕτερον,
1409 3893 1445 3964 ἢ
1479 3893 1651 3968 μόνην
1708 3896 1808 3965 τὴν
1864 3894 1924 3948 ἐκ
1971 3898 2069 3948 τοῦ

418 3977 629 4053 Πατρὸς
689 3981 920 4056 φυσικὴν
978 3979 1201 4056 ὕπαρξιν
1261 3983 1424 4038 αὑτοῦ
1489 3984 1937 4058 παριστάνουσαν.
1998 3984 2068 4038 Τὸ

413 4071 542 4142 γοῦν
591 4064 853 4138 δοξάζειν,
884 4069 973 4124 καὶ
1030 4072 1255 4148 γράφειν
1312 4073 1412 4141 τὴν
1467 4070 1780 4148 ἐκπόρευσιν
1839 4071 2064 4142 ταύτην,

413 4151 501 4210 νῦν
564 4157 658 4230 μὲν
720 4157 809 4213 ἐπὶ
851 4165 952 4229 τῆς
995 4159 1284 4236 θεολογίας
1339 4161 1438 4230 τὴν
1499 4159 1721 4236 ὕπαρξιν
1782 4161 2066 4234 σημαίνειν

416 4244 605 4319 αὐτὴν,
655 4250 746 4301 νῦν
818 4244 874 4302 δὲ
927 4249 992 4303 αὖ
1048 4251 1147 4319 τὴν
1205 4245 1424 4328 ἔκφασιν
1472 4252 1574 4320 τήν
1631 4248 1831 4322 ἀΐδιον,
1880 4250 1916 4320 ἢ
1965 4253 2065 4321 τὴν

413 4331 689 4410 ἔκλαμψιν
747 4335 783 4405 ἢ
838 4337 938 4406 τὴν
1000 4338 1301 4416 φανὲρωσιν
1385 4337 1736 4418 βλάσφημον,
1794 4340 1883 4394 καὶ
1961 4345 2068 4395 τῶν

417 4423 798 4480 ἆποστολικῶν
858 4422 1146 4502 δογμάτων
1197 4427 1513 4505 ἀλλότριον,
1543 4430 1634 4484 καὶ
1681 4428 1828 4505 παρά
1882 4433 2065 4498 τοῦτο,

416 4513 509 4568 καὶ
540 4513 872 4588 ἀναθέματὸς
903 4513 1070 4587 ἄξιονο
1102 4516 1267 4574 πάλιν
1320 4519 1410 4574 τὸν
1462 4513 1742 4596 προϐολὲα
1786 4522 1882 4574 τοῦ
1931 4538 2066 4573 παν-

416 4605 574 4678 αγίου
624 4604 932 4677 Πνεόματος
985 4606 1180 4677 αἰετιον,
1212 4610 1289 4671 ὡς
1334 4609 1426 4664 καὶ
1481 4609 1573 4664 τὸν
1624 4609 1928 4686 Γεννητόρα
1969 4611 2069 4664 τοῦ

418 4694 547 4748 Υἱοῦ
575 4689 772 4766 αἴτιον,
805 4697 840 4764 ἠ
879 4697 1036 4766 κοινὴ
1065 4701 1174 4752 τῶν
1236 4699 1486 4774 Πατέρων
1544 4696 1683 4755 οἶδεν
1743 4696 1921 4755 ἔννοια
1977 4698 2068 4753 καὶ

419 4782 709 4861 ὁμολογία.
742 4785 884 4858 Πρὸς
917 4781 974 4840 δὲ
1001 4785 1092 4840 καὶ
1121 4786 1220 4855 τὴν
1247 4783 1530 4862 προϐολὴν
1581 4787 1743 4844 ταύτὸ
1792 4791 1862 4861 τῇ
1911 4786 2068 4842 ἐκπο-

419 4872 595 4948 ρεόσει
653 4870 928 4943 δύνασθαι,
986 4875 1228 4946 καθάπαξ
1289 4877 1342 4930 οἱ
1416 4877 1612 4940 πάντες
1685 4878 2064 4952 γινώσκουσιν.

415 4962 477 5067 '9
539 4963 614 5035 μὴ
667 4962 848 5067 τοίνυν
903 4962 1094 5067 οἷξτως,
1127 4963 1254 5067 ἀλλ’
1305 4967 1502 5042 ἑτέρως
1561 4971 1796 5067 φρονῶιν,
1857 4964 2066 5042 δογμαο
2097 5002 2144 5067 D

411 5050 576 5120 τίζων
618 5073 679 5107 τε
722 5053 811 5107 καὶ
860 5053 1106 5127 γράφων,
1138 5054 1212 5117 ὡς
1258 5055 1391 5110 ποτὶ
1428 5056 1522 5129 μὲν
1554 5057 1582 5111 ὁ
1615 5051 1923 5132 προϐολεὺς
1970 5057 2062 5112 τὸν

413 5138 582 5195 αἷίῑιον
617 5139 872 5216 σημαίνει
919 5145 1016 5196 τοῦ
1061 5142 1218 5217 ἁγίου
1266 5143 1601 5219 Πνεύματος,
1633 5147 1721 5202 καὶ
1773 5148 1808 5216 ἡ
1857 5140 2063 5222 προϐο-

412 5227 484 5298 λὴ
532 5231 632 5299 τὴν
683 5229 743 5286 in
785 5234 882 5286 τοῦ
933 5231 1146 5305 Πατρὸς
1193 5232 1361 5288 αὐτοῦ
1396 5235 1624 5312 φυσικὴν
1652 5235 1898 5310 ὕπαρξιν⁸
1931 5234 2065 5289 ποτὶ

413 5315 471 5373 δὲ
528 5317 732 5384 ἐκεῖνος
792 5321 886 5394 μὶν
927 5321 1019 5376 τὸν
1079 5323 1418 5400 φανερωτὴν,
1449 5322 1583 5395 αὕτη
1623 5322 1680 5379 δὲ
1735 5325 1833 5393 τὴν
1890 5321 2062 5379 ἀΐδιον

413 5405 688 5487 ἔκφανσιν,
721 5407 758 5479 ἢ
814 5410 912 5479 τὴν
972 5407 1272 5486 ἕλλαμψιν,
1306 5410 1401 5467 εἴτ’
1460 5411 1552 5469 οὗν
1607 5414 1708 5484 τὴν
1766 5413 2064 5493 φανέρωσιν

411 5502 510 5554 τοῦ
538 5498 806 5574 παναγίου
837 5499 1171 5572 Πνεόματος,
1202 5498 1486 5576 πρόδηλος
1540 5502 1870 5578 βλάσφημος
1910 5503 2069 5567 οὗτος

415 5589 577 5661 ἡμῖν,
626 5588 716 5644 καὶ
799 5589 1100 5667 περιφανὴς
1180 5587 1741 5666 παραδειγματιστὴς,
1801 5592 1893 5648 καὶ
1979 5591 2070 5649 διὰ

417 5682 582 5734 τοῦτο
639 5677 731 5734 καὶ
789 5673 1094 5750 ἀποϐολῆς,
1124 5679 1213 5735 καὶ
1249 5677 1625 5759 βδελόγματος
1683 5682 1852 5757 ἄξιος.
1883 5683 2070 5739 Ὡσαύ-

420 5787 530 5834 τως
574 5770 664 5827 καὶ
710 5770 812 5840 τὴν
859 5765 1097 5844 πρόοδον
1142 5767 1306 5827 πάλιν
1341 5769 1428 5828 ἐπὶ
1460 5776 1558 5829 τοῦ
1605 5770 1874 5849 παναγίου
1903 5773 2070 5829 Πνεό-

2181 3717 2316 3772 simi
2347 3716 2624 3789 Spiritus,
2655 3717 2987 3773 communis
3029 3717 3296 3773 Ecclesia:
3328 3713 3618 3772 sententia
3649 3714 3826 3780 novit,

2179 3805 2441 3876 nihilque
2473 3806 2652 3874 aliud,
2687 3824 2866 3878 quam
2914 3806 3101 3863 solam
3159 3823 3229 3862 ex
3284 3810 3452 3860 Pntre
3502 3802 3828 3860 naturalem

2179 3895 2580 3951 exsistentiam
2614 3895 2774 3952 illius
2823 3898 3264 3968 exprimentem.
3298 3898 3485 3962 Quare
3515 3893 3733 3950 sentire
3763 3908 3830 3948 ac

2179 3985 2453 4055 scribere,
2481 3986 2913 4055 processionem
2941 3985 3113 4053 hanc,
3143 4001 3298 4040 nunc
3319 3983 3556 4056 quidem
3588 3983 3648 4036 in
3668 3981 3829 4037 theo-

2177 4073 2382 4145 logicis
2431 4073 2830 4130 exsistentiam
2889 4074 3081 4146 ipsam
3131 4077 3352 4140 notare,
3387 4088 3542 4127 nunc
3570 4070 3827 4143 exspira-

2177 4161 2395 4218 tionem
2429 4163 2871 4233 sempiternam,
2903 4163 3022 4218 sive
3051 4161 3544 4218 illuminationem
3581 4161 3700 4216 sive
3733 4176 3827 4215 re-

2177 4251 2550 4318 velationem,
2581 4251 2994 4322 blasphemum
3028 4256 3084 4306 et
3114 4252 3184 4305 ab
3217 4247 3554 4322 apostolicis
3584 4249 3825 4321 dogma-

2177 4339 2336 4394 tibus
2393 4339 2651 4395 alienum
2711 4343 2819 4408 est,
2866 4345 3288 4412 preptereaque
3341 4339 3609 4410 dignum,
3668 4335 3827 4409 quod

2176 4430 2549 4485 anathemate
2579 4429 2929 4485 feriatur.Ru
2940 4447 3124 4500 rsum,
3144 4429 3548 4501 productorem
3571 4426 3756 4482 sancti
3766 4443 3829 4482 s-

2177 4518 2311 4574 simi
2367 4518 2619 4589 Spiritus
2677 4535 2939 4586 causam,
2999 4518 3499 4590 quemadmodum
3549 4521 3607 4573 et
3654 4515 3828 4572 Geni-

2174 4613 2360 4664 torem
2392 4607 2520 4663 Filii
2570 4625 2832 4676 causam,
2863 4609 3197 4664 communis
3252 4608 3487 4662 Patrum
3537 4603 3829 4662 sententia

2176 4697 2339 4753 novit
2367 4702 2422 4753 et
2453 4699 2778 4769 profitetur.
2814 4703 2979 4767 Item,
3013 4698 3459 4770 productionem
3507 4700 3565 4752 et
3593 4711 3826 4768 proces-

2175 4788 2402 4843 sionem
2436 4788 2589 4843 idem
2620 4786 2827 4858 valere,
2859 4789 3100 4842 omnino
3145 4788 3300 4858 apud
3348 4803 3553 4842 omnes
3589 4785 3653 4840 in
3684 4801 3827 4840 con-

2177 4876 2330 4932 fesso
2361 4879 2468 4932 est.
2522 4877 2629 4941 Qui
2679 4876 2899 4949 itaque,
2932 4877 3105 4932 modo
3155 4877 3227 4932 ab
3283 4876 3394 4930 hoc
3445 4875 3694 4942 diverso,
3724 4877 3827 4929 aut

2177 4965 2374 5033 sentit,
2405 4971 2509 5022 aut
2549 4968 2838 5034 enuntiat,
2871 4970 2972 5022 aut
3008 4965 3226 5038 scripto
3257 4964 3474 5032 tradit;
3507 4963 3824 5034 aliquando

2175 5055 2398 5110 scilicet
2427 5055 2894 5127 productionem,
2925 5055 3114 5110 sancti
3162 5053 3415 5125 Spiritus
3472 5065 3733 5117 causam,
3765 5053 3825 5106 et

2176 5133 2616 5216 preductionem
2665 5161 2733 5200 ex
2779 5144 2948 5200 Patre
2982 5143 3143 5200 illius
3172 5141 3498 5198 naturalem
3531 5139 3823 5195 exsistan-

2175 5233 2340 5304 tiam,
2371 5238 2610 5304 notare;
2643 5234 2961 5305 aliquando
2987 5249 3122 5289 vero
3154 5236 3356 5288 notare
3385 5228 3822 5299 revelationem,

2178 5329 2234 5380 et
2263 5325 2452 5396 ipsam
2486 5322 2904 5395 sempiternam
2936 5320 3529 5396 explicationem,sive
3561 5317 3823 5374 illustra-

2174 5412 2417 5481 tionem,
2473 5412 2594 5469 sive
2650 5411 3060 5469 revelationem
3115 5409 3473 5468 sanctissimi
3527 5408 3826 5481 Spiritus;

2178 5507 2373 5576 aperte
2398 5502 2494 5558 hic
2522 5501 2676 5574 apud
2708 5517 2815 5557 nos
2846 5500 3230 5573 blasphemus
3258 5504 3367 5568 est,
3389 5503 3446 5555 et
3473 5498 3827 5555 manifestus

2178 5591 2604 5666 praevaricator,
2633 5595 3054 5664 proptereaque
3109 5591 3348 5664 dignus,
3379 5604 3554 5662 quem
3584 5587 3826 5660 abjicia-

2178 5698 2334 5752 mus,
2367 5686 2424 5739 et
2471 5683 2852 5738 detestemur.
2888 5680 3102 5737 Eadem
3145 5680 3374 5737 ratione
3421 5694 3657 5735 rursum
3691 5694 3824 5750 pro-

2177 5772 2514 5829 ductionem
2542 5771 2614 5828 de
2641 5769 3012 5829 sanctissimo
3030 5769 3252 5844 Spiritu
3284 5769 3524 5838 dictam,
3555 5771 3612 5825 et
3639 5766 3827 5824 solam
