4130 6412
299 403 414 464 507

1353 401 1671 465 NICOLAI
1716 400 2277 464 METHONENSIS
2319 402 2675 466 EPISCOPI

3591 403 3712 464 508

299 531 698 587 exsistentiam
768 531 1129 589 sanctissimi
1207 532 1457 604 Spiritus
1515 531 1947 603 designantem,

2070 552 2236 604 ματος
2298 532 2714 609 εὑρισκομένην,
2754 531 2844 588 καὶ
2900 533 3304 609 παραπατικήν
3377 530 3545 607 μόνης
3607 539 3713 603 τῆς

298 619 508 676 Deiferi
540 620 738 674 Patres
770 624 826 675 et
854 618 1191 692 intelligunt
1217 627 1273 676 et
1317 619 1629 692 accipiunt,
1663 622 1946 691 quemad-

300 708 540 762 modum
574 712 631 762 et
661 708 1094 779 processionem
1144 709 1355 781 ipsam,
1391 715 1447 765 et
1477 709 1945 781 productionem.

300 797 487 860 Quare
519 797 672 853 circa
703 797 854 854 hanc
885 815 1081 854 vocem
1115 799 1420 871 quippiam
1452 799 1819 867 innovantes,
1846 801 1949 854 aut

300 886 699 954 decernentes,
749 891 852 942 aut
898 888 1297 944 monumentis
1346 889 1786 960 consignantes,
1817 903 1946 945 eam

301 974 525 1031 scilicet
555 977 870 1046 aliquando
921 977 978 1030 in
1010 976 1227 1033 divinis
1287 977 1520 1034 Litteris
1575 975 1947 1034 existentiam

301 1063 628 1136 designare,
661 1065 973 1137 aliquando
1008 1065 1948 1137 revelationem,illuminationem

297 1156 356 1208 et
381 1153 847 1225 eXplicationem,
880 1159 1172 1212 rectorum
1201 1154 1263 1210 hi
1289 1157 1632 1229 dogmatum
1665 1155 1950 1212 adultera-

295 1244 470 1310 tores,
505 1247 563 1298 et
608 1242 778 1317 longe
830 1261 862 1300 a
907 1243 1151 1300 veritate
1191 1245 1554 1316 aberrantes,
1592 1249 1946 1314 censentur;

296 1333 692 1404 praetereaque
723 1333 1098 1390 detestabiles
1129 1338 1289 1403 sunt,
1312 1335 1614 1408 dignique,
1649 1351 1795 1406 quos
1826 1351 1948 1390 om-

296 1436 402 1476 nes
451 1427 814 1477 aversentur.
867 1423 986 1479 Ista
1031 1423 1188 1479 hunc
1241 1424 1299 1480 in
1354 1426 1593 1481 modum
1643 1423 1952 1497 praeteritis

293 1509 662 1581 temporibus
694 1515 899 1568 sancta
922 1512 1024 1569 Dei
1045 1514 1294 1570 ecclesia
1315 1514 1494 1585 novit,
1525 1513 1735 1585 tenuit,
1769 1513 1947 1570 sanci-

293 1598 400 1668 vit,
435 1599 652 1671 docuit,
685 1605 743 1657 et
791 1602 1056 1675 professa
1110 1607 1218 1659 est.
1255 1604 1382 1658 Haec
1429 1619 1534 1659 nos
1575 1617 1807 1675 quoque
1837 1619 1953 1658 non

292 1703 413 1743 una
445 1689 672 1746 ratione
727 1695 948 1762 tenere,
1009 1692 1342 1759 decernere,
1406 1692 1633 1759 docere,
1672 1691 1955 1765 proﬁteri,
2011 1705 2020 1710 ·

291 1775 480 1833 multo
511 1779 726 1836 abhinc
757 1784 1020 1852 tempore
1069 1781 1141 1837 ab
1191 1781 1393 1837 eadem
1437 1780 1793 1854 accepimus.
1828 1781 1959 1836 Haec

2058 620 2331 694 ὑπάρξεως
2407 625 2504 676 τοῦ
2583 620 2850 697 παναγίου
2932 622 3240 695 Πνεύματος
3324 622 3378 676 οἱ
3451 618 3707 700 θεοφὸροι

2055 708 2287 784 Ῑῐατὲρες
2339 708 2420 765 ἀεὶ
2477 710 2567 764 καὶ
2625 715 2828 780 νοοῦσι,
2885 711 2974 766 καὶ
3038 705 3464 784 ἒκλαμϐάνουσι.
3526 712 3709 765 Καθά-

2054 819 2153 872 περ
2186 799 2287 875 ἄρα
2343 799 2433 855 καὶ
2486 801 2586 870 τὴν
2641 798 2955 876 ὲκπόρευσιν
3015 801 3208 872 αὐτὴν,
3266 803 3358 856 καὶ
3412 801 3513 870 τὴν
3571 819 3712 873 προ-

2057 883 2253 956 ϐολήν.
2286 889 2353 947 Οἱ
2382 892 2508 965 γοῦν
2561 895 3039 964 καινοτομοῦντες,
3081 889 3171 945 καὶ
3219 889 3420 960 ταύτην
3482 886 3547 958 δὴ
3609 889 3711 958 τὴν

2057 979 2265 1055 φωνὴν,
2296 978 2387 1032 καὶ
2449 975 2865 1054 δογματίζοντες
2921 981 3054 1053 ἅμα,
3112 979 3204 1035 καὶ
3261 979 3579 1058 γράφοντες,
3636 979 3713 1041 ὡς

2055 1071 2162 1122 ποῦ
2218 1067 2313 1141 μὲν
2370 1072 2477 1122 τῶν
2535 1072 2761 1146 Γραφῶν
2813 1072 2920 1124 τῶν
2979 1068 3143 1145 ἁγίων
3227 1067 3504 1143 ὑπάρξεως
3568 1065 3716 1123 ἐστὶν

2055 1155 2188 1228 αὕτη
2242 1158 2636 1233 παραστατικὴ,
2689 1161 2795 1227 ποῦ
2844 1155 2902 1212 δὶ
2965 1157 3128 1214 πάλιν
3202 1158 3579 1235 φανερώσεως,
3619 1157 3710 1212 καὶ

2057 1245 2379 1324 ἒκφάνσεως,
2432 1247 2520 1301 καὶ
2580 1245 2905 1321 ἐκλάμψεως
2949 1251 3059 1303 τῶν
3125 1247 3302 1322 ὀρθῷν
3357 1244 3716 1322 παραχαράκ-

2056 1357 2144 1391 ται
2173 1336 2260 1390 καὶ
2296 1337 2441 1390 οὗτοι
2488 1333 2776 1411 δογμάτων
2832 1335 3132 1412 λογίζεται,
3163 1336 3255 1392 καὶ
3297 1342 3398 1407 τῆς
3455 1334 3718 1407 ἀληθείας

2059 1424 2249 1502 πόρρω
2302 1425 2612 1504 φερόμενοι,
2657 1426 2747 1480 καὶ
2805 1427 2952 1502 παρὰ
3008 1430 3168 1481 τοῦτο
3225 1426 3418 1500 μίσους
3464 1429 3544 1506 τῷ
3574 1420 3718 1493 8m,

2061 1514 2150 1571 καὶ
2207 1513 2556 1593 ἀποστροφῆς
2613 1512 2776 1585 ἄξιοι,
2832 1517 3016 1573 Ταῦτα
3065 1513 3239 1580 οὕτως
3307 1511 3448 1570 οἶδεν
3509 1512 3714 1583 ἄνωθεν

2063 1605 2099 1674 ἡ
2146 1608 2243 1658 τοῦ
2302 1607 2436 1658 Θεοῦ
2493 1602 2621 1678 ἁγία
2649 1604 2946 1675 Ἐκκλησία
2993 1610 3227 1683 φρονεῖν,
3262 1605 3404 1660 οὕτω
3456 1601 3721 1679 δογματί-

2069 1698 2201 1763 ζειν,
2258 1691 2401 1748 οὕτω
2459 1689 2750 1748 διδάσκειν
2813 1692 2984 1756 οὕτως
3044 1692 3342 1767 ὁμολογεῖν
3399 1696 3570 1747 ταῦτα
3626 1692 3720 1747 καὶ

2068 1783 2254 1856 ἡμεῖς,
2288 1778 2430 1836 οὕτω
2488 1787 2726 1859 φρονεῖν,
2785 1780 2927 1838 οὕτω
2983 1779 3351 1856 δογματίζειν,
3386 1779 3529 1837 οὕτω
3570 1777 3720 1836 διδά-

290 1866 350 1920 θι
379 1867 450 1922 ad
483 1867 640 1924 hunc
666 1869 821 1925 diem
846 1870 1159 1926 nobiscum
1191 1869 1322 1926 lites
1350 1875 1684 1928 exercentes
1706 1870 1754 1927 si
1799 1869 1952 1926 hunc

296 1954 618 1977 2.._.__I___-
680 1959 856 1977 m,_n,
911 1959 923 1970 ο
974 1959 998 1977 tl
1046 1959 1114 1977 _,'
1169 1963 1179 1977 ι
1242 1963 1252 1977 ι
1425 1976 1430 1977 ,
1491 1976 1494 1977 ,
1549 1965 1560 1977 ι
1805 1959 1910 1977 ’γικ

2071 1892 2238 1943 σκειν,
2300 1869 2472 1934 οὕτως
2555 1869 2854 1977 ὁμολογεῖν
2932 1871 3206 1940 ἀνέκαθεν,
3263 1869 3354 1925 καὶ
3425 1867 3478 1932 ἐς
3560 1866 3719 1943 δεῦρο

296 1954 356 2009 in
385 1957 627 2012 modum
679 1959 927 2030 professi
971 1959 1207 2029 fuerint,
1238 1963 1364 2015 tum
1410 1976 1508 2016 ore
1545 1965 1674 2016 tum
1705 1959 1945 2031 scripto,
1983 1954 2007 2010 ἦ

297 2044 512 2115 partim
545 2061 632 2116 ea,
665 2050 948 2119 tanquam
983 2051 1151 2103 rectae
1181 2049 1458 2103 doctrinas
1507 2064 1783 2114 consona,
1812 2063 1947 2103 exo-

297 2132 616 2206 sculantes,
650 2137 866 2207 partim
898 2140 963 2192 ut
994 2132 1740 2209 blasphema,anathemate
1769 2137 1947 2209 dicto,

297 2238 460 2294 teque
489 2239 556 2279 ac
589 2241 696 2280 nos
719 2226 1147 2297 adjudicantes,
1171 2227 1532 2282 eruntnobis
1557 2228 1630 2282 ab
1660 2227 1771 2283 hoc
1799 2230 1951 2282 tem-

299 2328 439 2383 pore
466 2313 674 2370 fratres
705 2314 989 2387 germani,
1015 2321 1281 2387 recteque
1311 2315 1650 2390 sentientes.
1683 2316 1801 2372 Nos
1835 2331 1952 2370 una

301 2416 437 2457 cum
471 2401 543 2458 iis
573 2403 823 2474 perfecte
869 2403 1296 2472 reconciliatos,
1327 2421 1509 2476 seque
1565 2421 1634 2459 ex
1681 2404 1855 2460 corde
1884 2419 1952 2459 ac

301 2491 542 2561 paciﬁca
565 2509 598 2547 a
626 2493 796 2548 nobis
817 2493 1089 2565 amplecti
1114 2493 1477 2565 persentient
1500 2510 1513 2550 :
1539 2493 1694 2564 quod
1720 2492 1769 2548 si
1793 2491 1950 2548 aliud

301 2577 420 2634 illis
449 2579 508 2636 in
540 2581 737 2638 animo
770 2583 967 2653 fuerit,
999 2583 1156 2655 quod
1187 2586 1338 2639 Deus
1385 2585 1623 2651 avertat,
1655 2597 1954 2655 nusquam

306 2685 496 2742 neque
523 2669 642 2727 ullo
672 2674 956 2744 tempore.

2057 1960 2184 2035 παρ’
2215 1957 2382 2028 αὐτῆς
2440 1953 2847 2033 παρελάϐομεν.
2897 1962 3082 2017 Ταῦτα
3135 1958 3224 2014 καὶ
3277 1960 3331 2013 οἱ
3392 1957 3557 2033 μέχρι
3615 1960 3716 2022 τῆς

2055 2053 2146 2105 νῦν
2207 2047 2586 2127 διαφερόμενοι
2663 2049 2802 2125 πρὸς
2858 2049 3028 2122 ἡμᾶς,
3085 2047 3131 2103 εί
3197 2047 3369 2110 οὕτως
3427 2045 3709 2122 ὁμολογή-

2057 2159 2222 2207 σαιεν,
2280 2139 2423 2211 ὁμοῦ
2483 2138 2600 2211 μὶν,
2656 2139 2744 2193 καὶ
2807 2139 2912 2198 ἀπὸ
2968 2136 3255 2210 στόματος,
3315 2137 3456 2211 ὁμοῦ
3513 2132 3573 2190 δὲ
3617 2134 3711 2189 καὶ

2059 2225 2149 2282 διὰ
2205 2225 2588 2302 Γραμμάτων’
2645 2226 2713 2282 τὰ
2769 2227 2862 2300 μὶν
2924 2225 3386 2304 ἔνστερνιζόμενοι
3443 2224 3518 2288 ὡς
3577 2224 3714 2300 ὀρθὰ

2062 2314 2341 2387 δηλονότι,
2375 2317 2444 2371 τὰ
2473 2314 2532 2372 δὲ
2579 2316 2652 2378 ὡς
2712 2314 3015 2393 βλάσφημα
3070 2321 3148 2388 τῷ
3195 2316 3490 2390 ἀναθέματι
3546 2333 3718 2389 παρα-

2061 2405 2388 2478 πέμποντες,
2447 2406 2739 2482 καθαπερεὶ
2816 2405 2906 2460 καὶ
2981 2407 3168 2479 ἡμεῖς,
3225 2406 3445 2480 γνήσιοι
3503 2401 3716 2458 ἔσονται

2061 2495 2198 2566 ἡμῖν
2241 2491 2306 2546 τὸ
2355 2493 2460 2546 ἀπὸ
2506 2489 2665 2547 τοῦδε
2707 2489 2958 2567 ἀδελφοὶ,
2988 2491 3078 2547 καὶ
3141 2487 3449 2568 ὀρθόδοξοιο
3480 2488 3571 2545 καὶ
3617 2488 3719 2557 τήν

2069 2581 2183 2654 μετ’
2213 2579 2388 2636 αὐτῶν
2437 2579 2626 2650 ἰντελῆ
2676 2578 3055 2657 καταλλαγὴν,
3101 2578 3191 2635 καὶ
3241 2578 3462 2655 εἰρήνην
3509 2575 3715 2649 ἕξουσιν

2066 2669 2172 2724 ἀπὸ
2227 2665 2452 2743 καρδίας
2509 2669 2917 2743 ἀσπαζομένους
2975 2671 3146 2744 ἡμᾶς’
3201 2667 3247 2724 εἰ
3307 2665 3365 2723 δὲ
3423 2667 3524 2742 μή,
3585 2665 3718 2741 ὅπερ

2071 2759 2286 2832 μήποτε
2314 2757 2548 2834 γίνοιτο,
2582 2754 2801 2833 οὐδαμῆ
2841 2755 3124 2835 οὐδαμῶς.

1648 3122 1810 3172 ANNO
1850 3122 2063 3172 DOMIKI
2103 3122 2352 3172 καχογι.

1505 3290 2510 3472 NICOLAUS

745 3564 1300 3629 METHONENSIS
1343 3566 1423 3628 IN
1465 3566 2040 3652 PELOPONNESO
2082 3565 2508 3630 EPISCOPUS
2552 3565 2654 3627 ET
2698 3559 3281 3650 METBOPOLITA.

1756 3897 2268 3989 NOTITIA.

1396 4070 1651 4143 (FABRIG.
1682 4069 1943 4128 Biblioth.
1975 4072 2072 4127 Gr.
2101 4072 2248 4127 tom.
2279 4067 2376 4138 VI,
2408 4083 2467 4140 p.
2493 4066 2648 4137 294.)

381 4423 677 4492 Nicolaus,
710 4422 1114 4482 Methoncnsis
1145 4424 1204 4480 in
1237 4424 1637 4498 Peloponneso
1659 4425 1971 4498 episcopus
1991 4426 2051 4480 et
2070 4419 2725 4495 metropolita,multum
2743 4417 2921 4476 Mich.
2952 4415 3248 4475 Cerulario
3267 4415 3641 4488 recentior,et
3657 4415 3730 4472 ad

311 4513 732 4570 duodecimum
764 4513 1108 4570 referendus
1138 4513 1440 4584 saeculum,
1472 4530 1580 4570 nec
1619 4512 2073 4570 confundenda
2125 4528 2260 4568 cum
2306 4509 2544 4568 Nicolao
2575 4507 2845 4587 cabasila
2874 4507 2948 4580 (α)
2969 4507 3148 4579 plura
3175 4505 3733 4580 scripsitadvcrws

312 4601 572 4674 Latinos,
607 4601 927 4657 maximam
962 4606 1187 4674 partem
1220 4601 1443 4658 inedita
1472 4602 1664 4658 adhuc
1689 4617 1702 4655 :
1738 4600 1956 4656 librum
1990 4601 2248 4672 primum
2280 4601 2356 4657 De
2383 4601 2632 4673 primatu
2657 4612 2820 4672 papa
2847 4597 2988 4660 citat
3016 4596 3140 4654 Nic.
3167 4594 3731 4671 Gomnsnus,p.366,

314 4694 556 4761 praenot.
589 4693 910 4763 Mystagog.
943 4688 1160 4746 librum
1213 4689 1563 4758 secundum,
1598 4689 1800 4746 Contra
1828 4692 2072 4762 Latinos,
2121 4707 2179 4763 p.
2228 4690 2354 4747 356.
2385 4689 2666 4763 Ejusdem
2715 4686 3076 4764 Syllogismos
3129 4685 3196 4741 de
3240 4685 3584 4758 processione
3611 4683 3735 4756 Spi-

313 4781 458 4835 ritus
485 4781 686 4847 sancti,
721 4796 974 4852 quorum
1006 4779 1282 4834 initium:
1313 4773 1686 4851 Ὦμολόγηται
1737 4776 1820 4832 ὅτι
1865 4776 1952 4832 καὶ

2059 4791 2112 4848 ιη
2141 4780 2176 4848 ἡ
2211 4777 2414 4853 Θειίτης
2472 4777 2642 4850 μονάς
2671 4773 2783 4832 ἐστι
2830 4775 2921 4830 καὶ
2965 4773 3029 4830 τὸ
3075 4769 3153 4830 ἓν.
3182 4775 3255 4830 Et
3282 4773 3528 4830 alterum
3572 4772 3732 4845 quod

312 4868 556 4942 incipit:
593 4869 800 4942 Ἐχρῆν
838 4867 932 4940 μὲν
969 4864 1098 4938 μηδ’
1132 4863 1525 4940 ἀπολογεῖσθαι
1550 4871 1668 4928 τοῖς
1716 4866 1859 4921 οὕτω
1907 4888 1952 4922 κι

2062 4868 2264 4946 φώνοις
2305 4867 2396 4923 καὶ
2445 4865 2837 4928 καινοπίστοις.
2868 4865 2985 4922 Nec
3041 4881 3158 4921 non
3217 4863 3456 4920 tertium
3490 4867 3570 4919 De
3597 4878 3733 4934 azy-

313 4959 421 5013 mis
452 4957 735 5015 evolvisse
765 4974 828 5013 se
857 4959 1110 5012 testatur
1145 4954 1412 5028 Allatius,
1443 4956 1546 5012 lib.
1580 4974 1644 5024 II,
1677 4973 1727 5014 ο.
1763 4959 1850 5028 10,
1882 4958 1952 5014 De

2059 4973 2267 5025 zsensu,
2295 4956 2403 5030 §2,
2428 4972 2558 5029 pag.
2589 4956 2715 5024 627,
2741 4956 2912 5026 cujus
2941 4953 3181 5012 initium
3207 4967 3220 5009 :
3244 4951 3352 5008 Τὸν
3386 4949 3482 5024 μὲν
3515 4952 3732 5028 πρῶτον

315 5043 478 5122 λόγον
520 5045 895 5119 ἐποιησάμην,
926 5044 972 5097 ὦ
1003 5040 1346 5121 Λατινόφιλε,
1378 5044 1516 5119 πρὸς
1575 5046 1652 5102 σὲ.
1710 5047 1882 5102 Aliud
1941 5065 1952 5101 ε

2060 5051 2230 5120 ptum
2258 5048 2332 5104 De
2387 5047 2736 5123 processimus
2763 5043 3005 5115 Spiritus
3048 5042 3232 5098 sancti
3259 5040 3416 5120 idem
3447 5050 3731 5114 memorat

317 5139 474 5208 quod
517 5135 761 5206 incipit:
822 5131 1052 5187 Βασιλεῦ
1113 5131 1350 5207 οὐράνιε,
1407 5128 1750 5209 Παράκλητί
1788 5135 1952 5210 ἀγαθὲ

2059 5137 2126 5193 ed
2183 5135 2330 5213 illud
2382 5133 2608 5207 juniori
2667 5133 2902 5213 cuidam
2957 5126 3227 5202 Νικολάῳ
3294 5127 3570 5204 λάμψαντι
3624 5130 3727 5196 νὲῳ

317 5225 587 5294 Μεθώνης
621 5224 997 5279 tribuendum
1031 5224 1385 5293 suspicatur,
1414 5226 1513 5296 qui
1547 5225 1852 5297 scripserit
1882 5229 2015 5298 post
2042 5226 2435 5302 Nicephorum
2465 5223 2891 5296 Blemmydam.
2911 5223 2974 5279 In
3004 5220 3432 5278 bibl.Bavarica
3453 5214 3731 5276 asservati

317 5316 459 5370 sunt
505 5316 717 5384 praeter
771 5310 988 5367 librum
1046 5313 1123 5368 De
1179 5316 1521 5384 processione
1573 5314 1819 5386 Spiritus
1864 5315 2049 5371 sancti
2106 5312 2631 5389 Graeco-Latinum,
2684 5311 2836 5386 liber
2894 5313 2969 5368 De
3021 5317 3212 5366 sancta
3265 5309 3628 5367 Eucharisiia
3674 5307 3738 5363 in

311 5418 457 5476 pane
484 5403 808 5473 fermentata
838 5401 1222 5472 conﬁcienda:
1252 5433 1322 5445 —-
1379 5403 1528 5461 liber
1584 5405 1660 5460 De
1707 5404 1931 5476 jejunio
1975 5404 2302 5462 Latinorum
2339 5403 2399 5460 in
2456 5403 2709 5474 Sabbato,
2758 5403 2810 5460 ct
2862 5400 2928 5460 de
2961 5399 3316 5479 sacerdotum
3370 5398 3649 5470 corpjugio,
3689 5400 3742 5455 et

317 5490 459 5561 quod
513 5492 576 5546 in
628 5489 1058 5562 Quadragesima
1109 5508 1226 5546 non
1279 5494 1353 5548 sit
1407 5495 1648 5565 per/ecta
1676 5493 1840 5548 Missa
1891 5492 2235 5549 celebranda.
2271 5494 2336 5550 In
2385 5493 2592 5551 eadem
2641 5489 2784 5560 bibl.
2814 5493 2991 5562 atque
3045 5487 3107 5545 in
3167 5487 3300 5546 aliis
3347 5487 3517 5544 obvia
3555 5485 3741 5558 hujus

318 5579 544 5636 Nicolai
568 5579 836 5638 Discussio
880 5581 1201 5654 theologicae
1245 5582 1616 5642 institutionis
1661 5582 1870 5652 Proeti,
1904 5581 2188 5640 Platonici
2217 5581 2574 5656 philosOphi.
2621 5580 2708 5660 Es
2758 5579 2984 5652 scripto
3011 5578 3086 5644 De
3112 5577 3456 5652 processimus
3494 5575 3742 5651 Spiritus

393 5723 470 5804 (α)
499 5721 674 5808 AW.
707 5726 780 5788 De
799 5743 1094 5815 ροηξεηξμρ
1123 5743 1252 5812 με·
1285 5725 1394 5814 .358
1418 5727 1634 5813 “.554-
