4130 6370
398 391 518 452 509
1361 389 1465 451 DE
1509 389 1874 451 CORPORE
1919 390 2018 450 ET
2066 389 2462 454 SANGUINE
2505 391 2847 454 CHRISTI.
3699 387 3824 447 510

396 524 579 582 sancti
622 522 804 595 petita
834 524 1063 580 videtur
1091 524 1218 595 ejus
1250 519 1520 596 ΘεοΛογία
1547 522 1672 594 περὶ
1700 527 1800 591 τῆς
1834 520 2012 597 ἁγίαις
2042 526 2055 574 Ἷ

2163 518 2269 582 ἱδος
2330 524 2452 581 sive
2509 526 2908 598 fragmentum
2957 524 3033 580 De
3087 521 3184 579 SS.
3226 523 3498 578 Trinitate
3555 520 3617 576 in
3673 519 3816 575 bibl.

399 613 687 681 Gazsarea,
721 611 930 684 incipit
955 629 968 668 :
997 612 1096 673 Τίς
1125 611 1273 673 ὅλως
1307 612 1602 686 ἀνάσχοιτο
1631 614 1740 664 τῶν
1768 608 1819 664 ἐν
1853 610 2055 685 Χριστιι

2163 614 2198 671 ῖς
2253 609 2559 666 τελούντων
2618 610 2704 666 ἐπὶ
2764 617 2864 681 τῆς
2923 609 3082 685 ἁγίας
3137 607 3371 684 Τριάδος
3433 605 3528 662 δύο
3587 607 3822 682 εἰσάγειν

397 698 566 756 α’ίτια.
617 701 938 758 Orationem
969 711 1163 758 contra
1183 707 1583 774 trangressores
1614 701 1754 771 legis
1781 700 1992 757 divinae
2020 700 2160 756 citet
2188 700 2313 756 Nic.
2347 705 2699 768 Comnenus,
2730 719 2863 774 pag.
2909 701 3030 757 166.
3083 704 3145 756 In
3191 697 3415 756 Nicolai
3466 695 3821 770 Hydruntini

400 789 642 862 scriptis
672 790 865 845 'multa
889 791 960 845 ad
983 792 1224 846 verbum
1251 809 1318 847 ex
1339 791 1702 848 Methonensi
1728 789 1976 862 repetita
1997 795 2053 845 et
2074 806 2348 862 expressa
2368 791 2608 862 reperiri
2631 791 2856 846 notavit
2875 789 3128 846 Allatius
3151 789 3219 844 de
3266 804 3581 857 consensu,
3627 803 3680 858 p.
3714 785 3821 840 705

403 886 462 937 et
491 881 621 936 627.
657 879 893 935 Editum
925 879 1106 951 hujus
1161 881 1563 938 Methoncnsis
1623 879 1818 936 nescio
1876 897 1948 936 an
2014 879 2174 935 aliud
2235 880 2562 954 quidquam
2615 885 2803 936 exstat
2859 896 3036 952 quam
3095 880 3265 935 breve
3327 877 3612 950 scriptum
3674 873 3820 948 Πρὸς

399 966 529 1031 τοὺς
559 965 900 1036 διστάζοντας
928 969 1019 1022 καὶ
1062 967 1324 1043 λέγοντας
1372 967 1454 1023 ὅτι
1486 969 1514 1023 ὁ
1548 966 2022 1044 ἱερουργούμενος,
2070 963 2231 1040 ἄρτος
2279 967 2368 1021 καὶ
2416 969 2562 1030 οἶνος
2616 968 2715 1022 οὑκ
2764 962 2875 1021 ἔστι
2927 971 3086 1040 σῶμα
3128 963 3225 1020 ’καὶ
3274 967 3412 1037 αἷμα
3465 967 3562 1018 τοῦ
3621 961 3820 1038 Κυρίου

398 1059 560 1131 ἡμῶν
593 1057 773 1127 Ἰησοῦ
805 1057 1066 1132 Χριστοῦ,
1096 1060 1172 1116 De
1199 1075 1427 1131 corpore
1453 1068 1506 1115 et
1535 1059 1810 1125 sanguine
1862 1057 2055 1114 σὴνίδιι

2163 1057 2378 1114 dvorsus
2425 1074 2512 1115 eos
2569 1059 2666 1130 qui
2703 1058 2956 1113 dubitant
3013 1075 3086 1113 an
3136 1059 3490 1114 consecratus
3544 1057 3714 1127 panis
3766 1059 3822 1109 et

399 1148 592 1202 vinum
620 1147 732 1204 sint
753 1162 955 1222 corpus
984 1155 1036 1203 et
1063 1151 1295 1218 sanguis
1323 1148 1569 1205 Domini.
1621 1147 1819 1203 Graece
1875 1162 2010 1202 cum
2059 1145 2336 1218 Liturgiis
2386 1146 2482 1203 SS.
2531 1145 2755 1216 Jacobi,
2804 1145 3006 1202 Basilii
3062 1149 3120 1202 et
3169 1141 3572 1217 Chrysostomi
3628 1141 3814 1198 Paris.

395 1236 556 1300 1560,
614 1234 812 1292 in-fol.
876 1253 932 1309 p.
993 1237 1284 1306 129-133;
1343 1236 1550 1293 Latine
1607 1236 1668 1291 in
1728 1234 2010 1308 Liturgiis
2054 1233 2278 1291 Claudii
2342 1238 2413 1291 de
2465 1235 2732 1291 Sainctes
2789 1240 3096 1306 Antwerp.
3161 1235 3321 1300 1562,
3381 1235 3437 1300 8,
3499 1238 3632 1305 pag.
3705 1230 3814 1284 77;
3892 1252 3897 1258 -

395 1327 568 1395 atque
626 1323 686 1380 in
745 1323 1122 1382 Bibliothecis
1177 1326 1417 1382 Patrum
1476 1328 1541 1381 ut
1599 1324 2001 1396 Lugdunensi,
2053 1326 2197 1380 tom.
2252 1323 2444 1393 XXIII,
2498 1341 2632 1398 pag.
2689 1324 2833 1393 634;
2884 1328 3010 1380 tum
3065 1325 3257 1380 Graece
3341 1339 3408 1379 ac
3480 1321 3680 1378 Latine
3755 1319 3814 1374 in

390 1412 670 1469 Auctario
727 1413 1036 1482 Ducaeano,
1098 1419 1241 1470 tom.
1301 1415 1375 1483 lI,
1434 1429 1564 1487 pag.
1627 1414 1754 1484 372,
1808 1417 1865 1469 et
1917 1411 1979 1468 in
2036 1412 2379 1470 Bibliotheca
2436 1414 2668 1469 Patrum
2719 1412 3068 1482 Morelliana,
3123 1410 3308 1468 Paris.
3399 1411 3564 1479 4644,
3649 1409 3813 1476 1654,

390 1503 537 1558 tom.
569 1501 694 1558 XII.
728 1518 864 1558 nan.
895 1503 1165 1558 516-520.

421 1517 537 1558 om.
569 1503 694 1571 XII,
728 1518 864 1575 pag.
895 1503 1165 1559 516-520.

1491 1782 2727 1957 ΝΙΚΟΛΑΟΥ

712 2073 964 2171 ΤΟΥ
1027 2077 2034 2182 ΜΑΚΑΡΙΩΤΑΤΟΥ
2092 2077 2832 2176 ΕΠΙΣΚΟΠΟΥ
2889 2070 3504 2170 ΜΕΘΩΝΗΣ

501 2276 682 2333 ΠΡΟΣ
732 2277 906 2333 ΤΟΥΣ
957 2279 1462 2348 ΔΙΣΤΑΖΟΝΤΑΣ,
1519 2282 1630 2336 ΚΑΙ
1683 2280 2055 2354 ΛΕΓΟΝΤᾼΣ
2101 2280 2219 2336 ΟΤΙ
2272 2282 2311 2331 Ο
2352 2276 2976 2336 ΙΕΡΟΥΡΓΟΥΜΕΝΟΣ
3030 2273 3250 2331 ΑΡΤΟΣ
3308 2273 3428 2330 ΚΑΙ
3485 2270 3697 2327 ΟΙΝΟΣ

1008 2367 1145 2424 ΟΥΚ
1197 2371 1352 2423 ΕΣΤΙ
1384 2372 1577 2424 ΣΩΜΔ
1607 2371 1724 2426 ΚΑΙ
1755 2370 1926 2426 ΑΙΜΑ
1970 2370 2105 2426 ΤΟΥ
2151 2371 2390 2422 ΚΥΡΙοΥ
2420 2369 2623 2424 ΗΜΩΝ
2654 2367 2868 2423 ΙΗΣΟΥ
2896 2366 3206 2421 ΧΡΙΣΤΟΥ.

1693 2689 2520 2860 NICOLAI

1048 2965 1680 3068 BEATISSIMI
1737 2970 2253 3064 EPISCOPI
2306 2964 3147 3072 METHONENSIS,

399 3144 488 3201 AD
541 3143 679 3208 EOS
737 3144 856 3220 QUI
909 3144 1310 3216 HszSITANT,
1370 3148 1720 3220 AIUNTQUE
1777 3151 2272 3226 CONSECRATUM
2313 3153 2560 3210 PANEM
2612 3151 2699 3206 ET
2750 3147 2960 3207 VINUM
3005 3145 3152 3206 NON
3191 3143 3364 3200 ESSE
3421 3138 3682 3200 COBPUS
3735 3137 3816 3196 ΕἸ

1384 3237 1560 3296 SANG
1567 3239 1782 3316 omni!
1807 3241 2052 3318 00mm
2071 3241 2202 3314 nos
2211 3243 2319 3300 TR!
2337 3241 2516 3314 sese
2535 3239 2822 3298 CHRISTI.

472 3526 592 3613 Ti)?
625 3525 890 3613 μυστικὴν
942 3523 1142 3596 ταύτην
1196 3525 1290 3582 καὶ
1342 3525 1670 3605 ἀναίμακτον
1721 3530 2048 3609 ἱερουργίαν,

2238 3536 2312 3608 (1)
2337 3534 2644 3609 Mysticam
2663 3531 2817 3588 hanc
2839 3528 3276 3586 etincruentam
3297 3521 3821 3588 consecrationem,

403 3614 523 3678 καθ’
564 3612 631 3684 ἢν
680 3614 772 3670 τὸν
825 3611 984 3690 ἄρτον
1033 3613 1126 3671 καὶ
1171 3616 1235 3671 τὸ
1273 3618 1541 3694 ποτήριον
1599 3621 2053 3697 καθαγιαζόμενα,

2166 3641 2284 3698 qua
2313 3640 2528 3698 panem
2571 3626 2628 3680 et
2671 3619 2914 3678 calicem
2962 3618 3338 3674 consecratos
3387 3612 3449 3669 in
3499 3626 3714 3683 corpus
3765 3615 3824 3668 et

406 3703 484 3768 εἰς
531 3704 596 3758 τὸ
655 3706 815 3777 σῶμα
869 3703 961 3760 καὶ
1018 3703 1153 3777 αἷμα
1206 3709 1309 3761 τοῦ
1383 3707 1588 3784 Κυρίου
1648 3712 2054 3783 μεταποιεῖσθαι

2167 3714 2519 3787 sanguinem
2550 3709 2784 3770 Domini
2831 3704 3218 3764 transmutari
3265 3700 3586 3768 credimus,
3618 3716 3653 3755 a
3683 3715 3823 3772 quo-

397 3791 750 3866 πιστεύομεν,
795 3792 944 3868 παρᾶ
995 3791 1148 3858 τίνος
1201 3791 1262 3852 ἂν
1297 3795 1397 3865 τὴν
1439 3796 1618 3873 ἀρχὴν
1669 3798 1835 3877 φαίης
1888 3797 2057 3874 δοθῆ-

396 3899 532 3951 ναι;
585 3882 709 3955 Ἆρ’
761 3879 891 3956 οΰχὶ
937 3883 1064 3957 παρ’
1113 3881 1421 3949 αὐτοῦτοῦ
1468 3889 1601 3942 Θεοῦ
1647 3889 1738 3943 καὶ
1791 3891 2057 3961 Σωτῆρος

398 3972 558 4045 ἡμῶν
619 3971 803 4042 Ἰησοῦ
858 3971 1117 4045 Χριστοῦ,
1176 3973 1358 4037 καθὼς
1417 3975 1567 4047 ἡμᾶς
1613 3977 1683 4031 τὰ
1729 3976 1849 4052 ἰερὰ
1900 3973 2055 4044 διδάτ

403 4077 620 4113 σκουσιν
678 4055 1037 4134 Εὖαγγέλιας
1095 4061 1233 4136 Παρ⁹
1297 4058 1462 4117 αὐτοῦ
1519 4062 1758 4129 πάντως.
1809 4065 1938 4127 Οἶος
1998 4063 2057 4120 δὲ

396 4146 489 4201 καὶ
520 4146 549 4202 ὁ
582 4143 750 4223 λόγος
798 4152 900 4216 τῆς
951 4145 1306 4224 παραδόσεως
1337 4167 1354 4219 ;
1404 4154 1574 4209 Τοῦτο
1603 4157 1834 4226 ποιεῖτε,
1866 4153 2053 4232 φησὶν,

399 4235 479 4298 εἰς
533 4237 632 4307 τὴν
686 4235 832 4310 ἐμὴν
921 4236 1223 4310 ἀνάμνησιν
1257 4256 1272 4272 ο
1355 4238 1446 4300 καὶ
1498 4240 1532 4308 ,ὁ
1585 4242 1732 4312 ¹θεῖος
1787 4239 2052 4306 Παῦλοςο

400 4323 622 4388 Ὁσάκις
709 4325 813 4399 γὰρ
887 4323 952 4386 ,ἂν
1023 4323 1236 4397 ἐσθίητε
1307 4327 1401 4383 τὸν
1477 4325 1640 4405 ἄρτον
1693 4333 1908 4400 τοῦτον,
1964 4330 2054 4386 καὶ

397 4414 463 4469 τὸ
518 4415 785 4490 ποτήριον
839 4417 1000 4474 τοῦτο
1073 4413 1292 4487 πίνητε,
1359 4415 1458 4474 ,τὸν
1519 4419 1740 4482 θάνατον
1791 4423 1890 4489 τοῦ
1945 4425 2056 4478 Κυ-

404 4501 526 4579 ρίου
602 4489 1017 4577 καταγγὲλλετε.
1114 4504 1240 4567 Ηῶς
1322 4503 1412 4561 καὶ
1469 4504 1590 4564 τίνα
1641 4489 1868 4583 τρόπον,
1927 4509 2056 4586 παρ’

401 4590 568 4647 αὐτοῦ
631 4592 730 4653 τοῦ
781 4596 1044 4663 Σωτῆρος
1097 4589 1396 4672 ἐμάθομεν.
1455 4589 1651 4653 Λαϐὼν
1709 4599 1838 4673 γὰρ,
1896 4596 2052 4675 φησὶ,

399 4679 493 4736 τὸν
547 4680 728 4754 ἄρτον,
807 4679 898 4735 καὶ
972 4678 1393 4757 εὐχαριστήσας,
1462 4679 1680 4757 ἔκλασε,
1756 4686 1846 4744 καὶ
1915 4683 2055 4744 ἔδω-

406 4787 471 4829 κε
545 4772 666 4831 τοῖς
750 4773 1044 4841 μαθηταῖς,
1119 4769 1210 4824 καὶ
1289 4770 1404 4833 εἶπε
1436 4791 1449 4804 ·
1527 4769 1754 4848 Λάϐετε,
1834 4779 2050 4853 φάγετε,

403 4855 567 4912 τοῦτό
593 4854 709 4918 ,ἐστι
760 4856 828 4917 ,τὸ
885 4856 1047 4929 σῶμά
1100 4877 1213 4930 ,μου
1269 4857 1330 4912 τὸ
1392 4859 1522 4935 ὑπὲρ
1570 4860 1723 4936 ὐμῶν
1767 4862 2054 4937 κλώμενον

401 4943 496 5000 καὶ
553 4940 839 5018 διδόμενον
871 4964 884 4978 ·
953 4944 1222 5011 ,ὡσαύτως
1299 4947 1391 5012 καὶ
1456 4949 1518 5008 τὸ
1575 4937 1865 5028 ποτήριον,
1923 4953 2059 5026 μετὰ

400 5033 465 5088 τὸ
519 5029 828 5107 δειπνῆσαι,
888 5028 1084 5110 λέγων.
1145 5037 1314 5096 Τοῦτο
1365 5036 1427 5099 τὸ
1481 5041 1840 5115 ποτήριον,ἡ
1893 5042 2053 5112 καινὴ

401 5119 636 5195 διαθήκη
695 5121 836 5190 ἐστὶν
899 5121 950 5178 ἰν
1008 5125 1089 5195 τῷ
1117 5118 1312 5197 αἵματί
1365 5146 1494 5199 μου.
1537 5128 1738 5191 Ταύτὸν
1787 5127 1848 5190 δὲ
1887 5129 2057 5190 εἰπεῖν

401 5212 540 5275 κατὰ
567 5214 658 5277 τὸν
715 5214 856 5294 θεῖον
903 5213 1209 5294 Ματθριῖον.
1268 5203 1445 5280 Τοῦτό
1504 5216 1614 5274 ἐστι
1663 5220 1726 5276 τὸ
1779 5219 1919 5294 ,αἷμά
1951 5241 2057 5294 μου

395 5300 463 5357 τὸ
518 5303 619 5369 τῆς
676 5291 872 5383 καινῆς
930 5291 1220 5380 Statilium.
1277 5303 1351 5368 ,τὸ
1409 5304 1542 5381 ὁπὶρ
1595 5309 1757 5382 ,ὑμῶν
1825 5291 2056 5384 ἶκχυνό-

2167 3819 2306 3864 nam
2338 3801 2696 3875 principium
2729 3795 3027 3870 accepisse
3075 3792 3286 3851 dicas?
3327 3805 3528 3871 nonne
3571 3788 3644 3844 ab
3691 3788 3823 3860 ipso

2165 3892 2283 3949 Deo
2315 3895 2374 3948 et
2402 3892 2709 3948 Servatore
2738 3890 2939 3944 nostro
2969 3885 3112 3942 Jesu
3140 3881 3398 3949 Christo,
3429 3878 3823 3951 quemadmo-

2167 3983 2309 4037 dum
2338 3997 2447 4037 nos
2470 3995 2640 4036 sacra
2669 3977 2880 4033 docent
2907 3967 3268 4044 Evangelia?
3308 3968 3559 4026 Prorsus
3607 3965 3681 4022 ab
3729 3980 3820 4022 eo.

2154 4060 2306 4135 'Quis
2331 4083 2466 4125 vere
2485 4066 2587 4122 ille
2607 4069 2698 4122 est
2719 4079 2934 4132 sermo,
2957 4077 3074 4132 quo
3095 4059 3155 4116 id
3177 4057 3434 4115 traditur
3452 4055 3480 4112 ‘I
3509 4056 3622 4114 Hoc
3633 4055 3821 4127 facite,

2162 4157 2376 4230 inquit,
2400 4158 2461 4212 in
2478 4170 2661 4212 meam
2691 4146 3307 4211 commemorationemI
3338 4146 3407 4201 Et
3433 4148 3499 4202 D.
3559 4141 3818 4230 Paulus:

2165 4229 2601 4314 Quotiescunque
2625 4241 2777 4296 enim
2804 4236 3083 4295 comeditis
3107 4249 3311 4308 panem
3359 4231 3528 4299 hanc,
3576 4237 3632 4286 et
3675 4229 3823 4311 cali-

2161 4349 2284 4392 cem
2310 4333 2458 4388 hunc
2489 4330 2700 4398 bibitis,
2729 4331 2960 4384 mortem
2990 4324 3218 4382 Domini
3240 4319 3593 4378 annuntiatis
3619 4319 3661 4374 ³.
3694 4318 3820 4383 Quo

2166 4421 2362 4489 modo,
2393 4435 2629 4493 quoque
2659 4417 2801 4484 ritu,
2829 4416 2900 4472 ab
2951 4415 3078 4486 ipso
3128 4414 3430 4470 Servatore
3476 4407 3819 4466 didicimus.

2163 4511 2446 4583 Accipiens
2493 4509 2664 4574 enim,
2721 4505 2938 4578 inquit,
2982 4519 3200 4576 panem,
3252 4509 3304 4557 et
3357 4500 3576 4574 gratias
3623 4514 3820 4570 agens,

2161 4601 2348 4672 fregit,
2377 4615 2442 4654 ac
2470 4598 2620 4654 dedit
2647 4596 2961 4667 discipulis,
2995 4597 3046 4652 et
3073 4593 3155 4654 ait
3184 4608 3198 4647 :
3229 4591 3502 4662 Accipite,
3531 4587 3820 4653 comedite.

2164 4691 2271 4746 Hoc
2298 4693 2380 4745 est
2416 4703 2617 4759 corpus
2672 4700 2857 4741 meum
2897 4681 3042 4755 quod
3092 4695 3190 4753 pro
3227 4680 3378 4735 vobis
3433 4679 3725 4749 frangitur
3768 4683 3826 4732 et

2155 4779 2444 4835 traditur:
2491 4776 2757 4832 similiter
2812 4777 2864 4830 et
2918 4772 3167 4839 calicem,
3221 4777 3516 4841 postquam
3561 4767 3824 4837 coenavit,

2163 4869 2398 4924 dicens:
2442 4868 2538 4923 Hic
2581 4866 2733 4921 calix
2767 4878 2969 4926 novum
3015 4862 3400 4916 testamentum
3451 4861 3530 4913 est
3589 4857 3652 4911 in
3705 4871 3825 4912 meo

2163 4959 2434 5028 sanguine
2451 4957 2492 5008 ³.
2526 4955 2587 5010 ld
2621 4957 2822 5009 autem
2853 4951 3009 5005 idem
3041 4955 3130 5004 est
3159 4948 3312 5017 quod
3343 4951 3401 5002 et
3451 4945 3629 5000 divus
3676 4947 3825 5000 Mat-

2168 5045 2358 5102 thaeus
2381 5043 2576 5116 inquit
2604 5057 2617 5096 :
2642 5043 2740 5098 Hic
2758 5043 2840 5102 est
2874 5037 3102 5110 sanguis
3134 5051 3286 5092 meus
3326 5036 3456 5092 novi
3483 5033 3821 5101 testamenti,

2167 5136 2267 5207 qui
2286 5151 2390 5206 pro
2415 5133 2562 5194 vobis
2584 5129 2891 5203 effunditur
2904 5129 2950 5183 ιδ.
2985 5127 3126 5195 Quis
3156 5141 3290 5182 vero
3320 5136 3535 5196 scopus
3568 5137 3636 5178 ac
3684 5120 3824 5177 ﬁnis

2167 5223 2349 5294 hujus
2394 5217 2774 5278 traditionis?
2829 5216 2977 5282 Quid
3024 5214 3183 5271 aliud
3234 5230 3413 5286 quam
3455 5208 3825 5285 participatio

2164 5311 2401 5381 Christi,
2433 5315 2492 5368 et
2521 5310 2642 5370 vita
2669 5308 2730 5362 in
2761 5305 2992 5364 Christo
3022 5303 3503 5378 partioipantium
3563 5297 3828 5358 aeterna?

474 5430 493 5466 ⁸
528 5428 551 5486 Ι
578 5429 707 5488 Cor.
737 5445 818 5502 xI,
851 5429 946 5484 25.
1027 5426 1220 5504 I‘ibid.
1255 5429 1344 5506 26.
1419 5433 1444 5467 ³
1467 5433 1622 5510 Ibid.
1653 5436 1746 5508 24,
1775 5436 1868 5500 25.
1942 5437 1966 5472 ⁴
1991 5438 2055 5492 Ma

2163 5456 2194 5494 ι.
2225 5454 2380 5510 xxvi,
2413 5437 2506 5493 28.

477 5554 556 5639 (1)
583 5557 709 5614 Non
735 5555 1002 5639 te‘lateat
1029 5553 1229 5628 lector,
1259 5555 1564 5639 Nicolaum
1613 5561 2060 5639 Methonensem
2170 5558 2862 5639 otatusdeprocessione
2903 5554 3162 5639 SQiritus
3208 5558 3394 5638 sancti
3429 5573 3463 5639 ᾳ
3492 5555 3616 5614 solo
3657 5555 3828 5639 Patre

399 5627 752 5712 ερίεοοριιεο
781 5631 1049 5712 Grecam
1079 5627 1329 5712 6895.96
1357 5631 1827 5712 Schismaticum.
1853 5635 2062 5712 Eccle-
2166 5635 2232 5712 .in
2261 5627 2620 5712 δίιφμοιᾷερα
2674 5627 3004 5712 Vettios“)-
3061 5627 3346 5712 stcirca
3402 5629 3828 5712 οίερμωβρβοδθ

405 5697 628 5772 linque
684 5697 962 5759 Romanae
987 5697 1376 5773 ‘perduellem
1401 5697 1636 5779 {huius
1681 5697 1894 5767 ‘exiatat
1935 5703 2057 5767 tre-

2166 5699 2570 5781 legendus,"et
2595 5701 2990 5778 separandum
3019 5699 3345 5772 pretiosum
3378 5718 3412 5758 ο,
3440 5701 3561 5787 vili.
