4130 6402
339 359 452 419 511
1395 365 1709 427 NICOLAI
1754 364 2312 426 METHONENSIS
2357 364 2708 426 EPISCOPI
3637 365 3759 422 512

348 487 410 542 Si
439 491 559 560 quis
585 492 756 555 enim,
788 490 1003 562 inquit,
1042 493 1337 550 comederit
1395 511 1463 551 ea:
1503 495 1598 551 hoc
1636 511 1803 567 pane,
1849 497 1992 550 vivet

2119 513 2290 552 ιενον.
2319 494 2381 550 Ὁ
2413 490 2470 548 δὶ
2528 493 2728 555 σκοπὸς
2775 493 2880 566 τίς,
2924 492 3015 547 καὶ
3062 492 3125 547 τὸ
3161 488 3322 553 τέλος
3369 495 3470 559 τῆς
3519 488 3758 566 παραδό-

344 576 403 630 in
435 581 708 632 aeternum
729 579 749 610 ⁵
774 596 787 644 ;
820 584 915 634 ct:
951 583 1121 636 Panis
1150 590 1335 637 autem
1365 599 1526 652 quem
1558 599 1652 653 ego
1673 583 1832 652 dabo,
1869 598 1995 637 caro

2119 601 2286 651 ςεως;
2347 583 2414 639 Τί
2456 580 2618 652 ἄλλο,
2669 579 2704 650 ἤ
2760 581 3017 654 μετουσία
3071 582 3330 656 Χριστοῦ,
3380 580 3470 634 καὶ
3527 581 3638 652 ξωή
3699 579 3756 636 ἐν

343 681 467 718 mea
497 671 598 731 est,
626 683 792 737 quam
819 684 914 737 ego
944 671 1079 724 dabo
1123 688 1223 742 pro
1252 673 1446 726 mundi
1487 675 1604 727 vita
1624 673 1672 738 6;
1725 676 1817 726 et:
1874 673 1997 727 Nisi

343 753 685 810 manducetis
716 772 943 811 carnem
975 760 1105 813 Filii
1133 761 1393 831 hominis,
1427 768 1479 816 et
1500 761 1696 816 bibatis
1721 762 1836 826 eius
1864 777 1994 815 san-

343 844 590 912 guinem,
625 861 730 899 non
755 846 972 901 habetis
999 850 1170 903 vitam
1201 851 1263 904 in
1320 851 1469 905 vobis
1498 870 1516 904 :
1559 835 1657 921 qui
1699 849 1997 905 manducat

346 946 528 986 meam
585 949 806 989 carnem
861 945 911 990 et
970 937 1105 992 bibit
1160 955 1342 993 meum
1401 941 1750 1011 sanguinem,
1836 939 1997 994 habet

345 1021 515 1073 vitam
596 1025 946 1093 aeternam";
1033 1031 1090 1082 et
1173 1045 1418 1085 rursus:
1505 1031 1610 1098 Qui
1692 1028 1998 1086 manducat

348 1125 528 1163 meam
561 1127 800 1183 carnem,
861 1117 911 1168 et
972 1116 1106 1170 bibit
1162 1134 1345 1172 meum
1400 1120 1749 1191 srnguinem,
1802 1119 1862 1173 in
1912 1133 1997 1172 me

349 1203 554 1266 manet,
587 1205 638 1254 et
667 1217 762 1271 ego
794 1203 852 1256 in
873 1220 933 1259 eo
965 1221 977 1258 :
1014 1206 1480 1273 Quemadmodum
1499 1210 1655 1263 misit
1688 1224 1770 1263 me
1809 1209 1998 1262 vivens

352 1292 541 1356 Pater,
587 1295 637 1343 ct
683 1306 776 1361 ego
833 1295 953 1348 vivo
1025 1300 1247 1368 propter
1309 1298 1585 1352 Patrem8
1620 1342 1636 1368 ,
1695 1300 1788 1353 et:
1881 1297 2000 1368 Qui

348 1377 462 1431 edit
493 1393 596 1441 me,
645 1387 696 1434 et
724 1381 822 1435 ille
877 1384 1019 1438 viret
1067 1389 1290 1456 prapter
1345 1403 1432 1442 me
1451 1387 1492 1442 θ.
1553 1385 1801 1441 Carnem
1841 1386 1997 1441 enim

349 1480 519 1520 suam
551 1467 719 1537 quasi
753 1485 946 1524 escam
981 1472 1152 1528 hamo
1179 1475 1652 1546 circumponens,
1675 1475 1870 1530 divina
1892 1491 1999 1530 sua

350 1553 592 1622 virtute,
623 1563 954 1628 serpentem
1009 1563 1247 1633 quidem
1278 1565 1576 1636 deprimit,
1636 1581 1744 1619 nos
1802 1568 1998 1620 autem

353 1643 545 1714 erigit.
584 1649 768 1716 Papae,
811 1665 987 1718 quam
1021 1653 1521 1722 expavescendum
1557 1658 1612 1708 et
1630 1654 1999 1710 tremendum

355 1734 701 1804 mysterium
729 1740 747 1788 !
773 1737 878 1801 Qui
906 1737 1013 1792 hoc
1045 1741 1303 1810 tradidit,
1352 1742 1505 1799 Deus
1551 1747 1661 1809 est,
1694 1743 1794 1814 qui
1826 1759 1999 1816 prop-

353 1825 444 1876 ter
463 1821 832 1881 clementiam
857 1831 912 1882 ct
933 1828 1351 1900 benignitatem
1378 1848 1544 1887 suam
1573 1832 1748 1888 homo
1771 1848 2002 1904 quoque

353 1909 541 1966 factus
573 1918 681 1982 est,
723 1919 779 1969 et
836 1921 1120 1988 tanquam
1171 1920 1292 1976 ovis
1341 1921 1413 1976 ad
1473 1921 1883 1977 mactationem
1943 1924 2001 1975 et

354 2005 604 2056 mortem
663 2006 971 2075 processit,
1032 2013 1096 2063 ut
1144 2010 1460 2066 obnoxium
1521 2011 1696 2066 morti
1767 2014 2001 2083 propter

356 2095 658 2160 peccatum
691 2092 991 2151 hominem
1020 2103 1204 2153 morte
1235 2100 1532 2155 eximeret.
1583 2100 1774 2156 Causa
1820 2099 2001 2170 hujus

355 2178 688 2237 traditionis
719 2187 826 2252 est,
875 2186 1074 2257 magni
1104 2185 1286 2258 hujus
1337 2187 1604 2244 beneﬁcii
1656 2187 2000 2243 recordatio.

356 2266 578 2340 Corpus
609 2276 667 2325 et
706 2274 950 2346 sanguis
987 2274 1203 2330 Christi
1245 2293 1313 2330 ea
1355 2281 1514 2347 sunt,
1562 2293 1690 2348 quas
1729 2277 1839 2333 hoc
1887 2276 2004 2332 ritu

355 2358 773 2428 perficiuntur;
825 2363 974 2419 ritus
1037 2365 1194 2435 ﬁnis,
1255 2365 1625 2438 participatio
1681 2366 1895 2422 Christi
1949 2370 2007 2422 et

355 2447 479 2500 vita
507 2453 720 2504 aeterna
751 2467 764 2517 ;
797 2453 950 2523 quod
985 2453 1140 2508 idem
1174 2459 1262 2509 est
1310 2453 1480 2525 quasi
1531 2455 1777 2518 diceres,
1828 2454 2005 2526 parti-

357 2535 682 2606 cipantium
718 2539 1028 2609 deiﬁcatio,
1064 2547 1128 2596 ut
1159 2542 1328 2597 divus
1361 2542 1575 2598 Paulus
1607 2559 1823 2614 magna
1869 2559 2006 2599 voco

355 2623 714 2694 proclamat:
753 2627 918 2684 Catia:
939 2630 1330 2686 benedictionis
1383 2647 1546 2703 quem
1613 2633 2002 2700 benedicimus,

356 2729 540 2770 nonne
568 2720 990 2775 communicatio
1019 2720 1309 2790 sanguinis
1341 2720 1548 2776 Christi
1574 2728 1652 2776 est
1674 2720 1761 2776 1°?
1794 2721 2007 2777 deinde

361 2803 565 2860 subdit
616 2809 674 2861 et
729 2807 1033 2880 rationem,
1091 2826 1205 2881 quo
1250 2813 1418 2882 pacto
1497 2811 1710 2866 ﬁamus
1791 2827 2006 2883 corpus

359 2892 595 2962 Christi,
655 2896 895 2967 aitque:
948 2900 1123 2954 Panis
1180 2915 1340 2971 quem
1406 2901 1742 2972 frangimus,
1825 2916 2008 2956 nonne

361 2986 785 3042 communicatio
843 2989 1090 3060 corporis
1130 2988 1336 3044 Christi
1379 2989 1496 3044 est?
1571 2989 2010 3060 quandoquidem

360 3086 505 3126 unus
525 3088 711 3146 panis,
751 3078 804 3130 et
843 3092 1020 3131 unum
1076 3093 1272 3149 corpus
1316 3079 1484 3133 multi
1532 3094 1762 3133 sumus:
1821 3094 2009 3134 omnes

360 3161 509 3216 enim
529 3178 638 3218 uno
662 3180 806 3236 pane
833 3167 1235 3238 participamus
1257 3169 1318 3221 “.
1348 3167 1497 3234 Quid
1542 3167 1699 3223 enim
1739 3173 1846 3239 est,
1907 3168 2006 3240 ait,

361 3253 575 3324 panis?
612 3256 905 3314 Nimirum
963 3275 1174 3331 corpus
1221 3258 1455 3314 Christi.
1478 3258 1628 3323 Quid
1671 3275 1804 3316 vero
1856 3259 2006 3314 fiunt

2119 3257 2215 3312 τοῦ
2282 3257 2536 3330 σώματος
2583 3258 2682 3310 τοῦ
2745 3256 2984 3328 Χριστοῦ
3057 3251 3248 3325 έστιν;

360 3344 830 3417 participantes?
897 3348 1185 3403 Nimirum
1245 3365 1458 3420 corpus
1536 3348 1787 3417 Christi;
1872 3365 2010 3404 nam

363 3432 783 3504 participantes
816 3452 1057 3508 corpore
1115 3435 1354 3507 Christi,
1414 3453 1521 3492 nos
1579 3437 1756 3491 etiam
1815 3437 2013 3508 ipsum

365 3519 678 3578 efﬁcimur.
712 3524 860 3579 Nam
894 3524 1032 3596 quia
1062 3527 1334 3581 universa
1361 3531 1560 3580 nostra
1589 3541 1723 3582 caro
1741 3528 2016 3597 corrupta

367 3612 457 3664 est
487 3625 521 3665 a
549 3616 806 3684 peccato,
839 3630 986 3685 opus
1020 3614 1190 3670 nobis
1223 3615 1332 3669 fuit
1371 3632 1521 3670 nova
1552 3630 1746 3670 carne.

375 3799 510 3861 μεθα
544 3810 557 3824 °

438 3879 579 3945 Quis
626 3897 762 3955 ergo
819 3888 939 3939 tam
1001 3883 1195 3939 audax
1246 3886 1305 3938 et
1361 3898 1604 3954 prorsus
1662 3879 2012 3936 temerarius

369 3969 632 4038 exsistat,
693 3976 757 4026 ut
813 3973 1095 4027 adversus
1145 3971 1296 4026 hanc
1350 3970 1726 4025 traditionem
1789 3969 2009 4040 aliquid

372 4057 503 4112 novi
551 4059 849 4129 moliatur,
901 4060 1362 4132 mysteriumque
1419 4057 1700 4114 falsitatis
1756 4061 2013 4113 accuset.

372 4153 548 4218 atque
581 4148 820 4221 abrogat
841 4166 997 4217 eum,
1031 4150 1132 4220 qui
1182 4149 1263 4204 ita
1303 4147 1546 4203 tradidit
1596 4153 1654 4203 et
1710 4147 2017 4203 instituit?

368 4236 432 4292 Si
461 4238 581 4310 quis
611 4239 782 4308 legem
810 4239 1008 4310 Moysis
1035 4241 1277 4308 abroget,
1310 4238 1502 4309 inquit
1532 4235 1866 4309 Apostolus,
1897 4238 2018 4291 sine

367 4327 757 4384 misericordia
792 4330 932 4396 ulla,
991 4331 1094 4384 sub
1149 4328 1356 4384 duobus
1409 4331 1507 4383 aut
1556 4327 1735 4381 tribus
1788 4326 2017 4382 testibus

367 4418 647 4472 moritur:
673 4422 874 4488 quanto
905 4418 1103 4490 dignus
1145 4418 1407 4473 deteriori
1459 4415 1740 4486 supplicio
1785 4429 2016 4470 censen-

368 4505 474 4561 dus
503 4509 628 4575 crit,
656 4510 754 4579 qui
790 4511 998 4564 Filium
1037 4511 1138 4565 Dei
1183 4508 1534 4574 conculcarit,
1593 4511 1648 4560 et
1693 4507 2020 4576 sanguinem

367 4599 687 4652 testamenti
699 4600 1004 4669 profanum
1022 4595 1449 4662 existimaverit,
1469 4599 1519 4649 et
1536 4595 1793 4665 spiritum
1821 4596 2022 4664 gratim

372 4685 586 4744 iniuria
615 4688 860 4759 aﬂ'ecerit
894 4689 958 4741 η.
987 4686 1206 4742 Verum
1234 4685 1368 4756 quis
1393 4683 1514 4754 ille,
1565 4684 1666 4755 qui
1715 4682 2020 4738 conculcat

370 4864 572 4921 Nonne
604 4865 703 4937 qui
736 4866 1086 4936 sanguinem
1117 4865 1247 4934 ejus
1278 4861 1549 4933 ingratus
1605 4861 1867 4932 abrogat,
1913 4877 2017 4917 nec

369 4955 648 5026 admittit,
681 4960 737 5010 et
767 4953 989 5010 veracis
1041 4953 1113 5008 ab
1160 4953 1441 5021 omnique
1490 4951 1796 5006 mendacio
1841 4950 2016 5007 alieni

371 5044 491 5100 oris
537 5044 913 5099 traditionem
963 5047 1021 5098 et
1063 5042 1410 5097 mandatum
1460 5041 1627 5096 nihili
1672 5041 1862 5097 facit?
1913 5043 2020 5098 Hoc

370 5141 452 5192 est
505 5151 702 5207 corpus
749 5150 954 5199 meum,
1011 5133 1296 5199 dicentis;
1356 5137 1435 5200 et,
1491 5133 1590 5187 Hic
1634 5142 1714 5188 est
1797 5133 2019 5205 sanguis

369 5240 558 5291 meus,-
591 5229 668 5289 et,
701 5224 821 5279 Nisi
848 5222 1190 5278 manducetis
1219 5237 1440 5277 carnem
1485 5223 1616 5277 Filii
1661 5224 1923 5290 hominis,
1967 5226 2022 5278 et

373 5311 572 5368 bibatis
603 5311 716 5382 ejus
750 5312 1101 5383 sanguinem,
1147 5326 1258 5367 non
1285 5309 1495 5366 habetis
1530 5311 1704 5366 vitam
1748 5313 1806 5366 in
1849 5310 2017 5366 vobis.

372 5401 522 5466 Quid
555 5400 784 5457 haesitas
809 5400 836 5456 Τ
877 5400 1017 5472 quid
1049 5399 1449 5472 Omnipotenti
1480 5399 1892 5474 impotentiam
1933 5403 2019 5456 at-

371 5488 586 5545 tribuis
607 5489 634 5544 ?
665 5493 872 5546 Nonne
903 5491 1028 5562 ipse
1059 5493 1149 5546 est
1178 5489 1279 5562 qui
1337 5504 1405 5544 ex
1458 5488 1644 5545 nihilo
1702 5489 1901 5545 omnia
1959 5492 2024 5544 ut

442 5651 885 5727 ‘_J_oan.v1,52.
963 5653 1159 5710 ‘ibid.
1234 5651 1429 5707 "ibid.
1460 5652 1552 5720 st,
1585 5652 1676 5708 55.
1755 5651 1950 5709 “ibid.
1981 5651 2073 5724 57,
2103 5651 2194 5708 58.

371 5740 428 5797 χ,
460 5724 552 5791 28,
580 5724 668 5780 29.

2106 675 2329 746 Χριστῷ
2384 675 2490 725 τῶν
2555 666 2896 746 μετεχόντων
2973 669 3242 740 αἶ’ώνιος;
3295 669 3422 723 Ἐὰν
3478 690 3561 731 τις
3628 669 3753 745 γὰρ,

2106 760 2259 836 φησί,
2328 758 2470 835 φάγῃ
2549 759 2608 814 ἐκ
2681 760 2881 814 τούτου
2955 763 3052 813 τοῦ
3129 757 3316 831 ἄρτου,
3398 759 3614 828 ζήσεται
3677 757 3753 820 εἷς

2103 850 2194 902 τὸν
2256 847 2472 902 αἰῶνα·
2532 847 2670 902 καί·
2731 850 2791 905 Ὁ
2850 846 3010 922 ἄρτος
3068 845 3124 901 δὲ
3181 847 3238 901 ὃν
3301 845 3406 921 ἐγὼ
3477 843 3660 920 δώσω,
3711 849 3747 916 ἡ

2107 937 2232 1012 σάρξ
2296 959 2400 1011 μου
2486 934 2646 1010 ἐστὶν,
2719 936 2784 1007 ἢν
2866 936 2975 1012 ἐγὼ
3056 935 3216 991 δώσω
3293 935 3424 1009 ὐπὲρ
3503 938 3604 1000 τῆς
3658 939 3758 989 τοῦ

2103 1028 2316 1099 κόσμου
2375 1032 2518 1096 ζωῆς
2552 1047 2564 1060 ·
2615 1027 2753 1080 καί·
2807 1027 2930 1082 Ἐάν
3010 1027 3086 1099 μὴ
3161 1025 3373 1101 φάγητε
3427 1025 3528 1094 τὴν
3589 1023 3760 1098 σάρκα

2103 1120 2201 1170 τοῦ
2247 1115 2375 1169 Τὶοῦ
2420 1119 2516 1169 τοῦ
2578 1113 2886 1190 ἀνθρώπου,
2939 1115 3029 1170 καὶ
3080 1112 3244 1186 πίητε
3292 1115 3461 1168 αὐτοῦ
3507 1118 3570 1168 τὸ
3619 1113 3760 1186 αἷμα

2107 1204 2205 1258 οὐκ
2259 1198 2412 1280 ἔχετε
2467 1205 2609 1273 ζωὴν
2670 1203 2722 1258 ἐν
2795 1205 3045 1268 ἑαυτοῖς·
3122 1204 3151 1257 6
3206 1203 3434 1280 τρώγων
3495 1223 3602 1276 μου
3655 1202 3759 1270 τὴν

2106 1293 2295 1367 σάρκα,
2351 1295 2439 1347 καὶ
2495 1291 2666 1346 πίνων
2727 1313 2835 1365 μοκ
2890 1293 2952 1349 τὸ
3013 1294 3170 1366 αἷμα,
3243 1289 3361 1367 ἔχει
3419 1292 3564 1360 ζωὴν
3623 1289 3759 1345 αῗώ-

2107 1403 2219 1437 νιον
2253 1401 2265 1414 ’
2300 1381 2390 1437 καὶ
2432 1380 2598 1437 πάλιν
2630 1399 2644 1412 “
2701 1384 2756 1434 Ὀ
2805 1383 3028 1458 τρώγων
3091 1402 3196 1454 μου
3254 1383 3352 1449 τὴν
3416 1381 3608 1455 σάρκα,
3665 1379 3756 1434 καὶ

2107 1470 2278 1526 πίνων
2341 1492 2446 1544 μου
2499 1472 2564 1525 τὸ
2618 1471 2777 1544 αἷμα,
2825 1471 2877 1525 έν
2930 1470 3055 1544 ἐμοὶ
3100 1471 3272 1544 μένει,
3323 1468 3473 1544 κάγὼ
3503 1469 3554 1522 έν
3586 1467 3758 1540 αὐτῷ.

2107 1562 2287 1624 καθὼς
2343 1558 2626 1615 ἀπέστειλέ
2687 1579 2754 1632 με
2813 1560 2840 1613 6
2895 1563 2999 1628 ζῶν
3055 1560 3264 1634 Πατὴρ,
3319 1557 3469 1633 κάγὼ
3533 1561 3606 1626 ζῶ
3669 1553 3762 1611 διὰ

2108 1650 2199 1705 τὸν
2255 1650 2467 1725 Πατέρα
2501 1667 2513 1680 '
2573 1648 2709 1702 καί·
2770 1648 3008 1724 Τρώγων
3078 1669 3164 1721 με,
3233 1647 3475 1708 κάκεῖνος
3540 1647 3756 1716 ζήσεται

2116 1737 2185 1794 δι’
2246 1738 2361 1811 ἐμέ.
2421 1739 2535 1807 Τήν
2597 1739 2700 1814 γὰρ
2759 1738 2925 1792 αὐτοῦ
2986 1737 3155 1813 σάρκα
3183 1737 3257 1799 ὡς
3291 1734 3482 1812 δέλεαρ
3517 1735 3568 1790 ἐν
3600 1734 3759 1809 ἀγκί-

2111 1850 2256 1904 στρῳ
2286 1827 2708 1904 περιτιθέμενος,
2756 1829 2825 1900 τῇ
2870 1825 2985 1898 θείᾳ
3031 1827 3198 1881 αὐτοῦ
3247 1823 3491 1898 δυνάμει,
3530 1823 3620 1879 τὸν
3659 1824 3755 1896 μὶν

2109 1914 2223 1972 ὅσιν
2255 1915 2528 1990 καθέλκει,
2561 1917 2709 1989 ἡμᾶς
2743 1913 2800 1970 δὲ
2834 1913 3039 1992 ᾁνάγει.
3090 1909 3264 1972 Βαϐαὶ
3305 1915 3381 1976 ὡς
3411 1913 3634 1992 φρικτὸν
3665 1912 3759 1967 καὶ

2110 2002 2339 2085 φοϐερὸν
2416 1986 2876 2079 τὸγμυστηριον.
2943 1986 3006 2062 Ὅ
3074 1986 3477 2080 παραδεδωκώς
3550 2007 3755 2070 τοῦτο,

2111 2096 2242 2160 Θεὸς
2282 2094 2392 2150 ἐστι
2444 2091 2532 2148 διὰ
2592 2091 3003 2171 φιλανθρωπίαν
3049 2091 3141 2148 καί
3199 2090 3481 2168 ἄνθρωπος
3528 2090 3759 2169 γενόμε-

2109 2206 2227 2257 νος,
2258 2184 2348 2239 καὶ
2380 2184 2452 2247 ὡς
2507 2178 2779 2260 πρόϐατον
2839 2182 2924 2238 ἐπὶ
2978 2183 3184 2261 σφαγὴν
3233 2181 3322 2237 καὶ
3365 2183 3585 2246 θάνατον
3618 2201 3765 2254 προ-

2113 2273 2437 2350 ερχόμενος,
2492 2271 2584 2328 ίίνα
2636 2273 2728 2327 τὸν
2799 2269 3060 2327 ὑπόδικον
3132 2275 3211 2343 τῷ
3276 2267 3486 2344 θανάτῳ
3529 2269 3620 2325 διὰ
3660 2270 3763 2338 τὴν

2112 2363 2375 2440 ἁμαρτίαν
2423 2359 2710 2436 ἄνθρωπον
2763 2365 2860 2416 τοῦ
2912 2362 3143 2416 θανάτου
3187 2358 3457 2431 ἐξέληται.
3499 2358 3662 2417 Attia
3709 2355 3769 2412 δὲ

2111 2461 2212 2524 τῆς
2254 2450 2624 2528 παραδόσεως,
2672 2455 2707 2522 ἡ
2757 2456 2858 2518 τῆς
2910 2450 3155 2528 μεγάλης
3211 2451 3413 2521 ταύτης
3465 2447 3769 2526 εὐεργεσίας

2114 2543 2416 2617 ἀνάμνησις
2449 2560 2464 2575 ·
2496 2546 2656 2615 νῶμα
2709 2540 2800 2596 καὶ
2850 2541 2986 2614 αἷμα
3035 2543 3291 2616 Χριστοῦ,
3321 2541 3390 2594 τὰ
3416 2537 3723 2612 τελούμενα
3751 2554 3764 2566 ”

2112 2640 2214 2702 τῆς
2286 2639 2512 2701 τελετῆς
2585 2628 2765 2702 τέλος,
2843 2630 3098 2703 μετουσία
3153 2631 3438 2706 Χριστοῦ,
3497 2626 3586 2682 καὶ
3649 2627 3763 2696 ζωὴ

2113 2721 2333 2782 αἱώνιος
2367 2721 2603 2776 ’ταύτὸν
2653 2717 2710 2774 δὲ
2763 2718 2950 2787 εἶπεῖν,
2995 2724 3104 2773 τῶν
3167 2718 3510 2794 μετεχόντων
3568 2716 3769 2771 ἐκθέω-

2119 2833 2220 2882 ςις,
2277 2811 2352 2872 ὡς
2411 2808 2500 2864 καὶ
2549 2807 2829 2870 Θεσπέσιος
2883 2806 3102 2870 Παῦλος
3168 2807 3577 2885 μεγαλοφώνως
3641 2806 3765 2880 βοᾷ,

2114 2901 2191 2958 Τὸ
2247 2901 2512 2975 ποτήριον
2592 2906 2692 2968 τῆς
2775 2897 3026 2974 εὐλογίας
3112 2897 3140 2951 ὃ
3221 2895 3581 2971 εὐλογοῦμεν,
3635 2894 3762 2969 οὐχὶ

2115 2987 2372 3045 κοινωνία
2454 2993 2552 3044 τοῦ
2627 2984 2857 3062 αἶ’ματος
2924 2990 3023 3042 τοῦ
3096 2987 3328 3060 Χριστοῦ
3382 2984 3573 3054 έστινς
3629 2986 3762 3041 Εἶτα

2118 3077 2304 3153 ἰπάγει
2359 3078 2450 3132 καὶ
2496 3075 2787 3152 λογισμὸν,
2841 3079 2960 3140 πῶς
3005 3073 3268 3151 γινόμεθα
3315 3078 3480 3147 σῶμα
3504 3075 3758 3147 Χριστοῦ,

2118 3167 2207 3222 καί
2266 3187 2444 3245 φησι’
2506 3166 2613 3224 Τὸν
2679 3162 2838 3241 ἄρτον
2896 3165 2954 3218 ὃν
3029 3161 3277 3238 κλῶμεν,
3337 3163 3466 3239 οὐχί
3512 3158 3768 3218 κοινωνία

3323 3253 3404 3308 ὅτι
3452 3253 3528 3315 εἷς
3582 3248 3761 3325 ἄρτος,

2121 3345 2176 3400 ἓν
2206 3349 2368 3418 σῶμα
2398 3345 2448 3399 οὶ
2507 3342 2714 3399 πολλοί
2771 3343 2929 3416 ἐσμεν
2966 3363 2978 3376 ·
3041 3343 3094 3396 οἱ
3150 3343 3255 3417 γὰρ
3314 3342 3505 3402 πάντες
3557 3337 3618 3393 ἐκ
3663 3341 3764 3392 τοῦ

2125 3433 2240 3495 ένὸς
2271 3432 2435 3507 ἄρτου
2484 3433 2806 3509 μετέχομεν.
2854 3432 2914 3486 Τί
2964 3431 3068 3508 γάρ
3116 3430 3250 3502 ἐστι,
3283 3431 3469 3510 φησὶν,
3502 3430 3530 3483 6
3561 3426 3718 3501 ἄρτος
3751 3445 3769 3496 ;

2125 3521 2387 3593 δηλονόυι
2420 3527 2580 3596 σῶμα
2627 3525 2882 3597 Χριστοῦ.
2917 3521 2983 3578 Τί
3039 3517 3097 3576 δὲ
3135 3520 3376 3597 γίνονται
3409 3519 3462 3574 οὶ
3495 3515 3777 3592 μεταλαμ-

2126 3607 2418 3678 ϐάνοντες;
2451 3609 2711 3683 δηλονότι
2764 3617 2925 3685 σῶμα
2976 3613 3211 3686 Χριστοῦ
3242 3629 3257 3644 ·
3313 3608 3631 3684 μετέχοντες
3671 3605 3775 3682 γὰρ

2122 3706 2220 3756 τοῦ
2278 3701 2532 3774 σώματος
2585 3705 2684 3756 τοῦ
2739 3702 2976 3774 Χριστοῦ
3026 3699 3117 3754 καὶ
3170 3701 3338 3773 ἡμεῖς
3395 3696 3568 3753 ἐκεῖνο
3623 3693 3778 3769 γινύ-

591 3789 778 3859 έπειδή
812 3791 912 3866 γὰρ
945 3794 980 3862 ἡ
1009 3797 1155 3846 πᾶσα
1178 3793 1338 3865 ἡμῶν
1370 3792 1496 3864 σὰρξ
1529 3789 1732 3866 ἐφθάρη
1763 3788 1865 3842 ὐπὸ
1895 3794 1995 3858 τῆς
2023 3790 2313 3866 ἁμαρτίας,
2345 3789 2559 3862 ἐδέησεν
2587 3792 2723 3864 ἡμῖν
2758 3789 2953 3866 σαρκὸς
2980 3788 3124 3852 νέας.

2197 3882 2294 3944 Τίς
2325 3879 2416 3936 οῦν
2463 3879 2605 3935 οὕτω
2654 3878 2847 3956 θρασὺς
2900 3879 2990 3934 καὶ
3037 3876 3375 3951 πάντολμος,
3420 3876 3496 3939 ὡς
3522 3894 3780 3930 καινοτο-

2131 3977 2249 4046 μεῖν
2300 3972 2400 4040 τήν
2446 3966 2768 4047 παράδοσιν,
2820 3969 2910 4024 καὶ
2959 3967 3400 4045 παραγράφεσθαι
3438 3965 3501 4019 τὸ
3563 3965 3781 4038 μυστή-

2131 4082 2270 4136 ριον,
2318 4060 2410 4114 καὶ
2455 4060 2660 4124 ἀθετεῖν
2719 4056 2860 4114 οὕτω
2912 4059 3004 4113 τὸν
3044 4054 3355 4134 παραδόντα
3399 4076 3460 4109 τε
3502 4052 3592 4108 καὶ
3629 4054 3784 4127 μοή-

2130 4169 2336 4220 σαντα;
2395 4150 2684 4219 Ἀθετήσας
2759 4168 2843 4211 τις
2917 4147 3087 4219 νόμον
3158 4141 3455 4212 Μωῦσέως,
3520 4143 3688 4221 φησὶν
3753 4143 3785 4197 6

2129 4238 2507 4308 Ἀπόστολος,
2561 4237 2738 4313 χωρὶς
2794 4235 3120 4310 οἰκτιρμῶν,
3181 4233 3268 4288 ἐπὶ
3328 4231 3476 4288 δυσὶν
3538 4228 3575 4301 ἤ
3634 4229 3784 4305 τρισὶ

2131 4331 2416 4404 μάρτυσιν,
2501 4327 2831 4397 ἀποθνήσκει
2883 4346 2897 4361 ο
2995 4325 3153 4396 πόσῳ
3249 4320 3430 4385 δοκεῖς
3524 4319 3786 4396 χείρονος

2127 4418 2485 4487 ἀξιωθήσεται
2541 4414 2814 4490 τιμωρίας
2891 4415 2920 4468 6
3001 4413 3092 4468 τὸν
3163 4411 3289 4467 Υἱὸν
3343 4414 3442 4466 τοῦ
3494 4412 3630 4465 Θεοῦ
3685 4428 3786 4462 κα-

2126 4506 2464 4574 ταπατήσας,
2539 4504 2629 4558 καὶ
2716 4503 2777 4558 τὸ
2862 4503 2998 4576 αἷμα
3073 4508 3174 4571 τῆς
3247 4499 3514 4570 διαθήκης
3599 4497 3787 4553 κοινὸν

2129 4592 2497 4668 ἡγησάμενος,
2571 4592 2662 4647 καὶ
2745 4593 2807 4646 τὸ
2890 4595 3101 4664 πνεῦμα
3181 4596 3280 4660 τῆς
3339 4589 3570 4664 χάριτος
3622 4587 3791 4641 καθυ-

2134 4679 2368 4760 ϐρίσαςς
2423 4679 2601 4738 Ἀλλὰ
2649 4682 2732 4745 τίς
2792 4683 2821 4736 6
2865 4683 3185 4736 Μταπατῶν
3231 4679 3322 4733 τὸν
3368 4677 3485 4732 Υἱὸν
3517 4680 3616 4731 τοῦ
3645 4673 3783 4730 Θεοὺ

254 4773 257 4775 ’
367 4773 582 4831 Filium
609 4776 729 4844 Dei,
749 4781 806 4831 et
828 4776 1076 4831 aliorum
1102 4791 1229 4842 quis
1251 4773 1510 4827 diximus
1532 4788 1666 4827 reus
1698 4775 1971 4828 censetur
1993 4773 2008 4827 Ἰ

2125 4759 2212 4828 καὶ
2247 4771 2426 4828 τᾶλλα
2453 4773 2522 4827 τὰ
2568 4771 2831 4845 εἰρημένα
2873 4767 3402 4846 κατηγοροῦμενος;
3464 4767 3536 4821 Ἦ
3584 4762 3781 4837 δῆλον,

2127 4863 2203 4924 ὡς
2249 4863 2276 4916 6
2323 4862 2387 4916 τὸ
2435 4865 2596 4934 σῶμα
2651 4859 2816 4915 αὐτοῦ
2874 4857 2964 4914 διὰ
3014 4861 3114 4927 τῆς
3173 4855 3496 4934 ἀχαριστίας
3554 4854 3780 4922 ἀθετῶν,

2123 4951 2216 5006 καὶ
2274 4951 2349 5024 μὴ
2400 4947 2833 5025 ἀποδεχόμενος,
2885 4947 2976 5004 καὶ
3033 4949 3134 5017 τὴν
3183 4950 3282 5002 τοῦ
3329 4941 3595 5020 ἀψευδοῦς
3653 4942 3785 4997 στό-

2131 5060 2302 5114 ματος
2385 5035 2682 5115 παράδοσιν
2763 5060 2822 5094 τε
2905 5037 2996 5093 καὶ
3074 5035 3321 5110 ἔνταλμα
3378 5032 3778 5108 έξουθενίζωνς

2125 5129 2294 5185 Τοῦτό
2327 5128 2440 5183 ἐστι
2467 5129 2530 5183 τὸ
2579 5129 2738 5201 σῶμά
2790 5149 2894 5202 μου
2948 5126 3204 5188 εἴπόντος
3237 5145 3252 5157 ·
3303 5124 3419 5193 καὶ,
3471 5119 3643 5181 Τοῦτό
3668 5120 3776 5173 ἐστι

2125 5220 2188 5274 τὸ
2247 5216 2386 5291 αἷμά
2445 5238 2550 5292 μου
2582 5235 2597 5251 ο
2656 5217 2770 5286 καὶ,
2846 5215 2968 5274 Ἐὰν
3060 5215 3136 5290 μὴ
3205 5214 3418 5290 φάγητε
3463 5213 3564 5283 τὴν
3612 5209 3786 5284 σάρκα

2126 5312 2223 5363 τοῦ
2305 5306 2432 5363 Υἳοῦ
2508 5311 2604 5362 τοῦ
2687 5307 2998 5382 ἀνθρώπου,
3081 5303 3176 5359 καὶ
3262 5302 3425 5374 πίητε
3502 5300 3665 5356 αὐτοῦ
3721 5296 3787 5352 τὸ

2129 5398 2282 5471 αἷμα,
2357 5397 2460 5452 οὐκ
2517 5392 2672 5473 ἔχετε
2731 5398 2876 5468 ζωὴν
2937 5394 2992 5451 έν
3042 5395 3280 5456 ἂαυτοῖς.
3344 5390 3411 5450 Τί
3463 5387 3790 5458 διστάζειςς

2131 5485 2200 5545 Τί
2259 5485 2341 5560 τῷ
2395 5483 2798 5562 παντοδυνάμῳ
2879 5483 3165 5542 ἀδυνατίαν
3250 5482 3621 5558 περιάπτεις;
3679 5475 3796 5532 Οὐκ

2291 5651 2983 5724 'ibid.1°ICor.x,i6.
3083 5648 3307 5706 “ibid.
3342 5648 3428 5706 17.
3534 5645 3580 5684 ιι
3611 5642 3792 5704 Hebr.
