4130 6360
351 437 469 498 513

1326 427 1429 488 DE
1472 427 1841 489 CORPORE
1885 429 1986 488 ET
2028 427 2429 490 SANGUINE
2472 427 2810 490 CHRISTI.

3653 435 3775 495 5M

349 565 510 627 αὐτὸς
562 561 703 618 ἐστιν
761 563 790 617 6
850 561 909 616 ἐκ
965 561 1040 634 μὴ
1103 553 1256 620 ὄντος
1307 559 1383 622 εἷς
1425 557 1487 613 16
1539 559 1675 612 εἶναι
1733 556 1802 613 τὰ
1841 559 2013 613 πάντα

2151 563 2324 616 issent
2355 559 2532 614 fecit?
2563 560 2724 616 Unus
2756 561 2937 616 trium
2997 579 3382 633 personarum
3441 565 3774 622 Divinitatis

351 654 704 730 παραγαγὼν,
755 653 782 705 6
835 652 1060 718 εἴς’τῆς
1107 649 1538 723 τρισυποστάτου
1591 646 1870 717 θεότητος,
1931 647 2014 701 ἐπ’

355 744 599 820 ἐσχάτων
632 745 739 795 τῶν
801 739 1017 815 χρόνων
1049 737 1367 812 σαρκωθεὶς,
1399 736 1486 791 καὶ
1535 738 1564 791 6'
1603 737 1693 790 τὸν
1726 734 1884 812 ἄρτοι
1937 735 2012 797 είς

356 835 420 888 τὸ
453 832 616 887 αὐτοῦ
647 833 809 902 σῶμα
841 822 1276 900 μεταϐάλλεσθαι
1299 826 1688 901 προστεταχὼς
1715 844 1728 894 ;
1760 825 1820 880 Τί
1850 824 2012 880 πάλιν

366 927 545 993 ζητεῖς
577 919 748 975 αῗτίαν
782 917 871 972 καὶ
901 916 1047 987 τάξιν
1081 915 1292 992 φύσεως
1332 919 1430 980 τῆς
1475 920 1573 970 τοῦ
1626 913 1790 990 ἄρτου
1851 935 2016 987 μετα-

367 1007 540 1080 ϐολῆς
573 1009 644 1071 εἰς
685 1009 746 1063 τὸ
775 1010 874 1062 τοῦ
905 1007 1142 1081 Χριστοῦ
1175 1009 1356 1077 σῶμα,
1400 1003 1490 1058 καὶ
1539 1008 1636 1057 τοῦ
1684 1001 1875 1066 ὕδατος
1929 1002 2017 1056 καὶ

368 1098 519 1156 οἴκου
559 1097 632 1160 εἷς
682 1100 838 1169 αἷμα·
886 1094 1001 1149 ἐπεὶ
1055 1095 1186 1168 ὑπὲρ
1235 1092 1392 1170 φύσιν
1435 1092 1523 1147 καὶ
1557 1091 1722 1167 λόγον
1751 1091 1840 1146 καὶ
1896 1097 2016 1145 νοῦν

365 1187 457 1244 καὶ
515 1186 722 1242 ἔννοιαν
773 1185 833 1239 ὲκ
878 1183 1158 1258 Παρθένου
1213 1181 1458 1257 έτέχθης
1525 1183 1870 1251 ’Δπιστησεις
1921 1176 2023 1255 ἄρα

367 1278 458 1335 καὶ
489 1277 588 1346 τὴν
635 1274 696 1330 ἐκ
749 1277 950 1347 νεκρῶν
1008 1271 1312 1342 ἀνάστασιν,
1357 1271 1444 1326 καὶ
1487 1273 1586 1342 τὴν
1631 1271 1708 1332 εἷς
1760 1269 2022 1346 οὐρανοὺς

259 1429 274 1436 η
371 1367 538 1422 αὐτοῦ
595 1363 910 1438 ἀνάληψιν,
961 1361 1051 1416 καὶ
1107 1359 1286 1416 τᾶλλα
1339 1365 1436 1414 τοῦ
1486 1361 1717 1434 Χριστοῦ
1774 1358 2024 1431 θαύματα

373 1457 504 1532 ὑπὲρ
557 1451 736 1533 φύσιν,
786 1452 876 1507 καὶ
920 1454 1043 1505 νοῦν
1103 1449 1193 1504 καὶ
1249 1447 1452 1504 ἔννοιαν
1514 1447 1664 1507 ὐντα.
1703 1446 1878 1505 Τοῦτό
1937 1468 2022 1501 σοι

369 1545 612 1622 γίνεται,
673 1540 757 1596 ὅτι
813 1541 903 1596 τὸν
965 1537 1197 1615 Χριστὸν
1233 1585 1248 1609 ,
1309 1538 1370 1591 06
1427 1538 1556 1593 Θεὸν
1617 1535 1880 1605 ἀληθινὸν
1932 1536 2023 1590 καὶ

370 1636 494 1690 Υὶὸν
525 1636 621 1688 τοῦ
653 1634 787 1687 Θεοῦ
816 1627 1132 1704 ὁμολογεῖς,
1190 1626 1316 1684 ἀλλ’
1346 1626 1684 1704 ἀρειανίζεις,
1721 1623 1933 1701 μᾶλλον
1968 1622 2026 1679 δὲ

373 1720 691 1795 ἰουδαΐξεις.

445 1810 603 1869 Ἀλλ’
645 1807 784 1871 ’ίσως
838 1805 1004 1862 πάλιν
1058 1801 1432 1884 ἀμφιϐάλλεις
1477 1806 1568 1860 καὶ
1616 1805 1882 1877 ἀπιστεῖς,
1943 1801 2025 1858 ὅτι

377 1901 484 1978 οὐχ
539 1901 667 1975 ὁρᾷς
725 1896 894 1973 σάρκα
949 1896 1040 1951 καὶ
1091 1896 1265 1969 αἷμα,
1321 1893 1444 1950 ἀλλ’
1501 1896 1662 1969 ἄρτον
1713 1894 1804 1948 καὶ
1855 1894 2024 1947 οἶνον.

378 1990 508 2066 Περὶ
539 1986 603 2044 06
634 1984 832 2043 εἴδέναι
883 2007 942 2040 σε
987 1986 1125 2060 χρὴ,
1158 1985 1422 2060 ἀχάριστε
1449 1983 1538 2038 καὶ
1566 1983 1859 2059 ἀγνώμων,
1906 1980 2031 2058 περὶ

378 2081 470 2135 τὸν
530 2077 838 2151 εὐεργέτην,
889 2076 974 2128 ὅτι
1025 2075 1053 2130 6
1104 2074 1171 2128 τὰ
1218 2073 1391 2128 πάντα
1435 2070 1593 2134 εῗδὼς
1635 2073 1788 2139 Θεὸς,
1836 2082 2031 2149 φιλαν-

383 2162 731 2244 θρωπότατος
804 2163 902 2232 ὣν,
991 2163 1354 2235 οἰκονομικῶς
1419 2165 1582 2216 τοῦτο
1653 2159 1896 2231 ἐποίησε,
1962 2162 2031 2233 τῇ

389 2254 714 2331 ἀνθρωπίνῃ·
775 2251 1016 2322 ἀσθενείᾳ
1072 2245 1508 2324 συγκαταϐαίνων
1541 2293 1554 2319 ,
1608 2246 1703 2304 ’ίνα
1770 2249 1846 2321 μή
1898 2247 2033 2302 ἀπο-

388 2342 717 2420 στρέφωνται
777 2341 830 2395 οἱ
883 2336 1089 2394 πολλοὶ
1158 2339 1250 2392 τὸν
1317 2331 1604 2414 ἀρραϐῶνα
1661 2344 1761 2407 τῆς
1807 2335 2033 2391 αἰωνίου

388 2439 550 2503 ζωῆς,
617 2429 708 2486 καὶ
766 2427 1184 2504 δυσχεραίνωσι,
1217 2427 1388 2502 σάρκα
1429 2427 1518 2480 καὶ
1548 2427 1684 2498 αἷμα
1719 2424 2034 2501 βλέποντες.

383 2522 478 2577 Διὸ
509 2518 601 2575 διὰ
627 2523 734 2573 τῶν
785 2516 1189 2592 συνηθεστέρων
1221 2522 1320 2584 τῆς
1351 2513 1561 2589 φύσεως
1593 2517 1754 2569 τοῦτο
1797 2512 2037 2587 γίνεσθαι

383 2605 703 2681 ἠϐουλήθη,
782 2604 1031 2678 συζεύξας
1107 2605 1296 2667 αὐτοῖς
1366 2605 1465 2671 τὴν
1543 2603 1707 2677 αότοῦ
1783 2603 2034 2672 θεότητα,

383 2698 560 2756 Τοῦτό
600 2695 806 2751 ἔστιτὸ
847 2695 1009 2768 σῶμά
1058 2714 1184 2767 μου,
1242 2691 1350 2746 καί.
1411 2692 1589 2749 Τοῦτό
1637 2691 1747 2746 ἐστι
1791 2691 1854 2746 τὸ
1902 2689 2039 2764 αἷμά

395 2808 519 2862 μου,
580 2784 788 2840 εἰπών·
843 2783 977 2855 καὶ,
1036 2777 1272 2850 Λάϐετε,
1352 2780 1579 2859 φάγετε,
1639 2779 1728 2836 καὶ
1781 2779 1930 2836 πίετε
1987 2779 2038 2850 ἐξ

396 2875 555 2931 αὐτοῦ
620 2876 817 2938 πάντες
889 2873 966 2934 εἲς
1041 2869 1225 2946 ἄφεσιν
1301 2871 1581 2947 ἁμαρτιῶν
1608 2888 1622 2904 ·
1690 2869 1781 2924 καὶ
1845 2867 2033 2924 πάλιν·

397 2968 451 3017 ‘0
506 2961 662 3039 ἄρτος
716 2961 776 3018 δν
831 2961 941 3036 ἐγὼ
1001 2957 1182 3033 δώσω,
1241 2962 1276 3029 ἡ
1322 2959 1449 3034 σάρξ
1503 2981 1607 3033 μου
1639 2957 1895 3028 ἑστιν,ἣν
1927 2957 2037 3033 ἆγὼ

402 3050 558 3110 δώσω
618 3052 748 3127 ὁπὶρ
796 3057 898 3121 τῆς
945 3053 1040 3106 τοῦ
1091 3050 1301 3122 κόσμου
1351 3053 1534 3119 ζωῆς·
1585 3049 1714 3104 καί·
1778 3048 1900 3105 Ἐὰν
1958 3049 2034 3120 μὴ

395 3141 596 3219 φάγητε
638 3142 738 3208 τὴν
797 3139 966 3215 σάρκα
1018 3142 1115 3194 τοῦ
1173 3139 1301 3193 Υὶοῦ
1366 3141 1463 3192 τοῦ
1537 3137 1866 3213 ἀνθρώπου,
1947 3137 2038 3191 καὶ

391 3231 550 3302 πίητε
597 3229 763 3286 αὐτοῦ
811 3228 874 3284 τὸ
924 3230 1081 3302 αἷμα,
1137 3226 1236 3282 οὐκ
1289 3225 1444 3303 ἔχετε
1503 3227 1646 3296 ζωὴν
1705 3225 1756 3280 έν
1802 3227 2036 3288 ἑαυτοῖς.

2062 1942 2109 2007 Β

2128 649 2226 721 qui
2264 649 2575 720 postremis
2606 650 2976 721 temporibus
2997 650 3336 707 incarnatus
3359 658 3531 722 est,et
3560 671 3771 725 panem

2124 738 2184 792 in
2217 755 2388 794 suum
2419 755 2630 809 corpus
2660 741 3044 793 transmutari
3070 740 3298 810 jussit?
3345 741 3488 805 Quid
3525 743 3776 812 requiris

2127 844 2363 882 causam
2399 831 2456 881 et
2485 827 2744 881 ordinem
2782 834 3024 897 naturae,
3059 829 3229 900 panis
3262 831 3778 886 transmutationis

2127 917 2188 970 in
2220 914 2436 970 Christi
2468 931 2702 985 corpus,
2725 919 2782 970 et
2814 935 2975 987 aqua:
3010 918 3084 988 (2)
3125 919 3357 988 vinique
3411 919 3472 974 in
3533 921 3777 992 sangui-

2129 1021 2261 1059 nem
2290 1021 2303 1070 ;
2337 1020 2472 1058 cum
2506 1021 2684 1074 supra
2715 1009 3012 1071 naturam,
3039 1006 3344 1074 rationem,
3381 1013 3662 1074 mentem,
3723 1014 3780 1065 et

2131 1092 2564 1164 cogitationem,
2598 1108 2666 1147 ex
2696 1093 2933 1164 Virgine
2992 1094 3071 1150 sit
3127 1096 3340 1150 natus?
3399 1097 3524 1151 Non
3577 1099 3780 1152 credes

2131 1183 2332 1252 itaque
2389 1197 2494 1235 nec
2546 1187 2912 1238 mortuorum
2973 1184 3484 1252 resurrectionem,
3547 1203 3653 1242 nec
3720 1187 3778 1242 in

2131 1270 2307 1326 caelos
2335 1271 2463 1342 ejus
2495 1271 2984 1342 assumptionem,
3017 1277 3072 1328 et
3105 1273 3218 1329 alia
3248 1274 3463 1330 Christi
3499 1275 3785 1332 miracula

2133 1378 2314 1431 supra
2335 1364 2894 1425 naturam,mentem
2927 1367 2983 1416 et
2999 1362 3406 1434 cogitationem
3441 1366 3781 1434 eminentia,

2133 1450 2193 1504 Id
2219 1448 2323 1504 tibi
2354 1449 2586 1516 accidit,
2621 1450 2776 1520 quod
2811 1450 3131 1515 Christum,
3165 1469 3281 1508 non
3340 1457 3522 1509 Deum
3578 1471 3782 1510 verum

2134 1555 2198 1592 ac
2221 1538 2430 1594 Filium
2466 1537 2563 1592 Dei
2590 1538 3016 1606 conﬁteris,sed
3047 1541 3446 1600 Arianismum
3479 1542 3564 1599 vel
3588 1545 3785 1616 potius

2131 1626 2507 1682 Judaismum
2542 1628 2776 1699 recipis.

2212 1809 2277 1861 At
2317 1804 2583 1860 fortassis
2629 1804 2869 1862 dubitas
2923 1807 3287 1880 minimeque
3357 1809 3568 1879 credis,
3628 1813 3783 1882 quod

2140 1910 2256 1950 non
2280 1893 2478 1949 videas
2519 1909 2751 1950 carnem
2778 1897 2835 1950 et
2875 1895 3245 1966 sanguinem,
3303 1898 3402 1953 sed
3464 1916 3672 1969 panem
3731 1903 3788 1956 et

2141 1983 2362 2038 vinum.
2396 1983 2518 2046 Qua
2549 1983 2619 2038 de
2647 1999 2708 2039 re
2758 1983 2912 2040 scias
2957 1990 3206 2057 oportet,
3263 1986 3349 2041 tui
3399 1987 3501 2059 qui
3559 1988 3786 2060 ingrato

2139 2072 2461 2144 iniquoque
2483 2071 2678 2127 animo
2709 2088 2848 2144 erga
2878 2073 3205 2129 beneﬁcum
3241 2075 3482 2131 affectus
3512 2083 3787 2144 es,Deum

2141 2161 2241 2233 qui
2273 2160 2474 2216 omnia
2503 2161 2686 2227 novit,
2721 2177 2854 2215 cum
2887 2161 3359 2218 humanissimus
3391 2165 3490 2229 sit,
3549 2167 3788 2238 provide

2141 2252 2250 2306 hoc
2283 2251 2510 2315 fecisse,
2545 2250 2612 2304 ad
2645 2250 2957 2305 hominum
2983 2251 3448 2308 imbecillitatem
3485 2271 3546 2310 se
3577 2256 3788 2312 demit-

2141 2343 2382 2408 tentem,
2417 2353 2488 2393 ne
2520 2345 2930 2394 aversarentur
2961 2339 3535 2398 multiarrhabonem
3566 2349 3790 2401 aeternae

2142 2427 2296 2492 vitae,
2331 2431 2390 2480 et
2411 2442 2561 2498 aegre
2613 2427 2848 2495 ferrent,
2897 2443 3130 2482 carnem
3189 2434 3246 2484 et
3303 2432 3649 2503 sanguinem
3707 2435 3794 2489 in-

2143 2519 2398 2572 tuentes.
2433 2515 2635 2587 Itaque
2658 2517 2834 2571 rebus
2866 2521 3090 2572 naturaa
3147 2521 3447 2575 consuetis
3496 2520 3605 2577 hoc
3663 2523 3791 2578 ﬁeri

2144 2604 2447 2674 voluit,his
2471 2621 2641 2659 suam
2666 2605 3032 2660 divinitatem
3067 2607 3593 2679 conjungens,cum
3627 2611 3792 2667 dixit:

2146 2695 2253 2749 Hoc
2280 2701 2357 2749 est
2385 2708 2581 2764 corpus
2604 2708 2830 2756 meum;
2885 2699 2973 2750 et:
3032 2695 3129 2750 Hic
3179 2705 3260 2752 est
3314 2699 3543 2768 sanguis
3602 2716 3794 2764 meus;

2147 2786 2204 2838 et
2235 2798 2249 2838 :
2282 2782 2540 2853 Accipite,
2598 2783 2882 2850 comedite,
2941 2787 2993 2838 et
3051 2783 3221 2839 bibite
3266 2801 3336 2840 ex
3365 2801 3425 2841 eo
3479 2803 3684 2855 omnes,
3734 2792 3796 2845 in

2146 2872 2528 2928 remissionem
2554 2879 2942 2942 peccatorum;
2973 2876 3030 2927 et
3093 2889 3362 2930 rursum:
3421 2876 3591 2932 Panis
3635 2893 3798 2949 quem

2149 2976 2251 3034 ego
2271 2961 2427 3030 dabo,
2461 2976 2586 3015 caro
2610 2976 2732 3016 mea
2751 2969 2848 3028 est,
2881 2977 3048 3032 quam
3095 2979 3188 3033 ego
3244 2963 3391 3020 dabo
3445 2980 3546 3036 pro
3601 2967 3798 3024 mundi

2151 3052 2305 3111 vita;
2335 3053 2417 3117 et;
2452 3051 2575 3105 Nisi
2600 3050 2953 3107 manducetis
2982 3067 3209 3108 carnem
3255 3054 3389 3110 Filii
3431 3054 3697 3127 hominis,
3745 3065 3798 3114 et

2154 3139 2351 3195 bibatis
2379 3140 2494 3212 ejus
2517 3141 2866 3209 sanguinem,
2898 3156 3008 3196 non
3039 3141 3249 3198 habetis
3280 3145 3453 3198 vitam
3509 3147 3566 3199 in
3622 3147 3795 3202 vobis.

2155 3231 2260 3284 Hoc
2285 3231 2451 3300 facite
2489 3231 2550 3284 in
2604 3243 2782 3284 meam
2829 3234 3430 3287 commemorationem.
3488 3238 3800 3305 Propterea

389 3324 558 3375 T0610
616 3322 825 3374 ποιεῖτε
881 3317 958 3380 εἷς
1015 3319 1116 3386 τὴν
1174 3316 1312 3389 ἐμὴν
1368 3317 1684 3388 ἀνάμνησιν.
1735 3314 1832 3370 Διά
1875 3317 2036 3368 τοῦτο

2151 3318 2201 3372 ei
2233 3319 2555 3386 credentes,
2580 3319 2660 3374 ita
2703 3319 3002 3374 offerimus
3059 3337 3268 3390 panem
3329 3323 3674 3393 perfectum,
3713 3324 3798 3379 vi-

390 3408 537 3481 αὐτῷ
565 3406 929 3476 πιστεύοντες,
970 3405 1114 3461 οὕτω
1156 3406 1534 3484 προσφέρομεν
1589 3403 1749 3482 ἄρτον
1804 3402 2038 3473 τέλειον,

394 3502 587 3570 ζῶντα,
650 3495 825 3552 εἷ’τουν
879 3500 1041 3570 σῶμα
1094 3499 1335 3571 Χριστοῦ
1391 3494 1625 3563 τέλειον,
1676 3495 1765 3550 καὶ
1819 3493 1954 3568 μετά
1979 3493 2042 3549 16

391 3587 564 3651 πάθος
620 3583 1024 3660 διαμεμενηκὸς
1049 3585 1139 3640 καὶ
1171 3582 1512 3659 ὀλόκληρον·
1545 3581 1670 3639 οὐδὲ
1692 3585 1792 3660 γὰρ
1851 3585 2040 3639 ὀστοῦν

395 3675 560 3732 αὐτοῦ
621 3669 940 3750 συνετρίϐη·
999 3675 1090 3729 καὶ
1143 3676 1244 3742 τῆς
1294 3672 1440 3736 θείας
1501 3679 1645 3744 ζωῆς
1705 3673 2040 3748 ἀχώριστον,

393 3769 645 3820 τοιοῦτον
691 3766 806 3819 οἷον
836 3761 997 3826 αὐτὸς
1040 3763 1068 3817 ὁ
1097 3766 1314 3838 πρῶτος
1342 3764 1504 3837 ἡμῶν
1530 3763 1620 3817 καὶ
1655 3761 1822 3839 μέγας
1855 3762 2044 3838 ἀρχιε-

399 3854 520 3927 ρεὺς
577 3853 668 3908 καὶ
745 3852 908 3920 θύτης
976 3851 1063 3907 καὶ
1141 3853 1287 3926 θῦμα
1357 3857 1476 3914 τοῖς
1539 3851 1762 3914 οἰκείοις
1822 3851 2047 3926 μύσταις

389 3940 724 4020 παρέδωκεν·
781 3941 934 3997 αὐτοί
971 3963 1030 3997 τε
1083 3940 1250 3997 πάλιν
1302 3942 1354 3995 οἱ
1398 3941 1490 3995 ἀπ’
1547 3942 1726 4017 ἀρχῆς
1784 3940 2045 3996 αὐτόπται

389 4035 491 4088 τοῦ
551 4030 732 4107 Λόγου
784 4030 876 4084 καὶ
927 4029 1192 4106 ὑπηρέται
1266 4033 1335 4102 τῇ
1413 4027 1684 4103 καθολικῇ
1751 4029 2049 4100 Ἐκκλησίᾳ

391 4123 464 4194 τῇ
522 4119 628 4176 ὰπὸ
701 4121 949 4195 περάτων
1023 4119 1128 4182 ἓως
1207 4119 1455 4192 περάτων
1523 4125 1623 4188 τῆς
1694 4117 2046 4190 οἲκουμένης,

390 4207 718 4286 παρέδοσαν·
749 4209 944 4270 πάντες
1005 4208 1101 4282 μὲν
1127 4211 1197 4281 τῇ
1241 4206 1292 4262 έν
1323 4205 1756 4282 Ἱεροσολύμοις,
1791 4203 1930 4260 ὅπου
1959 4206 2050 4261 καὶ

394 4299 424 4354 6
484 4303 628 4362 θεῖος
658 4292 916 4360 Ἰάκωϐος
949 4297 978 4352 6
1019 4301 1116 4352 106
1165 4295 1388 4373 πρώτου
1435 4295 1524 4350 καὶ
1578 4293 1820 4370 μεγάλου
1864 4296 2051 4371 ἀρχιε-

395 4385 535 4464 ρέως
567 4384 821 4465 ἀδελφὸς,
876 4385 968 4441 καὶ
999 4382 1262 4462 διάδοχος
1293 4387 1394 4456 τὴν
1451 4385 1735 4458 μυστικὴΨ
1766 4385 1852 4438 καὶ
1904 4384 2052 4439 ἀναί-

398 4495 603 4550 μακτον
655 4473 992 4551 λειτουργίαν
1055 4473 1279 4548 ἐξέθετο·
1343 4475 1548 4548 Πέτρος
1598 4471 1656 4528 δὲ
1703 4473 1790 4528 καὶ
1837 4471 2050 4534 Παῦλος

391 4564 466 4639 τῇ
517 4563 569 4619 ἰν
624 4565 960 4639 Ἀντιοχείᾳ·
1021 4563 1237 4626 Παῦλος
1295 4560 1354 4618 δὲ
1411 4559 1584 4633 ἰδίως,
1641 4561 1731 4617 καὶ
1789 4562 1935 4636 πάσῃ
1983 4564 2052 4635 τῇ

396 4653 716 4728 οἰκουμένῃ·
797 4653 1024 4730 Μάρκος
1099 4651 1157 4708 δὲ
1219 4651 1289 4727 τῇ
1346 4648 1741 4727 Ἀλεξανδρείᾳ’
1795 4650 2054 4721 Ἰωάννης

395 4741 489 4797 καὶ
534 4738 789 4816 ’Δνδρέας
846 4744 914 4815 τῇ
972 4739 1023 4794 έν
1071 4741 1229 4812 Ἀσίᾳ
1275 4740 1364 4794 καὶ
1422 4739 1677 4816 Εὐρώπῃ·
1727 4739 1818 4794 καὶ
1865 4741 2055 4802 πάντες

395 4834 467 4904 τῇ
527 4833 808 4905 πανταχοῦ
867 4828 1169 4901 Ἐκκλησίᾳ
1225 4827 1316 4883 διὰ
1370 4834 1473 4898 τῆς
1525 4828 1928 4906 συγγραφείσης
1975 4833 2056 4900 τῷ

401 4921 537 4994 ἱερῷ
569 4918 846 4994 Κλήμεντι
875 4918 1218 4994 λειτουργίας
1246 4914 1712 4993 παραδεδώκασιν·
1741 4915 1792 4971 ὲν
1823 4916 1859 4992 ᾖ
1889 4921 2058 4972 ταῦτα

405 5005 550 5063 οὕτω
582 5007 763 5084 ῥητῶς
794 5012 993 5064 κεῖται·

475 5121 504 5150 ‹‹
536 5097 901 5171 Μεμνημένοι
933 5097 1024 5152 οὖν
1074 5096 1146 5151 ὧν
1196 5093 1268 5150 δι’
1315 5098 1464 5168 ἡμᾶς
1526 5095 1832 5170 ὑπέμεινεν,
1893 5095 2058 5171 εὐχα-

404 5185 694 5262 ριστοῦμέν
751 5207 858 5255 σοι,
915 5187 1009 5242 Θεέ
1056 5186 1623 5261 παντοκράτορ,-οὐχ
1672 5185 1796 5240 ὅσον
1840 5184 2060 5263 ὀφείλο-

408 5297 530 5350 μεν,
590 5274 716 5332 άλλ’
774 5274 900 5331 ὅσον
960 5273 1250 5348 δυνάμεθα,
1305 5273 1396 5329 καὶ
1454 5275 1554 5343 τὴν
1616 5271 1848 5344 διάταξιν
1896 5271 2060 5328 αὐτοῦ

405 5363 760 5441 πληροῦμεν·
838 5365 921 5418 Ἐν
1097 5365 1198 5440 γὰρ
1261 5362 1410 5418 νυκτὶ
1466 5359 1815 5438 παρεδίδοτο,
1875 5357 2059 5418 λαϐὼν

408 5451 568 5528 ἄρτον
628 5456 747 5516 ταῖς
815 5452 990 5528 ἁγίαις
1059 5454 1148 5508 καὶ
1206 5452 1468 5526 ἀμώμοις
1521 5451 1685 5506 αὐτοῦ
1743 5449 1922 5525 χερσὶ,
1974 5451 2062 5505 καὶ

2149 3424 2310 3474 vum,
2344 3407 2464 3463 sive
2495 3424 2708 3480 corpus
2745 3407 2961 3463 Christi
3020 3414 3176 3481 quod
3235 3411 3558 3482 perfectum
3617 3413 3796 3469 etiam

2152 3503 2285 3569 post
2347 3497 2679 3568 passionem
2736 3498 3064 3567 permansit
3106 3506 3158 3552 el
3218 3499 3514 3572 integrum
3588 3502 3799 3573 (neque

2151 3585 2308 3642 enim
2332 3603 2397 3641 os
2427 3585 2556 3656 ejus
2581 3585 2897 3640 contritum
2928 3590 3038 3654 est)
3059 3591 3115 3642 et
3146 3588 3392 3643 adivina
3421 3589 3534 3645 vita
3563 3590 3800 3664 insepa-

2155 3675 2358 3741 rabile,
2393 3673 2566 3746 plane
2588 3673 2761 3745 quale
2791 3674 2916 3746 ipse
2939 3676 3166 3746 primus
3226 3683 3424 3732 noster
3454 3695 3521 3734 ac
3552 3695 3804 3752 magnus

2153 3763 2416 3820 Pontifex
2437 3768 2491 3818 et
2522 3763 2826 3819 sacriﬁcus
2855 3764 3231 3836 victimaque,
3252 3766 3376 3821 suis
3408 3767 3594 3838 ipsius
3629 3769 3804 3825 disci-

2155 3853 2314 3926 pulis
2344 3852 2618 3907 tradidit:
2653 3853 2810 3923 iique
2840 3853 3032 3908 denuo
3060 3855 3160 3925 qui
3201 3855 3273 3910 ab
3305 3855 3473 3911 initio
3505 3858 3631 3912 suis
3690 3857 3805 3929 ipsi

2157 3941 2344 3998 oculis
2374 3941 2629 3996 Verbum
2659 3941 2859 3996 intuiti
2915 3946 3075 4010 sunt,
3135 3943 3308 4014 eique
3356 3945 3800 4017 ministrarunt,

2158 4029 2457 4086 catholicas
2478 4029 2749 4087 Ecclesiae
2781 4031 2852 4086 ab
2873 4029 3152 4086 extremis
3185 4033 3253 4087 ad
3286 4039 3584 4090 extremos
3614 4053 3810 4107 usque

2159 4119 2319 4174 orbis
2341 4123 2631 4173 terrarum
2653 4118 2874 4174 limites
2894 4119 3268 4176 tradiderunt
3293 4137 3305 4176 :
3329 4138 3534 4178 omnes
3566 4125 3808 4196 quidem

2159 4205 2718 4278 Hierosolymitanae,
2753 4207 2854 4262 ubi
2887 4212 2948 4262 et
2977 4207 3148 4264 divus
3177 4209 3436 4266 Jacobus
3467 4212 3642 4283 primi
3694 4229 3810 4268 ma-

2160 4297 2380 4368 gnique
2422 4294 2718 4351 Pontiﬁcis
2768 4296 2947 4352 frater
3000 4313 3065 4351 ac
3117 4300 3445 4364 successor,
3503 4301 3812 4371 mysticam

2159 4384 2648 4456 incruentamque
2674 4384 2991 4457 Liturgiam
3023 4387 3318 4458 exposuit.
3353 4393 3562 4445 Petrus
3615 4395 3814 4446 autem

2163 4477 2220 4529 et
2249 4473 2465 4530 Paulus
2493 4473 2905 4530 Antiochensis
2931 4499 2946 4542 ;
2977 4477 3192 4532 Paulus
3238 4495 3372 4534 vero
3422 4479 3817 4550 peculiariter,

2165 4562 2290 4618 orbi
2322 4563 2638 4629 universo;
2672 4566 2924 4634 Marcus,
2957 4564 3401 4635 Alexandrinae;
3447 4569 3704 4626 Joannes
3762 4573 3821 4626 et

2164 4652 2446 4708 Andreas.
2479 4651 2635 4708 Asia:
2656 4657 2714 4707 et
2741 4653 2986 4726 Europae
3013 4671 3027 4722 ;
3053 4671 3376 4728 omnesque
3409 4659 3692 4713 universae
3714 4659 3818 4714 Ec-

2164 4741 2353 4797 clesiae
2384 4740 2722 4813 ubicunque
2753 4745 2852 4808 sit,
2877 4759 2980 4814 per
3003 4759 3131 4799 eam
3167 4761 3344 4816 quam
3396 4752 3638 4804 sanctus
3694 4747 3818 4804 Cle-

2165 4846 2333 4886 mens
2364 4830 2588 4886 conseri
2599 4831 2717 4902 psit
2747 4831 3506 4906 Liturgiam,tradiderunt;
3540 4854 3670 4908 quae
3703 4839 3820 4892 haec

2168 4920 2251 4974 ita
2273 4919 2344 4974 ad
2375 4918 2618 4975 verbum
2649 4919 2982 4976 habentur:

2242 5119 2270 5148 ‹‹
2298 5101 2580 5153 Memores
2620 5096 2801 5168 igitur
2829 5113 3030 5154 eorum
3066 5117 3193 5172 quae
3221 5107 3456 5175 propter
3484 5119 3591 5158 nos
3615 5117 3826 5174 passus

2171 5192 2277 5254 est,
2323 5186 2542 5259 gratias
2573 5186 2808 5258 agimus
2866 5187 2997 5254 tibi,
3054 5188 3210 5245 Deus
3254 5191 3647 5264 omnipotens,
3706 5207 3822 5246 non

2173 5281 2462 5349 quantum
2492 5275 2799 5340 debemus,
2835 5276 2935 5331 sed
2969 5282 3258 5347 quantum
3282 5281 3826 5351 possumus,etejus

2171 5369 2463 5422 statutum
2498 5363 2982 5434 adimplemuan
3002 5382 3112 5436 qua
3131 5368 3276 5422 enim
3306 5374 3463 5424 nocte
3481 5370 3821 5439 tradebatur,

2173 5455 2454 5526 accipiens
2509 5468 2711 5524 panem
2767 5453 2825 5507 in
2885 5457 3102 5510 sanctas
3139 5458 3190 5510 et
3239 5458 3632 5514 immaculatas
3698 5475 3828 5514 suas

479 5673 567 5752 (2)
594 5677 774 5752 Caute
798 5676 953 5750 lege:
989 5695 1126 5734 nam
1149 5695 1303 5750 aqua
1335 5694 1451 5734 non
1485 5681 1883 5745 consecralur,
1910 5676 2024 5733 nisi
2057 5676 2218 5750 prius
2250 5678 2309 5733 in
2341 5679 2616 5733 naturam
2648 5673 2766 5731 vini
2825 5691 3124 5749 conversa,
3179 5695 3285 5738 nec
3349 5686 3474 5739 tute
3536 5681 3820 5752 sentiunt,

413 5748 514 5820 qui
542 5748 882 5822 oppositum
914 5748 1210 5823 reputant.
