4130 6364
382 399 501 460 515

1415 396 1732 461 NICOLAI
1773 392 2337 460 METHONENSIS
2378 398 2736 464 EPlSCOPl

377 547 600 599 manus,
631 533 681 587 et
729 531 954 588 elevatis
994 531 1167 588 oculis
1221 530 1294 586 ad
1357 533 1410 585 te
1463 529 1635 586 Deum
1685 545 1750 586 ac
1801 531 1989 584 Patrer

2100 583 2112 594 _
2138 519 2444 619 ἀναϐλέψας
2511 530 2649 619 «pd;
2713 553 2772 589 σε
2827 535 2921 591 τὸν
2980 536 3109 594 Θεόν
3184 538 3352 595 αὐτοῦ’
3405 539 3494 596 καὶ
3550 543 3785 619 Πατέρα,

375 638 556 683 suum.
587 622 771 692 fregit,
804 621 1066 693 deditque
1094 620 1249 675 nobis
1279 618 1501 675 dicens:
1537 619 1774 690 Accipite
1823 632 1892 673 ea:
1937 633 2020 685 eo,

373 710 672 767 comedite:
723 712 832 767 Hoc
884 718 964 766 est
1005 725 1201 781 corpus
1249 725 1433 764 meum
1487 707 1629 779 quod
1674 723 1772 780 pro
1827 706 2021 762 multis

371 802 789 868 comminuitur,
822 802 879 854 in
895 801 1272 854 remissionem
1316 805 1683 868 peccatorum.
1743 795 2022 851 Similiter

372 894 429 945 et
448 889 689 945 calicem
721 905 787 944 ex
812 888 946 943 vino
978 892 1034 942 et
1081 904 1233 959 aqua
1291 890 1706 957 temperatum,
1755 885 2014 940 sanctiﬁ-

372 979 542 1044 cavit,
575 979 850 1048 deditque
883 977 1051 1032 nobis
1082 977 1320 1032 dicens:
1353 976 1536 1032 Bibite
1562 991 1632 1032 ea:
1684 991 1744 1032 e0
1791 991 2017 1036 omnes;

369 1069 460 1122 hic
477 1077 555 1123 cst
583 1067 823 1140 sanguis
851 1082 999 1120 meus
1021 1067 1118 1138 qui
1145 1081 1248 1136 pro
1283 1065 1478 1120 multis
1503 1065 1812 1137 offunditur
1843 1067 1899 1120 in
1939 1081 2020 1120 re-

367 1159 682 1212 missionem
712 1164 1072 1226 peccatorum.
1108 1157 1214 1210 Hoc
1240 1157 1406 1225 facite
1439 1155 1499 1210 in
1557 1170 1738 1210 meam
1781 1169 2018 1210 commc-

363 1247 745 1301 morationem.
781 1245 1064 1299 Memores
1100 1244 1280 1315 igitur
1310 1243 1607 1316 passionis
1624 1243 2014 1315 ejus,mortis,

365 1333 828 1400 resurecctionis,
863 1333 1086 1389 reditus
1117 1332 1176 1388 in
1200 1331 1376 1388 caelos
1397 1336 1454 1388 et
1501 1331 1684 1388 futuri
1740 1333 1868 1402 ejus
1919 1347 2012 1389 se-

361 1424 537 1482 cundi
569 1424 876 1492 adventus,
907 1421 968 1476 in
1026 1438 1142 1492 quo
1181 1421 1375 1477 veniet
1417 1421 1800 1492 judicaturus
1848 1421 2009 1478 vivos

359 1520 416 1571 et
447 1518 734 1579 mortuos,
767 1510 1221 1581 redditurusque
1241 1510 1454 1582 cuique
1473 1511 1800 1566 secundum
1833 1527 2010 1583 opera

359 1621 487 1670 sua,
520 1601 822 1658 offerimus
853 1599 957 1654 tibi
986 1599 1107 1670 regi
1139 1615 1206 1654 ao
1239 1604 1371 1666 Deo,
1405 1599 1726 1655 secundum
1758 1600 1886 1671 ejus
1915 1599 2006 1656 in-

357 1691 752 1756 stitutionem,
786 1704 997 1761 panem
1032 1687 1209 1758 hunc,
1243 1691 1301 1743 et
1338 1687 1494 1742 hunc
1553 1687 1818 1757 calicem,
1878 1705 2006 1762 gra-

352 1781 468 1837 tias
493 1780 602 1836 tibi
632 1795 734 1851 per
762 1793 898 1834 eum
929 1777 1356 1849 agentes,quod
1381 1793 1487 1832 nos
1519 1776 1698 1834 fueris
1724 1778 2002 1850 dignatus

2130 616 2220 669 καὶ
2285 615 2491 680 κλάσας
2558 615 2754 677 ἔδωκεν
2831 627 2988 698 ἡμῖν,
3061 627 3254 682 εἰπών’
3321 624 3528 686 Λάϐετε
3596 630 3648 702 ἐξ
3687 615 3783 688 αὐ-

2128 708 2245 796 τοῦ,
2305 707 2519 784 φάγετε,
2578 711 2740 766 τοῦτό
2793 711 2904 769 ἐστι
2960 716 3023 771 τὸ
3068 719 3226 790 σῶμά
3257 740 3363 792 μου
3391 719 3455 775 τὸ
3484 721 3609 796 περί
3640 719 3784 777 πολ-

2129 791 2240 848 λῶν
2293 797 2663 870 θρυπτόμενον
2742 802 2818 864 εἷς
2890 801 3074 880 ἄφεσιν
3145 791 3448 883 ἁμαρτιῶν.
3508 791 3784 874 Ὡσαύτως

2126 883 2216 938 καὶ
2264 884 2325 939 τὸ
2384 888 2647 962 ποτήριον
2705 893 2932 967 κεράσας
2991 893 3040 968 ἐξ
3099 893 3249 952 οἷ’νου
3303 898 3394 952 καὶ
3440 895 3658 970 ὕδατος,
3690 902 3777 956 καὶ

2127 971 2348 1046 ἁγιάσας
2394 973 2590 1033 ἔδῶκεν
2639 981 2774 1053 ἡμῖν
2829 981 3039 1058 λέγων,
3100 984 3256 1042 Πίετε
3313 984 3364 1056 ἐξ
3413 987 3582 1042 αὐτοῦ
3639 989 3781 1044 πάν-

2123 1082 2232 1149 τες,
2290 1063 2450 1119 τοῦτό
2527 1065 2637 1122 ἐστι
2707 1069 2770 1123 τὸ
2831 1070 2969 1145 αἷμά
3047 1093 3151 1146 μου
3228 1075 3290 1129 τὸ
3366 1075 3490 1149 περὶ
3548 1075 3776 1132 πολλῶν

2125 1148 2489 1227 ἐκχυνόμενον
2569 1154 2646 1218 εἷς
2716 1155 2899 1235 ἄφεσιν
2971 1161 3273 1237 ἁμαρτιῶν.
3349 1167 3513 1219 τοῦτο
3569 1171 3781 1222 ποιεῖτε

2124 1239 2200 1301 εἷς
2254 1242 2355 1309 τήν
2429 1242 2570 1316 ἐμὴν
2642 1245 2966 1320 ἀνάμνησιν.
3039 1250 3390 1326 Μεμνῃμένοι
3446 1251 3629 1310 τοίνυν
3678 1259 3778 1311 τοῦ

2121 1327 2328 1393 πάθους
2383 1330 2546 1388 αὐτοῦ
2601 1333 2690 1389 καὶ
2746 1341 2842 1392 τοῦ
2901 1338 3163 1412 θανάτου,
3224 1340 3314 1396 καὶ
3380 1349 3481 1412 τῆς
3540 1342 3776 1400 ἀναστά-

2121 1439 2277 1487 σεως,
2311 1419 2399 1475 καὶ
2455 1426 2554 1488 τῆς
2612 1423 2688 1486 εἲς
2744 1425 3004 1501 οὐρανοὺς
3031 1426 3318 1499 έπανόδοὺ,
3351 1430 3441 1486 καὶ
3479 1437 3583 1502 τῆς
3634 1431 3775 1506 μελε

2121 1506 2325 1579 λούσης
2379 1509 2544 1566 αὐτοῦ
2621 1510 2869 1588 δευτέρας
2943 1517 3264 1592 παρουσίας,
3341 1519 3396 1574 ἰν
3453 1521 3493 1591 ᾗ
3548 1519 3769 1596 ἔρχεται

2115 1602 2289 1671 κρῖναι
2343 1600 2545 1668 ζῶντας
2599 1600 2688 1656 καὶ
2743 1604 3003 1677 νεκροὺς,
3062 1607 3153 1661 καὶ
3212 1605 3510 1664 ἀποδοῦναι
3559 1609 3769 1683 ἑκάστῳ

2113 1687 2248 1740 κατὰ
2296 1689 2364 1741 τὰ
2420 1686 2553 1765 ἔργα
2607 1690 2792 1765 αὐτοῦ,
2853 1695 3233 1771 προσφέρομεν
3292 1717 3379 1752 σοι
3419 1701 3499 1770 τῷ
3550 1697 3771 1774 βασιλεῖ

2111 1775 2201 1829 καὶ
2259 1780 2396 1848 Θεῷ,
2429 1777 2564 1834 κατὰ
2606 1780 2706 1849 τὴν
2757 1781 2924 1838 αὐτοῦ
2972 1780 3233 1855 διάταξιν,
3283 1786 3374 1842 τὸν
3419 1785 3582 1860 ἄρτον
3641 1791 3770 1843 τοῦ-

355 1871 591 1926 adstare
619 1883 819 1924 coram
869 1870 926 1921 te
947 1869 1004 1921 et
1032 1865 1137 1920 tibi
1167 1865 1514 1922 sacriﬁcare.
1548 1867 1617 1922 Et
1637 1872 1694 1923 te
1725 1884 1989 1940 rogamus

2108 1883 2224 1932 τον,
2277 1866 2365 1920 καὶ
2423 1867 2486 1921 τὸ
2565 1870 2830 1943 ποτήριον
2907 1872 3092 1941 τοῦτο,
3169 1873 3616 1949 εὐχαριστοῦντες
3681 1897 3768 1931 σοι

353 1963 419 2015 ut
445 1957 696 2030 prepitio
728 1970 1060 2026 serenoque
1089 1954 1259 2010 vultu
1307 1955 1586 2027 respicias
1641 1973 1820 2028 supra
1879 1956 2002 2013 hteo

348 2046 648 2120 proposita
677 2045 830 2099 dona
861 2059 1057 2099 coram
1089 2047 1166 2110 te,
1201 2047 1266 2098 tu
1316 2044 1417 2115 qui
1465 2043 1688 2101 nullius
1746 2045 1999 2118 indiges,

347 2141 500 2193 Deus
533 2152 547 2190 :
578 2139 634 2190 et
658 2133 765 2189 tibi
795 2131 1210 2204 complacitum
1243 2132 1320 2189 sit
1353 2133 1414 2188 in
1445 2133 1532 2190 eis
1591 2135 1660 2190 ad
1715 2134 1998 2193 honorem

345 2225 565 2281 Christi
596 2223 704 2291 tui,
729 2228 788 2278 et
819 2215 1341 2294 mittere'digneris
1367 2228 1636 2279 sanctum
1670 2228 1838 2280 tuum
1869 2226 1996 2297 Spi-

347 2314 525 2369 ritum
557 2328 736 2384 super
773 2312 881 2366 hoo
940 2310 1321 2378 sacriﬁcium,
1381 2317 1595 2368 testem
1644 2315 1992 2384 passionum

348 2401 578 2457 Domini
608 2401 845 2467 Jesu,ut
865 2398 1082 2455 efﬁciat
1110 2416 1317 2470 panem
1345 2399 1744 2474 huno,corpus
1775 2402 1992 2460 Christi

347 2490 433 2550 tui
459 2508 472 2566 ;
505 2495 563 2546 et
593 2489 830 2546 calicem
855 2487 1036 2559 hunc,
1068 2488 1420 2565 sanguinem
1451 2490 1666 2548 Christi
1694 2491 1848 2548 tui.»

412 2767 483 2823 Et
510 2767 720 2822 iterum
746 2780 997 2838 magnus
1029 2763 1128 2820 ille
1159 2764 1418 2821 Paulus:
1471 2766 1585 2832 Ego
1616 2765 1797 2836 accepi
1819 2780 1854 2819 a
1883 2765 1986 2819 Do-

338 2857 490 2913 mino
533 2854 675 2926 quod
719 2857 772 2911 et
817 2850 1027 2910 tradidi
1080 2849 1267 2906 vobis:
1315 2848 1459 2920 quod
1515 2851 1777 2906 Dominus
1832 2853 1988 2908 Iesus

338 2947 403 3001 in
441 2961 550 3016 qua
596 2946 755 2998 nocte
803 2938 1137 3009 tradebatur,
1186 2940 1400 3009 accepit
1453 2954 1674 3011 panem,
1721 2947 1773 2996 et
1829 2941 1986 2996 bene-

337 3033 501 3101 dixit,
531 3033 724 3105 fregit,
756 3030 1050 3102 dixitque:
1079 3030 1340 3101 Accipite,
1398 3027 1706 3091 comedite;
1763 3029 1861 3084 hoc
1906 3031 1983 3084 est

333 3139 526 3194 corpus
552 3137 738 3177 meum
767 3120 912 3191 quod
928 3133 1027 3190 pro
1055 3119 1204 3176 vobis
1231 3120 1538 3190 frangitur.
1560 3120 1667 3174 Hoc
1701 3119 1871 3191 facite
1897 3118 1983 3172 in-

331 3229 512 3272 meam
541 3210 1133 3270 commemorationem.
1177 3211 1639 3281 Quotiescumque
1668 3211 1830 3265 enim
1887 3224 1979 3264 co-

2116 1949 2186 2006 δι⁹
2233 1952 2417 2026 αὐτοῦ,
2467 1954 2550 2034 ἐφ’
2596 1959 2677 2019 οἷς
2734 1959 3073 2030 κατηξίωσας
3117 1963 3265 2035 ἡμᾶς
3290 1961 3761 2020 έστάναιένώπιόν

2112 2062 2208 2096 σου
2263 2043 2352 2098 καὶ
2424 2045 2712 2118 ἱερατεύειν
2789 2067 2895 2103 σοι·
2973 2050 3064 2104 καὶ
3139 2051 3393 2124 ἀξιοῦμέν
3461 2072 3540 2124 σε,
3611 2051 3764 2116 ὅπως

2108 2129 2346 2204 εὐμενῶς
2394 2129 2715 2210 ἐπιϐλέψοις
2773 2135 2860 2190 ἐπὶ
2903 2139 2973 2193 τὰ
3025 2138 3359 2214 προκείμενα
3399 2136 3549 2212 δῶρα
3593 2145 3766 2197 ταῦτα

2106 2218 2335 2276 ἐνώπιόν
2398 2245 2512 2292 σου,
2575 2222 2637 2278 σὺ
2699 2225 2727 2279 ὁ
2775 2224 3025 2296 ἀνενδεὴς
3081 2229 3230 2298 Θεὸς,
3288 2229 3379 2285 καὶ
3438 2226 3764 2301 εὐδοκήσοις

2106 2307 2190 2363 ἐπ’
2239 2311 2423 2374 αὐτοῖς
2453 2313 2528 2374 εἷς
2584 2315 2752 2387 τιμὴν
2783 2319 2880 2370 τοῦ
2910 2317 3146 2392 Χριστοῦ
3178 2336 3294 2372 σου·
3338 2317 3430 2374 καὶ
3477 2320 3764 2392 καταπέμ-

2103 2401 2227 2472 ψοις
2255 2401 2316 2454 τὸ
2347 2401 2495 2477 ἅγιόν
2547 2422 2642 2456 σου
2702 2408 2924 2478 Πνεῦμα
2981 2403 3068 2460 ἐπὶ
3125 2408 3227 2476 τήν
3285 2408 3474 2462 θυσίαν
3529 2407 3758 2478 ταύτην,

2099 2489 2191 2542 τὸν
2221 2488 2466 2566 μάρτυρα
2501 2494 2607 2546 τῶν
2637 2493 2977 2564 παθημάτων
3007 2499 3105 2550 τοῦ
3136 2495 3333 2572 Κυρίου
3364 2497 3568 2571 Ἰησοῦ,
3604 2496 3759 2561 ὅπως

2102 2578 2377 2654 ἀποφήνοι
2407 2579 2498 2634 τὸν
2528 2577 2688 2661 ἄρτον
2719 2585 2932 2652 τοῦτον,
2968 2587 3129 2657 σῶμα
3149 2589 3245 2640 τοῦ
3274 2586 3508 2661 Χριστοῦ
3539 2605 3660 2655 σου,
3692 2586 3756 2642 τὸ

2099 2669 2362 2744 ποτήριον
2393 2673 2575 2741 τοῦτο,
2608 2671 2746 2742 αἷμα
2771 2675 2869 2726 τοῦ
2898 2677 3130 2748 Χριστοῦ
3161 2694 3284 2744 σου,

2171 2757 2274 2812 Καὶ
2299 2758 2522 2813 πάλινὸ
2584 2760 2747 2834 μέγας
2807 2760 3044 2824 Παῦλος·
3098 2763 3242 2838 Ἐγὼ
3297 2760 3608 2840 παρέλαϐον
3641 2765 3749 2821 ἀπὸ

2093 2844 2190 2900 τοῦ
2247 2848 2470 2923 Κυρίου,
2532 2848 2561 2903 ’ὀ
2615 2849 2705 2904 καὶ
2763 2847 3052 2924 παρέδωκα
3105 2851 3255 2925 ὑμῖν,
3315 2850 3400 2910 ὅτι
3463 2854 3493 2908 6
3544 2853 3746 2927 Κύριος

2096 2937 2306 3006 Ἰησοῦς
2364 2936 2417 2993 έν
2468 2941 2536 3011 τῇ
2608 2938 2760 2994 νυκτὶ
2903 2937 3253 3016 παρεδίδοτο,
3307 2936 3498 2997 ἔλαϐεν
3557 2940 3741 3019 ἄρτον,

2090 3026 2180 3082 καὶ
2253 3025 2671 3103 εὐχαριστήσας,
2747 3025 2942 3085 ἔκλασε
3013 3029 3103 3084 καὶ
3167 3029 3303 3086 εἶπε·
3363 3025 3592 3108 Λάϐετε,
3639 3031 3737 3108 φά-

2089 3137 2233 3192 γετε,
2285 3115 2446 3172 τοῦτό
2482 3138 2586 3188 μου
2643 3115 2756 3172 ἐστὶ
2785 3118 2847 3172 τὸ
2896 3122 3055 3193 σῶμα
3108 3120 3172 3174 τὸ
3230 3121 3362 3194 ὑπὲρ
3408 3121 3556 3193 ὑμῶν
3583 3118 3727 3174 κλώ-

2094 3223 2276 3280 μενον⁶
2353 3210 2516 3261 τοῦτο
2591 3211 2799 3262 ποιεῖτε
2871 3206 2948 3270 εἷς
3015 3208 3114 3277 τὴν
3187 3206 3327 3283 έμὴν
3401 3208 3727 3283 ἀνάμνησιν.

330 3306 550 3362 meditis
575 3319 779 3376 panem
806 3300 975 3366 hunc,
1003 3305 1059 3356 et
1085 3261 1318 3356 calicem
1347 3300 1492 3355 hunc
1521 3261 1978 3368 biibitis,mortem

2100 3263 2304 3357 τΟσιπὶκις
2361 3295 2462 3371 γὰρ
2522 3294 2582 3350 ἂν
2636 3294 2852 3366 ἐσθίητε
2897 3298 2989 3351 τὸν
3046 3261 3230 3372 ὀίρτον⁸
3263 3261 3611 3371 τοῦτον,.καί
3666 3298 3738 3353 τὸ.

324 3395 548 3452 Domini
574 3391 944 3460 annuntiatis,
978 3392 1152 3446 donec
1173 3392 1356 3446 veniat
1383 3391 1448 3444 ιθ.
1480 3389 1542 3444 Si
1567 3405 1698 3444 vero
1748 3404 1978 3453 censes,

320 3481 432 3538 hoe
462 3480 616 3553 quod
647 3497 681 3534 a
709 3477 880 3534 nobis
912 3477 1235 3550 perficitur,
1264 3477 1367 3532 illo
1399 3477 1600 3532 minus
1630 3474 1978 3541 esse,nescis

320 3569 622 3625 Christum
670 3566 848 3623 etiam
906 3565 1016 3622 hoe
1075 3571 1334 3639 tempore
1391 3565 1644 3638 operari,
1705 3579 1978 3636 nuncque

324 3659 562 3720 adesse;
597 3661 706 3714 Ero
736 3658 885 3713 enim
914 3657 1189 3712 vobiscum
1220 3657 1342 3712 dies
1380 3657 1672 3711 universos
1728 3655 1799 3710 ad
1856 3670 1978 3710 con-

318 3749 748 3804 summationem
776 3761 950 3818 usque
980 3746 1176 3803 saeculi
1199 3746 1264 3812 υ,
1326 3743 1628 3816 pollicitus
1684 3747 1792 3799 est.
1857 3743 1975 3798 Iloc

317 3838 458 3894 item
480 3835 830 3908 mysterium
855 3849 1230 3905 summopere
1247 3834 1551 3888 admirans
1574 3831 1745 3903 quasi
1769 3833 1974 3886 obstu-

318 3927 584 3999 pefactus
615 3925 784 3980 divus
813 3922 1155 3995 Apostolus,
1189 3939 1322 3978 cum
1356 3922 1567 3976 timore
1599 3919 1702 3976 Dei
1745 3937 1809 3977 ac
1861 3921 1975 3975 ﬁde

315 4020 383 4070 ut
412 4015 584 4086 digne
600 4012 649 4068 ei
681 4011 1106 4085 participemus
1137 4011 1502 4079 adhortatur,
1527 4015 1585 4067 et
1614 4009 1973 4082 supplicium

311 4101 734 4175 transgressori
792 4102 1034 4157 deﬁnit:
1101 4101 1420 4172 Quicunque
1479 4101 1797 4168 comederit,
1882 4100 1971 4155 in-

312 4196 544 4266 quiens,
575 4208 777 4264 panem
808 4191 974 4257 hunc,
1005 4194 1101 4247 aut
1134 4191 1334 4247 biberit
1351 4191 1584 4245 calicem
1605 4190 1829 4245 Domini
1884 4192 1971 4244 in-

313 4283 503 4354 digne,
537 4298 662 4338 reus
684 4283 788 4337 erit
818 4283 1068 4352 corporis
1093 4284 1144 4337 et
1172 4280 1472 4352 sanguinis
1518 4279 1742 4334 Domini
1790 4278 1854 4333 η.
1912 4279 1972 4333 Id

312 4373 555 4445 perinde
585 4376 697 4435 est,
727 4387 794 4427 ac
825 4371 875 4427 si
924 4371 1135 4426 dixerit
1191 4370 1336 4442 (divi
1399 4366 1802 4438 Chrysostomi
1841 4383 1973 4423 sen-

312 4461 519 4532 tentia)
536 4476 548 4514 :
571 4461 830 4525 Quemad
841 4461 970 4515 mod
984 4477 1081 4514 um
1097 4458 1338 4513 tradidit
1353 4457 1593 4528 quidem
1616 4471 1752 4510 eum
1766 4455 1971 4522 Judae,

313 4562 374 4619 in
407 4566 543 4605 eum
582 4565 718 4605 vero
766 4548 1100 4620 petulanter
1157 4545 1496 4601 debacchati
1555 4548 1698 4598 sunt
1744 4543 1972 4602 Judtei:

2087 3386 2351 3458 ποτήριον
2407 3388 2570 3439 τοῦτο
2623 3385 2832 3456 πίνητε,
2902 3387 2996 3441 τὸν
3079 3388 3303 3444 θάνατον
3369 3391 3467 3443 τοῦ
3536 3385 3743 3464 Κυρίου

2086 3471 2489 3550 καταγγέλλετε
2544 3471 2706 3550 ἄχρις
2758 3474 2819 3529 οὗ
2877 3472 2938 3529 ἃν
3004 3470 3135 3551 ἔλθῃ
3165 3522 3177 3535 ,
3236 3476 3302 3535 Ei
3377 3475 3438 3533 δὲ
3496 3477 3749 3538 ὑπονοεῖς

2085 3567 2248 3618 τοῦτο
2304 3564 2367 3618 τὸ
2415 3565 2542 3639 παρ’
2607 3565 2767 3636 ἡμῶν
2825 3562 3248 3639 έπιτελούμενον
3319 3561 3544 3622 ἔλαττον
3607 3565 3740 3621 εἶναι

2087 3649 2313 3724 ἐκείνου,
2347 3650 2446 3707 οὐκ
2505 3649 2654 3714 οἶδας
2713 3652 2797 3707 ’ὁτι
2863 3653 2892 3707 6
2925 3653 3161 3728 Χριστὸς
3217 3656 3305 3710 καὶ
3366 3659 3458 3710 νῦν
3518 3654 3750 3730 ἐνεργεῖ,

2086 3741 2177 3796 καὶ
2252 3745 2344 3796 νῦν
2415 3743 2694 3816 πάρεστιν·
2774 3743 3006 3814 ’Έσομαι
3082 3743 3186 3819 γὰρ
3250 3747 3366 3816 μεθ’
3435 3745 3592 3818 ὑμῶν
3649 3745 3749 3806 τὰς

2085 3831 2299 3904 ἡμέρας
2359 3829 2566 3892 ἁπάσας
2644 3827 2776 3906 ἄχρι
2850 3838 2950 3900 τῆς
3004 3831 3312 3895 συντελείας
3364 3836 3462 3887 τοῦ
3520 3831 3746 3897 αῗῶνος,

2085 3916 2470 3993 ἐπηγγείλατο.
2528 3924 2696 3974 Τοῦτο
2725 3921 2787 3974 τὸ
2822 3922 3119 3996 μυστήριον
3150 3919 3315 3976 πάλιν
3359 3919 3738 3995 ὑπερεκπλητ-

2082 4007 2308 4082 τόμενος
2359 4009 2387 4063 6
2444 4012 2586 4072 θεῖος
2633 4007 2997 4081 ’Λπόστολος,
3052 4009 3186 4084 μετᾶ
3243 4005 3416 4089 φόϐου
3465 4014 3600 4067 Θεοῦ
3653 4010 3747 4066 καὶ

2083 4096 2316 4159 πίστεως
2383 4096 2541 4168 ἀξίως
2617 4099 2766 4170 ἡμᾶς
2831 4099 2996 4153 αὑτοῦ
3077 4097 3321 4174 μετέχειν
3377 4099 3745 4174 παρακελεύε-

2081 4207 2193 4254 ται,
2250 4187 2340 4240 καὶ
2398 4185 2667 4261 τιμωρίαν
2726 4191 2824 4240 τοῦ
2883 4183 3317 4262 παραϐαίνοντος
3384 4189 3741 4266 ἀφορίζεται·

2085 4276 2183 4337 Ὃς
2251 4274 2310 4330 ἂν
2381 4273 2550 4350 ἐσθίῃ,
2609 4274 2804 4352 λέγων,
2860 4276 2952 4332 τὸν
3012 4274 3171 4352 ἄρτον
3229 4281 3446 4349 τοῦτον,
3509 4278 3545 4346 ἢ
3606 4279 3740 4352 πίνῃ

2085 4366 2147 4420 τὸ
2205 4367 2470 4440 ποτήριον
2544 4368 2642 4420 τοῦ
2717 4364 2923 4439 Κυρίου
3000 4365 3252 4439 ἀναξίως,
3329 4365 3524 4444 ἔνοχος
3600 4366 3750 4422 ἔσται

2084 4459 2182 4514 τοῦ
2240 4454 2495 4526 σώματος
2536 4453 2626 4508 καὶ
2671 4458 2767 4508 τοῦ
2817 4453 3047 4527 αἵματος
3104 4459 3203 4510 τοῦ
3250 4456 3474 4529 Κυρίου.
3536 4456 3749 4512 Ταύτὸν

2088 4541 2147 4597 δὲ
2203 4542 2372 4597 εἰπεῖν
2433 4543 2588 4616 (κατὰ
2638 4543 2730 4598 τὸν
2783 4544 2925 4598 θεῖον
2985 4542 3398 4618 Χρυσόστομον)
3431 4592 3447 4617 ,
3504 4545 3750 4622 καθάπερ

315 4639 399 4694 ita
431 4639 711 4694 dedecore
733 4643 791 4693 et
819 4637 1068 4692 infamia
1086 4651 1220 4690 eum
1242 4635 1529 4699 afﬁciunt,
1564 4631 1664 4703 qui
1687 4633 1986 4688 sanctissi-

2100 4628 2375 4706 παρέδωκε
2454 4632 2550 4704 μὶν
2628 4631 2785 4686 αὐτὸν
2847 4629 3076 4705 Ἰούδας,
3155 4632 3506 4710 έπαρῴνησαν
3567 4631 3625 4690 δὲ
3671 4634 3750 4698 εἰς

321 4745 485 4784 mum
518 4728 646 4798 eius
668 4744 881 4799 corpus
914 4725 1154 4796 indigne
1185 4739 1281 4780 ore
1314 4725 1581 4790 sumunt,
1642 4725 1698 4776 et
1749 4724 1977 4794 corpori

311 4820 624 4874 admovent
650 4818 906 4887 impuro.
942 4819 1145 4884 Itaque
1201 4811 1417 4883 inquit,
1477 4811 1676 4866 Probet
1732 4813 1978 4883 seipsum

315 4905 472 4960 homo
492 4922 513 4966 ;
545 4921 661 4960 non
693 4903 841 4958 alter
872 4901 1146 4966 alterum,
1180 4900 1290 4954 hoc
1333 4899 1490 4953 enim
1544 4899 1812 4968 judicare
1868 4905 1974 4967 est,

311 4995 413 5050 sed
448 4993 704 5066 primum
739 4991 990 5061 quisque
1023 4988 1285 5060 seipsum
1315 5005 1327 5043 :
1361 4993 1413 5042 et
1437 4989 1516 5043 sic
1544 4988 1610 5042 de
1635 5003 1781 5056 pane
1809 4989 1974 5045 edat:

312 5083 452 5140 etde
481 5083 650 5138 calice
671 5080 842 5135 bibat.
899 5079 1006 5146 Qui
1061 5079 1211 5133 enim
1250 5077 1548 5134 manducet
1592 5080 1647 5132 et
1695 5079 1833 5133 bibit
1885 5082 1976 5134 in-

312 5173 496 5241 digne,
522 5169 815 5242 judicium
843 5169 956 5223 sibi
984 5167 1278 5224 manducat
1311 5176 1366 5222 et
1407 5167 1563 5232 bibit,
1595 5182 1708 5222 non
1763 5167 1976 5238 dijudi-

313 5277 462 5326 cans,
491 5259 601 5314 hoc
641 5263 750 5325 est,
813 5258 1182 5327 perpendens
1226 5263 1283 5311 et
1340 5257 1722 5327 considerans
1774 5272 1975 5328 corpus

315 5349 546 5406 Domini
575 5347 620 5382 ¹⁶
652 5346 1044 5416 propositum.
1079 5346 1242 5412 Quod
1275 5345 1323 5401 si
1378 5345 1451 5410 is,
1507 5345 1605 5416 qui
1664 5361 1767 5415 per
1812 5362 1874 5400 se
1914 5347 1973 5402 in

318 5435 555 5506 aliquod
596 5434 993 5490 humanorum
1015 5434 1291 5490 vitiorum
1315 5433 1594 5505 delapsus
1624 5439 1737 5502 est,
1767 5439 1824 5489 et
1882 5435 1972 5490 in-

320 5524 571 5580 discrete
601 5523 869 5592 accessit,
903 5527 968 5579 ut
998 5523 1239 5597 indigne
1283 5522 1754 5591 communioans,
1813 5527 1977 5582 tanta

391 5736 438 5774 ¹²
467 5737 488 5793 Ι
516 5737 643 5795 Cor.
670 5757 748 5808 x1,
780 5738 872 5808 23,
901 5739 991 5798 24.
1016 5741 1108 5796 27.
1189 5739 1233 5780 ιδ
1263 5738 1469 5799 Matth.
1500 5754 1697 5812 xxvm,
1718 5739 1809 5796 20.
1891 5741 1934 5780 ιδ
1964 5741 1987 5801 Ι

2100 5757 2147 5800 r.
2175 5756 2257 5808 xx,
2287 5739 2378 5798 27.

2089 4719 2248 4774 αὐτὸν
2332 4717 2608 4789 Ἰουδαῖοι,
2685 4719 2859 4783 οὕτως
2942 4721 3295 4794 ἀτιμάζουσιν
3353 4723 3515 4779 αὐτὸν
3575 4724 3628 4778 οἱ
3683 4725 3746 4779 τὸ

2087 4809 2343 4884 πανάγιον
2379 4807 2544 4863 αὐτοῦ
2602 4813 2763 4880 σῶμα
2790 4808 3018 4881 ἀναξίως
3046 4814 3127 4882 τῷ
3157 4811 3388 4883 στόματι
3423 4807 3741 4886 δεχόμενοι,

2085 4898 2176 4952 καὶ
2233 4898 2408 4972 ἐναγεῖ
2461 4898 2861 4972 προσφέροντες
2919 4899 3154 4970 σώματι.
3219 4899 3311 4954 Διό
3370 4919 3524 4978 qrun
3583 4907 3743 4954 Δοκι-

2092 4988 2305 5060 μαζέτω
2364 4983 2663 5061 ἄνθρωπος’
2703 4985 2930 5055 ἑαυτὸν,
2984 4985 3091 5062 οὐχ
3147 4983 3330 5064 ἕτερος
3381 4988 3472 5043 τὸν
3533 4984 3736 5064 ἕτερον·

2084 5080 2246 5130 τοῦτο
2298 5075 2398 5150 γὰρ
2445 5080 2623 5150 κρῖναι
2671 5070 2831 5130 ἔστιν·
2886 5073 3032 5131 ἀλλὰ
3080 5080 3308 5151 ’πρῶτον
3339 5073 3565 5139 ἕκαστος
3617 5077 3736 5132 δαυ-

2083 5164 2198 5219 τύν”
2230 5164 2333 5221 Καὶ
2387 5163 2559 5226 οὕτως
2592 5163 2652 5218 έκ
2699 5167 2796 5219 τοῦ
2850 5163 3015 5240 ἄρτου
3073 5164 3316 5234 ἐσθιέτω,
3378 5165 3467 5222 καὶ
3525 5166 3584 5221 έκ
3634 5166 3728 5218 τοῦ

2083 5253 2360 5328 ποτηρίου
2417 5254 2618 5308 πινέτω
2653 5273 2664 5285 ⁸
2745 5253 2772 5307 6
2825 5274 2928 5329 γαρ
2987 5253 3178 5309 ἐσθίων
3238 5257 3326 5310 καὶ
3385 5256 3555 5310 πίνων
3611 5254 3734 5308 ἀνα-

2085 5344 2232 5414 ξίως,
2304 5347 2478 5416 κρῖμα
2531 5343 2704 5414 ἑαυτῷ
2760 5341 2924 5407 ἐσθίει
3000 5342 3088 5398 καὶ
3158 5342 3324 5413 πίνει,
3383 5346 3460 5417 μὴ
3523 5340 3735 5418 διακρί-

2082 5455 2207 5501 νων,
2259 5430 2532 5487 τουτέστιν
2587 5430 2840 5501 ἐξετάζων
2901 5432 2990 5487 xui
3050 5430 3246 5488 ἰννοῶν
3305 5435 3367 5489 τὸ
3421 5438 3583 5505 σῶμα
3641 5435 3738 5487 τοῦ

2085 5521 2287 5598 Κυρίου
2341 5518 2700 5596 προκείμενον
2733 5562 2748 5578 .
2806 5521 2870 5575 El.
2931 5518 2988 5576 δὲ
3041 5522 3069 5576 ὁ
3121 5523 3243 5577 καθ’
3300 5522 3486 5578 ἑαυτὸν
3542 5521 3597 5578 ἓν
3632 5541 3742 5576 τινι

2481 5738 2526 5775 ¹⁸
2557 5737 2700 5795 ibid.
2732 5737 2824 5797 28.
2854 5739 2943 5795 29.
