4130 6380
347 404 466 467 891

1732 400 1815 463 IN
1858 399 2079 459 PSAL.
2127 396 2402 458 XLVIII.

344 554 455 591 ται·
516 530 806 609 ἅνθρωπος
857 532 936 607 δὲ,
1000 534 1059 590 τὸ
1116 534 1169 589 ἐν
1227 533 1421 609 κόσμῳ
1479 532 1697 607 ἄριστον
1749 534 1912 601 ζῶον,
1945 528 2011 584 τὸ

2136 546 2243 602 gna
2294 530 2614 601 productis,
2654 533 2726 587 ad
2787 548 3037 604 quorum
3096 535 3526 597 incrementum
3584 557 3777 617 neque

345 627 444 680 τοῦ
497 626 631 678 Θεοῦ
690 619 872 699 ἔργον,
933 624 995 679 τὸ
1044 622 1121 686 εἰς
1176 621 1449 699 ἐργατείαν
1526 622 1726 687 ἐκεῖθεν
1796 619 2006 697 εὐφυὲς,

347 714 412 770 τὸ
446 714 523 786 μὴ
584 710 914 787 τεταγμένον
947 710 1459 781 ἀναπίπτειν,ἀλλὰ
1501 711 1591 767 καὶ
1643 711 1720 771 εἰς
1767 708 2012 778 ἀεικινη-

356 802 475 859 σίαν
507 797 916 878 παραγγέλλον,
947 801 1036 856 ὅτε
1067 798 1360 856 διατίθεται
1381 805 1607 877 νοερῶς,
1629 799 1718 855 καὶ
1738 796 2010 866 κοπιάσει,

356 891 448 948 καὶ
481 888 713 966 ἴδρῶτας
752 890 1010 965 ἐκκρινεῖ,
1069 890 1159 946 καὶ
1202 891 1499 962 πονήσεται
1541 889 1712 945 καλὸν
1760 893 2008 957 ποιῆσαιο

357 979 449 1036 καὶ
499 978 640 1035 οὕτω
694 977 932 1053 τεύξεται
978 986 1078 1050 τῆς
1125 977 1379 1058 ἐφέσεως,
1431 978 1538 1056 οὐχ
1595 977 1806 1047 ἀπλῶς,
1867 973 2013 1032 ἀλλὰ

363 1063 976 1142 συνεπιλαμϐανομένου
1007 1072 1163 1126 Θεοῦ.

2123 621 2340 686 aratro,
2374 634 2566 691 neque
2625 626 2887 677 semente
2945 638 3094 694 opus
3150 630 3260 690 est,
3306 630 3362 681 et
3418 630 3636 701 quibus
3691 631 3781 688 vis

2120 706 2317 762 vitalis
2350 707 2409 763 in
2458 708 2819 765 animalibus
2868 717 3296 768 conservatur:
3331 715 3508 774 homo
3557 724 3780 789 autem,

2122 796 2343 852 animal
2394 797 2453 852 in
2510 797 2620 853 hac
2666 802 2823 854 terra
2874 802 3453 875 praestantissimum,
3487 824 3636 881 opus
3681 811 3780 866 Dei

2123 885 2192 941 ad
2226 902 2402 957 opera
2453 886 2650 942 divina
2697 889 3099 959 aptissimum,
3137 892 3331 959 homo,
3369 895 3630 967 inquam,
3662 917 3779 955 non

2125 975 2195 1030 ad
2284 975 2781 1046 languescendum
2869 980 3254 1050 compositus,
3320 985 3416 1040 sed
3504 988 3782 1044 continuo

2124 1063 2308 1118 motui
2360 1063 2716 1135 destinatus,
2750 1067 2985 1137 quando
3036 1070 3402 1128 rationaliter
3431 1073 3591 1143 vivit,
3626 1092 3782 1132 sem-

360 1178 464 1234 per
490 1159 800 1228 laborabit,
832 1166 891 1216 et
921 1160 1239 1217 sudoribus
1270 1159 1552 1228 madebit,
1588 1163 1646 1216 et
1673 1159 1897 1214 bonum
1929 1155 2118 1211 facere
2150 1153 2486 1221 contendet,
2518 1160 2690 1225 atque
2721 1155 2830 1211 hoc
2879 1158 3052 1214 modo
3084 1159 3154 1215 ad
3188 1160 3518 1219 desiderata
3549 1170 3784 1237 perten-

361 1249 477 1319 det,
509 1265 624 1304 non
657 1247 1010 1322 simpliciter
1038 1266 1143 1321 per
1171 1266 1255 1318 se,
1287 1249 1388 1305 sed
1422 1249 1736 1321 adjuvante
1770 1251 1901 1301 Deo.

435 1336 502 1413 β’.
534 1335 597 1391 Εἰ
631 1333 677 1390 δ’
735 1334 817 1390 ὅτι
876 1336 1146 1411 κυριεύειν
1200 1357 1309 1391 των
1369 1334 1458 1390 ἐπὶ
1514 1342 1617 1410 γῆς
1672 1333 1831 1395 αὐτὸς
1858 1334 2014 1387 τέτα-

359 1445 504 1492 κται,
554 1423 699 1496 ἀξιοῖ
752 1423 1019 1497 ἀνεῖσθαι,
1073 1424 1163 1480 καὶ
1212 1425 1359 1490 θέλει
1410 1425 1739 1497 ἀνακεῖσθαι,
1789 1422 1880 1479 καὶ
1938 1422 2012 1494 μὴ

360 1514 499 1587 πρὸς
531 1515 759 1590 ἀγαθοῖς
802 1513 995 1577 κόποις
1047 1515 1199 1585 εἶναι,
1235 1513 1381 1570 ἀλλὰ
1436 1515 1596 1569 τοῦτο
1648 1514 1737 1579 καί
1800 1508 2015 1585 μᾶλλον

366 1604 526 1660 αὐτὸν
577 1603 810 1678 ἐναγετω
861 1607 1056 1674 κοπιᾷν
1116 1604 1194 1666 εἰς
1243 1602 1434 1673 καλὸν,
1493 1603 1584 1658 καὶ
1649 1604 1874 1678 μοχθεῖν
1933 1599 2019 1655 ἐπ’

366 1691 530 1766 ἀρετῇ
581 1690 746 1745 ὁποία
782 1690 897 1760 τήν
933 1689 1112 1755 θεόθεν
1171 1691 1321 1764 αὐτῷ
1369 1688 1680 1746 δεσποτείαν
1710 1689 2017 1763 ἐπικοσμή-

363 1799 463 1834 σει.
500 1775 871 1854 Παραδέδοται
931 1778 1056 1854 γὰρ,
1104 1779 1192 1833 καὶ
1239 1777 1337 1833 οὐκ
1390 1776 1532 1834 ἔστιν
1585 1779 1870 1848 ἀντειπεῖν,
1933 1775 2017 1831 ὅτι

366 1868 745 1946 φροντιστικὸς
798 1868 874 1932 ὡς
935 1867 1172 1942 μάλιστα
1228 1869 1256 1923 6
1311 1866 1581 1924 πλειόνων
1639 1871 1874 1942 κρατῶν·
1932 1863 2016 1921 διὸ

363 1956 453 2012 καὶ
479 1954 750 2027 τοσαύτης
782 1954 952 2032 ἐχρῆν
982 1958 1062 2027 τῷ
1092 1955 1319 2032 ἄρχοντι
1364 1958 1600 2028 μετεῖναι
1657 1951 1899 2023 σπουδῆς
1926 1952 2016 2008 καὶ

2195 1331 2249 1383 2.
2284 1331 2541 1386 Tantum
2592 1337 2788 1388 autem
2820 1334 2987 1390 abest
3011 1339 3076 1390 ut
3121 1336 3274 1406 ideo,
3307 1341 3464 1411 quod
3507 1341 3784 1398 dominus

2126 1421 2294 1475 terra;
2326 1421 2686 1477 constitutus
2716 1426 2825 1487 est,
2858 1421 3236 1497 languescere
3265 1431 3322 1482 et
3348 1429 3466 1483 otio
3520 1445 3649 1486 sese
3680 1431 3786 1486 de-

2128 1508 2263 1563 dere
2293 1512 2350 1562 et
2380 1527 2412 1564 a
2444 1509 2614 1565 bonis
2664 1509 2964 1567 laboribus
3011 1528 3241 1569 cessare
3291 1517 3685 1587 permittatur,
3722 1523 3786 1574 ut

2125 1596 2226 1651 illo
2260 1597 2390 1668 ipso
2421 1598 2599 1653 etiam
2630 1599 2821 1671 magis
2852 1599 3070 1674 impelli
3103 1603 3314 1659 debeat
3343 1604 3413 1660 ad
3464 1606 3779 1678 pulchrum

2127 1686 2472 1741 sectandum
2520 1691 2577 1742 et
2623 1687 2821 1743 virtuti
2877 1690 3237 1746 studendum
3287 1708 3403 1762 qua
3452 1694 3781 1752 dominium

2126 1774 2409 1830 divinitus
2436 1774 2550 1847 ipsi
2600 1792 2943 1834 concessum
2995 1779 3435 1837 condecoretur.
3468 1783 3778 1840 Traditum

2128 1864 2286 1920 enim
2315 1868 2405 1920 est
2453 1881 2643 1936 neque
2695 1867 2895 1939 negari
2945 1868 3181 1940 poterit,
3225 1886 3360 1926 eum
3418 1873 3520 1943 qui
3572 1875 3781 1945 majori

2126 1952 2376 2024 imperio
2424 1953 2663 2025 gaudet,
2695 1954 2970 2026 plurimis
3000 1959 3161 2014 curis
3212 1973 3344 2016 esse
3372 1959 3731 2034 implicitum
3768 1981 3783 2020 :

371 2044 578 2121 βουλῆς
636 2045 727 2100 καὶ
779 2043 1106 2121 ἐντρεχείας,
1158 2045 1233 2107 ὡς
1288 2041 1429 2118 μηδὲ
1477 2043 1778 2120 παννύχιον
1825 2043 2014 2114 ἐξεῖναι

2136 2056 2311 2112 quare
2339 2041 2513 2097 etiam
2547 2041 2870 2115 imperator
2896 2048 3061 2101 tanto
3083 2046 3279 2103 studio
3311 2051 3370 2104 et
3398 2049 3786 2108 meditatione

364 2129 637 2200 καθεύδειν
667 2131 827 2188 αὐτόν
839 2176 851 2189 .

436 2337 499 2406 γ.
545 2328 608 2385 Εἰ
650 2332 784 2405 γοῦν
838 2325 1113 2405 βασιλεύει
1175 2332 1283 2384 τῶν
1331 2327 1419 2384 ἐπὶ
1468 2334 1570 2405 γῆς
1615 2327 1755 2390 ἅπας
1808 2328 2013 2403 ἅνθρω-

366 2440 489 2491 πος,
521 2421 609 2475 καὶ
673 2416 910 2492 μάλιστα
962 2418 990 2472 ὁ
1041 2415 1356 2487 σπουδαῖος,
1412 2416 1741 2491 ἐνθυμείσθω
1772 2417 1861 2474 καὶ
1925 2439 2016 2491 με·

364 2509 539 2586 λέτωρ
569 2509 764 2564 ἑαυτοῦ
812 2528 873 2563 τε
920 2508 1053 2564 εἶναι
1109 2512 1208 2563 τοῦ
1257 2507 1399 2579 ἑνὸς,
1443 2507 1530 2563 καὶ
1564 2504 1636 2563 δι’
1667 2506 1832 2563 αὐτοῦ
1863 2505 2018 2563 οὐδε·

359 2599 474 2669 νὸς,
505 2597 645 2653 κατὰ
697 2597 798 2667 τὴν
849 2597 1085 2652 παλαιὰν
1136 2598 1455 2671 παροιμίαν,
1514 2598 1601 2653 καὶ
1661 2602 1768 2652 τῶν
1831 2595 2019 2653 ἄλλων

368 2686 446 2759 δὲ,
479 2688 639 2751 ὅσους
673 2687 764 2742 ὑπ’
807 2685 954 2760 αύτῷ
1001 2679 1177 2758 ἔταξεν
1218 2687 1246 2741 6
1300 2686 1447 2748 Θεός·
1508 2686 1596 2742 καὶ
1653 2686 1731 2761 μὴ
1788 2685 2018 2743 ἐθελέτω

370 2775 649 2848 ἀπονητὶ,
706 2771 985 2847 ἐπήϐολος
1055 2774 1302 2852 ἐναρέτου
1359 2775 1595 2853 γίνεσθαι
1649 2775 1969 2852 πράγματος
2000 2819 2014 2846 ,

373 2864 907 2939 ἐλπιδοκοπούμενος
938 2864 1014 2928 εἷς
1039 2865 1191 2920 κενὸν
1238 2866 1376 2920 κατᾶ
1419 2863 1552 2927 τοὺς
1602 2864 2020 2941 ὀνειροπολοῦν-

373 2975 466 3018 τας
522 2954 612 3010 καὶ
660 2953 1006 3031 εὑρίσκοντας
1067 2953 1298 3010 ἐνώπιον
1356 2954 1425 3010 τὰ
1465 2951 1553 3009 διὰ
1608 2955 1779 3010 πόθου
1810 2954 2016 3022 αὐτοῖς,

374 3041 630 3100 Βαλλέτω
660 3041 717 3098 δὶ
748 3043 823 3107 εἷς
846 3047 967 3098 νοῦν
1017 3044 1108 3099 καὶ
1166 3044 1331 3122 σοφὸν
1388 3042 1587 3099 ἐκεῖνον
1643 3041 1900 3114 παλαιὸν,
1960 3044 2019 3109 ὅς

374 3132 576 3203 παίζων
605 3133 732 3195 τοὺς
765 3131 1043 3198 ἐθέλοντας
1103 3133 1196 3207 μὲν
1246 3131 1298 3188 ἐν
1349 3132 1570 3209 ἀγαθοῖς
1612 3134 1766 3207 εἶναι,
1801 3134 2019 3189 ὀκνοῦν-

367 3243 462 3286 τας
493 3219 550 3278 δὲ
578 3227 773 3293 κοπιᾷν
832 3221 919 3277 καὶ
976 3220 1120 3277 οὕτω
1174 3224 1398 3277 κτᾶσθαι
1464 3221 1527 3278 τό
1571 3222 1824 3294 θελητὸν,
1882 3223 2023 3295 ἀπη-

370 3302 615 3380 σχόλησε
666 3305 844 3380 φωνῇ,
894 3302 1326 3382 ἰστορῃσάμενος
1399 3304 1473 3367 ὡς
1532 3303 1621 3359 ἐπὶ
1680 3307 1878 3382 τρυφῇ·
1930 3310 2022 3363 καὶ

370 3382 644 3440 ἐπλάσατό
670 3403 792 3438 τινα
826 3382 944 3459 βίον
975 3381 1330 3452 παλαίτατον,
1391 3382 1443 3438 ἐν
1474 3385 1520 3456 ᾧ
1579 3384 1735 3448 θυσία
1762 3381 1822 3440 τε
1854 3389 2020 3457 ζῶσα,

2043 2095 2092 2160 Β

2123 2137 2183 2186 et
2212 2128 2409 2185 labore
2459 2146 2609 2203 opus
2653 2131 2881 2202 habuit,
2916 2138 2982 2188 ut
3028 2150 3100 2190 ne
3149 2138 3275 2191 tota
3321 2137 3560 2208 quidem
3614 2143 3783 2196 nocte

2127 2217 2386 2275 dormire
2416 2221 2691 2291 potuerit.

2197 2327 2250 2382 3.
2290 2326 2421 2382 Jam
2480 2343 2617 2383 vero
2675 2328 2725 2384 si
2782 2328 3031 2402 quilibet
3086 2330 3283 2403 homo,
3343 2336 3402 2389 et
3458 2334 3519 2390 in
3575 2334 3785 2409 primis

2123 2414 2360 2472 virtutis
2417 2415 2743 2485 studiosus,
2803 2435 2998 2474 rerum
3058 2421 3427 2478 terrestrium
3508 2424 3788 2481 dominus

2127 2509 2236 2573 est,
2291 2508 2537 2560 conetur
2588 2506 2680 2561 sui
2740 2506 2929 2579 ipsius
2988 2508 3195 2579 solius,
3228 2510 3289 2566 id
3347 2515 3457 2583 est,
3491 2518 3559 2569 ut
3614 2519 3787 2571 vetus

2129 2594 2501 2666 proverbium
2550 2595 2653 2665 ait,
2687 2595 2906 2652 nullius
2957 2614 3159 2654 curam
3212 2615 3454 2672 gerere;
3488 2602 3589 2657 sed
3653 2603 3789 2660 reli-

2128 2700 2383 2756 quorum
2431 2701 2580 2757 quos
2628 2687 2782 2742 Deus
2832 2687 2883 2743 ei
2932 2688 3207 2761 subjecit,
3259 2708 3452 2765 neque
3500 2692 3795 2750 desideret

2129 2772 2255 2829 sine
2303 2772 2503 2830 labore
2555 2791 2622 2831 ac
2670 2776 2865 2832 studio
2908 2778 3145 2835 virtutis
3189 2796 3432 2854 compos
3482 2782 3630 2853 fieri,
3690 2801 3795 2858 spe

2127 2879 2279 2917 vana
2308 2863 2589 2935 deceptus
2620 2865 2691 2919 ad
2725 2865 2916 2921 instar
2945 2866 3180 2923 illorum
3214 2869 3315 2940 qui
3365 2871 3617 2927 somniis
3648 2889 3788 2929 con-

2128 2949 2321 3005 ﬁdunt
2368 2955 2425 3005 et
2471 2952 2668 3024 cupita
2690 2953 2817 3024 jam
2869 2954 2982 3010 sibi
3034 2957 3241 3012 adesse
3285 2961 3648 3017 autumant:
3683 2962 3787 3017 sed

2130 3039 2327 3112 potius
2376 3041 2640 3095 animum
2674 3043 2939 3098 advertat
2987 3044 3054 3099 ad
3090 3042 3258 3099 illum
3289 3051 3545 3104 veterem
3595 3048 3790 3121 philo-

2130 3128 2405 3201 sophum,
2459 3129 2581 3201 qui,
2614 3135 2680 3186 ut
2724 3130 2999 3188 illuderct
3054 3133 3131 3189 iis
3177 3135 3277 3206 qui
3327 3136 3497 3193 bonis
3548 3138 3790 3210 quidem

2131 3217 2244 3273 frui
2292 3218 2651 3282 desiderant.
2701 3221 2802 3276 sed
2857 3220 3056 3278 labore
3107 3223 3440 3281 desiderata
3486 3226 3790 3299 acquirere

2132 3311 2428 3375 recusant,
2468 3308 2667 3364 fabula
2724 3311 2979 3381 quadam
3038 3312 3109 3368 de
3162 3312 3407 3370 mollitie
3465 3317 3793 3389 excogitata

2132 3401 2367 3469 tempus
2425 3396 2567 3453 olim
2610 3397 2811 3456 .fuisse
2864 3400 3033 3468 dixit,
3094 3419 3209 3475 quo
3268 3403 3511 3460 victima
3564 3406 3788 3474 vivens,

368 3465 437 3519 τὰ
480 3485 540 3519 τε
583 3463 717 3541 κρέα
764 3463 901 3539 ἑφθὰ
928 3463 1019 3518 καὶ
1051 3463 1190 3519 ὀπτὰ
1217 3468 1336 3525 ταῖς
1383 3463 1677 3539 τραπέζαις
1725 3465 2018 3563 ἀπραγμόο

2136 3503 2339 3543 carnes
2372 3491 2569 3542 autem
2620 3495 2792 3543 οοοιεε
2843 3494 3170 3563 assntaaque
3217 3494 3285 3548 ad
3339 3509 3574 3551 mensas
3619 3513 3790 3552 accu-

369 3574 478 3617 νως
509 3552 803 3630 ἐπέτρεχον
863 3551 939 3615 εἷς
987 3553 1169 3609 ἑστίαν
1229 3552 1495 3631 μακαρίαν
1553 3554 1643 3609 καὶ
1702 3553 2021 3628 εὐδαίμονα,

370 3643 461 3700 καὶ
541 3642 719 3716 ζωμοὶ
796 3640 1023 3717 λιπαροὶ
1079 3640 1402 3717 ποταμηδὸν
1450 3638 1636 3721 ἔρρεον
1689 3643 1765 3706 εἰς
1821 3650 2022 3720 χρῆσιν

370 3738 487 3795 τοῖς
518 3733 932 3808 ὀριγνωμένοις,
985 3731 1075 3786 καὶ
1118 3732 1300 3804 πτηνὰ
1346 3730 1490 3788 καλὰ
1538 3732 1615 3796 εἷς
1670 3736 1869 3810 βρῶσιν
1926 3755 2022 3790 κα-

364 3822 754 3878 τεπετάννυντο
803 3815 997 3894 ἕτοιμα
1040 3825 1160 3884 τοῖς
1208 3818 1518 3897 δαιτυμόσι,
1572 3824 1662 3878 καὶ
1720 3830 1840 3889 τοῖς
1888 3823 2023 3880 ἐκεί-

369 3931 476 3967 νων
510 3910 850 3985 ἐμπίπτοντα
904 3908 1133 3982 στόμασι
1190 3905 1550 3986 παρεδύοντο,
1597 3913 1684 3967 καὶ
1730 3912 1918 3989 ἰχθύες
1969 3911 2027 3968 δὶ

371 4000 643 4063 ὀπτῶντες
704 3996 929 4061 ἑαυτοὺς
956 4042 970 4067 ,
1051 3997 1265 4055 ἐπειδᾶν
1327 4001 1551 4077 θάτερον
1617 4001 1778 4076 μέρος
1833 4024 2025 4078 κατερ-

367 4093 606 4167 γασθῶσι
693 4089 865 4164 πυρὶ,
954 4090 1379 4168 μετεστρέφοντο
1457 4089 1842 4147 αύτοκύλιστοι
1936 4090 2025 4147 ἐπὶ

376 4178 590 4254 θάτερα,
622 4178 713 4233 καὶ
773 4175 948 4242 οὕτως
1005 4174 1212 4242 εὔθετοι
1260 4177 1542 4254 γεγονότες
1613 4179 1839 4255 ἀρτύσαι
1891 4183 2028 4257 τρά-

378 4273 561 4338 πεζαν,
593 4268 682 4323 καὶ
719 4265 976 4342 ἀρθέντες
1011 4268 1275 4344 μετέωροι
1305 4273 1427 4332 ταῖς
1445 4269 1736 4345 τραπέζαις
1761 4266 2030 4326 ἐνεκυϐίσ-

377 4377 504 4412 των’
535 4356 629 4412 καὶ
658 4354 906 4433 ἐτρύφων
938 4355 1111 4420 οὕτως
1143 4356 1193 4431 ἐξ
1226 4356 1551 4431 αὐτομάτων
1592 4359 1646 4414 οῖ
1687 4359 1811 4415 τότε
1841 4358 2026 4415 δαιτα-

377 4444 490 4509 λεῖς
523 4448 735 4502 ἄπονοι.

445 4639 508 4700 δ’.
542 4643 649 4700 Καὶ
679 4640 884 4714 ἐξέθετο
942 4642 1037 4716 μὲν
1085 4639 1251 4699 ταῦτα
1296 4643 1324 4699 6
1374 4645 1540 4725 σοφὸς
1591 4645 1796 4709 ἐκεῖνος
1839 4644 2026 4702 λαλῶν

378 4729 685 4809 εὐτράπελα
737 4730 877 4786 κατᾶ
931 4737 1032 4801 τῆς
1084 4731 1381 4807 Ἀσκραίας
1440 4733 1649 4808 μούσης
1680 4736 1776 4809 (ὡς
1833 4733 1897 4791 ἂν
1944 4758 2027 4800 τις

2134 3577 2341 3631 rebant
2370 3575 2675 3632 hominum
2708 3576 2765 3632 in
2798 3577 2987 3634 beatis
3042 3579 3512 3640 habitationibus
3545 3583 3795 3640 feliciter

2134 3665 2499 3738 degentium,
2560 3664 2855 3737 liquorum
2933 3685 3106 3739 porro
3164 3669 3430 3726 dulcium
3502 3677 3793 3730 torrentes

2132 3753 2292 3809 velut
2347 3754 2417 3809 ad
2480 3759 2691 3811 nutum
2752 3755 3213 3814 desiderantium
3271 3760 3612 3829 afﬂuebant,
3660 3779 3796 3820 aves

2136 3860 2369 3916 quoque
2418 3842 2705 3900 deliciosee
2754 3863 3095 3902 mensarum
3127 3850 3566 3907 accubitoribus
3618 3853 3796 3909 advo-

2134 3932 2347 4004 luntes,
2392 3936 2530 3989 totae
2589 3935 2659 3989 ad
2718 3951 2886 3990 esum
2947 3936 3169 3993 idoneae
3228 3937 3462 3996 illorum
3522 3940 3608 3997 ori
3665 3957 3795 3999 sese

2136 4022 2559 4089 immittebant,
2592 4023 2784 4095 pisces
2842 4024 3099 4098 denique
3154 4044 3217 4084 se
3276 4029 3438 4102 ipsos
3503 4036 3794 4104 assantes,

2136 4111 2239 4166 ubi
2306 4110 2429 4183 igni
2494 4112 2715 4167 admoti
2785 4129 2855 4168 ex
2935 4131 3053 4170 una
3121 4120 3285 4188 parte
3348 4118 3489 4173 tosti
3572 4124 3790 4191 essent,

2137 4215 2244 4254 sua
2275 4203 2486 4271 sponte
2540 4200 2601 4255 in
2652 4201 2896 4257 alteram
2956 4207 3180 4276 partem
3242 4222 3305 4261 se
3352 4209 3794 4279 convertebant,

2138 4305 2255 4361 quo
2314 4289 2465 4345 facto
2524 4291 2748 4347 mensis
2799 4293 2928 4363 jam
2988 4298 3175 4366 aptae,
3237 4295 3458 4368 impetu
3535 4297 3794 4371 gratuito

2138 4375 2427 4448 provoluti
2485 4377 2741 4433 convivis
2800 4395 2861 4435 se
2919 4380 3262 4450 offerebant,
3313 4383 3457 4439 adeo
3516 4389 3581 4440 ut
3634 4384 3799 4441 illius

2138 4465 2238 4520 aavi
2300 4464 2571 4522 homines
2630 4466 2758 4523 sine
2825 4468 2983 4524 omni
3041 4469 3242 4527 labore
3291 4471 3520 4529 deliciis
3588 4479 3798 4547 sponte

2140 4554 2521 4611 afﬂuentibus
2552 4556 2943 4614 abundarent.

2209 4663 2261 4718 4.
2297 4661 2427 4717 Haec
2457 4662 2691 4736 sapiens
2722 4663 2820 4721 ille
2852 4664 3070 4735 retulit,
3104 4664 3334 4741 lepores
3372 4669 3617 4728 imitans
3667 4688 3805 4728 mu-

2141 4768 2217 4807 sa:
2273 4752 2511 4808 Ascraeas
2568 4752 2678 4825 (uti
2737 4752 2905 4811 facile
2964 4755 3098 4828 quis
3158 4756 3565 4828 intellexerit),
3616 4760 3803 4833 siqui-

376 4816 689 4883 εὖθυϐόλως
720 4821 959 4895 νοήσοι),
993 4818 1073 4898 ἐφ’
1134 4822 1216 4883 οἷς
1266 4823 1498 4899 χρύσεον
1555 4822 1735 4896 ἐκείνη
1794 4825 2021 4902 ἀρχαῖον

2138 4843 2271 4897 dem
2303 4841 2405 4898 illa
2427 4842 2631 4898 eodem
2684 4844 2859 4900 modo
2893 4862 3009 4916 quo
3059 4847 3266 4902 artifex
3309 4848 3535 4921 peritus
3590 4867 3802 4907 aurum

379 4911 645 4982 ζωώσασα
700 4910 857 4986 γένος
905 4908 1297 4984 ἠγαλμάτωσε,
1355 4911 1767 4984 μεταλλεύσασα
1819 4911 2029 4986 δεξιῶς,

375 4999 468 5056 καὶ
498 5002 891 5077 χρυσοχοῖκῶς
921 4998 1277 5073 χοανεύσασα.
1299 4998 1396 5055 Καῖ
1434 5002 1501 5057 τὰ
1525 5007 1714 5079 πρῶτα
1748 5004 1843 5077 μὲν
1876 5004 2027 5060 αὐτό·

378 5085 562 5144 ἔπειτα
618 5086 677 5144 δὲ
733 5087 810 5150 είς
857 5086 1119 5164 ἀργύρεον
1170 5087 1301 5144 αὐτὸ
1363 5085 1678 5160 ὑπεϐίϐασε,
1739 5094 1827 5148 καὶ
1868 5095 2031 5149 θάνα-

375 5200 470 5235 τον
520 5177 880 5255 ἐρῥητόρευσε
927 5180 1044 5239 τοῖς
1099 5175 1223 5232 τότε
1274 5175 1503 5254 γλυκὺν,
1565 5183 1654 5236 οἷα
1696 5183 1784 5237 καὶ
1847 5182 2032 5258 ὕπνον,

385 5266 636 5342 ῥᾳστώνῃ
673 5265 794 5342 βίου
851 5264 940 5320 καὶ
998 5264 1187 5338 ἀπόνῳ
1239 5266 1354 5343 ζωῇ
1395 5267 1703 5345 ἀνάλγητον
1752 5270 1841 5326 καὶ
1872 5272 2032 5329 αὐτὸν

383 5354 740 5434 ἐφεπόμενον.
775 5353 1218 5432 Διαγραψάμενος
1251 5353 1309 5411 δὲ
1356 5357 1529 5421 οὕτως
1559 5361 1586 5415 ὁ
1638 5359 1851 5423 ἀστεῖος
1905 5360 2039 5417 ἐκεῖ·

382 5468 497 5516 νος,
524 5446 613 5501 καὶ
639 5442 938 5520 γοητεύσας
994 5444 1182 5511 ἀκοὰς,
1230 5445 1304 5508 ὡς
1349 5448 1438 5502 καὶ
1481 5447 1851 5526 ὀνειροπολεῖν
1904 5472 2037 5529 τρυ-

380 5536 486 5614 φὰς
515 5536 603 5591 καὶ
651 5534 1073 5609 τραπεζώματα,
1134 5533 1196 5590 ού
1256 5535 1501 5614 φαύλως,
1557 5540 1733 5613 οἶμαι,
1788 5540 2037 5599 καθίκετο

379 5630 491 5680 τῶν
525 5623 601 5688 εἷς
639 5624 815 5698 μάτην
871 5624 1275 5699 χασμωμένων,
1306 5625 1395 5682 καὶ
1425 5627 1514 5683 τὸν
1573 5628 1780 5685 κόλπον
1813 5627 1901 5686 διὰ
1946 5654 2037 5689 κε-

386 5721 487 5786 νῆς
519 5711 1014 5783 ἀναπεταννύντων,
1044 5713 1421 5788 ἐξαπλούντων
1471 5716 1528 5775 δὲ
1584 5718 1674 5775 καὶ
1731 5721 1809 5775 τὼ
1860 5728 2038 5800 χεῖρε,

712 5842 973 5904 Panos.
1025 5842 1136 5904 Gn.
1182 5843 1476 5911 CXXXV.

2140 4929 2396 4986 conflare
2428 4935 2484 4987 et
2512 4931 2570 4986 in
2604 4931 2864 4989 diversas
2897 4934 3114 4991 formas
3164 4935 3442 4995 diducere
3483 4939 3662 5012 novit,
3695 4956 3803 4995 an-

2141 5019 2371 5090 tiquum
2405 5019 2712 5076 hominum
2761 5039 2947 5094 genus
2966 5027 3261 5095 'tanquam
3314 5044 3556 5083 aureum
3591 5044 3803 5101 reprae-

2143 5108 2410 5166 sentavit.
2470 5114 2536 5165 Et
2590 5110 2699 5165 hoc
2755 5111 2992 5182 quidem
3054 5113 3127 5169 ab
3186 5114 3357 5172 initio
3412 5116 3541 5174 fuit.
3592 5121 3805 5175 Postea

2144 5203 2342 5255 autem
2400 5198 2545 5254 illud
2607 5200 2680 5255 ad
2727 5205 3071 5274 argenteum
3113 5204 3425 5276 depressit,
3458 5211 3514 5264 et
3570 5206 3645 5264 iis
3701 5206 3803 5280 qui

2146 5292 2286 5343 tunc
2320 5288 2597 5359 viverent,
2632 5294 2880 5346 mortem
2911 5291 3056 5346 dixit
3106 5290 3287 5350 fuisse
3322 5295 3574 5367 dulcem,
3610 5297 3806 5354 somni

2148 5375 2416 5441 similem,
2451 5378 2579 5433 vitae
2630 5377 2796 5434 suavi
2844 5396 2910 5434 ac
2953 5379 3223 5438 laborum
3274 5384 3664 5461 dolorumque
3710 5404 3806 5444 ex-

2147 5466 2299 5538 perti
2333 5466 2682 5523 insecutum.
2723 5468 2865 5523 Dum
2903 5472 3096 5526 autem
3130 5473 3364 5545 sapiens
3394 5475 3490 5533 ille
3539 5476 3691 5534 hanc
3721 5477 3804 5533 fa-

2148 5554 2349 5612 bulam
2380 5555 2574 5629 lepide
2606 5557 2901 5613 enarravit
2929 5563 2986 5615 et
3017 5576 3189 5617 aures
3236 5563 3516 5623 demulsit
3544 5567 3617 5624 ad
3650 5584 3809 5624 som-

2150 5645 2400 5701 niandas
2422 5646 2616 5702 omnis
2636 5646 2870 5720 generis
2891 5647 3154 5722 delicias,
3188 5651 3346 5711 haud
3371 5655 3546 5730 male,
3578 5657 3806 5730 opinor,

2148 5734 2411 5793 traduxit
2468 5736 2602 5793 illos
2660 5736 2765 5809 qui
2838 5739 3061 5797 frustra
3119 5758 3185 5798 os
3241 5743 3553 5816 diducunt,
3606 5749 3664 5802 et
3717 5745 3807 5801 in-

3408 5875 3480 5932 Π
