4130 6406
339 385 459 444 523

1103 385 1528 448 EUSTATHII
1574 382 2352 447 THESSALONICENSIS
2400 382 2986 445 METROPOLITE

3645 387 3763 449 εει

336 532 573 574 cassum
606 515 804 572 sinum
855 516 1129 588 aperiunt
1160 521 1219 572 et
1267 517 1471 572 ambas
1527 533 1740 572 manus
1788 518 1972 571 exten-

2099 533 2176 575 ως
2221 511 2312 569 καὶ
2369 511 2632 590 ἐμφαγεῖν
2691 509 2768 574 εἴς
2814 511 2976 588 κόρον
3005 557 3019 584 ,
3069 511 3159 568 καὶ
3205 512 3447 570 πλοῦτον
3495 514 3762 572 κατακολ-

337 608 503 674 dunt,
539 609 604 662 ut
651 606 780 662 cibo
829 605 1193 678 repleantur,
1226 611 1283 661 et
1312 604 1549 662 divitias
1597 605 1899 676 colligant,
1934 608 1991 660 et

332 695 666 752 desiderata
695 696 1065 768 prehendant
1095 694 1258 750 nullo
1289 695 1488 751 labore
1520 693 1808 750 adhibito.

402 785 456 839 5.
492 785 861 840 Luctandum
895 800 1032 856 ergo
1066 785 1236 840 nobis
1268 790 1380 850 est,
1413 801 1446 839 ο
1477 785 1708 850 fratres,
1742 787 1799 838 et
1827 782 1988 838 labo-

331 875 672 940 randum,et
701 873 1199 940 contendendum,
1223 877 1277 928 et
1309 873 1670 942 sudandum,
1693 871 1985 944 siquidem

333 963 489 1018 haud
523 963 712 1028 aliter,
744 963 844 1017 sed
897 962 1004 1017 bac
1043 962 1168 1017 sola
1216 962 1459 1028 ratione,
1492 963 1564 1017 ad
1612 963 1766 1017 bona
1813 965 1988 1032 atque

332 1052 580 1108 honesta
611 1051 910 1124 pervenire
943 1051 1090 1106 licet.
1129 1052 1210 1106 Ad
1241 1053 1393 1122 quod
1449 1051 1817 1123 probandum
1865 1067 1987 1122 pro-

333 1141 452 1197 fero
481 1141 627 1198 illud
661 1140 942 1212 (quamvis
967 1140 1355 1196 minutiarum
1377 1141 1682 1197 studiosus
1703 1140 1922 1211 videar)
1953 1157 1988 1194 a

331 1231 593 1302 profanis
641 1230 910 1286 dictum:
952 1231 1110 1285 Nihil
1161 1232 1425 1286 succedit
1475 1231 1602 1285 sine
1649 1228 1868 1285 labore.
1921 1229 1987 1283 Et

331 1319 601 1390 quamvis
633 1322 905 1375 sexcenta
937 1318 1052 1374 alia
1081 1319 1331 1375 habeam
1364 1317 1694 1391 (nou,velut
1721 1321 1985 1373 ostenta-

327 1412 420 1463 tor
448 1408 582 1479 quis
612 1407 844 1478 dixerit,
876 1425 1004 1470 quae
1050 1411 1334 1474 eructem,
1367 1409 1466 1464 sed
1501 1424 1629 1480 quea
1678 1407 1984 1462 commode

326 1497 620 1567 referam),
653 1495 926 1553 lubenter
953 1497 1185 1564 omitto,
1233 1501 1297 1551 ut
1328 1513 1400 1552 ne
1449 1495 1786 1552 ambitionis
1832 1494 1984 1552 male

325 1589 668 1657 opportune
718 1585 1072 1656 vituperium
1119 1586 1440 1640 incurram.
1473 1585 1617 1640 Cum
1671 1589 1867 1640 autem
1920 1584 1980 1638 in

325 1690 488 1730 sacro
519 1673 836 1746 Scriptura)
867 1673 1146 1728 thesauro
1199 1678 1627 1746 peropportune
1660 1673 1978 1728 invenerim

322 1766 594 1820 sanctum
629 1763 1024 1818 characterem
1057 1779 1172 1834 quo
1207 1763 1493 1834 propheta
1539 1777 1810 1834 magnus,
1845 1779 1979 1817 san-

323 1853 626 1910 ctissimus
676 1852 884 1918 David,
919 1857 983 1907 ut
1013 1852 1072 1906 in
1106 1851 1307 1907 tabula
1338 1851 1638 1919 Sinaitica,
1666 1851 1982 1923 descripsit
2012 1894 2058 1960 Β

324 1945 582 1998 mentem
615 1940 1224 2012 divinam,pr¢elegam
1254 1941 1422 1996 vobis
1453 1941 1630 1996 verba
1661 1941 1880 2012 quibus
1910 1940 1982 1995 de

321 2031 446 2086 viro
493 2036 606 2085 Deo
659 2029 869 2084 dilecto
918 2029 1098 2084 dicit:
1132 2051 1161 2079 «
1209 2028 1520 2084 Laboravit
1567 2029 1626 2083 in
1677 2028 1978 2096 saeculum,

321 2124 380 2176 et
405 2119 557 2175 vivet
585 2119 646 2173 in
678 2119 853 2173 finem
890 2121 905 2154 ί
943 2135 956 2174 :
986 2137 1013 2169 ε
1048 2119 1104 2172 id
1141 2121 1249 2189 est,
1284 2135 1396 2174 non
1430 2117 1715 2174 laboravit
1743 2119 1979 2189 quando

321 2208 549 2273 habuit,
581 2208 683 2264 sed
716 2224 816 2279 per
845 2223 1018 2262 omne
1048 2207 1176 2262 vita:
1208 2213 1472 2279 tempus:
1508 2206 1787 2262 saeculum
1821 2206 1979 2261 enim

321 2314 499 2355 sensu
531 2297 721 2354 altiori
751 2301 1057 2369 acceptum
1091 2297 1408 2367 cujuslibet
1458 2296 1714 2351 hominis
1745 2300 1979 2367 tempus

318 2388 451 2443 vitae
481 2387 771 2460 designat.
794 2391 1106 2458 Propterea
1134 2386 1316 2458 igitur
1346 2387 1603 2442 inveniet
1633 2385 1772 2441 talis
1804 2386 1976 2440 ﬁnem

319 2477 467 2532 bene
498 2492 562 2532 ac
607 2475 851 2531 feliciter
879 2475 1132 2544 vivendi,
1163 2474 1324 2530 velut
1372 2474 1422 2530 si
1471 2476 1602 2547 quis
1653 2489 1979 2530 aerumnosa

317 2571 535 2622 terram
559 2569 783 2622 exercet
805 2568 907 2620 aut
955 2581 1115 2620 mare
1140 2568 1371 2631 tractat,
1405 2568 1460 2619 et
1489 2564 1779 2635 ejusmodi
1816 2563 1976 2618 labo-

2099 602 2279 671 πίσαι,
2327 602 2417 656 καὶ
2471 600 2756 678 δράξασθαι
2800 605 2908 658 τῶν
2950 603 3311 677 ποθουμένων
3373 602 3504 681 δίχα
3559 605 3760 662 κοπιά-

2104 711 2290 764 ματος.

2169 781 2224 838 ε’.
2263 780 2590 855 Μοχθητέον
2630 781 2741 850 οῦν,
2793 781 2838 836 ὧ
2880 779 3131 860 ἀδελφοὶ,
3189 783 3278 838 καὶ
3311 784 3616 858 κοπιατέον,
3664 785 3755 840 καὶ

2096 871 2386 939 πονητέον,
2443 869 2534 924 καὶ
2591 867 2846 946 ίδρωτέον
2909 870 2990 926 ἐπ’
3046 872 3300 945 ἀγαθοῖς,
3361 874 3435 936 ὡς
3497 875 3572 946 μὴ
3619 876 3754 930 κατά

2095 978 2216 1012 τινα
2239 953 2441 1034 τρόπον
2469 955 2674 1034 ἕτερον,
2729 959 2874 1015 ἀλλὰ
2922 965 3114 1016 τοῦτον
3163 958 3230 1032 δὴ
3288 961 3381 1016 καὶ
3443 962 3612 1035 μόνον
3662 985 3754 1020 πε-

2098 1047 2548 1123 ριγενησομένοις
2606 1050 2742 1120 ἡμῖν
2792 1052 2888 1104 τοῦ
2946 1055 3246 1126 κατορθοῦν
3289 1051 3356 1106 τὰ
3413 1053 3587 1108 καλά.
3652 1053 3752 1107 Καὶ

2095 1142 2428 1212 παραγαγεῖν
2474 1137 2566 1210 μὲν
2619 1137 2694 1199 είς
2753 1137 3049 1213 μαρτυρίαν
3093 1140 3155 1194 τὸ
3209 1164 3238 1192 ‹‹
3301 1138 3469 1215 μηδὲν
3505 1139 3752 1217 έυτυχεῖν

2096 1224 2219 1280 ἄνευ
2273 1222 2467 1295 πόνου,
2527 1251 2548 1278 ι
2609 1226 2684 1288 εἷς
2743 1232 3000 1284 τοσοῦτον
3056 1227 3466 1306 στενολεσχῶν,
3521 1231 3752 1306 παράγω

2095 1317 2184 1370 οἷα
2215 1313 2553 1390 ἐξωτερικόν.
2610 1316 2788 1389 Μυρία
2819 1315 2877 1372 δὲ
2933 1317 3023 1372 καὶ
3082 1315 3227 1374 ἄλλα
3282 1317 3428 1395 ἔχων
3473 1318 3582 1393 (ού,
3612 1318 3755 1384 καθὰ

2093 1425 2176 1466 τις
2233 1402 2292 1458 ἃν
2351 1402 2781 1480 περιαυτολόγος
2840 1404 2982 1482 ἐρεῖ,
3037 1405 3442 1482 έξερεύξασθαι,
3497 1409 3614 1464 κατ’
3664 1408 3750 1463 εὑ-

2093 1494 2290 1566 πορίαν
2354 1490 2411 1548 δὲ
2475 1488 2910 1568 προϐαλέσθαι),
2973 1495 3176 1573 ἀφίημι
3228 1495 3633 1574 ἀπολεγόμενος
3684 1497 3750 1552 τὸ

2095 1582 2334 1658 ἀκαίρως
2365 1574 2682 1657 φιλότιμον.
2727 1584 2960 1658 Καιρίως
3008 1581 3066 1638 δὲ
3114 1589 3211 1639 τοῦ
3268 1586 3565 1659 ἱερωτάτου
3612 1606 3750 1662 γρα-

2093 1675 2254 1748 φικοῦ
2307 1673 2580 1747 θησαυροῦ
2639 1671 3032 1746 ἀναλεξάμενος
3083 1672 3234 1750 ἅγιον
3292 1682 3639 1752 χαρακτῆρα,
3693 1676 3747 1731 έν

2092 1762 2138 1834 ᾦ
2187 1763 2478 1837 προφήτης
2521 1761 2690 1836 μέγας
2737 1763 2824 1816 καὶ
2883 1757 3243 1837 ὑπερϐάλλων
3299 1765 3450 1840 ἅγιος
3496 1766 3524 1820 6
3580 1763 3746 1822 Δαυῒδ

2091 1849 2462 1922 έξετυπώσατο
2491 1855 2612 1904 νοῦν
2645 1852 2810 1919 θεῖον,
2857 1851 2956 1906 ὅσα
3007 1852 3096 1907 καὶ
3150 1853 3202 1908 έν
3262 1857 3492 1928 Σικαῖκῇ
3549 1854 3745 1926 πλακὶ,

2091 1938 2471 2012 ἀναγνώσομαι
2536 1939 2662 2010 ὑμῖν
2715 1934 3159 2013 διαλαμϐάνοντα
3208 1938 3408 1996 ἐκεῖνον
3451 1942 3575 2018 περὶ
3634 1953 3751 2006 θεο-

2091 2027 2284 2104 φιλοῦς
2313 2024 2528 2102 ἀνδρὸς,
2563 2028 2638 2091 ὡς
2695 2027 2786 2083 καί
2842 2052 2870 2080 ‹‹
2927 2029 3242 2104 Ἐκοπίασεν
3285 2030 3361 2094 εἷς
3414 2030 3506 2084 τὸν
3552 2030 3745 2102 αἰῶνα,

2089 2115 2179 2171 καὶ
2226 2117 2417 2186 ζήοται
2471 2116 2546 2178 εἷς
2601 2115 2784 2190 τέλος,
2847 2141 2875 2170 n
2937 2119 3066 2193 ὅπερ
3122 2118 3284 2175 ἐστίν·
3345 2118 3627 2175 ἐκοπίασεν
3680 2121 3746 2176 οὐ

2098 2201 2237 2279 τυχό
2287 2226 2415 2273 τως,
2467 2202 2612 2260 ἀλλὰ
2664 2203 2802 2275 ὅλην
2860 2206 2958 2274 τὴν
3017 2207 3314 2263 κατάὐτὸν
3346 2206 3397 2262 έν
3436 2205 3542 2283 βίῳ
3575 2210 3744 2279 ζωήνο

2095 2315 2118 2344 ε
2155 2293 2286 2347 αἰὼν
2341 2316 2368 2344 »
2419 2293 2524 2368 γὰρ
2573 2291 2934 2367 ὡμολόγηται
2991 2295 3317 2372 σεμνότερον
3363 2295 3610 2373 λέγεσθαι
3655 2297 3749 2352 καὶ

2091 2404 2122 2435 ι(
2153 2383 2180 2436 ὁ
2211 2381 2412 2456 χρόνος
2445 2406 2471 2433 ››
2518 2388 2618 2452 τῆς
2671 2381 2905 2437 ἑκάστων
2950 2383 3249 2458 ἀνθρώπων
3297 2390 3467 2454 ζωῆς.
3535 2384 3748 2442 Οὐκοῦν

2089 2469 2160 2525 δι’
2189 2471 2317 2525 αὐτὸ
2344 2469 2504 2533 τέλος
2536 2472 2563 2526 6
2594 2469 2845 2536 τοιοῦτος
2883 2473 3101 2548 εὑρήσει
3148 2474 3210 2528 τὸ
3261 2473 3352 2528 καὶ
3400 2472 3458 2528 εῦ
3513 2477 3610 2548 ζῇν
3656 2477 3748 2530 καὶ

2092 2560 2369 2635 μακαρίως
2423 2556 2514 2614 διὰ
2565 2559 2683 2632 βίου
2732 2565 3018 2634 περιεῖναι,
3075 2563 3270 2634 ὅμοιον
3325 2562 3400 2625 ὡς
3453 2561 3502 2617 εἲ
3527 2563 3620 2617 καὶ
3651 2585 3748 2619 κυ-

317 2654 482 2709 ribus
512 2653 639 2708 vite
663 2654 994 2708 necessaria
1014 2654 1120 2708 sibi
1155 2657 1478 2725 comparat,
1512 2652 1742 2707 etiamsi
1774 2667 1972 2706 eorum

2088 2650 2356 2723 πτόμενός
2403 2671 2486 2714 τις
2532 2645 2762 2712 ἕκκοπος
2815 2652 2961 2725 παρὰ
3011 2655 3136 2727 γῆν,
3183 2652 3218 2721 ἢ
3250 2651 3592 2726 πονούμενος
3621 2653 3747 2727 περὶ

317 2743 536 2814 quibus
584 2759 731 2814 opus
763 2741 958 2810 habet,
992 2741 1188 2814 aliquo
1247 2745 1441 2797 careat
1471 2741 1529 2796 in
1568 2745 1890 2813 posterum,
1920 2743 1972 2794 et

2088 2737 2358 2802 θάλασσαν
2395 2784 2410 2809 ,
2451 2739 2732 2814 πορίσεται
2785 2738 3060 2804 τοιούτοις
3116 2740 3354 2816 μόχθοις
3413 2741 3591 2814 ἑαυτῷ
3641 2742 3746 2808 τὴν

315 2831 612 2904 imprimis
643 2832 878 2903 quando
922 2835 1195 2887 senectus
1245 2830 1492 2886 molesta
1529 2829 1840 2902 ingruerit,
1873 2829 1972 2884 ubi

2089 2828 2257 2896 ζωὴν,
2293 2828 2368 2890 ὡς
2400 2827 2488 2882 καὶ
2522 2826 2679 2882 αὐτόν
2727 2849 2780 2883 τι
2826 2831 2935 2882 τῶν
2986 2825 3216 2884 δεόντων
3252 2827 3412 2885 αὑτὸν
3464 2829 3740 2886 ἐπιλιπεῖν

316 2921 517 2976 dulces
546 2919 777 2978 labores
827 2919 1110 2975 deficiunt
1140 2923 1197 2976 et
1225 2936 1498 2975 aerumnae
1553 2919 1700 2975 senii
1753 2919 1972 2991 impor-

2088 2921 2184 2971 τοῦ
2216 2915 2438 2984 λοιποῦ,
2469 2917 2559 2971 καὶ
2594 2915 2834 2990 μᾶλλον,
2867 2915 2956 2971 ὅτε
2994 2917 3056 2971 τὸ
3094 2923 3267 2994 γῆρας
3321 2915 3597 2993 ἐγκρατῶς
3648 2919 3745 2974 αὖ·

314 3010 445 3066 tuni
479 3010 787 3081 incipiunt,
823 3011 1058 3081 quando
1089 3009 1372 3064 nimirum
1407 3008 1829 3080 octogesimum
1866 3025 1972 3063 an-

2088 3010 2180 3061 τοῦ
2211 3007 2543 3084 ἀμφήσεται,
2593 3005 2716 3080 περί
2767 3006 2796 3060 'o
2855 3003 3234 3060 ουντελοῦνται
3293 3007 3386 3080 μὶν
3439 3009 3491 3063 οἱ
3521 3007 3742 3084 γλυκεῖς

317 3115 461 3155 num
493 3099 940 3166 excesserimus,
977 3098 1062 3154 uti
1095 3099 1273 3154 David
1307 3098 1487 3154 canit.
1525 3102 1687 3152 Tunc
1735 3098 1890 3152 enim
1923 3097 1972 3153 is

2088 3095 2371 3172 έργατικοὶ
2429 3096 2589 3149 πόνοι
2647 3095 2737 3149 καὶ
2795 3095 2979 3165 κόποι,
3043 3095 3365 3172 ἐνάρχονται
3423 3095 3480 3152 δὶ
3539 3098 3589 3152 οἱ
3643 3105 3744 3166 τῆς

319 3189 418 3260 qui
457 3188 564 3244 hoc
594 3189 806 3245 saeculo
836 3187 1142 3257 laboravit,
1178 3188 1233 3242 id
1265 3192 1355 3244 est
1391 3191 1513 3242 tota
1541 3187 1678 3254 vita,
1715 3188 1972 3259 primum

2088 3183 2350 3260 ἀργαλέας
2380 3182 2810 3260 γηραλεότητος,
2841 3185 2892 3238 οἱ
2929 3185 3064 3258 μετά
3106 3186 3174 3240 τὰ
3229 3183 3562 3261 ὀγδοήκοντα
3618 3183 3733 3254 ἔτη,

319 3282 488 3334 aetate
529 3277 799 3349 juvenili,
853 3277 1064 3332 deinde
1111 3275 1289 3346 virili,
1340 3276 1594 3345 denique
1639 3275 1832 3345 senili,
1865 3293 1972 3348 qua

2095 3274 2169 3336 ὡς
2203 3271 2405 3348 ψάλλει
2466 3270 2652 3331 Δαυλιδ.
2703 3272 2841 3330 Τότε
2887 3273 2991 3348 γὰρ
3043 3275 3070 3328 ὁ
3101 3274 3192 3328 τὸν
3226 3274 3394 3329 αἰῶνα
3422 3278 3603 3328 τοῦτον
3636 3293 3742 3328 πο-

320 3367 482 3423 nervi
515 3366 913 3423 laborantium
963 3365 1366 3434 remittuntur,
1402 3366 1475 3426 is.
1518 3366 1783 3437 inquam,
1835 3364 1972 3420 vivet

2091 3365 2280 3434 νήσας,
2333 3361 2500 3436 ἤγουν
2559 3363 2657 3431 τὴν
2714 3364 2834 3417 κατ’
2890 3362 3047 3418 αὐτὸν
3104 3361 3241 3435 ὅλην
3296 3364 3462 3433 ζωὴν,
3516 3362 3743 3437 πρώτην

314 3459 376 3512 in
427 3456 602 3512 finem
634 3459 839 3528 utpote
871 3456 995 3526 qui,
1030 3471 1158 3526 quas
1210 3471 1343 3509 cum
1392 3453 1592 3510 labore
1641 3454 1972 3526 acquisivit,

2091 3454 2190 3522 τὴν
2223 3453 2572 3524 νεωτερικὴν,
2633 3454 2750 3506 εἶτα
2795 3453 2897 3522 τὴν
2944 3447 3223 3526 ἀκμαίαν,
3255 3454 3345 3507 καὶ
3397 3451 3583 3531 ἐφεξῆς
3642 3452 3744 3520 τὴν

312 3545 374 3600 in
405 3545 584 3600 vitam
615 3543 890 3616 deposuit
919 3544 1196 3612 futuram,
1224 3560 1336 3598 non
1376 3543 1755 3600 formicarum
1789 3543 1972 3600 instar

2092 3541 2559 3618 ὠμογεροντικήν,
2626 3543 2742 3614 μεθ’
2799 3543 2864 3612 ἣν
2931 3540 3378 3618 ὑποχαλᾶταιτὰ
3425 3546 3586 3617 νεῦρα
3630 3547 3749 3606 τοῖς

314 3649 443 3706 qua:
488 3634 558 3688 de
606 3650 759 3688 anno
809 3633 867 3688 in
917 3649 1136 3688 annum
1191 3632 1462 3687 laborant
1508 3636 1575 3686 ut
1620 3631 1842 3695 vivant,
1875 3635 1972 3690 sed

2088 3630 2376 3703 κάμνουσι,
2414 3632 2631 3700 ζήσεται
2665 3627 2754 3685 διὰ
2781 3627 3000 3702 τέλους,
3032 3633 3116 3692 οἷς
3161 3632 3561 3705 προεπόνησεν,
3612 3631 3750 3686 ἀπο-

312 3723 812 3795 quemadmodum
854 3723 1020 3778 decet
1065 3721 1364 3778 hominem
1413 3721 1639 3777 domini
1679 3722 1768 3777 vel
1817 3723 1972 3794 regis

2089 3719 2318 3793 θέμενος
2344 3719 2397 3782 ές
2432 3721 2552 3794 βίον
2585 3718 2743 3788 αὐτὰ,
2777 3718 2840 3773 οὗ
2885 3720 3022 3774 κατά
3074 3719 3388 3794 μύρμηκας,
3450 3717 3608 3796 οἵπερ
3668 3719 3751 3776 ἀεὶ

315 3827 478 3868 more
509 3811 823 3878 viventem,
859 3816 915 3866 et
947 3811 1044 3884 qui
1077 3811 1150 3867 ab
1182 3811 1311 3884 ipso
1364 3815 1476 3868 Deo
1503 3811 1562 3866 in
1596 3810 1704 3868 hoc
1755 3813 1974 3868 consti-

310 3905 478 3958 tutus
507 3905 597 3958 est
626 3901 885 3974 fastigio.

376 4081 430 4137 6.
466 4082 608 4137 Cum
633 4084 824 4136 autem
849 4079 1148 4153 loquimur
1179 4081 1251 4137 de
1275 4080 1593 4137 virtutibus
1616 4081 1835 4154 quibus
1869 4083 1968 4154 qui

308 4172 368 4226 in
424 4169 705 4226 saeculum
755 4169 1004 4238 laborat,
1066 4171 1124 4225 in
1173 4171 1348 4226 finem
1407 4171 1580 4233 vivet,
1633 4171 1968 4227 necessario

308 4261 596 4316 addemus
646 4261 1092 4315 beneficentiam
1144 4264 1201 4314 et
1229 4276 1425 4315 veram
1477 4259 1823 4316 amicitiam.
1858 4259 1967 4324 Qui

306 4350 464 4405 enim
498 4365 634 4404 cum
685 4348 781 4403 Dei
815 4365 1012 4404 amore
1061 4352 1117 4404 et
1167 4352 1452 4420 perpetuo
1505 4348 1748 4412 laborat,
1781 4352 1839 4403 et
1887 4351 1967 4404 ita

308 4438 525 4510 dignus
559 4438 624 4492 ﬁt
653 4438 953 4494 beneficiis
984 4437 1082 4493 Dei
1116 4437 1215 4508 qui
1249 4437 1410 4491 omni
1444 4437 1604 4491 carni
1639 4438 1966 4493 nutrimen-

299 4532 426 4583 tum
459 4528 876 4599 suppeditat,is
905 4541 1066 4597 sane,
1087 4525 1381 4596 siquidem
1410 4542 1514 4597 pro
1545 4525 1768 4581 viribus
1800 4542 1961 4583 com-

2088 3808 2139 3880 έξ
2169 3805 2322 3872 ἔτους
2352 3808 2427 3872 εἰς
2460 3803 2580 3872 ἔτος
2629 3813 2940 3873 πονοῦνται,
2989 3807 3080 3864 καί
3121 3808 3263 3864 οὕτω
3298 3814 3483 3882 ζῶσιν,
3515 3809 3644 3866 ἀλλ’
3675 3811 3750 3873 ὡς

2087 3899 2360 3973 ἀνθρώπῳ
2393 3897 2676 3973 ἐπιπρέπει
2715 3898 2925 3974 βιοῦντι
2958 3896 3313 3969 δεσποτικῶς,
3372 3897 3467 3954 εἴτ’
3520 3897 3612 3954 οὗν
3650 3901 3752 3976 βα-

2085 3985 2338 4053 σιλικῶς,
2371 3987 2447 4049 ὡς
2477 3986 2566 4042 καὶ
2597 3985 2904 4042 πέπλασται
2935 3988 3071 4064 πρὸς
3098 3992 3196 4043 τοῦ
3236 3992 3395 4046 Θεοῦ.

2155 4078 2220 4142 ς’.
2271 4077 2652 4132 Συνεισακτέον
2712 4075 2770 4132 δὶ
2824 4081 2941 4139 τοῖς
2996 4075 3247 4153 τρόποις,
3309 4075 3379 4132 δι’
3439 4078 3512 4132 ὧν
3577 4079 3606 4132 ὁ
3666 4077 3748 4140 εἰς

2079 4167 2174 4222 τὸν
2207 4165 2376 4221 αἰῶνα
2430 4165 2697 4230 κοπιάσας
2745 4167 2963 4236 ζήσεται
3014 4165 3091 4229 εἷς
3146 4164 3326 4235 τέλος,
3385 4165 3477 4222 καὶ
3524 4165 3654 4230 τοὺς
3695 4165 3748 4238 ἐξ

2082 4254 2389 4330 εὐεργεσίας
2420 4253 2665 4316 καὶτοὺς
2697 4255 2874 4330 ὀρθῶς
2925 4251 3201 4330 φιλικούς.
3261 4256 3323 4312 Ὁ
3370 4256 3474 4332 γὰρ
3530 4260 3744 4311 κοπιῶν

2080 4344 2351 4422 θεοφιλῶς
2381 4345 2495 4418 ἅμα
2541 4344 2632 4398 καὶ
2691 4341 2978 4414 διηνεκῶς,
3033 4343 3124 4398 καὶ
3173 4345 3542 4421 ποριζόμενος
3596 4343 3744 4400 οὕτω

2072 4433 2139 4488 τὰ
2168 4433 2226 4488 ἐκ
2253 4437 2350 4488 τοῦ
2401 4430 2558 4502 Θεοῦ,
2621 4433 2679 4494 ’ὸς
2737 4429 2930 4487 δίδωσι
2981 4433 3189 4508 τροφὴν
3236 4434 3382 4508 πάσῃ
3427 4433 3610 4508 σαρκὶ,
3657 4435 3748 4490 ναὶ

2075 4518 2132 4575 δὲ
2161 4522 2251 4576 καὶ
2285 4523 2312 4576 6
2350 4519 2670 4595 μεταδιδοὺς
2701 4525 2806 4576 τῶν
2839 4521 2916 4583 εἱς
2946 4521 3132 4598 χρείαν
3166 4527 3284 4585 τοῖς
3335 4522 3502 4578 αὑτοῦ
3549 4521 3746 4598 δεομέ-

300 4617 567 4673 municat
595 4616 1022 4688 indigentibus,
1056 4619 1112 4669 et
1143 4614 1350 4668 amicis
1391 4614 1724 4670 necessaria
1758 4617 1960 4686 donat,

2088 4618 2207 4682 νοις,
2241 4610 2318 4672 ὡς
2372 4607 2622 4684 δύναμις,
2683 4614 2943 4685 χορηγῶν
2996 4607 3054 4665 δὲ
3105 4610 3195 4666 καὶ
3255 4610 3440 4688 φίλοις
3476 4613 3543 4667 τὰ
3568 4615 3740 4684 καθή-

299 4706 556 4762 inveniet
587 4705 748 4761 illinc
781 4704 997 4774 quibus
1030 4703 1085 4757 in
1118 4708 1415 4758 senectute
1431 4705 1612 4758 vitam
1647 4708 1958 4773 sustentet,

300 4795 580 4868 quoniam
613 4794 696 4849 illi
729 4795 840 4866 ipsi
866 4809 1115 4864 quorum
1151 4793 1604 4849 necessitatibus
1639 4794 1802 4866 prius
1834 4812 1962 4850 suc-

298 4885 502 4954 currit,
525 4882 639 4956 ipsi
675 4882 1010 4937 necessaria
1041 4881 1369 4936 retribnent
1399 4886 1476 4947 et,
1510 4887 1800 4953 quantum
1835 4885 1959 4941 fieri

300 4977 511 5045 potest,
561 4971 752 5028 officio
808 4987 915 5025 suo
958 4985 1096 5042 erga
1131 4986 1285 5035 ,eum
1351 4970 1693 5044 fungentur,
1745 4973 1960 5029 hones-

296 5067 511 5136 tosque
569 5076 627 5116 se
685 5059 1042 5115 exhibebunt
1100 5064 1156 5114 et
1211 5060 1461 5132 gratiam
1521 5063 1790 5118 referent.
1823 5062 1956 5119 Jam

298 5166 434 5207 vero
466 5152 516 5206 si
569 5151 713 5205 forte
746 5149 880 5203 boni
932 5149 1217 5204 memoria
1243 5166 1307 5204 ex
1341 5149 1578 5205 illorum
1631 5157 1826 5208 mente
1867 5152 1953 5207 di-

300 5239 466 5313 lapsa
499 5239 852 5306 fuerit,l)eus
883 5241 1078 5292 tamen
1111 5238 1205 5311 qui
1240 5240 1472 5293 abunde
1503 5239 1822 5307 distribuit,
1855 5241 1954 5312 qui

302 5328 573 5383 amicitiae
607 5327 824 5383 arbiter
869 5333 924 5381 et
954 5328 1369 5383 beneficiorum
1417 5333 1750 5385 nostrorum
1780 5331 1948 5385 retri-

302 5416 476 5470 butor
505 5415 752 5483 exsistit,
785 5434 897 5472 non
953 5419 1249 5489 permittet
1283 5420 1345 5472 ut
1374 5416 1472 5472 ille
1503 5435 1618 5472 non
1663 5418 1721 5473 in
1776 5419 1953 5473 ﬁnem

297 5506 470 5574 vivat,
504 5506 590 5562 uti
626 5506 910 5580 Propheta
941 5507 1042 5574 ait,
1071 5507 1173 5562 sed
1207 5507 1683 5563 remunerabitur
1713 5511 1772 5564 et
1803 5523 1954 5580 prae-

372 5722 390 5757 ι
423 5717 575 5774 Psal.
605 5737 799 5796 xnvm,
829 5723 884 5779 9.

2072 4720 2255 4769 κοντα,
2291 4699 2506 4775 εὑρήσει
2551 4701 2830 4755 κάντεῦθεν
2892 4697 2944 4754 ἐν
2991 4704 3072 4773 τῷ
3111 4702 3261 4776 γήρᾳ
3306 4702 3579 4777 χορηγίαν
3638 4707 3740 4758 τοῦ

2076 4793 2193 4862 ζῇν,
2238 4788 2412 4844 αὐτῶν
2461 4788 2702 4862 ἐκείνων,
2757 4789 2840 4850 οἷς
2890 4789 2952 4843 τὸ
3003 4787 3121 4845 δέον
3172 4789 3458 4866 ἐχορήγει,
3500 4790 3740 4848 aninmo-

2075 4876 2431 4934 διδόντωντᾶ
2461 4877 2670 4948 δέοντα,
2722 4879 2812 4934 καὶ
2862 4876 3325 4955 ἀναπληρούντων
3379 4876 3736 4957 εὑδιακρίτως

2067 4969 2130 5024 τὸ
2163 4968 2280 5024 δέον
2317 4968 2370 5023 έν
2421 4967 2591 5040 αὐτῷ,
2651 4966 2704 5022 εἷ’
2730 4989 2792 5043 γε
2840 4967 2930 5023 καὶ
2985 4965 3258 5038 δύναιντο,
3309 4967 3398 5024 καὶ
3450 4968 3734 5044 εὔγνωμο-

2069 5057 2233 5130 σύνην
2285 5055 2630 5136 φυλάττοιεν,
2683 5057 2758 5119 ὡς
2798 5058 2889 5112 καὶ
2938 5052 3128 5135 ὅφλειν
3172 5059 3423 5135 χάριτας.
3462 5059 3526 5116 El
3559 5057 3732 5114 δὲκαὶ

2066 5145 2201 5210 ἴσως
2261 5149 2310 5220 εξ
2363 5146 2576 5203 ἐκείνων
2621 5149 2656 5217 ἡ
2707 5151 2804 5203 τοῦ
2848 5151 3022 5202 καλοῦ
3078 5149 3273 5221 μνήμη
3306 5147 3719 5216 ἀποπετασθείη,

2067 5234 2212 5291 ἀλλὰ
2240 5241 2336 5292 τοῦ
2368 5234 2522 5309 Θεοῦ,
2564 5241 2662 5292 τοῦ
2717 5233 3114 5310 δανειζομένου,
3174 5237 3242 5292 τὰ
3279 5241 3397 5292 κατ’
3445 5235 3722 5307 εὐπορίαν,

2063 5327 2123 5391 ὃς
2146 5327 2368 5397 καὶτῆς
2429 5325 2618 5404 φιλίας
2676 5327 2876 5400 ταμίας
2935 5325 3025 5380 καὶ
3084 5323 3460 5396 ἀνταποδότης
3515 5328 3621 5380 τῶν
3669 5323 3721 5378 έν

2063 5419 2201 5489 ἡμῖν
2237 5416 2610 5492 ἀγαθουργιῶν
2642 5417 2903 5492 πέφηνεν,
2967 5415 3061 5471 οὐγ
3125 5415 3373 5488 ἀφιέντος
3423 5414 3583 5472 αύτὸν
3651 5415 3728 5488 μὴ

2065 5509 2160 5581 ζῇν
2219 5505 2294 5568 εἷς
2350 5505 2548 5578 τέλος,
2602 5506 2676 5569 ὡς
2724 5507 2752 5561 6
2796 5506 3092 5583 Προφήτης
3151 5507 3520 5586 ἀπεφθέγξατο
3577 5503 3731 5561 ἀλλὰ
