4130 6356
391 418 511 479 525

1779 411 1860 474 IN
1903 413 2048 475 PSA
2061 416 2124 475 L.
2172 415 2436 478 XLVlIl.

3704 429 3822 488 526

390 547 481 604 καὶ
535 543 909 617 ἀποδιδόντος,
959 545 1049 602 καί
1096 547 1176 620 τῷ
1234 543 1517 625 κεφαλαίῳ
1571 540 2040 622 προσεπιϐάλλον-

2161 552 2251 606 ter
2303 566 2599 607 summam
2654 550 3039 624 principalem
3100 550 3278 607 etiam
3337 553 3535 611 fenora
3591 557 3819 614 reddet.

390 659 504 708 τος,
539 635 667 691 ὡσεὶ
705 636 798 691 καὶ
852 637 1010 692 τόκον
1062 635 1390 694 ἀπετίννυεν.
1439 635 1665 699 Ἀνύσας
1715 637 1824 714 γάφ
1880 637 1908 691 ὁ
1967 657 2052 713 φιο

393 728 590 804 λεργὸς
643 725 711 782 δι’
742 725 876 784 ὅλου
921 731 1017 781 τοῦ
1047 728 1182 782 κατὰ
1235 728 1337 796 τήν
1392 724 1678 802 ἐπίκηρον,
1729 726 1818 780 καὶ
1880 725 2052 789 οὕτως

394 819 586 888 εἰπεῖν,
621 815 900 890 ἐπίκαιρον
953 816 1041 872 καὶ
1091 815 1366 896 ἐφήμερον
1424 817 1588 871 αὐτοῦ
1636 818 1779 885 ζωὴν
1835 817 2049 889 αἰῶνος,

395 908 525 982 ὅπερ
557 903 789 985 ὤφειλεν
820 907 899 978 τῷ
945 907 1033 961 καὶ
1086 903 1462 980 παμπλουσίῳ
1514 905 1604 960 καὶ
1667 903 2048 979 ἀψευδεστάτῳ

399 996 626 1071 δεσπότῃ
655 1001 790 1069 Θεῷ,
823 995 914 1051 καὶ
969 997 1068 1065 τήν
1121 993 1349 1070 ἔγκοπον
1409 997 1847 1073 πληροφορήσας
1895 992 2050 1070 ἐργα-

394 1087 534 1144 τείαν
588 1085 774 1154 αύτοῦ,
836 1083 888 1140 ἐν
942 1090 1024 1158 τῷ
1100 1084 1247 1141 τέλει
1317 1084 1725 1140 ἀναπαύσεται·
1779 1084 1869 1138 καὶ
1951 1082 2051 1140 οὐκ

397 1171 725 1248 ἀποϐήσεται
759 1176 786 1230 ὁ
815 1174 1026 1250 καίριος
1075 1176 1246 1236 κόπος
1304 1174 1450 1243 αύτῷ
1501 1172 1580 1236 εἷς
1633 1194 1684 1228 τι
1738 1174 1926 1246 κακὸν,
1961 1176 2050 1229 οἶα

395 1265 774 1344 συγκοπτικὸς,
807 1263 954 1320 ἀλλὰ
988 1266 1204 1335 ζήσεται
1251 1261 1384 1339 δίχα
1430 1260 1691 1334 δηλονότι
1740 1264 1938 1332 κόπου,
1971 1264 2046 1326 ὡς

389 1361 485 1412 τοῦ
516 1360 709 1426 κοπιᾷν
746 1357 822 1428 μὴ
856 1353 1244 1428 ἐνταττομένου
1275 1352 1352 1418 εἰς
1382 1355 1647 1432 ἀκραιφνῆ
1703 1354 1871 1423 ζωὴν,
1901 1351 2046 1409 ἀλλὰ

392 1446 578 1523 ὑγείας
609 1444 907 1520 ἐγκοπτική
915 1465 964 1501 ν.

463 1541 523 1605 ζ’.
554 1533 714 1593 Οὕτω
775 1531 832 1589 δὲ
886 1534 986 1603 τήν
1042 1531 1414 1607 ἐκτεθειμένην
1465 1529 1840 1606 ψαλμῳδικῶς
1891 1530 2047 1607 ῥῆσιν

389 1626 630 1685 ἐπελθὼν
663 1627 1066 1700 ταπεινότερον,
1096 1624 1269 1690 ἐθέλω
1307 1624 1397 1680 καὶ
1447 1622 1634 1688 ἄλλως
1683 1623 1848 1692 αὐτὴν
1901 1622 2044 1697 ἐξερ-

387 1715 648 1794 γάσασθαι
706 1713 1066 1791 ὑψηλότερον.
1128 1720 1285 1790 Ἔχει
1367 1713 1460 1787 μὶν
1535 1713 1635 1790 γὰρ
1689 1709 1819 1768 ούδέ
1873 1710 2045 1767 ἐκεῖνο

390 1805 613 1886 φαύλως
658 1807 721 1862 τὸ
771 1803 1116 1882 προρρηθὲν·
1153 1804 1251 1860 οὐκ
1298 1803 1357 1858 ἃν
1410 1801 1486 1872 δὲ,
1537 1802 1700 1858 αὐτοῦ
1748 1801 2045 1878 ἐγκοσμίου

389 1895 563 1965 ὄντος,
597 1894 911 1970 λελείψοιτο
961 1894 1040 1956 εἰς
1087 1892 1334 1968 ἐνάρετον
1393 1888 1600 1947 ἔννοιαν
1652 1889 1777 1946 οὐδὲ
1831 1891 1894 1946 τὸ
1925 1888 2043 1946 δεύ-

385 2009 562 2065 τερον,
630 1992 711 2060 τῷ
788 1985 956 2042 ἐκεῖσε
1030 1986 1221 2058 κόσμῳ
1306 1983 1707 2063 ἀφωρισμένον,
1766 1981 1855 2037 καὶ
1939 1989 2041 2051 τῆς

388 2077 616 2134 αἰωνίου
673 2083 819 2148 ζωῆς
872 2074 1158 2152 ἐχόμενον.
1211 2098 1238 2125 ι(
1295 2074 1393 2130 Καὶ
1452 2072 1724 2140 ἐκοπίασε,
1766 2095 1795 2123 ››
1856 2074 2038 2150 φησὶν,

390 2193 418 2221 ‹‹
451 2167 526 2230 εἰς
584 2165 676 2221 τὸν
736 2165 929 2233 αἰῶνα,
959 2164 1050 2219 καὶ
1083 2165 1298 2234 ζήσεται
1346 2163 1424 2225 εἷς
1470 2160 1652 2224 τελος.
1687 2185 1716 2212 ››
1750 2161 1846 2215 Καὶ
1905 2159 2042 2224 τὲως

391 2253 763 2332 προληπτέον,
797 2252 880 2310 ὅτι
912 2253 1083 2309 αἰῶνα
1117 2250 1394 2327 μέλλομεν
1423 2249 1543 2326 ἄρτι
1575 2254 1768 2316 νοῆσαι
1827 2249 1890 2304 ού
1945 2249 2035 2304 τὸν

388 2347 512 2421 παρ’
539 2348 676 2419 ἡμῖν
708 2348 824 2406 τοῖς
853 2344 989 2398 κατὰ
1042 2347 1202 2416 σῶμα
1260 2345 1499 2412 θνητοῖς,
1531 2339 1623 2395 τὸν
1681 2343 1782 2405 τῆς
1840 2339 2038 2412 ἡμετέ-

386 2456 479 2512 ρας
540 2441 711 2506 ζωῆς,
762 2435 854 2490 τὸν
908 2433 1122 2496 ἀπόνως
1185 2431 1478 2508 μετρητὸν,
1508 2432 1598 2487 τὸν
1661 2428 1858 2507 ῥᾳδίως
1919 2430 2038 2506 ἀρι-

384 2525 614 2599 θμητὸν,
646 2524 740 2580 τὸν
771 2525 860 2578 καὶ
893 2522 1142 2598 ἀόριστον
1166 2521 1256 2576 καὶ
1285 2521 1689 2594 τελειούμενον,
1721 2521 1812 2574 τὸν
1863 2519 2037 2595 πρόσ-

381 2634 591 2690 καιρον,
651 2613 697 2669 εἰ
783 2613 872 2668 καὶ
947 2610 1268 2689 χιλιοστύος
1337 2609 1494 2686 ἐγγὺς
1551 2611 2035 2686 παρεκταθήσεται·

382 2701 527 2759 ἀλλά
580 2703 673 2758 τὸν
726 2701 968 2777 ὕστερον,
999 2702 1091 2756 τὸν
1145 2696 1316 2762 ὅντως
1373 2699 1616 2774 ἄπειρον,
1647 2699 1737 2753 τὸν
1798 2697 2040 2774 ἀμέτρη-

382 2813 496 2863 τον,
551 2793 645 2847 τὸν
707 2788 874 2865 μηδὲν
933 2789 1067 2866 πρὸς
1123 2793 1269 2862 ἡμᾶς
1319 2787 1452 2850 τοὺς
1511 2786 1618 2842 ὧδε
1680 2782 2035 2862 βραχυϐίους,

391 2882 722 2956 ἀνθρώπους,
754 2881 844 2934 τὸν
893 2881 969 2953 μὴ
1018 2883 1098 2951 τῷ
1145 2877 1340 2951 κόσμῳ
1390 2877 1725 2951 σύμμετρον,
1781 2876 1931 2950 μόνῳ
1980 2874 2039 2931 δὲ

389 2974 468 3042 τῷ
506 2975 621 3042 Θεῷ
667 2968 1097 3047 ἁρμοττόμενον,
1137 2967 1226 3022 καὶ
1273 2971 1342 3040 τῇ
1399 2967 1514 3020 κατ’
1559 2965 1762 3020 ἐκεῖνον
1819 2966 2038 3040 ἀπειρίᾳ

390 3059 1001 3134 συμπαρεκτεινόμενον,
1050 3057 1140 3112 τὸν
1203 3054 1496 3128 μέλλοντα,
1544 3055 1634 3110 τὸν
1695 3051 1910 3129 ὄγδοον,
1942 3055 2032 3109 τὸν

385 3149 788 3204 ἀκατάπαυστον
851 3148 937 3202 καὶ
999 3143 1376 3217 ἂιτελεύτητον,
1417 3145 1506 3200 καὶ
1567 3143 1638 3198 δι’
1692 3143 1821 3200 αὐτὸ
1875 3141 2036 3206 τέλος

383 3237 799 3312 ὠνομασμένον,
854 3234 1302 3312 ἐνδελεχέστατον
1362 3233 1492 3290 αὐτὸ
1543 3236 1783 3303 πάντως,
1831 3235 1918 3289 καὶ
1972 3234 2034 3289 06

2164 638 2347 694 Homo
2377 638 2533 694 enim
2567 639 2666 712 qui
2698 657 2801 712 per
2830 644 3020 696 totum
3054 639 3234 712 hujus
3266 643 3495 699 caducas
3540 645 3817 705 brevissi-

2163 744 2388 800 mazque
2417 728 2543 784 vita:
2592 733 2825 802 tempus
2858 747 2985 802 quae
3023 732 3133 786 Deo
3184 730 3479 790 ditissimo
3511 737 3818 794 veracissi-

2164 834 2376 890 moque
2407 819 2658 874 debebat
2690 820 2911 890 peregit
2939 825 3014 891 et,
3049 823 3320 892 quamvis
3353 823 3651 895 fatigatus,
3674 827 3815 882 acti-

2161 907 2356 962 vitatis
2389 906 2690 964 laboriosae
2722 909 3026 965 studiosus
3051 910 3244 979 fuit,in
3271 912 3444 968 ﬁnem
3469 915 3816 987 requiescet,

2161 1012 2350 1067 neque
2381 995 2548 1052 labor
2579 997 2758 1069 hujus
2790 998 2923 1054 vitae
2953 999 3012 1053 in
3067 998 3288 1056 malum
3322 1002 3372 1057 ei
3401 1004 3589 1076 cedet,
3622 1009 3688 1060 ut
3719 1007 3817 1076 qui

2156 1084 2338 1140 vitam
2372 1085 2785 1158 interrumpat,
2810 1089 2909 1143 sed
2944 1089 3093 1145 vivet
3124 1089 3404 1146 nimirum
3437 1090 3564 1148 sine
3594 1091 3816 1164 labore,

2159 1174 2456 1247 siquidem
2513 1176 2680 1232 labor
2709 1181 2766 1233 et
2795 1194 3068 1232 aerumna:
3118 1196 3245 1251 quae
3279 1181 3514 1238 sanitati
3547 1183 3820 1242 ofﬁciunt

2160 1263 2229 1320 ad
2263 1281 2472 1336 puram
2503 1265 2682 1322 vitam
2715 1283 2828 1322 non
2857 1268 3311 1326 transferuntur.

2225 1533 2280 1586 7.
2317 1532 2636 1605 Postquam
2686 1538 2880 1591 autem
2914 1535 3073 1591 hunc
3123 1535 3340 1593 Asalmi
3391 1538 3584 1596 locum
3635 1551 3816 1600 sensu

2156 1620 2459 1676 humiliori
2480 1623 2890 1695 exposui,jam
2923 1624 3114 1681 altiori
3148 1643 3382 1698 quoque
3409 1631 3682 1688 eumdem
3715 1649 3817 1690 ex-

2158 1708 2373 1782 plicare
2406 1708 2586 1767 lubet.
2617 1712 2696 1767 Ac
2727 1713 2876 1768 bene
2907 1714 3146 1785 quidem
3178 1715 3398 1772 habent
3428 1734 3555 1789 quas
3597 1720 3816 1778 hucus-

2159 1815 2271 1871 que
2304 1800 2714 1870 disseruimus,
2737 1803 3008 1874 quamvis
3029 1803 3180 1860 hanc
3206 1809 3419 1862 terram
3448 1809 3769 1882 respiciant
3800 1828 3814 1869 :

2157 1891 2260 1946 scd
2306 1908 2432 1962 quae
2468 1892 2617 1962 jam,
2672 1898 2875 1966 utpote
2926 1899 3205 1952 teter-nam
3255 1897 3438 1954 vitam
3489 1903 3818 1973 spectantia

2153 1984 2209 2035 et
2267 1980 2417 2036 hanc
2476 1985 2694 2038 terram
2755 1983 3174 2056 despicientia,
3232 1986 3523 2059 prolaturi
3583 2007 3813 2064 sumus,

2149 2069 2329 2141 priori
2378 2070 2462 2126 illi
2496 2071 2697 2127 sensui
2752 2073 3169 2146 hauquaquam
3220 2077 3446 2134 cedent.
3481 2101 3511 2129 «
3545 2080 3798 2138 Labora-

2147 2159 2248 2229 vit,
2283 2159 2494 2232 inquit,
2537 2161 2595 2216 in
2628 2163 2933 2231 saeculum,
2974 2168 3032 2220 et
3060 2165 3212 2222 vivet
3240 2167 3301 2222 in
3353 2166 3553 2224 ﬁnem.
3588 2191 3616 2221 »
3652 2171 3796 2226 Prsa-

2148 2249 2509 2305 monendum
2541 2253 2733 2306 autem
2764 2251 2997 2308 videtur
3026 2263 3130 2310 nos
3150 2255 3277 2325 jam
3309 2272 3424 2312 non
3457 2262 3802 2330 accepturos

2148 2354 2278 2394 esse
2309 2339 2592 2395 saeculum
2623 2343 2908 2413 tanquam
2939 2347 3176 2416 tempus
3210 2344 3378 2401 nobis
3411 2348 3644 2404 mortali
3676 2365 3800 2405 cor-

2147 2445 2284 2500 pore
2316 2428 2540 2484 indutis
2569 2430 2641 2486 ad
2703 2430 3014 2488 vivendum
3047 2449 3416 2504 concessum,
3447 2435 3575 2493 sine
3606 2437 3804 2496 labore

2147 2520 2770 2591 commensurandum,
2803 2521 2930 2578 sine
2955 2523 3190 2594 negotio
3236 2527 3685 2599 numerandum,
3719 2529 3805 2584 in-

2146 2611 2370 2663 certum
2402 2612 2459 2664 et
2507 2608 2723 2665 finibus
2767 2609 3306 2684 circumscriptum,
3358 2614 3800 2687 brevissimum,

2147 2697 2418 2768 quamvis
2449 2697 2522 2753 ad
2576 2697 2737 2754 mille
2767 2715 2954 2756 annos
2986 2707 3256 2756 excurrat
3289 2719 3300 2758 :
3337 2705 3434 2760 sed
3481 2705 3798 2776 posterius,

2147 2802 2346 2841 revera
2386 2786 2708 2858 infinitum,
2740 2787 3359 2860 incummensurabile,
3395 2811 3583 2866 neque
3630 2795 3801 2852 nobis

2145 2875 2492 2932 brevissimo
2523 2876 2653 2932 vita
2685 2877 2874 2949 spatio
2907 2878 3546 2954 circumclusis,neque
3578 2885 3798 2940 mundo

2145 2964 2537 3036 adaequalum,
2569 2968 2672 3023 sed
2713 2967 2837 3023 solo
2869 2971 2984 3023 Deo
3037 2969 3380 3040 adaptatum
3413 2977 3470 3027 et
3503 2973 3630 3042 ejus
3662 2973 3795 3030 infi-

2145 3053 2316 3108 nitati
2345 3071 2696 3127 congruum,
2731 3057 3017 3125 futurum,
3051 3062 3342 3130 octavum,
3364 3059 3713 3120 incessabile
3741 3068 3800 3121 et

2143 3144 2600 3216 interminabile,
2633 3151 2690 3202 et
2723 3153 3028 3219 propterea
3061 3168 3089 3198 ‹‹
3120 3149 3256 3206 ﬁnis
3289 3169 3313 3201 ››
3349 3151 3796 3224 appellatum,in

2146 3239 2427 3290 internum
2454 3235 2829 3302 duraturum,
2863 3236 3018 3292 ultra
3046 3241 3104 3294 et
3133 3241 3267 3310 post
3309 3241 3466 3312 quod
3497 3258 3615 3298 non
3645 3241 3800 3300 alius

380 3329 625 3384 ἐπέκεινα
679 3327 772 3382 καὶ
831 3322 1195 3399 μεθ”ὀτέλος
1247 3325 1349 3380 οὐκ
1399 3318 1539 3379 ἔστιν
1596 3321 1760 3396 ἄλλο,
1803 3320 1896 3377 ’ίνα
1950 3344 2035 3387 τις

2155 3324 2256 3379 erit
2300 3324 2456 3392 linis,
2490 3326 2991 3396 quemadmodum
3046 3344 3151 3383 nec
3183 3345 3432 3401 regnum
3483 3330 3586 3388 Dei
3619 3332 3798 3390 linem

380 3417 537 3493 λὲγῃ,
571 3415 713 3491 μηδὲ
765 3417 854 3472 καὶ
905 3413 1065 3477 τὲλος
1119 3417 1278 3483 εἶναι,
1313 3413 1386 3476 ὡς
1419 3410 1549 3469 οὐδὲ
1589 3419 1691 3483 τῆς
1755 3410 2032 3489 βασιλείας

378 3511 474 3562 106
503 3511 655 3562 Θεοῦ.

449 3603 517 3668 η’.
559 3595 777 3652 Τούτων
838 3592 904 3663 δὴ
960 3592 1104 3649 οὕτω
1161 3591 1649 3669 προειλημμένων,
1709 3586 2034 3661 ἐπιϐλητὲον

376 3690 446 3760 τῇ
477 3685 816 3759 ἐκτεθειμένῃ
857 3686 1114 3757 Δαυϊτικῇ
1152 3687 1407 3758 προφορᾷ
1453 3681 1542 3736 καὶ
1592 3679 1783 3743 οὕτως.
1820 3704 1847 3733 ‹‹
1877 3682 2030 3738 Ἑκο-

378 3776 557 3844 πίασε,
593 3799 621 3827 υ
655 3773 841 3850 φησὶν,
876 3772 1004 3850 οὐχὶ
1047 3774 1075 3827 ὁ
1117 3769 1328 3840 ἁπλῶς,
1362 3769 1508 3826 ἀλλὰ
1555 3771 1584 3825 ὁ
1633 3770 1877 3845 ἐνάρετος
1937 3767 2032 3825 ἄν-

381 3868 624 3942 θρωπος,
655 3866 743 3919 οἵα
773 3864 862 3919 καὶ
894 3858 971 3925 εἴς
1012 3883 1130 3917 τινα
1175 3855 1633 3937 προϐεϐλημένον
1678 3861 1903 3932 σκοπὸν,
1938 3860 2032 3916 τὸν

382 3954 554 4010 αἰῶνα
610 3953 812 4008 ἐκεῖνον
878 3952 970 4007 τὸν
1030 3949 1274 4027 ἄπειρον,
1334 3949 1396 4004 οὐ
1455 3950 1591 4024 πρὸς
1661 3950 1751 4004 τὸν
1813 3947 2036 4004 ἐνταῦθα

382 4041 597 4114 δηλαδή
629 4044 722 4098 τὸν
754 4042 1160 4115 πεπερασμένον
1203 4034 1557 4108 ἀποϐλέπων,
1590 4039 1680 4094 καὶ
1739 4037 1882 4093 οῧτω
1938 4058 2033 4092 κο-

380 4137 518 4188 πιῶν
579 4130 668 4188 διὰ
729 4131 899 4205 μόνην
957 4131 1056 4198 τήν
1117 4129 1264 4185 κάτω
1327 4129 1491 4199 ζωὴν,
1527 4128 1618 4182 καὶ
1677 4127 1745 4182 τὰ
1797 4127 2034 4191 ἐντεῦθεν

383 4223 601 4298 κοπηρὰ
623 4219 788 4290 καλὰ,
821 4222 955 4296 πρὸς
986 4218 1187 4274 ἐκεῖνον
1241 4215 1298 4273 δί
1355 4218 1444 4272 καὶ
1511 4217 1678 4290 μόνον
1734 4217 1826 4272 τὸν
1884 4216 2034 4271 ὕστε-

388 4333 494 4386 ρον,
525 4312 615 4367 καὶ
673 4311 810 4386 πρὸς
871 4309 1009 4383 μόνα
1065 4308 1132 4364 τὰ
1187 4306 1298 4363 ἐκεῖ
1354 4306 1666 4363 ἀπευθύνων
1700 4307 1888 4362 ἑαυτὸν
1945 4307 2038 4360 καὶ

381 4401 741 4474 τυπούμενος.
795 4401 920 4461 Πῶς
970 4396 1028 4454 δὲ
1073 4402 1233 4453 10610
1266 4401 1546 4473 κατορθῶν
1576 4419 1590 4468 ;
1625 4395 1676 4451 ἐν
1735 4401 1815 4469 τῷ
1864 4415 2039 4471 παρα-

385 4498 598 4567 μετρεῖν
687 4491 859 4546 αἰῶνα
939 4489 1115 4544 στενὸν
1198 4492 1390 4543 τοῦτον
1472 4486 1631 4541 αἰῶνι
1715 4484 2041 4559 πλατυτατῳ

383 4581 598 4653 ἐκείνῳ,
631 4579 723 4636 καὶ
789 4580 933 4649 ζωὴν
991 4578 1268 4654 καιρικὴν,
1311 4577 1410 4646 τήν
1469 4575 1519 4631 ἐν
1568 4581 1685 4638 τοῖς
1745 4573 1872 4648 ὧδε,
1926 4579 2040 4650 ζωῇ

2143 3413 2487 3470 habiturum
2519 3431 2648 3471 esse
2670 3415 2807 3487 jure
2837 3416 2971 3488 quis
3003 3416 3234 3475 dixerit.

2212 3597 2266 3650 8.
2298 3594 2400 3651 His
2449 3594 2810 3668 praemonitis
2859 3595 2930 3651 ad
2964 3595 3272 3653 laudatum
3318 3597 3556 3657 Davidis
3604 3601 3800 3660 locum

2143 3683 2576 3756 aggrediamur.
2614 3706 2640 3734 α
2674 3683 2994 3753 Laboravit,
3030 3705 3055 3737 ι
3105 3686 3318 3758 inquit,
3353 3704 3466 3743 non
3516 3690 3801 3763 simplici-

2141 3777 2248 3839 ter,
2281 3774 2381 3828 sed
2414 3773 2589 3829 homo
2618 3773 2853 3830 virtutis
2897 3775 3223 3842 studiosus,
3259 3777 3583 3848 respiciens
3620 3780 3795 3837 nimi-

2145 3879 2274 3918 rum
2309 3862 2381 3918 ad
2425 3879 2671 3934 scopum
2719 3863 3112 3936 propositum,
3148 3866 3428 3921 saeculum
3476 3867 3621 3924 illud
3671 3869 3798 3926 infi-

2145 3952 2357 4018 nitum,
2393 3968 2508 4007 non
2540 3952 2612 4007 ad
2645 3952 2824 4022 hujus
2857 3953 2985 4008 vita:
3007 3951 3298 4009 limitibus
3329 3955 3801 4025 restrictum,aut

2145 4039 2422 4097 laborans
2465 4041 2537 4096 oh
2569 4040 2721 4096 hanc
2753 4040 2942 4096 solam
2972 4041 3152 4096 vitam
3183 4048 3522 4100 terrestrem
3555 4046 3801 4120 ejusque

2147 4129 2303 4184 bona
2351 4129 2651 4200 fugienda,
2687 4129 2788 4184 sed
2840 4129 2912 4184 ad
2943 4129 3107 4184 illam
3159 4133 3572 4189 tantummodo
3620 4136 3800 4193 vitam

2145 4217 2465 4274 secundam
2515 4223 2570 4272 et
2600 4234 2728 4289 quae
2758 4234 2886 4273 eam
2919 4223 3280 4274 concernunt
3311 4235 3372 4275 se
3411 4220 3672 4294 dirigens
3713 4230 3804 4281 at—

2147 4323 2256 4376 que
2287 4323 2666 4378 componens.
2703 4308 3004 4373 Quomodo
3047 4312 3243 4364 autem
3277 4307 3387 4365 hoc
3419 4314 3808 4385 assequitur?

2149 4397 2552 4466 Comparando
2612 4395 2896 4451 nimirum
2940 4395 3048 4452 hoc
3108 4397 3390 4453 saeculum
3445 4406 3808 4460 coarctatum

2150 4502 2284 4540 cum
2318 4485 2530 4540 saeculo
2576 4484 2676 4540 illo
2710 4485 3024 4553 latissimo,
3062 4490 3119 4541 et
3148 4485 3328 4542 vitam
3360 4505 3540 4561 quam
3584 4491 3679 4549 hic
3712 4493 3811 4552 de-

2151 4575 2348 4648 gimus
2382 4576 2610 4630 brevem
2646 4591 2782 4630 cum
2833 4574 2934 4631 illa
2964 4575 3084 4631 vita
3129 4593 3434 4649 nunquam
3487 4588 3810 4650 cessatura.

380 4669 611 4742 ἀλήκτῳ
667 4671 736 4742 τῇ
793 4667 922 4736 ἐκεῖ,
963 4667 1055 4722 καὶ
1086 4666 1231 4722 οὕτω
1261 4665 1400 4720 κακὰ
1445 4664 1650 4738 κόσμον
1693 4664 2039 4740 παρατιθέναι

2155 4671 2208 4720 et
2233 4666 2638 4737 componendo
2688 4665 2990 4720 mundana
3029 4681 3164 4721 cum
3198 4671 3722 4745 supramundanis,
3757 4680 3815 4734 et

384 4761 452 4814 τὰ
510 4758 869 4834 ὑπερκόσμια,
926 4757 1017 4811 καὶ
1066 4755 1526 4811 ἀνταλλάττεσθαι
1582 4753 1788 4810 τούτων
1842 4753 2038 4808 ἐκεῖνα.

384 4850 477 4904 Διὸ
518 4849 607 4903 καὶ
652 4851 862 4902 κοπιῶν
915 4847 989 4907 εἷς
1027 4849 1276 4900 τοιοῦτον
1327 4844 1516 4913 αἰῶνα,
1555 4845 1772 4913 ζήσεται
1828 4842 1902 4904 εἰς
1956 4843 2044 4897 τέ-

383 4938 480 5001 λος
512 4938 778 5009 ἄληκτον,
812 4935 981 4992 εἰπεῖν
1017 4933 1076 4990 δὲ
1124 4938 1416 5011 προσφυῶς
1469 4933 1559 4988 καὶ
1608 4939 1884 5007 προσῆκον
1928 4936 2045 5003 [κα-

379 5029 546 5096 θῆκον
603 5027 702 5100 (1)]
754 5024 845 5080 καὶ
905 5021 1580 5095 ἀληθῶς,ἐντελέστατον,
1611 5021 1704 5076 καὶ
1758 5022 1832 5084 ὡς
1893 5018 2044 5076 εἷ’πο-

386 5138 503 5190 μεν,
561 5114 926 5172 τελειότατον.
1001 5113 1100 5168 Καὶ
1155 5108 1370 5167 τοιόνδε
1450 5112 1543 5184 μὲν
1604 5112 1692 5166 καὶ
1753 5109 1900 5183 τόδε,
1951 5110 2041 5165 καὶ

379 5208 595 5281 γάνοιτο
621 5203 807 5268 καλῶς
835 5200 983 5279 ἔχειν
1013 5202 1104 5257 καὶ
1137 5199 1288 5258 αύτό.

451 5302 514 5360 θ’.
549 5294 619 5352 Εἴ
647 5292 792 5349 δὲτὸ
843 5290 926 5354 δὶς
987 5292 1058 5347 τὰ
1111 5289 1257 5345 καλά
1313 5289 1718 5366 προσαυξητέον
1770 5288 2042 5366 ἁρμοζόνο

377 5405 507 5454 τως,
540 5383 630 5438 καὶ
663 5381 741 5445 εἰς
767 5380 830 5437 τὸ
875 5379 994 5455 τρὶς
1045 5373 1372 5449 ἐπιϐλητέον
1422 5379 1510 5433 καί
1558 5399 1664 5432 τινι
1715 5379 1871 5454 τρίτῃ
1928 5379 2046 5450 ἐξη-

378 5475 539 5548 γήσει
569 5476 667 5527 106
693 5473 980 5526 Δαυϊτικοῦ
1013 5469 1184 5544 ῥητοῦ
1214 5466 1455 5544 ἐχόμενά
1487 5488 1604 5529 πως
1660 5468 1885 5542 κειμένῃ
1942 5477 2045 5539 τῆς

379 5565 712 5639 προσεχοῦς,
737 5559 828 5615 καὶ
870 5558 1062 5635 ρητὲον
1111 5557 1164 5612 ἐν
1223 5557 1490 5634 πρώτοις,
1517 5558 1602 5612 ὅτι
1665 5556 2042 5634 μυστηριωδε-

455 5726 536 5801 (1)
565 5724 839 5786 Scholion
869 5724 930 5784 in
961 5739 1074 5782 me.

2154 4754 2275 4810 haec
2307 4771 2440 4810 cum
2474 4753 2589 4808 illis
2623 4754 3034 4827 permutando.
3069 4754 3212 4810 Cum
3246 4755 3426 4828 igitur
3455 4761 3528 4816 ad
3560 4761 3673 4818 tale
3703 4782 3812 4821 sae-

2155 4842 2355 4900 culum
2389 4845 2718 4916 pertingere
2751 4843 3058 4907 adnititur,
3093 4843 3243 4899 vivet
3291 4844 3350 4900 in
3384 4849 3562 4904 tinem
3610 4851 3810 4910 inﬁni-

2152 4939 2303 5004 tum,
2354 4933 2463 4999 vel,
2515 4939 2580 4989 ut
2637 4932 2830 4988 verius
2886 4934 3426 5006 congruentiusque
3481 4937 3810 5013 loquamur,

2153 5023 2650 5094 perfectissimum
2706 5028 2781 5087 et,
2826 5021 2909 5076 uti
2967 5039 3148 5094 supra
3204 5024 3478 5097 diximus,
3533 5031 3812 5090 omnibus

2155 5112 2417 5168 numeris
2449 5111 2811 5167 absolutum.
2846 5110 2940 5166 Sic
2973 5113 3236 5168 secunda
3265 5113 3444 5172 habet
3475 5117 3810 5194 explicatio,

2153 5208 2210 5258 et
2240 5201 2468 5257 utinam
2501 5200 2679 5257 etiam
2713 5201 2861 5256 bene
2894 5200 3146 5256 habeat!

2222 5292 2277 5347 9.
2312 5290 2372 5348 Si
2419 5295 2616 5347 autem
2668 5290 2929 5346 secunda
2980 5289 3381 5364 interpretatio
3432 5301 3811 5359 commenda-

2155 5385 2270 5449 tur,
2306 5385 2735 5452 consequenter
2781 5379 2986 5436 eadem
3019 5380 3109 5435 via
3151 5385 3588 5453 procedendum
3619 5391 3727 5448 erit
3759 5397 3817 5451 et

2155 5471 2326 5527 tertia
2355 5470 2512 5526 elIati
2549 5469 2805 5526 Davidici
2835 5469 3144 5541 eXplicatio
3176 5474 3499 5543 promenda
3531 5495 3659 5551 quae
3677 5499 3812 5542 cum

2153 5564 2531 5618 antecedente
2577 5565 2736 5617 arcte
2785 5559 3056 5616 cohaeret.
3099 5561 3246 5617 Ante
3290 5565 3489 5623 omnia
3537 5574 3813 5632 notamus
