4130 6356
302 404 422 466 52³1

1076 389 1497 454 EUSTATHII
1541 381 2313 447 THESSALONICENSIS
2359 380 2949 444 METROPOLITIE

3609 377 3728 437 528

303 537 459 593 hanc
504 531 739 588 tertiam
772 526 1192 601 expositionem
1243 538 1418 578 sensu
1474 516 1736 592 mysterii
1780 515 1986 590 pleno,

2097 512 2230 587 τέρα
2280 515 2314 583 ἡ
2365 513 2522 590 τρίτη
2573 516 2691 569 κατ’
2747 509 2952 567 ἔννοιαν
3010 504 3274 579 ἐπιϐολὴ,
3337 505 3578 584 ἐχομένη
3637 509 3729 564 καὶ

309 623 710 696 accipiendam
740 635 868 676 esse
918 621 1094 688 atque
1121 612 1279 668 illam
1310 610 1598 681 attingere
1633 605 1961 662 doctrinam

311 693 761 771 recc—aditiorem
795 723 972 780 quam
1006 705 1075 759 de
1106 699 1492 757 retributione
1535 698 1822 752 bonorum
1855 693 1962 748 bu-

306 806 408 876 jus
437 803 567 857 vitae
592 815 832 872 operum
880 801 1092 850 aeterna
1121 796 1176 846 ct
1222 790 1293 845 de
1326 789 1546 843 ultione
1594 790 1965 858 peccatorum

315 873 457 951 dum
493 893 584 946 hic
635 889 883 944 vivimus
931 881 1381 939 commissorum
1429 876 1785 948 accepimus.
1839 873 1966 928 Dis-

317 986 618 1056 ceptatum
665 978 821 1034 enim
871 979 978 1042 est,
1030 989 1135 1027 cur
1183 974 1334 1024 Deus
1381 967 1550 1022 illum
1600 965 1700 1037 qui
1749 965 1860 1019 hoc
1907 963 1968 1017 in

319 1055 541 1128 mundo
573 1070 808 1141 peccata
837 1064 1086 1119 limitata
1115 1057 1395 1124 admittit,
1427 1055 1486 1111 in
1519 1059 1801 1110 aeternum
1860 1069 1968 1123 pu—

321 1162 464 1216 niat.
498 1140 588 1214 Ad
617 1156 797 1225 hujus
827 1149 1170 1226 quaestionis
1201 1145 1556 1203 solutionem
1604 1140 1969 1212 sapientissi-

324 1267 458 1306 mus
504 1246 602 1302 Dei
633 1244 854 1301 Psaltes
887 1240 1103 1296 inloco
1154 1237 1327 1292 modo
1367 1236 1689 1290 memorato
1742 1228 1970 1298 alludit,

323 1346 379 1395 et
408 1337 690 1393 indirecte
717 1333 921 1389 saltem
971 1334 1025 1385 et
1082 1326 1410 1383 secundum
1460 1338 1701 1378 sensum
1753 1319 1974 1392 profert

323 1425 770 1500 explicationem
804 1420 897 1476 cui
930 1434 1101 1474 nemo
1133 1413 1502 1470 Christianus
1536 1410 1780 1466 ﬁrmiter
1814 1407 1972 1463 oblo-

325 1497 423 1590 qui
457 1513 784 1571 conabitur.
817 1512 1030 1565 Sensus
1062 1510 1256 1561 autem
1309 1501 1514 1558 Psalle
1565 1499 1659 1554 hic
1702 1503 1792 1568 est
1825 1513 1836 1552 :
1872 1497 1974 1551 Bo-

322 1587 466 1664 num
495 1609 554 1660 et
581 1601 782 1658 virtuti
817 1599 1151 1655 studentem
1184 1594 1484 1649 hominem
1516 1595 1752 1662 propter
1795 1587 1974 1642 vitam

324 1696 462 1752 licet
491 1689 902 1748 brevissimam
954 1683 1158 1740 virtuti
1190 1685 1591 1738 consecratam
1625 1678 1975 1749 adepturum

327 1800 458 1843 esse
487 1785 642 1838 bona
672 1785 908 1846 aeterna,
944 1778 1143 1847 utpote
1176 1771 1277 1843 qui
1321 1769 1622 1826 laboribus
1675 1770 1733 1822 et
1781 1765 1975 1832 luetis,

331 1875 402 1932 ob
437 1887 601 1945 spem
633 1867 792 1923 illius
824 1866 950 1920 vitae
981 1865 1416 1928 inconcussam,
1449 1873 1684 1914 carnem
1736 1852 1978 1908 mortiﬁ-

334 1961 569 2020 caverit.
602 1959 673 2015 Et
697 1958 779 2013 sic
811 1953 1188 2011 conclusione
1237 1947 1644 2022 philosophica
1671 1950 1729 2000 et
1760 1945 1983 1998 ratione

334 2071 404 2109 ex
432 2048 700 2124 opposito
731 2046 981 2101 deducta
1011 2041 1171 2096 illam
1217 2037 1601 2111 quaastionem
1653 2037 1980 2090 controver-

330 2123 684 2205 samisiolvit,
718 2150 1054 2207 supponens
1105 2130 1259 2202 quod
1283 2129 1483 2200 justus
1515 2126 1689 2181 homo
1741 2123 1798 2178 in
1835 2138 1982 2194 pras-

329 2231 481 2290 senti
533 2228 662 2285 vitae
719 2225 990 2280 humana:
1049 2218 1261 2275 saaculo
1318 2219 1661 2287 occupatur,
1719 2229 1835 2267 non
1896 2211 1981 2264 uti

328 2325 450 2378 fors
480 2315 680 2375 tulerit
731 2314 863 2386 (hoc
894 2309 1051 2366 enim
1104 2308 1197 2362 vix
1229 2304 1404 2360 ullius
1438 2304 1576 2358 foret
1626 2301 1844 2374 pretii),
1878 2299 1980 2354 sed

329 2407 650 2467 admodum
699 2415 1027 2458 aerumnose
1075 2402 1132 2454 et
1183 2411 1317 2450 cum
1369 2392 1551 2449 multo
1602 2396 1659 2446 et
1715 2405 1980 2462 perseve-

325 2503 490 2556 rante
509 2500 564 2553 et
588 2492 866 2551 continuo
889 2493 946 2544 et
965 2485 1259 2544 exclusivo
1283 2485 1432 2550 et,ut
1452 2481 1535 2536 ita
1558 2480 1773 2547 dicam,
1807 2477 1980 2533 unico

326 2595 385 2645 et
412 2591 626 2643 aaterno
673 2582 893 2648 labore,
925 2577 1221 2650 siquidem
1272 2590 1374 2646 per
1405 2575 1584 2627 totam
1625 2569 1803 2624 vitam
1855 2567 1981 2622 sine

325 2674 766 2736 intermissione
797 2671 1075 2726 luctatur.

401 2787 488 2841 10.
520 2783 646 2839 Non
677 2779 833 2836 enim
866 2776 1035 2843 dixit,
1070 2770 1372 2829 Laboravit
1419 2768 1593 2824 certis
1625 2763 1980 2835 interstitiis,

329 2876 442 2934 alio
473 2879 738 2944 tempore
767 2872 826 2923 et
857 2865 992 2935 alio,
1025 2863 1150 2932 sed,
1184 2859 1366 2916 semel
1397 2857 1683 2913 laboravit
1713 2854 1772 2908 in
1822 2859 1985 2908 aeter-

331 2981 498 3030 num,
525 2941 636 3017 hoc
664 2963 754 3014 est
782 2953 1191 3012 convenienter
1234 2949 1364 3004 vitaz
1406 2944 1656 3017 tempori
1703 2943 1753 2999 ei
1787 2943 1843 2997 in
1875 2941 1984 2997 bao

330 3060 490 3112 terra
537 3063 835 3106 concesso.
885 3043 1171 3108 Quoniam
1214 3038 1396 3110 igitur
1446 3052 1549 3107 per
1596 3038 1780 3088 totam
1833 3031 1985 3086 hanc

330 3144 514 3200 vitam
545 3145 660 3195 Deo
711 3133 950 3208 placuit,
976 3133 1111 3203 jure
1161 3127 1485 3197 meritoque
1515 3123 1669 3178 vivet
1715 3122 1892 3178 etiam
1925 3120 1984 3174 in

331 3235 534 3302 ﬁnem,
561 3230 619 3285 id
650 3232 741 3283 est
769 3226 829 3279 in
859 3238 1032 3278 omne
1063 3225 1297 3289 tempus
1327 3221 1383 3270 et
1413 3229 1600 3284 usque
1638 3212 1710 3267 ad
1742 3210 1985 3282 profun-

2079 603 2482 679 μυσταγωγίας,
2543 605 2603 672 ἣν
2659 603 2784 679 περὶ
2858 608 2958 671 τῆς
3013 599 3238 654 αἰωνίου
3295 598 3385 653 καὶ
3434 593 3731 652 ἀνταποδό-

2077 713 2210 757 σεως
2237 697 2344 747 τῶν
2379 693 2430 747 ἐν
2466 692 2566 766 Βίῳ
2597 693 2808 767 ἀγαθῶν
2858 692 2946 746 καὶ
2999 686 3324 750 ἀντιδόσεως
3381 691 3490 742 τῶν
3543 686 3594 741 ἐν
3653 689 3732 757 τῷ

2081 784 2232 857 βιοῦν
2264 782 2598 860 σφαλμάτων
2649 776 3055 857 παρελάϐομεν.
3095 779 3400 850 Ἡπόρηται
3457 777 3552 849 μὲν
3603 775 3731 850 γὰρ,

2079 869 2279 928 διατίὸ
2311 873 2438 935 Θεὸς
2473 871 2807 942 ἀτελεύτητα
2853 868 3074 938 κολάζει
3127 869 3238 924 ἐκεῖ
3291 868 3384 923 τὸν
3440 865 3736 922 ἐπταικότα

2078 961 2128 1017 ἐν
2174 966 2243 1036 τῇ
2287 962 2422 1017 κατὰ
2467 963 2674 1035 κόσμον
2724 961 3036 1035 ἀναστροφῇ
3095 958 3376 1034 μετρητά;
3409 955 3616 1012 Τούτου
3675 952 3739 1009 δὲ

2079 1051 2233 1108 λύσιν
2274 1049 2713 1128 ὑποκρουόμενος
2768 1051 2820 1105 ἐν
2879 1055 2996 1110 τοῖς
3046 1049 3165 1124 ἄρτι
3225 1048 3253 1102 6
3305 1047 3581 1124 πάνσοφος
3635 1048 3738 1099 τοῦ

2080 1145 2218 1197 Θεοῦ
2268 1141 2519 1211 Ψάλτης,
2554 1135 2926 1216 προϐάλλεται
2982 1142 3072 1192 νῦν
3131 1136 3352 1191 λυτικόν
3398 1155 3522 1190 τινα
3567 1131 3737 1209 λόγον

2081 1230 2374 1306 ἐπιχειρῶν
2431 1229 2488 1285 ἐκ
2533 1235 2642 1285 τῶν
2693 1229 2996 1306 πόῤῥωθεν,
3045 1228 3160 1282 κατ’
3215 1222 3510 1296 ἕννοιαν,ᾗ
3556 1220 3742 1285 οὐδεὶς

2081 1320 2403 1396 Χριστιανὸς
2486 1320 2826 1395 ἐπιχειρήσει
2897 1314 3301 1373 ἀντιπαλαίσειν
3382 1313 3458 1376 εἰς
3533 1313 3743 1368 ἀκατά-

2084 1404 2312 1480 ϐλητον.
2347 1411 2502 1464 Ἔστι
2547 1406 2604 1462 δὲ
2649 1413 2899 1471 τοιοῦτος
2931 1407 2958 1461 6
2988 1410 3112 1468 νοῦς
3156 1409 3234 1476 τῷ
3283 1399 3609 1476 Ψαλμῳδῷ·
3646 1400 3742 1457 λέ-

2083 1520 2164 1575 γει
2194 1499 2286 1552 τὸν
2317 1499 2509 1574 ἀγαθὸν
2540 1498 2629 1552 καὶ
2663 1497 2907 1571 ἐνάρετον
2938 1495 3215 1570 ἄνθρωπον
3274 1491 3364 1548 διά
3419 1493 3516 1562 τήν
3566 1491 3744 1566 πρόσο

2086 1609 2274 1664 καιρον
2311 1588 2499 1664 βιοτὴν
2551 1587 2716 1641 αὒτοῦ
2760 1586 2851 1641 καὶ
2892 1586 3084 1662 ἀρετὴν
3140 1581 3516 1656 ἀπολήψεσθαι
3567 1579 3749 1655 ἀγαθὰ

2087 1677 2305 1746 αἰώνια,
2361 1677 2705 1753 νεκρώσαντα
2770 1675 2965 1738 κόποις
3020 1673 3109 1728 καὶ
3165 1672 3354 1733 πόνοις
3409 1673 3508 1740 τὴν
3569 1671 3750 1745 σάρκα

2090 1764 2178 1821 διὰ
2201 1767 2301 1835 τὴν
2334 1765 2590 1840 σταθερὰν
2623 1761 2818 1820 ἐλπίδα
2864 1767 2962 1832 τῆς
3013 1761 3185 1818 ἐκεῖσε
3243 1765 3406 1830 ζωῆς.
3438 1758 3538 1814 Καὶ
3597 1756 3749 1812 οὕτω

2091 1851 2378 1934 φιλοσόφῳ
2411 1852 2641 1909 διαθέσει
2671 1853 2763 1908 καὶ
2797 1851 3058 1923 κοινωνίᾳ
3110 1851 3184 1913 ὡς
3227 1849 3278 1920 ἐξ
3319 1847 3559 1903 ἐναντίου
3612 1847 3750 1902 τού-

2091 1966 2188 2000 του
2218 1933 2448 2017 θέματος
2483 1942 2600 1999 λόει
2645 1941 2814 1998 ἐκεῖνο
2862 1942 2925 1996 τὸ
2969 1939 3240 2004 ἀντίθετον
3297 1935 3522 2014 δίπορον,
3572 1933 3748 2004 νοῶν,

2094 2035 2176 2089 ὅτι
2209 2035 2236 2088 ὁ
2271 2031 2478 2094 δίκαιος
2508 2033 2788 2108 ἅνθρωπος
2839 2027 3162 2106 ἀσχολεῖται
3217 2027 3292 2090 εἰς
3350 2026 3440 2082 τὸν
3500 2025 3753 2099 παρόντα

2096 2123 2287 2192 αἰῶνα,
2318 2123 2408 2177 τὸν
2462 2128 2562 2191 τῆς
2620 2122 2738 2176 κατ’
2770 2122 3057 2196 ἄνθρωπον
3116 2120 3285 2187 ζωῆς,
3334 2115 3395 2170 οὐ
3449 2115 3610 2187 μόνον
3666 2114 3752 2176 ὡς

2092 2209 2366 2288 ἐνδέχεται
2424 2208 2600 2285 (οὐδὶν
2658 2212 2756 2286 γάρ
2803 2209 2942 2284 μὲγα
2995 2207 3058 2262 τὸ
3113 2205 3284 2267 οὕτως
3346 2203 3562 2277 εἰπεῖν),
3597 2199 3754 2258 ἀλλὰ

2093 2301 2168 2364 εἰς
2202 2299 2321 2355 λίαν
2358 2299 2631 2363 ἐπιπόνως
2660 2299 2752 2353 καὶ
2786 2298 2920 2372 μετὰ
2961 2295 3172 2352 πολλοῦ
3201 2294 3376 2350 κόπου
3433 2293 3525 2348 καὶ
3570 2290 3753 2363 διηνε-

2089 2395 2219 2452 κοῦς
2249 2390 2338 2444 καὶ
2370 2393 2630 2464 συνεχοῦς
2675 2387 2765 2443 καὶ
2800 2386 3064 2460 ἐπιμόνου
3107 2384 3196 2439 καὶ
3245 2384 3318 2446 ὡς
3372 2383 3485 2438 οἷον
3545 2380 3749 2436 ὲνιαίου

2089 2481 2178 2537 καὶ
2238 2480 2380 2536 οὕτω
2438 2502 2556 2543 πως
2614 2479 2860 2552 αἰωνίου,
2895 2475 2984 2533 διὰ
3035 2477 3099 2532 τὸ
3151 2473 3463 2536 ἀδιακόπως
3499 2473 3549 2528 ἐν
3598 2473 3749 2547 πάσῃ

2090 2575 2158 2646 τῇ
2189 2571 2353 2626 αὐτοῦ
2387 2574 2502 2644 ζωῇ
2533 2575 2740 2627 πονεῖν.

2166 2759 2328 2824 ι’.Ὀῦ
2374 2763 2475 2840 γὰρ
2523 2762 2738 2835 ἐκοπία,
2770 2761 2956 2840 φησὶν,
2989 2754 3050 2815 ἔκ
3093 2780 3255 2815 τινων
3303 2755 3745 2831 διαλειμμάτων,

2093 2855 2296 2911 ἄλλοτε
2351 2853 2442 2909 καὶ
2501 2852 2724 2924 ἄλλοτε,
2778 2849 2924 2906 ἀλλὰ
2988 2849 3230 2920 καθάπαξ
3309 2846 3590 2902 ἐκοπίασεν
3672 2846 3747 2908 εἰς

2091 2945 2354 3012 αἰώνιον,
2415 2941 2446 2996 ὅ
2507 2940 2647 2996 ἐστιν
2733 2939 3014 3014 ἀναλόγως
3086 2942 3166 3010 τῷ
3248 2935 3746 3012 ἐπιμεμετρημένῳ

2092 3034 2239 3106 αὐτῷ
2298 3031 2521 3094 ἐνταῦθα
2575 3030 2752 3085 «tam.
2805 3028 2953 3086 Ἐπεὶ
3035 3026 3126 3082 οὖν
3205 3024 3336 3081 ὅλον
3415 3027 3506 3081 τὸν
3583 3026 3744 3081 αὐτοῦ

2093 3122 2264 3177 αἰῶνα
2291 3125 2481 3175 τοῦτον
2525 3121 2822 3193 θεαρέστως
2874 3116 3051 3187 ἔζησε,
3109 3113 3330 3176 δικαίως
3390 3116 3604 3184 ζήσεται
3655 3111 3738 3166 καὶ

2098 3234 2127 3264 ‹‹
2158 3211 2235 3272 εἰς
2291 3207 2472 3277 τέλος,
2505 3234 2532 3260 ››
2561 3205 2731 3284 ἤγουν
2789 3205 2882 3261 διὰ
2932 3204 3150 3272 παντὸς,
3201 3203 3292 3259 καὶ
3335 3203 3497 3278 μέχρι
3546 3203 3735 3277 βάθους

333 3269 510 3289 μην...
561 3269 619 3285 η.
651 3269 741 3283 νυ.
770 3269 829 3279 ..-
861 3269 1032 3278 ..-----
1068 3269 1290 3289 ηψπ---
1337 3269 1347 3270 ,
1503 3269 1522 3284 ι
1742 3269 1762 3282 ⁸

333 3276 579 3379 ὰὶῐαῐείι]
626 3312 822 3372 seculi
874 3309 1111 3372 inﬁniti,
1158 3307 1330 3376 cujus
1378 3303 1514 3358 tinis
1560 3305 1650 3356 est
1699 3298 1982 3354 inﬁnitas.

2097 3299 2320 3370 ἀπείρου
2350 3301 2573 3367 αἷῶνος,
2603 3295 2664 3351 οὖ
2723 3297 2891 3371 πέρας
2930 3298 3044 3350 οἷον
3095 3293 3331 3368 ἀπειρία.
3391 3290 3486 3347 Καὶ
3537 3290 3599 3344 τὸ
3652 3287 3738 3343 αὖ·

332 3414 648 3480 Propterea
690 3403 847 3460 enim
879 3398 1034 3470 quod
1063 3401 1152 3451 est
1195 3395 1330 3449 linis
1378 3390 1617 3448 omnino
1671 3387 1898 3444 stabilis
1930 3392 1988 3442 et

333 3475 917 3560 immutabilis,nullo
948 3485 1136 3540 limite
1165 3482 1414 3539 aliarum
1445 3495 1641 3536 rerum
1671 3477 1862 3532 instar
1883 3475 1989 3530 cir-

338 3583 762 3654 cumscriptus,
795 3579 924 3633 ideo
949 3576 1125 3630 homo
1157 3573 1448 3644 perfectus
1480 3565 1717 3638 assequi
1748 3570 1986 3621 conten-

338 3677 421 3733 dit
451 3651 783 3742 illud—quod
809 3672 901 3722 est
929 3666 1210 3720 saeculum
1240 3658 1613 3722 saeculorum,
1634 3656 1802 3726 cujus
1836 3651 1990 3742 limi-

334 3773 428 3824 tes
483 3741 718 3818 omnem
778 3759 1031 3812 mentem
1090 3751 1396 3818 excedunt,
1449 3747 1725 3818 quodque
1779 3741 2003 3798 saecula

342 3852 720 3929 praeterlapsa
765 3847 824 3901 in
867 3848 1151 3899 aeternum
1200 3836 1499 3893 concludit
1551 3840 1608 3888 et
1654 3833 1738 3888 sic
1768 3831 1992 3887 caeteris

342 3922 665 4000 terminum
698 3934 1040 4008 imponit,ut
1061 3927 1237 3985 veluti
1269 3925 1530 3998 sigillum
1553 3923 1637 3978 eis
1667 3922 1991 3993 imprimat.

345 4035 415 4090 Et
444 4033 552 4087 hoc
584 4027 820 4100 quidem
852 4023 1096 4078 addecet
1122 4014 1616 4084 Deum,nimirum
1654 4019 1717 4067 ut
1744 4012 1994 4084 gratiam

343 4123 584 4194 dignam
634 4134 736 4189 pro
794 4113 983 4184 gratia
1038 4107 1317 4180 rependat
1363 4103 1416 4160 ei
1467 4103 1565 4174 qui
1619 4101 1814 4174 ipsum
1867 4115 1998 4155 vere

343 4191 694 4284 semperque
720 4203 942 4266 dilexit,
961 4206 1017 4256 et
1033 4196 1313 4253 saeculum
1336 4193 1634 4249 infinitum
1657 4191 1864 4246 reddat
1894 4205 1998 4261 pro

344 4279 524 4372 hujus
552 4279 761 4353 mundi
795 4288 1028 4355 saeculo,
1059 4287 1120 4342 in
1154 4303 1269 4357 quo
1300 4284 1492 4338 cultor
1533 4280 1722 4352 ipsius
1769 4279 1998 4334 labora-

343 4368 448 4456 vit,
479 4384 779 4453 saeculum,
811 4382 1078 4452 inquam,
1113 4373 1340 4430 inﬁnite
1374 4387 1555 4442 supra
1585 4369 1847 4424 humana
1876 4368 2000 4423 ela-

340 4486 490 4545 tum,
525 4473 758 4548 ipsique
800 4467 1123 4543 proprium,
1175 4463 1302 4535 lege
1349 4458 1622 4515 amicitias
1676 4474 1804 4529 quae
1847 4458 2004 4512 bona

344 4568 670 4625 amicorum
703 4557 1040 4616 communia
1069 4569 1196 4610 esse
1221 4551 1413 4621 jubet.

2094 3389 2186 3444 τὸν
2219 3387 2365 3450 δλως
2417 3387 2550 3442 εἶναι
2601 3387 2833 3459 μόνιμον
2887 3383 3070 3451 τέλος,
3113 3382 3202 3437 καὶ
3264 3383 3339 3454 μὴ
3392 3377 3532 3456 ἔχειν
3580 3376 3741 3433 κατά-

2095 3499 2290 3535 παυσιν
2323 3478 2398 3538 ὡς
2440 3474 2622 3552 ἕτερόν
2672 3497 2747 3546 τι,
2771 3475 2975 3552 πέφυκε
3031 3470 3411 3544 τελειοῦμενον
3473 3467 3744 3545 δευτερεύ-

2099 3589 2173 3623 ειν
2237 3567 2350 3639 μετ⁶
2383 3565 2565 3635 αὐτὸν,
2593 3564 2805 3618 αἰώνων
2866 3558 2995 3617 ὄντα
3046 3559 3238 3628 αἰῶνα,
3297 3559 3359 3614 οὗ
3411 3557 3579 3634 πέρας
3638 3554 3749 3611 οὐδ’

2099 3654 2159 3710 ἂν
2192 3653 2545 3724 ἐπινοήσηταί
2574 3673 2680 3720 τις,
2713 3651 2802 3706 καὶ
2847 3649 3009 3710 τέλος
3059 3648 3272 3704 αἰώνων
3327 3652 3435 3702 τῶν
3492 3647 3600 3719 πρὸ
3657 3645 3753 3700 αὐ-

2097 3749 2216 3812 τοῦ,
2271 3741 2675 3798 ἀκατάπαυστον
2733 3738 2818 3795 δὲ’
2879 3738 3023 3795 οὕτω
3078 3741 3413 3814 περατοῦντα
3467 3735 3596 3796 τοὺς
3653 3735 3756 3789 ἄλ-

2103 3833 2256 3902 λους,
2291 3831 2418 3886 ὡσεὶ
2461 3831 2551 3886 καὶ
2601 3831 2831 3908 σφραγὶς
2881 3829 3040 3890 αὐτὸς
3087 3827 3312 3888 ἐκείνοις
3351 3825 3618 3880 ἐπέκειτο.
3653 3825 3758 3878 Καὶ

2104 3918 2215 3977 ἔστι
2264 3926 2424 3976 τοῦτο
2473 3921 2679 3996 πρέπον
2732 3924 2812 3991 τῷ
2860 3923 2998 3990 Θεῷ,
3046 3917 3109 3971 τὸ
3160 3917 3324 3991 χάριν
3374 3911 3590 3985 δηλαδὴ
3640 3913 3764 3968 ἀντὶ

2104 4011 2331 4088 χάριτος
2365 4009 2512 4079 ἀξίαν
2565 4005 2858 4063 ἀποδοῦναι
2916 4011 2995 4079 τῷ
3046 4005 3204 4060 αὐτὸν
3239 4004 3416 4079 ὀρθῶς
3462 3999 3568 4064 ἕως
3628 4000 3762 4057 ὅλον

2105 4101 2465 4176 άγαπήσαντι,
2498 4098 2587 4152 καὶ
2629 4096 2830 4158 αἰῶνος
2884 4093 3189 4150 ἀντιδοῦναι
3250 4092 3422 4147 αἰῶνα
3472 4096 3570 4146 τοῦ
3626 4091 3770 4145 κατὰ

2105 4189 2337 4262 κόσμον,
2371 4187 2423 4242 ἐν
2474 4187 2520 4258 ᾦ
2565 4184 2845 4240 ἐκοπίασεν
2893 4185 2921 4238 6
2970 4184 3138 4238 αὐτοῦ
3183 4182 3455 4258 θεράπων,
3484 4181 3577 4236 τὸν
3627 4178 3767 4254 ὑπὶρ

2106 4278 2176 4333 τὰ
2227 4281 2324 4332 τοῦ
2372 4275 2583 4348 κόσμου
2629 4278 2726 4330 τοῦ
2772 4273 3139 4349 ἀνθρωπίνου,
3185 4271 3278 4324 τὸν
3340 4271 3554 4339 ἑαυτοῦ,
3605 4269 3769 4340 νόμῳ

2110 4366 2317 4446 φιλίας,
2349 4366 2409 4428 ὃς
2438 4368 2593 4419 κοινά
2618 4363 2686 4418 τὰ
2714 4367 2822 4417 τῶν
2854 4360 3028 4440 φίλων
3059 4359 3286 4424 τίθεται.

417 4675 504 4730 11.
545 4671 678 4728 Jam
728 4668 774 4721 si
806 4666 938 4720 hoc
989 4662 1072 4717 sic
1104 4675 1165 4714 se
1210 4657 1387 4712 habet
1436 4654 1615 4726 (quod
1667 4653 1986 4709 addubitar‘

2188 4651 2273 4706 ια’.
2315 4649 2379 4704 Εἰ
2411 4646 2478 4718 δὴ
2508 4649 2656 4712 τοῦθ’
2687 4645 2862 4709 οὕτως
2910 4641 3027 4720 ἔχει
3068 4642 3207 4721 (ἔχει
3259 4641 3316 4699 δὲ
3376 4642 3475 4698 οὐκ
3531 4642 3772 4717 ἄλλως),

346 4781 463 4821 non
521 4759 754 4834 potest),
789 4755 1217 4822 consequenter
1273 4761 1342 4800 ex
1399 4742 1667 4815 opposito
1724 4743 2003 4798 demons-

345 4832 600 4911 trahitur
629 4847 922 4904 hominem
975 4839 1075 4909 qui
1108 4853 1223 4891 non
1275 4833 1563 4890 laboravit
1613 4833 1670 4886 in
1723 4832 2002 4887 saeculum

350 4954 536 5012 neque
591 4936 780 4990 vivere
831 4933 887 4985 in
953 4928 1128 4981 linem
1188 4928 1376 4978 sancti
1433 4922 1644 4988 instar,
1677 4922 1776 4975 sed
1823 4920 2002 4976 vitam

347 5009 537 5103 ipsius
587 5037 824 5096 prorsus
872 5019 1163 5072 diversam
1215 5012 1416 5083 illique
1465 5009 1819 5066 contrariam
1861 5011 2001 5064 fore.

345 5099 403 5174 Si
434 5119 591 5174 enim
641 5112 740 5166 ille
787 5112 1068 5162 mternum
1125 5101 1261 5156 vivit
1309 5102 1369 5155 in
1402 5101 1573 5155 bonis
1618 5099 1692 5155 ob
1741 5099 2002 5154 animam

344 5201 766 5264 immortalem,
800 5197 894 5251 hic
922 5213 952 5250 e
984 5199 1206 5257 contra,
1242 5194 1512 5260 peccator
1548 5189 1853 5252 nimirum,
1889 5188 2002 5242 alio

344 5297 520 5353 modo
550 5292 701 5345 vivet
747 5287 803 5340 in
854 5301 971 5340 non
1023 5281 1210 5350 bonis,
1238 5281 1296 5334 in
1349 5285 1630 5334 aeternum
1685 5283 1880 5332 tamen
1927 5277 2001 5331 ob

346 5385 605 5442 animam
631 5376 949 5433 identidem
976 5369 1144 5426 morti
1173 5387 1284 5424 non
1303 5367 1760 5436 subjectam.Est
1783 5372 1998 5431 autem,

347 5491 419 5529 ne
450 5472 661 5540 longus
691 5467 828 5530 sim,
863 5479 1072 5518 sensus
1107 5462 1223 5514 fere
1253 5458 1347 5512 hic
1381 5474 1393 5511 :
1425 5456 1634 5512 Justus
1687 5472 1789 5527 per
1818 5459 2001 5509 tOIam

346 5563 531 5619 vitam
560 5559 619 5613 in
640 5557 751 5613 hoc
773 5552 994 5609 mundo
1017 5550 1372 5605 transactam
1400 5544 1703 5614 laboravit,
1721 5560 1859 5616 ergo
1883 5541 2002 5598 illic

349 5653 504 5708 vivet
535 5647 806 5702 felicitate
837 5659 968 5697 cum
1006 5645 1118 5694 Deo
1151 5638 1350 5692 fruens
1393 5639 1646 5699 aeterna;
1679 5633 1774 5689 ille
1803 5637 2001 5687 autem

355 5741 454 5815 qui
491 5754 604 5794 non
636 5737 838 5793 eodem
873 5732 1045 5786 modo
1075 5729 1256 5783 vitam
1309 5741 1618 5797 moresque
1648 5724 1999 5795 composuit,

2115 4738 2342 4813 εὔλογόν
2400 4737 2563 4805 ἐστιν,
2616 4737 2690 4798 ὡς
2751 4735 2802 4809 ἐξ
2861 4733 3104 4789 ἐναντίου
3168 4734 3342 4788 τόπου
3394 4731 3770 4808 ἐπιχειρῆσαι,

2112 4829 2204 4883 τὸν
2243 4829 2319 4902 μὴ
2351 4831 2629 4882 κοπιῶντα
2655 4824 2730 4889 είς
2756 4826 2847 4880 τὸν
2880 4823 3052 4878 αἰῶνα
3097 4819 3238 4895 μηδὲ
3293 4825 3388 4894 ζῇν
3450 4820 3528 4882 εἰς
3585 4820 3770 4890 τέλος,

2112 4918 2176 4972 τὸ
2203 4918 2339 4972 κατὰ
2367 4917 2457 4970 τὸν
2511 4915 2660 4990 ἅγιον
2713 4913 3020 4990 ἄνθρωπον,
3056 4909 3202 4967 ἀλλὰ
3250 4908 3517 4965 ἀνάπαλιν
3578 4907 3767 4980 ἐκείνῳ

2113 5008 2178 5060 τὰ
2208 5006 2286 5066 εἲς
2315 5006 2586 5074 ποιότητα
2621 5008 2784 5072 ζωῆς.
2819 5001 2883 5059 Εἰ
2912 5001 3012 5076 γὰρ
3039 4998 3243 5062 ἐκεῖνος
3303 5003 3367 5073 ζῇ
3428 4998 3664 5058 αἰωνίως
3713 4997 3765 5051 ἐν

2112 5094 2306 5157 καλοῖς
2339 5091 2428 5148 διὰ
2456 5095 2553 5162 τὴν
2586 5094 2772 5168 ψυχὴν
2803 5092 3064 5155 ἀθάνατον
3093 5087 3276 5156 οὖσαν,
3316 5089 3344 5142 6
3390 5085 3589 5149 λοιπὸς
3645 5083 3758 5158 ἇίοα,

2113 5187 2141 5240 6
2170 5182 2497 5260 ἁμαρτωλὸς
2531 5179 2770 5252 δηλαδὴ,
2800 5182 3014 5253 ξήσεται
3044 5176 3231 5238 ἄλλως
3276 5177 3371 5249 μὲν
3436 5176 3487 5232 ἐν
3545 5174 3603 5228 οὐ
3663 5191 3758 5260 κα-

2113 5271 2258 5339 λοῖς,
2289 5259 2526 5335 αἰωνίως
2550 5268 2607 5325 δὶ
2638 5270 2810 5342 ὅμως,
2843 5267 2933 5323 διὰ
2960 5268 3059 5336 τὴν
3098 5267 3266 5336 αὐτὴν
3314 5267 3501 5341 ψυχὴν
3555 5259 3760 5331 θανάτῳ

2117 5364 2190 5437 μή
2275 5360 2716 5418 ὑποπίπτουσαν.
2781 5357 2883 5415 Καὶ
2939 5352 3081 5411 ἐστιν
3161 5358 3197 5424 ἡ
3266 5355 3494 5423 τοιαύτη
3569 5348 3765 5420 ἔννοια,

2113 5452 2390 5525 ἐπιτόμως
2450 5451 2635 5523 φάναι,
2688 5446 2915 5517 τοιαύτη
2974 5465 3079 5508 τις·
3131 5444 3387 5499 ἐκοπίασε
3442 5444 3543 5510 τὴν
3603 5439 3769 5495 αὐτοῦ

2111 5541 2246 5610 ὃλην
2284 5542 2427 5610 ζωὴν
2463 5542 2490 5594 6
2524 5537 2735 5599 δίκαιος
2765 5537 2816 5592 ἐν
2850 5533 2989 5608 τῷδε
3028 5539 3109 5606 τῷ
3154 5534 3370 5605 κόσμῳ,
3405 5534 3625 5600 ζήσεται
3681 5526 3771 5582 οὗν

2113 5631 2222 5686 ἐκεῖ
2253 5629 2390 5684 κατὰ
2425 5630 2551 5684 Θεὸν
2601 5627 3020 5687 ἀπολαυστικῶς
3063 5623 3139 5685 εἰς
3197 5622 3442 5677 αἰώνιον·
3491 5622 3520 5675 6
3570 5617 3628 5674 δὲ
3691 5619 3768 5691 μὴ

2112 5721 2226 5776 κατ’
2261 5719 2417 5774 αὐτὸν
2454 5717 2606 5793 βιοὺς
2643 5719 2855 5789 ζήσεται
2895 5716 2990 5789 μὶν
3028 5712 3266 5786 πάντως,
3315 5708 3505 5774 ἄλλως
3560 5706 3772 5783 μέντοι,
