4130 6358
466 430 588 491 529

1870 427 1949 488 ΙΝ
1999 429 2212 488 PSAL.
2260 425 2524 488 XLVIII.

3777 422 3897 484 530

460 561 663 624 πόνους
694 558 954 632 δηλονότι
986 556 1154 636 ἔχων,
1187 559 1277 615 καὶ
1310 557 1650 632 ὀδυνώμενος
1703 559 1863 621 αὐτὸς
1913 559 2117 634 βαρέως

2234 559 2386 616 vivet
2417 560 2672 631 quidem,
2707 560 2808 616 sed
2860 576 3105 632 prorsus
3153 558 3340 630 aliter,
3373 556 3675 614 laboribus
3712 555 3891 612 nimi-

463 653 544 716 οῖς
597 671 658 706 τε
714 648 1003 720 κολάζεται
1063 649 1152 705 καὶ
1223 651 1306 712 οἷς
1369 647 1559 724 βλέπει
1619 649 1710 704 τὸν
1771 646 1978 704 δίκαιον
2044 649 2120 721 μὴ

466 744 936 818 συγκοινωνοῦντα
969 745 1112 809 ζωῆς
1175 743 1382 815 μακρᾶς
1435 740 1526 794 τὸν
1561 737 1755 812 ὅμοιον
1787 739 1938 810 αὐτῷ
1992 737 2120 814 τρό-

467 853 594 897 πον,
625 829 772 885 ἀλλὰ
799 828 849 883 ἐν
905 829 1130 903 ἀγαθοῖς
1178 826 1325 899 ὄντα,
1378 829 1591 891 ὁποίοις
1649 827 1932 904 χαίρουσιν
1968 826 2122 904 ἅγγε-

471 920 580 976 λοι·
610 919 868 990 ὁπηνίκα,
899 913 961 973 τό
1013 940 1073 994 γε
1133 917 1211 982 εἷς
1263 917 1463 973 ἐκεῖνον
1519 919 1674 990 ἣκον,
1734 917 1834 972 οὐκ
1876 915 1934 971 ἂν
1997 914 2124 971 οὐδὲ

473 1008 649 1064 έθέλοι
711 1009 854 1078 ζωὴν
915 1006 1187 1081 ἐπιμήκη,
1240 1005 1388 1062 ἀλλὰ
1443 1007 1506 1062 τὸ
1561 1006 1909 1082 θνητόψυχον
1939 1002 2122 1062 ἕλοιτο

472 1099 530 1154 ἂν
564 1097 650 1152 ἐπὶ
683 1097 978 1174 ἀπαλλαγῇ
1023 1096 1386 1168 αἰωνιζούσης
1443 1103 1656 1166 ποινῆς·
1716 1095 1853 1151 ὥστε
1902 1093 2125 1160 δικαίως

466 1187 622 1258 καὶὴ
682 1186 984 1249 ἀπόλαυσις
1015 1186 1102 1241 καὶ
1155 1189 1190 1256 ἠ
1248 1185 1498 1255 κόλασις,
1556 1186 1680 1261 περί
1739 1187 1811 1240 ὧν
1867 1187 1896 1240 6
1954 1183 2122 1260 λόγος

466 1263 616 1354 ἅρτιί
669 1275 883 1330 αἰώνιοι
943 1272 1178 1330 ἔσονται·
1238 1275 1327 1330 καὶ
1355 1275 1495 1339 καθά
1532 1277 1559 1330 6
1608 1282 1709 1345 τῆς
1739 1275 1934 1350 ἀρετῆς
1977 1293 2122 1349 χρη-

471 1363 698 1439 ματίσας
728 1363 779 1418 έν
838 1363 941 1440 βίῳ
996 1363 1288 1442 τρόφιμος,
1317 1364 1556 1435 ὁπηνίκα
1613 1365 1640 1419 6
1697 1363 1904 1436 κόσμος
1964 1361 2121 1438 ἔσχεν

467 1453 649 1511 αὐτὸν.
731 1453 812 1508 ἀεὶ
889 1450 1035 1508 ἔσται
1089 1458 1185 1508 τοῦ
1266 1453 1647 1529 ὗπερκοσμίως
1719 1453 1831 1507 ἐκεῖ
1895 1458 2122 1531 τρυφᾷν,

470 1543 614 1599 οὕτω
667 1543 757 1597 καὶ
791 1542 1176 1619 ὁάπότροφος,
1237 1544 1322 1605 οἷς
1381 1542 1482 1597 οὐκ
1510 1540 1704 1618 ἐχρῆν,
1759 1543 1990 1596 πάντοτε
2031 1561 2126 1595 κα-

464 1633 576 1694 κῶς
636 1630 748 1686 ἐκεῖ
797 1632 1050 1706 πάσχων,
1103 1631 1202 1686 οὐκ
1261 1630 1353 1702 ἂν,
1414 1634 1592 1705 οἶμαι,
1651 1627 1777 1685 οὐδὲ
1836 1627 2122 1708 ὀφθαλμὸν

471 1720 754 1798 έπιρῥίψαι
782 1720 1044 1796 τολμήσῃ
1076 1726 1156 1793 τῷ
1217 1721 1412 1797 χωρίῳ
1469 1723 1566 1789 τῆς
1595 1726 1825 1799 τρυφῆς.
1885 1723 1970 1794 Τῇ
2019 1719 2122 1794 γὰρ

467 1813 590 1875 καθ’
622 1809 750 1864 ὅλον
782 1811 874 1865 τὸν
908 1810 1136 1873 ἐνταυθα
1167 1809 1340 1864 αἰῶνα
1387 1809 1475 1864 καὶ
1502 1811 1537 1879 ἡ
1569 1809 1677 1864 ἐκεῖ
1709 1805 1977 1870 ἀντίδοσις
2009 1807 2122 1879 ἐξο-

472 1898 790 1973 μοιώσεται·
821 1898 1014 1955 αἶωνία
1045 1896 1102 1953 δὶ
1131 1901 1166 1968 ἡ
1199 1897 1466 1968 ἐνταυθοῖ,
1528 1901 1630 1975 ἄρα
1687 1897 1782 1952 οὗν
1813 1897 2006 1952 αἱωνία
2032 1896 2124 1952 καὶ

468 1991 504 2059 ἡ
540 1988 672 2046 ἐκεῖ.

541 2096 632 2170 ιβ’.
693 2096 802 2152 Καὶ
867 2091 1008 2150 ἔστιν
1063 2097 1097 2166 ἡ
1156 2093 1424 2170 ἀνάλογον
1482 2093 1708 2170 εὐλογία
1762 2096 1863 2163 τῆς
1915 2092 2123 2156 ἐννοίας

470 2185 718 2256 τοιαύτη·
779 2185 807 2240 6
856 2185 933 2249 είς
994 2185 1162 2239 αἰῶνα
1219 2182 1482 2246 κοπιάσας
1540 2183 1616 2248 είς
1662 2183 1833 2238 αἰῶνα
1885 2185 2121 2255 ζήσεται,

464 2272 558 2329 ’ίνα
612 2275 778 2328 κόποι
836 2273 1056 2346 αἰῶνος,
1120 2273 1178 2328 ’ὸν
1235 2273 1481 2337 ἐνταυθοῖ
1540 2267 1707 2348 ὥρισε
1763 2271 2038 2347 προγνοὺς
2096 2273 2124 2327 6

471 2366 596 2428 Θεὸς
653 2370 734 2438 τῷ
790 2365 976 2441 ἀγαθῷ
1035 2365 1305 2437 ἀνθρώπῳ
1340 2409 1354 2435 ,
1432 2364 1589 2419 αἰῶνι
1659 2364 2123 2440 παρατεθήσονται

464 2453 789 2517 ἀντιδόσεως
813 2461 913 2524 τῆς
943 2459 1040 2510 τοῦ
1071 2453 1236 2509 αὐτοῦ
1269 2454 1557 2528 ἀνθρώπου
1619 2459 1786 2523 ζωῆς·
1846 2454 1934 2507 καὶ
1996 2452 2123 2508 ἀνά-

463 2543 629 2599 παλιν
684 2541 990 2620 ἀναγκαίως
1048 2544 1076 2598 ὁ
1149 2541 1656 2619 έρῥᾳστωνευμένος
1737 2541 1789 2597 έν
1873 2540 1989 2614 ὅλῳ
2045 2546 2125 2615 τῷ

467 2631 628 2687 αἰῶνι
683 2630 863 2704 τούτῳ
920 2628 1207 2705 ἅνθρωπος
1259 2630 1336 2694 εἰς
1391 2632 1484 2686 τὸν
1536 2633 1646 2687 ἐκεῖ
1671 2630 1842 2686 αἰῶνα
1902 2633 2121 2701 ζήσεται

469 2722 588 2795 μὲν,
649 2721 753 2776 οὐκ
784 2718 842 2774 ἂν
875 2718 932 2775 δὲ
961 2721 1098 2776 καθά
1127 2722 1155 2775 6
1205 2717 1432 2789 δίκαιος,
1465 2717 1613 2774 ἀλλὰ
1661 2721 1737 2782 ὡς
1783 2722 1875 2774 οἷα
1933 2718 2120 2792 νεκρὸς

469 2809 664 2873 αἶ’ῶνος
723 2808 934 2865 ἐκείνοκ
993 2808 1398 2885 λογισθήσεται.
1477 2807 1584 2864 Καί
1665 2829 1749 2870 τις
1826 2807 1909 2864 ἐπ’
1975 2807 2122 2880 αὐτῷ

473 2895 615 2953 εἷ’ποι
668 2896 753 2969 ἂν,
813 2899 888 2964 ὡς
914 2898 1082 2955 καλὸν
1115 2901 1205 2969 ῆν,
1242 2898 1287 2954 εἷ
1333 2901 1408 2972 μή
1442 2899 1516 2960 ὡς
1548 2897 1800 2973 ἐγεννήθη
1835 2898 1862 2952 6
1907 2895 2121 2974 ἄνθρω-

473 3009 572 3050 πος
631 2987 831 3051 ἐκεῖνος
888 2989 964 3051 εἷς
1020 2988 1112 3044 τὸν
1162 2987 1391 3060 κόσμον·
1445 2989 1742 3063 προσθήσει
1802 2983 1879 3055 δὶ,
1936 2985 2123 3042 ἀναλε-

470 3077 694 3149 ξάμενος
749 3076 809 3134 ἐκ
853 3082 950 3133 τοῦ
980 3077 1287 3154 ἁγιωτάτου
1343 3075 1707 3153 Εὐαγγελίου,
1769 3075 1858 3130 ἐπὶ
1915 3076 2117 3153 ἀμφοῖν

465 3165 678 3222 τούτοιν
722 3167 1050 3242 ἀνθρώπων,
1100 3171 1180 3239 τῷ
1217 3187 1276 3222 τε
1324 3163 1393 3220 δι’
1425 3165 1623 3228 αἶ’ῶνος
1655 3163 1975 3220 κοπιάσαντι
2027 3165 2115 3218 καὶ

469 3253 546 3318 είς
620 3256 780 3320 τέλος
857 3256 941 3311 ἐπ’
1001 3257 1221 3332 ἀγαθοῖς
1281 3257 1524 3327 ζήσοντι,
1583 3256 1674 3310 καὶ
1729 3259 1808 3327 τῷ
1864 3252 2116 3330 έτεροίως

465 3341 928 3419 διεκπεσουμένῳ,
974 3345 1055 3401 ὅτι
1089 3343 1311 3408 δικαίως
1362 3347 1390 3400 6
1427 3345 1519 3418 μὲν
1563 3342 1650 3399 ἐπὶ
1707 3343 1867 3418 ὀλίγα
1908 3343 1977 3398 τὰ
2031 3341 2116 3398 έν-

461 3436 629 3490 ταῦθα
681 3435 873 3497 πιστὸς
931 3433 1404 3491 πολλαπλασιάσει
1478 3433 1532 3497 ἐς
1596 3433 1832 3510 ἅρῥητον
1899 3434 1999 3502 τὴν
2060 3431 2112 3487 έν

462 3521 656 3588 καλοῖς
707 3523 878 3579 ἐκεῖσε
934 3522 1280 3592 κατάστασιν,
1327 3525 1355 3578 6
1386 3520 1444 3578 δὲ
1482 3523 1568 3578 ἐπὶ
1629 3521 1789 3598 ὀλίγα
1819 3521 1996 3577 ἐκεῖνα
2051 3521 2119 3576 τὰ

465 3611 518 3668 έν
563 3616 646 3685 τῷ
708 3611 810 3687 βίῳ
867 3611 1342 3689 πονηρευσάμενος
1409 3609 1498 3666 ἐπὶ
1558 3608 1775 3673 οὐδενὸς
1854 3611 2119 3680 καταστή-

465 3721 634 3758 σεται.

536 3814 623 3883 ιγ’,
651 3809 767 3865 Ἵνα
798 3804 856 3862 δὲ
906 3806 1012 3862 ἀπὸ
1073 3809 1277 3884 ἀγαθῆς
1331 3807 1552 3879 ταύτης,
1611 3807 1673 3862 οὐ
1731 3801 2114 3882 παρεκϐάσεως

464 3891 678 3970 εἷ’ποιμι
707 3896 786 3969 ἂν,
820 3895 948 3952 ἀλλ’
974 3897 1050 3959 ὡς
1094 3897 1210 3951 οἷον
1270 3893 1400 3952 ὁδοῦ
1455 3903 1684 3972 σχιστῆς
1736 3895 1822 3950 ἐπὶ
1882 3893 2116 3970 έναρέτῳ

463 3981 740 4060 διατριϐῇ,
829 3984 883 4049 ές
958 3986 1022 4041 τὸ
1105 3984 1520 4063 προτεθειμένον
1602 3984 2115 4059 έπανακάμψωμεν,

462 4074 647 4132 δοτέον
675 4079 824 4150 ἡμᾶς
853 4073 989 4131 αὐτὰ
1019 4072 1109 4131 διὰ
1133 4079 1305 4131 ταῦτα
1341 4074 1432 4130 καὶ
1482 4073 1690 4146 πόνοις,
1748 4075 1838 4128 καὶ
1900 4075 2115 4149 μοχθη-

457 4165 603 4236 τέον,
659 4165 734 4226 ὡς
793 4164 1077 4240 ἐπιπρέπει
1150 4164 1456 4240 ἀνθρώποις
1511 4163 1650 4238 (ἐπεὶ
1710 4163 1875 4220 οὐκ...
1936 4159 2112 4225 ἄνεσις

461 4253 547 4309 καὶ
606 4252 954 4326 ἀνάπτωσις,
1014 4250 1140 4308 οὐδέ
1205 4275 1288 4316 τις
1341 4249 1615 4318 καθεύδων
1674 4250 1797 4307 οὔτε
1853 4251 2111 4328 τρόπαιον

463 4341 720 4420 ἐγείρει...
830 4341 1128 4419 ἐνεργῶν...
1236 4342 1482 4420 εἰρηνικὰ
1569 4339 2113 4416 διοικονομούμενος,

460 4432 657 4507 ἀγαθὸν
715 4435 1020 4507 κατορθοῖ),
1073 4432 1164 4488 καὶ
1222 4431 1510 4487 κοπιατέον
1570 4431 1683 4508 οὐχ
1730 4429 1944 4498 ἁπλῶς,
1978 4430 2116 4486 ὥστε

459 4521 668 4596 ἀποζῇν
730 4523 1002 4598 βιωτικῶς
1056 4525 1238 4597 (τοῦτο
1321 4522 1422 4598 γὰρ
1490 4518 1712 4582 ἄκοντες
1783 4521 2111 4594 ποιήσομεν,

457 4609 554 4665 κᾶν
618 4612 694 4686 μὴ
758 4610 1120 4687 βουλομένοις
1169 4615 1306 4686 ἡμῖν
1369 4609 1476 4682 εἴη,
1523 4611 1613 4667 καὶ
1672 4611 2111 4690 φερεπονήσομεν

457 4700 696 4773 πάντως,
745 4685 838 4755 ’ίνα
894 4703 969 4775 μὴ
1002 4701 1092 4756 καὶ
1150 4685 1289 4776 ἡμῖν
1319 4698 1562 4780 ἔμφορος
1615 4704 1642 4755 ὁ
1685 4685 1855 4775 ’λιμὸς
1891 4697 2108 4776 γένηται
2141 4685 2188 4750 D

461 4790 673 4868 ἀεργοῖς
735 4789 1057 4865 μένουσιν),
1116 4790 1242 4847 ἀλλ’
1291 4791 1366 4853 ὡς
1419 4791 1509 4846 καὶ
1551 4795 1632 4863 τῷ
1677 4788 1795 4863 Θεῷ
1841 4789 2107 4866 ἀρέσκειν,

457 4881 547 4935 καὶ
603 4879 794 4936 αὐτίκα
865 4879 1212 4956 εὐλογεῖσθαι
1281 4881 1371 4936 καὶ
1442 4883 1589 4954 ἡμᾶς
1648 4880 1806 4937 καὶ...
1858 4881 1926 4934 τὰ
1978 4873 2110 4956 ἔργα

457 4971 642 5043 ἡμῶν,
704 4969 792 5025 καὶ
841 4969 1009 5024 κόπον
1059 4973 1250 5024 τοῦτον
1295 4967 1381 5024 ἐπὶ
1430 4968 1771 5045 εὐαρεστήσει
1820 4972 1952 5025 Θεοῦ
2008 4967 2110 5023 πό-

456 5080 570 5122 νοις
647 5059 780 5115 εἶναι
867 5060 1138 5134 συνέριθον
1229 5059 1532 5133 βιωτικοῖς,
1608 5057 1947 5132 ἁρμόττοντα
2018 5055 2112 5112 ἕνα

458 5145 656 5204 ἐκεῖνον
688 5148 780 5202 καὶ
843 5145 1068 5222 μονειδῆ
1097 5152 1215 5209 τοῖς
1250 5145 1424 5219 ὅλοις,
1459 5147 1532 5201 ὧν
1567 5147 1667 5202 οὐκ
1695 5144 1806 5202 ἔστι
1865 5145 1954 5203 διὰ
1987 5146 2110 5223 βίου

457 5239 604 5311 ἡμᾶς
667 5234 1125 5292 ἀπαλλάττεσθαι.
1187 5235 1286 5290 Καὶ
1359 5233 1552 5310 μηδεὶς
1603 5241 1710 5291 τῶν
1790 5236 1841 5292 έν
1915 5238 2109 5310 κόσμῳ

457 5322 651 5399 ὄντων,
681 5327 772 5382 καὶ
821 5326 1031 5404 γυναικὶ
1090 5326 1182 5381 καὶ
1238 5325 1570 5402 πραγμάτων
1623 5321 1848 5402 τύρϐαις
1907 5321 2108 5399 ἐμϐλέ-

456 5420 598 5486 πῶν,
629 5414 889 5493 ἀδελφοῖς
914 5421 1032 5481 τοῖς
1062 5411 1162 5488 ἔξω
1192 5415 1504 5490 γενομένοις
1556 5414 1768 5489 κόσμου
1813 5415 1902 5470 καὶ
1965 5413 2109 5490 βίου,

458 5503 663 5580 λεγέτω
725 5507 800 5579 μὴ
861 5504 1185 5584 ἐνευκαιρεῖν
1245 5502 1404 5566 αὐτὸς
1463 5504 1659 5568 κόποις
1687 5510 1805 5567 τοῖς
1866 5502 1954 5559 διὰ
2016 5505 2110 5560 τὸν

459 5593 611 5652 Θεόν.
644 5592 949 5651 Ἀλώσεται
979 5597 1081 5673 γὰρ
1131 5593 1160 5650 6
1215 5597 1464 5656 τοιοῦτος
1515 5593 1757 5668 ἀμαθοῦς
1816 5592 2110 5672 λογισμοῦ,

458 5681 551 5738 καὶ
609 5685 685 5759 μή
745 5685 1113 5763 προσέχοντος
1172 5683 1256 5745 οἷς
1312 5679 1572 5758 λέγομεν.
1622 5683 1834 5747 Ἀνεσις
1880 5684 1981 5762 γὰρ
2032 5682 2112 5762 ἐφ’

463 5771 617 5847 ὑμῶν
664 5773 993 5850 κολάζομεν,
1068 5773 1168 5831 οὐκ
1223 5770 1463 5829 ἱπίτασιν
1521 5770 1879 5850 ἐπιτάσσομεν
1917 5792 1930 5806 ·
1985 5772 2115 5829 ἀνά-

2233 667 2364 704 rum
2393 649 2720 721 implicitus
2752 654 2808 705 et
2840 649 3094 722 graviter
3123 647 3327 705 dolens
3378 652 3670 720 quatenus
3701 643 3889 718 poenis

2234 738 2545 809 subjicitur
2576 744 2632 794 et
2661 740 2817 794 videt
2858 740 3091 810 justum
3129 755 3244 793 non
3297 737 3562 808 ejusdem
3595 752 3725 790 cum
3760 735 3888 805 ipso

2232 828 2362 882 vitae
2407 828 2592 900 longae
2647 828 3010 900 participem,
3060 828 3159 884 sed
3218 828 3277 882 in
3337 826 3509 882 bonis
3556 827 3886 880 versantem

2234 918 2449 988 quibus
2471 919 2658 991 angeli
2683 919 2960 991 gaudent,
2975 918 3054 973 ita
3073 923 3159 985 ut,
3182 921 3469 988 quantum
3495 931 3671 987 penes
3689 915 3887 985 ipsum

2233 1011 2342 1077 est,
2366 1007 2512 1064 nolit
2540 1009 2659 1064 vita
2690 1008 2860 1078 longa
2878 1008 3012 1079 frui,
3038 1008 3138 1064 sed
3171 1011 3399 1063 aeternae
3421 1022 3601 1078 paenae
3621 1005 3891 1076 praeferat

2233 1096 2443 1153 animae
2495 1103 2767 1153 mortem.
2819 1097 2960 1153 Jure
3005 1096 3324 1167 meritoque
3372 1094 3553 1167 igitur
3583 1091 3890 1148 retributio

2233 1190 2290 1241 et
2318 1203 2510 1257 poena,
2535 1187 2606 1243 de
2627 1187 2842 1258 quibus
2865 1187 3035 1242 modo
3054 1202 3246 1242 sermo
3277 1185 3408 1250 fuit,
3433 1189 3662 1239 internae
3679 1184 3886 1249 erunt;

2234 1279 2291 1330 et
2319 1276 2823 1346 quemadmodum
2856 1275 2954 1331 ille
2985 1275 3104 1346 qui,
3126 1273 3386 1346 quandiu
3419 1273 3481 1328 in
3515 1272 3736 1327 mundo
3759 1268 3892 1338 fuit,

2237 1363 2433 1420 virtuti
2461 1381 2700 1437 operam
2733 1365 2988 1433 navavit,
3004 1364 3122 1419 illic
3145 1368 3360 1420 aeterna
3387 1361 3664 1418 felicitate
3686 1375 3892 1431 super-

2235 1454 2535 1509 mundana
2567 1455 2818 1523 fruetur,
2852 1456 2934 1510 ita
2962 1454 3013 1510 is
3044 1455 3168 1526 qui,
3201 1455 3356 1526 quod
3388 1469 3502 1508 non
3537 1449 3757 1517 debuit,
3782 1449 3893 1504 vir-

2234 1543 2380 1598 tutis
2412 1544 2677 1599 studium
2701 1543 2976 1615 neglexit,
2997 1543 3115 1598 illic
3145 1544 3202 1598 in
3222 1547 3502 1598 aeternum
3535 1538 3736 1595 infelix
3758 1537 3891 1604 erit,

2235 1633 2380 1689 adeo
2430 1637 2514 1698 ut,
2562 1649 2591 1689 θ
2642 1650 2772 1689 mea
2822 1633 3059 1705 quidem
3111 1631 3420 1700 sententia,
3462 1632 3533 1686 ad
3584 1631 3889 1686 beatorum

2235 1721 2435 1777 sedem
2467 1738 2539 1777 ne
2585 1720 2822 1792 oculum
2873 1720 3111 1792 quidem
3155 1719 3419 1776 attollere
3464 1717 3696 1773 audeat.
3743 1715 3887 1769 Vita;

2235 1811 2394 1866 enim
2427 1827 2603 1882 quam
2633 1827 2736 1883 per
2762 1814 2955 1866 totum
2986 1809 3082 1865 hic
3113 1807 3394 1865 saeculum
3426 1806 3631 1880 gessit,
3653 1804 3773 1861 illic
3794 1820 3887 1859 re-

2233 1899 2478 1956 tributio
2526 1899 2932 1972 adaequabitur
2962 1915 2975 1954 :
3011 1899 3123 1954 fuit
3169 1903 3366 1955 autem
3416 1897 3508 1953 hic
3556 1912 3672 1951 non
3703 1894 3890 1949 inter-

2238 1993 2432 2060 rupta,
2461 2005 2598 2062 ergo
2630 1987 2750 2044 illic
2779 2004 3014 2060 quoque
3045 1987 3104 2043 in
3135 1993 3420 2044 aeternum
3452 1985 3707 2041 durabit.

2311 2096 2398 2150 12.
2434 2095 2532 2152 Est
2562 2100 2754 2151 autem
2788 2111 3000 2151 sensus
3043 2093 3205 2150 illius
3237 2093 3377 2149 dicti
3407 2092 3502 2148 hic
3537 2109 3550 2148 :
3584 2089 3692 2157 Qui
3723 2089 3892 2146 labo-

2238 2186 2387 2240 ravit
2430 2185 2489 2240 in
2539 2183 2817 2240 saeculum
2865 2185 3018 2239 vivet
3060 2184 3120 2238 in
3170 2182 3475 2252 saeculum,
3509 2180 3605 2236 ubi
3660 2179 3891 2234 labores

2236 2273 2435 2330 saeculi
2488 2275 2643 2346 quod
2695 2279 2845 2330 Deus
2892 2273 3217 2345 praevidens
3249 2273 3400 2328 bono
3447 2269 3671 2326 homini
3705 2267 3894 2324 desti-

2236 2363 2414 2429 navit,
2468 2362 2680 2418 sasculo
2730 2362 3137 2419 retributionis
3189 2362 3269 2416 ita
3315 2360 3772 2432 adaptabunlur,
3824 2360 3892 2414 ut

2235 2454 2499 2524 ejusdem
2554 2453 2811 2508 hominis
2856 2455 2984 2507 vitae
3037 2452 3465 2522 respondeant;
3520 2465 3550 2504 e
3595 2445 3887 2503 contrario

2235 2547 2434 2598 autem
2465 2541 2562 2596 ille
2610 2542 2711 2613 qui
2742 2541 2801 2596 in
2857 2546 2975 2597 toto
3005 2541 3115 2596 hoc
3160 2538 3372 2596 seculo
3420 2537 3726 2609 negligens
3756 2535 3886 2605 fuit,

2234 2631 2567 2687 necessario
2600 2632 2658 2686 in
2692 2629 2792 2687 illo
2831 2647 3065 2702 quoque
3093 2630 3244 2686 vivet
3272 2629 3505 2698 saeculo,
3539 2643 3651 2682 non
3685 2631 3886 2681 tamen

2233 2723 2434 2776 eodem
2491 2721 2661 2776 modo
2709 2736 2824 2792 quo
2871 2723 3092 2791 justus,
3127 2719 3227 2774 sed
3277 2722 3558 2789 tanquam
3615 2719 3886 2771 mortuus

2231 2809 2394 2866 illius
2424 2809 2620 2865 seaculi
2647 2809 3036 2882 reputabitur.
3062 2808 3248 2873 Quare
3277 2809 3346 2862 de
3377 2822 3443 2862 eo
3475 2805 3685 2861 dixerit
3715 2803 3885 2874 quis-

2231 2900 2438 2972 piam:
2492 2899 2678 2962 Quam
2729 2899 2876 2954 bene
2922 2897 3184 2965 haberet,
3235 2897 3284 2951 si
3333 2896 3508 2951 homo
3559 2893 3656 2949 ille
3703 2892 3884 2964 hujus

2233 2989 2440 3043 mundi
2493 2986 2683 3042 lucem
2745 3004 2859 3044 non
2917 2985 3357 3058 conspexisset!
3418 2988 3494 3052 et,
3556 2982 3884 3038 secundum

2231 3077 2594 3133 sanctissimi
2628 3076 2920 3148 Evangelii
2948 3077 3224 3146 effatum,
3257 3075 3327 3130 de
3359 3073 3589 3129 duobus
3620 3072 3752 3128 istis
3780 3070 3888 3127 ho-

2231 3166 2512 3236 minibus,
2547 3183 2796 3238 quorum
2831 3165 2978 3221 alter
3003 3165 3078 3236 gin
3111 3163 3392 3220 saeculum
3421 3161 3710 3218 laboravit
3739 3163 3796 3215 et
3823 3159 3904 3215 in'

2230 3255 2406 3311 ﬁnem
2440 3256 2727 3310 bonorum
2750 3255 3112 3310 abundantia
3132 3254 3483 3326 perfruetur,
3508 3250 3655 3306 alter
3685 3253 3885 3306 autem

2232 3361 2262 3400 e
2311 3345 2602 3400 contrario
2651 3361 2685 3400 a
2733 3360 2909 3414 scopo
2958 3341 3266 3410 aberravit,
3301 3343 3545 3414 insuper
3591 3338 3885 3395 addiderit

2228 3435 2542 3506 quodjure
2585 3434 2912 3505 meritoque
2960 3433 3059 3504 qui
3092 3432 3186 3488 hic
3228 3447 3403 3503 super
3452 3430 3656 3502 paucis
3689 3427 3883 3484 ﬁdelis

2228 3523 2360 3590 fuit,
2392 3525 2450 3578 in
2499 3521 2682 3578 altera
2708 3524 2826 3577 vita
2873 3523 3162 3577 bonorum
3192 3520 3377 3592 [copia
3422 3519 3658 3574 infinita
3685 3517 3881 3573 abun-

2228 3613 2411 3683 dabit,
2446 3612 2547 3686 qui
2579 3620 2772 3668 aulem
2828 3612 2886 3666 in
2917 3611 3028 3666 hac
3059 3613 3176 3667 vita
3225 3626 3412 3683 pauca
3440 3608 3542 3664 illa
3589 3606 3746 3664 mala
3775 3623 3879 3662 ne-

2227 3701 2425 3776 glexit,
2459 3717 2639 3774 super
2667 3701 2851 3757 nihilo
2878 3700 3289 3758 constituetur.

2300 3811 2385 3866 13.
2420 3809 2492 3865 Ut
2521 3814 2716 3866 autem
2742 3809 2815 3865 ab
2845 3809 2954 3866 hac
2986 3808 3270 3876 utili,non
3302 3807 3488 3863 dicam
3513 3803 3877 3876 excursione,

2226 3900 2328 3955 sed
2375 3899 2537 3955 velut
2575 3898 2856 3970 bipertita
2887 3897 2976 3954 via
3023 3899 3093 3954 ad
3127 3900 3435 3953 honestam
3485 3892 3882 3950 conversatio-

2226 4003 2360 4043 nem
2394 3989 2663 4057 ducente,
2697 3987 2768 4042 ad
2802 4003 3045 4059 scopum
3096 3986 3462 4058 propositum
3497 3988 3878 4052 revertamur,

2225 4077 2285 4132 in
2338 4077 2569 4132 labores
2615 4077 2768 4132 hanc
2812 4076 3003 4148 ipsam
3053 4076 3124 4131 ob
3156 4091 3400 4130 causam
3447 4072 3790 4128 incumbere
3821 4073 3880 4126 et

2226 4165 2488 4222 studiose
2537 4166 2889 4221 contendere
2931 4164 3234 4234 debemus,
3268 4163 3353 4218 uti
3400 4161 3669 4218 homines
3701 4160 3877 4215 adde-

2225 4259 2316 4310 cet
2345 4254 2660 4326 (siquidem
2716 4271 2900 4310 non...
2953 4253 3204 4326 languor
3250 4255 3308 4307 et
3354 4249 3652 4320 relaxatio,
3688 4263 3878 4321 neque

2227 4342 2520 4415 quispiam
2572 4343 2873 4398 dormiens
2925 4345 3211 4414 tropaeum
3262 4339 3500 4412 erigit...
3555 4353 3876 4410 operans...

2226 4431 2469 4505 paciﬁca
2497 4431 2946 4499 administrans,
2970 4432 3193 4486 bonum
3227 4429 3494 4502 perﬁcit),
3517 4443 3706 4498 neque
3738 4425 3877 4481 sim-

2224 4521 2454 4594 pliciter
2485 4520 2808 4577 allaborare
2839 4525 2902 4576 ut
2950 4521 3075 4577 vitae
3119 4519 3521 4576 sustentanda:
3553 4515 3877 4590 prospicia-

2226 4629 2360 4668 mns
2389 4610 2522 4683 (hoc
2570 4611 2727 4667 enim
2780 4616 2836 4666 et
2864 4611 3032 4666 inviti
3078 4627 3144 4666 ac
3172 4610 3343 4681 quasi
3394 4607 3655 4664 nolentes
3699 4605 3876 4660 facie-

2221 4719 2375 4768 mus,
2403 4707 2579 4774 atque
2610 4701 2849 4757 omnino
2872 4700 3108 4772 operam
3134 4700 3408 4756 dabimus
3433 4715 3523 4769 ne,
3552 4697 3600 4754 si
3631 4695 3874 4768 ignaviae

2223 4808 2330 4846 nos
2362 4791 2720 4856 dederimus,
2755 4791 2908 4846 fame
2937 4790 3292 4862 pereamus),
3317 4789 3417 4844 sed
3449 4792 3516 4842 ut
3557 4787 3729 4842 etiam
3760 4790 3873 4840 Deo

2221 4879 2582 4951 placeamus,
2617 4887 2680 4934 ut
2731 4879 3151 4935 benedicamur
3181 4883 3237 4934 et
3268 4895 3374 4934 nos
3403 4881 3528 4933 et...
3562 4891 3738 4948 opera
3767 4891 3874 4930 no-

2222 4974 2362 5037 stra,
2395 4973 2454 5024 et
2485 4974 2550 5024 ut
2580 4969 2744 5024 labor
2771 4968 2868 5024 ille
2900 4973 3011 5024 Deo
3033 4973 3232 5040 gratus
3253 4985 3345 5023 res
3368 4967 3440 5022 ad
3470 4967 3651 5021 vitam
3673 4980 3876 5020 neces-

2221 5058 2406 5114 sarias
2437 5057 2608 5113 nobis
2661 5064 2948 5129 procuret,
2999 5061 3202 5129 utpote
3252 5055 3351 5128 qui
3382 5055 3544 5110 solus
3593 5058 3767 5126 aptus
3798 5052 3877 5108 sit

2223 5153 2280 5205 et
2308 5149 2785 5205 accommodatus
2837 5148 3111 5204 omnibus
3162 5148 3376 5219 quibus
3419 5147 3480 5201 in
3529 5146 3650 5201 vita
3678 5159 3874 5199 carere

2222 5256 2338 5294 non
2391 5255 2730 5311 possumus.
2789 5239 2987 5308 Neque
3036 5237 3352 5309 quisquam
3405 5252 3608 5292 eorum
3659 5234 3760 5307 qui
3812 5234 3874 5288 in

2221 5329 2444 5384 mundo
2467 5331 2608 5382 sunt
2629 5331 2685 5382 et
2710 5327 2906 5382 uxoris
2931 5343 3244 5397 rerumque
3273 5326 3643 5381 terrestrium
3671 5340 3874 5380 curam

2220 5420 2452 5489 gerunt,
2491 5415 2770 5472 fratribus
2819 5420 2981 5470 extra
3026 5415 3204 5470 vitam
3255 5415 3617 5470 mundanam
3668 5413 3877 5484 positis

2221 5506 2396 5573 dicat,
2433 5520 2561 5560 sese
2607 5504 2907 5560 laboribus
2955 5502 3166 5559 divinis
3215 5520 3450 5575 operam
3497 5520 3709 5559 navare
3757 5519 3876 5558 non
3941 5573 3944 5578 _

2223 5611 2414 5668 posse.
2448 5593 2609 5650 Talis
2658 5594 2814 5650 enim
2862 5598 2919 5649 et
2963 5591 3251 5665 insipiens
3281 5610 3411 5650 esse
3456 5596 3513 5650 et
3544 5594 3616 5649 ad
3649 5610 3716 5650 ea
3747 5609 3876 5664 quas

2223 5701 2332 5740 nos
2364 5683 2640 5756 dicimus,
2668 5683 2932 5740 animum
2964 5681 3122 5739 haud
3155 5683 3456 5740 advertere
3476 5684 3876 5741 convincatur.

2224 5773 2664 5831 Relaxationem
2695 5773 2850 5830 enim
2871 5772 2932 5829 in
2961 5771 3129 5829 vobis
3158 5772 3462 5845 punimus,
3485 5791 3600 5832 non
3632 5776 3875 5831 conten-
