4130 6356
307 388 419 447 531

1087 386 1515 449 EUSTATHII
1557 387 1659 447 ΤΗ
1671 385 2200 449 ESSALONICEN
2209 387 2326 448 SlS
2372 387 2960 450 METROPOLITE

3615 391 3734 450 832

309 521 527 578 tionem
561 521 971 594 postulamus;
1005 521 1346 596 languorem
1371 525 1661 590 vetemus,
1695 539 1809 578 non
1833 539 1966 578 con-

2101 542 2282 576 ιτωσιν
2343 519 2662 596 κωλύομεν,
2719 521 2780 576 ού
2826 522 2890 577 τὸ
2934 519 3355 594 ἀκατάκαμπτον
3415 520 3732 598 βιαζόμεθα·

310 611 536 667 tinuam
588 611 974 667 intentionem
1026 613 1425 684 imperamus;
1477 611 1804 667 ell'eminate
1833 613 1967 667 dor-

312 701 592 756 mientem
640 701 1165 774 expergefacimus,
1201 719 1315 758 non
1367 701 1825 774 requiescentem
1861 701 1968 773 eji-

312 789 521 846 cimus.
558 792 922 864 Quapropter
952 791 1125 846 sinite
1174 791 1496 847 monachos
1528 791 1736 847 luctari
1767 796 1825 847 et
1857 791 1970 847 for-

315 879 446 936 titer
477 885 703 937 certare
738 899 750 936 :
784 898 884 935 vos
916 885 1114 935 autem
1169 880 1434 953 remisse,
1468 885 1641 954 prout
1686 880 1970 954 poteritis,

311 969 515 1026 virtuti
548 987 612 1026 ac
645 969 922 1042 probitati
956 971 1208 1025 studete.

389 1061 475 1115 14.
509 1061 726 1132 Sponte
775 1059 857 1114 illi
899 1059 1112 1132 jugum
1165 1059 1416 1128 Domini,
1450 1061 1746 1116 interdum
1779 1075 1974 1134 grave,

316 1149 375 1204 in
407 1165 470 1206 se
501 1155 802 1222 receptum
841 1149 1094 1206 tollunt:
1132 1150 1404 1206 similiter
1433 1167 1534 1206 vos
1575 1167 1808 1222 quoque
1839 1167 1977 1223 por-

314 1243 432 1295 tate
478 1238 623 1294 illud
677 1239 858 1311 quod,
891 1239 976 1294 uti
1027 1240 1299 1296 Servator
1349 1245 1545 1296 noster
1594 1240 1691 1310 ait,
1738 1240 1860 1296 leve
1890 1242 1982 1295 est

316 1344 384 1384 ac
415 1326 692 1384 salutare.
729 1333 816 1384 Ita
848 1333 907 1384 et
928 1345 1033 1385 vos
1065 1329 1201 1400 ipsi,
1234 1328 1469 1385 illorum
1494 1329 1702 1400 instar,
1737 1346 1981 1402 propor-

316 1417 616 1474 tionaliter
665 1423 887 1490 tamen,
937 1418 1387 1475 benedicemini.
1439 1419 1878 1492 Exspectantes,
1919 1425 1985 1476 ut

318 1524 452 1564 cum
509 1507 730 1565 Davide
794 1508 1025 1581 loquar,
1082 1513 1425 1582 exspectant
1495 1509 1577 1564 illi
1640 1509 1979 1576 Dominum,

319 1602 600 1669 tanquam
652 1597 938 1653 columna:
990 1599 1247 1654 immotae
1297 1601 1426 1672 ejus
1472 1600 1779 1672 praeceptis
1829 1598 1983 1654 inni-

321 1691 514 1743 tentes
566 1705 579 1743 :
627 1687 800 1744 facite
853 1688 1008 1744 idem
1055 1695 1112 1744 et
1155 1705 1276 1752 vos,
1325 1693 1606 1761 tanquam
1660 1688 1984 1745 columellae

326 1777 532 1847 ﬁrmae,
565 1781 622 1832 et
652 1777 809 1832 sicut
838 1776 978 1847 illis,
1001 1778 1168 1833 vobis
1198 1795 1428 1850 quoque
1449 1779 1640 1834 aderit
1672 1778 1980 1834 Dominus.

2079 609 2245 665 ὕπνου
2300 615 2396 665 τοῦ
2456 611 2530 673 ὡς
2587 612 2662 674 εἷς
2722 610 3025 682 θηλύτατον
3086 611 3461 686 ἐξεγείρομαι),
3523 610 3584 666 οὐ
3641 613 3735 667 τὸν

2080 700 2451 774 ἀναπαύσιμον
2530 699 2908 775 ἐξελαύνομεν.
2985 701 3194 757 Οὐκοῦν
3244 700 3404 776 ἄφετε
3457 699 3587 765 τοὺς
3642 723 3738 775 μο-

2079 789 2282 866 ναχοῦς
2341 790 2690 865 ἀγωνίζεσθαι
2770 787 2957 851 ἄλλως
3004 789 3094 845 καὶ
3154 788 3433 854 συντονίας
3491 788 3734 866 ἔχεσθαι·

2085 881 2238 954 ὑμεῖς
2273 877 2329 934 δὲ
2371 879 2696 954 ὑφειμένως,
2753 880 2828 942 ὡς
2887 878 3143 956 ἐγχωρεῖ.
3193 880 3630 956 μεταχειρίζεσθε
3674 881 3741 935 τὸ

2085 969 2349 1045 ἐναρέτως
2399 969 2620 1044 ἀγαθόν.

2163 1056 2250 1116 ιδ’.
2311 1057 2568 1132 Α’ίρουσιν
2625 1057 2925 1114 ἐθελούσιοι
2984 1057 3179 1114 ἐκεῖνοι
3239 1060 3330 1114 τὸν
3391 1063 3487 1115 τοῦ
3544 1059 3749 1135 Κυρίου

2092 1149 2272 1225 ζυγὸν,
2349 1147 2488 1203 ἔστιν
2574 1147 2636 1203 οὗ
2714 1149 2902 1225 βαρὺν,
2979 1149 3168 1211 αὐτοῖς
3233 1147 3592 1222 ἐπικείμενον·
3657 1147 3753 1205 ἐπὶ

2092 1236 2272 1311 ὁμοίῳ
2303 1237 2488 1314 φόρτῳ
2521 1239 2684 1313 ἄρατε
2715 1238 2872 1312 ὑμεῖς
2900 1238 3015 1309 τὸν,
3049 1239 3122 1300 ὡς
3147 1237 3308 1302 αὐτὸς
3367 1238 3573 1300 ἐκεῖνος
3621 1236 3756 1316 ἔφη,

2092 1327 2327 1407 ἐλαφρὸν
2353 1329 2446 1382 καὶ
2493 1327 2756 1404 χρηστόν·
2805 1327 2896 1382 καὶ
2941 1328 3084 1383 οὕτω
3133 1328 3249 1383 κατ’
3310 1327 3568 1402 ἐκείνους,
3618 1328 3761 1383 ἀνα-

2093 1416 2261 1494 λόγος
2296 1419 2501 1491 μέντοι,
2553 1415 2994 1492 εὐλογηθήσεσοι
3038 1419 3124 1473 καὶ
3180 1418 3336 1472 αὐτοί
3419 1417 3760 1492 Ὑπομένου-

2095 1529 2174 1562 σιν
2215 1507 2576 1581 ὑπομένοντες
2635 1512 2935 1570 Δαυῖτικῶς
2988 1506 3184 1563 ἐκεῖνοι
3214 1508 3306 1563 τὸν
3363 1507 3586 1582 Κύριον,
3649 1506 3760 1562 ὅσα

2093 1597 2182 1652 καὶ
2212 1595 2384 1659 κίονες
2418 1591 2701 1672 ἀστραϐεῖς
2757 1595 3116 1674 ὑφεστηκότες
3144 1601 3262 1659 τοῖς
3320 1595 3527 1652 ἐκεῖνου
3576 1617 3759 1672 προσ-

2092 1685 2351 1762 τάγμασι·
2413 1692 2620 1741 ποιεῖτε
2673 1687 2836 1741 ταυτὸ
2893 1685 2984 1741 καὶ
3050 1687 3226 1758 ὑμεῖς,
3276 1687 3440 1742 ὁποῖα
3469 1683 3760 1750 στυλίσκοι

2096 1775 2396 1852 στραθεροί.
2441 1777 2545 1832 Καὶ
2596 1775 2845 1852 προσέξει
2887 1775 2976 1830 καὶ
3037 1775 3162 1848 ὑμῖν
3196 1773 3421 1847 ἐκεῖνος,
3481 1775 3618 1832 καθά
3661 1777 3759 1830 καὶ

330 1866 627 1922 Laborant
651 1865 736 1920 illi
762 1866 834 1922 ad
866 1869 1139 1924 sudorem
1162 1885 1368 1940 usque,
1389 1868 1708 1924 humectati
1741 1867 1900 1924 velut
1923 1868 1980 1922 in

2101 1866 2305 1928 αὐτοῖς.
2342 1869 2640 1921 Πονοῦνται
2671 1865 2826 1919 αὐτοὶ
2859 1862 2990 1941 ἄχρι
3017 1864 3106 1919 καὶ
3153 1865 3229 1927 εἰς
3281 1861 3515 1940 ἱδρῶτας
3561 1865 3766 1941 ὑγραί-

2323 1956 2334 1968 .
2417 1954 2429 1968 .
2495 1953 2513 1968 κ
2578 1953 2591 1968 ,
2875 1952 2889 1968 ς
2956 1954 2982 1968 η
3031 1954 3042 1968 .
3283 1952 3297 1968 .
3384 1951 3440 1968 ιε,
3705 1953 3720 1968 ε

333 1954 564 2024 balneo,
598 1959 774 2028 atque
823 1955 1099 2030 lacrymis
1147 1957 1365 2014 cubilia
1395 1976 1504 2014 sua
1543 1959 1939 2015 madefaciunt
1972 1975 1985 2013 :

331 2045 497 2101 vobis
529 2049 724 2102 autem
776 2046 994 2118 quibus
1047 2064 1164 2102 non
1199 2047 1377 2103 iidem
1433 2049 1678 2104 sudores
1707 2047 1988 2103 divinitus

331 2135 590 2190 concessi
641 2139 778 2191 sunt
826 2136 947 2208 (Dei
1007 2136 1163 2192 enim
1225 2137 1378 2193 dona
1436 2153 1566 2193 esse
1624 2137 1846 2193 scimus
1886 2135 1987 2192 illa

329 2223 709 2280 scaturientia
750 2228 808 2280 et
839 2241 938 2296 per
991 2226 1505 2298 compunctionem
1556 2225 1765 2299 pluviae
1799 2227 1988 2282 instar

331 2311 706 2386 delabentis),
755 2331 858 2386 pro
917 2315 1131 2371 sudore
1188 2315 1457 2385 salutari,
1513 2316 1767 2372 sufﬁciet
1824 2332 1984 2387 aquaa

328 2401 532 2457 hilaris
571 2403 849 2475 poculum
884 2403 1147 2460 infusum
1180 2404 1239 2460 in
1272 2423 1336 2462 os
1369 2405 1643 2478 pauperis
1685 2407 1754 2462 ad
1802 2405 1983 2461 animi

329 2491 772 2548 recreationem.
826 2494 885 2549 Si
917 2511 1051 2550 vero
1103 2494 1280 2551 etiam
1314 2495 1430 2550 vini
1477 2494 1698 2568 aliquid
1731 2496 1986 2551 addatur

329 2581 402 2636 ad
437 2597 534 2637 cor
563 2581 723 2637 illius
774 2583 1034 2640 hominis
1083 2583 1524 2655 laetiﬁcandum,
1559 2591 1720 2656 tunc,
1755 2586 1833 2640 mi
1870 2586 1984 2640 fra-

328 2677 435 2741 ter,
482 2671 635 2728 haud
670 2673 926 2745 amplius
968 2692 1117 2747 opus
1167 2675 1412 2732 habebis
1445 2675 1527 2732 ita
1575 2677 1643 2732 ad
1679 2691 1982 2731 summum

329 2760 564 2817 virtutis
626 2761 859 2819 culmen
929 2765 1192 2836 aspirare
1251 2769 1316 2820 ut
1366 2783 1498 2821 cum
1561 2766 1775 2822 sudore
1832 2782 1982 2822 ores.

330 2849 510 2907 Dulce
539 2851 697 2907 enim
730 2851 874 2908 illud
925 2853 1304 2928 eleemosynaa
1352 2855 1627 2928 poculum
1661 2857 1988 2928 imputatur

330 2940 438 2996 tibi
471 2958 574 3012 pro
606 2958 806 2998 amaro
838 2944 1076 3013 sudore,
1108 2949 1165 3001 et
1196 2946 1274 3001 ita
1321 2951 1495 3018 potus
1525 2963 1698 3018 quem
1731 2945 1985 3002 liberali-

331 3033 422 3085 ter
449 3030 762 3100 miscuisti,
803 3038 1076 3089 accurate
1123 3035 1531 3107 compensabit
1579 3037 1877 3102 sudorem,
1929 3038 1988 3091 et

335 3117 736 3176 misericordia
776 3137 890 3192 qua
937 3122 1175 3179 fratrem
1225 3139 1476 3196 egenum
1527 3124 1988 3191 humectasti,et

331 3207 536 3266 oculus
586 3209 747 3265 mitis
798 3210 857 3265 in
890 3210 1055 3267 illum
1119 3213 1438 3285 respiciens
1485 3218 1543 3268 et
1599 3213 1986 3269 humanitatis

329 3295 594 3355 letitiam
638 3299 993 3370 exprimens,
1038 3301 1432 3373 lacrymarum
1465 3303 1579 3358 vim
1613 3319 1678 3359 ac
1710 3303 1985 3358 virtutem

331 3384 548 3442 habere
581 3387 971 3460 reputabitur.

401 3477 486 3531 15.
522 3476 580 3531 Si
614 3481 808 3532 autem
842 3481 1048 3549 praeter
1072 3477 1228 3534 hunc
1251 3479 1468 3537 fontem
1495 3479 1789 3536 ocularem
1812 3480 1988 3537 etiam

327 3562 427 3618 ille
480 3564 742 3633 inferior,
776 3583 840 3621 os
889 3566 1042 3635 dico,
1087 3583 1284 3624 vocem
1345 3569 1794 3626 consolatoriam
1843 3570 1988 3626 emi-

331 3652 495 3721 serit,
532 3658 590 3708 et
621 3654 800 3710 simul
833 3671 967 3711 cum
999 3674 1133 3713 voce
1165 3660 1500 3730 proruperit
1528 3659 1806 3732 lacryma,
1839 3677 1988 3731 quae,

330 3747 532 3814 utpote
563 3760 595 3797 a
626 3760 802 3798 manu
837 3744 994 3800 haud
1029 3747 1314 3816 abstersa,
1343 3749 1401 3803 in
1435 3749 1630 3804 sinum
1665 3749 1990 3819 descendit,

330 3834 387 3886 et
420 3831 550 3887 hinc
583 3850 814 3904 quoque
848 3835 1044 3891 fratris
1089 3837 1550 3893 consolationem
1583 3839 1818 3910 promit,
1850 3844 1991 3893 tunc

329 3919 518 3976 virtus
553 3921 846 3992 ejusmodi
901 3924 1160 3980 hominis
1205 3925 1396 3982 tribus
1450 3926 1736 3983 bonorum
1770 3926 1992 4000 generi-

330 4008 443 4064 bus
474 4011 790 4083 conspicua
822 4029 887 4067 ac
941 4013 1241 4070 laudanda
1269 4019 1379 4085 est,
1434 4015 1717 4072 nimirum
1749 4020 1990 4088 aspectu

329 4097 469 4165 leni,
520 4098 810 4172 colloquio
867 4109 1198 4172 mansueto,
1247 4106 1474 4161 actione
1522 4107 1803 4162 benefica.
1856 4107 1992 4170 Quas

331 4187 443 4244 tria
483 4189 581 4245 ubi
633 4193 993 4264 possederis,
1045 4193 1241 4248 nescio
1296 4195 1367 4250 de
1417 4195 1632 4267 quibus
1677 4194 1994 4250 sudoribus

329 4295 396 4333 ac
436 4276 714 4352 lacrymis
744 4280 982 4352 gloriari
1034 4284 1266 4355 possint
1315 4284 1505 4338 adhuc
1559 4284 1656 4356 qui
1692 4283 1994 4356 perpetuis

333 4368 604 4440 precibus
624 4369 978 4426 incumbunt
995 4377 1053 4427 et
1084 4372 1419 4444 frequenter
1441 4389 1567 4428 sese
1590 4376 1990 4445 prosternunt,

331 4458 474 4514 adeo
524 4462 588 4512 ut
637 4458 814 4514 etiam
865 4464 923 4515 te
972 4461 1044 4516 ad
1096 4477 1289 4534 genua
1320 4461 1608 4516 ﬂectenda
1657 4477 1994 4534 permovere

333 4544 532 4616 velint,
565 4550 630 4601 ut
675 4548 822 4620 ipsis
862 4565 931 4604 ex
980 4555 1147 4621 parte
1195 4549 1410 4604 similis
1443 4551 1569 4605 tias.
1605 4554 1670 4606 Et
1701 4550 1842 4622 quid
1895 4551 1993 4607 ille

2098 1976 2275 2016 νοντες
2307 1956 2381 2018 ὡς
2413 1954 2464 2009 ἐν
2495 1953 2752 2026 λούματι,
2802 1952 2890 2008 καὶ
2955 1954 3244 2029 βρέχουσιν
3281 1952 3331 2008 έν
3380 1951 3604 2029 δάκρυσι
3661 1953 3768 2017 τάς

2100 2044 2274 2100 αὐτῶν
2333 2045 2641 2120 στρωμνάς·
2700 2040 2827 2097 ἀλλ’
2905 2043 3055 2116 ὑμῶν
3135 2043 3345 2115 ἑκάστῳ
3399 2044 3474 2115 μή
3539 2041 3772 2118 ἐνδαψι-

2098 2131 2386 2207 λευομένῳ
2435 2131 2808 2208 θεόθενλὺγρὰ
2856 2128 2988 2196 ἴσως
3033 2137 3254 2186 τοιαῦτα
3297 2134 3453 2205 (Θεοῦ
3501 2131 3602 2209 γάρ
3653 2153 3769 2187 πα·-

2097 2222 2433 2302 ρειλήφαμεν
2495 2223 2628 2278 εἶναι
2682 2219 2831 2297 δῶρα
2880 2221 2970 2275 καὶ
3045 2225 3212 2276 ταῦτα
3280 2216 3612 2291 ἐκϐλύζοντα
3666 2222 3765 2277 καὶ

2093 2309 2544 2388 καταϐρεχόμενα
2602 2309 2691 2366 διὰ
2755 2309 3105 2383 κατανύξεως)
3186 2310 3395 2386 ἀρκέσει
3462 2309 3578 2365 ἀντὶ
3655 2312 3757 2384 μὲν

2096 2401 2370 2472 σωτηρίου
2407 2399 2636 2477 ἱδρῶτος
2696 2397 2888 2464 ὕδατος
2937 2397 3133 2476 ἱλαροῦ
3181 2399 3393 2470 κοτύλη
3440 2399 3749 2477 ἐγχεομένη

2095 2488 2164 2546 δι’
2198 2491 2349 2564 ὑμῶν
2385 2489 2461 2552 εἰς
2490 2487 2773 2566 πτωχικὸν
2830 2485 3006 2562 στόμα
3037 2487 3124 2543 ἐπὶ
3178 2488 3432 2563 ἀναψύξει
3487 2492 3596 2544 τῶν
3659 2488 3747 2544 ἐν-

2093 2579 2203 2644 τός.
2237 2578 2298 2635 Ei
2333 2576 2389 2633 δὶ
2418 2580 2506 2633 καὶ
2567 2576 2714 2632 οἴνου
2741 2575 3140 2654 έπισταλαχθῇ,
3191 2577 3265 2642 ὡς
3321 2577 3575 2656 εὐφρᾶναι
3608 2598 3750 2653 καρ-

2096 2667 2210 2724 δίαν
2242 2669 2534 2744 ἀνθρώπου
2564 2667 2837 2738 τοιούτου,
2875 2669 3068 2741 μηκέτι
3123 2669 3411 2743 κοπιάσῃς,
3445 2669 3489 2723 ὧ
3520 2665 3748 2745 ἀδελφέ,

2096 2759 2269 2821 οὕτως
2328 2756 2379 2820 ἐς
2441 2756 2626 2834 ἄκρον,
2681 2759 2755 2821 ὡς
2826 2757 2915 2812 καὶ
2975 2754 3258 2832 ἐνιδρῶσαι
3311 2761 3380 2832 τῇ
3435 2762 3746 2835 προσευχῇ.

2097 2845 2500 2922 Ἑλλελόγηται
2560 2847 2664 2924 γὰρ
2710 2869 2796 2903 σοι
2863 2848 2926 2902 τὸ
2981 2854 3081 2917 τῆς
3136 2844 3517 2919 ἐλεημοσύνης
3575 2847 3750 2905 ἐκεῖνο

2099 2936 2256 3013 ὑγρὸν
2339 2937 2400 2992 τὸ
2468 2935 2642 3011 γλυκὺ
2720 2935 2833 2992 ἀντὶ
2893 2933 3218 3014 ὑφαλμύρου
3263 2932 3599 3012 ἷδρώματος·
3659 2937 3748 2995 καὶ

2098 3027 2240 3080 οὕτω
2303 3026 2398 3098 μὲν
2479 3025 2871 3096 ἀντισηκώσεις
2943 3027 3023 3098 τῷ
3080 3023 3271 3100 ἱδρῶτι
3327 3026 3464 3081 κατὰ
3516 3027 3744 3100 σταθμὸν

2096 3111 2296 3190 ἀκριϐῆ
2351 3115 2413 3170 τὸ
2461 3113 2511 3188 ἐξ
2571 3114 2950 3188 ἐλεημοσύνης
3007 3119 3214 3191 κρᾶμα,
3258 3119 3366 3170 τῶν
3419 3113 3477 3170 δὲ
3505 3113 3738 3190 δακρύων

2097 3227 2179 3260 σοι
2211 3207 2310 3274 τὴν
2345 3205 2538 3280 ἀρετὴν
2573 3203 2918 3281 ἐκπληρώσει
2967 3202 3281 3275 ἐξισωθεῖσα
3327 3208 3408 3280 τῇ,
3445 3205 3557 3260 κατ’
3611 3202 3739 3258 ἐκεῖ·

2018 3268 2060 3335 C
2099 3315 2190 3350 vov
2247 3268 2430 3370 βροχῇ
2481 3268 2787 3368 συμπάθεία
2831 3268 3059 3370 πτωχοῦ
3102 3268 3487 3372 ἀδελφοὶ-ἐκαὶ
3521 3290 3742 3368 βλέμμα

2100 3386 2288 3463 ἱλαρὸν
2322 3386 2460 3462 πρὸς
2488 3385 2718 3456 ἐκεῖνον,
2749 3385 2840 3442 καὶ
2871 3384 2923 3457 ἐξ
2953 3384 3078 3457 ἐλεη
3090 3386 3333 3460 μοσύνης
3365 3385 3645 3461 γαλήνιον.

2177 3477 2253 3532 ιε“.
2291 3476 2350 3532 Et
2384 3474 2442 3531 δὲ
2468 3479 2536 3550 τῇ
2588 3475 2787 3550 ὀπτικῇ
2843 3474 3012 3550 ταύτῃ
3057 3479 3209 3552 πηγῆ
3251 3475 3342 3530 καὶ
3390 3478 3426 3545 ἡ
3462 3475 3576 3550 μετ’
3623 3473 3751 3530 αὐτὸ

2101 3565 2415 3640 κατωτέρω,
2492 3567 2526 3635 ἡ
2597 3564 2733 3620 κατά
2795 3565 2993 3638 στόμα,
3050 3558 3301 3620 ἐκϐλύσει
3353 3563 3516 3639 λόγον
3575 3565 3754 3640 παρή-

2102 3677 2290 3732 γορον,
2324 3652 2469 3709 δοκῶ
2507 3675 2624 3728 μοι,
2655 3653 2746 3708 καὶ
2777 3651 3008 3730 δάκρυον
3037 3652 3228 3708 αὐτίκα
3251 3657 3330 3725 τῷ
3361 3651 3516 3728 λόγῳ
3574 3673 3759 3708 συνεκ-

2103 3743 2478 3821 δραμεῖσθαι,
2572 3745 2703 3820 ὅπερ
2800 3744 3012 3818 ἀποψᾷν
3089 3745 3124 3813 ἡ
3203 3740 3350 3814 δεξιὰ
3421 3743 3548 3820 χεὶρ
3625 3744 3762 3816 ἀμε-

2104 3832 2317 3904 λήσασα
2374 3834 2464 3889 καὶ
2516 3837 2613 3888 τοῦ
2688 3829 2900 3887 κόλπου
2973 3832 3239 3908 γενομένη
3276 3875 3291 3902 ,
3348 3832 3421 3893 ὡς
3475 3830 3566 3885 καὶ
3621 3829 3765 3886 ἐκεῖ·

2106 3936 2190 3987 θεν
2275 3923 2760 4000 παρηγορήσεσθαι
2828 3922 2921 3977 τὸν
2977 3919 3236 4000 ἀδελφὸν,
3323 3921 3766 3992 ἀποκαταστήσει

2101 4014 2165 4068 τὸ
2223 4011 2432 4068 ἐκείνου
2511 4011 2704 4087 ἀγαθὸν
2780 4011 2855 4075 εἷς
2931 4010 3054 4084 τρία
3128 4007 3293 4080 καλὰ,
3373 4009 3436 4065 τὸ
3495 4007 3585 4064 διά
3637 4009 3764 4074 θέας

2103 4102 2407 4179 ἐπαγωγοῦ,
2481 4101 2544 4156 τὸ
2619 4099 2709 4156 διὰ
2775 4097 3000 4175 ὁμιλίας
3052 4097 3348 4173 ἐμμελοῦς,
3406 4099 3496 4154 καὶ
3554 4099 3616 4154 τὸ
3671 4097 3769 4154 διὰ

2103 4191 2346 4266 πράξεως
2404 4189 2765 4267 εύεργετικῆς.
2819 4191 2995 4265 "Amp
3051 4189 3148 4244 οὐκ
3207 4185 3326 4243 οἶδα
3377 4186 3552 4243 ποίων
3599 4185 3770 4264 ἱδρώ-

2102 4302 2210 4335 των
2243 4282 2330 4336 καὶ
2393 4277 2638 4355 δακρύων
2699 4280 2762 4334 οὐ
2817 4279 3327 4354 κατακαυχήσονται
3389 4275 3466 4333 ἔτι
3525 4275 3770 4353 ἐχόμενα

2102 4366 2481 4433 κατακλῶντες
2539 4370 2590 4423 οἱ
2647 4375 2747 4438 τῆς
2808 4365 3131 4444 ἐνδελεχοῦς
3188 4373 3505 4444 προσευχῆς
3561 4363 3773 4442 ἄνθρω-

2101 4480 2218 4528 ποι,
2265 4458 2355 4513 καὶ
2388 4460 2562 4535 συχνά
2620 4457 2944 4535 βάλλοντες,
3002 4458 3083 4514 δτι
3115 4458 3205 4513 καὶ
3239 4456 3315 4520 εἷς
3358 4463 3462 4533 γῆν
3511 4454 3768 4526 ὀκλάζειν

2103 4569 2161 4602 σε
2213 4547 2512 4619 πείθουσιν,
2597 4548 2672 4610 ὡς
2736 4546 3162 4624 ὑπογιγνώσκειν
3217 4547 3318 4616 τήν
3375 4547 3510 4622 πρὸς
3572 4545 3775 4610 αὐτοὺς

335 4634 434 4706 qui
485 4651 664 4707 supra
716 4638 1026 4693 modum...
1076 4638 1147 4692 ad
1201 4638 1622 4694 continentiam
1674 4656 1987 4711 provocant

2106 4635 2486 4712 παρεξίσωσιν.
2537 4637 2640 4694 Καὶ
2677 4639 2763 4692 ’τί
2829 4638 2858 4692 ὁ
2913 4637 3051 4711 πρὸς
3109 4635 3366 4712 ἀμετρίαν
3428 4634 3770 4710 ἐγκρατευτι-

336 4740 470 4779 eum
505 4724 604 4797 qui
637 4743 669 4780 a
702 4726 871 4782 nobis
901 4727 1142 4782 edoctus
1167 4727 1304 4782 est?
1334 4727 1507 4782 Decet
1538 4729 1776 4784 omnino
1807 4747 2000 4802 genua

338 4812 589 4882 ﬂectere,
624 4831 655 4870 o
689 4815 866 4870 frater
896 4814 1185 4892 religiose,
1211 4821 1499 4888 quantum
1534 4823 1698 4890 potes
1725 4836 1738 4874 :
1763 4820 1999 4891 quando

340 4907 535 4958 autem
590 4920 705 4958 non
759 4903 939 4974 vales,
972 4904 1114 4959 oﬂ‘er
1165 4905 1280 4960 Deo
1333 4922 1532 4978 preces
1582 4912 1716 4963 tuas
1749 4916 1996 4976 erectus,

342 4989 498 5046 haud
523 4991 762 5047 ﬂectens
782 5009 953 5064 genu,
975 4994 1302 5050 secundum
1338 4998 1779 5052 sanctissimum
1806 4996 1998 5067 illum,

337 5079 407 5135 de
439 5097 555 5158 quo
587 5080 806 5136 dicitur
840 5097 852 5135 :
889 5081 1133 5138 Stetitin
1165 5084 1498 5142 calamitate
1519 5085 1617 5141 ille
1647 5103 1851 5142 servus
1873 5086 1995 5157 Dei,

339 5173 396 5224 et
427 5169 788 5242 propitiavit,
823 5175 879 5225 et
911 5171 1129 5227 malum
1165 5175 1438 5243 cessavit,
1473 5180 1530 5230 et
1561 5177 1629 5230 ad
1666 5177 1997 5232 satietatem

337 5273 527 5328 usque
573 5258 882 5330 colligatus
916 5267 972 5316 et
1019 5268 1320 5319 contortus
1371 5264 1430 5318 in
1463 5264 1566 5319 tali
1597 5265 1833 5320 tristitia
1866 5281 2000 5335 per-

337 5346 526 5414 stitit;
580 5353 858 5419 praeterea
907 5350 957 5405 ei
1009 5369 1221 5407 manus
1274 5354 1540 5409 Mosaicae
1590 5372 1705 5410 non
1750 5355 1809 5408 in
1845 5359 2000 5409 terra

339 5434 612 5507 sutl'ultaa,
647 5437 744 5492 ubi
774 5439 1058 5512 propheta
1111 5442 1384 5513 fatigatus
1435 5448 1578 5513 erat,
1612 5460 1716 5515 per
1746 5443 1996 5515 ﬁguram

341 5531 832 5596 repraesentarunt
863 5529 1128 5586 futurum
1174 5532 1367 5588 crucis
1400 5533 1748 5588 miraculum
1792 5536 1996 5588 erectas

343 5613 417 5668 ad
463 5614 674 5672 caelum
723 5623 899 5689 atque
944 5621 1029 5676 sic
1075 5620 1346 5693 precibus
1396 5621 1681 5677 auxilium
1732 5621 1996 5677 divinum

319 5713 322 5717 '
347 5703 733 5762 attrahentes.

2107 4731 2218 4788 κῶς
2250 4725 2695 4800 προκαλούμενος
2727 4727 2819 4782 τὸν
2856 4725 2907 4782 ἐν
2940 4729 3077 4800 ἡμῖν
3125 4722 3514 4797 διδασκόμενον
3542 4742 3556 4792 ;
3610 4731 3772 4778 Γονυ-

2109 4815 2368 4887 κλίτησον
2401 4815 2726 4893 ἀναγκαίως,
2789 4816 2834 4872 ὧ
2876 4816 3012 4870 κατά
3064 4815 3194 4872 Θεὸν
3222 4811 3442 4892 ἀδελφέ,
3506 4813 3582 4876 είς
3642 4813 3767 4868 ὅσον

2112 4901 2350 4960 δύνασαι·
2418 4907 2493 4979 μή
2554 4905 2817 4982 ἐξισχύων
2876 4903 2932 4961 δὲ
2973 4904 3144 4977 ὅλως,
3171 4903 3459 4979 πρόσευξαι
3515 4907 3596 4975 τῷ
3654 4905 3768 4974 Θεῷ

2109 4995 2458 5065 καθηκόντως
2537 4992 2898 5070 ὀρθοστάδην,
2979 4995 3055 5068 μή
3137 4994 3402 5067 κάμπτων
3452 4992 3582 5068 γόνυ
3631 4991 3764 5046 κατά

2109 5085 2197 5138 τὸν
2234 5084 2535 5158 ἁγιώτατον
2565 5083 2776 5158 τοῦτον,
2836 5086 3034 5154 Ἔστη,
3093 5084 3284 5162 φησὶν,
3346 5081 3400 5138 ἐν
3457 5086 3525 5156 τῇ
3553 5079 3758 5159 θραύσει

2111 5173 2137 5226 ὁ
2171 5170 2318 5229 δεῖνα
2351 5175 2596 5250 θεράπων
2631 5179 2788 5240 Θεοῦ,
2819 5174 2911 5229 καὶ
2971 5173 3275 5247 ἐξιλάσατο,
3337 5172 3428 5228 καὶ
3486 5172 3546 5227 τὸ
3600 5167 3753 5223 κακὸν

2110 5260 2400 5333 ἐπαύσατο,
2433 5263 2523 5318 καὶ
2557 5263 2812 5338 ἐκορέσθη
2857 5263 3141 5340 κρινωθεὶς
3201 5261 3427 5331 ἐκεῖνος,
3480 5259 3564 5316 καὶ
3620 5255 3760 5311 οὕτω

2110 5352 2453 5428 σφαιρωθεὶς,
2486 5353 2576 5408 καὶ
2611 5351 2850 5428 συστολῇ
2881 5353 3105 5428 τοιαύτῃ
3134 5351 3424 5426 γνόμενος,
3488 5349 3565 5406 ἔτι
3623 5345 3767 5418 αὐτῷ

2110 5442 2163 5495 αἱ
2197 5443 2447 5499 Μωσαΐκὶ
2481 5447 2666 5518 χεῖρες
2697 5441 2758 5496 οὐ
2789 5443 2926 5518 πρὸς
2976 5447 3045 5518 τῇ
3229 5438 3592 5516 ἐρειδόμεναι,
3654 5457 3771 5511 συγ-

2109 5530 2441 5607 χαλωμένου
2488 5536 2586 5587 τοῦ
2635 5534 2944 5611 προφήτου,
2996 5531 3256 5609 ἐνήργουν
3311 5527 3585 5591 τυπωδῶς
3617 5528 3683 5582 τά
3715 5525 3767 5581 ἐν

2111 5621 2314 5696 ὑστέρῳ
2356 5621 2544 5698 χρόνῳ
2575 5623 2835 5697 σταυρικὰ
2872 5622 3148 5699 τεράστια,
3202 5619 3657 5695 μεταρσιούμεναι
3691 5615 3770 5678 εἰς

2107 5709 2356 5786 οὐρανὸν,
2388 5711 2478 5767 καὶ
2511 5711 2656 5768 οὕτω
2680 5709 3043 5777 καθέλκουσαι
3075 5709 3147 5768 δι’
3203 5709 3390 5787 εὐχῆς¹
3429 5708 3528 5778 τὴν
3563 5706 3766 5771 ἐκεῖθεν

2111 5799 2390 5878 βοήθειαν.
