4130 6388
456 465 572 529 533

1835 461 1914 524 ΙΝ
1959 460 2183 524 PSAL.
2229 461 2504 527 XLVIII.

3765 467 3882 526 534

531 601 610 660 ις’.
643 597 902 671 Μίμησαι
951 598 1043 651 καὶ
1094 593 1453 660 διδασκάλους
1511 596 1754 652 ἐνταῦθα.
1806 594 1880 649 ὧν
1927 589 2094 654 οὐδεὶς

2292 596 2378 650 16.
2416 595 2652 652 Imitare
2685 596 2779 653 hic
2828 596 3004 654 etiam
3064 597 3376 670 magistros
3406 615 3661 670 quorum
3706 616 3878 656 nemo

459 686 547 742 ἐπὶ
621 706 889 762 πρσωπου
946 684 1458 762 καταῤῥηγνύμενος
1543 681 1747 762 ὠφελεῖ
1838 679 2105 737 διδάσκων

449 773 580 836 τοὺς
633 775 1022 847 μανθάνοντας.
1072 773 1407 846 Ἐνθύμησαι
1452 774 1542 828 καὶ
1590 773 1652 828 τό
1715 791 1728 805 ·
1787 793 1814 826 ε
1854 772 2024 839 Ἓστη
2079 769 2107 824 6

448 865 662 934 Ἰησοῦς
706 861 793 916 ἐπὶ
851 863 1022 919 τόπου
1097 859 1337 931 πεδινοῦ,
1416 865 1508 918 καὶ
1565 866 1782 926 πλῆθος
1841 861 2102 934 μαθητῶν

446 953 591 1008 πολὺ
620 952 743 1028 περὶ
775 951 932 1008 αὐτὸν
970 970 982 984 ”
1036 977 1065 1004 ››
1115 952 1176 1006 ού
1232 953 1338 1025 μὴν
1390 956 1704 1028 γονυπετῶς
1755 948 1992 1017 διετέθη.
2025 944 2094 1000 Εἴ

448 1039 505 1098 δὶ
531 1041 618 1096 καὶ
650 1040 838 1110 πολλὴ
873 1044 1074 1118 χρῆσις
1122 1040 1366 1117 γονάτων
1412 1040 1667 1113 κλίσεως,
1725 1039 1816 1094 καὶ
1852 1035 2101 1114 ἱδρώτων

448 1128 772 1205 ἒκϐλύσεως,
820 1134 913 1187 καὶ
960 1131 1136 1187 αὐτῶν
1185 1135 1322 1188 κατά
1379 1127 1656 1208 θρόμϐους
1718 1129 1962 1203 αἱμάτων
2012 1124 2104 1181 καὶ

449 1220 694 1299 δακρύων
754 1221 1084 1298 καταρῥοῆς,
1134 1222 1224 1277 καὶ
1281 1221 1457 1277 κόπου
1505 1220 1606 1283 ἕως
1655 1221 1744 1276 καὶ
1793 1220 1868 1282 εἱς
1919 1217 2099 1293 μελῶν

444 1311 684 1387 πὶρεσιν,
741 1309 891 1367 ἀλλά
943 1311 1053 1386 ἐγὼ
1105 1313 1198 1367 τὸν
1240 1312 1367 1367 Θεὸν
1419 1312 1510 1367 καὶ
1561 1309 1719 1366 αὺτὸν
1779 1307 1957 1378 εἶδὼς,
2010 1308 2101 1364 καὶ

441 1403 544 1470 τὴν
602 1399 770 1456 αὐτοῦ
827 1397 1162 1468 δεσποτείαν,
1198 1399 1304 1476 ,ὅτι
1359 1406 1462 1455 πᾶν
1511 1399 1710 1475 ἀγαθὸν
1761 1397 2097 1473 ἀνθρώπινον

445 1487 735 1559 εἶσοδιάζει
792 1489 1158 1563 κομιζόμενον
1225 1489 1397 1564 αὐτῷ,
1474 1489 1564 1544 καὶ
1623 1485 1774 1543 ούδὶν
1832 1487 2103 1558 ἑξουθενοῖ

444 1579 535 1636 καὶ
588 1583 952 1654 παραμετρῶν
1004 1577 1140 1634 αύτά
1181 1585 1258 1633 πῦῖ
1325 1581 1418 1651 μὶν
1470 1575 1715 1651 δυνάμει,
1751 1583 1828 1645 πῆ
1877 1573 1935 1630 δὲ
1966 1573 2098 1630 ἀδυ-

444 1667 629 1741 ναμίᾳ,
659 1671 730 1742 τῇ
757 1669 873 1722 κατ’
927 1664 1233 1741 ἄνθρωπον,
1289 1666 1466 1722 ἐκεῖνα
1518 1667 1611 1740 μὲν
1659 1667 1733 1720 ὧν
1794 1665 1949 1738 ὑμεῖς
1982 1663 2097 1740 ἐφι-

445 1763 682 1821 κνεῖσθαι
742 1757 842 1812 οὐκ
887 1754 1060 1833 ἔχετε,
1113 1757 1189 1819 εἰς
1237 1751 1685 1832 ὑπερϐάλλουσαν
1734 1755 1952 1828 τίθεμαι
1982 1755 2099 1830 ἀρε-

441 1849 562 1918 τήν.
591 1847 798 1905 Ὁπόσα
831 1844 888 1902 δὲ
917 1846 1007 1901 καὶ
1058 1849 1147 1902 οἷα
1194 1845 1417 1908 ἐκείνοις
1462 1852 1579 1909 τοῖς
1633 1843 1894 1922 μεγάλοις
1925 1844 2092 1918 ἀγῶσι

442 1935 531 1992 καὶ
581 1934 846 2010 καμάτοις
892 1936 983 1990 καὶ
1024 1935 1216 1998 κόποις
1286 1930 1730 2006 ὑποϐιϐάζονται,
1791 1934 1866 1996 εἰς
1927 1933 2092 2008 λόγον
2125 1961 2172 2026 Β

442 2023 781 2099 συμμετρίας
828 2023 1141 2092 ἀποτάσσω,
1172 2025 1238 2092 ἧς
1281 2024 1334 2078 οἱ
1376 2021 1602 2083 πλείους
1648 2025 1756 2076 τῶν
1794 2023 1914 2076 καθ’
1943 2023 2092 2093 ἡμᾶς

445 2113 745 2188 ἀνθρώπων
781 2111 1164 2186 στοχάζονται,
1195 2111 1285 2167 καὶ
1324 2111 1561 2185 μάλιστα
1595 2112 1647 2166 οἱ
1701 2111 1972 2186 βιωτικοὶ,
2002 2108 2092 2164 καὶ

443 2209 543 2273 τῆς
574 2204 648 2265 ὡς
682 2198 944 2257 ἅκάστοτε
983 2197 1192 2278 τύρϐης
1237 2202 1327 2256 καὶ
1361 2200 1628 2277 ἀσχολίας
1657 2201 1709 2271 ἐξ
1739 2201 1980 2276 ἀνάγκης
2013 2222 2096 2277 γι-

445 2290 658 2364 νόμενοι
691 2311 705 2324 ·
757 2289 850 2353 οὓς
897 2290 1100 2366 ἐνάγων
1145 2291 1224 2353 εἷς
1255 2290 1660 2366 ἀγαθοπραγίαν
1689 2294 1770 2363 τῷ
1796 2291 1886 2344 νῦν
1919 2295 2096 2365 καιρῷ

446 2383 771 2457 πρέπουσαν,
857 2381 948 2434 καὶ
1023 2380 1454 2453 ἀναμιμνήσκων
1540 2377 1913 2454 γονυκλισίας,
1969 2379 2095 2455 περὶ

441 2472 505 2540 ἧς
555 2470 623 2539 ἦν
673 2473 965 2545 προσεχῶς
1013 2470 1150 2542 ἡμῖν
1193 2470 1222 2525 6
1272 2467 1455 2545 λόγος,
1489 2468 1634 2544 λέγω
1676 2468 1788 2537 καὶ,
1821 2467 1906 2523 ὅτι
1937 2469 1965 2522 6
1992 2470 2093 2538 τὴν

440 2561 628 2635 ψυχὴν
682 2559 974 2633 κάμπτων,
1033 2559 1124 2614 καὶ
1179 2560 1243 2615 τὸ
1295 2559 1554 2634 σαρκικὸν
1603 2559 1784 2622 ἀτενὲς
1839 2559 2096 2636 φρόνημα

442 2645 805 2722 κατακλίνων,
864 2649 956 2703 καὶ
1011 2649 1074 2704 τὸ
1153 2645 1310 2718 δῆθεν
1379 2648 1668 2724 περιφανὲς
1749 2648 2096 2723 ὑπερήφανον

443 2735 695 2810 ἀλαμπὶς
754 2735 1059 2809 ἀποτελῶν,
1110 2737 1185 2799 ὡς
1260 2737 1369 2792 οἷον
1423 2740 1518 2811 ζῇν
1567 2734 1831 2812 ἐγκρυφῇ
1863 2735 1956 2790 καὶ
2017 2736 2092 2810 μὴ

444 2825 918 2902 πραγματεύεσθαι
967 2827 1030 2882 τὸ
1073 2821 1460 2903 περίϐλεπτον,
1512 2823 1659 2881 ἀλλά
1704 2826 1840 2881 κατά
1883 2831 1987 2880 πᾶν
2031 2825 2094 2881 τὸ

448 2916 571 2990 περὶ
621 2915 775 2973 αὖτὸν
827 2916 1104 2995 ύπὲροφρυ
1152 2917 1243 2971 καὶ
1309 2916 1372 2971 τὸ
1429 2915 1567 2972 κατά
1625 2913 1802 2987 οἷήσιν
1860 2913 2092 2991 αἰθέριον

447 3009 728 3062 ταπεινοῦν
777 3003 883 3069 ἕως
927 3013 1056 3084 γῆς,
1089 3005 1293 3069 ἐκεῖνος
1335 3005 1434 3062 οὐκ
1481 3004 1542 3061 ἀν
1593 3002 1771 3061 δέοιτο
1814 3007 2094 3079 κατακάμ-

446 3097 588 3169 ψεως
640 3098 903 3172 γονάτων,
963 3096 1095 3153 ὅλον
1154 3097 1340 3153 ἑαυτὸν
1384 3100 1454 3172 τῇ
1509 3096 1831 3152 ταπεινώσει
1895 3096 2095 3173 καταῤ-

443 3180 646 3259 ῥίπτων
702 3184 781 3248 εἰς
834 3187 960 3261 γῆν,
1016 3182 1124 3257 ἤδη
1191 3183 1249 3241 δὲ
1296 3184 1388 3241 καὶ
1441 3185 1518 3248 ὡς
1558 3185 1649 3241 οἷα
1695 3183 1938 3256 σκώληξ,
1970 3181 2098 3240 οὐδὲ

439 3275 535 3328 τοῦ
618 3273 754 3351 ὑπὲρ
830 3279 938 3350 γῆς
1015 3274 1295 3351 φαίνεσθαι
1380 3271 1577 3350 κρίνων
1651 3272 1901 3345 κατάξιον
1973 3273 2095 3330 δαυ-

437 3361 530 3418 τόν
541 3405 554 3419 .

513 3460 594 3529 ιζ’.
626 3462 805 3518 Ἑστω
861 3463 990 3536 γοῦν
1039 3460 1190 3535 ὑμῖν,
1242 3461 1288 3515 ὦ
1344 3457 1594 3537 ἀδελφοὶ,
1653 3460 1742 3516 καὶ
1793 3461 1856 3516 τὸ
1911 3479 2094 3515 ταπει-

437 3553 661 3615 νοῦσθαι
717 3549 1084 3626 γονυκλίσεων
1153 3548 1458 3607 ἀντίδοτον.
1531 3551 1639 3607 Καὶ
1695 3552 1758 3607 τὸ
1811 3546 2090 3626 σύμϐολον

436 3641 538 3705 τῆς
587 3640 988 3712 ταπεινώσεως,
1045 3640 1142 3711 τὴν
1203 3639 1339 3696 κατὰ
1393 3647 1497 3717 γῆς
1561 3639 1708 3717 ῥίψιν
1767 3639 2093 3712 ΐδιάζοντες,

437 3726 527 3784 ὅτε
560 3729 638 3802 μὴ
672 3727 900 3786 δύνασθε
947 3725 1282 3806 προϐάλλειν
1333 3729 1487 3802 αὐτὸ,
1519 3729 1688 3801 αὐτῆς
1734 3729 1946 3800 ἐκείνης
1989 3739 2091 3802 τῆς

435 3817 488 3873 ἐν
537 3814 644 3893 ὅλῃ
687 3821 845 3894 ψυχῇ
901 3819 1284 3881 ταπεινώσεως
1333 3817 1544 3894 γίνεσθε
1575 3837 1587 3849 ·
1650 3819 1740 3874 καὶ
1788 3817 1979 3882 ἄλλως
2036 3817 2093 3875 δὲ

435 3911 686 3973 νοοῦντες
742 3908 841 3977 τὴν
897 3911 1006 3963 τῶν
1073 3910 1318 3984 γονάτων
1396 3909 1533 3964 κατά
1587 3915 1688 3984 γῆς
1743 3907 1947 3978 κλίσιν,
2001 3908 2091 3964 καὶ

437 3997 579 4055 οὕτω
611 4002 932 4075 σωματικὴν
995 4000 1133 4057 κατά
1178 3999 1400 4071 κλῆσιν,
1451 3999 1764 4072 κωλυτικὴν
1814 4001 1947 4061 εἶναι
1993 4005 2091 4057 τοῦ

440 4085 697 4163 βαδίζειν,
754 4087 1058 4166 βαδιστικοὶ
1113 4089 1316 4162 τρόπον
1367 4086 1538 4144 ἄλλον
1583 4086 1900 4162 μεθοδεύετε
1955 4088 2090 4143 εἶναι

434 4173 744 4241 πολυειδῶς
801 4177 877 4239 εἷς
929 4168 1148 4253 ἀρετήν.
1210 4176 1310 4232 Καὶ
1366 4175 1641 4252 λογίζεται
1699 4177 1826 4250 ύμῖν
1877 4177 1905 4232 6
1962 4178 2093 4241 Θεὸς

437 4265 563 4322 αὐτὸ
595 4265 671 4329 εἷς
705 4266 902 4342 ἀγαθὸν
951 4263 1104 4322 οὐδὲν
1149 4270 1247 4322 τοῦ
1292 4263 1626 4342 γονυκλίνειν
1676 4264 1923 4335 ἔλαντον,
1974 4264 2089 4322 ἐπεί

435 4374 516 4410 τοι
566 4356 654 4411 καὶ
704 4356 1072 4433 φυσικώτερον
1121 4354 1235 4430 ἅμα
1279 4355 1369 4410 καὶ
1413 4354 1784 4432 ἐνεργέστερον
1826 4355 1916 4410 καὶ
1947 4375 2085 4432 πρα-

432 4449 759 4522 κτικώτερον
808 4446 1180 4513 κατακλισεως
1251 4449 1287 4519 ἠ
1365 4449 1649 4512 ἀνάσταςις
1702 4449 1794 4504 καὶ
1850 4449 2087 4504 ἀναπαυ-

436 4557 540 4610 σις,
571 4535 648 4593 ἔτι
683 4534 742 4592 δὲ
797 4535 1014 4594 καὶτοῦ
1063 4543 1469 4612 κατακάμπτειν
1520 4537 1708 4602 καλῶς
1763 4534 1992 4593 κάλλιον
2024 4538 2088 4592 τὸ

432 4625 730 4703 θωρέστως
789 4626 1102 4702 ὀρθοῦσθαι,
1187 4628 1276 4683 καὶ
1355 4632 1452 4684 τοῦ
1530 4626 1856 4698 ἀκινητίζειν
1911 4627 1973 4682 τὸ
2031 4625 2088 4683 εὖ

2216 684 2379 740 vultu
2410 685 2469 740 in
2521 691 2738 742 terram
2789 688 2978 742 deﬁxo
3011 688 3227 743 docens
3277 687 3583 758 discipulis
3615 689 3874 760 prodest.

2219 773 2541 830 Recordare
2573 775 2753 832 etiam
2785 777 2925 832 dicti
2957 776 3116 831 illius
3153 799 3167 836 ;
3205 799 3224 826 α
3265 777 3436 832 Stetit
3464 778 3638 834 Jesus
3669 778 3728 833 in
3749 778 3876 836 loco

2218 879 2448 933 saxoso,
2501 867 2558 918 et
2604 881 2820 936 magna
2876 866 3305 936 discipulorum
3357 865 3675 922 multitudo
3723 868 3877 924 circa

2216 969 2351 1008 eum
2379 970 2392 1020 ;
2428 975 2456 1003 »
2489 969 2605 1008 non
2633 954 2813 1025 igitur
2843 972 3035 1026 genua
3065 955 3243 1011 ﬂexit.
3277 956 3524 1011 Etiamsi
3554 973 3689 1012 vero
3719 957 3876 1012 mul-

2214 1043 2339 1095 tum
2388 1041 2626 1112 prodest
2675 1057 2933 1112 genuum
2989 1042 3180 1109 ﬂexio,
3211 1047 3268 1098 et
3321 1042 3556 1098 sudoris
3589 1043 3874 1115 profusio,

2215 1133 2273 1185 et
2318 1129 2709 1202 lacrymarum
2742 1132 3167 1204 sanguinisque
3224 1132 3391 1203 copia
3439 1133 3640 1188 densis
3696 1132 3874 1190 stillis

2215 1218 2500 1285 deﬂuens,
2561 1234 2666 1291 ego
2721 1224 2941 1291 tamen,
3002 1225 3204 1292 utpote
3263 1237 3626 1292 cognoscens
3687 1222 3870 1278 Deum

2212 1309 2461 1378 ejusque
2515 1308 2864 1378 potentiam,
2912 1325 3028 1380 qua
3077 1309 3276 1364 omnia
3324 1309 3478 1364 bona
3526 1309 3868 1366 hominibus

2211 1395 2480 1467 largitur,
2497 1412 2686 1467 neque
2709 1396 3034 1468 quidquam
3055 1397 3225 1453 nihili
3257 1398 3418 1466 facit,
3441 1400 3544 1454 sed
3567 1416 3634 1454 ea
3649 1400 3866 1472 partim

2209 1483 2426 1551 robori,
2459 1485 2674 1556 partim
2723 1485 3056 1541 infirmitati
3105 1485 3413 1542 hominum
3442 1489 3703 1560 adaptat,
3736 1506 3864 1560 ego,

2209 1573 2477 1645 inquam,
2508 1573 2610 1630 illa
2633 1591 2764 1646 quae
2782 1591 2887 1630 vos
2919 1576 3152 1646 assequi
3184 1593 3300 1631 non
3332 1576 3599 1648 potestis,
3623 1579 3864 1650 egregiis

2207 1661 2440 1719 virtutis
2493 1679 2624 1719 esse
2675 1680 2902 1719 censeo.
2957 1667 3328 1736 Quaecunque
3381 1669 3576 1722 autem
3631 1666 3865 1738 magnis

2204 1750 2323 1807 illis
2353 1751 2778 1808 certaminibus
2817 1757 2874 1807 et
2906 1752 3206 1808 laboribus
3254 1758 3313 1808 et
3341 1754 3557 1810 studiis
3587 1754 3866 1811 inferiora

2203 1845 2365 1910 sunt,
2397 1841 2469 1896 ad
2503 1841 2968 1896 mediocritatem
3011 1842 3220 1908 refero,
3253 1842 3347 1897 cui
3377 1841 3643 1915 plerique
3670 1842 3862 1898 homi-

2205 1945 2308 1984 nes
2354 1930 2572 1985 addicti
2605 1935 2764 2000 sunt,
2797 1935 2854 1985 et
2901 1930 3276 2002 potissimum
3307 1931 3347 1986 ii
3395 1932 3496 2004 qui
3529 1933 3860 1988 necessario

2203 2018 2384 2088 hujus
2412 2018 2547 2074 vitae
2575 2019 2768 2074 turbis
2790 2022 2965 2090 atque
2994 2019 3152 2075 curis
3175 2019 3683 2093 constringuntur,
3707 2037 3856 2092 quos

2204 2107 2276 2163 ad
2308 2107 2675 2163 honestatem
2706 2106 2842 2162 huic
2871 2108 3123 2180 tempori
3170 2110 3609 2165 convenientem
3641 2111 3854 2182 perdu-

2205 2211 2344 2252 cens
2394 2200 2452 2251 et
2497 2212 2756 2268 genuum
2807 2196 3094 2264 ﬂexionis,
3126 2198 3197 2252 de
3245 2214 3362 2269 qua
3410 2198 3712 2270 hucusque
3751 2215 3856 2255 no-

2205 2284 2296 2339 bis
2345 2301 2537 2341 sermo
2594 2285 2728 2354 fuit,
2775 2285 3308 2342 commonefaciens
3355 2287 3506 2359 dico,
3559 2304 3694 2344 eum
3753 2288 3857 2360 qui

2205 2373 2466 2428 animam
2513 2373 2780 2440 inclinat,
2839 2378 2895 2429 et
2939 2374 3236 2431 carnalem
3285 2392 3524 2432 sensum
3576 2377 3854 2446 deﬂectit,

2205 2467 2264 2519 et
2318 2463 2605 2534 superbiae
2652 2463 3103 2519 ostentationem
3154 2465 3226 2520 ad
3287 2465 3585 2522 modestiae
3634 2471 3858 2539 tempe-

2206 2552 2457 2606 rantiam
2506 2552 2756 2617 reducit,
2807 2552 2888 2607 ita
2937 2556 3001 2607 ut
3047 2554 3215 2623 quasi
3262 2552 3323 2609 in
3375 2555 3717 2612 abscondito
3775 2556 3862 2612 vi-

2205 2644 2302 2695 vat
2357 2655 2545 2713 noque
2602 2657 2800 2696 coram
2858 2643 3081 2698 mundo
3138 2643 3398 2713 conspici
3454 2645 3688 2717 gestiat,
3756 2646 3861 2701 sed

2205 2745 2379 2785 omne
2418 2729 2800 2801 supercilium
2850 2736 2909 2787 et
2937 2730 3088 2787 altos
3136 2731 3384 2804 spiritus
3414 2739 3702 2806 quantum
3734 2734 3861 2790 ﬁeri

2205 2823 2398 2890 potest
2449 2819 2781 2891 [deprimat,
2840 2836 2976 2875 eum
3056 2820 3186 2877 dico
3242 2839 3358 2878 non
3439 2840 3588 2895 opus
3643 2823 3860 2880 habere

2206 2923 2466 2979 genuum
2515 2907 2782 2977 ﬂexione,
2836 2908 3058 2980 quippe
3105 2909 3207 2980 qui
3255 2910 3559 2968 humiliter
3605 2929 3734 2969 sese
3785 2914 3858 2969 ad

2202 3000 2420 3053 terram
2471 2998 2805 3068 prosternit,
2857 3001 2916 3053 et
2968 2997 3148 3054 veluti
3201 3001 3440 3070 vermis,
3469 3004 3564 3072 [ne
3614 3002 3858 3073 dignum

2206 3086 2446 3158 quidem
2495 3102 2624 3143 sese
2671 3085 2969 3144 existimat
3023 3088 3125 3159 qui
3182 3104 3365 3162 supra
3413 3094 3628 3149 terram
3673 3092 3860 3150 extol-

2203 3173 2382 3232 latur.

2275 3461 2363 3516 17.
2402 3462 2598 3533 Itaque
2629 3479 2732 3534 pro
2761 3479 3023 3536 genuum
3056 3464 3323 3532 ﬂexione,
3345 3483 3378 3523 ο
3405 3467 3637 3540 fratres,
3660 3468 3860 3525 humi-

2202 3549 2338 3607 litas
2368 3551 2536 3606 vobis
2568 3552 2647 3607 sit
2682 3568 2855 3608 curae.
2885 3553 3032 3619 Cum
3065 3560 3260 3611 autem
3293 3557 3628 3629 symbolum
3661 3558 3861 3614 humi-

2200 3639 2387 3697 litatis
2419 3640 2498 3697 sit
2528 3641 2857 3713 provolutio
2883 3642 2944 3698 in
2975 3649 3217 3711 terram,
3268 3645 3548 3719 quoniam
3577 3647 3637 3703 id
3670 3649 3858 3705 facere

2202 3729 2481 3802 nequitis,
2502 3734 2628 3788 tota
2648 3732 2958 3788 animavos
2997 3732 3308 3791 humiliate
3327 3752 3340 3804 ;
3361 3741 3635 3792 caeterum
3661 3742 3858 3794 autem

2201 3819 2548 3892 cogitantes,
2600 3836 2859 3892 genuum
2911 3823 2983 3876 ad
3039 3826 3255 3880 terram
3307 3824 3678 3882 inﬂexionem
3727 3842 3860 3883 esse

2201 3925 2538 3990 corpoream
2558 3926 2669 3981 qua
2692 3911 2858 3983 gradi
2877 3910 3415 3982 prohibemini,alio
3435 3914 3678 3971 modoin
3693 3915 3857 3971 omni

2197 3997 2435 4053 virtutis
2467 4013 2676 4070 genere
2707 3999 2977 4071 progredi
3005 4001 3313 4057 studeatis.
3348 4003 3465 4059 Hoc
3495 4003 3652 4059 enim
3691 4005 3856 4061 vobis

2199 4087 2259 4142 in
2291 4087 2507 4142 bonum
2556 4087 2926 4158 reputabitur
2951 4104 2984 4143 a
3023 4088 3140 4144 Deo
3171 4088 3329 4144 haud
3362 4091 3560 4147 minus
3593 4109 3772 4164 quam
3804 4093 3857 4149 si

2198 4191 2390 4247 genua
2429 4175 2761 4245 ﬂexissetis,
2796 4177 3090 4248 siquidem
3140 4180 3492 4236 resurrectio
3534 4184 3594 4236 et
3623 4182 3860 4253 requies

2199 4263 2386 4336 magis
2430 4269 2516 4321 est
2566 4269 2788 4320 naturae
2837 4266 3188 4322 conveniens
3237 4272 3296 4323 et
3342 4268 3634 4325 efﬁcacior
3678 4273 3736 4326 et
3783 4271 3858 4327 ad
3923 4254 3942 4277 ’

2196 4354 2372 4410 vitam
2424 4353 2674 4409 activam
2726 4353 2962 4423 utilior;
3021 4359 3300 4426 praeterea
3342 4357 3392 4412 si
3441 4357 3574 4430 quis
3623 4358 3770 4415 bene
3796 4376 3860 4418 se

2200 4442 2464 4513 inclinat,
2510 4442 2722 4498 melius
2753 4443 2931 4499 etiam
2979 4447 3098 4500 stat
3122 4448 3322 4502 rectus
3351 4450 3416 4501 ut
3445 4445 3561 4502 Deo
3590 4447 3856 4520 placeat;

2198 4531 2455 4605 denique
2498 4531 2903 4588 immobilitati
2934 4538 3174 4605 praestat
3221 4533 3504 4592 honestus
3546 4541 3768 4610 motus,
3799 4543 3860 4596 et

2199 4622 2412 4678 melius
2455 4621 2632 4678 habet
2663 4621 2735 4678 ad
2787 4639 3021 4678 omnem
3055 4623 3434 4680 directionem
3479 4643 3606 4683 sese
3635 4632 3859 4685 vertere

434 4717 712 4789 κινεῖσθαι,
740 4714 830 4770 καὶ
885 4721 983 4772 τοῦ
1031 4713 1115 4792 ἔφ’
1159 4716 1276 4781 ἰνὸς
1325 4716 1526 4793 βαίνειν
1575 4716 1668 4772 καὶ
1720 4716 1864 4773 οὕτω
1895 4716 2089 4792 στηρί-

2207 4727 2375 4783 quam
2409 4728 2538 4791 uno.
2558 4711 2706 4784 pede
2734 4715 2992 4769 stantem
3023 4711 3214 4768 eidem
3242 4711 3367 4769 loco
3397 4714 3701 4773 inhaerere.

442 4808 549 4873 ζειν
578 4804 642 4861 τὸ
675 4805 765 4860 καὶ
798 4803 1219 4885 εύπερίστροφον
1259 4804 1334 4870 ὠς
1363 4803 1661 4884 εὔμορφον.

513 4903 604 4976 ιη’.
665 4903 786 4961 Ἒτι
839 4902 900 4960 ού
959 4901 1201 4974 δύνασαι,
1251 4904 1296 4958 ὧ
1345 4903 1396 4959 ἐν
1440 4909 1522 4978 τῷ
1573 4905 1676 4980 βίῳ
1717 4902 1936 4983 ἀδελφὲ,
1987 4925 2092 4975 νη-

441 4990 642 5047 στεύειν
678 5009 690 5022 ·
768 4986 913 5057 ἔσθιε
965 4991 1218 5069 μετρίως,
1271 4988 1364 5046 ’ίνα
1425 4993 1501 5065 μὴ
1564 4992 1822 5068 ῥᾳθύμως
1875 4991 2088 5069 διάγῃς.

439 5079 691 5157 Καθάπερ
721 5077 954 5136 ἀλλοῖον
1010 5081 1105 5153 μὶν
1154 5083 1260 5156 πῦρ
1304 5081 1366 5135 τὸ
1411 5077 1714 5137 διακονικὸν
1765 5081 1857 5137 καὶ
1886 5087 2089 5158 χρειῶ-

440 5163 526 5230 δες
558 5168 799 5242 ἑτεροῖον
834 5168 893 5224 δὲ
946 5168 1009 5224 τὸ
1068 5168 1443 5244 τιμωρητικὸν
1494 5173 1560 5243 τῇ
1623 5166 1806 5242 δασείᾳ
1855 5173 1925 5244 τῇ
1957 5169 2094 5226 κατά

439 5255 569 5336 ὅρος
601 5263 686 5335 (τὸ
721 5263 814 5336 μὲν
847 5263 948 5340 γὰρ
982 5257 1266 5340 ὠφέλιμόν
1297 5258 1513 5330 ἒστι,τὸ
1537 5258 1595 5318 δὶ
1623 5261 1814 5318 λοιπὸν
1835 5263 2089 5338 ἀχρειοῦν

438 5349 537 5419 ὁήν
601 5349 744 5422 ὕλην
805 5349 1293 5424 διεπινεμήσεται),
1327 5345 1469 5403 οὕτω
1511 5351 1601 5405 καὶ
1648 5352 1822 5429 τροιρή
1875 5351 2094 5425 σύμμε-

435 5457 564 5512 τρος
626 5441 721 5513 μὲν
785 5445 1006 5512 συνιστᾷ
1076 5434 1329 5511 ἐλλόγως
1403 5437 1497 5492 τὸν
1553 5435 1859 5514 ἄνθρωπον,
1921 5444 2095 5509 ζωπυ-

441 5527 610 5605 ροῦσα
633 5530 702 5583 τὸ
769 5530 906 5584 κατά
957 5527 1112 5605 φύσιν
1163 5522 1420 5599 ἔνθερμον
1455 5543 1468 5556 ·
1528 5529 1564 5596 ἡ
1627 5525 1684 5582 δὲ
1740 5524 1974 5605 ὂίμετρος
2015 5529 2093 5593 εἷς

439 5617 587 5689 πάθη
622 5617 822 5675 ἐκκαίει
870 5615 1213 5698 ἀφανιστικά,
1264 5611 1333 5669 δι’
1381 5615 1455 5672 ὧν
1514 5615 1721 5690 αἰωνίῳ
1749 5617 1880 5692 πυρὶ
1918 5639 2092 5696 παρα-

441 5706 717 5782 πέμπεται
776 5709 804 5766 6
876 5711 1094 5786 τρυφῶν
1169 5701 1396 5784 ἄμετρα.
1477 5704 1595 5763 Ἒτι
1665 5710 1856 5762 Λοῦσαι
1917 5707 2090 5786 ῥύπου

444 5794 780 5872 ἀπογυμνῶν
830 5795 1042 5868 ἐαυτὸν,
1095 5795 1142 5851 εἶ
1198 5792 1288 5850 καὶ
1348 5790 1536 5858 ἄλλως
1585 5791 1838 5870 πλίνθον,
1871 5795 1902 5853 6'
1941 5818 2092 5876 φασι,

2272 4909 2356 4963 18.
2391 4908 2591 4977 Porro,
2625 4909 2705 4965 mi
2752 4910 2951 4981 frater,
2984 4910 3087 4983 qui
3134 4909 3202 4965 in
3243 4912 3467 4967 mundo
3517 4912 3703 4986 degis,
3736 4931 3853 4973 non

2199 5000 2365 5068 potes
2387 4998 2698 5069 jejunare;
2730 4999 2834 5055 ede
2865 5016 2996 5054 cum
3029 5000 3446 5070 moderatione,
3484 5018 3556 5058 ne
3584 5003 3855 5060 mollitici

2201 5087 2575 5144 succumbas.
2611 5089 3117 5154 Quemadmodum
3145 5089 3294 5145 alius
3320 5095 3410 5146 est
3437 5090 3592 5164 ignis
3624 5092 3723 5164 qui
3755 5093 3858 5149 ho-

2202 5173 2430 5230 minum
2464 5177 2673 5233 usibus
2713 5181 2770 5232 et
2799 5178 3130 5234 commodis
3176 5178 3441 5250 inservit,
3473 5184 3530 5236 et
3570 5181 3723 5238 alius
3753 5183 3857 5254 qui

2204 5263 2412 5320 silvam
2460 5271 2803 5322 montanam
2856 5268 3096 5323 devorat
3142 5268 3310 5336 (alter
3339 5270 3497 5324 enim
3547 5269 3712 5328 utilis
3743 5277 3855 5341 est,

2204 5351 2352 5409 alter
2400 5357 2620 5422 autem,
2654 5355 2876 5411 nullius
2925 5356 3165 5411 omnino
3210 5357 3382 5428 frugi,
3429 5359 3669 5417 arbores
3719 5379 3858 5418 con-

2204 5442 2442 5514 sumet),
2486 5443 2570 5499 ita
2615 5443 2790 5500 etiam
2824 5444 2992 5500 cibus
3041 5445 3340 5500 moderate
3389 5454 3665 5521 sumptus
3716 5469 3858 5508 con-

2203 5535 2397 5588 servat
2421 5532 2749 5607 hominem,
2777 5534 3024 5590 calorem
3081 5539 3303 5590 naturae
3332 5539 3774 5598 convenientem
3806 5542 3860 5600 ei

2206 5621 2627 5694 suppeditans;
2678 5624 3064 5681 immoderate
3093 5628 3370 5697 acceptus
3417 5625 3476 5681 in
3507 5630 3854 5701 passionum

2204 5710 2667 5783 perniciosarum
2700 5713 3001 5770 ﬂammam
3023 5713 3212 5770 exurit
3230 5715 3444 5786 quibus
3472 5717 3649 5775 homo
3679 5720 3852 5778 luxu-

2203 5799 2310 5856 riei
2340 5816 2522 5874 supra
2550 5803 2792 5861 modum
2816 5803 3050 5863 deditus
3079 5802 3204 5878 igni
3233 5808 3448 5863 aeterno
3474 5808 3744 5867 traditur.
3767 5811 3850 5870 De
