4130 6392
305 421 419 480 535

1077 415 1500 480 EUSTATHII
1544 415 2317 479 THESSALONICENSIS
2364 417 2952 480 METROPOLITIE

3603 418 3750 480 536

303 556 510 608 caetero
542 552 670 608 lava
709 554 764 606 te
797 555 973 623 atque
1016 550 1220 606 sordes
1277 549 1566 621 absterge,
1613 549 1866 618 etiamsi,
1901 553 1965 605 ut

2084 547 2313 618 πλύνεις,
2351 548 2492 604 οὕτω
2531 554 2708 605 ποιῶν
2742 569 2754 582 ·
2790 546 2867 605 ἔτι
2921 547 2979 604 δὲ
3027 550 3114 605 καὶ
3167 550 3303 626 πρὸς
3365 548 3563 626 ὐγιείας
3591 548 3745 604 ἀνά-

306 642 366 697 in
401 641 702 713 proverbio
733 647 842 707 est,
891 640 1134 696 laterem
1168 639 1345 705 lavas,
1380 640 1520 693 dum
1568 639 1678 695 hoc
1711 639 1874 707 facis,
1910 644 1967 694 et

308 732 381 787 ad
414 730 729 787 sanitatem
762 731 1219 785 conservandam
1255 728 1457 784 lotioni
1492 730 1566 784 da
1597 745 1857 800 Operam,
1893 746 1965 785 ne

308 837 546 892 corpus,
579 825 863 892 tanquam
915 836 1117 874 servus
1167 817 1316 873 male
1351 817 1570 885 valens,
1623 818 1830 874 inutile
1860 817 1965 873 tibi

309 910 434 964 fiat.
469 910 609 965 Dico
660 909 765 964 tibi
815 909 993 978 enim,
1047 908 1546 978 quemadmodum
1595 907 1816 963 ablutio
1850 925 1964 963 non

306 999 676 1072 prohibetur,
700 998 818 1052 imo
850 998 1048 1069 potius
1079 997 1140 1050 in
1163 995 1397 1052 laudem
1431 997 1766 1069 purioribus
1789 999 1962 1066 cedit,

308 1104 382 1144 ne
413 1089 560 1144 forte
590 1087 946 1159 quibusdam
978 1086 1146 1142 taedio
1179 1086 1317 1152 sint,
1350 1087 1432 1142 ita
1462 1087 1638 1142 etiam
1667 1086 1962 1142 lavacrum

307 1194 372 1235 se
420 1177 614 1234 habet.
663 1176 796 1232 Jam
848 1192 980 1231 vero
1025 1176 1182 1231 haud
1237 1176 1407 1247 quasi
1456 1193 1554 1231 eos
1608 1177 1709 1246 qui
1754 1194 1816 1232 se
1848 1193 1964 1232 non

304 1266 554 1322 abluunt
583 1265 909 1337 reprobans
960 1265 1109 1335 dico,
1141 1265 1241 1321 sed
1277 1265 1421 1320 illud
1473 1265 1711 1337 quidem
1743 1267 1964 1322 bonum

302 1372 432 1412 esse
463 1371 697 1423 censeo,
729 1356 802 1412 ob
832 1354 1054 1411 laboris
1087 1355 1482 1410 constantiam
1533 1361 1588 1410 et
1616 1356 1964 1410 continuum

305 1449 473 1502 bonae
504 1443 860 1500 valetudinis
883 1449 1313 1515 contemptum,
1337 1444 1446 1500 hoc
1477 1450 1672 1500 autem
1704 1445 1965 1516 approbo

307 1537 548 1606 propter
577 1533 723 1590 illud
756 1535 998 1590 ell’atum
1031 1550 1046 1588 :
1082 1556 1109 1583 «
1142 1534 1471 1602 Lavamini,
1502 1535 1634 1606 puri
1665 1539 1849 1591 estote
1871 1536 1912 1589 ².
1938 1555 1962 1587 ››

383 1625 471 1680 19.
506 1623 565 1679 Si
609 1639 745 1679 vero
797 1623 1014 1679 alicubi
1063 1623 1316 1695 legerem
1371 1628 1722 1696 praeceptum
1765 1641 1778 1680 :
1832 1625 1966 1680 Sor-

310 1712 550 1782 descite,
582 1717 648 1767 ut
694 1712 986 1768 immundi
1035 1712 1210 1782 ﬂetis,
1261 1730 1566 1784 nunquam
1613 1712 1843 1769 loturus
1876 1730 1969 1769 me

311 1818 522 1859 essem.
558 1832 626 1843 —-
656 1806 947 1858 Praeterea
980 1803 1262 1874 quoniam
1307 1802 1423 1857 vita
1453 1807 1526 1857 ad
1557 1819 1618 1859 se
1649 1820 1750 1858 vos
1782 1808 1970 1858 attra—

311 1888 420 1957 hit,
452 1889 534 1945 ita
567 1894 631 1945 ut
662 1891 962 1962 perpetuis
1013 1892 1084 1946 ad
1135 1890 1400 1945 omnium
1433 1890 1749 1947 Dominum
1782 1892 1966 1946 Deum

310 1979 652 2035 incumbere
683 1980 1048 2036 orationibus
1101 1997 1218 2035 non
1251 1979 1509 2053 possitis,
1538 1981 1739 2037 offerte
1770 1981 1822 2036 ei
1853 1981 1966 2036 sal-

306 2071 428 2123 tem
460 2067 754 2138 primitias
787 2069 1075 2140 quasdam
1109 2086 1360 2138 annuas,
1390 2069 1500 2137 vel,
1538 2076 1603 2126 ut
1632 2071 1965 2126 accuratius

307 2157 520 2226 dicam,
572 2157 857 2229 horarias,
901 2159 1137 2229 quando
1197 2159 1426 2216 occasio
1484 2177 1613 2216 sese
1664 2161 1962 2232 obtulerit,

303 2247 808 2317 quemadmodum
858 2249 1038 2302 David
1087 2247 1302 2304 alicubi
1349 2249 1493 2304 dicit
1537 2266 1598 2304 se
1648 2250 1963 2304 Dominum

306 2349 436 2388 esse
487 2335 648 2389 omni
698 2339 962 2406 tempore
1010 2335 1415 2391 laudaturum.
1467 2336 1526 2392 Si
1575 2339 1732 2392 enim
1766 2338 1966 2394 ﬁdeles

305 2421 564 2477 ministri
627 2422 772 2494 regii
824 2440 1056 2495 semper
1113 2430 1325 2495 praesto
1377 2430 1518 2480 sunt
1576 2425 1718 2497 regi,
1779 2443 1966 2498 neque

308 2510 718 2582 impediuntur
747 2513 1068 2584 quominus
1100 2514 1277 2569 etiam
1329 2514 1719 2588 sibimetipsis
1750 2515 1962 2586 vivant,

307 2602 410 2656 sed
461 2600 723 2656 otiantur
774 2601 834 2656 in
876 2607 1159 2674 tempore,
1209 2609 1268 2658 et
1315 2604 1516 2671 edunt,
1565 2604 1797 2675 bibunt,
1829 2607 1965 2661 dor-

309 2689 520 2757 miunt,
575 2706 640 2744 ac
698 2691 970 2761 quaedam
1031 2691 1177 2762 ipsis
1235 2693 1564 2749 necessaria
1616 2695 1862 2764 faciunt,
1910 2699 1968 2750 et

309 2779 502 2834 bonus
533 2795 633 2834 rex
663 2797 780 2835 non
833 2780 1027 2836 solum
1074 2797 1188 2836 non
1242 2781 1606 2855 indignatur,
1638 2785 1740 2839 sed
1787 2784 1966 2839 etiam

310 2867 586 2923 benevole
644 2870 715 2924 ad
776 2886 845 2924 ea
901 2869 1271 2937 adhortatur,
1320 2871 1504 2929 multo
1567 2873 1752 2945 magis
1811 2874 1966 2930 Deus

311 2957 604 3028 ejusmodi
638 2959 791 3014 bona
821 2958 1150 3015 cultoribus
1185 2960 1312 3015 suis
1344 2961 1630 3033 indulget,
1664 2962 1968 3018 facultates

309 3046 572 3117 cujusvis
638 3047 978 3119 respiciens,
1049 3054 1248 3120 utpote
1316 3051 1416 3121 qui
1485 3068 1590 3106 nec
1646 3069 1794 3122 aegre
1862 3052 1971 3108 fert

309 3135 705 3192 sanctissimis
735 3136 972 3209 templis
1013 3139 1218 3194 afﬁxas
1247 3156 1376 3195 esse
1429 3146 1623 3210 portas
1655 3159 1785 3212 quae
1816 3147 1968 3197 tem-

311 3241 453 3296 pore
502 3224 944 3297 psalmodorum
1004 3231 1061 3282 et
1122 3245 1423 3284 sacrorum
1483 3229 1967 3286 celebrandorum

2073 635 2294 709 κλησιν,
2316 635 2408 692 ’ίνα
2439 641 2515 712 μή
2549 641 2894 714 καχεκτήσας
2940 641 2968 694 6
3018 636 3222 694 δοῦλοτ
3251 640 3312 693 τὸ
3345 643 3526 712 σῶμα,
3557 639 3745 713 γένη-

2071 725 2159 780 ταί
2192 747 2275 781 σοι
2329 724 2695 802 δύσχρηστος.
2751 729 2907 802 Λέγω
2963 727 3046 782 σοὶ
3101 728 3226 803 γὰρ,
3279 729 3387 799 ὅτι,
3437 727 3617 802 ὥσπερ
3669 727 3746 782 τὸ

2073 816 2458 880 ἀπονίπτεσθαι
2492 818 2555 871 οὐ
2613 817 2939 887 κεκώλυται,
2998 816 3147 873 ἀλλά
3199 819 3288 872 καὶ
3343 816 3556 890 μᾶλλον
3585 819 3746 893 πρὸς

2075 903 2290 959 ἔπαινον
2348 911 2463 967 τοῖς
2542 906 2978 982 καθαρειοτὲρως
3042 902 3439 976 ἐπιτηδεύεται,
3493 903 3586 959 ’ίνα
3654 907 3745 979 μὴ

2073 994 2161 1048 καὶ
2221 996 2592 1066 μυσάττωνται
2651 995 2786 1069 πρός
2839 1017 3026 1066 τινων,
3087 993 3228 1050 οὕτω
3286 999 3426 1049 νοεῖν
3475 991 3585 1049 ἔστι
3640 993 3749 1048 καὶ

2074 1082 2160 1137 ἐπὶ
2191 1087 2287 1137 τοῦ
2337 1081 2634 1157 λοῦματος.
2667 1088 2836 1138 Τοῦτο
2880 1081 2936 1139 δέ
2985 1105 3130 1160 φημι
3189 1081 3250 1137 οὐ
3279 1081 3406 1144 τοὺς
3433 1080 3749 1137 ἀλευτοῦν-

2071 1193 2166 1234 τας
2231 1169 2684 1247 βδελυττόμενος,
2736 1169 2883 1228 ἀλλά
2932 1172 3103 1228 έκεῖνο
3160 1171 3330 1226 καλὸν
3391 1171 3590 1246 κρίνων
3646 1167 3756 1226 διὰ

2075 1262 2398 1340 φερεπονίαν
2459 1261 2548 1316 καὶ
2611 1259 3002 1338 ἀπειροκαλίας
3064 1259 3254 1325 ἐντελῆ
3309 1260 3752 1338 περιφρόνησιν,

2075 1349 2164 1404 καὶ
2219 1355 2380 1405 τοῦτο
2437 1348 2701 1425 ἐγκρίνων
2758 1347 2848 1404 διὰ
2899 1349 2960 1405 τό
3008 1371 3020 1383 ο
3057 1374 3085 1403 ι(
3143 1348 3440 1418 Λούσασθε,
3499 1346 3752 1424 καθαροὶ

2073 1440 2161 1515 γέν
2170 1437 2306 1503 έσθε.
2341 1465 2368 1491 ››

2154 1639 2236 1693 ιϐ’.
2270 1637 2332 1692 Εἰ
2392 1634 2449 1692 δέ
2504 1658 2609 1691 που
2668 1637 2897 1712 ἀνέγνων
2956 1635 3069 1705 καὶ,
3128 1633 3211 1690 ὅτι
3261 1636 3620 1705 Ῥυπάνθητε,
3661 1635 3750 1699 ὡς

2078 1724 2490 1796 ἀναπεπλῆσθαι
2548 1724 2754 1797 πηλοῦ,
2808 1724 3121 1798 έλουσάμην
3180 1723 3240 1778 ἂν
3321 1721 3601 1781 οὐδέποτε.
3671 1756 3751 1767 —

2077 1818 2198 1872 Ἒτι
2259 1813 2564 1891 ένδελεχεῖς
2625 1814 2685 1869 οὐ
2747 1813 3030 1888 δυνάμενοι
3085 1812 3396 1888 προσευχὰς
3427 1811 3516 1868 καὶ
3567 1812 3749 1866 συνά-

2079 1907 2185 1977 ξεις
2245 1905 2481 1976 έξοσιοῦν
2538 1910 2619 1978 τῷ
2682 1904 2772 1959 ἐπὶ
2827 1906 3041 1959 πάντων
3103 1903 3241 1974 Θεῷ,
3303 1904 3392 1956 οἷα
3449 1907 3546 1958 τοῦ
3611 1903 3751 1978 βίου

2080 1997 2448 2056 ἀντισπῶντος
2505 1996 2593 2049 καὶ
2645 1993 3030 2067 περιέλκοντος
3085 1993 3163 2054 εἰς
3213 1991 3422 2060 ἐαυτόν,
3473 1991 3750 2067 ἀπαρχὰς

2073 2089 2200 2160 γοῦν
2245 2104 2392 2145 τινας
2448 2083 2731 2158 χρονικάς,
2780 2080 2950 2135 εἷ’πεῖν
3001 2077 3059 2134 δὲ
3103 2074 3505 2155 ἀκριϐέστερον,
3547 2101 3748 2154 καιρι-

2074 2174 2194 2245 κάς,
2248 2170 2344 2227 εἴτ’
2404 2170 2494 2226 οῦν
2555 2170 2755 2246 ὡραίας
2813 2168 3209 2244 προσκομίζετε
3245 2173 3326 2240 τῷ
3374 2173 3490 2240 Θεῷ
3533 2189 3546 2202 ο
3591 2171 3753 2225 καθά

2075 2284 2182 2317 που
2212 2262 2302 2316 καὶ
2358 2262 2386 2314 6
2436 2257 2600 2314 Δαυΐδ
2659 2256 3048 2332 παραδίδωσιν,
3083 2257 3137 2311 έν
3178 2257 3332 2312 παντὶ
3366 2261 3540 2332 καιρῷ
3571 2256 3750 2313 εὐλο-

2073 2354 2260 2426 γήσειν
2318 2350 2496 2424 λέγων
2554 2349 2646 2404 τὸν
2705 2347 2921 2418 Κύριον.
2974 2346 3038 2404 Ei"
3085 2346 3186 2422 γὰρ
3236 2343 3512 2421 βασίλικοὶ
3543 2349 3743 2402 πιστοὶ

2078 2437 2399 2514 Θεράποντες
2452 2435 2692 2512 γίνονται
2754 2436 2846 2508 μὶν
2909 2435 2999 2490 καὶ
3048 2435 3184 2508 πρὸς
3232 2433 3379 2506 αὐτῷ
3426 2431 3626 2506 ἐκείνῳ
3657 2439 3743 2507 τῷ

2081 2527 2296 2603 βασιλεῖ
2350 2527 2661 2598 ἐξάπαντος,
2723 2524 2786 2578 οὐ
2867 2522 3176 2578 κωλύονται
3226 2520 3284 2578 δὲ
3329 2526 3427 2576 τοῦ
3483 2522 3575 2577 καὶ
3641 2528 3744 2598 ζῇν

2076 2619 2195 2682 καθ’
2254 2618 2472 2689 αὑτοὺς,
2531 2614 2677 2672 ἀλλὰ
2736 2615 2827 2670 καὶ
2886 2612 3224 2682 ἆδειάζουσιν
3278 2612 3328 2666 ἐν
3383 2613 3584 2688 καιρῷ,
3646 2617 3742 2668 καὶ

2078 2707 2338 2774 ἐσθιουσι,
2408 2706 2497 2761 καὶ
2565 2705 2803 2773 πίνουσι,
2871 2708 2966 2758 καῖ
3035 2707 3362 2775 κοιμῶνται,
3435 2700 3527 2756 καί
3584 2723 3742 2765 τινας

2078 2797 2298 2873 πράξεις
2357 2797 2631 2871 ἐνεργοῦσι
2691 2791 2986 2854 σπουδαίας
3047 2791 3258 2860 αὐτοῖς,
3308 2789 3397 2844 καὶ
3461 2791 3490 2844 6
3533 2790 3743 2867 ἀγαθὸς

2084 2885 2339 2962 βασιλεὺς
2400 2885 2502 2939 οὐκ
2570 2884 2876 2958 ἀγανακτεῖ,
2937 2878 3084 2936 ἀλλὰ
3159 2879 3249 2934 καὶ
3301 2880 3738 2955 προσεποτρύνει

2079 2975 2367 3049 παρήγορα
2394 2976 2474 3044 τῷ
2503 2971 2686 3042 παντὶ,
2718 2969 2886 3025 πλέον
2920 2969 2948 3022 6
2997 2967 3129 3030 Θεὸς
3178 2964 3553 3045 φιλοτιμεῖται
3595 2965 3738 3022 καλὰ

2077 3067 2300 3118 τοιαῦτα
2376 3067 2493 3124 τοῖς
2578 3059 2736 3114 αὐτὸν
2825 3055 3203 3132 θεραπεύουσι,
3271 3057 3376 3130 πρὸ
3439 3053 3730 3129 ἀναλογίαν

2079 3154 2129 3208 ἐν
2193 3153 2441 3214 ἑκάστοις
2499 3153 2660 3206 τοῦτο
2739 3145 3280 3219 διοικονομούμενος,
3359 3146 3418 3207 ’ὸς
3473 3145 3559 3200 καὶ
3612 3146 3723 3202 τοῖς

2083 3241 2408 3316 ἁγιωτάτοις
2465 3244 2618 3301 ναοῖς
2677 3235 2854 3298 πύλας
2928 3235 3345 3290 κατεσκευάσθαι
3401 3233 3460 3288 οὐ
3515 3232 3716 3308 μέμφε-

311 3313 680 3384 aperiuntur,
741 3315 999 3371 vicissim
1061 3322 1256 3371 autem
1317 3317 1675 3374 clauduntur
1734 3322 1967 3390 quando

2084 3295 2188 3400 τάι,
2248 3295 2617 3405 ἀνοιγομένας-
2665 3328 2760 3400 μὲν
2819 3295 2869 3379 έν
2916 3328 3091 3399 καιρῷ
3147 3321 3436 3396 ὑμνῳδιῶν
3463 3295 3549 3375 καὶ
3577 3295 3720 3393 lepo-

315 3401 459 3458 talia
490 3404 806 3475 peragendi
839 3421 953 3459 non
986 3404 1248 3476 amplius
1279 3411 1368 3461 est
1397 3411 1651 3478 tempus.
1686 3413 1972 3467 Necessa-

309 3492 396 3547 rio
426 3493 583 3548 enim
634 3493 693 3548 in
741 3493 832 3548 his
883 3511 1117 3565 quoque
1149 3494 1323 3550 rebus
1371 3497 1712 3552 conceditur
1742 3498 1974 3568 requies

318 3582 588 3651 quaedam
619 3597 651 3636 a
700 3587 984 3652 perpetuo
1035 3588 1092 3638 et
1143 3583 1310 3653 quasi
1346 3583 1570 3641 inﬁnito
1619 3585 1973 3658 hymnorum

321 3674 518 3738 cantu,
552 3674 608 3724 et
635 3669 913 3725 salutaris
963 3670 1128 3726 labor
1172 3689 1375 3728 eorum
1408 3674 1508 3744 qui
1561 3679 1742 3730 Deum
1776 3676 1977 3732 colunt

321 3774 439 3814 non
472 3761 662 3830 potest
706 3776 820 3814 non
870 3759 1242 3833 interrumpi.
1278 3763 1345 3816 Et
1391 3764 1474 3818 sic
1513 3763 1573 3819 in
1634 3764 1974 3821 universum

321 3846 500 3903 fuerit
527 3847 840 3919 optimum,
874 3849 934 3902 in
967 3849 1127 3905 omni
1159 3867 1219 3905 re
1249 3855 1445 3909 tenere
1475 3853 1741 3912 modum.

391 4059 482 4115 20.
517 4060 926 4116 Laborandum
973 4061 1174 4134 igitur,
1225 4081 1413 4134 neque
1445 4070 1706 4136 repetere
1735 4067 1843 4124 hoc
1875 4073 1977 4123 tae-

323 4147 440 4216 det,
473 4147 533 4203 in
584 4165 645 4204 re
678 4167 806 4220 quae
857 4151 1056 4222 requie
1088 4157 1144 4207 et
1190 4152 1546 4210 relaxatione
1599 4173 1746 4227 opus
1779 4157 1976 4213 habet.

327 4236 415 4292 Uti
446 4239 604 4294 enim
653 4238 821 4294 illum
872 4240 972 4311 qui
1017 4257 1132 4296 non
1184 4241 1348 4312 prius
1398 4246 1672 4315 surrexit,
1707 4248 1796 4302 vix
1841 4264 1979 4302 con-

321 4326 572 4396 sedisse,
605 4327 688 4382 ita
718 4344 911 4400 neque
937 4345 1072 4384 eum
1108 4333 1207 4401 qui
1243 4348 1355 4386 non
1391 4333 1554 4403 prius
1584 4350 1713 4390 sese
1742 4336 1980 4406 depres-

324 4413 420 4483 sit,
474 4431 716 4471 sursum
767 4433 898 4472 esse
947 4417 1166 4473 elatum
1217 4425 1370 4474 recte
1415 4421 1652 4486 dixeris,
1706 4440 1978 4478 neeeum

324 4504 685 4574 requievisse
719 4506 818 4576 qui
851 4522 966 4562 non
1021 4506 1187 4576 prius
1237 4506 1539 4564 laboribus
1587 4512 1981 4583 terumnisque

324 4591 614 4648 incubuit.
647 4593 703 4647 Si
737 4599 933 4650 autem
989 4595 1145 4650 hunc
1205 4596 1418 4650 bonum
1473 4597 1734 4654 laborem
1785 4601 1982 4671 passio

332 4687 635 4751 sequetur,
693 4699 869 4753 quem
919 4684 1156 4754 quidem
1206 4701 1529 4740 aerumnam
1582 4704 1710 4744 esse
1759 4689 1982 4759 dicunt,

325 4773 529 4841 utpote
580 4772 903 4826 secundum
958 4773 1136 4825 Deum
1172 4788 1426 4842 eumque
1474 4774 1788 4845 sapienter,
1824 4779 1980 4848 quod

325 4862 415 4914 est
445 4860 772 4915 secundum
807 4858 904 4913 Dei
936 4857 1149 4930 legem,
1180 4865 1236 4913 et
1283 4861 1552 4916 rationali
1583 4861 1711 4934 lege
1741 4865 1821 4919 ita
1850 4881 1980 4936 ope-

325 4965 463 5003 rans
494 4949 669 5004 etiam
703 4948 828 5019 lege
858 4946 1100 5003 excidet.
1153 4948 1435 5005 Novimus
1467 4952 1622 5006 enim
1654 4969 1783 5008 esse
1815 4953 1978 5010 labo-

326 5052 450 5092 rem
483 5053 662 5108 quem
693 5052 1012 5108 aggressus
1040 5037 1334 5109 quispiam
1369 5040 1592 5111 peperit
1621 5043 1934 5099 stultitiam
1961 5061 1973 5099 :

322 5124 460 5181 talis
513 5131 710 5182 autem
745 5123 910 5179 labor
959 5130 1049 5180 est
1095 5143 1299 5182 eorum
1353 5129 1452 5200 qui
1501 5147 1650 5203 aegre
1700 5132 1894 5189 ferunt
1924 5137 1980 5189 et

328 5214 499 5284 quasi
532 5214 731 5270 dolent
772 5214 1086 5286 animoque
1119 5216 1477 5284 cruciantur,
1511 5223 1745 5290 quando
1778 5223 1978 5277 fratri-

323 5301 438 5356 bus
470 5319 585 5357 non
637 5303 916 5356 damnum
971 5303 1202 5376 aliquod
1254 5305 1577 5364 intulerint.
1614 5311 1763 5366 Sane
1797 5312 1913 5378 isti,
1945 5330 1976 5367 ο

321 5389 532 5445 fratres
583 5389 641 5444 in
692 5390 940 5460 Christo,
993 5410 1022 5447 e
1070 5393 1354 5450 diametro
1405 5399 1656 5468 oppositi
1708 5406 1846 5455 sunt
1889 5401 1974 5455 illi

325 5477 543 5533 dicenti
596 5495 609 5534 :
666 5502 694 5529 «
755 5480 934 5536 Hodie
990 5499 1105 5538 non
1165 5485 1436 5554 regnavi;
1500 5487 1580 5542 nil
1636 5489 1791 5545 enim
1835 5491 1976 5545 boni

322 5565 473 5636 feci;
506 5587 535 5617 ››
583 5566 694 5639 ipsi
743 5587 774 5625 e
831 5571 1120 5627 contrario
1175 5572 1436 5629 dicentes
1487 5591 1498 5629 :
1554 5576 1673 5634 Hoc
1720 5579 1815 5636 die
1859 5596 1975 5635 non

400 5748 419 5785 ί
452 5746 568 5803 Isa.
603 5763 642 5816 Ι,
679 5749 762 5805 16.

2080 3420 2393 3485 τελεπιῶν,
2453 3417 2775 3490 κλειομένας
2824 3412 2882 3470 δὲ
2920 3412 3093 3484 αὖθις,
3127 3414 3216 3468 ὅτε
3261 3412 3337 3486 μὴ
3383 3410 3568 3487 καιρὸς
3613 3431 3729 3465 τοι-

2085 3509 2245 3564 ούτου
2279 3508 2500 3583 ἀγαθοῦ,
2532 3507 2606 3569 ὡς
2650 3504 2768 3560 δέον
2819 3505 2876 3560 ὃν
2927 3504 3166 3568 πάντως,
3197 3501 3287 3556 καὶ
3320 3501 3371 3555 ἐν
3387 3505 3520 3562 ’τοῖς
3550 3499 3733 3553 τοιού-

2082 3619 2196 3659 τοις
2254 3598 2549 3652 ἀνάπαυσιν
2605 3599 2704 3650 τοῦ
2776 3590 3098 3669 ἐνδελεχοῦς
3157 3591 3351 3664 ὕμνου,
3405 3589 3495 3644 καὶ
3560 3587 3734 3648 οὕτως

2085 3688 2278 3755 εἰπεῖν,
2337 3687 2643 3759 ἀκοιμήτου
2717 3685 3010 3760 γίνεσθαι,
3111 3680 3200 3736 καὶ
3280 3677 3579 3735 διαλείπειν
3649 3677 3741 3732 τὸν

2086 3778 2362 3855 φωτήριον
2396 3774 2563 3830 κόπον
2596 3773 2686 3828 καὶ
2736 3772 3075 3836 αὖτοῖςτοῖς
3124 3769 3215 3825 τὸν
3261 3769 3392 3824 Θεὸν
3424 3765 3742 3822 λιτανεύου-

2087 3889 2169 3921 σιν
2202 3865 2252 3936 ἐξ
2286 3865 2498 3934 ἁπάσης
2547 3862 2810 3937 ἀνάγκης,
2839 3860 2929 3916 καὶ
2984 3859 3155 3921 οὕτως
3202 3857 3254 3914 ἐν
3298 3861 3378 3930 τῷ
3406 3856 3652 3921 καθόλου
3682 3855 3743 3910 τὸ

2093 3960 2286 4030 μέτρον
2319 3954 2452 4010 εἶναι
2486 3953 2698 4009 πάντων
2734 3948 2974 4025 ἄριστον.

2158 4064 2224 4118 κ’.
2281 4061 2572 4117 Κοπιατέον
2621 4059 2736 4130 οὗν,
2785 4060 2876 4114 καὶ
2924 4055 3088 4114 πάλιν
3135 4055 3303 4134 φημὶ,
3351 4053 3440 4111 ἐπὶ
3485 4073 3744 4130 πραγμα-

2086 4154 2204 4226 τείᾳ
2257 4151 2449 4226 δεούσῃ
2507 4150 2854 4211 ἀναπαύσεως
2912 4149 2998 4203 καὶ
3072 4145 3401 4219 ἀναψύξεως.
3455 4145 3576 4202 Οὐκ
3630 4142 3746 4200 ἔστι

2086 4244 2188 4321 γὰρ
2267 4243 2465 4320 φράσαι
2545 4240 2743 4316 ὀρθῶς,
2823 4239 3065 4314 καθάπερ
3145 4236 3210 4291 οὐ
3265 4235 3593 4299 καθεσθῆναι
3651 4233 3742 4290 τὸν

2088 4330 2548 4404 προανεστηκότα,
2581 4328 2725 4383 οὕτω
2770 4328 2860 4384 καὶ
2909 4326 3195 4402 έξαρθῆναι
3240 4323 3334 4378 τὸν
3368 4323 3446 4396 μὴ
3477 4322 3745 4395 καμόντα,

2088 4418 2124 4490 ἤ
2177 4419 2578 4475 ἀναπαύσασθαι
2621 4417 2712 4472 τὸν
2767 4417 2842 4490 μὴ
2891 4415 3246 4470 κοπιάσαντα.
3278 4411 3342 4469 Εἰ
3394 4409 3452 4466 δὲ
3488 4411 3552 4466 τὸ
3583 4408 3741 4482 καλῷ

2088 4510 2268 4582 τούτῳ
2309 4509 2540 4583 καμάτῳ
2586 4506 2677 4562 καὶ
2726 4505 2898 4567 πάθος
2948 4500 3407 4572 ἐπακολουθήσει,
3455 4501 3514 4555 ὃν
3574 4497 3740 4575 ἄλγος

2095 4598 2228 4654 εἶναί
2258 4599 2384 4677 φασί
2426 4618 2567 4659 τινες
2601 4597 2677 4658 ὡς
2735 4595 2823 4650 καὶ
2881 4594 2973 4649 τὸν
3021 4593 3150 4650 Θεὸν
3190 4591 3280 4647 καὶ
3325 4589 3487 4645 αὐτὸν
3523 4588 3739 4654 ἐννόως,

2016 4668 2062 4733 D
2096 4689 2228 4766 ὅπερ
2258 4668 2369 4743 έστὶ
2399 4688 2537 4742 κατά
2580 4686 2672 4740 τὸν
2725 4687 2860 4739 Θεοῦ
2906 4682 3100 4757 νόμον,
3141 4681 3232 4736 καὶ
3265 4675 3559 4766 λογικῷᾐδὲ
3588 4678 3742 4750 νόμῳ

2091 4764 2233 4833 οῧτω
2263 4781 2435 4832 ποιῶν
2468 4776 2613 4850 τάχα
2659 4773 2749 4829 καὶ
2800 4772 2877 4837 εῗς
2902 4770 3106 4844 ἄνομον
3158 4764 3397 4838 ἀποϐαίη
3449 4764 3533 4825 ἄν,
3576 4766 3740 4840 Ἐμά-

2091 4880 2255 4940 θομεν
2283 4868 2406 4944 γὰρ,
2441 4865 2574 4920 εἶναί
2619 4884 2741 4918 τινα
2788 4861 2972 4930 πόνον,
3006 4861 3064 4915 ὅν
3119 4853 3411 4914 συλλαϐών
3455 4877 3537 4917 τις
3567 4852 3736 4911 ἔτεκεν

2089 4957 2313 5030 ἀνομίαν
2351 4975 2362 4987 ·
2405 4958 2654 5016 τοιοῦτος
2705 4952 2763 5007 δὶ
2808 4950 2973 5013 πόνος
3026 4948 3117 5004 καὶ
3169 4950 3196 5004 6
3247 4952 3354 5003 τῶν
3415 4945 3732 5021 ἀχθομένων

2087 5050 2176 5100 καί
2208 5045 2323 5100 elo":
2356 5043 2665 5118 ἀλγούντων
2713 5041 2800 5096 καὶ
2851 5036 3327 5110 κατακναιομένων
3372 5037 3470 5105 τὴν
3526 5034 3729 5108 ψυχὴν,

2089 5134 2169 5190 δτι
2234 5135 2308 5207 μὴ
2361 5131 2633 5207 ἐνεργοῦσι
2679 5130 2746 5185 τὰ
2794 5129 2871 5190 εἷς
2923 5121 3135 5202 βλάϐην
3184 5133 3283 5196 τῆς
3336 5121 3722 5203 ἀδελφότητοςο

2087 5226 2185 5279 Ναὶ
2240 5225 2342 5298 γὰρ
2402 5222 2504 5276 εἰσί
2555 5241 2712 5289 τινες,
2761 5218 2805 5274 ὦ
2853 5217 2907 5273 ἐν
2957 5221 3174 5294 Χριστῷ
3220 5213 3472 5292 ἀδελφοὶ,
3504 5213 3716 5298 ἀπεναν-

2085 5311 2202 5373 τίας
2259 5311 2488 5380 ἥκοντες
2546 5312 2626 5380 τῷ
2684 5306 2888 5362 εἰπόντι
2949 5324 2962 5336 ·
3009 5328 3036 5357 ι(
3097 5305 3350 5378 Σήμερον
3404 5302 3504 5357 οὐκ
3559 5291 3723 5353 ἐϐασί-

2088 5399 2253 5455 λευσα
2288 5422 2299 5434 ο
2334 5397 2458 5454 οὐδὲ
2505 5397 2611 5474 γὰρ
2662 5394 2997 5472 εὐηργέτησα
3025 5413 3037 5427 ·
3082 5417 3109 5446 ››
3159 5393 3246 5447 καὶ
3298 5412 3416 5452 πως
3467 5388 3732 5464 λέγοντες,

2087 5489 2170 5545 ὅτι
2235 5514 2263 5542 ‹‹
2321 5490 2473 5546 Κατά
2521 5488 2619 5556 τὴν
2699 5484 3047 5557 ἐνεστηκυῖαν
3118 5480 3328 5558 ἡμέραν
3389 5481 3491 5535 οὐκ
3546 5477 3736 5546 ἐζήσα-

2090 5600 2183 5653 μεν
2221 5600 2233 5613 ο
2270 5576 2395 5634 οὗδὶ
2424 5578 2524 5654 γὰρ
2555 5575 2831 5652 ἐφάνημεν
2881 5572 3106 5653 φρικτοὶ
3162 5576 3280 5634 τοῖς
3312 5565 3621 5646 ὁμοφύλοις
3649 5558 3735 5619 καὶ
