4130 6356
356 422 478 481 531

1733 414 1811 475 IN
1853 414 2072 476 PSAL.
2119 411 2400 476 XLVIII.

3655 407 3778 468 538

358 548 648 626 ἀπρόσιτοι
695 548 782 602 καὶ
834 546 1300 622 ἀπροσπὲλαστοι.
1353 571 1380 598 ››
1426 545 1755 619 Μαινόμενοί
1804 567 1866 621 γε
1916 543 2012 601 οὗ·

2128 546 2382 602 viximus
2435 561 2593 624 ;non
2651 544 2808 600 enim
2882 541 3313 600 contribulibus
3383 538 3672 596 terribiles
3723 542 3782 594 et

355 661 466 709 τοι,
523 638 615 693 καὶ
675 634 873 691 λύσσαν
951 636 1136 712 ἀγρίαν
1195 633 1626 711 ἐνδομυχοῦντες
1662 677 1676 704 ,
1737 635 1828 689 καὶ
1887 631 2013 689 οὐδὲ

359 727 633 806 ἅνθρωποι
678 728 814 803 πρὸς
859 724 1137 796 ἀλήθειαν,
1191 725 1335 782 ἀλλὰ
1385 723 1702 800 θηριώδεις·
1739 725 1878 780 ὀκνῶ
1907 725 2011 801 γὰρ

363 814 749 893 δαιμονιώδεις
799 817 995 872 εἷ’πεῖν’
1049 814 1265 871 ἐκείνων
1311 818 1416 892 γὰρ
1460 816 1550 871 καὶ
1610 815 1787 888 μόνων
1838 812 2011 890 ἄχθος

369 907 505 984 μέγα
548 906 636 961 καὶ
685 906 832 976 λύπη
889 907 1078 982 βαρεῖα
1119 907 1207 960 καὶ
1259 905 1417 981 ὀργὴ,
1452 905 1536 961 ὅτι
1587 907 1664 979 μὴ
1717 905 1798 959 ἀεὶ
1848 925 2012 959 κατα-

368 993 685 1064 ϐάλλουσιν,
718 995 776 1050 ὃν
810 991 870 1050 ἂν
899 993 1181 1051 ἐθέλωσιν.

434 1177 534 1231 κα’.
594 1173 944 1250 Ἐλευθέρους
1008 1176 1156 1247 ἡμᾶς
1229 1173 1492 1229 τοιούτων
1566 1172 1866 1248 ἀνθρώπων
1923 1168 2007 1242 εἷή

368 1267 644 1340 συντηρῶν
705 1263 733 1318 6
789 1264 942 1333 Θεὸς,
1002 1262 1236 1326 ἐκείνους
1292 1283 1349 1318 τε
1405 1261 1661 1338 ἀπάγων,
1721 1262 1810 1318 καὶ
1873 1258 2015 1336 μηδὲ

362 1375 480 1408 τινα
539 1352 591 1423 ἐξ
648 1355 810 1425 ἡμῶν
889 1353 1064 1429 ἀφιεὶς
1137 1351 1360 1414 ἐκείνοις
1431 1353 1824 1428 συναπάγεσθαι
1855 1397 1870 1423 ,
1923 1349 2012 1406 καὶ

359 1443 505 1498 οὕτω
535 1447 730 1513 κοπιᾷν
785 1441 862 1504 εἷς
911 1439 1063 1496 οὐδὲν
1116 1439 1362 1506 οὐδόλως
1406 1437 1626 1520 ὄφελος,
1658 1440 1693 1510 ἢ
1724 1446 1803 1514 τῷ
1853 1441 2013 1496 αἷῶνι

355 1531 539 1604 τούτῳ
586 1533 888 1608 σύμφορον,
937 1531 972 1600 ἢ
1022 1536 1102 1604 τῷ
1150 1530 1261 1586 ἐκεῖ
1305 1531 1395 1587 καὶ
1444 1531 1740 1604 τελευταίῳ
1786 1531 1875 1587 καὶ
1911 1553 2015 1605 μο-

358 1620 508 1694 νίμῳ
555 1620 646 1675 καὶ
695 1618 905 1693 αἰωνίῳ
956 1619 1256 1696 σύντροχον
1308 1623 1469 1694 ἡμῖν,
1521 1621 1658 1695 πρὸς
1707 1625 1840 1675 Θεοῦ
1893 1620 2015 1696 ἀρέ-

363 1731 564 1782 σκειαν,
625 1710 710 1764 ὅτι
769 1713 846 1782 μή
905 1711 995 1764 καί
1053 1709 1270 1784 μᾶλλον
1318 1709 1649 1788 ἀμφοτέροις
1682 1708 2013 1784 ἐνάρμοστον

361 1799 451 1854 καὶ
483 1798 764 1860 λυσιτελὲς
797 1798 872 1862 είς
923 1795 1078 1854 οὐδὲν
1129 1800 1336 1858 ὁτιοῦν.
1377 1802 1500 1856 Τῶν
1545 1820 1604 1853 τε
1632 1799 1736 1874 γὰρ
1777 1798 2013 1854 αἰωνίων

363 1891 576 1965 ἀγαθῶν
656 1886 798 1942 οὕτω
880 1888 1054 1961 μάτην
1139 1887 1364 1952 ἐνταῦθα
1441 1887 1812 1958 πεπονηκότες
1871 1886 2018 1942 ἐκπί-
2049 1925 2094 1990 Β

767 1975 780 1990 .
863 1974 877 1990 ,
975 1976 1029 1990 η,
1157 1973 1198 1990 ιι.
1291 1973 1315 1990 α
1566 1976 1595 1988 ν
1879 1976 1892 1990 .
1994 1978 2007 1990 .

357 1997 572 2050 πτομεν
606 2018 621 2045 ,
693 1975 783 2030 καὶ
859 1974 910 2030 ἐν
975 1976 1078 2051 βίῳ
1153 1973 1210 2031 δί
1287 1973 1717 2052 δυσπραγοῦντες
1768 1976 1894 2052 περὶ
1949 1978 2017 2032 τὰ

360 2065 581 2145 φλύαροι
639 2064 728 2120 καὶ
789 2069 988 2141 μικροῦ
1043 2086 1189 2127 τινος
1251 2064 1371 2136 ἄξια
1429 2065 1596 2142 λόγου
1652 2070 1759 2121 τῶν
1793 2064 2016 2136 ἀξιολο-

359 2156 618 2233 γωτάτων
696 2157 787 2211 καὶ
866 2156 1154 2220 θειοτάτων
1216 2155 1619 2230 ἀποξενούμεθα
1653 2199 1666 2214 .
1727 2154 1863 2211 Οὐδέ
1913 2157 2014 2232 γὰρ

364 2243 488 2300 οὐδὲ
535 2243 880 2320 ἀθροίζεσθαι
932 2243 1009 2308 εἷς
1054 2244 1147 2298 τὸν
1193 2249 1294 2298 τοῦ
1343 2249 1475 2300 Θεοῦ
1521 2245 1644 2300 ναὸν
1679 2245 1928 2318 ἀξιοῦμεν
1964 2245 2016 2299 οἱ

367 2332 732 2409 μεριμνῶντες
785 2333 964 2409 μωρὰ,
1012 2334 1104 2388 καὶ
1155 2331 1342 2396 ἄλλως
1396 2331 1452 2388 δὲ
1503 2334 1627 2409 περὶ
1668 2332 1856 2389 πολλά
1882 2355 2014 2410 τυρ-

363 2418 637 2493 ϐἀζοντες,
695 2423 786 2478 καὶ
848 2421 1098 2499 βιωτικοὶ
1161 2423 1256 2495 μὲν
1319 2424 1451 2478 εἶναι
1509 2425 1644 2478 πάνυ
1692 2445 1746 2479 τι
1799 2423 2014 2501 ἐφιέμε-

358 2533 459 2580 νοι,
512 2516 611 2568 τοῦ
660 2509 986 2588 παραδείσου
1041 2508 1099 2567 δὲ
1147 2511 1395 2587 γενέσθαι
1448 2513 1744 2586 ἅνιὲμενοι,
1793 2512 1882 2567 καὶ
1937 2514 2011 2586 μὴ

358 2599 780 2675 ἐνθυμούμενοι,
825 2600 900 2662 ὡς
949 2604 1192 2654 τοιοῦτον
1253 2599 1370 2675 βίον
1413 2597 1694 2676 τρίϐοντες
1743 2601 1866 2657 οὕτε
1894 2606 2015 2664 τοῖς

357 2691 492 2745 ἑπτὰ
555 2688 748 2766 μερίδα
819 2689 955 2744 κατά
1022 2690 1084 2744 τὸ
1156 2689 1315 2753 θείως
1391 2689 1772 2767 γεγραμμένον
1832 2688 2013 2746 διδόα-

365 2800 480 2852 μεν,
538 2780 629 2834 κάὶ
683 2784 800 2841 τοῖς
858 2778 1000 2834 ὀκτὼ
1059 2776 1186 2834 οὐδὲ
1245 2773 1525 2836 ὀϐολιαῖόν
1579 2801 1633 2834 τι
1683 2779 2016 2856 ἀπομεριζόο

375 2879 528 2941 μεθα.

437 2973 542 3050 κβ’.
577 2973 668 3029 Διὸ
723 2971 962 3050 εὔχομαι
1016 2973 1144 3037 τοὺς
1205 2973 1280 3037 εἷς
1321 2975 1385 3030 τὸ
1439 2976 1683 3052 ἁγίασμα
1727 2981 1823 3031 τοῦ
1881 2981 2014 3032 Θεοῦ

367 3061 805 3140 εἷ’σερχομὲνους,
864 3063 954 3119 καὶ
1011 3063 1092 3118 ἀεὶ
1146 3063 1506 3142 φυλάττεσθαι
1562 3064 1747 3128 αὐτοῖς
1805 3066 2016 3137 ἀξιοῦν-

366 3173 459 3215 τας
513 3173 576 3206 το
630 3157 880 3208 τοιοῦτον
940 3153 1160 3228 ἀγαθὸν,
1226 3155 1300 3226 μή
1351 3152 1574 3226 κάμνειν
1609 3155 1762 3209 ’κατά
1805 3154 2014 3231 ἀνθρώ-

360 3262 498 3311 πων,
535 3238 678 3315 μηδὲ
719 3247 906 3297 πονεῖν
948 3241 1084 3297 κατά
1133 3246 1240 3296 τῶν
1287 3242 1609 3321 ὁμοφύλων,
1641 3241 1769 3308 ἔνθα
1796 3265 1858 3319 γε
1887 3241 2013 3299 οὐδὲ

359 3329 494 3385 κατά
547 3334 657 3385 τῶν
714 3329 906 3392 ἀπλῶς
961 3329 1294 3409 ἀλλοφύλων
1355 3331 1473 3401 είκῆ
1533 3333 1624 3387 καὶ
1681 3336 1855 3406 μάτην
1907 3355 2012 3406 μο-

359 3420 514 3494 χθεῖν
563 3415 726 3486 ἔστιν,
788 3417 836 3473 εἷ
896 3421 972 3493 μή
1030 3441 1084 3474 τι
1139 3418 1243 3495 ἄρα
1299 3419 1490 3496 ἐχθροὶ
1541 3420 1738 3476 ἐκεῖνοι
1785 3426 1919 3476 Θεοῦ
1975 3423 2011 3493 ἢ

363 3506 635 3584 βασιλέως
668 3505 1065 3580 διεκπίπτουσι,
1103 3505 1244 3582 μηδὲ
1291 3513 1486 3580 κοπιᾷν
1532 3510 1669 3564 κατά
1713 3514 1822 3565 τῶν
1856 3508 2009 3565 οὐδὲν

355 3596 545 3652 αἰτίων
603 3599 988 3672 ὁμοθρήσκων,
1046 3599 1137 3652 καὶ
1197 3603 1379 3676 σαφῶς
1437 3597 1698 3672 ὀνομάσαι
1757 3599 2015 3676 ὁμοχρι-

361 3691 612 3742 στιανῶν·
675 3686 820 3743 ἀλλά
896 3692 1069 3761 μισεῖν
1147 3687 1405 3762 ὑπερλίαν
1464 3689 1527 3742 τὸ
1582 3692 1830 3743 τοιοῦτον
1890 3710 1954 3744 κο
1988 3721 2011 3733 -

359 3774 564 3850 πίαμα,
612 3774 702 3831 καὶ
763 3775 941 3852 λέγειν
987 3773 1235 3845 ἕκαστον,
1287 3777 1363 3838 ὡς
1412 3779 1591 3834 Τοῦτο
1637 3776 1812 3840 κόπος
1869 3777 2010 3832 ἐστὶν

361 3859 596 3920 ἐνώπιόν
663 3885 788 3938 μου,
845 3864 1165 3940 συγκόπτων
1222 3866 1312 3920 καὶ
1369 3867 1716 3939 κατατεμνων
1769 3867 1855 3922 καὶ
1910 3867 2010 3936 τὴν

360 3953 498 4009 κατὰ
551 3957 767 4027 πνεῦμα
821 3952 1092 4029 συμφυΐαν
1145 3951 1522 4030 ἀποδιαιρῶν,
1582 3953 1671 4009 καὶ
1728 3952 2010 4032 χορδεύων

362 4043 481 4096 οἷον
512 4043 614 4112 τήν
645 4039 823 4107 ἔνθεον
866 4041 1216 4116 ὁλομὲλειαν.
1272 4043 1425 4114 Πλὴν
1471 4041 1618 4098 ἔσται
1663 4065 1756 4116 μοι
1804 4044 1868 4098 τὸ
1919 4065 2013 4100 κο-

360 4132 561 4206 πηρὸν,
612 4131 767 4210 φησὶ,
814 4137 975 4187 τοῦτο
1023 4133 1219 4201 πάθος,
1265 4131 1348 4186 ὅτι
1401 4134 1476 4205 μὴ
1526 4129 1673 4196 ἔλθω
1722 4132 1798 4194 εἰς
1859 4134 2014 4208 ἁγια-

365 4223 582 4297 στήριον
638 4225 737 4277 τοῦ
795 4225 948 4276 Θεοῦ·
1009 4216 1193 4276 ἔκτοτε
1241 4218 1300 4275 δὲ
1330 4221 1404 4282 ὡς
1453 4220 1530 4283 εἷς
1565 4218 1769 4296 δρόμον
1805 4218 2013 4276 ἀποδυ-

366 4307 589 4382 σάμενος
623 4356 640 4384 ,
699 4307 768 4364 δι’
835 4308 896 4365 οὗ
973 4305 1392 4386 ὑπερϐαίνοντας
1459 4311 1547 4364 καὶ
1607 4306 2013 4374 ἀποδιώκοντας

363 4395 624 4473 δαίμονας
673 4398 986 4476 ἀπορῥίψω,
1035 4399 1095 4454 τὸ
1130 4399 1382 4476 ἀχθεινὸν
1410 4399 1561 4455 τουτὶ
1592 4397 2011 4478 φορολογεῖν....

361 4509 580 4543 οπτεται
630 4493 746 4550 τοῖς
805 4487 881 4552 εἷς
939 4488 1068 4544 Θεὸν
1123 4489 1405 4566 τρέχουσι,
1465 4490 1556 4545 καὶ
1605 4489 1679 4552 ὡς
1728 4494 1808 4562 τῷ
1848 4490 2015 4565 ὑπερ-

359 4577 528 4656 φώτῳ
571 4575 756 4652 ἡλίῳ,
804 4581 884 4650 τῷ
936 4582 1182 4651 Θεῷ,“’¹“
1233 4576 1658 4653 ἐλλαμψόμενος
1707 4577 2014 4656 ἀπορῥίψο-

367 4775 486 4830 ρου.

432 4864 531 4939 κγ’.
564 4864 626 4921 El
679 4868 806 4940 γοῦν
864 4867 1105 4919 τοιοῦτοι
1157 4864 1441 4938 γενώμεθα
1497 4861 1588 4920 διὰ
1635 4862 2012 4941 φιλαλληλίας

359 4951 452 5006 καὶ
511 4952 795 5026 ὁμονοίας,
857 4953 918 5021 ἣν
975 4954 1003 5008 6
1063 4954 1194 5015 Θεὸς
1254 4949 1343 5007 διὰ
1393 4958 1500 5009 τῶν
1563 4955 1725 5028 ἰερῶν
1785 4957 2011 5032 Γραφῶν

361 5039 706 5117 παραδίδωσι
739 5087 754 5113 ,
808 5041 898 5096 καὶ
972 5038 1061 5096 διὰ
1134 5041 1438 5115 συμπνοίας
1493 5050 1865 5117 πνευματικῆς
1919 5044 2008 5098 καὶ

362 5131 668 5207 ἀταραξίας,
727 5132 788 5201 ἣν
846 5130 874 5185 ὁ
939 5131 1016 5204 μὴ
1079 5130 1298 5207 ἀγαπῶν
1370 5138 1637 5208 πονηροῖς
1693 5131 2012 5206 κυμαίνεται

364 5220 686 5294 πνεύμασιν,
736 5219 992 5294 ἑλώμεθα
1040 5215 1098 5273 δὲ
1145 5219 1509 5297 φορτίζεσθαι,
1569 5222 1644 5283 ὡς
1694 5225 1829 5276 Θεοῦ
1888 5218 2012 5276 δου-

365 5307 572 5379 λευταὶ,
632 5310 766 5386 ἅπερ
823 5311 957 5382 ἡμῖν
1021 5306 1224 5372 ἐκεῖνος
1281 5307 1655 5387 εὐδιακρίτως,
1705 5310 1777 5372 ὡς
1806 5311 2010 5384 πατὴρ,

363 5396 660 5470 ἐπιτίθησι,
710 5397 800 5452 καὶ
849 5401 1068 5468 κοπιᾷν,
1117 5398 1192 5460 ὡς
1242 5397 1442 5460 ἐκεῖνος
1497 5397 1792 5454 ἐπιτάσσειο
1843 5399 1871 5453 ὁ
1920 5400 2008 5454 καὶ

357 5487 450 5550 τὰς
481 5491 642 5561 ἡμῶν
675 5485 940 5562 ἁμαρτίας
990 5484 1141 5561 ἄρας,
1187 5486 1278 5542 καὶ
1325 5489 1475 5560 ἡμᾶς
1523 5486 1722 5543 ἐθέλων
1763 5489 1830 5542 τὰ
1871 5486 2009 5564 βάρη

363 5577 647 5652 βαστάζειν
700 5579 1079 5649 πνευματικῶς
1113 5621 1128 5648 ,
1190 5575 1289 5633 οὐκ
1347 5576 1544 5656 ἀφήσει
1596 5581 2010 5654 περιχορεῖσθαι

361 5664 538 5737 μάτην
588 5664 679 5722 καὶ
725 5658 1003 5740 τρίϐεσθαι
1052 5663 1188 5720 κατά
1235 5663 1363 5727 τοὺς
1422 5663 1892 5742 ἐπαχθιζομὲνους
1946 5666 2014 5720 τὰ

361 5753 438 5827 μὴ
499 5751 637 5835 φίλα
679 5752 892 5827 ἰκὶίνῳ.
941 5751 1100 5810 Ἀλλ’
1146 5750 1334 5827 ἐπειδὴ
1391 5754 1484 5812 τὸν
1541 5751 1749 5810 ἐκείνου
1803 5752 2007 5832 φόρτον

2123 622 2571 691 ἱυοοοεεεὶῐιὶιοε
2601 633 2843 690 fuimus.
2882 630 3203 688 Furibundi
3262 629 3495 702 quidem
3559 628 3664 699 illi,
3725 632 3784 683 et

2124 724 2284 779 rabie
2332 723 2507 778 feroci
2567 722 2792 795 repleti,
2859 739 3060 778 revera
3114 738 3226 776 non
3295 719 3584 788 homines,
3674 717 3777 772 sed

2124 814 2422 880 bestiales,
2485 818 2550 868 ut
2609 829 2679 868 ne
2738 814 2929 867 dicam
2989 829 3022 867 a
3070 810 3301 866 diabolo
3343 808 3590 865 obsessi.
3644 808 3779 862 Ideo

2125 903 2280 958 enim
2303 903 2674 958 solummodo
2708 903 3094 974 indignantur
3124 907 3179 956 et
3202 899 3400 954 dolent
3427 906 3484 954 et
3516 899 3781 952 irascun-

2125 997 2222 1047 tur
2251 994 2407 1064 quod
2439 1009 2583 1063 quos
2617 992 2920 1063 voluerint,
2977 992 3193 1046 damno
3226 989 3454 1044 afﬁcere
3485 987 3644 1043 haud
3677 1003 3778 1058 po—

2123 1081 2366 1137 tuerint.

2193 1171 2283 1227 2L
2317 1171 2552 1228 Liberos
2584 1188 2688 1226 nos
2721 1189 2754 1226 a
2808 1171 3028 1226 talibus
3079 1169 3421 1227 hominibus
3480 1169 3787 1224 conservet

2125 1260 2280 1316 Deus
2337 1266 2534 1332 atque,
2589 1261 2728 1315 dum
2788 1260 2920 1316 illos
2979 1261 3048 1315 ad
3109 1259 3468 1332 supplicium
3527 1256 3783 1324 deducit,

2126 1351 2269 1406 faxit
2308 1354 2372 1405 ut
2404 1349 2603 1405 nullus
2635 1367 2663 1404 e
2688 1350 2856 1404 nobis
2888 1351 3214 1405 deducatur
3245 1365 3377 1404 cum
3411 1347 3561 1415 istis,
3597 1363 3787 1418 neque

2127 1457 2368 1512 prorsus
2398 1439 2700 1494 incassum
2744 1438 3100 1508 laboremus,
3154 1441 3212 1492 et
3272 1453 3460 1508 neque
3518 1435 3655 1490 huic
3686 1451 3788 1490 sae-

2126 1529 2259 1584 culo
2290 1529 2428 1584 utile
2478 1529 2638 1598 quid,
2692 1545 2881 1598 neque
2931 1527 3016 1581 illi
3070 1527 3202 1582 vitae
3263 1531 3556 1598 perpetuae
3611 1530 3789 1594 atque

2126 1623 2353 1673 aeternas
2385 1618 2894 1673 accommodatum
2923 1617 3062 1689 quid
3087 1617 3413 1672 secundum
3445 1615 3546 1670 Dei
3579 1617 3788 1669 volun-

2125 1712 2308 1763 tatem
2343 1708 2730 1779 producentes
2764 1705 2910 1761 nihil
2961 1706 3200 1762 omnino
3253 1710 3598 1777 praestemus
3631 1702 3789 1774 quod

2126 1795 2214 1852 vel
2249 1797 2560 1851 minimum
2594 1796 2671 1852 sit
2698 1796 2919 1850 bonum
2952 1811 3020 1851 ac
3076 1792 3464 1855 conducibile.
3522 1792 3579 1847 Si
3632 1790 3792 1847 enim

2126 1885 2223 1941 hic
2253 1886 2397 1941 adeo
2449 1887 2668 1941 frustra
2715 1884 3200 1952 laboraverimus,
3235 1883 3466 1938 internis
3499 1881 3669 1938 bonis
3694 1897 3792 1935 ex-

2126 1975 2414 2043 cidemus,
2437 1981 2495 2030 et
2523 1975 2572 2031 si
2603 1974 2711 2029 hac
2739 1975 2796 2028 in
2828 1979 2947 2029 Vita
2979 1989 3176 2028 rerum
3203 1971 3417 2027 levium
3450 1969 3792 2042 nulliusque

2127 2064 2410 2120 momenti
2439 2081 2580 2119 cura
2612 2064 2824 2119 misere
2851 2080 2957 2118 nos
2989 2062 3391 2131 afﬁixerimus,
3426 2060 3595 2116 bonis
3627 2076 3790 2116 sum-

2129 2153 2241 2208 mis
2275 2170 2341 2208 ac
2390 2153 2727 2208 ccclestibus
2792 2152 3172 2224 privabimur.
3231 2151 3428 2221 Neque
3484 2148 3640 2204 enim
3689 2147 3789 2202 Dei

2127 2243 2364 2315 quidem
2419 2241 2709 2313 templum
2758 2240 2977 2296 intrare
3035 2238 3384 2312 satagimus,
3445 2238 3544 2310 qui
3612 2237 3789 2292 rebus

2127 2331 2398 2387 absurdis
2428 2330 2730 2386 inhiamus
2761 2335 2818 2386 et
2847 2331 2916 2385 de
2974 2329 3045 2384 iis
3103 2345 3229 2400 qua:
3263 2328 3412 2382 hanc
3442 2327 3618 2381 vitam
3652 2343 3788 2380 con-

2128 2426 2393 2491 cernunt,
2445 2420 2614 2476 anxie
2670 2418 2910 2475 solliciti
2969 2435 3198 2485 sumus,
3259 2416 3531 2489 paradiso
3592 2421 3788 2472 autem

2128 2510 2302 2583 potiri
2334 2509 2711 2582 negligimus,
2747 2525 2865 2563 non
2927 2511 3288 2579 reputantes,
3349 2523 3454 2561 nos
3504 2505 3613 2561 hac
3666 2505 3788 2560 vita

2125 2600 2390 2654 fruentes
2425 2614 2613 2670 neque
2642 2597 2762 2652 illis
2793 2604 3017 2669 septem
3075 2597 3391 2652 concedere
3435 2593 3784 2667 particulam

2125 2689 2452 2744 secundum
2485 2687 2637 2759 quod
2698 2685 2998 2758 Scriptura
3057 2702 3225 2742 sacra
3254 2686 3414 2754 dicit,
3449 2700 3638 2755 neque
3668 2683 3786 2738 illis

2126 2783 2254 2834 octo
2281 2776 2367 2833 vel
2398 2777 2696 2833 tantillum
2731 2776 3009 2832 tribuere.

2194 2972 2284 3028 22.
2346 2974 2711 3044 Quapropter
2757 2973 2996 3028 obsecro
3060 2971 3191 3027 illos
3230 2970 3327 3042 qui
3380 2968 3784 3026 sanctuarium

2129 3062 2227 3116 Dei
2251 3063 2625 3133 frequentant
2654 3067 2712 3116 et
2767 3061 3058 3132 ejusmodi
3120 3060 3254 3116 boni
3287 3076 3520 3132 semper
3548 3059 3786 3130 partici-

2125 3167 2228 3221 pes
2257 3167 2386 3205 esse
2417 3150 2773 3220 desiderant,
2808 3155 2872 3204 ut
2911 3166 2981 3205 ne
3032 3150 3310 3204 adversus
3366 3149 3634 3204 homines
3663 3164 3786 3202 cer-

2127 3243 2248 3294 tent
2277 3256 2467 3310 neque
2497 3240 2777 3294 adversus
2798 3237 3440 3294 contribuleslaborent
3469 3236 3787 3308 (siquidem

2128 3328 2216 3382 vel
2254 3333 2458 3384 contra
2507 3327 2865 3399 alienigenas
2910 3327 3128 3382 frustra
3184 3327 3379 3382 oleum
3429 3341 3788 3398 operamque

2123 3417 2390 3489 perdent,
2450 3416 2566 3472 nisi
2624 3417 2870 3472 fortasse
2920 3415 3145 3471 inimici
3191 3415 3276 3469 illi
3353 3415 3449 3470 Dei
3502 3419 3603 3469 aut
3633 3409 3818 3486 regis'

2123 3505 2489 3578 exciderint),
2524 3522 2714 3577 neque
2772 3505 3130 3560 contendant
3185 3509 3389 3560 contra
3442 3520 3543 3559 eos
3574 3502 3674 3574 qui
3705 3502 3785 3557 ei-

2123 3594 2258 3649 dem
2291 3595 2476 3650 cultui
2508 3601 2646 3650 sunt
2692 3594 2935 3660 addicti,
2968 3594 3076 3650 hoc
3133 3598 3224 3650 est
3271 3593 3656 3657 Christianos,
3681 3592 3785 3646 sed

2124 3689 2189 3739 ut
2209 3684 2500 3755 ejusmodi
2533 3684 2798 3739 studium
2831 3699 2898 3738 ac
2947 3683 3208 3738 laborem
3239 3683 3372 3738 odio
3404 3681 3660 3737 habeant
3687 3681 3787 3735 de-

2123 3777 2558 3844 testentur-que.
2601 3774 2723 3828 Imo
2781 3772 3034 3844 quisque
3091 3773 3202 3828 sibi
3261 3771 3453 3828 dicat:
3488 3771 3592 3826 Hic
3623 3770 3788 3824 labor

2123 3861 2260 3917 talis
2290 3867 2380 3917 est
2411 3867 2476 3916 ut
2504 3862 2916 3935 cognationem
2975 3861 3343 3933 spiritualem
3384 3860 3630 3928 excidat,
3662 3859 3788 3914 dis-

2115 3951 2353 4024 jungat,
2388 3950 2596 4018 deleat,
2628 3957 2803 4021 atque
2824 3949 3086 4006 divinam
3117 3951 3517 4006 membrorum
3549 3964 3786 4020 compa-

2123 4056 2254 4111 gem
2286 4039 2589 4095 dissolvat.
2622 4043 2907 4094 Praeterea
2927 4039 3055 4111 hoc,
3085 4039 3332 4110 inquiet,
3366 4037 3611 4109 impedit
3643 4055 3786 4110 quo-

2126 4128 2322 4184 minus
2353 4129 2411 4183 in
2443 4127 2545 4183 Dei
2579 4128 2984 4184 sanctuarium
3033 4127 3362 4200 ingrediar;
3395 4144 3554 4183 nunc
3585 4133 3783 4182 autem

2123 4217 2290 4289 quasi
2319 4217 2380 4271 in
2425 4232 2663 4272 arenam
2697 4217 3080 4286 descendens,
3141 4215 3327 4273 malos
3359 4218 3649 4272 daemones
3683 4216 3783 4287 qui

2124 4323 2218 4362 me
2249 4310 2688 4378 persequuntur
2743 4306 2802 4360 in
2852 4306 3052 4377 fugam
3111 4305 3442 4377 eonjiciam,
3471 4303 3781 4360 molestam

2122 4393 2286 4450 illam
2319 4393 2693 4467 vectigalium
2726 4395 3168 4451 solutionem...
3202 4394 3287 4450 eis
3341 4394 3442 4466 qui
3492 4393 3565 4450 ad
3598 4399 3780 4448 Deum

2124 4484 2493 4556 confugiunt,
2553 4487 2610 4540 et
2656 4483 2831 4539 veluti
2884 4483 3366 4556 splendidissimo
3408 4483 3550 4550 sole,
3594 4483 3782 4538 Deo...

2125 4573 2504 4630 collustratus
2543 4573 2696 4629 hanc
2743 4577 2974 4646 turpem
3026 4573 3432 4644 nefastamque
3487 4571 3782 4628 maculam

269 4719 274 4726 ,
366 4688 464 4741 μαι
540 4664 741 4724 σπίλου
813 4665 1067 4722 τοιούτου
1146 4666 1428 4744 εἰδεχθοῦς
1504 4671 1617 4742 ἅμα
1689 4668 1780 4723 καὶ
1855 4689 2012 4743 μυσα-

2128 4664 2328 4737 procul
2356 4663 2648 4736 abjiciam.

2191 4864 2281 4919 23.
2313 4865 2445 4918 Jam
2474 4879 2607 4919 vero
2638 4863 2688 4919 si
2718 4861 2865 4919 tales
2920 4861 3141 4918 erimus
3176 4879 3279 4935 per
3313 4865 3588 4916 mutuum
3621 4877 3785 4916 amo-

2122 4967 2246 5008 rem
2325 4957 2382 5008 et
2437 4953 2832 5018 concordiam,
2906 4952 3142 5024 qualem
3191 4951 3347 5006 Deus
3397 4967 3502 5023 per
3585 4965 3785 5004 sacras

2122 5041 2370 5097 Litteras
2437 5057 2543 5096 nos
2618 5041 2842 5110 edocet,
2927 5047 2985 5095 et
3047 5057 3146 5111 per
3203 5037 3571 5110 spiritualem
3631 5053 3786 5090 una-

2121 5129 2449 5186 nimitatem
2479 5136 2536 5185 et
2564 5128 3078 5202 tranquillitatem,
3112 5144 3290 5200 quam
3327 5128 3427 5199 qui
3453 5143 3567 5182 non
3592 5123 3787 5202 diligit

2121 5219 2410 5292 improbis
2439 5200 3139 5284 turbaturidaemonibus,
3189 5223 3247 5273 et
3279 5217 3347 5272 si.
3371 5222 3651 5286 tanquam
3684 5200 3788 5268 Dei

2122 5309 2296 5380 servi,
2324 5325 2392 5364 ea
2421 5324 2548 5379 quae
2571 5308 2698 5380 ipse
2756 5306 2924 5363 nobis
2956 5311 3021 5362 ut
3053 5307 3288 5378 sapiens
3320 5309 3482 5376 pater
3509 5303 3784 5374 imponit,

2121 5403 2374 5472 portare,
2406 5403 2464 5454 et
2491 5397 2750 5454 laborem
2782 5413 2954 5468 quem
2987 5395 3274 5469 praecipit,
3312 5392 3551 5467 exsequi
3583 5393 3784 5449 stude-

2123 5505 2258 5544 mus
2283 5505 2296 5542 :
2335 5492 2476 5543 tunc
2506 5486 2604 5542 ille
2633 5485 2733 5558 qui
2768 5490 3009 5558 peccata
3037 5490 3236 5541 nostra
3263 5483 3526 5551 sustulit,
3558 5487 3615 5538 et
3659 5481 3786 5538 vult

2122 5582 2189 5634 ut
2220 5594 2326 5634 nos
2356 5594 2532 5633 onera
2561 5574 2951 5648 spiritualiter
2979 5578 3306 5647 gestemus,
3339 5591 3457 5629 non
3491 5573 3646 5629 sinet
3677 5589 3784 5629 nos

2121 5667 2342 5724 frustra
2371 5663 2691 5738 circumagi
2721 5670 2778 5722 et
2805 5667 3027 5722 versari
3060 5663 3296 5721 illorum
3354 5664 3544 5720 instar
3572 5661 3670 5734 qui
3701 5678 3784 5717 re-

2121 5755 2236 5813 bus
2264 5755 2380 5829 ipsi
2409 5771 2526 5813 non
2547 5753 2731 5829 gratis
2761 5769 2890 5813 sese
2919 5757 3187 5828 onerant,
3239 5753 3342 5812 sed
3384 5752 3620 5828 quando
3649 5751 3781 5822 ejus
