  <div class='ocr_page' id='page_1' title='image "/cluster/home/n/w/nwhite01/storage/ocr_20150623/135:no.2/coo.31924054870401/275.png"; bbox 0 0 4130 6356; ppageno 0'>
   <div class='ocr_carea' id='block_1_1' title="bbox 378 423 496 483">
    <p class='ocr_par' dir='ltr' id='par_1_1' title="bbox 378 423 496 483">
     <span class='ocr_line' id='line_1_1' title="bbox 378 423 496 483; baseline 0.034 -4"><span class='ocrx_word' id='word_1_1' title='bbox 378 423 496 483; x_wconf 82' lang='grc'><strong>539</strong></span> 
     </span>
    </p>
   </div>
   <div class='ocr_carea' id='block_1_2' title="bbox 1149 413 3032 488">
    <p class='ocr_par' dir='ltr' id='par_1_2' title="bbox 1149 413 3032 488">
     <span class='ocr_line' id='line_1_2' title="bbox 1149 413 3032 488; baseline -0.003 -4"><span class='ocrx_word' id='word_1_2' title='bbox 1149 424 1577 488; x_wconf 81' lang='lat' dir='ltr'><strong>EUSTATHII</strong></span> <span class='ocrx_word' id='word_1_3' title='bbox 1621 416 2400 484; x_wconf 83' lang='lat' dir='ltr'><strong>THESSALONICENSIS</strong></span> <span class='ocrx_word' id='word_1_4' title='bbox 2445 413 3032 480; x_wconf 73' lang='lat' dir='ltr'><strong>METROPOLI&#39;LE</strong></span> 
     </span>
    </p>
   </div>
   <div class='ocr_carea' id='block_1_3' title="bbox 3680 413 3804 481">
    <p class='ocr_par' dir='ltr' id='par_1_3' title="bbox 3680 413 3804 481">
     <span class='ocr_line' id='line_1_3' title="bbox 3680 413 3804 481; baseline -0.032 0"><span class='ocrx_word' id='word_1_5' title='bbox 3680 413 3804 481; x_wconf 71' lang='grc'><strong>540</strong></span> 
     </span>
    </p>
   </div>
   <div class='ocr_carea' id='block_1_4' title="bbox 377 546 2031 628">
    <p class='ocr_par' dir='ltr' id='par_1_4' title="bbox 377 554 2027 628">
     <span class='ocr_line' id='line_1_4' title="bbox 377 554 2027 628; baseline 0 -18"><span class='ocrx_word' id='word_1_6' title='bbox 377 573 528 610; x_wconf 84' lang='lat' dir='ltr'><strong>unus</strong></span> <span class='ocrx_word' id='word_1_7' title='bbox 567 559 866 628; x_wconf 77' lang='lat' dir='ltr'><strong>portantes</strong></span> <span class='ocrx_word' id='word_1_8' title='bbox 914 554 1276 622; x_wconf 77' lang='lat' dir='ltr'><strong>laboramus,</strong></span> <span class='ocrx_word' id='word_1_9' title='bbox 1325 556 1514 612; x_wconf 80' lang='lat' dir='ltr'><strong>dicet:</strong></span> <span class='ocrx_word' id='word_1_10' title='bbox 1550 579 1577 606; x_wconf 87' lang='grc'><strong>‹‹</strong></span> <span class='ocrx_word' id='word_1_11' title='bbox 1638 554 1910 611; x_wconf 79' lang='lat' dir='ltr'><strong>Accedite</strong></span> <span class='ocrx_word' id='word_1_12' title='bbox 1958 554 2027 610; x_wconf 85' lang='lat' dir='ltr'><strong>ad</strong></span> 
     </span>
    </p>
   </div>
   <div class='ocr_carea' id='block_1_5' title="bbox 2144 546 3803 628">
    <p class='ocr_par' dir='ltr' id='par_1_5' title="bbox 2145 546 3803 626">
     <span class='ocr_line' id='line_1_5' title="bbox 2145 546 3803 626; baseline 0.001 -22"><span class='ocrx_word' id='word_1_13' title='bbox 2145 548 2389 625; x_wconf 73' lang='grc' dir='ltr'><strong>αἴροντες</strong></span> <span class='ocrx_word' id='word_1_14' title='bbox 2439 548 2773 622; x_wconf 86' lang='grc' dir='ltr'>πονούμεθα,</span> <span class='ocrx_word' id='word_1_15' title='bbox 2826 547 2956 624; x_wconf 71' lang='grc' dir='ltr'>ἐρεῖ·</span> <span class='ocrx_word' id='word_1_16' title='bbox 3013 571 3043 600; x_wconf 86' lang='lat'>«</span> <span class='ocrx_word' id='word_1_17' title='bbox 3086 553 3245 604; x_wconf 80' lang='grc' dir='ltr'><strong>Δεῦτε</strong></span> <span class='ocrx_word' id='word_1_18' title='bbox 3289 546 3428 624; x_wconf 87' lang='grc' dir='ltr'>πρὸς</span> <span class='ocrx_word' id='word_1_19' title='bbox 3481 568 3568 622; x_wconf 86' lang='grc' dir='ltr'><strong>με,</strong></span> <span class='ocrx_word' id='word_1_20' title='bbox 3601 550 3654 604; x_wconf 78' lang='grc' dir='ltr'><strong>οἱ</strong></span> <span class='ocrx_word' id='word_1_21' title='bbox 3695 569 3803 626; x_wconf 85' lang='grc' dir='ltr'><strong>χα-</strong></span> 
     </span>
    </p>
   </div>
   <div class='ocr_carea' id='block_1_6' title="bbox 376 645 2034 715">
    <p class='ocr_par' dir='ltr' id='par_1_6' title="bbox 376 645 2034 715">
     <span class='ocr_line' id='line_1_6' title="bbox 376 645 2034 715; baseline 0.001 -17"><span class='ocrx_word' id='word_1_22' title='bbox 376 661 490 711; x_wconf 88' lang='lat' dir='ltr'><strong>me,</strong></span> <span class='ocrx_word' id='word_1_23' title='bbox 525 645 622 715; x_wconf 85' lang='lat' dir='ltr'><strong>qui</strong></span> <span class='ocrx_word' id='word_1_24' title='bbox 676 663 804 700; x_wconf 88' lang='lat' dir='ltr'><strong>mea</strong></span> <span class='ocrx_word' id='word_1_25' title='bbox 835 663 1012 702; x_wconf 90' lang='lat' dir='ltr'><strong>causa</strong></span> <span class='ocrx_word' id='word_1_26' title='bbox 1053 645 1332 702; x_wconf 89' lang='lat' dir='ltr'><strong>laboratis</strong></span> <span class='ocrx_word' id='word_1_27' title='bbox 1375 651 1432 701; x_wconf 88' lang='lat' dir='ltr'><strong>et</strong></span> <span class='ocrx_word' id='word_1_28' title='bbox 1485 647 1707 702; x_wconf 82' lang='lat' dir='ltr'><strong>onerati</strong></span> <span class='ocrx_word' id='word_1_29' title='bbox 1754 646 1916 712; x_wconf 89' lang='lat' dir='ltr'><strong>estis,</strong></span> <span class='ocrx_word' id='word_1_30' title='bbox 1977 649 2034 699; x_wconf 86' lang='lat' dir='ltr'><strong>et</strong></span> 
     </span>
    </p>
   </div>
   <div class='ocr_carea' id='block_1_7' title="bbox 374 735 2029 802">
    <p class='ocr_par' dir='ltr' id='par_1_7' title="bbox 374 735 2029 802">
     <span class='ocr_line' id='line_1_7' title="bbox 374 735 2029 802; baseline 0.001 -14"><span class='ocrx_word' id='word_1_31' title='bbox 374 749 480 798; x_wconf 67' lang='lat' dir='ltr'><strong>ego</strong></span> <span class='ocrx_word' id='word_1_32' title='bbox 515 752 612 788; x_wconf 85' lang='lat' dir='ltr'><strong>vos</strong></span> <span class='ocrx_word' id='word_1_33' title='bbox 639 735 896 789; x_wconf 85' lang='lat' dir='ltr'><strong>reliciam</strong></span> <span class='ocrx_word' id='word_1_34' title='bbox 927 735 968 788; x_wconf 78' lang='grc'><strong>³.</strong></span> <span class='ocrx_word' id='word_1_35' title='bbox 1001 757 1027 782; x_wconf 87' lang='grc'><strong>››</strong></span> <span class='ocrx_word' id='word_1_36' title='bbox 1065 736 1210 798; x_wconf 89' lang='lat' dir='ltr'><strong>Quid</strong></span> <span class='ocrx_word' id='word_1_37' title='bbox 1271 741 1466 790; x_wconf 90' lang='lat' dir='ltr'><strong>autem</strong></span> <span class='ocrx_word' id='word_1_38' title='bbox 1527 735 1672 790; x_wconf 93' lang='lat' dir='ltr'><strong>illud</strong></span> <span class='ocrx_word' id='word_1_39' title='bbox 1725 735 1837 790; x_wconf 84' lang='lat' dir='ltr'><strong>sibi</strong></span> <span class='ocrx_word' id='word_1_40' title='bbox 1888 735 2029 802; x_wconf 90' lang='lat' dir='ltr'><strong>vult,</strong></span> 
     </span>
    </p>
   </div>
   <div class='ocr_carea' id='block_1_8' title="bbox 374 824 2032 895">
    <p class='ocr_par' dir='ltr' id='par_1_8' title="bbox 374 824 2032 895">
     <span class='ocr_line' id='line_1_8' title="bbox 374 824 2032 895; baseline 0.002 -19"><span class='ocrx_word' id='word_1_41' title='bbox 374 827 629 877; x_wconf 56' lang='lat' dir='ltr'><strong>rem-am</strong></span> <span class='ocrx_word' id='word_1_42' title='bbox 653 824 679 877; x_wconf 69' lang='grc' dir='ltr'><em>Ἰ</em></span> <span class='ocrx_word' id='word_1_43' title='bbox 713 825 962 894; x_wconf 83' lang='lat' dir='ltr'><strong>Faciam,</strong></span> <span class='ocrx_word' id='word_1_44' title='bbox 989 840 1059 878; x_wconf 91' lang='lat' dir='ltr'><strong>ne</strong></span> <span class='ocrx_word' id='word_1_45' title='bbox 1101 826 1357 895; x_wconf 84' lang='lat' dir='ltr'><strong>amplius</strong></span> <span class='ocrx_word' id='word_1_46' title='bbox 1398 826 1702 880; x_wconf 86' lang='lat' dir='ltr'><strong>incassum</strong></span> <span class='ocrx_word' id='word_1_47' title='bbox 1733 825 2032 880; x_wconf 89' lang='lat' dir='ltr'><strong>laboretis.</strong></span> 
     </span>
    </p>
   </div>
   <div class='ocr_carea' id='block_1_9' title="bbox 373 913 2034 983">
    <p class='ocr_par' dir='ltr' id='par_1_9' title="bbox 373 913 2034 983">
     <span class='ocr_line' id='line_1_9' title="bbox 373 913 2034 983; baseline 0.002 -18"><span class='ocrx_word' id='word_1_48' title='bbox 373 916 614 980; x_wconf 52' lang='lat' dir='ltr'><strong>Semper</strong></span> <span class='ocrx_word' id='word_1_49' title='bbox 653 914 808 966; x_wconf 86' lang='lat' dir='ltr'><strong>enim</strong></span> <span class='ocrx_word' id='word_1_50' title='bbox 856 920 1138 983; x_wconf 86' lang='lat' dir='ltr'><strong>tanquam</strong></span> <span class='ocrx_word' id='word_1_51' title='bbox 1189 913 1586 968; x_wconf 86' lang='lat' dir='ltr'><strong>vacillabundi</strong></span> <span class='ocrx_word' id='word_1_52' title='bbox 1637 921 1694 968; x_wconf 89' lang='lat' dir='ltr'><strong>et</strong></span> <span class='ocrx_word' id='word_1_53' title='bbox 1732 914 2034 968; x_wconf 85' lang='lat' dir='ltr'><strong>versatiles</strong></span> 
     </span>
    </p>
   </div>
   <div class='ocr_carea' id='block_1_10' title="bbox 374 1001 2034 1075">
    <p class='ocr_par' dir='ltr' id='par_1_10' title="bbox 374 1001 2034 1075">
     <span class='ocr_line' id='line_1_10' title="bbox 374 1001 2034 1075; baseline 0.001 -19"><span class='ocrx_word' id='word_1_54' title='bbox 374 1010 430 1056; x_wconf 90' lang='lat' dir='ltr'><strong>et</strong></span> <span class='ocrx_word' id='word_1_55' title='bbox 464 1005 853 1073; x_wconf 48' lang='lat' dir='ltr'><strong>undi-quaque</strong></span> <span class='ocrx_word' id='word_1_56' title='bbox 887 1001 1132 1057; x_wconf 88' lang='lat' dir='ltr'><strong>mobiles</strong></span> <span class='ocrx_word' id='word_1_57' title='bbox 1189 1009 1245 1057; x_wconf 93' lang='lat' dir='ltr'><strong>et</strong></span> <span class='ocrx_word' id='word_1_58' title='bbox 1283 1002 1609 1069; x_wconf 82' lang='lat' dir='ltr'><strong>instabiles,</strong></span> <span class='ocrx_word' id='word_1_59' title='bbox 1667 1019 1904 1075; x_wconf 85' lang='lat' dir='ltr'><strong>operam</strong></span> <span class='ocrx_word' id='word_1_60' title='bbox 1939 1019 2034 1058; x_wconf 88' lang='lat' dir='ltr'><strong>no-</strong></span> 
     </span>
    </p>
   </div>
   <div class='ocr_carea' id='block_1_11' title="bbox 374 1091 2034 1164">
    <p class='ocr_par' dir='ltr' id='par_1_11' title="bbox 374 1091 2034 1164">
     <span class='ocr_line' id='line_1_11' title="bbox 374 1091 2034 1164; baseline 0 -18"><span class='ocrx_word' id='word_1_61' title='bbox 374 1097 556 1146; x_wconf 85' lang='lat' dir='ltr'><strong>stram</strong></span> <span class='ocrx_word' id='word_1_62' title='bbox 631 1091 986 1146; x_wconf 81' lang='lat' dir='ltr'><strong>collocamus</strong></span> <span class='ocrx_word' id='word_1_63' title='bbox 1049 1091 1109 1146; x_wconf 91' lang='lat' dir='ltr'><strong>in</strong></span> <span class='ocrx_word' id='word_1_64' title='bbox 1169 1092 1388 1162; x_wconf 88' lang='lat' dir='ltr'><strong>quibus</strong></span> <span class='ocrx_word' id='word_1_65' title='bbox 1473 1109 1588 1148; x_wconf 84' lang='lat' dir='ltr'><strong>non</strong></span> <span class='ocrx_word' id='word_1_66' title='bbox 1649 1096 1901 1164; x_wconf 85' lang='lat' dir='ltr'><strong>oportet,</strong></span> <span class='ocrx_word' id='word_1_67' title='bbox 1977 1095 2034 1146; x_wconf 89' lang='lat' dir='ltr'><strong>et</strong></span> 
     </span>
    </p>
   </div>
   <div class='ocr_carea' id='block_1_12' title="bbox 373 1178 2032 1253">
    <p class='ocr_par' dir='ltr' id='par_1_12' title="bbox 373 1178 2032 1253">
     <span class='ocr_line' id='line_1_12' title="bbox 373 1178 2032 1253; baseline 0.002 -21"><span class='ocrx_word' id='word_1_68' title='bbox 373 1178 590 1233; x_wconf 73' lang='lat' dir='ltr'><strong>frustra</strong></span> <span class='ocrx_word' id='word_1_69' title='bbox 621 1180 1051 1243; x_wconf 83' lang='lat' dir='ltr'><strong>contendimus,</strong></span> <span class='ocrx_word' id='word_1_70' title='bbox 1083 1185 1140 1236; x_wconf 93' lang='lat' dir='ltr'><strong>et</strong></span> <span class='ocrx_word' id='word_1_71' title='bbox 1169 1181 1352 1253; x_wconf 84' lang='lat' dir='ltr'><strong>gratis</strong></span> <span class='ocrx_word' id='word_1_72' title='bbox 1384 1179 1696 1246; x_wconf 89' lang='lat' dir='ltr'><strong>luctamur,</strong></span> <span class='ocrx_word' id='word_1_73' title='bbox 1739 1187 1797 1236; x_wconf 93' lang='lat' dir='ltr'><strong>et</strong></span> <span class='ocrx_word' id='word_1_74' title='bbox 1841 1181 2032 1236; x_wconf 90' lang='lat' dir='ltr'><strong>incas-</strong></span> 
     </span>
    </p>
   </div>
   <div class='ocr_carea' id='block_1_13' title="bbox 373 1268 2034 1341">
    <p class='ocr_par' dir='ltr' id='par_1_13' title="bbox 373 1268 2034 1341">
     <span class='ocr_line' id='line_1_13' title="bbox 373 1268 2034 1341; baseline 0.002 -21"><span class='ocrx_word' id='word_1_75' title='bbox 373 1283 505 1321; x_wconf 90' lang='lat' dir='ltr'><strong>sum</strong></span> <span class='ocrx_word' id='word_1_76' title='bbox 540 1268 899 1325; x_wconf 81' lang='lat' dir='ltr'><strong>laboramus.</strong></span> <span class='ocrx_word' id='word_1_77' title='bbox 933 1270 1039 1324; x_wconf 90' lang='lat' dir='ltr'><strong>Sed</strong></span> <span class='ocrx_word' id='word_1_78' title='bbox 1087 1270 1448 1341; x_wconf 86' lang='lat' dir='ltr'><strong>simulatque</strong></span> <span class='ocrx_word' id='word_1_79' title='bbox 1498 1269 1592 1325; x_wconf 90' lang='lat' dir='ltr'><strong>ille</strong></span> <span class='ocrx_word' id='word_1_80' title='bbox 1645 1286 1748 1341; x_wconf 91' lang='lat' dir='ltr'><strong>pro</strong></span> <span class='ocrx_word' id='word_1_81' title='bbox 1798 1287 2034 1325; x_wconf 91' lang='lat' dir='ltr'><strong>summa</strong></span> 
     </span>
    </p>
   </div>
   <div class='ocr_carea' id='block_1_14' title="bbox 369 1355 2030 1430">
    <p class='ocr_par' dir='ltr' id='par_1_14' title="bbox 369 1355 2030 1430">
     <span class='ocr_line' id='line_1_14' title="bbox 369 1355 2030 1430; baseline 0.003 -21"><span class='ocrx_word' id='word_1_82' title='bbox 369 1355 558 1427; x_wconf 81' lang='lat' dir='ltr'><strong>ipsius</strong></span> <span class='ocrx_word' id='word_1_83' title='bbox 591 1358 958 1412; x_wconf 85' lang='lat' dir='ltr'><strong>humanitate</strong></span> <span class='ocrx_word' id='word_1_84' title='bbox 991 1357 1114 1414; x_wconf 88' lang='lat' dir='ltr'><strong>leve</strong></span> <span class='ocrx_word' id='word_1_85' title='bbox 1162 1360 1480 1430; x_wconf 81' lang='lat' dir='ltr'><strong>quoddam.</strong></span> <span class='ocrx_word' id='word_1_86' title='bbox 1513 1364 1877 1414; x_wconf 88' lang='lat' dir='ltr'><strong>momentum</strong></span> <span class='ocrx_word' id='word_1_87' title='bbox 1905 1359 2030 1415; x_wconf 87' lang='lat' dir='ltr'><strong>ani-</strong></span> 
     </span>
    </p>
   </div>
   <div class='ocr_carea' id='block_1_15' title="bbox 370 1447 2030 1520">
    <p class='ocr_par' dir='ltr' id='par_1_15' title="bbox 370 1447 2030 1520">
     <span class='ocr_line' id='line_1_15' title="bbox 370 1447 2030 1520; baseline 0.002 -20"><span class='ocrx_word' id='word_1_88' title='bbox 370 1447 686 1502; x_wconf 81' lang='lat' dir='ltr'><strong>madvertit</strong></span> <span class='ocrx_word' id='word_1_89' title='bbox 715 1454 772 1502; x_wconf 89' lang='lat' dir='ltr'><strong>et</strong></span> <span class='ocrx_word' id='word_1_90' title='bbox 805 1447 863 1502; x_wconf 88' lang='lat' dir='ltr'><strong>in</strong></span> <span class='ocrx_word' id='word_1_91' title='bbox 899 1449 1122 1503; x_wconf 86' lang='lat' dir='ltr'><strong>trutina</strong></span> <span class='ocrx_word' id='word_1_92' title='bbox 1156 1448 1365 1519; x_wconf 82' lang='lat' dir='ltr'><strong>judicii</strong></span> <span class='ocrx_word' id='word_1_93' title='bbox 1415 1448 1503 1503; x_wconf 91' lang='lat' dir='ltr'><strong>vel</strong></span> <span class='ocrx_word' id='word_1_94' title='bbox 1537 1465 1722 1503; x_wconf 88' lang='lat' dir='ltr'><strong>unum</strong></span> <span class='ocrx_word' id='word_1_95' title='bbox 1783 1449 2030 1520; x_wconf 86' lang='lat' dir='ltr'><strong>apicem,</strong></span> 
     </span>
    </p>
   </div>
   <div class='ocr_carea' id='block_1_16' title="bbox 373 1536 2029 1606">
    <p class='ocr_par' dir='ltr' id='par_1_16' title="bbox 373 1536 2029 1606">
     <span class='ocr_line' id='line_1_16' title="bbox 373 1536 2029 1606; baseline 0.001 -15"><span class='ocrx_word' id='word_1_96' title='bbox 373 1552 557 1591; x_wconf 90' lang='lat' dir='ltr'><strong>unum</strong></span> <span class='ocrx_word' id='word_1_97' title='bbox 607 1551 855 1606; x_wconf 79' lang='lat' dir='ltr'><strong>granum</strong></span> <span class='ocrx_word' id='word_1_98' title='bbox 909 1537 1278 1606; x_wconf 86' lang='lat' dir='ltr'><strong>propendens</strong></span> <span class='ocrx_word' id='word_1_99' title='bbox 1325 1536 1502 1602; x_wconf 88' lang='lat' dir='ltr'><strong>videt,</strong></span> <span class='ocrx_word' id='word_1_100' title='bbox 1554 1536 1611 1591; x_wconf 93' lang='lat' dir='ltr'><strong>in</strong></span> <span class='ocrx_word' id='word_1_101' title='bbox 1664 1538 2029 1592; x_wconf 89' lang='lat' dir='ltr'><strong>commodum</strong></span> 
     </span>
    </p>
   </div>
   <div class='ocr_carea' id='block_1_17' title="bbox 366 1624 2032 1696">
    <p class='ocr_par' dir='ltr' id='par_1_17' title="bbox 366 1624 2032 1696">
     <span class='ocr_line' id='line_1_17' title="bbox 366 1624 2032 1696; baseline 0.001 -17"><span class='ocrx_word' id='word_1_102' title='bbox 366 1629 634 1680; x_wconf 87' lang='lat' dir='ltr'><strong>nostrum</strong></span> <span class='ocrx_word' id='word_1_103' title='bbox 659 1624 832 1679; x_wconf 89' lang='lat' dir='ltr'><strong>vertit</strong></span> <span class='ocrx_word' id='word_1_104' title='bbox 887 1629 945 1679; x_wconf 90' lang='lat' dir='ltr'><strong>et</strong></span> <span class='ocrx_word' id='word_1_105' title='bbox 976 1625 1034 1679; x_wconf 92' lang='lat' dir='ltr'><strong>in</strong></span> <span class='ocrx_word' id='word_1_106' title='bbox 1069 1624 1336 1680; x_wconf 88' lang='lat' dir='ltr'><strong>lancibus</strong></span> <span class='ocrx_word' id='word_1_107' title='bbox 1395 1624 1583 1696; x_wconf 87' lang='lat' dir='ltr'><strong>ipsius</strong></span> <span class='ocrx_word' id='word_1_108' title='bbox 1627 1625 1900 1680; x_wconf 88' lang='lat' dir='ltr'><strong>thesauro</strong></span> <span class='ocrx_word' id='word_1_109' title='bbox 1950 1625 2032 1680; x_wconf 83' lang='lat' dir='ltr'><strong>di-</strong></span> 
     </span>
    </p>
   </div>
   <div class='ocr_carea' id='block_1_18' title="bbox 365 1713 2034 1786">
    <p class='ocr_par' dir='ltr' id='par_1_18' title="bbox 365 1713 2034 1786">
     <span class='ocr_line' id='line_1_18' title="bbox 365 1713 2034 1786; baseline 0.001 -18"><span class='ocrx_word' id='word_1_110' title='bbox 365 1714 497 1786; x_wconf 91' lang='lat' dir='ltr'><strong>gnis</strong></span> <span class='ocrx_word' id='word_1_111' title='bbox 530 1713 782 1784; x_wconf 90' lang='lat' dir='ltr'><strong>reponit,</strong></span> <span class='ocrx_word' id='word_1_112' title='bbox 815 1719 871 1768; x_wconf 90' lang='lat' dir='ltr'><strong>et</strong></span> <span class='ocrx_word' id='word_1_113' title='bbox 900 1714 1129 1784; x_wconf 88' lang='lat' dir='ltr'><strong>quoties</strong></span> <span class='ocrx_word' id='word_1_114' title='bbox 1162 1713 1522 1785; x_wconf 83' lang='lat' dir='ltr'><strong>upplanlati</strong></span> <span class='ocrx_word' id='word_1_115' title='bbox 1559 1714 1915 1785; x_wconf 85' lang='lat' dir='ltr'><strong>abimprobo</strong></span> <span class='ocrx_word' id='word_1_116' title='bbox 1934 1716 2034 1770; x_wconf 89' lang='lat' dir='ltr'><strong>ad-</strong></span> 
     </span>
    </p>
   </div>
   <div class='ocr_carea' id='block_1_19' title="bbox 363 1802 2029 1874">
    <p class='ocr_par' dir='ltr' id='par_1_19' title="bbox 363 1802 2029 1874">
     <span class='ocr_line' id='line_1_19' title="bbox 363 1802 2029 1874; baseline 0.001 -16"><span class='ocrx_word' id='word_1_117' title='bbox 363 1803 622 1858; x_wconf 88' lang='lat' dir='ltr'><strong>versario</strong></span> <span class='ocrx_word' id='word_1_118' title='bbox 675 1808 733 1857; x_wconf 92' lang='lat' dir='ltr'><strong>et</strong></span> <span class='ocrx_word' id='word_1_119' title='bbox 791 1802 1032 1873; x_wconf 90' lang='lat' dir='ltr'><strong>collapsi</strong></span> <span class='ocrx_word' id='word_1_120' title='bbox 1093 1803 1178 1858; x_wconf 89' lang='lat' dir='ltr'><strong>vel</strong></span> <span class='ocrx_word' id='word_1_121' title='bbox 1231 1803 1441 1871; x_wconf 89' lang='lat' dir='ltr'><strong>dejecti</strong></span> <span class='ocrx_word' id='word_1_122' title='bbox 1515 1803 2029 1874; x_wconf 85' lang='lat' dir='ltr'><strong>resurrexerimus,</strong></span> 
     </span>
    </p>
   </div>
   <div class='ocr_carea' id='block_1_20' title="bbox 364 1890 2111 1995">
    <p class='ocr_par' dir='ltr' id='par_1_20' title="bbox 364 1890 2111 1995">
     <span class='ocr_line' id='line_1_20' title="bbox 364 1890 2111 1995; baseline 0.002 -50"><span class='ocrx_word' id='word_1_123' title='bbox 364 1891 533 1946; x_wconf 88' lang='lat' dir='ltr'><strong>illum</strong></span> <span class='ocrx_word' id='word_1_124' title='bbox 570 1890 836 1995; x_wconf 65' lang='lat' dir='ltr'><strong>prohibet</strong></span> <span class='ocrx_word' id='word_1_125' title='bbox 857 1891 1172 1991; x_wconf 83' lang='lat' dir='ltr'><strong>quominus</strong></span> <span class='ocrx_word' id='word_1_126' title='bbox 1196 1892 1363 1995; x_wconf 75' lang='lat' dir='ltr'><strong>nobis</strong></span> <span class='ocrx_word' id='word_1_127' title='bbox 1383 1911 1552 1964; x_wconf 90' lang='lat' dir='ltr'><strong>porro</strong></span> <span class='ocrx_word' id='word_1_128' title='bbox 1578 1892 1804 1994; x_wconf 70' lang='lat' dir='ltr'><strong>illudat,</strong></span> <span class='ocrx_word' id='word_1_129' title='bbox 1837 1898 1894 1949; x_wconf 91' lang='lat' dir='ltr'><strong>et</strong></span> <span class='ocrx_word' id='word_1_130' title='bbox 1924 1910 2031 1948; x_wconf 88' lang='lat' dir='ltr'><strong>nos</strong></span> <span class='ocrx_word' id='word_1_131' title='bbox 2063 1930 2111 1995; x_wconf 84' lang='lat' dir='ltr'><strong>B</strong></span> 
     </span>
    </p>
   </div>
   <div class='ocr_carea' id='block_1_21' title="bbox 368 1980 2032 2054">
    <p class='ocr_par' dir='ltr' id='par_1_21' title="bbox 368 1980 2032 2054">
     <span class='ocr_line' id='line_1_21' title="bbox 368 1980 2032 2054; baseline 0.001 -18"><span class='ocrx_word' id='word_1_132' title='bbox 368 1982 440 2037; x_wconf 90' lang='lat' dir='ltr'><strong>ab</strong></span> <span class='ocrx_word' id='word_1_133' title='bbox 472 1983 601 2049; x_wconf 79' lang='lat' dir='ltr'><strong>ejus</strong></span> <span class='ocrx_word' id='word_1_134' title='bbox 631 1981 865 2035; x_wconf 88' lang='lat' dir='ltr'><strong>insidiis</strong></span> <span class='ocrx_word' id='word_1_135' title='bbox 906 1980 964 2034; x_wconf 92' lang='lat' dir='ltr'><strong>in</strong></span> <span class='ocrx_word' id='word_1_136' title='bbox 1013 1986 1138 2036; x_wconf 90' lang='lat' dir='ltr'><strong>tuto</strong></span> <span class='ocrx_word' id='word_1_137' title='bbox 1170 1981 1435 2037; x_wconf 88' lang='lat' dir='ltr'><strong>collocat.</strong></span> <span class='ocrx_word' id='word_1_138' title='bbox 1497 1983 1591 2038; x_wconf 92' lang='lat' dir='ltr'><strong>Sic</strong></span> <span class='ocrx_word' id='word_1_139' title='bbox 1637 1981 1816 2054; x_wconf 83' lang='lat' dir='ltr'><strong>igitur</strong></span> <span class='ocrx_word' id='word_1_140' title='bbox 1875 2000 2032 2039; x_wconf 90' lang='lat' dir='ltr'><strong>nunc</strong></span> 
     </span>
    </p>
   </div>
   <div class='ocr_carea' id='block_1_22' title="bbox 367 2072 2029 2143">
    <p class='ocr_par' dir='ltr' id='par_1_22' title="bbox 367 2072 2029 2143">
     <span class='ocr_line' id='line_1_22' title="bbox 367 2072 2029 2143; baseline 0.002 -19"><span class='ocrx_word' id='word_1_141' title='bbox 367 2087 601 2141; x_wconf 90' lang='lat' dir='ltr'><strong>quoque</strong></span> <span class='ocrx_word' id='word_1_142' title='bbox 657 2086 759 2125; x_wconf 88' lang='lat' dir='ltr'><strong>vos</strong></span> <span class='ocrx_word' id='word_1_143' title='bbox 819 2075 1174 2141; x_wconf 70' lang='lat' dir='ltr'><strong>praeparatos</strong></span> <span class='ocrx_word' id='word_1_144' title='bbox 1221 2076 1279 2125; x_wconf 87' lang='lat' dir='ltr'><strong>et</strong></span> <span class='ocrx_word' id='word_1_145' title='bbox 1320 2072 1404 2125; x_wconf 90' lang='lat' dir='ltr'><strong>uti</strong></span> <span class='ocrx_word' id='word_1_146' title='bbox 1473 2072 1639 2127; x_wconf 91' lang='lat' dir='ltr'><strong>decet</strong></span> <span class='ocrx_word' id='word_1_147' title='bbox 1699 2088 1914 2143; x_wconf 89' lang='lat' dir='ltr'><strong>pronos</strong></span> <span class='ocrx_word' id='word_1_148' title='bbox 1958 2073 2029 2127; x_wconf 90' lang='lat' dir='ltr'><strong>ad</strong></span> 
     </span>
    </p>
   </div>
   <div class='ocr_carea' id='block_1_23' title="bbox 366 2159 2031 2231">
    <p class='ocr_par' dir='ltr' id='par_1_23' title="bbox 366 2159 2031 2231">
     <span class='ocr_line' id='line_1_23' title="bbox 366 2159 2031 2231; baseline 0.002 -17"><span class='ocrx_word' id='word_1_149' title='bbox 366 2159 757 2214; x_wconf 89' lang='lat' dir='ltr'><strong>laborandum</strong></span> <span class='ocrx_word' id='word_1_150' title='bbox 789 2175 902 2214; x_wconf 90' lang='lat' dir='ltr'><strong>non</strong></span> <span class='ocrx_word' id='word_1_151' title='bbox 937 2159 1308 2231; x_wconf 89' lang='lat' dir='ltr'><strong>simpliciter,</strong></span> <span class='ocrx_word' id='word_1_152' title='bbox 1352 2161 1453 2216; x_wconf 81' lang='lat' dir='ltr'><strong>sed</strong></span> <span class='ocrx_word' id='word_1_153' title='bbox 1478 2160 1561 2215; x_wconf 90' lang='lat' dir='ltr'><strong>uti</strong></span> <span class='ocrx_word' id='word_1_154' title='bbox 1593 2164 1767 2216; x_wconf 88' lang='lat' dir='ltr'><strong>homo</strong></span> <span class='ocrx_word' id='word_1_155' title='bbox 1798 2161 2031 2217; x_wconf 91' lang='lat' dir='ltr'><strong>divinus</strong></span> 
     </span>
    </p>
   </div>
   <div class='ocr_carea' id='block_1_24' title="bbox 369 2248 2027 2320">
    <p class='ocr_par' dir='ltr' id='par_1_24' title="bbox 369 2248 2027 2320">
     <span class='ocr_line' id='line_1_24' title="bbox 369 2248 2027 2320; baseline 0.002 -18"><span class='ocrx_word' id='word_1_156' title='bbox 369 2249 560 2315; x_wconf 89' lang='lat' dir='ltr'><strong>debet,</strong></span> <span class='ocrx_word' id='word_1_157' title='bbox 597 2265 713 2303; x_wconf 89' lang='lat' dir='ltr'><strong>non</strong></span> <span class='ocrx_word' id='word_1_158' title='bbox 744 2248 898 2304; x_wconf 88' lang='lat' dir='ltr'><strong>sinet</strong></span> <span class='ocrx_word' id='word_1_159' title='bbox 929 2249 988 2304; x_wconf 91' lang='lat' dir='ltr'><strong>in</strong></span> <span class='ocrx_word' id='word_1_160' title='bbox 1022 2249 1240 2320; x_wconf 85' lang='lat' dir='ltr'><strong>peccati</strong></span> <span class='ocrx_word' id='word_1_161' title='bbox 1271 2250 1592 2305; x_wconf 89' lang='lat' dir='ltr'><strong>certamine</strong></span> <span class='ocrx_word' id='word_1_162' title='bbox 1623 2251 2027 2320; x_wconf 87' lang='lat' dir='ltr'><strong>succumbere,</strong></span> 
     </span>
    </p>
   </div>
   <div class='ocr_carea' id='block_1_25' title="bbox 371 2337 2027 2408">
    <p class='ocr_par' dir='ltr' id='par_1_25' title="bbox 371 2337 2027 2408">
     <span class='ocr_line' id='line_1_25' title="bbox 371 2337 2027 2408; baseline 0.001 -16"><span class='ocrx_word' id='word_1_163' title='bbox 371 2338 472 2392; x_wconf 87' lang='lat' dir='ltr'><strong>sed</strong></span> <span class='ocrx_word' id='word_1_164' title='bbox 505 2337 699 2408; x_wconf 91' lang='lat' dir='ltr'><strong>potius</strong></span> <span class='ocrx_word' id='word_1_165' title='bbox 732 2338 969 2393; x_wconf 83' lang='lat' dir='ltr'><strong>reficiet.</strong></span> <span class='ocrx_word' id='word_1_166' title='bbox 1005 2337 1237 2394; x_wconf 87' lang='lat' dir='ltr'><strong>Utinam</strong></span> <span class='ocrx_word' id='word_1_167' title='bbox 1293 2355 1399 2394; x_wconf 92' lang='lat' dir='ltr'><strong>nos</strong></span> <span class='ocrx_word' id='word_1_168' title='bbox 1439 2356 1666 2405; x_wconf 78' lang='lat' dir='ltr'><strong>omnes,</strong></span> <span class='ocrx_word' id='word_1_169' title='bbox 1715 2356 1746 2394; x_wconf 94' lang='grc' dir='ltr'>ο</span> <span class='ocrx_word' id='word_1_170' title='bbox 1798 2340 2027 2408; x_wconf 80' lang='lat' dir='ltr'><strong>fratres,</strong></span> 
     </span>
    </p>
   </div>
   <div class='ocr_carea' id='block_1_26' title="bbox 367 2427 2027 2499">
    <p class='ocr_par' dir='ltr' id='par_1_26' title="bbox 367 2427 2027 2499">
     <span class='ocr_line' id='line_1_26' title="bbox 367 2427 2027 2499; baseline 0.001 -19"><span class='ocrx_word' id='word_1_171' title='bbox 367 2427 450 2480; x_wconf 91' lang='lat' dir='ltr'><strong>ita</strong></span> <span class='ocrx_word' id='word_1_172' title='bbox 494 2427 604 2480; x_wconf 91' lang='lat' dir='ltr'><strong>Deo</strong></span> <span class='ocrx_word' id='word_1_173' title='bbox 632 2427 850 2497; x_wconf 87' lang='lat' dir='ltr'><strong>accepti</strong></span> <span class='ocrx_word' id='word_1_174' title='bbox 892 2427 1104 2482; x_wconf 81' lang='lat' dir='ltr'><strong>ﬁamus</strong></span> <span class='ocrx_word' id='word_1_175' title='bbox 1149 2443 1252 2499; x_wconf 90' lang='lat' dir='ltr'><strong>per</strong></span> <span class='ocrx_word' id='word_1_176' title='bbox 1295 2427 1485 2499; x_wconf 87' lang='lat' dir='ltr'><strong>ipsius</strong></span> <span class='ocrx_word' id='word_1_177' title='bbox 1542 2427 1882 2482; x_wconf 90' lang='lat' dir='ltr'><strong>benevolam</strong></span> <span class='ocrx_word' id='word_1_178' title='bbox 1917 2428 2027 2484; x_wconf 90' lang='lat' dir='ltr'><strong>mi-</strong></span> 
     </span>
    </p>
   </div>
   <div class='ocr_carea' id='block_1_27' title="bbox 369 2513 2028 2588">
    <p class='ocr_par' dir='ltr' id='par_1_27' title="bbox 369 2513 2028 2588">
     <span class='ocr_line' id='line_1_27' title="bbox 369 2513 2028 2588; baseline 0.004 -20"><span class='ocrx_word' id='word_1_179' title='bbox 369 2513 770 2568; x_wconf 87' lang='lat' dir='ltr'><strong>sericordiam.</strong></span> <span class='ocrx_word' id='word_1_180' title='bbox 806 2513 1023 2569; x_wconf 79' lang='lat' dir='ltr'><strong>Exaudi</strong></span> <span class='ocrx_word' id='word_1_181' title='bbox 1055 2531 1180 2581; x_wconf 89' lang='lat' dir='ltr'><strong>nos,</strong></span> <span class='ocrx_word' id='word_1_182' title='bbox 1227 2515 1472 2572; x_wconf 90' lang='lat' dir='ltr'><strong>Domine</strong></span> <span class='ocrx_word' id='word_1_183' title='bbox 1515 2515 1798 2585; x_wconf 86' lang='lat' dir='ltr'><strong>Salvator,</strong></span> <span class='ocrx_word' id='word_1_184' title='bbox 1833 2518 1935 2588; x_wconf 92' lang='lat' dir='ltr'><strong>qui</strong></span> <span class='ocrx_word' id='word_1_185' title='bbox 1965 2534 2028 2574; x_wconf 87' lang='lat' dir='ltr'><strong>es</strong></span> 
     </span>
    </p>
   </div>
   <div class='ocr_carea' id='block_1_28' title="bbox 376 2602 1310 2660">
    <p class='ocr_par' dir='ltr' id='par_1_28' title="bbox 376 2602 1310 2660">
     <span class='ocr_line' id='line_1_28' title="bbox 376 2602 1310 2660; baseline 0.001 -2"><span class='ocrx_word' id='word_1_186' title='bbox 376 2602 719 2658; x_wconf 85' lang='lat' dir='ltr'><strong>benedictus</strong></span> <span class='ocrx_word' id='word_1_187' title='bbox 751 2603 810 2658; x_wconf 92' lang='lat' dir='ltr'><strong>in</strong></span> <span class='ocrx_word' id='word_1_188' title='bbox 838 2604 1070 2660; x_wconf 68' lang='lat' dir='ltr'><strong>saecula.</strong></span> <span class='ocrx_word' id='word_1_189' title='bbox 1106 2610 1310 2660; x_wconf 81' lang='lat' dir='ltr'><strong>Amen.</strong></span> 
     </span>
    </p>
   </div>
   <div class='ocr_carea' id='block_1_29' title="bbox 435 2873 909 2945">
    <p class='ocr_par' dir='ltr' id='par_1_29' title="bbox 435 2873 909 2945">
     <span class='ocr_line' id='line_1_29' title="bbox 435 2873 909 2945; baseline 0 -15"><span class='ocrx_word' id='word_1_190' title='bbox 435 2875 458 2909; x_wconf 87' lang='grc'>³</span> <span class='ocrx_word' id='word_1_191' title='bbox 483 2873 687 2932; x_wconf 75' lang='lat' dir='ltr'><strong>Matth.</strong></span> <span class='ocrx_word' id='word_1_192' title='bbox 718 2892 797 2945; x_wconf 73' lang='lat' dir='ltr'><strong>xx,</strong></span> <span class='ocrx_word' id='word_1_193' title='bbox 817 2875 909 2931; x_wconf 78' lang='lat'><strong>28.</strong></span> 
     </span>
    </p>
   </div>
   <div class='ocr_carea' id='block_1_30' title="bbox 2145 636 3799 716">
    <p class='ocr_par' dir='ltr' id='par_1_30' title="bbox 2145 636 3799 716">
     <span class='ocr_line' id='line_1_30' title="bbox 2145 636 3799 716; baseline 0.001 -24"><span class='ocrx_word' id='word_1_194' title='bbox 2145 659 2226 713; x_wconf 85' lang='grc' dir='ltr'>ριν</span> <span class='ocrx_word' id='word_1_195' title='bbox 2281 638 2416 711; x_wconf 73' lang='grc' dir='ltr'>ἐμὴν</span> <span class='ocrx_word' id='word_1_196' title='bbox 2467 643 2768 700; x_wconf 82' lang='grc' dir='ltr'>κοπιῶντες</span> <span class='ocrx_word' id='word_1_197' title='bbox 2818 638 2908 692; x_wconf 77' lang='grc' dir='ltr'>καὶ</span> <span class='ocrx_word' id='word_1_198' title='bbox 2958 636 3407 716; x_wconf 70' lang='grc' dir='ltr'>πεφορτισμένοι*</span> <span class='ocrx_word' id='word_1_199' title='bbox 3459 638 3610 713; x_wconf 88' lang='grc' dir='ltr'>κάγὼ</span> <span class='ocrx_word' id='word_1_200' title='bbox 3669 639 3799 694; x_wconf 86' lang='grc' dir='ltr'>ἀνα-</span> 
     </span>
    </p>
   </div>
   <div class='ocr_carea' id='block_1_31' title="bbox 2142 725 3798 802">
    <p class='ocr_par' dir='ltr' id='par_1_31' title="bbox 2142 725 3798 802">
     <span class='ocr_line' id='line_1_31' title="bbox 2142 725 3798 802; baseline 0.001 -19"><span class='ocrx_word' id='word_1_201' title='bbox 2142 728 2332 783; x_wconf 88' lang='grc' dir='ltr'>παύσω</span> <span class='ocrx_word' id='word_1_202' title='bbox 2368 729 2526 802; x_wconf 78' lang='grc' dir='ltr'>ὑμᾶς.</span> <span class='ocrx_word' id='word_1_203' title='bbox 2562 753 2590 779; x_wconf 83' lang='lat'><em>»</em></span> <span class='ocrx_word' id='word_1_204' title='bbox 2614 729 2680 784; x_wconf 92' lang='grc' dir='ltr'>Τί</span> <span class='ocrx_word' id='word_1_205' title='bbox 2727 725 2784 782; x_wconf 77' lang='grc' dir='ltr'><strong>δέ</strong></span> <span class='ocrx_word' id='word_1_206' title='bbox 2829 727 2937 782; x_wconf 81' lang='grc' dir='ltr'>ἐστι</span> <span class='ocrx_word' id='word_1_207' title='bbox 2985 728 3048 782; x_wconf 87' lang='grc' dir='ltr'>τὸ</span> <span class='ocrx_word' id='word_1_208' title='bbox 3078 753 3105 780; x_wconf 77' lang='grc' dir='ltr'><strong>ιι</strong></span> <span class='ocrx_word' id='word_1_209' title='bbox 3141 727 3434 783; x_wconf 72' lang='grc' dir='ltr'><strong>ἀναπαύσω</strong></span> <span class='ocrx_word' id='word_1_210' title='bbox 3471 748 3484 798; x_wconf 89' lang='grc'><strong>;</strong></span> <span class='ocrx_word' id='word_1_211' title='bbox 3521 751 3550 779; x_wconf 89' lang='grc'>››</span> <span class='ocrx_word' id='word_1_212' title='bbox 3599 727 3798 784; x_wconf 78' lang='grc' dir='ltr'>Παύσω</span> 
     </span>
    </p>
   </div>
   <div class='ocr_carea' id='block_1_32' title="bbox 2141 813 3800 892">
    <p class='ocr_par' dir='ltr' id='par_1_32' title="bbox 2141 813 3800 892">
     <span class='ocr_line' id='line_1_32' title="bbox 2141 813 3800 892; baseline -0.001 -19"><span class='ocrx_word' id='word_1_213' title='bbox 2141 816 2306 873; x_wconf 78' lang='grc' dir='ltr'>πάλιν</span> <span class='ocrx_word' id='word_1_214' title='bbox 2347 823 2443 872; x_wconf 80' lang='grc' dir='ltr'><strong>τοῦ</strong></span> <span class='ocrx_word' id='word_1_215' title='bbox 2497 817 2549 872; x_wconf 75' lang='grc' dir='ltr'>ἐν</span> <span class='ocrx_word' id='word_1_216' title='bbox 2600 823 2780 880; x_wconf 81' lang='grc' dir='ltr'>κενοῖς</span> <span class='ocrx_word' id='word_1_217' title='bbox 2821 822 3038 888; x_wconf 80' lang='grc' dir='ltr'>κοπιᾷν.</span> <span class='ocrx_word' id='word_1_218' title='bbox 3091 816 3200 872; x_wconf 87' lang='grc' dir='ltr'><strong>Οὐκ</strong></span> <span class='ocrx_word' id='word_1_219' title='bbox 3247 813 3355 872; x_wconf 74' lang='grc' dir='ltr'>ἔστι</span> <span class='ocrx_word' id='word_1_220' title='bbox 3408 817 3534 892; x_wconf 70' lang='grc' dir='ltr'>γὰρ,</span> <span class='ocrx_word' id='word_1_221' title='bbox 3586 819 3675 873; x_wconf 79' lang='grc' dir='ltr'>ὅτε</span> <span class='ocrx_word' id='word_1_222' title='bbox 3723 819 3800 880; x_wconf 84' lang='grc' dir='ltr'>ὡς</span> 
     </span>
    </p>
   </div>
   <div class='ocr_carea' id='block_1_33' title="bbox 2143 901 3798 983">
    <p class='ocr_par' dir='ltr' id='par_1_33' title="bbox 2143 901 3798 983">
     <span class='ocr_line' id='line_1_33' title="bbox 2143 901 3798 983; baseline 0.001 -21"><span class='ocrx_word' id='word_1_223' title='bbox 2143 905 2383 980; x_wconf 76' lang='grc' dir='ltr'>ἄστατοι,</span> <span class='ocrx_word' id='word_1_224' title='bbox 2433 907 2522 962; x_wconf 78' lang='grc' dir='ltr'><strong>καὶ</strong></span> <span class='ocrx_word' id='word_1_225' title='bbox 2581 906 2965 983; x_wconf 70' lang='grc' dir='ltr'>πολυρῥεπεῖς,</span> <span class='ocrx_word' id='word_1_226' title='bbox 3025 908 3111 962; x_wconf 78' lang='grc' dir='ltr'><strong>καὶ</strong></span> <span class='ocrx_word' id='word_1_227' title='bbox 3172 901 3542 982; x_wconf 75' lang='grc' dir='ltr'>παλίμϐολοι,</span> <span class='ocrx_word' id='word_1_228' title='bbox 3589 908 3677 963; x_wconf 83' lang='grc' dir='ltr'><strong>καὶ</strong></span> <span class='ocrx_word' id='word_1_229' title='bbox 3705 907 3798 963; x_wconf 85' lang='grc' dir='ltr'>εὐ-</span> 
     </span>
    </p>
   </div>
   <div class='ocr_carea' id='block_1_34' title="bbox 2147 991 3795 1074">
    <p class='ocr_par' dir='ltr' id='par_1_34' title="bbox 2147 991 3795 1074">
     <span class='ocr_line' id='line_1_34' title="bbox 2147 991 3795 1074; baseline 0.001 -23"><span class='ocrx_word' id='word_1_230' title='bbox 2147 998 2466 1074; x_wconf 75' lang='grc' dir='ltr'>μετάφοροι,</span> <span class='ocrx_word' id='word_1_231' title='bbox 2512 996 2602 1051; x_wconf 82' lang='grc' dir='ltr'>καὶ</span> <span class='ocrx_word' id='word_1_232' title='bbox 2654 991 2925 1066; x_wconf 71' lang='grc' dir='ltr'>ἀϐεϐαιοι,</span> <span class='ocrx_word' id='word_1_233' title='bbox 2977 995 3086 1071; x_wconf 85' lang='grc' dir='ltr'>[οὐ]</span> <span class='ocrx_word' id='word_1_234' title='bbox 3136 1000 3458 1072; x_wconf 74' lang='grc' dir='ltr'><strong>μοχθοῦμεν</strong></span> <span class='ocrx_word' id='word_1_235' title='bbox 3511 997 3590 1073; x_wconf 77' lang='grc' dir='ltr'><strong>ἐφ’</strong></span> <span class='ocrx_word' id='word_1_236' title='bbox 3622 1000 3704 1060; x_wconf 82' lang='grc' dir='ltr'>οἷς</span> <span class='ocrx_word' id='word_1_237' title='bbox 3731 997 3795 1052; x_wconf 90' lang='grc' dir='ltr'>οὐ</span> 
     </span>
    </p>
   </div>
   <div class='ocr_carea' id='block_1_35' title="bbox 2142 1085 3795 1162">
    <p class='ocr_par' dir='ltr' id='par_1_35' title="bbox 2142 1085 3795 1162">
     <span class='ocr_line' id='line_1_35' title="bbox 2142 1085 3795 1162; baseline 0.001 -22"><span class='ocrx_word' id='word_1_238' title='bbox 2142 1087 2278 1162; x_wconf 75' lang='grc' dir='ltr'>χρὴ,</span> <span class='ocrx_word' id='word_1_239' title='bbox 2333 1086 2423 1141; x_wconf 87' lang='grc' dir='ltr'><strong>καὶ</strong></span> <span class='ocrx_word' id='word_1_240' title='bbox 2473 1085 2592 1157; x_wconf 77' lang='grc' dir='ltr'>εἷ’κῆ</span> <span class='ocrx_word' id='word_1_241' title='bbox 2640 1088 2934 1160; x_wconf 81' lang='grc' dir='ltr'>κάμνονεν,</span> <span class='ocrx_word' id='word_1_242' title='bbox 2982 1085 3073 1141; x_wconf 84' lang='grc' dir='ltr'><strong>καὶ</strong></span> <span class='ocrx_word' id='word_1_243' title='bbox 3117 1091 3400 1160; x_wconf 79' lang='grc' dir='ltr'>κοπιῶμεν</span> <span class='ocrx_word' id='word_1_244' title='bbox 3459 1086 3795 1160; x_wconf 84' lang='grc' dir='ltr'>τηνάλλως,</span> 
     </span>
    </p>
   </div>
   <div class='ocr_carea' id='block_1_36' title="bbox 2141 1174 3796 1252">
    <p class='ocr_par' dir='ltr' id='par_1_36' title="bbox 2141 1174 3796 1252">
     <span class='ocr_line' id='line_1_36' title="bbox 2141 1174 3796 1252; baseline 0.001 -22"><span class='ocrx_word' id='word_1_245' title='bbox 2141 1176 2229 1230; x_wconf 82' lang='grc' dir='ltr'>καὶ</span> <span class='ocrx_word' id='word_1_246' title='bbox 2289 1179 2561 1248; x_wconf 83' lang='grc' dir='ltr'>πονοῦμεν</span> <span class='ocrx_word' id='word_1_247' title='bbox 2625 1174 2839 1249; x_wconf 80' lang='grc' dir='ltr'>μάτην.</span> <span class='ocrx_word' id='word_1_248' title='bbox 2901 1175 3057 1232; x_wconf 87' lang='grc' dir='ltr'>Ἀλλ’</span> <span class='ocrx_word' id='word_1_249' title='bbox 3115 1175 3268 1249; x_wconf 81' lang='grc' dir='ltr'>ὅμως</span> <span class='ocrx_word' id='word_1_250' title='bbox 3328 1176 3590 1252; x_wconf 83' lang='grc' dir='ltr'>βραχείας</span> <span class='ocrx_word' id='word_1_251' title='bbox 3649 1177 3796 1239; x_wconf 87' lang='grc' dir='ltr'>τινὸς</span> 
     </span>
    </p>
   </div>
   <div class='ocr_carea' id='block_1_37' title="bbox 2143 1261 3798 1344">
    <p class='ocr_par' dir='ltr' id='par_1_37' title="bbox 2143 1261 3798 1344">
     <span class='ocr_line' id='line_1_37' title="bbox 2143 1261 3798 1344; baseline 0.002 -26"><span class='ocrx_word' id='word_1_252' title='bbox 2143 1262 2508 1340; x_wconf 82' lang='grc' dir='ltr'>δραττόμενος</span> <span class='ocrx_word' id='word_1_253' title='bbox 2569 1265 2767 1328; x_wconf 73' lang='grc' dir='ltr'>ἐκεῖνος</span> <span class='ocrx_word' id='word_1_254' title='bbox 2829 1266 2857 1320; x_wconf 98' lang='lat'><strong>6</strong></span> <span class='ocrx_word' id='word_1_255' title='bbox 2909 1267 3046 1342; x_wconf 87' lang='grc' dir='ltr'>πρὸς</span> <span class='ocrx_word' id='word_1_256' title='bbox 3101 1263 3518 1344; x_wconf 77' lang='grc' dir='ltr'>φιλανθρωπίαν</span> <span class='ocrx_word' id='word_1_257' title='bbox 3576 1261 3798 1343; x_wconf 74' lang='grc' dir='ltr'>ἀκριϐέ-</span> 
     </span>
    </p>
   </div>
   <div class='ocr_carea' id='block_1_38' title="bbox 2144 1351 3802 1433">
    <p class='ocr_par' dir='ltr' id='par_1_38' title="bbox 2144 1351 3802 1433">
     <span class='ocr_line' id='line_1_38' title="bbox 2144 1351 3802 1433; baseline 0.001 -23"><span class='ocrx_word' id='word_1_258' title='bbox 2144 1376 2336 1418; x_wconf 87' lang='grc' dir='ltr'>στατος</span> <span class='ocrx_word' id='word_1_259' title='bbox 2388 1357 2667 1433; x_wconf 77' lang='grc' dir='ltr'>ἀφορμῆς,</span> <span class='ocrx_word' id='word_1_260' title='bbox 2721 1356 2812 1410; x_wconf 81' lang='grc' dir='ltr'>καὶ</span> <span class='ocrx_word' id='word_1_261' title='bbox 2853 1360 2936 1428; x_wconf 80' lang='grc' dir='ltr'>τῷ</span> <span class='ocrx_word' id='word_1_262' title='bbox 2982 1351 3234 1428; x_wconf 83' lang='grc' dir='ltr'><strong>ταλάντῳ</strong></span> <span class='ocrx_word' id='word_1_263' title='bbox 3279 1363 3382 1425; x_wconf 83' lang='grc' dir='ltr'><strong>τῆς</strong></span> <span class='ocrx_word' id='word_1_264' title='bbox 3432 1355 3663 1433; x_wconf 84' lang='grc' dir='ltr'>κρίσεως</span> <span class='ocrx_word' id='word_1_265' title='bbox 3704 1377 3802 1411; x_wconf 90' lang='grc' dir='ltr'>κε-</span> 
     </span>
    </p>
   </div>
   <div class='ocr_carea' id='block_1_39' title="bbox 2143 1439 3799 1521">
    <p class='ocr_par' dir='ltr' id='par_1_39' title="bbox 2143 1439 3799 1521">
     <span class='ocr_line' id='line_1_39' title="bbox 2143 1439 3799 1521; baseline 0.002 -23"><span class='ocrx_word' id='word_1_266' title='bbox 2143 1442 2328 1520; x_wconf 78' lang='grc' dir='ltr'>ράτιον</span> <span class='ocrx_word' id='word_1_267' title='bbox 2359 1444 2412 1499; x_wconf 79' lang='grc' dir='ltr'><strong>’ὲν</strong></span> <span class='ocrx_word' id='word_1_268' title='bbox 2461 1445 2495 1513; x_wconf 75' lang='grc' dir='ltr'><strong>ἢ</strong></span> <span class='ocrx_word' id='word_1_269' title='bbox 2537 1445 2734 1500; x_wconf 80' lang='grc' dir='ltr'>κόκκον</span> <span class='ocrx_word' id='word_1_270' title='bbox 2781 1442 2874 1500; x_wconf 75' lang='grc' dir='ltr'><strong>ἕνα</strong></span> <span class='ocrx_word' id='word_1_271' title='bbox 2903 1439 3269 1515; x_wconf 65' lang='grc' dir='ltr'>ἐπιϐληθέντα</span> <span class='ocrx_word' id='word_1_272' title='bbox 3300 1441 3450 1514; x_wconf 79' lang='grc' dir='ltr'>ἰδὼν,</span> <span class='ocrx_word' id='word_1_273' title='bbox 3481 1445 3618 1521; x_wconf 88' lang='grc' dir='ltr'>πρὸς</span> <span class='ocrx_word' id='word_1_274' title='bbox 3649 1446 3799 1518; x_wconf 80' lang='grc' dir='ltr'><strong>ἡμὲ-</strong></span> 
     </span>
    </p>
   </div>
   <div class='ocr_carea' id='block_1_40' title="bbox 2139 1533 3800 1609">
    <p class='ocr_par' dir='ltr' id='par_1_40' title="bbox 2139 1533 3800 1609">
     <span class='ocr_line' id='line_1_40' title="bbox 2139 1533 3800 1609; baseline 0.001 -21"><span class='ocrx_word' id='word_1_275' title='bbox 2139 1554 2292 1608; x_wconf 87' lang='grc' dir='ltr'>τερον</span> <span class='ocrx_word' id='word_1_276' title='bbox 2353 1534 2546 1608; x_wconf 84' lang='grc' dir='ltr'>ἀγαθὸν</span> <span class='ocrx_word' id='word_1_277' title='bbox 2601 1533 2770 1609; x_wconf 73' lang='grc' dir='ltr'>ῥέπει,</span> <span class='ocrx_word' id='word_1_278' title='bbox 2827 1533 2917 1588; x_wconf 81' lang='grc' dir='ltr'><strong>καὶ</strong></span> <span class='ocrx_word' id='word_1_279' title='bbox 2974 1533 3049 1596; x_wconf 82' lang='grc' dir='ltr'>εἷς</span> <span class='ocrx_word' id='word_1_280' title='bbox 3108 1535 3374 1606; x_wconf 75' lang='grc' dir='ltr'>στατῆρας</span> <span class='ocrx_word' id='word_1_281' title='bbox 3429 1533 3613 1607; x_wconf 76' lang='grc' dir='ltr'>ἀξίους</span> <span class='ocrx_word' id='word_1_282' title='bbox 3659 1534 3800 1590; x_wconf 86' lang='grc' dir='ltr'>τίθε-</span> 
     </span>
    </p>
   </div>
   <div class='ocr_carea' id='block_1_41' title="bbox 2139 1621 3796 1698">
    <p class='ocr_par' dir='ltr' id='par_1_41' title="bbox 2139 1621 3796 1698">
     <span class='ocr_line' id='line_1_41' title="bbox 2139 1621 3796 1698; baseline 0.002 -23"><span class='ocrx_word' id='word_1_283' title='bbox 2139 1642 2224 1676; x_wconf 87' lang='grc' dir='ltr'><strong>ται</strong></span> <span class='ocrx_word' id='word_1_284' title='bbox 2272 1627 2369 1677; x_wconf 84' lang='grc' dir='ltr'><strong>τοῦ</strong></span> <span class='ocrx_word' id='word_1_285' title='bbox 2417 1625 2533 1678; x_wconf 90' lang='grc' dir='ltr'>κατ’</span> <span class='ocrx_word' id='word_1_286' title='bbox 2583 1622 2741 1678; x_wconf 88' lang='grc' dir='ltr'>αὐτὸν</span> <span class='ocrx_word' id='word_1_287' title='bbox 2792 1625 3088 1698; x_wconf 81' lang='grc' dir='ltr'><strong>θησαυροῦ·</strong></span> <span class='ocrx_word' id='word_1_288' title='bbox 3137 1623 3226 1678; x_wconf 85' lang='grc' dir='ltr'><strong>καὶ</strong></span> <span class='ocrx_word' id='word_1_289' title='bbox 3277 1623 3459 1686; x_wconf 79' lang='grc' dir='ltr'>ὁσάκις</span> <span class='ocrx_word' id='word_1_290' title='bbox 3502 1621 3560 1678; x_wconf 79' lang='grc' dir='ltr'><strong>ἄν</strong></span> <span class='ocrx_word' id='word_1_291' title='bbox 3614 1623 3796 1680; x_wconf 83' lang='grc' dir='ltr'>σκελι-</span> 
     </span>
    </p>
   </div>
   <div class='ocr_carea' id='block_1_42' title="bbox 2141 1710 3794 1790">
    <p class='ocr_par' dir='ltr' id='par_1_42' title="bbox 2141 1710 3794 1790">
     <span class='ocr_line' id='line_1_42' title="bbox 2141 1710 3794 1790; baseline 0.002 -25"><span class='ocrx_word' id='word_1_292' title='bbox 2141 1710 2348 1773; x_wconf 78' lang='grc' dir='ltr'>σθὲντες</span> <span class='ocrx_word' id='word_1_293' title='bbox 2381 1713 2484 1766; x_wconf 82' lang='grc' dir='ltr'><strong>ὑπὸ</strong></span> <span class='ocrx_word' id='word_1_294' title='bbox 2513 1717 2610 1767; x_wconf 88' lang='grc' dir='ltr'><strong>τοῦ</strong></span> <span class='ocrx_word' id='word_1_295' title='bbox 2658 1717 2902 1787; x_wconf 85' lang='grc' dir='ltr'>πονηροῦ</span> <span class='ocrx_word' id='word_1_296' title='bbox 2931 1710 3286 1790; x_wconf 85' lang='grc' dir='ltr'>ἀντιδρόμου,</span> <span class='ocrx_word' id='word_1_297' title='bbox 3317 1734 3407 1769; x_wconf 87' lang='grc' dir='ltr'><strong>και</strong></span> <span class='ocrx_word' id='word_1_298' title='bbox 3454 1713 3794 1782; x_wconf 80' lang='grc' dir='ltr'>πταίσαντες,</span> 
     </span>
    </p>
   </div>
   <div class='ocr_carea' id='block_1_43' title="bbox 2139 1801 3794 1878">
    <p class='ocr_par' dir='ltr' id='par_1_43' title="bbox 2139 1801 3794 1878">
     <span class='ocr_line' id='line_1_43' title="bbox 2139 1801 3794 1878; baseline 0.001 -22"><span class='ocrx_word' id='word_1_299' title='bbox 2139 1802 2174 1870; x_wconf 80' lang='grc' dir='ltr'><strong>ἢ</strong></span> <span class='ocrx_word' id='word_1_300' title='bbox 2225 1801 2638 1877; x_wconf 75' lang='grc' dir='ltr'>καταρῥιφέντες</span> <span class='ocrx_word' id='word_1_301' title='bbox 2687 1802 3114 1878; x_wconf 78' lang='grc' dir='ltr'>ἐξορθωθείημεν</span> <span class='ocrx_word' id='word_1_302' title='bbox 3151 1848 3165 1873; x_wconf 90' lang='grc'><strong>,</strong></span> <span class='ocrx_word' id='word_1_303' title='bbox 3219 1801 3377 1858; x_wconf 83' lang='grc' dir='ltr'>παύει</span> <span class='ocrx_word' id='word_1_304' title='bbox 3436 1805 3526 1858; x_wconf 83' lang='grc' dir='ltr'><strong>καὶ</strong></span> <span class='ocrx_word' id='word_1_305' title='bbox 3585 1801 3794 1858; x_wconf 83' lang='grc' dir='ltr'>ἐκεῖνον</span> 
     </span>
    </p>
   </div>
   <div class='ocr_carea' id='block_1_44' title="bbox 2139 1891 3795 1966">
    <p class='ocr_par' dir='ltr' id='par_1_44' title="bbox 2139 1891 3795 1966">
     <span class='ocr_line' id='line_1_44' title="bbox 2139 1891 3795 1966; baseline 0.002 -21"><span class='ocrx_word' id='word_1_306' title='bbox 2139 1895 2234 1945; x_wconf 87' lang='grc' dir='ltr'><strong>τοῦ</strong></span> <span class='ocrx_word' id='word_1_307' title='bbox 2282 1891 2627 1960; x_wconf 83' lang='grc' dir='ltr'>καταπαίζειν</span> <span class='ocrx_word' id='word_1_308' title='bbox 2673 1895 2858 1965; x_wconf 80' lang='grc' dir='ltr'>ἡμῶν,</span> <span class='ocrx_word' id='word_1_309' title='bbox 2919 1893 3006 1947; x_wconf 85' lang='grc' dir='ltr'>καὶ</span> <span class='ocrx_word' id='word_1_310' title='bbox 3065 1895 3215 1962; x_wconf 81' lang='grc' dir='ltr'>ἡμᾶς</span> <span class='ocrx_word' id='word_1_311' title='bbox 3257 1897 3354 1948; x_wconf 90' lang='grc' dir='ltr'><strong>τοῦ</strong></span> <span class='ocrx_word' id='word_1_312' title='bbox 3414 1891 3795 1966; x_wconf 78' lang='grc' dir='ltr'>ἐμπαίζεσθαι.</span> 
     </span>
    </p>
   </div>
   <div class='ocr_carea' id='block_1_45' title="bbox 2141 1978 3799 2055">
    <p class='ocr_par' dir='ltr' id='par_1_45' title="bbox 2141 1978 3799 2055">
     <span class='ocr_line' id='line_1_45' title="bbox 2141 1978 3799 2055; baseline -0.001 -18"><span class='ocrx_word' id='word_1_313' title='bbox 2141 1979 2301 2037; x_wconf 78' lang='grc' dir='ltr'>Οὕτω</span> <span class='ocrx_word' id='word_1_314' title='bbox 2357 1985 2486 2055; x_wconf 90' lang='grc' dir='ltr'>γοῦν</span> <span class='ocrx_word' id='word_1_315' title='bbox 2546 1983 2634 2036; x_wconf 84' lang='grc' dir='ltr'>καὶ</span> <span class='ocrx_word' id='word_1_316' title='bbox 2689 1986 2780 2035; x_wconf 85' lang='grc' dir='ltr'><strong>νῦν</strong></span> <span class='ocrx_word' id='word_1_317' title='bbox 2840 1981 3259 2052; x_wconf 80' lang='grc' dir='ltr'>ἀναποιηθὲντας</span> <span class='ocrx_word' id='word_1_318' title='bbox 3321 1982 3482 2055; x_wconf 80' lang='grc' dir='ltr'>ὑμᾶς,</span> <span class='ocrx_word' id='word_1_319' title='bbox 3560 1981 3648 2037; x_wconf 83' lang='grc' dir='ltr'><strong>καὶ</strong></span> <span class='ocrx_word' id='word_1_320' title='bbox 3709 1978 3799 2036; x_wconf 81' lang='grc' dir='ltr'><strong>δε-</strong></span> 
     </span>
    </p>
   </div>
   <div class='ocr_carea' id='block_1_46' title="bbox 2142 2070 3796 2148">
    <p class='ocr_par' dir='ltr' id='par_1_46' title="bbox 2142 2070 3796 2148">
     <span class='ocr_line' id='line_1_46' title="bbox 2142 2070 3796 2148; baseline 0.001 -24"><span class='ocrx_word' id='word_1_321' title='bbox 2142 2071 2312 2132; x_wconf 85' lang='grc' dir='ltr'>όντως</span> <span class='ocrx_word' id='word_1_322' title='bbox 2347 2071 2816 2148; x_wconf 72' lang='grc' dir='ltr'>ἀναφρονήσαντας</span> <span class='ocrx_word' id='word_1_323' title='bbox 2847 2070 2898 2125; x_wconf 74' lang='grc' dir='ltr'>ἐν</span> <span class='ocrx_word' id='word_1_324' title='bbox 2955 2076 3034 2144; x_wconf 79' lang='grc' dir='ltr'>τῷ</span> <span class='ocrx_word' id='word_1_325' title='bbox 3080 2076 3388 2141; x_wconf 76' lang='grc' dir='ltr'>πονεῖσθαι,</span> <span class='ocrx_word' id='word_1_326' title='bbox 3423 2070 3529 2146; x_wconf 88' lang='grc' dir='ltr'><strong>οὐχ</strong></span> <span class='ocrx_word' id='word_1_327' title='bbox 3577 2070 3796 2140; x_wconf 81' lang='grc' dir='ltr'>ἁπλῶς,</span> 
     </span>
    </p>
   </div>
   <div class='ocr_carea' id='block_1_47' title="bbox 2141 2157 3797 2237">
    <p class='ocr_par' dir='ltr' id='par_1_47' title="bbox 2141 2157 3797 2237">
     <span class='ocr_line' id='line_1_47' title="bbox 2141 2157 3797 2237; baseline 0.001 -23"><span class='ocrx_word' id='word_1_328' title='bbox 2141 2157 2266 2215; x_wconf 85' lang='grc' dir='ltr'>ἀλλ’</span> <span class='ocrx_word' id='word_1_329' title='bbox 2299 2157 2382 2237; x_wconf 86' lang='grc' dir='ltr'><strong>ἐφ’</strong></span> <span class='ocrx_word' id='word_1_330' title='bbox 2410 2163 2491 2222; x_wconf 82' lang='grc' dir='ltr'>οἷς</span> <span class='ocrx_word' id='word_1_331' title='bbox 2527 2161 2555 2214; x_wconf 94' lang='lat'><strong>6</strong></span> <span class='ocrx_word' id='word_1_332' title='bbox 2582 2164 2679 2214; x_wconf 90' lang='grc' dir='ltr'><strong>τοῦ</strong></span> <span class='ocrx_word' id='word_1_333' title='bbox 2729 2165 2864 2215; x_wconf 90' lang='grc' dir='ltr'>Θεοῦ</span> <span class='ocrx_word' id='word_1_334' title='bbox 2913 2161 3203 2236; x_wconf 76' lang='grc' dir='ltr'>ἄνθρωπος</span> <span class='ocrx_word' id='word_1_335' title='bbox 3251 2159 3522 2230; x_wconf 73' lang='grc' dir='ltr'>τέτακται,</span> <span class='ocrx_word' id='word_1_336' title='bbox 3555 2159 3615 2214; x_wconf 90' lang='grc' dir='ltr'><strong>οὐ</strong></span> <span class='ocrx_word' id='word_1_337' title='bbox 3655 2160 3797 2215; x_wconf 81' lang='grc' dir='ltr'>παύ-</span> 
     </span>
    </p>
   </div>
   <div class='ocr_carea' id='block_1_48' title="bbox 2141 2246 3795 2328">
    <p class='ocr_par' dir='ltr' id='par_1_48' title="bbox 2141 2246 3795 2328">
     <span class='ocr_line' id='line_1_48' title="bbox 2141 2246 3795 2328; baseline 0.001 -26"><span class='ocrx_word' id='word_1_338' title='bbox 2141 2269 2218 2302; x_wconf 88' lang='grc' dir='ltr'><strong>σει</strong></span> <span class='ocrx_word' id='word_1_339' title='bbox 2272 2250 2507 2325; x_wconf 84' lang='grc' dir='ltr'>πρώτως</span> <span class='ocrx_word' id='word_1_340' title='bbox 2561 2246 2680 2322; x_wconf 72' lang='grc' dir='ltr'>ἄρτι</span> <span class='ocrx_word' id='word_1_341' title='bbox 2744 2254 2842 2304; x_wconf 88' lang='grc' dir='ltr'><strong>τοῦ</strong></span> <span class='ocrx_word' id='word_1_342' title='bbox 2901 2249 3229 2326; x_wconf 85' lang='grc' dir='ltr'>ἐφαμάρτως</span> <span class='ocrx_word' id='word_1_343' title='bbox 3301 2249 3644 2328; x_wconf 75' lang='grc' dir='ltr'>φορτίζεσθαι</span> <span class='ocrx_word' id='word_1_344' title='bbox 3703 2248 3795 2304; x_wconf 82' lang='grc' dir='ltr'><strong>καὶ</strong></span> 
     </span>
    </p>
   </div>
   <div class='ocr_carea' id='block_1_49' title="bbox 2138 2335 3798 2412">
    <p class='ocr_par' dir='ltr' id='par_1_49' title="bbox 2138 2335 3798 2412">
     <span class='ocr_line' id='line_1_49' title="bbox 2138 2335 3798 2412; baseline 0.001 -21"><span class='ocrx_word' id='word_1_345' title='bbox 2138 2342 2357 2408; x_wconf 85' lang='grc' dir='ltr'>κοπιᾷν,</span> <span class='ocrx_word' id='word_1_346' title='bbox 2394 2336 2539 2392; x_wconf 77' lang='grc' dir='ltr'>ἀλλὰ</span> <span class='ocrx_word' id='word_1_347' title='bbox 2579 2337 2892 2394; x_wconf 85' lang='grc' dir='ltr'>ἀναπαύσει.</span> <span class='ocrx_word' id='word_1_348' title='bbox 2945 2339 3042 2392; x_wconf 82' lang='grc' dir='ltr'><strong>Καὶ</strong></span> <span class='ocrx_word' id='word_1_349' title='bbox 3093 2339 3307 2412; x_wconf 71' lang='grc' dir='ltr'>γένοιτο</span> <span class='ocrx_word' id='word_1_350' title='bbox 3340 2335 3562 2399; x_wconf 77' lang='grc' dir='ltr'>δεκτοὺς</span> <span class='ocrx_word' id='word_1_351' title='bbox 3592 2337 3798 2400; x_wconf 84' lang='grc' dir='ltr'>πάντας</span> 
     </span>
    </p>
   </div>
   <div class='ocr_carea' id='block_1_50' title="bbox 2138 2425 3792 2505">
    <p class='ocr_par' dir='ltr' id='par_1_50' title="bbox 2138 2425 3792 2505">
     <span class='ocr_line' id='line_1_50' title="bbox 2138 2425 3792 2505; baseline 0.001 -25"><span class='ocrx_word' id='word_1_352' title='bbox 2138 2429 2306 2500; x_wconf 75' lang='grc' dir='ltr'>ἡμᾶς,</span> <span class='ocrx_word' id='word_1_353' title='bbox 2357 2425 2402 2480; x_wconf 83' lang='grc' dir='ltr'><em>ὦ</em></span> <span class='ocrx_word' id='word_1_354' title='bbox 2453 2425 2705 2505; x_wconf 83' lang='grc' dir='ltr'>ἀδελφοὶ,</span> <span class='ocrx_word' id='word_1_355' title='bbox 2752 2432 2830 2499; x_wconf 83' lang='grc' dir='ltr'><strong>τῷ</strong></span> <span class='ocrx_word' id='word_1_356' title='bbox 2875 2433 2992 2500; x_wconf 84' lang='grc' dir='ltr'>Θεῷ</span> <span class='ocrx_word' id='word_1_357' title='bbox 3035 2426 3178 2483; x_wconf 77' lang='grc' dir='ltr'>οὕτω</span> <span class='ocrx_word' id='word_1_358' title='bbox 3219 2428 3462 2504; x_wconf 74' lang='grc' dir='ltr'>γενέσθαι</span> <span class='ocrx_word' id='word_1_359' title='bbox 3513 2425 3603 2481; x_wconf 82' lang='grc' dir='ltr'><strong>διὰ</strong></span> <span class='ocrx_word' id='word_1_360' title='bbox 3648 2433 3751 2498; x_wconf 84' lang='grc' dir='ltr'>τῆς</span> <span class='ocrx_word' id='word_1_361' title='bbox 3779 2473 3792 2493; x_wconf 87' lang='grc'><strong>,</strong></span> 
     </span>
    </p>
   </div>
   <div class='ocr_carea' id='block_1_51' title="bbox 2137 2515 3792 2592">
    <p class='ocr_par' dir='ltr' id='par_1_51' title="bbox 2137 2515 3792 2592">
     <span class='ocr_line' id='line_1_51' title="bbox 2137 2515 3792 2592; baseline 0.001 -22"><span class='ocrx_word' id='word_1_362' title='bbox 2137 2516 2212 2578; x_wconf 85' lang='grc' dir='ltr'><strong>ὡς</strong></span> <span class='ocrx_word' id='word_1_363' title='bbox 2264 2515 2495 2592; x_wconf 65' lang='grc' dir='ltr'>ἐρρήθη,</span> <span class='ocrx_word' id='word_1_364' title='bbox 2545 2517 2868 2592; x_wconf 86' lang='grc' dir='ltr'>εὐπορίστου</span> <span class='ocrx_word' id='word_1_365' title='bbox 2935 2515 3312 2590; x_wconf 70' lang='grc' dir='ltr'>ὶλεημοσύνης</span> <span class='ocrx_word' id='word_1_366' title='bbox 3370 2517 3563 2574; x_wconf 82' lang='grc' dir='ltr'>αὐτοῦ.</span> <span class='ocrx_word' id='word_1_367' title='bbox 3620 2519 3792 2574; x_wconf 78' lang='grc' dir='ltr'>Ἐπα-</span> 
     </span>
    </p>
   </div>
   <div class='ocr_carea' id='block_1_52' title="bbox 2136 2603 3797 2682">
    <p class='ocr_par' dir='ltr' id='par_1_52' title="bbox 2136 2603 3797 2682">
     <span class='ocr_line' id='line_1_52' title="bbox 2136 2603 3797 2682; baseline 0.001 -22"><span class='ocrx_word' id='word_1_368' title='bbox 2136 2604 2355 2668; x_wconf 85' lang='grc' dir='ltr'>κούσαις</span> <span class='ocrx_word' id='word_1_369' title='bbox 2385 2608 2567 2679; x_wconf 79' lang='grc' dir='ltr'>ἡμῶν,</span> <span class='ocrx_word' id='word_1_370' title='bbox 2621 2607 2666 2660; x_wconf 84' lang='grc' dir='ltr'>ὦ</span> <span class='ocrx_word' id='word_1_371' title='bbox 2716 2611 2900 2682; x_wconf 83' lang='grc' dir='ltr'>Σῶτερ</span> <span class='ocrx_word' id='word_1_372' title='bbox 2954 2605 3137 2681; x_wconf 84' lang='grc' dir='ltr'>Κύριε,</span> <span class='ocrx_word' id='word_1_373' title='bbox 3187 2607 3215 2662; x_wconf 93' lang='lat'><strong>6</strong></span> <span class='ocrx_word' id='word_1_374' title='bbox 3255 2603 3328 2661; x_wconf 81' lang='grc' dir='ltr'>ὣν</span> <span class='ocrx_word' id='word_1_375' title='bbox 3381 2605 3686 2681; x_wconf 83' lang='grc' dir='ltr'>εὐλογητὸς</span> <span class='ocrx_word' id='word_1_376' title='bbox 3719 2607 3797 2669; x_wconf 75' lang='grc' dir='ltr'>εἷς</span> 
     </span>
    </p>
   </div>
   <div class='ocr_carea' id='block_1_53' title="bbox 2134 2694 2752 2770">
    <p class='ocr_par' dir='ltr' id='par_1_53' title="bbox 2134 2694 2752 2770">
     <span class='ocr_line' id='line_1_53' title="bbox 2134 2694 2752 2770; baseline 0.005 -21"><span class='ocrx_word' id='word_1_377' title='bbox 2134 2694 2261 2757; x_wconf 82' lang='grc' dir='ltr'>τοὺς</span> <span class='ocrx_word' id='word_1_378' title='bbox 2291 2694 2513 2758; x_wconf 77' lang='grc' dir='ltr'>αῒῶνας.</span> <span class='ocrx_word' id='word_1_379' title='bbox 2549 2697 2752 2770; x_wconf 82' lang='grc' dir='ltr'>Ἀμήν.</span> 
     </span>
    </p>
   </div>
   <div class='ocr_carea' id='block_1_54' title="bbox 1711 3265 2450 3399">
    <p class='ocr_par' dir='ltr' id='par_1_54' title="bbox 1711 3265 2450 3399">
     <span class='ocr_line' id='line_1_54' title="bbox 1711 3265 2450 3399; baseline -0.001 -4"><span class='ocrx_word' id='word_1_380' title='bbox 1711 3265 2450 3399; x_wconf 90' lang='lat' dir='ltr'><strong>EJUSDEM</strong></span> 
     </span>
    </p>
   </div>
   <div class='ocr_carea' id='block_1_55' title="bbox 1024 3500 3135 3593">
    <p class='ocr_par' dir='ltr' id='par_1_55' title="bbox 1024 3500 3135 3593">
     <span class='ocr_line' id='line_1_55' title="bbox 1024 3500 3135 3593; baseline 0 -2"><span class='ocrx_word' id='word_1_381' title='bbox 1024 3501 1476 3591; x_wconf 74' lang='lat' dir='ltr'><strong>ORATIO</strong></span> <span class='ocrx_word' id='word_1_382' title='bbox 1539 3501 1850 3592; x_wconf 84' lang='lat' dir='ltr'><strong>ANNO</strong></span> <span class='ocrx_word' id='word_1_383' title='bbox 1912 3500 2632 3591; x_wconf 84' lang='lat' dir='ltr'><strong>AUSPICANDO</strong></span> <span class='ocrx_word' id='word_1_384' title='bbox 2694 3503 3135 3593; x_wconf 79' lang='lat' dir='ltr'><strong>HABITA.</strong></span> 
     </span>
    </p>
   </div>
   <div class='ocr_carea' id='block_1_56' title="bbox 449 3889 2031 3968">
    <p class='ocr_par' dir='ltr' id='par_1_56' title="bbox 449 3893 2026 3968">
     <span class='ocr_line' id='line_1_56' title="bbox 449 3893 2026 3968; baseline -0.001 -18"><span class='ocrx_word' id='word_1_385' title='bbox 449 3895 499 3950; x_wconf 85' lang='grc'><strong>1.</strong></span> <span class='ocrx_word' id='word_1_386' title='bbox 535 3895 688 3952; x_wconf 91' lang='lat' dir='ltr'><strong>Deus</strong></span> <span class='ocrx_word' id='word_1_387' title='bbox 719 3895 845 3968; x_wconf 88' lang='lat' dir='ltr'><strong>ipse</strong></span> <span class='ocrx_word' id='word_1_388' title='bbox 876 3893 1014 3952; x_wconf 90' lang='lat' dir='ltr'><strong>anni</strong></span> <span class='ocrx_word' id='word_1_389' title='bbox 1037 3893 1253 3949; x_wconf 91' lang='lat' dir='ltr'><strong>circulo</strong></span> <span class='ocrx_word' id='word_1_390' title='bbox 1291 3909 1489 3949; x_wconf 90' lang='lat' dir='ltr'><strong>revera</strong></span> <span class='ocrx_word' id='word_1_391' title='bbox 1518 3893 1828 3965; x_wconf 90' lang='lat' dir='ltr'><strong>benedicit,</strong></span> <span class='ocrx_word' id='word_1_392' title='bbox 1852 3910 1884 3949; x_wconf 95' lang='grc' dir='ltr'>ο</span> <span class='ocrx_word' id='word_1_393' title='bbox 1916 3893 2026 3949; x_wconf 86' lang='lat' dir='ltr'><strong>fra-</strong></span> 
     </span>
    </p>
   </div>
   <div class='ocr_carea' id='block_1_57' title="bbox 2144 3889 3802 3968">
    <p class='ocr_par' dir='ltr' id='par_1_57' title="bbox 2211 3889 3802 3966">
     <span class='ocr_line' id='line_1_57' title="bbox 2211 3889 3802 3966; baseline 0.001 -22"><span class='ocrx_word' id='word_1_394' title='bbox 2211 3891 2277 3946; x_wconf 84' lang='lat' dir='ltr'><strong>a&#39;.</strong></span> <span class='ocrx_word' id='word_1_395' title='bbox 2333 3889 2649 3966; x_wconf 79' lang='grc' dir='ltr'>ΕὐΛογεῖται</span> <span class='ocrx_word' id='word_1_396' title='bbox 2696 3889 2956 3966; x_wconf 71' lang='grc' dir='ltr'>στέφανος</span> <span class='ocrx_word' id='word_1_397' title='bbox 3009 3890 3255 3946; x_wconf 82' lang='grc' dir='ltr'>ἐνιαυτοῦ</span> <span class='ocrx_word' id='word_1_398' title='bbox 3305 3893 3518 3954; x_wconf 85' lang='grc' dir='ltr'>πάντως</span> <span class='ocrx_word' id='word_1_399' title='bbox 3570 3891 3657 3946; x_wconf 84' lang='grc' dir='ltr'><strong>ὑπ’</strong></span> <span class='ocrx_word' id='word_1_400' title='bbox 3702 3889 3802 3945; x_wconf 88' lang='grc' dir='ltr'>αὐ-</span> 
     </span>
    </p>
   </div>
   <div class='ocr_carea' id='block_1_58' title="bbox 376 3981 2037 4052">
    <p class='ocr_par' dir='ltr' id='par_1_58' title="bbox 376 3981 2037 4052">
     <span class='ocr_line' id='line_1_58' title="bbox 376 3981 2037 4052; baseline -0.002 -12"><span class='ocrx_word' id='word_1_401' title='bbox 376 3987 519 4052; x_wconf 90' lang='lat' dir='ltr'><strong>tres,</strong></span> <span class='ocrx_word' id='word_1_402' title='bbox 552 3989 609 4040; x_wconf 92' lang='lat' dir='ltr'><strong>et</strong></span> <span class='ocrx_word' id='word_1_403' title='bbox 637 3984 759 4040; x_wconf 71' lang='lat' dir='ltr'><strong>haec</strong></span> <span class='ocrx_word' id='word_1_404' title='bbox 789 3983 1116 4040; x_wconf 90' lang='lat' dir='ltr'><strong>benedictio</strong></span> <span class='ocrx_word' id='word_1_405' title='bbox 1159 3981 1317 4038; x_wconf 87' lang='lat' dir='ltr'><strong>haud</strong></span> <span class='ocrx_word' id='word_1_406' title='bbox 1374 3998 1602 4037; x_wconf 90' lang='lat' dir='ltr'><strong>merum</strong></span> <span class='ocrx_word' id='word_1_407' title='bbox 1657 3999 1896 4048; x_wconf 91' lang='lat' dir='ltr'><strong>munus,</strong></span> <span class='ocrx_word' id='word_1_408' title='bbox 1934 3981 2037 4036; x_wconf 87' lang='lat' dir='ltr'><strong>sed</strong></span> 
     </span>
    </p>
   </div>
   <div class='ocr_carea' id='block_1_59' title="bbox 374 4071 2036 4139">
    <p class='ocr_par' dir='ltr' id='par_1_59' title="bbox 374 4071 2036 4139">
     <span class='ocr_line' id='line_1_59' title="bbox 374 4071 2036 4139; baseline -0.003 -9"><span class='ocrx_word' id='word_1_409' title='bbox 374 4074 688 4130; x_wconf 91' lang='lat' dir='ltr'><strong>retributio</strong></span> <span class='ocrx_word' id='word_1_410' title='bbox 719 4090 847 4129; x_wconf 87' lang='lat' dir='ltr'><strong>esse</strong></span> <span class='ocrx_word' id='word_1_411' title='bbox 876 4072 1126 4128; x_wconf 92' lang='lat' dir='ltr'><strong>videtur.</strong></span> <span class='ocrx_word' id='word_1_412' title='bbox 1164 4073 1313 4127; x_wconf 90' lang='lat' dir='ltr'><strong>Deus</strong></span> <span class='ocrx_word' id='word_1_413' title='bbox 1371 4071 1550 4139; x_wconf 89' lang='lat' dir='ltr'><strong>enim,</strong></span> <span class='ocrx_word' id='word_1_414' title='bbox 1583 4087 1618 4125; x_wconf 91' lang='lat' dir='ltr'><strong>a</strong></span> <span class='ocrx_word' id='word_1_415' title='bbox 1668 4071 1835 4127; x_wconf 92' lang='lat' dir='ltr'><strong>nobis</strong></span> <span class='ocrx_word' id='word_1_416' title='bbox 1863 4071 2036 4125; x_wconf 88' lang='lat' dir='ltr'><strong>bene-</strong></span> 
     </span>
    </p>
   </div>
   <div class='ocr_carea' id='block_1_60' title="bbox 375 4159 2037 4236">
    <p class='ocr_par' dir='ltr' id='par_1_60' title="bbox 375 4159 2037 4236">
     <span class='ocr_line' id='line_1_60' title="bbox 375 4159 2037 4236; baseline -0.004 -16"><span class='ocrx_word' id='word_1_417' title='bbox 375 4165 592 4236; x_wconf 84' lang='lat' dir='ltr'><strong>dictus,</strong></span> <span class='ocrx_word' id='word_1_418' title='bbox 626 4163 801 4219; x_wconf 91' lang='lat' dir='ltr'><strong>rebus</strong></span> <span class='ocrx_word' id='word_1_419' title='bbox 844 4161 1061 4218; x_wconf 90' lang='lat' dir='ltr'><strong>nostris</strong></span> <span class='ocrx_word' id='word_1_420' title='bbox 1115 4160 1582 4216; x_wconf 88' lang='lat' dir='ltr'><strong>benedictionem</strong></span> <span class='ocrx_word' id='word_1_421' title='bbox 1618 4161 1826 4216; x_wconf 91' lang='lat' dir='ltr'><strong>reddit.</strong></span> <span class='ocrx_word' id='word_1_422' title='bbox 1860 4159 2037 4215; x_wconf 91' lang='lat' dir='ltr'><strong>Bene-</strong></span> 
     </span>
    </p>
   </div>
   <div class='ocr_carea' id='block_1_61' title="bbox 371 4249 2036 4322">
    <p class='ocr_par' dir='ltr' id='par_1_61' title="bbox 371 4249 2036 4322">
     <span class='ocr_line' id='line_1_61' title="bbox 371 4249 2036 4322; baseline -0.004 -13"><span class='ocrx_word' id='word_1_423' title='bbox 371 4254 577 4310; x_wconf 88' lang='lat' dir='ltr'><strong>dicunt</strong></span> <span class='ocrx_word' id='word_1_424' title='bbox 605 4257 801 4308; x_wconf 87' lang='lat' dir='ltr'><strong>autem</strong></span> <span class='ocrx_word' id='word_1_425' title='bbox 837 4258 948 4308; x_wconf 90' lang='lat' dir='ltr'><strong>Deo</strong></span> <span class='ocrx_word' id='word_1_426' title='bbox 980 4251 1247 4307; x_wconf 87' lang='lat' dir='ltr'><strong>homines</strong></span> <span class='ocrx_word' id='word_1_427' title='bbox 1304 4267 1418 4306; x_wconf 88' lang='lat' dir='ltr'><strong>non</strong></span> <span class='ocrx_word' id='word_1_428' title='bbox 1456 4253 1648 4305; x_wconf 89' lang='lat' dir='ltr'><strong>solum</strong></span> <span class='ocrx_word' id='word_1_429' title='bbox 1680 4249 2036 4322; x_wconf 82' lang='lat' dir='ltr'><strong>hymnorum</strong></span> 
     </span>
    </p>
   </div>
   <div class='ocr_carea' id='block_1_62' title="bbox 372 4337 2036 4416">
    <p class='ocr_par' dir='ltr' id='par_1_62' title="bbox 372 4337 2036 4416">
     <span class='ocr_line' id='line_1_62' title="bbox 372 4337 2036 4416; baseline -0.002 -19"><span class='ocrx_word' id='word_1_430' title='bbox 372 4341 900 4416; x_wconf 79' lang='lat' dir='ltr'><strong>gloriﬁcationibus</strong></span> <span class='ocrx_word' id='word_1_431' title='bbox 957 4340 1208 4412; x_wconf 85' lang='lat' dir='ltr'><strong>aliisque</strong></span> <span class='ocrx_word' id='word_1_432' title='bbox 1273 4338 1625 4403; x_wconf 89' lang='lat' dir='ltr'><strong>rationibus,</strong></span> <span class='ocrx_word' id='word_1_433' title='bbox 1685 4339 1901 4410; x_wconf 90' lang='lat' dir='ltr'><strong>quibus</strong></span> <span class='ocrx_word' id='word_1_434' title='bbox 1983 4337 2036 4394; x_wconf 86' lang='lat' dir='ltr'><strong>ei</strong></span> 
     </span>
    </p>
   </div>
   <div class='ocr_carea' id='block_1_63' title="bbox 371 4427 2036 4504">
    <p class='ocr_par' dir='ltr' id='par_1_63' title="bbox 371 4427 2036 4504">
     <span class='ocr_line' id='line_1_63' title="bbox 371 4427 2036 4504; baseline -0.002 -18"><span class='ocrx_word' id='word_1_435' title='bbox 371 4431 591 4504; x_wconf 77' lang='lat' dir='ltr'><strong>gratias</strong></span> <span class='ocrx_word' id='word_1_436' title='bbox 617 4435 820 4502; x_wconf 87' lang='lat' dir='ltr'><strong>agunt,</strong></span> <span class='ocrx_word' id='word_1_437' title='bbox 846 4430 946 4486; x_wconf 89' lang='lat' dir='ltr'><strong>sed</strong></span> <span class='ocrx_word' id='word_1_438' title='bbox 982 4427 1278 4501; x_wconf 89' lang='lat' dir='ltr'><strong>imprimis</strong></span> <span class='ocrx_word' id='word_1_439' title='bbox 1311 4427 1480 4483; x_wconf 88' lang='lat' dir='ltr'><strong>bonis</strong></span> <span class='ocrx_word' id='word_1_440' title='bbox 1525 4427 1656 4481; x_wconf 82' lang='lat' dir='ltr'><strong>vitae</strong></span> <span class='ocrx_word' id='word_1_441' title='bbox 1684 4427 2036 4495; x_wconf 88' lang='lat' dir='ltr'><strong>actionibus,</strong></span> 
     </span>
    </p>
   </div>
   <div class='ocr_carea' id='block_1_64' title="bbox 374 4515 2037 4593">
    <p class='ocr_par' dir='ltr' id='par_1_64' title="bbox 374 4515 2037 4593">
     <span class='ocr_line' id='line_1_64' title="bbox 374 4515 2037 4593; baseline -0.002 -18"><span class='ocrx_word' id='word_1_442' title='bbox 374 4535 628 4593; x_wconf 86' lang='lat' dir='ltr'><strong>quorum</strong></span> <span class='ocrx_word' id='word_1_443' title='bbox 681 4519 815 4574; x_wconf 83' lang='lat' dir='ltr'><strong>finis</strong></span> <span class='ocrx_word' id='word_1_444' title='bbox 871 4523 1047 4575; x_wconf 90' lang='lat' dir='ltr'><strong>aDeo</strong></span> <span class='ocrx_word' id='word_1_445' title='bbox 1108 4517 1341 4572; x_wconf 81' lang='lat' dir='ltr'><strong>initium</strong></span> <span class='ocrx_word' id='word_1_446' title='bbox 1403 4517 1587 4572; x_wconf 87' lang='lat' dir='ltr'><strong>sumit</strong></span> <span class='ocrx_word' id='word_1_447' title='bbox 1643 4515 1715 4571; x_wconf 85' lang='lat' dir='ltr'><strong>ad</strong></span> <span class='ocrx_word' id='word_1_448' title='bbox 1785 4531 2037 4587; x_wconf 84' lang='lat' dir='ltr'><strong>eumque</strong></span> 
     </span>
    </p>
   </div>
   <div class='ocr_carea' id='block_1_65' title="bbox 374 4605 2034 4682">
    <p class='ocr_par' dir='ltr' id='par_1_65' title="bbox 374 4605 2034 4682">
     <span class='ocr_line' id='line_1_65' title="bbox 374 4605 2034 4682; baseline -0.002 -16"><span class='ocrx_word' id='word_1_449' title='bbox 374 4611 640 4678; x_wconf 88' lang='lat' dir='ltr'><strong>recurrit,</strong></span> <span class='ocrx_word' id='word_1_450' title='bbox 675 4614 731 4666; x_wconf 89' lang='lat' dir='ltr'><strong>et</strong></span> <span class='ocrx_word' id='word_1_451' title='bbox 761 4609 845 4666; x_wconf 90' lang='lat' dir='ltr'><strong>sic</strong></span> <span class='ocrx_word' id='word_1_452' title='bbox 868 4610 1062 4682; x_wconf 84' lang='lat' dir='ltr'><strong>ipsum</strong></span> <span class='ocrx_word' id='word_1_453' title='bbox 1100 4607 1436 4678; x_wconf 83' lang='lat' dir='ltr'><strong>magniﬁcat</strong></span> <span class='ocrx_word' id='word_1_454' title='bbox 1467 4611 1522 4662; x_wconf 91' lang='lat' dir='ltr'><strong>et</strong></span> <span class='ocrx_word' id='word_1_455' title='bbox 1551 4605 1857 4678; x_wconf 81' lang='lat' dir='ltr'><strong>gloriﬁcat,</strong></span> <span class='ocrx_word' id='word_1_456' title='bbox 1891 4608 2034 4662; x_wconf 90' lang='lat' dir='ltr'><strong>dum</strong></span> 
     </span>
    </p>
   </div>
   <div class='ocr_carea' id='block_1_66' title="bbox 375 4695 2035 4768">
    <p class='ocr_par' dir='ltr' id='par_1_66' title="bbox 375 4695 2035 4768">
     <span class='ocr_line' id='line_1_66' title="bbox 375 4695 2035 4768; baseline -0.002 -13"><span class='ocrx_word' id='word_1_457' title='bbox 375 4699 661 4756; x_wconf 87' lang='lat' dir='ltr'><strong>nimirum</strong></span> <span class='ocrx_word' id='word_1_458' title='bbox 699 4703 756 4754; x_wconf 89' lang='lat' dir='ltr'><strong>et</strong></span> <span class='ocrx_word' id='word_1_459' title='bbox 801 4699 930 4768; x_wconf 86' lang='lat' dir='ltr'><strong>ejus</strong></span> <span class='ocrx_word' id='word_1_460' title='bbox 986 4697 1084 4767; x_wconf 89' lang='lat' dir='ltr'><strong>qui</strong></span> <span class='ocrx_word' id='word_1_461' title='bbox 1117 4698 1265 4752; x_wconf 91' lang='lat' dir='ltr'><strong>bene</strong></span> <span class='ocrx_word' id='word_1_462' title='bbox 1314 4695 1454 4767; x_wconf 87' lang='lat' dir='ltr'><strong>agit,</strong></span> <span class='ocrx_word' id='word_1_463' title='bbox 1486 4701 1541 4751; x_wconf 90' lang='lat' dir='ltr'><strong>et</strong></span> <span class='ocrx_word' id='word_1_464' title='bbox 1571 4712 1773 4751; x_wconf 91' lang='lat' dir='ltr'><strong>eorum</strong></span> <span class='ocrx_word' id='word_1_465' title='bbox 1807 4695 1909 4768; x_wconf 90' lang='lat' dir='ltr'><strong>qui</strong></span> <span class='ocrx_word' id='word_1_466' title='bbox 1962 4697 2035 4752; x_wconf 88' lang='lat' dir='ltr'><strong>ad</strong></span> 
     </span>
    </p>
   </div>
   <div class='ocr_carea' id='block_1_67' title="bbox 373 4785 2035 4862">
    <p class='ocr_par' dir='ltr' id='par_1_67' title="bbox 373 4785 2035 4862">
     <span class='ocr_line' id='line_1_67' title="bbox 373 4785 2035 4862; baseline -0.003 -17"><span class='ocrx_word' id='word_1_467' title='bbox 373 4789 570 4862; x_wconf 88' lang='lat' dir='ltr'><strong>ipsum</strong></span> <span class='ocrx_word' id='word_1_468' title='bbox 627 4787 952 4860; x_wconf 82' lang='lat' dir='ltr'><strong>respiciunt</strong></span> <span class='ocrx_word' id='word_1_469' title='bbox 1010 4787 1256 4858; x_wconf 89' lang='lat' dir='ltr'><strong>ejusque</strong></span> <span class='ocrx_word' id='word_1_470' title='bbox 1301 4785 1627 4841; x_wconf 88' lang='lat' dir='ltr'><strong>imitatione</strong></span> <span class='ocrx_word' id='word_1_471' title='bbox 1683 4786 1755 4840; x_wconf 93' lang='lat' dir='ltr'><strong>ad</strong></span> <span class='ocrx_word' id='word_1_472' title='bbox 1806 4787 2035 4858; x_wconf 81' lang='lat' dir='ltr'><strong>frugem</strong></span> 
     </span>
    </p>
   </div>
   <div class='ocr_carea' id='block_1_68' title="bbox 373 4872 1961 4948">
    <p class='ocr_par' dir='ltr' id='par_1_68' title="bbox 373 4872 1961 4948">
     <span class='ocr_line' id='line_1_68' title="bbox 373 4872 1961 4948; baseline -0.003 -14"><span class='ocrx_word' id='word_1_473' title='bbox 373 4879 641 4945; x_wconf 88' lang='lat' dir='ltr'><strong>redeunt,</strong></span> <span class='ocrx_word' id='word_1_474' title='bbox 676 4876 885 4932; x_wconf 66' lang='lat' dir='ltr'><strong>animae</strong></span> <span class='ocrx_word' id='word_1_475' title='bbox 925 4875 1141 4948; x_wconf 91' lang='lat' dir='ltr'><strong>gaudio</strong></span> <span class='ocrx_word' id='word_1_476' title='bbox 1183 4890 1247 4928; x_wconf 89' lang='lat' dir='ltr'><strong>ac</strong></span> <span class='ocrx_word' id='word_1_477' title='bbox 1279 4872 1480 4929; x_wconf 68' lang='lat' dir='ltr'><strong>laetitia</strong></span> <span class='ocrx_word' id='word_1_478' title='bbox 1508 4874 1961 4946; x_wconf 86' lang='lat' dir='ltr'><strong>perfunduntur.</strong></span> 
     </span>
    </p>
   </div>
   <div class='ocr_carea' id='block_1_69' title="bbox 439 4961 2036 5035">
    <p class='ocr_par' dir='ltr' id='par_1_69' title="bbox 439 4961 2036 5035">
     <span class='ocr_line' id='line_1_69' title="bbox 439 4961 2036 5035; baseline -0.002 -13"><span class='ocrx_word' id='word_1_479' title='bbox 439 4969 494 5022; x_wconf 86' lang='lat'><strong>2.</strong></span> <span class='ocrx_word' id='word_1_480' title='bbox 530 4965 694 5031; x_wconf 86' lang='lat' dir='ltr'><strong>Quod</strong></span> <span class='ocrx_word' id='word_1_481' title='bbox 727 4968 794 5019; x_wconf 87' lang='lat' dir='ltr'><strong>ut</strong></span> <span class='ocrx_word' id='word_1_482' title='bbox 823 4963 1012 5035; x_wconf 88' lang='lat' dir='ltr'><strong>magis</strong></span> <span class='ocrx_word' id='word_1_483' title='bbox 1035 4961 1516 5034; x_wconf 87' lang='lat' dir='ltr'><strong>appareat,paulo</strong></span> <span class='ocrx_word' id='word_1_484' title='bbox 1539 4961 1715 5017; x_wconf 89' lang='lat' dir='ltr'><strong>altius</strong></span> <span class='ocrx_word' id='word_1_485' title='bbox 1746 4963 1930 5019; x_wconf 92' lang='lat' dir='ltr'><strong>oratio</strong></span> <span class='ocrx_word' id='word_1_486' title='bbox 1954 4979 2036 5019; x_wconf 85' lang='lat' dir='ltr'><strong>re-</strong></span> 
     </span>
    </p>
   </div>
   <div class='ocr_carea' id='block_1_70' title="bbox 367 5050 2039 5128">
    <p class='ocr_par' dir='ltr' id='par_1_70' title="bbox 367 5050 2039 5128">
     <span class='ocr_line' id='line_1_70' title="bbox 367 5050 2039 5128; baseline -0.004 -15"><span class='ocrx_word' id='word_1_487' title='bbox 367 5055 619 5128; x_wconf 90' lang='lat' dir='ltr'><strong>petenda</strong></span> <span class='ocrx_word' id='word_1_488' title='bbox 640 5052 954 5110; x_wconf 90' lang='lat' dir='ltr'><strong>est.Prima</strong></span> <span class='ocrx_word' id='word_1_489' title='bbox 978 5051 1180 5107; x_wconf 89' lang='lat' dir='ltr'><strong>mundi</strong></span> <span class='ocrx_word' id='word_1_490' title='bbox 1216 5050 1498 5107; x_wconf 88' lang='lat' dir='ltr'><strong>creatioet</strong></span> <span class='ocrx_word' id='word_1_491' title='bbox 1527 5067 1652 5123; x_wconf 67' lang='lat' dir='ltr'><strong>quis</strong></span> <span class='ocrx_word' id='word_1_492' title='bbox 1683 5056 1824 5107; x_wconf 91' lang='lat' dir='ltr'><strong>tunc</strong></span> <span class='ocrx_word' id='word_1_493' title='bbox 1855 5051 2039 5108; x_wconf 86' lang='lat' dir='ltr'><strong>homi-</strong></span> 
     </span>
    </p>
   </div>
   <div class='ocr_carea' id='block_1_71' title="bbox 370 5140 2034 5215">
    <p class='ocr_par' dir='ltr' id='par_1_71' title="bbox 370 5140 2034 5215">
     <span class='ocr_line' id='line_1_71' title="bbox 370 5140 2034 5215; baseline -0.002 -15"><span class='ocrx_word' id='word_1_494' title='bbox 370 5143 620 5214; x_wconf 90' lang='lat' dir='ltr'><strong>ni,velut</strong></span> <span class='ocrx_word' id='word_1_495' title='bbox 652 5140 902 5215; x_wconf 85' lang='lat' dir='ltr'><strong>regi,vel</strong></span> <span class='ocrx_word' id='word_1_496' title='bbox 935 5145 1250 5212; x_wconf 86' lang='lat' dir='ltr'><strong>antequam</strong></span> <span class='ocrx_word' id='word_1_497' title='bbox 1285 5144 1518 5196; x_wconf 87' lang='lat' dir='ltr'><strong>creatus</strong></span> <span class='ocrx_word' id='word_1_498' title='bbox 1544 5145 1718 5206; x_wconf 89' lang='lat' dir='ltr'><strong>esset,</strong></span> <span class='ocrx_word' id='word_1_499' title='bbox 1743 5141 2034 5197; x_wconf 90' lang='lat' dir='ltr'><strong>bonorum</strong></span> 
     </span>
    </p>
   </div>
   <div class='ocr_carea' id='block_1_72' title="bbox 369 5229 2112 5329">
    <p class='ocr_par' dir='ltr' id='par_1_72' title="bbox 369 5229 2112 5329">
     <span class='ocr_line' id='line_1_72' title="bbox 369 5229 2112 5329; baseline -0.002 -41"><span class='ocrx_word' id='word_1_500' title='bbox 369 5233 668 5290; x_wconf 86' lang='lat' dir='ltr'><strong>terrestriu</strong></span> <span class='ocrx_word' id='word_1_501' title='bbox 680 5247 733 5284; x_wconf 90' lang='lat' dir='ltr'><strong>m</strong></span> <span class='ocrx_word' id='word_1_502' title='bbox 753 5230 1010 5285; x_wconf 89' lang='lat' dir='ltr'><strong>liberalis</strong></span> <span class='ocrx_word' id='word_1_503' title='bbox 1023 5230 1239 5285; x_wconf 90' lang='lat' dir='ltr'><strong>oblatio</strong></span> <span class='ocrx_word' id='word_1_504' title='bbox 1257 5229 1624 5284; x_wconf 88' lang='lat' dir='ltr'><strong>reservabatu</strong></span> <span class='ocrx_word' id='word_1_505' title='bbox 1634 5229 1796 5296; x_wconf 86' lang='lat' dir='ltr'><strong>r,hoc</strong></span> <span class='ocrx_word' id='word_1_506' title='bbox 1809 5247 2030 5285; x_wconf 87' lang='lat' dir='ltr'><strong>merum</strong></span> <span class='ocrx_word' id='word_1_507' title='bbox 2065 5264 2112 5329; x_wconf 83' lang='lat' dir='ltr'>D</span> 
     </span>
    </p>
   </div>
   <div class='ocr_carea' id='block_1_73' title="bbox 370 5317 2034 5390">
    <p class='ocr_par' dir='ltr' id='par_1_73' title="bbox 370 5317 2034 5390">
     <span class='ocr_line' id='line_1_73' title="bbox 370 5317 2034 5390; baseline -0.002 -12"><span class='ocrx_word' id='word_1_508' title='bbox 370 5321 610 5378; x_wconf 89' lang='lat' dir='ltr'><strong>omnino</strong></span> <span class='ocrx_word' id='word_1_509' title='bbox 641 5321 858 5375; x_wconf 91' lang='lat' dir='ltr'><strong>donum</strong></span> <span class='ocrx_word' id='word_1_510' title='bbox 895 5319 1021 5374; x_wconf 81' lang='lat' dir='ltr'><strong>fuit.</strong></span> <span class='ocrx_word' id='word_1_511' title='bbox 1053 5318 1324 5374; x_wconf 89' lang='lat' dir='ltr'><strong>Nondum</strong></span> <span class='ocrx_word' id='word_1_512' title='bbox 1346 5317 1502 5373; x_wconf 91' lang='lat' dir='ltr'><strong>enim</strong></span> <span class='ocrx_word' id='word_1_513' title='bbox 1537 5318 1673 5374; x_wconf 90' lang='lat' dir='ltr'><strong>boni</strong></span> <span class='ocrx_word' id='word_1_514' title='bbox 1709 5319 1850 5390; x_wconf 91' lang='lat' dir='ltr'><strong>quid</strong></span> <span class='ocrx_word' id='word_1_515' title='bbox 1884 5324 2034 5375; x_wconf 87' lang='lat' dir='ltr'><strong>Deus</strong></span> 
     </span>
    </p>
   </div>
   <div class='ocr_carea' id='block_1_74' title="bbox 371 5406 2032 5481">
    <p class='ocr_par' dir='ltr' id='par_1_74' title="bbox 371 5406 2032 5481">
     <span class='ocr_line' id='line_1_74' title="bbox 371 5406 2032 5481; baseline -0.002 -14"><span class='ocrx_word' id='word_1_516' title='bbox 371 5411 444 5467; x_wconf 91' lang='lat' dir='ltr'><strong>ab</strong></span> <span class='ocrx_word' id='word_1_517' title='bbox 504 5409 850 5465; x_wconf 89' lang='lat' dir='ltr'><strong>hominibus</strong></span> <span class='ocrx_word' id='word_1_518' title='bbox 925 5412 1230 5481; x_wconf 88' lang='lat' dir='ltr'><strong>acceperat</strong></span> <span class='ocrx_word' id='word_1_519' title='bbox 1296 5408 1452 5478; x_wconf 92' lang='lat' dir='ltr'><strong>quod</strong></span> <span class='ocrx_word' id='word_1_520' title='bbox 1507 5423 1634 5462; x_wconf 86' lang='lat' dir='ltr'><strong>cum</strong></span> <span class='ocrx_word' id='word_1_521' title='bbox 1681 5406 2032 5464; x_wconf 89' lang='lat' dir='ltr'><strong>liberalitate</strong></span> 
     </span>
    </p>
   </div>
   <div class='ocr_carea' id='block_1_75' title="bbox 373 5496 2032 5572">
    <p class='ocr_par' dir='ltr' id='par_1_75' title="bbox 373 5496 2032 5572">
     <span class='ocr_line' id='line_1_75' title="bbox 373 5496 2032 5572; baseline -0.001 -18"><span class='ocrx_word' id='word_1_522' title='bbox 373 5499 738 5572; x_wconf 85' lang='lat' dir='ltr'><strong>rependeret,</strong></span> <span class='ocrx_word' id='word_1_523' title='bbox 773 5498 874 5554; x_wconf 88' lang='lat' dir='ltr'><strong>sed</strong></span> <span class='ocrx_word' id='word_1_524' title='bbox 910 5504 1116 5571; x_wconf 88' lang='lat' dir='ltr'><strong>sponte</strong></span> <span class='ocrx_word' id='word_1_525' title='bbox 1167 5496 1346 5551; x_wconf 89' lang='lat' dir='ltr'><strong>dedit.</strong></span> <span class='ocrx_word' id='word_1_526' title='bbox 1400 5497 1663 5552; x_wconf 86' lang='lat' dir='ltr'><strong>Fortasse</strong></span> <span class='ocrx_word' id='word_1_527' title='bbox 1710 5502 1906 5552; x_wconf 88' lang='lat' dir='ltr'><strong>autem</strong></span> <span class='ocrx_word' id='word_1_528' title='bbox 1959 5497 2032 5553; x_wconf 91' lang='lat' dir='ltr'><strong>ad</strong></span> 
     </span>
    </p>
   </div>
   <div class='ocr_carea' id='block_1_76' title="bbox 369 5584 2035 5660">
    <p class='ocr_par' dir='ltr' id='par_1_76' title="bbox 369 5584 2035 5660">
     <span class='ocr_line' id='line_1_76' title="bbox 369 5584 2035 5660; baseline 0 -17"><span class='ocrx_word' id='word_1_529' title='bbox 369 5588 528 5643; x_wconf 87' lang='lat' dir='ltr'><strong>hunc</strong></span> <span class='ocrx_word' id='word_1_530' title='bbox 560 5604 744 5660; x_wconf 90' lang='lat' dir='ltr'><strong>usque</strong></span> <span class='ocrx_word' id='word_1_531' title='bbox 765 5586 919 5643; x_wconf 89' lang='lat' dir='ltr'><strong>diem</strong></span> <span class='ocrx_word' id='word_1_532' title='bbox 953 5587 1140 5652; x_wconf 90' lang='lat' dir='ltr'><strong>daret,</strong></span> <span class='ocrx_word' id='word_1_533' title='bbox 1175 5584 1500 5641; x_wconf 89' lang='lat' dir='ltr'><strong>secundum</strong></span> <span class='ocrx_word' id='word_1_534' title='bbox 1523 5601 1822 5641; x_wconf 86' lang='lat' dir='ltr'><strong>summam</strong></span> <span class='ocrx_word' id='word_1_535' title='bbox 1843 5584 2035 5657; x_wconf 89' lang='lat' dir='ltr'><strong>ipsius</strong></span> 
     </span>
    </p>
   </div>
   <div class='ocr_carea' id='block_1_77' title="bbox 372 5674 2032 5748">
    <p class='ocr_par' dir='ltr' id='par_1_77' title="bbox 372 5674 2032 5748">
     <span class='ocr_line' id='line_1_77' title="bbox 372 5674 2032 5748; baseline 0.001 -16"><span class='ocrx_word' id='word_1_536' title='bbox 372 5675 746 5748; x_wconf 86' lang='lat' dir='ltr'><strong>sapientiam,</strong></span> <span class='ocrx_word' id='word_1_537' title='bbox 803 5677 916 5732; x_wconf 88' lang='lat' dir='ltr'><strong>nisi</strong></span> <span class='ocrx_word' id='word_1_538' title='bbox 974 5677 1179 5731; x_wconf 89' lang='lat' dir='ltr'><strong>innata</strong></span> <span class='ocrx_word' id='word_1_539' title='bbox 1243 5674 1458 5746; x_wconf 89' lang='lat' dir='ltr'><strong>(nobis)</strong></span> <span class='ocrx_word' id='word_1_540' title='bbox 1507 5691 1684 5747; x_wconf 85' lang='lat' dir='ltr'><strong>prava</strong></span> <span class='ocrx_word' id='word_1_541' title='bbox 1736 5674 2032 5748; x_wconf 86' lang='lat' dir='ltr'><strong>voluntas,</strong></span> 
     </span>
    </p>
   </div>
   <div class='ocr_carea' id='block_1_78' title="bbox 369 5761 2034 5839">
    <p class='ocr_par' dir='ltr' id='par_1_78' title="bbox 369 5761 2034 5839">
     <span class='ocr_line' id='line_1_78' title="bbox 369 5761 2034 5839; baseline 0.002 -18"><span class='ocrx_word' id='word_1_542' title='bbox 369 5762 640 5821; x_wconf 87' lang='lat' dir='ltr'><strong>omnium</strong></span> <span class='ocrx_word' id='word_1_543' title='bbox 669 5768 1044 5839; x_wconf 86' lang='lat' dir='ltr'><strong>peccatorum</strong></span> <span class='ocrx_word' id='word_1_544' title='bbox 1077 5765 1283 5833; x_wconf 88' lang='lat' dir='ltr'><strong>mater,</strong></span> <span class='ocrx_word' id='word_1_545' title='bbox 1316 5761 1672 5834; x_wconf 89' lang='lat' dir='ltr'><strong>prohiberet.</strong></span> <span class='ocrx_word' id='word_1_546' title='bbox 1703 5763 1871 5822; x_wconf 87' lang='lat' dir='ltr'><strong>Nunc</strong></span> <span class='ocrx_word' id='word_1_547' title='bbox 1899 5781 2034 5824; x_wconf 86' lang='lat' dir='ltr'><strong>vero</strong></span> 
     </span>
    </p>
   </div>
   <div class='ocr_carea' id='block_1_79' title="bbox 2145 3977 3801 4058">
    <p class='ocr_par' dir='ltr' id='par_1_79' title="bbox 2145 3977 3801 4058">
     <span class='ocr_line' id='line_1_79' title="bbox 2145 3977 3801 4058; baseline 0.001 -26"><span class='ocrx_word' id='word_1_548' title='bbox 2145 3983 2242 4032; x_wconf 89' lang='grc' dir='ltr'><strong>τοῦ</strong></span> <span class='ocrx_word' id='word_1_549' title='bbox 2275 3983 2430 4047; x_wconf 85' lang='grc' dir='ltr'>Θεοῦ,</span> <span class='ocrx_word' id='word_1_550' title='bbox 2463 3979 2507 4034; x_wconf 80' lang='grc' dir='ltr'><em>ὦ</em></span> <span class='ocrx_word' id='word_1_551' title='bbox 2539 3977 2786 4056; x_wconf 77' lang='grc' dir='ltr'>ἀδελφοὶ,</span> <span class='ocrx_word' id='word_1_552' title='bbox 2818 3980 2909 4035; x_wconf 81' lang='grc' dir='ltr'><strong>καὶ</strong></span> <span class='ocrx_word' id='word_1_553' title='bbox 2950 3983 2985 4050; x_wconf 74' lang='grc' dir='ltr'>ἡ</span> <span class='ocrx_word' id='word_1_554' title='bbox 3016 3979 3241 4050; x_wconf 81' lang='grc' dir='ltr'>τοιαύτη</span> <span class='ocrx_word' id='word_1_555' title='bbox 3297 3978 3524 4054; x_wconf 82' lang='grc' dir='ltr'>εὐλογία</span> <span class='ocrx_word' id='word_1_556' title='bbox 3554 3977 3801 4058; x_wconf 79' lang='grc' dir='ltr'>φαίνετ’ὂιι</span> 
     </span>
    </p>
   </div>
   <div class='ocr_carea' id='block_1_80' title="bbox 2147 4065 3802 4144">
    <p class='ocr_par' dir='ltr' id='par_1_80' title="bbox 2147 4065 3802 4144">
     <span class='ocr_line' id='line_1_80' title="bbox 2147 4065 3802 4144; baseline 0.001 -22"><span class='ocrx_word' id='word_1_557' title='bbox 2147 4069 2209 4122; x_wconf 84' lang='grc' dir='ltr'>οὐ</span> <span class='ocrx_word' id='word_1_558' title='bbox 2242 4065 2388 4131; x_wconf 85' lang='grc' dir='ltr'>δόσις</span> <span class='ocrx_word' id='word_1_559' title='bbox 2421 4067 2613 4131; x_wconf 81' lang='grc' dir='ltr'>ἀπλῶς</span> <span class='ocrx_word' id='word_1_560' title='bbox 2645 4070 2800 4137; x_wconf 75' lang='grc' dir='ltr'>εἶναι,</span> <span class='ocrx_word' id='word_1_561' title='bbox 2853 4067 2999 4124; x_wconf 76' lang='grc' dir='ltr'>ἀλλὰ</span> <span class='ocrx_word' id='word_1_562' title='bbox 3028 4067 3321 4132; x_wconf 84' lang='grc' dir='ltr'>ἀντίδοσις.</span> <span class='ocrx_word' id='word_1_563' title='bbox 3375 4067 3802 4144; x_wconf 82' lang='grc' dir='ltr'>Εὑλογούμενος</span> 
     </span>
    </p>
   </div>
   <div class='ocr_carea' id='block_1_81' title="bbox 2144 4158 3800 4236">
    <p class='ocr_par' dir='ltr' id='par_1_81' title="bbox 2144 4158 3800 4236">
     <span class='ocr_line' id='line_1_81' title="bbox 2144 4158 3800 4236; baseline 0.002 -24"><span class='ocrx_word' id='word_1_564' title='bbox 2144 4159 2244 4234; x_wconf 73' lang='grc' dir='ltr'><strong>γὰρ</strong></span> <span class='ocrx_word' id='word_1_565' title='bbox 2277 4158 2304 4211; x_wconf 90' lang='lat'><strong>6</strong></span> <span class='ocrx_word' id='word_1_566' title='bbox 2362 4158 2491 4220; x_wconf 89' lang='grc' dir='ltr'>Θεὸς</span> <span class='ocrx_word' id='word_1_567' title='bbox 2547 4158 2633 4236; x_wconf 84' lang='grc' dir='ltr'>ὑφ’</span> <span class='ocrx_word' id='word_1_568' title='bbox 2690 4160 2874 4232; x_wconf 78' lang='grc' dir='ltr'>ἡμῶν,</span> <span class='ocrx_word' id='word_1_569' title='bbox 2933 4158 3255 4234; x_wconf 84' lang='grc' dir='ltr'>ἀντευλογεῖ</span> <span class='ocrx_word' id='word_1_570' title='bbox 3321 4158 3390 4213; x_wconf 77' lang='grc' dir='ltr'>τὰ</span> <span class='ocrx_word' id='word_1_571' title='bbox 3443 4159 3562 4222; x_wconf 84' lang='grc' dir='ltr'>καθ’</span> <span class='ocrx_word' id='word_1_572' title='bbox 3621 4159 3800 4231; x_wconf 77' lang='grc' dir='ltr'>ἡμᾶς.</span> 
     </span>
    </p>
   </div>
   <div class='ocr_carea' id='block_1_82' title="bbox 2144 4243 3804 4323">
    <p class='ocr_par' dir='ltr' id='par_1_82' title="bbox 2144 4243 3804 4323">
     <span class='ocr_line' id='line_1_82' title="bbox 2144 4243 3804 4323; baseline 0 -21"><span class='ocrx_word' id='word_1_573' title='bbox 2144 4245 2467 4321; x_wconf 82' lang='grc' dir='ltr'>Εὐλογεῖται</span> <span class='ocrx_word' id='word_1_574' title='bbox 2529 4243 2586 4300; x_wconf 77' lang='grc' dir='ltr'>δὶ</span> <span class='ocrx_word' id='word_1_575' title='bbox 2643 4249 2772 4307; x_wconf 86' lang='grc' dir='ltr'>Θεὸς</span> <span class='ocrx_word' id='word_1_576' title='bbox 2827 4247 2916 4302; x_wconf 86' lang='grc' dir='ltr'><strong>ὑπ’</strong></span> <span class='ocrx_word' id='word_1_577' title='bbox 2974 4248 3271 4322; x_wconf 87' lang='grc' dir='ltr'>ἀνθρώπων</span> <span class='ocrx_word' id='word_1_578' title='bbox 3333 4246 3395 4301; x_wconf 88' lang='grc' dir='ltr'>οὐ</span> <span class='ocrx_word' id='word_1_579' title='bbox 3453 4244 3804 4323; x_wconf 79' lang='grc' dir='ltr'>δοξολογίαις</span> 
     </span>
    </p>
   </div>
   <div class='ocr_carea' id='block_1_83' title="bbox 2149 4332 3800 4410">
    <p class='ocr_par' dir='ltr' id='par_1_83' title="bbox 2149 4332 3800 4410">
     <span class='ocr_line' id='line_1_83' title="bbox 2149 4332 3800 4410; baseline 0 -20"><span class='ocrx_word' id='word_1_580' title='bbox 2149 4337 2312 4410; x_wconf 88' lang='grc' dir='ltr'>μόνον</span> <span class='ocrx_word' id='word_1_581' title='bbox 2375 4332 2710 4408; x_wconf 80' lang='grc' dir='ltr'>ὑμνῳδικαῖς</span> <span class='ocrx_word' id='word_1_582' title='bbox 2758 4336 2848 4390; x_wconf 76' lang='grc' dir='ltr'><strong>καὶ</strong></span> <span class='ocrx_word' id='word_1_583' title='bbox 2900 4335 3118 4399; x_wconf 90' lang='grc' dir='ltr'>λοιποῖς</span> <span class='ocrx_word' id='word_1_584' title='bbox 3167 4333 3356 4402; x_wconf 67' lang='grc' dir='ltr'>εἶ’δεσι,</span> <span class='ocrx_word' id='word_1_585' title='bbox 3407 4333 3479 4390; x_wconf 84' lang='grc' dir='ltr'>δι’</span> <span class='ocrx_word' id='word_1_586' title='bbox 3523 4343 3599 4390; x_wconf 82' lang='grc' dir='ltr'>ὡν</span> <span class='ocrx_word' id='word_1_587' title='bbox 3625 4336 3690 4390; x_wconf 79' lang='grc' dir='ltr'><strong>τὸ</strong></span> <span class='ocrx_word' id='word_1_588' title='bbox 3722 4336 3800 4400; x_wconf 84' lang='grc' dir='ltr'>εἷς</span> 
     </span>
    </p>
   </div>
   <div class='ocr_carea' id='block_1_84' title="bbox 2143 4422 3803 4500">
    <p class='ocr_par' dir='ltr' id='par_1_84' title="bbox 2143 4422 3803 4500">
     <span class='ocr_line' id='line_1_84' title="bbox 2143 4422 3803 4500; baseline 0.001 -21"><span class='ocrx_word' id='word_1_589' title='bbox 2143 4424 2303 4480; x_wconf 87' lang='grc' dir='ltr'>αὐτὸν</span> <span class='ocrx_word' id='word_1_590' title='bbox 2365 4423 2688 4500; x_wconf 78' lang='grc' dir='ltr'>εὐχάριστον</span> <span class='ocrx_word' id='word_1_591' title='bbox 2746 4425 3119 4500; x_wconf 87' lang='grc' dir='ltr'>ἀπαρτίζεται,</span> <span class='ocrx_word' id='word_1_592' title='bbox 3179 4422 3327 4480; x_wconf 78' lang='grc' dir='ltr'>ἀλλὰ</span> <span class='ocrx_word' id='word_1_593' title='bbox 3387 4423 3624 4498; x_wconf 83' lang='grc' dir='ltr'>μάλιστα</span> <span class='ocrx_word' id='word_1_594' title='bbox 3681 4431 3803 4491; x_wconf 84' lang='grc' dir='ltr'>ταῖς</span> 
     </span>
    </p>
   </div>
   <div class='ocr_carea' id='block_1_85' title="bbox 2141 4513 3803 4592">
    <p class='ocr_par' dir='ltr' id='par_1_85' title="bbox 2141 4513 3803 4592">
     <span class='ocr_line' id='line_1_85' title="bbox 2141 4513 3803 4592; baseline 0.001 -23"><span class='ocrx_word' id='word_1_595' title='bbox 2141 4514 2278 4570; x_wconf 84' lang='grc' dir='ltr'>κατᾶ</span> <span class='ocrx_word' id='word_1_596' title='bbox 2339 4514 2457 4590; x_wconf 82' lang='grc' dir='ltr'>βίον</span> <span class='ocrx_word' id='word_1_597' title='bbox 2518 4514 2960 4592; x_wconf 78' lang='grc' dir='ltr'>ἀριστοπραξίαις</span> <span class='ocrx_word' id='word_1_598' title='bbox 2997 4558 3010 4584; x_wconf 97' lang='grc'><strong>,</strong></span> <span class='ocrx_word' id='word_1_599' title='bbox 3072 4517 3144 4570; x_wconf 86' lang='grc' dir='ltr'>ὧν</span> <span class='ocrx_word' id='word_1_600' title='bbox 3198 4515 3261 4570; x_wconf 84' lang='grc' dir='ltr'>τὸ</span> <span class='ocrx_word' id='word_1_601' title='bbox 3336 4513 3497 4578; x_wconf 82' lang='grc' dir='ltr'>τέλος</span> <span class='ocrx_word' id='word_1_602' title='bbox 3549 4520 3690 4570; x_wconf 86' lang='grc' dir='ltr'>Θεοῦ</span> <span class='ocrx_word' id='word_1_603' title='bbox 3743 4536 3803 4571; x_wconf 89' lang='grc' dir='ltr'><strong>τε</strong></span> 
     </span>
    </p>
   </div>
   <div class='ocr_carea' id='block_1_86' title="bbox 2144 4603 3803 4678">
    <p class='ocr_par' dir='ltr' id='par_1_86' title="bbox 2144 4603 3803 4678">
     <span class='ocr_line' id='line_1_86' title="bbox 2144 4603 3803 4678; baseline 0.002 -20"><span class='ocrx_word' id='word_1_604' title='bbox 2144 4603 2446 4678; x_wconf 81' lang='grc' dir='ltr'>ἐξαρτᾶται,</span> <span class='ocrx_word' id='word_1_605' title='bbox 2489 4603 2578 4658; x_wconf 85' lang='grc' dir='ltr'><strong>καὶ</strong></span> <span class='ocrx_word' id='word_1_606' title='bbox 2639 4603 2716 4666; x_wconf 80' lang='grc' dir='ltr'>εἷς</span> <span class='ocrx_word' id='word_1_607' title='bbox 2769 4605 2972 4660; x_wconf 77' lang='grc' dir='ltr'>ἐκεῖνον</span> <span class='ocrx_word' id='word_1_608' title='bbox 3032 4603 3303 4675; x_wconf 81' lang='grc' dir='ltr'>ἀνανεύει,</span> <span class='ocrx_word' id='word_1_609' title='bbox 3355 4604 3445 4659; x_wconf 83' lang='grc' dir='ltr'><strong>καὶ</strong></span> <span class='ocrx_word' id='word_1_610' title='bbox 3503 4604 3648 4660; x_wconf 72' lang='grc' dir='ltr'>οὕτω</span> <span class='ocrx_word' id='word_1_611' title='bbox 3709 4603 3803 4661; x_wconf 88' lang='grc' dir='ltr'><strong>δο-</strong></span> 
     </span>
    </p>
   </div>
   <div class='ocr_carea' id='block_1_87' title="bbox 2147 4692 3800 4770">
    <p class='ocr_par' dir='ltr' id='par_1_87' title="bbox 2147 4692 3800 4770">
     <span class='ocr_line' id='line_1_87' title="bbox 2147 4692 3800 4770; baseline 0.003 -24"><span class='ocrx_word' id='word_1_612' title='bbox 2147 4692 2290 4762; x_wconf 81' lang='grc' dir='ltr'>ξάζει</span> <span class='ocrx_word' id='word_1_613' title='bbox 2345 4693 2432 4746; x_wconf 82' lang='grc' dir='ltr'>καὶ</span> <span class='ocrx_word' id='word_1_614' title='bbox 2497 4692 2804 4768; x_wconf 86' lang='grc' dir='ltr'>μεγαλύνει,</span> <span class='ocrx_word' id='word_1_615' title='bbox 2863 4692 3287 4769; x_wconf 81' lang='grc' dir='ltr'>ἀγαλλιωμὲνης</span> <span class='ocrx_word' id='word_1_616' title='bbox 3333 4695 3433 4763; x_wconf 73' lang='grc' dir='ltr'><strong>τῆς</strong></span> <span class='ocrx_word' id='word_1_617' title='bbox 3485 4697 3676 4770; x_wconf 82' lang='grc' dir='ltr'>ψυχῆς</span> <span class='ocrx_word' id='word_1_618' title='bbox 3702 4700 3800 4751; x_wconf 89' lang='grc' dir='ltr'><strong>τοῦ</strong></span> 
     </span>
    </p>
   </div>
   <div class='ocr_carea' id='block_1_88' title="bbox 2143 4780 3800 4859">
    <p class='ocr_par' dir='ltr' id='par_1_88' title="bbox 2143 4780 3800 4859">
     <span class='ocr_line' id='line_1_88' title="bbox 2143 4780 3800 4859; baseline 0.003 -23"><span class='ocrx_word' id='word_1_619' title='bbox 2143 4803 2202 4837; x_wconf 89' lang='grc' dir='ltr'><strong>τε</strong></span> <span class='ocrx_word' id='word_1_620' title='bbox 2229 4780 2560 4856; x_wconf 78' lang='grc' dir='ltr'>πράττοντος</span> <span class='ocrx_word' id='word_1_621' title='bbox 2619 4783 2680 4837; x_wconf 89' lang='grc' dir='ltr'>τὸ</span> <span class='ocrx_word' id='word_1_622' title='bbox 2735 4781 2972 4859; x_wconf 78' lang='grc' dir='ltr'>ἄριστον,</span> <span class='ocrx_word' id='word_1_623' title='bbox 3024 4783 3113 4838; x_wconf 83' lang='grc' dir='ltr'><strong>καὶ</strong></span> <span class='ocrx_word' id='word_1_624' title='bbox 3162 4783 3272 4838; x_wconf 78' lang='grc' dir='ltr'><strong>τῶν</strong></span> <span class='ocrx_word' id='word_1_625' title='bbox 3325 4782 3400 4844; x_wconf 83' lang='grc' dir='ltr'><strong>είς</strong></span> <span class='ocrx_word' id='word_1_626' title='bbox 3458 4783 3617 4840; x_wconf 83' lang='grc' dir='ltr'>αὐτὸν</span> <span class='ocrx_word' id='word_1_627' title='bbox 3670 4785 3800 4841; x_wconf 79' lang='grc' dir='ltr'>ἀποο</span> 
     </span>
    </p>
   </div>
   <div class='ocr_carea' id='block_1_89' title="bbox 2145 4867 3404 4946">
    <p class='ocr_par' dir='ltr' id='par_1_89' title="bbox 2145 4867 3404 4946">
     <span class='ocr_line' id='line_1_89' title="bbox 2145 4867 3404 4946; baseline 0.002 -21"><span class='ocrx_word' id='word_1_628' title='bbox 2145 4867 2456 4927; x_wconf 80' lang='grc' dir='ltr'>ϐλεπόντων</span> <span class='ocrx_word' id='word_1_629' title='bbox 2489 4871 2579 4926; x_wconf 77' lang='grc' dir='ltr'><strong>καὶ</strong></span> <span class='ocrx_word' id='word_1_630' title='bbox 2608 4874 2678 4943; x_wconf 82' lang='grc' dir='ltr'>τῇ</span> <span class='ocrx_word' id='word_1_631' title='bbox 2711 4874 2942 4946; x_wconf 79' lang='grc' dir='ltr'>μιμήσει</span> <span class='ocrx_word' id='word_1_632' title='bbox 2979 4871 3404 4946; x_wconf 78' lang='grc' dir='ltr'>βελτιουμὲνων.</span> 
     </span>
    </p>
   </div>
   <div class='ocr_carea' id='block_1_90' title="bbox 2221 4956 3798 5040">
    <p class='ocr_par' dir='ltr' id='par_1_90' title="bbox 2221 4956 3798 5040">
     <span class='ocr_line' id='line_1_90' title="bbox 2221 4956 3798 5040; baseline 0.001 -23"><span class='ocrx_word' id='word_1_633' title='bbox 2221 4962 2286 5036; x_wconf 86' lang='grc' dir='ltr'><strong>β’.</strong></span> <span class='ocrx_word' id='word_1_634' title='bbox 2319 4963 2444 5015; x_wconf 87' lang='grc' dir='ltr'>Ἵνα·</span> <span class='ocrx_word' id='word_1_635' title='bbox 2493 4958 2550 5015; x_wconf 72' lang='grc' dir='ltr'><strong>δὲ</strong></span> <span class='ocrx_word' id='word_1_636' title='bbox 2601 4961 2693 5016; x_wconf 83' lang='grc' dir='ltr'>τὸν</span> <span class='ocrx_word' id='word_1_637' title='bbox 2744 4958 2906 5037; x_wconf 85' lang='grc' dir='ltr'>λόγον</span> <span class='ocrx_word' id='word_1_638' title='bbox 2961 4956 3246 5017; x_wconf 75' lang='grc' dir='ltr'>ἀναλαϐὼν</span> <span class='ocrx_word' id='word_1_639' title='bbox 3296 4959 3384 5016; x_wconf 75' lang='grc' dir='ltr'><strong>ἐπὶ</strong></span> <span class='ocrx_word' id='word_1_640' title='bbox 3445 4962 3616 5019; x_wconf 84' lang='grc' dir='ltr'>πλὲον</span> <span class='ocrx_word' id='word_1_641' title='bbox 3647 4964 3798 5040; x_wconf 86' lang='grc' dir='ltr'>ἀκρι-</span> 
     </span>
    </p>
   </div>
   <div class='ocr_carea' id='block_1_91' title="bbox 2146 5043 3786 5128">
    <p class='ocr_par' dir='ltr' id='par_1_91' title="bbox 2146 5043 3786 5128">
     <span class='ocr_line' id='line_1_91' title="bbox 2146 5043 3786 5128; baseline 0.002 -26"><span class='ocrx_word' id='word_1_642' title='bbox 2146 5043 2411 5122; x_wconf 74' lang='grc' dir='ltr'>ϐώσωμαι</span> <span class='ocrx_word' id='word_1_643' title='bbox 2447 5096 2461 5122; x_wconf 86' lang='grc'><strong>,</strong></span> <span class='ocrx_word' id='word_1_644' title='bbox 2517 5053 2552 5120; x_wconf 80' lang='grc' dir='ltr'>ἡ</span> <span class='ocrx_word' id='word_1_645' title='bbox 2610 5051 2802 5127; x_wconf 85' lang='grc' dir='ltr'>πρώτη</span> <span class='ocrx_word' id='word_1_646' title='bbox 2868 5051 2963 5123; x_wconf 73' lang='grc' dir='ltr'>μὲν</span> <span class='ocrx_word' id='word_1_647' title='bbox 3017 5055 3113 5106; x_wconf 88' lang='grc' dir='ltr'><strong>τοῦ</strong></span> <span class='ocrx_word' id='word_1_648' title='bbox 3166 5051 3377 5125; x_wconf 87' lang='grc' dir='ltr'>κόσμου</span> <span class='ocrx_word' id='word_1_649' title='bbox 3433 5053 3786 5128; x_wconf 81' lang='grc' dir='ltr'>παραγωγικὴ</span> 
     </span>
    </p>
   </div>
   <div class='ocr_carea' id='block_1_92' title="bbox 2144 5132 3788 5216">
    <p class='ocr_par' dir='ltr' id='par_1_92' title="bbox 2144 5132 3788 5216">
     <span class='ocr_line' id='line_1_92' title="bbox 2144 5132 3788 5216; baseline 0 -24"><span class='ocrx_word' id='word_1_650' title='bbox 2144 5132 2393 5216; x_wconf 74' lang='grc' dir='ltr'>ἔκφανσις</span> <span class='ocrx_word' id='word_1_651' title='bbox 2439 5138 2530 5194; x_wconf 76' lang='grc' dir='ltr'><strong>καὶ</strong></span> <span class='ocrx_word' id='word_1_652' title='bbox 2580 5141 2614 5209; x_wconf 83' lang='grc' dir='ltr'>ἡ</span> <span class='ocrx_word' id='word_1_653' title='bbox 2655 5144 2952 5210; x_wconf 83' lang='grc' dir='ltr'>τηνικαῦτα</span> <span class='ocrx_word' id='word_1_654' title='bbox 2997 5137 3436 5214; x_wconf 87' lang='grc' dir='ltr'>κειμηλιωθεῖσα</span> <span class='ocrx_word' id='word_1_655' title='bbox 3469 5146 3550 5214; x_wconf 79' lang='grc' dir='ltr'><strong>τῷ</strong></span> <span class='ocrx_word' id='word_1_656' title='bbox 3577 5137 3788 5215; x_wconf 85' lang='grc' dir='ltr'>βασιλεῖ</span> 
     </span>
    </p>
   </div>
   <div class='ocr_carea' id='block_1_93' title="bbox 2145 5225 3788 5308">
    <p class='ocr_par' dir='ltr' id='par_1_93' title="bbox 2145 5225 3788 5308">
     <span class='ocr_line' id='line_1_93' title="bbox 2145 5225 3788 5308; baseline -0.001 -28"><span class='ocrx_word' id='word_1_657' title='bbox 2145 5225 2436 5302; x_wconf 82' lang='grc' dir='ltr'>ἀνθρώπῳ,</span> <span class='ocrx_word' id='word_1_658' title='bbox 2488 5229 2651 5304; x_wconf 78' lang='grc' dir='ltr'>πρινὴ</span> <span class='ocrx_word' id='word_1_659' title='bbox 2698 5229 2788 5284; x_wconf 84' lang='grc' dir='ltr'><strong>καὶ</strong></span> <span class='ocrx_word' id='word_1_660' title='bbox 2831 5231 3096 5304; x_wconf 76' lang='grc' dir='ltr'>γενέσθαι,</span> <span class='ocrx_word' id='word_1_661' title='bbox 3148 5229 3441 5308; x_wconf 78' lang='grc' dir='ltr'>φιλοτιμία</span> <span class='ocrx_word' id='word_1_662' title='bbox 3494 5233 3595 5284; x_wconf 86' lang='grc' dir='ltr'><strong>τῶν</strong></span> <span class='ocrx_word' id='word_1_663' title='bbox 3649 5225 3788 5280; x_wconf 84' lang='grc' dir='ltr'><strong>κατά</strong></span> 
     </span>
    </p>
   </div>
   <div class='ocr_carea' id='block_1_94' title="bbox 2142 5315 3790 5396">
    <p class='ocr_par' dir='ltr' id='par_1_94' title="bbox 2142 5315 3790 5396">
     <span class='ocr_line' id='line_1_94' title="bbox 2142 5315 3790 5396; baseline -0.002 -24"><span class='ocrx_word' id='word_1_664' title='bbox 2142 5315 2347 5390; x_wconf 87' lang='grc' dir='ltr'>κόσμον</span> <span class='ocrx_word' id='word_1_665' title='bbox 2399 5317 2632 5392; x_wconf 79' lang='grc' dir='ltr'>ἀγαθῶν,</span> <span class='ocrx_word' id='word_1_666' title='bbox 2667 5317 2839 5390; x_wconf 77' lang='grc' dir='ltr'>ἐκείνη</span> <span class='ocrx_word' id='word_1_667' title='bbox 2893 5316 3043 5381; x_wconf 87' lang='grc' dir='ltr'>δόσις</span> <span class='ocrx_word' id='word_1_668' title='bbox 3087 5319 3153 5388; x_wconf 77' lang='grc' dir='ltr'>ἦν</span> <span class='ocrx_word' id='word_1_669' title='bbox 3205 5321 3548 5396; x_wconf 81' lang='grc' dir='ltr'>αὐτόχρημα.</span> <span class='ocrx_word' id='word_1_670' title='bbox 3577 5315 3648 5370; x_wconf 86' lang='grc' dir='ltr'><strong>Οὐ</strong></span> <span class='ocrx_word' id='word_1_671' title='bbox 3679 5315 3790 5391; x_wconf 85' lang='grc' dir='ltr'><strong>γάρ</strong></span> 
     </span>
    </p>
   </div>
   <div class='ocr_carea' id='block_1_95' title="bbox 2140 5404 3798 5484">
    <p class='ocr_par' dir='ltr' id='par_1_95' title="bbox 2140 5404 3798 5484">
     <span class='ocr_line' id='line_1_95' title="bbox 2140 5404 3798 5484; baseline 0.002 -24"><span class='ocrx_word' id='word_1_672' title='bbox 2140 5409 2301 5461; x_wconf 85' lang='grc' dir='ltr'>ποθεν</span> <span class='ocrx_word' id='word_1_673' title='bbox 2361 5406 2528 5462; x_wconf 85' lang='grc' dir='ltr'>καλὸν</span> <span class='ocrx_word' id='word_1_674' title='bbox 2582 5407 2922 5484; x_wconf 83' lang='grc' dir='ltr'>ἀνθρώπινον</span> <span class='ocrx_word' id='word_1_675' title='bbox 3004 5404 3302 5464; x_wconf 81' lang='grc' dir='ltr'>ἀπολαϐὼν</span> <span class='ocrx_word' id='word_1_676' title='bbox 3359 5411 3385 5464; x_wconf 90' lang='lat'><strong>6</strong></span> <span class='ocrx_word' id='word_1_677' title='bbox 3440 5406 3567 5468; x_wconf 84' lang='grc' dir='ltr'>Θεὸς</span> <span class='ocrx_word' id='word_1_678' title='bbox 3603 5448 3618 5473; x_wconf 87' lang='grc'><strong>,</strong></span> <span class='ocrx_word' id='word_1_679' title='bbox 3680 5406 3798 5463; x_wconf 77' lang='grc' dir='ltr'>εἶτα</span> 
     </span>
    </p>
   </div>
   <div class='ocr_carea' id='block_1_96' title="bbox 2143 5493 3796 5571">
    <p class='ocr_par' dir='ltr' id='par_1_96' title="bbox 2143 5493 3796 5571">
     <span class='ocr_line' id='line_1_96' title="bbox 2143 5493 3796 5571; baseline 0.002 -21"><span class='ocrx_word' id='word_1_680' title='bbox 2143 5495 2652 5571; x_wconf 84' lang='grc' dir='ltr'>φιλοτιμησαμενος</span> <span class='ocrx_word' id='word_1_681' title='bbox 2698 5495 3095 5568; x_wconf 75' lang='grc' dir='ltr'>ἀνταπεδωκεν,</span> <span class='ocrx_word' id='word_1_682' title='bbox 3150 5497 3276 5554; x_wconf 86' lang='grc' dir='ltr'>ἀλλ’</span> <span class='ocrx_word' id='word_1_683' title='bbox 3324 5496 3570 5571; x_wconf 78' lang='grc' dir='ltr'>ἄντικρυς</span> <span class='ocrx_word' id='word_1_684' title='bbox 3601 5493 3796 5554; x_wconf 78' lang='grc' dir='ltr'>ἔδωκε.</span> 
     </span>
    </p>
   </div>
   <div class='ocr_carea' id='block_1_97' title="bbox 2142 5583 3803 5660">
    <p class='ocr_par' dir='ltr' id='par_1_97' title="bbox 2142 5583 3803 5660">
     <span class='ocr_line' id='line_1_97' title="bbox 2142 5583 3803 5660; baseline 0.001 -21"><span class='ocrx_word' id='word_1_685' title='bbox 2142 5583 2456 5642; x_wconf 78' lang='grc' dir='ltr'><strong>Καὶ-ἐδίδου</strong></span> <span class='ocrx_word' id='word_1_686' title='bbox 2487 5583 2547 5640; x_wconf 78' lang='grc' dir='ltr'>ἂν</span> <span class='ocrx_word' id='word_1_687' title='bbox 2594 5587 2804 5660; x_wconf 81' lang='grc' dir='ltr'>ὁμοίως</span> <span class='ocrx_word' id='word_1_688' title='bbox 2854 5585 2958 5650; x_wconf 69' lang='grc' dir='ltr'><strong>ἕως</strong></span> <span class='ocrx_word' id='word_1_689' title='bbox 3009 5588 3098 5642; x_wconf 78' lang='grc' dir='ltr'><strong>καὶ</strong></span> <span class='ocrx_word' id='word_1_690' title='bbox 3128 5592 3220 5642; x_wconf 89' lang='grc' dir='ltr'><strong>νῦν</strong></span> <span class='ocrx_word' id='word_1_691' title='bbox 3274 5590 3410 5644; x_wconf 74' lang='grc' dir='ltr'>κατὰ</span> <span class='ocrx_word' id='word_1_692' title='bbox 3439 5588 3537 5657; x_wconf 72' lang='grc' dir='ltr'>τὴν</span> <span class='ocrx_word' id='word_1_693' title='bbox 3571 5583 3623 5640; x_wconf 63' lang='grc' dir='ltr'>ἓν</span> <span class='ocrx_word' id='word_1_694' title='bbox 3652 5585 3803 5660; x_wconf 83' lang='grc' dir='ltr'><strong>αὐτῷ</strong></span> 
     </span>
    </p>
   </div>
   <div class='ocr_carea' id='block_1_98' title="bbox 2141 5674 3801 5754">
    <p class='ocr_par' dir='ltr' id='par_1_98' title="bbox 2141 5674 3801 5754">
     <span class='ocr_line' id='line_1_98' title="bbox 2141 5674 3801 5754; baseline 0.001 -24"><span class='ocrx_word' id='word_1_695' title='bbox 2141 5675 2489 5751; x_wconf 85' lang='grc' dir='ltr'>παραγωγὸν-</span> <span class='ocrx_word' id='word_1_696' title='bbox 2555 5676 2742 5754; x_wconf 85' lang='grc' dir='ltr'>σοφίαν</span> <span class='ocrx_word' id='word_1_697' title='bbox 2782 5723 2795 5747; x_wconf 90' lang='grc'><strong>,</strong></span> <span class='ocrx_word' id='word_1_698' title='bbox 2853 5675 2900 5732; x_wconf 72' lang='grc' dir='ltr'><strong>εἰ</strong></span> <span class='ocrx_word' id='word_1_699' title='bbox 2963 5677 3040 5751; x_wconf 80' lang='grc' dir='ltr'>μὴ</span> <span class='ocrx_word' id='word_1_700' title='bbox 3110 5681 3554 5753; x_wconf 81' lang='grc' dir='ltr'>παρεισκριθεῖσα</span> <span class='ocrx_word' id='word_1_701' title='bbox 3615 5674 3801 5754; x_wconf 80' lang='grc' dir='ltr'>φαύλη</span> 
     </span>
    </p>
   </div>
   <div class='ocr_carea' id='block_1_99' title="bbox 2143 5763 3802 5843">
    <p class='ocr_par' dir='ltr' id='par_1_99' title="bbox 2143 5763 3802 5843">
     <span class='ocr_line' id='line_1_99' title="bbox 2143 5763 3802 5843; baseline 0.002 -22"><span class='ocrx_word' id='word_1_702' title='bbox 2143 5763 2476 5840; x_wconf 86' lang='grc' dir='ltr'>προαίρεσις,</span> <span class='ocrx_word' id='word_1_703' title='bbox 2537 5763 2806 5843; x_wconf 79' lang='grc' dir='ltr'>ἁμαρτίας</span> <span class='ocrx_word' id='word_1_704' title='bbox 2861 5765 3083 5838; x_wconf 83' lang='grc' dir='ltr'>ἁπάσης·</span> <span class='ocrx_word' id='word_1_705' title='bbox 3134 5768 3368 5843; x_wconf 73' lang='grc' dir='ltr'>μήτηρ,</span> <span class='ocrx_word' id='word_1_706' title='bbox 3426 5763 3751 5823; x_wconf 80' lang='grc' dir='ltr'>ἀπεκώλυεν</span> <span class='ocrx_word' id='word_1_707' title='bbox 3786 5809 3802 5826; x_wconf 91' lang='grc'><strong>.</strong></span> 
     </span>
    </p>
   </div>
  </div>
