4130 6356
348 433 463 492 541

1331 433 1625 496 ORATIO
1670 435 1886 495 ANNO
1930 433 2433 496 AUSPICANDO
2480 434 2802 495 HABITA.

3664 434 3783 492 542

347 568 511 639 ’Ἄρτι
566 559 626 616 δὲ
682 558 753 616 δι’
782 561 949 630 αὐτὴν
1009 561 1108 618 οὔκ
1163 563 1244 618 ἀεὶ
1296 563 1488 628 ἁπλῶς
1539 564 1683 621 οὕτω
1725 563 1946 621 δίδωσιν
1976 568 2005 622 6

2130 570 2355 638 propter
2380 584 2508 623 eam
2538 567 2688 623 Deus
2711 583 2826 622 non
2858 563 3115 638 amplius
3147 569 3264 620 tam
3315 569 3522 637 sponte
3582 565 3779 636 donat,

350 653 500 720 Θεὸς,
535 649 662 706 ἀλλ’
713 649 1047 707 ἀντιδιδόναι
1091 650 1243 730 φιλεῖ
1297 654 1433 710 κατά
1487 676 1610 711 τινα
1669 653 2008 732 δοσοληψίαν

353 739 504 814 αότῷ
532 741 867 814 πρέπουσαν.

426 876 496 950 γ’.
530 873 723 949 Πρέπει
775 872 832 929 δὲ
878 873 1186 950 ἀναγκαίως
1240 882 1318 950 τῷ
1370 877 1555 954 ἀγαθῷ
1601 879 1771 955 ἀγαθά
1817 901 1875 936 τε
1926 879 2006 936 δι-

358 961 531 1033 δόναι,
562 963 647 1018 καὶ
701 959 1122 1037 ἀντιλαμϐάνειν
1170 972 1412 1023 τοιαῦτα.
1448 971 1691 1044 Πονηρὸς
1749 971 1841 1044 μὲν
1902 971 2006 1048 γὰρ

359 1051 520 1124 δότης
547 1053 728 1130 χαίρει
787 1053 878 1109 καὶ
936 1051 1120 1118 διδοὺς
1178 1057 1267 1111 καὶ
1319 1053 1639 1130 λαμϐάνων,
1673 1062 1754 1122 οἷς
1813 1080 2007 1136 παρω-

356 1143 638 1217 νόμασταιο
672 1143 872 1219 ἀγαθὸς
933 1140 991 1199 δὲ
1051 1143 1151 1200 οὐκ
1208 1148 1266 1201 ἂν
1326 1144 1453 1202 οὐδὲ
1509 1146 1794 1224 ἅνθρωπος
1825 1147 2005 1214 ἐθέλοι

355 1231 656 1312 φαυλότητι
722 1231 1053 1310 πραγμάτων
1132 1234 1529 1310 χρωτίζεσθαι,
1591 1239 1667 1311 μὴ
1728 1238 1810 1294 ίἔτι
1868 1260 1929 1314 γε
1977 1239 2006 1294 6

352 1323 664 1397 πανάγαθος
724 1322 940 1397 Κύριος,
991 1322 1042 1394 ἐξ
1109 1325 1170 1378 οὗ
1227 1326 1316 1380 καὶ
1374 1323 1443 1380 δι’
1502 1328 1564 1382 οὗ
1617 1329 1753 1382 ἅπαν
1813 1324 2003 1385 καλόν.

353 1407 663 1482 Φιλοίημεν
696 1407 788 1464 οὖν
818 1411 1044 1472 ἅπαντες
1096 1413 1432 1488 Χριστιανοὶ,
1457 1413 1549 1468 καὶ
1596 1416 2003 1490 πραγματευοί-

356 1501 512 1573 μεθα,
574 1499 650 1560 εἷς
706 1500 836 1553 ὅσον
899 1497 1148 1572 δύναμις,
1210 1503 1284 1574 μὴ
1347 1497 1645 1574 λαμϐάνειν
1700 1503 1892 1566 ἁπλῶς
1947 1503 2008 1559 ἐκ

353 1592 508 1656 Θεοῦ,
544 1585 690 1643 ἀλλὰ
720 1584 1164 1662 ἀντιλαμϐάνειν.
1197 1586 1612 1665 Ἀντιλαμϐάνει
1667 1591 1725 1648 δὲ
1773 1595 1800 1648 6
1845 1592 2005 1670 ἐφθα-

352 1678 462 1740 κὼς
510 1674 717 1736 δοῦναι.
751 1679 848 1733 Καὶ
908 1677 1024 1755 ἔχει
1080 1680 1144 1735 τὸ
1201 1677 1486 1754 διδόμενον
1520 1685 1547 1737 ὁ
1579 1689 1822 1746 τοιοῦτος
1876 1686 2008 1758 μετά

357 1769 734 1838 πεποιθήσεως
765 1769 1045 1843 εὐγενοῦς,
1077 1768 1166 1824 καὶ
1228 1771 1432 1845 ἀγαθῆς
1490 1769 1870 1844 συνειδήσεως,
1931 1774 2006 1836 ὡς

357 1857 443 1912 οἷα
503 1857 581 1930 μὴ
641 1854 815 1930 δῶρον
874 1852 1003 1933 ἕχον
1043 1859 1105 1913 τὸ
1137 1856 1448 1932 δεδομένον,
1489 1859 1636 1916 ἀλλὰ
1687 1860 2003 1938 ἀντίδωρον,

2121 657 2223 712 sed
2277 657 2593 729 rependere
2652 656 2876 712 mavult
2923 657 3250 712 secundum
3284 657 3601 728 quamdam
3637 654 3780 711 reci-

2120 745 2467 818 procitatem
2502 747 2613 816 ipsi
2637 746 3102 802 convenientem.

2188 880 2242 934 3.
2278 880 2434 934 Bono
2461 884 2656 934 autem
2689 881 3019 935 necessario
3042 879 3331 944 convenit,
3359 885 3414 934 et
3437 879 3590 932 bona
3620 879 3779 950 dare,

2118 966 2333 1023 ettalia
2372 969 2650 1040 recipere.
2708 968 2898 1023 Malus
2958 967 3114 1022 enim
3176 969 3344 1022 dator
3405 983 3532 1038 qua
3593 967 3782 1038 ipsius

2117 1057 2340 1112 nomini
2373 1072 2632 1128 congrua
2661 1063 2818 1124 sunt,
2872 1063 2928 1111 et
2975 1057 3114 1112 dare
3163 1062 3221 1112 et
3263 1058 3522 1127 recipere
3583 1056 3732 1110 solet
3768 1072 3780 1110 :

2117 1146 2305 1202 bonus
2334 1151 2528 1201 autem
2566 1146 2736 1201 homo
2768 1147 2855 1201 vel
2887 1146 3243 1201 levissimam
3280 1146 3440 1216 pravi
3485 1145 3780 1200 maculam

2117 1239 2440 1302 aversatur,
2501 1251 2566 1290 ao
2617 1236 2844 1290 infinite
2907 1235 3097 1306 magis
3169 1235 3429 1306 optimus
3500 1233 3784 1288 Dominus

2117 1339 2150 1378 a
2180 1340 2295 1395 quo
2317 1329 2372 1379 et
2406 1340 2697 1396 perquem
2731 1341 2903 1380 omne
2957 1325 3200 1378 bonum.
3250 1326 3436 1389 Quare
3462 1323 3786 1388 Christiani

2114 1428 2321 1467 omnes
2348 1429 2580 1468 summo
2605 1413 2802 1468 studio
2828 1413 3153 1484 ardoreque
3177 1412 3233 1466 id
3282 1430 3549 1483 agamus,
3593 1428 3783 1482 quan-

2113 1505 2242 1556 tum
2271 1519 2450 1574 penes
2480 1519 2586 1557 nos
2618 1507 2727 1569 est,
2785 1509 2850 1557 ut
2909 1519 3023 1558 non
3075 1501 3423 1572 simpliciter
3471 1516 3785 1556 sumamus

2116 1590 2306 1657 aDeo,
2368 1593 2468 1647 sed
2519 1591 2938 1647 retribuamur.
2998 1591 3219 1662 Accipit
3277 1596 3472 1645 autem
3534 1591 3784 1645 retribu-

2116 1681 2359 1750 tionem,
2385 1681 2484 1753 qui
2514 1686 2569 1737 et
2592 1682 2716 1753 ipse
2743 1681 2906 1736 dedit
2935 1682 3202 1735 antea.Et
3223 1681 3354 1735 talis
3377 1696 3508 1734 cum
3541 1681 3786 1734 honesta

2118 1770 2481 1825 convictiona
2512 1771 2782 1843 bonaque
2833 1769 3193 1826 conscientia
3247 1771 3448 1824 datum
3501 1769 3782 1840 possidet,

2120 1864 2321 1931 utpote
2348 1859 2449 1931 qui
2489 1877 2603 1915 non
2654 1859 2817 1915 velut
2864 1862 3098 1926 donum,
3152 1860 3253 1914 sed
3309 1865 3588 1929 tanquam
3639 1874 3786 1929 prae-

358 1944 744 2022 Λογιζόμενος,
779 1945 854 2008 ὡς
911 1945 1134 2022 ἀλόγοις
1198 1949 1292 2022 μὶν
1355 1950 1536 2020 ζώοις,
1589 1952 1671 2013 οἷς
1728 1956 1853 2014 νοῦς
1912 1953 2014 2006 οὐκ

2130 1949 2308 2004 mium
2342 1949 2556 2004 habeat
2585 1949 2641 2004 id
2676 1950 2831 2021 quod
2865 1951 2914 2004 ei
2948 1951 3151 2004 datum
3185 1954 3293 2013 est,
3328 1948 3648 2019 praesertim
3684 1946 3783 2000 ubi

357 2034 652 2104 ἐπιστατεῖ,
702 2032 911 2090 δίδοται
968 2036 1036 2091 τὰ
1088 2035 1148 2092 ἐκ
1214 2043 1348 2093 Θεοῦ
1401 2040 1763 2113 πονουμένοις
1814 2042 2012 2104 παντὸς

361 2125 581 2199 ἀγαθοῦ,
616 2125 795 2197 ὁποίῳ
825 2124 1006 2200 χαίρει
1036 2126 1064 2180 ὁ
1109 2127 1258 2195 Θεὸς,
1291 2128 1380 2181 καὶ
1412 2126 1501 2183 διὰ
1556 2133 1718 2184 τοῦτο
1772 2127 2016 2202 ἄσπαρτα

362 2213 449 2267 καὶ
510 2213 750 2289 ἀνήροτα
778 2213 828 2284 ἐξ
876 2212 1188 2287 αὐτομάτου
1239 2211 1582 2288 λαμϐάνουσι
1629 2217 1698 2272 τά
1757 2220 1837 2280 οἷς
1898 2219 2016 2292 θρέ-

367 2303 550 2374 ψονται
605 2301 909 2376 Ἀνθρώπῳ
942 2300 1000 2356 δὲ
1029 2302 1128 2358 οὐκ
1171 2303 1230 2358 ἂν
1261 2301 1344 2373 εἴη
1379 2307 1671 2383 προσφυὲς,
1701 2305 1843 2362 οὕτω
1875 2304 2016 2379 λαμ-

366 2383 564 2462 ϐάνειν,
610 2389 759 2446 ἀλλὰ
819 2396 954 2446 κατά
1008 2412 1061 2446 τι
1117 2391 1498 2468 συνάλλαγμα,
1557 2395 1647 2450 καὶ
1713 2396 1842 2451 αὐτὸ
1920 2393 2020 2451 οὐκ

363 2477 626 2555 ἀνάλογον
685 2481 823 2535 κατά
886 2501 946 2556 γε
1009 2479 1140 2544 τοὺς
1210 2481 1706 2558 έμπορευομένους,
1767 2483 1888 2540 ἀλλ’
1944 2484 2020 2546 εἰς

361 2567 486 2624 ὅσον
545 2563 656 2625 ἔστι
713 2569 803 2624 τὸν
863 2570 1149 2645 ἄνθρωπον
1206 2573 1626 2645 σταθμώσασθαι
1671 2574 1807 2651 πρὸς
1865 2573 2017 2646 Θεὸν,

363 2655 644 2734 ἄνθρωπον
673 2659 765 2714 τὸν
793 2660 1135 2732 πενέστατον,
1169 2661 1297 2716 Θεὸν
1328 2662 1420 2717 τὸν
1454 2661 1864 2736 παμπλούσιον.

448 2959 510 3018 δ’.
540 2963 599 3017 Τί
653 2962 753 3039 γὰρ
810 2963 869 3019 ἃν
925 2963 1015 3020 καὶ
1073 2962 1194 3034 δοίη
1247 2969 1327 3038 τῷ
1383 2970 1498 3039 Θεῷ
1556 2963 1839 3042 ἄνθρωπος
1887 2967 2026 3043 πρὸς

377 3051 556 3122 ἀξίανς
593 3055 724 3116 Πῶς,
773 3049 820 3107 δ’
867 3051 927 3107 ἂν
975 3051 1300 3125 συναλλάξαι
1350 3056 1485 3131 πρὸς
1516 3051 1774 3128 ἰσότητας
1808 3057 2022 3132 Δωρεάν

372 3142 506 3214 ἡμῖν
555 3142 730 3198 πάντα
782 3142 851 3197 τὰ
898 3141 949 3213 ἐξ
997 3141 1226 3215 ἐκείνου,
1269 3142 1319 3199 εἲ
1367 3144 1457 3200 καὶ
1503 3145 1571 3201 τὰ
1609 3146 1740 3222 ὑπὲρ
1795 3143 2021 3220 δύναμιν

369 3231 876 3308 συνεισενέγκωμεν.
928 3230 1096 3290 Οὐδὲν
1162 3234 1508 3306 ἀντιοηκοῦν,
1563 3233 1721 3292 οὐδὲν
1804 3235 2023 3292 ἰσόστα-

2125 2038 2500 2110 reputaverit,
2537 2038 2724 2093 brutis
2757 2038 3112 2092 animalibus
3155 2055 3278 2108 qua;
3311 2037 3534 2091 ratione
3564 2039 3782 2101 carent,

2127 2127 2325 2183 omnia
2356 2144 2480 2199 quae
2510 2128 2627 2183 Deo
2657 2128 2926 2182 videntur
2948 2129 3098 2182 bona
3130 2127 3314 2196 gratis
3356 2125 3666 2196 impertiri,
3718 2140 3786 2180 ae

2126 2222 2436 2288 propterea
2483 2232 2668 2287 neque
2744 2217 3090 2271 seminando
3130 2230 3317 2286 neque
3378 2215 3619 2280 arando,
3680 2214 3783 2267 sed

2127 2305 2281 2361 ultro
2313 2305 2594 2360 alimenta
2623 2306 2837 2376 quibus
2879 2323 3025 2377 opus
3059 2306 3298 2369 habent,
3331 2303 3614 2358 divinitus
3642 2319 3785 2358 con-

2128 2395 2276 2450 cedi.
2329 2394 2638 2450 Hominem
2691 2411 2824 2450 vero
2883 2395 3040 2449 haud
3119 2395 3302 2458 decet,
3352 2395 3555 2448 eodem
3612 2392 3786 2447 modo

2129 2484 2412 2555 accipere,
2445 2485 2544 2539 sed
2568 2499 2637 2538 ex
2667 2489 2835 2555 pacto
2869 2485 3147 2555 quodam,
3194 2500 3308 2538 non
3367 2487 3566 2537 tamen
3626 2483 3786 2550 ejus-

2132 2573 2290 2628 modi
2322 2573 2495 2644 quale
2523 2573 2677 2628 inter
2706 2579 3060 2629 mercatores
3085 2573 3446 2628 intercedere
3479 2570 3651 2637 solet,
3683 2569 3785 2626 sed

2132 2679 2236 2735 pro
2267 2662 2490 2718 ratione
2515 2680 2628 2734 qua
2657 2663 2832 2718 homo
2864 2664 2934 2718 ad
2971 2667 3150 2718 Deum
3203 2660 3564 2718 considerari
3595 2659 3785 2727 debet,

2131 2751 2191 2806 id
2223 2753 2332 2819 est,
2364 2768 2479 2823 qua
2529 2751 2706 2808 homo
2753 2751 3168 2825 pauperrimus
3217 2755 3328 2817 est,
3382 2757 3537 2806 Deus
3589 2752 3786 2805 autem

2131 2839 2484 2897 ditissimus.

2203 2965 2258 3021 4.
2289 2965 2438 3029 Quid
2476 2965 2633 3022 enim
2669 2971 2780 3022 Deo
2824 2965 3178 3038 condignum
3229 2964 3393 3022 dabit
3439 2965 3615 3022 homo
3639 2965 3667 3019 γ
3696 2961 3787 3019 vel

2134 3056 2428 3127 quomodo
2457 3055 2582 3128 pari
2603 3055 2770 3112 lance
2800 3073 2933 3112 cum
2974 3073 3040 3113 eo
3062 3056 3391 3128 paciscatur
3417 3055 3446 3110 ?
3474 3054 3685 3110 Omnia
3712 3053 3788 3108 ab

2134 3143 2234 3200 illo
2255 3143 2437 3217 gratis
2470 3145 2639 3201 nobis
2670 3146 2983 3214 donantur,
3037 3145 3269 3202 etiamsi
3303 3143 3401 3201 vel
3425 3161 3608 3217 supra
3633 3144 3788 3199 vires

2133 3233 2272 3291 dare
2301 3235 2699 3291 conemur.Nil
2730 3252 2856 3308 par,
2887 3235 2966 3290 nil
2993 3251 3248 3308 aequum.
3284 3233 3791 3300 Quemadmodum

369 3330 532 3394 θμον.
589 3324 651 3376 Τί
700 3319 940 3398 κέγχρος
983 3322 1121 3398 πρὸς
1178 3322 1402 3399 οὐρανόν
1431 3345 1444 3395 ;
1471 3323 1808 3396 Τηλικοῦτον
1860 3327 1926 3381 τὰ
1967 3325 2015 3398 ἐξ

2132 3340 2382 3397 granum
2416 3325 2485 3380 ad
2501 3324 2823 3392 caalum,ita
2853 3331 3054 3381 nostra
3083 3342 3212 3381 sese
3233 3326 3306 3380 ad
3327 3324 3524 3381 divina
3547 3323 3789 3390 habent;

363 3411 524 3483 ἡμῶν
581 3410 723 3488 πρὸς
765 3410 835 3465 τά
873 3415 970 3466 τοῦ
1020 3416 1176 3468 Θεοῦ.
1207 3413 1267 3466 Τί
1306 3414 1369 3468 τὸ
1401 3411 1554 3469 οὐδὲν
1586 3414 1720 3491 πρὸς
1750 3416 1812 3470 τὸ
1875 3421 2014 3486 «av;

361 3503 621 3555 Τοιοῦτον
680 3498 744 3555 τὸ
801 3500 1066 3575 ἡμέτερον
1125 3501 1262 3577 πρὸς
1317 3505 1386 3558 τὰ
1419 3505 1555 3563 θεῖα.
1589 3505 1688 3559 Καὶ
1743 3503 1896 3578 ὅμως
1954 3503 2016 3559 οὗ

361 3586 510 3663 λέγω
547 3589 611 3643 τὸ
660 3587 1038 3663 παροιμιῶδες
1089 3588 1261 3647 έκεῖνο
1318 3592 1381 3647 τὸ
1412 3618 1439 3645 α
1474 3592 1574 3656 Δός
1628 3615 1703 3666 τι,
1733 3595 1822 3650 καὶ
1883 3590 2018 3652 λάϐε

358 3695 433 3732 τι·
470 3701 498 3731 ››
528 3674 694 3750 ἀλλὰ,
719 3699 741 3729 ι
774 3677 875 3741 Δός
904 3699 956 3734 τι
992 3681 1282 3756 μετρητὸν,
1315 3683 1402 3737 καὶ
1455 3679 1714 3740 ἀντίλαϐε
1765 3685 1828 3738 τὸ
1885 3683 2018 3758 ἀμέ-

358 3784 581 3841 τρητον·
627 3791 648 3818 ι
702 3764 916 3840 μᾶλλον
976 3765 1053 3837 δὲ,
1107 3792 1128 3820 ι
1187 3766 1413 3843 δ[ίδου]
1459 3771 1678 3848 μικρὸν,
1728 3772 1822 3828 καὶ
1873 3773 2016 3828 ἀντι-

363 3850 612 3928 λάμϐανε
672 3857 946 3933 μέγιστον.
1007 3879 1035 3910 >›
1098 3863 1263 3913 Ποῖον
1327 3859 1560 3936 μικρόν;
1625 3862 1769 3918 Νοῦν
1831 3861 2012 3938 ὀρθόν·

364 3942 652 4021 έξάγγελον
700 3943 868 4020 λόγον
917 3945 1123 4018 ἀληθῆ·
1155 3944 1405 4025 γλῶσσαν
1453 3949 1785 4027 ἀρῥύπαρον·
1813 3951 1876 4006 τὸ
1937 3953 2013 4026 μὴ

363 4033 563 4110 τρίζειν
601 4031 827 4098 ὀδόντας
866 4033 954 4090 ἐπὶ
996 4041 1113 4101 τοῖς
1159 4033 1328 4110 μηδὲν
1381 4037 1594 4101 αἰτίοις·
1623 4039 1686 4094 τὸ
1747 4041 1822 4113 μὴ
1881 4043 2018 4096 κατά

362 4127 460 4178 τοῦ
518 4123 789 4197 στόματος
845 4122 1080 4201 ἀγείρειν
1141 4126 1414 4200 μιασμοὺς
1486 4127 1894 4205 βλασφημιῶν·
1953 4131 2016 4186 τὸ

368 4209 542 4288 φιλεῖν
607 4213 939 4291 ἀκραιφνῶς·
998 4215 1060 4270 τὸ
1131 4215 1340 4290 ἀγαπᾷν
1400 4211 1658 4288 ἀκριϐὣς’
1719 4218 1780 4273 τὸ
1843 4205 2017 4293 μισεῖν

366 4301 464 4371 τήν
506 4322 564 4356 τε
616 4299 922 4377 ὑπόκρισιν,
952 4302 1040 4358 καὶ
1095 4303 1152 4365 ὃς
1197 4301 1253 4358 δὲ
1282 4302 1450 4374 αὐτὴν
1483 4310 1779 4378 σωμασκεῖο
1811 4305 1875 4362 τὸ
1939 4307 2016 4380 μὴ

363 4390 897 4467 συναναχρώννυσθαι
979 4397 1242 4470 μυσαροῖς
1269 4437 1283 4463 ,
1340 4389 1456 4450 sicce
1524 4394 1853 4469 ἀνθρώποις,
1913 4393 2020 4452 εἷίτε

363 4478 689 4556 πράγμασι·
738 4481 801 4535 τὸ
861 4482 938 4554 μὴ
1001 4479 1333 4560 διττολογεῖν
1394 4483 1482 4540 ἐπὶ
1536 4481 1757 4559 ψεύδει·
1814 4487 1877 4540 τὸ
1939 4488 2015 4560 μὴ

361 4566 707 4646 κακολογεῖν,
741 4569 822 4648 ἐφ’
852 4572 934 4634 οἷς
964 4573 1027 4627 οὐ
1058 4574 1194 4650 χρή’
1225 4573 1288 4629 τὸ
1334 4575 1410 4647 μὴ
1459 4572 1775 4652 καλλ[ιεργ]
1828 4581 1904 4631 εῖν
1955 4576 2019 4632 τὸ

2128 3417 2186 3469 et
2215 3415 2720 3486 quemadmodum
2755 3414 2903 3470 nihil
2942 3415 3012 3470 ad
3067 3414 3432 3483 universum,
3465 3416 3548 3469 ita
3573 3430 3664 3468 res
3688 3427 3790 3468 no-

2128 3508 2260 3558 stra
2293 3504 2364 3560 ad
2396 3520 2644 3560 munera
2666 3503 2944 3561 cmlestia.
2978 3505 3094 3561 Nec
3128 3509 3325 3560 tamen
3376 3504 3606 3576 protero
3658 3517 3790 3573 pro-

2126 3591 2465 3648 verbialiter
2496 3593 2720 3648 dictum
2746 3592 2894 3649 illud
2920 3609 2978 3647 :«
3002 3595 3082 3649 Da
3099 3593 3238 3666 quid
3272 3596 3332 3649 et
3362 3593 3554 3664 recipe
3576 3590 3740 3664 quid,
3761 3612 3790 3640 »

2127 3681 2227 3738 sed
2255 3698 2268 3738 :
2303 3705 2330 3732 ‹‹
2356 3682 2440 3738 Da
2472 3687 3019 3740 commensuratum
3052 3683 3217 3756 quid,
3260 3687 3318 3738 et
3346 3681 3536 3754 recipe
3567 3681 3791 3736 incom-

2128 3774 2550 3843 mensurabile,
2604 3798 2630 3825 υ
2657 3775 2747 3831 vel
2797 3776 2992 3848 potius
3016 3793 3035 3830 :
3070 3797 3099 3824 «
3129 3775 3214 3831 Da
3247 3790 3490 3846 parvum
3516 3771 3795 3844 etrecipe

2127 3879 2453 3920 summum.
2472 3886 2500 3915 ››
2522 3863 2858 3928 Qualeillud
2885 3880 3129 3936 parvum
3150 3862 3179 3919 ?
3207 3863 3457 3920 Mentem
3491 3867 3708 3918 rectam
3727 3876 3793 3916 ac

2125 3953 2384 4010 veritatis
2407 3953 2998 4026 amantem;linguam
3022 3952 3541 4026 impollutam;non
3566 3951 3794 4008 frende-

2128 4057 2188 4097 re
2219 4042 2495 4099 dentibus
2522 4047 2724 4099 contra
2748 4041 3442 4116 insontes;noncolligere
3469 4042 3526 4096 in
3549 4057 3647 4097 ore
3666 4039 3793 4097 bla-

2128 4131 2528 4202 spbemiarum
2553 4131 3080 4187 contaminationes
3107 4157 3120 4200 ;
3143 4131 3370 4186 sincere
3391 4130 3794 4202 diligere;vere

2128 4221 2486 4287 amare;odio
2525 4219 2739 4276 habere
2769 4220 3308 4277 dissimulationem
3339 4225 3397 4275 et
3417 4235 3552 4276 eum
3582 4217 3684 4290 qui
3707 4206 3794 4272 illi

2127 4309 2427 4384 indulget;
2461 4328 2575 4367 non
2610 4309 2997 4367 contaminari
3027 4309 3458 4375 abominandis,
3476 4323 3579 4363 nec
3600 4306 3792 4362 homi-

2128 4399 2440 4470 nibus,nec
2474 4401 2786 4468 factis;non
2819 4399 3124 4454 mendacio
3147 4399 3506 4465 servire;non
3539 4393 3792 4452 malelo-

2131 4489 2232 4562 qui
2264 4490 2334 4546 de
2366 4489 2739 4556 insontibus;
2774 4506 2890 4544 non
2922 4488 3167 4544 subdole
3195 4503 3543 4559 componere
3564 4485 3790 4542 vultum

2130 4580 2202 4636 ad
2235 4578 2552 4635 amicitiam
2568 4576 2964 4635 simulandam
2992 4603 3004 4643 ς
3025 4578 3232 4650 punire
3254 4593 3400 4648 quos
3423 4575 3788 4647 Deusjubet:

364 4657 659 4732 πρόσωπον
717 4659 1082 4736 ὑποκριτικῶς
1137 4661 1224 4716 ἐπὶ
1282 4661 1467 4741 φιλία’
1523 4665 1585 4720 τὸ
1642 4661 1891 4739 ἐκδικεῖν,
1925 4665 2015 4728 οὓς

2131 4685 2248 4724 non
2297 4667 2516 4739 injuria
2574 4668 2806 4724 afficere
2857 4667 3217 4723 conﬁdentes
3285 4667 3344 4720 in
3415 4671 3524 4721 Deo
3581 4665 3683 4736 qui
3732 4664 3793 4720 in

366 4746 734 4824 παραγγέλλει
794 4750 822 4804 6
871 4748 1018 4812 Θεός·
1053 4751 1114 4805 τὸ
1170 4752 1273 4825 [μὴ
1306 4750 1532 4828 ἀδικεῖν]
1584 4751 1896 4829 ἀφορῶντας
1945 4754 2022 4817 εἷς

366 4836 530 4891 αὐτὸν
584 4838 738 4910 Θεὸν,
770 4838 828 4900 ’ὸς
882 4838 946 4892 οὗ
999 4833 1267 4912 λαμϐάνει
1297 4839 1591 4917 πρόσωπον
1624 4841 1676 4897 έν
1729 4841 1924 4919 κρίσει·
1957 4841 2021 4898 τὰ

371 4926 448 5000 μή
507 4925 790 5002 προΐεσθαι
848 4925 1030 5005 δώρου
1086 4931 1150 4984 τὸ
1184 4925 1414 4985 δίκαιον
1448 4931 1512 4987 τὸ
1570 4933 1646 5006 μὴ
1705 4932 2022 5009 προσίεσθαι

364 5015 502 5082 τοὺς,
543 5016 1026 5091 προκαλουμένους
1086 5017 1163 5082 είς
1215 5017 1423 5096 ἄδικον,
1484 5020 1626 5076 ὀκνῶ
1697 5022 1886 5094 εἰπεῖν,
1950 5023 2024 5086 εἷς

363 5105 426 5160 τὸ
460 5107 537 5180 μή
571 5105 708 5161 κατὰ
735 5113 836 5177 τῆς
888 5106 1214 5178 Ἐκκλησίας
1259 5110 1414 5181 εἶναι,
1447 5111 1538 5166 καὶ
1601 5109 1839 5186 μάλιστα
1893 5112 2022 5178 τοὺς

364 5191 872 5266 ἰκκλησιαστικοὺς,
902 5196 931 5251 ’ὁ
969 5200 1066 5252 τοῦ
1097 5202 1183 5253 νῦν
1214 5203 1407 5274 καιροῦ
1437 5198 1590 5278 φῦμα
1621 5201 1891 5276 θεομισές.

433 5329 491 5384 ε’.
528 5329 713 5386 Εἰπὼν
773 5329 877 5406 γὰρ
931 5330 1062 5386 αὐτὸ
1122 5327 1424 5388 ὑποϐάλλω
1472 5339 1588 5397 τοῖς
1645 5333 2023 5410 ἀκροωμένοις

362 5423 540 5486 νοεῖν,
588 5421 673 5476 ὅτι
731 5419 997 5496 ἀρῥωστεῖ
1070 5420 1160 5476 καὶ
1214 5424 1250 5492 ἡ
1309 5421 1626 5494 Ἐκκλησία.
1687 5424 1787 5480 Καί
1839 5445 1920 5502 γε,
1979 5421 2024 5479 ὦ

367 5507 539 5578 οὗτοι,
577 5507 798 5580 ἀληθῶς
831 5508 1101 5587 ἀῤῥωστεῖ
1127 5511 1218 5566 καὶ
1244 5512 1308 5568 τὸ
1337 5517 1586 5569 τοιοῦτον
1624 5514 1781 5590 ἅγιον
1841 5518 2021 5588 σῶμα,

366 5591 459 5653 καὶ
520 5596 758 5672 μάλιστα
808 5599 957 5658 κατὰ·
998 5604 1104 5656 τῶν
1162 5621 1309 5664 τινας
1367 5599 1647 5660 δακτύλων
1706 5602 1891 5660 αὐτοῦ.
1951 5604 2027 5660 Τὰ

372 5686 479 5764 γὰρ
532 5685 680 5745 ἄλλα
733 5687 892 5763 τίμια
952 5691 1094 5764 μέλη
1151 5689 1349 5753 τούτου
1396 5691 1495 5750 οὐκ
1541 5689 1657 5770 ἔχω
1698 5694 2022 5773 μέμφεσθαι.

377 5776 691 5843 Δακτύλους
723 5775 782 5835 δὲ
807 5777 1034 5844 τούτους
1069 5780 1244 5854 sltem,-
1274 5781 1373 5840 οὐκ
1411 5778 1800 5850 ἐκϐάλλοντας·
1839 5795 2028 5860 θεομι-

2123 4758 2348 4830 judicio
2382 4773 2692 4831 personam
2714 4757 2873 4813 haud
2905 4755 3153 4828 accipit;
3179 4773 3295 4812 non
3323 4755 3571 4812 vendere
3609 4753 3793 4826 justi-

2130 4850 2271 4905 tiam
2305 4849 2558 4921 acceptis
2589 4848 2974 4915 muneribus;
3009 4864 3123 4902 non
3173 4847 3484 4902 admittere
3533 4861 3632 4900 eos
3691 4844 3794 4916 qui

2133 4940 2203 4994 ad
2240 4937 2594 5010 injustitiam
2621 4942 2962 5009 provocant,
3011 4941 3074 4991 ut
3120 4952 3190 4992 ne
3249 4936 3463 5000 dicam,
3510 4934 3583 4989 ad
3622 4949 3790 5004 sepa-

2134 5027 2421 5084 rationem
2453 5028 2526 5084 ab
2556 5026 2816 5083 Ecclesia
2847 5033 2904 5082 et
2934 5026 3308 5097 potissimum
3339 5023 3790 5092 ecclesiasticos,

2135 5118 2290 5191 quod
2322 5117 2594 5191 quamvis
2646 5115 3070 5173 exsecrandum
3102 5115 3211 5172 hoc
3240 5120 3500 5188 tempore
3531 5112 3792 5169 accidere

2134 5205 2301 5263 solet.

2203 5341 2258 5398 5.
2311 5340 2443 5395 Haec
2501 5339 2656 5394 enim
2699 5339 2900 5395 dicens
2957 5339 3253 5396 auditores
3299 5336 3793 5396 commonefactus

2133 5429 2331 5496 velim,
2358 5428 2675 5485 Ecclesiam
2701 5433 2998 5501 aagrotare.
3037 5429 3184 5485 Vere
3230 5432 3450 5496 autem,
3513 5443 3545 5482 ο
3595 5424 3793 5496 amici,

2103 5531 2110 5534 ··
2135 5521 2378 5591 aegrotat
2408 5518 2515 5573 hoc
2545 5521 2813 5572 sanctum
2829 5532 3064 5587 corpus,
3095 5520 3152 5571 et
3177 5515 3469 5587 imprimis
3491 5517 3550 5570 in
3575 5513 3800 5586 aliquot

2135 5608 2262 5666 suis
2287 5607 2508 5680 digitis.
2539 5610 2751 5662 Catera
2775 5605 2931 5661 enim
2961 5603 3316 5661 venerabilia
3344 5603 3507 5660 illius
3529 5603 3795 5660 membra

2135 5713 2252 5753 non
2278 5701 2368 5753 est
2395 5696 2550 5768 quod
2581 5694 2926 5767 vituperem.
2979 5693 3204 5767 Digitos
3243 5699 3441 5750 autem
3475 5695 3622 5750 istos
3649 5705 3794 5748 voco

2136 5802 2252 5843 non
2282 5785 2382 5858 qui
2405 5786 2506 5843 Dei
2546 5785 2736 5842 instar
2787 5783 3078 5842 damonis
3121 5783 3419 5856 expellunt
3473 5780 3792 5856 (quomodo
