4130 6382
368 417 488 476 543

1147 421 1566 484 EUSTATHH
1610 425 1714 484 TH
1729 421 2393 484 ESSALONICENSIS
2437 423 3024 485 METROPOLITJE

3674 424 3801 485 544

369 547 525 604 enim
607 548 738 604 Idaei
809 551 1029 624 Dactyli
1079 559 1402 625 opportune
1457 557 1592 627 quis
1644 557 1876 623 dixerit,
1923 556 2035 612 hoc

2152 555 2348 626 μήπως
2381 551 2658 628 δαιμόνια,
2689 556 2827 628 (πῶς
2865 554 2969 630 γὰρ
3020 553 3093 624 οἱ,
3127 553 3202 616 ὠς
3255 550 3315 608 ἂν
3371 552 3598 628 καιρίως
3651 551 3804 610 εἶ’ποι

372 641 648 709 poterunt
675 639 868 710 ?),sed
921 641 1019 712 qui
1068 643 1333 698 scribunt
1376 647 1530 716 quod
1584 664 1696 701 non
1738 646 1893 714 licet,
1927 645 2030 716 qui

369 728 455 781 vel
491 730 882 800 nosmetipsos
927 732 1159 802 scriptis
1214 733 1339 788 suis
1389 735 1856 806 aggrediuntur:
1905 751 2032 806 quas

371 816 608 886 quidem
631 835 794 873 mens
813 836 988 889 prava
1011 822 1759 896 progignit,deindelingua
1787 824 2034 880 nutricis

375 905 560 960 instar
591 906 954 961 multimodis
978 910 1261 978 provehit,
1288 929 1443 966 nunc
1476 913 1592 968 aeri
1639 915 2030 980 committens,

374 1012 530 1050 nunc
563 996 726 1052 libris
749 1000 980 1055 tradens
1001 1008 1177 1072 atque
1217 1001 1477 1075 dirigens
1508 1010 1710 1060 contra
1767 1023 1895 1072 nos,
1932 1021 2036 1059 cur

375 1088 430 1138 et
452 1101 568 1156 qua
599 1087 667 1141 de
694 1089 922 1144 causa?
954 1107 1094 1146 num
1152 1090 1291 1162 quia
1339 1109 1437 1148 eos
1494 1093 1581 1148 vel
1635 1094 1898 1149 laesimus
1948 1091 2035 1148 vel

375 1190 530 1228 nunc
578 1175 890 1234 lzedimus?
921 1179 1114 1236 Liceat
1155 1181 1298 1236 mihi
1352 1199 1486 1237 cum
1533 1183 1748 1238 ﬁducia
1803 1183 1862 1238 in
1927 1185 2036 1239 Deo

374 1262 564 1334 posita
595 1265 806 1337 dicere,
841 1273 1043 1327 contra
1077 1287 1183 1326 nos
1217 1272 1315 1342 qui
1349 1271 1432 1327 eis
1477 1277 1534 1328 et
1564 1273 1797 1344 publice
1828 1277 1884 1328 et
1914 1273 2036 1345 pri-

374 1353 554 1408 vatim
575 1355 719 1411 bene
739 1357 1283 1432 l‘ecimus;publics
1305 1362 1566 1432 quidem,
1618 1363 1772 1434 quod
1824 1369 1881 1418 et
1925 1361 2037 1435 ipsi

373 1441 661 1500 bonorum
686 1447 956 1503 universo
987 1466 1152 1504 sacro
1183 1449 1337 1505 clero
1395 1468 1806 1507 concessorum
1857 1453 2038 1524 parti-

376 1531 536 1604 cipes
568 1534 703 1590 facti
735 1543 875 1592 sunt
902 1563 915 1605 ;
939 1539 1214 1609 privatim
1246 1545 1465 1606 autem,
1525 1542 1681 1612 quod
1725 1549 1779 1596 et
1837 1542 1949 1612 ipsi
1983 1545 2041 1596 et

375 1639 577 1678 eorum
610 1624 738 1693 ﬁlii,
773 1630 929 1698 quod
976 1630 1230 1684 maxime
1273 1631 1633 1687 considerari
1675 1631 1866 1699 debet,
1891 1648 2038 1704 prae-

377 1711 546 1784 cipue
570 1715 850 1771 beneﬁcia
870 1723 1240 1789 acceperunt.

445 1822 501 1875 6.
531 1821 678 1876 Audi
702 1824 884 1891 enim,
916 1842 948 1880 ο
1007 1824 1237 1890 cmlum,
1273 1831 1329 1881 et
1359 1828 1615 1894 attende,
1669 1845 1701 1884 ο
1732 1831 1906 1893 terra,
1958 1828 2040 1882 Ex

2139 665 2244 705 τις.
2282 641 2469 701 Ἰδαῖοι
2519 643 2784 700 Δάκτυλοι
2842 647 3082 698 τοιοῦτοι
3134 643 3192 698 ἂν
3244 643 3409 714 εἶεν;)
3466 641 3612 699 ἁλλά
3659 643 3806 720 γρά-

2143 753 2359 808 φοντας,
2393 733 2425 786 ’ὰ
2459 755 2534 806 μη
2571 733 2772 809 χρεὼν,
2807 733 2859 787 οἳ
2912 733 3002 786 καὶ
3058 733 3174 787 καθ’
3205 735 3366 805 ἡμῶν
3416 729 3590 787 αὐτῶν
3653 731 3807 809 λυγί-

2146 827 2324 890 ζονται
2379 822 2711 898 ὑπογραφέες
2761 823 3064 898 γινόμενοι·
3107 819 3180 875 ὧν
3240 825 3430 895 πρῶτα
3489 821 3584 895 μὲν
3643 825 3811 896 γεννᾷ

2142 912 2266 973 νοῦς
2319 912 2421 966 οὐκ
2453 912 2635 988 ὀρθὸς,
2670 911 2783 966 εἶτα
2837 909 3060 988 γλῶσσα
3123 911 3492 984 μαιευσαμένη
3553 909 3800 988 ἐκτρέφει

2144 998 2432 1070 ποικίλως,
2463 1003 2533 1056 τὰ
2565 1002 2658 1074 μὶν
2710 999 2825 1076 ἀέρι
2875 999 3346 1078 παραρῥιπτοῦσα,
3375 999 3442 1054 τὰ
3473 996 3530 1054 δὲ
3576 999 3667 1054 καὶ
3722 1000 3812 1075 βι-

2146 1085 2324 1153 ϐλίοις
2372 1095 2768 1168 σπαργανοῦσα,
2805 1089 2897 1146 καὶ
2944 1089 3264 1164 τημελοῦσα
3305 1089 3426 1154 καθ’
3463 1091 3648 1162 ἡμῶν,
3695 1091 3806 1143 τῶν

2145 1181 2343 1250 τίνων;
2405 1186 2514 1235 αῶν
2574 1181 2785 1249 ποίων;
2843 1185 2950 1235 τῶν
3009 1179 3062 1234 τί
3109 1200 3243 1235 ποτε
3296 1179 3331 1248 ἢ
3383 1177 3735 1254 βλαψάντων,
3769 1177 3806 1247 ἢ

2152 1270 2548 1344 βλαπτόντων;
2583 1271 2713 1325 Δότε
2748 1291 2841 1344 μοι
2883 1269 3227 1346 θαρρούντως
3280 1267 3448 1324 εἰπεῖν
3511 1267 3601 1323 σὺν
3666 1268 3807 1340 Θεῷ,

2146 1363 2252 1412 τῶν
2304 1361 2771 1435 εὐεργετησάντων
2840 1358 2966 1420 τοὺς
3027 1358 3314 1420 τοιούτους
3391 1356 3550 1431 κοινῇ
3599 1377 3658 1411 τε
3713 1357 3806 1410 καὶ

2148 1445 2282 1519 ῗδίᾳο
2311 1453 2469 1522 κοινῇ
2529 1450 2646 1522 μὲν,
2682 1449 2762 1511 οἷς
2791 1446 2949 1503 παντὶ
2980 1452 3062 1520 τῷ
3108 1452 3206 1502 τοῦ
3255 1450 3388 1502 Θεοῦ
3438 1443 3633 1522 κλήρῳ
3680 1466 3805 1500 συν-

2150 1534 2530 1611 διανενέμηται
2583 1540 2674 1593 καὶ
2733 1537 2800 1592 τὰ
2854 1538 2970 1592 κατ’
3022 1536 3248 1598 αὐτούς·
3299 1534 3411 1608 ἰδίᾳ
3468 1533 3526 1590 δὲ
3579 1539 3696 1597 τοῖς
3754 1555 3814 1588 τε

2148 1631 2263 1683 κατ’
2297 1629 2514 1705 ἐξοχὴν,
2559 1630 2620 1698 ἣν
2668 1628 2742 1691 είς
2791 1625 2952 1705 ἀδρὸν
3005 1627 3244 1703 πρέμνον
3293 1627 3512 1700 τίθημι,
3545 1625 3634 1680 καὶ
3690 1629 3814 1688 ταῖς

2148 1719 2488 1796 παραφυάσιν
2523 1719 2622 1773 αύτ
2634 1725 2659 1787 ἧ
2671 1741 2716 1781 ς.

2221 1827 2285 1889 ς’.
2319 1829 2517 1881 ’Ἄκουε
2571 1825 2696 1900 γὰρ,
2749 1825 2794 1879 ὦ
2853 1824 3066 1899 ούρανὶ,
3115 1824 3202 1878 καὶ
3284 1821 3566 1892 ἐνωτίζου,
3617 1823 3652 1891 ἡ
3707 1826 3806 1896 γῆ.

378 1908 451 1965 iis
483 1910 603 1982 qui,
627 1911 796 1967 beata
825 1915 1107 1969 memoria
1137 1914 1297 1987 digni
1318 1915 1530 1982 habiti,
1563 1922 1823 1973 nostram
1844 1917 2036 1972 humi-

2152 1915 2269 1969 Τῶν
2300 1914 2441 1975 τινες
2478 1913 2744 1989 μακαρίας
2780 1915 3006 1988 μνήμης
3034 1912 3383 1986 ἠξιωμένων,
3413 1913 3465 2000 οἳ
3643 1913 3808 2000 ἡμῶν

377 1997 600 2054 litatem
632 2007 1092 2072 antecesserunt,
1125 2005 1364 2075 quidam
1401 2007 1551 2078 (dico
1575 2011 1769 2062 autem
1793 2009 2036 2078 quidam,

378 2105 492 2142 non
559 2091 763 2161 cuncti)
830 2091 1099 2149 universo
1165 2094 1590 2151 venerabilium
1664 2098 2037 2152 sacerdotum

378 2178 550 2233 cmtui
603 2179 904 2249 pecuniam
965 2181 1257 2253 legarunt,
1303 2185 1455 2239 alius
1505 2184 1617 2240 alio
1676 2187 1869 2253 modo,
1944 2185 2040 2241 hic

379 2267 616 2337 quidem
667 2266 896 2325 clericis
939 2275 1160 2326 Sanctae
1228 2273 1455 2344 Sophia:
1512 2273 1612 2328 Dei
1669 2274 1866 2344 Verbi,
1934 2274 2033 2330 ille

380 2355 602 2426 Magnas
650 2358 905 2414 ecclesiae
955 2360 1342 2417 sanctissima;
1401 2363 1660 2418 Dominae
1705 2370 1914 2419 nostra:
1972 2381 2038 2420 ac

381 2445 482 2499 Dei
538 2446 858 2517 genitricis,
927 2448 1078 2504 alius
1128 2452 1532 2507 sacerdotibus
1581 2453 1784 2524 templi
1839 2453 2037 2525 magni

381 2534 664 2606 martyris.
707 2537 808 2607 qui
869 2539 1070 2594 urbem
1123 2546 1385 2596 nostram
1445 2542 1696 2614 protegit
1739 2547 1798 2597 et
1837 2542 2039 2598 dulces

381 2625 580 2680 odores
612 2624 867 2693 exhalat,
900 2629 1070 2698 cujus
1118 2629 1401 2685 miracula
1456 2636 1754 2703 unguento
1805 2647 2040 2704 semper

381 2713 599 2768 ﬂuente
637 2715 993 2784 innituntur,
1019 2718 1106 2772 uti
1161 2725 1527 2790 unguentum
1589 2720 1912 2776 miraculis.
1973 2722 2037 2776 In

381 2803 728 2859 memoriam
759 2804 918 2860 illius
973 2805 1300 2879 legatorum
1362 2809 1793 2866 distributionis
1823 2809 2039 2866 solem-

382 2892 596 2948 nitates
629 2894 752 2947 aliae
789 2894 922 2949 aliis
956 2898 1209 2966 majores
1239 2898 1632 2966 celebrantur,
1693 2904 1750 2953 et
1793 2900 1892 2971 qui
1941 2899 2042 2954 illa

379 2979 764 3053 stipularunt,
798 2983 1235 3040 felicitabundis
1287 2986 1810 3043 acclamationibus
1859 2987 2039 3044 extol-

375 3072 599 3126 luntur.
654 3072 766 3127 Hoc
813 3077 1010 3128 autem
1045 3075 1191 3130 bene
1225 3075 1420 3131 habet.
1460 3076 1604 3131 Nam
1639 3077 1686 3132 si
1721 3077 1862 3149 quid
1894 3078 2039 3132 vitu-

375 3159 634 3230 perabile
682 3161 921 3231 inesset,
985 3179 1089 3217 nec
1117 3179 1222 3235 ego
1261 3163 1601 3234 laudarem;
1636 3167 1790 3237 quod
1842 3172 2038 3223 autem

374 3245 758 3314 laudaverim,
790 3249 958 3306 factis
1007 3252 1153 3323 ipsis
1177 3253 1469 3324 apparuit.
1517 3258 1659 3309 Cum
1690 3255 1844 3310 enim
1907 3257 2039 3312 duae

376 3335 776 3393 solemnitates
819 3338 878 3393 in
939 3341 1198 3396 maxims.
1254 3349 1591 3398 sanctarum
1654 3343 2032 3401 ecclesiarum
2068 3307 2109 3374 Ο

375 3425 556 3496 hujus
588 3428 928 3500 metropolis
942 3429 1132 3485 adhuc
1145 3430 1504 3486 celebrandae
1535 3433 2034 3504 essent,equidcm

377 3515 438 3570 in
489 3515 767 3570 honorem
837 3519 933 3573 Dei
981 3519 1229 3590 ejusque
1286 3523 1474 3576 sancti
1535 3521 1680 3576 illud
1742 3521 2038 3578 laudabile

377 3603 636 3660 ofﬁcium
675 3605 734 3660 in
779 3623 870 3662 me
930 3609 1186 3680 suscepi.
1241 3614 1382 3665 Cum
1431 3610 1610 3682 igitur
1657 3611 2037 3668 ecclesiastici

377 3692 541 3763 digiti
573 3694 809 3765 scriptis
859 3695 981 3752 suis
1029 3698 1250 3770 gratias
1296 3698 1442 3754 mihi
1496 3699 1714 3756 habere
1759 3700 2039 3758 deberent

376 3812 444 3824 —
477 3782 768 3838 calamum
801 3789 1003 3841 contra
1031 3802 1125 3842 me
1156 3791 1410 3843 movent.

445 3890 499 3945 7.
533 3889 782 3946 Ubinam
816 3897 1012 3948 autem
1056 3893 1200 3948 mihi
1238 3893 1529 3952 solemnia
1585 3896 2039 3954 celebrabuntur

377 3979 612 4035 illorum
636 3979 824 4036 instar
843 3982 944 4052 qui
971 3998 1063 4038 me
1089 3987 1808 4058 antecesserunt,quorum
1829 4004 2040 4044 unum-

381 4085 674 4140 quemque
694 4086 965 4142 superem
999 4071 1356 4144 taligratia?
1387 4074 1524 4141 Scit,
1560 4092 1687 4147 quae
1736 4077 1883 4147 dico,
1917 4093 2040 4132 ero-

379 4157 534 4230 gatio
567 4158 623 4213 in
649 4159 792 4214 festo
824 4159 1202 4217 Exnltatiunis
1225 4161 1573 4229 Crucis,imo
1600 4169 1657 4219 et
1677 4165 1790 4220 ista
1812 4181 2039 4236 magna

380 4248 666 4302 secundae.
700 4251 981 4303 Caeterum
1014 4251 1282 4320 quamvis
1306 4252 1377 4306 ab
1401 4250 1744 4308 hominibus
1776 4259 2038 4308 contem-

379 4349 613 4403 namur,
645 4337 706 4388 tu
739 4350 894 4401 vero,
928 4352 960 4390 ο
993 4339 1144 4392 Deus
1187 4338 1471 4407 Salvator,
1513 4339 1652 4395 dare
1697 4340 1842 4396 velis
1873 4341 2042 4396 nobis

383 4421 441 4475 in
465 4422 616 4491 quod
651 4423 812 4479 omni
843 4425 1038 4481 studio
1063 4426 1490 4493 incumbimus,
1523 4433 1580 4483 et
1625 4429 1733 4485 hoc
1756 4447 1859 4502 pro
1881 4430 2043 4486 omni

386 4510 633 4566 solemni
659 4515 1214 4570 commemoratione
1246 4515 1520 4571 sufﬁciet.
1572 4517 1640 4573 Et
1691 4522 1756 4573 tu
1787 4535 2042 4591 quoque.

387 4599 512 4656 dies
543 4601 842 4672 hodierne,
875 4620 908 4658 a
931 4620 1046 4675 quo
1071 4620 1286 4660 corona
1316 4605 1710 4662 anniversaria
1735 4609 1924 4664 denuo
1946 4609 2043 4664 in-

387 4689 969 4762 cipit,testimonium
1000 4693 1410 4758 nobisexbibe,
1446 4694 1585 4765 quid
1638 4697 1949 4755 fecerimus
1977 4699 2037 4754 in
2069 4675 2117 4740 D

384 4779 600 4851 templo
633 4781 821 4836 sancti
863 4781 1047 4837 nostri
1092 4783 1364 4838 odoriferi
1420 4783 1820 4856 celeberrimo,
1875 4793 1938 4843 ut
1983 4794 2040 4845 et

382 4868 579 4941 ipsum
628 4870 782 4926 veris
823 4871 1059 4926 initium
1119 4889 1320 4928 mense
1362 4871 1566 4929 Martio
1613 4877 1884 4933 accidens
1930 4896 2038 4936 nos

385 4959 552 5029 quasi
575 4958 864 5014 tributum
906 4965 1178 5015 nostrum
1226 4961 1471 5019 solvisse
1522 4968 1785 5023 testetur.
1823 4971 1889 5022 Et
1929 4967 2039 5023 hoc

384 5063 614 5120 quoque
646 5049 747 5103 Dei
777 5051 865 5102 est
886 5047 1193 5121 sanctique
1234 5050 1363 5121 ejus
1414 5067 1479 5107 ac
1530 5055 1730 5126 magni
1762 5057 2040 5128 martyris

384 5137 484 5208 qui
517 5153 624 5192 nos
655 5152 833 5192 sanos
862 5143 1213 5210 sanctosque
1237 5139 1446 5196 reddit.

453 5408 505 5462 8.
568 5406 611 5462 Ο
657 5405 1058 5466 solemnitates
1111 5415 1326 5467 caeteras.
1376 5413 1622 5480 eximiae,
1701 5414 1758 5468 in
1823 5414 2041 5486 quibus

387 5513 664 5554 nummos
687 5515 896 5570 parvos
929 5500 1028 5572 qui
1057 5499 1150 5556 vix
1172 5500 1362 5558 volam
1385 5503 1700 5572 explerent,
1743 5502 1858 5558 huc
1897 5502 2040 5558 illuc

387 5584 664 5654 disjectas
687 5587 847 5643 velut
894 5590 1144 5661 majores
1204 5589 1527 5659 effecimus,
1588 5591 1670 5647 ita
1727 5594 1792 5646 ut
1849 5591 2039 5663 magis

384 5673 560 5728 etiam
585 5691 758 5746 quam
801 5676 961 5733 illius
1000 5678 1101 5751 qui
1132 5679 1191 5733 in
1247 5678 1498 5735 Psalmis
1543 5684 2042 5736 commemoratur

385 5764 663 5821 messoris
684 5766 891 5823 ambas
914 5783 1125 5824 manus
1182 5766 1622 5840 compleverint.
1654 5768 1803 5834 Quid
1846 5768 2038 5827 dicam

2148 2010 2531 2078 προηγήσαντο
2579 2003 2942 2073 ταπεινότητα
2991 2007 3012 2072 (
3061 2026 3088 2054 ‹‹
3147 2001 3288 2064 τινὲς
3348 2023 3376 2054 ››
3430 1997 3488 2054 δὲ
3541 1998 3711 2074 λέγω,
3747 1998 3812 2054 ού

2153 2114 2180 2144 σι
2237 2091 2429 2154 πάντες
2472 2113 2499 2145 ιι
2557 2094 2596 2166 ),
2652 2091 3005 2167 ἐκερμάτισαν
3067 2087 3243 2153 δόσεις
3300 2089 3722 2162 νομισματικάς,
3775 2089 3806 2144 ὁ

2152 2181 2246 2254 μὶν
2279 2180 2504 2254 ταύτην,
2539 2182 2566 2236 ὁ
2601 2178 2657 2235 δὲ
2688 2180 2917 2251 ἐκείνην,
2953 2182 2980 2234 ὁ
3030 2178 3088 2234 δὶ
3137 2178 3308 2246 ἄλλην
3357 2182 3427 2252 τῇ
3478 2175 3644 2250 ὁμάδι
3692 2183 3803 2231 τῶν

2147 2270 2345 2343 τιμίων
2395 2270 2643 2346 κλήρων,
2688 2275 2768 2342 τῷ
2816 2291 2874 2324 τε
2919 2276 3021 2338 τῆς
3094 2268 3458 2324 ἑνυποστάτου
3517 2271 3614 2320 τοῦ
3669 2270 3806 2322 Θεοῦ

2150 2361 2328 2435 Λόγου
2386 2361 2537 2435 ἁγίας
2579 2360 2801 2435 Σοφίας,
2829 2359 2917 2414 καὶ
2957 2363 3036 2432 τῷ
3082 2363 3178 2414 τοῦ
3241 2357 3486 2433 μεγάλου
3532 2360 3660 2410 ναοῦ
3703 2362 3806 2424 τῆς

2154 2448 2456 2524 ὑπεράγνου
2501 2447 2789 2518 δεσποίνης
2822 2451 2983 2521 ἡμῶν
3030 2450 3405 2522 Θεομήτορος,
3436 2445 3526 2502 καί
3581 2449 3663 2518 τῷ
3708 2449 3808 2500 τοῦ

2147 2538 2460 2615 πολιούχου
2526 2541 2686 2610 ἡμῶν
2759 2533 3110 2611 μυροϐλύτου
3183 2533 3697 2612 μεγαλομάρτυρος,
3747 2535 3807 2588 οὗ

2147 2627 2238 2682 καὶ
2289 2628 2355 2682 τὰ
2413 2627 2660 2699 θαύματα
2697 2631 2779 2699 τῷ
2836 2621 3107 2698 ἀειϐρύτῳ
3151 2625 3307 2700 μύρῳ
3364 2623 3553 2700 ἐρίζει,
3585 2623 3676 2678 καὶ
3747 2625 3807 2678 τὸ

2153 2717 2321 2790 μύρον
2353 2722 2475 2778 τοῖς
2527 2715 2783 2790 θαύμασι·
2825 2714 2915 2770 καὶ
2974 2718 3336 2790 προηγοῦνται
3392 2715 3492 2781 τῆς
3545 2710 3799 2778 τοιαύτης

2150 2803 2526 2878 διανεμήσεως
2610 2809 2708 2860 τοῦ
2793 2806 3197 2876 νομισματικοῦ
3289 2804 3802 2876 κατακερματισμοῦ

2149 2895 2331 2972 ἑορταὶ
2386 2893 2564 2964 ἄλλης
2613 2893 2782 2963 ἄλλη,
2815 2894 2901 2948 καὶ
2952 2891 3338 2967 μακαρίζονται
3388 2896 3589 2968 φωναῖς
3639 2890 3806 2968 εὐφή-

2153 3007 2278 3058 μοις
2331 2985 2384 3038 ol.
2458 2985 2526 3038 τά
2598 2986 2825 3038 τοιαῦτα
2901 2982 3263 3058 κυρώσαντες,
3304 2980 3395 3034 καὶ
3454 2981 3640 3042 καλῶς
3701 2976 3806 3054 ἄρα

2147 3074 2350 3150 γίνεται
2381 3072 2532 3128 αὐτό.
2566 3071 2633 3129 E’L’
2663 3072 2763 3148 γὰρ
2796 3071 2963 3146 ψόγον
3006 3072 3174 3146 εἶχεν,
3209 3068 3308 3124 οὐκ
3364 3067 3424 3124 ἂν
3475 3066 3589 3124 οὐδ’
3643 3067 3805 3130 αὐτὸς

2150 3162 2382 3235 ἐπῄνεσα
2433 3166 2616 3216 τοῦτο’
2677 3163 2752 3223 ὡς
2821 3158 2879 3214 δὲ
2934 3158 3187 3233 ἐπῄνεσα,
3248 3155 3563 3221 ἐνδιαθέτως
3615 3152 3800 3229 ἔργοις

2149 3251 2333 3313 αὐτοῖς
2392 3251 2678 3328 ἐκπέφηνε,
2712 3254 2871 3304 Δυαῖν
2901 3248 3002 3325 γὰρ
3043 3248 3259 3319 έορταῖν
3300 3245 3638 3304 ἐλλείποντος
3692 3245 3793 3297 τοῦ

2145 3340 2407 3396 τοιούτου
2431 3344 2605 3394 καλοῦ
2636 3339 2774 3415 πρὸς
2807 3335 3132 3401 ἀκολουθίαν
3162 3344 3263 3407 τῆς
3317 3335 3367 3391 ἐν
3423 3337 3490 3408 τῇ
3547 3328 3802 3407 Μεγαλο-

2145 3429 2304 3485 πόλει
2359 3429 2616 3505 μεγίστης
2669 3432 2776 3482 τῶν
2839 3425 3001 3502 ἀγίων
3063 3425 3394 3497 ἐκκλησιῶν,
3442 3423 3808 3496 ἀνεπλήρωσα

2147 3518 2251 3595 ἐγὼ
2280 3520 2342 3573 τὸ
2368 3522 2618 3573 τοιοῦτον
2648 3516 2816 3571 καλὸν
2850 3517 2908 3571 ἐκ
2936 3520 3044 3571 τῶν
3076 3519 3174 3570 τοῦ
3206 3518 3340 3570 Θεοῦ
3380 3515 3470 3568 καὶ
3500 3516 3598 3567 τοῦ
3647 3509 3809 3585 ἁγίου

2145 3607 2331 3665 αὐτοῦ.
2365 3609 2461 3662 Καὶ
2513 3607 2695 3661 τοίνυν
2729 3605 3007 3681 ὀφειλέται
3057 3601 3206 3667 ὄντες
3263 3604 3316 3658 οἱ
3360 3597 3809 3673 ἐκκλησιαστικοὶ

2148 3695 2406 3752 δάκτυλοι
2456 3697 2680 3774 γράφειν
2729 3694 2853 3769 ἐμοὶ
2907 3692 3254 3770 εὐχαριστίαν
3295 3723 3364 3735 -—
3412 3693 3465 3746 οἱ
3521 3688 3580 3746 δὶ
3643 3709 3812 3744 κατα-

2145 3787 2432 3864 γράφουσμ

2221 3894 2283 3963 ζ’.
2318 3897 2430 3947 Ποῦ
2489 3889 2556 3961 δὴ
2636 3891 2760 3965 ἐμοὶ
2835 3889 3162 3967 μακαριστὸν
3239 3887 3384 3943 ἔσται
3456 3885 3805 3960 μνημόσυνον

2146 3982 2282 4037 κατά
2310 4002 2373 4056 γε
2401 3985 2527 4043 τοὺς
2575 3981 2681 4057 πρὸ
2728 3979 2886 4054 ἐμοῦ,
2919 3980 2993 4034 ὧν
3027 3975 3249 4034 ἕκαστον
3309 3976 3472 4032 αὐτὸν
3520 3975 3808 4052 ὑπερπαίω

2145 4075 2214 4144 τῇ
2243 4069 2468 4145 τοιαύτῃ
2513 4067 2950 4146 χάριτι;0’ίδεν,
3003 4067 3035 4122 ἃ
3085 4066 3338 4142 λέγω,
3393 4064 3524 4142 ῥόγα
3576 4066 3612 4134 ἡ
3669 4064 3812 4118 κατά

2145 4161 2246 4229 τὴν
2305 4160 2510 4234 ὕψωσιν
2562 4163 2660 4214 τοῦ
2712 4159 3048 4232 τιμιωτάτου
3103 4159 3357 4231 σταυροῦ,
3405 4154 3491 4209 ναὶ
3546 4151 3605 4209 δὲ
3632 4151 3722 4208 καὶ
3768 4155 3808 4222 ἡ

2147 4256 2249 4320 τῆς
2309 4248 2556 4324 μεγάλης
2613 4246 2884 4321 δευτέρας.
2921 4247 2998 4302 Οὐ
3061 4246 3168 4319 μὴν
3203 4241 3353 4312 ἀλλ’,
3387 4244 3433 4298 εἰ
3485 4243 3575 4298 καὶ
3630 4242 3698 4297 τά
3753 4240 3808 4314 ἐξ

2151 4339 2450 4415 ἀνθρώπων
2485 4340 2622 4411 ἡμῖν
2653 4338 3012 4412 ἀπέγνωσται,
3049 4333 3193 4391 ἀλλά
3224 4332 3308 4406 σὺ,
3342 4334 3387 4387 ὧ
3449 4337 3633 4408 Σῶτερ
3691 4331 3808 4400 Θεέ,

2152 4425 2307 4504 δρίης
2364 4430 2521 4500 ἡμῖν,
2575 4428 2691 4482 καθ’
2734 4429 2800 4496 ἣν
2856 4419 3289 4501 προϐεϐλήμεθα
3344 4420 3685 4498 προαίρεσιν·
3716 4421 3806 4475 καὶ

2150 4516 2363 4592 ἀρκέσει
2417 4517 2568 4571 τοῦθ’
2624 4519 2760 4589 ἡμῖν
2819 4515 2934 4570 ἀντὶ
2991 4515 3358 4588 μακαρισμοῦ.
3404 4509 3807 4586 Ἐπιμάρτυραι

2149 4609 2287 4679 ἡμῖν
2309 4606 2400 4661 καὶ
2431 4608 2465 4676 ἡ
2507 4607 2768 4678 σήμερον,
2798 4603 3173 4678 καταρξαμένη
3205 4608 3306 4672 τῆς
3334 4605 3431 4656 τοῦ
3475 4599 3810 4655 ἐνιαυσιαίου

2150 4697 2412 4774 στεφάνου
2469 4693 2780 4772 γυρώσεως,
2833 4693 2886 4748 τί
2939 4693 3327 4765 τετυπώκαμεν
3387 4690 3438 4774 ἐν
3496 4693 3578 4763 τῷ
3649 4710 3806 4766 περι-

2147 4773 2334 4858 κλύτῳ
2399 4788 2494 4839 τοῦ
2569 4785 2842 4859 ἡμετέρου
2896 4783 3203 4857 ἁγιωτάτου
3266 4773 3619 4855 μυροϐλύτου
3675 4783 3804 4851 ναῷ,

2143 4872 2235 4929 ’ίνα
2264 4875 2682 4952 συναναιρωνήσῃ
2734 4875 3050 4949 μαρτυρικῷ
3103 4869 3257 4945 λόγῳ
3304 4868 3392 4923 καὶ
3447 4867 3482 4938 ἡ
3551 4867 3691 4923 κατὰ
3743 4867 3806 4922 τὸ

2151 4962 2244 5040 ἔαρ
2314 4961 2610 5033 ὑπάνοιξις,
2661 4965 2697 5032 ἡ
2755 4963 2894 5017 κατά
2947 4962 3038 5015 τὸν
3105 4960 3372 5035 Μάρτιον,
3419 4959 3539 5012 καθ’
3597 4959 3660 5026 ἣν
3717 4957 3804 5012 καὶ

2150 5052 2316 5121 αὐτὴν
2361 5051 2424 5106 τὸ
2469 5050 2599 5106 αύτὸ
2664 5052 2927 5127 χάραγμα
2981 5050 3147 5104 τυπὶν
3195 5049 3307 5102 οἷον
3368 5047 3455 5126 ὑφ’
3505 5049 3666 5120 ήμῶν
3722 5043 3802 5099 δί-

2152 5138 2326 5198 δοται.
2378 5145 2512 5196 Θεοῦ
2550 5139 2639 5195 καὶ
2686 5145 2870 5208 τοῦτο,
2903 5140 2991 5194 καὶ
3040 5141 3138 5193 τοῦ
3177 5136 3341 5192 αὐτοῦ
3396 5137 3490 5211 μὲν
3551 5133 3797 5209 θεραπεύ-

2153 5251 2308 5293 οντος
2353 5227 2865 5307 μεγαλομάρτυρος,
2915 5231 3064 5303 ἡμᾶς
3118 5224 3176 5282 δὶ
3231 5225 3323 5282 καὶ
3381 5227 3647 5302 ὑγιοῦντος
3702 5217 3793 5274 καὶ

2154 5320 2492 5396 ἁγιάζοντος.

2221 5411 2295 5478 η’.
2325 5414 2389 5464 Ὠ
2438 5409 2618 5485 ἑορταὶ
2659 5408 2851 5465 λοιπαὶ
2917 5403 3200 5484 ἀρίζηλοι,
3251 5405 3303 5461 ἐν
3361 5408 3446 5468 αῖς
3494 5397 3804 5476 κερματίων

2152 5497 2572 5573 εὑπεριλήπτων
2656 5497 3204 5576 παραῤῥιπτομένων,
3272 5495 3362 5551 καί
3447 5514 3552 5548 που
3636 5486 3813 5565 δράκα

2156 5587 2328 5661 μόνην
2385 5585 2770 5664 πληρούντων,
2825 5591 2989 5661 ἡμεῖς
3067 5582 3450 5658 ἐπληθύναμεν
3515 5581 3673 5650 αὐτὰ,
3733 5579 3814 5643 ὥς

2149 5673 2400 5752 πληροῦν
2428 5683 2619 5753 χνῖρας
2651 5677 2740 5733 καὶ
2776 5678 2909 5753 ὑπὲρ
2937 5677 3037 5746 τὴν
3065 5678 3162 5729 τοῦ
3211 5669 3507 5749 ψαλμικῶς
3563 5669 3817 5746 θερίζον-

2150 5787 2265 5830 τος.
2322 5765 2387 5823 Τί
2449 5787 2544 5842 μοι
2604 5766 2786 5845 λέγειν
2843 5763 3175 5844 ἀθροισμοὺς
3249 5763 3339 5819 καὶ
3409 5757 3820 5824 συνανακλίσεις
