4130 6358
297 378 419 436 2545

1285 369 1584 432 ORATIO
1631 371 1844 431 ANNO
1887 368 2392 431 AUSPICANDO
2437 371 2755 434 HABITA.

3609 381 3726 443 546

298 504 693 581 πνευματικὰς,
753 501 804 558 εἷ’
854 501 944 559 καὶ
1010 503 1084 576 μὴ
1148 501 1201 555 ἐν
1262 499 1574 576 ἀναγκαίοις
1610 545 1625 572 ,
1685 496 1811 554 ἀλλ’
1866 495 1957 552 οῦν

2097 501 2147 556 le
2179 501 2564 558 conventibus
2595 507 2654 559 et
2684 503 2962 561 conviviis
3021 506 3453 579 spiritualibus,
3485 511 3556 566 de
3585 529 3722 568 con-

303 596 573 676 χαμόθεν,
606 593 740 649 ὅωοι
771 594 1034 669 παρήκοι,
1066 591 1157 645 καὶ
1190 586 1396 650 ἄλλους
1429 586 1485 643 δὲ
1528 587 1958 676 ἐπιτραπεζίους,

306 675 378 743 δι’
411 684 484 741 ὧν
537 681 758 739 ἐδόκουν
811 682 838 735 ὁ
900 681 1127 753 μάταιος
1171 684 1394 743 κτᾶσθαι
1456 677 1669 754 φίλους,
1725 676 1786 732 ού
1833 675 1961 738 τοὺς

309 777 372 834 ἐκ
424 777 523 830 τοῦ
578 772 790 843 πίνειν,
850 767 976 825 ἀλλ’
1035 768 1259 830 ὁποίους
1313 769 1380 822 τὰ
1436 767 1573 822 κατὰ
1627 771 1846 839 Πνεῦμα
1901 766 1963 819 τὸ

311 871 456 933 θεῖον
517 858 843 918 ἀποτελοῦσι
902 859 1186 926 συσσίτια;
1248 859 1355 912 Ἐὢ
1395 857 1462 911 τὰ
1523 852 1834 926 λοιπὰ,“ίνα
1886 857 1960 928 μή

311 978 397 1020 τις
454 949 778 1025 ὀϐολιμαῖος
835 947 1062 1023 νομίσας
1113 949 1309 1004 ἐκεῖνα.
1371 945 1795 1024 καταψηφιεῖταί
1855 966 1964 1018 μου

319 1044 777 1120 σμικροπρὲπειαν
826 1038 916 1094 καὶ
947 1036 1181 1111 κυμίνου
1238 1036 1421 1112 πρίσιν
1471 1035 1560 1091 καὶ
1621 1036 1684 1091 τὸ
1743 1033 1964 1090 ἀνελεύ-

319 1149 498 1211 θερον.
560 1133 763 1186 Σιωπῶ
805 1128 917 1198 καὶ,
978 1126 1032 1181 εἷ’
1070 1148 1123 1181 τι
1171 1123 1312 1182 ἄλλο
1366 1122 1731 1196 δεδαπάνηταί
1774 1145 1878 1179 που
1927 1123 1963 1192 ἢ

317 1224 612 1281 δαπανᾶται
667 1219 741 1282 εἰς
798 1218 1158 1287 ἐπιποιήσεις,
1220 1215 1295 1278 είς
1355 1214 1781 1288 ἐπικοσμήματα
1816 1257 1831 1283 ,
1889 1212 1967 1275 εἲς

311 1313 491 1390 ἕτερα,
522 1315 604 1374 οἷς
639 1307 979 1386 θαρῥούντως
1010 1305 1158 1381 λέγω
1203 1305 1418 1381 χαίρειν
1469 1305 1561 1360 τὸν
1619 1303 1772 1360 Θεόν.
1832 1301 1969 1361 Οἶδα

309 1406 413 1483 γὰρ
444 1401 712 1468 ἀκούσων,
744 1400 818 1461 ὡς
851 1394 1006 1452 οὐδὲν
1036 1417 1089 1450 τι
1115 1399 1282 1450 ταῦτα
1338 1395 1476 1471 πρὸς
1534 1393 1662 1455 τοὺς
1717 1390 1970 1455 παπάδας

311 1478 485 1568 ἦμᾶς·
551 1489 684 1566 ὅπερ
743 1489 936 1562 ὅμοιον
995 1485 1236 1564 φαίνεται
1290 1485 1446 1557 εἶναι,
1501 1483 1574 1545 ὡς
1631 1483 1677 1538 εἴ
1729 1482 1818 1537 καὶ
1873 1478 1970 1537 τοῦ

315 1583 407 1639 ἐπὶ
465 1579 788 1648 δεσποτικῆς
847 1575 1022 1637 οῗκίας
1092 1573 1516 1650 λογοποιοῦντος
1586 1572 1654 1627 τὰ
1724 1569 1969 1641 δαπανή-

323 1690 464 1746 ματα
493 1668 545 1723 οἱ
603 1663 893 1721 σύνδουλοι
928 1661 1096 1737 μηδὲν
1129 1662 1197 1717 τὰ
1245 1661 1414 1718 λοιπᾶ
1443 1658 1644 1717 εἷ’ποιεν
1673 1659 1970 1736 προσλογί-

325 1760 524 1830 ζεσθαι,
557 1757 638 1811 ὅτι
676 1755 752 1828 μὴ
790 1753 926 1828 μόνα
955 1752 1022 1807 τὰ
1065 1749 1436 1824 δαπανώματα
1481 1751 1558 1813 εἷς
1610 1749 1821 1812 αὐτούς.
1873 1749 1970 1803 Καὶ

325 1850 432 1923 μὴν
465 1848 493 1902 ὁ
517 1849 615 1900 τοῦ
646 1840 803 1899 οἷ’κοῦ
835 1840 1102 1912 δεσπότης
1137 1842 1240 1896 οὐκ
1266 1838 1326 1895 ἂν
1367 1839 1553 1916 χαίροι
1601 1845 1680 1912 τῷ
1736 1838 1973 1912 τοιούτῳ
2004 1875 2052 1940 Β

322 1937 499 2013 λόγῳ”
572 1932 720 1990 ἀλλὰ
772 1933 866 1988 τὸν
922 1932 1216 2006 οἷκονόμον
1272 1927 1460 1992 ἄλΛως
1516 1927 1838 2000 ἀποδέξοιτο
1891 1927 1974 1997 ἂν,

322 2027 499 2101 οἶμαι.

393 2139 456 2192 θ’.
501 2132 661 2208 Ἐμοὶ
717 2129 776 2187 δὶ
825 2129 970 2187 ἀλλὰ
999 2125 1432 2202 ἀναϐοησαμένῳ
1494 2125 1598 2197 ἤδη
1657 2127 1827 2197 ἀκοὴν
1875 2129 1978 2202 γῆς

325 2247 384 2281 τι
430 2222 520 2280 καί
577 2223 827 2290 οὐρανοῦ,
890 2218 1179 2295 ἐπέρχεται
1225 2216 1463 2294 συνεῖραί
1500 2238 1553 2270 τι
1579 2218 1670 2270 καὶ
1727 2217 1794 2270 τὰ
1853 2216 1976 2288 ἑξῆς

329 2317 671 2391 προφητικῆς
722 2316 1050 2385 περικοπῆς.
1099 2306 1198 2362 Καὶ
1245 2305 1397 2368 υἱοὺς
1462 2306 1554 2380 μὲν
1614 2312 1865 2380 γεννῆσαι
1914 2304 1975 2359 ού

327 2408 577 2479 καταγνῶ
635 2400 827 2455 εἰπεῖν·
883 2396 1137 2472 (πηλίκος
1192 2396 1294 2471 γὰρ
1355 2393 1460 2471 ἐγὼ
1519 2395 1656 2469 πρὸς
1717 2393 1975 2463 τοιαύτην

326 2493 480 2573 φύσιν
515 2495 632 2563 Θεῷ
659 2489 992 2565 πρέπουσαν,
1024 2487 1114 2541 καὶ
1144 2491 1282 2554 τοῖς,
1339 2483 1458 2538 ὅσοι
1482 2488 1550 2558 τῇ
1593 2484 1727 2560 πρὸς
1773 2483 1974 2538 ἐκεῖνον

326 2571 647 2656 ἐξομοιώσει
695 2577 808 2632 θεοί
833 2580 872 2650 ;)
942 2575 1293 2650 γεννηθέντας
1355 2571 1413 2628 δὲ
1464 2573 1600 2628 κατὰ
1661 2572 1831 2646 σάρκα
1892 2573 1978 2627 ὑπ’

327 2670 514 2728 ἄλλων
554 2667 646 2723 καὶ
703 2669 902 2740 μικροῦ
958 2663 1206 2728 ἐκθὲτους
1265 2661 1475 2737 ὑψῶσαι
1529 2683 1673 2740 φημι
1734 2662 1976 2737 ἀγαθοῖς,

330 2762 407 2824 οἶς
444 2759 565 2836 βίος
597 2755 900 2827 ἐπαύξεται,
927 2753 1016 2808 καὶ
1049 2752 1203 2827 ὅμῶς
1263 2751 1591 2821 ἀθετηθῆναί
1640 2752 1730 2805 ὑπ’
1777 2752 1977 2809 αὐτῶν.

333 2848 576 2924 Ἐτέρους
607 2844 665 2901 δὲ
715 2844 791 2906 εἷς
828 2844 891 2898 τὸ
930 2849 1032 2897 πᾶν
1089 2842 1183 2915 μὲν
1239 2840 1419 2915 ἐξᾶραι
1474 2839 1565 2894 καὶ
1622 2845 1980 2916 προαγαγεῖν,

340 2939 436 2994 οὐκ
466 2935 523 2992 ἂν
557 2933 788 3008 εἴποιμι·
844 2936 1253 3007 προσεπιθεῖναι
1305 2927 1381 2998 δὲ,
1421 2931 1501 2991 οἷς
1549 2928 1842 3006 φθάσαντες
1877 2929 1981 2983 ὑπὸ

339 3027 520 3086 ἄλλων
550 3024 850 3101 ἀρχιερέων
881 3019 1068 3096 ἔσχον,
1101 3020 1189 3075 καὶ
1229 3015 1386 3094 ἕτερα
1431 3017 1673 3092 μείζονα,
1721 3018 1810 3072 καὶ
1857 3016 1980 3072 δυσ-

332 3119 563 3194 τυχῆσαι
609 3115 709 3183 τὴν
766 3111 826 3166 ἐκ
865 3115 973 3166 τῶν
1017 3109 1278 3165 τοιούτων
1333 3107 1649 3184 ἀχαριστίαν
1681 3105 1779 3162 οὐκ
1809 3106 1887 3170 εἷς
1918 3107 1981 3162 τὸ

327 3207 517 3282 τυχὸν,
568 3203 696 3260 ἀλλ’
746 3200 823 3264 εἰς
855 3197 1258 3272 ἐκπολέμωσιν.

503 3379 682 3438 Ἀλλὰ
729 3377 957 3439 τούτους
1013 3377 1108 3451 μὲν
1164 3374 1664 3452 παρακατατίθεμαι
1711 3372 1791 3446 τῷ
1848 3378 1985 3447 Θεῷ,

332 3479 412 3546 τῷ
458 3471 549 3527 καὶ
599 3468 860 3546 πανσόφῳ
915 3465 1004 3522 καὶ
1037 3464 1354 3541 ὑπεραγάθῳ
1410 3463 1657 3539 τεχνίτῃ,
1691 3462 1764 3524 ὡς
1819 3460 1988 3538 ἀγάλ-

341 3583 480 3637 ματα
548 3559 755 3616 ἐκείνου
827 3553 956 3611 ὄντα
1024 3552 1526 3629 καλλιτεχνηθέντα
1607 3552 1700 3626 μὲν
1779 3549 1986 3623 ἄλλως,

331 3649 703 3729 ἀχρειούμενα
760 3643 817 3701 δὶ
867 3649 986 3707 ταῖς
1043 3643 1162 3709 είκῆ
1210 3643 1299 3698 καὶ
1359 3642 1559 3716 μάτην,
1619 3642 1745 3696 δποι
1795 3641 1986 3729 τύχοι,

330 3728 746 3816 παρατρίψεσιν,
815 3735 1076 3810 ἀρτιῶσαι
1146 3731 1283 3787 κατά
1356 3733 1454 3802 τήν
1536 3730 1699 3786 αὐτοῦ
1775 3728 1984 3808 σοφίαν,

331 3829 423 3884 καὶ
489 3827 842 3901 ἐπαναγαγεῖν
915 3821 991 3884 εἷς
1064 3823 1128 3876 τὸ
1203 3820 1350 3892 αὐτῴ
1426 3820 1650 3896 ἀρέσκον
1712 3818 1983 3896 εὔμορφὸν

331 3939 393 3974 τε
439 3916 528 3972 καὶ
561 3911 848 3990 εὑπρεπέςο
884 3912 958 3974 ὡς
988 3911 1049 3966 ἂν
1110 3909 1254 3965 οὕτω
1281 3909 1372 3965 καὶ
1405 3906 1470 3964 δι’
1505 3910 1684 3964 αὐτῶν
1720 3906 1986 3982 ιύλογούο

339 4028 498 4082 μενος
543 4001 904 4078 ἀντευλογοίη
935 4001 1029 4057 τὸν
1078 3999 1336 4075 στέφανον
1387 4002 1521 4072 ἡμῖν
1567 4003 1663 4052 τοῦ
1717 3996 1986 4054 ἐνιαυτοῦ.

413 4188 496 4244 ια’.
528 4183 672 4260 Ἐγὼ
714 4179 772 4237 δὲ
824 4179 918 4235 καὶ
970 4183 1050 4252 τῷ
1092 4176 1468 4258 παρατυχόντι
1525 4175 1646 4250 λαῷ
1700 4180 1797 4231 τοῦ
1855 4179 1988 4231 Θεοῦ

343 4272 668 4351 προσλαλῶν
721 4267 1144 4337 διδασκαλικῶς,
1189 4270 1583 4342 παρεγγυῶμαι
1631 4265 1720 4320 καὶ
1779 4265 1987 4334 αὐτοις,

342 4363 460 4420 ὅσοι
489 4363 625 4424 τέως
658 4359 873 4416 ἀκούειν
906 4360 1066 4432 ἡμῶν
1109 4356 1418 4433 ἀνέχονται.
1468 4354 1587 4410 Εἰσὶ
1643 4355 1745 4431 γὰρ
1795 4353 1847 4409 ἐν
1900 4354 1990 4408 αὐ-

336 4461 452 4516 τοῖς
483 4452 782 4527 ἅνθρωποι,
823 4445 1188 4522 ὁδηγηθέντες
1247 4446 1344 4500 εύκ
1400 4442 1501 4500 οἶδ’
1541 4445 1686 4513 ὅθεν,
1743 4442 1989 4520 ἐπιστρέ-

337 4565 454 4623 φειν
513 4545 661 4615 ἡμᾶς
719 4537 795 4601 εἰς
854 4537 917 4592 τὸ
975 4537 1172 4613 ἀγαθὸν
1206 4533 1312 4623 ,διὰ
1339 4538 1437 4590 τοῦ
1473 4535 1548 4608 μὴ
1582 4531 1991 4623 ἐπιστρέφεσραι

2070 589 2214 645 vivis
2246 591 2345 662 qui
2368 591 2504 647 licet
2533 609 2645 647 non
2681 594 2936 665 cognati,
2961 596 3225 666 ejusdem
3254 602 3446 654 tamen
3479 601 3726 674 originis

2072 683 2316 734 terrenae
2367 687 2583 752 essent,
2635 699 2782 754 quos
2834 685 3013 739 miser
3073 702 3178 758 ego
3233 687 3460 744 sodales
3509 690 3726 748 habere

2074 768 2219 823 mihi
2249 769 2408 824 visus
2442 788 2598 842 sum,
2635 789 2748 828 non
2783 788 2902 845 qua
2935 791 3164 829 mecum
3190 776 3585 847 biberent,sed
3610 797 3727 851 qua

2075 860 2403 915 secundum
2458 861 2743 933 Spiritum
2796 869 3067 921 sanctum
3138 867 3563 924 commensales
3614 873 3728 926 mei

2076 948 2308 1004 essent!
2345 954 2558 1006 Caitera
2604 950 2835 1008 silentio
2882 970 3104 1024 premo,
3141 973 3212 1010 ne
3259 956 3414 1027 quis,
3469 959 3631 1015 flocci
3662 976 3729 1016 ea

2075 1037 2362 1109 pendens,
2387 1055 2626 1095 avarum
2661 1048 2839 1112 atque
2870 1041 3237 1111 illiberalem,
3289 1046 3390 1118 qui
3437 1047 3601 1103 velut
3634 1066 3731 1104 cu-

2077 1127 2308 1182 minum
2360 1127 2693 1197 difﬁndam,
2747 1147 2834 1186 me
2880 1132 3194 1189 existimet.
3241 1135 3449 1201 Taceo,
3501 1137 3547 1192 si
3600 1155 3728 1208 quae

2079 1215 2240 1271 factae
2271 1222 2412 1272 sunt
2439 1222 2538 1272 aut
2567 1219 2714 1273 ﬁunt
2766 1220 3044 1291 impensae
3098 1222 3156 1277 in
3207 1241 3298 1279 res
3347 1227 3726 1294 accessorias,

2079 1305 2139 1361 in
2185 1312 2527 1362 ornamenta
2577 1314 2634 1363 et
2680 1313 2904 1379 caetera,
2956 1311 3172 1382 quibus
3216 1312 3400 1369 Deum
3460 1315 3731 1372 delectari

2080 1396 2330 1451 fidenter
2359 1397 2510 1453 dico.
2543 1397 2636 1454 Sio
2667 1398 2821 1455 enim
2855 1400 2974 1454 fore
3019 1401 3116 1471 qui
3148 1401 3365 1474 dicant,
3417 1404 3536 1460 haec
3584 1406 3730 1461 nihil

2081 1486 2153 1540 ad
2189 1502 2294 1541 nos
2324 1490 2524 1542 Patres
2554 1487 2865 1559 pertinere,
2911 1490 3063 1560 quod
3126 1489 3281 1545 idem
3326 1508 3455 1548 esse
3502 1495 3732 1551 videtur

2081 1591 2147 1629 ac
2179 1575 2227 1628 si
2259 1576 2496 1646 quando
2527 1593 2864 1633 mcenomus
2903 1577 3134 1649 aliquos
3181 1580 3316 1635 facit
3363 1588 3636 1654 sumptus
3669 1585 3730 1640 in

2082 1663 2324 1720 domum
2358 1665 2626 1732 herilem,
2647 1667 2932 1722 ’conservi
2966 1672 3180 1740 negent
3235 1669 3386 1726 ullas
3435 1671 3733 1731 faciendas

2082 1769 2213 1808 esse
2241 1769 2526 1825 expensas
2581 1755 2696 1810 nisi
2747 1773 2876 1826 quae
2926 1756 2982 1810 in
3037 1757 3302 1828 ipsorum
3355 1762 3733 1820 commodum

2083 1842 2386 1898 cesserint.
2419 1843 2552 1899 Jam
2602 1861 2734 1900 vero
2775 1845 3066 1916 ejusmodi
3117 1848 3312 1904 verbis
3366 1849 3527 1906 nullo
3561 1854 3734 1908 modo

2086 1931 2369 2003 gauderet
2399 1931 2839 2003 paterfamilias,
2872 1935 2970 1988 sed
2995 1935 3215 2005 potius,
3237 1953 3305 1992 ex
3337 1953 3466 1994 mea
3495 1939 3734 2010 quidem

2087 2021 2395 2089 sententia,
2429 2039 2798 2079 mconomum
2829 2022 3115 2080 laudaret.

2157 2127 2211 2183 9.
2246 2131 2566 2200 Postquam
2600 2135 2796 2186 autem
2829 2129 3037 2186 cmlum
3065 2147 3130 2186 ac
3150 2135 3364 2188 terram
3388 2136 3460 2190 ad
3487 2138 3735 2194 audien-

2089 2216 2228 2270 dum
2263 2219 2586 2289 provocavi,
2621 2218 2760 2274 dicti
2811 2218 2970 2274 illius
3030 2221 3356 2292 prophetici
3410 2225 3587 2282 verba
3644 2244 3737 2282 se-

2089 2305 2332 2376 quentia
2360 2307 2682 2378 adjungere
2710 2306 2871 2363 libet.
2905 2309 2974 2363 Et
3003 2309 3154 2364 ﬁlios
3195 2311 3430 2381 quidem
3479 2329 3572 2370 me
3603 2333 3737 2388 pro-

2089 2409 2319 2450 creasse
2349 2412 2464 2450 non
2497 2400 2587 2450 est
2616 2398 2770 2468 quod
2807 2397 3017 2465 dicam,
3053 2397 3207 2469 (quis
3254 2401 3410 2455 enim
3464 2418 3570 2472 ego
3603 2421 3738 2461 sum

2090 2488 2464 2554 comparatus
2483 2501 2618 2539 cum
2643 2491 2852 2540 natura
2874 2487 2971 2540 Dei
2993 2502 3315 2559 eorumque
3337 2490 3436 2560 qui
3461 2491 3737 2549 similitu-

2091 2573 2226 2627 dine
2256 2573 2384 2642 ejus
2416 2575 2863 2645 promemodum
2895 2575 2976 2630 dii
2995 2577 3126 2630 facti
3152 2579 3355 2648 sunt?)
3381 2580 3482 2634 sed
3512 2581 3585 2635 ab
3607 2582 3741 2638 aliis

2090 2662 2404 2717 carnaliter
2433 2667 2764 2733 procreatos
2794 2670 2851 2718 et
2898 2665 3064 2735 quasi
3107 2667 3400 2738 expositos
3444 2672 3740 2727 cumulavi

2089 2750 2260 2806 bonis
2292 2752 2509 2821 quibus
2544 2752 2662 2806 vita
2693 2759 2955 2821 ornatur,
2991 2759 3048 2809 et
3097 2754 3485 2813 nihilominus
3516 2764 3588 2814 ab
3619 2760 3739 2817 iliis

2090 2843 2464 2911 contemptus
2493 2857 2647 2896 sum.
2700 2840 2851 2896 Alios
2898 2847 3117 2910 autem,
3171 2844 3327 2899 haud
3377 2845 3529 2916 dico,
3581 2851 3738 2920 quod

2089 2928 2372 2984 exaltatos
2405 2931 2785 3000 provexerim,
2824 2935 3082 2986 attamen
3143 2933 3442 2990 beneﬁciis
3490 2953 3618 3007 quae
3667 2940 3739 2994 ab

2090 3017 2221 3073 aliis
2253 3019 2709 3090 archiepiscopis
2739 3026 3104 3092 acceperant,
3156 3023 3382 3093 majora
3429 3026 3605 3080 etiam
3638 3028 3740 3082 ad-

2083 3108 2222 3180 jeci,
2256 3125 2438 3179 quare
2468 3125 2674 3164 eorum
2708 3109 3198 3180 ingratitudinem
3251 3129 3366 3167 non
3415 3114 3738 3184 fortuitam,

2095 3199 2197 3253 sed
2223 3213 2292 3252 ex
2320 3196 2520 3252 hostili
2550 3199 2747 3252 animo
2778 3198 3276 3269 profectam,inter
3305 3217 3568 3259 summas
3588 3203 3746 3261 cala-

2099 3287 2334 3343 mitates
2364 3287 2718 3341 censendam
2751 3288 2922 3342 duco.

2170 3377 2258 3431 10.
2290 3376 2398 3430 Sed
2431 3375 2561 3446 hos,
2595 3381 2796 3447 utpote
2827 3377 2930 3448 qui
2961 3376 3060 3433 Dei
3101 3379 3414 3449 imaginem
3466 3383 3745 3450 referunt,

2098 3471 2155 3520 et
2184 3466 2256 3520 ab
2287 3463 2455 3519 initio
2487 3464 2722 3534 quidem
2772 3466 3003 3537 pulchri
3049 3468 3247 3535 creati,
3299 3475 3501 3541 postea
3550 3477 3745 3529 autem

2099 3554 2422 3628 pervicacia
2468 3571 2578 3609 sua
2628 3571 2777 3610 vana
2824 3559 2883 3610 et
2928 3555 3232 3613 insensata
3284 3560 3540 3631 corrupti
3584 3567 3744 3630 sunt,

2099 3643 2449 3698 commendo
2479 3642 2618 3711 Deo,
2653 3643 2898 3698 creatori
2929 3644 3368 3715 sapientissimo
3411 3655 3588 3719 atque
3641 3667 3748 3723 op-

2096 3734 2261 3800 timo,
2298 3738 2363 3787 ut
2392 3733 2718 3787 secundum
2753 3733 3097 3803 patientiam
3121 3752 3291 3790 suam
3323 3737 3537 3808 dirigat
3565 3755 3664 3795 eos
3695 3747 3754 3796 et

2099 3823 2170 3878 ad
2202 3824 2568 3877 honestatem
2609 3839 2675 3876 ac
2725 3822 3000 3877 virtutem
3049 3823 3163 3896 ipsi
3207 3833 3434 3897 gratam
3486 3830 3748 3896 reducat,

2099 3918 2272 3983 atque
2306 3911 2384 3966 ita
2414 3911 2472 3964 in
2504 3911 2688 3965 vicem
2750 3911 3224 3969 benedictionum
3285 3916 3502 3986 quibus
3533 3917 3603 3972 ab
3634 3918 3751 3974 illis

2099 4001 2447 4067 celebratur,
2497 3999 2636 4054 anni
2709 4001 2979 4072 auspicia
3046 4001 3456 4060 benedictione
3504 4023 3613 4062 sua
3659 4009 3751 4063 di-

2099 4095 2330 4162 gnetur.

2169 4177 2258 4232 41.
2291 4178 2420 4232 Jam
2451 4193 2584 4232 vero
2617 4178 2756 4232 dum
2810 4183 3152 4245 praesentem
3215 4181 3311 4237 Dei
3358 4188 3574 4239 coetum
3615 4188 3748 4242 edo-

2101 4283 2221 4337 ceo,
2254 4265 2431 4322 simul
2462 4265 2742 4321 adhortor
2787 4283 2884 4322 eos
2938 4270 3038 4339 qui
3092 4286 3249 4326 nunc
3293 4272 3484 4328 verbis
3532 4277 3753 4331 nostris

2101 4372 2303 4412 aurem
2346 4357 2623 4427 praebent.
2678 4355 2831 4411 Inter
2878 4356 3041 4429 ipsos
3089 4359 3246 4414 enim
3298 4365 3439 4415 sunt
3483 4361 3754 4420 homines

2101 4444 2224 4515 qui,
2259 4445 2456 4500 nescio
2490 4443 2644 4499 unde
2672 4443 2837 4510 moti,
2873 4462 3002 4514 nos,
3035 4447 3204 4517 quasi
3237 4455 3570 4519 peccatores
3593 4468 3751 4508 esse-

2103 4550 2258 4600 mus,
2294 4534 2366 4588 ad
2401 4533 2617 4588 bonum
2664 4538 2996 4590 convertere
3055 4539 3442 4609 praetendunt,
3505 4539 3754 4612 ideoque

336 4618 499 4706 ἦμῶν
531 4631 622 4685 οἷα
668 4626 1016 4706 ἐφαμάρτων,
1060 4625 1150 4680 καὶ
1199 4621 1288 4680 διὰ
1327 4628 1490 4680 τοῦτο
1543 4622 1632 4677 καὶ
1665 4623 1738 4686 ὡς
1773 4621 1848 4684 εἷς
1909 4619 1980 4676 δι·

2103 4639 2231 4678 sese
2266 4627 2544 4694 tanquam
2580 4622 2897 4694 magistros
2927 4629 3161 4680 nostros
3198 4635 3432 4698 gerunt.
3484 4632 3754 4701 quamvis

342 4719 644 4780 δασκάλους
672 4718 1010 4777 καθεστῶτες
1039 4716 1200 4787 ἡμῖν,
1263 4711 1612 4775 διδάσκοντας
1676 4713 1773 4786 μὲν
1835 4711 1989 4776 οὐθὲν

345 4811 548 4878 ὁτιοῦν,
596 4805 980 4884 μεμφομένους
1037 4805 1196 4875 ἅπαν,
1255 4801 1387 4877 ὅπερ
1418 4800 1478 4856 ἂν
1508 4800 1542 4870 ἢ
1585 4798 1800 4877 δρῶμεν
1830 4800 1865 4870 ἢ
1898 4799 1991 4855 λέ-

341 4919 527 4974 γομεν,
558 4896 648 4952 καὶ
706 4894 872 4962 αὐτὴν
903 4890 981 4962 δὲ,
1041 4893 1069 4946 ὃ
1127 4913 1274 4968 φασι,
1323 4892 1423 4959 τὴν
1472 4889 1746 4959 ἀναπνοὴν
1806 4892 1992 4962 ἡμῶν.

342 4991 437 5061 Τῷ
463 4986 640 5042 τοίνυν
688 4981 924 5056 τοιούτῳ
973 4979 1092 5054 λαῷ
1139 4985 1234 5036 τοῦ
1284 4985 1416 5035 Θεοῦ
1456 4981 1640 5059 φωνὴν
1674 4979 1749 5041 εἷς
1810 5000 1990 5035 κοινον

345 5076 583 5156 ἀφιέντες
641 5072 1063 5150 παρακαλοῦμεν
1125 5072 1200 5134 εἷς
1260 5069 1454 5144 ὅμοιον
1498 5069 1723 5146 ἀγαθὸν,
1781 5071 1840 5124 τὸ
1895 5076 1996 5140 τῆς

347 5165 606 5241 εὐλογίας
661 5158 901 5233 δηλαδὴ,
951 5159 1075 5235 περὶ
1123 5160 1192 5228 ἧς
1240 5160 1359 5234 ἄρτι
1393 5159 1420 5213 ὁ
1474 5157 1642 5235 λόγος
1670 5161 1825 5232 ἡμῖν.
1895 5159 1992 5213 Καὶ

345 5260 540 5330 πρῶτα
601 5255 694 5328 μὲν
753 5250 1241 5323 ἀναμιμνήσκομεν
1291 5246 1508 5320 αὐτοὺς,
1558 5247 1608 5318 ἐξ
1641 5245 1769 5302 οἵων
1804 5247 1880 5310 εἰς
1912 5247 1997 5302 οἶα

353 5342 674 5420 μετηλλάγη
708 5341 777 5395 τὰ
805 5340 921 5395 καθ’
955 5341 1124 5411 ἡμᾶς.

425 5453 516 5526 ιβ’.
552 5449 650 5504 Καὶ
681 5445 852 5517 ἡλίκα
886 5446 980 5518 μὲν
1024 5445 1094 5499 τὰ
1150 5445 1216 5499 οὐ
1268 5444 1376 5518 πρὸ
1426 5441 1642 5498 πολλοὶ)
1674 5441 1848 5516 ἀγαθᾶ
1900 5447 2000 5498 τοῦ

353 5546 507 5610 Θεοῦ,
543 5539 786 5594 ἆκαὶτά
815 5535 866 5591 ἐν
921 5536 1047 5608 ὑμῖν
1105 5528 1317 5610 βιϐλία,
1375 5534 1430 5588 αἱ
1491 5534 1767 5606 μνήμονες
1825 5534 2000 5608 ψυχαὶ

353 5631 721 5706 περιφέρουςι,
752 5626 842 5682 καὶ
869 5625 946 5688 εἰς
977 5624 1273 5682 ἀνάλνωσιν
1306 5630 1422 5686 τοῖς
1477 5622 1716 5685 πολλοῖς
1766 5622 2002 5690 ἐκτίθεν-

353 5731 463 5777 ται⁶
496 5720 585 5776 καὶ
621 5715 747 5775 οὐδὲ
794 5715 904 5792 ἐγὼ
950 5716 1167 5789 ἀμαθὴς
1217 5711 1344 5770 οὐδὲ
1398 5718 1507 5770 τῶν
1564 5713 1828 5770 τοιούτων
1886 5715 2002 5790 εἶμι

2102 4711 2248 4768 nihil
2263 4711 2500 4767 omnino
2513 4712 2905 4779 doceant,imo
2918 4713 3204 4786 quidquid
3219 4717 3758 4775 autfecerimusant

2103 4802 2866 4872 dixerimus,etipsam,utin
2883 4805 3184 4874 proverbio
3196 4808 3753 4878 est,respirationem

2106 4900 2366 4948 nostram
2391 4893 2836 4963 vituperent.Ad
2861 4896 3196 4948 universum
3218 4894 3396 4966 igitur
3415 4896 3511 4950 Dei
3537 4908 3752 4953 emtum

2104 4982 2280 5038 verba
2303 4983 2584 5037 facientes
2611 4983 2761 5036 bona
2791 4982 2841 5035 ei
2874 4997 3277 5052 apprecamur,
3291 4985 3756 5042 benedictionem

2106 5071 2414 5134 nimirum,
2443 5073 2513 5126 de
2541 5087 2656 5140 qua
2688 5070 2859 5124 modo
2891 5070 3166 5126 diximus.
3221 5073 3290 5126 Et
3336 5075 3592 5144 primum
3622 5075 3756 5143 qui-

2108 5163 2241 5216 dem
2273 5161 2334 5214 in
2366 5158 2712 5215 memoriam
2753 5158 2837 5212 eis
2886 5175 3249 5232 revocamus,
3278 5179 3346 5217 ex
3391 5179 3648 5234 quonam
3694 5164 3753 5220 in

2109 5267 2285 5322 quem
2319 5254 2537 5305 statum
2572 5265 2663 5303 res
2695 5252 2907 5303 nostrae
2937 5249 3204 5306 deductae
3234 5251 3373 5306 sint.

2191 5451 2269 5502 i2.
2303 5447 2531 5510 Quanta
2563 5460 2748 5514 nuper
2779 5444 2937 5499 fuere
2978 5445 3078 5500 Dei
3129 5447 3413 5504 beneficia
3443 5468 3574 5523 quae
3603 5453 3763 5509 velut

2111 5538 2169 5593 in
2201 5535 2369 5591 libris
2401 5535 2686 5590 inhaerent
2715 5532 2932 5587 animis
2961 5535 3191 5600 vestris,
3225 5538 3306 5592 ita
3337 5544 3402 5593 ut
3431 5557 3466 5594 a
3494 5541 3764 5598 multitu-

2113 5628 2249 5682 dine
2278 5626 2388 5688 legi
2412 5623 2669 5696 possint!
2704 5622 2902 5691 Neque
2928 5639 3034 5694 ego
3063 5623 3297 5682 illorum
3331 5627 3574 5700 ignarus
3605 5648 3760 5688 sum.

2114 5721 2332 5788 Fruges
2360 5719 2526 5769 terra:
2557 5711 2941 5768 abundabant
2961 5730 3149 5769 arenae
3179 5715 3367 5772 instar
3395 5734 3409 5786 ;
3444 5721 3614 5790 panis
3636 5739 3763 5778 cor-
