4130 6352
383 349 498 410 547

1153 343 1575 408 EUSTATHII
1615 345 2390 411 THESSALONICENSIS
2437 349 3024 416 METROPOLlTIE

3684 367 3806 427 548

381 481 686 547 roborans,
717 478 918 534 vinum
951 479 1127 534 corda
1170 477 1525 548 exhilarans,
1580 475 1784 550 pluvia
1812 481 2008 550 tempe

2147 479 2424 554 γνώσεων.
2483 481 2652 538 Ἦσαν
2708 480 2776 539 τὰ
2802 486 3114 560 γεννήματα
3142 489 3245 558 τῆς
3272 493 3376 566 γῆς
3409 489 3542 566 ὑπὶρ
3588 489 3796 569 ἅμμον.

380 568 531 624 stiva
560 584 737 640 quam
767 567 858 623 lac
888 566 1116 623 sceleste
1145 565 1232 622 vel
1265 583 1478 622 novum
1529 583 1746 622 manna
1775 567 2027 635 dixeris;

380 661 586 713 ventus
615 662 1042 729 attemperatus
1073 656 1170 728 qui
1203 672 1436 711 omnem
1471 654 1732 728 plantam
1777 655 1939 712 velut
1969 656 2028 712 in

379 747 684 820 gymnasio
716 747 1069 819 exagitaret:
1103 746 1294 800 hiems
1349 750 1672 812 mausueta,
1722 750 1895 803 astas
1942 750 2028 802 te-

379 837 516 910 pida
543 837 703 909 (anni
736 842 1001 908 tempora
1034 852 1160 907 quas
1194 836 1365 890 modo
1400 835 1581 890 nimio
1614 835 2028 907 frigore,modo

271 917 282 921 ’
380 925 560 981 nimio
591 929 730 979 aestu
769 923 1072 980 doloribus
1105 940 1208 978 nos
1256 923 1586 994 afﬁciunt);
1618 940 1718 978 ver
1750 923 1934 978 fertile
1965 941 2028 978 ac

379 1015 690 1069 fecundum
725 1029 953 1082 suaque
984 1012 1265 1084 temperie
1304 1013 1663 1084 jucundum,
1707 1017 2028 1085 tempestas

377 1120 503 1174 quan.
536 1103 606 1156 ad
640 1110 989 1156 autumnum
1019 1102 1205 1174 vergit
1234 1106 1290 1156 et
1321 1102 1550 1156 fructus
1585 1105 2028 1171 maturat,unde

376 1192 550 1248 etiam
585 1207 792 1247 nomen
826 1191 1027 1256 traxit,
1059 1200 1112 1245 el
1145 1208 1274 1264 quae
1323 1197 1605 1263 praeterea
1653 1193 1830 1248 rebus
1877 1194 2025 1266 opti-

375 1281 488 1336 mis
513 1281 859 1348 allundat,in
881 1280 1095 1352 quibus
1115 1281 1452 1352 praeminet
1506 1281 1854 1337 dulcissima
1879 1283 2026 1340 ficus

373 1385 598 1438 uvaque
628 1368 894 1441 pulchra,
928 1368 1174 1424 nutricis
1202 1369 1407 1437 instar,
1445 1374 1509 1425 ut
1541 1370 1620 1425 ita
1651 1371 1863 1435 dicam,
1898 1372 2026 1428 bac-

372 1475 470 1514 cas
501 1457 678 1513 veluti
713 1457 1006 1514 mamillas
1038 1459 1341 1532 porrigens
1371 1460 1442 1515 ad
1475 1459 1670 1517 cibum
1702 1466 2026 1534 potumque

371 1549 892 1622 suppeditandum.

445 1729 762 1786 13.Etenim
788 1727 1136 1784 hiemusilla
1157 1728 1658 1798 bonisfuturis,ob
1683 1749 1811 1804 quae
1835 1749 2023 1788 annus

369 1819 564 1875 dictus
594 1825 684 1875 est
704 1818 1130 1887 fertilissimus,
1163 1819 1332 1890 quasi
1374 1820 1695 1892 prospexit,
1731 1821 2020 1894 siquidem

369 1909 628 1964 findebat
653 1913 866 1964 terram
900 1909 958 1963 in
1003 1909 1170 1980 cuius
1222 1909 1352 1964 sinu
1403 1913 1632 1982 segetes
1682 1911 2013 1982 reconditis,

366 2003 650 2071 tanquam
677 1998 928 2053 infantes
961 2015 1092 2054 mox
1121 1998 1180 2052 in
1203 1997 1388 2053 lucem
1415 1999 2014 2070 prodituri,latebant,

368 2106 556 2162 usque
573 2089 648 2143 du
661 2103 714 2143 m
738 2088 1216 2159 adessettempus
1230 2092 1720 2160 opportunum,ac
1740 2094 2016 2162 preterea

368 2179 439 2234 ad
494 2177 907 2233 humiditatem
960 2177 1353 2249 recipiendam
1422 2178 1721 2250 aperiebat
1777 2180 2015 2236 arbores

366 2285 584 2339 easque
613 2267 682 2322 ad
721 2267 944 2322 fructus
973 2283 1080 2322 suo
1113 2271 1373 2339 tempore
1423 2269 1803 2340 proferendos
1852 2274 2017 2342 aptas

365 2357 645 2413 reddebat
675 2355 905 2427 aliaque
953 2355 1247 2428 permulta
1303 2356 1552 2412 faciebat
1601 2358 1784 2428 patris
1828 2358 2018 2415 instar

368 2445 468 2519 qui
515 2445 718 2501 liberis
765 2445 1130 2501 enutriendis
1179 2445 1422 2501 solerter
1470 2448 1750 2519 providet.
1802 2450 2014 2505 Eodem

365 2541 626 2608 tempore
672 2538 728 2590 et
769 2537 999 2606 segetes
1045 2538 1102 2589 et
1151 2534 1366 2606 plantae
1429 2535 1608 2591 vitam
1672 2541 2018 2610 acceperunt

365 2625 566 2699 pluvia
589 2623 817 2680 coalitus
843 2624 1200 2692 immissa,et
1231 2624 1465 2680 nivibus
1499 2625 1710 2697 gelidis
1742 2632 1799 2682 et
1829 2626 2014 2700 glaeie

364 2721 421 2772 et
451 2714 682 2788 pruinis
713 2713 1123 2768 convenienter
1139 2713 1524 2769 datis.Pluvia
1555 2714 1710 2769 enim
1743 2719 1908 2771 terra:
1932 2717 2016 2771 in-

361 2805 578 2861 teriora
635 2803 859 2859 emollit
898 2803 1299 2875 panditque,et
1347 2802 1432 2858 sic
1463 2805 1536 2858 ad
1561 2804 1792 2876 frugum
1827 2805 2013 2862 incre-

365 2901 626 2952 mentum
660 2912 724 2951 ac
756 2895 1204 2967 prosperitatem
1239 2898 1450 2950 terram
1487 2895 1765 2967 pinguem
1813 2913 1881 2952 ac
1913 2914 2014 2952 va-

363 2987 544 3042 lidam
581 2985 950 3054 reddit,nives
981 2989 1175 3040 autem
1206 2989 1262 3040 et
1299 2984 1620 3057 reliqua,de
1649 2985 1864 3058 quibus
1890 3003 2010 3042 mo-

361 3076 435 3131 do
468 3075 607 3145 dixi,
639 3073 913 3130 cohibent
942 3073 1234 3146 certisque
1267 3073 1556 3130 limitibus
1600 3076 2014 3148 constringunt

360 3165 558 3237 fruges
582 3164 813 3234 illas,ne
844 3169 1105 3236 tempore
1131 3169 1478 3236 praematuro
1501 3165 1573 3220 ad
1607 3163 1795 3222 lucem
1829 3165 2013 3238 prosi-

2143 569 2171 624 6
2232 570 2504 643 στηρίζων
2565 572 2750 646 ἅρτος’
2811 574 2838 627 6
2895 573 3118 650 καρδίας
3179 576 3482 656 εὐφραίνων
3541 581 3711 647 οἶνος·
3772 587 3801 641 6

2139 657 2327 734 καίρός
2393 661 2571 730 ὑετὸς,
2608 661 2670 716 τὸ
2701 661 2738 732 ἢ
2787 661 2934 737 γάλα
2965 664 3234 741 οὐράνιον,
3292 667 3328 738 ἢ
3387 671 3561 744 μάννα
3622 671 3804 731 δεύτε-

2141 766 2254 822 ρον·
2292 749 2319 801 6
2375 747 2632 825 εὔκρατος
2662 749 2881 826 ἄνεμος,
2917 751 3172 811 διακινῶν
3226 757 3363 813 δίπαν
3415 762 3578 838 φυτὸν
3612 764 3688 828 ὡς
3719 765 3797 829 εἷς

2137 838 2478 932 γυμνάσιον·
2539 839 2856 932 ὁᾌῆμερος,
2897 845 3133 932 χειμών·
3193 848 3255 902 τὸ
3311 852 3585 926 προσηνὲς
3643 855 3806 932 θέρος

2140 927 2341 1000 (καιροὶ
2390 928 2539 983 οὗτοι
2590 926 2780 986 λυπεῖν
2841 930 3117 998 ἐθέλοντες
3173 938 3242 1010 τῇ
3283 937 3568 1013 ἀκρότητι,
3620 943 3649 997 ὁ
3693 926 3788 1016 μὲν

2135 1019 2232 1106 τοῦ
2265 1017 2482 1106 ψύχειν,
2518 1019 2546 1073 ὁ
2579 1017 2656 1087 δὲ,
2713 1017 2798 1076 ὅτι
2846 1021 3120 1095 Θερμαίνει
3167 1023 3244 1088 είς
3305 1025 3664 1106 ὑπερϐολήν)·
3727 1034 3793 1090 τὸ

2133 1105 2356 1180 γόνιμον
2389 1104 2503 1183 ἔαρ,
2535 1108 2626 1164 καὶ
2684 1107 2995 1188 πάμφορον,
3051 1111 3254 1187 καὶτῷ
3301 1104 3548 1193 εὐκράιῳ
3593 1104 3798 1196 γλυκο-

2139 1199 2248 1264 ζον⁹
2281 1198 2315 1267 ἡ
2350 1199 2541 1273 φθινὰς
2571 1196 2688 1275 ὥρα
2713 1198 2780 1254 τά
2809 1220 2869 1275 γε
2901 1200 2976 1264 εἴς
3029 1201 3274 1280 ὀπώραν,
3335 1204 3454 1271 ὅθεν
3511 1209 3645 1286 αὐτῇ
3699 1213 3791 1268 καὶ

2133 1286 2168 1374 ᾗ
2204 1288 2549 1361 παρωνυμία,
2577 1287 2656 1350 εἰς
2683 1290 2773 1344 καὶ
2825 1287 3012 1354 ἄλλως
3039 1297 3158 1355 τοῖς
3203 1294 3474 1370 κρείττοσι
3513 1295 3786 1374 βέϐριθεν.

2135 1372 2186 1428 ἐν
2221 1374 2300 1438 οἶς
2335 1375 2680 1452 ὑπερλάμπει
2707 1377 2770 1433 τό
2799 1399 2859 1434 τε
2921 1377 3168 1453 μελιτόεν
3219 1387 3404 1456 σῦκον,
3453 1372 3543 1442 καὶ
3574 1391 3609 1459 ἡ
3643 1390 3788 1460 καλὴ

2134 1461 2414 1550 σταφυλὴ,
2473 1469 2670 1538 τιθηνή
2728 1489 2811 1530 τις
2869 1468 2959 1524 καὶ
3008 1471 3170 1542 αὕτη,
3228 1473 3304 1539 ὡς
3359 1473 3533 1541 οὕτως
3593 1479 3790 1550 εἰπεῖν,

2131 1549 2564 1630 πόοϐαλλομένη
2625 1560 2734 1612 τῶν
2790 1558 2964 1635 ῥαγῶν
3024 1560 3273 1634 ἑκάστην,
3307 1561 3406 1620 ὅσα
3434 1566 3524 1620 καὶ
3579 1549 3788 1644 θηλὴν,

2132 1645 2382 1720 χορηγὸν
2411 1653 2620 1724 τροφῆς
2641 1667 2698 1702 τε
2726 1647 2814 1703 καὶ
2842 1647 3075 1712 πόσεως.

2206 1735 2294 1808 ιγ’.
2327 1734 2424 1789 Καὶ
2478 1735 2544 1804 ἦν
2598 1737 2736 1810 ἡμῖν
2789 1737 2914 1793 τότε
2965 1739 2995 1797 6
3049 1740 3142 1813 μὶν
3195 1743 3410 1818 χειμὼν
3471 1749 3790 1822 προμηθεὺς

2133 1822 2246 1878 οἷον
2296 1823 2506 1900 ἀγαθῶν
2554 1829 2661 1880 τῶν
2709 1826 2999 1898 εἰσέπειτα,
3054 1827 3125 1885 δι’
3175 1828 3248 1886 ὢν
3280 1831 3612 1913 τελεσφόρος
3645 1837 3782 1893 ὠνο-

2131 1915 2387 1986 μασταιὸ
2437 1913 2692 1988 ἐνιαυτὸς,
2752 1916 2985 1990 ἄρουραν
3044 1917 3242 1983 ἐκεῖνος
3284 1920 3638 2000 ἀναρρηγνὺς,
3709 1924 3785 1981 δι’

2125 2001 2194 2071 ἧς
2223 2001 2288 2058 τὰ
2344 2003 2588 2078 σπόριμα
2634 2004 2739 2060 ὐπὸ
2792 2004 2990 2080 κόλπῳ
3047 2009 3311 2084 γινόμενα
3362 2019 3464 2088 γῆς
3517 2012 3771 2087 ἐνεκυμο-

2123 2096 2315 2147 νοῦντο
2345 2091 2546 2148 ¹ἐκεῖθεν
2577 2092 2835 2169 γενέσεως
2869 2094 3042 2173 λόγῳ,
3074 2094 3180 2162 ἕως
3209 2099 3300 2154 καὶ
3333 2100 3409 2164 εἶς
3434 2100 3771 2176 τελειότητα,

2124 2179 2213 2235 καὶ
2288 2180 2353 2235 αὗ
2428 2179 2592 2237 πάλιν
2652 2181 2887 2246 λάκκους
2949 2185 3224 2261 βοθρεύων
3282 2194 3462 2266 φυτῶν
3519 2188 3776 2254 ἐνθέσεσιν

2125 2267 2503 2346 ἅδρυνομένων
2557 2271 2631 2334 εἱς
2676 2269 2868 2346 δένδρα
2922 2275 3061 2330 κατὰ
3116 2276 3328 2353 καιρὸν,
3381 2278 3470 2333 καὶ
3522 2277 3670 2335 ἄλλα
3725 2277 3784 2334 Si

2125 2361 2322 2430 ποιῶν,
2383 2357 2453 2415 δι’
2509 2362 2582 2415 ὧν
2645 2362 2744 2416 ὅσα
2798 2363 2888 2417 καὶ
2948 2364 3128 2438 πατὴρ
3181 2367 3387 2429 τέκνοις
3443 2373 3561 2431 τοῖς
3620 2370 3784 2438 ζώοις

2125 2447 2384 2523 ἐτημίλει
2441 2450 2507 2504 τὰ
2555 2451 2821 2525 θρέψοντα
2854 2496 2866 2508 .
2939 2450 3152 2510 Ἐδίδου
3211 2452 3269 2510 δὲ
3325 2457 3472 2526 ζωὴν
3535 2458 3563 2512 ὁ
3621 2457 3786 2523 αὐτὸς

2124 2540 2312 2616 καιρὸς
2343 2545 2458 2603 τοῖς
2519 2540 2666 2595 οὕτω
2715 2541 2805 2596 καὶ
2865 2542 3228 2617 ἀσπαρμένοις
3281 2545 3371 2598 καὶ
3428 2541 3620 2607 ἄλλως
3678 2567 3786 2601 πε-

2127 2628 2477 2708 φυτευμένοις
2531 2631 2620 2684 καὶ
2666 2631 2736 2702 τῇ
2785 2631 2964 2694 θεόθεν
3027 2627 3303 2708 ἐπομϐρίᾳ
3357 2633 3447 2688 καὶ
3479 2634 3689 2710 χιόνων
3725 2633 3787 2690 δὲ

2125 2719 2432 2794 ψυχρότητι
2464 2718 2554 2773 καὶ
2596 2724 2829 2796 παγετοῦ
2885 2719 2975 2774 καὶ
3025 2721 3265 2795 πάχνης.
3314 2724 3408 2776 Ὧν
3465 2723 3623 2778 ὑετοῦ
3687 2724 3783 2797 μὲν

2125 2805 2266 2862 ἴδιον
2325 2807 2734 2863 ἀναπεταννύειν
2813 2809 2907 2872 τὰς
2976 2806 3210 2885 λαγόνας
3277 2809 3507 2874 εὐθέτως
3567 2815 3636 2885 τῇ
3685 2817 3780 2888 γῇ,

2122 2897 2211 2952 καὶ
2271 2895 2540 2952 λιπαίνειν
2579 2897 2654 2960 εἷς
2710 2899 2808 2967 τήν
2870 2899 3106 2953 ἐοικυῖαν
3166 2897 3404 2974 βλάστην
3437 2901 3525 2954 καὶ
3586 2900 3776 2972 αὔξην·

2123 2981 2312 3062 χιόνος
2363 2983 2421 3040 δὲ
2450 2984 2539 3041 καί
2567 2991 2672 3041 τῶν
2725 2985 2937 3065 ἐφεξῆς,
2999 2987 3213 3062 ἐπέχειν
3273 2989 3363 3042 καὶ
3421 2995 3634 3064 μετρεῖν
3681 2990 3779 3055 τὰς

2120 3075 2375 3138 τοιαύτας
2434 3075 2714 3153 ἐκφύσεις,
2768 3075 2861 3130 ’ίνα
2922 3079 2998 3150 μὴ
3057 3077 3124 3131 τὰ
3175 3077 3314 3155 φυτὰ
3370 3080 3774 3150 προεκθορόντα

2126 3165 2200 3226 εἷς
2271 3165 2520 3242 γέννησιν
2598 3162 2820 3241 ἄκαιρον
2893 3161 3414 3239 ἐξαμϐλώσκωνται,
3482 3169 3614 3222 καθά
3661 3187 3764 3222 που

357 3234 566 3310 lien—tes
618 3234 1093 3324 corrumpantur,
1133 3234 1298 3325 “quod
1346 3253 1404 3308 in
1455 3254 1758 3310 abortibus
1798 3234 1854 3310 et
1883 3272 2008 3327 par-

2123 3254 2210 3309 καὶ
2239 3234 2558 3328 ἠλιτόμηνα
2587 3255 2622 3325 ἢ
2656 3234 3000 3331 ἐκτρώματαξ
3032 3255 3134 3312 Καὶ
3185 3277 3254 3330 τῃ
3287 3259 3360 3331 γῇ
3402 3234 3548 3310 οὕτω
3593 3275 3763 3330 προσ-

357 3344 537 3400 tubus
569 3342 925 3415 praecocibus
953 3342 1215 3416 accidere
1270 3341 1440 3398 solet.
1485 3343 1801 3415 Postquam
1833 3343 2012 3414 igitur

356 3433 550 3490 hiems
583 3432 684 3489 tali
715 3433 888 3488 modo
947 3436 1112 3487 terra:
1163 3431 1325 3488 utilis
1388 3432 1596 3501 fuerat,
1662 3449 1801 3505 erga
1855 3450 2010 3490 mare

358 3539 592 3594 quoque
645 3539 707 3579 se
763 3521 1032 3593 praestitit
1087 3524 1487 3590 mansuetam,
1564 3537 1750 3593 neque
1808 3527 2010 3578 contra

355 3611 547 3682 pisces
596 3611 856 3668 marinos
906 3609 1220 3666 crudeliter
1268 3609 1472 3680 saeviit,
1544 3626 1735 3682 neque
1778 3612 2008 3685 navigia

353 3706 679 3774 nautasque
709 3699 943 3772 penitus
975 3699 1295 3756 absorbuit.

425 3809 510 3864 14.
544 3807 701 3864 Talis
731 3807 930 3880 igitur,
965 3811 1031 3862 ut
1060 3808 1218 3864 brevi
1248 3809 1462 3876 dicam,
1497 3808 1688 3864 hiems
1729 3807 1858 3868 fuit.
1892 3807 2007 3864 Ver

350 3902 566 3966 autem,
600 3898 758 3953 alma
787 3897 1180 3968 agricolarum
1211 3904 1398 3954 mater
1427 3915 1493 3955 ac
1524 3899 1723 3953 nutrix
1779 3902 2000 3965 nostra,

354 3988 492 4043 anni
523 3993 758 4059 tempus
791 3987 941 4058 quod
974 3987 1230 4060 primum
1263 4005 1398 4044 cum
1451 3988 1658 4044 mundi
1709 3988 2002 4044 creatione

343 4077 578 4150 prodiit,
631 4075 1108 4134 vicissitudinum
1161 4077 2001 4149 anniversariarum,utipraa-

345 4167 499 4224 clare
531 4168 773 4239 quidam
805 4167 972 4234 dixit,
1001 4167 1222 4238 regina,
1248 4169 1404 4223 inter
1423 4173 1804 4240 tempestates
1837 4168 1998 4240 prin-

343 4274 499 4330 ceps,
533 4258 804 4330 frugibus
834 4258 1052 4313 teneris
1077 4258 1519 4329 jucundissima
1549 4257 1820 4328 aerisque
1848 4263 1995 4312 tem-

341 4352 682 4419 peramento
713 4347 1139 4414 amaanissima,
1172 4347 1342 4403 nobis
1389 4347 1590 4402 omnia
1633 4347 1796 4402 dedit
1842 4346 1997 4401 bona

342 4436 560 4507 quibus
613 4438 762 4490 Deus
801 4451 931 4490 eam
999 4435 1286 4506 insignem
1337 4436 1594 4491 reddidit
1640 4442 1697 4490 et
1744 4452 1993 4507 quorum

338 4524 545 4580 laudes
599 4524 1031 4596 quamplurimi
1080 4523 1455 4580 celebrarunt
1507 4524 1841 4597 philosophi
1889 4527 1991 4596 qui

2121 3342 2420 3422 φερόμενος
2452 3345 2479 3398 ὁ
2510 3341 2648 3398 κατᾶ
2676 3349 2928 3419 χειμῶνα
2959 3344 3183 3420 χρόνος,
3217 3343 3346 3400 οὐδὲ
3374 3346 3472 3414 τὴν
3501 3342 3766 3400 Θάλασσαν

2119 3431 2367 3507 ἀμέτρως
2400 3431 2610 3501 ἐλύπει,
2642 3433 2776 3488 κατά
2804 3454 2864 3510 γε
2891 3438 2996 3488 τῶν
3029 3432 3262 3508 ἐκγόνων
3318 3433 3523 3510 ἰχθύων
3556 3433 3769 3512 ἀφόρη-

2115 3543 2209 3586 τος
2239 3520 2682 3597 ἐκθηριούμενος,
2711 3521 2800 3576 καὶ
2832 3520 3045 3577 πλοίων
3072 3520 3129 3578 δέ
3157 3523 3248 3578 καὶ
3275 3527 3385 3578 τῶν
3419 3521 3768 3596 ἐμπλεόντων

2117 3611 2331 3687 ἐρήμην
2373 3608 2655 3674 παντελῶς
2677 3612 2848 3681 αὐτὴν
2878 3612 3276 3678 ἆποκαθιστῶν.

2189 3805 2273 3866 ιδ’.
2306 3808 2404 3863 Καὶ
2433 3811 2674 3862 τοιοῦτοι
2705 3809 2822 3881 μὶν,
2855 3806 3226 3885 ἐπιτροχάδην
3278 3808 3472 3878 εἰπεῖν,
3531 3810 3584 3864 οἳ
3646 3829 3767 3884 χει-

2116 3902 2287 3970 μῶνες
2337 3897 2553 3954 ἐκεῖνοι.
2602 3897 2673 3952 Τὸ
2724 3895 2781 3953 δὶ
2835 3897 2951 3974 ἔαρ,
3002 3901 3036 3969 ἡ
3083 3900 3404 3974 παμμήτωρ
3450 3903 3558 3954 τῶν
3615 3901 3768 3972 ἡμᾶς

2112 3985 2465 4042 διοικούντων
2499 3985 2634 4062 ὥρα,
2693 3990 2758 4056 ἧς
2817 3990 2984 4061 ἡμεῖς
3037 3983 3324 4066 τρόφιμοι,
3384 3988 3509 4062 ’ὀτῇ
3559 4008 3767 4061 κοσμο-

2109 4078 2263 4148 ποιίᾳ
2315 4076 2681 4151 συνεξέλαμψε
2735 4081 2977 4153 πρῶτον,
3034 4079 3070 4148 ἡ
3113 4081 3219 4131 τῶν
3267 4076 3446 4153 ὡρῶν,
3498 4079 3640 4132 καθά
3684 4099 3768 4140 τις

2108 4165 2285 4241 ὀρθῶς
2345 4165 2734 4243 ἐφιλοσόφησε,
2800 4164 3039 4241 βασιλὶς,
3099 4167 3127 4220 ὁ
3183 4171 3483 4242 κορυφαῖος
3540 4166 3591 4220 ἐν
3648 4172 3767 4229 τοῖς

2103 4259 2342 4327 καιροῖς,
2375 4256 2402 4309 6
2433 4254 2523 4309 καὶ
2551 4257 2654 4324 τὴν
2688 4253 2988 4309 ἀπόλαυσιν
3043 4252 3268 4324 ἥδιστος
3309 4253 3400 4308 καὶ
3450 4255 3548 4324 τήν
3581 4261 3774 4329 κρᾶσιν

2104 4348 2344 4420 ἄριστος,
2398 4342 2576 4398 ἐκεῖνα
2632 4344 2720 4398 καὶ
2777 4342 2916 4417 μόνα
2963 4343 3134 4399 ἐποίει
3197 4342 3247 4399 ἐν
3298 4349 3417 4406 τοῖς
3475 4343 3770 4419 ἡμετέροις

2103 4434 2316 4503 ἅπασιν,
2351 4428 2576 4493 ὁπὸσοις
2607 4431 2697 4486 καὶ
2757 4434 2785 4487 6
2817 4434 2949 4497 Θεὸς
2994 4433 3157 4489 αὐτὸν
3214 4431 3504 4507 ἐνέλαμψε,
3564 4434 3655 4488 καὶ
3713 4435 3769 4489 οἱ

2102 4521 2349 4595 σοφισταὶ
2395 4520 2582 4596 λόγοις
2637 4519 2948 4594 ἐσέμνυναν,
2982 4522 3170 4596 μυρίοι
3222 4520 3440 4578 ἐκεῖνον
3501 4519 3577 4577 ὦν
3634 4522 3766 4586 τοὺς

339 4614 554 4686 partim
603 4613 664 4669 in
713 4613 1026 4683 vestibulo,
1079 4613 1295 4684 partim
1343 4613 1401 4668 in
1470 4614 1660 4684 adytis
1719 4613 1989 4670 Ecclesiae

2123 4611 2197 4664 ιὶν
2227 4613 2262 4679 ἠ
2305 4605 2406 4680 ἔξω
2436 4608 2578 4678 αύλή
2629 4605 2778 4685 ἔσχε,
2811 4611 2937 4674 τοὺς
2980 4608 3038 4667 δὲ
3066 4610 3133 4666 τὰ
3159 4615 3257 4666 τοῦ
3291 4609 3572 4676 θειοτάτου
3605 4609 3763 4667 οἷ’κου

339 4701 647 4757 constituti
677 4702 858 4757 fuere.

411 4810 496 4864 15.
534 4809 750 4864 Deinde
783 4812 953 4864 aestas
987 4808 1340 4864 immensam
1373 4810 1692 4865 maturavit
1723 4810 1995 4881 pulcher-

335 4901 623 4956 rimarum
652 4901 884 4971 frugum
910 4899 1136 4970 ecpiam
1163 4916 1278 4970 qua
1301 4916 1489 4972 neque
1520 4900 1788 4971 agricolas
1811 4918 1993 4972 neque

337 4989 437 5061 qui
468 4988 587 5043 illis
609 4989 757 5043 bene
791 4989 1038 5059 cupiunt
1061 4988 1389 5044 uberiorem
1415 5005 1676 5060 unquam
1701 4989 1995 5047 desidera:

331 5079 542 5134 verint.
570 5079 908 5132 Autumnus
940 5078 1068 5149 ipse
1097 5094 1332 5150 quoque
1379 5078 1603 5149 priores
1653 5079 1791 5134 anni
1843 5085 1992 5135 tem-

335 5171 593 5240 pestates
626 5165 891 5221 aemulari
924 5183 1026 5238 pro
1074 5167 1298 5222 viribus
1345 5167 1592 5223 studuit.
1645 5169 1832 5231 Quare
1873 5186 1989 5224 non

335 5257 532 5312 solum
558 5256 712 5312 bona
743 5255 1009 5310 exhibuit
1038 5256 1149 5310 sibi
1182 5257 1433 5327 propria,
1480 5257 1539 5311 in
1593 5257 1808 5328 quibus
1857 5274 1989 5328 spe-

336 5345 506 5401 ciosae
541 5345 807 5402 eminent
838 5362 980 5410 uvze,
1017 5347 1116 5400 sed
1156 5350 1213 5399 et
1261 5347 1679 5416 praecedentem
1734 5363 1988 5402 messem

336 5436 720 5506 assequi,imo
753 5451 1031 5506 superare
1066 5439 1309 5490 conatus
1339 5440 1427 5490 est
1457 5436 1691 5506 frugum
1727 5437 1990 5490 ubertate

331 5529 390 5579 et
422 5524 975 5594 pulchritudine,ita
1008 5529 1072 5578 ut
1101 5524 1274 5579 etiam
1312 5522 1500 5595 ipsius
1535 5540 1748 5579 nomen
1783 5523 1989 5599 (φθινόο

331 5613 542 5687 πωρον)
575 5613 816 5668 mentiri
846 5613 1448 5669 videretur.Cazterum
1469 5612 1540 5667 de
1571 5611 1645 5668 iis
1675 5627 1804 5684 quas
1827 5612 1988 5685 larga

333 5720 511 5760 manu
548 5706 720 5758 metas
771 5701 1082 5767 obtulerat,
1141 5704 1403 5759 cumdam
1461 5701 1784 5775 perierunt.
1839 5702 1982 5761 Cum

2107 4696 2293 4754 ἄδυτα.

2182 4809 2258 4864 ιε’.
2293 4807 2368 4864 Τὸ
2403 4803 2460 4862 δὲ
2521 4805 2573 4862 ἐν
2623 4813 2741 4870 τοῖς
2797 4807 2922 4864 τότε
2975 4808 3131 4883 θέρος
3189 4806 3430 4886 ἐνεφόρει
3489 4808 3559 4862 τὰ
3589 4807 3770 4885 ὡραῖα

2103 4902 2238 4971 ἡμῖν
2269 4897 2618 4972 παγκαρπίας
2675 4899 2910 4968 ἁπάσης,
2972 4896 3165 4952 ὁποίαν
3215 4893 3468 4973 εὔχονται
3528 4897 3583 4951 o't
3641 4899 3769 4974 περὶ

2103 4995 2206 5064 γῆν
2237 5007 2296 5041 τε
2326 4985 2681 5059 πονούμενοι,
2713 4987 2803 5041 καὶ
2835 4986 2952 5041 ὅσοι
2987 4983 3044 5041 δὲ
3076 4984 3266 5049 ἄλλως
3319 4985 3504 5048 αὐτοῖς
3566 4985 3762 5060 ἐπιμί-

2103 5075 2312 5132 λονται.
2347 5075 2417 5128 Τὸ
2452 5072 2510 5128 δὲ
2539 5076 2886 5154 φθινόπωρον
2928 5103 2992 5124 ==
3045 5074 3191 5130 ἀλλὰ
3237 5075 3327 5130 καὶ
3385 5073 3516 5129 αὐτὸ
3575 5075 3768 5149 ἐρίζειν

2104 5164 2271 5240 ᾕθελε
2316 5169 2435 5226 ταῖς
2496 5165 2984 5242 προηγησαμέναις
3043 5161 3235 5240 ὥραις,
3297 5164 3376 5226 εἷς
3433 5163 3560 5219 ὅσον
3619 5165 3753 5234 ἐξῆν.

2102 5256 2200 5309 Καὶ
2233 5252 2295 5308 οὐ
2329 5253 2491 5326 μόνον
2542 5255 2605 5308 τὸ
2654 5254 2800 5325 αὐτῷ
2852 5256 3052 5325 ἀνῆκον
3099 5253 3269 5309 καλὸν
3325 5249 3527 5320 ἐδίδου,
3579 5254 3651 5306 ὧν
3693 5250 3755 5303 τὸ

2100 5343 2365 5418 ἐξαίρετον
2399 5344 2453 5398 αἱ
2484 5342 2646 5400 καλαὶ
2679 5343 2966 5422 σταφυλαίο
3004 5341 3152 5399 ἀλλὰ
3180 5342 3269 5398 καὶ
3299 5346 3369 5416 τῇ
3429 5344 3534 5418 πρὸ
3586 5340 3758 5409 αὐτῆς

2104 5432 2297 5507 ὀπώρᾳ
2353 5431 2684 5507 ἐφιλονείκει
2734 5454 2851 5495 πως
2885 5432 3216 5504 ἐξισοῦσθαι,
3274 5432 3622 5507 ὀπωρίζουσα
3671 5429 3766 5485 καὶ

2098 5521 2258 5589 αὐτὴ,
2319 5522 2409 5576 καὶ
2466 5518 2672 5591 ἡδονὴν
2729 5523 3050 5598 πορίζουσα,
3105 5522 3179 5584 είς
3250 5521 3375 5577 ὅσον
3433 5521 3522 5575 καὶ
3579 5515 3766 5575 δοκεῖν

2097 5607 2383 5684 ψεύδεσθαι
2439 5611 2500 5666 τὸ
2533 5611 2906 5690 φθινόπωρον.
2941 5611 3288 5689 Ἑνοσφίζετο
3338 5608 3396 5666 δέ
3423 5631 3475 5665 τι
3527 5609 3619 5664 καὶ
3662 5613 3768 5673 τῆς

2097 5701 2313 5777 θερινῆς
2355 5702 2714 5776 σεμνότητος.
2759 5703 2821 5759 Ἡ
2869 5703 2974 5780 γὰρ
3033 5701 3231 5759 ἐκεῖθεν
3290 5699 3641 5777 πανσπερμία
3696 5700 3768 5757 τὸ
