4130 6356
349 359 471 423 549

1279 385 1283 388 ι
1339 345 1634 410 ORATIO
1677 345 1894 406 ANNO
1937 344 2444 409 AUSPICANDO
2487 347 2806 409 HABITA.

3661 347 3784 406 550

354 486 550 567 μυρίον
607 489 705 542 τοῦ
759 485 880 541 κατ’
933 483 1100 554 αὐτὴν
1156 479 1408 557 χόματος
1457 477 1882 552 παρεκτείνουσα
1928 474 2008 540 εἰς

2137 479 2279 536 anim
2312 480 2576 536 continui
2609 479 2981 537 acciduerent
3011 479 3253 546 imbres,
3288 482 3525 551 tempus
3572 479 3783 535 messi-

355 563 562 655 μακρόν
605 597 660 631 τι
706 574 935 652 χρόνου,
985 571 1199 633 ἅλωνάς
1251 591 1310 625 τε
1357 567 1625 642 ἐπλήρου,
1658 563 1765 655 καί,
1796 568 1865 639 τῇ
1905 569 2014 620 τῶν

354 654 684 745 δραγμάτων
736 658 996 739 συντριϐῇ
1045 661 1138 724 τὰς
1191 659 1474 730 ἀποθήκας
1525 656 1720 728 μεστὰς
1753 654 2017 745 ἐποιεῖτο,

357 743 404 816 έί
430 743 573 819 τινες
605 775 712 810 που
755 753 844 808 καὶ
894 753 1045 827 εἶχον
1084 749 1395 822 κενώματα.
1445 749 1575 810 Τοῖς
1620 745 1720 822 γὰρ
1769 743 2014 800 πλείοσιν

359 850 686 923 ἀνηρευνᾶτο
734 842 824 898 καὶ
876 841 1086 916 ἀγγεῖα,
1137 835 1428 914 χωροῦντα
1472 836 1535 890 τὸ
1578 841 1679 904 τῆς
1721 840 1825 909 γῆς
1871 833 2016 923 πολὺ

363 921 620 1008 δεξίωμα.
677 933 810 1008 Εἶχε
865 928 924 985 δὲ
973 951 1026 984 τι
1077 928 1169 984 καὶ
1226 926 1363 982 κατᾶ
1431 929 1530 980 τοῦ
1583 923 1741 1000 ἔαρος
1798 926 1834 992 ἡ
1891 921 2018 977 τότε

365 1026 554 1102 φθινας
593 1029 693 1092 τῆς
741 1020 961 1096 ὀπώρας
1008 1015 1388 1081 νεανιεύεσθαι.
1420 1018 1505 1088 Τῇ
1536 1014 1641 1090 γὰρ
1679 1013 1754 1074 εἷς
1785 1010 2015 1102 διπλοῦν

365 1100 585 1194 εὐφορίᾳ
631 1109 745 1167 ἔνια
798 1115 907 1165 τῶν
967 1112 1146 1188 φυτῶν
1209 1104 1562 1170 ἐπανθοῦντα,
1624 1103 1736 1158 εἶτα
1791 1103 1881 1156 καὶ
1939 1100 2017 1163 εἷς

361 1188 566 1280 καρπόν
641 1197 1130 1277 παραγγέλλοντα,
1208 1195 1500 1271 ἐνεαρίάειν
1581 1193 1763 1267 ὥσπερ
1836 1188 2016 1280 ἐδίδου

358 1277 486 1355 τοῦς
542 1290 706 1352 αὐτὰς
765 1287 1086 1363 βλέποντας.
1148 1285 1332 1343 Ἐνίκα
1383 1281 1440 1338 δὶ
1499 1281 1654 1356 ὅμως
1714 1284 1784 1355 τῇ
1843 1277 2015 1354 λοιπῇ

357 1381 582 1454 εὖθηνίᾳ
608 1383 677 1454 τῇ
712 1372 1034 1454 ὑπερϐλύσει
1064 1378 1162 1431 τοῦ
1190 1373 1460 1450 γλεύκους
1491 1369 1664 1444 ὁλκῷ.

434 1579 522 1644 ις’.
544 1577 645 1633 Καὶ
674 1577 900 1632 τοιαῦτα
951 1573 1046 1646 μὶν
1094 1573 1232 1644 ἡμῖν
1280 1570 1348 1625 τὰ
1399 1569 1506 1645 πρὸ
1544 1566 1776 1630 τούτων.
1809 1563 1898 1622 ὅτε
1927 1567 2013 1621 καὶ

361 1668 646 1744 εὖλογεῖτο
685 1664 777 1720 καὶ
827 1657 1041 1736 εῦλὸγει
1081 1661 1110 1715 ὁ
1157 1660 1306 1729 Θεὸς,
1351 1658 1442 1714 καὶ
1478 1651 1788 1744 ,λαμϐάνων
1821 1653 2018 1744 ἀντεδίο

362 1757 480 1815 δου.
512 1743 714 1814 γΤανῦν
771 1751 828 1808 δὲ
884 1747 1098 1806 ἄναλλα
1142 1750 1344 1816 πάντα,
1398 1747 1428 1802 ’ὁ
1469 1743 1536 1818 δὴ
1587 1744 1824 1821 λέγεταί.
1874 1743 2018 1800 Ψεύ-

2127 568 2238 625 bus
2270 570 2593 625 condendis
2625 569 2986 625 destinatum
3020 568 3244 624 diutius
3292 567 3554 639 protrahi
3613 585 3784 640 opor-

2126 658 2534 714 tuit.Attamen
2563 663 2620 714 et
2638 659 2722 714 sic
2743 658 2951 714 horrea
2967 657 3271 730 completa
3306 662 3579 728 sunt,nec
3611 659 3783 713 mini-

2129 764 2291 803 mum
2359 749 2593 820 quidem
2662 747 3067 821 granariorum
3127 748 3238 802 fuit
3294 748 3551 819 spatium
3627 748 3780 820 quod

2125 854 2375 892 vacuum
2445 837 2897 909 relinqueretur.
2959 837 3125 892 Multi
3185 837 3363 892 etiam
3422 838 3785 909 fconquirere

2127 927 2456 982 debuerunt
2513 943 2650 981 vasa
2705 927 2924 998 quibus
2954 930 3118 981 terrae
3152 927 3478 982 ubertatem
3511 928 3784 982 reconde-

2130 1019 2277 1070 rent.
2314 1015 2592 1070 Praeterea
2625 1020 2949 1070 autumnus
3008 1014 3103 1070 ille
3159 1015 3312 1070 veris
3373 1016 3561 1070 instar
3617 1014 3787 1087 quasi

2128 1104 2566 1174 rejuveuescere
2621 1107 2815 1175 coepit.
2875 1104 3130 1159 Arbores
3188 1103 3342 1159 enim
3391 1107 3657 1174 quaedam
3689 1120 3786 1159 se-

2128 1193 2320 1248 cunda
2344 1193 2468 1248 vice
2497 1193 2740 1248 ﬂoribus
2769 1197 3065 1248 tumentes
3096 1192 3320 1248 fructus
3374 1193 3590 1248 iterum
3646 1209 3784 1264 pro-

2128 1283 2436 1349 miserunt,
2493 1283 2572 1337 ita
2620 1287 2685 1337 ut
2735 1286 3092 1353 spectatores
3148 1297 3391 1338 vernum
3434 1287 3670 1354 tempus
3701 1299 3788 1338 re-

2126 1371 2309 1427 diisse
2339 1375 2631 1443 putarent.
2665 1373 2928 1426 Attamen
2963 1371 3288 1427 fecunditas
3316 1375 3658 1444 antegressa
3687 1387 3788 1427 no-

2127 1477 2259 1516 vam
2293 1460 2651 1516 fertilitatem
2684 1459 2965 1515 cohibuit.

2203 1567 2286 1622 16.
2319 1566 2483 1622 Talia
2513 1565 2651 1622 olim
2683 1566 2854 1622 nobis
2895 1565 3286 1638 contigerunt,
3341 1569 3573 1640 quando
3629 1569 3787 1626 Deus

2129 1659 2186 1712 et
2236 1656 2693 1712 benedicebatur
2747 1661 2805 1711 et
2851 1657 3255 1727 benedicebat,
3288 1661 3464 1729 atque
3494 1657 3788 1730 accipiens

2129 1745 2504 1818 rependcbat.
2529 1744 2576 1800 Ν
2585 1762 2695 1801 uno
2719 1761 2852 1800 vero
2884 1761 3127 1816 prorsus
3161 1746 3521 1802 contrarium
3554 1747 3786 1803 accidit.

363 1846 546 1904 δονται
592 1843 693 1920 γὰρ
745 1841 801 1898 αἲ
843 1842 980 1918 ὧραι
1031 1840 1099 1895 τὰ
1150 1839 1266 1894 κατ’
1319 1836 1482 1898 αὐτὰς
1521 1834 1881 1912 ἐνεργήματα.
1915 1835 2020 1890 Καὶ

2137 1835 2397 1906 Namque
2429 1835 2566 1890 anni
2597 1839 2863 1908 tempora
2885 1835 3003 1890 vim
3036 1851 3102 1890 ac
3155 1839 3424 1890 naturam
3483 1835 3595 1891 sibi
3651 1853 3791 1909 pro-

363 1939 392 1994 ὁ
427 1937 522 2010 μὲν
557 1933 843 2010 χειμέριος
885 1930 1097 2004 καιρὸς,
1138 1926 1316 2005 ἀφιεὶς
1364 1927 1464 1996 τὴν
1513 1926 1630 1980 κατ’
1664 1924 1822 1979 αὐτὸν
1861 1924 2018 2001 ὑγρό-

359 2045 523 2097 τητα,
557 2021 627 2078 δι’
654 2022 714 2092 ἣν
749 2021 825 2082 ὡς
873 2016 1092 2086 πολλὴν
1145 2016 1312 2085 αὐτὴν
1346 2038 1375 2068 ι(
1404 2015 1689 2090 καταχέων
1725 2037 1752 2065 »
1783 2020 1883 2084 τῆς
1915 2020 2021 2090 γῆς

363 2113 679 2187 ὠνόμασται
737 2132 764 2166 α
810 2108 1050 2184 χειμὼν,
1093 2129 1121 2159 »
1175 2105 1250 2168 εἷς
1303 2104 1520 2180 αὐχμὸν
1581 2103 2018 2176 μετεσκεύασται.

364 2203 466 2260 Καὶ
500 2202 614 2257 ἀντὶ
646 2197 842 2270 πηλῶν
873 2197 965 2252 καὶ
1009 2193 1322 2269 τελμάτων,
1369 2191 1439 2248 δι’
1489 2193 1563 2247 ὧν
1614 2195 1648 2262 ἡ
1682 2199 1754 2266 γῆ
1801 2211 2024 2266 συνεχο-

375 2293 510 2366 μένη
581 2289 729 2346 κάτω
805 2287 952 2361 μένει
1028 2284 1370 2362 βαρυνομένη
1401 2327 1414 2353 ,
1470 2282 1866 2338 κατακόπτεται
1943 2279 2019 2342 εἷς

368 2380 544 2450 κόνιν,
599 2377 781 2439 καλῶς
838 2374 899 2430 ἂν
956 2373 1099 2430 εἷ’ποι
1156 2395 1263 2445 τις,
1323 2373 1565 2448 θερινὴν,
1615 2373 1650 2442 ἢ
1693 2370 1784 2425 καὶ
1837 2370 1912 2432 ὡς
1945 2369 2020 2432 εἷς

365 2468 604 2541 ἀτόμους
661 2464 1106 2538 λεπτοτομεῖται.
1158 2467 1212 2516 Ὀ
1271 2459 1329 2516 δὲ
1385 2460 1491 2536 ἀήρ
1550 2460 1617 2516 τὰ
1681 2457 1870 2514 πολλὰ
1925 2459 2018 2532 μὲν

368 2557 628 2636 βούλεται
682 2555 820 2631 πρὸς
895 2551 1112 2630 ἐαρινὴν
1170 2552 1206 2622 ἢ
1263 2549 1353 2606 καὶ
1427 2549 1642 2626 θερινὴν
1696 2549 2022 2603 κατάστασιν

365 2648 783 2721 ἐξημεροῦσθαι·
817 2642 907 2698 ὅτε
950 2639 1008 2696 δὲ
1056 2641 1146 2695 καὶ
1199 2638 1524 2714 ἐνθυμηθείη
1587 2639 1803 2714 χειμὼν
1862 2638 2026 2699 αὐτὸς

370 2737 527 2804 εἶναι,
577 2732 726 2789 ἀλλὰ
770 2727 893 2788 τότε
946 2727 1336 2807 ὑπερεπιτείνει
1377 2728 1587 2797 ἑαυτὸν,
1621 2726 1710 2782 καὶ
1760 2728 1824 2781 οὐ
1860 2725 2025 2800 μόνου

377 2824 604 2900 οὐρανοῦ
657 2819 866 2898 γίνεται
923 2817 1082 2896 ἄχος,
1143 2817 1266 2888 ὃδή
1321 2839 1405 2880 τις
1464 2813 1590 2894 ἔφη,
1647 2813 1912 2870 ἆλλᾶ’καὶ
1964 2815 2026 2870 τὸ

387 2912 543 2978 μίσον
575 2913 740 2968 αὐτοῦ
771 2909 860 2966 καὶ
902 2916 1005 2986 γῆς
1057 2908 1194 2963 ἅπαν
1245 2911 1402 2982 χῦμα
1451 2906 1694 2982 συγχέει,
1729 2904 1818 2960 καὶ
1852 2903 2026 2966 οὕτως

384 3001 574 3078 ἀπάγει
623 3005 720 3056 τοῦ
776 2997 977 3060 παντὸς
1032 2997 1094 3052 τὸ
1150 2995 1380 3069 κόσμιον
1427 2991 1622 3068 ὄνομα.
1673 2995 1785 3051 Οοῦ
1832 2993 1931 3070 γὰρ
1966 2993 2025 3048 av

382 3088 459 3148 ἔτι
500 3088 706 3165 κόσμος
749 3089 809 3144 τὸ
856 3092 985 3160 πᾶν,
1038 3080 1164 3150 ἔνθα
1215 3084 1421 3162 ἰσχάτη
1476 3083 1711 3157 ἀκοσμία
1760 3103 2029 3138 κατακαυ-

375 3187 576 3258 χᾶται;
612 3179 865 3236 Θάλαστα
893 3174 951 3233 δὲ
997 3177 1088 3232 καὶ
1138 3174 1273 3243 αὐτὴ
1317 3177 1609 3245 τηνικαῦτα
1653 3172 1717 3228 τὸ
1760 3172 2024 3247 ζωογόνον
2058 3199 2101 3267 C

370 3255 456 3327 καὶ
488 3275 567 3343 τῷ
606 3268 802 3343 κόσμῳ
850 3266 1034 3346 φίλιον
1092 3263 1444 3340 ἀπολέγεται,
1503 3257 1866 3318 ἀναϐαίνουσα
1922 3255 2024 3326 ἕως

367 3365 474 3416 τῶν
536 3359 802 3437 οὐρανῶν,
857 3357 946 3412 καὶ
1005 3361 1127 3419 τοῖς
1174 3354 1470 3430 σχίσμασιν
1519 3350 1876 3408 ὑποδεικνῦσα
1933 3373 2027 3428 γυ-

373 3451 510 3524 μνήν
560 3449 661 3518 τὴν
711 3442 964 3516 ἄϐυσσον,
1017 3445 1093 3507 ὡς
1138 3450 1256 3506 τοῖς
1312 3443 1407 3516 μὲν
1464 3442 1730 3518 λαχοῦσιν
1764 3441 2025 3515 ἑμπλὲειν

366 3540 458 3595 τὸν
505 3535 680 3611 ’ᾼδην
727 3535 1219 3612 ἀποκληροῦσθαι,
1276 3533 1414 3589 κατὰ
1464 3534 1528 3588 τὸ
1582 3532 1754 3601 πάντη
1816 3531 2027 3605 ὁμολο-

366 3630 658 3706 γούμενονο
708 3631 823 3688 τοῖς
868 3623 927 3680 δὲ
973 3625 1090 3680 κατ’
1139 3623 1306 3693 αὐτὴν
1360 3623 1521 3692 ζώοις
1583 3623 1659 3696 μὴ
1726 3623 1892 3695 μόνον
1951 3623 2025 3695 μή

366 3718 562 3792 ἐξεῖναι
611 3715 736 3791 περὶ
782 3715 951 3784 αὐτὴν
1003 3712 1260 3787 ἐλεύθερα
1314 3708 1606 3788 διατρίϐειν
1657 3711 1738 3766 ἐπ’
1785 3707 2028 3787 ὠφελείᾳ

367 3810 552 3882 ἡμῶν,
609 3805 756 3862 ἆΛλὰ
805 3801 947 3878 μηδὲ
999 3799 1169 3879 ἔχειν,
1219 3801 1356 3857 ὅπου
1401 3798 1703 3857 καταδύντα
1747 3801 2024 3877 περιέσον-

367 3917 481 3953 ται.
540 3895 640 3951 Καὶ
698 3892 842 3950 οὕτω
905 3893 998 3966 μὲν
1056 3891 1146 3947 καὶ
1203 3894 1238 3962 ἡ
1297 3889 1540 3948 θάλασσα
1599 3891 2026 3968 ὑπερμέμηνεν,

370 3984 549 4042 οὐκέτι
578 3981 692 4040 οὐδ’
721 3982 856 4054 αὐτὴ
907 3979 1042 4037 οῦσα
1094 3979 1226 4056 ὅπερ
1263 3981 1366 4036 ὑπὸ
1415 3985 1548 4037 Θεοῦ
1588 3981 1835 4036 τέτακται
1868 3981 2024 4036 εἶναι.

368 4079 450 4149 Τῇ
476 4077 546 4151 γῇ
575 4071 633 4129 δὲ
689 4071 834 4129 ἄλλα
890 4070 1227 4150 ἰπιφορεῖται
1286 4069 1456 4138 δεινὰ,
1504 4074 1610 4124 τῶν
1669 4070 1763 4143 μὲν
1816 4070 2026 4146 ἀνθρώ-

368 4185 484 4219 πων
546 4161 847 4218 όκνοῦντων
911 4160 1068 4228 εἶναι,
1127 4159 1175 4214 εἴ
1226 4159 1294 4214 τὰ
1349 4160 1555 4223 τοιαῦθ’
1613 4157 1756 4215 οὕτω
1801 4159 2023 4235 γίνεται’

371 4257 472 4308 τῶν
509 4249 555 4306 δ’
614 4249 802 4306 ἄλλων
863 4250 1015 4318 ζώων
1076 4245 1206 4322 μηδ’
1265 4248 1442 4303 αὐτῶν
1500 4247 1752 4323 ἑτεροίως
1784 4247 2024 4323 ἐχόντων

370 4342 586 4416 (οὐκοῦν
635 4336 762 4396 οἱδὶ
805 4337 1082 4418 φαίνονται
1135 4343 1254 4400 τοῖς
1305 4359 1364 4392 τε
1422 4342 1698 4409 ζητοῦσιν,
1759 4337 1905 4393 ἀλλᾶ
1932 4338 2028 4402 τὰς

362 4437 470 4487 τῶν
503 4428 730 4486 πολλῶν
789 4423 940 4502 ὄψεις
995 4426 1428 4502 ἀποκρύπτονται
1478 4423 1666 4488 ἄλλως
1697 4422 1884 4499 ἄλλαγ
1917 4431 2026 4480 τῶν

367 4518 427 4577 δὲ
453 4524 658 4599 φυτῶν,
709 4522 816 4573 τῶν
852 4537 910 4572 ἰε
976 4514 1256 4593 μεγάλων,
1313 4520 1420 4571 τῶν
1468 4537 1527 4570 τε
1574 4517 1772 4590 μέσων,
1804 4513 1895 4570 καῖ
1927 4513 2024 4570 ὅσα

368 4608 427 4666 δὲ
486 4609 560 4672 εἷς
616 4614 716 4684 γῆν
771 4610 1167 4676 ταπεινοῦνται,
1231 4601 1339 4662 εἷ’τε
1387 4607 1694 4685 αὐτοφυῶς,
1739 4603 1846 4660 εἷίτε
1892 4606 2030 4661 κατά

367 4696 596 4771 τέχνην,
646 4692 983 4771 βιαζομένων
1041 4691 1332 4748 ἐκσπᾶσθαι
1384 4697 1484 4759 τῆς
1537 4693 1747 4770 μητρὸς
1795 4700 1920 4770 γῆς,
1955 4693 2028 4756 ὡς

373 4781 657 4859 ψεύδεσθαι
703 4783 795 4838 τὸν
843 4786 1090 4838 τοιοῦτον
1137 4787 1390 4858 χειμῶνα
1435 4783 1499 4839 τὸ
1558 4781 1768 4858 ἱλαρὸν,
1819 4781 1907 4838 ὅτε
1936 4783 2026 4837 καὶ

373 4877 668 4953 παραφήνῃ
713 4873 834 4928 τινὰ
885 4873 1226 4945 ἡμερότητα,
1275 4872 1364 4927 καὶ
1411 4874 1550 4946 μήτε
1597 4873 1659 4927 τὸ
1710 4872 2024 4948 χειμερινὸν

372 4961 560 5040 ἄγριον
619 4961 920 5038 μετριάζειν
976 4959 1216 5034 ἀληθῶς,
1269 4963 1409 5035 μήτε
1452 4963 1514 5016 τὸ
1558 4965 1729 5038 πρᾶον
1765 4961 2027 5034 ἐπαληθί-

373 5053 570 5124 ζεσθαι.
605 5055 718 5108 Ποῦ
746 5050 847 5129 γὰρ
879 5055 1049 5126 πρᾶον
1081 5050 1144 5105 τὸ
1175 5049 1250 5113 εἰς
1272 5051 1407 5105 ἅπαν
1437 5048 1723 5128 ὀλέθριον,

445 5251 528 5320 ιζ’.
601 5245 989 5320 Διαδεξάμενος
1052 5242 1110 5300 δὲ
1185 5246 1276 5301 τὸν
1312 5244 1454 5301 οὕτω
1530 5247 1724 5322 πικρὸν
1775 5251 2028 5323 χειμῶνα

370 5341 399 5395 ὁ
453 5343 550 5394 τοῦ
608 5334 767 5412 ἔαρος
822 5333 1164 5411 γλυκασμὸς,
1226 5333 1492 5406 ἐξίσταται
1549 5335 1639 5391 καὶ
1715 5335 1875 5398 αὐτὸς
1931 5340 2027 5392 τοῦ

371 5433 625 5504 καθαρῶς
702 5425 1018 5502 γλυκάζειν.
1071 5428 1176 5479 Τοῦ
1247 5424 1346 5500 γὰρ
1424 5431 1706 5502 χειμῶνος
1771 5427 1869 5495 τὴν
1924 5433 2023 5502 γῆν

374 5517 772 5592 συμπιέσαντος
838 5515 928 5569 καὶ
998 5512 1356 5587 πιλήσαντος,
1433 5515 1507 5578 ὡς
1585 5517 1661 5589 μὴ
1731 5512 2026 5586 δυνηθῆναι

375 5607 543 5678 αὐτὴν
588 5603 855 5680 ἀναμύσαι
905 5602 980 5668 εἷς
1037 5601 1332 5680 βλάστησιν
1390 5603 1572 5682 χλόης
1599 5648 1613 5675 ,
1665 5604 1764 5660 οὐκ
1807 5602 1924 5682 ἔχει
1963 5607 2026 5662 τὸ

376 5694 845 5772 ἐκτραφησόμινον
901 5690 1027 5752 οὐδὲ
1072 5695 1108 5764 ἡ
1167 5694 1304 5752 κατά
1351 5695 1414 5751 τὸ
1468 5687 1561 5769 ἔαρ
1619 5693 1754 5769 ὥρα·
1816 5693 1871 5751 εἷ’
1919 5717 2026 5753 που

2131 1923 2320 1997 priam
2379 1923 2536 1979 haud
2570 1924 2827 1996 amplius
2858 1928 3152 1979 exserunt.
3186 1925 3442 1997 Tempus
3473 1925 3791 1983 hibernum

2131 2016 2360 2068 tantum
2393 2013 2558 2068 abest
2597 2016 2664 2068 ut
2723 2013 3052 2068 naturalem
3112 2013 3551 2082 humiditatem,
3610 2031 3790 2088 quam

2131 2103 2366 2158 abunde
2422 2101 2482 2157 in
2539 2107 2755 2158 terram
2815 2102 3136 2158 demittens
3187 2103 3511 2177 (καταχὲων)
3575 2120 3791 2160 nomen

2135 2188 2390 2265 (χειμὼν)
2423 2190 2657 2264 accipit,
2691 2192 2958 2260 retineat,
2993 2195 3054 2246 ut
3097 2191 3292 2263 potius
3347 2193 3406 2247 in
3468 2192 3790 2249 siccitatem

2131 2284 2592 2337 transmutatum
2655 2279 2751 2335 sit.
2805 2285 2914 2336 Pro
2976 2279 3188 2336 lutosis
3249 2280 3562 2353 paludibus
3594 2287 3650 2338 et
3675 2299 3793 2339 coe-

2134 2370 2297 2427 nosis
2361 2369 2610 2426 sentinis
2683 2369 2904 2441 quibus
2962 2374 3117 2425 terra
3175 2369 3462 2426 inundata
3517 2372 3794 2428 deorsum

2134 2459 2544 2532 comprimitur
2573 2462 2750 2531 atque
2783 2459 3066 2524 subsidet,
3099 2459 3156 2514 in
3195 2459 3494 2532 pulverem
3525 2461 3794 2518 aestivum

2135 2567 2267 2607 eam
2299 2550 2644 2617 comminui,
2683 2554 2785 2606 ant
2814 2551 2871 2604 in
2907 2556 3104 2606 atoma
3137 2549 3526 2621 dissolvijure
3557 2552 3795 2608 dixeris.

2135 2646 2314 2696 Porro
2348 2641 2477 2711 ejus
2512 2639 2826 2712 temperies
2854 2644 2975 2694 tam
3013 2639 3175 2696 mitis
3207 2644 3318 2708 est,
3349 2646 3414 2695 ut
3436 2640 3552 2696 veri
3602 2641 3798 2713 potius

2135 2729 2225 2784 vel
2282 2729 2468 2786 aestati
2503 2729 2809 2785 convenire
2838 2728 3121 2784 videatur.
3153 2731 3392 2795 Quando
3423 2735 3620 2786 autem
3653 2732 3798 2788 forte

2136 2818 2348 2874 hiemis
2380 2824 2573 2890 partes
2605 2835 2775 2890 agere
2807 2834 3005 2874 revera
3051 2823 3316 2888 conatur,
3369 2823 3513 2875 tunc
3568 2837 3797 2876 omnem

2137 2908 2375 2963 modum
2409 2907 2656 2972 excedit,
2687 2924 2795 2962 nec
2824 2911 3055 2962 tantum
3089 2907 3346 2975 tristitia,
3375 2913 3438 2964 ut
3467 2909 3552 2964 ira
3581 2909 3797 2980 dicam,

2139 2997 2392 3053 afficitur
2421 2995 2658 3062 caelum,
2693 2996 2792 3051 sed
2826 2995 3003 3051 etiam
3045 2996 3328 3068 quidquid
3388 2996 3653 3052 humoris
3710 3002 3800 3054 est

2139 3087 2293 3142 inter
2322 3087 2518 3158 ipsum
2549 3102 2614 3141 ac
2645 3089 2862 3140 terram
2895 3085 3162 3152 effundit,
3195 3085 3278 3141 ita
3335 3093 3397 3142 ut
3455 3087 3795 3143 universum

2141 3178 2233 3232 vix
2264 3175 2469 3230 mundi
2502 3191 2714 3231 nomen
2751 3180 3062 3231 mercatur.
3085 3175 3234 3240 Quid
3267 3174 3424 3230 enim
3457 3176 3800 3234 universum

2141 3265 2334 3321 adhuc
2366 3265 2626 3322 mundus
2657 3263 3176 3337 appellabitur,ubi
3209 3281 3446 3320 summa
3477 3265 3801 3322 immundi-

2139 3353 2811 3420 tiesinsolescitPQuin
2870 3358 2930 3408 et
2989 3370 3147 3410 mare
3203 3354 3397 3426 ipsum
3459 3354 3574 3411 vim
3631 3373 3801 3412 suam

2140 3444 2430 3500 vivificam
2489 3447 2546 3499 et
2611 3459 2750 3515 erga
2781 3442 3052 3498 homines
3079 3443 3396 3516 benignam
3427 3448 3566 3500 tunc
3625 3445 3806 3516 exuit,

2140 3533 2316 3589 modo
2349 3533 2420 3588 ad
2452 3531 2661 3588 emlum
2696 3532 3122 3599 intumescens,
3154 3533 3327 3588 modo
3361 3534 3432 3588 ad
3485 3539 3807 3592 extremam

2141 3623 2338 3694 abyssi
2397 3621 2858 3694 profunditatem
2917 3620 3253 3690 dehiscens,
3316 3622 3398 3678 ita
3427 3626 3492 3678 ut
3515 3623 3618 3696 qui
3649 3625 3708 3680 in
3741 3642 3808 3682 eo

2139 3711 2418 3784 navigant
2468 3711 2539 3766 ad
2599 3711 2818 3766 inferos
2877 3710 3113 3766 detrudi
3169 3715 3471 3783 putentur,
3529 3713 3812 3770 animalia

2141 3807 2339 3857 autem
2385 3800 2637 3872 marina,
2671 3799 2911 3855 utilitati
2945 3804 3156 3856 nostra:
3186 3801 3585 3868 inservientia,
3619 3821 3808 3875 neque

2141 3890 2399 3963 amplius
2432 3889 2613 3945 libere
2644 3889 2724 3945 ibi
2753 3889 2976 3946 versari
3011 3895 3254 3961 queant,
3312 3907 3502 3964 neque
3561 3891 3808 3950 latibula

2138 3979 2397 4035 habeant
2426 3979 2523 4034 ubi
2559 3995 2764 4034 secure
2797 3979 3101 4034 recondita
3135 3979 3324 4035 vivere
3357 3980 3804 4051 possint.Terraa

2137 4073 2334 4124 autem
2369 4067 2484 4123 alia
2513 4067 2862 4140 inﬂiguntur
2909 4067 3082 4122 mala.
3143 4069 3385 4134 Quando
3445 4069 3601 4125 enim
3662 4069 3805 4126 talia

2139 4157 2710 4226 eveniunt,homines
2729 4156 2936 4212 devita
2965 4173 3074 4212 sua
3100 4157 3620 4228 timent;animalia
3643 4157 3801 4214 idem

2137 4263 2382 4319 prorsus
2441 4246 2728 4316 sentiunt,
2791 4263 2975 4317 quare
3029 4263 3136 4302 nec
3196 4247 3594 4318 quaerentibus
3626 4265 3804 4320 appa-

2136 4341 2289 4406 rent,
2321 4337 2421 4392 sed
2455 4336 2526 4390 ab
2557 4335 2866 4390 hominum
2901 4339 3217 4408 conspectu
3279 4335 3395 4392 alia
3448 4335 3617 4392 aliter
3673 4354 3801 4393 sese

2137 4426 2546 4490 abscondunt;
2579 4423 2792 4498 planta:
2825 4429 3020 4480 autem
3054 4430 3112 4480 et
3144 4441 3368 4498 magna:
3402 4431 3457 4481 et
3490 4426 3692 4482 mediae
3745 4431 3802 4483 et

2138 4533 2267 4588 quae
2299 4515 2368 4570 ad
2402 4519 2616 4570 terram
2647 4518 2910 4586 serpunt,
2944 4530 3049 4569 seu
3081 4515 3447 4586 naturaliter,
3481 4533 3582 4572 seu
3617 4515 3798 4573 artifi-

2140 4607 2316 4673 ciose,
2348 4621 2416 4660 ex
2448 4603 2605 4660 alma
2636 4607 2791 4659 terra
2820 4602 3102 4660 violenter
3131 4604 3484 4660 evelluntur.
3523 4606 3804 4663 Mentitur

2138 4693 2434 4750 interdum
2468 4692 2600 4749 talis
2632 4693 2820 4749 hiems
2857 4691 3182 4762 lenitatem,
3242 4695 3382 4749 dum
3449 4695 3673 4766 aliquid
3732 4697 3802 4752 de

2137 4784 2326 4857 rigore
2387 4800 2493 4839 suo
2553 4782 2801 4838 remittit
2833 4800 2846 4838 :
2883 4799 3079 4838 revera
3129 4788 3323 4839 autem
3359 4801 3463 4840 nec
3495 4784 3702 4856 frigus,
3736 4789 3803 4841 ut

2139 4875 2322 4943 decet,
2392 4872 2707 4929 hibernum
2757 4877 3129 4944 attemperat,
3193 4889 3379 4946 neque
3449 4875 3599 4928 serio
3656 4873 3800 4947 agit,

2137 4965 2374 5039 quando
2431 4965 2945 5020 mansuetudinem
3008 4963 3270 5020 simulat.
3307 4965 3608 5031 Quomodo
3639 4965 3798 5022 enim

2139 5053 2658 5110 mansuetudinem
2691 5053 2906 5109 dixeris
2952 5053 3050 5109 ubi
3105 5055 3304 5110 omnia
3361 5055 3433 5111 ad
3493 5053 3799 5111 interitum

2136 5147 2386 5218 vergunt
2408 5142 2431 5198 ?

2209 5253 2293 5308 i7.
2329 5250 2594 5308 Hiemem
2627 5253 2823 5306 autem
2856 5251 3124 5306 acerbam
3184 5252 3411 5325 excepit
3450 5267 3549 5308 ver
3603 5250 3796 5322 dulce,

2139 5341 2293 5413 quod
2354 5346 2548 5395 tamen
2587 5356 2784 5394 revera
2816 5337 2985 5394 dulce
3011 5357 3076 5395 ac
3109 5347 3483 5398 mansuetum
3517 5357 3632 5397 non
3664 5341 3799 5397 fuit.

2137 5432 2281 5488 Cum
2313 5436 2468 5486 enim
2497 5435 2652 5484 terra
2701 5428 2946 5483 hiberno
3005 5434 3266 5501 tempore
3324 5431 3406 5487 ila
3462 5446 3804 5502 compressa

2138 5519 2790 5591 constrictaquejacuit,
2826 5525 2889 5573 ut
2910 5518 2980 5573 ad
3009 5518 3343 5589 plantarum
3368 5521 3798 5578 incrementum

2136 5610 2284 5666 nihil
2319 5625 2561 5681 prorsus
2592 5608 2781 5663 facere
2808 5607 3084 5679 potuerit,
3142 5614 3283 5665 tunc
3335 5627 3476 5666 sane
3535 5625 3641 5666 nec
3697 5627 3798 5666 ver

2135 5698 2377 5757 habebit
2407 5698 2566 5771 quod
2598 5696 2859 5766 nutriat;
2886 5698 2979 5754 sin
3002 5696 3261 5768 habebit,
3302 5698 3541 5757 omnino
3598 5698 3792 5757 debile
