4130 6378
334 367 446 426 551
1113 356 1539 422 EUSTATHII
1589 356 2363 421 THESSALONICENSIS
2405 358 2996 424 METROPOLITE
3651 367 3770 429 552

338 499 451 555 erit
479 501 654 569 atque
684 492 1039 550 exsiccatum
1071 491 1217 548 etad
1243 489 1644 546 maturitatem
1679 489 1969 562 perfectan

2140 489 2172 543 ’ἐ
2223 511 2274 544 τι
2331 489 2420 546 καὶ
2479 492 2669 568 σχοίη,
2723 489 2851 548 ἀλλ’
2909 491 3100 569 ἰσχνὸν
3155 492 3284 550 αὐτὸ
3339 493 3429 550 καὶ
3490 495 3771 572 ὗπέρινον,

338 589 429 643 vix
459 590 794 642 venturum.
825 587 956 638 Jam
989 598 1122 637 vero
1156 581 1290 636 licet
1321 581 1393 636 ad
1428 582 1685 635 fructum
1716 579 1964 651 ‘deniqu

2145 578 2197 633 αὶ
2232 580 2351 634 οἷον
2388 581 2464 654 μὴ
2494 579 2962 656 τελεσφορηθῆναι
3015 581 3093 645 είς
3146 582 3364 659 ἀγαθόν.
3413 586 3542 642 ’Ότε
3575 582 3632 640 δὲ
3680 587 3772 641 καὶ

336 677 625 734 edendum
661 673 1006 746 pervenerit,
1041 671 1127 727 vel
1155 670 1596 726 minutissimus
1627 675 1718 726 est
1751 670 1967 724 fructus

2139 666 2188 730 ίς
2239 667 2399 731 τέλος
2455 665 2587 744 ἔλθῃ
2665 675 2761 723 τοῦ
2835 672 3270 744 καρπώσασθαι,
3326 671 3362 742 ἢ
3436 673 3769 737 λέπτότατος

336 767 426 822 vel
455 764 716 821 medulla
743 768 922 832 caret,
957 766 1128 832 atque
1159 760 1243 815 sic
1276 777 1439 832 spem
1474 760 1690 815 bonam
1721 759 1793 814 ab
1852 761 1967 831 agri

2147 753 2424 813 πεκϐαίνει
2477 760 2504 813 ὁ
2551 760 2778 834 καρπὸς,
2827 759 2862 828 ἢ
2907 761 3062 815 κεκὸν
3119 761 3265 833 μὲνει
3315 763 3378 817 τὸ
3427 762 3642 839 ἀγγεῖον
3687 764 3777 819 αὖ·

335 857 460 912 cola
518 858 854 924 conceptam
919 851 1128 906 misere
1189 849 1380 918 fallit;
1441 849 1634 921 quid?
1693 849 1848 921 quod
1883 848 1966 921 ips

2145 851 2232 916 οῦ,
2292 851 2488 921 ψεῦσαν
2537 847 2741 924 ἀγαθῆς
2797 850 3011 920 ἁπάσης
3071 848 3290 914 ἐλπίδος
3347 853 3439 906 τὸν
3497 854 3771 929 γεωργὸν,

337 945 567 1018 zephyri
604 943 701 998 illo
731 947 993 1014 tempore
1026 941 1324 1011 spirantes
1357 939 1708 994 inﬁrmitate
1742 937 1968 1010 quadam

2136 936 2188 999 ὗς
2247 934 2423 994 δοκεῖν
2474 936 2563 992 καὶ
2616 939 2746 1000 τοὺς
2795 943 3094 1009 τηνικαῦτα
3153 940 3414 1019 ζεφύρους
3470 941 3767 1013 ἐξασθενεῖν

335 1037 534 1092 labore
572 1034 860 1099 videntur,
922 1030 1277 1103 impediente
1337 1031 1665 1102 quominus
1725 1044 1966 1084 messem

1455 1031 1665 1086 minus
1725 1044 2000 1095 messem,
2114 1023 2507 1090 ἀδυνατοῦντας
2538 1024 2783 1102 ἀδρύνειν
2810 1029 2872 1084 τὸ
2903 1027 3086 1099 λήϊον.

337 1130 400 1180 ut
430 1125 614 1190 decet,
651 1121 1053 1177 corroborent.

410 1215 492 1268 18.
528 1213 717 1267 [Εεῐειε
749 1211 1120 1281 subsequens
1153 1207 1547 1280 agricolarum
1615 1224 1826 1264 manus
1883 1224 2005 1262 ma-

2193 1205 2281 1290 tn'.
2315 1205 2683 1261 Ἀκολουθοῦν
2740 1204 2798 1261 δὲ
2841 1205 3059 1272 τούτοις
3106 1209 3169 1263 τὸ
3221 1209 3378 1284 θέρος
3419 1231 3574 1274 κενας
3603 1213 3775 1290 ἀφίη-

333 1302 552 1374 nipulis
612 1317 827 1356 vacuas
888 1298 1190 1371 relinquit,
1225 1298 1520 1370 siquidem
1559 1297 1860 1354 incassum
1893 1301 1964 1351 te]

2139 1313 2171 1345 rt
2220 1289 2543 1370 δραγμάτων
2588 1294 2682 1357 τὰς
2738 1301 2928 1371 χεῖρας
2966 1302 3083 1360 τοῖς
3132 1305 3435 1375 γεωργοῖς,
3488 1301 3564 1362 είς
3616 1289 3770 1356 κενὸν

337 1409 459 1448 ram
497 1389 782 1461 calefacit,
817 1388 904 1443 vel
934 1388 1106 1443 etiam
1167 1392 1472 1459 tantopere
1529 1387 1726 1442 adurit
1784 1390 1850 1440 ut
1906 1403 1962 1456 qi

2141 1387 2439 1459 ἰιεκπυροῦν
2483 1385 2550 1438 τὰ
2607 1391 2706 1454 τῆς
2753 1389 2875 1462 γῆς,
2919 1389 3063 1463 τάχα
3113 1385 3170 1442 δὲ
3220 1387 3310 1442 καὶ
3351 1387 3538 1452 ἄλλως
3570 1389 3648 1453 εἰς
3679 1413 3772 1446 το-

333 1498 465 1538 eam
499 1480 722 1546 colunt,
774 1478 1029 1533 tristitiae
1085 1483 1227 1532 aastu
1263 1481 1708 1532 consumantur.
1741 1477 1956 1530 Succed

2147 1477 2310 1528 λοῦτον
2371 1470 2810 1548 διεκθερμαῖνον,
2839 1475 2915 1538 ὡς
2971 1481 3077 1552 πῦρ
3136 1476 3366 1532 ἐκκαίειν
3424 1477 3605 1550 λύπης
3657 1485 3778 1545 τοῖς

341 1572 596 1641 denique
632 1575 976 1634 autumnus,
1010 1571 1301 1622 consuetae
1353 1565 1812 1638 pulchritudinis
1862 1565 1972 1620 nih‘f

2144 1564 2522 1635 τονησαμένοις
2569 1563 2691 1640 περὶ
2740 1565 2907 1635 αὐτήν
2940 1608 2954 1622 .
3001 1568 3228 1622 Ἕπεται
3293 1564 3350 1622 δὲ
3400 1568 3628 1639 καθεξῆς
3684 1570 3775 1625 καὶ

335 1659 644 1729 exhibens,
705 1657 805 1712 sed
868 1655 1046 1712 levem
1081 1656 1492 1710 tantummodo
1523 1659 1765 1727 gustum
1797 1669 1966 1727 suggt

2146 1651 2184 1706 ri
2224 1659 2322 1721 τῆς
2370 1651 2610 1728 ὀπώρας,
2662 1651 2853 1709 οὔκουν
2904 1652 3067 1727 καλὰ,
3117 1657 3192 1720 ὡς
3236 1654 3304 1710 τὰ
3349 1657 3602 1733 πρόσθεν,
3649 1657 3777 1714 ἀλλ’

330 1767 466 1806 rens
497 1765 564 1804 ac
612 1746 972 1802 desiderium
1017 1744 1296 1800 excitans.
1360 1745 1492 1799 Abit
1548 1745 1809 1810 tandem,
1868 1761 1961 1798 n01

2139 1741 2196 1804 ιίς
2251 1741 2374 1796 ὅσον
2435 1742 2726 1818 ἀπογεῦσαι
2785 1747 2934 1816 ἡμᾶς
2990 1744 3081 1799 κᾶὶ
3135 1744 3370 1820 ἐρεθίσαι
3420 1747 3523 1816 τήν
3575 1748 3770 1824 δρεξιν.

349 1843 417 1894 ut
446 1838 504 1892 in
539 1835 768 1893 Tantali
802 1835 999 1890 fabula
1030 1839 1138 1900 est,
1158 1851 1392 1889 sursum
1427 1833 1637 1889 elatus.
1657 1833 1819 1889 Illius
1851 1834 1980 1888 enin

2139 1835 2226 1884 Γοῦ
2280 1829 2481 1886 λοιποῦ
2527 1831 2627 1908 γὰρ
2675 1831 2987 1911 ἀφίπταται,
3040 1834 3101 1888 οὐ
3145 1835 3584 1910 μετεωριζομινη
3635 1839 3770 1892 κατᾶ

2139 1922 2171 1944 ,1
2413 1923 2490 1944 mu
2528 1920 2613 1944 71“
2779 1924 2841 1944 *Α
3005 1924 3069 1944 Cn
3192 1924 3206 1944 κ
3319 1924 3334 1944 Ἰ
3412 1924 3422 1944 Ι
3586 1926 3601 1944 9
3674 1927 3686 1944 Ι

337 1932 665 1985 autumnus
691 1925 750 1980 in
784 1923 966 1980 altum
1000 1939 1309 1996 assurgere
1341 1923 1828 1995 conspiciebatur,
1889 1939 1964 1978 no

2133 1922 2208 1976 τὸν
2267 1919 2354 1975 ἐπὶ
2413 1920 2675 1995 Ταντάλῳ
2739 1924 2946 1996 μῦθον.
3005 1924 3070 1978 Ἦ
3144 1924 3248 2000 γὰρ
3317 1924 3520 1980 ἐκείνου
3577 1926 3764 2002 ὀπώρα

334 2018 426 2074 bis
466 2021 662 2072 autem
696 2014 788 2068 vix
819 2012 1258 2086 imaginationis
1289 2011 1615 2084 conceptio,
1648 2013 1865 2068 nedum
1897 2029 1961 2067 as

2108 2005 2363 2065 ἐϐλὲπετο
2431 2011 2568 2084 ὑψοῦ
2617 2011 2883 2087 αίρομένη
2919 2031 2933 2045 '
2993 2014 3131 2086 ἡμῖν
3189 2011 3244 2068 δὲ
3303 2011 3552 2088 οὐδαμοῦ
3605 2015 3739 2070 ἐστιν

334 2111 540 2179 pectus
570 2103 928 2160 conceditur.
962 2102 1465 2166 Quemadmodum
1497 2105 1694 2157 autern
1750 2105 1965 2156 caeteras

2111 2096 2227 2154 οὐδὲ
2273 2100 2409 2155 κατὰ
2461 2099 2633 2174 μόνην
2681 2106 2808 2176 γοῦν
2860 2102 3070 2176 ὅρασιν,
3097 2100 3180 2158 ὅτι
3233 2105 3310 2175 μὴ
3345 2101 3448 2180 ἄρα
3493 2103 3583 2160 καὶ
3610 2103 3742 2175 αῦτη

333 2196 417 2252 sic
475 2194 650 2250 etiam
701 2209 947 2247 uvarum
982 2191 1194 2246 messis
1222 2189 1440 2246 sterilis
1470 2195 1582 2256 est,
1614 2191 1758 2246 adeo
1791 2195 1854 2245 ut
1883 2208 1954 2246 au

2117 2195 2474 2266 ρανταστικῶς
2509 2234 2522 2246 .
2583 2188 2824 2266 Ἀδελφὰ
2898 2188 2956 2246 δὲ
3021 2197 3141 2256 ταῖς
3215 2189 3441 2255 λοιπαῖς
3505 2193 3748 2271 ὀπώραις

329 2287 532 2341 dactor
563 2282 694 2355 quis
732 2281 944 2337 dixerit
973 2280 1356 2336 vinicolarum
1389 2279 1677 2351 lacrymas
1707 2285 1766 2335 et
1811 2284 1960 2336 must

2122 2281 2376 2357 ρρονοῦσα
2412 2277 2502 2333 καὶ
2558 2282 2593 2349 ἡ
2651 2280 2786 2335 κατὰ
2839 2281 2938 2349 τὴν
2991 2279 3294 2360 σταφυλὴν,
3347 2281 3630 2358 ὀλιγοῦται
3661 2281 3753 2338 καὶ

333 2379 530 2449 guttas
562 2372 888 2444 quantitate
918 2387 1088 2442 pares
1119 2385 1265 2424 esse.
1287 2373 1566 2424 Caeterum
1599 2368 1718 2424 haec
1749 2369 1961 2425 calami

2124 2367 2235 2437 ιύτὴ
2277 2414 2292 2438 ,
2351 2369 2425 2430 ὡς
2481 2368 2761 2442 τολμῆσαί
2815 2391 2936 2425 τινα
2989 2370 3158 2425 εἰπεῖν
3225 2371 3638 2446 παρεξισοῦσθαι
3691 2373 3755 2427 τὸ

334 2470 424 2520 tas
458 2463 595 2518 boni
626 2461 768 2532 quid
803 2476 1000 2515 secum
1035 2459 1167 2526 fert,
1201 2459 1491 2528 siquidem
1526 2457 1868 2514 hominibus
1914 2458 1965 2512 vi

2124 2458 2185 2511 ,π’
2243 2456 2376 2532 αὐτῇ
2437 2455 2666 2531 δάκρυον
2718 2464 2835 2521 τοῖς
2889 2465 3159 2535 γεωργοῖς
3217 2466 3297 2533 τῷ
3344 2465 3440 2515 τοῦ
3485 2459 3755 2536 γλεύκους

337 2551 594 2609 nolentis
651 2548 953 2606 ebrietatis
991 2547 1436 2603 incitamentum
1470 2547 1680 2602 aufert.
1714 2548 1968 2602 Attamei

2122 2545 2463 2622 τταλάγματι.
2498 2548 2595 2602 Καὶ
2643 2547 2754 2603 ἔστι
2805 2549 2900 2621 μὲν
2947 2549 3011 2603 τὸ
3055 2553 3303 2604 τοιοῦτον
3350 2549 3512 2603 κακὸν
3558 2546 3753 2612 ἄλλως

338 2641 550 2698 melius
585 2639 745 2708 foret,
780 2639 828 2694 si
862 2638 1063 2693 vinum
1097 2637 1167 2692 ad
1199 2635 1611 2693 exhilarandos
1658 2636 1969 2693 sobriorun

2124 2633 2290 2690 ιαλόν⁹
2326 2633 2597 2710 ἐπιλείψοι
2629 2637 2732 2712 γὰρ
2779 2636 2839 2691 ἂν
2896 2636 3038 2692 οὕτω
3067 2637 3212 2714 τάχα
3256 2642 3371 2699 τοῖς
3419 2635 3755 2715 φιλοπόταις

337 2732 567 2788 animos
599 2728 943 2786 abundaret.

2121 2725 2161 2779 τὸ
2191 2731 2290 2794 τῆς
2345 2725 2515 2798 μέθης
2564 2724 2906 2800 ἐμπύρευμα.
2939 2727 3040 2782 Ἧν
3093 2723 3150 2780 δὲ
3197 2724 3258 2780 ἃν
3305 2725 3458 2799 ὅμως
3490 2725 3752 2794 κάλλιον,

2101 2812 2147 2867 εί
2179 2811 2512 2884 ἐπληθύνετο
2541 2813 2628 2869 ἐπὶ
2655 2813 2955 2892 εὐφροσύνῃ
2985 2815 3278 2893 σωφρόνων
3305 2812 3570 2892 καρδιῶν.

413 2909 495 2965 19.
530 2907 679 2973 Quid
702 2907 825 2978 jam
861 2905 929 2961 de
955 2903 1143 2960 ventis
1173 2903 1360 2959 dicam
1396 2903 1495 2976 qui
1526 2902 1615 2959 vel
1649 2919 1852 2976 parum
1905 2903 1989 2959 vel

2176 2903 2257 2958 ιθ’.
2291 2903 2356 2959 Τί
2393 2923 2487 2976 μοι
2534 2902 2781 2967 καὶτοὺς
2836 2903 3069 2977 ἀνέμους
3129 2903 3328 2980 λέγειν,
3379 2902 3431 2958 o'l
3469 2924 3663 2979 μικρον
3717 2907 3752 2976 ἢ

337 2998 480 3055 nihil
543 3015 576 3052 a
630 2994 992 3068 typhonibus
1049 2992 1461 3065 discreparunt
1496 2992 1524 3047 ?
1581 2992 1817 3048 Exitiosi
1852 3010 1963 3049 sun

2119 2989 2264 3046 οὐδὲν
2301 2989 2650 3068 διενηνόχασι
2701 2998 2808 3049 τῶν
2855 2998 3169 3069 τυφωνικῶν
3206 3012 3219 3063 ;
3251 2990 3514 3068 ’Όλεθροι
3564 2993 3750 3067 ἄνεμοι

334 3088 436 3144 isti
469 3086 644 3154 venti,
680 3084 837 3140 velut
865 3082 1004 3139 mali
1035 3083 1299 3156 spiritus,
1344 3083 1415 3138 ad
1449 3081 1596 3137 nihil
1652 3081 1965 3137 hominibu:

2115 3081 2278 3149 οὗτοι,
2312 3081 2523 3157 πονηρᾶ
2568 3081 2657 3136 καὶ
2697 3081 2852 3137 αὐτοὶ
2897 3082 3198 3158 πνεύματα,
3245 3083 3556 3160 ἀνθρώποις
3605 3086 3746 3160 χρή-

334 3177 530 3244 utiles,
589 3176 728 3242 imo,
780 3173 831 3230 si
883 3171 1278 3228 vertificaliter
1333 3188 1465 3228 cum
1526 3172 1628 3227 tali
1677 3172 1896 3244 impetu
1931 3172 1965 3226 in

2112 3191 2254 3243 τιμοι
2307 3169 2382 3233 εἷς
2439 3167 2615 3240 οὐδὲν,
2661 3170 2905 3244 ἥρπαζον
2966 3170 3026 3226 ἂν
3083 3172 3174 3226 καὶ
3224 3171 3377 3226 αὗτοι
3435 3173 3743 3247 ἀνθρώπους

332 3272 546 3323 terram
578 3263 876 3332 irruerint,
910 3262 1038 3318 sine
1091 3260 1266 3316 dubio
1323 3260 1593 3316 homines
1650 3267 1707 3316 et
1761 3261 1963 3333 reliqua

2110 3259 2186 3315 ιιαὶ
2245 3258 2415 3315 λοιπὰ
2473 3264 2585 3328 ζῶα
2638 3260 2729 3314 καὶ
2789 3260 3037 3333 σώματα,
3095 3259 3144 3314 εἴ
3185 3281 3286 3334 περ
3335 3264 3622 3325 καθετικῶς
3664 3258 3741 3321 είς

335 3353 661 3413 animantia
714 3355 772 3407 et
830 3367 1072 3422 corpora
1101 3351 1416 3405 auferrent.
1450 3349 1618 3404 Nunc
1649 3366 1800 3420 vero,
1836 3354 1966 3404 rect:

2110 3355 2202 3424 γῆν
2262 3350 2733 3420 κατασκήπτοντες
2792 3348 3096 3405 ἀνεκλῶντο
3132 3391 3145 3405 .
3203 3351 3308 3405 Νῦν
3369 3347 3426 3405 δὲ
3479 3346 3604 3404 ἀλλ’
3656 3348 3741 3402 εὐ-

334 3447 704 3519 proruentes,
735 3440 909 3496 etiam
942 3438 1025 3495 sic
1050 3438 1278 3494 obviam
1313 3438 1482 3495 factis
1513 3438 1829 3510 perniciem
1863 3439 1965 3494 all‘e

2116 3440 2452 3513 )υωροῦντες,
2512 3437 2600 3493 καὶ
2661 3437 2834 3501 οὕτως
2889 3439 3324 3512 ἐντινασσόμενοι
3359 3485 3372 3509 ,
3432 3437 3519 3494 ἐπὶ
3569 3458 3747 3492 πανω-

343 3539 499 3590 runt.
1851 3556 1857 3560 -
2101 3524 2292 3604 λεθρίᾳ
2319 3529 2813 3598 κατασκήπτουσιν,
2849 3529 2929 3589 οἷς
2956 3527 3015 3582 ἂν
3048 3523 3456 3606 προσϐάλωσιν.

406 3642 497 3696 20.
531 3639 707 3694 Aliud
739 3636 963 3693 malum
995 3640 1137 3692 sunt
1163 3635 1482 3708 grandines
1539 3635 1819 3691 omnibus
1874 3640 1989 3691 tero

2171 3636 2235 3691 κ’.
2272 3634 2338 3689 Δί
2371 3631 2442 3689 δὲ·
2475 3633 2714 3710 χάλαζαι
2761 3634 2928 3690 κακὸν
2954 3633 3096 3689 ἄλλο
3137 3640 3228 3690 καὶ
3279 3634 3434 3689 αὐταὶ
3482 3632 3753 3706 πολέμιον

335 3748 410 3786 rae
443 3729 713 3801 frugibus
745 3742 1028 3798 perquam
1060 3723 1322 3780 hostiles.
1356 3725 1519 3790 Quod
1552 3725 1706 3779 enim
1742 3726 1800 3780 in
1843 3725 1966 3780 vitet

2119 3727 2167 3798 τῇ
2199 3723 2322 3797 περὶ
2367 3731 2467 3800 γῆν
2509 3725 2686 3798 ἁπάσῃ
2737 3723 2974 3802 ἐκφύσει.
3028 3725 3126 3779 Καὶ
3174 3722 3448 3798 ἀμπέλοις
3504 3724 3600 3797 μὲν
3651 3722 3750 3776 αὖα

333 3837 468 3876 cum
502 3819 724 3889 impetu
757 3815 1030 3872 decidant
1059 3830 1274 3884 easque
1306 3812 1459 3868 male
1490 3813 1769 3880 afﬁciant,
1833 3831 1964 3886 qum

2119 3815 2192 3875 εὰς
2227 3812 2636 3888 ἐπαράσσεσθαι,
2690 3815 2777 3868 καὶ
2841 3811 2990 3868 δεινά
3043 3815 3162 3868 κατ’
3209 3813 3382 3868 αὐτῶν
3431 3817 3626 3883 ποιεῖν,
3659 3812 3750 3866 καὶ

333 3911 610 3965 arborum
671 3904 958 3961 fructibus
1025 3902 1333 3957 illiduntur
1388 3919 1604 3973 eosque
1661 3908 1964 3959 conterant

2122 3905 2494 3972 ιατασκήπτειν
2565 3907 2796 3977 καρποῖς
2872 3900 3108 3978 δὲνδρων
3165 3947 3182 3969 ,
3241 3901 3331 3956 καὶ
3410 3895 3753 3977 κατατρίϐειν

333 3999 486 4070 quod
539 3996 788 4067 denique
849 4009 1071 4048 messes
1113 3991 1438 4057 destruant,
1471 3993 1568 4047 vix
1597 3993 1818 4048 bonum
1847 3994 1964 4065 quit

2120 3991 2253 4062 ιύτὰ,
2303 3990 2392 4045 καὶ
2442 3991 2698 4067 ἀχρειοῦν
2742 3989 2880 4062 λήϊα
2921 3996 2990 4067 τῇ
3042 3991 3356 4061 ἐπιπτώσει,
3400 3991 3499 4046 οὐκ
3548 3990 3606 4045 ἂν
3665 3987 3751 4044 δι-

331 4087 574 4144 dixeris.
606 4085 798 4152 Quid?
825 4082 980 4154 quod
1013 4081 1188 4137 etiam
1221 4081 1280 4135 in
1317 4082 1490 4137 fortia
1519 4081 1796 4138 animalia
1824 4087 1962 4137 tant:

2123 4079 2225 4151 ιοίη
2259 4079 2394 4134 πάνυ
2425 4079 2665 4155 γενναῖόν
2717 4101 2771 4134 τι
2823 4081 2988 4135 κακὸν
3044 4080 3358 4156 τυγχάνειν·
3392 4081 3447 4135 αἱ
3501 4077 3559 4134 δὲ
3605 4077 3754 4134 ἀλλᾶ

331 4193 466 4233 cum
497 4174 551 4230 vi
581 4173 883 4238 decidunt,
918 4174 982 4224 ut
1014 4170 1110 4224 illa
1145 4168 1415 4224 sauciata
1473 4175 1785 4237 corruant;
1848 4169 1962 4240 qui:

2124 4169 2188 4223 ιαὶ
2263 4169 2399 4224 κατά
2474 4169 2628 4237 ζώων
2709 4165 3104 4246 σφενδονῶνται
3173 4167 3349 4245 ἆδρῶν
3385 4213 3399 4239 ,
3458 4170 3546 4224 καὶ
3620 4167 3755 4223 αὐτὰ

331 4271 390 4321 et
446 4263 716 4320 homines
771 4260 932 4333 ipsos
963 4274 1391 4330 nonnunquam
1423 4258 1703 4313 violenter
1735 4263 1962 4330 proster

2122 4257 2373 4329 ιληθὲντα
2428 4257 2723 4312 πίπτουσι·
2775 4253 3182 4314 καταϐάλλουσι
3240 4257 3297 4314 δέ
3353 4280 3459 4313 που
3515 4257 3607 4312 καὶ
3659 4259 3753 4312 ἀν-

331 4358 498 4411 nunt.
2101 4347 2354 4422 θρώπους
2381 4347 2787 4425 ἐπιφερόμεναι.

397 4460 489 4515 24.
526 4459 687 4514 Unde
715 4460 910 4513 autem
947 4455 1062 4509 haec
1094 4452 1292 4508 omnia
1323 4453 1494 4508 nobis
1525 4453 1782 4523 obtigere
1814 4454 1925 4509 nisi
1959 4471 1990 4510 e

2170 4457 2273 4512 κα’.
2305 4453 2472 4518 Πόθεν
2519 4451 2585 4523 δὴ
2630 4459 2801 4509 ταῦτα
2848 4453 3020 4510 πάντα
3066 4457 3227 4528 ἡμῖν,
3277 4455 3313 4523 ἢ
3366 4455 3425 4510 ἐκ
3463 4457 3574 4509 τῶν
3616 4455 3757 4526 ἡμε-

335 4549 589 4623 peccatis
619 4547 840 4603 nostris
864 4545 892 4598 ‘2
923 4545 1122 4614 Neque
1150 4543 1304 4597 enim
1367 4557 1567 4596 eorum
1633 4559 1759 4614 quas
1820 4544 1966 4599 ηοω,

2132 4544 2266 4617 ἐρων
2311 4543 2590 4616 ἁμαρτιῶν
2627 4561 2640 4612 ;
2673 4543 2751 4601 Οὐ
2803 4540 3071 4614 δήπουθεν
3122 4544 3225 4619 γὰρ
3278 4541 3401 4598 οὔτε
3452 4543 3759 4617 μεταμεμέ-

334 4621 743 4703 intulit,Deum
779 4649 1040 4705 unquam
1071 4631 1332 4703 poenitet,
1356 4647 1544 4701 neque
1578 4630 1857 4687 beneﬁcia
1885 4651 1958 4688 no

2128 4652 2264 4703 artat
2320 4633 2347 4685 ὁ
2405 4630 2557 4698 Θεὸς,
2613 4631 2694 4708 ἐφ’
2745 4635 2826 4695 οἷς
2875 4636 3022 4705 ἡμᾶς
3065 4634 3418 4709 παρήγαγεν,
3469 4629 3599 4688 οὐδὲ
3650 4634 3759 4705 μὴν

336 4730 426 4784 bis
455 4727 715 4783 conferre
747 4719 1134 4779 obliviscitur.
1170 4717 1517 4772 Existimare
1573 4725 1770 4774 autem
1833 4736 1967 4791 quat

2126 4719 2379 4790 ηξελάθετο
2425 4725 2523 4775 τοῦ
2573 4720 2887 4796 εὐεργετεῖν.
2932 4720 3131 4777 Γελοῖα
3179 4719 3237 4777 δὲ
3282 4721 3370 4776 καὶ
3402 4721 3464 4775 τὸ
3515 4723 3757 4791 ὑπονοῆ-

331 4818 756 4874 elementorum
818 4823 1115 4866 connexus
1169 4806 1520 4860 immutatus
1552 4807 1648 4872 sit,
1696 4814 1752 4862 et
1782 4814 1962 4864 natur,

2128 4830 2211 4878 ἀι,
2243 4809 2318 4871 ὡς
2349 4810 2376 4863 ὁ
2425 4811 2768 4885 στοιχειακὸς
2816 4810 3006 4886 εἱρμὸς
3059 4809 3414 4883 ἐνήλλακται,
3456 4810 3759 4882 ἀτονούσης

331 4905 493 4961 velut
523 4903 688 4958 senia
731 4899 1003 4954 hebetata
1031 4895 1149 4963 iam
1181 4893 1405 4947 viribus
1433 4900 1646 4963 careat,
1674 4895 1962 4952 ridiculun

2128 4905 2202 4968 ῆς
2260 4897 2468 4976 φύσεως
2521 4897 2595 4959 ὡς
2657 4899 2772 4952 οἷον
2823 4899 3207 4975 γεγηρακυίας,
3260 4899 3363 4956 Καὶ
3423 4900 3488 4953 τὸ
3557 4896 3759 4975 δεῖγμκ

335 4997 502 5052 foret.
536 4993 666 5048 Jam
701 4983 1122 5043 demonstratio
1153 4984 1280 5052 ejus
1311 4983 1467 5053 quod
1500 4984 1778 5052 diximus,
1812 5003 1966 5058 propi

2126 4993 2197 5042 τοῦ
2257 4987 2430 5062 λόγου
2487 4986 2645 5064 ἐγγὺς
2681 5031 2694 5055 ,
2748 4985 2838 5043 τίνα
2897 4989 2974 5062 μή
3024 4987 3587 5064 πραγματευοίμεθα,
3640 4994 3757 5050 τοῖς

332 5086 517 5150 adest,
553 5085 616 5134 ut
651 5091 837 5148 neque
869 5071 1107 5128 remotis
1134 5072 1537 5140 immorantes,
1573 5090 1759 5145 neque
1796 5076 1951 5131 aliun

2123 5077 2294 5153 τόῤῥω
2353 5073 2826 5152 ἐνδιατρίϐοντες,
2886 5079 2921 5148 ἢ
2976 5079 3066 5132 καὶ
3126 5077 3314 5142 ἄλλως
3359 5075 3754 5137 ἀποδεικτικῶς

335 5175 407 5230 de
439 5170 791 5244 argumenta
821 5162 1235 5233 conquirentes
1267 5178 1541 5234 magnam
1576 5180 1814 5234 operam
1875 5166 1966 5220 imi

2116 5165 2482 5238 πονούμενοι.
2537 5165 2892 5242 Ἑσπείραμέν
2972 5188 3114 5229 τινες
3169 5168 3391 5244 πέρυσιν
3478 5164 3586 5221 ὦδέ
3649 5185 3747 5218 που

334 5262 589 5335 pendere
609 5271 758 5327 opus
781 5253 1123 5308 habeamus.
1139 5252 1521 5306 Consevimus
1547 5253 1816 5308 nonnulli
1839 5271 1965 5309 anni

2113 5257 2191 5311 tati
2223 5253 2352 5325 ὧδε,
2413 5255 2760 5331 πειράζοντες
2815 5255 2959 5312 οὕτω
2993 5258 3093 5327 τήν
3141 5263 3266 5330 γῆν.
3308 5257 3371 5312 Ἡ
3413 5253 3472 5310 δὲ
3509 5254 3615 5309 ἐκεῖ
3652 5251 3744 5324 μὲν

331 5347 704 5423 ριιωιθῐιξιρδο
728 5343 821 5399 hic
844 5347 903 5398 et
923 5340 1042 5395 illic
1065 5357 1270 5412 agrum
1296 5345 1362 5394 ut
1385 5341 1614 5396 telluris
1637 5344 1962 5413 experimen

2119 5342 2417 5400 ἰποδέδωκε
2456 5344 2517 5397 τὸ
2571 5343 2823 5418 ἀρχαῖον,
2865 5345 2956 5399 καὶ
2994 5346 3047 5398 τὶ
3085 5344 3243 5420 πρός·
3288 5343 3505 5420 ἐτὲρωθι
3559 5339 3616 5394 δὲ
3673 5339 3750 5402 εἰς

334 5445 462 5494 tum
512 5438 858 5491 faceremus.
918 5431 988 5484 Et
1045 5429 1198 5484 alius
1245 5428 1483 5498 quidem
1542 5446 1681 5500 ager
1739 5432 1963 5487 reddidi

2128 5433 2391 5490 ἰιπλάσιον
2453 5433 2733 5508 παρέτεινε
2787 5434 2878 5488 τὸν
2940 5435 3169 5509 καρπὸν,
3233 5431 3488 5509 ἀλλαχοῦ
3553 5427 3611 5485 δὲ
3665 5428 3759 5484 καὶ

336 5531 682 5582 consuetum
714 5525 1060 5594 proventum
1100 5524 1158 5574 et
1213 5517 1436 5588 aliquid
1497 5517 1778 5591 insuper;
1841 5522 1967 5578 aliu

2134 5522 2180 5584 ἷς
2221 5522 2413 5577 πλεῖον
2467 5518 2925 5598 ἐφιλοτιμήσατο,
2965 5523 3054 5576 καὶ
3097 5522 3205 5597 οὐχ
3243 5521 3458 5593 ἁπλῶς,
3499 5518 3648 5575 ἀλλὰ
3687 5518 3763 5577 εἷς

337 5618 537 5684 fruges
589 5609 939 5684 duplicavit;
998 5607 1208 5662 tertius
1249 5604 1380 5676 plus
1410 5605 1589 5677 dedit,
1624 5624 1814 5680 neque
1847 5612 1968 5666 sim.

2131 5611 2246 5666 πολὺ
2286 5611 2474 5666 πλέον.
2519 5611 2737 5686 Ἔμοιγ’
2777 5611 2868 5666 οὖν
2906 5609 3098 5686 γήδιόν
3139 5633 3191 5665 τι
3255 5610 3433 5686 βραχὺ
3479 5606 3762 5683 μεδίμνων

336 5699 590 5776 pliciter,
615 5701 713 5757 sed
749 5697 998 5756 nimium
1032 5699 1318 5768 quantum
1351 5695 1614 5766 protulit.
1643 5697 1782 5754 Mihi
1815 5699 1958 5774 igitu

2138 5705 2268 5775 ριῶν
2322 5696 2695 5757 ἀνταπὲδωκεν
2751 5701 2830 5763 είς
2886 5702 3144 5775 ἐξήκοντα
3199 5702 3316 5764 ἐνὸς
3375 5697 3610 5760 δέοντος.
3653 5697 3764 5755 Καὶ
