4130 6376
389 481 509 540 553
1371 472 1675 536 ORATIO
1717 471 1932 534 ANNO
1974 471 2068 533 ΑΕ

2184 471 2474 534 ICANDO
2519 471 2832 534 ΗΑΒῙΤΑ.
3692 477 3816 538 554

385 614 460 684 ἦν
488 610 582 667 καὶ
630 611 666 681 ἢ
724 616 794 687 γῆ
857 606 1036 680 ἐκείνη
1088 605 1581 681 καταπεπονημένη
1643 608 1868 683 συχνοῖς
1923 603 2052 681 ἀρό-

2182 623 2380 678 parvus
2436 623 2575 680 ager
2615 607 2798 663 trium
2861 607 3191 664 modiorum
3237 609 3507 665 retribuit
3555 611 3819 683 sexagies

390 723 543 778 τροις
596 700 689 756 καὶ
745 703 1134 775 κατασποραῖς·
1174 698 1239 753 οὗ
1303 698 1412 771 μὴν
1466 695 1762 770 ἀκάματος.
1794 693 1904 750 Οὐκ
1955 692 2060 767 ἄρα

2182 697 2366 752 minus
2397 713 2538 752 uno.
2570 698 2708 752 Erat
2739 700 2935 753 autem
2967 713 3108 769 ager
3137 697 3236 754 ille
3265 698 3552 771 frequenti
3602 702 3820 757 oratio-

386 795 424 863 ἡ
463 791 583 846 καθ’
629 791 780 862 ἡμᾶς
817 791 890 864 γῆ
944 785 1033 842 διὰ
1076 790 1266 863 γῆρας
1327 785 1741 860 ἆπεστείρωται,
1785 784 1820 853 ἢ
1868 780 2056 845 ἄλλως

2182 802 2241 840 ειο
2298 790 2658 858 praeparatus
2715 790 2773 842 et
2829 788 2976 842 bene
3021 787 3368 856 seminatus,
3404 792 3671 854 quamvis
3703 807 3820 847 non

388 883 732 957 πεπήρωται,
767 877 912 934 ἀλλὰ
940 881 1128 954 γεννᾷν
1171 871 1388 952 ἔχουσα
1424 875 1514 930 καὶ
1561 873 1704 929 καλὰ
1741 872 1829 928 καὶ
1869 869 2058 927 πολλὰ

394 971 723 1047 γεννήματα,
767 965 990 1042 στερίφη
1034 968 1348 1022 καθίσταται
1399 963 1489 1020 διὰ
1535 964 1598 1019 τὸ
1657 963 1709 1017 ἐν
1769 965 1903 1035 ἡμῖν
1964 983 2058 1016 πε-

399 1061 716 1137 ριπόνηρον.
774 1057 852 1115 Οὐ
900 1059 1380 1133 καρπογονοῦμεν,
1429 1052 1577 1110 ἀλλὰ
1653 1052 2053 1130 ἆκανθοφοροῦ-

404 1171 518 1224 μεν.
560 1147 675 1206 Οὐκ
717 1146 1083 1222 ἀνασχίζομεν
1139 1145 1239 1213 τὴν
1279 1143 1464 1218 ψυχὴν
1522 1137 1881 1211 συνειδήσεων
1931 1139 2057 1213 ἀρό-

395 1260 564 1317 τροις,
615 1233 740 1293 οὔτε
805 1231 886 1298 εἵς
940 1256 991 1291 τι
1055 1234 1242 1309 βάθος,
1290 1231 1419 1289 ἀλλ’
1474 1228 1604 1287 οὐδὲ
1653 1227 1705 1301 ἐξ
1758 1226 2051 1297 ἐπιπολῆς.

397 1330 521 1388 Ilth
581 1325 698 1396 οὖν,
756 1322 812 1380 εἷ’
859 1346 911 1380 τι
973 1324 1063 1380 καὶ
1118 1319 1445 1401 σπεροῦμεν,
1503 1321 1823 1390 σαπήσεται,
1885 1318 1958 1380 ὡς
2015 1318 2050 1388 ἡ

393 1419 553 1494 φύσις
613 1413 727 1472 οἶδε
783 1417 975 1486 σήπειν
1030 1413 1100 1470 τὰ
1167 1411 1410 1488 ζωογόνα
1462 1408 1763 1484 σπέρματα,
1795 1406 1886 1463 καὶ
1927 1407 2055 1462 ἀνα-

393 1507 652 1578 θηλήσει,
705 1505 797 1560 καὶ
867 1503 1074 1580 καρπὸν
1154 1502 1454 1578 προενέγκῃ
1509 1497 1694 1574 ἁδρὸν,
1756 1495 1826 1551 δι’
1885 1497 2049 1570 οὗπερ

392 1594 506 1654 ἔστι
560 1595 886 1674 τρέφεσθαι;
942 1590 1325 1664 Συστέλλομεν
1410 1593 1576 1662 ἡμεῖς
1644 1587 1711 1643 τὰ
1781 1586 1860 1664 ἐφ’
1917 1588 2051 1658 ἡμῖν

393 1687 593 1762 ἀγαθὰ,
643 1685 734 1740 καὶ
777 1681 1113 1758 ἀποκρύπτει
1170 1682 1260 1736 καὶ
1338 1682 1373 1749 ἡ
1422 1682 1494 1755 γῆ
1549 1677 1615 1732 τὰ
1671 1674 1804 1733 ῒδια.
1852 1675 2052 1744 Παίζο-

397 1798 514 1851 μεν,
548 1775 629 1854 ἐφ’
662 1775 743 1830 οἷς
775 1773 838 1828 οὐ
879 1773 1016 1849 χρὴ,
1049 1770 1139 1826 καὶ
1196 1771 1480 1845 πάσχομεν
1552 1765 1719 1838 δεινὰ,
1773 1763 1894 1854 οὒκ,
1929 1765 2050 1820 ἀντ-

393 1867 513 1938 άξια
572 1852 692 1938 μὲν,
769 1863 850 1940 ἐφ’
909 1863 1206 1916 ὁποσονοῦν
1263 1856 1321 1914 δὲ
1374 1857 1550 1930 ὅμως.
1601 1856 1673 1911 Οὖ
1731 1852 2050 1930 προσδοκῶ-

398 1976 516 2031 μεν,
566 1951 691 2009 ἔνθα
760 1952 874 2028 χρὴ
923 1946 1250 2056 προσδοκᾷν.
1308 1944 1522 2004 Οὐκοῦν
1597 1942 1727 2057 οὐδὲ
1787 1945 2046 2054 ἡὶτροιρή
2086 1991 2134 2057 Β

397 2043 605 2102 δίδοται
661 2045 798 2115 ἡμῖν
872 2040 951 2102 είς
1028 2035 1298 2114 εὔκαιρον.
1355 2038 1608 2110 Ἥνοιγεν
1677 2036 1704 2089 ὁ
1763 2034 1890 2096 Θεὸς
1953 2034 2054 2102 τὴν

397 2139 561 2212 χεῖρα
616 2132 805 2199 αὐτοῦ,
839 2130 929 2185 καὶ
988 2128 1055 2198 ἦν
1110 2124 1406 2201 ἰμπιπλῶν
1461 2130 1567 2180 πᾶν
1617 2129 1754 2194 ζῶον
1785 2121 2056 2185 εὐδοκίας.

401 2229 508 2281 Νῦν
561 2220 618 2278 δὶ
677 2219 1000 2297 εὐχοίμεθα,
1054 2219 1128 2292 μή
1193 2238 1349 2286 ποτε,
1409 2214 1840 2292 ἀποστρέφοντος
1895 2212 2060 2267 αὐτοῦ

402 2313 466 2368 τὸ
528 2311 843 2388 πρόσωπον,
905 2306 1286 2380 δικαιωθῶμεν
1365 2305 1577 2372 παθεῖν,
1653 2301 1755 2358 ὅσα
1826 2303 1902 2376 μὴ
1991 2298 2062 2356 δι’

415 2401 588 2477 εὐχῆς
638 2401 798 2474 ἡμῖν.
851 2395 1102 2452 Φαίνεται
1175 2396 1419 2470 συνέχειν
1469 2396 1606 2466 ἡμῖν
1666 2392 1695 2447 ὁ
1753 2391 1884 2454 Θεὸς
1935 2390 2064 2454 τοὺς

411 2488 732 2564 οἴκτιρμοὺς
792 2486 959 2543 αὐτοῦ
1015 2485 1070 2541 ἐν
1130 2484 1272 2562 ἀργῇ
1324 2482 1506 2540 αὐτοῦ·
1539 2481 1629 2537 καὶ
1676 2479 1760 2544 τίς
1815 2483 1852 2552 ἡ
1921 2481 2060 2558 ὀργῆ

409 2578 576 2636 αὐτοῦ
602 2580 616 2636 l

476 2758 584 2834 κβο,
636 2753 865 2835 Ἀφίημι
927 2753 1176 2815 ὶκάστοις
1232 2747 1552 2824 ἐννοεῖσθαι,
1609 2748 1700 2804 καὶ
1759 2749 2066 2824 ἀνερευνῷν

409 2846 500 2904 καὶ
538 2845 1020 2920 πολυπραγμονεῖν
1075 2840 1209 2916 μετὰ
1251 2839 1531 2901 συνέσεως.
1561 2836 1629 2895 Εἴ
1686 2835 1744 2894 δέ
1807 2858 1888 2899 τις
1945 2837 2068 2892 ἑαυ-

413 2937 504 2992 τὸν
557 2932 892 2991 δικαιοῦσθαι
932 2929 1132 2988 ἐθέλων
1188 2926 1335 2985 εἷ’ποι
1389 2925 1558 3002 μηδὲν
1618 2924 1814 2982 εἰδέναι
1871 2931 2068 2998 ποιεῖν,

417 3021 488 3080 δι’
531 3022 693 3099 οὗπερ
750 3021 1140 3098 παροργίζεται
1191 3018 1220 3073 ὁ
1267 3017 1416 3086 Θεὸς,
1464 3013 1782 3093 παρελθέτω
1835 3014 1913 3077 εἰς
1975 3014 2070 3088 μέ-

413 3135 526 3171 σον.
579 3114 684 3171 Καὶ
757 3111 868 3186 έγὼ
930 3110 1050 3185 μὲν,
1099 3108 1186 3164 έὰν
1247 3106 1392 3162 οὕτω
1445 3105 1616 3181 τύχῃ,
1675 3104 1776 3160 οὐκ
1826 3103 1883 3159 ἂν
1946 3100 2072 3159 οὔτε

413 3202 614 3276 εἰδείην
677 3202 770 3260 τὸν
858 3198 1166 3276 ἄνθρωπον,
1225 3193 1350 3253 οὔτε
1421 3194 1766 3272 γινώσκοιμι,
1832 3195 1886 3250 τί
1940 3214 2074 3249 ποτε

415 3292 597 3349 πταίει
650 3291 838 3352 αὐτός·
870 3287 1142 3344 πτοείσθω
1200 3283 1258 3342 δὲ
1310 3285 1536 3355 ἐκεῖνος,
1573 3286 1647 3359 μή
1701 3285 1834 3340 ποτέ
1877 3304 1963 3345 τις
1994 3281 2071 3338 εἲ-

2166 874 2518 931 indefessus.
2551 875 2920 948 Haudigitur
2957 880 3246 932 vetustate
3283 877 3500 934 sterilis
3552 880 3704 935 facta
3733 884 3824 936 est

2164 969 2322 1020 terra
2355 969 2553 1021 nostra
2599 971 2701 1020 aut
2730 965 2844 1021 alio
2894 966 3066 1022 modo
3097 966 3418 1039 inﬁrmata,
3468 969 3570 1024 sed
3598 985 3731 1025 cum
3763 973 3822 1026 et

2165 1053 2442 1126 pulchros
2492 1059 2550 1110 et
2598 1054 2818 1112 multos
2875 1055 3102 1112 fructus
3161 1057 3421 1129 proferre
3476 1057 3684 1127 valeat,
3716 1074 3822 1131 per

2165 1146 2427 1198 nostram
2479 1142 2766 1199 malitiam
2824 1144 2897 1200 ad
2939 1143 3302 1202 sterilitatem
3362 1147 3670 1222 redigitur.
3701 1149 3820 1206 Nos

2163 1248 2280 1287 non
2305 1233 2662 1301 fructus,sed
2686 1234 2889 1307 spinas
2908 1236 3486 1310 proferimus.Neque
3507 1239 3818 1311 profunde,

2164 1337 2356 1393 neque
2369 1323 2821 1394 superficialiter
2841 1324 3210 1382 conscientiae
3225 1331 3417 1383 aratro
3431 1327 3694 1384 animam
3717 1329 3824 1383 fin-

2163 1411 2378 1467 dimus.
2413 1411 2712 1475 Quomodo
2749 1412 2950 1484 igitur,
2984 1413 3215 1470 etiamsi
3249 1415 3391 1486 quid
3445 1417 3825 1473 seminaveri~

2164 1503 3148 1573 mus,putrescet,quemadmodum
3163 1506 3443 1560 naturain
3459 1506 3827 1577 putredinem

2163 1589 2324 1645 abire
2354 1590 2491 1646 facit
2523 1591 2770 1660 semina,
2803 1597 2859 1646 et
2899 1592 3222 1649 efﬂorescet
3251 1598 3309 1649 et
3339 1598 3543 1666 aptum
3578 1596 3829 1667 proferet

2163 1679 2417 1734 fructum
2439 1697 2553 1751 quo
2581 1679 2755 1735 homo
2777 1680 2988 1735 nutriri
3012 1683 3230 1752 possit?
3250 1683 3687 1741 Abscondimus
3717 1699 3828 1742 nos

2163 1773 2364 1824 nostra
2393 1770 2568 1836 bona,
2599 1775 2655 1824 et
2685 1786 2792 1825 sua
2821 1787 3056 1842 quoque
3089 1776 3245 1828 terra
3276 1773 3606 1829 abscondit.
3638 1775 3819 1831 Ludi-

2164 1875 2297 1913 mus
2329 1857 2389 1913 in
2436 1858 2652 1930 quibus
2701 1877 2816 1915 non
2868 1861 3050 1929 decet,
3085 1866 3143 1916 et
3194 1861 3348 1918 mala
3397 1863 3678 1934 patimur,
3708 1882 3826 1921 non

2164 1963 2422 2019 congrua
2451 1947 2711 2019 quidem,
2746 1949 2848 2004 sed
2877 1956 3069 2005 tamen
3109 1949 3308 2022 aliquo
3342 1953 3538 2006 modo.
3570 1953 3697 2008 Non
3729 1969 3830 2009 ex-

2169 2041 2530 2107 spectamus,
2583 2036 2683 2092 ubi
2727 2041 2956 2107 oportet
3001 2043 3357 2108 exspectare.
3410 2041 3612 2112 Itaque
3661 2042 3829 2098 nobis

2171 2141 2276 2180 nec
2308 2125 2657 2181 alimentum
2688 2131 3019 2198 opportuno
3070 2131 3333 2200 tempore
3364 2129 3555 2186 datur.
3593 2131 3832 2202 Aperuit

2170 2220 2324 2270 Deus
2344 2231 2586 2270 manum
2609 2232 2778 2271 suam
2795 2215 3070 2272 utomnia
3090 2217 3413 2274 animantia
3427 2219 3832 2276 benedictione

2173 2303 2460 2376 impleret.
2494 2304 2662 2360 Nunc
2693 2309 2888 2361 autem
2939 2322 3259 2378 precemur,
3293 2323 3366 2363 ne
3398 2325 3684 2380 unquam,
3716 2310 3833 2366 Deo

2175 2393 2399 2450 vultum
2431 2411 2608 2450 suum
2635 2399 2952 2467 avertente,
2976 2397 3047 2452 ad
3078 2412 3147 2452 ea
3176 2396 3452 2468 patienda
3481 2399 3836 2455 condemne-

2174 2499 2328 2551 mur,
2388 2499 2518 2554 quaa
2570 2499 2687 2538 non
2739 2485 2812 2540 ab
2859 2501 2926 2540 eo
2979 2484 3309 2557 petivimus.
3372 2487 3836 2544 Misericordiam

2175 2588 2347 2630 suam
2395 2575 2550 2630 Deus
2579 2573 2851 2631 cohibere
2879 2573 3113 2630 videtur
3163 2574 3223 2631 in
3254 2575 3344 2632 ira
3372 2593 3516 2646 sua;
3551 2581 3609 2633 et
3646 2577 3838 2650 qualis

2176 2662 2299 2720 hac
2327 2661 2416 2718 ira
2442 2661 2455 2717 l

2246 2752 2337 2808 22.
2371 2749 2590 2807 Omitto
2637 2750 2874 2824 singula
2923 2752 3259 2810 examinare
3289 2757 3347 2810 et
3397 2754 3750 2830 investigare
3782 2760 3840 2813 et

2178 2840 2408 2896 curiose
2437 2841 2880 2912 perscrutari.Si
2910 2841 3044 2913 quis
3074 2847 3271 2900 autem
3305 2849 3492 2900 semet
3515 2845 3713 2917 ipsum
3737 2848 3837 2918 ju-

2179 2929 2436 2986 stiﬁcare
2463 2928 2667 2986 volens
2716 2929 2946 3001 dixerit,
2980 2946 3041 2987 se
3073 2931 3219 2987 nihil
3269 2933 3457 2989 facere
3508 2934 3656 2990 scire
3706 2935 3837 3007 qui-

2177 3018 2292 3074 bus
2323 3023 2474 3073 Deus
2505 3018 2576 3073 ad
2609 3019 2756 3074 irato
2788 3027 3154 3090 provocatur,
3185 3021 3246 3076 in
3279 3020 3539 3077 medium
3572 3024 3832 3094 prodeat.

2181 3109 2342 3174 Quod
2374 3107 2425 3163 si
2456 3122 2657 3164 revera
2682 3108 3004 3181 contingat,
3038 3124 3146 3180 ego
3179 3110 3418 3182 quidem
3452 3112 3701 3168 fortasse
3732 3128 3838 3168 nec

2181 3195 2482 3252 hominem
2510 3196 2692 3252 istum
2724 3197 2858 3252 novi
2890 3214 3080 3271 neque
3110 3199 3252 3268 scio,
3287 3199 3337 3255 si
3369 3217 3487 3272 qua
3516 3201 3576 3256 in
3609 3215 3669 3257 re
3701 3218 3834 3274 peo-

2181 3287 2417 3356 caverit,
2449 3292 2718 3344 vereatur
2747 3291 2944 3344 autem
2999 3289 3096 3346 ille
3127 3307 3200 3346 ne
3229 3290 3384 3363 quis,
3417 3307 3550 3346 eum
3591 3293 3838 3365 ejusque

415 3381 525 3446 δὼς
555 3382 720 3439 αὐτὸν
768 3378 860 3436 καὶ
908 3378 1010 3448 τήν
1054 3378 1222 3433 αὐτοῦ
1261 3375 1542 3432 πολιτείαν
1575 3371 1860 3450 ἐκπηδήσῃ
1911 3373 2068 3449 ἐλέγ-

2183 3393 2376 3433 mores
2406 3393 2785 3450 cognoscens,
2832 3377 3100 3449 prosiliat
3129 3395 3384 3452 eumque
3413 3386 3695 3454 coarguat
3721 3399 3839 3438 non

416 3474 521 3546 ξων
557 3471 764 3528 ἐκεῖνον
825 3470 902 3543 μὴ
962 3463 1086 3523 ὄντα
1139 3464 1344 3522 δίκαιον
1400 3465 1538 3521 κατὰ
1590 3465 1690 3534 τὴν
1747 3463 1914 3520 αὐτοῦ
1953 3458 2074 3534 οἱή-

415 3583 522 3637 σιν,
570 3559 700 3617 ἀλλ’
746 3555 1113 3637 ἐποφείλοντα
1155 3554 1250 3611 καὶ
1300 3553 1514 3617 ποινάς.
1561 3555 1701 3631 Ἐγὼ
1758 3551 1850 3608 οῦν
1908 3551 2072 3614 αὐτὸς

419 3644 801 3725 ὑπολαμϐάνω
875 3645 1066 3702 αὐτίκα
1137 3649 1229 3700 νῦν
1280 3644 1630 3722 ἁμαρτάνειν,
1691 3640 1773 3698 ὅτι
1825 3639 2073 3704 πολλοὺς

414 3737 608 3815 οίόμαι
664 3740 966 3813 καταγελᾷν
1030 3756 1134 3810 μου
1184 3740 1287 3804 τῆς
1341 3730 1715 3803 διδασκαλίας,
1765 3730 1816 3786 εἷ’
1877 3729 2069 3805 μηδενὶ

413 3830 674 3887 πλουτῶν
704 3828 920 3904 ἀγαθῷ,
951 3825 1063 3882 εἶτα
1093 3821 1335 3880 διδάσκω
1365 3821 1598 3898 ἑτέρους.

484 3938 584 4013 κγ’.
621 3935 722 3993 Καὶ
757 3931 867 3989 εἷ’θε
917 3933 1014 4006 μὶν
1046 3932 1121 4007 μὴ
1149 3930 1322 3992 οὕτως
1351 3927 1474 4006 ἔχοι
1520 3931 1712 3986 τοῦτοί
1774 3925 1915 3987 Οὖδὶ
1967 3928 2071 4005 γὰρ

421 4027 536 4102 χρὴ
567 4023 733 4100 ὀρθοῦ
779 4019 1112 4078 διδασκάλου
1163 4019 1280 4096 βίον
1328 4019 1774 4096 περιεργάζεσθαι
1831 4017 1959 4080 τούς
2014 4038 2075 4072 τε

419 4115 686 4190 μαθητὰς.
733 4111 880 4168 ἀλλὰ
923 4112 986 4166 τὸ
1037 4107 1426 4181 διδασκόμενον
1487 4107 1934 4178 ἐπισκήπτεσθαι,
1981 4107 2070 4162 καὶ

419 4205 536 4262 κατ’
595 4202 726 4259 αὐτὸ
779 4205 979 4270 ποιεῖν,
1025 4195 1176 4271 εἷίπερ
1235 4197 1371 4271 ὀρθὰ
1435 4195 1675 4252 διδάσκει
1741 4195 1832 4251 καὶ
1889 4195 2073 4251 ἀνεπι-

419 4293 622 4370 σφαλῆ.
658 4290 810 4355 Τέως
868 4311 928 4365 γε
991 4289 1096 4362 μὴν
1152 4284 1403 4357 ἐπιδείξω
1459 4285 1549 4340 καὶ
1609 4283 1883 4354 δακτύλω,
1915 4284 1967 4340 εἷ’
2013 4307 2075 4360 γε

421 4382 706 4460 βούλεσθε,
737 4383 932 4436 τοῦτον
984 4378 1074 4432 καὶ
1126 4375 1312 4452 ἕτερον
1365 4376 1454 4431 καὶ
1519 4374 1721 4430 ἰκεῖνον
1777 4376 1863 4430 καὶ
1900 4373 2072 4431 ἄλλον

422 4472 816 4546 μωκωμένους,
873 4468 920 4524 εἰ
975 4466 1063 4523 καὶ
1121 4467 1186 4522 τὸ
1235 4465 1416 4538 στόμα
1491 4465 1630 4520 κατὰ
1693 4465 1788 4520 τὸν
1858 4464 2077 4520 εἰπόντα

420 4559 737 4628 ὑπίλλουσι,
790 4559 877 4614 καὶ
960 4555 1382 4630 μυκτηρίζοντας
1437 4555 1528 4610 καὶ
1585 4554 1907 4632 στρέφοντας
1971 4555 2075 4610 ὑπὸ

414 4656 533 4714 τοῖς
590 4646 775 4705 ὀδοῦσι
831 4645 924 4702 τό·
971 4669 1000 4698 ‹‹
1049 4645 1110 4700 Τί
1169 4643 1404 4722 φλυαρεῖ
1459 4645 1487 4698 ὁ
1549 4644 1713 4720 μέγας
1771 4648 1996 4712 παπᾶς;
2043 4666 2073 4695 ››

2182 3465 2398 3538 solum,
2429 3466 2566 3522 licet
2593 3466 2720 3536 ipse
2769 3467 3062 3540 opinetur,
3097 3486 3211 3526 non
3236 3471 3494 3541 justum,
3528 3471 3629 3527 sed
3662 3471 3840 3528 etiam

2183 3556 2284 3628 qui
2315 3572 2487 3628 pcena
2515 3556 2731 3629 dignus
2762 3556 2858 3613 sit.
2893 3557 3056 3622 Quod
3089 3562 3287 3614 autem
3336 3561 3408 3615 ad
3466 3576 3560 3616 me
3608 3561 3836 3632 attinet,

2184 3646 2310 3718 ipse
2340 3663 2496 3702 nunc
2546 3662 2786 3718 peccare
2837 3647 2983 3702 mihi
3032 3647 3254 3717 videor,
3288 3649 3429 3721 quia
3472 3649 3648 3705 multi
3694 3666 3841 3708 metu

2182 3734 2459 3791 doctrina:
2490 3735 3142 3808 irridebunt,siquidem
3174 3753 3300 3810 ego,
3336 3739 3496 3796 nullo
3527 3740 3838 3797 abundans

2182 3823 2358 3893 bono,
2390 3827 2588 3879 tamen
2619 3824 2767 3881 alios
2795 3826 3061 3882 doceam.

2251 3930 2342 3986 23.
2403 3929 2639 3986 Utinam
2697 3930 2820 3986 haec
2875 3947 2992 3986 non
3039 3932 3123 3988 ita
3169 3949 3233 3989 se
3282 3932 3568 3991 habeant!
3633 3935 3836 4008 Neque

2183 4019 2340 4075 enim
2369 4019 2507 4075 boni
2540 4019 2808 4091 magistri
2855 4020 3034 4076 vitam
3087 4021 3314 4078 curiose
3346 4025 3699 4094 perscrutari
3731 4027 3832 4081 de-

2182 4109 2324 4164 bent
2351 4108 2648 4180 discipuli,
2677 4109 2778 4164 sed
2811 4109 3005 4180 potius
3035 4111 3360 4167 doctrinam
3392 4113 3589 4169 animo
3620 4131 3837 4186 expen-

2181 4198 2318 4252 dere
2349 4201 2406 4252 et
2433 4199 2758 4253 secundum
2790 4213 2921 4253 eam
2953 4215 3144 4270 agere,
3175 4201 3225 4255 si
3269 4201 3551 4257 nimirum
3583 4208 3740 4258 recte
3769 4221 3836 4260 ac

2183 4287 2332 4344 bene
2383 4287 2568 4341 docet.
2601 4286 2734 4343 Jam
2782 4303 2936 4355 vero,
2971 4289 3020 4344 si
3051 4288 3247 4356 vultis,
3281 4289 3461 4361 digito
3510 4295 3839 4348 monstrare

2186 4392 2428 4448 possum
2460 4375 2617 4430 hunc
2649 4380 2706 4431 et
2733 4375 2902 4431 illum
2935 4377 3035 4448 qui
3067 4379 3212 4433 mihi
3244 4379 3840 4453 illudunt,quamvis,

2185 4466 2269 4520 uti
2302 4465 2537 4532 dicitur,
2568 4464 2784 4536 linguis
2816 4466 3068 4534 faveant,
3102 4467 3203 4538 qui
3256 4468 3504 4525 irrident
3535 4477 3709 4544 atque
3751 4472 3840 4527 in-

2184 4560 2273 4610 ter
2301 4556 2505 4610 dentes
2551 4559 2790 4612 versant
2817 4555 2965 4612 illud
2998 4575 3010 4613 :
3049 4577 3077 4607 «
3108 4558 3256 4623 Quid
3291 4564 3550 4632 nugatur
3589 4577 3843 4634 magnus

2187 4644 2492 4717 pontifex?
2541 4666 2569 4696 n
2624 4645 2830 4700 Rideto
2878 4647 3076 4712 modo,
3128 4663 3160 4702 ο
3206 4648 3431 4718 miseri,
3475 4649 3738 4717 irridete,
3787 4654 3846 4708 et

418 4741 543 4808 Ναὶ,
593 4738 678 4793 ναὶ
728 4736 817 4792 καὶ
878 4734 1094 4811 γελᾶτε,
1127 4731 1172 4788 ὦ
1229 4734 1404 4805 οὗτοι,
1456 4733 1544 4788 καὶ
1605 4731 1961 4808 καταγελᾶτε,
1994 4753 2064 4788 κα

2195 4733 2498 4806 indulgete
2524 4733 2892 4802 ludibriis,et
2920 4736 3188 4792 obturate
3218 4754 3411 4805 aures,
3443 4743 3502 4795 et
3529 4739 3752 4812 pergite
3781 4740 3844 4796 in

421 4828 716 4899 σκώπτετε,
764 4824 856 4880 καὶ
919 4822 1075 4900 βύετε
1124 4824 1219 4885 τὰς
1296 4823 1480 4895 ἀκοὰς,
1529 4822 1620 4877 καί
1695 4821 1933 4892 ἰξανύετε
1985 4822 2077 4877 τὸν

420 4919 629 4990 συνήθη
684 4914 1005 4990 περίπατον,
1057 4912 1122 4968 οὗ
1159 4912 1222 4968 τὸ
1273 4910 1436 4977 τέλος
1488 4912 1739 4987 κρημνὸς
1799 4912 1828 4967 ὁ
1882 4911 1936 4976 ἐς
1984 4911 2080 4967 κό-

428 5026 613 5084 ρακας.

491 5111 592 5169 κδ’.
644 5110 1074 5185 Ἀναμιμνήσκω
1131 5105 1298 5164 πάλιν
1352 5107 1476 5183 περὶ
1532 5115 1634 5179 τῆς
1692 5105 1742 5164 ἐν
1797 5110 1934 5182 ἡμῖν
1999 5105 2080 5164 δι..

419 5202 696 5278 γλωττίας
752 5199 822 5256 δι’
874 5201 936 5269 ἣν
997 5201 1360 5262 συναντῶντες
1418 5195 1717 5269 ἀλλήλοις,
1777 5193 2078 5273 ἔμπροσθεν

424 5294 517 5367 μὲν
603 5289 1127 5366 καλιρῤημονοῦμεν
1202 5286 1294 5342 καὶ
1372 5285 1754 5364 εὖπροσήγορα
1845 5287 2084 5366 φθεγγό-

423 5394 584 5457 μεθα,
615 5378 1061 5456 παραλλάξαντες
1104 5375 1164 5433 δέ
1205 5398 1258 5432 τι
1314 5376 1493 5452 βραχὺ
1543 5376 1922 5450 καταπτῦομεν
1980 5375 2081 5432 ἀλ-

417 5471 610 5544 λήλων
674 5465 980 5548 βορϐόρους
1041 5467 1432 5545 βλασφημιῶν.
1481 5469 1542 5520 Τί
1594 5463 1993 5539 εὐκολώτερον,
2037 5469 2083 5522 ὦ

419 5561 695 5638 ἄνθρωπε,
747 5563 847 5616 τοῦ
924 5557 1315 5634 ἀπαλλαγῆναι
1388 5554 1641 5610 τοιούτου
1703 5560 1916 5626 κακῶς
1977 5559 2085 5615 Μι-

418 5656 553 5722 σεῖς,
584 5651 676 5707 καὶ
713 5649 922 5727 βαρέως
966 5642 1117 5724 ἔχεις
1167 5644 1256 5701 έπί
1283 5665 1413 5701 τινι.
1449 5644 1659 5702 Οὐκοῦν
1721 5647 1860 5717 μήτε
1915 5667 2084 5723 προσ-

418 5743 686 5816 κυνήσῃς,
727 5741 867 5816 μήτε
910 5738 972 5794 τὸ
1032 5759 1060 5793 α
1108 5735 1272 5813 χαῖρε
1319 5758 1350 5789 κ
1381 5736 1705 5812 προσείπῃςο
1743 5733 1892 5791 ἀλλὰ
1946 5738 2088 5792 ἀντι-

422 5828 710 5904 παρελθὼν
787 5825 1142 5903 ἀπαλλάγηθι
1222 5829 1320 5882 τοῦ
1371 5822 1587 5902 ἀνδρός.
1644 5826 1968 5903 Κατακόψας
2028 5825 2087 5883 Si

753 5959 1026 6020 ΡΑτιιοι..
1074 5955 1186 6018 Gs.
1232 5955 1526 6019 CXXXV.

2189 4824 2282 4879 via
2310 4827 2588 4880 consueta
2618 4841 2745 4895 quas
2777 4824 3016 4881 tandem
3048 4825 3330 4899 praecipiti
3371 4827 3597 4901 impetu
3625 4829 3686 4886 in
3717 4846 3846 4887 ma-

2187 4913 2306 4970 lam
2338 4929 2463 4969 rem
2492 4929 2596 4969 vos
2627 4913 2898 4969 deducet.

2259 5109 2352 5166 24.
2383 5110 2868 5167 Commemorabo
2899 5110 3073 5167 etiam
3117 5110 3280 5169 illam
3329 5114 3640 5170 verborum
3690 5114 3851 5171 anci-

2191 5200 2373 5273 pitem
2403 5200 2847 5257 simulationem
2877 5217 2995 5272 qua
3025 5202 3093 5257 fit
3123 5207 3208 5273 ut,
3230 5203 3478 5259 invicem
3505 5203 3659 5259 obvii
3689 5204 3851 5276 facti,

2193 5291 2477 5363 speciosis
2499 5290 2696 5346 verbis
2719 5294 2959 5346 utamur
2980 5294 3037 5347 et
3048 5292 3468 5363 gratulationes
3485 5311 3851 5366 promamus,

2192 5379 2501 5452 paululum
2531 5395 2665 5435 vero
2690 5381 3088 5452 praetergressi
3112 5382 3544 5439 calumniarum
3578 5385 3852 5443 sordibus

2191 5469 2440 5525 invicem
2464 5469 2977 5541 polluamus.Quid
3003 5470 3257 5526 facillius
3279 5475 3427 5540 est,o
3451 5472 3648 5542 homo,
3673 5492 3854 5548 quam

2193 5561 2303 5616 hoc
2319 5559 2464 5616 vitio
2490 5560 2769 5616 liberari?
2798 5560 2982 5616 Odisti
3008 5561 3263 5634 aliquem
3287 5564 3458 5636 eique
3485 5565 3636 5623 male
3667 5567 3854 5641 cupis.

2193 5651 2393 5722 Neque
2441 5650 2626 5723 igitur
2675 5650 2918 5719 salutes,
2953 5668 3142 5723 neque
3187 5653 3412 5710 salvere
3463 5672 3596 5712 eum
3621 5658 3856 5729 jubeas,

2193 5741 2298 5796 sed
2351 5755 2487 5796 cum
2535 5739 2588 5795 ei
2636 5740 2916 5806 occurrls,
2979 5746 3272 5798 remotum
3326 5746 3385 5800 te
3425 5747 3645 5803 teneas.
3709 5751 3858 5802 Dum

2197 5834 2398 5886 autem
2444 5829 2531 5885 sic
2583 5830 2807 5886 frustra
2855 5845 2992 5888 eum
3041 5833 3272 5890 salutas
3299 5837 3358 5890 et
3385 5837 3567 5907 caput
3606 5833 3859 5892 inclina:

3462 5961 3539 6021 18
