4130 6386
359 478 484 538 555

1141 475 1562 540 EUSTATHII
1603 469 2386 542 THESSALONICENSIS
2428 470 3014 536 METROPOLITIE

3669 478 3791 540 556

358 613 436 677 et,
468 609 603 666 licet
631 627 766 668 eum
793 612 926 668 odio
954 609 1194 678 habeas,
1227 607 1664 682 gratulabunda.
1699 622 1838 662 voce
1867 604 1994 661 allo!

2126 601 2204 667 εἷς
2257 602 2620 678 προσκύνησιν
2697 604 2842 660 οὕτω
2899 603 3099 678 μάτην,
3143 606 3235 661 καὶ
3299 604 3476 682 χαρὰν
3529 628 3789 687 προσφω-

358 699 576 769 queris,
611 701 882 756 mentiris
929 700 1013 756 uti
1064 716 1177 754 non
1228 702 1473 770 oportet.
1524 698 1800 762 Quaenam
1850 695 2008 751 enim

358 790 681 846 necessitas
704 790 732 845 ?

426 897 518 953 25.
581 897 756 953 Porro
815 896 1168 950 mentionem
1238 894 1500 964 injiciam
1575 891 2010 948 calumniarum

359 985 577 1058 quibus
607 986 741 1057 plus
787 1001 962 1056 quam
1013 982 1360 1039 dulcissimo
1411 981 1581 1038 melle
1629 981 2006 1037 delectamur.

357 1076 534 1140 Quale
577 1075 804 1131 lucrum
855 1074 992 1130 inde
1035 1073 1381 1130 enascitur?
1431 1073 1621 1128 Habes
1675 1089 1779 1127 cur
1827 1072 2008 1126 alium

350 1165 608 1221 incuses.
640 1165 748 1220 Adi
779 1181 935 1230 eum,
967 1164 1228 1234 loquere,
1263 1179 1489 1235 perora,
1511 1167 1567 1218 et
1596 1162 1645 1218 si
1677 1161 2008 1216 convictum

349 1255 718 1326 puniendum
752 1270 976 1322 censes,
999 1254 1165 1308 trade
1188 1268 1322 1306 eum
1353 1251 1463 1324 legi
1491 1256 1553 1306 ut
1575 1269 1752 1321 poenae
1774 1255 2004 1306 statutae

345 1344 736 1413 subjiciatur;
779 1345 830 1398 si
860 1348 923 1398 tu
959 1342 1086 1414 ipse
1117 1343 1469 1414 redargutus
1521 1339 1869 1406 discessisti,
1902 1355 2007 1411 age

343 1432 667 1489 silentium.
699 1431 1124 1488 Calumniando
1148 1431 1302 1486 enim
1331 1429 1478 1484 nihil
1527 1429 1780 1500 perﬁcis,
1815 1435 1867 1483 et
1898 1429 2009 1484 hoc

341 1521 535 1578 solum
568 1521 842 1592 lucraris,
875 1525 943 1576 ut
996 1519 1384 1593 nugatoribus
1419 1517 1785 1574 accensearis
1832 1521 2006 1589 atque

340 1627 555 1668 canum
588 1627 750 1667 more
779 1609 993 1665 latrare
1021 1609 1293 1664 videaris.
1327 1608 1620 1664 Nimirum
1653 1623 1826 1662 canes
1858 1621 2006 1678 quo-

341 1715 478 1771 que,
509 1699 612 1756 ubi
643 1700 910 1756 mordere
941 1703 1268 1770 nequeunt,
1300 1697 1517 1753 latratu
1551 1712 1660 1752 suo
1691 1712 1884 1751 acrem
1919 1696 2007 1750 fa-

338 1788 549 1860 tigant.

408 1896 501 1952 26.
533 1895 797 1968 Denique
828 1894 1083 1966 impetus
1131 1896 1339 1949 contra
1386 1893 1484 1948 Dei
1527 1890 1850 1947 Ecclesiam
1902 1906 2008 1945 ne-

2120 693 2286 762 νήσας
2341 697 2422 765 τῷ
2483 692 2817 767 μισουμένῳ,
2879 693 3089 768 ἐψεύσω
3153 695 3228 758 εἰς
3284 693 3438 752 οὐδὲν
3497 694 3643 754 δέον.
3678 699 3786 763 Τίς

2119 781 2218 854 γὰρ
2250 783 2284 851 ἡ
2316 780 2521 857 ἀνάγκη
2549 801 2563 852 ;

2191 889 2283 944 κε’.
2343 889 2779 961 Ὑπομιμνήσκω
2835 891 2922 945 καὶ
2985 893 3111 966 περὶ
3165 895 3276 947 τῶν
3335 888 3636 963 διαϐολῶν,
3695 898 3785 961 αῖς

2121 976 2429 1055 ἐντυφῶμεν
2491 978 2566 1040 ὡς
2625 976 2749 1033 οὐδὲ
2778 985 2895 1042 τοῖς
2954 980 3013 1035 ὲκ
3063 979 3285 1054 μέλιτος
3315 980 3676 1057 γλυκασμοῖς.
3711 985 3782 1043 Τί

2119 1063 2310 1141 κέρδος
2363 1069 2498 1139 ἡμῖν
2559 1067 2608 1122 ἐν
2665 1069 2912 1139 τούτων;
2969 1071 3158 1145 Ἔχεις
3232 1070 3402 1126 εἷ’πεῖν
3447 1073 3781 1148 κατηγορίαν

2121 1154 2208 1209 ἐπὶ
2237 1159 2318 1228 τῷ
2365 1155 2622 1226 πλησίον.
2659 1159 2916 1228 ’Ένστηθι
2973 1161 3090 1213 κατ’
3149 1159 3333 1233 αὐτοῦ,
3387 1158 3650 1234 λάλησον,
3699 1160 3783 1217 δί-

2120 1265 2304 1300 κασον.
2366 1246 2462 1298 Καὶ
2513 1245 2548 1313 ἢ
2608 1243 2968 1308 καταδικάσας
3018 1245 3258 1321 παράδος
3324 1253 3402 1320 τῷ
3471 1249 3629 1324 νόμῳ
3685 1252 3780 1306 τὸν

2121 1332 2432 1409 ἐναχθέντα,
2479 1334 2568 1388 καὶ
2628 1336 2884 1411 πασχέτω
2929 1336 2996 1391 τὰ
3038 1338 3395 1410 νενομισμένα
3465 1337 3500 1408 ἢ
3556 1340 3784 1415 ἀπενεγο

2119 1421 2354 1492 κάμενος
2422 1424 2522 1492 τήν
2599 1421 2832 1494 ἐλάττω,
2891 1426 3194 1501 ἠρέμησον.
3271 1421 3596 1484 Διαϐάλλων
3675 1432 3781 1506 γὰρ

2125 1510 2300 1573 ἀνύεις
2357 1509 2533 1581 οὐδὲν,
2586 1511 2885 1587 κερδαίνεὶς
2962 1512 3019 1568 δὲ
3097 1516 3263 1587 μόνον
3332 1517 3395 1571 τὸ
3469 1515 3786 1595 στόμαργος

2125 1600 2281 1667 εἶναι,
2312 1601 2400 1656 καὶ
2462 1598 2638 1656 δοκεῖν
2707 1601 2920 1677 βαύζειν
2979 1602 3231 1674 κυνηδόν.
3271 1605 3370 1661 Καὶ
3426 1606 3528 1683 γάρ
3557 1629 3644 1662 τοι
3685 1610 3783 1664 καὶ

2120 1687 2276 1752 κύνες
2320 1687 2786 1766 καταδολεσχοῦσι
2849 1691 3023 1764 μάτην
3084 1693 3162 1755 εἰς
3211 1692 3358 1770 ἀέρα,
3393 1693 3484 1750 ὅτε
3542 1698 3618 1769 μὴ
3679 1695 3780 1752 δά-

2121 1797 2260 1832 κνειν
2294 1773 2535 1854 ἔχουσιν.

2194 1887 2296 1948 κς’.
2354 1886 2686 1960 Ἀναμνησιν
2755 1882 3058 1943 ὑποϐάλλω
3135 1889 3225 1944 καὶ
3300 1896 3408 1946 τῶν
3481 1895 3617 1949 κατὰ
3673 1901 3776 1966 τῆς

337 1985 550 2040 fandos
609 1983 842 2040 silentio
901 1983 1198 2055 praeterire
1255 1981 1412 2036 haud
1474 1997 1738 2052 possum.
1788 1979 1994 2034 Paucis

2108 1973 2431 2041 Ἐκκλησίας
2504 1980 2600 2029 τοῦ
2667 1981 2801 2032 Θεοῦ
2878 1973 3068 2031 δεινῶν
3147 1976 3533 2056 ἐγχειρήσεων.
3605 1984 3771 2056 Ἡμέ-

336 2073 550 2128 abhinc
597 2072 831 2141 diebus,
865 2072 1005 2127 civis
1050 2071 1298 2143 quidam
1348 2073 1559 2125 nostrae
1617 2069 1783 2124 urbis
1839 2083 2006 2122 num-

333 2161 648 2229 mularius,
701 2163 772 2216 de
833 2177 949 2233 quo
1011 2159 1264 2215 breviter
1323 2159 1516 2215 dicam
1579 2157 1790 2229 (impia
1846 2157 2001 2211 enim

332 2251 486 2306 facta
515 2251 678 2323 prius
709 2254 886 2322 atque
916 2252 1052 2304 ante
1083 2247 1341 2303 multum
1392 2251 1631 2318 tempus
1679 2245 2002 2300 commissa

333 2357 450 2395 non
502 2338 1023 2410 commemorabo),
1058 2354 1192 2392 cum
1223 2337 1411 2409 ipsius
1464 2352 1669 2391 servus
1721 2335 1903 2389 miser
1941 2334 2000 2388 in

334 2429 610 2500 Magnam
644 2427 948 2483 ecclesiam
1005 2427 1100 2482 Dei
1143 2426 1530 2498 confugisset,
1567 2424 1756 2480 hostis
1808 2422 1998 2478 Latini

333 2516 544 2584 instar,
595 2515 800 2588 quales
847 2533 951 2572 nos
998 2532 1254 2587 quoque,
1303 2513 1448 2586 proh
1501 2512 1666 2569 dolor
1711 2514 1722 2567 l
1777 2511 1998 2584 experti

337 2623 570 2672 sumus,
605 2605 862 2661 accurrit
893 2609 948 2660 ct
1001 2603 1299 2660 infelicem
1350 2602 1519 2658 illum
1570 2601 1999 2658 homunculum

338 2711 455 2751 non
487 2712 557 2750 ex
605 2693 769 2750 atriis
818 2693 1095 2761 ecclesiae,
1130 2709 1245 2748 non
1275 2709 1306 2747 e
1337 2691 1623 2748 vestibulo
1675 2694 1776 2746 aut
1819 2690 1999 2762 pinna

336 2785 562 2857 templi,
625 2784 726 2839 sed
784 2799 814 2839 e
855 2783 1048 2838 media
1097 2782 1344 2838 ecclesia
1385 2780 1694 2853 protraxit,
1743 2784 1800 2835 et
1840 2779 1999 2835 velut

333 2873 514 2945 lupus
545 2889 789 2945 agnum,
823 2871 1073 2943 arripuit
1102 2871 1464 2942 domumque
1503 2869 1766 2924 deduxit.
1798 2867 1996 2939 Neque

336 2961 620 3032 cogitans,
653 2978 715 3017 se
737 2959 906 3016 illum
925 2977 956 3016 e
976 2960 1076 3016 Dei
1113 2958 1387 3015 manibus
1409 2957 1717 3029 eripuisse,
1751 2955 1995 3028 capillos

334 3051 386 3106 ei
419 3049 648 3117 evulsit,
683 3067 798 3106 non
854 3046 1223 3119 simpliciter,
1258 3047 1358 3102 sed
1413 3045 1584 3119 quasi
1634 3044 1848 3101 mentis
1881 3061 1992 3101 usu

334 3155 471 3195 eum
505 3139 732 3211 privare
779 3138 1038 3207 deberet,
1073 3137 1283 3192 deinde
1331 3139 1518 3191 totum
1571 3152 1782 3206 corpus
1832 3133 1996 3201 illius

331 3229 587 3301 pessime
659 3228 934 3284 tractavit
1009 3231 1185 3298 atque
1248 3223 1575 3281 innumeris
1649 3223 1991 3279 verberibus

333 3317 566 3374 afﬂixit:
601 3321 659 3373 et
689 3332 1004 3388 quemnam
1039 3332 1290 3387 magnus
1321 3315 1431 3370 iste
1461 3313 1633 3369 heros
1660 3311 1990 3384 percussit?

334 3406 570 3464 Scilicet
590 3422 726 3462 eum
750 3405 850 3477 qui
875 3405 946 3460 ob
977 3408 1240 3460 teneram
1265 3407 1499 3458 aetatem
1528 3401 1621 3457 vix
1644 3402 1812 3457 ﬁrmo
1844 3401 1991 3473 pede

338 3494 607 3550 incedere
639 3499 854 3566 posset.
890 3494 1207 3565 Postquam
1239 3492 1320 3548 ita
1377 3490 1678 3547 servulum
1726 3490 1997 3546 affecerat

337 3584 680 3656 ejusque,ut
699 3583 780 3638 ita
801 3583 1279 3649 dicam,animam
1307 3581 1704 3642 devoraverat,
1723 3579 1793 3634 ad
1819 3579 1995 3650 pedes

337 3673 643 3728 descendit
672 3689 820 3744 quos
853 3689 968 3727 non
999 3671 1197 3726 minus
1245 3675 1434 3736 curat,
1469 3669 1994 3740 (quemadmodum

344 3762 539 3834 ipsum
586 3761 814 3816 utinam
861 3759 1014 3816 alius
1065 3759 1196 3832 quis
1243 3763 1408 3814 curet
1426 3757 1465 3826 ι)
1495 3755 1748 3813 vinculis
1794 3757 1997 3812 ferreis

346 3865 583 3904 ornans.
617 3849 838 3908 Deinde
867 3850 1042 3903 etiam
1092 3847 1403 3919 suspendit
1451 3845 1729 3902 miserum
1777 3847 1996 3901 manci-

341 3938 506 4009 pium
551 3937 803 3993 crudelis
852 3953 1191 4000 conservus,
1223 3935 1304 3991 ita
1351 3941 1416 3990 ut
1463 3952 1535 3990 ne
1583 3937 1706 3990 solo
1756 3934 1994 4006 quidem

339 4025 726 4094 insisteret,et
755 4026 840 4081 sic
862 4042 986 4097 quae
1018 4041 1133 4080 non
1166 4023 1303 4079 licet
1333 4023 1705 4096 perpetravit.
1733 4023 1996 4094 Denique

333 4116 504 4172 illum
535 4116 778 4172 involvit
823 4131 1015 4184 sacco,
1050 4131 1165 4186 quo
1211 4131 1283 4169 ne
1311 4114 1581 4169 Ninivitaa
1635 4112 1892 4183 quidem,
1927 4129 1996 4168 ex

333 4222 463 4262 mea
494 4206 802 4275 sententia,
836 4205 935 4261 sed
988 4204 1223 4276 gravius
1272 4207 1583 4276 peccantes
1624 4201 1839 4258 involvi
1891 4203 1991 4258 de-

327 4298 620 4355 buissent.
654 4301 723 4352 Et
742 4297 827 4353 sic
851 4295 1090 4368 quidem
1114 4297 1175 4350 in
1200 4299 1278 4362 te,
1309 4312 1341 4351 ο
1363 4293 1607 4367 puerule
1641 4293 1992 4359 miserande,

328 4388 590 4458 peccavit
635 4387 754 4454 ille,
789 4385 926 4457 quia
976 4386 1046 4440 ad
1080 4384 1264 4440 Deum
1319 4398 1626 4438 accurrere
1677 4398 1859 4437 ausus
1907 4397 1990 4436 es.

329 4475 469 4538 Quis
501 4480 698 4531 autem
731 4479 806 4543 te,
840 4492 872 4530 o
907 4473 1072 4546 pueri
1105 4471 1388 4538 carnifex,
1423 4470 1599 4542 digne
1630 4468 1856 4540 puniat,
1891 4469 1992 4541 qui

325 4567 447 4619 tam
497 4563 892 4638 impudenter,
923 4563 973 4618 si
1021 4561 1322 4617 veritatem
1377 4559 1641 4614 conﬁteri
1684 4557 1840 4625 licet,
1872 4563 1987 4614 Deo

325 4653 439 4724 ipsi
469 4653 588 4709 vim
617 4651 920 4708 intulisti?
947 4653 1096 4706 Cum
1141 4648 1296 4704 enim
1331 4647 1419 4702 ira
1449 4652 1550 4702 tua
1585 4646 1790 4702 rabida
1821 4647 1903 4703 ita
1930 4651 1986 4704 te

321 4719 666 4814 impelleret,
699 4759 772 4797 ne
803 4741 919 4795 Deo
953 4738 1191 4810 quidem
1237 4736 1570 4808 pepercisti,
1602 4737 1772 4807 cujus
1805 4754 1985 4792 manu
2016 4719 2062 4784 D

320 4832 757 4903 apprehensum
784 4828 1018 4884 videbas
1043 4825 1699 4898 puerum.Deliquisti,o
1733 4825 1982 4892 servule,

320 4922 476 4992 quod
508 4939 622 4976 non
664 4919 735 4973 ad
767 4922 1078 4989 paternum
1112 4914 1198 4967 tui
1233 4914 1456 4970 domini
1513 4914 1854 4987 sepulcrum
1887 4931 1982 4970 ac-

317 5011 577 5066 curristi.
611 5011 774 5064 Tunc
820 5005 976 5059 enim
1027 5019 1227 5059 revera
1279 5004 1386 5060 tibi
1427 5005 1650 5076 impius
1701 5021 1983 5075 parsurus

317 5099 548 5156 fuisset.
582 5100 909 5164 Quemnam
942 5092 1250 5149 hominum
1283 5092 1531 5150 latronis
1575 5110 1736 5149 more
1766 5098 1828 5148 tu
1864 5110 1980 5149 non

318 5187 736 5261 aggredieris,o
758 5182 1296 5256 impudentissime,
1323 5183 1423 5255 qui
1449 5185 1533 5239 sic
1557 5183 1754 5238 divina
1785 5183 1980 5254 impu-

317 5295 465 5351 gnas
487 5276 515 5330 ?
540 5278 865 5340 Quemnam
901 5273 1256 5330 revereberis
1287 5273 1652 5343 mortalium,
1686 5289 1718 5328 ο
1752 5271 1979 5328 stultis-

315 5367 487 5430 sime,
520 5364 622 5438 qui
667 5379 773 5419 nec
826 5363 923 5420 Dei
976 5361 1266 5421 rationem
1316 5362 1544 5418 habes?
1591 5361 1978 5418 Securitatem

313 5455 575 5528 prebent
605 5458 946 5511 sanctorum
974 5467 1180 5524 regum
1202 5450 1572 5522 columnw,si
1605 5451 1738 5523 quis
1768 5451 1842 5507 ad
1877 5467 1976 5506 eas

315 5545 660 5618 confugerit.
693 5549 772 5600 Tu
823 5547 1020 5599 autem
1076 5542 1172 5597 Dei
1226 5540 1556 5613 supplicem
1607 5542 1661 5597 vi
1713 5540 1978 5612 abripere

312 5635 470 5691 haud
518 5633 828 5702 erubuisti,
859 5651 890 5688 0
921 5632 1223 5705 proterve!
1261 5633 1395 5696 Quae
1449 5636 1644 5687 autem
1693 5631 1976 5687 adversus

313 5724 706 5797 deplorandos
783 5722 1118 5780 sacerdotes
1187 5719 1288 5774 Dei
1348 5721 1682 5790 evomuisti,
1742 5719 1975 5776 etiamsi

311 5813 488 5872 homo
519 5831 738 5888 pravus
767 5813 884 5869 ista
913 5810 1160 5868 audiens
1192 5808 1619 5883 disrumpatur,
1653 5810 1854 5868 dicant
1881 5809 1969 5876 illi

2118 2083 2203 2139 ραι
2249 2065 2392 2128 τινὲς
2440 2065 2592 2120 αὗται
2638 2065 2929 2141 ὀλίγισται,
2961 2067 3052 2120 καί
3103 2088 3184 2130 τις
3238 2068 3475 2139 πολίτης
3526 2070 3578 2126 ἐν
3630 2075 3763 2146 ἡμῖν

2114 2148 2548 2228 ἆργυραμοιϐὸς,
2587 2155 2825 2229 βραχέος
2859 2153 3032 2230 λόγου
3064 2152 3211 2226 ἄξιος
3273 2158 3497 2236 (ἀφίημι
3549 2160 3646 2235 γὰρ
3703 2161 3772 2216 τὰ

2113 2243 2220 2317 πρὸ
2267 2246 2460 2317 καιροῦ
2509 2241 2764 2305 πλείονος
2808 2243 2898 2298 καὶ
2938 2244 3239 2320 παλαίτερα
3294 2246 3591 2322 πάνδεινα),
3644 2247 3771 2304 δου-

2113 2329 2305 2407 λάριον
2355 2331 2569 2405 οἷ’κτρὸν
2627 2333 2940 2410 προσφυγὸν
2999 2338 3067 2407 τῇ
3126 2334 3394 2410 καθολικῇ
3453 2342 3550 2392 τοῦ
3604 2340 3772 2414 μεγά-

2111 2417 2211 2474 λου
2270 2424 2402 2474 Θεοῦ
2461 2422 2512 2475 έν
2579 2423 2716 2493 ἡμῖν
2805 2421 3092 2494 ἐκκλησίᾳ,
3153 2421 3467 2499 ἐπιδραμὼν
3542 2427 3772 2501 ἐκεῖνος,

2110 2510 2200 2562 οἴα
2256 2509 2345 2563 καί
2401 2530 2482 2571 τις
2543 2514 2773 2572 Λατῖνος
2833 2510 3234 2586 πολιορκητὴς,
3279 2515 3482 2569 ὁποίων
3535 2516 3627 2571 καὶ
3681 2518 3775 2573 αὖ·

2106 2603 2212 2652 τῶν
2264 2594 2419 2670 οἷ’μοι
2478 2600 2865 2674 πεπειράμεθα,
2911 2599 3187 2670 ἐξέσπασεν
3247 2600 3418 2658 ἐκεῖνο
3474 2605 3537 2659 τὸ
3596 2605 3770 2662 ἐλεει-

2107 2687 2199 2741 νὸν
2259 2685 2587 2762 ἀνθρώπιον,
2621 2687 2682 2742 οὐ
2740 2692 2845 2742 τῶν
2907 2687 3372 2759 ἐκκλησιαστικῶν
3420 2694 3769 2768 προαυλίιυν,

2107 2775 2170 2832 οὗ
2222 2780 2330 2831 τῶν
2397 2777 2936 2853 προτεμενισμάτων,
3007 2779 3068 2833 οὐ
3139 2784 3249 2834 τῶν
3315 2782 3618 2856 πτερυγίων
3672 2790 3763 2839 τοῦ

2116 2870 2252 2938 ναοῦ,
2286 2863 2413 2921 ἀλλ’
2459 2866 2621 2921 αὐτοῦ
2674 2866 2881 2921 ἐκείνου
2934 2867 3119 2942 μέσου·
3152 2869 3240 2924 καὶ
3291 2868 3562 2945 ἀράμενος
3620 2874 3767 2946 ἀπή-

2105 2976 2266 3032 γαγεν
2316 2953 2481 3025 οἷ’κοι,
2516 2954 2683 3018 λύκος
2740 2955 2946 3032 ἀρνίον.
2982 2958 3085 3013 Καὶ
3143 2957 3241 3013 οὐκ
3299 2958 3639 3034 ἐνθυμηθεὶς,
3696 2965 3769 3028 ὡς

2103 3045 2163 3100 ἐκ
2200 3048 2333 3099 Θεοῦ
2383 3049 2586 3121 χειρῶν
2637 3045 2767 3100 αὐτὸ
2815 3045 2936 3122 ἦρε,
2967 3048 3069 3118 τήν
3111 3069 3168 3103 τε
3215 3047 3462 3128 κεφαλήν
3519 3050 3761 3125 ἐψίλωσε

2101 3137 2330 3210 τριχῶν,
2380 3132 2486 3209 οὐχ
2539 3132 2749 3206 ἁπλῶς,
2797 3133 2924 3190 ἀλλ’
2962 3137 3036 3198 ὡς
3084 3137 3130 3191 εἶ
3185 3139 3272 3193 καὶ
3332 3144 3526 3216 πυριᾷν
3583 3140 3746 3210 αὐτὴν

2099 3221 2207 3278 ἔδει
2276 3217 2431 3301 φόϐῳ
2503 3223 2946 3302 παραφροσύνης,
3009 3225 3098 3280 καὶ
3167 3225 3336 3293 αὐτῆς
3413 3224 3750 3292 ὑποκαταϐὰς

2101 3311 2305 3388 γίνεται
2360 3319 2459 3382 τῆς
2533 3311 2673 3380 ὅλης
2751 3313 2966 3388 σαρκὸς,
3025 3314 3114 3370 καὶ
3184 3315 3404 3394 πληγὰς
3459 3316 3750 3391 ὁλομελεῖς

2104 3399 2401 3472 ἐπιτίθησι,
2433 3400 2550 3455 τίνα
2596 3401 2812 3456 τύπτων
2863 3403 2891 3457 ὁ
2945 3401 3112 3478 μέγας
3162 3403 3450 3480 γεννάδας;
3480 3406 3570 3460 τὸν
3629 3405 3757 3463 οὐδὲ

2107 3489 2300 3567 περῥὰ
2334 3488 2572 3566 βαδίζειν
2613 3489 2907 3564 δυνάμενον
2941 3489 3028 3546 δία
3073 3494 3134 3548 τὸ
3189 3494 3325 3550 κατὰ
3379 3497 3476 3565 τήν
3535 3494 3757 3565 ἡλικίαν

2103 3578 2442 3637 πανάπαλον,
2492 3582 2946 3654 Προνοησάμενος
2993 3579 3050 3636 δὲ
3095 3581 3238 3638 οὕτω
3301 3582 3400 3639 τοῦ
3444 3583 3759 3653 παιδίσκον),

2103 3669 2193 3723 καὶ
2247 3669 2310 3723 τὸ
2366 3668 2635 3743 ψυχάριον
2689 3669 2874 3742 αὐτοῦ,
2925 3671 2999 3733 ὡς
3049 3670 3223 3735 οὕτως
3274 3672 3463 3742 εἴπεῖν,
3525 3674 3761 3754 ἐκροφή-

2107 3778 2224 3826 σας,
2287 3753 2598 3813 καταϐαίνει
2651 3760 2772 3836 περὶ
2832 3759 2960 3822 τοὺς
3008 3758 3198 3823 πόδας.
3260 3762 3359 3816 Καὶ
3417 3753 3767 3837 ἐπιμελεῖται

2104 3845 2194 3900 καὶ
2253 3846 2448 3916 αὐτῶν,
2484 3847 2557 3910 ὡς
2618 3846 2708 3902 καὶ
2767 3847 2932 3903 αὐτοῦ
2987 3846 3349 3922 ἐπιμεληθείη
3407 3873 3494 3914 τις
3551 3849 3766 3928 ἕτερος,

2104 3936 2389 4008 κοσμήσας
2425 3933 2601 4008 κλοιῷ
2666 3941 2746 4008 τῷ
2810 3936 2869 3991 ἐκ
2937 3935 3202 4014 σιδήρου·
3249 3939 3363 3994 εἶτα
3409 3941 3498 3994 καὶ
3561 3961 3772 4014 μετεω-

2107 4022 2257 4099 ρίσας
2299 4025 2362 4078 τὸ
2410 4022 2640 4080 ἐλεεινὸν
2687 4023 3046 4102 ἀνδράποδον,
3092 4029 3182 4082 οἷα
3235 4025 3375 4101 μηδὲ
3417 4035 3519 4105 γῆν
3572 4037 3772 4086 πατεῖν

2106 4111 2235 4167 αὐτὸ
2292 4113 2453 4183 ἀξιῶν
2514 4116 2542 4168 ὁ
2592 4113 2825 4185 ἀνηλεής
2883 4113 3198 4188 σύνδουλος,
3277 4115 3448 4172 ἐποίει
3529 4118 3598 4173 τὰ
3693 4123 3775 4194 μὴ

2101 4203 2433 4272 καθήκοντα.
2473 4201 2638 4264 Τέλος
2715 4200 2772 4258 δὲ
2844 4204 3026 4278 σάκκῳ
3107 4205 3454 4283 περιστέλλει
3539 4206 3775 4280 ἐκεῖνον,

2104 4291 2268 4365 οὗπερ
2328 4288 2440 4346 οὐδ’
2492 4292 2552 4346 ἃν
2613 4292 2765 4365 οἶμαι
2812 4299 3108 4365 Νινευῖται,
3139 4295 3264 4350 ἀλλ’
3323 4297 3376 4350 οἱ
3433 4296 3524 4351 καὶ
3584 4296 3774 4354 πλείω

2101 4379 2381 4442 πταίοντες
2423 4377 2583 4451 ἄξιοι.
2617 4382 2714 4436 Καὶ
2760 4382 2919 4445 αὐτὸς
2978 4384 3094 4456 μὲν,
3132 4383 3176 4438 ὦ
3229 4383 3522 4460 παιδάριον
3590 4383 3774 4443 οἷ’κτι-

2099 4489 2244 4539 στον,
2275 4473 2498 4525 τοιαῦτα
2544 4469 3020 4545 πεπλημμέληκεν
3083 4472 3171 4529 ἐπὶ
3233 4471 3340 4542 eoi,
3396 4471 3537 4530 διότι
3571 4475 3773 4532 τετόλ-

2103 4579 2280 4630 μηκας
2337 4556 2563 4635 δραμεῖν
2620 4558 2698 4622 ei;
2745 4560 2837 4615 τὸν
2893 4561 3044 4618 Θεόν.
3079 4563 3148 4617 Σὲ
3201 4560 3278 4635 δὲ,
3312 4564 3356 4618 ὦ
3413 4567 3511 4618 τοῦ
3564 4565 3770 4630 παιδὸς

2098 4644 2372 4721 ἀλιτήριε,
2403 4649 2486 4710 τίς
2517 4646 2576 4703 ἂν
2611 4650 2772 4720 ἀξίω..
2831 4649 3087 4725 μετέλθῃ,
3120 4650 3293 4714 οὕτως
3344 4649 3578 4715 ἀναιδῶς
3641 4654 3769 4729 βιά-

2095 4735 2325 4807 σάμενον
2355 4736 2484 4792 Θεὸν
2539 4738 2726 4808 αὐτὸν,
2761 4737 2815 4794 εἶ’
2857 4762 2912 4794 τι
2962 4742 3075 4815 χρὴ
3135 4739 3375 4810 λαλῆσαι
3433 4742 3572 4816 πρὸς
3629 4742 3772 4816 ἀλή-

2096 4826 2284 4893 Θειαν;
2321 4825 2478 4883 Οὕτω
2535 4827 2637 4901 γὰρ
2693 4828 2790 4882 τοῦ
2851 4829 3141 4904 ἀλογίστου
3203 4833 3378 4903 θυμοῦ
3436 4828 3764 4896 ἐλαύνοντός

2094 4934 2173 4982 σε,
2215 4914 2314 4970 οὐκ
2369 4914 2428 4969 ἂν
2481 4914 2596 4970 οὐδ’
2634 4917 2799 4972 αὐτοῦ
2847 4923 2982 4972 Θεοῦ
3029 4918 3246 4996 ἐφείσω,
3299 4918 3344 4973 εἰ
3386 4919 3487 4987 τὴν
3554 4919 3765 4976 ἐκείνου

2093 5007 2255 5077 χεῖρα
2309 5001 2676 5079 δραττομένην
2738 5001 2966 5070 ἔϐλεπες
3023 5012 3120 5062 τοῦ
3187 5005 3404 5069 παιδός.
3439 5010 3760 5078 Ἐπταισας,

2093 5093 2137 5146 ὦ
2169 5090 2471 5167 δουλίδιον,
2505 5093 2587 5149 ὅτι
2649 5095 2726 5168 μὴ
2759 5101 2839 5167 τῷ
2893 5101 3144 5171 πατρικῷ
3190 5099 3347 5173 τάφῳ
3411 5102 3507 5154 τοῦ
3542 5119 3636 5152 σου
3671 5095 3753 5151 δε-

2092 5181 2293 5237 σπότου
2345 5181 2745 5260 προσέδραμες.
2799 5187 2870 5242 Ἦ
2943 5187 3045 5261 γὰρ
3123 5185 3183 5241 ἃν
3262 5185 3509 5265 ἐφείσατό
3580 5206 3669 5240 σου
3722 5185 3750 5236 ὁ

2092 5271 2325 5334 ἀνόσιος.
2377 5272 2498 5330 Τίνι
2565 5279 2673 5329 τῶν
2763 5275 3064 5350 ἀνθρώπων
3138 5276 3239 5331 οὐκ
3315 5274 3375 5332 ἂν
3456 5271 3748 5348 ἐπιδράμῃς

2089 5357 2423 5437 λῃστρικῶς,
2481 5361 2845 5433 ἀναιδέστατε,
2901 5366 2928 5419 ὁ
2988 5367 3126 5420 κατά
3183 5369 3292 5421 τῶν
3355 5367 3508 5432 θείων
3559 5363 3754 5417 τοιοῦ-

2085 5470 2219 5521 τος;
2271 5452 2403 5509 Τίνα
2477 5459 2586 5509 τῶν
2665 5453 2915 5509 ἀπάντων
2968 5453 3308 5532 ἐντραπήσῃ,
3363 5453 3674 5520 ἀπαίδευτε,
3729 5451 3759 5506 ὁ

2083 5541 2180 5594 τοῦ
2232 5547 2364 5598 Θεοῦ
2419 5545 2494 5617 μὴ
2569 5543 2957 5621 ἐπιστραφείς
3007 5543 3238 5602 ’Άσυλοι
3299 5548 3354 5601 αἱ
3411 5551 3520 5602 τῶν
3587 5541 3761 5618 ἁγίων

2090 5629 2356 5705 βασιλέων
2419 5631 2640 5703 στῆλαι,
2701 5633 2754 5689 εἶ’
2803 5655 2888 5697 τις
2947 5633 3134 5697 αὐταῖς
3181 5635 3595 5714 προσφεύξεται.
3651 5632 3766 5690 Καὶ

2085 5718 2146 5774 σὺ
2177 5721 2269 5775 τὸν
2321 5727 2415 5777 τοῦ
2467 5728 2600 5779 Θεοῦ
2645 5725 2828 5794 ἱκέτην
2883 5723 3238 5802 ἁπεθρασόνω
3286 5726 3423 5801 πρὸς
3488 5723 3604 5800 βίαν
3662 5724 3768 5800 ἀρ-

2082 5811 2271 5884 πάσαι,
2327 5811 2656 5888 ἱταμώτατε.
2717 5816 2780 5870 ’Δ
2839 5811 2897 5871 δὲ
2949 5813 3086 5872 κατά
3157 5820 3266 5874 τῶν
3329 5813 3582 5876 ἐλεεινῶν
3648 5834 3765 5872 πα-
