4130 6358
414 470 535 528 557

1393 471 1698 533 ORATIO
1744 469 1965 534 ANNO
2008 470 2510 535 AUSPICANDO
2552 471 2877 532 HABITA.

3724 477 3848 537 558

410 598 602 657 πάδων
643 601 910 675 ἐζήμεσας
942 606 1052 658 τῶν
1097 605 1196 658 τοῦ
1249 606 1404 673 Θεοῦ,
1463 601 1515 659 εἲ
1552 603 1643 659 καὶ
1687 601 2070 682 διαρῥήγνυται

2186 604 2348 676 quia
2378 607 2612 676 raptore
2658 604 2992 673 audierunt,
3025 605 3097 660 ob
3129 621 3257 678 quae
3309 605 3495 663 sancti
3542 605 3844 681 lacryma-

417 694 445 748 6
490 692 736 768 πονηρὸς
787 690 1071 767 ἄνθρωπος
1135 696 1296 748 τοῦτο
1360 691 1595 764 ἀκούων,
1657 691 1961 769 λεγέτωσαν
2015 697 2069 749 οἱ

415 781 738 843 ἀκούσαντες
769 780 829 836 ἐκ
868 786 964 836 τοῦ
1019 783 1281 858 ἅρπαγος,
1337 781 1416 860 ἐφ’
1466 783 1545 846 οἷς
1603 784 1656 838 οἱ
1706 784 1800 857 μὲν
1828 785 2073 860 ἱεροπρε-

417 876 536 932 πεῖς
581 869 938 944 κλαύσονται,
979 873 1031 925 οἱ
1084 869 1142 926 δὲ
1189 873 1584 951 περιφρονηταὶ
1633 877 1740 927 τῶν
1791 873 1944 927 θείων
1980 894 2070 948 γει

422 958 697 1032 λάσονται,
736 961 953 1033 μήποτε
1011 958 1069 1015 δὲ
1116 959 1207 1015 καί
1254 981 1394 1024 τινες
1438 967 1546 1016 τῶν
1580 961 2067 1034 ἓκκλησιαστικῶν,

421 1051 511 1112 οὕς
546 1049 603 1104 ἐκ
650 1056 753 1119 τῆς
807 1049 1009 1126 ἀγορᾶς
1058 1052 1085 1105 6
1128 1055 1225 1106 τοῦ
1274 1055 1408 1105 Θεοῦ
1458 1052 1584 1113 ναὸς
1616 1049 1906 1126 δεξάμενος
1937 1065 2070 1116 καο-

424 1140 658 1215 ιέρωσεν,
733 1139 1021 1202 ὀκνοῦντας
1101 1141 1193 1213 μὲν
1279 1141 1430 1214 οἶμαι
1507 1142 1772 1217 ἱερᾶσθαι,
1845 1147 1942 1196 τοῦ
2014 1139 2072 1196 δὲ

417 1228 700 1304 ἀγοράζειν
753 1227 1070 1304 ἐφιεμένους
1119 1229 1193 1291 ὡς
1243 1226 1533 1307 πρότερον.
1585 1229 1688 1287 Καί
1721 1233 1828 1304 μὴν
1865 1233 1893 1286 6
1927 1230 2069 1286 θειό-

411 1339 576 1382 τατος
634 1318 839 1382 ἐκεῖνος
893 1318 1162 1390 τελώνης,
1214 1319 1289 1383 εἰς
1351 1319 1642 1393 μαθητείαν
1702 1322 1927 1392 κληθεὶς
1980 1322 2070 1378 καὶ

411 1405 789 1486 προσληφθεὶς
831 1411 912 1481 τῷ
955 1411 1116 1481 ἡμῶν
1168 1416 1375 1486 σωτῆρι
1432 1412 1672 1486 Χριστῷ,
1708 1411 1806 1466 οὐκ
1836 1411 2070 1485 ἂνέκαμ-

412 1503 509 1575 ψεν
569 1499 784 1563 ἐσαῦθις
837 1499 921 1555 ἐπὶ
981 1501 1046 1555 τὰ
1115 1502 1400 1577 πρότερον.
1483 1500 1688 1556 Οὐκοῦν
1743 1501 1912 1580 ἐχρῆν
1980 1505 2071 1558 καὶ

413 1588 542 1652 τοὺς
615 1590 743 1665 παρ’
813 1591 948 1663 ἡμῖν
1025 1589 1208 1666 ἱεροὺς
1266 1590 1493 1653 τούτους
1570 1591 1895 1668 γενομένους
1972 1596 2070 1663 τῆς

414 1677 788 1754 καθαρότητος
851 1679 927 1750 μὴ
989 1679 1357 1752 ἀνακάμπτειν
1420 1679 1506 1734 ἐπὶ
1553 1680 1682 1745 τοὺς
1730 1680 1898 1737 πάλαι
1945 1703 2073 1758 συρ-

416 1767 657 1846 φετοῦς,
721 1770 806 1830 οἷς
863 1767 1250 1844 ἐνετράφησαν.
1327 1771 1392 1824 Ὦ
1453 1771 1730 1845 ἁγιωτάτη
1779 1770 2074 1841 Ἐκκλησία

413 1861 512 1911 τοῦ
543 1861 697 1928 Θεοῦ,
749 1851 982 1930 ἔμελλες
1030 1855 1132 1933 ἄρα
1182 1857 1326 1933 παρὰ
1376 1859 1626 1914 τοιούτου
1677 1858 1870 1935 ἀνδρὸς
1915 1881 2074 1937 περι-

416 1941 762 2023 υϐρισθῆναι.
817 1943 942 2000 ΕἷΌε
990 1943 1047 2000 δὲ
1095 1942 1178 2017 sitq
1228 1951 1389 2002 τοῦτο
1439 1945 1693 2024 ἔσχατον,
1742 1949 1942 2022 καὶμή
1975 1949 2073 2006 ἄλ·
2106 1989 2154 2055 Β

422 2035 443 2055 Ὗ
580 2036 594 2055 9
696 2037 709 2055 ε
801 2033 826 2055 (ν
945 2035 958 2052 \
1076 2034 1119 2055 θλ
1429 2034 1480 2055 In
1701 2039 1754 2055 In
1807 2038 1818 2051 ‘
1868 2036 1910 2055 λς
2028 2039 2040 2055 Ι

422 2035 536 2096 λως
569 2036 742 2111 ἀρχή,
796 2033 826 2089 6'
871 2035 962 2090 καὶ
1020 2034 1258 2108 μάλιστα
1304 2034 1647 2116 πεφόϐημαι.
1699 2038 1822 2093 Ἐπὶ
1864 2036 1920 2093 δὲ
1949 2039 2075 2094 τού-

413 2145 530 2187 τοις
563 2124 745 2186 οὓτως
806 2123 908 2179 εἰσί
965 2145 1107 2187 τινες
1168 2124 1370 2182 ἁπαλοὶ
1427 2126 1522 2188 τὰς
1571 2127 1751 2202 ψυχὰς
1804 2127 1893 2182 καὶ
1958 2149 2078 2203 γεν-

416 2218 558 2268 ναῖοι
615 2212 795 2290 φέρειν
878 2210 1022 2284 ἄχθη
1099 2218 1347 2287 τοιαῦτα,
1416 2214 1554 2270 ὥστε
1626 2216 1715 2270 καὶ
1766 2215 2078 2293 πρόσιόντες

424 2301 840 2372 ὑπαικαλλουσι,
916 2302 1006 2357 καὶ
1067 2301 1274 2378 γλυκέα
1355 2301 1648 2367 λαλοῦντες
1724 2305 2078 2379 παρακαλοῦ-

423 2411 504 2444 σιν
537 2391 611 2454 εἷς
659 2392 722 2445 τὸ
757 2391 889 2468 ὑπὲρ
936 2399 1037 2462 τῆς
1086 2389 1193 2447 εἶίτε
1256 2393 1496 2467 Σφιγγὸς
1537 2392 1760 2465 ταύτης,
1826 2393 1932 2450 εἴτε
1988 2395 2078 2450 καὶ

422 2477 704 2550 Σκύλλης,
738 2481 811 2534 ὧν
867 2474 1092 2557 ἔκατέρα
1143 2481 1466 2556 ἀνθρώπους
1519 2480 1785 2559 ἥρπαζον,
1841 2485 1905 2539 ού
1945 2485 2080 2540 κατὰ

413 2569 510 2634 τὰς
556 2565 954 2642 περιᾳδομέμας
1005 2569 1296 2645 Ἀρπυίας,
1351 2568 1480 2626 ἀλλ’
1535 2571 1674 2628 ὥστε
1723 2570 2081 2648 διασπαράξαι

415 2659 491 2722 εἷς
555 2656 808 2733 ἅλεθρον.
865 2658 927 2714 Τί
978 2658 1369 2736 παραλαλεῖτε,
1439 2661 1483 2715 ὦ
1552 2660 1738 2732 οῦτοις
1800 2662 2080 2737 Εόξαίμην

416 2746 477 2803 ἄν
539 2745 815 2805 Οἰδίποδά
869 2769 994 2803 τινα
1053 2748 1146 2803 καὶ
1205 2753 1296 2803 νῦν
1357 2750 1644 2826 εὑρεθῆναι
1802 2751 2078 2822 Ὀδυσσέα,

418 2838 476 2900 ’ὀς
507 2835 664 2913 ἔσχεν
699 2836 758 2892 ἂν
813 2836 1119 2915 ἐξαφανίσαι
1173 2842 1422 2892 τοιοῦτον
1476 2841 1665 2896 κακόν.
1725 2839 1950 2897 Σκύλλα
1986 2843 2080 2915 μὲν

420 2927 520 3003 γὰρ
578 2927 837 2996 Σικελική
888 2926 1064 2996 ἒκείνη
1140 2925 1266 2990 τοῦς
1346 2927 1768 3002 παραπλέοντας
1840 2929 2081 3004 ἀνελάμ-

424 3010 577 3071 ϐανεν
637 3016 798 3089 ὑψοῦ,
873 3016 964 3072 καὶ
1020 3016 1196 3093 ἀπῆγε
1265 3021 1362 3072 τοῦ
1423 3021 1518 3092 ζῇν
1554 3037 1568 3050 ·
1616 3021 1650 3088 ἡ
1712 3015 1769 3073 δὲ
1829 3016 2078 3091 Θήϐηθεν

416 3102 589 3176 ἐκείνη
652 3105 818 3184 Σφὶγξ
874 3104 1000 3168 τοὺς
1042 3104 1101 3160 ἐκ
1143 3110 1249 3160 τῶν
1300 3103 1566 3184 ἂμφόδων
1623 3106 1920 3183 ἀνάγουσα,
1972 3107 2082 3163 ἐθι-

412 3199 539 3249 νᾶτο
595 3195 684 3250 ἐπὶ
727 3200 836 3250 τῶν
881 3194 1132 3251 τειχέων.
1167 3195 1280 3271 Θήρ
1333 3193 1391 3250 δὲ
1435 3197 1600 3259 οὗτος
1651 3198 1678 3251 6
1711 3194 2082 3261 Μακεδονικὸς

419 3282 518 3338 οὐκ
575 3283 635 3338 ἐκ
687 3279 941 3357 βεϐήλων
984 3283 1190 3357 τόπων,
1263 3282 1389 3339 ἀλλ’
1441 3283 1498 3340 ἐκ
1571 3286 1892 3358 μεσαιτάτου
1944 3288 2084 3343 θειο-

2179 695 2421 761 buntur,
2453 699 2888 766 contemptores
2920 698 3118 750 autem
3152 695 3456 767 religionis
3506 698 3841 756 subsanna-

2178 785 2347 853 bunt,
2389 785 2506 839 imo
2555 784 2640 840 vel
2694 783 2962 839 nonnulli
3013 783 3417 853 ecclesiastici,
3452 801 3601 856 quos
3631 803 3661 842 e
3713 789 3836 845 foro

2181 877 2449 944 exceptos
2482 873 2770 946 templum
2803 874 3065 929 divinum
3085 875 3577 947 consecravit,qui
3599 879 3836 934 tantum

2183 963 2348 1018 abest
2380 967 2444 1017 ut
2485 980 2650 1019 sacro
2683 980 2923 1018 munere
2955 964 3297 1035 fungantur,
3330 969 3396 1020 ut
3444 964 3622 1020 veluti
3669 972 3842 1023 antea

2184 1052 2431 1124 negotiis
2481 1053 2814 1108 forensibus
2844 1070 3050 1109 vacare
3097 1054 3365 1126 cupiant.
3407 1055 3836 1112 Sanctissimus

2179 1141 2280 1206 ille
2326 1141 2701 1214 vectigalium
2751 1149 3004 1213 exactor,
3056 1142 3157 1216 qui
3205 1160 3238 1198 a
3287 1147 3590 1203 Servatore
3639 1150 3841 1204 nostro

2181 1231 2410 1290 Christo
2441 1237 2684 1289 vocatus
2713 1233 2862 1288 inter
2893 1233 3213 1306 discipulos
3246 1235 3655 1309 recipiebatur,
3689 1255 3845 1294 nun-

2181 1339 2357 1396 quam
2392 1322 2687 1394 prioribus
2729 1322 2940 1378 iterum
2991 1324 3255 1380 inhiavit.
3291 1327 3479 1391 Quare
3534 1343 3639 1382 nec
3675 1327 3712 1382 ii
3745 1328 3847 1399 qui

2186 1415 2341 1467 inter
2362 1429 2467 1468 nos
2491 1412 2561 1466 ad
2584 1413 2902 1483 puritatem
2927 1414 3249 1469 consecrati
3271 1415 3453 1485 fuere,
3488 1416 3558 1471 ad
3577 1417 3836 1488 priorem

2183 1500 2275 1556 cui
2307 1501 2578 1556 innutriti
2612 1505 2780 1556 erant
2810 1501 3248 1558 immunditiam
3274 1503 3568 1560 reﬂectere
3597 1522 3843 1561 cursum

2183 1590 2545 1646 debuissent.
2577 1594 2625 1644 Α
2657 1590 2760 1646 tali
2807 1590 2988 1663 igitur
3020 1591 3252 1647 homine
3282 1597 3366 1660 tu,
3402 1611 3432 1648 ο
3465 1595 3845 1651 sanctissima

2187 1680 2282 1735 Dei
2315 1679 2592 1747 Ecclesia,
2627 1680 2984 1736 contumelia
3030 1697 3161 1736 eras
3210 1681 3558 1738 efﬁcienda!
3606 1683 3839 1740 Utinam

2183 1785 2314 1825 vero
2342 1769 2450 1825 hoc
2474 1769 2609 1824 ﬁnis
2632 1769 2726 1837 sit,
2748 1785 2937 1840 neque
2959 1771 3156 1842 potius
3179 1771 3413 1826 initium
3442 1773 3452 1826 !
3480 1772 3660 1828 Valde
3679 1774 3839 1830 enim

2188 1857 2293 1914 hoc
2320 1859 2520 1913 timeo.
2560 1858 2645 1912 Ad
2667 1858 2788 1914 hac
2812 1863 3008 1914 autem
3059 1861 3300 1930 quidam
3333 1861 3475 1917 adeo
3507 1861 3670 1918 molli
3702 1867 3842 1919 sunt

2185 1948 2382 2003 animo
2418 1951 2474 2002 et
2503 1951 2625 2003 tam
2660 1953 2967 2003 mansuete
2999 1949 3291 2020 ejusmodi
3327 1949 3575 2020 injurias
3625 1952 3844 2025 ferunt,

2187 2041 2249 2092 ut
2275 2037 2619 2092 accedentes
2668 2036 2842 2092 etiam
2866 2036 3099 2109 placare
3143 2043 3198 2093 et
3247 2039 3554 2096 dulcisono.
3583 2057 3720 2097 voce
3751 2043 3847 2097 de-

2187 2125 2444 2182 mulcere
2467 2129 2768 2197 conentur,
2801 2131 2855 2181 et
2878 2126 2936 2181 id
2958 2126 3197 2198 quidem
3223 2127 3280 2182 in
3306 2144 3366 2184 re
3390 2145 3515 2200 qua:
3539 2131 3845 2187 atrocitate

2187 2218 2430 2286 superat
2489 2215 2752 2270 fabulam
2807 2215 3086 2288 Sphingis
3143 2234 3210 2272 ac
3253 2216 3452 2290 Scyllae
3494 2235 3622 2290 quae
3672 2219 3846 2276 ambo

2186 2303 2456 2360 homines
2479 2308 2823 2376 rapuerunt,
2858 2321 2973 2360 non
2999 2310 3062 2361 ut
3083 2304 3195 2361 illa:
3221 2323 3347 2377 qum
3369 2306 3428 2362 in
3463 2307 3681 2364 fabulis
3711 2312 3851 2365 sunt

2187 2393 2580 2466 Harpyiae,sed
2605 2394 2675 2449 ad
2702 2410 2800 2450 eos
2823 2393 3145 2451 miserabili
3176 2395 3303 2451 neci
3325 2396 3661 2454 tradendos.
3697 2399 3846 2464 Quid

2188 2482 2518 2556 nugamini,
2575 2500 2606 2539 ο
2672 2483 2941 2539 miseri?
2998 2484 3349 2557 Magnoperc
3425 2502 3722 2558 cuperem,
3783 2492 3850 2545 ut

2189 2572 2447 2645 OEdipus
2471 2572 2711 2645 quidam
2741 2577 2843 2627 aut
2869 2573 3113 2645 Ulysses
3135 2574 3461 2630 etiamnum
3485 2575 3850 2632 inveniretur

2189 2662 2289 2734 qui
2323 2661 2618 2731 eiusmodi
2668 2662 2886 2718 malum
2921 2662 3113 2717 delere
3162 2668 3419 2734 possent.
3454 2663 3641 2736 Scylla
3686 2665 3844 2721 enim

2186 2750 2291 2805 illa
2319 2749 2515 2806 Sicula
2562 2750 3116 2823 praeternavigantes
3149 2752 3206 2806 in
3254 2750 3440 2807 altum
3484 2753 3698 2824 ejectos
3729 2754 3847 2811 vita

2189 2839 2439 2912 privavit
2465 2857 2477 2896 :
2503 2839 2724 2911 Sphinx
2751 2848 2942 2894 autem
2991 2839 3267 2896 Thebana
3314 2840 3582 2897 homines
3614 2858 3644 2897 θ
3675 2842 3848 2900 biviis

2192 2927 2431 2984 allectos
2457 2945 2636 3001 super
2659 2928 2822 2984 urbis
2847 2928 3141 2985 moenibus
3161 2931 3477 2985 devoravit.
3502 2930 3633 2986 Haec
3652 2936 3848 2988 autem

2192 3018 2379 3074 bestia
2403 3018 2782 3074 Macedonica
2799 3035 2913 3074 non
2936 3034 2967 3073 e
2991 3018 3134 3074 locis
3151 3018 3434 3090 profanis,
3469 3020 3570 3075 sed
3595 3036 3624 3074 e
3656 3021 3854 3077 media

2192 3108 2311 3163 aede
2341 3107 2539 3162 divina
2569 3123 2636 3162 eo
2683 3107 2783 3179 qui
2829 3106 2971 3164 illuc
3000 3109 3342 3180 confugerat
3382 3112 3578 3181 erepto
3609 3111 3850 3166 horrcn-

2193 3198 2332 3252 dum
2366 3195 2663 3267 piaculum
2698 3197 3122 3253 commisit..En
3154 3201 3444 3254 recentem
3479 3198 3631 3255 hanc
3661 3199 3848 3271 vobis,

2193 3304 2223 3342 ο
2258 3288 2487 3357 fratres,
2537 3285 2778 3358 exposui
2825 3287 3124 3358 injuriam,
3172 3304 3380 3342 novam
3431 3289 3848 3345 contumeliam

419 3372 584 3428 τάτου
666 3367 822 3427 οἷ’κου
905 3372 1145 3446 ἁρπάσας
1209 3374 1301 3430 τὸν
1381 3374 1528 3446 αύτῷ
1608 3376 2071 3456 προσπεφευγότα,

2193 3374 2669 3445 ecclesiasticam,
2722 3375 2915 3432 scelus
2974 3375 3374 3444 manifestum,
3435 3377 3846 3450 nuperrimum

427 3459 574 3517 δεινᾶ
617 3458 842 3526 διέθετο.
887 3462 1203 3541 Πρόσφατον
1257 3461 1376 3519 ἰδοῦ
1431 3469 1592 3520 τοῦτο
1649 3465 1802 3539 ὑμῖν,
1845 3467 1888 3520 ὦ
1920 3463 2080 3522 ἀδελ-

428 3551 542 3630 φοὶ,
602 3553 987 3627 περιηγσάμην
1066 3553 1344 3631 φορτικὸν,
1393 3556 1584 3629 νεαρὰν
1663 3550 1814 3632 ὕϐριν
1877 3554 2076 3627 ἐκκλη-

431 3643 737 3711 σιαστικήν,
794 3641 1049 3716 ὑπόγυιον
1109 3641 1366 3713 ἐλεεινὸν,
1413 3644 1603 3719 χθιζὸν
1653 3645 1956 3721 ἁμαρτημα
2004 3643 2080 3707 εἷς

425 3730 518 3784 τὸν
573 3731 722 3802 Θεὸν,
776 3727 1096 3807 ἀδιαφορίαν
1149 3727 1386 3803 ἔκδικον,
1438 3729 1503 3801 ἤν
1569 3731 1668 3787 οὐκ
1724 3733 1784 3788 ἂν
1835 3733 2074 3810 ἀρνήση-

429 3830 538 3890 σθε,
598 3818 737 3891 πρὸς
795 3818 860 3889 ἤν
922 3820 1021 3874 ούκ
1080 3818 1140 3874 ἃν
1198 3817 1385 3896 ἔχοιτε
1444 3821 1612 3876 εἷ’πεῖν
1671 3823 1774 3878 τόο
1825 3847 1852 3875 ‹‹
1904 3823 2074 3878 Πόθεν

422 3912 584 3964 τοῦτο
616 3906 782 3978 δῆλον
823 3927 836 3978 ;
885 3933 914 3962 ››
962 3909 1053 3964 καὶ
1101 3907 1162 3964 τό
1197 3929 1209 3941 ·
1248 3934 1276 3962 ι(
1328 3916 1752 3986 Συκοφαντεῖται
1806 3913 1834 3966 6
1867 3910 2072 3988 ἄνθρω-

420 4018 546 4071 πος,
578 4024 605 4050 ››
638 3998 726 4053 καὶ
759 3997 820 4053 τό
854 4017 868 4030 ·
929 4023 950 4050 ιι
1003 3997 1440 4070 Ἀποδειχθήτω.
1473 4024 1500 4051 ››
1552 4001 1615 4058 Εἰ
1666 3999 1722 4056 δέ
1759 4022 1901 4064 τινες
1932 4002 2072 4075 ἠμέ-

418 4108 504 4164 ραι
552 4087 781 4150 πλείους
829 4093 938 4143 τῶν
995 4087 1160 4164 μέχρι
1209 4096 1309 4158 τῆς
1362 4088 1482 4164 ἄρτι
1538 4089 1840 4167 ἐμέτρησαν
1883 4093 2068 4167 καιρὸν

416 4177 772 4253 μακρότερον,
829 4172 926 4232 οόκ
986 4173 1102 4254 ἔχω
1162 4176 1646 4254 ἀπισχυρίσασθαι,
1722 4180 1796 4242 ὡς
1854 4181 1953 4236 ούκ
2009 4181 2069 4236 ἂν

417 4265 801 4343 ἀπαρνήσησθε
873 4266 964 4321 καὶ
1049 4267 1148 4335 τὴν
1231 4265 1522 4322 ἐνεστῶσαν
1613 4267 2066 4340 ἐκκλησιαστικὴν

418 4355 658 4429 ἀτιμίαν.
723 4359 828 4410 Νῦν
884 4354 941 4410 δὲ
1015 4355 1121 4410 οὐκ
1195 4352 1335 4411 ἔστιν
1414 4353 1536 4412 οῦτε
1585 4359 1870 4427 ἀντειπεῖν,
1944 4360 2071 4416 οὐτε

418 4444 641 4521 ἄρνησιν
672 4451 1038 4522 προενεγκεῖν.
1087 4453 1172 4515 Ὢ,
1227 4445 1340 4509 οἶος
1396 4442 1680 4523 ἅνθρωπος
1712 4450 2064 4521 κατεξανέστη

415 4535 720 4610 προνομίου
782 4533 1279 4606 ἐκκλησιαστικοῦί
1358 4535 1423 4591 Τί
1497 4538 1801 4610 ποιήσομεν
1835 4581 1848 4606 ,
1908 4535 1962 4593 si’
2013 4561 2065 4594 τι

421 4629 606 4697 μεῖζυν
660 4620 812 4680 ἔλθοι
872 4625 1084 4693 ποθέν;
1159 4625 1508 4682 Μεσιτεύεται
1578 4627 1604 4680 6
1677 4631 1926 4688 τοιοῦτος
1976 4626 2066 4706 ὐφ’

2191 3464 2470 3522 adversus
2487 3463 2670 3519 Deum
2687 3464 3474 3535 peccatum,indifl‘erentiam
3488 3465 3844 3538 improbam,

2191 3573 2370 3627 quam
2393 3573 2508 3611 non
2533 3554 3028 3624 diffitebimini,ad
3048 3555 3220 3626 quam
3246 3572 3358 3610 non
3384 3555 3627 3628 potestis
3661 3573 3844 3627 oppo-

2190 3661 2328 3701 nere
2375 3644 2569 3700 illud:
2618 3643 2783 3699 Unde
2839 3643 2950 3699 hoc
2999 3644 3433 3700 manifestum?
3464 3648 3566 3699 aut
3611 3643 3771 3701 istud
3823 3662 3837 3702 :

2187 3732 2555 3790 Calumniam
2587 3733 2763 3789 homo
2796 3733 3034 3804 patitur,
3051 3739 3152 3788 aut
3181 3734 3290 3789 hoc
3322 3750 3335 3788 :
3375 3735 3840 3790 Demonstretur.

2185 3823 2469 3893 Equidem
2505 3828 2566 3879 ut
2587 3823 2707 3878 haec
2731 3839 2823 3878 res
2846 3821 3295 3895 aliquotdiebus
3319 3823 3485 3895 prius
3516 3827 3618 3878 aut
3649 3824 3840 3880 serius

2185 3913 2479 3982 acciderit,
2514 3911 2661 3967 nihil
2709 3929 3024 3984 opponam,
3059 3912 3211 3968 sicut
3239 3929 3338 3968 vos
3389 3912 3489 3968 Dei
3523 3911 3838 3969 Ecclesiam

2183 4002 2627 4057 dehonestatam
2661 4017 2790 4056 esse
2822 4017 2936 4055 non
2969 4001 3413 4073 negabitis.Jam
3449 4018 3638 4073 neque
3661 4019 3840 4074 oppo-

2184 4091 2356 4146 nendi
2382 4095 2472 4146 est
2495 4090 2880 4161 loeus,neque
2905 4091 3178 4162 negandi.
3213 4089 3413 4153 Qualis
3435 4094 3631 4146 autem
3663 4091 3839 4148 homo

2183 4179 2625 4253 praerogativam
2674 4178 3132 4235 ecclesiasticam
3169 4177 3445 4235 violavit!
3480 4179 3629 4242 Quid
3663 4180 3839 4237 facie-

2181 4269 2393 4336 mus,si
2425 4268 2562 4340 quid
2597 4267 2836 4340 gravius
2868 4267 3137 4323 alicunde
3168 4267 3486 4323 acciderit?
3512 4269 3839 4325 Patrocinio

2179 4363 2370 4414 vestro
2404 4357 2617 4412 fruitur
2644 4357 2775 4424 iste,
2809 4374 2841 4412 o
2875 4357 3120 4412 humani
3156 4357 3528 4424 mediatores,
3563 4358 3836 4429 quamvis

2177 4447 2462 4504 violentiae
2512 4447 2773 4510 inimici;
2808 4445 3377 4517 igiturjustiﬁcatus
3420 4445 3516 4502 sit.
3551 4447 3833 4502 Caeterum

2179 4555 2292 4592 non
2326 4553 2568 4610 possum
2601 4536 2745 4607 quin
2769 4536 2878 4591 hac
2901 4535 2970 4591 de
2992 4550 3053 4590 re
3076 4535 3402 4606 saepissime
3428 4534 3718 4608 lacrymas
3742 4553 3835 4592 me

2177 4628 2450 4683 fusurum
2486 4625 2850 4698 promittam.
2886 4625 3066 4680 Nobis
3098 4624 3333 4680 miseris
3381 4642 3498 4681 non
3530 4626 3836 4681 sufﬁciunt

422 4711 594 4783 ὑμῶν,
654 4709 698 4766 ὦ
756 4709 1129 4788 φιλάνθρωποι
1165 4717 1400 4787 μεσῖται,
1452 4715 1526 4787 μή
1587 4735 1692 4768 που
1748 4712 1805 4769 δὲ
1862 4716 1952 4769 καὶ
1984 4737 2067 4794 ιρι-

2184 4717 2489 4772 innumera
2517 4732 2643 4788 quae
2699 4714 2869 4770 nobis
2919 4714 3167 4769 invicem
3219 4714 3632 4769 machinamur
3658 4713 3832 4782 mala,

421 4795 694 4876 λάρπαγες
727 4818 740 4832 ⁶
794 4801 883 4855 καὶ
941 4796 1078 4855 ἔστω
1128 4799 1571 4876 δεδικαιωμένος.
1621 4803 1956 4868 Ἀποκείσθω
2011 4802 2066 4860 δέ

421 4909 515 4961 μοι
546 4888 732 4966 λόγος,
767 4890 840 4952 ὡς
875 4890 991 4944 ἀντὶ
1035 4889 1242 4945 τούτων
1293 4889 1481 4946 πολλὰ
1527 4891 1875 4967 κλαυσόμεθα
1915 4892 2066 4948 ὕστε-

415 4997 532 5052 ρον.
565 4979 680 5036 Οὐκ
707 4979 862 5054 ἀρκεῖ
902 4984 1024 5042 τοῖς
1077 4977 1337 5042 ἐλεεινοῖς
1386 4983 1550 5054 ἡμῖν,
1599 4979 1698 5036 ὅσα
1737 4984 1854 5038 κατ’
1886 4981 2064 5056 ἀλλή-

2177 4807 2273 4862 sed
2300 4807 2426 4877 jam
2459 4805 2636 4860 etiam
2687 4809 2798 4860 Deo
2829 4803 2947 4860 vim
2983 4803 3314 4873 inferimus,
3348 4808 3412 4857 ut
3455 4803 3679 4859 scilicet
3714 4807 3833 4859 ter-

2175 4911 2305 4951 rore
2333 4893 2640 4967 perculsus
2693 4893 2780 4949 vel
2815 4893 3037 4948 invitus
3069 4909 3352 4964 prospera
3399 4892 3539 4948 anni
3570 4891 3836 4966 auspicia

2176 4984 2348 5042 nobis
2377 4982 2695 5041 concedat!

414 5065 526 5122 λων
585 5068 996 5142 τεκταινόμεθα,
1073 5066 1146 5123 ὦν
1210 5066 1334 5124 ούδὶ
1405 5064 1546 5126 ἔστιν
1609 5072 1843 5148 ἀριθμός
1878 5091 1892 5106 ⁸
1927 5071 2054 5128 ἀλλ’
2114 5071 2233 5130 ἰδοῦ
2293 5072 2382 5127 καὶ
2439 5073 2554 5127 κατ’
2613 5070 2777 5124 αὐτοῦ
2830 5073 2962 5124 Θεοῦ
3021 5067 3284 5144 γινόμεθα
3341 5068 3582 5146 ἰσχυροὶ,
3639 5065 3714 5132 ὣς
3771 5066 3832 5124 ἃν

411 5157 585 5231 οἶμαι,
615 5158 875 5230 πτοηθεὶς
905 5157 1181 5234 έύλογήσῃ
1215 5157 1357 5214 ἄκων
1389 5161 1526 5234 ἡμῖν
1556 5161 1646 5216 τὸν
1682 5163 1940 5241 στέφανον
1972 5166 2069 5218 τοῦ
2100 5161 2370 5220 ἐνιαυτοῦ.

473 5281 571 5350 κζ’.
625 5280 802 5352 Ἀλλ’,
858 5283 904 5337 ὦ
961 5281 1144 5356 Κύριε,
1215 5281 1402 5356 Κύριε,
1468 5279 1710 5358 ὅρθωσον
1768 5289 1940 5360 ἧμᾶς,
1997 5287 2062 5342 ού

402 5371 872 5444 προσκόπτοντας,
927 5370 988 5426 ού
1056 5369 1494 5446 σφαλλομένους,
1568 5375 1632 5428 ού
1688 5375 2048 5430 καταπίπτον-

402 5477 516 5528 τας,
570 5459 700 5515 ούδὶ
757 5459 1151 5523 καταπεσόντας
1207 5457 1348 5536 ἄρτι,
1403 5459 1531 5517 ἀλλ’
1587 5462 1646 5518 ἐκ
1706 5469 1916 5540 μακροῦ
1963 5465 2053 5520 καὶ

403 5546 709 5622 κειμένους,
767 5552 853 5606 καὶ
908 5552 987 5624 τῷ
1039 5549 1292 5623 πτώματι
1356 5551 1420 5606 ού
1474 5553 1638 5623 μόνον
1687 5549 2055 5630 ἐμϐραδύνονο

405 5657 527 5709 τας,
578 5637 726 5694 ἀλλά
755 5639 844 5694 καὶ
901 5635 1318 5712 ἐμϐαθύνοντας.
1371 5638 1690 5718 Εύλόγτ,σον
1747 5645 1919 5717 ἡμᾶς,
1967 5642 2059 5699 ’ἱνα

412 5725 608 5801 οὕτως,
669 5729 1081 5804 εὐλογηθέντων
1153 5731 1338 5802 ἡμῶν,
1410 5731 1501 5786 καὶ
1560 5731 1877 5798 ἀκολούθως
1931 5735 2060 5809 ἀρε-

413 5815 653 5874 σκόντων
688 5840 793 5890 σοι,
845 5817 1169 5894 εὐλογηθείη
1224 5817 1312 5875 καὶ
1362 5820 1390 5876 ὁ
1436 5819 1640 5886 κύκλος
1671 5827 1790 5898 ιτοῦ
1821 5823 2062 5880 ἐνιαυτοῦ

2244 5288 2449 5343 27.Sed
2474 5291 2598 5353 tu,o
2620 5283 3299 5356 Domine,erigenos,qui
3323 5300 3435 5339 non
3453 5282 3830 5369 offendimus,

2163 5395 2280 5434 non
2313 5376 2602 5444 cedimus,
2628 5391 2743 5430 non
2776 5373 3029 5441 ruimus,
3051 5389 3240 5444 neque
3271 5389 3449 5445 super
3478 5372 3827 5442 cecidimus,

2165 5468 2265 5524 sed
2301 5482 2369 5522 ex
2418 5466 2589 5536 longo
2621 5463 2757 5518 inde
2786 5466 3074 5532 tempore,
3105 5467 3162 5517 et
3205 5463 3497 5533 jacemus,
3534 5467 3592 5518 et
3623 5479 3828 5519 casum

2167 5572 2282 5613 non
2315 5554 2505 5611 solum
2542 5550 3074 5625 protrahimus,sed
3109 5550 3285 5606 etiam
3318 5553 3826 5625 augemus.Bene-

2170 5645 2331 5702 dicas
2364 5644 2555 5716 nobis,
2589 5646 2654 5697 ut
2684 5640 2790 5707 sic,
2827 5639 2922 5695 ubi
2964 5639 3393 5697 benedictionis
3426 5646 3540 5697 tua)
3592 5643 3826 5713 partici-

2169 5752 2274 5808 pes
2305 5736 2546 5808 ideoque
2575 5733 2682 5790 tibi
2716 5729 2867 5804 grati
2898 5729 3032 5786 facti
3063 5729 3304 5796 erimus,
3329 5748 3432 5804 per
3460 5735 3624 5787 tuam
3655 5730 3821 5787 beni-

2175 5827 2458 5898 gnitatem
2487 5824 2664 5882 etiam
2714 5819 2970 5878 circulus
3019 5819 3157 5877 anni
3205 5821 3603 5878 benedicatur.
3637 5819 3820 5877 Aliter
