4130 6356
379 432 500 495 559

1155 423 1580 491 EUSTATHII
1624 418 2394 484 THESSALONICENSIS
2439 421 3030 488 METROPOLITE

3685 431 3806 494 560

383 567 542 624 enim
591 566 703 622 hoc
750 564 874 621 ﬁeri
917 580 1034 621 non
1089 576 1260 636 posse
1316 562 1464 617 bene
1510 555 1820 631 perspicio.
1851 553 2032 610 Nobis

2148 549 2237 607 διὰ
2289 559 2397 623 τῆσ
2452 559 2553 624 σῆς
2615 555 3022 633 χρηστότητος
3086 556 3315 624 Ἄλλως
3365 559 3492 637 γὰρ,
3541 562 3679 618 καΘᾶ
3711 585 3806 620 συν

383 657 542 714 enim
572 654 940 727 impossibile
969 653 1079 710 hoc
1108 653 1181 708 ob
1212 643 1809 722 perversitatem.Tibi
1841 645 2037 699 autem

384 745 496 802 soli
552 742 854 818 possibile,
902 746 1104 814 utpote
1161 737 1550 810 omnipotenti
1609 734 2038 804 hominumque

383 833 596 890 amico.
626 829 1022 887 Tolerantiam
1063 827 1232 883 nobis
1281 825 1508 894 exhibe,
1541 823 1680 878 licet
1728 818 2040 876 tolerantia

382 921 612 995 indigni
669 921 876 976 simus.
907 918 1212 974 Conducas
1242 915 1622 986 impeluosos.
1658 911 1922 967 Reducas
1951 926 2039 965 er-

385 1017 603 1069 rantes.
637 1014 846 1066 Rectos
877 1008 1088 1066 reddas
1132 1020 1459 1082 perversos.
1512 1002 1856 1061 Promoveas
1903 999 2042 1056 edo-

384 1117 632 1176 ceasque
663 1099 794 1158 illos
824 1100 923 1173 qui
957 1101 1028 1156 ad
1062 1099 1341 1172 puerilem
1365 1115 1431 1154 ac
1463 1097 1777 1170 reprobum
1796 1107 2038 1150 sensum

384 1211 515 1254 sese
547 1194 983 1250 converterunt.
1019 1189 1342 1246 Corrobora
1373 1187 1722 1251 dissolutos,
1755 1183 2040 1239 confirma

384 1284 905 1355 debiles,illumina
923 1281 1464 1351 stolidos,condona
1487 1275 1858 1349 prudentiam
1875 1290 2040 1330 men-

381 1379 438 1429 te
460 1373 925 1444 captis.lnstitue
948 1387 1074 1438 nos,
1109 1374 1174 1424 ut
1221 1385 1338 1424 non
1361 1371 1738 1438 exspetamus
1760 1365 2037 1419 demons-

381 1464 696 1520 trationem
729 1462 801 1517 de
832 1461 1049 1533 quibus
1079 1457 1576 1527 erudimur.Saspe
1607 1453 1759 1510 enim
1791 1453 2040 1508 interro-

383 1569 596 1625 gamus
630 1568 642 1607 :
678 1550 842 1608 Unde
872 1550 1332 1615 demonstratur,
1359 1563 1466 1602 nos
1496 1542 1781 1617 peccare?
1800 1543 1844 1599 Ο
1874 1542 2039 1614 igno-

384 1640 678 1698 rantiam!
715 1645 837 1695 Non
881 1639 1245 1710 judicamur,
1279 1654 1310 1691 o
1342 1636 1572 1705 fratres,
1608 1651 1722 1689 non
1772 1630 2040 1703 coargui-

386 1748 543 1799 mur,
575 1747 692 1786 non
723 1730 954 1784 curiose
985 1725 1468 1798 inquirimur,sed
1501 1723 1910 1779 tantummodo
1943 1737 2044 1793 per

384 1819 821 1876 institutionem
853 1819 1255 1874 admonemur.
1289 1813 1624 1870 Admonitio
1655 1817 1849 1868 autem
1882 1809 2040 1865 haud

2147 645 2282 718 ορῶ,
2334 643 2575 719 γενέσθαι
2620 649 2784 701 τοῦτο
2838 645 2900 701 οὐ
2956 643 3200 706 δυνατόν.
3235 648 3313 707 Οὔ
3364 647 3590 707 δὺνατὸν
3641 649 3700 707 δὲ
3743 653 3808 711 τό

2147 751 2211 806 γε
2247 730 2324 794 εἷς
2377 734 2523 805 ἡμᾶς
2565 736 2700 802 ἧκον
2750 733 2809 790 ἐκ
2861 733 3230 814 φαυλότηττς.
3285 737 3382 793 Σοί
3425 736 3482 797 δὶ
3524 741 3679 814 μόνῳ
3713 739 3808 798 δυ·

2148 821 2326 892 νατὸν,
2373 826 2451 894 τῷ
2506 824 2592 878 καὶ
2655 822 3056 900 παντοδυνάμῳ
3109 828 3200 882 καὶ
3258 827 3651 907 φιλανθρώπῳ.
3686 832 3807 890 Ἀν-

2151 911 2287 1000 ἑχου
2369 912 2555 985 ἡμῶν,
2613 912 2657 968 εἰ
2715 913 2804 970 καὶ
2871 917 2946 990 μή
3007 914 3165 992 ἐσμεν
3227 918 3367 993 ἄξιοι
3419 925 3520 990 τῆς
3568 919 3806 1000 ἀνοχῆς.

2147 997 2374 1072 Ὀδήγει
2452 1009 2933 1081 παροιστροῦντας.
3017 1007 3286 1084 Ἐπάναγε
3366 997 3794 1086 πλανωμένους.

2150 1088 2378 1167 Διόρθου
2437 1089 2893 1169 οτεϐλουμένους.
2975 1097 3285 1169 Ἐνηλικίου
3357 1099 3446 1154 καὶ
3499 1103 3806 1180 σωφρόνιζε

2150 1181 2548 1257 στρεφομένους
2605 1183 2680 1246 είς
2737 1183 3079 1261 παιδαριώδη
3138 1191 3265 1243 νοῦν
3325 1186 3614 1262 ἀδόκιμον.
3655 1190 3809 1268 Σύρ-

2151 1271 2318 1348 ῥαπτε
2399 1271 2889 1348 παραλυομένους,
2972 1274 3336 1350 ἐκλυομένους
3421 1279 3807 1355 συναρμοττε,

2151 1361 2338 1436 σόφιζε
2394 1361 2858 1435 ἀπονενοημένους
2910 1383 2922 1396 ·
2983 1363 3175 1420 ἐντίθει
3231 1371 3353 1422 νοῦν
3413 1366 3804 1424 ἀπολωλεκόσι

2147 1451 2241 1511 τὰς
2299 1449 2463 1527 ἀρθὰς
2513 1452 2728 1528 φρένας.
2781 1451 3000 1525 Δίδαξον
3040 1457 3191 1528 ἡμᾶς
3243 1457 3320 1529 μή
3367 1457 3612 1512 ἀπαιτεῖν
3666 1458 3808 1514 ἀπο-

2153 1537 2361 1611 δείξεις,
2423 1539 2502 1618 ἐφ’
2553 1541 2633 1606 οἷς
2713 1543 3229 1620 παραγγελλόμεθα.
3318 1547 3533 1622 Συγνὸν
3593 1548 3692 1623 γὰρ
3749 1547 3804 1603 ἐν

2151 1633 2285 1703 ἡμῖν
2335 1630 2424 1685 καὶ
2480 1632 2542 1686 τὸ
2575 1651 2586 1663 ·
2649 1658 2674 1683 ‹‹
2737 1633 2905 1690 Ηόθεν
2964 1633 3252 1708 νηλοῦται,
3285 1638 3367 1691 ὅτι
3425 1637 3690 1712 πταίομεν
3722 1658 3737 1708 ;
3772 1664 3806 1691 »

2151 1720 2217 1773 Ὠ
2267 1725 2366 1788 τῆς
2416 1719 2973 1795 ἆνεπιστημοσύνηςί
3026 1725 3105 1781 Οὐ
3169 1722 3523 1799 δικαζόμεθα,
3573 1725 3617 1781 ὦ
3649 1725 3807 1784 ἀδελ-

2152 1809 2266 1887 φοὶ,
2329 1807 2427 1863 οὐκ
2485 1809 2908 1886 ἐξελεγχόμεθα,
2990 1811 3051 1868 οὐ
3133 1811 3750 1890 πολυπραγμονούμεθα
3783 1837 3798 1851 ο

390 1924 624 1980 semper
655 1923 893 1962 necesse
924 1910 1013 1960 est
1042 1910 1104 1959 ut
1135 1908 1434 1973 peccatum
1467 1901 1819 1958 antecedens
1850 1904 2032 1967 sanet,

2155 1897 2314 1971 μόνον
2385 1895 2442 1952 δὲ
2523 1895 2914 1963 διδασκανικῶς
2972 1901 3411 1978 παραινούμεθα.
3486 1906 3801 1980 Παραίνεσις

390 1997 493 2053 sed
551 1995 846 2051 interdum
897 2008 1248 2066 presservare
1304 1991 1497 2062 debet,
1538 1988 2032 2062 quemadmodum

2151 1984 2208 2042 δὲ
2260 1986 2363 2042 οὐκ
2416 1987 2466 2058 ἐξ
2535 1988 2775 2064 ἀνάγκης
2852 1992 3030 2045 ἅπασα
3087 1993 3446 2066 Θεραπευτική
3509 1993 3592 2049 ἐπὶ
3657 1997 3792 2072 φθά-

381 2083 668 2142 nonnulla
716 2083 1165 2140 medicamenta.
1200 2082 1258 2138 Si
1313 2082 1495 2154 igitur
1545 2097 1637 2135 me
1685 2079 2039 2134 admonente

377 2174 662 2242 eil'eraris,
694 2191 726 2230 ο
761 2175 956 2238 frater,
990 2189 1181 2244 neque
1211 2170 1438 2243 placide
1487 2186 1660 2226 aures
1693 2167 1837 2224 mihi
1891 2185 2036 2239 pra:-

376 2265 506 2332 bes,
555 2263 660 2320 sed
717 2261 1248 2318 demonstrationes
1304 2258 1576 2332 requiris,
1641 2256 2036 2329 suspicionem

379 2369 579 2409 moves
608 2353 766 2424 quod
813 2351 978 2424 prius
1010 2350 1358 2423 peccaveris.
1400 2353 1513 2403 Cur
1551 2348 1733 2420 igitur
1780 2346 2035 2417 teipsum

379 2442 626 2515 prodis?
654 2445 768 2496 Cur
811 2441 1248 2496 accusationem
1298 2439 1580 2494 adversus
1613 2441 1667 2493 te
1709 2451 1988 2508 provocas
2009 2435 2038 2489 Ἰ

379 2530 608 2586 Audisti
657 2529 1160 2598 admonitionem;
1193 2528 1374 2584 adora
1416 2532 1472 2583 et
1504 2525 1631 2595 sile,
1666 2530 1731 2581 ut
1777 2525 1861 2582 sic
1911 2540 2039 2596 pec-

381 2619 495 2675 cati
525 2634 729 2691 expers
761 2633 1072 2690 appareas.

449 2800 539 2855 28.
569 2804 702 2855 Haec
730 2799 914 2872 igitur
943 2799 1028 2855 sic
1077 2798 1138 2854 in
1190 2797 1384 2867 nobis,
1412 2813 1444 2853 ο
1476 2797 1767 2864 Servator,
1801 2793 2033 2866 perﬁce,

380 2889 798 2946 contumeliam
830 2888 1034 2945 cohibe
1083 2886 1341 2943 ecclesias
1369 2885 1594 2942 illatam
1644 2889 1700 2940 et
1748 2884 2035 2955 impetum

377 2978 549 3034 illum
583 2978 886 3046 audacem,
913 2978 1306 3041 insensatum,
1331 2973 1702 3041 illiberalem,
1719 2971 2034 3045 illegalem,

379 3066 586 3122 multis
613 3067 950 3122 verberibus
970 3062 1828 3137 dignum,sacrilegum.Annon
1854 3060 1946 3116 hic
1963 3059 2037 3116 de

380 3154 685 3227 sacrilegio
721 3155 915 3227 agitur
934 3154 1225 3226 ejusmodi
1256 3153 1412 3226 quod
1434 3151 1525 3208 vel
1553 3153 1846 3208 infaustus
1869 3151 2034 3206 Afra-

377 3250 470 3302 tas
497 3261 810 3317 agnoscere
840 3243 1091 3300 debeat?
1114 3243 1268 3299 Alias
1288 3243 1446 3299 enim
1477 3240 1850 3313 sacrilegium
1881 3237 2032 3293 clam

2150 2097 2298 2131 σαντι
2357 2076 2734 2152 ἁμαρτήματι,
2794 2077 2941 2134 ἄλλὰ
2997 2101 3103 2135 που
3179 2081 3270 2136 καὶ
3315 2081 3793 2163 προφυλάσσουσα,

2149 2166 2314 2220 ὁποία
2391 2162 2456 2236 δή
2531 2187 2651 2222 τινα
2725 2168 2816 2223 καὶ
2879 2168 2946 2223 τὰ
3019 2170 3329 2245 ἱατρευτικὰ
3385 2162 3671 2251 φάρμακα.
3733 2173 3800 2228 El

2145 2260 2273 2332 γοῦν
2327 2256 2418 2310 καὶ
2476 2253 2610 2328 ἐμοῦ
2659 2262 3049 2334 παρρινοῦντνς
3106 2260 3432 2337 ἐξαγριαίνῃ,
3484 2264 3530 2318 ὧ
3578 2261 3803 2342 ἀδελφὶ,

2145 2346 2236 2400 καὶ
2269 2344 2331 2399 ού
2372 2351 2668 2420 προσηνῶς
2709 2347 2978 2417 ἀκούσεις,
3021 2347 3169 2405 ἀλλὰ
3218 2349 3484 2427 ἔλὲγχους
3535 2353 3806 2422 ἀπαιτεῖς,

2147 2434 2403 2489 ὑπόνοιαν
2463 2435 2720 2508 πέμπεις,
2797 2435 2882 2492 ὅτι
2958 2437 3156 2502 σθάσας
3225 2433 3472 2504 ἔπαισας.
3550 2441 3620 2498 Τί
3675 2447 3806 2519 γοῦν

2147 2523 2364 2577 σεαυτὸν
2427 2523 2682 2599 φαίνεις;
2745 2524 2813 2582 Τί
2890 2527 3219 2604 κατηγορίαν
3297 2527 3509 2601 ἐνιστᾷς
3566 2528 3654 2586 ἰπὶ
3720 2529 3809 2586 σοὶ

2145 2609 2292 2682 αὐτῷ
2324 2629 2338 2680 ;
2373 2612 2642 2674 Ἤκουσας
2697 2613 3050 2689 παραίνεσιν·
3112 2616 3516 2692 προσκύνησον,
3573 2617 3665 2673 καὶ
3725 2618 3811 2674 σί-

2144 2721 2336 2776 γησον,
2369 2700 2443 2763 ὡς
2476 2701 2536 2755 ἃν
2570 2702 2711 2756 οὕτω
2735 2699 2958 2773 δοκοίης
2990 2703 3395 2781 ἀναμάρτητος.

2216 2789 2322 2859 κη’.
2372 2789 2554 2845 Ταῦτά
2580 2810 2640 2844 τε
2687 2787 2776 2844 οὖν
2834 2789 3007 2855 οὕτως
3053 2790 3108 2846 ἐν
3160 2793 3319 2866 ἡμῖν,
3370 2790 3414 2846 ὦ
3466 2797 3674 2869 Σῶτερ,
3705 2814 3806 2849 κα·

2143 2876 2416 2953 τάρτισον,
2471 2878 2562 2933 καὶ
2621 2882 2816 2944 στῆσον
2880 2881 2978 2949 τὴν
3048 2877 3168 2936 ἰδοὺ
3243 2882 3380 2936 κατὰ
3435 2889 3536 2953 τῆς
3596 2881 3803 2952 ἰκκλη-

2145 2967 2264 3029 σίας
2296 2961 2476 3043 ὕϐριν,
2503 2967 2590 3022 καὶ
2639 2968 2702 3023 τὸ
2755 2968 2871 3023 κατ’
2920 2967 3088 3038 αὐτῆς
3138 2967 3468 3045 ἐμπήδημα,
3507 2973 3568 3027 τὸ
3599 2974 3787 3046 θρασὺ,

2142 3056 2205 3111 τὸ
2256 3055 2562 3131 ἀλόγιστον,
2611 3057 2674 3112 τὸ
2728 3055 3072 3126 ἀπαίδευτον,
3127 3059 3190 3113 τὸ
3247 3055 3499 3134 ἔκνομον,
3542 3062 3602 3115 τὸ
3649 3063 3795 3120 πολ-

2147 3143 2258 3200 λῶν
2314 3143 2542 3220 πληγῶν
2599 3147 2768 3217 ἄξιον,
2827 3147 2888 3201 τὸ
2947 3145 3312 3223 ἱεροσυλικόν.
3367 3150 3470 3206 Καὶ
3533 3151 3639 3224 μὴν
3699 3153 3802 3210 οὐκ

2145 3231 2285 3289 ἔστιν
2346 3233 2571 3290 ἐνταῦθα
2620 3234 2864 3310 σύλημα,
2907 3233 2999 3290 ’ίνα
3047 3237 3134 3292 καὶ
3189 3236 3489 3313 ἱεροσυλεῖν
3541 3237 3730 3312 δοκοιη
3768 3243 3796 3296 6

379 3338 437 3390 et
466 3307 786 3390 invooculto
819 3332 1142 3406 perpetrari
1173 3331 1338 3388 solet.
1375 3332 1476 3387 Hic
1510 3307 1719 3387 auten;
1757 3328 1904 3384 nihil
1936 3343 2030 3382 oc-

2148 3319 2441 3402 ἀπόφημος
2499 3307 2820 3402 Ἀφρατᾶς;
2901 3323 3054 3396 Συλᾷ
3135 3307 3252 3400 μὲν·
3303 3329 3406 3404 γὰρ
3465 3307 3730 3385 ὁπωσοῦν
3773 3333 3802 3387 ὁ

385 3423 527 3479 culti
557 3427 648 3478 est
678 3426 781 3478 aut
809 3421 1160 3491 absconditi,
1195 3421 1314 3477 imo
1347 3421 1522 3492 plena
1568 3419 1699 3475 luce
1729 3419 1789 3473 in
1840 3417 2031 3472 homi-

379 3528 642 3583 numque
670 3515 987 3583 conspectu
1016 3510 1113 3566 ille
1130 3511 1200 3566 ad
1220 3511 1404 3566 Deum
1426 3525 1627 3582 preces
1658 3508 1878 3564 faciens
1897 3522 2030 3562 cum

374 3600 656 3656 violentia
675 3601 922 3657 abactus
942 3601 1046 3668 esi,
1067 3600 1346 3670 sacrilege
1364 3603 1600 3671 ereptus
1619 3598 1673 3669 (ο
1693 3595 1911 3668 templo
1943 3595 2031 3650 ni-

372 3689 616 3761 mirum)
649 3693 705 3744 et
755 3688 1042 3744 deductus
1092 3688 1270 3744 veluti
1301 3705 1334 3742 a
1361 3687 1551 3744 bestia
1589 3687 1712 3742 fera
1754 3685 2031 3741 dentibus

370 3779 676 3834 frendente
709 3782 765 3833 et
812 3777 937 3849 apri
969 3777 1155 3833 instar
1199 3781 1537 3849 spumante.
1569 3773 1768 3831 Oculis
1797 3773 2029 3846 .nostris

369 3866 562 3922 adhuc
622 3866 1005 3922 observantur
1053 3865 1210 3923 mala
1258 3866 1316 3921 in
1381 3865 1546 3920 urbis
1597 3865 2029 3938 expugnatione

371 3955 542 4012 nobis
573 3955 755 4023 illata,
804 3972 1055 4028 quarum
1089 3960 1360 4012 auctores
1404 3954 1464 4010 in
1496 3955 1705 4027 primis
1735 3955 1853 4010 Afri
1885 3971 1916 4010 e
1944 3954 2028 4009 Si-

368 4045 504 4100 cilia
535 4047 917 4101 adventantes
950 4045 1128 4100 fuere.
1163 4045 1295 4101 Jam
1321 4062 1454 4101 vero
1483 4044 1616 4102 vilis
1657 4045 1769 4100 iste
1799 4045 2028 4101 Afratas

371 4135 517 4190 mihi
548 4135 779 4191 videtur
809 4152 965 4190 unus
995 4151 1126 4190 esse
1156 4151 1223 4190 ex
1252 4134 1370 4192 illis
1417 4134 1576 4192 Afris
1607 4135 1705 4207 qui
1737 4134 1825 4190 vel
1857 4150 2027 4190 sanc-

371 4225 449 4281 tis
481 4223 746 4280 ecclesiis
779 4239 989 4279 manus
1019 4223 1369 4296 injecerunt.
1406 4223 1540 4279 Illos
1570 4228 1766 4279 autem
1800 4223 2027 4278 utinam

367 4329 677 4384 nunquam
709 4313 768 4367 in
803 4317 1102 4384 posterum
1136 4314 1502 4381 videamus,o
1531 4315 1800 4368 Servator
1829 4317 2032 4368 noster

371 4401 527 4457 Deus
577 4406 635 4456 et
681 4402 1017 4472 redemptor
1065 4407 1124 4458 et
1153 4399 1468 4457 liberatori
1497 4404 1664 4455 Hunc
1713 4405 1909 4456 autem
1941 4400 2028 4455 vi-

368 4491 633 4560 deamus,
666 4495 723 4546 et
751 4491 948 4561 ipsum
1001 4491 1300 4547 meliorem
1336 4490 1576 4558 factum,
1608 4493 1666 4544 et
1713 4488 1861 4544 alios
1905 4506 2026 4544 me—

365 4579 544 4635 liores
585 4580 948 4635 reddentem.
983 4581 1071 4635 Tu
1104 4579 1163 4634 in
1216 4577 1625 4634 misericordia
1653 4582 1710 4632 et
1736 4577 2024 4650 vituperio

2141 3412 2684 3488 παρακρυπτόμενος,
2747 3415 3010 3478 Ἐνταῦθα
3066 3412 3123 3470 δὲ
3181 3413 3336 3472 ούδίν
3395 3437 3447 3472 τι
3510 3426 3802 3498 κρυφαῖον,

2141 3498 2267 3556 οὐδὲ
2306 3499 2566 3577 λαθραῖον
2597 3521 2609 3534 ⁸
2666 3500 2812 3558 ἀλλὰ
2859 3500 3055 3574 ἀνὲδην
3109 3504 3214 3560 ὑπὸ
3264 3507 3405 3580 φωτὶ
3456 3506 3793 3578 αἶ’θριάζοντι

2141 3591 2230 3644 καὶ
2289 3588 2740 3670 ὀφθαλμοφανείᾳ
2795 3592 2824 3646 ὁ
2883 3591 2958 3654 εἰς
3015 3593 3144 3648 Θεὸν
3204 3593 3478 3658 ἱκετεύσας
3537 3595 3794 3674 ἀπήχθη,

2138 3679 2398 3750 συληθεῖς
2449 3680 2543 3754 μὲν
2592 3679 2808 3754 (οὐκοῦν
2868 3679 2928 3736 ἐκ
2980 3685 3083 3736 τοῦ
3141 3681 3336 3758 ἱεροῦ),
3369 3684 3707 3763 ἀφαρπαγεὶς
3742 3685 3802 3744 δὲ

2139 3769 2214 3832 ὡς
2273 3769 2376 3824 ὑπὸ
2431 3769 2621 3847 θηρὸς,
2696 3769 3007 3846 τετριγότος
3085 3768 3311 3837 ὀδόντας
3387 3775 3479 3829 καὶ
3534 3773 3796 3841 σιελῶδες

2139 3859 2560 3936 ἀπαφρίζοντος.
2621 3860 2735 3914 Ἔτι
2792 3859 2898 3932 πρὸ
2957 3859 3257 3938 ὀφθαλμῶν
3303 3864 3418 3917 οἷον
3467 3866 3601 3936 ἡμῖν
3641 3866 3710 3920 τὰ
3739 3865 3794 3923 ἐν

2135 3952 2203 4023 τῇ
2264 3949 2466 4004 ἁλώσει
2512 3949 2671 4017 κακὰ,
2731 3949 2805 4003 ὧν
2866 3949 3181 4026 συνεργάται
3235 3949 3566 4025 ὁτιμάλιστα
3622 3953 3672 4008 oi
3732 3953 3793 4010 ἐκ

2140 4036 2396 4100 Σικελίας
2453 4040 2667 4116 ’Δφροι.
2717 4043 2897 4092 Ἔστω
2951 4035 3017 4108 δὴ
3095 4040 3181 4094 καὶ
3246 4041 3273 4094 6
3329 4041 3578 4116 πιτυρίας
3635 4043 3792 4108 οὗτος

2136 4130 2421 4207 Ἀφρανᾶς,
2481 4127 2554 4189 ὡς
2604 4125 2692 4182 οἷά
2746 4148 2828 4192 τις
2880 4128 2955 4189 εἷς
3007 4126 3227 4185 ἐκείνων
3273 4135 3381 4184 τῶν
3433 4132 3685 4210 Ἀφρων,
3739 4131 3794 4190 οἵ

2136 4217 2226 4272 καὶ
2285 4217 2436 4272 αὐτοὶ
2495 4221 2602 4271 τῶν
2684 4215 2845 4292 ἁγίων
2912 4217 3374 4294 κατεπεχείρησαν
3456 4218 3790 4293 ἐκκλησιῶν.

2138 4305 2296 4361 ’Λλλ’
2345 4304 2584 4369 ἐκείνους
2641 4306 2736 4378 μὶν
2797 4304 2990 4380 μηκέτι
3046 4302 3284 4382 ἴδοιμεν,
3317 4309 3362 4362 ὦ
3405 4315 3592 4386 Σῶτερ
3623 4313 3787 4384 ἡμῶν

2137 4397 2251 4467 Θεὲ,
2309 4396 2398 4452 καὶ
2449 4395 2614 4472 ῥῦστα
2655 4395 2744 4450 καὶ
2793 4394 3149 4471 ἐλευθερωτά.
3199 4401 3402 4454 Τοῦτον
3452 4396 3510 4454 δὶ
3553 4396 3790 4474 ἴδοιμεν,

2136 4486 2295 4542 αὐτόν
2347 4506 2406 4540 τε
2481 4486 2932 4561 σωφρονισθέντα,
3007 4485 3097 4541 καὶ
3193 4487 3408 4564 ἑτέρους
3475 4486 3532 4544 δὲ
3582 4510 3792 4567 σωφρο-

2135 4576 2374 4631 νίσαντα.
2435 4573 2602 4636 Οἶδας
2676 4572 2950 4630 παιδεύειν
3026 4573 3077 4630 ἐν
3161 4574 3298 4632 ὲλέει
3395 4577 3484 4633 καὶ
3542 4577 3788 4655 ἐλέγχῳ.

353 4667 680 4724 informare
713 4668 870 4724 nosti
907 4684 920 4722 :
956 4672 1018 4722 tu
1049 4667 1226 4722 variis
1261 4665 1452 4721 modis
1483 4665 1634 4722 nosti
1667 4673 2019 4724 convertere.

2145 4663 2300 4727 ὖῐδας
2354 4662 2690 4742 ἐπιστρέφειν
2736 4661 3139 4738 πολκμεθόδως
3174 4683 3187 4695 ·
3236 4665 3330 4736 ὠς,
3366 4663 3418 4720 εἷ’
3450 4687 3513 4742 γε
3541 4667 3569 4722 6
3597 4672 3792 4723 τοιοῦ-

309 4799 312 4802 .
354 4757 462 4825 Ita,
496 4757 546 4813 si
578 4757 679 4812 ille
716 4757 955 4811 tandem
987 4755 1059 4810 ad
1093 4771 1185 4810 res
1217 4755 1445 4810 divinas
1475 4755 1805 4828 diligendas
1836 4758 2020 4813 addu-

353 4851 546 4914 catur,
585 4845 970 4913 discedimus,
1003 4843 1139 4898 licet
1189 4842 1626 4901 calamitatibus
1677 4847 1938 4918 oppressi
1971 4851 2029 4903 et

351 4934 583 4990 stolidis
626 4932 972 4988 hominibus
1003 4931 1085 4985 illi
1136 4932 1451 5001 similibus,
1486 4933 1536 4989 si
1569 4935 1669 5006 qui
1699 4934 1891 4991 adhuc
1922 4937 2011 4990 in-

347 5024 682 5082 veniantur.
716 5024 832 5091 Ego
864 5021 1018 5076 enim
1053 5037 1275 5092 precor,
1309 5027 1374 5078 ut
1412 5039 1583 5080 nemo
1616 5023 1767 5080 alius
1797 5024 1891 5080 isti
1925 5025 2007 5081 si-

354 5113 516 5170 milis
545 5112 668 5176 tiat,
702 5113 760 5164 et
791 5115 1241 5182 comprecantur
1284 5129 1515 5170 mecum
1545 5115 1699 5170 idem
1729 5115 1925 5170 cuncti
1961 5119 2018 5172 te

349 5200 631 5267 colentes,
675 5213 925 5269 quorum
978 5215 1180 5272 preces
1227 5202 1506 5260 exaudias
1555 5203 1902 5261 benedictus
1959 5205 2019 5261 in

350 5288 566 5345 saecula
594 5286 967 5347 saeculorum.
1002 5293 1206 5348 Amen.

2131 4774 2225 4813 τος
2283 4752 2359 4816 εἰς
2418 4750 2576 4814 τέλος
2636 4751 2922 4828 ἰπιχαρείη
2978 4757 3095 4816 τοῖς
3151 4753 3340 4818 θείοις.
3397 4750 3695 4830 οἰχόμεθα,
3727 4757 3791 4814 τὸ

2143 4845 2236 4917 μὲν
2271 4842 2508 4916 θλίψεσι,
2537 4843 2600 4897 τὸ
2632 4839 2690 4896 δὶ
2718 4841 2806 4896 καὶ
2840 4841 2943 4897 ὑπὸ
2993 4847 3099 4898 τῶν
3157 4843 3365 4916 ὁμοίως
3419 4843 3565 4917 αύτῷ
3617 4847 3788 4924 ἀφρα-

2139 4929 2296 5004 δέων,
2351 4927 2406 4986 εἷ’
2454 4932 2590 4994 τινες
2647 4953 2752 4986 που
2809 4931 2900 4986 καί
2958 4931 3115 4989 εἰσιν.
3165 4932 3308 5008 Ἐγὼ
3361 4934 3464 5008 γὰρ
3525 4931 3784 5010 εὔχομαι,

2141 5019 2355 5096 μηδένα
2407 5016 2586 5096 ἕτερον
2658 5025 2904 5076 τοιοῦτον
2984 5016 3254 5092 ἐκϐῆναι·
3330 5022 3680 5099 συνεύχονται
3729 5021 3783 5077 δὲ

2147 5116 2310 5169 τοῦτο
2368 5110 2459 5166 καὶ
2517 5110 2568 5165 οἱ
2601 5111 2685 5165 σοὶ
2743 5111 3063 5184 θεράηοντες
3117 5109 3365 5174 ἅπαντες.
3425 5113 3497 5167 ὧν
3559 5113 3644 5168 καὶ
3694 5112 3782 5166 ἐπ.

2131 5201 2373 5272 ακούοις,
2433 5199 2730 5274 εὐλογητὸς
2811 5199 2890 5264 εἷς
2964 5200 3090 5266 τοὺς
3138 5201 3338 5266 αἰῶνας
3388 5207 3496 5260 τῶν
3546 5201 3780 5270 αἰὼνων,

2128 5293 2332 5368 Ἀμὴν.
