4130 6360
183 2399 250 2434 λΧ

292 404 404 465 561

1350 405 1428 465 ΙΝ
1480 405 1547 466 S.
1597 401 2279 476 QUADRAGESIMAM
2326 403 2618 467 ORATIO
2662 405 2714 466 Ι.

3594 403 3717 466 562

1573 742 2439 908 EJUSDEM

738 1020 899 1149 ΙΝ
999 1019 1751 1157 SANCTAM
1849 1017 3276 1186 QUADBAGESIMAM

1715 1254 2142 1349 ORATIO
2205 1257 2279 1346 Ι.

283 1613 384 1665 Τοῦ
453 1607 504 1689 ἓν
567 1609 747 1687 ἁγίοις
813 1611 1024 1689 ῌατρὸς
1099 1617 1260 1689 ἠμῷν
1332 1613 1660 1689 Εὖσταθίου,
1717 1616 1931 1689 ’μητρο-

2055 1616 2231 1672 Sancta
2274 1618 2461 1672 Patri:
2488 1618 2664 1673 nostri
2691 1617 2995 1684 Eustathiz',
3030 1614 3439 1688 metropolitani
3481 1615 3704 1689 Thessa-

349 1683 635 1761 πολίτουᾴ
668 1683 1091 1754 Θεσσαλονίκης,
1113 1683 1327 1761 ξλόγος
1410 1683 1756 1761 προεισόδιος

347 1754 506 1836 ἁγίας
590 1753 1365 1836 Ἰῖεσοαρακροτῆῄδιορίζων
1441 1753 1756 1836 προσευχην
1843 1753 1938 1832 ἔμ-

349 1821 521 1904 φοϐον
555 1828 643 1882 καὶ
676 1821 1072 1902 ἀμνησίκακον.

349 1989 416 2045 α’.
452 1989 726 2064 Ἔναγχος
775 1989 863 2044 ἐπὶ
914 1989 1176 2066 γλώσσης
1228 1992 1428 2067 φέρων,
1482 1993 1527 2046 ὧ
1576 1989 1824 2071 ἀδελφοὶ,
1859 1989 1936 2048 δι-

287 2073 633 2140 δασκαλικῶς
695 2079 1016 2157 περίφράσιν
1068 2080 1221 2155 ἁγίαν
1274 2081 1336 2136 οὐ
1390 2083 1730 2160 θυμοσόφου,
1789 2080 1936 2137 ἀλλὰ

279 2168 460 2233 θεόθεν
516 2170 880 2244 σεσοισμένου
923 2173 1133 2245 (καθότι
1185 2173 1275 2226 καὶ
1316 2176 1385 2247 τῇ
1435 2168 1654 2246 ἀϐύσσῳ
1707 2180 1808 2242 τῆς
1839 2194 1931 2228 σο-

284 2258 404 2336 φίας
462 2257 541 2331 τῷ
597 2263 713 2331 Θεῷ
769 2259 938 2322 πὲλας
993 2261 1125 2315 εἶναι
1174 2260 1388 2338 λαχὼν,
1439 2261 1638 2317 ἐκεῖθεν
1685 2263 1800 2338 εἶχε
1836 2264 1931 2326 τὰς

279 2354 380 2416 τῆς
416 2347 604 2424 σοφίας
658 2347 962 2424 ἐπιρῥοὰς),
1013 2350 1103 2404 καὶ
1163 2347 1451 2427 διατρίϐων
1507 2351 1588 2406 ἔπ’
1637 2350 1931 2423 ἐκκλησίας

281 2437 402 2510 περὶ
433 2437 495 2491 τὸ
539 2441 786 2492 τοιοῦτον
839 2437 1031 2510 καλὸν,
1082 2440 1170 2494 καὶ
1224 2441 1559 2517 καταρτίζων
1600 2440 1799 2506 ἐκεῖθεν
1830 2443 1930 2510 τήν

291 2525 436 2598 ὑμῶν
497 2523 866 2604 ἀδελφότητα,
924 2527 1182 2605 βραχείας
1225 2529 1434 2606 ἡμέρας
1478 2528 1744 2588 διέλιπον.
1777 2536 1934 2606 Τρεῖς

282 2615 384 2690 γὰρ
416 2612 601 2670 ἔκτοτε
632 2616 766 2685 ἦσαν
813 2616 1033 2687 ἐκεῖναι,
1083 2619 1174 2673 καὶ
1220 2619 1592 2695 προσεπόρισα
1649 2619 1932 2699 ὠφελῆσαί

280 2725 331 2758 τι
366 2704 417 2767 ἐς
449 2703 624 2760 πλέον
671 2706 811 2779 ὑμᾶς
859 2703 928 2761 δι’
979 2707 1394 2782 ἐπενθυμήσεως
1447 2707 1651 2788 ἐκεῖφεν
1703 2731 1932 2784 πεπορι-

288 2793 509 2864 σμὲνης,
543 2795 629 2849 οἷα
676 2793 1115 2871 ἐπεισρεύσαντος
1152 2802 1234 2871 τῷ
1277 2792 1516 2872 λιϐαδίῳ
1545 2806 1645 2868 τῆς
1675 2797 1928 2856 διδασκα-

289 2879 408 2945 λίας
437 2882 646 2954 ἐκείνης
678 2883 730 2938 ἐν
793 2884 1000 2960 ὑστέρῳ
1059 2886 1150 2940 καὶ
1207 2884 1428 2942 ὑδατίου
1470 2885 1688 2944 τοιοῦδε
1733 2887 1933 2964 γλυκά-

2124 1689 2439 1756 ιοηίσεηιςὶςς,
2471 1691 2650 1744 oratio
2677 1691 3082 1761 praeparatoria
3112 1689 3172 1743 in
3189 1695 3433 1743 sanctam
3451 1687 3707 1761 Quadra-

2117 1763 2409 1832 gesimam,
2442 1758 2708 1832 deﬁniens
2753 1758 2874 1833 qua
2931 1763 3006 1817 sit
3051 1762 3292 1833 precatio
3349 1758 3708 1816 tremebunda

2115 1835 2361 1905 malique
2387 1836 2693 1890 immemor.

2118 1996 2168 2049 1.
2203 1995 2285 2049 Ex
2311 2011 2427 2066 quo
2459 2009 2647 2066 nuper
2675 1992 2734 2047 in
2768 2009 2867 2048 ore
2898 1991 3103 2061 habui,
3137 1993 3369 2058 fratres,
3419 1989 3708 2062 interpre-

2045 2084 2325 2140 tationem
2385 2088 2652 2138 sanctum
2685 2081 2878 2154 qualis
2910 2082 3205 2138 doctorem
3239 2082 3425 2148 decet,
3456 2096 3572 2135 non
3607 2096 3710 2151 per

2045 2191 2130 2241 se,
2160 2174 2261 2229 sed
2295 2189 2394 2246 per
2425 2173 2610 2228 Deum
2642 2171 2988 2243 sapientem,
3023 2187 3184 2226 more
3242 2169 3403 2224 illius
3461 2169 3588 2240 qui,
3643 2169 3706 2224 in

2043 2262 2273 2335 abyssis
2331 2260 2630 2334 sapientiai
2680 2277 2858 2334 prope
2889 2261 3073 2317 Deum
3111 2276 3239 2316 esse
3269 2258 3536 2326 sortitus,
3567 2257 3706 2312 inde

2042 2351 2343 2426 sapientia
2375 2351 2567 2406 ﬂuxus
2597 2350 2959 2423 excipiebat;
2991 2355 3048 2406 et
3068 2354 3383 2422 postquam
3415 2348 3474 2402 in
3517 2345 3704 2402 eccle-

2043 2443 2152 2513 sia,
2185 2441 2339 2497 circa
2371 2441 2488 2496 haec
2513 2439 2760 2512 pulchra
2817 2443 3109 2506 versatus,
3164 2455 3267 2495 vos
3326 2438 3384 2493 in
3447 2437 3706 2492 fraterno

2043 2547 2242 2587 amore
2298 2527 2625 2602 composui,
2694 2528 2861 2600 pauci
2919 2527 3046 2584 dies
3103 2527 3516 2583 interfuerunt.
3565 2525 3707 2585 Tres

2042 2621 2198 2677 enim
2228 2619 2412 2692 elapsi
2442 2623 2604 2684 sunt,
2625 2635 2726 2690 per
2755 2634 2906 2690 quos
2930 2617 3013 2673 ita
3044 2633 3136 2673 me
3172 2614 3423 2671 instruxi
3455 2618 3521 2669 ut
3541 2613 3707 2669 vobis

2045 2709 2231 2783 magis
2253 2725 2428 2780 quam
2457 2708 2622 2780 prius
2652 2707 3012 2780 prodessem.
3049 2706 3272 2778 Quippe
3305 2721 3434 2777 quae
3469 2703 3553 2759 sic
3584 2719 3706 2758 me-

2041 2799 2282 2856 ditando
2313 2802 2484 2854 antea
2514 2795 2868 2869 collegerim,
2905 2812 3085 2867 quum
3112 2795 3172 2850 in
3225 2794 3474 2865 hujusce
3533 2789 3708 2846 insti-

2041 2890 2286 2948 tutionis
2344 2888 2515 2960 quasi
2570 2893 2805 2960 pratum
2863 2887 3075 2943 deinde
3115 2886 3423 2951 induxero,
3459 2883 3568 2938 hoc
3598 2880 3705 2937 tali

287 2976 494 3040 ζοντος.
557 2971 852 3050 Ἐλὲγομεν
908 2973 1273 3052 εὐαγγελικῶς
1327 2976 1471 3046 τότε,
1520 3001 1549 3030 ‹‹
1604 2984 1707 3032 πᾶν
1750 2977 1937 3050 ξύλον,

2055 2981 2234 3037 imbre
2259 2978 2450 3035 laetius
2483 2977 2756 3034 elﬁciam.
2817 2977 3166 3032 Dicebamus
3217 2992 3287 3030 ex
3343 2971 3706 3043 Exangelio:

291 3062 364 3133 μὴ
413 3066 607 3116 ποιοῦν
650 3061 818 3117 καλὸν
870 3064 1096 3140 καρπὸν,
1159 3065 1306 3139 ἀξίνῃ
1360 3067 1667 3138 τέμνεσθαι,
1721 3067 1809 3121 καὶ
1860 3068 1936 3130 είς

287 3154 391 3224 πῦρ
448 3149 767 3226 βάλλεσθαι,
845 3153 936 3206 καὶ
1006 3153 1296 3209 καίεσθαι·
1352 3179 1381 3208 »
1432 3155 1521 3211 καὶ
1597 3154 1934 3233 ἐθεωροῦμεν

287 3237 682 3303 ἐπελευπικῶς
731 3238 928 3317 δένδρα
976 3241 1118 3298 οὕτω
1167 3246 1470 3319 πάσχοντα.
1520 3247 1618 3303 Ἦν
1662 3243 1720 3301 δὲ
1749 3247 1777 3300 ὁ
1811 3267 1939 3322 ερρι-

283 3329 410 3392 κτὸς
471 3332 911 3408 παραφραστικὸς
967 3331 1172 3398 ἐκεῖνος
1215 3331 1398 3410 λόγος,
1447 3336 1522 3400 ὡς
1568 3335 1658 3390 καὶ
1685 3335 1759 3398 εἰς
1791 3335 1937 3391 πλά-

277 3439 370 3480 τος
429 3415 862 3492 διεσκευάζομεν,
909 3421 1011 3475 ὑπὸ
1067 3426 1164 3476 τοῦ
1241 3425 1543 3498 ἁγιωτατου
1607 3419 1936 3501 Προδρὸμου

287 3507 692 3583 βροντώμενος,
739 3509 803 3563 τὸ
855 3506 914 3563 δὲ
963 3509 1301 3584 ἀντρώπινον
1365 3515 1586 3588 φράσαι,
1638 3513 1939 3591 ρητορευό-

287 3616 449 3668 μενος
486 3614 499 3627 ·
564 3598 932 3674 παραφράζων
991 3598 1152 3662 αὐτὸς
1209 3603 1298 3656 καὶ
1361 3601 1507 3658 ἄλλα
1563 3604 1656 3676 μὲν
1687 3625 1810 3659 τινα
1839 3607 1939 3670 τῆς

281 3683 660 3756 παλαιοτάτης
708 3685 858 3762 ἁγίας
920 3693 1138 3766 Γραφῆς
1189 3686 1337 3765 ἅγια,
1404 3691 1820 3768 γρηγορώτερον
1879 3689 1937 3747 δὲ

280 3773 371 3828 καὶ
421 3774 754 3852 προφητείαν
811 3773 1140 3854 φιλοσοφίας
1196 3785 1508 3849 Δαυϊτικῆς,
1566 3779 1619 3834 ἐν
1665 3781 1936 3856 ᾖπάντας

277 3863 408 3926 τοὺς
460 3861 826 3938 ἁμαρτωλοὺς
870 3871 970 3936 τῆς
1015 3873 1122 3942 γῆς
1195 3866 1740 3944 ἐξολοθρευθήσεσθαι
1803 3892 1936 3944 μαν-

283 3955 544 4028 θάνομεν.
572 3953 640 4012 Ὃ
672 3950 739 4022 δὴ
770 3957 1218 4034 παραπεφράσθαι
1253 3956 1400 4032 λέγω
1434 3959 1537 4013 ὑπὸ
1565 3963 1663 4014 τοῦ
1697 3959 1938 4036 μεγάλου

281 4042 372 4097 καὶ
403 4042 632 4118 πρώτου
667 4045 978 4099 Βαπτιστοῦ
1007 4044 1096 4099 ἰπὶ
1126 4044 1194 4101 π)
1211 4051 1434 4120 ατυσμῷ
1461 4067 1520 4102 τε
1565 4044 1938 4126 διασαφοῦντι,

287 4131 424 4205 μετᾶ
480 4131 571 4186 καὶ
649 4129 815 4206 ὕψους
879 4131 1194 4207 διδασκάλῳ
1271 4136 1576 4210 πρέποντος
1647 4135 1937 4214 γλαφυρῷ,

281 4220 424 4283 τίτες
471 4219 532 4275 τὲ
580 4219 713 4276 εἰσιν
767 4222 818 4275 οἱ
868 4219 1212 4298 ἁμαρτωλοὶ,
1267 4223 1360 4286 οὕς
1409 4225 1743 4301 ὁθεοπάτωρ
1776 4223 1939 4280 Δαυΐδ

282 4307 587 4382 ἐξολεῖσθαι
635 4310 984 4386 ἀποφαίνεται
1038 4311 1121 4366 ὅτι
1169 4308 1333 4383 δῆλα,
1365 4313 1559 4368 ὁπόσοι
1611 4315 1687 4386 μὴ
1727 4334 1939 4390 καρπο-

285 4396 518 4474 φοροῦσι
561 4399 629 4453 τὰ
672 4404 751 4472 τῷ
800 4404 917 4473 θεῷ
969 4399 1262 4476 πρέποντα,
1320 4402 1409 4457 καὶ
1460 4403 1706 4466 ποταπὸς
1761 4403 1790 4458 ὁ
1821 4402 1942 4459 ελε-

286 4490 441 4563 θρος,
492 4488 550 4543 ὃν
607 4488 636 4543 ὁ
692 4489 1010 4563 Θεοψάλτης
1062 4486 1395 4568 ἐμϐριμᾶται
1439 4491 1622 4555 αὐτοῖς
1671 4491 1752 4547 ἐπ’
1798 4491 1940 4547 εἷ’σο-

283 4598 482 4652 πτρον,
525 4579 742 4641 πάντως
774 4581 851 4641 είς
896 4579 1280 4658 ἰπαραίτητον,
1337 4582 1572 4652 ὁπηνίκα
1624 4581 1940 4645 ἐκκοπέντες

283 4671 383 4721 τοῦ
447 4667 592 4742 βίου,
645 4666 758 4723 εἶτα
806 4673 1352 4744 σπσργανωθήσονται
1409 4673 1538 4746 πυρὶ
1597 4671 1674 4735 είς
1717 4672 1939 4728 αἰώνιον

289 4755 638 4812 κατάκαυσιν.

2049 3067 2315 3124 «Omnis
2370 3068 2562 3134 arbor,
2623 3082 2755 3138 qua
2810 3083 2926 3122 non
2981 3065 3120 3122 facit
3179 3065 3434 3119 fructum
3461 3062 3708 3129 bonum,

2047 3158 2240 3214 securi
2271 3156 2589 3222 excidatur,
2645 3160 2702 3211 et
2759 3154 2818 3210 in
2879 3155 3076 3226 ignem
3135 3154 3406 3209 mittetur
3464 3149 3707 3206 combu-

2047 3248 2228 3303 renda
2288 3248 2328 3316 ',
2390 3268 2418 3297 »
2463 3250 2520 3301 et
2550 3243 3093 3317 contemplabamur
3124 3243 3360 3298 arbores
3392 3244 3594 3313 reputo
3620 3238 3706 3293 sic

2047 3336 2302 3392 habitas.
2336 3336 2476 3390 Erat
2503 3338 2701 3390 autem
2751 3331 3034 3390 terribilis
3088 3331 3190 3387 illa
3244 3327 3620 3403 paraphrasis
3672 3343 3707 3382 a

2045 3426 2421 3482 sanctissimo
2482 3425 2861 3489 Praecursore,
2917 3422 3166 3494 figurate
3221 3437 3324 3492 per
3378 3416 3707 3489 ampliﬁca-

2045 3517 2264 3571 tionem
2322 3513 2550 3585 loquar,
2600 3513 2886 3581 intonata,
2920 3517 2986 3567 ut
3013 3527 3146 3566 vero
3175 3509 3403 3582 vulgari
3431 3521 3702 3564 sermone

2047 3613 2199 3669 utar,
2232 3602 2580 3675 praedicata:
2612 3601 2673 3656 in
2727 3617 2847 3673 qua
2903 3600 3350 3673 explicabantur
3391 3613 3526 3653 cum
3585 3594 3701 3650 alia

2045 3693 2460 3765 antiquissima
2509 3695 2848 3748 sanctarum
2903 3689 3339 3761 Scripturarum
3397 3686 3543 3750 loca,
3576 3687 3702 3738 tum

2044 3783 2297 3839 vividius
2325 3780 2429 3836 illa
2456 3780 2742 3836 Davidicae
2773 3778 3156 3853 philosophia
3195 3774 3552 3842 vaticinatio,
3603 3787 3707 3844 per

2047 3887 2227 3945 quam
2258 3870 2658 3942 cognovimus,
2690 3869 2958 3925 futurum
2980 3885 3110 3925 esse
3141 3872 3206 3923 ut
3234 3882 3441 3922 omnes
3471 3879 3502 3919 e
3547 3867 3705 3918 terra

2046 3965 2381 4034 peccatores
2410 3959 2895 4015 exterminentur.
2926 3961 3104 4013 Porro
3133 3956 3256 4011 base
3287 3959 3426 4011 sunt
3455 3967 3607 4024 quae,
3640 3953 3707 4004 ut

2047 4050 2273 4121 opinor,
2307 4047 2588 4120 explicuit
2615 4047 2714 4103 ille
2744 4047 3169 4118 baptizatorum
3213 4048 3271 4101 et
3321 4057 3596 4099 summus
3650 4042 3709 4094 et

2048 4138 2342 4210 princeps,
2377 4152 2492 4192 non
2520 4136 2694 4191 modo
2725 4135 2893 4207 copia
2924 4134 3254 4206 perspicua,
3287 4132 3389 4188 sed
3422 4129 3600 4186 etiam
3638 4143 3709 4183 ea

2049 4225 2414 4282 sublimitate
2445 4242 2572 4295 quae
2605 4225 2888 4296 magistro
2919 4222 3139 4278 illustri
3166 4220 3437 4277 convenit
3468 4235 3480 4274 :
3515 4219 3706 4290 primo

2052 4315 2152 4388 qui
2183 4315 2304 4370 sint
2332 4313 2371 4368 ii
2401 4317 2752 4384 peccatores,
2785 4329 2932 4384 quos
2963 4327 3217 4383 proavus
3248 4309 3345 4365 Dei
3375 4305 3559 4364 David
3606 4320 3706 4376 pe-

2052 4405 2267 4460 rituros
2325 4401 2583 4458 declarat
2637 4402 2698 4464 9:
2758 4418 2892 4456 cum
2934 4401 3012 4457 sit
3041 4400 3421 4456 manifestum
3453 4412 3553 4452 eos
3577 4409 3708 4450 esse

2052 4493 2391 4566 quicunque
2457 4509 2572 4548 non
2643 4492 2870 4547 fructus
2927 4491 3124 4546 ferunt
3179 4489 3296 4545 Deo
3351 4483 3704 4560 probabiles.

2052 4583 2272 4639 Deinde
2303 4581 2478 4654 quale
2505 4582 2584 4637 sit
2612 4580 2761 4637 illud
2792 4581 3038 4637 exitium
3067 4580 3224 4653 quod
3257 4582 3498 4635 sanctus
3549 4572 3708 4631 Psal-

2052 4672 2230 4729 mista
2295 4672 2560 4727 minatur
2593 4717 2606 4742 ,
2675 4689 2811 4728 cum
2879 4673 3236 4744 (Precursor
3303 4664 3708 4742 peccatoribus

2053 4761 2367 4834 ostendat),
2399 4761 2458 4816 in
2491 4759 2729 4833 speculo
2758 4765 3022 4834 fprorsus
3080 4757 3462 4831 implacabili,
3521 4755 3711 4827 ipsos,

290 4848 608 4917 postquam
665 4847 930 4907 vivorum
991 4867 1236 4909 numero
1291 4854 1584 4912 exturbati
1641 4854 1902 4926 fuerunt,
1957 4853 2019 4910 in
2071 4852 2272 4926 ignem
2330 4851 2656 4924 projectum
2709 4851 2804 4918 iri,
2859 4851 2932 4908 ad
2989 4853 3334 4923 perpetuam
3385 4844 3711 4918 conﬂagra-

287 4933 536 4992 tionem.

367 5022 436 5114 β’,
468 5023 567 5080 Καὶ
607 5031 856 5092 τοιοῦτος
911 5029 1004 5104 μὲν
1054 5028 1083 5085 ὁ
1133 5035 1454 5108 παραποιῶν
1513 5030 1564 5089 ἰν
1624 5033 1787 5114 σοφίᾳ
1813 5035 1940 5098 νοῦς

287 5111 732 5190 προδρομενικὸς
762 5120 825 5174 τὸ
873 5117 1041 5175 καλὸν
1095 5118 1266 5176 ἐκεῖνο
1327 5124 1607 5180 Δαυϊτικὸν
1636 5111 1946 5198 κομμάτιον

296 5211 771 5281 μεταφραστικῶς,
804 5206 913 5282 ἤδη
949 5207 1007 5265 δὲ
1052 5209 1145 5265 καὶ
1195 5209 1588 5288 ἂλληγορικῶς
1627 5215 1725 5288 (ὡς
1759 5215 1857 5269 οὒκ
1887 5213 1947 5269 ἃν

290 5290 420 5371 ἔχοι
478 5315 562 5358 τις
618 5297 910 5374 ἀντειπεῖν,
952 5298 1307 5377 τεχνολογῶν
1353 5301 1429 5366 εἷς
1478 5304 1678 5374 ταύτην
1726 5305 1826 5375 τὴν
1865 5300 1949 5358 ἕν-

288 5391 490 5470 νοιαν),
529 5385 630 5441 οὐκ
688 5386 1144 5465 ὶπιτηδευόμενος
1193 5390 1353 5454 αὐτὸς
1407 5394 1818 5470 κοσμικώτερον
1848 5412 1950 5469 χυ-

292 5469 438 5547 δαίῳ
499 5475 654 5550 ζήλῳ
713 5476 1012 5555 ῥητορικῷ,
1065 5480 1210 5537 ἀλλὰ
1253 5479 1398 5538 πολὺ
1439 5481 1660 5556 ἀμαθῶς
1693 5469 1950 5558 [κρήνης]

288 5559 511 5635 ἐκείνης
565 5564 956 5641 ἀπαντληθεὶς,
986 5569 1077 5651 ἀφ’
1122 5572 1190 5642 ἧς
1225 5569 1318 5628 καὶ
1356 5573 1385 5628 ὁ
1417 5569 1582 5627 Δαυῒδ
1613 5569 1950 5650 ἀρυσάμενος

369 5745 390 5784 ¹
420 5745 628 5804 Matth.
657 5763 745 5820 In,
777 5749 880 5822 10;
905 5767 1008 5821 vn,
1041 5750 1129 5810 19.
1203 5751 1228 5789 ²
1253 5751 1410 5812 Psal.
1441 5769 1633 5827 xxxvi,
1662 5755 1753 5812 20.

2118 5033 2175 5092 2.
2235 5030 2316 5092 Ea
2373 5037 2570 5093 autem
2628 5032 2740 5092 fuit
2788 5031 3185 5108 procursoriaa
3235 5029 3453 5088 mentis
3482 5025 3714 5101 peritia,

2060 5142 2216 5197 cum,
2250 5125 2540 5198 sapientia
2570 5126 2734 5194 duce,
2773 5125 3084 5198 pulchrum
3111 5123 3279 5178 illum
3335 5117 3572 5177 Davidis
3628 5115 3714 5172 lo-

2059 5233 2194 5272 cum
2251 5215 2606 5283 imitaretur,
2664 5219 2723 5270 et
2776 5215 2836 5269 in
2886 5213 3062 5270 aliam
3094 5210 3326 5268 dicendi
3349 5212 3624 5274 formam,
3656 5205 3718 5261 id

2060 5304 2237 5363 estin
2269 5303 2608 5377 allegoriam
2675 5307 2945 5374 verteret,
3003 5307 3069 5358 ut
3126 5299 3510 5374 grammatice
3565 5297 3720 5352 hanc

2061 5393 2416 5452 sententiam
2449 5393 2785 5466 dispicienti
2816 5391 2982 5448 nulla
3024 5393 3356 5447 occurreret
3413 5386 3723 5460 reprehen-

2062 5484 2182 5552 sio;
2239 5499 2357 5540 non
2415 5483 2570 5556 quod
2605 5480 2928 5554 susceperit
2953 5479 3230 5547 Joannes,
3260 5477 3490 5551 vulgari
3530 5474 3724 5532 rheto-

2059 5589 2196 5631 rum
2223 5571 2347 5630 zelo
2377 5571 2662 5646 percitus,
2692 5568 3048 5629 ornatiorem
3079 5567 3545 5640 sermonem,sed
3566 5564 3725 5640 quod
