4130 6360
294 364 410 424 563

1069 360 1496 424 EUSTATHII
1539 361 1640 422 TH
1654 359 2314 422 ESSALONICENSIS
2359 358 2948 422 METROPOLITIE

3593 360 3716 420 564

293 494 533 551 omnino
564 493 886 564 inscius,ex
915 511 981 550 eo
1015 494 1169 550 fonte
1197 494 1577 568 snmpserit,e
1601 510 1714 566 quo
1746 491 1949 560 David,

2081 488 2224 546 ἵδοτο
2255 491 2424 546 πίνειν
2455 496 2574 555 τοῖς
2633 493 2832 568 μέροψι
2886 496 3002 554 τοῖς
3064 488 3262 566 διψῶσι
3310 489 3377 546 τὰ
3425 495 3528 545 τοῦ
3556 497 3712 548 Θεου.

293 600 426 639 eum
459 584 583 656 ipse
616 601 848 656 quoque
882 584 1198 652 hausisset,
1249 585 1321 640 iis
1381 584 1730 640 mortalibus
1789 582 1949 639 dedit

291 674 490 730 bibere
521 674 619 745 qui
654 691 744 731 res
776 675 877 731 Dei
909 675 1136 731 sitiunt.
1170 674 1331 742 Quod
1365 690 1518 730 vero.
1557 691 1588 730 a
1629 673 1949 731 novissima

292 763 571 835 oratione,
634 781 737 837 pro
790 765 940 820 virili
999 769 1162 837 parte
1216 765 1552 820 meditando
1607 763 1944 836 excogitavi,

293 852 472 910 hocce
524 857 632 910 est.
695 855 1050 927 Adimplevit
1110 854 1456 910 Februarius
1502 871 1692 926 nuper
1723 859 1948 910 vertens

296 947 560 1000 octavam
622 947 679 999 et
733 960 948 1000 nonam
1010 943 1162 998 diem
1191 961 1204 1012 ;
1239 947 1296 998 at
1326 959 1550 1015 vesper,
1583 943 1684 1016 qui
1717 943 1948 998 hodier-

295 1048 434 1087 nam
491 1033 786 1105 produxit,
845 1033 1159 1088 celebravit
1216 1047 1389 1105 quem
1449 1032 1802 1104 nuncupabo
1861 1031 1950 1087 vel

296 1119 721 1193 interpolatum
785 1126 840 1178 et
897 1121 1306 1178 intercalarem
1364 1121 1577 1178 Christi
1611 1127 1949 1195 martyrem,

295 1208 385 1264 vel
441 1209 930 1282 triumphatorem
987 1211 1040 1267 vi
1089 1213 1341 1284 potitum
1397 1228 1575 1284 regno
1649 1211 1950 1283 caelorum,

296 1298 710 1370 Nicephorum,
769 1301 857 1356 vel
895 1301 1091 1374 potius
1121 1301 1312 1357 virum
1344 1302 1435 1357 cui
1464 1301 1670 1357 otianti
1701 1306 1757 1356 et
1784 1300 1952 1373 quasi

295 1390 625 1444 transeunti
677 1390 886 1446 salutis
944 1391 1256 1447 thesaurus
1313 1392 1543 1448 obviam
1600 1391 1729 1446 fuit.
1794 1392 1952 1446 Idem

298 1493 527 1550 quoque
583 1479 806 1534 exstitit
863 1480 1219 1552 injuriarum
1305 1481 1602 1536 memoriae
1662 1478 1954 1551 (μνησίκα-

295 1565 431 1636 κίας)
491 1568 851 1640 redargutor,
910 1569 1332 1640 resipiscentiaa
1363 1586 1496 1626 vero
1523 1573 1801 1624 actuosus
1835 1586 1956 1624 ma-

299 1656 502 1728 gister,
536 1662 593 1712 et
619 1657 837 1714 amoris
865 1657 925 1712 in
959 1658 1074 1714 Deo
1121 1675 1308 1730 praeco
1362 1657 1748 1714 clarissimus.
1811 1658 1956 1714 Cum

303 1745 459 1800 enim
495 1746 780 1802 miserum
810 1747 1138 1818 Sapricium
1168 1747 1422 1803 victoriae
1451 1748 1748 1818 auspicem
1781 1752 1858 1814 et,
1894 1752 1961 1803 ut

307 1834 533 1902 dicunt,
563 1834 845 1908 triumphi
875 1853 904 1892 e
936 1837 1236 1892 communi
1281 1837 1447 1892 hoste
1503 1836 1735 1891 diabolo
1792 1837 1958 1892 relati

309 1925 798 1996 proclamatorem
832 1925 1168 1990 invenisset,
1201 1925 1540 1996 intereaque
1572 1925 1817 1981 vidisset
1860 1941 1959 1980 co-

305 2029 510 2069 ronam
524 2013 774 2069 victoriae
797 2019 973 2085 caput
990 2014 1232 2086 Sapricii
1255 2013 1962 2086 supervolitantem(quod

304 2101 472 2159 vobis
528 2107 732 2158 notum
791 2109 881 2158 est
935 2103 1036 2175 qui
1093 2108 1326 2160 sanctas
1384 2103 1661 2159 historias
1716 2103 1964 2175 perlegi-

307 2192 623 2264 stis),ipse,
657 2192 861 2248 eodem
894 2198 1212 2260 momento,
1247 2192 1615 2265 propositum
1647 2209 1679 2247 a
1705 2192 1820 2247 Deo
1852 2193 1963 2247 sub

306 2281 492 2337 oculis
522 2282 764 2354 Sapricii
797 2282 1107 2352 praemium
1139 2283 1413 2348 obtinuit,
1445 2299 1579 2337 cum
1631 2299 1764 2337 eum
1819 2298 1964 2353 prte-

304 2370 596 2440 vertisset,
657 2376 723 2427 ut
778 2372 843 2426 fit
901 2371 962 2426 in
1020 2371 1372 2428 athletarum
1424 2371 1763 2438 certamine,
1795 2376 1852 2426 et
1878 2387 1966 2426 re-

305 2458 577 2531 liquisset
615 2459 850 2515 insidiis
907 2461 1122 2516 diaboli
1177 2460 1506 2533 delapsum.
1568 2460 1776 2516 Mirum
1839 2464 1964 2515 tum

309 2552 456 2616 erat,
518 2553 743 2620 quanta
771 2549 1015 2620 spiritus
1045 2548 1239 2605 malus
1272 2550 1645 2605 machinatus
1676 2553 1833 2605 esset
1865 2549 1966 2605 ad-

308 2653 516 2693 versus
549 2638 702 2693 hunc
733 2637 1217 2709 Sapricium.Qui
1269 2656 1402 2694 cum
1462 2639 1578 2694 Deo
1637 2655 1766 2694 sese
1824 2639 1968 2694 ami-

313 2744 448 2783 cum
509 2727 810 2799 professus
863 2732 1041 2794 esset,
1102 2727 1486 2799 animamque
1517 2745 1708 2797 suam,
1741 2744 1809 2784 ex
1841 2745 1971 2800 pro-

313 2815 528 2888 posito,
597 2816 924 2871 secundum
985 2816 1312 2887 evangelica
1365 2817 1554 2887 dicta,
1614 2832 1880 2872 seorsum
1939 2834 1972 2872 a

316 2911 562 2978 tyranno
621 2905 934 2976 posuisset,
982 2905 1252 2960 diabolus
1284 2905 1420 2960 inde
1451 2905 1626 2969 hunc,
1659 2905 1814 2960 horae
1847 2921 1972 2960 mo-

315 2999 538 3061 mento,
565 2995 834 3064 extraxit,
868 2994 1090 3050 retibus
1143 2994 1240 3049 iraa
1301 2995 1618 3066 pertinacis
1676 2994 1969 3052 avulsum.

314 3084 440 3140 Non
498 3083 861 3156 praaviderat,
924 3084 982 3139 in
1016 3083 1210 3139 locum
1243 3084 1490 3156 delapsi,
1527 3083 1708 3140 alium
1743 3101 1974 3140 succes-

2056 583 2125 638 ’Ὀ
2182 578 2239 635 δὲ
2299 582 2432 654 μετὰ
2476 583 2575 652 τήν
2628 579 2977 637 διδασκαλίαν
3037 579 3247 652 ἐκείνην
3300 580 3712 654 ἐπενεθυμήθην

2057 671 2194 734 καθά
2237 669 2564 749 ἐφάμιλλος,
2615 668 2829 726 τοιόνδε
2879 671 3014 730 ἐστί.
3069 668 3326 747 Παρῆλνε
3373 670 3471 740 τὴν
3506 667 3708 746 ὀγδόην

2057 759 2148 814 καὶ
2181 759 2398 832 ἐννάτην
2451 762 2479 816 6
2536 761 2748 837 τρέχων
2803 757 2922 836 ἄρτι
2954 755 3351 835 Φεϐρουάριος,
3378 758 3469 815 καὶ
3499 761 3534 829 ἡ
3577 758 3711 814 ταύ-

2058 869 2159 920 την
2214 851 2529 926 προάγουσα
2583 849 2780 926 ἑσπέρα
2827 849 3188 926 ἐπανηγύριζε
3231 850 3326 905 τὸν
3372 845 3479 904 εἷ’τε
3511 869 3709 925 παρεν-

2061 939 2217 1004 θέντα
2245 939 2332 995 καὶ
2366 935 2675 1016 ἐμϐόλιμον
2737 942 2981 1018 μάρτυρα
3025 945 3122 995 τοῦ
3170 939 3425 1017 Χριστοῦ,
3459 937 3566 994 εἴτε
3594 961 3712 1002 πως

2068 1030 2296 1106 βιαστήν
2324 1036 2427 1099 τῆς
2480 1027 2757 1106 βασιλείας
2808 1035 2917 1085 τῶν
2967 1029 3208 1106 οὐρανῶν
3233 1027 3571 1107 Νικηφόρον,
3609 1029 3715 1103 μά-

2063 1117 2222 1174 λιστα
2256 1119 2348 1192 μὲν
2383 1119 2473 1174 οὗν
2524 1119 2615 1174 τὸν
2663 1119 2736 1182 ὡς
2792 1117 2854 1174 ἐκ
2899 1116 3143 1195 παρόδου
3191 1118 3279 1174 καὶ
3330 1116 3718 1196 ἀπραγματού-

2059 1229 2168 1269 τως
2215 1207 2304 1263 καὶ
2355 1208 2690 1273 ἀνελπίστως
2759 1207 3158 1284 ἐντετυχηκότα
3205 1208 3462 1284 σωτηρίῳ
3522 1220 3719 1279 θησαυ-

2066 1297 2168 1375 ρῷ,
2197 1298 2288 1352 τὸν
2344 1300 2442 1367 τῆς
2492 1322 2521 1349 ‹‹
2571 1295 2931 1371 μνησικακίας
2973 1321 3002 1349 ››
3057 1298 3150 1372 μὲν
3203 1295 3459 1374 ἔλεγχον,
3512 1303 3613 1367 τῆς
3660 1294 3720 1352 δὶ

2069 1386 2351 1459 μετανοίας
2411 1383 2734 1441 διδάσκαλον
2798 1384 3128 1461 ἔμπρακτον,
3181 1386 3272 1440 καὶ
3327 1392 3430 1455 τῆς
3488 1383 3543 1440 ἰν
3601 1389 3719 1457 Θεῷ

2065 1475 2282 1550 ἀγάπης
2315 1475 2575 1552 λαμπφὸν
2631 1477 2843 1550 κήρυκα
2871 1495 2883 1508 '
2945 1476 3004 1538 ὃς
3051 1477 3144 1531 τὸν
3198 1474 3384 1530 ἄθλιον
3419 1474 3716 1550 Σαπρίκιον

2067 1565 2314 1640 εὑρηκὼς
2357 1566 2616 1639 ὁρμῶντα
2673 1565 2853 1636 νίκην,
2916 1563 2946 1620 ὅ
3018 1585 3198 1644 φασιν,
3258 1561 3526 1635 ἀλαλάξαι
3581 1564 3720 1620 κατὰ

2066 1658 2163 1709 τοῦ
2220 1659 2406 1709 κοινοῦ
2455 1653 2730 1728 πολεμίου
2791 1652 3072 1727 δαίμονος,
3122 1655 3210 1710 καὶ
3267 1655 3358 1709 τὸν
3410 1661 3512 1724 τῆς
3559 1653 3717 1725 νίκης

2072 1746 2330 1819 στέφανον
2377 1745 2703 1818 θεασάμενος
2759 1743 3191 1820 ὑπερπετόμενον
3240 1751 3340 1813 τῆς
3390 1742 3592 1798 ἐκείνου
3629 1764 3718 1798 κε-

2071 1830 2254 1910 φαλῆς
2317 1833 2412 1905 (ὡς
2466 1830 2649 1888 οἷ’δατε
2706 1832 2794 1887 καὶ
2877 1833 3056 1906 ὑμεῖς,
3125 1840 3224 1902 τῆς
3283 1832 3428 1908 ἷέρᾶς
3485 1831 3720 1908 ἱστορίας

2073 1920 2560 1995 ἐναλλαξάμενοι),
2613 1922 2772 1986 ἅύτὸς
2831 1923 2924 1995 μὲν
2981 1921 3426 1997 ἐκληρονόμησεν
3479 1921 3725 1997 αὐθωρὸν

2071 2015 2169 2066 τοῦ
2202 2011 2252 2066 ἰν
2302 2011 2610 2089 όφταλμοῖς
2661 2009 2972 2084 ἐκκειμένου
3033 2013 3212 2066 θεόθεν
3263 2008 3529 2080 κάλλους,
3588 2031 3722 2087 προ-

2073 2099 2296 2174 δραμὼν
2365 2103 2480 2155 οἷον
2536 2102 2610 2164 ὡς
2671 2100 2722 2156 ἰν
2777 2103 2948 2177 ἀγῶνε
3001 2100 3348 2173 ἀεθλευτικῷ,
3408 2101 3608 2156 έκεινον
3671 2097 3729 2156 Si

2073 2189 2248 2268 ἀφῆκε
2301 2189 2626 2244 πεπνωκότα
2670 2196 3120 2259 καταπατηθῆναι
3166 2195 3246 2262 τῷ
3293 2187 3533 2263 δαίμονι.
3601 2193 3729 2248 Ὃτε

2073 2280 2164 2334 καὶ
2202 2279 2270 2348 ἦν
2319 2281 2611 2352 θαυμάσαι,
2658 2277 2860 2349 ἠλίκαν
2910 2277 3385 2356 ἐδραμοτούργησε
3430 2280 3566 2334 κατᾶ
3631 2285 3730 2334 τοῦ

2078 2367 2382 2444 Σαπρικίου
2414 2368 2442 2422 6
2474 2363 2736 2444 πονηρός.
2790 2365 2963 2423 Φίλον
3004 2367 3106 2444 γὰρ
3155 2365 3358 2422 ἐκεῖνον
3387 2369 3730 2448 προφανέντα

2075 2462 2154 2529 τῷ
2199 2462 2334 2529 Θεῷ,
2384 2457 2474 2512 καὶ
2521 2456 2590 2532 τῇ
2635 2459 2886 2530 προθέσει
2933 2459 3031 2526 τήν
3077 2458 3263 2532 ψυχὴν
3312 2459 3539 2531 θέμενον
3594 2459 3727 2534 ὑπὲρ

2078 2551 2175 2601 τοῦ
2236 2546 2508 2602 Δεσπότου
2582 2544 2972 2622 εὐαγγελικῶς,
3056 2546 3356 2602 ἀπέσπασεν
3430 2545 3482 2601 ἐν
3539 2546 3732 2622 ἀκαρεῖ

2080 2634 2291 2712 χρόνῳ,
2339 2635 2571 2712 σχοινίῳ
2621 2660 2648 2688 ‹‹
2683 2635 3043 2708 μνησικακίας
3075 2659 3102 2688 ›)
3161 2635 3631 2711 ἀφελκυσάμενος,
3667 2636 3731 2692 οὐ

2081 2723 2550 2800 προνοησάμενος,
2590 2726 2672 2779 ὅτι
2725 2722 3089 2799 ἀντάλλαγμα
3128 2729 3226 2779 τοῦ
3257 2724 3736 2802 προαπωσαμένου

2081 2811 2265 2888 ἕτερός
2305 2813 2414 2867 ἐστι
2471 2815 2674 2888 μάρτυς
2712 2817 2845 2869 Θεοῦ
2879 2830 2894 2845 ⁸
2946 2811 3091 2869 ἀλλὰ
3122 2811 3361 2883 σπουδῆς
3397 2813 3619 2887 θέμενος
3655 2817 3732 2889 μή

2085 2900 2180 2957 δύο
2211 2901 2416 2964 καλοὺς
2470 2903 2789 2976 ἀνθρώπους
2839 2903 3189 2972 οἳκειωθῆναι
3246 2906 3327 2975 τῷ
3369 2899 3732 2976 παμϐασιλεῖ,

2085 2989 2172 3046 ἕνα
2206 2992 2300 3065 μὲν
2332 2993 2424 3046 τὸν
2458 2992 2605 3064 αὐτῷ
2653 2993 3134 3068 μεμαρτυρηκότα,
3179 2988 3362 3068 ἕτερον
3415 2990 3473 3048 δὲ
3514 2994 3603 3049 τὸν
3633 3000 3731 3063 τῆς

2083 3079 2247 3136 αὐτοῦ
2269 3079 2616 3158 κληρονόμον
2651 3079 2843 3156 εὐχῆς.

316 3189 522 3228 surum
550 3172 650 3228 Dei
684 3175 1004 3244 martyrem
1033 3189 1045 3240 ;
1080 3171 1180 3227 sed
1208 3171 1264 3227 id
1299 3173 1541 3228 curabat
1571 3189 1642 3228 ne
1668 3173 1783 3229 duo
1814 3171 2031 3245 egregii
2061 3170 2173 3227 viri
2205 3171 2511 3226 domestici
2544 3170 2804 3227 universi
2836 3171 2988 3243 regis
3010 3170 3235 3240 ﬁerent,
3289 3187 3443 3228 unus
3496 3171 3732 3242 quidem

315 3279 420 3336 pro
451 3263 568 3319 Deo
601 3261 943 3335 martyrium
972 3278 1208 3333 passus,
1240 3262 1386 3317 alter
1415 3279 1547 3318 vero
1576 3263 1850 3336 martyris
1881 3277 2122 3334 precum
2157 3259 2362 3315 heres.

387 3391 442 3445 3.
475 3389 661 3444 Erunt
688 3391 870 3444 acute
902 3387 1116 3442 mentis
1148 3385 1252 3442 viri
1309 3387 1410 3458 qui
1467 3388 1590 3444 illic
1648 3388 1970 3458 haerebunt,

2161 3384 2230 3458 γ’.
2264 3382 2368 3438 Καὶ
2419 3379 2558 3438 ἔστιν
2610 3384 2948 3458 έπαπορῆσαι
3005 3381 3133 3446 τοὺς
3189 3382 3438 3459 εὐμαθεῖς
3489 3381 3735 3452 ἐνταῦθα,

318 3495 425 3534 cur
481 3477 764 3533 Dominus
823 3477 1130 3533 recesserit
1184 3495 1218 3533 a
1268 3478 1548 3550 Sapricio,
1609 3477 1889 3550 quoniam
1921 3481 1978 3532 et

317 3565 617 3638 Sapricius
650 3568 762 3622 Deo
811 3566 1141 3638 proximum
1200 3583 1265 3622 ac
1320 3567 1655 3622 devinctum
1717 3584 1846 3624 sese
1899 3571 1980 3622 te-

320 3660 554 3722 nuerat,
586 3660 643 3711 et
672 3655 825 3712 Deus
858 3672 1160 3727 nunquam
1190 3656 1272 3711 ita
1301 3673 1364 3712 se
1393 3656 1620 3713 habuit.
1653 3657 1780 3712 Non
1819 3657 1976 3712 enim

323 3746 433 3802 hos
463 3745 702 3812 deserit,
733 3750 798 3800 ut
853 3745 1086 3800 Davidis
1143 3745 1320 3800 verba
1377 3762 1681 3818 usurpem,
1741 3745 1842 3820 qui
1889 3745 1976 3813 ip-

326 3852 460 3891 sum
521 3838 823 3906 quaerunt;
882 3834 954 3889 iis
992 3834 1170 3889 etiam
1203 3834 1303 3905 qui
1335 3834 1532 3906 ipsum
1562 3839 1771 3891 vocant
1801 3851 1980 3906 prope

327 3928 520 3992 astat;
553 3924 708 3994 quod
739 3928 934 3979 autem
967 3922 1101 3996 plus
1131 3927 1241 3990 est,
1271 3939 1336 3979 ac
1368 3923 1586 3979 mirum
1637 3923 1846 3996 magis,
1907 3923 1977 3978 ab

323 4013 397 4069 iis
426 4014 594 4086 ipsis,
626 4012 728 4084 qui
758 4029 892 4069 eum
927 4029 1041 4068 non
1075 4016 1364 4084 quaerunt,
1399 4013 1457 4068 in
1491 4030 1738 4070 occursu
1771 4013 1980 4070 obvius

322 4103 639 4160 invenitur.
673 4103 834 4160 Hanc
865 4102 1248 4175 quaestionem
1302 4102 1404 4174 qui
1463 4103 1822 4176 suscepisset
1879 4101 1981 4158 tali

323 4194 548 4250 ratione
606 4192 998 4248 dirimendam
1057 4191 1343 4248 haberet.
1411 4196 1632 4264 Nempe
1697 4191 1981 4248 molestus

326 4284 425 4340 ille
480 4282 780 4355 Sapricius
837 4279 984 4336 mihi
1041 4281 1304 4348 vedetur,
1366 4282 1608 4350 fratres,
1669 4281 1981 4338 consilium

331 4371 584 4428 adeundi
620 4371 883 4442 martyrii
915 4387 1029 4442 pra:
1060 4386 1122 4426 se
1151 4370 1360 4426 tulisse
1392 4371 1594 4426 ﬁctum
1657 4375 1830 4442 atque
1887 4385 1983 4425 ex-

328 4459 536 4525 terius,
595 4475 710 4514 non
769 4475 839 4515 ex
895 4459 1104 4514 intimo
1161 4463 1280 4514 toto
1348 4460 1521 4514 corde
1585 4463 1815 4528 ortum,
1882 4461 1984 4515 sed

333 4549 744 4617 cunctantius;
803 4552 1161 4619 quapropter
1192 4565 1306 4603 non
1339 4565 1407 4603 ea
1437 4551 1634 4602 mente
1665 4563 1781 4618 qua
1811 4563 1985 4620 opor-

334 4639 497 4695 tebat
527 4654 648 4693 rem
680 4641 944 4692 sanctam
976 4637 1220 4692 adortus
1251 4640 1359 4704 est;
1397 4651 1508 4690 non
1541 4635 1696 4691 enim
1727 4637 1798 4692 ad
1829 4653 1988 4692 amo-

336 4744 460 4783 rem
493 4727 592 4783 Dei
625 4727 909 4782 duntaxat
939 4724 1280 4796 respiciens,
1327 4725 1427 4780 sed
1481 4741 1691 4780 vanam
1750 4725 1987 4782 intuens
2019 4759 2064 4824 Β

336 4817 584 4890 gloriam
611 4816 684 4872 ad
717 4819 1008 4871 certamen
1042 4813 1305 4886 martyrii
1367 4815 1661 4883 cucurrit;
1720 4816 1984 4888 opperie-

336 4909 514 4963 batur
542 4908 724 4961 donec
756 4905 977 4959 circum
1007 4919 1068 4958 se
1100 4903 1525 4974 obstrepereret
1554 4904 1772 4976 inclyta
1804 4905 1986 4960 futilis

333 4996 527 5054 laudis
560 4995 736 5064 fama,
769 4995 970 5064 utpote
1002 4996 1224 5064 martyr
1279 4993 1373 5048 cui
1433 4993 1596 5049 nulla
1649 4993 1838 5050 inerat
1892 5011 1987 5050 co-

333 5086 532 5154 mitas,
592 5080 756 5138 nulla
814 5080 873 5136 in
931 5097 993 5136 se
1043 5082 1414 5138 conﬁdentia.
1446 5083 1568 5138 Tali
1599 5088 1809 5155 captus
1841 5100 1984 5154 prae-

333 5176 474 5238 mio,
503 5177 632 5242 (nec
663 5169 820 5226 enim
854 5170 902 5224 is
935 5174 1058 5225 erat
1089 5187 1261 5242 quem
1287 5173 1411 5227 sola
1457 5173 1670 5228 veritas
1719 5173 1988 5245 pellexis-

336 5263 468 5333 set),
503 5260 576 5316 ad
636 5259 983 5331 martyrium
1043 5260 1340 5332 vitamque
1399 5263 1734 5333 ponendum
1794 5262 1985 5317 irruit.

337 5350 509 5408 Aliud
568 5348 812 5420 insuper
867 5348 1124 5404 addam:
1185 5351 1683 5421 quemadmodum
1715 5351 1868 5406 enim
1902 5350 1991 5404 vir

339 5439 580 5510 quidam
613 5438 942 5494 testimonio
976 5437 1225 5493 alterum
1285 5437 1584 5494 hominem
1644 5445 1990 5511 prosecutus

340 5531 407 5584 ut
437 5527 546 5582 sibi
576 5525 690 5600 ipsi
722 5526 930 5598 prosit,
963 5544 1077 5582 non
1101 5527 1239 5598 jure
1267 5527 1339 5582 ab
1369 5527 1469 5583 illo
1500 5532 1693 5600 grates
1744 5531 1988 5600 repetat,

341 5631 477 5673 cum
499 5615 623 5689 ipse
653 5614 916 5672 beneﬁcii
939 5615 1067 5686 jam
1097 5614 1309 5673 habeat
1365 5616 1643 5688 pretium,
1699 5633 1802 5673 seu
1859 5632 1990 5674 ma-

342 5721 488 5764 num
536 5721 705 5768 suam
761 5704 940 5764 vetita
993 5703 1327 5780 impleverit
1373 5707 1643 5780 pecunia,
1673 5705 1797 5768 sive
1829 5704 1987 5764 aliud

2084 3477 2205 3534 πῶς
2233 3477 2330 3526 τοῦ
2365 3473 2663 3546 Σαπρικίου
2713 3474 2917 3543 ἀπέστη
2969 3474 2997 3528 6
3051 3472 3270 3548 Κύριος,
3302 3471 3613 3550 ἐγγίσαντος
3643 3472 3738 3527 καὶ

2085 3559 2593 3638 προσκολλωμένου
2661 3562 2830 3635 αὐτῷ,
2884 3559 3158 3636 μηδέποτε
3203 3561 3346 3617 οὕτω
3395 3562 3740 3632 πεποιηκώς.

2087 3653 2167 3708 Οὐ
2228 3651 2330 3727 γὰρ
2391 3650 2792 3726 ἐγκαταλείπει,
2854 3656 3155 3716 Δαυϊτικῶς
3205 3651 3396 3720 εἰπεῖν,
3457 3649 3585 3714 τοὺς
3645 3656 3743 3722 ζη-

2085 3745 2311 3802 τοῦντας
2345 3739 2506 3795 αὐτὸν
2539 3742 2565 3796 ὁ
2604 3741 2695 3795 καὶ
2744 3738 2821 3795 ἔτι
2873 3738 3191 3796 λαλούντων
3243 3740 3404 3817 ἔγγὺς
3437 3741 3742 3815 παραγινό-

2094 3850 2252 3902 μενος
2287 3829 2386 3897 ,τὸ
2419 3827 2475 3884 δὲ
2522 3831 2988 3907 Θαυμασιώτερον,
3043 3830 3132 3886 καὶ
3178 3836 3296 3894 τοῖς
3346 3831 3421 3902 μὴ
3488 3833 3744 3900 ζητοῦσιν

2090 3916 2246 3972 αὐτὸν
2279 3918 2666 3992 εὑρισκόμενος
2707 3919 2796 3973 καὶ
2845 3919 3248 3995 παριστάμενος
3305 3917 3382 3980 εἲς
3423 3916 3746 3991 ἀντίληψιν.

2091 4007 2254 4062 Ἔχοι
2288 4004 2346 4062 δὶ
2403 4009 2461 4061 ἅν
2507 4009 2535 4062 ὁ
2581 4007 2840 4079 τοιαύτην
2887 4003 3172 4064 ἀναλαϐὼν
3231 4005 3436 4062 ἔννοιαν
3490 4003 3752 4062 ἐπιλύσα-

2093 4097 2211 4150 σθαι
2245 4093 2352 4151 ὧδέ
2383 4117 2498 4159 πως
2541 4097 2604 4152 τὸ
2655 4095 2857 4174 ἄπορον
2907 4095 3078 4172 (δοκῶ
3113 4099 3250 4171 μοι),
3295 4093 3340 4151 ὦ
3370 4093 3620 4176 ἀδελφοὶ,
3651 4095 3749 4151 τὸν

2092 4185 2348 4263 φορτικὸν
2389 4187 2715 4263 Σαπρίκιον⁹
2765 4185 3096 4242 ἐπίπλαστον
3139 4185 3492 4260 ἐξεπιπολῆς,
3539 4184 3599 4240 οὐ
3635 4185 3748 4259 μήν

2094 4272 2400 4351 ἐνδόμυχον
2437 4277 2527 4331 καὶ
2573 4275 2880 4352 ὁλόψυχον,
2931 4279 3032 4347 τήν
3065 4277 3152 4332 ἐπὶ
3181 4281 3261 4349 τῷ
3295 4274 3578 4352 μαρτυρίῳ
3607 4275 3749 4352 πρό-

2095 4376 2235 4429 θεσιν
2269 4362 2617 4438 ἐνδείξασθαι,
2666 4364 2812 4422 ἀλλά
2865 4364 3282 4441 μαλακώτερον,
3330 4365 3421 4420 καὶ
3479 4363 3651 4428 οὕτως
3681 4364 3747 4420 οὐ

2095 4451 2326 4516 δεόντως
2377 4449 2660 4510 ἐπιϐαλεῖν
2709 4455 2849 4530 ἁγίῳ
2894 4454 3193 4531 πράγματι,
3228 4455 3364 4530 πρὸς
3409 4453 3582 4527 μόνην
3632 4454 3752 4508 Θεο-

2097 4540 2282 4621 φιλίας
2316 4540 2537 4614 δόκησιν
2589 4543 2678 4599 καὶ
2725 4541 2885 4616 δόξης
2934 4551 3094 4614 κενῆς
3142 4541 3298 4619 λόγῳ
3335 4546 3405 4617 τῇ
3441 4545 3752 4617 μαρτυρικῇ

2097 4630 2323 4702 ἀθλήσει
2352 4629 2693 4708 ἐπιδραμεῖν,
2727 4630 2784 4688 εἷ’
2822 4655 2942 4696 πως
2991 4631 3236 4706 δοξάριόν
3279 4654 3330 4686 τι
3361 4633 3511 4704 αὐτῷ
3544 4630 3753 4709 ἐπιφη-

2102 4721 2318 4794 μισθείη
2352 4720 2701 4798 περίκλυτον,
2751 4724 2824 4786 ὡς
2875 4722 2961 4778 ἐὰν
3013 4723 3100 4778 καὶ
3158 4722 3362 4798 μάρτυς
3409 4720 3510 4776 οὐκ
3559 4719 3757 4776 εὐσυν-

2097 4809 2394 4881 ἀλλακτος,
2445 4813 2534 4866 καὶ
2584 4810 2651 4881 δὴ
2698 4812 2844 4884 σύτῷ
2897 4812 2960 4867 οὐ
3004 4811 3220 4881 πιστὸς,
3253 4808 3431 4886 δώρου
3465 4830 3628 4886 χαριν
3665 4811 3753 4885 (οὐ

2101 4903 2207 4974 μὴν
2265 4897 2324 4954 δέ
2379 4901 2516 4977 πρὸς
2569 4903 2735 4969 αὐτὴν
2812 4903 2912 4972 τὴν
2984 4899 3244 4971 ἀλήθειαν
3301 4901 3613 4976 παραγάγοι
3667 4899 3756 4974 ἃν)

2097 4989 2385 5064 ἐπιρῥίψας
2443 4989 2518 5051 εἰς
2571 4990 2867 5066 μαρτύριον
2923 4990 3411 5066 βιωτικόν.“οπου
3463 4988 3555 5043 καὶ
3609 4986 3755 5045 ἔστιν

2098 5076 2290 5149 εἰπεῖν,
2325 5079 2429 5150 ὅτι,
2461 5080 2600 5142 καθά
2642 5080 2670 5133 6
2723 5080 3161 5156 μεμαρτυρηκώς
3209 5099 3316 5134 που
3367 5077 3500 5152 ὑπὲρ
3542 5078 3754 5153 ἀνθρώ-

2095 5189 2223 5236 που,
2253 5168 2340 5223 καὶ
2389 5164 2707 5242 διαθέμενος
2761 5168 2961 5224 ἰκεῖνον
3017 5165 3223 5241 καλῶς,
3280 5166 3379 5222 οὐκ
3426 5163 3486 5221 ἂν
3529 5163 3746 5226 δικαίως

2097 5256 2326 5333 χάριτας
2383 5252 2642 5335 ὅφλεσθαι
2692 5257 2948 5330 ἀπαιτοίη
3000 5256 3052 5328 ἐξ
3103 5256 3306 5312 ἐκείνου
3356 5257 3572 5332 (ἀπέχει
3645 5252 3739 5327 γὰρ

2097 5344 2204 5418 ἤδη
2236 5347 2327 5401 τὸν
2367 5348 2558 5418 μισθὸν
2591 5355 2688 5417 τῆς
2719 5347 2972 5423 χάριτος,
3023 5349 3112 5402 οἷα
3159 5346 3378 5417 πλήσας
3425 5348 3525 5416 τὴν
3566 5347 3744 5418 χεῖρα,

2097 5437 2170 5490 ὦν
2206 5437 2307 5490 οὐκ
2353 5434 2548 5511 ἐχρῆν,
2598 5436 2688 5492 καὶ
2742 5434 2929 5499 ἄλλως
2979 5437 3229 5491 ὁπωσοῦν
3285 5434 3752 5512 ἐκθεραπευσάμε-

2097 5527 2234 5600 νος),
2267 5525 2439 5588 οὕτως
2473 5523 2598 5581 οὐδὲ
2623 5527 2651 5581 ὁ
2701 5527 3021 5603 Σαπρίκιος,
3074 5524 3198 5581 οὐδὲ
3241 5522 3296 5581 εἷ’
3318 5545 3400 5588 τις
3433 5522 3607 5588 ἄλλος
3636 5523 3760 5577 κατ’

2100 5615 2300 5672 ἐκεῖνον
2361 5615 2437 5678 είς
2501 5617 2796 5692 μαρτυρίαν
2848 5614 3052 5692 δράμοι
3109 5617 3210 5686 τὴν
3268 5614 3392 5694 περὶ
3447 5617 3545 5668 τοῦ
3595 5616 3759 5685 Θεοῦ,

2101 5710 2340 5783 φθαρτῆς
2381 5701 2628 5770 εὐκλείας
2677 5699 2849 5764 ἕνεκεν
2905 5706 2994 5763 καὶ
3043 5709 3142 5763 τοῦ
3173 5702 3322 5778 δοξαι
3369 5706 3761 5783 φανητιασμοῦ
