  <div class='ocr_page' id='page_1' title='image "/cluster/home/n/w/nwhite01/storage/ocr_20150623/135:no.2/coo.31924054870401/288.png"; bbox 0 0 4130 6364; ppageno 0'>
   <div class='ocr_carea' id='block_1_1' title="bbox 381 385 506 447">
    <p class='ocr_par' dir='ltr' id='par_1_1' title="bbox 381 385 506 447">
     <span class='ocr_line' id='line_1_1' title="bbox 381 385 506 447; baseline -0.024 0"><span class='ocrx_word' id='word_1_1' title='bbox 381 385 506 447; x_wconf 79' lang='grc'><strong>565</strong></span> 
     </span>
    </p>
   </div>
   <div class='ocr_carea' id='block_1_2' title="bbox 1421 379 2782 455">
    <p class='ocr_par' dir='ltr' id='par_1_2' title="bbox 1421 379 2782 455">
     <span class='ocr_line' id='line_1_2' title="bbox 1421 379 2782 455; baseline -0.003 -11"><span class='ocrx_word' id='word_1_2' title='bbox 1421 384 1500 444; x_wconf 89' lang='grc' dir='ltr'><strong>ΙΝ</strong></span> <span class='ocrx_word' id='word_1_3' title='bbox 1548 382 1610 444; x_wconf 93' lang='lat' dir='ltr'><strong>S.</strong></span> <span class='ocrx_word' id='word_1_4' title='bbox 1660 379 2347 455; x_wconf 82' lang='lat' dir='ltr'><strong>QUADRAGESIMAM</strong></span> <span class='ocrx_word' id='word_1_5' title='bbox 2395 383 2690 444; x_wconf 86' lang='lat' dir='ltr'><strong>ORATIO</strong></span> <span class='ocrx_word' id='word_1_6' title='bbox 2734 382 2782 444; x_wconf 91' lang='grc' dir='ltr'><strong>Ι.</strong></span> 
     </span>
    </p>
   </div>
   <div class='ocr_carea' id='block_1_3' title="bbox 3700 379 3818 441">
    <p class='ocr_par' dir='ltr' id='par_1_3' title="bbox 3700 379 3818 441">
     <span class='ocr_line' id='line_1_3' title="bbox 3700 379 3818 441; baseline 0.017 -2"><span class='ocrx_word' id='word_1_7' title='bbox 3700 379 3818 441; x_wconf 77' lang='grc'><strong>566</strong></span> 
     </span>
    </p>
   </div>
   <div class='ocr_carea' id='block_1_4' title="bbox 380 507 2046 592">
    <p class='ocr_par' dir='ltr' id='par_1_4' title="bbox 380 507 2031 592">
     <span class='ocr_line' id='line_1_4' title="bbox 380 507 2031 592; baseline -0.004 -20"><span class='ocrx_word' id='word_1_8' title='bbox 380 517 574 592; x_wconf 88' lang='grc' dir='ltr'>τρόπῳ</span> <span class='ocrx_word' id='word_1_9' title='bbox 608 512 932 588; x_wconf 86' lang='grc' dir='ltr'>θεόμαρτυς,</span> <span class='ocrx_word' id='word_1_10' title='bbox 975 511 1065 567; x_wconf 79' lang='grc' dir='ltr'><strong>καὶ</strong></span> <span class='ocrx_word' id='word_1_11' title='bbox 1126 509 1268 567; x_wconf 67' lang='grc' dir='ltr'>οὕτω</span> <span class='ocrx_word' id='word_1_12' title='bbox 1332 513 1556 586; x_wconf 72' lang='grc' dir='ltr'>μνήμην</span> <span class='ocrx_word' id='word_1_13' title='bbox 1617 507 1764 590; x_wconf 71' lang='grc' dir='ltr'>ἔχειν</span> <span class='ocrx_word' id='word_1_14' title='bbox 1819 511 2031 586; x_wconf 82' lang='grc' dir='ltr'>τιμίαν,</span> 
     </span>
    </p>
   </div>
   <div class='ocr_carea' id='block_1_5' title="bbox 2157 507 3816 592">
    <p class='ocr_par' dir='ltr' id='par_1_5' title="bbox 2157 509 3816 587">
     <span class='ocr_line' id='line_1_5' title="bbox 2157 509 3816 587; baseline -0.003 -18"><span class='ocrx_word' id='word_1_15' title='bbox 2157 513 2291 586; x_wconf 86' lang='lat' dir='ltr'><strong>quid</strong></span> <span class='ocrx_word' id='word_1_16' title='bbox 2324 513 2470 570; x_wconf 90' lang='lat' dir='ltr'><strong>lucri</strong></span> <span class='ocrx_word' id='word_1_17' title='bbox 2505 514 2617 570; x_wconf 84' lang='lat' dir='ltr'><strong>sibi</strong></span> <span class='ocrx_word' id='word_1_18' title='bbox 2650 512 2974 587; x_wconf 81' lang='lat' dir='ltr'><strong>paraverit;</strong></span> <span class='ocrx_word' id='word_1_19' title='bbox 3009 511 3116 568; x_wconf 87' lang='lat' dir='ltr'><strong>tali</strong></span> <span class='ocrx_word' id='word_1_20' title='bbox 3150 512 3323 568; x_wconf 91' lang='lat' dir='ltr'><strong>modo</strong></span> <span class='ocrx_word' id='word_1_21' title='bbox 3374 516 3431 567; x_wconf 84' lang='lat' dir='ltr'><strong>et</strong></span> <span class='ocrx_word' id='word_1_22' title='bbox 3486 509 3816 584; x_wconf 63' lang='lat' dir='ltr'><strong>Sapricius,</strong></span> 
     </span>
    </p>
   </div>
   <div class='ocr_carea' id='block_1_6' title="bbox 384 599 2039 678">
    <p class='ocr_par' dir='ltr' id='par_1_6' title="bbox 384 599 2039 678">
     <span class='ocr_line' id='line_1_6' title="bbox 384 599 2039 678; baseline -0.003 -16"><span class='ocrx_word' id='word_1_23' title='bbox 384 603 779 676; x_wconf 86' lang='grc' dir='ltr'>συναντίληψιν</span> <span class='ocrx_word' id='word_1_24' title='bbox 812 600 932 678; x_wconf 66' lang='grc' dir='ltr'>ἔχοι</span> <span class='ocrx_word' id='word_1_25' title='bbox 964 599 1023 656; x_wconf 69' lang='grc' dir='ltr'><strong>ἂν</strong></span> <span class='ocrx_word' id='word_1_26' title='bbox 1057 602 1161 656; x_wconf 82' lang='grc' dir='ltr'><strong>ἀπὸ</strong></span> <span class='ocrx_word' id='word_1_27' title='bbox 1189 606 1284 657; x_wconf 80' lang='grc' dir='ltr'><strong>τοῦ</strong></span> <span class='ocrx_word' id='word_1_28' title='bbox 1315 606 1471 672; x_wconf 77' lang='grc' dir='ltr'>Θεοῦ,</span> <span class='ocrx_word' id='word_1_29' title='bbox 1526 600 1615 657; x_wconf 79' lang='grc' dir='ltr'>διὰ</span> <span class='ocrx_word' id='word_1_30' title='bbox 1641 603 1704 657; x_wconf 87' lang='grc' dir='ltr'><strong>τὸ</strong></span> <span class='ocrx_word' id='word_1_31' title='bbox 1761 604 1899 657; x_wconf 81' lang='grc' dir='ltr'>κατὰ</span> <span class='ocrx_word' id='word_1_32' title='bbox 1937 602 2039 670; x_wconf 82' lang='grc' dir='ltr'>τὴν</span> 
     </span>
    </p>
   </div>
   <div class='ocr_carea' id='block_1_7' title="bbox 391 687 2038 771">
    <p class='ocr_par' dir='ltr' id='par_1_7' title="bbox 391 687 2038 771">
     <span class='ocr_line' id='line_1_7' title="bbox 391 687 2038 771; baseline -0.004 -21"><span class='ocrx_word' id='word_1_33' title='bbox 391 692 692 771; x_wconf 78' lang='grc' dir='ltr'><strong>μαρτυρίαν</strong></span> <span class='ocrx_word' id='word_1_34' title='bbox 725 689 1216 766; x_wconf 74' lang='grc' dir='ltr'>ψευδεπίπλαστονο</span> <span class='ocrx_word' id='word_1_35' title='bbox 1277 690 1424 748; x_wconf 77' lang='grc' dir='ltr'>ἀλλὰ</span> <span class='ocrx_word' id='word_1_36' title='bbox 1473 690 1838 769; x_wconf 87' lang='grc' dir='ltr'>ἀπρόσδεκτος</span> <span class='ocrx_word' id='word_1_37' title='bbox 1869 687 2038 762; x_wconf 79' lang='grc' dir='ltr'>ἔσται,</span> 
     </span>
    </p>
   </div>
   <div class='ocr_carea' id='block_1_8' title="bbox 388 778 2042 857">
    <p class='ocr_par' dir='ltr' id='par_1_8' title="bbox 388 778 2042 857">
     <span class='ocr_line' id='line_1_8' title="bbox 388 778 2042 857; baseline -0.002 -17"><span class='ocrx_word' id='word_1_38' title='bbox 388 785 463 846; x_wconf 86' lang='grc' dir='ltr'>ὡς</span> <span class='ocrx_word' id='word_1_39' title='bbox 497 782 574 846; x_wconf 80' lang='grc' dir='ltr'><strong>είς</strong></span> <span class='ocrx_word' id='word_1_40' title='bbox 600 780 769 836; x_wconf 82' lang='grc' dir='ltr'>τόπον</span> <span class='ocrx_word' id='word_1_41' title='bbox 798 778 1104 852; x_wconf 67' lang='grc' dir='ltr'>τεθειμένος</span> <span class='ocrx_word' id='word_1_42' title='bbox 1141 781 1458 857; x_wconf 78' lang='grc' dir='ltr'><strong>ὑποκριτοῦ,</strong></span> <span class='ocrx_word' id='word_1_43' title='bbox 1517 782 1576 844; x_wconf 80' lang='grc' dir='ltr'>ὃς</span> <span class='ocrx_word' id='word_1_44' title='bbox 1607 781 1745 836; x_wconf 84' lang='grc' dir='ltr'>πάνυ</span> <span class='ocrx_word' id='word_1_45' title='bbox 1808 786 2042 854; x_wconf 80' lang='grc' dir='ltr'>μισεῖται</span> 
     </span>
    </p>
   </div>
   <div class='ocr_carea' id='block_1_9' title="bbox 387 869 1063 946">
    <p class='ocr_par' dir='ltr' id='par_1_9' title="bbox 387 869 1063 946">
     <span class='ocr_line' id='line_1_9' title="bbox 387 869 1063 946; baseline -0.001 -19"><span class='ocrx_word' id='word_1_46' title='bbox 387 877 468 946; x_wconf 78' lang='grc' dir='ltr'>τῷ</span> <span class='ocrx_word' id='word_1_47' title='bbox 491 878 593 942; x_wconf 92' lang='grc' dir='ltr'><strong>τῆς</strong></span> <span class='ocrx_word' id='word_1_48' title='bbox 621 869 882 941; x_wconf 78' lang='grc' dir='ltr'><strong>ἀληθείας</strong></span> <span class='ocrx_word' id='word_1_49' title='bbox 930 874 1063 942; x_wconf 83' lang='grc' dir='ltr'><strong>Θεῷ.</strong></span> 
     </span>
    </p>
   </div>
   <div class='ocr_carea' id='block_1_10' title="bbox 2153 604 3816 679">
    <p class='ocr_par' dir='ltr' id='par_1_10' title="bbox 2153 604 3816 679">
     <span class='ocr_line' id='line_1_10' title="bbox 2153 604 3816 679; baseline -0.001 -17"><span class='ocrx_word' id='word_1_50' title='bbox 2153 610 2209 662; x_wconf 89' lang='lat' dir='ltr'><strong>et</strong></span> <span class='ocrx_word' id='word_1_51' title='bbox 2265 606 2314 662; x_wconf 91' lang='lat' dir='ltr'>si</span> <span class='ocrx_word' id='word_1_52' title='bbox 2373 607 2506 679; x_wconf 82' lang='lat' dir='ltr'>quis</span> <span class='ocrx_word' id='word_1_53' title='bbox 2568 606 2720 664; x_wconf 90' lang='lat' dir='ltr'><strong>alius</strong></span> <span class='ocrx_word' id='word_1_54' title='bbox 2773 609 3014 662; x_wconf 86' lang='lat' dir='ltr'><strong>secutus</strong></span> <span class='ocrx_word' id='word_1_55' title='bbox 3063 605 3326 661; x_wconf 89' lang='lat' dir='ltr'><strong>divinum</strong></span> <span class='ocrx_word' id='word_1_56' title='bbox 3358 605 3427 662; x_wconf 89' lang='lat' dir='ltr'><strong>ad</strong></span> <span class='ocrx_word' id='word_1_57' title='bbox 3463 604 3816 677; x_wconf 77' lang='lat' dir='ltr'><strong>martyrium</strong></span> 
     </span>
    </p>
   </div>
   <div class='ocr_carea' id='block_1_11' title="bbox 2152 695 3814 768">
    <p class='ocr_par' dir='ltr' id='par_1_11' title="bbox 2152 695 3814 768">
     <span class='ocr_line' id='line_1_11' title="bbox 2152 695 3814 768; baseline -0.002 -17"><span class='ocrx_word' id='word_1_58' title='bbox 2152 697 2463 766; x_wconf 84' lang='lat' dir='ltr'><strong>procurrit,</strong></span> <span class='ocrx_word' id='word_1_59' title='bbox 2508 697 2740 752; x_wconf 67' lang='lat' dir='ltr'><strong>caduca</strong></span> <span class='ocrx_word' id='word_1_60' title='bbox 2794 695 2992 768; x_wconf 68' lang='lat' dir='ltr'><strong>gloria:</strong></span> <span class='ocrx_word' id='word_1_61' title='bbox 3051 711 3251 761; x_wconf 87' lang='lat' dir='ltr'><strong>causa,</strong></span> <span class='ocrx_word' id='word_1_62' title='bbox 3313 699 3496 767; x_wconf 90' lang='lat' dir='ltr'><strong>utque</strong></span> <span class='ocrx_word' id='word_1_63' title='bbox 3555 697 3814 750; x_wconf 87' lang='lat' dir='ltr'><strong>ostenta-</strong></span> 
     </span>
    </p>
   </div>
   <div class='ocr_carea' id='block_1_12' title="bbox 2150 784 3818 859">
    <p class='ocr_par' dir='ltr' id='par_1_12' title="bbox 2150 784 3818 859">
     <span class='ocr_line' id='line_1_12' title="bbox 2150 784 3818 859; baseline 0 -21"><span class='ocrx_word' id='word_1_64' title='bbox 2150 787 2371 841; x_wconf 79' lang='lat' dir='ltr'><strong>tatione</strong></span> <span class='ocrx_word' id='word_1_65' title='bbox 2403 788 2655 858; x_wconf 87' lang='lat' dir='ltr'><strong>quadam</strong></span> <span class='ocrx_word' id='word_1_66' title='bbox 2693 786 2790 842; x_wconf 88' lang='lat' dir='ltr'><strong>Dei</strong></span> <span class='ocrx_word' id='word_1_67' title='bbox 2824 790 3142 859; x_wconf 81' lang='lat' dir='ltr'><strong>martyrem</strong></span> <span class='ocrx_word' id='word_1_68' title='bbox 3175 800 3303 841; x_wconf 90' lang='lat' dir='ltr'><strong>sese</strong></span> <span class='ocrx_word' id='word_1_69' title='bbox 3351 785 3650 855; x_wconf 89' lang='lat' dir='ltr'><strong>professus</strong></span> <span class='ocrx_word' id='word_1_70' title='bbox 3702 784 3818 839; x_wconf 85' lang='lat' dir='ltr'><strong>cla-</strong></span> 
     </span>
    </p>
   </div>
   <div class='ocr_carea' id='block_1_13' title="bbox 2152 872 3815 948">
    <p class='ocr_par' dir='ltr' id='par_1_13' title="bbox 2152 872 3815 948">
     <span class='ocr_line' id='line_1_13' title="bbox 2152 872 3815 948; baseline -0.001 -19"><span class='ocrx_word' id='word_1_71' title='bbox 2152 891 2278 931; x_wconf 88' lang='lat' dir='ltr'><strong>ram</strong></span> <span class='ocrx_word' id='word_1_72' title='bbox 2339 875 2452 932; x_wconf 84' lang='lat' dir='ltr'>sibi</span> <span class='ocrx_word' id='word_1_73' title='bbox 2508 875 2756 948; x_wconf 82' lang='lat' dir='ltr'><strong>gloriam</strong></span> <span class='ocrx_word' id='word_1_74' title='bbox 2815 879 3124 947; x_wconf 71' lang='lat' dir='ltr'><strong>quaereret,</strong></span> <span class='ocrx_word' id='word_1_75' title='bbox 3168 875 3220 930; x_wconf 92' lang='lat' dir='ltr'><strong>is</strong></span> <span class='ocrx_word' id='word_1_76' title='bbox 3251 873 3450 930; x_wconf 92' lang='lat' dir='ltr'><strong>divino</strong></span> <span class='ocrx_word' id='word_1_77' title='bbox 3480 872 3673 930; x_wconf 78' lang='lat' dir='ltr'><strong>caruit</strong></span> <span class='ocrx_word' id='word_1_78' title='bbox 3704 889 3815 928; x_wconf 89' lang='lat' dir='ltr'><strong>au-</strong></span> 
     </span>
    </p>
   </div>
   <div class='ocr_carea' id='block_1_14' title="bbox 387 962 3810 1039">
    <p class='ocr_par' dir='ltr' id='par_1_14' title="bbox 387 962 3810 1039">
     <span class='ocr_line' id='line_1_14' title="bbox 387 962 3810 1039; baseline -0.002 -15"><span class='ocrx_word' id='word_1_79' title='bbox 387 965 547 1034; x_wconf 83' lang='lat' dir='ltr'><strong>xilio,</strong></span> <span class='ocrx_word' id='word_1_80' title='bbox 575 969 632 1020; x_wconf 90' lang='lat' dir='ltr'><strong>et</strong></span> <span class='ocrx_word' id='word_1_81' title='bbox 661 964 723 1019; x_wconf 94' lang='lat' dir='ltr'><strong>in</strong></span> <span class='ocrx_word' id='word_1_82' title='bbox 755 979 998 1020; x_wconf 90' lang='lat' dir='ltr'><strong>numero</strong></span> <span class='ocrx_word' id='word_1_83' title='bbox 1055 964 1284 1036; x_wconf 89' lang='lat' dir='ltr'><strong>positus</strong></span> <span class='ocrx_word' id='word_1_84' title='bbox 1325 968 1416 1022; x_wconf 88' lang='lat' dir='ltr'><strong>est</strong></span> <span class='ocrx_word' id='word_1_85' title='bbox 1468 964 1932 1038; x_wconf 87' lang='lat' dir='ltr'><strong>hypocritarum,</strong></span> <span class='ocrx_word' id='word_1_86' title='bbox 1992 980 2142 1031; x_wconf 90' lang='lat' dir='ltr'><strong>quos</strong></span> <span class='ocrx_word' id='word_1_87' title='bbox 2192 965 2366 1023; x_wconf 85' lang='lat' dir='ltr'><strong>habet</strong></span> <span class='ocrx_word' id='word_1_88' title='bbox 2407 983 2650 1039; x_wconf 91' lang='lat' dir='ltr'><strong>prorsus</strong></span> <span class='ocrx_word' id='word_1_89' title='bbox 2702 965 3129 1024; x_wconf 90' lang='lat' dir='ltr'><strong>abominationi</strong></span> <span class='ocrx_word' id='word_1_90' title='bbox 3187 966 3345 1023; x_wconf 82' lang='lat' dir='ltr'><strong>Deus</strong></span> <span class='ocrx_word' id='word_1_91' title='bbox 3401 964 3597 1023; x_wconf 90' lang='lat' dir='ltr'><strong>omnis</strong></span> <span class='ocrx_word' id='word_1_92' title='bbox 3653 962 3810 1020; x_wconf 90' lang='lat' dir='ltr'><strong>veri-</strong></span> 
     </span>
    </p>
   </div>
   <div class='ocr_carea' id='block_1_15' title="bbox 390 1055 550 1113">
    <p class='ocr_par' dir='ltr' id='par_1_15' title="bbox 390 1055 550 1113">
     <span class='ocr_line' id='line_1_15' title="bbox 390 1055 550 1113; baseline -0.019 -1"><span class='ocrx_word' id='word_1_93' title='bbox 390 1055 550 1113; x_wconf 88' lang='lat' dir='ltr'><strong>tatis.</strong></span> 
     </span>
    </p>
   </div>
   <div class='ocr_carea' id='block_1_16' title="bbox 461 1173 2040 1252">
    <p class='ocr_par' dir='ltr' id='par_1_16' title="bbox 461 1173 2040 1252">
     <span class='ocr_line' id='line_1_16' title="bbox 461 1173 2040 1252; baseline -0.001 -18"><span class='ocrx_word' id='word_1_94' title='bbox 461 1176 521 1234; x_wconf 79' lang='lat'><strong>6&#39;.</strong></span> <span class='ocrx_word' id='word_1_95' title='bbox 553 1175 650 1233; x_wconf 83' lang='grc' dir='ltr'>Καὶ</span> <span class='ocrx_word' id='word_1_96' title='bbox 683 1173 827 1232; x_wconf 67' lang='grc' dir='ltr'>οὕτω</span> <span class='ocrx_word' id='word_1_97' title='bbox 862 1176 956 1250; x_wconf 76' lang='grc' dir='ltr'>μὲν</span> <span class='ocrx_word' id='word_1_98' title='bbox 1017 1176 1045 1230; x_wconf 91' lang='lat'><strong>6</strong></span> <span class='ocrx_word' id='word_1_99' title='bbox 1105 1177 1406 1252; x_wconf 88' lang='grc' dir='ltr'>Σαπρίκιος</span> <span class='ocrx_word' id='word_1_100' title='bbox 1457 1176 1742 1250; x_wconf 72' lang='grc' dir='ltr'>νομίζοιτο</span> <span class='ocrx_word' id='word_1_101' title='bbox 1784 1173 1842 1236; x_wconf 73' lang='grc' dir='ltr'>ἂν</span> <span class='ocrx_word' id='word_1_102' title='bbox 1902 1176 2040 1233; x_wconf 84' lang='grc' dir='ltr'>ἀπο-</span> 
     </span>
    </p>
   </div>
   <div class='ocr_carea' id='block_1_17' title="bbox 384 1263 2040 1346">
    <p class='ocr_par' dir='ltr' id='par_1_17' title="bbox 384 1263 2040 1346">
     <span class='ocr_line' id='line_1_17' title="bbox 384 1263 2040 1346; baseline -0.002 -22"><span class='ocrx_word' id='word_1_103' title='bbox 384 1269 644 1346; x_wconf 89' lang='grc' dir='ltr'>τρόπαιος</span> <span class='ocrx_word' id='word_1_104' title='bbox 679 1266 809 1321; x_wconf 81' lang='grc' dir='ltr'>εἶναι</span> <span class='ocrx_word' id='word_1_105' title='bbox 838 1269 919 1339; x_wconf 79' lang='grc' dir='ltr'><strong>τῷ</strong></span> <span class='ocrx_word' id='word_1_106' title='bbox 950 1269 1088 1338; x_wconf 80' lang='grc' dir='ltr'>Θεῷ,</span> <span class='ocrx_word' id='word_1_107' title='bbox 1121 1263 1209 1321; x_wconf 73' lang='grc' dir='ltr'><strong>διὰ</strong></span> <span class='ocrx_word' id='word_1_108' title='bbox 1245 1267 1308 1321; x_wconf 86' lang='grc' dir='ltr'>τὸ</span> <span class='ocrx_word' id='word_1_109' title='bbox 1362 1268 1438 1340; x_wconf 80' lang='grc' dir='ltr'>μή</span> <span class='ocrx_word' id='word_1_110' title='bbox 1489 1265 1794 1344; x_wconf 73' lang='grc' dir='ltr'>ἰπιτρίπειν</span> <span class='ocrx_word' id='word_1_111' title='bbox 1849 1267 2040 1340; x_wconf 76' lang='grc' dir='ltr'>ἐκείνῳ</span> 
     </span>
    </p>
   </div>
   <div class='ocr_carea' id='block_1_18' title="bbox 385 1353 2039 1435">
    <p class='ocr_par' dir='ltr' id='par_1_18' title="bbox 385 1353 2039 1435">
     <span class='ocr_line' id='line_1_18' title="bbox 385 1353 2039 1435; baseline -0.002 -21"><span class='ocrx_word' id='word_1_112' title='bbox 385 1359 460 1421; x_wconf 77' lang='grc' dir='ltr'><strong>εἷς</strong></span> <span class='ocrx_word' id='word_1_113' title='bbox 504 1357 739 1433; x_wconf 77' lang='grc' dir='ltr'>καθαρὰν</span> <span class='ocrx_word' id='word_1_114' title='bbox 798 1354 1005 1427; x_wconf 77' lang='grc' dir='ltr'>θυσίαν,</span> <span class='ocrx_word' id='word_1_115' title='bbox 1065 1353 1210 1410; x_wconf 82' lang='grc' dir='ltr'><strong>ἀλλὰ</strong></span> <span class='ocrx_word' id='word_1_116' title='bbox 1251 1361 1644 1435; x_wconf 75' lang='grc' dir='ltr'><strong>μεμορφῶσθαι</strong></span> <span class='ocrx_word' id='word_1_117' title='bbox 1705 1355 1780 1419; x_wconf 88' lang='grc' dir='ltr'><strong>είς</strong></span> <span class='ocrx_word' id='word_1_118' title='bbox 1839 1357 2039 1432; x_wconf 85' lang='grc' dir='ltr'>φάντα-</span> 
     </span>
    </p>
   </div>
   <div class='ocr_carea' id='block_1_19' title="bbox 384 1443 2034 1523">
    <p class='ocr_par' dir='ltr' id='par_1_19' title="bbox 384 1443 2034 1523">
     <span class='ocr_line' id='line_1_19' title="bbox 384 1443 2034 1523; baseline -0.001 -21"><span class='ocrx_word' id='word_1_119' title='bbox 384 1468 496 1520; x_wconf 91' lang='grc' dir='ltr'><strong>σμα</strong></span> <span class='ocrx_word' id='word_1_120' title='bbox 553 1446 970 1520; x_wconf 72' lang='grc' dir='ltr'>σκηνικιίηερον·</span> <span class='ocrx_word' id='word_1_121' title='bbox 1032 1443 1104 1499; x_wconf 81' lang='grc' dir='ltr'><strong>Οὐ</strong></span> <span class='ocrx_word' id='word_1_122' title='bbox 1156 1445 1254 1520; x_wconf 71' lang='grc' dir='ltr'><strong>γὰρ</strong></span> <span class='ocrx_word' id='word_1_123' title='bbox 1317 1443 1374 1499; x_wconf 78' lang='grc' dir='ltr'>ἂν</span> <span class='ocrx_word' id='word_1_124' title='bbox 1437 1445 1639 1523; x_wconf 82' lang='grc' dir='ltr'>ἀφῆκεν</span> <span class='ocrx_word' id='word_1_125' title='bbox 1700 1447 1728 1501; x_wconf 97' lang='lat'><strong>6</strong></span> <span class='ocrx_word' id='word_1_126' title='bbox 1795 1447 1923 1508; x_wconf 85' lang='grc' dir='ltr'><strong>Θεὸς</strong></span> <span class='ocrx_word' id='word_1_127' title='bbox 1984 1444 2034 1500; x_wconf 82' lang='grc' dir='ltr'>ἐν</span> 
     </span>
    </p>
   </div>
   <div class='ocr_carea' id='block_1_20' title="bbox 383 1529 2038 1610">
    <p class='ocr_par' dir='ltr' id='par_1_20' title="bbox 383 1529 2038 1610">
     <span class='ocr_line' id='line_1_20' title="bbox 383 1529 2038 1610; baseline -0.001 -18"><span class='ocrx_word' id='word_1_128' title='bbox 383 1535 530 1609; x_wconf 83' lang='grc' dir='ltr'><strong>αὐτῷ</strong></span> <span class='ocrx_word' id='word_1_129' title='bbox 555 1541 730 1610; x_wconf 83' lang='grc' dir='ltr'>καιρῴ</span> <span class='ocrx_word' id='word_1_130' title='bbox 770 1534 1045 1609; x_wconf 80' lang='grc' dir='ltr'><strong>σωτηρίας</strong></span> <span class='ocrx_word' id='word_1_131' title='bbox 1103 1529 1362 1604; x_wconf 75' lang='grc' dir='ltr'>ἀναϐῆναι</span> <span class='ocrx_word' id='word_1_132' title='bbox 1423 1533 1498 1596; x_wconf 81' lang='grc' dir='ltr'>εἷς</span> <span class='ocrx_word' id='word_1_133' title='bbox 1549 1533 1770 1608; x_wconf 80' lang='grc' dir='ltr'>καρδίαν</span> <span class='ocrx_word' id='word_1_134' title='bbox 1823 1532 2038 1609; x_wconf 76' lang='grc' dir='ltr'>ὑψηλοῦ</span> 
     </span>
    </p>
   </div>
   <div class='ocr_carea' id='block_1_21' title="bbox 384 1623 2034 1700">
    <p class='ocr_par' dir='ltr' id='par_1_21' title="bbox 384 1623 2034 1700">
     <span class='ocr_line' id='line_1_21' title="bbox 384 1623 2034 1700; baseline -0.001 -20"><span class='ocrx_word' id='word_1_135' title='bbox 384 1626 680 1700; x_wconf 84' lang='grc' dir='ltr'>ἀνθρώπου</span> <span class='ocrx_word' id='word_1_136' title='bbox 728 1625 878 1696; x_wconf 85' lang='grc' dir='ltr'>αὑτῷ</span> <span class='ocrx_word' id='word_1_137' title='bbox 902 1623 1341 1699; x_wconf 71' lang='grc' dir='ltr'>προσανέχοντος</span> <span class='ocrx_word' id='word_1_138' title='bbox 1371 1623 1883 1700; x_wconf 70' lang='grc' dir='ltr'>ἀναρῥιχησάμενον</span> <span class='ocrx_word' id='word_1_139' title='bbox 1934 1646 2034 1679; x_wconf 83' lang='grc' dir='ltr'>πο-</span> 
     </span>
    </p>
   </div>
   <div class='ocr_carea' id='block_1_22' title="bbox 383 1709 2035 1789">
    <p class='ocr_par' dir='ltr' id='par_1_22' title="bbox 383 1709 2035 1789">
     <span class='ocr_line' id='line_1_22' title="bbox 383 1709 2035 1789; baseline -0.002 -19"><span class='ocrx_word' id='word_1_140' title='bbox 383 1715 554 1789; x_wconf 88' lang='grc' dir='ltr'>νηρὸν</span> <span class='ocrx_word' id='word_1_141' title='bbox 613 1710 994 1789; x_wconf 71' lang='grc' dir='ltr'>διαλογισμόψ</span> <span class='ocrx_word' id='word_1_142' title='bbox 1055 1710 1201 1766; x_wconf 82' lang='grc' dir='ltr'>ἀλλὰ</span> <span class='ocrx_word' id='word_1_143' title='bbox 1247 1709 1561 1767; x_wconf 71' lang='grc' dir='ltr'>ἀπέκλεισεν</span> <span class='ocrx_word' id='word_1_144' title='bbox 1616 1711 1674 1767; x_wconf 83' lang='grc' dir='ltr'><strong>ἂν</strong></span> <span class='ocrx_word' id='word_1_145' title='bbox 1709 1714 1800 1767; x_wconf 85' lang='grc' dir='ltr'>ἀπ’</span> <span class='ocrx_word' id='word_1_146' title='bbox 1846 1714 2035 1785; x_wconf 77' lang='grc' dir='ltr'>αὑτοῦ,</span> 
     </span>
    </p>
   </div>
   <div class='ocr_carea' id='block_1_23' title="bbox 387 1795 2040 1878">
    <p class='ocr_par' dir='ltr' id='par_1_23' title="bbox 387 1795 2040 1878">
     <span class='ocr_line' id='line_1_23' title="bbox 387 1795 2040 1878; baseline -0.002 -19"><span class='ocrx_word' id='word_1_147' title='bbox 387 1806 463 1867; x_wconf 84' lang='grc' dir='ltr'>ὡς</span> <span class='ocrx_word' id='word_1_148' title='bbox 497 1800 639 1876; x_wconf 71' lang='grc' dir='ltr'>μηδὲ</span> <span class='ocrx_word' id='word_1_149' title='bbox 667 1801 767 1873; x_wconf 75' lang='grc' dir='ltr'><strong>ἔξω</strong></span> <span class='ocrx_word' id='word_1_150' title='bbox 798 1823 903 1855; x_wconf 88' lang='grc' dir='ltr'><strong>που</strong></span> <span class='ocrx_word' id='word_1_151' title='bbox 950 1803 1366 1876; x_wconf 84' lang='grc' dir='ltr'>θυροκρουστεῖν</span> <span class='ocrx_word' id='word_1_152' title='bbox 1419 1795 1588 1878; x_wconf 76' lang='grc' dir='ltr'>ἔχειν,</span> <span class='ocrx_word' id='word_1_153' title='bbox 1643 1807 1814 1856; x_wconf 84' lang='grc' dir='ltr'>πᾶσαν</span> <span class='ocrx_word' id='word_1_154' title='bbox 1871 1824 2040 1873; x_wconf 89' lang='grc' dir='ltr'>πονη-</span> 
     </span>
    </p>
   </div>
   <div class='ocr_carea' id='block_1_24' title="bbox 387 1889 2038 1968">
    <p class='ocr_par' dir='ltr' id='par_1_24' title="bbox 387 1889 2038 1968">
     <span class='ocr_line' id='line_1_24' title="bbox 387 1889 2038 1968; baseline -0.002 -20"><span class='ocrx_word' id='word_1_155' title='bbox 387 1893 480 1968; x_wconf 82' lang='grc' dir='ltr'>ρὰν</span> <span class='ocrx_word' id='word_1_156' title='bbox 517 1891 780 1947; x_wconf 87' lang='grc' dir='ltr'>διάνοιαν.</span> <span class='ocrx_word' id='word_1_157' title='bbox 814 1889 919 1946; x_wconf 86' lang='grc' dir='ltr'>Καὶ</span> <span class='ocrx_word' id='word_1_158' title='bbox 953 1889 1127 1952; x_wconf 74' lang='grc' dir='ltr'>οὕτως</span> <span class='ocrx_word' id='word_1_159' title='bbox 1160 1890 1222 1945; x_wconf 85' lang='grc' dir='ltr'><strong>οὐ</strong></span> <span class='ocrx_word' id='word_1_160' title='bbox 1260 1891 1426 1964; x_wconf 88' lang='grc' dir='ltr'>μόνον</span> <span class='ocrx_word' id='word_1_161' title='bbox 1458 1890 1556 1946; x_wconf 79' lang='grc' dir='ltr'><strong>οὐκ</strong></span> <span class='ocrx_word' id='word_1_162' title='bbox 1612 1890 1671 1946; x_wconf 76' lang='grc' dir='ltr'><strong>ἂν</strong></span> <span class='ocrx_word' id='word_1_163' title='bbox 1733 1893 1760 1947; x_wconf 91' lang='grc' dir='ltr'>ὁ</span> <span class='ocrx_word' id='word_1_164' title='bbox 1791 1892 2038 1962; x_wconf 73' lang='grc' dir='ltr'>ἀθλητὴς</span> 
     </span>
    </p>
   </div>
   <div class='ocr_carea' id='block_1_25' title="bbox 388 1978 2037 2058">
    <p class='ocr_par' dir='ltr' id='par_1_25' title="bbox 388 1978 2037 2058">
     <span class='ocr_line' id='line_1_25' title="bbox 388 1978 2037 2058; baseline -0.003 -20"><span class='ocrx_word' id='word_1_165' title='bbox 388 1980 645 2052; x_wconf 66' lang='grc' dir='ltr'>ὑπεξέστη</span> <span class='ocrx_word' id='word_1_166' title='bbox 699 1984 795 2036; x_wconf 68' lang='grc' dir='ltr'>τοῦ</span> <span class='ocrx_word' id='word_1_167' title='bbox 849 1983 1186 2054; x_wconf 74' lang='grc' dir='ltr'>μαρτυρικοῦ</span> <span class='ocrx_word' id='word_1_168' title='bbox 1248 1978 1508 2058; x_wconf 83' lang='grc' dir='ltr'>στεφάνου</span> <span class='ocrx_word' id='word_1_169' title='bbox 1555 1985 1633 2052; x_wconf 80' lang='grc' dir='ltr'><strong>τῷ</strong></span> <span class='ocrx_word' id='word_1_170' title='bbox 1680 1979 2037 2054; x_wconf 83' lang='grc' dir='ltr'>μεμισημὲνῳ</span> 
     </span>
    </p>
   </div>
   <div class='ocr_carea' id='block_1_26' title="bbox 384 2040 2117 2147">
    <p class='ocr_par' dir='ltr' id='par_1_26' title="bbox 384 2040 2117 2147">
     <span class='ocr_line' id='line_1_26' title="bbox 384 2040 2117 2147; baseline -0.002 -21"><span class='ocrx_word' id='word_1_171' title='bbox 384 2040 704 2147; x_wconf 59' lang='grc' dir='ltr'>Νικηφόριρ,</span> <span class='ocrx_word' id='word_1_172' title='bbox 767 2040 935 2124; x_wconf 75' lang='grc' dir='ltr'><strong>ἀλλιὲι¹</strong></span> <span class='ocrx_word' id='word_1_173' title='bbox 969 2040 1059 2124; x_wconf 72' lang='grc' dir='ltr'><strong>καὶ</strong></span> <span class='ocrx_word' id='word_1_174' title='bbox 1096 2068 1294 2124; x_wconf 75' lang='grc' dir='ltr'>ἐκεῖνον</span> <span class='ocrx_word' id='word_1_175' title='bbox 1352 2040 1760 2146; x_wconf 44' lang='grc' dir='ltr'>,προσελάὺετοι</span> <span class='ocrx_word' id='word_1_176' title='bbox 1791 2040 2040 2146; x_wconf 36' lang='grc' dir='ltr'>συμμάρσ-</span> <span class='ocrx_word' id='word_1_177' title='bbox 2067 2040 2117 2106; x_wconf 84' lang='grc' dir='ltr'><strong>Β</strong></span> 
     </span>
    </p>
   </div>
   <div class='ocr_carea' id='block_1_27' title="bbox 382 2156 2038 2235">
    <p class='ocr_par' dir='ltr' id='par_1_27' title="bbox 382 2156 2038 2235">
     <span class='ocr_line' id='line_1_27' title="bbox 382 2156 2038 2235; baseline -0.002 -19"><span class='ocrx_word' id='word_1_178' title='bbox 382 2181 556 2234; x_wconf 86' lang='grc' dir='ltr'>τυρα,</span> <span class='ocrx_word' id='word_1_179' title='bbox 609 2158 699 2214; x_wconf 84' lang='grc' dir='ltr'><strong>καὶ</strong></span> <span class='ocrx_word' id='word_1_180' title='bbox 761 2157 838 2220; x_wconf 68' lang='grc' dir='ltr'>εἷς</span> <span class='ocrx_word' id='word_1_181' title='bbox 897 2156 1141 2233; x_wconf 88' lang='grc' dir='ltr'>ποδηγὸν</span> <span class='ocrx_word' id='word_1_182' title='bbox 1205 2163 1350 2228; x_wconf 82' lang='grc' dir='ltr'>ζωῆς</span> <span class='ocrx_word' id='word_1_183' title='bbox 1409 2158 1632 2214; x_wconf 75' lang='grc' dir='ltr'>αἰωνίου</span> <span class='ocrx_word' id='word_1_184' title='bbox 1689 2158 2038 2235; x_wconf 81' lang='grc' dir='ltr'>χρηματίσας</span> 
     </span>
    </p>
   </div>
   <div class='ocr_carea' id='block_1_28' title="bbox 391 2245 2039 2325">
    <p class='ocr_par' dir='ltr' id='par_1_28' title="bbox 391 2245 2039 2325">
     <span class='ocr_line' id='line_1_28' title="bbox 391 2245 2039 2325; baseline -0.002 -20"><span class='ocrx_word' id='word_1_185' title='bbox 391 2248 671 2305; x_wconf 74' lang='grc' dir='ltr'>ἱδίπλασεν</span> <span class='ocrx_word' id='word_1_186' title='bbox 703 2245 762 2302; x_wconf 76' lang='grc' dir='ltr'>ἂν</span> <span class='ocrx_word' id='word_1_187' title='bbox 794 2247 856 2302; x_wconf 86' lang='grc' dir='ltr'>τὸ</span> <span class='ocrx_word' id='word_1_188' title='bbox 887 2247 1078 2305; x_wconf 89' lang='grc' dir='ltr'>καλόν.</span> <span class='ocrx_word' id='word_1_189' title='bbox 1111 2248 1274 2310; x_wconf 81' lang='grc' dir='ltr'>Εἰκὸς</span> <span class='ocrx_word' id='word_1_190' title='bbox 1305 2248 1427 2325; x_wconf 84' lang='grc' dir='ltr'>γὰρ,</span> <span class='ocrx_word' id='word_1_191' title='bbox 1478 2245 1586 2320; x_wconf 70' lang='grc' dir='ltr'><strong>ἤδη</strong></span> <span class='ocrx_word' id='word_1_192' title='bbox 1640 2246 1696 2304; x_wconf 80' lang='grc' dir='ltr'><strong>δὶ</strong></span> <span class='ocrx_word' id='word_1_193' title='bbox 1735 2249 1825 2304; x_wconf 86' lang='grc' dir='ltr'><strong>καὶ</strong></span> <span class='ocrx_word' id='word_1_194' title='bbox 1882 2246 2039 2324; x_wconf 79' lang='grc' dir='ltr'>ἐγγὺς</span> 
     </span>
    </p>
   </div>
   <div class='ocr_carea' id='block_1_29' title="bbox 391 2334 2039 2416">
    <p class='ocr_par' dir='ltr' id='par_1_29' title="bbox 391 2334 2039 2416">
     <span class='ocr_line' id='line_1_29' title="bbox 391 2334 2039 2416; baseline -0.001 -23"><span class='ocrx_word' id='word_1_195' title='bbox 391 2339 697 2416; x_wconf 84' lang='grc' dir='ltr'>ἀναγκαίου,</span> <span class='ocrx_word' id='word_1_196' title='bbox 749 2334 1135 2416; x_wconf 78' lang='grc' dir='ltr'>συλληφθῆναι</span> <span class='ocrx_word' id='word_1_197' title='bbox 1186 2337 1288 2392; x_wconf 87' lang='grc' dir='ltr'>ὑπὸ</span> <span class='ocrx_word' id='word_1_198' title='bbox 1333 2342 1441 2393; x_wconf 82' lang='grc' dir='ltr'><strong>τῶν</strong></span> <span class='ocrx_word' id='word_1_199' title='bbox 1486 2338 1610 2393; x_wconf 89' lang='grc' dir='ltr'>τότε</span> <span class='ocrx_word' id='word_1_200' title='bbox 1666 2336 2039 2393; x_wconf 73' lang='grc' dir='ltr'>σπεκουλατόο</span> 
     </span>
    </p>
   </div>
   <div class='ocr_carea' id='block_1_30' title="bbox 390 2423 2038 2506">
    <p class='ocr_par' dir='ltr' id='par_1_30' title="bbox 390 2423 2038 2506">
     <span class='ocr_line' id='line_1_30' title="bbox 390 2423 2038 2506; baseline -0.001 -23"><span class='ocrx_word' id='word_1_201' title='bbox 390 2449 498 2504; x_wconf 87' lang='grc' dir='ltr'><strong>ρων</strong></span> <span class='ocrx_word' id='word_1_202' title='bbox 539 2427 624 2482; x_wconf 74' lang='grc' dir='ltr'><strong>καί</strong></span> <span class='ocrx_word' id='word_1_203' title='bbox 654 2428 745 2483; x_wconf 88' lang='grc' dir='ltr'>τὸν</span> <span class='ocrx_word' id='word_1_204' title='bbox 779 2423 949 2491; x_wconf 75' lang='grc' dir='ltr'>ὅντως</span> <span class='ocrx_word' id='word_1_205' title='bbox 979 2425 1364 2506; x_wconf 70' lang='grc' dir='ltr'>φιλάνθρωπον</span> <span class='ocrx_word' id='word_1_206' title='bbox 1399 2427 1486 2482; x_wconf 77' lang='grc' dir='ltr'><strong>καὶ</strong></span> <span class='ocrx_word' id='word_1_207' title='bbox 1537 2426 1888 2504; x_wconf 79' lang='grc' dir='ltr'>φιλάλληλον</span> <span class='ocrx_word' id='word_1_208' title='bbox 1948 2427 2038 2484; x_wconf 82' lang='grc' dir='ltr'><strong>καὶ</strong></span> 
     </span>
    </p>
   </div>
   <div class='ocr_carea' id='block_1_31' title="bbox 390 2513 2036 2596">
    <p class='ocr_par' dir='ltr' id='par_1_31' title="bbox 390 2513 2036 2596">
     <span class='ocr_line' id='line_1_31' title="bbox 390 2513 2036 2596; baseline -0.001 -22"><span class='ocrx_word' id='word_1_209' title='bbox 390 2522 524 2574; x_wconf 75' lang='grc' dir='ltr'>Θεοῦ</span> <span class='ocrx_word' id='word_1_210' title='bbox 571 2515 923 2594; x_wconf 76' lang='grc' dir='ltr'>ἐπίστροφον,</span> <span class='ocrx_word' id='word_1_211' title='bbox 974 2515 1064 2571; x_wconf 79' lang='grc' dir='ltr'><strong>καὶ</strong></span> <span class='ocrx_word' id='word_1_212' title='bbox 1123 2513 1213 2571; x_wconf 81' lang='grc' dir='ltr'>διὰ</span> <span class='ocrx_word' id='word_1_213' title='bbox 1269 2522 1429 2572; x_wconf 79' lang='grc' dir='ltr'>τοῦτο</span> <span class='ocrx_word' id='word_1_214' title='bbox 1480 2515 1813 2596; x_wconf 74' lang='grc' dir='ltr'>φιλάδελφον</span> <span class='ocrx_word' id='word_1_215' title='bbox 1883 2519 2036 2594; x_wconf 77' lang='grc' dir='ltr'>ἅγιον</span> 
     </span>
    </p>
   </div>
   <div class='ocr_carea' id='block_1_32' title="bbox 387 2605 2043 2686">
    <p class='ocr_par' dir='ltr' id='par_1_32' title="bbox 387 2605 2043 2686">
     <span class='ocr_line' id='line_1_32' title="bbox 387 2605 2043 2686; baseline 0 -24"><span class='ocrx_word' id='word_1_216' title='bbox 387 2606 726 2686; x_wconf 75' lang='grc' dir='ltr'>Νικηφόρον,</span> <span class='ocrx_word' id='word_1_217' title='bbox 785 2605 874 2660; x_wconf 83' lang='grc' dir='ltr'><strong>καὶ</strong></span> <span class='ocrx_word' id='word_1_218' title='bbox 920 2607 1232 2682; x_wconf 88' lang='grc' dir='ltr'>ἀηαχθῆναι</span> <span class='ocrx_word' id='word_1_219' title='bbox 1285 2606 1361 2669; x_wconf 79' lang='grc' dir='ltr'>εἷς</span> <span class='ocrx_word' id='word_1_220' title='bbox 1399 2607 1463 2662; x_wconf 86' lang='grc' dir='ltr'>τὸ</span> <span class='ocrx_word' id='word_1_221' title='bbox 1508 2607 1768 2684; x_wconf 78' lang='grc' dir='ltr'>τύραννον</span> <span class='ocrx_word' id='word_1_222' title='bbox 1816 2609 2043 2683; x_wconf 75' lang='grc' dir='ltr'>στρατή-</span> 
     </span>
    </p>
   </div>
   <div class='ocr_carea' id='block_1_33' title="bbox 386 2693 2040 2772">
    <p class='ocr_par' dir='ltr' id='par_1_33' title="bbox 386 2693 2040 2772">
     <span class='ocr_line' id='line_1_33' title="bbox 386 2693 2040 2772; baseline 0.001 -22"><span class='ocrx_word' id='word_1_223' title='bbox 386 2717 525 2771; x_wconf 85' lang='grc' dir='ltr'>γιον·</span> <span class='ocrx_word' id='word_1_224' title='bbox 580 2693 670 2750; x_wconf 79' lang='grc' dir='ltr'>ὅτε</span> <span class='ocrx_word' id='word_1_225' title='bbox 721 2695 835 2765; x_wconf 82' lang='grc' dir='ltr'>καὶ,</span> <span class='ocrx_word' id='word_1_226' title='bbox 889 2694 1180 2772; x_wconf 70' lang='grc' dir='ltr'>σφαγέντος</span> <span class='ocrx_word' id='word_1_227' title='bbox 1241 2697 1407 2750; x_wconf 79' lang='grc' dir='ltr'>αὐτοῦ</span> <span class='ocrx_word' id='word_1_228' title='bbox 1465 2697 1516 2767; x_wconf 76' lang='grc' dir='ltr'>εξ</span> <span class='ocrx_word' id='word_1_229' title='bbox 1577 2693 2040 2770; x_wconf 77' lang='grc' dir='ltr'>άπότελὲσματος,</span> 
     </span>
    </p>
   </div>
   <div class='ocr_carea' id='block_1_34' title="bbox 387 2783 2038 2860">
    <p class='ocr_par' dir='ltr' id='par_1_34' title="bbox 387 2783 2038 2860">
     <span class='ocr_line' id='line_1_34' title="bbox 387 2783 2038 2860; baseline 0.001 -20"><span class='ocrx_word' id='word_1_230' title='bbox 387 2790 456 2859; x_wconf 80' lang='grc' dir='ltr'>τῇ</span> <span class='ocrx_word' id='word_1_231' title='bbox 513 2787 603 2841; x_wconf 85' lang='grc' dir='ltr'><strong>καὶ</strong></span> <span class='ocrx_word' id='word_1_232' title='bbox 636 2785 714 2846; x_wconf 65' lang='grc' dir='ltr'><strong>εἷς</strong></span> <span class='ocrx_word' id='word_1_233' title='bbox 768 2789 1017 2839; x_wconf 78' lang='grc' dir='ltr'>τοιοῦτον</span> <span class='ocrx_word' id='word_1_234' title='bbox 1077 2783 1242 2840; x_wconf 86' lang='grc' dir='ltr'>καλὸν</span> <span class='ocrx_word' id='word_1_235' title='bbox 1311 2785 1598 2860; x_wconf 71' lang='grc' dir='ltr'>ἑτοιμασίᾳ</span> <span class='ocrx_word' id='word_1_236' title='bbox 1648 2784 1930 2842; x_wconf 80' lang='grc' dir='ltr'>ἰδίπλασεν</span> <span class='ocrx_word' id='word_1_237' title='bbox 1977 2785 2038 2841; x_wconf 77' lang='grc' dir='ltr'>ἃν</span> 
     </span>
    </p>
   </div>
   <div class='ocr_carea' id='block_1_35' title="bbox 392 2871 2038 2951">
    <p class='ocr_par' dir='ltr' id='par_1_35' title="bbox 392 2871 2038 2951">
     <span class='ocr_line' id='line_1_35' title="bbox 392 2871 2038 2951; baseline 0.001 -23"><span class='ocrx_word' id='word_1_238' title='bbox 392 2876 526 2951; x_wconf 85' lang='grc' dir='ltr'>πρὸς</span> <span class='ocrx_word' id='word_1_239' title='bbox 575 2871 976 2950; x_wconf 85' lang='grc' dir='ltr'>κερδαλεότητα</span> <span class='ocrx_word' id='word_1_240' title='bbox 1025 2882 1298 2951; x_wconf 85' lang='grc' dir='ltr'>θεοπρεπῆ</span> <span class='ocrx_word' id='word_1_241' title='bbox 1357 2875 1418 2930; x_wconf 85' lang='grc' dir='ltr'>τὸ</span> <span class='ocrx_word' id='word_1_242' title='bbox 1471 2881 1611 2940; x_wconf 81' lang='grc' dir='ltr'>θεῖον</span> <span class='ocrx_word' id='word_1_243' title='bbox 1670 2875 1966 2950; x_wconf 74' lang='grc' dir='ltr'>κειμήλιον</span> <span class='ocrx_word' id='word_1_244' title='bbox 2010 2877 2038 2930; x_wconf 92' lang='lat'><strong>6</strong></span> 
     </span>
    </p>
   </div>
   <div class='ocr_carea' id='block_1_36' title="bbox 399 2963 2037 3041">
    <p class='ocr_par' dir='ltr' id='par_1_36' title="bbox 399 2963 2037 3041">
     <span class='ocr_line' id='line_1_36' title="bbox 399 2963 2037 3041; baseline 0.001 -23"><span class='ocrx_word' id='word_1_245' title='bbox 399 2966 709 3040; x_wconf 86' lang='grc' dir='ltr'>Σαπρίκιος,</span> <span class='ocrx_word' id='word_1_246' title='bbox 741 2967 840 3018; x_wconf 78' lang='grc' dir='ltr'>τοῦ</span> <span class='ocrx_word' id='word_1_247' title='bbox 889 2968 1022 3019; x_wconf 79' lang='grc' dir='ltr'>Θεοῦ</span> <span class='ocrx_word' id='word_1_248' title='bbox 1071 2963 1184 3018; x_wconf 80' lang='grc' dir='ltr'>ἀντῖ</span> <span class='ocrx_word' id='word_1_249' title='bbox 1232 2965 1350 3027; x_wconf 69' lang='grc' dir='ltr'>ἑνὸς</span> <span class='ocrx_word' id='word_1_250' title='bbox 1400 2963 1601 3020; x_wconf 88' lang='grc' dir='ltr'>ἐκείνου</span> <span class='ocrx_word' id='word_1_251' title='bbox 1648 2963 1742 3020; x_wconf 72' lang='grc' dir='ltr'><strong>δύο</strong></span> <span class='ocrx_word' id='word_1_252' title='bbox 1773 2986 2037 3041; x_wconf 86' lang='grc' dir='ltr'>προσενη-</span> 
     </span>
    </p>
   </div>
   <div class='ocr_carea' id='block_1_37' title="bbox 394 3050 2040 3129">
    <p class='ocr_par' dir='ltr' id='par_1_37' title="bbox 394 3050 2040 3129">
     <span class='ocr_line' id='line_1_37' title="bbox 394 3050 2040 3129; baseline 0.002 -22"><span class='ocrx_word' id='word_1_253' title='bbox 394 3051 617 3129; x_wconf 71' lang='grc' dir='ltr'>νεγμένα</span> <span class='ocrx_word' id='word_1_254' title='bbox 648 3050 939 3127; x_wconf 71' lang='grc' dir='ltr'>δεξαμὲνου</span> <span class='ocrx_word' id='word_1_255' title='bbox 971 3052 1206 3108; x_wconf 88' lang='grc' dir='ltr'>τάλαντα</span> <span class='ocrx_word' id='word_1_256' title='bbox 1237 3055 1610 3128; x_wconf 83' lang='grc' dir='ltr'>πολυτίμητα,</span> <span class='ocrx_word' id='word_1_257' title='bbox 1654 3053 1740 3110; x_wconf 82' lang='grc' dir='ltr'>καί</span> <span class='ocrx_word' id='word_1_258' title='bbox 1789 3054 1953 3110; x_wconf 83' lang='grc' dir='ltr'><strong>αὑτοῦ</strong></span> <span class='ocrx_word' id='word_1_259' title='bbox 1981 3075 2040 3110; x_wconf 92' lang='grc' dir='ltr'><strong>τε</strong></span> 
     </span>
    </p>
   </div>
   <div class='ocr_carea' id='block_1_38' title="bbox 390 3139 2038 3221">
    <p class='ocr_par' dir='ltr' id='par_1_38' title="bbox 390 3139 2038 3221">
     <span class='ocr_line' id='line_1_38' title="bbox 390 3139 2038 3221; baseline 0.001 -25"><span class='ocrx_word' id='word_1_260' title='bbox 390 3139 726 3206; x_wconf 76' lang='grc' dir='ltr'>εἷσελθόντος</span> <span class='ocrx_word' id='word_1_261' title='bbox 757 3142 831 3204; x_wconf 65' lang='grc' dir='ltr'>εἷς</span> <span class='ocrx_word' id='word_1_262' title='bbox 861 3141 959 3211; x_wconf 75' lang='grc' dir='ltr'>τὴν</span> <span class='ocrx_word' id='word_1_263' title='bbox 995 3141 1242 3217; x_wconf 70' lang='grc' dir='ltr'>οόράνιον</span> <span class='ocrx_word' id='word_1_264' title='bbox 1274 3141 1549 3217; x_wconf 85' lang='grc' dir='ltr'>βασιλείαν</span> <span class='ocrx_word' id='word_1_265' title='bbox 1581 3144 1777 3200; x_wconf 84' lang='grc' dir='ltr'>καὶτὸν</span> <span class='ocrx_word' id='word_1_266' title='bbox 1795 3142 2038 3221; x_wconf 84' lang='grc' dir='ltr'>Νικηφό-</span> 
     </span>
    </p>
   </div>
   <div class='ocr_carea' id='block_1_39' title="bbox 391 3225 1441 3309">
    <p class='ocr_par' dir='ltr' id='par_1_39' title="bbox 391 3225 1441 3309">
     <span class='ocr_line' id='line_1_39' title="bbox 391 3225 1441 3309; baseline 0.004 -23"><span class='ocrx_word' id='word_1_267' title='bbox 391 3252 485 3309; x_wconf 87' lang='grc' dir='ltr'><strong>ρον</strong></span> <span class='ocrx_word' id='word_1_268' title='bbox 513 3225 984 3307; x_wconf 80' lang='grc' dir='ltr'>συνιισαγαγὸντος</span> <span class='ocrx_word' id='word_1_269' title='bbox 1033 3231 1441 3309; x_wconf 83' lang='grc' dir='ltr'>προθυμότατα.</span> 
     </span>
    </p>
   </div>
   <div class='ocr_carea' id='block_1_40' title="bbox 2222 1178 3815 1255">
    <p class='ocr_par' dir='ltr' id='par_1_40' title="bbox 2222 1178 3815 1255">
     <span class='ocr_line' id='line_1_40' title="bbox 2222 1178 3815 1255; baseline -0.003 -18"><span class='ocrx_word' id='word_1_270' title='bbox 2222 1181 2274 1238; x_wconf 88' lang='grc'><strong>4.</strong></span> <span class='ocrx_word' id='word_1_271' title='bbox 2310 1182 2775 1255; x_wconf 90' lang='lat' dir='ltr'><strong>Supponendum</strong></span> <span class='ocrx_word' id='word_1_272' title='bbox 2809 1187 2898 1239; x_wconf 90' lang='lat' dir='ltr'><strong>est</strong></span> <span class='ocrx_word' id='word_1_273' title='bbox 2955 1182 3138 1255; x_wconf 87' lang='lat' dir='ltr'><strong>igitur</strong></span> <span class='ocrx_word' id='word_1_274' title='bbox 3193 1197 3260 1238; x_wconf 94' lang='lat' dir='ltr'><strong>eo</strong></span> <span class='ocrx_word' id='word_1_275' title='bbox 3315 1179 3639 1254; x_wconf 89' lang='lat' dir='ltr'><strong>Sapricium</strong></span> <span class='ocrx_word' id='word_1_276' title='bbox 3696 1178 3815 1234; x_wconf 91' lang='lat' dir='ltr'><strong>Deo</strong></span> 
     </span>
    </p>
   </div>
   <div class='ocr_carea' id='block_1_41' title="bbox 2151 1267 3818 1342">
    <p class='ocr_par' dir='ltr' id='par_1_41' title="bbox 2151 1267 3818 1342">
     <span class='ocr_line' id='line_1_41' title="bbox 2151 1267 3818 1342; baseline -0.003 -16"><span class='ocrx_word' id='word_1_277' title='bbox 2151 1271 2422 1327; x_wconf 90' lang='lat' dir='ltr'><strong>odiosum</strong></span> <span class='ocrx_word' id='word_1_278' title='bbox 2483 1272 2704 1328; x_wconf 85' lang='lat' dir='ltr'><strong>factum</strong></span> <span class='ocrx_word' id='word_1_279' title='bbox 2761 1288 2910 1340; x_wconf 92' lang='lat' dir='ltr'><strong>esse,</strong></span> <span class='ocrx_word' id='word_1_280' title='bbox 2971 1273 3124 1342; x_wconf 88' lang='lat' dir='ltr'><strong>quod</strong></span> <span class='ocrx_word' id='word_1_281' title='bbox 3186 1287 3302 1328; x_wconf 91' lang='lat' dir='ltr'><strong>non</strong></span> <span class='ocrx_word' id='word_1_282' title='bbox 3330 1287 3393 1326; x_wconf 88' lang='lat' dir='ltr'><strong>se</strong></span> <span class='ocrx_word' id='word_1_283' title='bbox 3423 1269 3506 1324; x_wconf 90' lang='lat' dir='ltr'><strong>illi</strong></span> <span class='ocrx_word' id='word_1_284' title='bbox 3537 1267 3818 1325; x_wconf 88' lang='lat' dir='ltr'><strong>obtulerit</strong></span> 
     </span>
    </p>
   </div>
   <div class='ocr_carea' id='block_1_42' title="bbox 2150 1357 3821 1433">
    <p class='ocr_par' dir='ltr' id='par_1_42' title="bbox 2150 1357 3821 1433">
     <span class='ocr_line' id='line_1_42' title="bbox 2150 1357 3821 1433; baseline -0.002 -18"><span class='ocrx_word' id='word_1_285' title='bbox 2150 1377 2365 1433; x_wconf 90' lang='lat' dir='ltr'><strong>purum</strong></span> <span class='ocrx_word' id='word_1_286' title='bbox 2401 1362 2473 1417; x_wconf 87' lang='lat' dir='ltr'><strong>ad</strong></span> <span class='ocrx_word' id='word_1_287' title='bbox 2506 1361 2886 1430; x_wconf 80' lang='lat' dir='ltr'><strong>sacriﬁcium,</strong></span> <span class='ocrx_word' id='word_1_288' title='bbox 2921 1362 3022 1418; x_wconf 91' lang='lat' dir='ltr'><strong>sed</strong></span> <span class='ocrx_word' id='word_1_289' title='bbox 3055 1361 3375 1433; x_wconf 88' lang='lat' dir='ltr'><strong>quamdam</strong></span> <span class='ocrx_word' id='word_1_290' title='bbox 3404 1358 3665 1414; x_wconf 85' lang='lat' dir='ltr'><strong>induerit</strong></span> <span class='ocrx_word' id='word_1_291' title='bbox 3692 1357 3821 1412; x_wconf 87' lang='lat' dir='ltr'><strong>the-</strong></span> 
     </span>
    </p>
   </div>
   <div class='ocr_carea' id='block_1_43' title="bbox 2149 1448 3818 1522">
    <p class='ocr_par' dir='ltr' id='par_1_43' title="bbox 2149 1448 3818 1522">
     <span class='ocr_line' id='line_1_43' title="bbox 2149 1448 3818 1522; baseline -0.003 -17"><span class='ocrx_word' id='word_1_292' title='bbox 2149 1450 2393 1506; x_wconf 88' lang='lat' dir='ltr'><strong>atralem</strong></span> <span class='ocrx_word' id='word_1_293' title='bbox 2427 1452 2900 1522; x_wconf 88' lang='lat' dir='ltr'><strong>personam.Non</strong></span> <span class='ocrx_word' id='word_1_294' title='bbox 2933 1451 3086 1507; x_wconf 91' lang='lat' dir='ltr'><strong>enim</strong></span> <span class='ocrx_word' id='word_1_295' title='bbox 3107 1451 3262 1506; x_wconf 88' lang='lat' dir='ltr'><strong>Deus</strong></span> <span class='ocrx_word' id='word_1_296' title='bbox 3293 1448 3588 1505; x_wconf 89' lang='lat' dir='ltr'><strong>omisisset</strong></span> <span class='ocrx_word' id='word_1_297' title='bbox 3621 1463 3818 1502; x_wconf 82' lang='lat' dir='ltr'><strong>ascen-</strong></span> 
     </span>
    </p>
   </div>
   <div class='ocr_carea' id='block_1_44' title="bbox 2149 1539 3818 1612">
    <p class='ocr_par' dir='ltr' id='par_1_44' title="bbox 2149 1539 3818 1612">
     <span class='ocr_line' id='line_1_44' title="bbox 2149 1539 3818 1612; baseline -0.003 -18"><span class='ocrx_word' id='word_1_298' title='bbox 2149 1540 2286 1595; x_wconf 90' lang='lat' dir='ltr'><strong>dere</strong></span> <span class='ocrx_word' id='word_1_299' title='bbox 2316 1539 2376 1595; x_wconf 90' lang='lat' dir='ltr'><strong>in</strong></span> <span class='ocrx_word' id='word_1_300' title='bbox 2405 1546 2664 1596; x_wconf 89' lang='lat' dir='ltr'><strong>mentem</strong></span> <span class='ocrx_word' id='word_1_301' title='bbox 2696 1539 3014 1596; x_wconf 84' lang='lat' dir='ltr'><strong>sublimem</strong></span> <span class='ocrx_word' id='word_1_302' title='bbox 3045 1539 3279 1612; x_wconf 90' lang='lat' dir='ltr'><strong>sibique</strong></span> <span class='ocrx_word' id='word_1_303' title='bbox 3308 1539 3597 1605; x_wconf 87' lang='lat' dir='ltr'><strong>dicatam;</strong></span> <span class='ocrx_word' id='word_1_304' title='bbox 3621 1539 3818 1592; x_wconf 89' lang='lat' dir='ltr'><strong>errata</strong></span> 
     </span>
    </p>
   </div>
   <div class='ocr_carea' id='block_1_45' title="bbox 2150 1624 3812 1701">
    <p class='ocr_par' dir='ltr' id='par_1_45' title="bbox 2150 1624 3812 1701">
     <span class='ocr_line' id='line_1_45' title="bbox 2150 1624 3812 1701; baseline -0.004 -15"><span class='ocrx_word' id='word_1_305' title='bbox 2150 1629 2328 1686; x_wconf 88' lang='lat' dir='ltr'><strong>etiam</strong></span> <span class='ocrx_word' id='word_1_306' title='bbox 2389 1629 2819 1685; x_wconf 84' lang='lat' dir='ltr'><strong>sententiarum</strong></span> <span class='ocrx_word' id='word_1_307' title='bbox 2879 1627 3417 1701; x_wconf 86' lang='lat' dir='ltr'><strong>suprascandisset,</strong></span> <span class='ocrx_word' id='word_1_308' title='bbox 3479 1626 3595 1681; x_wconf 92' lang='lat' dir='ltr'><strong>imo</strong></span> <span class='ocrx_word' id='word_1_309' title='bbox 3659 1624 3812 1680; x_wconf 90' lang='lat' dir='ltr'><strong>hanc</strong></span> 
     </span>
    </p>
   </div>
   <div class='ocr_carea' id='block_1_46' title="bbox 2149 1715 3813 1790">
    <p class='ocr_par' dir='ltr' id='par_1_46' title="bbox 2149 1715 3813 1790">
     <span class='ocr_line' id='line_1_46' title="bbox 2149 1715 3813 1790; baseline -0.004 -17"><span class='ocrx_word' id='word_1_310' title='bbox 2149 1725 2408 1774; x_wconf 89' lang='lat' dir='ltr'><strong>mentem</strong></span> <span class='ocrx_word' id='word_1_311' title='bbox 2470 1719 2663 1790; x_wconf 87' lang='lat' dir='ltr'><strong>pravis</strong></span> <span class='ocrx_word' id='word_1_312' title='bbox 2719 1719 3028 1775; x_wconf 81' lang='lat' dir='ltr'><strong>sententiis</strong></span> <span class='ocrx_word' id='word_1_313' title='bbox 3076 1719 3160 1773; x_wconf 89' lang='lat' dir='ltr'><strong>ita</strong></span> <span class='ocrx_word' id='word_1_314' title='bbox 3193 1715 3612 1788; x_wconf 73' lang='lat' dir='ltr'><strong>praeclusisset,</strong></span> <span class='ocrx_word' id='word_1_315' title='bbox 3645 1722 3708 1768; x_wconf 91' lang='lat' dir='ltr'><strong>ut</strong></span> <span class='ocrx_word' id='word_1_316' title='bbox 3739 1729 3813 1768; x_wconf 89' lang='lat' dir='ltr'><strong>ne</strong></span> 
     </span>
    </p>
   </div>
   <div class='ocr_carea' id='block_1_47' title="bbox 2148 1801 3812 1879">
    <p class='ocr_par' dir='ltr' id='par_1_47' title="bbox 2148 1801 3812 1879">
     <span class='ocr_line' id='line_1_47' title="bbox 2148 1801 3812 1879; baseline -0.004 -17"><span class='ocrx_word' id='word_1_317' title='bbox 2148 1807 2302 1864; x_wconf 83' lang='lat' dir='ltr'><strong>fores</strong></span> <span class='ocrx_word' id='word_1_318' title='bbox 2367 1807 2605 1879; x_wconf 88' lang='lat' dir='ltr'><strong>quidem</strong></span> <span class='ocrx_word' id='word_1_319' title='bbox 2674 1807 2910 1879; x_wconf 88' lang='lat' dir='ltr'><strong>pulsare</strong></span> <span class='ocrx_word' id='word_1_320' title='bbox 2978 1806 3357 1879; x_wconf 88' lang='lat' dir='ltr'><strong>potuissent.</strong></span> <span class='ocrx_word' id='word_1_321' title='bbox 3420 1803 3516 1859; x_wconf 88' lang='lat' dir='ltr'><strong>Sic</strong></span> <span class='ocrx_word' id='word_1_322' title='bbox 3592 1801 3812 1857; x_wconf 85' lang='lat' dir='ltr'><strong>athleta</strong></span> 
     </span>
    </p>
   </div>
   <div class='ocr_carea' id='block_1_48' title="bbox 2150 1891 3808 1969">
    <p class='ocr_par' dir='ltr' id='par_1_48' title="bbox 2150 1891 3808 1969">
     <span class='ocr_line' id='line_1_48' title="bbox 2150 1891 3808 1969; baseline -0.004 -17"><span class='ocrx_word' id='word_1_323' title='bbox 2150 1898 2293 1952; x_wconf 90' lang='lat' dir='ltr'><strong>adeo</strong></span> <span class='ocrx_word' id='word_1_324' title='bbox 2350 1914 2464 1952; x_wconf 89' lang='lat' dir='ltr'><strong>non</strong></span> <span class='ocrx_word' id='word_1_325' title='bbox 2527 1897 2793 1969; x_wconf 80' lang='lat' dir='ltr'><strong>martyrii</strong></span> <span class='ocrx_word' id='word_1_326' title='bbox 2845 1913 3123 1952; x_wconf 85' lang='lat' dir='ltr'><strong>coronam</strong></span> <span class='ocrx_word' id='word_1_327' title='bbox 3155 1893 3482 1966; x_wconf 86' lang='lat' dir='ltr'><strong>Nicephoro</strong></span> <span class='ocrx_word' id='word_1_328' title='bbox 3510 1891 3808 1959; x_wconf 77' lang='lat' dir='ltr'><strong>cessisset,</strong></span> 
     </span>
    </p>
   </div>
   <div class='ocr_carea' id='block_1_49' title="bbox 2149 1987 3806 2058">
    <p class='ocr_par' dir='ltr' id='par_1_49' title="bbox 2149 1987 3806 2058">
     <span class='ocr_line' id='line_1_49' title="bbox 2149 1987 3806 2058; baseline -0.004 -17"><span class='ocrx_word' id='word_1_329' title='bbox 2149 2003 2323 2058; x_wconf 90' lang='lat' dir='ltr'><strong>quem</strong></span> <span class='ocrx_word' id='word_1_330' title='bbox 2357 1987 2485 2042; x_wconf 78' lang='lat' dir='ltr'><strong>oder</strong></span> <span class='ocrx_word' id='word_1_331' title='bbox 2503 1992 2582 2052; x_wconf 89' lang='lat' dir='ltr'><strong>at,</strong></span> <span class='ocrx_word' id='word_1_332' title='bbox 2616 1989 2680 2042; x_wconf 88' lang='lat' dir='ltr'><strong>ut</strong></span> <span class='ocrx_word' id='word_1_333' title='bbox 2705 1990 2906 2042; x_wconf 88' lang='lat' dir='ltr'><strong>contra</strong></span> <span class='ocrx_word' id='word_1_334' title='bbox 2935 2001 3067 2040; x_wconf 90' lang='lat' dir='ltr'><strong>eum</strong></span> <span class='ocrx_word' id='word_1_335' title='bbox 3095 1987 3546 2055; x_wconf 84' lang='lat' dir='ltr'><strong>commartyrem</strong></span> <span class='ocrx_word' id='word_1_336' title='bbox 3606 1996 3806 2036; x_wconf 87' lang='lat' dir='ltr'><strong>susce-</strong></span> 
     </span>
    </p>
   </div>
   <div class='ocr_carea' id='block_1_50' title="bbox 2149 2073 3807 2147">
    <p class='ocr_par' dir='ltr' id='par_1_50' title="bbox 2149 2073 3807 2147">
     <span class='ocr_line' id='line_1_50' title="bbox 2149 2073 3807 2147; baseline -0.004 -17"><span class='ocrx_word' id='word_1_337' title='bbox 2149 2075 2606 2147; x_wconf 87' lang='lat' dir='ltr'><strong>pisset,ejusque</strong></span> <span class='ocrx_word' id='word_1_338' title='bbox 2637 2075 2756 2130; x_wconf 85' lang='lat' dir='ltr'><strong>dux</strong></span> <span class='ocrx_word' id='word_1_339' title='bbox 2790 2075 2976 2130; x_wconf 83' lang='lat' dir='ltr'><strong>factus</strong></span> <span class='ocrx_word' id='word_1_340' title='bbox 3008 2075 3078 2128; x_wconf 91' lang='lat' dir='ltr'><strong>ad</strong></span> <span class='ocrx_word' id='word_1_341' title='bbox 3113 2073 3289 2128; x_wconf 89' lang='lat' dir='ltr'><strong>vitam</strong></span> <span class='ocrx_word' id='word_1_342' title='bbox 3323 2077 3807 2137; x_wconf 65' lang='lat' dir='ltr'><strong>aeternam,suum</strong></span> 
     </span>
    </p>
   </div>
   <div class='ocr_carea' id='block_1_51' title="bbox 2151 2163 3809 2236">
    <p class='ocr_par' dir='ltr' id='par_1_51' title="bbox 2151 2163 3809 2236">
     <span class='ocr_line' id='line_1_51' title="bbox 2151 2163 3809 2236; baseline -0.004 -15"><span class='ocrx_word' id='word_1_343' title='bbox 2151 2165 2259 2221; x_wconf 89' lang='lat' dir='ltr'><strong>hoc</strong></span> <span class='ocrx_word' id='word_1_344' title='bbox 2289 2165 2526 2220; x_wconf 88' lang='lat' dir='ltr'><strong>nomine</strong></span> <span class='ocrx_word' id='word_1_345' title='bbox 2554 2163 2915 2236; x_wconf 88' lang='lat' dir='ltr'><strong>duplicasset</strong></span> <span class='ocrx_word' id='word_1_346' title='bbox 2937 2163 3384 2236; x_wconf 77' lang='lat' dir='ltr'><strong>praemium.Par</strong></span> <span class='ocrx_word' id='word_1_347' title='bbox 3403 2165 3527 2216; x_wconf 88' lang='lat' dir='ltr'><strong>erat</strong></span> <span class='ocrx_word' id='word_1_348' title='bbox 3544 2177 3609 2216; x_wconf 89' lang='lat' dir='ltr'><strong>ac</strong></span> <span class='ocrx_word' id='word_1_349' title='bbox 3627 2176 3809 2232; x_wconf 89' lang='lat' dir='ltr'><strong>prope</strong></span> 
     </span>
    </p>
   </div>
   <div class='ocr_carea' id='block_1_52' title="bbox 2151 2249 3812 2324">
    <p class='ocr_par' dir='ltr' id='par_1_52' title="bbox 2151 2249 3812 2324">
     <span class='ocr_line' id='line_1_52' title="bbox 2151 2249 3812 2324; baseline -0.004 -14"><span class='ocrx_word' id='word_1_350' title='bbox 2151 2253 2559 2310; x_wconf 89' lang='lat' dir='ltr'><strong>necessarium</strong></span> <span class='ocrx_word' id='word_1_351' title='bbox 2593 2258 2863 2310; x_wconf 85' lang='lat' dir='ltr'><strong>sanctum</strong></span> <span class='ocrx_word' id='word_1_352' title='bbox 2893 2252 3288 2324; x_wconf 87' lang='lat' dir='ltr'><strong>Nicephorum</strong></span> <span class='ocrx_word' id='word_1_353' title='bbox 3319 2249 3627 2306; x_wconf 89' lang='lat' dir='ltr'><strong>hominum</strong></span> <span class='ocrx_word' id='word_1_354' title='bbox 3676 2264 3812 2304; x_wconf 88' lang='lat' dir='ltr'><strong>vere</strong></span> 
     </span>
    </p>
   </div>
   <div class='ocr_carea' id='block_1_53' title="bbox 2150 2339 3812 2412">
    <p class='ocr_par' dir='ltr' id='par_1_53' title="bbox 2150 2339 3812 2412">
     <span class='ocr_line' id='line_1_53' title="bbox 2150 2339 3812 2412; baseline -0.005 -12"><span class='ocrx_word' id='word_1_355' title='bbox 2150 2349 2466 2412; x_wconf 82' lang='lat' dir='ltr'><strong>amantem,</strong></span> <span class='ocrx_word' id='word_1_356' title='bbox 2501 2343 2708 2400; x_wconf 91' lang='lat' dir='ltr'><strong>alienis</strong></span> <span class='ocrx_word' id='word_1_357' title='bbox 2739 2343 3141 2400; x_wconf 86' lang='lat' dir='ltr'><strong>consulentem</strong></span> <span class='ocrx_word' id='word_1_358' title='bbox 3171 2339 3812 2405; x_wconf 85' lang='lat' dir='ltr'><strong>commodis,inlentum</strong></span> 
     </span>
    </p>
   </div>
   <div class='ocr_carea' id='block_1_54' title="bbox 2149 2427 3817 2504">
    <p class='ocr_par' dir='ltr' id='par_1_54' title="bbox 2149 2427 3817 2504">
     <span class='ocr_line' id='line_1_54' title="bbox 2149 2427 3817 2504; baseline -0.005 -14"><span class='ocrx_word' id='word_1_359' title='bbox 2149 2435 2220 2490; x_wconf 89' lang='lat' dir='ltr'><strong>ad</strong></span> <span class='ocrx_word' id='word_1_360' title='bbox 2282 2433 2467 2490; x_wconf 91' lang='lat' dir='ltr'><strong>Deum</strong></span> <span class='ocrx_word' id='word_1_361' title='bbox 2526 2438 2701 2504; x_wconf 88' lang='lat' dir='ltr'><strong>atque</strong></span> <span class='ocrx_word' id='word_1_362' title='bbox 2758 2435 3005 2488; x_wconf 83' lang='lat' dir='ltr'><strong>fratrum</strong></span> <span class='ocrx_word' id='word_1_363' title='bbox 3065 2447 3311 2486; x_wconf 91' lang='lat' dir='ltr'><strong>suorum</strong></span> <span class='ocrx_word' id='word_1_364' title='bbox 3369 2427 3730 2500; x_wconf 86' lang='lat' dir='ltr'><strong>diligentem,</strong></span> <span class='ocrx_word' id='word_1_365' title='bbox 3782 2443 3817 2482; x_wconf 90' lang='lat' dir='ltr'><strong>a</strong></span> 
     </span>
    </p>
   </div>
   <div class='ocr_carea' id='block_1_55' title="bbox 2149 2516 3811 2595">
    <p class='ocr_par' dir='ltr' id='par_1_55' title="bbox 2149 2516 3811 2595">
     <span class='ocr_line' id='line_1_55' title="bbox 2149 2516 3811 2595; baseline -0.005 -17"><span class='ocrx_word' id='word_1_366' title='bbox 2149 2523 2436 2578; x_wconf 87' lang='lat' dir='ltr'><strong>militibus</strong></span> <span class='ocrx_word' id='word_1_367' title='bbox 2467 2524 2717 2595; x_wconf 88' lang='lat' dir='ltr'><strong>hujusce</strong></span> <span class='ocrx_word' id='word_1_368' title='bbox 2747 2521 3030 2594; x_wconf 82' lang='lat' dir='ltr'><strong>temporis</strong></span> <span class='ocrx_word' id='word_1_369' title='bbox 3060 2518 3550 2592; x_wconf 88' lang='lat' dir='ltr'><strong>comprehensum</strong></span> <span class='ocrx_word' id='word_1_370' title='bbox 3609 2516 3811 2584; x_wconf 82' lang='lat' dir='ltr'><strong>fuisse,</strong></span> 
     </span>
    </p>
   </div>
   <div class='ocr_carea' id='block_1_56' title="bbox 2150 2608 3814 2684">
    <p class='ocr_par' dir='ltr' id='par_1_56' title="bbox 2150 2608 3814 2684">
     <span class='ocr_line' id='line_1_56' title="bbox 2150 2608 3814 2684; baseline -0.005 -15"><span class='ocrx_word' id='word_1_371' title='bbox 2150 2618 2327 2684; x_wconf 89' lang='lat' dir='ltr'><strong>atque</strong></span> <span class='ocrx_word' id='word_1_372' title='bbox 2358 2613 2416 2667; x_wconf 92' lang='lat' dir='ltr'><strong>in</strong></span> <span class='ocrx_word' id='word_1_373' title='bbox 2447 2613 2789 2684; x_wconf 72' lang='lat' dir='ltr'><strong>praetorium</strong></span> <span class='ocrx_word' id='word_1_374' title='bbox 2829 2610 3203 2684; x_wconf 84' lang='lat' dir='ltr'><strong>imperatoris</strong></span> <span class='ocrx_word' id='word_1_375' title='bbox 3262 2608 3605 2664; x_wconf 89' lang='lat' dir='ltr'><strong>deductum.</strong></span> <span class='ocrx_word' id='word_1_376' title='bbox 3668 2608 3814 2661; x_wconf 90' lang='lat' dir='ltr'><strong>Cum</strong></span> 
     </span>
    </p>
   </div>
   <div class='ocr_carea' id='block_1_57' title="bbox 2149 2697 3813 2775">
    <p class='ocr_par' dir='ltr' id='par_1_57' title="bbox 2149 2697 3813 2775">
     <span class='ocr_line' id='line_1_57' title="bbox 2149 2697 3813 2775; baseline -0.005 -17"><span class='ocrx_word' id='word_1_377' title='bbox 2149 2719 2286 2775; x_wconf 84' lang='lat' dir='ltr'><strong>ergo</strong></span> <span class='ocrx_word' id='word_1_378' title='bbox 2343 2702 2539 2774; x_wconf 86' lang='lat' dir='ltr'><strong>reipsa</strong></span> <span class='ocrx_word' id='word_1_379' title='bbox 2587 2705 2881 2758; x_wconf 89' lang='lat' dir='ltr'><strong>mactatus</strong></span> <span class='ocrx_word' id='word_1_380' title='bbox 2910 2699 3138 2770; x_wconf 61' lang='lat' dir='ltr'><strong>‘Juerit,</strong></span> <span class='ocrx_word' id='word_1_381' title='bbox 3171 2699 3220 2754; x_wconf 90' lang='lat' dir='ltr'><strong>si</strong></span> <span class='ocrx_word' id='word_1_382' title='bbox 3251 2697 3548 2768; x_wconf 89' lang='lat' dir='ltr'><strong>Sapricius</strong></span> <span class='ocrx_word' id='word_1_383' title='bbox 3577 2710 3813 2768; x_wconf 91' lang='lat' dir='ltr'><strong>quoque</strong></span> 
     </span>
    </p>
   </div>
   <div class='ocr_carea' id='block_1_58' title="bbox 2151 2783 3806 2864">
    <p class='ocr_par' dir='ltr' id='par_1_58' title="bbox 2151 2783 3806 2864">
     <span class='ocr_line' id='line_1_58' title="bbox 2151 2783 3806 2864; baseline -0.006 -17"><span class='ocrx_word' id='word_1_384' title='bbox 2151 2793 2221 2848; x_wconf 89' lang='lat' dir='ltr'><strong>ad</strong></span> <span class='ocrx_word' id='word_1_385' title='bbox 2257 2791 2566 2864; x_wconf 80' lang='lat' dir='ltr'><strong>praemium</strong></span> <span class='ocrx_word' id='word_1_386' title='bbox 2619 2791 2777 2846; x_wconf 89' lang='lat' dir='ltr'><strong>idem</strong></span> <span class='ocrx_word' id='word_1_387' title='bbox 2836 2789 3220 2846; x_wconf 89' lang='lat' dir='ltr'><strong>obtinendum</strong></span> <span class='ocrx_word' id='word_1_388' title='bbox 3281 2791 3521 2859; x_wconf 86' lang='lat' dir='ltr'><strong>paratus</strong></span> <span class='ocrx_word' id='word_1_389' title='bbox 3578 2783 3806 2854; x_wconf 85' lang='lat' dir='ltr'><strong>fuisset,</strong></span> 
     </span>
    </p>
   </div>
   <div class='ocr_carea' id='block_1_59' title="bbox 2149 2875 3806 2953">
    <p class='ocr_par' dir='ltr' id='par_1_59' title="bbox 2149 2875 3806 2953">
     <span class='ocr_line' id='line_1_59' title="bbox 2149 2875 3806 2953; baseline -0.006 -17"><span class='ocrx_word' id='word_1_390' title='bbox 2149 2880 2367 2953; x_wconf 90' lang='lat' dir='ltr'><strong>duplici</strong></span> <span class='ocrx_word' id='word_1_391' title='bbox 2399 2896 2635 2952; x_wconf 88' lang='lat' dir='ltr'><strong>gemma</strong></span> <span class='ocrx_word' id='word_1_392' title='bbox 2665 2880 2926 2936; x_wconf 89' lang='lat' dir='ltr'><strong>divinum</strong></span> <span class='ocrx_word' id='word_1_393' title='bbox 2959 2878 3218 2934; x_wconf 83' lang='lat' dir='ltr'><strong>auxisset</strong></span> <span class='ocrx_word' id='word_1_394' title='bbox 3246 2875 3614 2942; x_wconf 87' lang='lat' dir='ltr'><strong>thesaurum;</strong></span> <span class='ocrx_word' id='word_1_395' title='bbox 3638 2889 3806 2927; x_wconf 90' lang='lat' dir='ltr'><strong>nam-</strong></span> 
     </span>
    </p>
   </div>
   <div class='ocr_carea' id='block_1_60' title="bbox 2150 2961 3806 3042">
    <p class='ocr_par' dir='ltr' id='par_1_60' title="bbox 2150 2961 3806 3042">
     <span class='ocr_line' id='line_1_60' title="bbox 2150 2961 3806 3042; baseline -0.006 -17"><span class='ocrx_word' id='word_1_396' title='bbox 2150 2988 2265 3042; x_wconf 91' lang='lat' dir='ltr'><strong>que</strong></span> <span class='ocrx_word' id='word_1_397' title='bbox 2297 2971 2447 3026; x_wconf 91' lang='lat' dir='ltr'><strong>Deus</strong></span> <span class='ocrx_word' id='word_1_398' title='bbox 2480 2987 2582 3040; x_wconf 90' lang='lat' dir='ltr'><strong>pro</strong></span> <span class='ocrx_word' id='word_1_399' title='bbox 2615 2987 2733 3026; x_wconf 89' lang='lat' dir='ltr'><strong>uno</strong></span> <span class='ocrx_word' id='word_1_400' title='bbox 2766 2969 2865 3024; x_wconf 91' lang='lat' dir='ltr'><strong>illo</strong></span> <span class='ocrx_word' id='word_1_401' title='bbox 2896 2969 3012 3024; x_wconf 91' lang='lat' dir='ltr'><strong>duo</strong></span> <span class='ocrx_word' id='word_1_402' title='bbox 3072 2965 3396 3039; x_wconf 86' lang='lat' dir='ltr'><strong>accepisset</strong></span> <span class='ocrx_word' id='word_1_403' title='bbox 3449 2961 3806 3037; x_wconf 90' lang='lat' dir='ltr'><strong>pretiosissi-</strong></span> 
     </span>
    </p>
   </div>
   <div class='ocr_carea' id='block_1_61' title="bbox 2148 3051 3805 3130">
    <p class='ocr_par' dir='ltr' id='par_1_61' title="bbox 2148 3051 3805 3130">
     <span class='ocr_line' id='line_1_61' title="bbox 2148 3051 3805 3130; baseline -0.006 -15"><span class='ocrx_word' id='word_1_404' title='bbox 2148 3076 2246 3115; x_wconf 91' lang='lat' dir='ltr'><strong>ma</strong></span> <span class='ocrx_word' id='word_1_405' title='bbox 2275 3058 2515 3130; x_wconf 88' lang='lat' dir='ltr'><strong>talenta,</strong></span> <span class='ocrx_word' id='word_1_406' title='bbox 2548 3075 2683 3114; x_wconf 89' lang='lat' dir='ltr'><strong>cum</strong></span> <span class='ocrx_word' id='word_1_407' title='bbox 2715 3058 2841 3130; x_wconf 89' lang='lat' dir='ltr'><strong>ipse</strong></span> <span class='ocrx_word' id='word_1_408' title='bbox 2869 3055 3189 3127; x_wconf 86' lang='lat' dir='ltr'><strong>Sapricius,</strong></span> <span class='ocrx_word' id='word_1_409' title='bbox 3222 3069 3467 3126; x_wconf 88' lang='lat' dir='ltr'><strong>regnum</strong></span> <span class='ocrx_word' id='word_1_410' title='bbox 3525 3051 3805 3108; x_wconf 84' lang='lat' dir='ltr'><strong>caelorum</strong></span> 
     </span>
    </p>
   </div>
   <div class='ocr_carea' id='block_1_62' title="bbox 2149 3139 3808 3220">
    <p class='ocr_par' dir='ltr' id='par_1_62' title="bbox 2149 3139 3808 3220">
     <span class='ocr_line' id='line_1_62' title="bbox 2149 3139 3808 3220; baseline -0.004 -18"><span class='ocrx_word' id='word_1_411' title='bbox 2149 3147 2477 3220; x_wconf 87' lang='lat' dir='ltr'><strong>ingressus,</strong></span> <span class='ocrx_word' id='word_1_412' title='bbox 2500 3147 2913 3220; x_wconf 59' lang='lat' dir='ltr'><strong>gNicephorum</strong></span> <span class='ocrx_word' id='word_1_413' title='bbox 2945 3146 3124 3202; x_wconf 89' lang='lat' dir='ltr'><strong>etiam</strong></span> <span class='ocrx_word' id='word_1_414' title='bbox 3155 3159 3356 3201; x_wconf 88' lang='lat' dir='ltr'><strong>secum</strong></span> <span class='ocrx_word' id='word_1_415' title='bbox 3389 3159 3521 3198; x_wconf 87' lang='lat' dir='ltr'><strong>cum</strong></span> <span class='ocrx_word' id='word_1_416' title='bbox 3552 3139 3808 3198; x_wconf 83' lang='lat' dir='ltr'><strong>maximo</strong></span> 
     </span>
    </p>
   </div>
   <div class='ocr_carea' id='block_1_63' title="bbox 2149 3236 2737 3295">
    <p class='ocr_par' dir='ltr' id='par_1_63' title="bbox 2149 3236 2737 3295">
     <span class='ocr_line' id='line_1_63' title="bbox 2149 3236 2737 3295; baseline -0.003 -1"><span class='ocrx_word' id='word_1_417' title='bbox 2149 3237 2346 3295; x_wconf 84' lang='lat' dir='ltr'><strong>studio</strong></span> <span class='ocrx_word' id='word_1_418' title='bbox 2378 3236 2737 3294; x_wconf 79' lang='lat' dir='ltr'><strong>adduxisset.</strong></span> 
     </span>
    </p>
   </div>
   <div class='ocr_carea' id='block_1_64' title="bbox 467 3407 2046 3489">
    <p class='ocr_par' dir='ltr' id='par_1_64' title="bbox 467 3407 2042 3489">
     <span class='ocr_line' id='line_1_64' title="bbox 467 3407 2042 3489; baseline 0.003 -24"><span class='ocrx_word' id='word_1_419' title='bbox 467 3417 522 3467; x_wconf 87' lang='grc' dir='ltr'><strong>ε’.</strong></span> <span class='ocrx_word' id='word_1_420' title='bbox 557 3408 654 3464; x_wconf 77' lang='grc' dir='ltr'><strong>Καὶ</strong></span> <span class='ocrx_word' id='word_1_421' title='bbox 687 3408 830 3464; x_wconf 81' lang='grc' dir='ltr'>οὕτω</span> <span class='ocrx_word' id='word_1_422' title='bbox 864 3409 958 3483; x_wconf 76' lang='grc' dir='ltr'><strong>μὲν</strong></span> <span class='ocrx_word' id='word_1_423' title='bbox 994 3407 1077 3481; x_wconf 73' lang='grc' dir='ltr'><strong>εἴη</strong></span> <span class='ocrx_word' id='word_1_424' title='bbox 1128 3408 1188 3465; x_wconf 74' lang='grc' dir='ltr'><strong>ἂν</strong></span> <span class='ocrx_word' id='word_1_425' title='bbox 1237 3409 1555 3476; x_wconf 76' lang='grc' dir='ltr'>λελύσεσθαι</span> <span class='ocrx_word' id='word_1_426' title='bbox 1607 3413 1670 3468; x_wconf 86' lang='grc' dir='ltr'>τὸ</span> <span class='ocrx_word' id='word_1_427' title='bbox 1725 3407 2042 3489; x_wconf 76' lang='grc' dir='ltr'>προϐεϐλη-</span> 
     </span>
    </p>
   </div>
   <div class='ocr_carea' id='block_1_65' title="bbox 2157 3407 3818 3489">
    <p class='ocr_par' dir='ltr' id='par_1_65' title="bbox 2223 3408 3818 3488">
     <span class='ocr_line' id='line_1_65' title="bbox 2223 3408 3818 3488; baseline -0.005 -17"><span class='ocrx_word' id='word_1_428' title='bbox 2223 3417 2372 3471; x_wconf 87' lang='lat' dir='ltr'><strong>5.Ita</strong></span> <span class='ocrx_word' id='word_1_429' title='bbox 2401 3414 2582 3488; x_wconf 86' lang='lat' dir='ltr'><strong>igitur</strong></span> <span class='ocrx_word' id='word_1_430' title='bbox 2610 3413 2855 3487; x_wconf 65' lang='lat' dir='ltr'><strong>quaestio</strong></span> <span class='ocrx_word' id='word_1_431' title='bbox 2885 3429 3066 3486; x_wconf 89' lang='lat' dir='ltr'><strong>supra</strong></span> <span class='ocrx_word' id='word_1_432' title='bbox 3094 3409 3418 3468; x_wconf 88' lang='lat' dir='ltr'><strong>constituta</strong></span> <span class='ocrx_word' id='word_1_433' title='bbox 3433 3408 3577 3466; x_wconf 88' lang='lat' dir='ltr'><strong>solvi</strong></span> <span class='ocrx_word' id='word_1_434' title='bbox 3595 3412 3818 3482; x_wconf 87' lang='lat' dir='ltr'><strong>posset.</strong></span> 
     </span>
    </p>
   </div>
   <div class='ocr_carea' id='block_1_66' title="bbox 400 3497 2046 3575">
    <p class='ocr_par' dir='ltr' id='par_1_66' title="bbox 400 3497 2046 3575">
     <span class='ocr_line' id='line_1_66' title="bbox 400 3497 2046 3575; baseline 0.003 -21"><span class='ocrx_word' id='word_1_435' title='bbox 400 3497 560 3573; x_wconf 79' lang='grc' dir='ltr'>μὲνον</span> <span class='ocrx_word' id='word_1_436' title='bbox 594 3497 879 3575; x_wconf 84' lang='grc' dir='ltr'>ἀπόρημα,</span> <span class='ocrx_word' id='word_1_437' title='bbox 912 3499 1067 3573; x_wconf 57' lang='grc' dir='ltr'>Ἐμοί</span> <span class='ocrx_word' id='word_1_438' title='bbox 1100 3498 1156 3555; x_wconf 74' lang='grc' dir='ltr'>δὲ</span> <span class='ocrx_word' id='word_1_439' title='bbox 1202 3497 1407 3556; x_wconf 67' lang='grc' dir='ltr'>ἔπεισιν</span> <span class='ocrx_word' id='word_1_440' title='bbox 1465 3500 1691 3557; x_wconf 75' lang='grc' dir='ltr'>ἐνταῦθα</span> <span class='ocrx_word' id='word_1_441' title='bbox 1745 3500 2046 3575; x_wconf 78' lang='grc' dir='ltr'>διασκοπή-</span> 
     </span>
    </p>
   </div>
   <div class='ocr_carea' id='block_1_67' title="bbox 396 3586 2044 3664">
    <p class='ocr_par' dir='ltr' id='par_1_67' title="bbox 396 3586 2044 3664">
     <span class='ocr_line' id='line_1_67' title="bbox 396 3586 2044 3664; baseline 0.002 -21"><span class='ocrx_word' id='word_1_442' title='bbox 396 3600 610 3658; x_wconf 82' lang='grc' dir='ltr'>σασθαι,</span> <span class='ocrx_word' id='word_1_443' title='bbox 642 3589 733 3643; x_wconf 86' lang='grc' dir='ltr'><strong>καὶ</strong></span> <span class='ocrx_word' id='word_1_444' title='bbox 763 3586 1002 3660; x_wconf 85' lang='grc' dir='ltr'>πηλίκον</span> <span class='ocrx_word' id='word_1_445' title='bbox 1055 3591 1220 3644; x_wconf 91' lang='grc' dir='ltr'>κακὸν</span> <span class='ocrx_word' id='word_1_446' title='bbox 1269 3592 1304 3660; x_wconf 83' lang='grc' dir='ltr'><strong>ἡ</strong></span> <span class='ocrx_word' id='word_1_447' title='bbox 1369 3615 1396 3643; x_wconf 89' lang='grc'><strong>‹‹</strong></span> <span class='ocrx_word' id='word_1_448' title='bbox 1451 3593 1780 3664; x_wconf 84' lang='grc' dir='ltr'>μνησικακία</span> <span class='ocrx_word' id='word_1_449' title='bbox 1828 3617 1857 3644; x_wconf 87' lang='grc'><strong>››</strong></span> <span class='ocrx_word' id='word_1_450' title='bbox 1911 3591 2044 3663; x_wconf 78' lang='grc' dir='ltr'>ἐστὶ,</span> 
     </span>
    </p>
   </div>
   <div class='ocr_carea' id='block_1_68' title="bbox 388 3676 2049 3756">
    <p class='ocr_par' dir='ltr' id='par_1_68' title="bbox 388 3676 2049 3756">
     <span class='ocr_line' id='line_1_68' title="bbox 388 3676 2049 3756; baseline 0.002 -23"><span class='ocrx_word' id='word_1_451' title='bbox 388 3678 482 3733; x_wconf 87' lang='grc' dir='ltr'><strong>καὶ</strong></span> <span class='ocrx_word' id='word_1_452' title='bbox 543 3676 732 3734; x_wconf 85' lang='grc' dir='ltr'>ὁποῖόν</span> <span class='ocrx_word' id='word_1_453' title='bbox 799 3699 851 3732; x_wconf 92' lang='grc' dir='ltr'><strong>τι</strong></span> <span class='ocrx_word' id='word_1_454' title='bbox 910 3680 1045 3734; x_wconf 84' lang='grc' dir='ltr'>κατᾶ</span> <span class='ocrx_word' id='word_1_455' title='bbox 1102 3677 1285 3734; x_wconf 79' lang='grc' dir='ltr'>οὐσίαν</span> <span class='ocrx_word' id='word_1_456' title='bbox 1363 3679 1599 3756; x_wconf 80' lang='grc' dir='ltr'>ὁρίζεται</span> <span class='ocrx_word' id='word_1_457' title='bbox 1661 3683 2049 3756; x_wconf 90' lang='grc' dir='ltr'>ηροσηκόντως</span> 
     </span>
    </p>
   </div>
   <div class='ocr_carea' id='block_1_69' title="bbox 391 3765 2048 3847">
    <p class='ocr_par' dir='ltr' id='par_1_69' title="bbox 391 3765 2048 3847">
     <span class='ocr_line' id='line_1_69' title="bbox 391 3765 2048 3847; baseline 0.003 -26"><span class='ocrx_word' id='word_1_458' title='bbox 391 3768 530 3821; x_wconf 82' lang='grc' dir='ltr'>εἶναι</span> <span class='ocrx_word' id='word_1_459' title='bbox 565 3765 722 3836; x_wconf 74' lang='grc' dir='ltr'>αὑτήο</span> <span class='ocrx_word' id='word_1_460' title='bbox 757 3766 846 3821; x_wconf 89' lang='grc' dir='ltr'><strong>καί</strong></span> <span class='ocrx_word' id='word_1_461' title='bbox 899 3788 989 3839; x_wconf 90' lang='grc' dir='ltr'><strong>μοι</strong></span> <span class='ocrx_word' id='word_1_462' title='bbox 1021 3767 1232 3842; x_wconf 71' lang='grc' dir='ltr'>ἀρέσκει</span> <span class='ocrx_word' id='word_1_463' title='bbox 1279 3767 1460 3847; x_wconf 81' lang='grc' dir='ltr'>φάναι,</span> <span class='ocrx_word' id='word_1_464' title='bbox 1523 3770 1596 3832; x_wconf 85' lang='grc' dir='ltr'>ὡς</span> <span class='ocrx_word' id='word_1_465' title='bbox 1663 3773 1696 3840; x_wconf 79' lang='grc' dir='ltr'>ἡ</span> <span class='ocrx_word' id='word_1_466' title='bbox 1753 3795 1781 3822; x_wconf 89' lang='grc'><em>‹‹</em></span> <span class='ocrx_word' id='word_1_467' title='bbox 1847 3792 2048 3844; x_wconf 85' lang='grc' dir='ltr'>μοησι-</span> 
     </span>
    </p>
   </div>
   <div class='ocr_carea' id='block_1_70' title="bbox 389 3852 2050 3935">
    <p class='ocr_par' dir='ltr' id='par_1_70' title="bbox 389 3852 2050 3935">
     <span class='ocr_line' id='line_1_70' title="bbox 389 3852 2050 3935; baseline 0.002 -25"><span class='ocrx_word' id='word_1_468' title='bbox 389 3855 609 3911; x_wconf 78' lang='grc' dir='ltr'>κακία»</span> <span class='ocrx_word' id='word_1_469' title='bbox 646 3852 1177 3931; x_wconf 72' lang='grc' dir='ltr'>οὑκέστινέπιμονή</span> <span class='ocrx_word' id='word_1_470' title='bbox 1235 3857 1428 3923; x_wconf 86' lang='grc' dir='ltr'>κακίας</span> <span class='ocrx_word' id='word_1_471' title='bbox 1483 3858 1566 3913; x_wconf 70' lang='grc' dir='ltr'>ἐπὶ</span> <span class='ocrx_word' id='word_1_472' title='bbox 1628 3859 1820 3922; x_wconf 81' lang='grc' dir='ltr'>ἁπλῶς</span> <span class='ocrx_word' id='word_1_473' title='bbox 1871 3859 2050 3935; x_wconf 73' lang='grc' dir='ltr'>ἀμύνῃ</span> 
     </span>
    </p>
   </div>
   <div class='ocr_carea' id='block_1_71' title="bbox 387 3941 2050 4027">
    <p class='ocr_par' dir='ltr' id='par_1_71' title="bbox 387 3941 2050 4027">
     <span class='ocr_line' id='line_1_71' title="bbox 387 3941 2050 4027; baseline 0.001 -27"><span class='ocrx_word' id='word_1_474' title='bbox 387 3944 460 4016; x_wconf 74' lang='grc' dir='ltr'>τῇ</span> <span class='ocrx_word' id='word_1_475' title='bbox 484 3944 756 4021; x_wconf 74' lang='grc' dir='ltr'>τυχούσῃ,</span> <span class='ocrx_word' id='word_1_476' title='bbox 785 3945 814 4000; x_wconf 77' lang='grc' dir='ltr'><strong>’ὀ</strong></span> <span class='ocrx_word' id='word_1_477' title='bbox 847 3943 912 4016; x_wconf 78' lang='grc' dir='ltr'>δὴ</span> <span class='ocrx_word' id='word_1_478' title='bbox 961 3946 1050 4001; x_wconf 87' lang='grc' dir='ltr'><strong>καὶ</strong></span> <span class='ocrx_word' id='word_1_479' title='bbox 1081 3952 1186 4012; x_wconf 84' lang='grc' dir='ltr'>πᾶς</span> <span class='ocrx_word' id='word_1_480' title='bbox 1218 3948 1389 4021; x_wconf 87' lang='grc' dir='ltr'>θυμὸς</span> <span class='ocrx_word' id='word_1_481' title='bbox 1421 3941 1567 4023; x_wconf 76' lang='grc' dir='ltr'>ἔχειν</span> <span class='ocrx_word' id='word_1_482' title='bbox 1619 3947 1816 4018; x_wconf 72' lang='grc' dir='ltr'>ἐθέλει,</span> <span class='ocrx_word' id='word_1_483' title='bbox 1877 3945 2050 4027; x_wconf 74' lang='grc' dir='ltr'>ὄρεξις</span> 
     </span>
    </p>
   </div>
   <div class='ocr_carea' id='block_1_72' title="bbox 391 4029 2048 4112">
    <p class='ocr_par' dir='ltr' id='par_1_72' title="bbox 391 4029 2048 4112">
     <span class='ocr_line' id='line_1_72' title="bbox 391 4029 2048 4112; baseline 0.004 -26"><span class='ocrx_word' id='word_1_484' title='bbox 391 4029 467 4086; x_wconf 84' lang='grc' dir='ltr'>ὣν</span> <span class='ocrx_word' id='word_1_485' title='bbox 499 4031 590 4087; x_wconf 86' lang='grc' dir='ltr'><strong>καὶ</strong></span> <span class='ocrx_word' id='word_1_486' title='bbox 637 4031 838 4094; x_wconf 68' lang='grc' dir='ltr'>ἐκεῖνος</span> <span class='ocrx_word' id='word_1_487' title='bbox 887 4032 1320 4105; x_wconf 67' lang='grc' dir='ltr'>ἀντιλυπήσεως,</span> <span class='ocrx_word' id='word_1_488' title='bbox 1371 4035 1506 4090; x_wconf 87' lang='grc' dir='ltr'>καθά</span> <span class='ocrx_word' id='word_1_489' title='bbox 1551 4057 1704 4112; x_wconf 85' lang='grc' dir='ltr'>φασιν</span> <span class='ocrx_word' id='word_1_490' title='bbox 1766 4038 1818 4091; x_wconf 74' lang='grc' dir='ltr'>οἳ</span> <span class='ocrx_word' id='word_1_491' title='bbox 1875 4035 2048 4092; x_wconf 88' lang='grc' dir='ltr'>πάλαι</span> 
     </span>
    </p>
   </div>
   <div class='ocr_carea' id='block_1_73' title="bbox 390 4119 2048 4202">
    <p class='ocr_par' dir='ltr' id='par_1_73' title="bbox 390 4119 2048 4202">
     <span class='ocr_line' id='line_1_73' title="bbox 390 4119 2048 4202; baseline 0.003 -27"><span class='ocrx_word' id='word_1_492' title='bbox 390 4121 573 4200; x_wconf 77' lang='grc' dir='ltr'><strong>σοφοί⁸</strong></span> <span class='ocrx_word' id='word_1_493' title='bbox 634 4119 783 4176; x_wconf 74' lang='grc' dir='ltr'>ἀλλὰ</span> <span class='ocrx_word' id='word_1_494' title='bbox 842 4145 870 4174; x_wconf 90' lang='grc'><em>‹‹</em></span> <span class='ocrx_word' id='word_1_495' title='bbox 930 4123 1256 4195; x_wconf 82' lang='grc' dir='ltr'>μνησικακία</span> <span class='ocrx_word' id='word_1_496' title='bbox 1314 4148 1343 4176; x_wconf 90' lang='grc'><strong>››</strong></span> <span class='ocrx_word' id='word_1_497' title='bbox 1401 4123 1703 4198; x_wconf 70' lang='grc' dir='ltr'>ἰκφαίνεται</span> <span class='ocrx_word' id='word_1_498' title='bbox 1761 4127 2048 4202; x_wconf 84' lang='grc' dir='ltr'>τυγχάνειν</span> 
     </span>
    </p>
   </div>
   <div class='ocr_carea' id='block_1_74' title="bbox 396 4209 2051 4291">
    <p class='ocr_par' dir='ltr' id='par_1_74' title="bbox 396 4209 2051 4291">
     <span class='ocr_line' id='line_1_74' title="bbox 396 4209 2051 4291; baseline 0.005 -28"><span class='ocrx_word' id='word_1_499' title='bbox 396 4209 629 4284; x_wconf 83' lang='grc' dir='ltr'>μόνιμος</span> <span class='ocrx_word' id='word_1_500' title='bbox 662 4211 856 4284; x_wconf 86' lang='grc' dir='ltr'>θυμὸς,</span> <span class='ocrx_word' id='word_1_501' title='bbox 917 4210 1011 4267; x_wconf 54' lang='grc' dir='ltr'>εἶτ’</span> <span class='ocrx_word' id='word_1_502' title='bbox 1043 4213 1131 4267; x_wconf 76' lang='grc' dir='ltr'><strong>οὑν</strong></span> <span class='ocrx_word' id='word_1_503' title='bbox 1165 4211 1326 4274; x_wconf 86' lang='grc' dir='ltr'>κότος</span> <span class='ocrx_word' id='word_1_504' title='bbox 1376 4211 1664 4286; x_wconf 73' lang='grc' dir='ltr'>δαιμόνιος</span> <span class='ocrx_word' id='word_1_505' title='bbox 1714 4214 1798 4270; x_wconf 79' lang='grc' dir='ltr'>ἐπὶ</span> <span class='ocrx_word' id='word_1_506' title='bbox 1855 4215 2051 4291; x_wconf 82' lang='grc' dir='ltr'>όρὲξει,</span> 
     </span>
    </p>
   </div>
   <div class='ocr_carea' id='block_1_75' title="bbox 394 4295 2054 4381">
    <p class='ocr_par' dir='ltr' id='par_1_75' title="bbox 394 4295 2054 4381">
     <span class='ocr_line' id='line_1_75' title="bbox 394 4295 2054 4381; baseline 0.003 -28"><span class='ocrx_word' id='word_1_507' title='bbox 394 4295 590 4354; x_wconf 66' lang='grc' dir='ltr'>οὔκουν</span> <span class='ocrx_word' id='word_1_508' title='bbox 626 4299 1058 4371; x_wconf 82' lang='grc' dir='ltr'>ἀντιλυπήσεως,</span> <span class='ocrx_word' id='word_1_509' title='bbox 1092 4301 1121 4356; x_wconf 76' lang='grc' dir='ltr'><strong>’ὀ</strong></span> <span class='ocrx_word' id='word_1_510' title='bbox 1154 4298 1221 4370; x_wconf 81' lang='grc' dir='ltr'>δὴ</span> <span class='ocrx_word' id='word_1_511' title='bbox 1257 4299 1496 4378; x_wconf 72' lang='grc' dir='ltr'>λέγεται,</span> <span class='ocrx_word' id='word_1_512' title='bbox 1529 4300 1696 4381; x_wconf 48' lang='grc' dir='ltr'>ἀλκὰ,</span> <span class='ocrx_word' id='word_1_513' title='bbox 1748 4304 1821 4366; x_wconf 89' lang='grc' dir='ltr'>ὡς</span> <span class='ocrx_word' id='word_1_514' title='bbox 1871 4304 2054 4380; x_wconf 81' lang='grc' dir='ltr'>φαίνε-</span> 
     </span>
    </p>
   </div>
   <div class='ocr_carea' id='block_1_76' title="bbox 391 4388 2052 4468">
    <p class='ocr_par' dir='ltr' id='par_1_76' title="bbox 391 4388 2052 4468">
     <span class='ocr_line' id='line_1_76' title="bbox 391 4388 2052 4468; baseline 0.002 -24"><span class='ocrx_word' id='word_1_515' title='bbox 391 4410 503 4461; x_wconf 86' lang='grc' dir='ltr'>ται,</span> <span class='ocrx_word' id='word_1_516' title='bbox 535 4388 624 4444; x_wconf 84' lang='grc' dir='ltr'><strong>καὶ</strong></span> <span class='ocrx_word' id='word_1_517' title='bbox 657 4390 886 4445; x_wconf 86' lang='grc' dir='ltr'>Θανάτου</span> <span class='ocrx_word' id='word_1_518' title='bbox 917 4390 1311 4468; x_wconf 66' lang='grc' dir='ltr'>ἀπαραιτήτου,</span> <span class='ocrx_word' id='word_1_519' title='bbox 1344 4393 1460 4465; x_wconf 84' lang='grc' dir='ltr'>μεθ’</span> <span class='ocrx_word' id='word_1_520' title='bbox 1491 4392 1550 4447; x_wconf 84' lang='grc' dir='ltr'><strong>’ὸν</strong></span> <span class='ocrx_word' id='word_1_521' title='bbox 1600 4392 1700 4447; x_wconf 83' lang='grc' dir='ltr'><strong>οὐκ</strong></span> <span class='ocrx_word' id='word_1_522' title='bbox 1750 4390 1812 4448; x_wconf 76' lang='grc' dir='ltr'>ἂν</span> <span class='ocrx_word' id='word_1_523' title='bbox 1871 4392 2052 4466; x_wconf 78' lang='grc' dir='ltr'>λυπή-</span> 
     </span>
    </p>
   </div>
   <div class='ocr_carea' id='block_1_77' title="bbox 393 4476 2052 4558">
    <p class='ocr_par' dir='ltr' id='par_1_77' title="bbox 393 4476 2052 4558">
     <span class='ocr_line' id='line_1_77' title="bbox 393 4476 2052 4558; baseline 0.004 -26"><span class='ocrx_word' id='word_1_524' title='bbox 393 4499 540 4533; x_wconf 88' lang='grc' dir='ltr'>σεται</span> <span class='ocrx_word' id='word_1_525' title='bbox 574 4479 602 4533; x_wconf 86' lang='grc' dir='ltr'>ὁ</span> <span class='ocrx_word' id='word_1_526' title='bbox 632 4480 827 4534; x_wconf 87' lang='grc' dir='ltr'>θανών.</span> <span class='ocrx_word' id='word_1_527' title='bbox 887 4481 1108 4537; x_wconf 85' lang='grc' dir='ltr'>Ὀποῖον</span> <span class='ocrx_word' id='word_1_528' title='bbox 1144 4478 1208 4552; x_wconf 77' lang='grc' dir='ltr'>δὴ</span> <span class='ocrx_word' id='word_1_529' title='bbox 1241 4479 1411 4545; x_wconf 82' lang='grc' dir='ltr'>πάθος</span> <span class='ocrx_word' id='word_1_530' title='bbox 1443 4476 1586 4558; x_wconf 77' lang='grc' dir='ltr'>ἔχων</span> <span class='ocrx_word' id='word_1_531' title='bbox 1629 4483 1844 4545; x_wconf 86' lang='grc' dir='ltr'>πάντως</span> <span class='ocrx_word' id='word_1_532' title='bbox 1901 4485 1988 4539; x_wconf 84' lang='grc' dir='ltr'><strong>καὶ</strong></span> <span class='ocrx_word' id='word_1_533' title='bbox 2025 4485 2052 4539; x_wconf 92' lang='lat'><strong>6</strong></span> 
     </span>
    </p>
   </div>
   <div class='ocr_carea' id='block_1_78' title="bbox 393 4566 2050 4650">
    <p class='ocr_par' dir='ltr' id='par_1_78' title="bbox 393 4566 2050 4650">
     <span class='ocr_line' id='line_1_78' title="bbox 393 4566 2050 4650; baseline 0.004 -28"><span class='ocrx_word' id='word_1_534' title='bbox 393 4566 696 4642; x_wconf 89' lang='grc' dir='ltr'>Σαπρίκιος</span> <span class='ocrx_word' id='word_1_535' title='bbox 752 4566 841 4624; x_wconf 81' lang='grc' dir='ltr'>ἐπὶ</span> <span class='ocrx_word' id='word_1_536' title='bbox 893 4573 971 4642; x_wconf 83' lang='grc' dir='ltr'>τῷ</span> <span class='ocrx_word' id='word_1_537' title='bbox 1028 4570 1295 4648; x_wconf 85' lang='grc' dir='ltr'>ἀγαπητῷ</span> <span class='ocrx_word' id='word_1_538' title='bbox 1346 4573 1670 4650; x_wconf 87' lang='grc' dir='ltr'>Νικηφόρῳ,</span> <span class='ocrx_word' id='word_1_539' title='bbox 1729 4573 1818 4627; x_wconf 86' lang='grc' dir='ltr'><strong>καὶ</strong></span> <span class='ocrx_word' id='word_1_540' title='bbox 1877 4574 2050 4645; x_wconf 84' lang='grc' dir='ltr'>πάντη</span> 
     </span>
    </p>
   </div>
   <div class='ocr_carea' id='block_1_79' title="bbox 393 4656 2052 4741">
    <p class='ocr_par' dir='ltr' id='par_1_79' title="bbox 393 4656 2052 4741">
     <span class='ocr_line' id='line_1_79' title="bbox 393 4656 2052 4741; baseline 0.004 -31"><span class='ocrx_word' id='word_1_541' title='bbox 393 4656 612 4720; x_wconf 85' lang='grc' dir='ltr'>πάντως</span> <span class='ocrx_word' id='word_1_542' title='bbox 689 4657 741 4729; x_wconf 76' lang='grc' dir='ltr'>ἐξ</span> <span class='ocrx_word' id='word_1_543' title='bbox 791 4659 983 4713; x_wconf 70' lang='grc' dir='ltr'>ἑαυτοῦ</span> <span class='ocrx_word' id='word_1_544' title='bbox 1046 4660 1292 4736; x_wconf 87' lang='grc' dir='ltr'>κυρώσας</span> <span class='ocrx_word' id='word_1_545' title='bbox 1341 4660 1617 4716; x_wconf 87' lang='grc' dir='ltr'>ἀποικίσαι</span> <span class='ocrx_word' id='word_1_546' title='bbox 1677 4663 1739 4716; x_wconf 88' lang='grc' dir='ltr'>τὸ</span> <span class='ocrx_word' id='word_1_547' title='bbox 1789 4659 2052 4741; x_wconf 84' lang='grc' dir='ltr'>φιλάδελ-</span> 
     </span>
    </p>
   </div>
   <div class='ocr_carea' id='block_1_80' title="bbox 396 4743 2050 4831">
    <p class='ocr_par' dir='ltr' id='par_1_80' title="bbox 396 4743 2050 4831">
     <span class='ocr_line' id='line_1_80' title="bbox 396 4743 2050 4831; baseline 0.006 -32"><span class='ocrx_word' id='word_1_548' title='bbox 396 4765 539 4822; x_wconf 82' lang='grc' dir='ltr'>φον,</span> <span class='ocrx_word' id='word_1_549' title='bbox 605 4743 781 4802; x_wconf 72' lang='grc' dir='ltr'>ἓοικεν</span> <span class='ocrx_word' id='word_1_550' title='bbox 837 4747 918 4803; x_wconf 81' lang='grc' dir='ltr'><strong>ἀεὶ</strong></span> <span class='ocrx_word' id='word_1_551' title='bbox 965 4748 1059 4822; x_wconf 77' lang='grc' dir='ltr'>μὲν</span> <span class='ocrx_word' id='word_1_552' title='bbox 1116 4749 1352 4826; x_wconf 72' lang='grc' dir='ltr'>ἐφίεσθαι</span> <span class='ocrx_word' id='word_1_553' title='bbox 1415 4749 1622 4827; x_wconf 82' lang='grc' dir='ltr'>βλάψαι</span> <span class='ocrx_word' id='word_1_554' title='bbox 1677 4752 1767 4805; x_wconf 84' lang='grc' dir='ltr'>τὸν</span> <span class='ocrx_word' id='word_1_555' title='bbox 1821 4752 2050 4831; x_wconf 87' lang='grc' dir='ltr'>θεοφιλῆ</span> 
     </span>
    </p>
   </div>
   <div class='ocr_carea' id='block_1_81' title="bbox 397 4836 2053 4913">
    <p class='ocr_par' dir='ltr' id='par_1_81' title="bbox 397 4836 2053 4913">
     <span class='ocr_line' id='line_1_81' title="bbox 397 4836 2053 4913; baseline 0.005 -23"><span class='ocrx_word' id='word_1_556' title='bbox 397 4837 737 4913; x_wconf 84' lang='grc' dir='ltr'>Νικηφόρον,</span> <span class='ocrx_word' id='word_1_557' title='bbox 787 4837 864 4900; x_wconf 85' lang='grc' dir='ltr'>ὡς</span> <span class='ocrx_word' id='word_1_558' title='bbox 913 4837 1003 4892; x_wconf 83' lang='grc' dir='ltr'><strong>καὶ</strong></span> <span class='ocrx_word' id='word_1_559' title='bbox 1055 4836 1105 4909; x_wconf 71' lang='grc' dir='ltr'><strong>ἐξ</strong></span> <span class='ocrx_word' id='word_1_560' title='bbox 1155 4837 1450 4913; x_wconf 87' lang='grc' dir='ltr'>ἀνθρώπων</span> <span class='ocrx_word' id='word_1_561' title='bbox 1496 4838 1657 4895; x_wconf 85' lang='grc' dir='ltr'>αὑτὸν</span> <span class='ocrx_word' id='word_1_562' title='bbox 1692 4841 1890 4910; x_wconf 72' lang='grc' dir='ltr'>θέσθαι,</span> <span class='ocrx_word' id='word_1_563' title='bbox 1951 4843 2053 4898; x_wconf 86' lang='grc' dir='ltr'><strong>οὑκ</strong></span> 
     </span>
    </p>
   </div>
   <div class='ocr_carea' id='block_1_82' title="bbox 397 4923 2060 5004">
    <p class='ocr_par' dir='ltr' id='par_1_82' title="bbox 397 4923 2060 5004">
     <span class='ocr_line' id='line_1_82' title="bbox 397 4923 2060 5004; baseline 0.005 -24"><span class='ocrx_word' id='word_1_564' title='bbox 397 4924 453 4980; x_wconf 76' lang='grc' dir='ltr'><strong>ἒν</strong></span> <span class='ocrx_word' id='word_1_565' title='bbox 483 4929 563 4998; x_wconf 78' lang='grc' dir='ltr'>τῷ</span> <span class='ocrx_word' id='word_1_566' title='bbox 593 4923 795 5004; x_wconf 69' lang='grc' dir='ltr'>λέγειν’</span> <span class='ocrx_word' id='word_1_567' title='bbox 849 4951 878 4980; x_wconf 94' lang='grc'><strong>‹‹</strong></span> <span class='ocrx_word' id='word_1_568' title='bbox 927 4928 1070 4984; x_wconf 84' lang='grc' dir='ltr'>Πότε</span> <span class='ocrx_word' id='word_1_569' title='bbox 1118 4928 1464 4993; x_wconf 85' lang='grc' dir='ltr'>ἀποθανεῖται</span> <span class='ocrx_word' id='word_1_570' title='bbox 1518 4929 1607 4984; x_wconf 85' lang='grc' dir='ltr'><strong>καὶ</strong></span> <span class='ocrx_word' id='word_1_571' title='bbox 1666 4931 1954 4988; x_wconf 83' lang='grc' dir='ltr'>ἀπολεῖται</span> <span class='ocrx_word' id='word_1_572' title='bbox 1997 4931 2060 4988; x_wconf 87' lang='grc' dir='ltr'>τὸ</span> 
     </span>
    </p>
   </div>
   <div class='ocr_carea' id='block_1_83' title="bbox 401 5015 2058 5101">
    <p class='ocr_par' dir='ltr' id='par_1_83' title="bbox 401 5015 2058 5101">
     <span class='ocr_line' id='line_1_83' title="bbox 401 5015 2058 5101; baseline 0.007 -32"><span class='ocrx_word' id='word_1_573' title='bbox 401 5015 580 5090; x_wconf 82' lang='grc' dir='ltr'>ὄνομα</span> <span class='ocrx_word' id='word_1_574' title='bbox 601 5017 802 5089; x_wconf 71' lang='grc' dir='ltr'>αὑτοῦς</span> <span class='ocrx_word' id='word_1_575' title='bbox 842 5042 870 5068; x_wconf 88' lang='grc'><strong>››</strong></span> <span class='ocrx_word' id='word_1_576' title='bbox 902 5016 1028 5074; x_wconf 83' lang='grc' dir='ltr'>ἀλλ’</span> <span class='ocrx_word' id='word_1_577' title='bbox 1064 5017 1114 5074; x_wconf 82' lang='grc' dir='ltr'>ἐν</span> <span class='ocrx_word' id='word_1_578' title='bbox 1145 5024 1224 5094; x_wconf 77' lang='grc' dir='ltr'>τῷ</span> <span class='ocrx_word' id='word_1_579' title='bbox 1272 5021 1357 5075; x_wconf 84' lang='grc' dir='ltr'><strong>κσὶ</strong></span> <span class='ocrx_word' id='word_1_580' title='bbox 1414 5017 1642 5094; x_wconf 74' lang='grc' dir='ltr'>μελετᾷν</span> <span class='ocrx_word' id='word_1_581' title='bbox 1689 5021 1779 5077; x_wconf 75' lang='grc' dir='ltr'><strong>καὶ</strong></span> <span class='ocrx_word' id='word_1_582' title='bbox 1807 5019 2058 5101; x_wconf 65' lang='grc' dir='ltr'>εὔχεσθαι</span> 
     </span>
    </p>
   </div>
   <div class='ocr_carea' id='block_1_84' title="bbox 399 5105 2061 5190">
    <p class='ocr_par' dir='ltr' id='par_1_84' title="bbox 399 5105 2061 5190">
     <span class='ocr_line' id='line_1_84' title="bbox 399 5105 2061 5190; baseline 0.007 -29"><span class='ocrx_word' id='word_1_583' title='bbox 399 5105 490 5161; x_wconf 84' lang='grc' dir='ltr'><strong>καὶ</strong></span> <span class='ocrx_word' id='word_1_584' title='bbox 533 5107 772 5163; x_wconf 85' lang='grc' dir='ltr'>καίεσθαι</span> <span class='ocrx_word' id='word_1_585' title='bbox 819 5109 917 5178; x_wconf 72' lang='grc' dir='ltr'>τὴν</span> <span class='ocrx_word' id='word_1_586' title='bbox 967 5107 1195 5184; x_wconf 84' lang='grc' dir='ltr'>καρδίαν</span> <span class='ocrx_word' id='word_1_587' title='bbox 1244 5109 1407 5166; x_wconf 84' lang='grc' dir='ltr'>αὑτου</span> <span class='ocrx_word' id='word_1_588' title='bbox 1457 5113 1879 5190; x_wconf 77' lang='grc' dir='ltr'>προορωμένην,</span> <span class='ocrx_word' id='word_1_589' title='bbox 1933 5115 2061 5172; x_wconf 86' lang='grc' dir='ltr'>πότε</span> 
     </span>
    </p>
   </div>
   <div class='ocr_carea' id='block_1_85' title="bbox 398 5192 2061 5282">
    <p class='ocr_par' dir='ltr' id='par_1_85' title="bbox 398 5192 2061 5282">
     <span class='ocr_line' id='line_1_85' title="bbox 398 5192 2061 5282; baseline 0.007 -32"><span class='ocrx_word' id='word_1_590' title='bbox 398 5192 460 5250; x_wconf 79' lang='grc' dir='ltr'>ἃν</span> <span class='ocrx_word' id='word_1_591' title='bbox 491 5195 527 5266; x_wconf 72' lang='grc' dir='ltr'><strong>ἢ</strong></span> <span class='ocrx_word' id='word_1_592' title='bbox 559 5197 774 5272; x_wconf 78' lang='grc' dir='ltr'>εὑρήσει</span> <span class='ocrx_word' id='word_1_593' title='bbox 830 5198 1214 5276; x_wconf 71' lang='grc' dir='ltr'>ὀρωρυγμένον</span> <span class='ocrx_word' id='word_1_594' title='bbox 1267 5202 1560 5278; x_wconf 75' lang='grc' dir='ltr'>βάραθρον,</span> <span class='ocrx_word' id='word_1_595' title='bbox 1605 5202 1659 5258; x_wconf 82' lang='grc' dir='ltr'>ἐν</span> <span class='ocrx_word' id='word_1_596' title='bbox 1709 5205 1755 5272; x_wconf 83' lang='grc' dir='ltr'>ᾧ</span> <span class='ocrx_word' id='word_1_597' title='bbox 1801 5204 2061 5282; x_wconf 73' lang='grc' dir='ltr'>καταρῥί-</span> 
     </span>
    </p>
   </div>
   <div class='ocr_carea' id='block_1_86' title="bbox 397 5283 2061 5372">
    <p class='ocr_par' dir='ltr' id='par_1_86' title="bbox 397 5283 2061 5372">
     <span class='ocr_line' id='line_1_86' title="bbox 397 5283 2061 5372; baseline 0.006 -31"><span class='ocrx_word' id='word_1_598' title='bbox 397 5289 502 5360; x_wconf 82' lang='grc' dir='ltr'><strong>ψας</strong></span> <span class='ocrx_word' id='word_1_599' title='bbox 535 5283 838 5366; x_wconf 83' lang='grc' dir='ltr'>ἀφαντώσει</span> <span class='ocrx_word' id='word_1_600' title='bbox 868 5289 959 5344; x_wconf 86' lang='grc' dir='ltr'>τὸν</span> <span class='ocrx_word' id='word_1_601' title='bbox 1021 5289 1374 5364; x_wconf 79' lang='grc' dir='ltr'>μισούμενον,</span> <span class='ocrx_word' id='word_1_602' title='bbox 1428 5292 1514 5347; x_wconf 82' lang='grc' dir='ltr'><strong>καὶ</strong></span> <span class='ocrx_word' id='word_1_603' title='bbox 1565 5289 1754 5356; x_wconf 75' lang='grc' dir='ltr'>ἄλλως</span> <span class='ocrx_word' id='word_1_604' title='bbox 1804 5294 2061 5372; x_wconf 79' lang='grc' dir='ltr'>αὐτοχει-</span> 
     </span>
    </p>
   </div>
   <div class='ocr_carea' id='block_1_87' title="bbox 401 5376 2059 5456">
    <p class='ocr_par' dir='ltr' id='par_1_87' title="bbox 401 5376 2059 5456">
     <span class='ocr_line' id='line_1_87' title="bbox 401 5376 2059 5456; baseline 0.007 -26"><span class='ocrx_word' id='word_1_605' title='bbox 401 5376 492 5450; x_wconf 82' lang='grc' dir='ltr'>ρίᾳ</span> <span class='ocrx_word' id='word_1_606' title='bbox 549 5383 828 5454; x_wconf 86' lang='grc' dir='ltr'>θανατηρᾷ</span> <span class='ocrx_word' id='word_1_607' title='bbox 893 5379 976 5434; x_wconf 79' lang='grc' dir='ltr'><strong>ἐπ’</strong></span> <span class='ocrx_word' id='word_1_608' title='bbox 1039 5378 1198 5434; x_wconf 87' lang='grc' dir='ltr'>αὑτὸν</span> <span class='ocrx_word' id='word_1_609' title='bbox 1272 5381 1559 5456; x_wconf 76' lang='grc' dir='ltr'>χρήσεται.</span> <span class='ocrx_word' id='word_1_610' title='bbox 1613 5381 1709 5436; x_wconf 77' lang='grc' dir='ltr'>Καὶ</span> <span class='ocrx_word' id='word_1_611' title='bbox 1768 5381 1827 5437; x_wconf 75' lang='grc' dir='ltr'><strong>ἂν</strong></span> <span class='ocrx_word' id='word_1_612' title='bbox 1889 5383 2059 5440; x_wconf 80' lang='grc' dir='ltr'>πάλαι</span> 
     </span>
    </p>
   </div>
   <div class='ocr_carea' id='block_1_88' title="bbox 396 5466 2062 5542">
    <p class='ocr_par' dir='ltr' id='par_1_88' title="bbox 396 5466 2062 5542">
     <span class='ocr_line' id='line_1_88' title="bbox 396 5466 2062 5542; baseline 0.006 -22"><span class='ocrx_word' id='word_1_613' title='bbox 396 5467 648 5521; x_wconf 79' lang='grc' dir='ltr'>τοιοῦτόν</span> <span class='ocrx_word' id='word_1_614' title='bbox 679 5489 731 5522; x_wconf 85' lang='grc' dir='ltr'><strong>τι</strong></span> <span class='ocrx_word' id='word_1_615' title='bbox 764 5467 1088 5540; x_wconf 86' lang='grc' dir='ltr'>πεποίηκεν,</span> <span class='ocrx_word' id='word_1_616' title='bbox 1145 5467 1294 5542; x_wconf 74' lang='grc' dir='ltr'>εἷ’περ</span> <span class='ocrx_word' id='word_1_617' title='bbox 1342 5466 1601 5540; x_wconf 73' lang='grc' dir='ltr'>ἠδύνατο.</span> <span class='ocrx_word' id='word_1_618' title='bbox 1652 5471 1802 5527; x_wconf 83' lang='grc' dir='ltr'>Ἐπεὶ</span> <span class='ocrx_word' id='word_1_619' title='bbox 1853 5471 1910 5529; x_wconf 76' lang='grc' dir='ltr'>δὲ</span> <span class='ocrx_word' id='word_1_620' title='bbox 1959 5475 2062 5530; x_wconf 83' lang='grc' dir='ltr'><strong>οὐκ</strong></span> 
     </span>
    </p>
   </div>
   <div class='ocr_carea' id='block_1_89' title="bbox 402 5555 2058 5643">
    <p class='ocr_par' dir='ltr' id='par_1_89' title="bbox 402 5555 2058 5643">
     <span class='ocr_line' id='line_1_89' title="bbox 402 5555 2058 5643; baseline 0.006 -33"><span class='ocrx_word' id='word_1_621' title='bbox 402 5556 548 5643; x_wconf 59' lang='grc' dir='ltr'>εἶχεν</span> <span class='ocrx_word' id='word_1_622' title='bbox 592 5555 772 5632; x_wconf 78' lang='grc' dir='ltr'>ἰσχὺν,</span> <span class='ocrx_word' id='word_1_623' title='bbox 833 5559 921 5613; x_wconf 81' lang='grc' dir='ltr'>οἷα</span> <span class='ocrx_word' id='word_1_624' title='bbox 979 5561 1076 5613; x_wconf 72' lang='grc' dir='ltr'>τοῦ</span> <span class='ocrx_word' id='word_1_625' title='bbox 1133 5558 1184 5613; x_wconf 69' lang='grc' dir='ltr'>ὲν</span> <span class='ocrx_word' id='word_1_626' title='bbox 1236 5562 1353 5632; x_wconf 83' lang='grc' dir='ltr'>Θεῷ</span> <span class='ocrx_word' id='word_1_627' title='bbox 1405 5557 1684 5635; x_wconf 76' lang='grc' dir='ltr'>εἷ’ρηνικοῦ</span> <span class='ocrx_word' id='word_1_628' title='bbox 1742 5563 2058 5643; x_wconf 83' lang='grc' dir='ltr'>Νικηφόρου</span> 
     </span>
    </p>
   </div>
   <div class='ocr_carea' id='block_1_90' title="bbox 401 5641 2059 5732">
    <p class='ocr_par' dir='ltr' id='par_1_90' title="bbox 401 5641 2059 5732">
     <span class='ocr_line' id='line_1_90' title="bbox 401 5641 2059 5732; baseline 0.008 -33"><span class='ocrx_word' id='word_1_629' title='bbox 401 5641 512 5700; x_wconf 77' lang='grc' dir='ltr'>εἷ’τε</span> <span class='ocrx_word' id='word_1_630' title='bbox 540 5644 835 5722; x_wconf 79' lang='grc' dir='ltr'>ῒσχὺοντος</span> <span class='ocrx_word' id='word_1_631' title='bbox 862 5647 939 5712; x_wconf 76' lang='grc' dir='ltr'><strong>είς</strong></span> <span class='ocrx_word' id='word_1_632' title='bbox 970 5646 1138 5706; x_wconf 70' lang='grc' dir='ltr'>πλέον</span> <span class='ocrx_word' id='word_1_633' title='bbox 1177 5647 1268 5704; x_wconf 83' lang='grc' dir='ltr'><strong>καὶ</strong></span> <span class='ocrx_word' id='word_1_634' title='bbox 1314 5647 1754 5724; x_wconf 76' lang='grc' dir='ltr'>ὑπερπετομένου</span> <span class='ocrx_word' id='word_1_635' title='bbox 1810 5641 2059 5732; x_wconf 77' lang='grc' dir='ltr'>εὐμηχά-</span> 
     </span>
    </p>
   </div>
   <div class='ocr_carea' id='block_1_91' title="bbox 402 5732 2053 5824">
    <p class='ocr_par' dir='ltr' id='par_1_91' title="bbox 402 5732 2053 5824">
     <span class='ocr_line' id='line_1_91' title="bbox 402 5732 2053 5824; baseline 0.007 -34"><span class='ocrx_word' id='word_1_636' title='bbox 402 5753 511 5797; x_wconf 85' lang='grc' dir='ltr'><strong>νως</strong></span> <span class='ocrx_word' id='word_1_637' title='bbox 540 5735 633 5798; x_wconf 83' lang='grc' dir='ltr'>τὰς</span> <span class='ocrx_word' id='word_1_638' title='bbox 665 5733 870 5795; x_wconf 77' lang='grc' dir='ltr'>ἐκείνου</span> <span class='ocrx_word' id='word_1_639' title='bbox 915 5735 1173 5816; x_wconf 84' lang='grc' dir='ltr'>παγίδας,</span> <span class='ocrx_word' id='word_1_640' title='bbox 1215 5732 1400 5796; x_wconf 71' lang='grc' dir='ltr'>ἕπεττι</span> <span class='ocrx_word' id='word_1_641' title='bbox 1445 5737 1536 5795; x_wconf 85' lang='grc' dir='ltr'><strong>τὸν</strong></span> <span class='ocrx_word' id='word_1_642' title='bbox 1587 5736 1761 5816; x_wconf 81' lang='grc' dir='ltr'>χόλον</span> <span class='ocrx_word' id='word_1_643' title='bbox 1811 5741 2053 5824; x_wconf 86' lang='grc' dir='ltr'>ἀποκρυ-</span> 
     </span>
    </p>
   </div>
   <div class='ocr_carea' id='block_1_92' title="bbox 2155 3499 3825 3571">
    <p class='ocr_par' dir='ltr' id='par_1_92' title="bbox 2155 3499 3825 3571">
     <span class='ocr_line' id='line_1_92' title="bbox 2155 3499 3825 3571; baseline -0.005 -10"><span class='ocrx_word' id='word_1_644' title='bbox 2155 3504 2294 3560; x_wconf 83' lang='lat' dir='ltr'><strong>Mihi</strong></span> <span class='ocrx_word' id='word_1_645' title='bbox 2325 3509 2520 3560; x_wconf 89' lang='lat' dir='ltr'><strong>autem</strong></span> <span class='ocrx_word' id='word_1_646' title='bbox 2548 3504 2607 3560; x_wconf 91' lang='lat' dir='ltr'><strong>in</strong></span> <span class='ocrx_word' id='word_1_647' title='bbox 2641 3507 2905 3559; x_wconf 90' lang='lat' dir='ltr'><strong>mentem</strong></span> <span class='ocrx_word' id='word_1_648' title='bbox 2935 3502 3094 3558; x_wconf 89' lang='lat' dir='ltr'><strong>venit</strong></span> <span class='ocrx_word' id='word_1_649' title='bbox 3120 3516 3278 3556; x_wconf 91' lang='lat' dir='ltr'><strong>nunc</strong></span> <span class='ocrx_word' id='word_1_650' title='bbox 3304 3499 3590 3571; x_wconf 85' lang='lat' dir='ltr'><strong>dispicere</strong></span> <span class='ocrx_word' id='word_1_651' title='bbox 3635 3513 3825 3571; x_wconf 89' lang='lat' dir='ltr'><strong>quan-</strong></span> 
     </span>
    </p>
   </div>
   <div class='ocr_carea' id='block_1_93' title="bbox 2160 3587 3827 3663">
    <p class='ocr_par' dir='ltr' id='par_1_93' title="bbox 2160 3587 3827 3663">
     <span class='ocr_line' id='line_1_93' title="bbox 2160 3587 3827 3663; baseline -0.004 -13"><span class='ocrx_word' id='word_1_652' title='bbox 2160 3598 2282 3651; x_wconf 89' lang='lat' dir='ltr'><strong>tum</strong></span> <span class='ocrx_word' id='word_1_653' title='bbox 2315 3594 2392 3649; x_wconf 91' lang='lat' dir='ltr'><strong>sit</strong></span> <span class='ocrx_word' id='word_1_654' title='bbox 2422 3593 2642 3650; x_wconf 90' lang='lat' dir='ltr'><strong>malum</strong></span> <span class='ocrx_word' id='word_1_655' title='bbox 2668 3592 2869 3648; x_wconf 88' lang='lat' dir='ltr'><strong>odium</strong></span> <span class='ocrx_word' id='word_1_656' title='bbox 2887 3587 3827 3663; x_wconf 74' lang='lat' dir='ltr'><strong>pertinax,qua3quesit,exipsius</strong></span> 
     </span>
    </p>
   </div>
   <div class='ocr_carea' id='block_1_94' title="bbox 2157 3675 3826 3753">
    <p class='ocr_par' dir='ltr' id='par_1_94' title="bbox 2157 3675 3826 3753">
     <span class='ocr_line' id='line_1_94' title="bbox 2157 3675 3826 3753; baseline -0.005 -14"><span class='ocrx_word' id='word_1_657' title='bbox 2157 3687 2390 3753; x_wconf 89' lang='lat' dir='ltr'><strong>natura,</strong></span> <span class='ocrx_word' id='word_1_658' title='bbox 2421 3682 2776 3738; x_wconf 89' lang='lat' dir='ltr'><strong>conveniens</strong></span> <span class='ocrx_word' id='word_1_659' title='bbox 2809 3681 2859 3736; x_wconf 91' lang='lat' dir='ltr'><strong>ei</strong></span> <span class='ocrx_word' id='word_1_660' title='bbox 2891 3680 3176 3736; x_wconf 86' lang='lat' dir='ltr'><strong>deﬁnitio.</strong></span> <span class='ocrx_word' id='word_1_661' title='bbox 3211 3679 3425 3734; x_wconf 91' lang='lat' dir='ltr'><strong>Odium</strong></span> <span class='ocrx_word' id='word_1_662' title='bbox 3485 3675 3826 3733; x_wconf 87' lang='lat' dir='ltr'><strong>istiusmodi</strong></span> 
     </span>
    </p>
   </div>
   <div class='ocr_carea' id='block_1_95' title="bbox 2158 3765 3826 3843">
    <p class='ocr_par' dir='ltr' id='par_1_95' title="bbox 2158 3765 3826 3843">
     <span class='ocr_line' id='line_1_95' title="bbox 2158 3765 3826 3843; baseline -0.006 -14"><span class='ocrx_word' id='word_1_663' title='bbox 2158 3789 2274 3829; x_wconf 91' lang='lat' dir='ltr'><strong>non</strong></span> <span class='ocrx_word' id='word_1_664' title='bbox 2305 3787 2373 3828; x_wconf 88' lang='lat' dir='ltr'><strong>ea</strong></span> <span class='ocrx_word' id='word_1_665' title='bbox 2405 3775 2494 3828; x_wconf 89' lang='lat' dir='ltr'><strong>est</strong></span> <span class='ocrx_word' id='word_1_666' title='bbox 2523 3770 2845 3843; x_wconf 86' lang='lat' dir='ltr'><strong>pertinacia</strong></span> <span class='ocrx_word' id='word_1_667' title='bbox 2862 3787 2988 3841; x_wconf 64' lang='lat' dir='ltr'><strong>qua;</strong></span> <span class='ocrx_word' id='word_1_668' title='bbox 3008 3768 3293 3825; x_wconf 89' lang='lat' dir='ltr'><strong>ultionem</strong></span> <span class='ocrx_word' id='word_1_669' title='bbox 3311 3765 3635 3838; x_wconf 85' lang='lat' dir='ltr'><strong>quamlibet</strong></span> <span class='ocrx_word' id='word_1_670' title='bbox 3653 3766 3826 3820; x_wconf 86' lang='lat' dir='ltr'><strong>modo</strong></span> 
     </span>
    </p>
   </div>
   <div class='ocr_carea' id='block_1_96' title="bbox 2158 3853 3824 3934">
    <p class='ocr_par' dir='ltr' id='par_1_96' title="bbox 2158 3853 3824 3934">
     <span class='ocr_line' id='line_1_96' title="bbox 2158 3853 3824 3934; baseline -0.006 -17"><span class='ocrx_word' id='word_1_671' title='bbox 2158 3860 2340 3934; x_wconf 87' lang='lat' dir='ltr'><strong>petit:</strong></span> <span class='ocrx_word' id='word_1_672' title='bbox 2375 3877 2511 3915; x_wconf 90' lang='lat' dir='ltr'><strong>nam</strong></span> <span class='ocrx_word' id='word_1_673' title='bbox 2545 3875 2906 3930; x_wconf 82' lang='lat' dir='ltr'><strong>quaecunque</strong></span> <span class='ocrx_word' id='word_1_674' title='bbox 2955 3857 3043 3913; x_wconf 89' lang='lat' dir='ltr'><strong>ira</strong></span> <span class='ocrx_word' id='word_1_675' title='bbox 3099 3856 3253 3912; x_wconf 89' lang='lat' dir='ltr'><strong>idem</strong></span> <span class='ocrx_word' id='word_1_676' title='bbox 3311 3855 3426 3912; x_wconf 88' lang='lat' dir='ltr'><strong>sibi</strong></span> <span class='ocrx_word' id='word_1_677' title='bbox 3484 3853 3631 3920; x_wconf 89' lang='lat' dir='ltr'><strong>vult,</strong></span> <span class='ocrx_word' id='word_1_678' title='bbox 3687 3869 3824 3909; x_wconf 90' lang='lat' dir='ltr'><strong>cum</strong></span> 
     </span>
    </p>
   </div>
   <div class='ocr_carea' id='block_1_97' title="bbox 2159 3943 3826 4017">
    <p class='ocr_par' dir='ltr' id='par_1_97' title="bbox 2159 3943 3826 4017">
     <span class='ocr_line' id='line_1_97' title="bbox 2159 3943 3826 4017; baseline -0.007 -9"><span class='ocrx_word' id='word_1_679' title='bbox 2159 3951 2236 4008; x_wconf 89' lang='lat' dir='ltr'><strong>sit</strong></span> <span class='ocrx_word' id='word_1_680' title='bbox 2293 3951 2378 4006; x_wconf 91' lang='lat' dir='ltr'><strong>ira</strong></span> <span class='ocrx_word' id='word_1_681' title='bbox 2439 3953 2635 4006; x_wconf 88' lang='lat' dir='ltr'><strong>motus</strong></span> <span class='ocrx_word' id='word_1_682' title='bbox 2688 3946 2872 4004; x_wconf 90' lang='lat' dir='ltr'><strong>animi</strong></span> <span class='ocrx_word' id='word_1_683' title='bbox 2931 3946 3151 4002; x_wconf 88' lang='lat' dir='ltr'><strong>malum</strong></span> <span class='ocrx_word' id='word_1_684' title='bbox 3186 3961 3290 4017; x_wconf 92' lang='lat' dir='ltr'><strong>pro</strong></span> <span class='ocrx_word' id='word_1_685' title='bbox 3321 3943 3475 4000; x_wconf 89' lang='lat' dir='ltr'><strong>malo</strong></span> <span class='ocrx_word' id='word_1_686' title='bbox 3508 3944 3826 4014; x_wconf 89' lang='lat' dir='ltr'><strong>rependere</strong></span> 
     </span>
    </p>
   </div>
   <div class='ocr_carea' id='block_1_98' title="bbox 2158 4032 3824 4113">
    <p class='ocr_par' dir='ltr' id='par_1_98' title="bbox 2158 4032 3824 4113">
     <span class='ocr_line' id='line_1_98' title="bbox 2158 4032 3824 4113; baseline -0.006 -16"><span class='ocrx_word' id='word_1_687' title='bbox 2158 4039 2477 4113; x_wconf 90' lang='lat' dir='ltr'><strong>cupientis,</strong></span> <span class='ocrx_word' id='word_1_688' title='bbox 2510 4039 2665 4111; x_wconf 90' lang='lat' dir='ltr'><strong>quod</strong></span> <span class='ocrx_word' id='word_1_689' title='bbox 2699 4041 2924 4092; x_wconf 82' lang='lat' dir='ltr'><strong>veteres</strong></span> <span class='ocrx_word' id='word_1_690' title='bbox 2956 4033 3292 4107; x_wconf 89' lang='lat' dir='ltr'><strong>philosophi</strong></span> <span class='ocrx_word' id='word_1_691' title='bbox 3342 4034 3574 4089; x_wconf 86' lang='lat' dir='ltr'><strong>docent.</strong></span> <span class='ocrx_word' id='word_1_692' title='bbox 3631 4032 3824 4088; x_wconf 88' lang='lat' dir='ltr'><strong>Habe-</strong></span> 
     </span>
    </p>
   </div>
   <div class='ocr_carea' id='block_1_99' title="bbox 2157 4125 3827 4199">
    <p class='ocr_par' dir='ltr' id='par_1_99' title="bbox 2157 4125 3827 4199">
     <span class='ocr_line' id='line_1_99' title="bbox 2157 4125 3827 4199; baseline -0.006 -13"><span class='ocrx_word' id='word_1_693' title='bbox 2157 4135 2255 4186; x_wconf 89' lang='lat' dir='ltr'><strong>tur</strong></span> <span class='ocrx_word' id='word_1_694' title='bbox 2311 4129 2510 4186; x_wconf 89' lang='lat' dir='ltr'><strong>odium</strong></span> <span class='ocrx_word' id='word_1_695' title='bbox 2569 4126 2834 4199; x_wconf 80' lang='lat' dir='ltr'><strong>pertinax</strong></span> <span class='ocrx_word' id='word_1_696' title='bbox 2864 4125 2980 4197; x_wconf 70' lang='lat' dir='ltr'><strong>{ira</strong></span> <span class='ocrx_word' id='word_1_697' title='bbox 3012 4125 3279 4197; x_wconf 79' lang='lat' dir='ltr'><strong>quaedam</strong></span> <span class='ocrx_word' id='word_1_698' title='bbox 3312 4139 3688 4195; x_wconf 85' lang='lat' dir='ltr'><strong>permanens,</strong></span> <span class='ocrx_word' id='word_1_699' title='bbox 3722 4138 3827 4176; x_wconf 89' lang='lat' dir='ltr'><strong>ne-</strong></span> 
     </span>
    </p>
   </div>
   <div class='ocr_carea' id='block_1_100' title="bbox 2159 4209 3827 4290">
    <p class='ocr_par' dir='ltr' id='par_1_100' title="bbox 2159 4209 3827 4290">
     <span class='ocr_line' id='line_1_100' title="bbox 2159 4209 3827 4290; baseline -0.007 -14"><span class='ocrx_word' id='word_1_700' title='bbox 2159 4220 2494 4290; x_wconf 83' lang='lat' dir='ltr'><strong>fandusque</strong></span> <span class='ocrx_word' id='word_1_701' title='bbox 2544 4217 2708 4272; x_wconf 87' lang='lat' dir='ltr'><strong>furor</strong></span> <span class='ocrx_word' id='word_1_702' title='bbox 2765 4232 2880 4287; x_wconf 90' lang='lat' dir='ltr'><strong>quo</strong></span> <span class='ocrx_word' id='word_1_703' title='bbox 2940 4218 3312 4286; x_wconf 85' lang='lat' dir='ltr'><strong>exoptamus,</strong></span> <span class='ocrx_word' id='word_1_704' title='bbox 3362 4229 3478 4267; x_wconf 92' lang='lat' dir='ltr'><strong>non</strong></span> <span class='ocrx_word' id='word_1_705' title='bbox 3539 4211 3712 4266; x_wconf 90' lang='lat' dir='ltr'><strong>modo</strong></span> <span class='ocrx_word' id='word_1_706' title='bbox 3765 4209 3827 4265; x_wconf 90' lang='lat' dir='ltr'><strong>id</strong></span> 
     </span>
    </p>
   </div>
   <div class='ocr_carea' id='block_1_101' title="bbox 2159 4300 3827 4380">
    <p class='ocr_par' dir='ltr' id='par_1_101' title="bbox 2159 4300 3827 4380">
     <span class='ocr_line' id='line_1_101' title="bbox 2159 4300 3827 4380; baseline -0.006 -17"><span class='ocrx_word' id='word_1_707' title='bbox 2159 4307 2310 4380; x_wconf 90' lang='lat' dir='ltr'><strong>quod</strong></span> <span class='ocrx_word' id='word_1_708' title='bbox 2373 4306 2594 4360; x_wconf 90' lang='lat' dir='ltr'><strong>dictum</strong></span> <span class='ocrx_word' id='word_1_709' title='bbox 2655 4309 2762 4371; x_wconf 91' lang='lat' dir='ltr'><strong>est,</strong></span> <span class='ocrx_word' id='word_1_710' title='bbox 2816 4320 2922 4376; x_wconf 90' lang='lat' dir='ltr'><strong>par</strong></span> <span class='ocrx_word' id='word_1_711' title='bbox 2949 4302 3074 4374; x_wconf 87' lang='lat' dir='ltr'><strong>pari</strong></span> <span class='ocrx_word' id='word_1_712' title='bbox 3107 4301 3502 4371; x_wconf 88' lang='lat' dir='ltr'><strong>referendum,</strong></span> <span class='ocrx_word' id='word_1_713' title='bbox 3535 4300 3637 4354; x_wconf 88' lang='lat' dir='ltr'><strong>sed</strong></span> <span class='ocrx_word' id='word_1_714' title='bbox 3671 4315 3827 4355; x_wconf 87' lang='lat' dir='ltr'><strong>mor-</strong></span> 
     </span>
    </p>
   </div>
   <div class='ocr_carea' id='block_1_102' title="bbox 2160 4388 3828 4466">
    <p class='ocr_par' dir='ltr' id='par_1_102' title="bbox 2160 4388 3828 4466">
     <span class='ocr_line' id='line_1_102' title="bbox 2160 4388 3828 4466; baseline -0.005 -14"><span class='ocrx_word' id='word_1_715' title='bbox 2160 4401 2278 4453; x_wconf 91' lang='lat' dir='ltr'><strong>tem</strong></span> <span class='ocrx_word' id='word_1_716' title='bbox 2311 4395 2487 4451; x_wconf 90' lang='lat' dir='ltr'><strong>etiam</strong></span> <span class='ocrx_word' id='word_1_717' title='bbox 2517 4392 2976 4466; x_wconf 85' lang='lat' dir='ltr'><strong>implacabilem,</strong></span> <span class='ocrx_word' id='word_1_718' title='bbox 3010 4391 3068 4446; x_wconf 90' lang='lat' dir='ltr'><strong>in</strong></span> <span class='ocrx_word' id='word_1_719' title='bbox 3116 4408 3234 4464; x_wconf 92' lang='lat' dir='ltr'><strong>qua</strong></span> <span class='ocrx_word' id='word_1_720' title='bbox 3293 4390 3419 4446; x_wconf 88' lang='lat' dir='ltr'><strong>sola</strong></span> <span class='ocrx_word' id='word_1_721' title='bbox 3475 4388 3563 4444; x_wconf 88' lang='lat' dir='ltr'><strong>vir</strong></span> <span class='ocrx_word' id='word_1_722' title='bbox 3620 4389 3828 4444; x_wconf 87' lang='lat' dir='ltr'><strong>defun-</strong></span> 
     </span>
    </p>
   </div>
   <div class='ocr_carea' id='block_1_103' title="bbox 2162 4477 3830 4558">
    <p class='ocr_par' dir='ltr' id='par_1_103' title="bbox 2162 4477 3830 4558">
     <span class='ocr_line' id='line_1_103' title="bbox 2162 4477 3830 4558; baseline -0.005 -15"><span class='ocrx_word' id='word_1_723' title='bbox 2162 4492 2292 4543; x_wconf 89' lang='lat' dir='ltr'><strong>ctus</strong></span> <span class='ocrx_word' id='word_1_724' title='bbox 2323 4501 2627 4558; x_wconf 73' lang='lat' dir='ltr'><strong>pcsnarum</strong></span> <span class='ocrx_word' id='word_1_725' title='bbox 2661 4484 2839 4540; x_wconf 87' lang='lat' dir='ltr'><strong>finem</strong></span> <span class='ocrx_word' id='word_1_726' title='bbox 2869 4480 3300 4538; x_wconf 87' lang='lat' dir='ltr'><strong>inveniat.Cum</strong></span> <span class='ocrx_word' id='word_1_727' title='bbox 3333 4480 3514 4553; x_wconf 87' lang='lat' dir='ltr'><strong>igitur</strong></span> <span class='ocrx_word' id='word_1_728' title='bbox 3529 4477 3830 4550; x_wconf 89' lang='lat' dir='ltr'><strong>Sapricius</strong></span> 
     </span>
    </p>
   </div>
   <div class='ocr_carea' id='block_1_104' title="bbox 2160 4567 3832 4646">
    <p class='ocr_par' dir='ltr' id='par_1_104' title="bbox 2160 4567 3832 4646">
     <span class='ocr_line' id='line_1_104' title="bbox 2160 4567 3832 4646; baseline -0.004 -14"><span class='ocrx_word' id='word_1_729' title='bbox 2160 4575 2296 4633; x_wconf 88' lang='lat' dir='ltr'><strong>talis</strong></span> <span class='ocrx_word' id='word_1_730' title='bbox 2330 4592 2568 4646; x_wconf 87' lang='lat' dir='ltr'><strong>prorsus</strong></span> <span class='ocrx_word' id='word_1_731' title='bbox 2600 4573 2796 4629; x_wconf 89' lang='lat' dir='ltr'><strong>animo</strong></span> <span class='ocrx_word' id='word_1_732' title='bbox 2829 4571 3057 4629; x_wconf 81' lang='lat' dir='ltr'><strong>essetin</strong></span> <span class='ocrx_word' id='word_1_733' title='bbox 3077 4569 3390 4626; x_wconf 89' lang='lat' dir='ltr'><strong>amabilem</strong></span> <span class='ocrx_word' id='word_1_734' title='bbox 3425 4567 3832 4642; x_wconf 88' lang='lat' dir='ltr'><strong>Necephorum</strong></span> 
     </span>
    </p>
   </div>
   <div class='ocr_carea' id='block_1_105' title="bbox 2165 4657 3827 4739">
    <p class='ocr_par' dir='ltr' id='par_1_105' title="bbox 2165 4657 3827 4739">
     <span class='ocr_line' id='line_1_105' title="bbox 2165 4657 3827 4739; baseline -0.007 -17"><span class='ocrx_word' id='word_1_735' title='bbox 2165 4671 2337 4739; x_wconf 88' lang='lat' dir='ltr'><strong>atque</strong></span> <span class='ocrx_word' id='word_1_736' title='bbox 2364 4665 2516 4736; x_wconf 88' lang='lat' dir='ltr'><strong>apud</strong></span> <span class='ocrx_word' id='word_1_737' title='bbox 2553 4681 2614 4720; x_wconf 89' lang='lat' dir='ltr'><strong>se</strong></span> <span class='ocrx_word' id='word_1_738' title='bbox 2662 4663 2942 4720; x_wconf 89' lang='lat' dir='ltr'><strong>omnibus</strong></span> <span class='ocrx_word' id='word_1_739' title='bbox 2999 4660 3191 4716; x_wconf 92' lang='lat' dir='ltr'><strong>modis</strong></span> <span class='ocrx_word' id='word_1_740' title='bbox 3248 4657 3567 4715; x_wconf 89' lang='lat' dir='ltr'><strong>consilium</strong></span> <span class='ocrx_word' id='word_1_741' title='bbox 3628 4658 3827 4713; x_wconf 85' lang='lat' dir='ltr'><strong>ﬁrma-</strong></span> 
     </span>
    </p>
   </div>
   <div class='ocr_carea' id='block_1_106' title="bbox 2162 4747 3829 4824">
    <p class='ocr_par' dir='ltr' id='par_1_106' title="bbox 2162 4747 3829 4824">
     <span class='ocr_line' id='line_1_106' title="bbox 2162 4747 3829 4824; baseline -0.005 -14"><span class='ocrx_word' id='word_1_742' title='bbox 2162 4756 2345 4811; x_wconf 90' lang='lat' dir='ltr'><strong>visset</strong></span> <span class='ocrx_word' id='word_1_743' title='bbox 2369 4754 2636 4810; x_wconf 67' lang='lat' dir='ltr'><strong>fraternae</strong></span> <span class='ocrx_word' id='word_1_744' title='bbox 2668 4753 2929 4808; x_wconf 87' lang='lat' dir='ltr'><strong>caritatis</strong></span> <span class='ocrx_word' id='word_1_745' title='bbox 2961 4747 3539 4824; x_wconf 69' lang='lat' dir='ltr'><strong>projieiendzs,&#39;visus</strong></span> <span class='ocrx_word' id='word_1_746' title='bbox 3571 4751 3662 4804; x_wconf 89' lang='lat' dir='ltr'><strong>est</strong></span> <span class='ocrx_word' id='word_1_747' title='bbox 3683 4764 3829 4803; x_wconf 88' lang='lat' dir='ltr'><strong>con-</strong></span> 
     </span>
    </p>
   </div>
   <div class='ocr_carea' id='block_1_107' title="bbox 2162 4837 3830 4916">
    <p class='ocr_par' dir='ltr' id='par_1_107' title="bbox 2162 4837 3830 4916">
     <span class='ocr_line' id='line_1_107' title="bbox 2162 4837 3830 4916; baseline -0.005 -16"><span class='ocrx_word' id='word_1_748' title='bbox 2162 4845 2326 4901; x_wconf 90' lang='lat' dir='ltr'><strong>tinuo</strong></span> <span class='ocrx_word' id='word_1_749' title='bbox 2344 4847 2641 4916; x_wconf 82' lang='lat' dir='ltr'><strong>experiere</strong></span> <span class='ocrx_word' id='word_1_750' title='bbox 2659 4841 2947 4914; x_wconf 89' lang='lat' dir='ltr'><strong>quidquid</strong></span> <span class='ocrx_word' id='word_1_751' title='bbox 2967 4839 3063 4913; x_wconf 90' lang='lat' dir='ltr'><strong>pio</strong></span> <span class='ocrx_word' id='word_1_752' title='bbox 3081 4837 3405 4910; x_wconf 88' lang='lat' dir='ltr'><strong>Nicephoro</strong></span> <span class='ocrx_word' id='word_1_753' title='bbox 3420 4837 3659 4893; x_wconf 85' lang='lat' dir='ltr'><strong>noxium</strong></span> <span class='ocrx_word' id='word_1_754' title='bbox 3674 4840 3830 4893; x_wconf 86' lang='lat' dir='ltr'><strong>esset</strong></span> 
     </span>
    </p>
   </div>
   <div class='ocr_carea' id='block_1_108' title="bbox 2171 4928 3830 5006">
    <p class='ocr_par' dir='ltr' id='par_1_108' title="bbox 2171 4928 3830 5006">
     <span class='ocr_line' id='line_1_108' title="bbox 2171 4928 3830 5006; baseline -0.005 -14"><span class='ocrx_word' id='word_1_755' title='bbox 2171 4940 2347 5006; x_wconf 88' lang='lat' dir='ltr'><strong>atque</strong></span> <span class='ocrx_word' id='word_1_756' title='bbox 2377 4933 2556 4990; x_wconf 89' lang='lat' dir='ltr'><strong>etiam</strong></span> <span class='ocrx_word' id='word_1_757' title='bbox 2585 4931 2733 4990; x_wconf 91' lang='lat' dir='ltr'><strong>velle</strong></span> <span class='ocrx_word' id='word_1_758' title='bbox 2763 4947 2898 4989; x_wconf 89' lang='lat' dir='ltr'><strong>eum</strong></span> <span class='ocrx_word' id='word_1_759' title='bbox 2931 4947 3000 4988; x_wconf 84' lang='lat' dir='ltr'><strong>ex</strong></span> <span class='ocrx_word' id='word_1_760' title='bbox 3055 4928 3368 4985; x_wconf 88' lang='lat' dir='ltr'><strong>hominum</strong></span> <span class='ocrx_word' id='word_1_761' title='bbox 3426 4944 3672 4986; x_wconf 89' lang='lat' dir='ltr'><strong>numero</strong></span> <span class='ocrx_word' id='word_1_762' title='bbox 3729 4944 3830 4984; x_wconf 83' lang='lat' dir='ltr'><strong>se-</strong></span> 
     </span>
    </p>
   </div>
   <div class='ocr_carea' id='block_1_109' title="bbox 2169 5020 3826 5102">
    <p class='ocr_par' dir='ltr' id='par_1_109' title="bbox 2169 5020 3826 5102">
     <span class='ocr_line' id='line_1_109' title="bbox 2169 5020 3826 5102; baseline -0.006 -17"><span class='ocrx_word' id='word_1_763' title='bbox 2169 5031 2474 5102; x_wconf 85' lang='lat' dir='ltr'><strong>gregatum</strong></span> <span class='ocrx_word' id='word_1_764' title='bbox 2535 5043 2549 5083; x_wconf 89' lang='lat'><strong>:</strong></span> <span class='ocrx_word' id='word_1_765' title='bbox 2614 5042 2730 5084; x_wconf 90' lang='lat' dir='ltr'><strong>non</strong></span> <span class='ocrx_word' id='word_1_766' title='bbox 2789 5023 2942 5098; x_wconf 91' lang='lat' dir='ltr'><strong>quod</strong></span> <span class='ocrx_word' id='word_1_767' title='bbox 2979 5020 3124 5079; x_wconf 89' lang='lat' dir='ltr'><strong>nihil</strong></span> <span class='ocrx_word' id='word_1_768' title='bbox 3159 5020 3318 5077; x_wconf 87' lang='lat' dir='ltr'><strong>aliud</strong></span> <span class='ocrx_word' id='word_1_769' title='bbox 3350 5038 3527 5093; x_wconf 92' lang='lat' dir='ltr'><strong>quam</strong></span> <span class='ocrx_word' id='word_1_770' title='bbox 3561 5021 3779 5076; x_wconf 89' lang='lat' dir='ltr'><strong>diceret</strong></span> <span class='ocrx_word' id='word_1_771' title='bbox 3810 5035 3826 5075; x_wconf 89' lang='lat'><strong>:</strong></span> 
     </span>
    </p>
   </div>
   <div class='ocr_carea' id='block_1_110' title="bbox 2171 5108 3831 5188">
    <p class='ocr_par' dir='ltr' id='par_1_110' title="bbox 2171 5108 3831 5188">
     <span class='ocr_line' id='line_1_110' title="bbox 2171 5108 3831 5188; baseline -0.004 -14"><span class='ocrx_word' id='word_1_772' title='bbox 2171 5143 2199 5170; x_wconf 89' lang='lat'><strong>«</strong></span> <span class='ocrx_word' id='word_1_773' title='bbox 2231 5119 2473 5188; x_wconf 83' lang='lat' dir='ltr'><strong>Quando</strong></span> <span class='ocrx_word' id='word_1_774' title='bbox 2506 5117 2790 5174; x_wconf 88' lang='lat' dir='ltr'><strong>morietur</strong></span> <span class='ocrx_word' id='word_1_775' title='bbox 2818 5121 2873 5171; x_wconf 89' lang='lat' dir='ltr'><strong>et</strong></span> <span class='ocrx_word' id='word_1_776' title='bbox 2905 5114 3116 5187; x_wconf 90' lang='lat' dir='ltr'><strong>peribit</strong></span> <span class='ocrx_word' id='word_1_777' title='bbox 3149 5128 3360 5168; x_wconf 90' lang='lat' dir='ltr'><strong>nomen</strong></span> <span class='ocrx_word' id='word_1_778' title='bbox 3420 5108 3590 5182; x_wconf 85' lang='lat' dir='ltr'><strong>ejus?</strong></span> <span class='ocrx_word' id='word_1_779' title='bbox 3634 5131 3662 5160; x_wconf 84' lang='lat'>»</span> <span class='ocrx_word' id='word_1_780' title='bbox 3724 5109 3831 5167; x_wconf 89' lang='lat' dir='ltr'><strong>sed</strong></span> 
     </span>
    </p>
   </div>
   <div class='ocr_carea' id='block_1_111' title="bbox 2171 5199 3834 5281">
    <p class='ocr_par' dir='ltr' id='par_1_111' title="bbox 2171 5199 3834 5281">
     <span class='ocr_line' id='line_1_111' title="bbox 2171 5199 3834 5281; baseline -0.007 -16"><span class='ocrx_word' id='word_1_781' title='bbox 2171 5210 2326 5281; x_wconf 89' lang='lat' dir='ltr'><strong>quod</strong></span> <span class='ocrx_word' id='word_1_782' title='bbox 2385 5214 2441 5280; x_wconf 86' lang='lat' dir='ltr'><strong>et</strong></span> <span class='ocrx_word' id='word_1_783' title='bbox 2489 5206 2928 5264; x_wconf 86' lang='lat' dir='ltr'><strong>machinaretur</strong></span> <span class='ocrx_word' id='word_1_784' title='bbox 2984 5206 3318 5274; x_wconf 81' lang='lat' dir='ltr'><strong>exoptatam</strong></span> <span class='ocrx_word' id='word_1_785' title='bbox 3379 5199 3717 5272; x_wconf 88' lang='lat' dir='ltr'><strong>perniciem,</strong></span> <span class='ocrx_word' id='word_1_786' title='bbox 3775 5202 3834 5255; x_wconf 88' lang='lat' dir='ltr'><strong>et</strong></span> 
     </span>
    </p>
   </div>
   <div class='ocr_carea' id='block_1_112' title="bbox 2171 5289 3834 5362">
    <p class='ocr_par' dir='ltr' id='par_1_112' title="bbox 2171 5289 3834 5362">
     <span class='ocr_line' id='line_1_112' title="bbox 2171 5289 3834 5362; baseline -0.005 -8"><span class='ocrx_word' id='word_1_787' title='bbox 2171 5299 2366 5354; x_wconf 90' lang='lat' dir='ltr'><strong>animo</strong></span> <span class='ocrx_word' id='word_1_788' title='bbox 2422 5297 2858 5362; x_wconf 88' lang='lat' dir='ltr'><strong>incenderetur,</strong></span> <span class='ocrx_word' id='word_1_789' title='bbox 2918 5293 2968 5349; x_wconf 92' lang='lat' dir='ltr'><strong>si</strong></span> <span class='ocrx_word' id='word_1_790' title='bbox 3023 5292 3167 5347; x_wconf 81' lang='lat' dir='ltr'><strong>forte</strong></span> <span class='ocrx_word' id='word_1_791' title='bbox 3228 5290 3488 5344; x_wconf 88' lang='lat' dir='ltr'><strong>hiantem</strong></span> <span class='ocrx_word' id='word_1_792' title='bbox 3520 5289 3834 5361; x_wconf 74' lang='lat' dir='ltr'><strong>gurgitem</strong></span> 
     </span>
    </p>
   </div>
   <div class='ocr_carea' id='block_1_113' title="bbox 2171 5379 3832 5461">
    <p class='ocr_par' dir='ltr' id='par_1_113' title="bbox 2171 5379 3832 5461">
     <span class='ocr_line' id='line_1_113' title="bbox 2171 5379 3832 5461; baseline -0.006 -17"><span class='ocrx_word' id='word_1_793' title='bbox 2171 5387 2566 5461; x_wconf 84' lang='lat' dir='ltr'><strong>prospexisset</strong></span> <span class='ocrx_word' id='word_1_794' title='bbox 2596 5402 2710 5457; x_wconf 92' lang='lat' dir='ltr'><strong>quo</strong></span> <span class='ocrx_word' id='word_1_795' title='bbox 2753 5384 3046 5455; x_wconf 87' lang='lat' dir='ltr'><strong>dejectum</strong></span> <span class='ocrx_word' id='word_1_796' title='bbox 3106 5379 3410 5434; x_wconf 90' lang='lat' dir='ltr'><strong>inimicum</strong></span> <span class='ocrx_word' id='word_1_797' title='bbox 3469 5380 3832 5451; x_wconf 79' lang='lat' dir='ltr'><strong>reconderet,</strong></span> 
     </span>
    </p>
   </div>
   <div class='ocr_carea' id='block_1_114' title="bbox 2169 5468 3834 5545">
    <p class='ocr_par' dir='ltr' id='par_1_114' title="bbox 2169 5468 3834 5545">
     <span class='ocr_line' id='line_1_114' title="bbox 2169 5468 3834 5545; baseline -0.006 -11"><span class='ocrx_word' id='word_1_798' title='bbox 2169 5483 2227 5534; x_wconf 90' lang='lat' dir='ltr'><strong>et</strong></span> <span class='ocrx_word' id='word_1_799' title='bbox 2283 5482 2557 5534; x_wconf 56' lang='lat' dir='ltr'><strong>caeterum</strong></span> <span class='ocrx_word' id='word_1_800' title='bbox 2609 5475 2660 5530; x_wconf 88' lang='lat' dir='ltr'><strong>is</strong></span> <span class='ocrx_word' id='word_1_801' title='bbox 2692 5479 2848 5530; x_wconf 88' lang='lat' dir='ltr'><strong>esset</strong></span> <span class='ocrx_word' id='word_1_802' title='bbox 2879 5471 2979 5545; x_wconf 92' lang='lat' dir='ltr'><strong>qui</strong></span> <span class='ocrx_word' id='word_1_803' title='bbox 3013 5471 3136 5543; x_wconf 86' lang='lat' dir='ltr'><strong>ipse</strong></span> <span class='ocrx_word' id='word_1_804' title='bbox 3167 5469 3226 5523; x_wconf 92' lang='lat' dir='ltr'><strong>in</strong></span> <span class='ocrx_word' id='word_1_805' title='bbox 3259 5483 3393 5524; x_wconf 90' lang='lat' dir='ltr'><strong>eum</strong></span> <span class='ocrx_word' id='word_1_806' title='bbox 3424 5468 3710 5526; x_wconf 86' lang='lat' dir='ltr'><strong>violentas</strong></span> <span class='ocrx_word' id='word_1_807' title='bbox 3742 5469 3834 5524; x_wconf 82' lang='lat' dir='ltr'><strong>in-</strong></span> 
     </span>
    </p>
   </div>
   <div class='ocr_carea' id='block_1_115' title="bbox 2168 5559 3833 5636">
    <p class='ocr_par' dir='ltr' id='par_1_115' title="bbox 2168 5559 3833 5636">
     <span class='ocr_line' id='line_1_115' title="bbox 2168 5559 3833 5636; baseline -0.005 -14"><span class='ocrx_word' id='word_1_808' title='bbox 2168 5567 2344 5623; x_wconf 87' lang='lat' dir='ltr'><strong>ferret</strong></span> <span class='ocrx_word' id='word_1_809' title='bbox 2369 5565 2766 5636; x_wconf 89' lang='lat' dir='ltr'><strong>manus;quod</strong></span> <span class='ocrx_word' id='word_1_810' title='bbox 2793 5565 2917 5636; x_wconf 90' lang='lat' dir='ltr'><strong>jam</strong></span> <span class='ocrx_word' id='word_1_811' title='bbox 2943 5560 3170 5633; x_wconf 90' lang='lat' dir='ltr'><strong>pridem</strong></span> <span class='ocrx_word' id='word_1_812' title='bbox 3191 5559 3498 5631; x_wconf 85' lang='lat' dir='ltr'><strong>fecisset,si</strong></span> <span class='ocrx_word' id='word_1_813' title='bbox 3518 5560 3833 5632; x_wconf 89' lang='lat' dir='ltr'><strong>potuisset.</strong></span> 
     </span>
    </p>
   </div>
   <div class='ocr_carea' id='block_1_116' title="bbox 2168 5647 3828 5728">
    <p class='ocr_par' dir='ltr' id='par_1_116' title="bbox 2168 5647 3828 5728">
     <span class='ocr_line' id='line_1_116' title="bbox 2168 5647 3828 5728; baseline -0.004 -17"><span class='ocrx_word' id='word_1_814' title='bbox 2168 5660 2243 5712; x_wconf 84' lang='lat' dir='ltr'><strong>At</strong></span> <span class='ocrx_word' id='word_1_815' title='bbox 2272 5655 2550 5728; x_wconf 88' lang='lat' dir='ltr'><strong>quoniam</strong></span> <span class='ocrx_word' id='word_1_816' title='bbox 2591 5671 2709 5711; x_wconf 90' lang='lat' dir='ltr'><strong>non</strong></span> <span class='ocrx_word' id='word_1_817' title='bbox 2770 5655 3018 5726; x_wconf 88' lang='lat' dir='ltr'><strong>poterat,</strong></span> <span class='ocrx_word' id='word_1_818' title='bbox 3075 5647 3166 5705; x_wconf 89' lang='lat' dir='ltr'><strong>vel</strong></span> <span class='ocrx_word' id='word_1_819' title='bbox 3227 5649 3382 5722; x_wconf 90' lang='lat' dir='ltr'><strong>quod</strong></span> <span class='ocrx_word' id='word_1_820' title='bbox 3439 5649 3828 5723; x_wconf 89' lang='lat' dir='ltr'><strong>Nicephorus,</strong></span> 
     </span>
    </p>
   </div>
   <div class='ocr_carea' id='block_1_117' title="bbox 2167 5737 3829 5818">
    <p class='ocr_par' dir='ltr' id='par_1_117' title="bbox 2167 5737 3829 5818">
     <span class='ocr_line' id='line_1_117' title="bbox 2167 5737 3829 5818; baseline -0.005 -15"><span class='ocrx_word' id='word_1_821' title='bbox 2167 5744 2376 5804; x_wconf 63' lang='lat' dir='ltr'><strong>divinis</strong></span> <span class='ocrx_word' id='word_1_822' title='bbox 2429 5743 2592 5818; x_wconf 83' lang='lat' dir='ltr'><strong>pacis</strong></span> <span class='ocrx_word' id='word_1_823' title='bbox 2649 5759 2879 5814; x_wconf 86' lang='lat' dir='ltr'><strong>amans,</strong></span> <span class='ocrx_word' id='word_1_824' title='bbox 2935 5738 3169 5798; x_wconf 86' lang='lat' dir='ltr'><strong>viribus</strong></span> <span class='ocrx_word' id='word_1_825' title='bbox 3189 5742 3514 5814; x_wconf 62' lang='lat' dir='ltr'><strong>praestaret,</strong></span> <span class='ocrx_word' id='word_1_826' title='bbox 3557 5737 3647 5799; x_wconf 88' lang='lat' dir='ltr'><strong>vel</strong></span> <span class='ocrx_word' id='word_1_827' title='bbox 3677 5754 3829 5812; x_wconf 87' lang='lat' dir='ltr'><strong>quo-</strong></span> 
     </span>
    </p>
   </div>
  </div>
