4130 6360
313 359 427 419 567

1085 357 1511 420 EUSTATHII
1554 353 2323 418 THESSALONIGENSIS
2368 358 2955 419 METROPOLI'NE

3607 366 3729 426 568

299 492 471 552 facile
501 488 932 562 praztervolaret
952 489 1078 561 ejus
1109 489 1368 562 laqueos,
1393 490 1540 545 iram
1569 487 1866 561 Sapricius
1894 485 1954 543 in

2089 485 2335 560 ιτόμενον
2361 487 2414 544 έν
2462 485 2678 564 καρδίᾳ,
2724 487 2816 543 καὶ
2867 486 3124 544 ἐλάνθανε
3181 487 3327 566 τάχα
3377 489 3724 556 πάντας.Καὶ

305 583 476 638 corde
502 580 1100 651 reconditam,insciis
1133 580 1395 635 forsitam
1426 580 1960 646 omnibus,exerce-

307 671 715 735 hat.0uamvis
745 687 880 742 ergo
913 687 1025 742 pra:
1056 687 1117 724 se
1149 671 1294 724 feret
1322 669 1428 724 viri
1463 669 1649 724 sancti
1680 667 1960 740 speciem,

307 761 740 832 videreturque,
775 765 973 830 utpote
1004 776 1205 814 ramus
1235 777 1302 814 ex
1327 759 1532 814 arbore
1563 775 1835 831 surgens,
1859 758 1961 812 bo-

309 867 456 907 num
523 851 711 907 facere
778 851 1054 918 fructum,
1106 849 1353 920 ideoque
1402 847 1665 905 delectus
1707 853 1862 904 esset
1891 847 1962 902 ad

311 941 673 996 offerendum
703 939 819 995 Deo
851 937 1204 995 sacriﬁcium
1250 939 1727 1009 edocendamque
1775 936 1966 992 chari-

309 1033 518 1097 tatem,
571 1029 698 1100 ipse
753 1028 1132 1084 manifestum
1165 1028 1326 1084 dedit
1354 1045 1418 1084 se
1445 1044 1575 1084 esse
1605 1045 1722 1084 non
1753 1026 1966 1083 marci-

311 1120 454 1174 dum
484 1135 740 1189 ramum,
773 1118 876 1174 sed
905 1117 1226 1174 acanthum
1257 1117 1574 1174 infelicem.

379 1209 434 1264 6.
467 1211 611 1263 Cum
669 1207 850 1278 igitur
902 1207 1243 1263 istiusmodi
1302 1211 1457 1262 esset
1509 1205 1809 1279 Sapricius
1869 1204 1970 1278 qui

311 1296 551 1352 fratrem
584 1300 888 1368 tantopere
919 1295 1159 1365 odisset,
1181 1295 1281 1368 qui
1314 1295 1490 1351 vitam
1522 1296 1651 1368 ejus
1681 1299 1969 1368 quantum

311 1386 443 1440 odio
474 1386 688 1442 licebat
715 1385 1091 1457 opprimeret,
1136 1385 1236 1457 qui
1293 1385 1346 1440 ei
1401 1384 1610 1440 saltem
1664 1385 1970 1440 insidiare-

312 1478 428 1545 tur,
464 1475 684 1546 quique
732 1473 882 1530 elam
944 1473 1045 1529 Dei
1101 1474 1428 1530 ministerio
1484 1473 1776 1540 illuderet,
1837 1473 1971 1545 quis

314 1563 674 1619 existimabit
724 1568 904 1619 Deum
965 1563 1024 1617 in
1085 1579 1150 1618 eo
1204 1562 1582 1631 habitavisse,
1641 1580 1746 1618 nec
1775 1562 1971 1635 potius

317 1653 621 1709 diabolum
655 1653 811 1708 hunc
842 1669 945 1725 pro
978 1652 1150 1708 domo
1182 1650 1501 1708 habuisse?
1533 1653 1788 1708 Profecto
1839 1653 1973 1724 qui-

316 1742 404 1798 vis
460 1743 636 1799 homo
688 1760 842 1798 sanas
902 1741 1135 1812 mentis,
1194 1741 1245 1796 si
1293 1742 1447 1812 quod
1481 1743 1691 1798 attinet
1720 1743 1790 1798 ad
1818 1743 1972 1797 hunc

2072 574 2244 632 δοκῶν
2287 577 2346 633 ἐκ
2393 581 2491 634 τοῦ
2539 578 2984 654 προφαινομένου
3032 578 3178 655 ἱερὸς
3229 576 3516 656 ἅνθρωπος
3571 583 3726 654 εἶναι,

2070 667 2159 721 καὶ
2193 668 2270 730 εἰς
2301 664 2517 739 δένδρον
2547 666 2883 736 ἀνεστάσθαι,
2913 667 3050 723 κατᾶ
3073 669 3135 723 τὸ
3167 693 3196 721 ‹‹
3245 668 3438 726 ποιοῦν
3488 671 3657 728 καλὸν
3694 696 3724 726 ››

2071 752 2139 830 (ὥ
2168 757 2267 832 γὰρ
2300 758 2381 812 ὅτι
2412 757 2500 812 καὶ
2534 757 2610 820 είς
2645 756 2808 828 θύτην
2830 762 2910 830 τῷ
2937 762 3052 830 Θεῷ
3075 757 3367 836 ἐγέγραπτο
3398 763 3488 816 καί
3513 762 3727 838 ἀγάπης

2075 843 2420 921 διδάσκαλον)
2450 879 2519 890 --
2551 848 2578 902 6
2611 845 2666 902 δὲ
2697 847 2943 923 ἐξέφηνεν
2978 848 3165 904 ὶαυτὸν
3202 849 3332 906 ούδὶ
3376 851 3723 929 σαπροφόρον

2075 933 2304 1010 θάμνον,
2331 936 2478 991 ἀλλὰ
2523 933 2784 1013 δυςτυχὲς
2813 936 3082 1003 ἀκάνθιον.

2150 1205 2216 1270 ς’.
2258 1204 2510 1280 Τοιούτῳ
2556 1209 2687 1281 γοῦν
2737 1205 3033 1283 ἀνθρώπῳ,
3074 1207 3160 1262 καὶ
3215 1204 3358 1264 οὕτω
3411 1205 3734 1289 μισαδέλφῳ

2077 1294 2167 1350 καὶ
2201 1299 2405 1372 φονικῷ
2433 1295 2501 1350 τὰ
2531 1293 2584 1358 ἐς
2636 1294 2836 1372 ἔχθραν
2897 1298 3104 1372 ψυχῆς,
3151 1297 3242 1352 καὶ
3297 1293 3601 1373 έπιϐοόλῳ,
3641 1301 3732 1355 καὶ

2077 1384 2462 1454 καταπαίζοντι
2493 1383 2672 1463 κρύφα
2709 1391 2807 1454 τῆς
2856 1389 2958 1440 τοῦ
3007 1390 3141 1442 Θεοῦ
3178 1386 3482 1463 θεραπείας,
3541 1388 3624 1450 τίς
3671 1387 3732 1443 ἃν

2080 1472 2323 1544 οἷ’ήσεται
2351 1474 2446 1528 τὸν
2475 1473 2603 1528 Θεὸν
2634 1472 2991 1548 ἐγκατοικεῖν,
3018 1474 3107 1530 καὶ
3138 1477 3214 1548 μή
3257 1474 3518 1550 δαίμονος
3570 1477 3732 1549 οἰκη-

2076 1565 2268 1639 τήριον
2314 1562 2449 1618 εἶναι
2501 1563 2701 1632 αύτόν;
2751 1566 2820 1618 ’Ἠ
2877 1563 3091 1626 πάντως
3121 1562 3298 1628 οὐδεὶς
3329 1566 3576 1645 ἐχέφρων
3632 1565 3734 1622 ἀλ-

2081 1650 2235 1706 λοῖόν
2266 1673 2317 1706 τι
2351 1652 2474 1728 περὶ
2502 1657 2600 1707 τοῦ
2628 1651 2883 1707 τοιούτου
2919 1653 3218 1728 Σαπρικίου
3250 1653 3542 1731 λογιεῖται,
3593 1656 3731 1732 πρὸς

2083 1736 2356 1816 ἀκρίϐειαν
2437 1740 2846 1815 διανοούμενος,
2924 1745 3132 1820 μακρὰν
3210 1744 3317 1799 ἀπὸ
3387 1744 3733 1822 ἁμαρτωλῶν

318 1831 645 1904 Sapricium
701 1831 1012 1903 diligenter
1064 1831 1452 1903 perpenderit,
1487 1831 1566 1887 ita
1597 1831 1828 1902 colliget
1861 1850 1873 1900 ;
1910 1835 1974 1886 ut

2089 1830 2262 1903 ὥσπερ
2293 1832 2393 1901 τήν
2421 1835 2516 1886 τοῦ
2547 1836 2681 1886 Θεοῦ
2729 1832 3018 1909 σωτηρίαν,
3053 1832 3196 1888 οὕτω
3225 1834 3315 1888 καὶ
3383 1834 3542 1890 αύτὸν
3602 1834 3739 1890 έκεῖ-

316 1920 522 1995 procul
555 1938 588 1976 a
618 1921 1024 1994 peccatoribus
1055 1919 1222 1976 abest
1252 1919 1354 1976 Dei
1385 1920 1569 1990 salus,
1624 1921 1706 1976 sic
1765 1921 1970 1977 abesse

2089 1941 2168 1974 νον
2219 1920 2368 1990 εἶναι,
2403 1920 2446 1974 εἰ
2477 1917 2782 1982 καὶᾶλλως
2830 1926 3108 1997 πανταχοῦ
3159 1923 3405 1996 πάρεστι.
3460 1925 3552 1979 Διὸ
3602 1945 3735 1996 νοη-

317 2016 374 2067 et
427 2010 626 2083 ipsum
661 2009 870 2079 Deum,
903 2025 1238 2080 quanquam
1270 2013 1545 2064 caeterum
1578 2010 1795 2082 ubique
1827 2028 1973 2083 prae-

314 2105 566 2157 sentem.
598 2099 846 2154 Proinde
877 2102 1070 2154 ratum
1103 2097 1428 2154 habeamus
1460 2115 1566 2155 nec
1624 2099 1810 2156 Deum
1868 2100 1972 2156 Sa-

317 2188 569 2260 pricium
626 2187 974 2258 martyrium
1025 2187 1326 2243 ineuntem
1359 2187 1676 2258 adjuvisse,
1710 2205 1816 2244 nec
1845 2189 1974 2260 ejus

320 2278 569 2347 gratiam
600 2277 651 2332 ei
683 2276 1046 2349 praaluxisse,
1100 2293 1207 2333 nec
1255 2281 1369 2332 Deo
1428 2281 1732 2349 acceptum
1792 2278 1976 2334 fuisse

317 2366 562 2439 Sapricii
592 2370 910 2422 certamen.
933 2366 1134 2422 Fiebat
1162 2365 1318 2422 enim
1352 2370 1417 2420 ut
1447 2367 1548 2438 qui
1579 2384 1758 2439 prope
1789 2367 1973 2423 Deum

321 2457 561 2512 stabant
617 2456 738 2510 haec
791 2455 862 2510 ab
919 2456 1046 2526 ejus
1101 2472 1200 2511 ore
1257 2455 1536 2512 distincta
1587 2456 1975 2528 exciperent:

326 2566 356 2597 «
415 2546 515 2600 Hic
574 2544 750 2600 homo
800 2561 892 2600 me
923 2545 1103 2600 labris
1133 2549 1364 2600 tantum
1398 2545 1556 2614 colit,
1593 2547 1692 2602 sed
1724 2563 1822 2601 cor
1851 2547 1979 2618 ejus

325 2634 498 2707 longe
529 2640 618 2690 est
647 2651 680 2688 a
712 2649 803 2689 me
835 2635 876 2689 ³.
907 2652 931 2682 ιι
970 2635 1119 2705 Ergo
1168 2634 1488 2705 Sapricius,
1549 2635 1649 2706 qui
1707 2635 1808 2690 uni
1866 2636 1981 2692 sibi

324 2724 580 2792 vivebat,
634 2723 733 2795 qui
791 2740 976 2778 unum
1027 2723 1267 2794 quidem
1301 2739 1384 2791 se,
1420 2729 1762 2780 non-autem
1800 2730 1978 2780 Deum

325 2813 646 2886 diligebatf,
707 2813 780 2868 ob
837 2812 893 2867 id
953 2812 1149 2884 ipsum
1208 2813 1441 2869 carnale
1498 2814 1745 2885 quodvis
1793 2815 1982 2871 factus

323 2907 412 2959 est
441 2902 780 2974 animalque
812 2919 990 2957 sensu
1022 2917 1327 2973 carens,ne
1357 2903 1690 2975 gregarium
1717 2904 1980 2976 quidem,

324 2992 427 3048 sed
459 2991 606 3064 ipsis
639 2991 805 3062 pejus
850 2990 1157 3063 gregariis,
1213 2996 1413 3063 utpote
1469 3009 1585 3048 non
1645 2994 1982 3050 mansuefa-

325 3086 524 3149 ctum;
584 3081 803 3153 quippe
833 3097 903 3136 ex
933 3097 1047 3152 quo
1079 3080 1124 3135 si
1156 3095 1375 3136 cornua
1407 3082 1692 3138 miraculo
1724 3085 1982 3154 quodam

325 3187 624 3243 unguesve
653 3170 867 3225 adunci
925 3169 1260 3241 exivissent,
1323 3175 1564 3242 paratus
1620 3173 1828 3228 fuisset
1883 3190 1982 3229 eos

325 3259 735 3333 impingere‘in
769 3264 1172 3315 occurrentem
1205 3259 1508 3315 inimicum
1569 3261 1981 3334 Nicephorum,

327 3365 502 3421 quem
555 3348 899 3404 dilaceraret
946 3353 1048 3405 aut
1076 3353 1322 3415 voraret,
1356 3354 1431 3420 et,
1465 3349 1515 3405 si
1546 3367 1680 3406 cum
1713 3352 1858 3408 forte
1889 3369 1985 3408 so-

325 3437 451 3495 lum
480 3435 824 3505 invenisset,
857 3451 996 3491 ense
1036 3437 1240 3492 stricto
1298 3437 1468 3492 morti
1527 3439 1778 3494 tradere.
1839 3439 1982 3495 Cum

331 3529 526 3580 autem
561 3524 706 3578 vidit
762 3524 920 3579 hunc
970 3541 1142 3596 quem
1201 3526 1403 3581 oderat
1463 3527 1695 3582 beatum
1749 3529 1819 3583 ad
1881 3531 1983 3584 bo-

331 3628 475 3667 num
532 3611 707 3667 ﬁnem
739 3611 970 3683 abduci,
1003 3617 1060 3668 et
1089 3615 1352 3685 suspexit
1379 3631 1550 3670 enses
1581 3616 1854 3683 nudatos,
1885 3634 1984 3672 vo-

329 3700 463 3771 luit,
495 3704 562 3756 ut
591 3717 725 3755 eum
756 3700 892 3756 inde
939 3701 1234 3768 avelleret,
1288 3703 1525 3775 propria
1581 3721 1759 3760 manu
1819 3723 1984 3762 arma

329 3790 478 3846 ferre
535 3789 818 3845 adversus
864 3789 1030 3846 illum
1063 3808 1195 3848 vere
1224 3792 1616 3864 Nicephorum
1649 3794 1775 3866 ipse
1806 3794 1983 3851 homo

329 3877 784 3950 abjectissimus,
817 3880 1100 3936 adversus
1152 3887 1527 3938 mansuetam
1587 3887 1760 3954 atque
1812 3885 1983 3940 inno-

329 3983 500 4023 cuam
533 3984 695 4023 ovem
727 3968 853 4040 ipse
884 3968 1216 4025 ferissimus
1247 3969 1446 4043 lupus,
1478 3972 1760 4029 adversus
1793 3974 1981 4030 virum

331 4059 444 4113 Deo
476 4057 906 4114 amicissimum
938 4059 1066 4130 ipse
1117 4063 1230 4114 Deo
1279 4077 1522 4132 prorsus
1580 4062 1827 4134 invisus,
1878 4065 1984 4120 ad-

326 4163 533 4202 versus
588 4145 1114 4219 diligentissimum
1148 4147 1398 4204 fratrum
1429 4150 1671 4206 Abelem
1705 4151 1832 4223 ipse
1857 4169 1984 4209 om-

327 4236 467 4292 nino
497 4235 875 4292 exsecrabilis
904 4235 1141 4292 Cainus.
1175 4237 1319 4294 Cum
1360 4244 1555 4295 autem
1615 4257 1730 4296 non
1789 4245 1989 4312 posset

325 4343 636 4398 percussor
678 4325 805 4398 ipse
837 4326 983 4394 ﬁeri;
1017 4328 1089 4382 ad
1121 4329 1380 4400 pessima
1409 4345 1723 4386 conversus
1754 4330 1839 4385 sic
1869 4332 1988 4386 fere

326 4415 652 4487 Nicephoro
679 4415 1037 4487 imprecatus
1069 4422 1160 4472 est
1218 4434 1232 4471 :
1293 4440 1321 4467 ‹‹
1377 4417 1481 4472 Ηίο
1537 4419 1697 4486 ades,
1759 4420 1985 4475 daemon

323 4503 779 4571 homicidarum,
811 4504 1049 4560 nomine
1075 4505 1250 4560 amici
1281 4505 1365 4560 tui
1397 4505 1663 4577 Sapricii,
1725 4511 1784 4561 et
1835 4506 1984 4564 clam

2077 2009 2220 2081 τέον,
2255 2009 2329 2072 ὡς
2373 2009 2484 2079 καὶ,
2535 2009 2623 2064 ὅτε
2667 2011 2766 2079 τῆς
2812 2011 3108 2087 μαρτυρίας
3156 2013 3184 2067 6
3217 2014 3517 2088 Σαπρίκιος
3574 2013 3739 2089 ἑνήρ-

2082 2098 2229 2170 ξατο,
2261 2097 2359 2152 οὐκ
2382 2097 2449 2167 ἧν
2482 2101 2593 2171 μετ’
2625 2097 2790 2153 αὐτοῦ
2821 2100 2850 2154 6
2880 2100 3031 2173 Θεὸς,
3091 2097 3216 2156 οὐδὲ
3245 2104 3280 2172 ἡ
3315 2101 3522 2158 ἐκείνου
3571 2105 3740 2180 χάρις

2083 2187 2230 2261 αὐτῷ
2254 2186 2582 2261 ἀνέλαμπεν,
2613 2185 2738 2243 οὐδὲ
2785 2187 3081 2265 ἀπεδέχετο
3132 2191 3222 2246 τὸν
3275 2190 3480 2248 ἐκείνου
3535 2193 3739 2269 ἀγῶναο

2083 2279 2150 2347 ἦν
2207 2275 2264 2332 δὶ
2292 2277 2420 2340 τοὺς
2452 2277 2770 2353 ἐγγίζοντας
2794 2283 2874 2351 τῷ
2903 2283 3022 2352 Θεῷ
3054 2279 3268 2335 ἀκούειν
3305 2280 3355 2353 έξ
3387 2281 3554 2337 αὐτοῦ
3605 2281 3744 2338 ἐκεί-

2085 2388 2180 2422 νου
2211 2365 2694 2434 ἀποκαλυπτικῶς,
2749 2367 2830 2422 ὅτι
2891 2392 2920 2420 ‹‹
2952 2369 3013 2426 Ὁ
3061 2367 3348 2445 ἅνθρωπος
3408 2372 3566 2434 οὗτος
3626 2378 3746 2436 τοῖς

2087 2456 2300 2532 χείλεσί
2353 2477 2419 2529 με
2464 2460 2618 2530 τιμᾷ,
2653 2458 2688 2526 ἡ
2717 2453 2775 2510 δὲ
2824 2454 3023 2532 καρδία
3079 2458 3242 2513 αὐτοῦ
3282 2458 3473 2535 πορῥω
3504 2461 3741 2538 ἀφέστη-

2087 2567 2176 2600 κεν
2212 2545 2300 2600 ἀπ’
2332 2544 2493 2618 ἐμοῦ.
2532 2544 2695 2602 »Καὶ
2741 2546 2922 2601 τοίνυν
2970 2547 3278 2621 καταμόνας
3335 2549 3620 2626 ἄνθρωπος
3666 2549 3743 2606 ὢν

2091 2635 2118 2689 ὁ
2153 2640 2473 2710 Σαπρικιος,
2499 2634 2591 2690 καὶ
2619 2633 2898 2712 φίλαυτος,
2968 2636 3029 2690 ού
3066 2638 3176 2710 μὴν
3227 2635 3507 2714 φιλόθεος,
3553 2642 3643 2696 καὶ
3674 2639 3746 2696 δι’

2089 2721 2220 2777 αὐτὸ
2249 2723 2375 2798 σὰρξ
2405 2725 2440 2792 ἡ
2489 2727 2752 2799 τυχοῦσα,
2801 2723 2890 2779 καὶ
2941 2723 3231 2801 ἀλόγιστον
3285 2731 3424 2797 ζῶον
3479 2729 3568 2784 καὶ
3621 2729 3746 2786 οὐδὲ

2091 2808 2366 2887 ἀγελαῖον,
2424 2817 2610 2887 χεῖρον
2670 2809 2728 2866 δέ
2751 2833 2804 2866 τι
2834 2811 2924 2868 καὶ
2951 2817 3058 2868 τῶν
3091 2813 3354 2870 τοιούτων
3389 2813 3480 2872 διὰ
3507 2818 3572 2873 τὸ
3622 2818 3754 2890 ἀνή-

2097 2919 2282 2974 μερον,
2345 2899 2580 2973 ἑτοίμως
2655 2901 2822 2977 εἶχεν,
2891 2899 3040 2979 εἷ’περ
3100 2901 3260 2979 κέρας
3325 2903 3546 2983 ἐκφύσει
3600 2929 3754 2982 τερα-

2095 2989 2283 3060 στίως,
2340 2989 2376 3058 ἢ
2434 2990 2760 3064 γαμψωθείη
2819 2990 2948 3054 τοὺς
3005 2991 3244 3069 ὄνυχας,
3304 2993 3582 3061 ἐπιθέσθαι
3637 3018 3749 3052 πα-

2096 3078 2384 3153 ραπεσόντι
2437 3083 2514 3150 τῷ
2571 3077 2754 3155 ἰχθρῷ
2806 3079 3111 3158 Νικηφόρῳ
3175 3083 3264 3138 καὶ
3345 3083 3600 3164 ἐμφῦναι,
3677 3087 3755 3148 ὡς

2098 3164 2454 3242 διασπαράξαι
2512 3166 2694 3239 αὐτὸν,
2747 3169 2783 3238 ἢ
2836 3175 3183 3246 καταφαγεῖν,
3242 3173 3330 3227 καὶ
3387 3173 3534 3250 ξίφος
3583 3171 3640 3228 δὲ
3691 3171 3750 3227 εἷ’

2095 3277 2201 3311 που
2253 3257 2638 3332 χαρισάμενος
2693 3255 3034 3332 έρημάζοντα
3091 3261 3293 3316 ἐκεῖνον
3350 3261 3474 3337 εὕρῃ
3503 3305 3516 3330 ,
3573 3282 3744 3316 κατα-

2093 3351 2340 3422 σφαγεῖν.
2393 3346 2480 3407 Ὠς
2511 3343 2577 3414 δὴ
2610 3345 2960 3421 ἀπαγόμενον
2993 3345 3046 3409 ἐς
3080 3348 3275 3424 ἀγαθὰν
3302 3347 3459 3413 τέλος
3493 3348 3599 3406 εἶδε
3648 3351 3744 3407 τὸν

2098 3433 2450 3507 μισούμενον,
2482 3429 2744 3508 ἀνέϐλεψε
2775 3432 2832 3490 δὲ
2878 3435 2966 3490 καὶ
3017 3436 3093 3500 εἷς
3143 3439 3269 3517 ξίφη
3323 3441 3518 3516 γυμνὰ,
3576 3438 3746 3510 ἤθελε

2099 3525 2192 3597 μὲν
2255 3521 2539 3598 ἁρπάγδην
2589 3523 2786 3578 ἐκεῖθεν
2865 3525 3124 3602 αὐτόχειρ
3178 3527 3560 3606 ὁπλοφορῆσαι
3608 3530 3747 3585 κατᾶ

2091 3619 2189 3668 τοῦ
2219 3613 2553 3692 φερωνύμως
2611 3613 2928 3691 Νικηφόρου
2967 3617 2994 3670 6
3033 3616 3430 3693 ἀγεννέστατος,
3487 3620 3620 3675 κατὰ
3648 3623 3747 3675 τοῦ

2093 3705 2424 3779 χειροήθους
2473 3703 2572 3771 τήν
2619 3701 2841 3758 ἀκακίαν
2911 3703 3101 3760 κτίλου
3143 3707 3170 3761 6
3234 3706 3562 3780 μονόλυκος,
3612 3709 3751 3764 κατὰ

2091 3796 2188 3848 τοῦ
2220 3789 2558 3870 φιλαδέλφου
2608 3787 2780 3848 ’Ἅϐελ
2833 3793 2862 3847 6
2904 3793 3260 3868 παμμίσητος
3314 3798 3470 3852 Κάῖν.
3518 3799 3645 3856 Ὃτε
3692 3795 3753 3852 δὲ

2095 3883 2194 3936 ούκ
2245 3881 2389 3956 εἶχεν
2466 3879 2724 3951 αὐθέντης
2799 3883 3052 3962 γενέσθαι.
3106 3884 3284 3958 αὐτὸς,
3339 3887 3590 3960 τρέπεται
3649 3889 3750 3957 τὴν

2093 3969 2398 4045 χειρίστην,
2447 3969 2535 4024 καὶ
2585 3969 2660 4033 ὡς
2709 3970 2820 4024 οἶον
2865 3968 3307 4047 έπαρασάμενος’
3359 3999 3388 4027 ‹‹
3437 3980 3604 4052 Δεῦρο
3655 3973 3750 4050 δὴ,

2096 4056 2140 4112 ὦ
2173 4057 2325 4136 φόνιε
2383 4055 2598 4131 δαῖμον,
2657 4059 2794 4133 πρὸς
2842 4064 2940 4114 τοῦ
2989 4058 3153 4138 φίλου
3187 4064 3490 4139 Σαπρικίου
3525 4065 3758 4141 γενόμε-

2093 4168 2206 4221 νος,
2272 4147 2494 4218 ὑπέξελε
2548 4146 2609 4201 τὸ
2664 4155 2766 4218 τῆς
2824 4149 3112 4228 Θεοφιλοὺς
3171 4151 3389 4227 ἀγάπης
3420 4154 3740 4230 Νικηφόρον

2093 4241 2190 4291 τοῦ
2249 4240 2366 4311 ζῇν·
2417 4237 2490 4300 ὡς
2541 4234 2600 4290 ἂν
2665 4238 2828 4305 μάθοι
2886 4237 2985 4293 οὐκ
3012 4235 3272 4294 ἀδύνατον
3302 4240 3439 4297 εἶναί
3469 4263 3528 4298 σε
3581 4264 3751 4298 κακο-

2095 4330 2292 4395 ποιεῖν,
2354 4325 2428 4388 ὡς
2482 4322 2767 4399 ψεύδεσθαι
2811 4325 2904 4382 τὸν
2951 4326 3279 4404 ἀρχέκακον.
3327 4354 3355 4382 »
3408 4330 3584 4396 Αὐτὸς
3645 4332 3740 4405 μὲν

2096 4414 2306 4494 ἀφίεται
2373 4413 2618 4490 θεράπων
2687 4413 2929 4492 γενέσθαι
2995 4417 3256 4495 τυράννου
3330 4416 3750 4495 δεδουλωμένοι)

2094 4509 2172 4576 τῷ
2205 4502 2445 4576 δαίμονι,
2477 4503 2569 4559 τὸν
2605 4501 2662 4560 δὲ
2685 4507 3131 4583 νικηφορήσαντα
3187 4509 3303 4566 κατ’
3340 4509 3548 4588 ἀμφοῖν
3583 4532 3753 4588 παρα·

323 4591 511 4649 exime
566 4592 684 4648 vita
727 4591 886 4648 hunc
914 4591 1309 4664 Nicephorum
1335 4593 1429 4648 cui
1461 4594 1640 4650 cessit
1671 4595 1868 4667 palma
1896 4597 1976 4653 di-

2096 4593 2300 4668 πέμπει
2354 4591 2712 4669 ἀντάλλαγμα
2761 4592 3052 4669 κερδαλέον
3104 4601 3186 4670 τῷ
3240 4587 3452 4654 πάντων
3511 4587 3751 4676 βασιλεῖ,

324 4681 485 4738 lectae
517 4687 629 4738 Deo
660 4680 992 4749 charitatis,
1024 4685 1088 4736 ut
1115 4682 1264 4737 sciat
1295 4688 1348 4737 te
1380 4699 1496 4738 non
1547 4698 1675 4740 esse
1723 4688 1984 4744 nocendo

2097 4683 2341 4740 οἷ’κέτονυ
2397 4681 2607 4762 φαύλου
2671 4685 2912 4761 χρηστὸν
2976 4684 3286 4762 ἀντίσηκον,
3338 4687 3598 4761 ἀλήθειαν
3633 4691 3753 4748 ἀντὶ

321 4769 632 4842 imparem,
694 4771 797 4841 qui
854 4769 916 4824 in
961 4769 1304 4841 decipienda
1336 4771 1608 4844 princeps
1641 4772 1744 4831 sis.
1778 4795 1806 4825 »
1837 4775 1976 4833 Hinc

2097 4774 2455 4847 ὑποκρίσεως,
2517 4774 2704 4853 φιλίας
2752 4777 3025 4855 τρόφιμον
3083 4778 3203 4835 ἀντὶ
3263 4781 3494 4854 θρεπτοῦ
3550 4786 3622 4859 τῇ
3659 4783 3755 4860 ἐχ-

323 4876 539 4933 passus
568 4864 658 4916 est
688 4876 751 4916 se
797 4858 1037 4929 quidem
1099 4874 1333 4914 servum
1394 4860 1519 4916 ﬂeri
1575 4865 1824 4935 tyranno
1882 4866 1976 4938 qui

2094 4866 2214 4940 Θρᾳ,
2249 4862 2456 4920 ἁπλοῦν
2490 4864 2607 4921 ἀντὶ
2661 4861 2902 4937 έλικτοῦ,
2963 4869 3222 4946 φωτεινὸν
3275 4869 3389 4925 ἀντὶ
3447 4858 3751 4946 σκοτεινοῦ,

322 4949 449 5022 ipse
503 4954 722 5006 satanas
776 4947 1154 5018 inserviebat,
1213 4948 1606 5021 Nicephorum
1668 4958 1866 5010 autem
1913 4956 1976 5012 de

2095 4951 2328 5033 ἀδελφὸν
2356 4955 2419 5009 οὗ
2456 4953 2588 5028 μετᾶ
2621 4951 2788 5009 δόλου
2823 4951 3062 5013 λαϐόντα
3113 4958 3369 5035 εὐλογίαν
3428 4957 3752 5041 ἀδελφικὴν,

324 5039 553 5095 duobus
585 5035 1044 5106 triumphantem
1068 5036 1224 5092 mitti
1242 5039 1313 5093 ad
1333 5055 1531 5112 regem
1551 5041 1976 5112 universorum,

2094 5041 2240 5100 ἀλλὰ
2269 5044 2404 5117 πρὸς
2439 5043 2694 5121 μεγίστην
2729 5044 3013 5121 θεραπείαν
3038 5048 3242 5124 πατρὸς
3273 5047 3362 5105 καὶ
3421 5035 3751 5130 ἀντέλλογοι)

324 5127 417 5184 cui
449 5128 856 5195 compensaret
886 5124 1134 5181 incolam
1169 5143 1272 5198 pro
1303 5129 1618 5187 deterrimo
1669 5132 1982 5203 optimum,
2097 5130 2326 5189 δίκαιον.

323 5237 428 5293 pro
458 5216 1036 5306 versutosincerum,
1071 5235 1174 5290 pro
1204 5219 1429 5276 fovente
1459 5222 1660 5279 odium
1695 5225 2000 5282 charitatis
2031 5230 2350 5294 amantem,
2386 5242 2488 5298 pro
2540 5227 2812 5300 perplexo
2870 5228 3224 5302 simplicem,
3283 5248 3388 5306 pro
3445 5233 3742 5290 tenebroso

323 5308 655 5375 lucentem;
690 5305 925 5362 fratrem
959 5307 1210 5380 denique
1240 5310 1340 5380 qui
1373 5311 1698 5368 fraternum
1730 5330 1938 5370 nomen
1975 5316 2118 5372 adeo
2151 5334 2267 5373 non
2296 5331 2399 5389 per
2428 5315 2595 5374 dolos
2617 5323 2902 5392 carperet,
2935 5323 3000 5374 ut
3027 5325 3250 5391 contra,
3283 5305 3462 5394 quam
3504 5319 3748 5379 maxime

322 5413 546 5471 pronus
596 5395 654 5451 in
688 5395 1039 5469 obsequium
1071 5397 1276 5470 patris,
1303 5399 1625 5457 maledicos
1657 5402 1834 5458 etiam
1868 5404 2213 5463 confutaret.

393 5488 450 5543 7.
476 5487 743 5560 Oportuit
771 5503 909 5561 ergo
935 5487 1094 5546 hunc
1124 5489 1317 5548 virum
1349 5490 1452 5563 qui
1472 5507 1601 5550 sese
1631 5492 1950 5566 myrrhinis

2167 5496 2226 5565 ζ’.
2259 5494 2466 5572 Ἐχρῆν
2501 5490 2559 5550 δὲ
2608 5492 2713 5572 ἄρα
2755 5495 2847 5554 τὸν
2901 5495 2978 5561 είς
3030 5500 3333 5578 μυρεψικὴν
3386 5499 3568 5576 ὀδμὴν
3613 5499 3756 5578 πρὸς

399 5708 562 5764 Msa.
593 5719 670 5778 v1,
699 5705 767 5781 5;
798 5705 1005 5771 Matth.
1035 5725 1130 5783 xv,
1162 5708 1218 5770 8.
