4130 6424
411 367 534 429 569

1443 372 1525 434 IN
1569 373 1634 433 S.
1683 370 2372 444 QUADBAGESIMAM
2417 372 2710 434 ORATIO
2750 372 2800 433 Ι.

3711 377 3835 438 570

409 498 576 575 χάριν
649 503 785 556 Θεοῦ
857 499 1185 558 σκευάσαντα
1235 501 1422 558 ἑαυτὸν
1488 509 1922 580 προσενεχθῆναι
1986 506 2055 576 τῷ

2179 505 2458 562 odoribus
2488 508 2797 562 ornaverat
2816 507 2882 560 ut
2899 509 3011 560 Deo
3044 504 3315 577 placeret,
3338 505 3500 563 evehi
3522 505 3595 562 ad
3620 506 3831 578 Deum,

411 594 530 661 Θεῷ
585 593 1061 666 προτετιμημένον
1121 589 1502 671 δυσαποφόρου
1557 598 1763 670 σαπρᾶς
1820 613 2066 668 προσφο-

411 684 529 756 ρᾶς,
559 679 652 734 καὶ
694 680 788 736 τὸν
835 682 930 755 μὲν
983 682 1278 759 κρυψίνουν
1339 682 1426 739 ἐπὶ
1505 683 1606 739 οὐκ
1657 682 1876 760 ἀγαθοῖς
1929 682 2063 737 ἀπό-

411 763 620 840 ϐλητον
673 766 994 842 διεκπεσεῖν,
1044 774 1370 848 προτεθῆναι
1422 771 1479 828 δὶ
1536 772 1741 829 ἰκείνου
1805 774 1894 827 τὸν
1955 771 2068 827 ἐνα-

412 860 582 936 ρὲτως
615 857 1089 919 ἀκατακάλυπτον.
1121 861 1186 919 Ei’
1245 860 1304 918 δὲ
1359 862 1450 918 καὶ
1505 862 1574 919 τὰ
1628 863 1790 937 μωρὰ
1843 865 1940 917 τοῦ
1973 861 2063 917 κό-

412 969 553 1022 σμου
583 947 859 1021 ἐπίλεκτα,
893 950 967 1014 ὡς
998 950 1290 1026 ἐμάθομεν,
1322 951 1469 1028 παρὰ
1495 957 1574 1026 τῷ
1612 953 1873 1027 πανσόφῳ
1925 955 2062 1024 Θεῷ,

413 1042 532 1102 πῶς
565 1040 639 1109 μὴ
671 1038 801 1116 οὐχὶ
829 1039 922 1096 τὸν
955 1042 1221 1120 φρόνιμον
1253 1039 1306 1098 ἐν
1347 1044 1567 1119 Χριστῷ
1617 1036 1912 1099 ἀνελάϐετο
1965 1041 2063 1098 αὐ-

411 1129 504 1192 τὸς
534 1127 736 1192 ἐκεῖνος
785 1130 1214 1208 προκεκριμὲδον
1257 1136 1356 1188 τοῦ
1406 1133 1780 1209 μωρανθὼτος
1819 1135 1900 1206 τῷ
1957 1128 2068 1188 δαί.

414 1239 562 1293 μονι,
593 1216 970 1296 ἐπιλεγομένῳ
1001 1220 1084 1276 ἀεὶ
1131 1219 1258 1286 τοὺς
1311 1223 1402 1277 οἷα
1440 1226 1669 1302 σοφιστῇ
1716 1230 1818 1294 τῆς
1871 1224 2062 1290 κακίας

413 1308 558 1382 αὐτῷ
603 1308 1045 1386 προσανέχοντας
1093 1311 1182 1367 καὶ
1229 1314 1647 1389 προσήκοντας
1678 1317 1802 1375 Πῶς
1858 1311 1915 1369 δὲ
1965 1317 2065 1371 οὐκ

409 1396 470 1453 ἂν
501 1398 562 1453 τὸ
592 1396 854 1468 ἀληθινὸν
888 1403 1003 1475 φῶς
1031 1401 1058 1456 6
1095 1401 1224 1464 Θεὸς
1266 1401 1359 1457 τὸν
1407 1405 1698 1480 ἡμεροφαῆ
1750 1406 2059 1482 Νικηφόρον

404 1482 669 1563 προέθετο
698 1492 796 1542 τοῦ
827 1485 1124 1562 δαιμονίως
1177 1493 1437 1568 νυκτὲρου
1480 1491 1570 1547 καὶ
1620 1491 1696 1555 εἷς
1753 1493 1888 1569 βαθὺ
1933 1515 2059 1550 σκο-

401 1575 658 1645 τόεντος;
701 1574 849 1633 Ἔδει
901 1576 960 1633 δὲ
1016 1578 1233 1642 πάντως
1286 1582 1376 1636 τὸν
1437 1580 1490 1636 ἐν
1547 1586 1626 1654 τῷ
1683 1583 2060 1659 θεοφορεῖσθαι

409 1667 486 1739 μή
569 1664 906 1736 ἦνθεάζοντα,
965 1666 1112 1724 ἀλλὰ
1190 1668 1571 1745 ἐνεργούμενω
1655 1676 1737 1744 τῷ
1817 1668 2058 1746 δαίμονι,

405 1751 704 1810 διεκπεσεῖν
735 1756 832 1811 τοῦ
863 1759 1018 1828 Θεοῦ,
1050 1756 1131 1812 ὅτι
1178 1756 1320 1830 μηδέ
1370 1762 1434 1829 ἦν
1481 1761 1569 1815 τὸν
1621 1760 1779 1816 αὐτὸν
1839 1762 1928 1817 καὶ
1980 1767 2060 1836 τῷ

2181 600 2241 650 at
2295 593 2462 651 illum
2519 595 2856 667 posthaberi
2915 596 3070 652 unde
3129 595 3400 666 pertinax
3455 596 3608 652 tabis
3661 598 3832 654 fmtor

2177 685 2532 754 afﬂaretur;
2588 686 2847 759 Oportuit-
2908 685 3088 741 alium
3147 686 3246 757 qui
3309 690 3568 741 mentem
3627 693 3829 760 utpote

2175 774 2501 848 improbam
2548 774 2856 843 celaverat,
2908 774 3196 840 decidere,
3238 773 3420 830 alium
3467 776 3568 846 qui
3619 781 3683 831 ut
3715 777 3826 832 vir-

2173 866 2320 920 tutis
2367 870 2564 922 custos
2613 864 2758 920 nihil
2809 868 3031 920 texerat
3072 864 3206 919 huic
3253 864 3533 936 praeponi.
3578 865 3740 930 Quod
3773 867 3823 922 si

2174 971 2376 1010 verum
2420 959 2529 1024 est,
2575 961 2639 1010 ut
2688 953 3040 1026 audivimus,
3093 954 3360 1009 eamdem
3418 970 3542 1025 quae
3604 957 3823 1011 mundo

2173 1043 2428 1100 stultitia
2473 1048 2582 1110 est,
2631 1043 3012 1100 laetissimam
3057 1042 3256 1100 haberi
3306 1043 3676 1116 prudentiam
3710 1044 3825 1101 Deo

2173 1133 2634 1206 sapientissimo,
2669 1135 2963 1206 quomodo
3007 1135 3156 1189 Deus
3188 1150 3304 1189 non
3334 1148 3470 1188 eum
3501 1134 3829 1205 excepisset

2172 1225 2268 1297 qui
2320 1225 2380 1280 in
2428 1225 2656 1281 Christo
2703 1223 2988 1296 sapiebat,
3021 1227 3122 1279 aut
3165 1240 3280 1278 non
3329 1222 3686 1294 praetulisset
3723 1224 3823 1280 isti

2174 1314 2274 1386 qui
2306 1312 2628 1386 desipiebat
2660 1314 2719 1368 in
2743 1313 3025 1382 daemone,
3057 1316 3114 1366 et
3142 1311 3212 1366 iis
3245 1311 3536 1382 utebatur,
3569 1311 3672 1384 qui
3699 1329 3823 1368 ma-

2172 1403 2311 1459 litias
2361 1403 2670 1476 impostori
2721 1397 2924 1458 sedulo
2980 1400 3355 1456 adhaerebant
3393 1405 3567 1473 atque
3606 1401 3824 1456 addicti

2171 1496 2383 1549 erant?
2437 1493 2740 1558 Quomodo
2805 1490 2955 1546 hanc
3009 1489 3268 1545 veritatis
3325 1489 3506 1546 facem
3566 1489 3823 1546 interdiu

2171 1586 2490 1650 lucentem,
2560 1581 2788 1637 scilicet
2850 1579 3266 1651 Nicephorum,
3326 1595 3443 1634 non
3509 1578 3604 1634 isti
3673 1595 3820 1650 prm-

2171 1672 2467 1744 posuisset
2517 1671 2613 1744 qui
2661 1669 2878 1726 diaboli
2928 1670 3046 1724 alta
3100 1670 3210 1724 sub
3260 1673 3430 1723 nocte
3489 1667 3821 1740 caligabat?

2169 1767 2420 1818 Necesse
2462 1760 2702 1817 omnino
2751 1776 2887 1815 eum
2936 1759 3200 1814 excidere
3252 1775 3285 1813 a
3315 1757 3429 1813 Deo
3463 1757 3573 1812 fuit
3602 1758 3723 1830 qui,
3757 1762 3823 1812 ut

403 1847 535 1946 Oei'p‘
587 1843 892 1946 άνακεῖσθαι
941 1846 1028 1900 καὶ
1083 1851 1162 1919 τῷ
1215 1853 1448 1921 Σατανᾷ,
1511 1848 1748 1922 μάλιστα
1807 1852 1905 1925 μὲν
1965 1850 2055 1907 οῦν

2170 1850 2462 1923 particeps
2511 1850 2612 1905 Dei
2665 1850 2848 1914 fieret,
2881 1865 2996 1903 non
3048 1864 3151 1918 per
3180 1852 3384 1914 Deum,
3418 1847 3516 1902 sed
3549 1863 3649 1918 per
3700 1848 3820 1900 dae-

401 1931 802 2011 φαυλορῥεπῶς
874 1935 973 2004 τὴν
1051 1936 1191 2006 ὅλην
1253 1936 1566 2015 πλάστιγγα
1632 1944 1730 1995 τοῦ
1787 1940 2055 2018 λογισμοῦ

2167 1956 2402 1995 monem
2433 1939 2804 2011 operabatur.
2840 1936 3067 1992 Etenim
3092 1936 3246 1991 idem
3277 1935 3454 1991 homo
3486 1951 3600 1990 non
3632 1938 3824 2006 potest

398 2022 540 2098 πρὸς
597 2026 677 2094 τῷ
741 2019 960 2096 δαίμονι
1032 2023 1324 2082 κλίναντα’
1373 2028 1490 2083 ὅθεν
1570 2029 1659 2084 καὶ
1734 2029 1974 2106 ἥρπασεν
2027 2033 2056 2087 6

401 2106 828 2175 σπουδαιότατος
883 2112 1197 2188 Νικηφόρος
1249 2115 1313 2171 τὸ
1367 2116 1418 2171 ἐν
1475 2118 1632 2192 χερσὶ
1675 2123 1772 2174 τοῦ
1805 2143 1834 2173 ‹‹
1868 2141 2057 2194 μνησι-

404 2202 573 2255 κάκου
603 2223 632 2253 ››
657 2199 852 2273 καλὸν,
882 2201 975 2257 καὶ
1008 2201 1152 2259 οὕτω
1181 2201 1587 2278 πλεονεκτήσας
1617 2205 1865 2285 ἡγίαστο.

475 2485 547 2555 η’.
579 2486 732 2543 Ἔστι
785 2483 844 2542 δὲ
901 2486 1069 2544 εἰπεῖν
1126 2489 1217 2545 καὶ
1271 2488 1378 2562 ὅτι,
1410 2493 1485 2555 ὡς
1541 2491 1594 2549 ἔν
1645 2515 1753 2549 τινι
1809 2491 2057 2572 προδοκῆ

400 2575 719 2646 καθιζήσας,
791 2576 882 2632 καὶ
950 2578 1043 2633 τὸν
1114 2577 1533 2658 ψευδομάρτυρα
1613 2580 1896 2655 δοκεύσας,
1953 2587 2054 2655 τὴν

401 2663 608 2720 ἰκείνοο
667 2665 868 2742 ἀγαθήν
925 2664 1188 2744 ἐμπορίαν
1256 2669 1357 2726 οὐκ
1401 2669 1694 2746 ἐλῄστεοσε
1753 2675 1866 2748 μὲν,
1928 2673 2056 2732 οὐδὲ

399 2752 764 2825 ἀπεσύλησεν,
813 2752 1067 2832 ἐμφανῶς
1125 2756 1182 2813 δὲ
1243 2759 1672 2838 παραρῥιφεῖσαν
1747 2766 1884 2841 πρὸς
1958 2763 2056 2820 τοῦ

407 2841 636 2919 ἄφρονος
707 2843 915 2902 ἐκεῖνου
992 2845 1258 2923 ἐμπόρου,
1310 2848 1597 2924 ἁρπαλέως
1675 2849 1890 2924 ἐδέξατο
1968 2853 2054 2932 ἕρ-

418 2953 573 3018 μαιον
631 2932 801 2990 ἰκεῖνο
857 2932 1200 3011 πολύολϐον,
1252 2937 1606 3017 αὐτοσχέδιον
1689 2942 2056 3018 πλουτισμὸν,

414 3017 484 3074 δι’
514 3022 576 3076 οὗ
629 3023 902 3099 βασιλείαν
962 3021 1102 3082 ἔστιν
1163 3027 1449 3104 εύκληρεῖν
1505 3029 1777 3107 οὐράνιον,
1809 3017 2054 3088 εὐκταῖον

411 3109 752 3187 συγκύρημα,
785 3138 815 3166 ι(
847 3111 1022 3191 δῶρον
1083 3116 1284 3193 ἐχθροῦ
1334 3142 1363 3170 ››
1407 3119 1671 3176 άναπαλιν
1727 3125 1808 3193 τῷ
1864 3143 2057 3198 παροι-

410 3205 613 3274 μιακῷ,
669 3199 905 3280 εύδωρον
965 3205 1058 3260 καῗ
1095 3204 1452 3284 ὠφελήσιμον
1507 3208 1559 3264 ἐν
1617 3214 1734 3273 τοῖς
1795 3209 2055 3286 μάλιστα,

404 3288 468 3344 οὗ
503 3291 612 3362 μὴν
639 3287 942 3368 δύσδωρον,
975 3296 1064 3349 οἶα
1097 3293 1240 3368 μηδὲ
1282 3296 1569 3371 ὀνήσιμον,
1600 3301 1762 3376 χάριν
1807 3297 2054 3378 εὔχαριν,

406 3381 680 3468 σωτήριον
712 3378 944 3454 ἄμυναν,
975 3383 1050 3446 ὡς
1099 3383 1198 3440 οὐκ
1248 3386 1391 3462 εἶχεν
1445 3387 1471 3441 6
1523 3387 1682 3450 ἄνους
1735 3387 2056 3468 φαυλόμαρ-

399 3488 494 3530 τυς
543 3465 838 3542 διακρῖναι*
879 3468 1072 3546 ὅμοιόν
1121 3496 1176 3530 τι
1232 3479 1407 3531 ποιῶν
1467 3475 1518 3532 ἐν
1576 3481 1656 3550 τῷ
1707 3465 1798 3533 16v
1856 3465 2056 3555 ἐχθρὸν

401 3557 722 3630 ἀμύνεσθαι,
775 3560 904 3616 ὡσεὶ
959 3561 1049 3618 καὶ
1125 3561 1294 3641 ἄνδρα
1347 3572 1592 3640 γενναῖον
1649 3564 2054 3642 λαγαρούμενον

403 3646 558 3720 λιμῷ
614 3648 892 3726 ἑφόρτιζεν
952 3649 1250 3727 ἐδωδίμοις
1308 3653 1553 3730 ἀγαθοῖς,
1614 3657 1690 3719 ὡς
1748 3656 1836 3712 ἐπὶ
1891 3678 2056 3714 κατα-

396 3735 603 3811 κάμψει
658 3740 936 3813 σώματος,
981 3741 1016 3810 ἢ
1072 3742 1162 3797 καὶ
1220 3741 1408 3801 ἄλλως
1463 3745 1758 3820 πενόμενον
1819 3741 2054 3817 ὥλϐιζεν

403 3823 717 3902 ἐπαχθίζων
789 3830 1096 3906 χρήμασιν,
1172 3832 1256 3894 οἷς
1346 3833 1707 3909 βαρυνόμενοι
1791 3833 2059 3911 χαίρομεν

403 3911 704 4001 ἄνθρωποι.
738 3919 844 3974 Καὶ
900 3919 968 3989 ἦν
1017 3924 1316 3992 τηνικαῦτα
1355 3923 1447 3977 τὸν
1487 3923 1636 3998 ἅγιον
1695 3925 1858 4001 χάριν
1918 3924 2058 3997 ὁμο-

402 4000 584 4081 λογεῖν
638 4006 786 4082 τάχα
840 4011 909 4082 τῇ
982 4002 1175 4086 ἔχθρᾳ,
1236 4009 1287 4067 εἷ’
1337 4016 1588 4068 τοιοῦτον
1669 4000 1820 4086 αύτῷ
1889 4012 2057 4070 καλὸν

399 4091 575 4164 ἐκείνη
633 4095 979 4170 προεξένησε,
1036 4098 1128 4154 καὶ
1190 4104 1350 4173 μῖσος
1401 4101 1464 4156 τὸ
1520 4099 1717 4158 ἐκεῖθεν
1789 4102 1864 4165 εἷς
1924 4104 2051 4160 Θεὸν

397 4180 556 4238 αὐτὸν
589 4187 898 4261 προήγαγε,
929 4185 1020 4242 καὶ
1079 4188 1157 4251 ὡς
1215 4185 1305 4244 διὰ
1357 4187 1628 4262 κλίμακος
1657 4191 1826 4246 αὐτοῦ
1859 4192 2050 4266 ὑψώθη

396 4269 452 4334 ἐς
504 4273 598 4328 τὸν
653 4275 847 4349 Κύριον
875 4295 888 4308 ·
946 4277 1036 4331 καὶ
1094 4278 1237 4333 εἶπεν
1291 4277 1350 4333 ἂν
1407 4277 1537 4355 οὐχὶ
1587 4280 1762 4353 ἑαυτῷ
1818 4287 2050 4352 πονῆσαι

395 4361 490 4416 τὸν
544 4361 810 4438 ὶπάρατον
869 4366 1120 4442 ἀρητῆρα
1152 4366 1472 4444 Σαπρίκιον,
1506 4366 1657 4425 ἀλλὰ
1699 4371 1793 4442 τῷ.
1838 4371 1914 4443 μὴ
1977 4367 2054 4426 δι-

393 4449 566 4514 καίως
601 4453 916 4528 μισουμὲνῳ
972 4456 1290 4535 Νικηφόσῳ,
1322 4457 1411 4513 καὶ
1469 4457 1545 4522 ὡς
1602 4457 1807 4514 ἐκείνου
1862 4460 2055 4516 κοπιά-

395 4559 584 4604 σαντος
614 4541 776 4605 αὐτὸς
807 4543 883 4606 εἷς
925 4545 1019 4600 τὸν
1075 4547 1265 4619 μισθὸν
1309 4550 1408 4603 τοῦ
1458 4546 1638 4603 κόπου
1696 4547 2047 4621 εἰσελήλυθεν

2166 2045 2294 2086 esse
2340 2029 2438 2084 Dei
2487 2033 2544 2084 et
2586 2028 2835 2095 Satanae,
2871 2026 3193 2098 praesertim
3245 2025 3294 2079 si
3346 2025 3561 2080 mentis
3607 2023 3820 2080 libram

2166 2119 2236 2173 ad
2272 2118 2549 2174 Satanam
2601 2117 2801 2172 dolose
2850 2114 3130 2182 inclinet;
3180 2118 3534 2186 quapropter
3563 2112 3821 2185 Optimus

2162 2208 2571 2281 Nicephorus,
2633 2223 2765 2261 cum
2833 2205 3130 2276 rapuisset
3193 2221 3224 2259 ο
3299 2204 3572 2259 manibus
3638 2193 3822 2256 invidi

2162 2297 2408 2370 Sapricii
2437 2295 2766 2369 praemium,
2801 2299 2978 2366 atque
3008 2294 3090 2350 ita
3120 2292 3546 2366 praevaluisset,
3582 2299 3821 2348 sanctus

2163 2387 2369 2444 evasit.

2235 2495 2288 2549 8.
2324 2493 2486 2550 Adde
2538 2493 2691 2565 quod
2743 2491 3106 2564 Nicephorus
3155 2490 3214 2546 in
3263 2489 3616 2559 quibusdam
3649 2487 3818 2559 quasi

2162 2584 2398 2640 insidiis
2454 2599 2586 2639 cum
2645 2581 3006 2639 consedisset
3061 2585 3234 2652 atque
3289 2581 3427 2635 inde
3477 2577 3816 2651 speculatus

2164 2678 2320 2730 esset
2378 2671 2588 2728 falsum
2644 2677 2984 2745 martyrem,
3037 2689 3150 2726 non
3210 2669 3572 2726 transeuntis
3626 2667 3818 2724 lautas

2165 2780 2388 2820 merces
2421 2763 2709 2834 praedatus
2741 2767 2831 2817 est
2859 2765 2962 2816 aut
3008 2759 3288 2832 abripuit,
3322 2760 3425 2815 sed
3459 2758 3651 2830 palam
3683 2773 3814 2828 pro-

2156 2854 2349 2925 jectas
2395 2853 2468 2908 ab
2500 2851 2613 2907 isto
2645 2851 2852 2906 insano
2905 2855 3228 2905 mercatore
3275 2863 3519 2920 propere
3549 2844 3816 2914 sustulit,

2165 2943 2250 2998 uti
2284 2940 2626 2998 Mercuriale
2673 2940 2966 3014 quoddam
3021 2955 3085 2994 ac
3132 2937 3664 3008 locupletissimum
3717 2936 3820 2990 do-

2167 3048 2334 3099 num,
2368 3032 2677 3104 pecuniam
2707 3029 3008 3086 fortuitam
3041 3045 3143 3100 pro
3175 3044 3289 3098 qua
3316 3026 3554 3081 vaeniret
3574 3041 3818 3097 regnum

2168 3120 2467 3187 caelorum,
2534 3119 2880 3176 thesaurum
2949 3118 3189 3172 inventu
3247 3114 3594 3188 Optabilem,
3653 3114 3820 3168 deni-

2169 3228 2280 3284 que
2328 3227 2545 3266 munus
2593 3209 2748 3281 quod
2799 3207 2936 3264 licet
2985 3223 3055 3262 ex
3083 3206 3250 3262 hoste
3299 3204 3622 3277 profectum
3671 3221 3816 3275 prae-

2169 3305 2468 3374 posterum
2529 3305 2724 3355 tamen
2781 3301 2907 3354 erat
2971 3296 3044 3352 iis
3102 3294 3570 3368 proverbialibus
3625 3291 3815 3348 donis.

2165 3392 2385 3464 Nempe
2411 3407 2544 3446 vere
2572 3406 2789 3446 munus
2839 3387 2950 3442 fuit
2978 3390 3152 3458 atque
3183 3382 3478 3456 imprimis
3520 3391 3816 3454 quaestuo-

2168 3498 2325 3551 sum,
2349 3497 2465 3536 non
2496 3479 2733 3552 aliquod
2753 3494 2821 3533 ex
2843 3477 2935 3532 his
2966 3475 3138 3531 donis
3170 3491 3298 3546 quas
3329 3490 3444 3529 non
3474 3473 3630 3528 dona
3654 3476 3817 3539 sunt,

2167 3574 2371 3642 utpote
2428 3567 2682 3636 inutilia,
2732 3567 2832 3624 sed
2885 3565 3236 3622 beneficium
3283 3579 3416 3620 vere
3466 3562 3816 3632 beneficum,

2165 3660 2348 3716 tutela
2393 3676 2527 3715 vere
2565 3663 2712 3726 tuta,
2770 3657 2922 3729 quod
2980 3657 3228 3711 insanus
3284 3653 3380 3710 ille
3437 3653 3817 3725 pseudomar-

2166 3755 2259 3822 tyr
2301 3749 2634 3806 discernere
2676 3747 3034 3819 nequiverat.
3069 3743 3228 3800 Idem
3261 3743 3396 3800 fecit
3446 3759 3512 3798 ao
3543 3742 3592 3798 si
3625 3741 3816 3796 virum

2167 3840 2481 3913 quemdam
2512 3853 2885 3911 generosum,
2917 3836 3019 3892 sed
3043 3834 3407 3891 exinanitum
3440 3833 3614 3900 fame,
3647 3830 3818 3886 bonis

2165 3929 2416 4000 dapibus
2461 3927 2820 3984 oneravisset
2867 3927 3010 3981 adeo
3040 3929 3108 3981 ut
3148 3923 3246 3980 ille
3278 3922 3520 3995 ponderi
3565 3921 3815 3988 cederet,

2165 4022 2268 4074 aut
2297 4017 2345 4074 si
2378 4033 2694 4090 pauperem
2745 4013 3069 4079 ditavisset,
3102 4011 3515 4085 praegravando
3545 4025 3679 4065 eum
3712 4023 3819 4080 pe-

2164 4106 2339 4163 cunia
2369 4123 2486 4178 qua
2535 4105 2805 4161 homines
2855 4118 3219 4175 praegravare
3264 4100 3614 4172 gaudemus.
3647 4097 3812 4152 Tunc

2164 4195 2409 4252 forsitan
2458 4194 2623 4251 locus
2675 4197 2802 4250 erat
2850 4197 3053 4249 sancto
3110 4190 3332 4264 gratias
3387 4204 3560 4260 agere
3607 4186 3812 4242 inimi-

2163 4283 2311 4340 citia:
2343 4301 2469 4356 quae
2496 4283 2690 4354 ipsum
2722 4281 2942 4338 talibus
2973 4281 3144 4336 donis
3173 4279 3520 4352 excepisset,
3549 4293 3675 4349 quae
3707 4291 3812 4347 per

2162 4374 2428 4430 invidum
2475 4373 2796 4445 Sapricium
2850 4373 2922 4428 ad
2975 4376 3154 4426 Deum
3207 4367 3582 4442 provexisset,
3615 4381 3681 4422 ac
3711 4381 3814 4437 per

2161 4481 2341 4536 quam
2374 4462 2459 4519 uti
2485 4462 2706 4520 scalam
2739 4461 3104 4518 ascendisset
3151 4476 3340 4531 usque
3369 4458 3441 4514 ad
3475 4455 3810 4514 Dominum.

2160 4545 2454 4610 Potuisset
2501 4553 2675 4610 etiam
2727 4553 2920 4608 dicere
2967 4551 3380 4606 detestatorem
3427 4546 3704 4603 eumdem
3749 4561 3814 4600 ac

396 4627 632 4706 ἐργάτης
679 4633 805 4707 περὶ
860 4631 1171 4709 ἑνδεκάτην,
1203 4635 1294 4693 καὶ
1350 4637 1413 4693 τὸ
1474 4636 1677 4694 οἰκεῖον
1721 4632 1904 4695 λαϐὼν
1964 4637 2049 4694 ἐν-

2167 4644 2573 4700 detestandum
2605 4641 2933 4715 Sapricium
2959 4657 3073 4696 non
3105 4639 3216 4696 sibi
3249 4655 3371 4694 rem
3403 4637 3677 4710 gessisse,
3711 4635 3812 4691 sed

397 4719 598 4793 τελῶς,
639 4723 779 4779 καθὰ
826 4723 1021 4802 ιχρῆν,
1076 4725 1356 4802 μίσθωμα,
1386 4730 1475 4785 καὶ
1535 4729 1600 4786 τὸ
1653 4733 1750 4786 τοῦ
1807 4731 2048 4809 φθάσαν-

396 4828 488 4873 τος
545 4814 1000 4891 παρεργάσασθαι,
1057 4816 1246 4882 καθότι
1303 4816 1508 4883 ἐκεῖνος
1584 4820 1648 4874 τὸ
1717 4817 1900 4882 καλῶς
1961 4820 2050 4878 ὑπ’

396 4898 559 4956 αὐτοῦ
622 4904 826 4982 φθάσαν
896 4903 1214 4982 ἐργασθῆναι
1281 4909 1518 4984 συγχέας
1588 4912 1767 4970 κακῶς
1840 4906 2049 4965 εὐδοκι-

398 4995 568 5063 μῆσαι
636 4992 730 5048 τὸν
805 4993 1128 5071 ὑστεροῦντα
1180 4995 1271 5051 καὶ
1341 4999 1459 5053 κατ’
1503 4995 1678 5055 ἐκεῖνο
1751 4998 2041 5073 πεποίηκε,

392 5079 734 5154 βαστάσαντα
786 5082 850 5138 16
901 5081 1188 5140 ἰπίλοιπον
1238 5085 1424 5163 βάρος,
1455 5089 1544 5144 καὶ
1604 5084 1837 5151 διπλοῦς
1892 5087 2038 5146 οὕτω

392 5169 618 5241 μισθοὺς
651 5169 998 5248 ἐξαράμενον.

2160 4733 2244 4788 illi
2279 4749 2452 4805 quem
2483 4733 2779 4788 immerito
2809 4731 3030 4802 oderat,
3062 4729 3388 4801 Nicephoro
3414 4753 3430 4796 ;
3462 4727 3679 4799 quippe
3709 4724 3813 4798 qui

2160 4822 2410 4879 subierit
2436 4822 2496 4878 in
2543 4822 2870 4879 mercedem
2921 4819 3112 4894 operis
3161 4819 3317 4892 quod
3366 4816 3661 4890 Sapricius
3683 4816 3812 4887 jam

2157 4911 2500 4984 perfecerat,
2531 4909 2658 4983 ipse
2686 4910 2988 4984 operarius
3035 4909 3190 4965 horas
3222 4905 3569 4975 undecimae,
3591 4909 3650 4961 et
3678 4921 3810 4960 sus-

2154 5000 2373 5074 ceperit
2422 5004 2488 5056 ut
2515 4999 2810 5072 reliquum
2859 5017 3010 5072 opus
3041 4998 3123 5055 ita
3169 4999 3464 5067 integrum
3511 4994 3807 5066 pretium;

2150 5093 2305 5164 quod
2339 5089 2466 5147 ﬁeri
2495 5089 2668 5146 aliter
2699 5106 2815 5146 non
2846 5093 3097 5162 poterat.
3130 5087 3276 5144 Nam
3306 5083 3627 5157 Sapricius,
3653 5098 3814 5138 com-

2148 5181 2452 5237 miscendo
2485 5179 2773 5253 quidquid
2804 5178 2943 5234 boni
2971 5181 3170 5250 egerat
3201 5177 3370 5233 famae
3420 5172 3573 5230 male
3604 5177 3808 5244 parta.

386 5274 454 5315 eo
513 5277 917 5320 successorem
973 5263 1316 5338 adduxerat,
1376 5270 1444 5324 ut
1498 5266 1600 5324 ille
1654 5273 1969 5342 postquam
2028 5269 2372 5328 sustulisset
2420 5267 2712 5341 reliquum
2771 5284 2942 5340 onus,
2991 5267 3236 5341 duplam
3283 5265 3420 5322 inde
3476 5261 3807 5320 mercedem

391 5355 641 5422 caperet.

461 5456 523 5511 θ’.
557 5455 873 5533 Ἐφύτευσεν
927 5457 1249 5533 ἀμπελῶνα,
1294 5463 1384 5517 οἷα
1435 5461 1696 5541 γεωργὸς,
1756 5463 1785 5520 6
1840 5466 2048 5542 νωθρὸς

388 5545 708 5625 φυτηκύμος
759 5546 1071 5625 Σαπρίκως,
1119 5548 1210 5607 καὶ
1278 5547 1560 5628 ὲρῥιζοῦτο
1637 5552 1701 5608 16
1756 5554 2046 5633 φυτευθὲν,

387 5635 480 5691 καὶ
537 5633 754 5713 ἐξέφυσε
809 5635 1015 5717 φύλλα,
1041 5637 1133 5695 καὶ
1187 5640 1466 5717 προὲφηνε
1521 5641 1752 5717 καρπόν
1808 5643 1899 5699 καὶ
1957 5644 2050 5702 αό-

389 5723 485 5790 τὸς
509 5722 604 5782 τὸν
640 5724 914 5805 ὀμφακίαν
958 5726 1347 5808 παρηλλαχὼς
1401 5727 1513 5807 ἤδη
1573 5729 1683 5810 οὐχ
1737 5731 2047 5811 ὑποπερκά-

2228 5469 2283 5522 9.
2313 5464 2560 5524 Vineam
2585 5466 2968 5540 plantaverat,
2989 5465 3378 5539 agricolarum
3401 5465 3610 5536 instar,
3642 5467 3810 5542 piger

2159 5555 2256 5614 ille
2284 5556 2583 5614 viticultor
2612 5557 2934 5630 Sapricius.
2985 5557 3258 5614 Exierant
3306 5573 3338 5613 e
3367 5557 3623 5615 surculis
3653 5560 3809 5615 radi-

2159 5662 2276 5718 ces,
2346 5645 2503 5717 folia,
2563 5647 2808 5720 fructus,
2861 5646 3100 5720 jamque
3154 5663 3279 5704 uva
3335 5653 3613 5721 superata
3676 5668 3809 5710 cru-

2123 5737 2341 5810 ditate
2395 5735 2542 5796 satis
2587 5739 2758 5795 erant
2783 5740 3032 5796 matura
3074 5735 3504 5798 vindemiatori.
3549 5742 3625 5799 At
3670 5757 3806 5798 cum
