  <div class='ocr_page' id='page_1' title='image "/cluster/home/n/w/nwhite01/storage/ocr_20150623/135:no.2/coo.31924054870401/292.png"; bbox 0 0 4130 6448; ppageno 0'>
   <div class='ocr_carea' id='block_1_1' title="bbox 394 420 521 480">
    <p class='ocr_par' dir='ltr' id='par_1_1' title="bbox 394 420 521 480">
     <span class='ocr_line' id='line_1_1' title="bbox 394 420 521 480; baseline 0.008 -2"><span class='ocrx_word' id='word_1_1' title='bbox 394 420 521 480; x_wconf 83' lang='grc'><strong>573</strong></span> 
     </span>
    </p>
   </div>
   <div class='ocr_carea' id='block_1_2' title="bbox 1427 415 2787 488">
    <p class='ocr_par' dir='ltr' id='par_1_2' title="bbox 1427 415 2787 488">
     <span class='ocr_line' id='line_1_2' title="bbox 1427 415 2787 488; baseline -0.004 -7"><span class='ocrx_word' id='word_1_2' title='bbox 1427 421 1507 481; x_wconf 88' lang='grc' dir='ltr'><strong>ΙΝ</strong></span> <span class='ocrx_word' id='word_1_3' title='bbox 1555 419 1620 480; x_wconf 94' lang='lat' dir='ltr'><strong>S.</strong></span> <span class='ocrx_word' id='word_1_4' title='bbox 1667 415 2356 488; x_wconf 81' lang='lat' dir='ltr'><strong>OUADRAGESIMAM</strong></span> <span class='ocrx_word' id='word_1_5' title='bbox 2401 415 2698 477; x_wconf 79' lang='lat' dir='ltr'><strong>ORATIO</strong></span> <span class='ocrx_word' id='word_1_6' title='bbox 2739 416 2787 476; x_wconf 90' lang='grc' dir='ltr'><strong>Ι.</strong></span> 
     </span>
    </p>
   </div>
   <div class='ocr_carea' id='block_1_3' title="bbox 3698 422 3820 482">
    <p class='ocr_par' dir='ltr' id='par_1_3' title="bbox 3698 422 3820 482">
     <span class='ocr_line' id='line_1_3' title="bbox 3698 422 3820 482; baseline 0.008 -1"><span class='ocrx_word' id='word_1_7' title='bbox 3698 422 3820 482; x_wconf 70' lang='grc'><strong>5⁸74</strong></span> 
     </span>
    </p>
   </div>
   <div class='ocr_carea' id='block_1_4' title="bbox 394 545 2045 626">
    <p class='ocr_par' dir='ltr' id='par_1_4' title="bbox 394 545 2045 626">
     <span class='ocr_line' id='line_1_4' title="bbox 394 545 2045 626; baseline -0.001 -24"><span class='ocrx_word' id='word_1_8' title='bbox 394 548 736 622; x_wconf 77' lang='grc' dir='ltr'><strong>συμπάθειαν</strong></span> <span class='ocrx_word' id='word_1_9' title='bbox 770 581 840 592; x_wconf 91' lang='lat'><strong>-—</strong></span> <span class='ocrx_word' id='word_1_10' title='bbox 865 549 951 614; x_wconf 89' lang='grc' dir='ltr'><strong>τίς</strong></span> <span class='ocrx_word' id='word_1_11' title='bbox 977 548 1180 626; x_wconf 78' lang='grc' dir='ltr'>ἀνάγκη</span> <span class='ocrx_word' id='word_1_12' title='bbox 1215 547 1428 626; x_wconf 62' lang='grc' dir='ltr'>θαρρεῖν</span> <span class='ocrx_word' id='word_1_13' title='bbox 1457 550 1606 622; x_wconf 77' lang='grc' dir='ltr'>ἡμᾶς</span> <span class='ocrx_word' id='word_1_14' title='bbox 1639 545 1904 603; x_wconf 79' lang='grc' dir='ltr'><strong>δυσωπεῖν</strong></span> <span class='ocrx_word' id='word_1_15' title='bbox 1956 547 2045 601; x_wconf 85' lang='grc' dir='ltr'>τὸν</span> 
     </span>
    </p>
   </div>
   <div class='ocr_carea' id='block_1_5' title="bbox 2161 545 3814 626">
    <p class='ocr_par' dir='ltr' id='par_1_5' title="bbox 2165 545 3814 611">
     <span class='ocr_line' id='line_1_5' title="bbox 2165 545 3814 611; baseline 0.005 -9"><span class='ocrx_word' id='word_1_16' title='bbox 2165 546 2266 602; x_wconf 90' lang='lat' dir='ltr'><strong>ubi</strong></span> <span class='ocrx_word' id='word_1_17' title='bbox 2298 545 2530 603; x_wconf 90' lang='lat' dir='ltr'><strong>invidus</strong></span> <span class='ocrx_word' id='word_1_18' title='bbox 2562 545 2710 602; x_wconf 89' lang='lat' dir='ltr'><strong>clam</strong></span> <span class='ocrx_word' id='word_1_19' title='bbox 2761 545 3025 603; x_wconf 80' lang='lat' dir='ltr'><strong>insidens</strong></span> <span class='ocrx_word' id='word_1_20' title='bbox 3055 550 3182 603; x_wconf 90' lang='lat' dir='ltr'><strong>tum</strong></span> <span class='ocrx_word' id='word_1_21' title='bbox 3235 548 3486 607; x_wconf 78' lang='lat' dir='ltr'><strong>maxime</strong></span> <span class='ocrx_word' id='word_1_22' title='bbox 3544 552 3615 608; x_wconf 83' lang='lat' dir='ltr'><strong>de</strong></span> <span class='ocrx_word' id='word_1_23' title='bbox 3673 570 3814 611; x_wconf 84' lang='lat' dir='ltr'><strong>nece</strong></span> 
     </span>
    </p>
   </div>
   <div class='ocr_carea' id='block_1_6' title="bbox 393 633 2049 713">
    <p class='ocr_par' dir='ltr' id='par_1_6' title="bbox 393 633 2049 713">
     <span class='ocr_line' id='line_1_6' title="bbox 393 633 2049 713; baseline -0.001 -22"><span class='ocrx_word' id='word_1_24' title='bbox 393 637 543 691; x_wconf 75' lang='grc' dir='ltr'>οὕτω</span> <span class='ocrx_word' id='word_1_25' title='bbox 576 661 604 689; x_wconf 81' lang='grc' dir='ltr'>ι(</span> <span class='ocrx_word' id='word_1_26' title='bbox 642 643 1101 711; x_wconf 83' lang='grc' dir='ltr'><strong>μνησικακοῦντα,</strong></span> <span class='ocrx_word' id='word_1_27' title='bbox 1128 665 1150 694; x_wconf 76' lang='grc' dir='ltr'><strong>ι</strong></span> <span class='ocrx_word' id='word_1_28' title='bbox 1186 639 1276 694; x_wconf 80' lang='grc' dir='ltr'><strong>καὶ</strong></span> <span class='ocrx_word' id='word_1_29' title='bbox 1309 639 1386 713; x_wconf 81' lang='grc' dir='ltr'>μὴ</span> <span class='ocrx_word' id='word_1_30' title='bbox 1432 637 1728 713; x_wconf 79' lang='grc' dir='ltr'><strong>ἡσυχάζειν</strong></span> <span class='ocrx_word' id='word_1_31' title='bbox 1788 633 2049 706; x_wconf 86' lang='grc' dir='ltr'>δεδιότας,</span> 
     </span>
    </p>
   </div>
   <div class='ocr_carea' id='block_1_7' title="bbox 399 725 2053 808">
    <p class='ocr_par' dir='ltr' id='par_1_7' title="bbox 399 725 2053 808">
     <span class='ocr_line' id='line_1_7' title="bbox 399 725 2053 808; baseline 0.001 -28"><span class='ocrx_word' id='word_1_32' title='bbox 399 727 480 800; x_wconf 83' lang='grc' dir='ltr'>μή</span> <span class='ocrx_word' id='word_1_33' title='bbox 511 727 603 780; x_wconf 81' lang='grc' dir='ltr'><strong>καὶ</strong></span> <span class='ocrx_word' id='word_1_34' title='bbox 635 727 897 784; x_wconf 79' lang='grc' dir='ltr'><strong>ἀποθάνοι</strong></span> <span class='ocrx_word' id='word_1_35' title='bbox 929 730 956 784; x_wconf 86' lang='grc' dir='ltr'>ὁ</span> <span class='ocrx_word' id='word_1_36' title='bbox 989 733 1165 801; x_wconf 81' lang='grc' dir='ltr'>ζητῶν</span> <span class='ocrx_word' id='word_1_37' title='bbox 1199 728 1385 808; x_wconf 76' lang='grc' dir='ltr'>ἄφεσιν</span> <span class='ocrx_word' id='word_1_38' title='bbox 1422 727 1514 783; x_wconf 80' lang='grc' dir='ltr'><strong>καὶ</strong></span> <span class='ocrx_word' id='word_1_39' title='bbox 1570 725 1902 802; x_wconf 72' lang='grc' dir='ltr'>συμπάθειαν</span> <span class='ocrx_word' id='word_1_40' title='bbox 1963 726 2053 781; x_wconf 76' lang='grc' dir='ltr'><strong>καὶ</strong></span> 
     </span>
    </p>
   </div>
   <div class='ocr_carea' id='block_1_8' title="bbox 397 816 798 893">
    <p class='ocr_par' dir='ltr' id='par_1_8' title="bbox 397 816 798 893">
     <span class='ocr_line' id='line_1_8' title="bbox 397 816 798 893; baseline 0.007 -23"><span class='ocrx_word' id='word_1_41' title='bbox 397 816 756 893; x_wconf 84' lang='grc' dir='ltr'>συγχώρησιν</span> <span class='ocrx_word' id='word_1_42' title='bbox 784 835 798 888; x_wconf 86' lang='grc'><strong>;</strong></span> 
     </span>
    </p>
   </div>
   <div class='ocr_carea' id='block_1_9' title="bbox 482 1080 2052 1161">
    <p class='ocr_par' dir='ltr' id='par_1_9' title="bbox 482 1080 2052 1161">
     <span class='ocr_line' id='line_1_9' title="bbox 482 1080 2052 1161; baseline -0.001 -22"><span class='ocrx_word' id='word_1_43' title='bbox 482 1085 568 1143; x_wconf 80' lang='grc' dir='ltr'>ια’.</span> <span class='ocrx_word' id='word_1_44' title='bbox 616 1080 966 1158; x_wconf 77' lang='grc' dir='ltr'>Εὐλαϐητέον</span> <span class='ocrx_word' id='word_1_45' title='bbox 1026 1085 1144 1161; x_wconf 68' lang='grc' dir='ltr'>οῦν,</span> <span class='ocrx_word' id='word_1_46' title='bbox 1199 1088 1289 1144; x_wconf 85' lang='grc' dir='ltr'><strong>καὶ</strong></span> <span class='ocrx_word' id='word_1_47' title='bbox 1346 1087 1518 1150; x_wconf 67' lang='grc' dir='ltr'>οὕτως</span> <span class='ocrx_word' id='word_1_48' title='bbox 1577 1085 1757 1143; x_wconf 76' lang='grc' dir='ltr'>ἐατέον</span> <span class='ocrx_word' id='word_1_49' title='bbox 1808 1085 1898 1140; x_wconf 82' lang='grc' dir='ltr'><strong>τὸν</strong></span> <span class='ocrx_word' id='word_1_50' title='bbox 1962 1106 2052 1160; x_wconf 89' lang='grc' dir='ltr'>μι-</span> 
     </span>
    </p>
   </div>
   <div class='ocr_carea' id='block_1_10' title="bbox 407 1173 2052 1253">
    <p class='ocr_par' dir='ltr' id='par_1_10' title="bbox 407 1173 2052 1253">
     <span class='ocr_line' id='line_1_10' title="bbox 407 1173 2052 1253; baseline 0.001 -25"><span class='ocrx_word' id='word_1_51' title='bbox 407 1179 619 1247; x_wconf 87' lang='grc' dir='ltr'>σοῦντα,</span> <span class='ocrx_word' id='word_1_52' title='bbox 662 1173 754 1230; x_wconf 88' lang='grc' dir='ltr'><strong>καὶ</strong></span> <span class='ocrx_word' id='word_1_53' title='bbox 808 1175 1054 1250; x_wconf 74' lang='grc' dir='ltr'>μενετέον</span> <span class='ocrx_word' id='word_1_54' title='bbox 1113 1176 1166 1232; x_wconf 82' lang='grc' dir='ltr'>ἐν</span> <span class='ocrx_word' id='word_1_55' title='bbox 1212 1175 1451 1252; x_wconf 78' lang='grc' dir='ltr'>συστολῇ</span> <span class='ocrx_word' id='word_1_56' title='bbox 1501 1180 1704 1253; x_wconf 83' lang='grc' dir='ltr'>χειρῶν</span> <span class='ocrx_word' id='word_1_57' title='bbox 1759 1174 1850 1231; x_wconf 84' lang='grc' dir='ltr'><strong>καὶ</strong></span> <span class='ocrx_word' id='word_1_58' title='bbox 1888 1195 2052 1230; x_wconf 90' lang='grc' dir='ltr'>κατα-</span> 
     </span>
    </p>
   </div>
   <div class='ocr_carea' id='block_1_11' title="bbox 399 1263 2050 1344">
    <p class='ocr_par' dir='ltr' id='par_1_11' title="bbox 399 1263 2050 1344">
     <span class='ocr_line' id='line_1_11' title="bbox 399 1263 2050 1344; baseline 0.001 -26"><span class='ocrx_word' id='word_1_59' title='bbox 399 1263 605 1338; x_wconf 78' lang='grc' dir='ltr'>κάμψει</span> <span class='ocrx_word' id='word_1_60' title='bbox 638 1265 912 1338; x_wconf 89' lang='grc' dir='ltr'>σώματος,</span> <span class='ocrx_word' id='word_1_61' title='bbox 943 1266 1033 1321; x_wconf 83' lang='grc' dir='ltr'><strong>καὶ</strong></span> <span class='ocrx_word' id='word_1_62' title='bbox 1065 1267 1429 1344; x_wconf 77' lang='grc' dir='ltr'>ἠσυχαστέον,</span> <span class='ocrx_word' id='word_1_63' title='bbox 1472 1266 1561 1323; x_wconf 86' lang='grc' dir='ltr'><strong>καὶ</strong></span> <span class='ocrx_word' id='word_1_64' title='bbox 1617 1266 1693 1330; x_wconf 82' lang='grc' dir='ltr'><strong>εἷς</strong></span> <span class='ocrx_word' id='word_1_65' title='bbox 1748 1266 1910 1337; x_wconf 87' lang='grc' dir='ltr'>μόνον</span> <span class='ocrx_word' id='word_1_66' title='bbox 1959 1264 2050 1320; x_wconf 85' lang='grc' dir='ltr'>τὸν</span> 
     </span>
    </p>
   </div>
   <div class='ocr_carea' id='block_1_12' title="bbox 391 1350 2054 1429">
    <p class='ocr_par' dir='ltr' id='par_1_12' title="bbox 391 1350 2054 1429">
     <span class='ocr_line' id='line_1_12' title="bbox 391 1350 2054 1429; baseline -0.001 -22"><span class='ocrx_word' id='word_1_67' title='bbox 391 1354 497 1421; x_wconf 75' lang='grc' dir='ltr'>τῆς</span> <span class='ocrx_word' id='word_1_68' title='bbox 542 1351 758 1429; x_wconf 81' lang='grc' dir='ltr'><strong>ἀγάπης</strong></span> <span class='ocrx_word' id='word_1_69' title='bbox 806 1354 936 1409; x_wconf 85' lang='grc' dir='ltr'>Θεὸν</span> <span class='ocrx_word' id='word_1_70' title='bbox 983 1353 1285 1425; x_wconf 80' lang='grc' dir='ltr'>ἐλπιστέον,</span> <span class='ocrx_word' id='word_1_71' title='bbox 1317 1356 1407 1410; x_wconf 86' lang='grc' dir='ltr'><strong>καὶ</strong></span> <span class='ocrx_word' id='word_1_72' title='bbox 1440 1353 1614 1419; x_wconf 73' lang='grc' dir='ltr'>οὕτως</span> <span class='ocrx_word' id='word_1_73' title='bbox 1641 1351 1842 1418; x_wconf 75' lang='grc' dir='ltr'>ἄνωθεν</span> <span class='ocrx_word' id='word_1_74' title='bbox 1894 1350 2054 1407; x_wconf 74' lang='grc' dir='ltr'>ἑλκυ-</span> 
     </span>
    </p>
   </div>
   <div class='ocr_carea' id='block_1_13' title="bbox 395 1440 2056 1521">
    <p class='ocr_par' dir='ltr' id='par_1_13' title="bbox 395 1440 2056 1521">
     <span class='ocr_line' id='line_1_13' title="bbox 395 1440 2056 1521; baseline 0 -25"><span class='ocrx_word' id='word_1_75' title='bbox 395 1441 549 1497; x_wconf 88' lang='grc' dir='ltr'>στέον</span> <span class='ocrx_word' id='word_1_76' title='bbox 575 1442 669 1497; x_wconf 81' lang='grc' dir='ltr'>τὸν</span> <span class='ocrx_word' id='word_1_77' title='bbox 720 1442 925 1521; x_wconf 83' lang='grc' dir='ltr'>φίλιον,</span> <span class='ocrx_word' id='word_1_78' title='bbox 974 1444 1064 1500; x_wconf 85' lang='grc' dir='ltr'><strong>καὶ</strong></span> <span class='ocrx_word' id='word_1_79' title='bbox 1121 1442 1310 1508; x_wconf 73' lang='grc' dir='ltr'>ἄλλως</span> <span class='ocrx_word' id='word_1_80' title='bbox 1366 1442 1424 1500; x_wconf 77' lang='grc' dir='ltr'><strong>δὶ</strong></span> <span class='ocrx_word' id='word_1_81' title='bbox 1473 1444 1535 1499; x_wconf 85' lang='grc' dir='ltr'>τὸ</span> <span class='ocrx_word' id='word_1_82' title='bbox 1583 1443 1712 1499; x_wconf 81' lang='grc' dir='ltr'>αὐτὸ</span> <span class='ocrx_word' id='word_1_83' title='bbox 1772 1440 2056 1518; x_wconf 69' lang='grc' dir='ltr'>ἐπεξεργά-</span> 
     </span>
    </p>
   </div>
   <div class='ocr_carea' id='block_1_14' title="bbox 397 1527 2056 1612">
    <p class='ocr_par' dir='ltr' id='par_1_14' title="bbox 397 1527 2056 1612">
     <span class='ocr_line' id='line_1_14' title="bbox 397 1527 2056 1612; baseline -0.001 -28"><span class='ocrx_word' id='word_1_84' title='bbox 397 1533 589 1586; x_wconf 88' lang='grc' dir='ltr'>σασθαι</span> <span class='ocrx_word' id='word_1_85' title='bbox 658 1533 760 1602; x_wconf 72' lang='grc' dir='ltr'><strong>τὴν</strong></span> <span class='ocrx_word' id='word_1_86' title='bbox 834 1532 1185 1609; x_wconf 68' lang='grc' dir='ltr'>τελειοτέραν</span> <span class='ocrx_word' id='word_1_87' title='bbox 1263 1535 1578 1612; x_wconf 78' lang='grc' dir='ltr'>σαφήνειαν.</span> <span class='ocrx_word' id='word_1_88' title='bbox 1638 1532 1734 1594; x_wconf 89' lang='grc' dir='ltr'><strong>Τίς</strong></span> <span class='ocrx_word' id='word_1_89' title='bbox 1787 1531 1845 1586; x_wconf 79' lang='grc' dir='ltr'>ἂν</span> <span class='ocrx_word' id='word_1_90' title='bbox 1901 1527 2056 1605; x_wconf 82' lang='grc' dir='ltr'>ἀνδρὶ</span> 
     </span>
    </p>
   </div>
   <div class='ocr_carea' id='block_1_15' title="bbox 393 1616 2056 1697">
    <p class='ocr_par' dir='ltr' id='par_1_15' title="bbox 393 1616 2056 1697">
     <span class='ocr_line' id='line_1_15' title="bbox 393 1616 2056 1697; baseline 0.002 -23"><span class='ocrx_word' id='word_1_91' title='bbox 393 1619 652 1694; x_wconf 78' lang='grc' dir='ltr'>φθάσαντι</span> <span class='ocrx_word' id='word_1_92' title='bbox 705 1616 1003 1695; x_wconf 73' lang='grc' dir='ltr'>έμϐαθύναι</span> <span class='ocrx_word' id='word_1_93' title='bbox 1063 1623 1140 1685; x_wconf 81' lang='grc' dir='ltr'>εἷς</span> <span class='ocrx_word' id='word_1_94' title='bbox 1218 1628 1378 1697; x_wconf 89' lang='grc' dir='ltr'>μῖσος</span> <span class='ocrx_word' id='word_1_95' title='bbox 1454 1621 1544 1679; x_wconf 70' lang='grc' dir='ltr'><strong>καί</strong></span> <span class='ocrx_word' id='word_1_96' title='bbox 1615 1621 2056 1696; x_wconf 78' lang='grc' dir='ltr'>ἐμπλατύνεσθαι</span> 
     </span>
    </p>
   </div>
   <div class='ocr_carea' id='block_1_16' title="bbox 388 1707 2053 1789">
    <p class='ocr_par' dir='ltr' id='par_1_16' title="bbox 388 1707 2053 1789">
     <span class='ocr_line' id='line_1_16' title="bbox 388 1707 2053 1789; baseline 0.002 -26"><span class='ocrx_word' id='word_1_97' title='bbox 388 1711 491 1778; x_wconf 72' lang='grc' dir='ltr'>τήν</span> <span class='ocrx_word' id='word_1_98' title='bbox 524 1707 746 1786; x_wconf 80' lang='grc' dir='ltr'>ἔχθραν,</span> <span class='ocrx_word' id='word_1_99' title='bbox 801 1711 917 1766; x_wconf 70' lang='grc' dir='ltr'>εἶτα</span> <span class='ocrx_word' id='word_1_100' title='bbox 975 1711 1282 1789; x_wconf 75' lang='grc' dir='ltr'>φαινομένῳ</span> <span class='ocrx_word' id='word_1_101' title='bbox 1339 1712 1759 1786; x_wconf 88' lang='grc' dir='ltr'>μεταμέλεσθαι,</span> <span class='ocrx_word' id='word_1_102' title='bbox 1807 1711 2053 1766; x_wconf 76' lang='grc' dir='ltr'>πιστεύοι</span> 
     </span>
    </p>
   </div>
   <div class='ocr_carea' id='block_1_17' title="bbox 389 1796 2050 1880">
    <p class='ocr_par' dir='ltr' id='par_1_17' title="bbox 389 1796 2050 1880">
     <span class='ocr_line' id='line_1_17' title="bbox 389 1796 2050 1880; baseline 0.001 -28"><span class='ocrx_word' id='word_1_103' title='bbox 389 1796 455 1853; x_wconf 74' lang='grc' dir='ltr'>ἂν</span> <span class='ocrx_word' id='word_1_104' title='bbox 506 1799 840 1872; x_wconf 79' lang='grc' dir='ltr'>σπείσεσθαι,</span> <span class='ocrx_word' id='word_1_105' title='bbox 891 1799 981 1856; x_wconf 80' lang='grc' dir='ltr'>καί</span> <span class='ocrx_word' id='word_1_106' title='bbox 1034 1803 1110 1876; x_wconf 81' lang='grc' dir='ltr'>μή</span> <span class='ocrx_word' id='word_1_107' title='bbox 1160 1799 1659 1880; x_wconf 76' lang='grc' dir='ltr'>καιροφυλακήσειν</span> <span class='ocrx_word' id='word_1_108' title='bbox 1709 1800 1783 1863; x_wconf 68' lang='grc' dir='ltr'>εἷς</span> <span class='ocrx_word' id='word_1_109' title='bbox 1831 1799 2050 1874; x_wconf 80' lang='grc' dir='ltr'>ἄμεινον</span> 
     </span>
    </p>
   </div>
   <div class='ocr_carea' id='block_1_18' title="bbox 389 1884 2048 1965">
    <p class='ocr_par' dir='ltr' id='par_1_18' title="bbox 389 1884 2048 1965">
     <span class='ocr_line' id='line_1_18' title="bbox 389 1884 2048 1965; baseline 0.002 -24"><span class='ocrx_word' id='word_1_110' title='bbox 389 1884 730 1963; x_wconf 56' lang='lat' dir='ltr'><strong>Sporum-15v;</strong></span> <span class='ocrx_word' id='word_1_111' title='bbox 765 1889 842 1946; x_wconf 85' lang='grc' dir='ltr'>Ού</span> <span class='ocrx_word' id='word_1_112' title='bbox 891 1890 992 1965; x_wconf 74' lang='grc' dir='ltr'><strong>γὰρ</strong></span> <span class='ocrx_word' id='word_1_113' title='bbox 1053 1886 1193 1946; x_wconf 76' lang='grc' dir='ltr'>ἔστιν</span> <span class='ocrx_word' id='word_1_114' title='bbox 1251 1891 1472 1946; x_wconf 80' lang='grc' dir='ltr'>αὐτόθεν</span> <span class='ocrx_word' id='word_1_115' title='bbox 1533 1889 1727 1946; x_wconf 80' lang='grc' dir='ltr'>εἰδέναι</span> <span class='ocrx_word' id='word_1_116' title='bbox 1780 1893 1930 1963; x_wconf 81' lang='grc' dir='ltr'>ἡμᾶς</span> <span class='ocrx_word' id='word_1_117' title='bbox 1985 1910 2048 1965; x_wconf 88' lang='grc' dir='ltr'>γε</span> 
     </span>
    </p>
   </div>
   <div class='ocr_carea' id='block_1_19' title="bbox 2165 635 3810 709">
    <p class='ocr_par' dir='ltr' id='par_1_19' title="bbox 2165 635 3810 709">
     <span class='ocr_line' id='line_1_19' title="bbox 2165 635 3810 709; baseline 0.005 -18"><span class='ocrx_word' id='word_1_118' title='bbox 2165 635 2398 706; x_wconf 80' lang='lat' dir='ltr'><strong>cogitat,</strong></span> <span class='ocrx_word' id='word_1_119' title='bbox 2433 654 2564 692; x_wconf 92' lang='lat' dir='ltr'><strong>cum</strong></span> <span class='ocrx_word' id='word_1_120' title='bbox 2599 637 2879 692; x_wconf 90' lang='lat' dir='ltr'><strong>inimicus</strong></span> <span class='ocrx_word' id='word_1_121' title='bbox 2907 637 3065 693; x_wconf 85' lang='lat' dir='ltr'><strong>venit</strong></span> <span class='ocrx_word' id='word_1_122' title='bbox 3092 639 3404 709; x_wconf 66' lang='lat' dir='ltr'><strong>quaesitum</strong></span> <span class='ocrx_word' id='word_1_123' title='bbox 3439 643 3810 699; x_wconf 80' lang='lat' dir='ltr'><strong>concordiam</strong></span> 
     </span>
    </p>
   </div>
   <div class='ocr_carea' id='block_1_20' title="bbox 2165 726 3820 799">
    <p class='ocr_par' dir='ltr' id='par_1_20' title="bbox 2165 726 3820 799">
     <span class='ocr_line' id='line_1_20' title="bbox 2165 726 3820 799; baseline 0.005 -19"><span class='ocrx_word' id='word_1_124' title='bbox 2165 726 2352 790; x_wconf 88' lang='lat' dir='ltr'><strong>Quam</strong></span> <span class='ocrx_word' id='word_1_125' title='bbox 2400 726 2582 799; x_wconf 84' lang='lat' dir='ltr'><strong>igitur</strong></span> <span class='ocrx_word' id='word_1_126' title='bbox 2629 743 2868 783; x_wconf 90' lang='lat' dir='ltr'><strong>necesse</strong></span> <span class='ocrx_word' id='word_1_127' title='bbox 2912 727 3082 784; x_wconf 88' lang='lat' dir='ltr'><strong>nobis</strong></span> <span class='ocrx_word' id='word_1_128' title='bbox 3132 733 3219 784; x_wconf 89' lang='lat' dir='ltr'><strong>est</strong></span> <span class='ocrx_word' id='word_1_129' title='bbox 3267 730 3527 786; x_wconf 87' lang='lat' dir='ltr'><strong>studiose</strong></span> <span class='ocrx_word' id='word_1_130' title='bbox 3576 733 3717 787; x_wconf 86' lang='lat' dir='ltr'><strong>eniti</strong></span> <span class='ocrx_word' id='word_1_131' title='bbox 3753 737 3820 790; x_wconf 88' lang='lat' dir='ltr'><strong>ut</strong></span> 
     </span>
    </p>
   </div>
   <div class='ocr_carea' id='block_1_21' title="bbox 2163 816 3822 892">
    <p class='ocr_par' dir='ltr' id='par_1_21' title="bbox 2163 816 3822 892">
     <span class='ocr_line' id='line_1_21' title="bbox 2163 816 3822 892; baseline 0.005 -23"><span class='ocrx_word' id='word_1_132' title='bbox 2163 816 2490 887; x_wconf 80' lang='lat' dir='ltr'><strong>pertinaces</strong></span> <span class='ocrx_word' id='word_1_133' title='bbox 2525 816 2580 870; x_wconf 92' lang='lat' dir='ltr'><strong>in</strong></span> <span class='ocrx_word' id='word_1_134' title='bbox 2616 817 2748 872; x_wconf 90' lang='lat' dir='ltr'><strong>odio</strong></span> <span class='ocrx_word' id='word_1_135' title='bbox 2783 817 3113 884; x_wconf 84' lang='lat' dir='ltr'><strong>ﬂectamus,</strong></span> <span class='ocrx_word' id='word_1_136' title='bbox 3161 823 3342 890; x_wconf 89' lang='lat' dir='ltr'><strong>utque</strong></span> <span class='ocrx_word' id='word_1_137' title='bbox 3388 837 3690 892; x_wconf 86' lang='lat' dir='ltr'><strong>nunquam</strong></span> <span class='ocrx_word' id='word_1_138' title='bbox 3750 824 3822 878; x_wconf 90' lang='lat' dir='ltr'><strong>ti-</strong></span> 
     </span>
    </p>
   </div>
   <div class='ocr_carea' id='block_1_22' title="bbox 2163 905 3824 981">
    <p class='ocr_par' dir='ltr' id='par_1_22' title="bbox 2163 905 3824 981">
     <span class='ocr_line' id='line_1_22' title="bbox 2163 905 3824 981; baseline 0.005 -21"><span class='ocrx_word' id='word_1_139' title='bbox 2163 921 2324 960; x_wconf 88' lang='lat' dir='ltr'><strong>mere</strong></span> <span class='ocrx_word' id='word_1_140' title='bbox 2353 905 2722 976; x_wconf 83' lang='lat' dir='ltr'><strong>desinamus,</strong></span> <span class='ocrx_word' id='word_1_141' title='bbox 2754 923 2825 962; x_wconf 92' lang='lat' dir='ltr'><strong>ne</strong></span> <span class='ocrx_word' id='word_1_142' title='bbox 2857 906 2907 963; x_wconf 92' lang='lat' dir='ltr'><strong>is</strong></span> <span class='ocrx_word' id='word_1_143' title='bbox 2935 907 3244 975; x_wconf 85' lang='lat' dir='ltr'><strong>moriatur,</strong></span> <span class='ocrx_word' id='word_1_144' title='bbox 3282 909 3384 981; x_wconf 88' lang='lat' dir='ltr'><strong>qui</strong></span> <span class='ocrx_word' id='word_1_145' title='bbox 3415 909 3824 980; x_wconf 86' lang='lat' dir='ltr'><strong>veniam,con-</strong></span> 
     </span>
    </p>
   </div>
   <div class='ocr_carea' id='block_1_23' title="bbox 2164 994 3266 1068">
    <p class='ocr_par' dir='ltr' id='par_1_23' title="bbox 2164 994 3266 1068">
     <span class='ocr_line' id='line_1_23' title="bbox 2164 994 3266 1068; baseline 0.002 -19"><span class='ocrx_word' id='word_1_146' title='bbox 2164 994 2426 1050; x_wconf 89' lang='lat' dir='ltr'><strong>cordiam</strong></span> <span class='ocrx_word' id='word_1_147' title='bbox 2457 996 2937 1068; x_wconf 86' lang='lat' dir='ltr'><strong>consortiumque</strong></span> <span class='ocrx_word' id='word_1_148' title='bbox 2967 996 3266 1068; x_wconf 88' lang='lat' dir='ltr'><strong>postulat!</strong></span> 
     </span>
    </p>
   </div>
   <div class='ocr_carea' id='block_1_24' title="bbox 2235 1084 3816 1156">
    <p class='ocr_par' dir='ltr' id='par_1_24' title="bbox 2235 1084 3816 1156">
     <span class='ocr_line' id='line_1_24' title="bbox 2235 1084 3816 1156; baseline 0.004 -18"><span class='ocrx_word' id='word_1_149' title='bbox 2235 1084 2322 1138; x_wconf 77' lang='grc'><strong>41.</strong></span> <span class='ocrx_word' id='word_1_150' title='bbox 2376 1084 2490 1139; x_wconf 90' lang='lat' dir='ltr'><strong>Isto</strong></span> <span class='ocrx_word' id='word_1_151' title='bbox 2543 1086 2712 1140; x_wconf 90' lang='lat' dir='ltr'><strong>modo</strong></span> <span class='ocrx_word' id='word_1_152' title='bbox 2762 1090 2988 1156; x_wconf 83' lang='lat' dir='ltr'><strong>oportet</strong></span> <span class='ocrx_word' id='word_1_153' title='bbox 3027 1103 3134 1142; x_wconf 89' lang='lat' dir='ltr'><strong>nos</strong></span> <span class='ocrx_word' id='word_1_154' title='bbox 3199 1087 3499 1144; x_wconf 87' lang='lat' dir='ltr'><strong>hominem</strong></span> <span class='ocrx_word' id='word_1_155' title='bbox 3550 1088 3816 1146; x_wconf 86' lang='lat' dir='ltr'><strong>invidum</strong></span> 
     </span>
    </p>
   </div>
   <div class='ocr_carea' id='block_1_25' title="bbox 2164 1175 3815 1247">
    <p class='ocr_par' dir='ltr' id='par_1_25' title="bbox 2164 1175 3815 1247">
     <span class='ocr_line' id='line_1_25' title="bbox 2164 1175 3815 1247; baseline 0.004 -19"><span class='ocrx_word' id='word_1_156' title='bbox 2164 1189 2368 1229; x_wconf 88' lang='lat' dir='ltr'><strong>cavere</strong></span> <span class='ocrx_word' id='word_1_157' title='bbox 2397 1177 2572 1244; x_wconf 89' lang='lat' dir='ltr'><strong>atque</strong></span> <span class='ocrx_word' id='word_1_158' title='bbox 2602 1175 2888 1242; x_wconf 85' lang='lat' dir='ltr'><strong>deserere,</strong></span> <span class='ocrx_word' id='word_1_159' title='bbox 2919 1179 2975 1230; x_wconf 91' lang='lat' dir='ltr'><strong>et</strong></span> <span class='ocrx_word' id='word_1_160' title='bbox 3006 1192 3374 1247; x_wconf 83' lang='lat' dir='ltr'><strong>perseverare</strong></span> <span class='ocrx_word' id='word_1_161' title='bbox 3405 1178 3464 1232; x_wconf 92' lang='lat' dir='ltr'><strong>in</strong></span> <span class='ocrx_word' id='word_1_162' title='bbox 3493 1195 3815 1235; x_wconf 90' lang='lat' dir='ltr'><strong>conseren-</strong></span> 
     </span>
    </p>
   </div>
   <div class='ocr_carea' id='block_1_26' title="bbox 2164 1261 3814 1341">
    <p class='ocr_par' dir='ltr' id='par_1_26' title="bbox 2164 1261 3814 1341">
     <span class='ocr_line' id='line_1_26' title="bbox 2164 1261 3814 1341; baseline 0.004 -24"><span class='ocrx_word' id='word_1_163' title='bbox 2164 1262 2256 1318; x_wconf 88' lang='lat' dir='ltr'><strong>dis</strong></span> <span class='ocrx_word' id='word_1_164' title='bbox 2317 1261 2614 1332; x_wconf 88' lang='lat' dir='ltr'><strong>manibus,</strong></span> <span class='ocrx_word' id='word_1_165' title='bbox 2671 1263 2729 1317; x_wconf 93' lang='lat' dir='ltr'><strong>in</strong></span> <span class='ocrx_word' id='word_1_166' title='bbox 2790 1263 3093 1320; x_wconf 87' lang='lat' dir='ltr'><strong>ﬂectendis</strong></span> <span class='ocrx_word' id='word_1_167' title='bbox 3162 1267 3436 1338; x_wconf 88' lang='lat' dir='ltr'><strong>genibus,</strong></span> <span class='ocrx_word' id='word_1_168' title='bbox 3495 1268 3555 1322; x_wconf 89' lang='lat' dir='ltr'><strong>in</strong></span> <span class='ocrx_word' id='word_1_169' title='bbox 3616 1269 3814 1341; x_wconf 86' lang='lat' dir='ltr'><strong>quieta</strong></span> 
     </span>
    </p>
   </div>
   <div class='ocr_carea' id='block_1_27' title="bbox 2161 1351 3812 1429">
    <p class='ocr_par' dir='ltr' id='par_1_27' title="bbox 2161 1351 3812 1429">
     <span class='ocr_line' id='line_1_27' title="bbox 2161 1351 3812 1429; baseline 0.005 -24"><span class='ocrx_word' id='word_1_170' title='bbox 2161 1351 2301 1419; x_wconf 87' lang='lat' dir='ltr'><strong>vita,</strong></span> <span class='ocrx_word' id='word_1_171' title='bbox 2337 1351 2416 1406; x_wconf 89' lang='lat' dir='ltr'><strong>ita</strong></span> <span class='ocrx_word' id='word_1_172' title='bbox 2445 1356 2508 1406; x_wconf 87' lang='lat' dir='ltr'><strong>ut</strong></span> <span class='ocrx_word' id='word_1_173' title='bbox 2538 1369 2843 1424; x_wconf 89' lang='lat' dir='ltr'><strong>speremus</strong></span> <span class='ocrx_word' id='word_1_174' title='bbox 2874 1370 2990 1408; x_wconf 90' lang='lat' dir='ltr'><strong>uno</strong></span> <span class='ocrx_word' id='word_1_175' title='bbox 3021 1353 3080 1408; x_wconf 90' lang='lat' dir='ltr'><strong>in</strong></span> <span class='ocrx_word' id='word_1_176' title='bbox 3111 1354 3225 1411; x_wconf 91' lang='lat' dir='ltr'><strong>Deo</strong></span> <span class='ocrx_word' id='word_1_177' title='bbox 3275 1356 3600 1425; x_wconf 89' lang='lat' dir='ltr'><strong>charitatis,</strong></span> <span class='ocrx_word' id='word_1_178' title='bbox 3636 1362 3812 1429; x_wconf 89' lang='lat' dir='ltr'><strong>utque</strong></span> 
     </span>
    </p>
   </div>
   <div class='ocr_carea' id='block_1_28' title="bbox 2166 1440 3816 1516">
    <p class='ocr_par' dir='ltr' id='par_1_28' title="bbox 2166 1440 3816 1516">
     <span class='ocr_line' id='line_1_28' title="bbox 2166 1440 3816 1516; baseline 0.005 -22"><span class='ocrx_word' id='word_1_179' title='bbox 2166 1443 2421 1496; x_wconf 91' lang='lat' dir='ltr'><strong>amicum</strong></span> <span class='ocrx_word' id='word_1_180' title='bbox 2455 1457 2484 1496; x_wconf 92' lang='lat' dir='ltr'><strong>e</strong></span> <span class='ocrx_word' id='word_1_181' title='bbox 2514 1440 2756 1496; x_wconf 83' lang='lat' dir='ltr'><strong>sublimi</strong></span> <span class='ocrx_word' id='word_1_182' title='bbox 2805 1442 3186 1511; x_wconf 81' lang='lat' dir='ltr'><strong>asciscamus,</strong></span> <span class='ocrx_word' id='word_1_183' title='bbox 3231 1445 3451 1516; x_wconf 83' lang='lat' dir='ltr'><strong>talique</strong></span> <span class='ocrx_word' id='word_1_184' title='bbox 3501 1448 3727 1503; x_wconf 82' lang='lat' dir='ltr'><strong>ratione</strong></span> <span class='ocrx_word' id='word_1_185' title='bbox 3759 1453 3816 1503; x_wconf 84' lang='lat' dir='ltr'><strong>et</strong></span> 
     </span>
    </p>
   </div>
   <div class='ocr_carea' id='block_1_29' title="bbox 2167 1529 3816 1606">
    <p class='ocr_par' dir='ltr' id='par_1_29' title="bbox 2167 1529 3816 1606">
     <span class='ocr_line' id='line_1_29' title="bbox 2167 1529 3816 1606; baseline 0.004 -21"><span class='ocrx_word' id='word_1_186' title='bbox 2167 1529 2298 1585; x_wconf 88' lang='lat' dir='ltr'><strong>aliis</strong></span> <span class='ocrx_word' id='word_1_187' title='bbox 2329 1529 2630 1586; x_wconf 86' lang='lat' dir='ltr'><strong>similibus</strong></span> <span class='ocrx_word' id='word_1_188' title='bbox 2662 1537 2934 1586; x_wconf 73' lang='lat' dir='ltr'><strong>aeternam</strong></span> <span class='ocrx_word' id='word_1_189' title='bbox 2961 1531 3148 1588; x_wconf 90' lang='lat' dir='ltr'><strong>lucem</strong></span> <span class='ocrx_word' id='word_1_190' title='bbox 3191 1550 3621 1606; x_wconf 88' lang='lat' dir='ltr'><strong>comparemus.</strong></span> <span class='ocrx_word' id='word_1_191' title='bbox 3657 1540 3816 1592; x_wconf 78' lang='lat' dir='ltr'><strong>Prae-</strong></span> 
     </span>
    </p>
   </div>
   <div class='ocr_carea' id='block_1_30' title="bbox 2166 1618 3816 1694">
    <p class='ocr_par' dir='ltr' id='par_1_30' title="bbox 2166 1618 3816 1694">
     <span class='ocr_line' id='line_1_30' title="bbox 2166 1618 3816 1694; baseline 0.005 -22"><span class='ocrx_word' id='word_1_192' title='bbox 2166 1622 2324 1673; x_wconf 88' lang='lat' dir='ltr'><strong>terea</strong></span> <span class='ocrx_word' id='word_1_193' title='bbox 2353 1618 2483 1688; x_wconf 90' lang='lat' dir='ltr'><strong>quis</strong></span> <span class='ocrx_word' id='word_1_194' title='bbox 2514 1620 2752 1675; x_wconf 86' lang='lat' dir='ltr'><strong>audebit</strong></span> <span class='ocrx_word' id='word_1_195' title='bbox 2777 1621 2964 1676; x_wconf 86' lang='lat' dir='ltr'><strong>redire</strong></span> <span class='ocrx_word' id='word_1_196' title='bbox 2996 1621 3051 1674; x_wconf 95' lang='lat' dir='ltr'><strong>in</strong></span> <span class='ocrx_word' id='word_1_197' title='bbox 3103 1623 3351 1694; x_wconf 81' lang='lat' dir='ltr'><strong>gratiam</strong></span> <span class='ocrx_word' id='word_1_198' title='bbox 3401 1641 3535 1679; x_wconf 90' lang='lat' dir='ltr'><strong>cum</strong></span> <span class='ocrx_word' id='word_1_199' title='bbox 3578 1625 3816 1681; x_wconf 87' lang='lat' dir='ltr'><strong>homine</strong></span> 
     </span>
    </p>
   </div>
   <div class='ocr_carea' id='block_1_31' title="bbox 2167 1708 3813 1782">
    <p class='ocr_par' dir='ltr' id='par_1_31' title="bbox 2167 1708 3813 1782">
     <span class='ocr_line' id='line_1_31' title="bbox 2167 1708 3813 1782; baseline 0.004 -20"><span class='ocrx_word' id='word_1_200' title='bbox 2167 1708 2268 1778; x_wconf 90' lang='lat' dir='ltr'><strong>qui</strong></span> <span class='ocrx_word' id='word_1_201' title='bbox 2297 1714 2609 1780; x_wconf 86' lang='lat' dir='ltr'><strong>postquam</strong></span> <span class='ocrx_word' id='word_1_202' title='bbox 2642 1709 2755 1765; x_wconf 87' lang='lat' dir='ltr'><strong>alte</strong></span> <span class='ocrx_word' id='word_1_203' title='bbox 2785 1711 2983 1766; x_wconf 89' lang='lat' dir='ltr'><strong>odium</strong></span> <span class='ocrx_word' id='word_1_204' title='bbox 3034 1711 3266 1782; x_wconf 88' lang='lat' dir='ltr'><strong>lateque</strong></span> <span class='ocrx_word' id='word_1_205' title='bbox 3308 1713 3424 1768; x_wconf 89' lang='lat' dir='ltr'><strong>iras</strong></span> <span class='ocrx_word' id='word_1_206' title='bbox 3473 1715 3813 1782; x_wconf 84' lang='lat' dir='ltr'><strong>exercuerit,</strong></span> 
     </span>
    </p>
   </div>
   <div class='ocr_carea' id='block_1_32' title="bbox 2166 1796 3812 1874">
    <p class='ocr_par' dir='ltr' id='par_1_32' title="bbox 2166 1796 3812 1874">
     <span class='ocr_line' id='line_1_32' title="bbox 2166 1796 3812 1874; baseline 0.005 -24"><span class='ocrx_word' id='word_1_207' title='bbox 2166 1796 2511 1868; x_wconf 88' lang='lat' dir='ltr'><strong>resipiscere</strong></span> <span class='ocrx_word' id='word_1_208' title='bbox 2575 1798 2850 1854; x_wconf 85' lang='lat' dir='ltr'><strong>videtur?</strong></span> <span class='ocrx_word' id='word_1_209' title='bbox 2895 1799 2998 1871; x_wconf 91' lang='lat' dir='ltr'><strong>qui</strong></span> <span class='ocrx_word' id='word_1_210' title='bbox 3041 1805 3244 1856; x_wconf 85' lang='lat' dir='ltr'><strong>contra</strong></span> <span class='ocrx_word' id='word_1_211' title='bbox 3303 1818 3418 1857; x_wconf 91' lang='lat' dir='ltr'><strong>non</strong></span> <span class='ocrx_word' id='word_1_212' title='bbox 3478 1809 3812 1874; x_wconf 81' lang='lat' dir='ltr'><strong>suspectam</strong></span> 
     </span>
    </p>
   </div>
   <div class='ocr_carea' id='block_1_33' title="bbox 2165 1885 3816 1953">
    <p class='ocr_par' dir='ltr' id='par_1_33' title="bbox 2165 1885 3816 1953">
     <span class='ocr_line' id='line_1_33' title="bbox 2165 1885 3816 1953; baseline 0.004 -13"><span class='ocrx_word' id='word_1_213' title='bbox 2165 1885 2405 1941; x_wconf 87' lang='lat' dir='ltr'><strong>habebit</strong></span> <span class='ocrx_word' id='word_1_214' title='bbox 2432 1886 2611 1943; x_wconf 90' lang='lat' dir='ltr'><strong>vitam</strong></span> <span class='ocrx_word' id='word_1_215' title='bbox 2643 1888 2704 1943; x_wconf 93' lang='lat' dir='ltr'><strong>in</strong></span> <span class='ocrx_word' id='word_1_216' title='bbox 2739 1888 2972 1953; x_wconf 85' lang='lat' dir='ltr'><strong>melius,</strong></span> <span class='ocrx_word' id='word_1_217' title='bbox 3004 1890 3103 1944; x_wconf 91' lang='lat' dir='ltr'><strong>sed</strong></span> <span class='ocrx_word' id='word_1_218' title='bbox 3138 1891 3209 1945; x_wconf 94' lang='lat' dir='ltr'><strong>ad</strong></span> <span class='ocrx_word' id='word_1_219' title='bbox 3266 1889 3434 1946; x_wconf 88' lang='lat' dir='ltr'><strong>breve</strong></span> <span class='ocrx_word' id='word_1_220' title='bbox 3483 1897 3766 1947; x_wconf 88' lang='lat' dir='ltr'><strong>mutatam</strong></span> <span class='ocrx_word' id='word_1_221' title='bbox 3788 1891 3816 1946; x_wconf 82' lang='lat'><strong>?</strong></span> 
     </span>
    </p>
   </div>
   <div class='ocr_carea' id='block_1_34' title="bbox 384 1941 2045 2058">
    <p class='ocr_par' dir='ltr' id='par_1_34' title="bbox 384 1941 2044 2058">
     <span class='ocr_line' id='line_1_34' title="bbox 508 1941 2044 1965; baseline 0.001 -23"><span class='ocrx_word' id='word_1_222' title='bbox 717 1941 730 1959; x_wconf 71' lang='lat'><strong>,</strong></span> <span class='ocrx_word' id='word_1_223' title='bbox 773 1941 836 1946; x_wconf 83' lang='lat'>__</span> <span class='ocrx_word' id='word_1_224' title='bbox 933 1941 959 1944; x_wconf 55' lang='grc' dir='ltr'>η</span> <span class='ocrx_word' id='word_1_225' title='bbox 1055 1941 1186 1946; x_wconf 58' lang='grc' dir='ltr'><strong>η---</strong></span> <span class='ocrx_word' id='word_1_226' title='bbox 1255 1941 1465 1946; x_wconf 47' lang='lat' dir='ltr'><strong>mn---</strong></span> <span class='ocrx_word' id='word_1_227' title='bbox 1534 1941 1726 1946; x_wconf 73' lang='lat'>____._-_</span> <span class='ocrx_word' id='word_1_228' title='bbox 1789 1941 1927 1963; x_wconf 50' lang='grc' dir='ltr'>πω,</span> <span class='ocrx_word' id='word_1_229' title='bbox 1999 1941 2044 1965; x_wconf 55' lang='grc' dir='ltr'>ι,</span> 
     </span>
     <span class='ocr_line' id='line_1_35' title="bbox 384 1941 2044 2058; baseline 0.002 -27"><span class='ocrx_word' id='word_1_230' title='bbox 384 1941 550 2032; x_wconf 62' lang='grc' dir='ltr'>τδῦτο</span> <span class='ocrx_word' id='word_1_231' title='bbox 599 1979 738 2053; x_wconf 88' lang='grc' dir='ltr'>πρὸς</span> <span class='ocrx_word' id='word_1_232' title='bbox 785 1941 1081 2053; x_wconf 64' lang='grc' dir='ltr'>ἀκρίϐέιαν,</span> <span class='ocrx_word' id='word_1_233' title='bbox 1145 1982 1219 2054; x_wconf 81' lang='grc' dir='ltr'>μὴ</span> <span class='ocrx_word' id='word_1_234' title='bbox 1276 1980 1440 2036; x_wconf 83' lang='grc' dir='ltr'>αὐτοῦ</span> <span class='ocrx_word' id='word_1_235' title='bbox 1495 1985 1628 2036; x_wconf 88' lang='grc' dir='ltr'>Θεοῦ</span> <span class='ocrx_word' id='word_1_236' title='bbox 1684 1978 2044 2058; x_wconf 71' lang='grc' dir='ltr'>πληροφορη-</span> 
     </span>
    </p>
   </div>
   <div class='ocr_carea' id='block_1_35' title="bbox 2161 1941 3818 2058">
    <p class='ocr_par' dir='ltr' id='par_1_35' title="bbox 2161 1974 3818 2050">
     <span class='ocr_line' id='line_1_36' title="bbox 2161 1974 3818 2050; baseline 0.005 -21"><span class='ocrx_word' id='word_1_237' title='bbox 2161 1974 2273 2029; x_wconf 88' lang='lat' dir='ltr'><strong>Nec</strong></span> <span class='ocrx_word' id='word_1_238' title='bbox 2306 1980 2395 2032; x_wconf 90' lang='lat' dir='ltr'><strong>est</strong></span> <span class='ocrx_word' id='word_1_239' title='bbox 2423 1976 2577 2031; x_wconf 90' lang='lat' dir='ltr'><strong>enim</strong></span> <span class='ocrx_word' id='word_1_240' title='bbox 2612 1981 2674 2031; x_wconf 91' lang='lat' dir='ltr'><strong>ut</strong></span> <span class='ocrx_word' id='word_1_241' title='bbox 2713 1995 2817 2050; x_wconf 92' lang='lat' dir='ltr'><strong>per</strong></span> <span class='ocrx_word' id='word_1_242' title='bbox 2849 1995 2953 2033; x_wconf 87' lang='lat' dir='ltr'><strong>nos</strong></span> <span class='ocrx_word' id='word_1_243' title='bbox 2985 1979 3279 2050; x_wconf 82' lang='lat' dir='ltr'><strong>explorate</strong></span> <span class='ocrx_word' id='word_1_244' title='bbox 3324 1979 3604 2049; x_wconf 85' lang='lat' dir='ltr'><strong>sciamus,</strong></span> <span class='ocrx_word' id='word_1_245' title='bbox 3659 1985 3818 2037; x_wconf 89' lang='lat' dir='ltr'><strong>ante-</strong></span> 
     </span>
    </p>
   </div>
   <div class='ocr_carea' id='block_1_36' title="bbox 391 2063 2040 2144">
    <p class='ocr_par' dir='ltr' id='par_1_36' title="bbox 391 2063 2040 2144">
     <span class='ocr_line' id='line_1_37' title="bbox 391 2063 2040 2144; baseline 0.001 -23"><span class='ocrx_word' id='word_1_246' title='bbox 391 2088 584 2131; x_wconf 90' lang='grc' dir='ltr'>σαντος</span> <span class='ocrx_word' id='word_1_247' title='bbox 653 2067 1042 2143; x_wconf 75' lang='grc' dir='ltr'>ἀποκάλυψιν,</span> <span class='ocrx_word' id='word_1_248' title='bbox 1103 2063 1225 2124; x_wconf 75' lang='grc' dir='ltr'>ἔνθα</span> <span class='ocrx_word' id='word_1_249' title='bbox 1283 2071 1311 2125; x_wconf 88' lang='grc' dir='ltr'>ὁ</span> <span class='ocrx_word' id='word_1_250' title='bbox 1373 2070 1696 2144; x_wconf 84' lang='grc' dir='ltr'>μεμισηκὼς</span> <span class='ocrx_word' id='word_1_251' title='bbox 1752 2069 1813 2124; x_wconf 89' lang='grc' dir='ltr'><strong>ού</strong></span> <span class='ocrx_word' id='word_1_252' title='bbox 1877 2067 2040 2142; x_wconf 85' lang='grc' dir='ltr'>μόνον</span> 
     </span>
    </p>
   </div>
   <div class='ocr_carea' id='block_1_37' title="bbox 389 2152 2042 2230">
    <p class='ocr_par' dir='ltr' id='par_1_37' title="bbox 389 2152 2042 2230">
     <span class='ocr_line' id='line_1_38' title="bbox 389 2152 2042 2230; baseline 0.001 -20"><span class='ocrx_word' id='word_1_253' title='bbox 389 2152 746 2230; x_wconf 75' lang='grc' dir='ltr'>παραδείσου,</span> <span class='ocrx_word' id='word_1_254' title='bbox 790 2155 936 2213; x_wconf 71' lang='grc' dir='ltr'>ἀλλὰ</span> <span class='ocrx_word' id='word_1_255' title='bbox 979 2159 1069 2213; x_wconf 82' lang='grc' dir='ltr'><strong>καὶ</strong></span> <span class='ocrx_word' id='word_1_256' title='bbox 1127 2163 1260 2215; x_wconf 90' lang='grc' dir='ltr'>Θεοῦ</span> <span class='ocrx_word' id='word_1_257' title='bbox 1290 2157 1453 2214; x_wconf 81' lang='grc' dir='ltr'>αὐτοῦ</span> <span class='ocrx_word' id='word_1_258' title='bbox 1502 2159 1675 2223; x_wconf 75' lang='grc' dir='ltr'>ἐθέλει</span> <span class='ocrx_word' id='word_1_259' title='bbox 1707 2158 1842 2214; x_wconf 85' lang='grc' dir='ltr'>ἐκὼν</span> <span class='ocrx_word' id='word_1_260' title='bbox 1875 2157 2042 2213; x_wconf 82' lang='grc' dir='ltr'>ὗπεκ-</span> 
     </span>
    </p>
   </div>
   <div class='ocr_carea' id='block_1_38' title="bbox 395 2245 2038 2324">
    <p class='ocr_par' dir='ltr' id='par_1_38' title="bbox 395 2245 2038 2324">
     <span class='ocr_line' id='line_1_39' title="bbox 395 2245 2038 2324; baseline 0.003 -27"><span class='ocrx_word' id='word_1_261' title='bbox 395 2250 606 2318; x_wconf 80' lang='grc' dir='ltr'>στῆναι,</span> <span class='ocrx_word' id='word_1_262' title='bbox 655 2245 700 2300; x_wconf 75' lang='grc' dir='ltr'>εἷ</span> <span class='ocrx_word' id='word_1_263' title='bbox 765 2247 928 2320; x_wconf 87' lang='grc' dir='ltr'>μόνον</span> <span class='ocrx_word' id='word_1_264' title='bbox 959 2247 1226 2323; x_wconf 81' lang='grc' dir='ltr'>έξισχύσει</span> <span class='ocrx_word' id='word_1_265' title='bbox 1287 2245 1514 2324; x_wconf 82' lang='grc' dir='ltr'>βλάψειν</span> <span class='ocrx_word' id='word_1_266' title='bbox 1559 2249 1650 2302; x_wconf 87' lang='grc' dir='ltr'><strong>τὸν</strong></span> <span class='ocrx_word' id='word_1_267' title='bbox 1691 2247 2038 2321; x_wconf 82' lang='grc' dir='ltr'>μισούμενον.</span> 
     </span>
    </p>
   </div>
   <div class='ocr_carea' id='block_1_39' title="bbox 396 2333 2040 2411">
    <p class='ocr_par' dir='ltr' id='par_1_39' title="bbox 396 2333 2040 2411">
     <span class='ocr_line' id='line_1_40' title="bbox 396 2333 2040 2411; baseline 0.001 -21"><span class='ocrx_word' id='word_1_268' title='bbox 396 2336 527 2390; x_wconf 71' lang='grc' dir='ltr'>’Ὀτε</span> <span class='ocrx_word' id='word_1_269' title='bbox 569 2333 657 2388; x_wconf 87' lang='grc' dir='ltr'><strong>καὶ</strong></span> <span class='ocrx_word' id='word_1_270' title='bbox 712 2339 832 2398; x_wconf 81' lang='grc' dir='ltr'><strong>πῶς</strong></span> <span class='ocrx_word' id='word_1_271' title='bbox 889 2334 951 2391; x_wconf 82' lang='grc' dir='ltr'>ἂν</span> <span class='ocrx_word' id='word_1_272' title='bbox 1012 2338 1104 2392; x_wconf 87' lang='grc' dir='ltr'><strong>τὸν</strong></span> <span class='ocrx_word' id='word_1_273' title='bbox 1157 2337 1304 2392; x_wconf 76' lang='grc' dir='ltr'>οὕτω</span> <span class='ocrx_word' id='word_1_274' title='bbox 1357 2342 1452 2392; x_wconf 90' lang='grc' dir='ltr'><strong>τοῦ</strong></span> <span class='ocrx_word' id='word_1_275' title='bbox 1505 2336 1698 2410; x_wconf 82' lang='grc' dir='ltr'>μίσους</span> <span class='ocrx_word' id='word_1_276' title='bbox 1757 2335 2040 2411; x_wconf 73' lang='grc' dir='ltr'>ἄνθρωπον</span> 
     </span>
    </p>
   </div>
   <div class='ocr_carea' id='block_1_40' title="bbox 396 2421 2043 2504">
    <p class='ocr_par' dir='ltr' id='par_1_40' title="bbox 396 2421 2043 2504">
     <span class='ocr_line' id='line_1_41' title="bbox 396 2421 2043 2504; baseline 0.003 -28"><span class='ocrx_word' id='word_1_277' title='bbox 396 2421 668 2478; x_wconf 86' lang='grc' dir='ltr'>πιστεύσοι</span> <span class='ocrx_word' id='word_1_278' title='bbox 699 2445 783 2490; x_wconf 91' lang='grc' dir='ltr'><strong>τις</strong></span> <span class='ocrx_word' id='word_1_279' title='bbox 831 2424 991 2504; x_wconf 80' lang='grc' dir='ltr'>φίλον</span> <span class='ocrx_word' id='word_1_280' title='bbox 1023 2425 1325 2502; x_wconf 83' lang='grc' dir='ltr'>προσιένάι,</span> <span class='ocrx_word' id='word_1_281' title='bbox 1357 2426 1448 2482; x_wconf 79' lang='grc' dir='ltr'><strong>καὶ</strong></span> <span class='ocrx_word' id='word_1_282' title='bbox 1481 2427 1556 2500; x_wconf 77' lang='grc' dir='ltr'>μὴ</span> <span class='ocrx_word' id='word_1_283' title='bbox 1597 2425 1918 2504; x_wconf 77' lang='grc' dir='ltr'>ἐπέρχεσθαι</span> <span class='ocrx_word' id='word_1_284' title='bbox 1967 2427 2043 2488; x_wconf 85' lang='grc' dir='ltr'>ὡς</span> 
     </span>
    </p>
   </div>
   <div class='ocr_carea' id='block_1_41' title="bbox 393 2506 726 2583">
    <p class='ocr_par' dir='ltr' id='par_1_41' title="bbox 393 2506 726 2583">
     <span class='ocr_line' id='line_1_42' title="bbox 393 2506 726 2583; baseline 0.003 -17"><span class='ocrx_word' id='word_1_285' title='bbox 393 2506 686 2567; x_wconf 70' lang='grc' dir='ltr'>ἐπίϐουλον</span> <span class='ocrx_word' id='word_1_286' title='bbox 712 2532 726 2583; x_wconf 87' lang='grc'><strong>;</strong></span> 
     </span>
    </p>
   </div>
   <div class='ocr_carea' id='block_1_42' title="bbox 470 2619 2039 2702">
    <p class='ocr_par' dir='ltr' id='par_1_42' title="bbox 470 2619 2039 2702">
     <span class='ocr_line' id='line_1_43' title="bbox 470 2619 2039 2702; baseline 0.003 -29"><span class='ocrx_word' id='word_1_287' title='bbox 470 2619 560 2696; x_wconf 75' lang='grc' dir='ltr'>ιβ’.</span> <span class='ocrx_word' id='word_1_288' title='bbox 595 2622 916 2696; x_wconf 88' lang='grc' dir='ltr'>Μιμοῦμαι,</span> <span class='ocrx_word' id='word_1_289' title='bbox 971 2624 1016 2677; x_wconf 85' lang='grc' dir='ltr'>ὦ</span> <span class='ocrx_word' id='word_1_290' title='bbox 1067 2621 1241 2702; x_wconf 78' lang='grc' dir='ltr'>φίλοι,</span> <span class='ocrx_word' id='word_1_291' title='bbox 1299 2622 1437 2699; x_wconf 89' lang='grc' dir='ltr'>πρός</span> <span class='ocrx_word' id='word_1_292' title='bbox 1493 2645 1664 2695; x_wconf 86' lang='grc' dir='ltr'>τινος,</span> <span class='ocrx_word' id='word_1_293' title='bbox 1724 2624 1782 2678; x_wconf 74' lang='grc' dir='ltr'><strong>ὃν</strong></span> <span class='ocrx_word' id='word_1_294' title='bbox 1845 2623 2039 2678; x_wconf 85' lang='grc' dir='ltr'>ὑποθε-</span> 
     </span>
    </p>
   </div>
   <div class='ocr_carea' id='block_1_43' title="bbox 390 2707 2040 2790">
    <p class='ocr_par' dir='ltr' id='par_1_43' title="bbox 390 2707 2040 2790">
     <span class='ocr_line' id='line_1_44' title="bbox 390 2707 2040 2790; baseline 0.001 -27"><span class='ocrx_word' id='word_1_295' title='bbox 390 2707 515 2764; x_wconf 89' lang='grc' dir='ltr'>τέον</span> <span class='ocrx_word' id='word_1_296' title='bbox 560 2709 692 2764; x_wconf 71' lang='grc' dir='ltr'>εἶναι</span> <span class='ocrx_word' id='word_1_297' title='bbox 753 2711 1076 2786; x_wconf 84' lang='grc' dir='ltr'>Σαπρίκιον.</span> <span class='ocrx_word' id='word_1_298' title='bbox 1145 2717 1401 2787; x_wconf 77' lang='grc' dir='ltr'>Φανερῶς</span> <span class='ocrx_word' id='word_1_299' title='bbox 1455 2711 1626 2769; x_wconf 85' lang='grc' dir='ltr'>ἐθέλω</span> <span class='ocrx_word' id='word_1_300' title='bbox 1681 2711 2040 2790; x_wconf 84' lang='grc' dir='ltr'>φιλώσασθαι·</span> 
     </span>
    </p>
   </div>
   <div class='ocr_carea' id='block_1_44' title="bbox 398 2798 2040 2880">
    <p class='ocr_par' dir='ltr' id='par_1_44' title="bbox 398 2798 2040 2880">
     <span class='ocr_line' id='line_1_45' title="bbox 398 2798 2040 2880; baseline 0.003 -29"><span class='ocrx_word' id='word_1_301' title='bbox 398 2798 582 2874; x_wconf 89' lang='grc' dir='ltr'>τρέχω</span> <span class='ocrx_word' id='word_1_302' title='bbox 613 2799 752 2874; x_wconf 84' lang='grc' dir='ltr'>πρὸς</span> <span class='ocrx_word' id='word_1_303' title='bbox 805 2799 964 2856; x_wconf 77' lang='grc' dir='ltr'>αὐτὸν</span> <span class='ocrx_word' id='word_1_304' title='bbox 1011 2801 1120 2877; x_wconf 67' lang='grc' dir='ltr'><strong>έγὼ</strong></span> <span class='ocrx_word' id='word_1_305' title='bbox 1171 2804 1483 2880; x_wconf 83' lang='grc' dir='ltr'>Νικηφόρος</span> <span class='ocrx_word' id='word_1_306' title='bbox 1536 2803 1610 2865; x_wconf 81' lang='grc' dir='ltr'>ὡς</span> <span class='ocrx_word' id='word_1_307' title='bbox 1664 2803 1714 2858; x_wconf 74' lang='grc' dir='ltr'><strong>ἒν</strong></span> <span class='ocrx_word' id='word_1_308' title='bbox 1772 2803 2040 2866; x_wconf 86' lang='grc' dir='ltr'>ὑποθέσει·</span> 
     </span>
    </p>
   </div>
   <div class='ocr_carea' id='block_1_45' title="bbox 400 2889 2044 2970">
    <p class='ocr_par' dir='ltr' id='par_1_45' title="bbox 400 2889 2044 2970">
     <span class='ocr_line' id='line_1_46' title="bbox 400 2889 2044 2970; baseline 0.005 -31"><span class='ocrx_word' id='word_1_309' title='bbox 400 2891 698 2962; x_wconf 81' lang='grc' dir='ltr'>γουνοῦμαι</span> <span class='ocrx_word' id='word_1_310' title='bbox 757 2889 835 2951; x_wconf 82' lang='grc' dir='ltr'>εἷς</span> <span class='ocrx_word' id='word_1_311' title='bbox 891 2891 1228 2964; x_wconf 84' lang='grc' dir='ltr'>γνησιότητα</span> <span class='ocrx_word' id='word_1_312' title='bbox 1280 2889 1506 2970; x_wconf 73' lang='grc' dir='ltr'>φιλικὴν</span> <span class='ocrx_word' id='word_1_313' title='bbox 1567 2891 1923 2970; x_wconf 67' lang='grc' dir='ltr'>ἑγγραφῆναι.</span> <span class='ocrx_word' id='word_1_314' title='bbox 1983 2891 2044 2948; x_wconf 78' lang='grc' dir='ltr'>Ὀ</span> 
     </span>
    </p>
   </div>
   <div class='ocr_carea' id='block_1_46' title="bbox 406 2970 2042 3057">
    <p class='ocr_par' dir='ltr' id='par_1_46' title="bbox 406 2970 2042 3057">
     <span class='ocr_line' id='line_1_47' title="bbox 406 2970 2042 3057; baseline 0.004 -29"><span class='ocrx_word' id='word_1_315' title='bbox 406 2970 465 3028; x_wconf 66' lang='grc' dir='ltr'>δὲ</span> <span class='ocrx_word' id='word_1_316' title='bbox 495 2973 621 3037; x_wconf 69' lang='grc' dir='ltr'>ἴσως</span> <span class='ocrx_word' id='word_1_317' title='bbox 651 2977 712 3031; x_wconf 78' lang='grc' dir='ltr'>οὐ</span> <span class='ocrx_word' id='word_1_318' title='bbox 764 2977 928 3052; x_wconf 85' lang='grc' dir='ltr'>μόνον</span> <span class='ocrx_word' id='word_1_319' title='bbox 967 2978 1029 3034; x_wconf 82' lang='grc' dir='ltr'><strong>οὗ</strong></span> <span class='ocrx_word' id='word_1_320' title='bbox 1077 2981 1430 3057; x_wconf 80' lang='grc' dir='ltr'>προσήσεται,</span> <span class='ocrx_word' id='word_1_321' title='bbox 1480 2977 1626 3037; x_wconf 83' lang='grc' dir='ltr'>ἀλλᾶ</span> <span class='ocrx_word' id='word_1_322' title='bbox 1661 2983 1773 3052; x_wconf 83' lang='grc' dir='ltr'>καὶ,</span> <span class='ocrx_word' id='word_1_323' title='bbox 1835 2979 1888 3036; x_wconf 79' lang='grc' dir='ltr'><strong>εἷ’</strong></span> <span class='ocrx_word' id='word_1_324' title='bbox 1937 3001 2042 3035; x_wconf 90' lang='grc' dir='ltr'><strong>που</strong></span> 
     </span>
    </p>
   </div>
   <div class='ocr_carea' id='block_1_47' title="bbox 407 3065 2042 3144">
    <p class='ocr_par' dir='ltr' id='par_1_47' title="bbox 407 3065 2042 3144">
     <span class='ocr_line' id='line_1_48' title="bbox 407 3065 2042 3144; baseline 0.004 -27"><span class='ocrx_word' id='word_1_325' title='bbox 407 3066 757 3140; x_wconf 86' lang='grc' dir='ltr'>παρευρεθείη</span> <span class='ocrx_word' id='word_1_326' title='bbox 811 3065 983 3138; x_wconf 80' lang='grc' dir='ltr'>λίθος,</span> <span class='ocrx_word' id='word_1_327' title='bbox 1035 3069 1070 3139; x_wconf 70' lang='grc' dir='ltr'><strong>ἢ</strong></span> <span class='ocrx_word' id='word_1_328' title='bbox 1129 3068 1314 3142; x_wconf 80' lang='grc' dir='ltr'>ξύλον,</span> <span class='ocrx_word' id='word_1_329' title='bbox 1373 3071 1598 3144; x_wconf 85' lang='grc' dir='ltr'>ἁρπάζει</span> <span class='ocrx_word' id='word_1_330' title='bbox 1647 3070 1764 3124; x_wconf 89' lang='grc' dir='ltr'>κατ’</span> <span class='ocrx_word' id='word_1_331' title='bbox 1817 3069 1952 3142; x_wconf 69' lang='grc' dir='ltr'>ἱμοῦ</span> <span class='ocrx_word' id='word_1_332' title='bbox 1979 3070 2042 3124; x_wconf 90' lang='grc' dir='ltr'>τὸ</span> 
     </span>
    </p>
   </div>
   <div class='ocr_carea' id='block_1_48' title="bbox 401 3153 2045 3236">
    <p class='ocr_par' dir='ltr' id='par_1_48' title="bbox 401 3153 2045 3236">
     <span class='ocr_line' id='line_1_49' title="bbox 401 3153 2045 3236; baseline 0.004 -29"><span class='ocrx_word' id='word_1_333' title='bbox 401 3154 828 3230; x_wconf 75' lang='grc' dir='ltr'>παρευρημένον·</span> <span class='ocrx_word' id='word_1_334' title='bbox 895 3153 1205 3234; x_wconf 78' lang='grc' dir='ltr'>παραϐαλεῖ</span> <span class='ocrx_word' id='word_1_335' title='bbox 1276 3156 1332 3214; x_wconf 76' lang='grc' dir='ltr'><strong>δὶ</strong></span> <span class='ocrx_word' id='word_1_336' title='bbox 1386 3159 1474 3214; x_wconf 83' lang='grc' dir='ltr'><strong>καὶ</strong></span> <span class='ocrx_word' id='word_1_337' title='bbox 1527 3159 1750 3236; x_wconf 82' lang='grc' dir='ltr'>ξίφεσιν,</span> <span class='ocrx_word' id='word_1_338' title='bbox 1813 3157 1866 3214; x_wconf 75' lang='grc' dir='ltr'>εἶ’</span> <span class='ocrx_word' id='word_1_339' title='bbox 1904 3180 2045 3221; x_wconf 86' lang='grc' dir='ltr'>τινες</span> 
     </span>
    </p>
   </div>
   <div class='ocr_carea' id='block_1_49' title="bbox 396 3242 2042 3320">
    <p class='ocr_par' dir='ltr' id='par_1_49' title="bbox 396 3242 2042 3320">
     <span class='ocr_line' id='line_1_50' title="bbox 396 3242 2042 3320; baseline 0.004 -24"><span class='ocrx_word' id='word_1_340' title='bbox 396 3242 763 3320; x_wconf 72' lang='grc' dir='ltr'>παρατύχοιεν</span> <span class='ocrx_word' id='word_1_341' title='bbox 819 3245 962 3302; x_wconf 71' lang='grc' dir='ltr'>οὕτω</span> <span class='ocrx_word' id='word_1_342' title='bbox 1015 3249 1320 3311; x_wconf 88' lang='grc' dir='ltr'>θανοῦντες.</span> <span class='ocrx_word' id='word_1_343' title='bbox 1379 3250 1504 3312; x_wconf 84' lang='grc' dir='ltr'>Πῶς</span> <span class='ocrx_word' id='word_1_344' title='bbox 1537 3247 1627 3303; x_wconf 80' lang='grc' dir='ltr'><strong>οὖν</strong></span> <span class='ocrx_word' id='word_1_345' title='bbox 1659 3247 1758 3303; x_wconf 87' lang='grc' dir='ltr'><strong>ούκ</strong></span> <span class='ocrx_word' id='word_1_346' title='bbox 1805 3243 2042 3319; x_wconf 75' lang='grc' dir='ltr'>εὐλαϐή-</span> 
     </span>
    </p>
   </div>
   <div class='ocr_carea' id='block_1_50' title="bbox 396 3310 2126 3414">
    <p class='ocr_par' dir='ltr' id='par_1_50' title="bbox 396 3310 2126 3414">
     <span class='ocr_line' id='line_1_51' title="bbox 396 3310 2126 3414; baseline 0.003 -28"><span class='ocrx_word' id='word_1_347' title='bbox 396 3310 561 3406; x_wconf 79' lang='grc' dir='ltr'>σομαι</span> <span class='ocrx_word' id='word_1_348' title='bbox 589 3310 771 3403; x_wconf 49' lang='grc' dir='ltr'>;ηπῶς</span> <span class='ocrx_word' id='word_1_349' title='bbox 821 3334 883 3390; x_wconf 82' lang='grc' dir='ltr'><strong>ού</strong></span> <span class='ocrx_word' id='word_1_350' title='bbox 932 3331 1282 3414; x_wconf 73' lang='grc' dir='ltr'>φοϐήσομαις</span> <span class='ocrx_word' id='word_1_351' title='bbox 1334 3310 1498 3393; x_wconf 85' lang='grc' dir='ltr'>πόθεν</span> <span class='ocrx_word' id='word_1_352' title='bbox 1531 3359 1625 3412; x_wconf 87' lang='grc' dir='ltr'><strong>μοι</strong></span> <span class='ocrx_word' id='word_1_353' title='bbox 1658 3336 1856 3414; x_wconf 76' lang='grc' dir='ltr'>θάρῥος</span> <span class='ocrx_word' id='word_1_354' title='bbox 1905 3310 2050 3392; x_wconf 71' lang='grc' dir='ltr'>ἔσται</span> <span class='ocrx_word' id='word_1_355' title='bbox 2083 3310 2126 3378; x_wconf 78' lang='lat' dir='ltr'><strong>C</strong></span> 
     </span>
    </p>
   </div>
   <div class='ocr_carea' id='block_1_51' title="bbox 396 3422 2056 3502">
    <p class='ocr_par' dir='ltr' id='par_1_51' title="bbox 396 3422 2056 3502">
     <span class='ocr_line' id='line_1_52' title="bbox 396 3422 2056 3502; baseline 0.003 -27"><span class='ocrx_word' id='word_1_356' title='bbox 396 3422 693 3496; x_wconf 79' lang='grc' dir='ltr'>προσμίξαι</span> <span class='ocrx_word' id='word_1_357' title='bbox 745 3427 825 3497; x_wconf 82' lang='grc' dir='ltr'>τῷ</span> <span class='ocrx_word' id='word_1_358' title='bbox 886 3425 1168 3502; x_wconf 87' lang='grc' dir='ltr'>Σαπρικίῳ</span> <span class='ocrx_word' id='word_1_359' title='bbox 1225 3425 1304 3489; x_wconf 67' lang='grc' dir='ltr'>εἲς</span> <span class='ocrx_word' id='word_1_360' title='bbox 1363 3425 1627 3501; x_wconf 86' lang='grc' dir='ltr'>ὁμιλίαν,</span> <span class='ocrx_word' id='word_1_361' title='bbox 1688 3425 1770 3482; x_wconf 78' lang='grc' dir='ltr'>ὅτι</span> <span class='ocrx_word' id='word_1_362' title='bbox 1834 3428 1908 3500; x_wconf 79' lang='grc' dir='ltr'>μὴ</span> <span class='ocrx_word' id='word_1_363' title='bbox 1966 3423 2056 3481; x_wconf 82' lang='grc' dir='ltr'>διὰ</span> 
     </span>
    </p>
   </div>
   <div class='ocr_carea' id='block_1_52' title="bbox 403 3509 2053 3590">
    <p class='ocr_par' dir='ltr' id='par_1_52' title="bbox 403 3509 2053 3590">
     <span class='ocr_line' id='line_1_53' title="bbox 403 3509 2053 3590; baseline 0.003 -25"><span class='ocrx_word' id='word_1_364' title='bbox 403 3509 571 3584; x_wconf 89' lang='grc' dir='ltr'>μόνου</span> <span class='ocrx_word' id='word_1_365' title='bbox 601 3516 700 3566; x_wconf 85' lang='grc' dir='ltr'><strong>τοῦ</strong></span> <span class='ocrx_word' id='word_1_366' title='bbox 728 3517 884 3582; x_wconf 87' lang='grc' dir='ltr'>Θεοῦ,</span> <span class='ocrx_word' id='word_1_367' title='bbox 925 3514 1238 3586; x_wconf 81' lang='grc' dir='ltr'>ὠθήσαντός</span> <span class='ocrx_word' id='word_1_368' title='bbox 1292 3537 1375 3590; x_wconf 87' lang='grc' dir='ltr'><strong>με,</strong></span> <span class='ocrx_word' id='word_1_369' title='bbox 1432 3517 1506 3578; x_wconf 86' lang='grc' dir='ltr'>ὡς</span> <span class='ocrx_word' id='word_1_370' title='bbox 1555 3514 1757 3579; x_wconf 82' lang='grc' dir='ltr'>ἐκεῖνος</span> <span class='ocrx_word' id='word_1_371' title='bbox 1805 3513 1916 3571; x_wconf 73' lang='grc' dir='ltr'>οἶδε</span> <span class='ocrx_word' id='word_1_372' title='bbox 1962 3515 2053 3571; x_wconf 84' lang='grc' dir='ltr'><strong>καὶ</strong></span> 
     </span>
    </p>
   </div>
   <div class='ocr_carea' id='block_1_53' title="bbox 394 3601 2050 3684">
    <p class='ocr_par' dir='ltr' id='par_1_53' title="bbox 394 3601 2050 3684">
     <span class='ocr_line' id='line_1_54' title="bbox 394 3601 2050 3684; baseline 0.004 -30"><span class='ocrx_word' id='word_1_373' title='bbox 394 3601 462 3654; x_wconf 71' lang='grc' dir='ltr'>τὰ</span> <span class='ocrx_word' id='word_1_374' title='bbox 489 3605 712 3656; x_wconf 90' lang='grc' dir='ltr'>τοιαῦτα</span> <span class='ocrx_word' id='word_1_375' title='bbox 743 3601 1092 3676; x_wconf 75' lang='grc' dir='ltr'>οἰκονομεῖν;</span> <span class='ocrx_word' id='word_1_376' title='bbox 1148 3605 1382 3673; x_wconf 81' lang='grc' dir='ltr'>Οὐκοῦν,</span> <span class='ocrx_word' id='word_1_377' title='bbox 1434 3603 1488 3661; x_wconf 79' lang='grc' dir='ltr'><strong>εἷ’</strong></span> <span class='ocrx_word' id='word_1_378' title='bbox 1522 3628 1603 3668; x_wconf 90' lang='grc' dir='ltr'><strong>τις</strong></span> <span class='ocrx_word' id='word_1_379' title='bbox 1651 3606 1784 3680; x_wconf 83' lang='grc' dir='ltr'><strong>ὀρθά</strong></span> <span class='ocrx_word' id='word_1_380' title='bbox 1835 3611 2050 3684; x_wconf 81' lang='grc' dir='ltr'>φρονεῖν</span> 
     </span>
    </p>
   </div>
   <div class='ocr_carea' id='block_1_54' title="bbox 397 3687 2050 3772">
    <p class='ocr_par' dir='ltr' id='par_1_54' title="bbox 397 3687 2050 3772">
     <span class='ocr_line' id='line_1_55' title="bbox 397 3687 2050 3772; baseline 0.004 -29"><span class='ocrx_word' id='word_1_381' title='bbox 397 3691 575 3754; x_wconf 89' lang='grc' dir='ltr'>θεοθεν</span> <span class='ocrx_word' id='word_1_382' title='bbox 627 3687 849 3767; x_wconf 75' lang='grc' dir='ltr'>ἔλαχεν,</span> <span class='ocrx_word' id='word_1_383' title='bbox 902 3693 1124 3765; x_wconf 73' lang='grc' dir='ltr'>όκνήσοι</span> <span class='ocrx_word' id='word_1_384' title='bbox 1183 3693 1243 3748; x_wconf 74' lang='grc' dir='ltr'>ἂν</span> <span class='ocrx_word' id='word_1_385' title='bbox 1286 3692 1624 3772; x_wconf 86' lang='grc' dir='ltr'>προδραμεῖν</span> <span class='ocrx_word' id='word_1_386' title='bbox 1672 3697 1761 3750; x_wconf 87' lang='grc' dir='ltr'><strong>καὶ</strong></span> <span class='ocrx_word' id='word_1_387' title='bbox 1814 3696 2050 3771; x_wconf 78' lang='grc' dir='ltr'>ἁρπάσαι</span> 
     </span>
    </p>
   </div>
   <div class='ocr_carea' id='block_1_55' title="bbox 396 3778 2048 3864">
    <p class='ocr_par' dir='ltr' id='par_1_55' title="bbox 396 3778 2048 3864">
     <span class='ocr_line' id='line_1_56' title="bbox 396 3778 2048 3864; baseline 0.005 -32"><span class='ocrx_word' id='word_1_388' title='bbox 396 3778 489 3833; x_wconf 80' lang='grc' dir='ltr'>τὸν</span> <span class='ocrx_word' id='word_1_389' title='bbox 520 3779 747 3849; x_wconf 75' lang='grc' dir='ltr'>ἱκέσιον,</span> <span class='ocrx_word' id='word_1_390' title='bbox 791 3781 880 3835; x_wconf 82' lang='grc' dir='ltr'><strong>καὶ</strong></span> <span class='ocrx_word' id='word_1_391' title='bbox 919 3780 1324 3856; x_wconf 75' lang='grc' dir='ltr'>ὲκμειλίξασθαι</span> <span class='ocrx_word' id='word_1_392' title='bbox 1373 3785 1464 3840; x_wconf 85' lang='grc' dir='ltr'><strong>τὸν</strong></span> <span class='ocrx_word' id='word_1_393' title='bbox 1496 3784 1775 3864; x_wconf 84' lang='grc' dir='ltr'>πεφηνότα</span> <span class='ocrx_word' id='word_1_394' title='bbox 1827 3784 2048 3862; x_wconf 74' lang='grc' dir='ltr'>ἐχθρὸν,</span> 
     </span>
    </p>
   </div>
   <div class='ocr_carea' id='block_1_56' title="bbox 399 3869 2049 3951">
    <p class='ocr_par' dir='ltr' id='par_1_56' title="bbox 399 3869 2049 3951">
     <span class='ocr_line' id='line_1_57' title="bbox 399 3869 2049 3951; baseline 0.003 -28"><span class='ocrx_word' id='word_1_395' title='bbox 399 3869 461 3923; x_wconf 87' lang='grc' dir='ltr'><strong>ού</strong></span> <span class='ocrx_word' id='word_1_396' title='bbox 499 3869 638 3924; x_wconf 81' lang='grc' dir='ltr'>κατὰ</span> <span class='ocrx_word' id='word_1_397' title='bbox 670 3870 956 3946; x_wconf 81' lang='grc' dir='ltr'>συγκυρίαν</span> <span class='ocrx_word' id='word_1_398' title='bbox 988 3871 1203 3946; x_wconf 85' lang='grc' dir='ltr'>ἀπλῶς,</span> <span class='ocrx_word' id='word_1_399' title='bbox 1237 3871 1383 3930; x_wconf 76' lang='grc' dir='ltr'>ἀλλὰ</span> <span class='ocrx_word' id='word_1_400' title='bbox 1434 3872 1670 3948; x_wconf 86' lang='grc' dir='ltr'>μελέτην</span> <span class='ocrx_word' id='word_1_401' title='bbox 1718 3873 2049 3951; x_wconf 69' lang='grc' dir='ltr'>ἰνδόμυχον,</span> 
     </span>
    </p>
   </div>
   <div class='ocr_carea' id='block_1_57' title="bbox 396 3953 2050 4040">
    <p class='ocr_par' dir='ltr' id='par_1_57' title="bbox 396 3953 2050 4040">
     <span class='ocr_line' id='line_1_58' title="bbox 396 3953 2050 4040; baseline 0.006 -30"><span class='ocrx_word' id='word_1_402' title='bbox 396 3957 487 4011; x_wconf 84' lang='grc' dir='ltr'><strong>καὶ</strong></span> <span class='ocrx_word' id='word_1_403' title='bbox 517 3957 685 4027; x_wconf 77' lang='grc' dir='ltr'>αὐτὴν</span> <span class='ocrx_word' id='word_1_404' title='bbox 717 3953 1050 4036; x_wconf 75' lang='grc' dir='ltr'>ἔμπρακτον,</span> <span class='ocrx_word' id='word_1_405' title='bbox 1082 3961 1172 4017; x_wconf 89' lang='grc' dir='ltr'><strong>καί</strong></span> <span class='ocrx_word' id='word_1_406' title='bbox 1199 3985 1260 4039; x_wconf 84' lang='grc' dir='ltr'>γε</span> <span class='ocrx_word' id='word_1_407' title='bbox 1291 3961 1564 4040; x_wconf 83' lang='grc' dir='ltr'>ὀλεθρίαν,</span> <span class='ocrx_word' id='word_1_408' title='bbox 1597 3963 1647 4020; x_wconf 70' lang='grc' dir='ltr'><strong>εἴ</strong></span> <span class='ocrx_word' id='word_1_409' title='bbox 1681 3966 1755 4040; x_wconf 85' lang='grc' dir='ltr'>μὴ</span> <span class='ocrx_word' id='word_1_410' title='bbox 1805 3965 1904 4035; x_wconf 82' lang='grc' dir='ltr'>τήν</span> <span class='ocrx_word' id='word_1_411' title='bbox 1947 3965 2050 4020; x_wconf 72' lang='grc' dir='ltr'><strong>ἀκε</strong></span> 
     </span>
    </p>
   </div>
   <div class='ocr_carea' id='block_1_58' title="bbox 399 4045 1584 4126">
    <p class='ocr_par' dir='ltr' id='par_1_58' title="bbox 399 4045 1584 4126">
     <span class='ocr_line' id='line_1_59' title="bbox 399 4045 1584 4126; baseline 0.008 -26"><span class='ocrx_word' id='word_1_412' title='bbox 399 4047 508 4120; x_wconf 78' lang='grc' dir='ltr'>μὴν</span> <span class='ocrx_word' id='word_1_413' title='bbox 539 4052 635 4103; x_wconf 89' lang='grc' dir='ltr'><strong>τοῦ</strong></span> <span class='ocrx_word' id='word_1_414' title='bbox 664 4045 1041 4125; x_wconf 76' lang='grc' dir='ltr'>αἶ’χμάσοντος</span> <span class='ocrx_word' id='word_1_415' title='bbox 1062 4046 1342 4126; x_wconf 70' lang='grc' dir='ltr'>ἤμϐλυνεν</span> <span class='ocrx_word' id='word_1_416' title='bbox 1377 4053 1406 4108; x_wconf 83' lang='grc' dir='ltr'>ὁ</span> <span class='ocrx_word' id='word_1_417' title='bbox 1437 4052 1584 4117; x_wconf 78' lang='grc' dir='ltr'>Θεός.</span> 
     </span>
    </p>
   </div>
   <div class='ocr_carea' id='block_1_59' title="bbox 471 4239 2046 4324">
    <p class='ocr_par' dir='ltr' id='par_1_59' title="bbox 471 4239 2046 4324">
     <span class='ocr_line' id='line_1_60' title="bbox 471 4239 2046 4324; baseline 0.005 -27"><span class='ocrx_word' id='word_1_418' title='bbox 471 4249 558 4318; x_wconf 87' lang='grc' dir='ltr'><strong>ιγ’·</strong></span> <span class='ocrx_word' id='word_1_419' title='bbox 591 4239 720 4300; x_wconf 73' lang='grc' dir='ltr'>Δέον</span> <span class='ocrx_word' id='word_1_420' title='bbox 777 4244 982 4316; x_wconf 85' lang='grc' dir='ltr'>τοίνυν,</span> <span class='ocrx_word' id='word_1_421' title='bbox 1033 4244 1088 4301; x_wconf 78' lang='grc' dir='ltr'><strong>εἷ’</strong></span> <span class='ocrx_word' id='word_1_422' title='bbox 1124 4267 1206 4310; x_wconf 90' lang='grc' dir='ltr'><strong>τις</strong></span> <span class='ocrx_word' id='word_1_423' title='bbox 1250 4247 1437 4324; x_wconf 77' lang='grc' dir='ltr'>ἐχθρῷ</span> <span class='ocrx_word' id='word_1_424' title='bbox 1472 4247 1709 4322; x_wconf 75' lang='grc' dir='ltr'>τοιούτῳ</span> <span class='ocrx_word' id='word_1_425' title='bbox 1738 4251 2046 4323; x_wconf 77' lang='grc' dir='ltr'>περιπέσοι,</span> 
     </span>
    </p>
   </div>
   <div class='ocr_carea' id='block_1_60' title="bbox 398 4329 2041 4414">
    <p class='ocr_par' dir='ltr' id='par_1_60' title="bbox 398 4329 2041 4414">
     <span class='ocr_line' id='line_1_61' title="bbox 398 4329 2041 4414; baseline 0.005 -29"><span class='ocrx_word' id='word_1_426' title='bbox 398 4329 760 4405; x_wconf 86' lang='grc' dir='ltr'>ἀναποδίζειν,</span> <span class='ocrx_word' id='word_1_427' title='bbox 819 4331 874 4389; x_wconf 83' lang='grc' dir='ltr'><strong>εἷ’</strong></span> <span class='ocrx_word' id='word_1_428' title='bbox 925 4355 1030 4390; x_wconf 87' lang='grc' dir='ltr'><strong>που</strong></span> <span class='ocrx_word' id='word_1_429' title='bbox 1089 4334 1234 4408; x_wconf 80' lang='grc' dir='ltr'><strong>αὖτῷ</strong></span> <span class='ocrx_word' id='word_1_430' title='bbox 1268 4336 1564 4413; x_wconf 77' lang='grc' dir='ltr'>περιτύχῃ,</span> <span class='ocrx_word' id='word_1_431' title='bbox 1624 4339 1715 4392; x_wconf 87' lang='grc' dir='ltr'><strong>καὶ</strong></span> <span class='ocrx_word' id='word_1_432' title='bbox 1771 4337 2041 4414; x_wconf 88' lang='grc' dir='ltr'>πρύμναν,</span> 
     </span>
    </p>
   </div>
   <div class='ocr_carea' id='block_1_61' title="bbox 396 4419 2044 4503">
    <p class='ocr_par' dir='ltr' id='par_1_61' title="bbox 396 4419 2044 4503">
     <span class='ocr_line' id='line_1_62' title="bbox 396 4419 2044 4503; baseline 0.005 -29"><span class='ocrx_word' id='word_1_433' title='bbox 396 4419 471 4483; x_wconf 83' lang='grc' dir='ltr'>ὡς</span> <span class='ocrx_word' id='word_1_434' title='bbox 503 4419 674 4484; x_wconf 69' lang='grc' dir='ltr'>οὕτως</span> <span class='ocrx_word' id='word_1_435' title='bbox 715 4420 904 4491; x_wconf 71' lang='grc' dir='ltr'>είπεῖν,</span> <span class='ocrx_word' id='word_1_436' title='bbox 953 4424 1261 4500; x_wconf 86' lang='grc' dir='ltr'>κρούεσθαι,</span> <span class='ocrx_word' id='word_1_437' title='bbox 1301 4425 1390 4481; x_wconf 88' lang='grc' dir='ltr'><strong>καὶ</strong></span> <span class='ocrx_word' id='word_1_438' title='bbox 1440 4425 1808 4503; x_wconf 82' lang='grc' dir='ltr'>ἀνακωχεύειν</span> <span class='ocrx_word' id='word_1_439' title='bbox 1855 4426 1907 4482; x_wconf 81' lang='grc' dir='ltr'>έν</span> <span class='ocrx_word' id='word_1_440' title='bbox 1963 4432 2044 4500; x_wconf 77' lang='grc' dir='ltr'>τῷ</span> 
     </span>
    </p>
   </div>
   <div class='ocr_carea' id='block_1_62' title="bbox 393 4504 2044 4592">
    <p class='ocr_par' dir='ltr' id='par_1_62' title="bbox 393 4504 2044 4592">
     <span class='ocr_line' id='line_1_63' title="bbox 393 4504 2044 4592; baseline 0.005 -30"><span class='ocrx_word' id='word_1_441' title='bbox 393 4504 766 4584; x_wconf 77' lang='grc' dir='ltr'>εὐλαϐεῖσθαι,</span> <span class='ocrx_word' id='word_1_442' title='bbox 827 4513 904 4584; x_wconf 82' lang='grc' dir='ltr'>μὴ</span> <span class='ocrx_word' id='word_1_443' title='bbox 956 4512 1069 4582; x_wconf 84' lang='grc' dir='ltr'>καὶ,</span> <span class='ocrx_word' id='word_1_444' title='bbox 1126 4511 1320 4588; x_wconf 89' lang='grc' dir='ltr'>λιμένα</span> <span class='ocrx_word' id='word_1_445' title='bbox 1378 4511 1550 4570; x_wconf 80' lang='grc' dir='ltr'>δοκῶν</span> <span class='ocrx_word' id='word_1_446' title='bbox 1611 4517 1810 4592; x_wconf 87' lang='grc' dir='ltr'>εὑρεῖν,</span> <span class='ocrx_word' id='word_1_447' title='bbox 1868 4536 2044 4592; x_wconf 88' lang='grc' dir='ltr'>προσ-</span> 
     </span>
    </p>
   </div>
   <div class='ocr_carea' id='block_1_63' title="bbox 394 4601 2039 4678">
    <p class='ocr_par' dir='ltr' id='par_1_63' title="bbox 394 4601 2039 4678">
     <span class='ocr_line' id='line_1_64' title="bbox 394 4601 2039 4678; baseline 0.005 -26"><span class='ocrx_word' id='word_1_448' title='bbox 394 4601 766 4674; x_wconf 78' lang='grc' dir='ltr'>αραχθήσεται</span> <span class='ocrx_word' id='word_1_449' title='bbox 813 4601 981 4678; x_wconf 74' lang='grc' dir='ltr'>ῥαχίᾳ</span> <span class='ocrx_word' id='word_1_450' title='bbox 1037 4602 1113 4666; x_wconf 81' lang='grc' dir='ltr'>εἷς</span> <span class='ocrx_word' id='word_1_451' title='bbox 1173 4602 1468 4662; x_wconf 85' lang='grc' dir='ltr'>ἀπώλειαν·</span> <span class='ocrx_word' id='word_1_452' title='bbox 1527 4606 1615 4661; x_wconf 80' lang='grc' dir='ltr'><strong>καὶ</strong></span> <span class='ocrx_word' id='word_1_453' title='bbox 1679 4605 1779 4661; x_wconf 81' lang='grc' dir='ltr'><strong>οὐκ</strong></span> <span class='ocrx_word' id='word_1_454' title='bbox 1834 4605 1894 4660; x_wconf 70' lang='grc' dir='ltr'>ἂν</span> <span class='ocrx_word' id='word_1_455' title='bbox 1956 4602 2039 4678; x_wconf 75' lang='grc' dir='ltr'><strong>εἷή</strong></span> 
     </span>
    </p>
   </div>
   <div class='ocr_carea' id='block_1_64' title="bbox 2155 2066 3814 2135">
    <p class='ocr_par' dir='ltr' id='par_1_64' title="bbox 2155 2066 3814 2135">
     <span class='ocr_line' id='line_1_65' title="bbox 2155 2066 3814 2135; baseline 0.005 -17"><span class='ocrx_word' id='word_1_456' title='bbox 2155 2081 2331 2135; x_wconf 90' lang='lat' dir='ltr'><strong>quam</strong></span> <span class='ocrx_word' id='word_1_457' title='bbox 2368 2069 2518 2120; x_wconf 90' lang='lat' dir='ltr'><strong>Deus</strong></span> <span class='ocrx_word' id='word_1_458' title='bbox 2551 2066 2778 2121; x_wconf 89' lang='lat' dir='ltr'><strong>detecta</strong></span> <span class='ocrx_word' id='word_1_459' title='bbox 2828 2083 2887 2122; x_wconf 90' lang='lat' dir='ltr'><strong>re</strong></span> <span class='ocrx_word' id='word_1_460' title='bbox 2933 2067 3206 2123; x_wconf 85' lang='lat' dir='ltr'><strong>certiores</strong></span> <span class='ocrx_word' id='word_1_461' title='bbox 3242 2084 3346 2124; x_wconf 90' lang='lat' dir='ltr'><strong>nos</strong></span> <span class='ocrx_word' id='word_1_462' title='bbox 3391 2069 3615 2135; x_wconf 83' lang='lat' dir='ltr'><strong>fecerit,</strong></span> <span class='ocrx_word' id='word_1_463' title='bbox 3671 2088 3814 2127; x_wconf 90' lang='lat' dir='ltr'><strong>num</strong></span> 
     </span>
    </p>
   </div>
   <div class='ocr_carea' id='block_1_65' title="bbox 2152 2151 3823 2231">
    <p class='ocr_par' dir='ltr' id='par_1_65' title="bbox 2152 2151 3823 2231">
     <span class='ocr_line' id='line_1_66' title="bbox 2152 2151 3823 2231; baseline 0.005 -25"><span class='ocrx_word' id='word_1_464' title='bbox 2152 2151 2394 2208; x_wconf 90' lang='lat' dir='ltr'><strong>invidus</strong></span> <span class='ocrx_word' id='word_1_465' title='bbox 2427 2171 2555 2209; x_wconf 89' lang='lat' dir='ltr'><strong>sese</strong></span> <span class='ocrx_word' id='word_1_466' title='bbox 2585 2171 2654 2210; x_wconf 83' lang='lat' dir='ltr'><strong>ex</strong></span> <span class='ocrx_word' id='word_1_467' title='bbox 2682 2155 2973 2226; x_wconf 88' lang='lat' dir='ltr'><strong>paradiso,</strong></span> <span class='ocrx_word' id='word_1_468' title='bbox 2997 2156 3116 2212; x_wconf 91' lang='lat' dir='ltr'><strong>imo</strong></span> <span class='ocrx_word' id='word_1_469' title='bbox 3147 2173 3216 2211; x_wconf 84' lang='lat' dir='ltr'><strong>ex</strong></span> <span class='ocrx_word' id='word_1_470' title='bbox 3247 2157 3363 2212; x_wconf 92' lang='lat' dir='ltr'><strong>Deo</strong></span> <span class='ocrx_word' id='word_1_471' title='bbox 3387 2159 3512 2229; x_wconf 89' lang='lat' dir='ltr'><strong>jam</strong></span> <span class='ocrx_word' id='word_1_472' title='bbox 3548 2175 3823 2231; x_wconf 84' lang='lat' dir='ltr'><strong>segrega-</strong></span> 
     </span>
    </p>
   </div>
   <div class='ocr_carea' id='block_1_66' title="bbox 2153 2243 3822 2319">
    <p class='ocr_par' dir='ltr' id='par_1_66' title="bbox 2153 2243 3822 2319">
     <span class='ocr_line' id='line_1_67' title="bbox 2153 2243 3822 2319; baseline 0.005 -23"><span class='ocrx_word' id='word_1_473' title='bbox 2153 2247 2280 2298; x_wconf 90' lang='lat' dir='ltr'><strong>tum</strong></span> <span class='ocrx_word' id='word_1_474' title='bbox 2315 2243 2506 2314; x_wconf 89' lang='lat' dir='ltr'><strong>malit,</strong></span> <span class='ocrx_word' id='word_1_475' title='bbox 2540 2245 2862 2300; x_wconf 88' lang='lat' dir='ltr'><strong>dummodo</strong></span> <span class='ocrx_word' id='word_1_476' title='bbox 2894 2245 3066 2302; x_wconf 91' lang='lat' dir='ltr'><strong>liceat</strong></span> <span class='ocrx_word' id='word_1_477' title='bbox 3097 2263 3303 2302; x_wconf 89' lang='lat' dir='ltr'><strong>nocere</strong></span> <span class='ocrx_word' id='word_1_478' title='bbox 3335 2247 3386 2302; x_wconf 86' lang='lat' dir='ltr'><strong>ei</strong></span> <span class='ocrx_word' id='word_1_479' title='bbox 3438 2263 3614 2319; x_wconf 90' lang='lat' dir='ltr'><strong>quem</strong></span> <span class='ocrx_word' id='word_1_480' title='bbox 3664 2265 3822 2304; x_wconf 84' lang='lat' dir='ltr'><strong>exse-</strong></span> 
     </span>
    </p>
   </div>
   <div class='ocr_carea' id='block_1_67' title="bbox 2154 2334 3816 2408">
    <p class='ocr_par' dir='ltr' id='par_1_67' title="bbox 2154 2334 3816 2408">
     <span class='ocr_line' id='line_1_68' title="bbox 2154 2334 3816 2408; baseline 0.005 -23"><span class='ocrx_word' id='word_1_481' title='bbox 2154 2336 2371 2386; x_wconf 89' lang='lat' dir='ltr'><strong>cratur.</strong></span> <span class='ocrx_word' id='word_1_482' title='bbox 2407 2334 2530 2397; x_wconf 88' lang='lat' dir='ltr'><strong>Qua</strong></span> <span class='ocrx_word' id='word_1_483' title='bbox 2561 2350 2696 2406; x_wconf 89' lang='lat' dir='ltr'><strong>ergo</strong></span> <span class='ocrx_word' id='word_1_484' title='bbox 2729 2334 2821 2389; x_wconf 89' lang='lat' dir='ltr'><strong>via</strong></span> <span class='ocrx_word' id='word_1_485' title='bbox 2877 2335 3008 2405; x_wconf 89' lang='lat' dir='ltr'><strong>quis</strong></span> <span class='ocrx_word' id='word_1_486' title='bbox 3068 2335 3284 2408; x_wconf 89' lang='lat' dir='ltr'><strong>poterit</strong></span> <span class='ocrx_word' id='word_1_487' title='bbox 3340 2336 3642 2392; x_wconf 90' lang='lat' dir='ltr'><strong>hominem</strong></span> <span class='ocrx_word' id='word_1_488' title='bbox 3682 2337 3816 2394; x_wconf 90' lang='lat' dir='ltr'><strong>odio</strong></span> 
     </span>
    </p>
   </div>
   <div class='ocr_carea' id='block_1_68' title="bbox 2154 2420 3812 2497">
    <p class='ocr_par' dir='ltr' id='par_1_68' title="bbox 2154 2420 3812 2497">
     <span class='ocr_line' id='line_1_69' title="bbox 2154 2420 3812 2497; baseline 0.005 -23"><span class='ocrx_word' id='word_1_489' title='bbox 2154 2423 2274 2474; x_wconf 87' lang='lat' dir='ltr'><strong>tam</strong></span> <span class='ocrx_word' id='word_1_490' title='bbox 2307 2420 2622 2491; x_wconf 88' lang='lat' dir='ltr'><strong>proclivem</strong></span> <span class='ocrx_word' id='word_1_491' title='bbox 2649 2427 2713 2476; x_wconf 93' lang='lat' dir='ltr'><strong>ut</strong></span> <span class='ocrx_word' id='word_1_492' title='bbox 2742 2423 2996 2479; x_wconf 90' lang='lat' dir='ltr'><strong>amicum</strong></span> <span class='ocrx_word' id='word_1_493' title='bbox 3032 2425 3216 2491; x_wconf 85' lang='lat' dir='ltr'><strong>adire,</strong></span> <span class='ocrx_word' id='word_1_494' title='bbox 3251 2441 3356 2480; x_wconf 92' lang='lat' dir='ltr'><strong>nec</strong></span> <span class='ocrx_word' id='word_1_495' title='bbox 3405 2425 3602 2497; x_wconf 89' lang='lat' dir='ltr'><strong>potius</strong></span> <span class='ocrx_word' id='word_1_496' title='bbox 3643 2431 3812 2482; x_wconf 77' lang='lat' dir='ltr'><strong>caute</strong></span> 
     </span>
    </p>
   </div>
   <div class='ocr_carea' id='block_1_69' title="bbox 2156 2510 3258 2569">
    <p class='ocr_par' dir='ltr' id='par_1_69' title="bbox 2156 2510 3258 2569">
     <span class='ocr_line' id='line_1_70' title="bbox 2156 2510 3258 2569; baseline 0.005 -6"><span class='ocrx_word' id='word_1_497' title='bbox 2156 2510 2465 2566; x_wconf 90' lang='lat' dir='ltr'><strong>convenire</strong></span> <span class='ocrx_word' id='word_1_498' title='bbox 2499 2516 2564 2566; x_wconf 94' lang='lat' dir='ltr'><strong>ut</strong></span> <span class='ocrx_word' id='word_1_499' title='bbox 2590 2511 2838 2569; x_wconf 89' lang='lat' dir='ltr'><strong>insidias</strong></span> <span class='ocrx_word' id='word_1_500' title='bbox 2872 2513 3258 2569; x_wconf 84' lang='lat' dir='ltr'><strong>molientem?</strong></span> 
     </span>
    </p>
   </div>
   <div class='ocr_carea' id='block_1_70' title="bbox 2231 2616 3809 2694">
    <p class='ocr_par' dir='ltr' id='par_1_70' title="bbox 2231 2616 3809 2694">
     <span class='ocr_line' id='line_1_71' title="bbox 2231 2616 3809 2694; baseline 0.005 -24"><span class='ocrx_word' id='word_1_501' title='bbox 2231 2616 2316 2672; x_wconf 83' lang='lat'><strong>12.</strong></span> <span class='ocrx_word' id='word_1_502' title='bbox 2349 2620 2541 2674; x_wconf 92' lang='lat' dir='ltr'><strong>Prono</strong></span> <span class='ocrx_word' id='word_1_503' title='bbox 2571 2635 2684 2687; x_wconf 91' lang='lat' dir='ltr'><strong>me,</strong></span> <span class='ocrx_word' id='word_1_504' title='bbox 2713 2619 3112 2690; x_wconf 89' lang='lat' dir='ltr'><strong>amici,coram</strong></span> <span class='ocrx_word' id='word_1_505' title='bbox 3145 2620 3381 2677; x_wconf 91' lang='lat' dir='ltr'><strong>homine</strong></span> <span class='ocrx_word' id='word_1_506' title='bbox 3412 2638 3586 2694; x_wconf 89' lang='lat' dir='ltr'><strong>quem</strong></span> <span class='ocrx_word' id='word_1_507' title='bbox 3623 2621 3809 2694; x_wconf 85' lang='lat' dir='ltr'><strong>ﬁnge-</strong></span> 
     </span>
    </p>
   </div>
   <div class='ocr_carea' id='block_1_71' title="bbox 2157 2707 3806 2782">
    <p class='ocr_par' dir='ltr' id='par_1_71' title="bbox 2157 2707 3806 2782">
     <span class='ocr_line' id='line_1_72' title="bbox 2157 2707 3806 2782; baseline 0.005 -24"><span class='ocrx_word' id='word_1_508' title='bbox 2157 2720 2291 2760; x_wconf 91' lang='lat' dir='ltr'><strong>mus</strong></span> <span class='ocrx_word' id='word_1_509' title='bbox 2320 2721 2449 2760; x_wconf 83' lang='lat' dir='ltr'><strong>esse</strong></span> <span class='ocrx_word' id='word_1_510' title='bbox 2480 2707 2830 2778; x_wconf 89' lang='lat' dir='ltr'><strong>Sapricium.</strong></span> <span class='ocrx_word' id='word_1_511' title='bbox 2863 2709 3007 2765; x_wconf 90' lang='lat' dir='ltr'><strong>Volo</strong></span> <span class='ocrx_word' id='word_1_512' title='bbox 3037 2709 3208 2782; x_wconf 90' lang='lat' dir='ltr'><strong>plane</strong></span> <span class='ocrx_word' id='word_1_513' title='bbox 3238 2711 3296 2766; x_wconf 93' lang='lat' dir='ltr'><strong>in</strong></span> <span class='ocrx_word' id='word_1_514' title='bbox 3329 2713 3457 2782; x_wconf 90' lang='lat' dir='ltr'><strong>ejus</strong></span> <span class='ocrx_word' id='word_1_515' title='bbox 3485 2711 3806 2768; x_wconf 87' lang='lat' dir='ltr'><strong>amicitiam</strong></span> 
     </span>
    </p>
   </div>
   <div class='ocr_carea' id='block_1_72' title="bbox 2155 2793 3816 2871">
    <p class='ocr_par' dir='ltr' id='par_1_72' title="bbox 2155 2793 3816 2871">
     <span class='ocr_line' id='line_1_73' title="bbox 2155 2793 3816 2871; baseline 0.006 -24"><span class='ocrx_word' id='word_1_516' title='bbox 2155 2793 2355 2865; x_wconf 91' lang='lat' dir='ltr'><strong>recipi.</strong></span> <span class='ocrx_word' id='word_1_517' title='bbox 2390 2800 2644 2852; x_wconf 88' lang='lat' dir='ltr'><strong>Accurro</strong></span> <span class='ocrx_word' id='word_1_518' title='bbox 2674 2797 2744 2852; x_wconf 90' lang='lat' dir='ltr'><strong>ad</strong></span> <span class='ocrx_word' id='word_1_519' title='bbox 2772 2814 2907 2853; x_wconf 90' lang='lat' dir='ltr'><strong>eum</strong></span> <span class='ocrx_word' id='word_1_520' title='bbox 2939 2815 3068 2870; x_wconf 88' lang='lat' dir='ltr'><strong>ego,</strong></span> <span class='ocrx_word' id='word_1_521' title='bbox 3125 2803 3190 2854; x_wconf 90' lang='lat' dir='ltr'><strong>ut</strong></span> <span class='ocrx_word' id='word_1_522' title='bbox 3249 2799 3584 2871; x_wconf 88' lang='lat' dir='ltr'><strong>posuimus,</strong></span> <span class='ocrx_word' id='word_1_523' title='bbox 3645 2799 3816 2857; x_wconf 83' lang='lat' dir='ltr'><strong>Nice-</strong></span> 
     </span>
    </p>
   </div>
   <div class='ocr_carea' id='block_1_73' title="bbox 2155 2882 3814 2958">
    <p class='ocr_par' dir='ltr' id='par_1_73' title="bbox 2155 2882 3814 2958">
     <span class='ocr_line' id='line_1_74' title="bbox 2155 2882 3814 2958; baseline 0.006 -22"><span class='ocrx_word' id='word_1_524' title='bbox 2155 2882 2396 2952; x_wconf 92' lang='lat' dir='ltr'><strong>phorus.</strong></span> <span class='ocrx_word' id='word_1_525' title='bbox 2429 2887 2630 2941; x_wconf 89' lang='lat' dir='ltr'><strong>Genua</strong></span> <span class='ocrx_word' id='word_1_526' title='bbox 2661 2887 2984 2958; x_wconf 87' lang='lat' dir='ltr'><strong>amplector</strong></span> <span class='ocrx_word' id='word_1_527' title='bbox 3030 2893 3097 2943; x_wconf 90' lang='lat' dir='ltr'><strong>ut</strong></span> <span class='ocrx_word' id='word_1_528' title='bbox 3147 2889 3350 2946; x_wconf 81' lang='lat' dir='ltr'><strong>ﬁdeles</strong></span> <span class='ocrx_word' id='word_1_529' title='bbox 3395 2889 3545 2946; x_wconf 87' lang='lat' dir='ltr'><strong>inter</strong></span> <span class='ocrx_word' id='word_1_530' title='bbox 3591 2890 3814 2946; x_wconf 86' lang='lat' dir='ltr'><strong>amicos</strong></span> 
     </span>
    </p>
   </div>
   <div class='ocr_carea' id='block_1_74' title="bbox 2152 2974 3818 3035">
    <p class='ocr_par' dir='ltr' id='par_1_74' title="bbox 2152 2974 3818 3035">
     <span class='ocr_line' id='line_1_75' title="bbox 2152 2974 3818 3035; baseline 0.005 -9"><span class='ocrx_word' id='word_1_531' title='bbox 2152 2987 2246 3027; x_wconf 89' lang='lat' dir='ltr'><strong>me</strong></span> <span class='ocrx_word' id='word_1_532' title='bbox 2275 2974 2629 3031; x_wconf 88' lang='lat' dir='ltr'><strong>conscribat.</strong></span> <span class='ocrx_word' id='word_1_533' title='bbox 2662 2976 2716 3032; x_wconf 91' lang='lat' dir='ltr'><strong>Is</strong></span> <span class='ocrx_word' id='word_1_534' title='bbox 2743 2982 2938 3033; x_wconf 87' lang='lat' dir='ltr'><strong>autem</strong></span> <span class='ocrx_word' id='word_1_535' title='bbox 2973 2977 3214 3034; x_wconf 86' lang='lat' dir='ltr'><strong>forsitan</strong></span> <span class='ocrx_word' id='word_1_536' title='bbox 3248 2979 3390 3034; x_wconf 82' lang='lat' dir='ltr'><strong>adeo</strong></span> <span class='ocrx_word' id='word_1_537' title='bbox 3423 2996 3537 3034; x_wconf 87' lang='lat' dir='ltr'><strong>non</strong></span> <span class='ocrx_word' id='word_1_538' title='bbox 3562 2978 3818 3035; x_wconf 84' lang='lat' dir='ltr'><strong>delecta-</strong></span> 
     </span>
    </p>
   </div>
   <div class='ocr_carea' id='block_1_75' title="bbox 2153 3061 3809 3140">
    <p class='ocr_par' dir='ltr' id='par_1_75' title="bbox 2153 3061 3809 3140">
     <span class='ocr_line' id='line_1_76' title="bbox 2153 3061 3809 3140; baseline 0.004 -25"><span class='ocrx_word' id='word_1_539' title='bbox 2153 3061 2312 3120; x_wconf 87' lang='lat' dir='ltr'><strong>bitur</strong></span> <span class='ocrx_word' id='word_1_540' title='bbox 2341 3068 2632 3120; x_wconf 88' lang='lat' dir='ltr'><strong>utcontra</strong></span> <span class='ocrx_word' id='word_1_541' title='bbox 2663 3083 2766 3121; x_wconf 91' lang='lat' dir='ltr'><strong>seu</strong></span> <span class='ocrx_word' id='word_1_542' title='bbox 2797 3065 3188 3139; x_wconf 89' lang='lat' dir='ltr'><strong>lapidem,seu</strong></span> <span class='ocrx_word' id='word_1_543' title='bbox 3224 3067 3471 3140; x_wconf 89' lang='lat' dir='ltr'><strong>lignum,</strong></span> <span class='ocrx_word' id='word_1_544' title='bbox 3509 3086 3609 3124; x_wconf 84' lang='lat' dir='ltr'><strong>seu</strong></span> <span class='ocrx_word' id='word_1_545' title='bbox 3637 3068 3809 3140; x_wconf 87' lang='lat' dir='ltr'><strong>quid-</strong></span> 
     </span>
    </p>
   </div>
   <div class='ocr_carea' id='block_1_76' title="bbox 2154 3151 3808 3231">
    <p class='ocr_par' dir='ltr' id='par_1_76' title="bbox 2154 3151 3808 3231">
     <span class='ocr_line' id='line_1_77' title="bbox 2154 3151 3808 3231; baseline 0.005 -26"><span class='ocrx_word' id='word_1_546' title='bbox 2154 3151 2296 3222; x_wconf 90' lang='lat' dir='ltr'><strong>quid</strong></span> <span class='ocrx_word' id='word_1_547' title='bbox 2321 3153 2606 3211; x_wconf 90' lang='lat' dir='ltr'><strong>invenerit</strong></span> <span class='ocrx_word' id='word_1_548' title='bbox 2635 3156 2916 3212; x_wconf 88' lang='lat' dir='ltr'><strong>adversus</strong></span> <span class='ocrx_word' id='word_1_549' title='bbox 2949 3174 3040 3214; x_wconf 90' lang='lat' dir='ltr'><strong>me</strong></span> <span class='ocrx_word' id='word_1_550' title='bbox 3071 3157 3332 3231; x_wconf 88' lang='lat' dir='ltr'><strong>arripiat.</strong></span> <span class='ocrx_word' id='word_1_551' title='bbox 3384 3159 3505 3214; x_wconf 88' lang='lat' dir='ltr'><strong>imo</strong></span> <span class='ocrx_word' id='word_1_552' title='bbox 3537 3175 3676 3216; x_wconf 90' lang='lat' dir='ltr'><strong>ense</strong></span> <span class='ocrx_word' id='word_1_553' title='bbox 3706 3174 3808 3230; x_wconf 86' lang='lat' dir='ltr'><strong>ag-</strong></span> 
     </span>
    </p>
   </div>
   <div class='ocr_carea' id='block_1_77' title="bbox 2152 3241 3808 3318">
    <p class='ocr_par' dir='ltr' id='par_1_77' title="bbox 2152 3241 3808 3318">
     <span class='ocr_line' id='line_1_78' title="bbox 2152 3241 3808 3318; baseline 0.004 -23"><span class='ocrx_word' id='word_1_554' title='bbox 2152 3241 2468 3314; x_wconf 78' lang='lat' dir='ltr'><strong>grediatur,</strong></span> <span class='ocrx_word' id='word_1_555' title='bbox 2530 3243 2580 3300; x_wconf 90' lang='lat' dir='ltr'><strong>si</strong></span> <span class='ocrx_word' id='word_1_556' title='bbox 2638 3245 2731 3300; x_wconf 91' lang='lat' dir='ltr'><strong>cui</strong></span> <span class='ocrx_word' id='word_1_557' title='bbox 2792 3247 2874 3300; x_wconf 92' lang='lat' dir='ltr'><strong>ita</strong></span> <span class='ocrx_word' id='word_1_558' title='bbox 2938 3246 3088 3302; x_wconf 87' lang='lat' dir='ltr'><strong>mori</strong></span> <span class='ocrx_word' id='word_1_559' title='bbox 3146 3247 3206 3301; x_wconf 91' lang='lat' dir='ltr'><strong>in</strong></span> <span class='ocrx_word' id='word_1_560' title='bbox 3278 3251 3556 3318; x_wconf 89' lang='lat' dir='ltr'><strong>promptu</strong></span> <span class='ocrx_word' id='word_1_561' title='bbox 3608 3247 3808 3302; x_wconf 88' lang='lat' dir='ltr'><strong>fuerit.</strong></span> 
     </span>
    </p>
   </div>
   <div class='ocr_carea' id='block_1_78' title="bbox 2163 3331 3813 3406">
    <p class='ocr_par' dir='ltr' id='par_1_78' title="bbox 2163 3331 3813 3406">
     <span class='ocr_line' id='line_1_79' title="bbox 2163 3331 3813 3406; baseline 0.002 -20"><span class='ocrx_word' id='word_1_562' title='bbox 2163 3331 2464 3394; x_wconf 88' lang='lat' dir='ltr'><strong>Quomodo</strong></span> <span class='ocrx_word' id='word_1_563' title='bbox 2494 3333 2675 3406; x_wconf 87' lang='lat' dir='ltr'><strong>igitur</strong></span> <span class='ocrx_word' id='word_1_564' title='bbox 2731 3352 2846 3391; x_wconf 91' lang='lat' dir='ltr'><strong>non</strong></span> <span class='ocrx_word' id='word_1_565' title='bbox 2907 3352 3140 3392; x_wconf 88' lang='lat' dir='ltr'><strong>caveam</strong></span> <span class='ocrx_word' id='word_1_566' title='bbox 3160 3335 3188 3391; x_wconf 86' lang='lat'><strong>?</strong></span> <span class='ocrx_word' id='word_1_567' title='bbox 3215 3353 3319 3391; x_wconf 91' lang='lat' dir='ltr'><strong>cur</strong></span> <span class='ocrx_word' id='word_1_568' title='bbox 3351 3352 3465 3392; x_wconf 91' lang='lat' dir='ltr'><strong>non</strong></span> <span class='ocrx_word' id='word_1_569' title='bbox 3516 3335 3758 3392; x_wconf 87' lang='lat' dir='ltr'><strong>timeam</strong></span> <span class='ocrx_word' id='word_1_570' title='bbox 3785 3336 3813 3389; x_wconf 85' lang='lat'><strong>?</strong></span> 
     </span>
    </p>
   </div>
   <div class='ocr_carea' id='block_1_79' title="bbox 2165 3423 3811 3497">
    <p class='ocr_par' dir='ltr' id='par_1_79' title="bbox 2165 3423 3811 3497">
     <span class='ocr_line' id='line_1_80' title="bbox 2165 3423 3811 3497; baseline 0.001 -20"><span class='ocrx_word' id='word_1_571' title='bbox 2165 3423 2320 3478; x_wconf 91' lang='lat' dir='ltr'><strong>unde</strong></span> <span class='ocrx_word' id='word_1_572' title='bbox 2345 3423 2592 3479; x_wconf 89' lang='lat' dir='ltr'><strong>audeam</strong></span> <span class='ocrx_word' id='word_1_573' title='bbox 2624 3424 2773 3481; x_wconf 90' lang='lat' dir='ltr'><strong>inire</strong></span> <span class='ocrx_word' id='word_1_574' title='bbox 2803 3441 2934 3481; x_wconf 89' lang='lat' dir='ltr'><strong>cum</strong></span> <span class='ocrx_word' id='word_1_575' title='bbox 2969 3425 3231 3497; x_wconf 84' lang='lat' dir='ltr'><strong>Sapricio</strong></span> <span class='ocrx_word' id='word_1_576' title='bbox 3283 3426 3643 3493; x_wconf 88' lang='lat' dir='ltr'><strong>societatem,</strong></span> <span class='ocrx_word' id='word_1_577' title='bbox 3693 3425 3811 3481; x_wconf 89' lang='lat' dir='ltr'><strong>nisi</strong></span> 
     </span>
    </p>
   </div>
   <div class='ocr_carea' id='block_1_80' title="bbox 2164 3511 3812 3588">
    <p class='ocr_par' dir='ltr' id='par_1_80' title="bbox 2164 3511 3812 3588">
     <span class='ocr_line' id='line_1_81' title="bbox 2164 3511 3812 3588; baseline 0.003 -23"><span class='ocrx_word' id='word_1_578' title='bbox 2164 3511 2425 3585; x_wconf 90' lang='lat' dir='ltr'><strong>impulsu</strong></span> <span class='ocrx_word' id='word_1_579' title='bbox 2459 3531 2492 3569; x_wconf 89' lang='lat' dir='ltr'><strong>a</strong></span> <span class='ocrx_word' id='word_1_580' title='bbox 2524 3514 2648 3570; x_wconf 91' lang='lat' dir='ltr'><strong>solo</strong></span> <span class='ocrx_word' id='word_1_581' title='bbox 2678 3514 2818 3585; x_wconf 88' lang='lat' dir='ltr'><strong>Deo,</strong></span> <span class='ocrx_word' id='word_1_582' title='bbox 2860 3519 2922 3569; x_wconf 88' lang='lat' dir='ltr'><strong>ut</strong></span> <span class='ocrx_word' id='word_1_583' title='bbox 2954 3515 3079 3588; x_wconf 87' lang='lat' dir='ltr'><strong>ipse</strong></span> <span class='ocrx_word' id='word_1_584' title='bbox 3131 3515 3518 3586; x_wconf 90' lang='lat' dir='ltr'><strong>Nicephorus,</strong></span> <span class='ocrx_word' id='word_1_585' title='bbox 3553 3515 3610 3570; x_wconf 90' lang='lat' dir='ltr'><strong>id</strong></span> <span class='ocrx_word' id='word_1_586' title='bbox 3643 3531 3812 3586; x_wconf 85' lang='lat' dir='ltr'><strong>pera-</strong></span> 
     </span>
    </p>
   </div>
   <div class='ocr_carea' id='block_1_81' title="bbox 2163 3603 3813 3677">
    <p class='ocr_par' dir='ltr' id='par_1_81' title="bbox 2163 3603 3813 3677">
     <span class='ocr_line' id='line_1_82' title="bbox 2163 3603 3813 3677; baseline 0.001 -21"><span class='ocrx_word' id='word_1_587' title='bbox 2163 3603 2420 3674; x_wconf 87' lang='lat' dir='ltr'><strong>gendum</strong></span> <span class='ocrx_word' id='word_1_588' title='bbox 2442 3605 2798 3674; x_wconf 86' lang='lat' dir='ltr'><strong>susceperim</strong></span> <span class='ocrx_word' id='word_1_589' title='bbox 2815 3604 2844 3659; x_wconf 83' lang='lat'><strong>?</strong></span> <span class='ocrx_word' id='word_1_590' title='bbox 2877 3606 3023 3676; x_wconf 87' lang='lat' dir='ltr'><strong>Ergo</strong></span> <span class='ocrx_word' id='word_1_591' title='bbox 3043 3604 3380 3677; x_wconf 89' lang='lat' dir='ltr'><strong>quicunque</strong></span> <span class='ocrx_word' id='word_1_592' title='bbox 3407 3622 3439 3660; x_wconf 90' lang='lat' dir='ltr'><strong>a</strong></span> <span class='ocrx_word' id='word_1_593' title='bbox 3471 3609 3586 3660; x_wconf 91' lang='lat' dir='ltr'><strong>Deo</strong></span> <span class='ocrx_word' id='word_1_594' title='bbox 3607 3621 3813 3660; x_wconf 86' lang='lat' dir='ltr'><strong>sanam</strong></span> 
     </span>
    </p>
   </div>
   <div class='ocr_carea' id='block_1_82' title="bbox 2163 3692 3815 3765">
    <p class='ocr_par' dir='ltr' id='par_1_82' title="bbox 2163 3692 3815 3765">
     <span class='ocr_line' id='line_1_83' title="bbox 2163 3692 3815 3765; baseline 0.001 -19"><span class='ocrx_word' id='word_1_595' title='bbox 2163 3692 2384 3764; x_wconf 89' lang='lat' dir='ltr'><strong>accepit</strong></span> <span class='ocrx_word' id='word_1_596' title='bbox 2412 3697 2667 3748; x_wconf 85' lang='lat' dir='ltr'><strong>mentem</strong></span> <span class='ocrx_word' id='word_1_597' title='bbox 2700 3710 2813 3748; x_wconf 91' lang='lat' dir='ltr'><strong>non</strong></span> <span class='ocrx_word' id='word_1_598' title='bbox 2847 3693 2904 3748; x_wconf 90' lang='lat' dir='ltr'><strong>id</strong></span> <span class='ocrx_word' id='word_1_599' title='bbox 2937 3694 3264 3749; x_wconf 87' lang='lat' dir='ltr'><strong>committet</strong></span> <span class='ocrx_word' id='word_1_600' title='bbox 3293 3697 3357 3750; x_wconf 90' lang='lat' dir='ltr'><strong>ut</strong></span> <span class='ocrx_word' id='word_1_601' title='bbox 3388 3694 3546 3765; x_wconf 88' lang='lat' dir='ltr'><strong>prior</strong></span> <span class='ocrx_word' id='word_1_602' title='bbox 3571 3695 3815 3765; x_wconf 87' lang='lat' dir='ltr'><strong>occupet</strong></span> 
     </span>
    </p>
   </div>
   <div class='ocr_carea' id='block_1_83' title="bbox 2163 3781 3810 3855">
    <p class='ocr_par' dir='ltr' id='par_1_83' title="bbox 2163 3781 3810 3855">
     <span class='ocr_line' id='line_1_84' title="bbox 2163 3781 3810 3855; baseline 0.001 -19"><span class='ocrx_word' id='word_1_603' title='bbox 2163 3787 2262 3836; x_wconf 87' lang='lat' dir='ltr'><strong>aut</strong></span> <span class='ocrx_word' id='word_1_604' title='bbox 2294 3781 2591 3854; x_wconf 71' lang='lat' dir='ltr'><strong>praecipiat</strong></span> <span class='ocrx_word' id='word_1_605' title='bbox 2620 3787 2721 3838; x_wconf 89' lang='lat' dir='ltr'><strong>aut</strong></span> <span class='ocrx_word' id='word_1_606' title='bbox 2753 3783 3179 3839; x_wconf 85' lang='lat' dir='ltr'><strong>mansuefaciat</strong></span> <span class='ocrx_word' id='word_1_607' title='bbox 3227 3784 3560 3855; x_wconf 84' lang='lat' dir='ltr'><strong>professum</strong></span> <span class='ocrx_word' id='word_1_608' title='bbox 3611 3783 3680 3837; x_wconf 89' lang='lat' dir='ltr'><strong>de</strong></span> <span class='ocrx_word' id='word_1_609' title='bbox 3712 3799 3810 3855; x_wconf 85' lang='lat' dir='ltr'><strong>ge-</strong></span> 
     </span>
    </p>
   </div>
   <div class='ocr_carea' id='block_1_84' title="bbox 2161 3869 3807 3943">
    <p class='ocr_par' dir='ltr' id='par_1_84' title="bbox 2161 3869 3807 3943">
     <span class='ocr_line' id='line_1_85' title="bbox 2161 3869 3807 3943; baseline 0.002 -21"><span class='ocrx_word' id='word_1_610' title='bbox 2161 3885 2298 3925; x_wconf 88' lang='lat' dir='ltr'><strong>nere</strong></span> <span class='ocrx_word' id='word_1_611' title='bbox 2345 3869 2453 3925; x_wconf 92' lang='lat' dir='ltr'><strong>hoc</strong></span> <span class='ocrx_word' id='word_1_612' title='bbox 2501 3870 2848 3939; x_wconf 88' lang='lat' dir='ltr'><strong>inimicum;</strong></span> <span class='ocrx_word' id='word_1_613' title='bbox 2884 3888 2988 3927; x_wconf 91' lang='lat' dir='ltr'><strong>nec</strong></span> <span class='ocrx_word' id='word_1_614' title='bbox 3035 3873 3165 3943; x_wconf 88' lang='lat' dir='ltr'><strong>ejus</strong></span> <span class='ocrx_word' id='word_1_615' title='bbox 3235 3888 3542 3928; x_wconf 86' lang='lat' dir='ltr'><strong>occursum</strong></span> <span class='ocrx_word' id='word_1_616' title='bbox 3614 3871 3807 3926; x_wconf 88' lang='lat' dir='ltr'><strong>solum</strong></span> 
     </span>
    </p>
   </div>
   <div class='ocr_carea' id='block_1_85' title="bbox 2159 3958 3809 4033">
    <p class='ocr_par' dir='ltr' id='par_1_85' title="bbox 2159 3958 3809 4033">
     <span class='ocr_line' id='line_1_86' title="bbox 2159 3958 3809 4033; baseline 0.002 -20"><span class='ocrx_word' id='word_1_617' title='bbox 2159 3958 2405 4026; x_wconf 88' lang='lat' dir='ltr'><strong>cavebit,</strong></span> <span class='ocrx_word' id='word_1_618' title='bbox 2437 3960 2536 4014; x_wconf 90' lang='lat' dir='ltr'><strong>sed</strong></span> <span class='ocrx_word' id='word_1_619' title='bbox 2571 3959 2797 4014; x_wconf 83' lang='lat' dir='ltr'><strong>occulta</strong></span> <span class='ocrx_word' id='word_1_620' title='bbox 2827 3960 3000 4015; x_wconf 86' lang='lat' dir='ltr'><strong>etiam</strong></span> <span class='ocrx_word' id='word_1_621' title='bbox 3035 3960 3286 4033; x_wconf 88' lang='lat' dir='ltr'><strong>incepta,</strong></span> <span class='ocrx_word' id='word_1_622' title='bbox 3305 3977 3436 4032; x_wconf 85' lang='lat' dir='ltr'><strong>quae</strong></span> <span class='ocrx_word' id='word_1_623' title='bbox 3467 3977 3581 4016; x_wconf 92' lang='lat' dir='ltr'><strong>non</strong></span> <span class='ocrx_word' id='word_1_624' title='bbox 3614 3959 3809 4027; x_wconf 83' lang='lat' dir='ltr'><strong>irrita,</strong></span> 
     </span>
    </p>
   </div>
   <div class='ocr_carea' id='block_1_86' title="bbox 2155 4046 3818 4120">
    <p class='ocr_par' dir='ltr' id='par_1_86' title="bbox 2155 4046 3818 4120">
     <span class='ocr_line' id='line_1_87' title="bbox 2155 4046 3818 4120; baseline 0.003 -20"><span class='ocrx_word' id='word_1_625' title='bbox 2155 4046 2275 4102; x_wconf 93' lang='lat' dir='ltr'><strong>imo</strong></span> <span class='ocrx_word' id='word_1_626' title='bbox 2306 4051 2363 4104; x_wconf 89' lang='lat' dir='ltr'><strong>et</strong></span> <span class='ocrx_word' id='word_1_627' title='bbox 2389 4046 2648 4120; x_wconf 89' lang='lat' dir='ltr'><strong>lethalia,</strong></span> <span class='ocrx_word' id='word_1_628' title='bbox 2678 4047 2794 4105; x_wconf 92' lang='lat' dir='ltr'><strong>Deo</strong></span> <span class='ocrx_word' id='word_1_629' title='bbox 2825 4066 2940 4106; x_wconf 93' lang='lat' dir='ltr'><strong>non</strong></span> <span class='ocrx_word' id='word_1_630' title='bbox 2969 4050 3332 4106; x_wconf 90' lang='lat' dir='ltr'><strong>obtundente</strong></span> <span class='ocrx_word' id='word_1_631' title='bbox 3407 4050 3591 4107; x_wconf 88' lang='lat' dir='ltr'><strong>aciem</strong></span> <span class='ocrx_word' id='word_1_632' title='bbox 3623 4091 3638 4118; x_wconf 92' lang='lat'><strong>,</strong></span> <span class='ocrx_word' id='word_1_633' title='bbox 3688 4065 3818 4106; x_wconf 90' lang='lat' dir='ltr'><strong>esse</strong></span> 
     </span>
    </p>
   </div>
   <div class='ocr_carea' id='block_1_87' title="bbox 2155 4140 2421 4207">
    <p class='ocr_par' dir='ltr' id='par_1_87' title="bbox 2155 4140 2421 4207">
     <span class='ocr_line' id='line_1_88' title="bbox 2155 4140 2421 4207; baseline -0.008 -14"><span class='ocrx_word' id='word_1_634' title='bbox 2155 4140 2421 4207; x_wconf 89' lang='lat' dir='ltr'><strong>possent.</strong></span> 
     </span>
    </p>
   </div>
   <div class='ocr_carea' id='block_1_88' title="bbox 2230 4243 3811 4319">
    <p class='ocr_par' dir='ltr' id='par_1_88' title="bbox 2230 4243 3811 4319">
     <span class='ocr_line' id='line_1_89' title="bbox 2230 4243 3811 4319; baseline 0.002 -21"><span class='ocrx_word' id='word_1_635' title='bbox 2230 4244 2315 4299; x_wconf 86' lang='grc'><strong>13.</strong></span> <span class='ocrx_word' id='word_1_636' title='bbox 2350 4243 2608 4316; x_wconf 89' lang='lat' dir='ltr'><strong>Oportet,</strong></span> <span class='ocrx_word' id='word_1_637' title='bbox 2642 4244 2691 4301; x_wconf 89' lang='lat' dir='ltr'><strong>si</strong></span> <span class='ocrx_word' id='word_1_638' title='bbox 2725 4244 2858 4316; x_wconf 90' lang='lat' dir='ltr'><strong>quis</strong></span> <span class='ocrx_word' id='word_1_639' title='bbox 2892 4245 2950 4300; x_wconf 90' lang='lat' dir='ltr'><strong>in</strong></span> <span class='ocrx_word' id='word_1_640' title='bbox 2982 4245 3160 4302; x_wconf 89' lang='lat' dir='ltr'><strong>talem</strong></span> <span class='ocrx_word' id='word_1_641' title='bbox 3180 4246 3490 4302; x_wconf 89' lang='lat' dir='ltr'><strong>inimicum</strong></span> <span class='ocrx_word' id='word_1_642' title='bbox 3515 4246 3811 4319; x_wconf 84' lang='lat' dir='ltr'><strong>inciderit,</strong></span> 
     </span>
    </p>
   </div>
   <div class='ocr_carea' id='block_1_89' title="bbox 2155 4333 3802 4408">
    <p class='ocr_par' dir='ltr' id='par_1_89' title="bbox 2155 4333 3802 4408">
     <span class='ocr_line' id='line_1_90' title="bbox 2155 4333 3802 4408; baseline 0.002 -20"><span class='ocrx_word' id='word_1_643' title='bbox 2155 4333 2360 4405; x_wconf 89' lang='lat' dir='ltr'><strong>pedem</strong></span> <span class='ocrx_word' id='word_1_644' title='bbox 2395 4334 2626 4402; x_wconf 80' lang='lat' dir='ltr'><strong>referat,</strong></span> <span class='ocrx_word' id='word_1_645' title='bbox 2661 4334 2710 4390; x_wconf 89' lang='lat' dir='ltr'><strong>si</strong></span> <span class='ocrx_word' id='word_1_646' title='bbox 2743 4334 2880 4390; x_wconf 89' lang='lat' dir='ltr'><strong>data</strong></span> <span class='ocrx_word' id='word_1_647' title='bbox 2910 4335 2986 4390; x_wconf 89' lang='lat' dir='ltr'><strong>sit</strong></span> <span class='ocrx_word' id='word_1_648' title='bbox 3015 4336 3205 4408; x_wconf 88' lang='lat' dir='ltr'><strong>copia,</strong></span> <span class='ocrx_word' id='word_1_649' title='bbox 3238 4352 3584 4408; x_wconf 80' lang='lat' dir='ltr'><strong>navemque,</strong></span> <span class='ocrx_word' id='word_1_650' title='bbox 3625 4339 3691 4391; x_wconf 90' lang='lat' dir='ltr'><strong>ut</strong></span> <span class='ocrx_word' id='word_1_651' title='bbox 3720 4337 3802 4394; x_wconf 88' lang='lat' dir='ltr'><strong>ita</strong></span> 
     </span>
    </p>
   </div>
   <div class='ocr_carea' id='block_1_90' title="bbox 2155 4423 3802 4496">
    <p class='ocr_par' dir='ltr' id='par_1_90' title="bbox 2155 4423 3802 4496">
     <span class='ocr_line' id='line_1_91' title="bbox 2155 4423 3802 4496; baseline 0.002 -18"><span class='ocrx_word' id='word_1_652' title='bbox 2155 4423 2368 4490; x_wconf 89' lang='lat' dir='ltr'><strong>dicam,</strong></span> <span class='ocrx_word' id='word_1_653' title='bbox 2399 4427 2552 4478; x_wconf 90' lang='lat' dir='ltr'><strong>retro</strong></span> <span class='ocrx_word' id='word_1_654' title='bbox 2575 4428 2730 4494; x_wconf 88' lang='lat' dir='ltr'><strong>agat,</strong></span> <span class='ocrx_word' id='word_1_655' title='bbox 2763 4425 3094 4496; x_wconf 88' lang='lat' dir='ltr'><strong>condatque</strong></span> <span class='ocrx_word' id='word_1_656' title='bbox 3126 4423 3392 4480; x_wconf 91' lang='lat' dir='ltr'><strong>celeriter</strong></span> <span class='ocrx_word' id='word_1_657' title='bbox 3439 4425 3497 4480; x_wconf 91' lang='lat' dir='ltr'><strong>in</strong></span> <span class='ocrx_word' id='word_1_658' title='bbox 3548 4426 3802 4482; x_wconf 89' lang='lat' dir='ltr'><strong>statione</strong></span> 
     </span>
    </p>
   </div>
   <div class='ocr_carea' id='block_1_91' title="bbox 2153 4512 3800 4584">
    <p class='ocr_par' dir='ltr' id='par_1_91' title="bbox 2153 4512 3800 4584">
     <span class='ocr_line' id='line_1_92' title="bbox 2153 4512 3800 4584; baseline 0.002 -18"><span class='ocrx_word' id='word_1_659' title='bbox 2153 4512 2500 4584; x_wconf 67' lang='lat' dir='ltr'><strong>prudentiae,</strong></span> <span class='ocrx_word' id='word_1_660' title='bbox 2550 4529 2622 4568; x_wconf 90' lang='lat' dir='ltr'><strong>ne</strong></span> <span class='ocrx_word' id='word_1_661' title='bbox 2665 4513 2832 4580; x_wconf 87' lang='lat' dir='ltr'><strong>forte,</strong></span> <span class='ocrx_word' id='word_1_662' title='bbox 2879 4513 2930 4568; x_wconf 90' lang='lat' dir='ltr'><strong>si</strong></span> <span class='ocrx_word' id='word_1_663' title='bbox 2984 4513 3300 4570; x_wconf 86' lang='lat' dir='ltr'><strong>cessaverit</strong></span> <span class='ocrx_word' id='word_1_664' title='bbox 3344 4515 3405 4569; x_wconf 91' lang='lat' dir='ltr'><strong>in</strong></span> <span class='ocrx_word' id='word_1_665' title='bbox 3449 4514 3800 4570; x_wconf 89' lang='lat' dir='ltr'><strong>inveniendo</strong></span> 
     </span>
    </p>
   </div>
   <div class='ocr_carea' id='block_1_92' title="bbox 2153 4604 3801 4674">
    <p class='ocr_par' dir='ltr' id='par_1_92' title="bbox 2153 4604 3801 4674">
     <span class='ocr_line' id='line_1_93' title="bbox 2153 4604 3801 4674; baseline 0.002 -16"><span class='ocrx_word' id='word_1_666' title='bbox 2153 4605 2349 4674; x_wconf 89' lang='lat' dir='ltr'><strong>portu,</strong></span> <span class='ocrx_word' id='word_1_667' title='bbox 2383 4619 2416 4657; x_wconf 88' lang='lat' dir='ltr'><strong>a</strong></span> <span class='ocrx_word' id='word_1_668' title='bbox 2445 4606 2604 4672; x_wconf 84' lang='lat' dir='ltr'><strong>tergo</strong></span> <span class='ocrx_word' id='word_1_669' title='bbox 2627 4604 2886 4659; x_wconf 71' lang='lat' dir='ltr'><strong>caedatur</strong></span> <span class='ocrx_word' id='word_1_670' title='bbox 2919 4620 3102 4674; x_wconf 89' lang='lat' dir='ltr'><strong>usque</strong></span> <span class='ocrx_word' id='word_1_671' title='bbox 3131 4605 3203 4659; x_wconf 90' lang='lat' dir='ltr'><strong>ad</strong></span> <span class='ocrx_word' id='word_1_672' title='bbox 3238 4620 3460 4660; x_wconf 89' lang='lat' dir='ltr'><strong>necem.</strong></span> <span class='ocrx_word' id='word_1_673' title='bbox 3492 4605 3608 4662; x_wconf 88' lang='lat' dir='ltr'><strong>Nec</strong></span> <span class='ocrx_word' id='word_1_674' title='bbox 3637 4604 3801 4662; x_wconf 76' lang='lat' dir='ltr'><strong>locus</strong></span> 
     </span>
    </p>
   </div>
   <div class='ocr_carea' id='block_1_93' title="bbox 395 4684 2045 4769">
    <p class='ocr_par' dir='ltr' id='par_1_93' title="bbox 395 4689 2040 4764">
     <span class='ocr_line' id='line_1_94' title="bbox 395 4689 2040 4764; baseline 0.005 -22"><span class='ocrx_word' id='word_1_675' title='bbox 395 4691 696 4761; x_wconf 77' lang='grc' dir='ltr'>μεμπτέος,</span> <span class='ocrx_word' id='word_1_676' title='bbox 777 4689 953 4764; x_wconf 80' lang='grc' dir='ltr'>οἶμαι,</span> <span class='ocrx_word' id='word_1_677' title='bbox 1029 4693 1057 4750; x_wconf 86' lang='grc' dir='ltr'>ὁ</span> <span class='ocrx_word' id='word_1_678' title='bbox 1113 4698 1382 4764; x_wconf 88' lang='grc' dir='ltr'>τοιοῦτος,</span> <span class='ocrx_word' id='word_1_679' title='bbox 1442 4692 1566 4751; x_wconf 78' lang='grc' dir='ltr'>οὗδὶ</span> <span class='ocrx_word' id='word_1_680' title='bbox 1623 4694 1916 4758; x_wconf 87' lang='grc' dir='ltr'>πτοιαλέος</span> <span class='ocrx_word' id='word_1_681' title='bbox 1965 4694 2040 4758; x_wconf 68' lang='grc' dir='ltr'><strong>εἷς</strong></span> 
     </span>
    </p>
   </div>
   <div class='ocr_carea' id='block_1_94' title="bbox 2161 4684 3802 4769">
    <p class='ocr_par' dir='ltr' id='par_1_94' title="bbox 2161 4694 3802 4769">
     <span class='ocr_line' id='line_1_95' title="bbox 2161 4694 3802 4769; baseline 0.002 -20"><span class='ocrx_word' id='word_1_682' title='bbox 2161 4698 2329 4760; x_wconf 77' lang='lat' dir='ltr'><strong>esset,</strong></span> <span class='ocrx_word' id='word_1_683' title='bbox 2377 4695 2569 4764; x_wconf 89' lang='lat' dir='ltr'><strong>credo,</strong></span> <span class='ocrx_word' id='word_1_684' title='bbox 2617 4711 2722 4750; x_wconf 93' lang='lat' dir='ltr'><strong>cur</strong></span> <span class='ocrx_word' id='word_1_685' title='bbox 2781 4694 2917 4750; x_wconf 87' lang='lat' dir='ltr'><strong>talis</strong></span> <span class='ocrx_word' id='word_1_686' title='bbox 2966 4695 3054 4750; x_wconf 92' lang='lat' dir='ltr'><strong>vir</strong></span> <span class='ocrx_word' id='word_1_687' title='bbox 3116 4696 3428 4769; x_wconf 86' lang='lat' dir='ltr'><strong>culpetur;</strong></span> <span class='ocrx_word' id='word_1_688' title='bbox 3499 4696 3666 4752; x_wconf 84' lang='lat' dir='ltr'><strong>nulla</strong></span> <span class='ocrx_word' id='word_1_689' title='bbox 3712 4702 3802 4754; x_wconf 90' lang='lat' dir='ltr'><strong>est</strong></span> 
     </span>
    </p>
   </div>
   <div class='ocr_carea' id='block_1_95' title="bbox 395 4773 2046 4860">
    <p class='ocr_par' dir='ltr' id='par_1_95' title="bbox 395 4773 2046 4860">
     <span class='ocr_line' id='line_1_96' title="bbox 395 4773 2046 4860; baseline 0.005 -30"><span class='ocrx_word' id='word_1_690' title='bbox 395 4773 725 4849; x_wconf 80' lang='grc' dir='ltr'>ἀνένδεκτον,</span> <span class='ocrx_word' id='word_1_691' title='bbox 783 4777 932 4856; x_wconf 67' lang='grc' dir='ltr'>εἴπερ</span> <span class='ocrx_word' id='word_1_692' title='bbox 993 4779 1154 4836; x_wconf 75' lang='grc' dir='ltr'>αὐτὸν</span> <span class='ocrx_word' id='word_1_693' title='bbox 1204 4782 1407 4838; x_wconf 76' lang='grc' dir='ltr'>ἰκεῖνον</span> <span class='ocrx_word' id='word_1_694' title='bbox 1454 4785 1544 4838; x_wconf 87' lang='grc' dir='ltr'>τὸν</span> <span class='ocrx_word' id='word_1_695' title='bbox 1584 4782 1881 4860; x_wconf 80' lang='grc' dir='ltr'>βαρύτατον</span> <span class='ocrx_word' id='word_1_696' title='bbox 1944 4781 2046 4859; x_wconf 84' lang='grc' dir='ltr'>ἐχ-</span> 
     </span>
    </p>
   </div>
   <div class='ocr_carea' id='block_1_96' title="bbox 393 4865 2043 4945">
    <p class='ocr_par' dir='ltr' id='par_1_96' title="bbox 393 4865 2043 4945">
     <span class='ocr_line' id='line_1_97' title="bbox 393 4865 2043 4945; baseline 0.004 -25"><span class='ocrx_word' id='word_1_697' title='bbox 393 4865 516 4941; x_wconf 83' lang='grc' dir='ltr'>θρὸν</span> <span class='ocrx_word' id='word_1_698' title='bbox 561 4869 856 4943; x_wconf 84' lang='grc' dir='ltr'>προσιόντα</span> <span class='ocrx_word' id='word_1_699' title='bbox 916 4867 1154 4945; x_wconf 79' lang='grc' dir='ltr'>βλέπων,</span> <span class='ocrx_word' id='word_1_700' title='bbox 1206 4871 1297 4927; x_wconf 79' lang='grc' dir='ltr'>καὶ</span> <span class='ocrx_word' id='word_1_701' title='bbox 1349 4867 1721 4936; x_wconf 75' lang='grc' dir='ltr'>ἀϐασανίστως</span> <span class='ocrx_word' id='word_1_702' title='bbox 1771 4871 2043 4928; x_wconf 80' lang='grc' dir='ltr'>λαλοῦντα</span> 
     </span>
    </p>
   </div>
   <div class='ocr_carea' id='block_1_97' title="bbox 390 4953 2041 5039">
    <p class='ocr_par' dir='ltr' id='par_1_97' title="bbox 390 4953 2041 5039">
     <span class='ocr_line' id='line_1_98' title="bbox 390 4953 2041 5039; baseline 0.003 -28"><span class='ocrx_word' id='word_1_703' title='bbox 390 4953 846 5026; x_wconf 87' lang='grc' dir='ltr'>καταλλακτικὸν,</span> <span class='ocrx_word' id='word_1_704' title='bbox 889 4958 1152 5035; x_wconf 84' lang='grc' dir='ltr'>παρέλθοι</span> <span class='ocrx_word' id='word_1_705' title='bbox 1198 4959 1685 5034; x_wconf 84' lang='grc' dir='ltr'>ἀναστελλόμενος,</span> <span class='ocrx_word' id='word_1_706' title='bbox 1720 4963 1884 5018; x_wconf 83' lang='grc' dir='ltr'>Πόθεν</span> <span class='ocrx_word' id='word_1_707' title='bbox 1939 4963 2041 5039; x_wconf 81' lang='grc' dir='ltr'><strong>γὰρ</strong></span> 
     </span>
    </p>
   </div>
   <div class='ocr_carea' id='block_1_98' title="bbox 391 5040 2037 5124">
    <p class='ocr_par' dir='ltr' id='par_1_98' title="bbox 391 5040 2037 5124">
     <span class='ocr_line' id='line_1_99' title="bbox 391 5040 2037 5124; baseline 0.005 -25"><span class='ocrx_word' id='word_1_708' title='bbox 391 5040 676 5115; x_wconf 79' lang='grc' dir='ltr'>δυνήσεται</span> <span class='ocrx_word' id='word_1_709' title='bbox 732 5045 1112 5123; x_wconf 76' lang='grc' dir='ltr'>θαῤῥύνασθαι,</span> <span class='ocrx_word' id='word_1_710' title='bbox 1171 5049 1245 5112; x_wconf 88' lang='grc' dir='ltr'>ὡς</span> <span class='ocrx_word' id='word_1_711' title='bbox 1308 5051 1383 5124; x_wconf 76' lang='grc' dir='ltr'>μὴ</span> <span class='ocrx_word' id='word_1_712' title='bbox 1437 5047 1833 5124; x_wconf 76' lang='grc' dir='ltr'>δυσελπιστεῖν,</span> <span class='ocrx_word' id='word_1_713' title='bbox 1887 5050 2037 5121; x_wconf 72' lang='grc' dir='ltr'>ἥκειν</span> 
     </span>
    </p>
   </div>
   <div class='ocr_carea' id='block_1_99' title="bbox 387 5131 2040 5218">
    <p class='ocr_par' dir='ltr' id='par_1_99' title="bbox 387 5131 2040 5218">
     <span class='ocr_line' id='line_1_100' title="bbox 387 5131 2040 5218; baseline 0.006 -30"><span class='ocrx_word' id='word_1_714' title='bbox 387 5131 589 5191; x_wconf 68' lang='grc' dir='ltr'>ἐκεῖνον</span> <span class='ocrx_word' id='word_1_715' title='bbox 652 5134 740 5191; x_wconf 69' lang='grc' dir='ltr'>ἐπὶ</span> <span class='ocrx_word' id='word_1_716' title='bbox 801 5134 1033 5212; x_wconf 77' lang='grc' dir='ltr'>σπονδῇ,</span> <span class='ocrx_word' id='word_1_717' title='bbox 1094 5139 1157 5193; x_wconf 83' lang='grc' dir='ltr'><strong>οὐ</strong></span> <span class='ocrx_word' id='word_1_718' title='bbox 1211 5139 1320 5212; x_wconf 74' lang='grc' dir='ltr'>μὴν</span> <span class='ocrx_word' id='word_1_719' title='bbox 1371 5138 1458 5195; x_wconf 77' lang='grc' dir='ltr'>ἐπὶ</span> <span class='ocrx_word' id='word_1_720' title='bbox 1509 5137 1745 5215; x_wconf 82' lang='grc' dir='ltr'>σπουδῇ,</span> <span class='ocrx_word' id='word_1_721' title='bbox 1796 5141 2040 5218; x_wconf 83' lang='grc' dir='ltr'>μεγάλου</span> 
     </span>
    </p>
   </div>
   <div class='ocr_carea' id='block_1_100' title="bbox 383 5219 2042 5310">
    <p class='ocr_par' dir='ltr' id='par_1_100' title="bbox 383 5219 2042 5310">
     <span class='ocr_line' id='line_1_101' title="bbox 383 5219 2042 5310; baseline 0.005 -32"><span class='ocrx_word' id='word_1_722' title='bbox 383 5228 590 5296; x_wconf 87' lang='grc' dir='ltr'>κακοῦ;</span> <span class='ocrx_word' id='word_1_723' title='bbox 650 5225 750 5280; x_wconf 84' lang='grc' dir='ltr'>Καὶ</span> <span class='ocrx_word' id='word_1_724' title='bbox 799 5219 910 5281; x_wconf 76' lang='grc' dir='ltr'>ἔστι</span> <span class='ocrx_word' id='word_1_725' title='bbox 963 5227 1024 5281; x_wconf 91' lang='grc' dir='ltr'>τὸ</span> <span class='ocrx_word' id='word_1_726' title='bbox 1074 5232 1300 5304; x_wconf 80' lang='grc' dir='ltr'>πρᾶγμα</span> <span class='ocrx_word' id='word_1_727' title='bbox 1356 5228 1566 5285; x_wconf 80' lang='grc' dir='ltr'>εἰκάσαι</span> <span class='ocrx_word' id='word_1_728' title='bbox 1619 5229 1816 5294; x_wconf 75' lang='grc' dir='ltr'>οὕτως’</span> <span class='ocrx_word' id='word_1_729' title='bbox 1877 5227 2042 5310; x_wconf 56' lang='lat' dir='ltr'><strong>c906:-</strong></span> 
     </span>
    </p>
   </div>
   <div class='ocr_carea' id='block_1_101' title="bbox 383 5313 2041 5397">
    <p class='ocr_par' dir='ltr' id='par_1_101' title="bbox 383 5313 2041 5397">
     <span class='ocr_line' id='line_1_102' title="bbox 383 5313 2041 5397; baseline 0.004 -29"><span class='ocrx_word' id='word_1_730' title='bbox 383 5313 480 5388; x_wconf 88' lang='grc' dir='ltr'>ρὸς</span> <span class='ocrx_word' id='word_1_731' title='bbox 527 5314 555 5368; x_wconf 87' lang='grc' dir='ltr'>ὁ</span> <span class='ocrx_word' id='word_1_732' title='bbox 608 5313 750 5370; x_wconf 68' lang='grc' dir='ltr'>λέων</span> <span class='ocrx_word' id='word_1_733' title='bbox 805 5314 1112 5386; x_wconf 76' lang='grc' dir='ltr'>έξάπαντος,</span> <span class='ocrx_word' id='word_1_734' title='bbox 1166 5316 1284 5381; x_wconf 77' lang='grc' dir='ltr'>ὅθεν</span> <span class='ocrx_word' id='word_1_735' title='bbox 1339 5319 1428 5373; x_wconf 85' lang='grc' dir='ltr'><strong>καὶ</strong></span> <span class='ocrx_word' id='word_1_736' title='bbox 1479 5317 1803 5397; x_wconf 86' lang='grc' dir='ltr'>προσελθεῖν</span> <span class='ocrx_word' id='word_1_737' title='bbox 1852 5319 2041 5395; x_wconf 64' lang='grc' dir='ltr'>ἐκείνῳ</span> 
     </span>
    </p>
   </div>
   <div class='ocr_carea' id='block_1_102' title="bbox 380 5401 2039 5484">
    <p class='ocr_par' dir='ltr' id='par_1_102' title="bbox 380 5401 2039 5484">
     <span class='ocr_line' id='line_1_103' title="bbox 380 5401 2039 5484; baseline 0.005 -26"><span class='ocrx_word' id='word_1_738' title='bbox 380 5401 520 5458; x_wconf 87' lang='grc' dir='ltr'>πάνυ</span> <span class='ocrx_word' id='word_1_739' title='bbox 576 5424 628 5458; x_wconf 91' lang='grc' dir='ltr'><strong>τι</strong></span> <span class='ocrx_word' id='word_1_740' title='bbox 705 5404 952 5479; x_wconf 73' lang='grc' dir='ltr'>ἀθαρσὲς,</span> <span class='ocrx_word' id='word_1_741' title='bbox 1022 5405 1067 5461; x_wconf 76' lang='grc' dir='ltr'>εἰ</span> <span class='ocrx_word' id='word_1_742' title='bbox 1131 5407 1222 5461; x_wconf 81' lang='grc' dir='ltr'><strong>καὶ</strong></span> <span class='ocrx_word' id='word_1_743' title='bbox 1293 5406 1514 5464; x_wconf 88' lang='grc' dir='ltr'>ἀλύσεσι</span> <span class='ocrx_word' id='word_1_744' title='bbox 1577 5408 2039 5484; x_wconf 88' lang='grc' dir='ltr'>κατακλειόμενος</span> 
     </span>
    </p>
   </div>
   <div class='ocr_carea' id='block_1_103' title="bbox 377 5489 2038 5576">
    <p class='ocr_par' dir='ltr' id='par_1_103' title="bbox 377 5489 2038 5576">
     <span class='ocr_line' id='line_1_104' title="bbox 377 5489 2038 5576; baseline 0.004 -28"><span class='ocrx_word' id='word_1_745' title='bbox 377 5489 740 5566; x_wconf 83' lang='grc' dir='ltr'>περιδέδεται·</span> <span class='ocrx_word' id='word_1_746' title='bbox 788 5495 878 5550; x_wconf 83' lang='grc' dir='ltr'><strong>καὶ</strong></span> <span class='ocrx_word' id='word_1_747' title='bbox 937 5493 1304 5572; x_wconf 81' lang='grc' dir='ltr'>ἐπερχόμενον</span> <span class='ocrx_word' id='word_1_748' title='bbox 1349 5494 1407 5552; x_wconf 76' lang='grc' dir='ltr'>δὶ</span> <span class='ocrx_word' id='word_1_749' title='bbox 1455 5496 1587 5554; x_wconf 73' lang='grc' dir='ltr'>ῒδὼν</span> <span class='ocrx_word' id='word_1_750' title='bbox 1648 5498 1805 5576; x_wconf 81' lang='grc' dir='ltr'>φόνοι</span> <span class='ocrx_word' id='word_1_751' title='bbox 1863 5499 1923 5555; x_wconf 75' lang='grc' dir='ltr'>ἃν</span> <span class='ocrx_word' id='word_1_752' title='bbox 1955 5521 2038 5565; x_wconf 89' lang='grc' dir='ltr'><strong>τις</strong></span> 
     </span>
    </p>
   </div>
   <div class='ocr_carea' id='block_1_104' title="bbox 385 5579 2035 5659">
    <p class='ocr_par' dir='ltr' id='par_1_104' title="bbox 385 5579 2035 5659">
     <span class='ocr_line' id='line_1_105' title="bbox 385 5579 2035 5659; baseline 0.008 -23"><span class='ocrx_word' id='word_1_753' title='bbox 385 5580 442 5644; x_wconf 65' lang='grc' dir='ltr'><strong>ές</strong></span> <span class='ocrx_word' id='word_1_754' title='bbox 499 5583 695 5659; x_wconf 85' lang='grc' dir='ltr'>τάχος,</span> <span class='ocrx_word' id='word_1_755' title='bbox 752 5582 797 5638; x_wconf 83' lang='grc' dir='ltr'><strong>εί</strong></span> <span class='ocrx_word' id='word_1_756' title='bbox 861 5585 938 5657; x_wconf 77' lang='grc' dir='ltr'>μὴ</span> <span class='ocrx_word' id='word_1_757' title='bbox 993 5585 1122 5649; x_wconf 80' lang='grc' dir='ltr'>τοὺς</span> <span class='ocrx_word' id='word_1_758' title='bbox 1180 5579 1351 5649; x_wconf 77' lang='grc' dir='ltr'>πόδας</span> <span class='ocrx_word' id='word_1_759' title='bbox 1407 5585 1721 5644; x_wconf 82' lang='grc' dir='ltr'>ἀποκωλύει</span> <span class='ocrx_word' id='word_1_760' title='bbox 1778 5589 1842 5645; x_wconf 76' lang='grc' dir='ltr'>τὸ</span> <span class='ocrx_word' id='word_1_761' title='bbox 1897 5587 2035 5654; x_wconf 88' lang='grc' dir='ltr'>δέος.</span> 
     </span>
    </p>
   </div>
   <div class='ocr_carea' id='block_1_105' title="bbox 385 5669 2034 5758">
    <p class='ocr_par' dir='ltr' id='par_1_105' title="bbox 385 5669 2034 5758">
     <span class='ocr_line' id='line_1_106' title="bbox 385 5669 2034 5758; baseline 0.005 -30"><span class='ocrx_word' id='word_1_762' title='bbox 385 5671 605 5746; x_wconf 82' lang='grc' dir='ltr'>Ὀμοίῳ</span> <span class='ocrx_word' id='word_1_763' title='bbox 653 5669 720 5742; x_wconf 72' lang='grc' dir='ltr'>δὴ</span> <span class='ocrx_word' id='word_1_764' title='bbox 775 5670 930 5750; x_wconf 75' lang='grc' dir='ltr'>λόγῳ</span> <span class='ocrx_word' id='word_1_765' title='bbox 977 5675 1204 5754; x_wconf 84' lang='grc' dir='ltr'>φευκτέα</span> <span class='ocrx_word' id='word_1_766' title='bbox 1248 5674 1339 5732; x_wconf 79' lang='grc' dir='ltr'><strong>καὶ</strong></span> <span class='ocrx_word' id='word_1_767' title='bbox 1383 5679 1418 5748; x_wconf 82' lang='grc' dir='ltr'>ἠ</span> <span class='ocrx_word' id='word_1_768' title='bbox 1477 5677 1800 5755; x_wconf 76' lang='grc' dir='ltr'>βαθύῤῥιζος</span> <span class='ocrx_word' id='word_1_769' title='bbox 1843 5673 2034 5758; x_wconf 78' lang='grc' dir='ltr'>ἔχθρα,</span> 
     </span>
    </p>
   </div>
   <div class='ocr_carea' id='block_1_106' title="bbox 389 5761 2033 5846">
    <p class='ocr_par' dir='ltr' id='par_1_106' title="bbox 389 5761 2033 5846">
     <span class='ocr_line' id='line_1_107' title="bbox 389 5761 2033 5846; baseline 0.008 -30"><span class='ocrx_word' id='word_1_770' title='bbox 389 5761 477 5817; x_wconf 80' lang='grc' dir='ltr'><strong>καὶ</strong></span> <span class='ocrx_word' id='word_1_771' title='bbox 526 5762 554 5816; x_wconf 85' lang='grc' dir='ltr'>ὁ</span> <span class='ocrx_word' id='word_1_772' title='bbox 610 5764 733 5818; x_wconf 81' lang='grc' dir='ltr'>κατ’</span> <span class='ocrx_word' id='word_1_773' title='bbox 781 5763 946 5836; x_wconf 78' lang='grc' dir='ltr'>αὐτὴν</span> <span class='ocrx_word' id='word_1_774' title='bbox 1005 5761 1314 5840; x_wconf 84' lang='grc' dir='ltr'>λεοντώδης</span> <span class='ocrx_word' id='word_1_775' title='bbox 1372 5765 1590 5846; x_wconf 79' lang='grc' dir='ltr'>ἐχθρός.</span> <span class='ocrx_word' id='word_1_776' title='bbox 1648 5770 1810 5846; x_wconf 87' lang='grc' dir='ltr'>’Έχοι</span> <span class='ocrx_word' id='word_1_777' title='bbox 1853 5770 2033 5829; x_wconf 85' lang='grc' dir='ltr'>τοίνυν</span> 
     </span>
    </p>
   </div>
   <div class='ocr_carea' id='block_1_107' title="bbox 2154 4783 3808 4860">
    <p class='ocr_par' dir='ltr' id='par_1_107' title="bbox 2154 4783 3808 4860">
     <span class='ocr_line' id='line_1_108' title="bbox 2154 4783 3808 4860; baseline 0.001 -20"><span class='ocrx_word' id='word_1_778' title='bbox 2154 4783 2310 4840; x_wconf 91' lang='lat' dir='ltr'><strong>enim</strong></span> <span class='ocrx_word' id='word_1_779' title='bbox 2338 4783 2624 4840; x_wconf 87' lang='lat' dir='ltr'><strong>timiditas</strong></span> <span class='ocrx_word' id='word_1_780' title='bbox 2662 4783 3068 4841; x_wconf 87' lang='lat' dir='ltr'><strong>ineluctabilia</strong></span> <span class='ocrx_word' id='word_1_781' title='bbox 3114 4785 3483 4842; x_wconf 88' lang='lat' dir='ltr'><strong>detrectanti.</strong></span> <span class='ocrx_word' id='word_1_782' title='bbox 3532 4787 3672 4843; x_wconf 88' lang='lat' dir='ltr'><strong>Jure</strong></span> <span class='ocrx_word' id='word_1_783' title='bbox 3701 4785 3808 4860; x_wconf 85' lang='lat' dir='ltr'><strong>igi-</strong></span> 
     </span>
    </p>
   </div>
   <div class='ocr_carea' id='block_1_108' title="bbox 2153 4875 3804 4948">
    <p class='ocr_par' dir='ltr' id='par_1_108' title="bbox 2153 4875 3804 4948">
     <span class='ocr_line' id='line_1_109' title="bbox 2153 4875 3804 4948; baseline 0.002 -17"><span class='ocrx_word' id='word_1_784' title='bbox 2153 4880 2251 4931; x_wconf 91' lang='lat' dir='ltr'><strong>tur</strong></span> <span class='ocrx_word' id='word_1_785' title='bbox 2280 4875 2455 4932; x_wconf 91' lang='lat' dir='ltr'><strong>homo</strong></span> <span class='ocrx_word' id='word_1_786' title='bbox 2487 4879 2704 4947; x_wconf 86' lang='lat' dir='ltr'><strong>noster,</strong></span> <span class='ocrx_word' id='word_1_787' title='bbox 2739 4875 2787 4931; x_wconf 90' lang='lat' dir='ltr'><strong>si</strong></span> <span class='ocrx_word' id='word_1_788' title='bbox 2820 4877 3238 4948; x_wconf 88' lang='lat' dir='ltr'><strong>gravissimum</strong></span> <span class='ocrx_word' id='word_1_789' title='bbox 3291 4878 3448 4933; x_wconf 91' lang='lat' dir='ltr'><strong>hunc</strong></span> <span class='ocrx_word' id='word_1_790' title='bbox 3495 4877 3804 4934; x_wconf 90' lang='lat' dir='ltr'><strong>inimicum</strong></span> 
     </span>
    </p>
   </div>
   <div class='ocr_carea' id='block_1_109' title="bbox 2154 4964 3807 5036">
    <p class='ocr_par' dir='ltr' id='par_1_109' title="bbox 2154 4964 3807 5036">
     <span class='ocr_line' id='line_1_110' title="bbox 2154 4964 3807 5036; baseline 0.002 -18"><span class='ocrx_word' id='word_1_791' title='bbox 2154 4964 2522 5036; x_wconf 85' lang='lat' dir='ltr'><strong>prospexerit</strong></span> <span class='ocrx_word' id='word_1_792' title='bbox 2552 4965 2623 5020; x_wconf 89' lang='lat' dir='ltr'><strong>ad</strong></span> <span class='ocrx_word' id='word_1_793' title='bbox 2655 4981 2717 5020; x_wconf 87' lang='lat' dir='ltr'><strong>se</strong></span> <span class='ocrx_word' id='word_1_794' title='bbox 2747 4965 3079 5021; x_wconf 91' lang='lat' dir='ltr'><strong>venientem</strong></span> <span class='ocrx_word' id='word_1_795' title='bbox 3110 4970 3167 5022; x_wconf 90' lang='lat' dir='ltr'><strong>et</strong></span> <span class='ocrx_word' id='word_1_796' title='bbox 3194 4966 3528 5022; x_wconf 89' lang='lat' dir='ltr'><strong>inconsulto</strong></span> <span class='ocrx_word' id='word_1_797' title='bbox 3565 4967 3634 5021; x_wconf 91' lang='lat' dir='ltr'><strong>de</strong></span> <span class='ocrx_word' id='word_1_798' title='bbox 3667 4983 3807 5021; x_wconf 92' lang='lat' dir='ltr'><strong>con-</strong></span> 
     </span>
    </p>
   </div>
   <div class='ocr_carea' id='block_1_110' title="bbox 2153 5051 3808 5130">
    <p class='ocr_par' dir='ltr' id='par_1_110' title="bbox 2153 5051 3808 5130">
     <span class='ocr_line' id='line_1_111' title="bbox 2153 5051 3808 5130; baseline 0.004 -21"><span class='ocrx_word' id='word_1_799' title='bbox 2153 5051 2685 5127; x_wconf 81' lang='lat' dir='ltr'><strong>cordialoquentem</strong></span> <span class='ocrx_word' id='word_1_800' title='bbox 2697 5071 3008 5114; x_wconf 90' lang='lat' dir='ltr'><strong>conversus</strong></span> <span class='ocrx_word' id='word_1_801' title='bbox 3021 5058 3081 5112; x_wconf 92' lang='lat' dir='ltr'><strong>in</strong></span> <span class='ocrx_word' id='word_1_802' title='bbox 3097 5059 3290 5130; x_wconf 90' lang='lat' dir='ltr'><strong>fugam</strong></span> <span class='ocrx_word' id='word_1_803' title='bbox 3302 5058 3374 5113; x_wconf 90' lang='lat' dir='ltr'><strong>ab</strong></span> <span class='ocrx_word' id='word_1_804' title='bbox 3386 5073 3452 5112; x_wconf 93' lang='lat' dir='ltr'><strong>eo</strong></span> <span class='ocrx_word' id='word_1_805' title='bbox 3466 5055 3808 5115; x_wconf 84' lang='lat' dir='ltr'><strong>declinabit.</strong></span> 
     </span>
    </p>
   </div>
   <div class='ocr_carea' id='block_1_111' title="bbox 2150 5145 3804 5219">
    <p class='ocr_par' dir='ltr' id='par_1_111' title="bbox 2150 5145 3804 5219">
     <span class='ocr_line' id='line_1_112' title="bbox 2150 5145 3804 5219; baseline -0.001 -17"><span class='ocrx_word' id='word_1_806' title='bbox 2150 5146 2314 5203; x_wconf 90' lang='lat' dir='ltr'><strong>Unde</strong></span> <span class='ocrx_word' id='word_1_807' title='bbox 2343 5146 2498 5202; x_wconf 91' lang='lat' dir='ltr'><strong>enim</strong></span> <span class='ocrx_word' id='word_1_808' title='bbox 2551 5145 2765 5219; x_wconf 89' lang='lat' dir='ltr'><strong>poterit</strong></span> <span class='ocrx_word' id='word_1_809' title='bbox 2802 5148 2947 5202; x_wconf 83' lang='lat' dir='ltr'><strong>satis</strong></span> <span class='ocrx_word' id='word_1_810' title='bbox 2982 5148 3298 5203; x_wconf 86' lang='lat' dir='ltr'><strong>confidenti</strong></span> <span class='ocrx_word' id='word_1_811' title='bbox 3348 5163 3477 5203; x_wconf 90' lang='lat' dir='ltr'><strong>esse</strong></span> <span class='ocrx_word' id='word_1_812' title='bbox 3509 5147 3704 5202; x_wconf 87' lang='lat' dir='ltr'><strong>animo</strong></span> <span class='ocrx_word' id='word_1_813' title='bbox 3739 5151 3804 5201; x_wconf 87' lang='lat' dir='ltr'><strong>ut</strong></span> 
     </span>
    </p>
   </div>
   <div class='ocr_carea' id='block_1_112' title="bbox 2152 5236 3801 5311">
    <p class='ocr_par' dir='ltr' id='par_1_112' title="bbox 2152 5236 3801 5311">
     <span class='ocr_line' id='line_1_113' title="bbox 2152 5236 3801 5311; baseline -0.002 -18"><span class='ocrx_word' id='word_1_814' title='bbox 2152 5241 2346 5311; x_wconf 88' lang='lat' dir='ltr'><strong>speret</strong></span> <span class='ocrx_word' id='word_1_815' title='bbox 2373 5236 2681 5293; x_wconf 89' lang='lat' dir='ltr'><strong>inimicum</strong></span> <span class='ocrx_word' id='word_1_816' title='bbox 2727 5237 3001 5293; x_wconf 90' lang='lat' dir='ltr'><strong>accedere</strong></span> <span class='ocrx_word' id='word_1_817' title='bbox 3030 5238 3101 5292; x_wconf 88' lang='lat' dir='ltr'><strong>ad</strong></span> <span class='ocrx_word' id='word_1_818' title='bbox 3148 5236 3638 5303; x_wconf 88' lang='lat' dir='ltr'><strong>conciliationem,</strong></span> <span class='ocrx_word' id='word_1_819' title='bbox 3685 5252 3801 5290; x_wconf 91' lang='lat' dir='ltr'><strong>non</strong></span> 
     </span>
    </p>
   </div>
   <div class='ocr_carea' id='block_1_113' title="bbox 2150 5323 3808 5398">
    <p class='ocr_par' dir='ltr' id='par_1_113' title="bbox 2150 5323 3808 5398">
     <span class='ocr_line' id='line_1_114' title="bbox 2150 5323 3808 5398; baseline -0.001 -18"><span class='ocrx_word' id='word_1_820' title='bbox 2150 5343 2464 5398; x_wconf 88' lang='lat' dir='ltr'><strong>properare</strong></span> <span class='ocrx_word' id='word_1_821' title='bbox 2495 5327 2565 5381; x_wconf 92' lang='lat' dir='ltr'><strong>ad</strong></span> <span class='ocrx_word' id='word_1_822' title='bbox 2636 5342 2918 5398; x_wconf 86' lang='lat' dir='ltr'><strong>magnum</strong></span> <span class='ocrx_word' id='word_1_823' title='bbox 2965 5325 3242 5381; x_wconf 84' lang='lat' dir='ltr'><strong>facinus?</strong></span> <span class='ocrx_word' id='word_1_824' title='bbox 3292 5326 3373 5381; x_wconf 84' lang='lat' dir='ltr'><strong>Re</strong></span> <span class='ocrx_word' id='word_1_825' title='bbox 3419 5323 3808 5380; x_wconf 86' lang='lat' dir='ltr'><strong>similitudine</strong></span> 
     </span>
    </p>
   </div>
   <div class='ocr_carea' id='block_1_114' title="bbox 2151 5413 3800 5472">
    <p class='ocr_par' dir='ltr' id='par_1_114' title="bbox 2151 5413 3800 5472">
     <span class='ocr_line' id='line_1_115' title="bbox 2151 5413 3800 5472; baseline -0.001 0"><span class='ocrx_word' id='word_1_826' title='bbox 2151 5416 2535 5472; x_wconf 86' lang='lat' dir='ltr'><strong>adumbrabo.</strong></span> <span class='ocrx_word' id='word_1_827' title='bbox 2583 5415 2884 5471; x_wconf 87' lang='lat' dir='ltr'><strong>Terribilis</strong></span> <span class='ocrx_word' id='word_1_828' title='bbox 2939 5420 3031 5471; x_wconf 86' lang='lat' dir='ltr'><strong>est</strong></span> <span class='ocrx_word' id='word_1_829' title='bbox 3086 5415 3175 5470; x_wconf 88' lang='lat' dir='ltr'><strong>leo</strong></span> <span class='ocrx_word' id='word_1_830' title='bbox 3227 5431 3359 5471; x_wconf 90' lang='lat' dir='ltr'><strong>cum</strong></span> <span class='ocrx_word' id='word_1_831' title='bbox 3419 5413 3692 5470; x_wconf 89' lang='lat' dir='ltr'><strong>occurrit.</strong></span> <span class='ocrx_word' id='word_1_832' title='bbox 3725 5413 3800 5471; x_wconf 87' lang='lat' dir='ltr'><strong>Ut</strong></span> 
     </span>
    </p>
   </div>
   <div class='ocr_carea' id='block_1_115' title="bbox 2147 5502 3799 5576">
    <p class='ocr_par' dir='ltr' id='par_1_115' title="bbox 2147 5502 3799 5576">
     <span class='ocr_line' id='line_1_116' title="bbox 2147 5502 3799 5576; baseline 0 -16"><span class='ocrx_word' id='word_1_833' title='bbox 2147 5520 2283 5560; x_wconf 92' lang='lat' dir='ltr'><strong>vero</strong></span> <span class='ocrx_word' id='word_1_834' title='bbox 2315 5502 2477 5559; x_wconf 88' lang='lat' dir='ltr'><strong>nulla</strong></span> <span class='ocrx_word' id='word_1_835' title='bbox 2508 5521 2655 5576; x_wconf 81' lang='lat' dir='ltr'><strong>Opus</strong></span> <span class='ocrx_word' id='word_1_836' title='bbox 2687 5509 2842 5560; x_wconf 89' lang='lat' dir='ltr'><strong>esset</strong></span> <span class='ocrx_word' id='word_1_837' title='bbox 2872 5505 3116 5561; x_wconf 89' lang='lat' dir='ltr'><strong>audacia</strong></span> <span class='ocrx_word' id='word_1_838' title='bbox 3156 5505 3205 5560; x_wconf 90' lang='lat' dir='ltr'><strong>si</strong></span> <span class='ocrx_word' id='word_1_839' title='bbox 3237 5504 3370 5576; x_wconf 90' lang='lat' dir='ltr'><strong>quis</strong></span> <span class='ocrx_word' id='word_1_840' title='bbox 3415 5520 3550 5559; x_wconf 91' lang='lat' dir='ltr'><strong>eum</strong></span> <span class='ocrx_word' id='word_1_841' title='bbox 3583 5504 3639 5559; x_wconf 89' lang='lat' dir='ltr'><strong>in</strong></span> <span class='ocrx_word' id='word_1_842' title='bbox 3673 5521 3799 5561; x_wconf 85' lang='lat' dir='ltr'><strong>car-</strong></span> 
     </span>
    </p>
   </div>
   <div class='ocr_carea' id='block_1_116' title="bbox 2151 5593 3800 5666">
    <p class='ocr_par' dir='ltr' id='par_1_116' title="bbox 2151 5593 3800 5666">
     <span class='ocr_line' id='line_1_117' title="bbox 2151 5593 3800 5666; baseline 0 -16"><span class='ocrx_word' id='word_1_843' title='bbox 2151 5610 2278 5650; x_wconf 87' lang='lat' dir='ltr'><strong>cere</strong></span> <span class='ocrx_word' id='word_1_844' title='bbox 2307 5593 2631 5650; x_wconf 91' lang='lat' dir='ltr'><strong>cohibitum</strong></span> <span class='ocrx_word' id='word_1_845' title='bbox 2664 5599 2720 5650; x_wconf 87' lang='lat' dir='ltr'><strong>et</strong></span> <span class='ocrx_word' id='word_1_846' title='bbox 2742 5595 2965 5651; x_wconf 87' lang='lat' dir='ltr'><strong>catenis</strong></span> <span class='ocrx_word' id='word_1_847' title='bbox 3004 5595 3388 5651; x_wconf 89' lang='lat' dir='ltr'><strong>constrictum</strong></span> <span class='ocrx_word' id='word_1_848' title='bbox 3445 5595 3800 5666; x_wconf 89' lang='lat' dir='ltr'><strong>conveniret,</strong></span> 
     </span>
    </p>
   </div>
   <div class='ocr_carea' id='block_1_117' title="bbox 2149 5683 3796 5758">
    <p class='ocr_par' dir='ltr' id='par_1_117' title="bbox 2149 5683 3796 5758">
     <span class='ocr_line' id='line_1_118' title="bbox 2149 5683 3796 5758; baseline -0.001 -17"><span class='ocrx_word' id='word_1_849' title='bbox 2149 5684 2234 5741; x_wconf 91' lang='lat' dir='ltr'><strong>sic</strong></span> <span class='ocrx_word' id='word_1_850' title='bbox 2280 5683 2640 5757; x_wconf 89' lang='lat' dir='ltr'><strong>[liberatum]</strong></span> <span class='ocrx_word' id='word_1_851' title='bbox 2688 5688 2744 5741; x_wconf 90' lang='lat' dir='ltr'><strong>et</strong></span> <span class='ocrx_word' id='word_1_852' title='bbox 2807 5688 3211 5742; x_wconf 89' lang='lat' dir='ltr'><strong>occurrentem</strong></span> <span class='ocrx_word' id='word_1_853' title='bbox 3260 5684 3452 5758; x_wconf 85' lang='lat' dir='ltr'><strong>quivis</strong></span> <span class='ocrx_word' id='word_1_854' title='bbox 3497 5701 3675 5758; x_wconf 87' lang='lat' dir='ltr'><strong>quam</strong></span> <span class='ocrx_word' id='word_1_855' title='bbox 3716 5684 3796 5741; x_wconf 89' lang='lat' dir='ltr'><strong>ci-</strong></span> 
     </span>
    </p>
   </div>
   <div class='ocr_carea' id='block_1_118' title="bbox 2147 5772 3798 5850">
    <p class='ocr_par' dir='ltr' id='par_1_118' title="bbox 2147 5772 3798 5850">
     <span class='ocr_line' id='line_1_119' title="bbox 2147 5772 3798 5850; baseline 0.002 -19"><span class='ocrx_word' id='word_1_856' title='bbox 2147 5772 2378 5832; x_wconf 88' lang='lat' dir='ltr'><strong>tissime</strong></span> <span class='ocrx_word' id='word_1_857' title='bbox 2408 5773 2655 5848; x_wconf 83' lang='lat' dir='ltr'><strong>fugeret,</strong></span> <span class='ocrx_word' id='word_1_858' title='bbox 2689 5775 2862 5833; x_wconf 91' lang='lat' dir='ltr'><strong>modo</strong></span> <span class='ocrx_word' id='word_1_859' title='bbox 2893 5792 3008 5833; x_wconf 91' lang='lat' dir='ltr'><strong>non</strong></span> <span class='ocrx_word' id='word_1_860' title='bbox 3039 5776 3217 5850; x_wconf 82' lang='lat' dir='ltr'><strong>pedes</strong></span> <span class='ocrx_word' id='word_1_861' title='bbox 3264 5792 3478 5849; x_wconf 86' lang='lat' dir='ltr'><strong>pavore</strong></span> <span class='ocrx_word' id='word_1_862' title='bbox 3525 5776 3798 5836; x_wconf 83' lang='lat' dir='ltr'><strong>constite-</strong></span> 
     </span>
    </p>
   </div>
  </div>
