4130 6420
323 390 445 450 5'15
1109 389 1530 452 EUSTATHII
1574 384 2346 448 THESSALONICENSIS
2391 385 2978 448 METROPOLITE
3641 388 3766 448 576

319 515 670 573 rint.Simi1i
701 518 875 573 modo
900 517 1246 590 fugiendum
1270 519 1359 572 est
1379 517 1579 573 odium
1613 513 1746 570 altis
1777 513 1983 571 radici-

2110 511 2294 583 ἑπίσης
2323 519 2550 583 ποιῆσαι
2581 509 2786 589 ὥσπερ,
2827 512 2959 590 πυρὶ
3017 515 3288 589 προσᾶραι
3340 509 3483 568 πόδα
3522 511 3756 588 γυμνόν

319 607 431 662 bus
454 606 954 679 ὴεουοοε,ί“υεζίθιιὰ
967 624 1153 680 usque
1171 605 1447 662 inimicus
1475 621 1579 678 per
1602 604 1761 660 istud
1781 603 1984 660 odium

2110 602 2243 659 »ύτω
2299 602 2392 658 καὶ
2448 601 2684 675 τοιούτῳ
2739 602 2925 679 ἰχθρῷ
2998 602 3293 678 προσμίξαι
3366 601 3442 666 είς
3497 623 3760 680 πραγμα-

321 695 473 751 leoni
508 696 744 752 similis.
797 697 1009 754 Pedem
1055 698 1279 753 nudum
1330 697 1389 750 in
1442 695 1608 767 ignes
1661 710 1801 750 sane
1849 710 1990 766 pro-

2110 713 2238 748 εειαν
2302 691 2488 771 φιλίας
2529 699 2629 763 τῆς
2679 692 2820 768 πρὸς
2867 690 3157 769 ὀρθότητα,
3199 693 3290 748 καὶ
3339 692 3759 769 προερχόμενον

319 784 520 856 ferret,
555 787 655 858 qui
689 803 752 842 se
777 786 880 843 tali
912 787 1159 842 sociaret
1189 785 1451 852 inimico,
1497 783 1817 841 amicitiam
1852 800 1986 839 cum

2110 780 2156 837 Ξὶ
2185 783 2259 845 ὡς
2289 784 2566 858 ἀγαπῆσαι
2616 783 2832 859 φεύγειν
2877 783 3006 838 ὡσεὶ
3055 783 3145 838 καὶ
3191 787 3320 860 πῦρ,
3372 783 3401 837 ὃ
3441 783 3631 859 φλέγει
3690 784 3766 838 τὰ

317 891 384 930 eo
415 875 738 931 secundum
778 875 1076 947 justitiam
1105 874 1548 931 conciliaturas.
1583 873 1821 944 Oportet
1850 889 1984 929 eum

2110 870 2150 926 tv
2209 870 2390 929 ποσίν.
2450 873 2676 944 Ὅμοιον
2723 871 2851 947 γὰρ,
2894 871 2963 927 τά
3008 892 3072 947 γε
3117 868 3197 934 εἴς
3245 872 3430 946 ψυχῆς
3474 871 3756 947 τάραχον,

318 963 509 1037 fugiat
551 969 953 1021 occurrentem
1002 965 1168 1036 quasi
1229 964 1301 1019 ad
1351 962 1576 1034 oscula,
1627 980 1744 1019 non
1796 979 1968 1018 secus

2110 959 2400 1036 ἐπιτρέχειν
2450 981 2509 1016 τε
2556 959 2881 1040 ἀφυλάκτως
2925 959 3228 1038 πράγματι,
3279 960 3309 1015 ὃ
3371 959 3506 1034 μετὰ
3551 965 3752 1038 πεῖραν

320 1070 387 1109 ac
419 1053 468 1109 si
501 1059 637 1110 ante
667 1053 1014 1126 pedesignis
1033 1054 1468 1110 accenderetur.
1499 1053 1662 1117 Quod
1709 1052 1865 1108 enim
1913 1052 1986 1107 ad

320 1143 792 1214 perturbationes
825 1143 1043 1199 mentis
1070 1143 1299 1209 attinet,
1331 1141 1429 1214 qui
1463 1142 1534 1197 ad
1594 1157 1663 1196 ea
1719 1140 1981 1213 pericula

323 1232 599 1287 incautus
631 1231 749 1288 ruit
780 1248 910 1304 quas
931 1236 1133 1303 postea
1153 1237 1427 1303 expertus
1460 1229 1986 1297 reformidat,idem

319 1320 460 1375 facit
487 1337 554 1376 ac
585 1320 635 1375 si
667 1337 782 1377 non
814 1320 1038 1377 videret
1067 1321 1224 1392 quod
1258 1324 1392 1376 ante
1425 1319 1625 1392 pedes.

394 1427 480 1481 14.
504 1425 751 1484 Necesse
781 1432 872 1484 est
900 1443 1059 1501 ergo,
1092 1431 1158 1483 ut
1209 1433 1448 1500 apparet
1480 1443 1548 1482 ex
1593 1427 1690 1482 his
1721 1443 1847 1499 qua:
1878 1441 1985 1481 nu-

320 1531 426 1588 per
453 1515 905 1589 diximus,orare
937 1534 1009 1572 ne
1040 1517 1176 1588 quis
1210 1518 1371 1588 prior
1399 1534 1503 1572 vos
1535 1516 1668 1572 odio
1700 1514 1985 1587 pertinaci

324 1613 588 1678 occupet.
627 1607 726 1661 Sin
773 1610 971 1662 autem
1020 1607 1079 1660 in
1131 1606 1278 1661 tales
1325 1605 1591 1661 miserias
1639 1605 1982 1672 incideritis,

325 1694 619 1750 demittito
649 1700 846 1767 caput,
895 1700 1071 1766 atque
1105 1710 1173 1750 ex
1218 1694 1320 1750 illa
1368 1694 1666 1749 communi
1697 1694 1984 1749 malorum

322 1784 559 1855 abysso,
593 1783 742 1838 clam
790 1784 1053 1840 invocata
1107 1789 1328 1849 Deum;
1380 1789 1508 1838 tum
1558 1783 1806 1855 genibus
1849 1799 1985 1855 pro-

322 1873 505 1928 voluti
537 1873 834 1928 extendite
866 1875 936 1927 ad
965 1891 1097 1928 eum
1129 1890 1380 1940 manus;
1418 1873 1673 1944 denique
1695 1879 1891 1927 cavete
1914 1889 1985 1928 ne

326 1962 428 2034 qui
461 1963 619 2034 prior
649 1963 886 2029 laeserit,
915 1962 1064 2018 iram
1098 1962 1406 2018 occasione
1458 1963 1597 2017 data
1647 1962 1898 2033 expleat,
1933 1961 1983 2016 si

327 2052 495 2107 vobis
529 2051 739 2107 obvius
786 2051 981 2108 fuerit.
1036 2051 1401 2124 Quapropter
1449 2050 1847 2123 colligendum
1898 2054 1988 2106 est

325 2157 394 2196 ex
424 2140 496 2196 iis
528 2157 654 2213 quae
687 2145 860 2196 antea
892 2141 1420 2205 consideravimus,
1456 2145 1682 2195 remota
1712 2139 1984 2195 odiorum

325 2229 604 2287 scandala
629 2230 1134 2302 compositamque
1167 2247 1368 2302 pacem
1421 2246 1727 2284 summum
1759 2246 1889 2284 esse
1921 2245 1986 2283 ac

327 2335 674 2392 supremum
700 2321 920 2375 bonum
944 2320 1220 2375 omnibus
1244 2318 1670 2387 bominibus,et
1691 2317 1986 2390 imprimis

331 2408 704 2474 Christianis,
737 2426 770 2464 a
802 2409 1019 2480 quibus
1067 2409 1221 2464 Deus
1266 2425 1457 2480 neque
1513 2409 1734 2462 donum
1795 2422 1985 2478 neque

331 2498 492 2554 aliud
542 2497 867 2569 quidquam
923 2497 1133 2569 accipit
1179 2497 1294 2552 nisi
1359 2497 1705 2553 cbaritatem
1754 2495 1983 2564 colant;

329 2592 458 2644 tum
494 2586 724 2642 cunctis
756 2587 830 2642 iis
862 2603 988 2658 quae
1023 2587 1093 2642 ad
1125 2587 1304 2642 vitam
1340 2591 1626 2658 spectant.

403 2694 490 2750 15.
543 2693 708 2758 Quod
767 2693 816 2750 si
852 2693 1008 2766 quis,
1060 2698 1373 2766 postquam
1424 2693 1877 2766 perseveraverit
1925 2692 1984 2748 in

332 2783 488 2853 odio,
531 2788 588 2838 et
634 2782 996 2838 lacessiverit
1045 2788 1100 2837 et
1165 2782 1440 2838 terruerit
1490 2788 1546 2838 et
1597 2785 1877 2851 nocuerit,
1929 2785 1987 2837 et

330 2872 562 2927 nullum
609 2871 779 2943 plane
829 2871 1100 2927 amicitia
1149 2871 1435 2927 indicium
1500 2889 1614 2944 pres
1659 2888 1718 2927 se
1767 2870 1983 2941 tulerit,

327 2964 530 3034 postea
553 2961 861 3016 nuntietur
882 2977 943 3016 se
960 2962 1364 3033 composuisse
1387 2961 1446 3015 in
1475 2961 1728 3016 amicum
1753 2959 1980 3015 fidelem

330 3051 430 3122 qui
468 3067 667 3121 pacem
701 3055 1036 3122 promoveat
1067 3055 1123 3106 et
1166 3051 1476 3122 paciﬁcum
1529 3067 1592 3106 se
1639 3051 1873 3105 dextere
1904 3049 1982 3104 si-

333 3139 563 3208 mulet;
600 3141 701 3196 sed
747 3140 1072 3195 cavendum
1129 3145 1221 3195 est
1271 3157 1341 3195 ne
1393 3156 1526 3194 cum
1596 3138 1700 3195 tali
1747 3138 1985 3193 homine

333 3229 522 3285 amica
552 3229 800 3285 societas
847 3228 1099 3300 ineatur,
1149 3229 1333 3284 donec
1375 3227 1549 3284 ﬁdem
1580 3227 1638 3282 in
1674 3243 1734 3282 se
1765 3226 1982 3298 fecerit,

333 3334 558 3390 ponens
592 3317 650 3373 in
684 3317 875 3373 medio
909 3319 1118 3388 pignus
1149 3318 1448 3384 idoneum,
1481 3334 1582 3390 per
1631 3318 1788 3389 quod
1839 3316 1986 3371 alter

333 3426 468 3465 cum
515 3409 696 3465 altero
750 3410 1164 3481 coniungatur,
1219 3427 1283 3464 ac
1328 3411 1442 3465 duo
1493 3410 1743 3481 sejuncti
1787 3408 1896 3464 viri
1927 3408 1987 3464 in

333 3497 613 3553 unionem
638 3498 827 3552 sancti
857 3498 1110 3568 Spiritus
1135 3498 1897 3569 ingrediantur.Aliterjure
1923 3497 1991 3552 ti-

336 3586 620 3641 mendum
652 3586 728 3640 sit
758 3603 829 3642 ne
859 3586 1200 3658 importuno
1234 3587 1291 3642 in
1323 3603 1664 3659 congressu,
1711 3587 1810 3660 qui
1844 3587 1990 3642 ami-

339 3674 541 3730 citiam
592 3673 970 3745 respiscentis
1020 3691 1180 3731 more
1230 3681 1522 3748 precatur,
1572 3677 1991 3731 detrimentum

337 3768 541 3819 contra
571 3763 738 3832 ferat,
771 3764 928 3836 quod
961 3764 1203 3820 minime
1252 3765 1499 3838 patienti
1549 3766 1785 3822 salubre
1833 3765 1991 3822 futu-

337 3869 470 3908 rum
505 3856 682 3908 esset.

412 3943 499 3997 16.
532 3942 694 3996 Idem
729 3958 971 4014 prorsus
999 3943 1048 3998 is
1089 3943 1495 4000 reformidabit
1539 3944 1641 4016 qui
1688 3945 1759 4001 ad
1791 3943 1993 4000 inimi-

341 4049 476 4088 cum
525 4031 834 4088 revertitur
881 4050 995 4088 non
1046 4033 1219 4104 plane
1281 4034 1632 4107 simplicem,
1692 4037 1791 4091 sed
1859 4035 1994 4108 plus

340 4138 508 4194 aequo
541 4123 842 4178 acerbum.
874 4122 996 4186 Quo
1019 4123 1176 4179 enim
1211 4123 1497 4180 satisdato
1524 4123 1736 4180 certior
1765 4125 1841 4180 sit
1871 4125 1994 4195 qui,

343 4217 582 4267 auctore
599 4211 905 4280 Deo,tuam
922 4215 1133 4284 repetit
1156 4213 1456 4270 studiosus
1475 4231 1651 4285 quam
1671 4215 1999 4286 projecerat

344 4300 688 4368 amicitiam,
737 4300 858 4356 fore
903 4308 965 4355 ut
1013 4301 1137 4373 ipse
1188 4302 1494 4358 conveniat
1543 4302 1850 4357 inimicum
1881 4303 1998 4356 cito

343 4389 824 4462 placabilem,qui
851 4390 1293 4459 resipiscentem
1320 4392 1578 4446 amicum
1612 4391 2001 4463 amplectatur

344 4484 402 4535 et
429 4478 751 4546 osculetur,
785 4496 900 4534 non
932 4481 1159 4535 occidat
1187 4485 1246 4535 et
1282 4481 1518 4535 devoret
1562 4480 1775 4535 misere
1817 4479 1998 4535 truci-

345 4569 550 4624 datum
571 4568 599 4621 ?
625 4568 881 4640 Contigit
909 4568 967 4623 in
1001 4571 1265 4640 exemplo
1310 4586 1491 4640 supra
1536 4568 1772 4624 laudato
1805 4575 1868 4624 ut
1899 4570 1998 4641 qui

2095 1050 2447 1123 πτοούμεθα,
2527 1049 2618 1106 καὶ
2705 1049 2926 1127 βλέπειν
3012 1049 3187 1107 έκεῖνο
3279 1051 3592 1130 προφθάνον
3679 1047 3767 1112 εἰς

2096 1141 2270 1213 ἡμᾶς·

2171 1422 2253 1484 ιδ’.
2287 1426 2410 1501 Χρὴ
2445 1422 2540 1479 οὖν
2571 1420 2853 1501 εὔχεσθαι,
2887 1425 2961 1487 ὡς
2991 1419 3163 1480 ἔοικεν
3218 1422 3270 1480 έν
3315 1428 3434 1486 τοῖς
3483 1421 3626 1499 ὄίρτι,
3677 1426 3770 1498 μή

2097 1515 2339 1590 εὑρέσθαι
2421 1516 2548 1588 ὑμῖν
2626 1515 2803 1590 ἀρχὴν
2885 1518 3246 1588 πεισματικοῦ
3317 1512 3532 1588 μίσους·
3603 1511 3771 1570 εἶδέ

2093 1627 2174 1667 τις
2227 1603 2452 1678 ἐμπέσοι
2510 1607 2662 1675 κακῷ
2701 1602 2959 1676 τοιούτῳ,
3020 1602 3167 1659 ἀλλὰ
3209 1603 3334 1658 τότε
3374 1602 3764 1676 κατακάμπτεο

2096 1707 2216 1759 σθαι
2290 1695 2381 1748 καὶ
2457 1696 2640 1770 ἡσυχῆ
2723 1691 3114 1761 κατακλᾶσθαι,
3192 1691 3601 1770 προσπίπτοντα
3677 1697 3764 1764 τῷ

2095 1788 2263 1856 κοινῷ
2321 1784 2491 1858 βυθῷ,
2553 1787 2706 1854 Θεῷ,
2765 1782 2855 1837 καὶ
2913 1782 3276 1858 γουνούμενον
3339 1779 3759 1852 συστέλλεσθαι,

2015 1874 2184 1965 Βκαὶ
2247 1871 2566 1927 ὑποπτεύειν
2607 1871 2698 1925 τὸν
2741 1871 3091 1946 κατάρξαντα,
3155 1874 3370 1944 μήποτε
3427 1870 3613 1946 καιρὸν
3677 1871 3768 1925 εὑ-

2095 1964 2280 2039 ρηκὼς
2309 1961 2606 2035 ἀποπλήσῃ
2661 1962 2752 2016 τὸν
2806 1961 2977 2035 θυμὸν
3032 1960 3197 2015 αὐτοῦ
3255 1960 3304 2016 έν
3356 1964 3437 2033 τῷ
3468 1965 3764 2035 συντυχεῖν

2094 2053 2198 2107 ὑπὸ
2226 2053 2431 2125 τουτῳῒ
2477 2056 2556 2123 τῷ
2608 2051 2942 2124 μισουμένῳ.
3003 2051 3103 2104 Καὶ
3142 2050 3328 2105 τοίνυν
3354 2049 3642 2124 ποριστέον
3701 2049 3763 2104 ἐκ

2090 2146 2198 2198 τῶν
2260 2139 2379 2215 ἄρτι
2441 2139 2880 2214 ἦπεσκεμμένων,
2943 2137 3027 2193 ὅτι
3092 2144 3391 2216 περιαιρεῖν
3454 2139 3548 2212 μὲν
3602 2137 3762 2193 σκάν-

2093 2229 2233 2286 δαλα
2279 2230 2650 2307 έχθροποιῶν,
2700 2230 2790 2284 καὶ
2838 2228 3308 2305 πραγματεύεσθαι
3345 2227 3566 2302 εἰρήνην
3629 2225 3755 2304 ἄρι-

2093 2319 2215 2374 στόν
2277 2320 2386 2374 ἐστι
2442 2320 2616 2388 πάντη
2676 2318 2765 2372 καὶ
2825 2316 3042 2379 πάντως
3100 2316 3431 2394 ἀνθρώποις,
3465 2316 3540 2390 μή
3573 2314 3659 2370 ὅτι
3696 2336 3756 2391 γε

2092 2411 2461 2485 Χριπιανοῖς,
2541 2409 2613 2461 ὧν
2666 2404 2789 2462 οὔτε
2856 2403 3003 2483 δῶρα
3052 2403 3267 2482 δέχεται
3328 2407 3355 2460 ὁ
3409 2405 3562 2477 Θεὸς,
3624 2402 3754 2458 οὔτε

2091 2497 2398 2575 προσένεξιν
2432 2496 2694 2572 ἑτεροίαν,
2730 2497 2773 2550 εἶ
2810 2498 2884 2570 μὴ
2921 2497 3091 2559 οὕτως
3134 2497 3492 2574 ἀγαπητικῶς
3551 2499 3750 2548 ποιοῦ-

2093 2611 2198 2659 σιν,
2231 2586 2377 2643 ἀλλᾶ
2405 2588 2494 2642 καὶ
2524 2588 2686 2642 ἅπασι
2717 2591 2829 2647 τοῖς
2861 2584 2914 2640 έν
2968 2585 3096 2660 βίῳ.

2167 2701 2244 2750 ιε’.
2303 2696 2432 2751 Ὃτε
2463 2691 2520 2748 δέ
2549 2714 2632 2755 τις
2664 2693 2801 2769 πρὸς
2834 2688 3074 2747 ἔνστασιν
3111 2691 3434 2764 μεμισηκὼς
3473 2690 3562 2746 καὶ
3599 2688 3745 2764 ἐπεξ-

2095 2784 2266 2849 ελθὼν
2311 2783 2399 2838 καὶ
2432 2779 2740 2857 ἐκφοϐήσας
2779 2781 2867 2836 καὶ
2921 2779 3135 2856 βλάψας
3175 2779 3265 2834 καὶ
3314 2775 3483 2853 μηδέν
3536 2800 3593 2834 τι
3647 2801 3742 2853 μη-

2097 2872 2278 2934 δόλως
2327 2870 2695 2944 ἐνδειξάμενος
2755 2871 2968 2946 ἀγάπης
3011 2871 3334 2946 τεκμήριον,
3395 2869 3506 2924 εἶτα
3555 2867 3748 2925 εἰκονί-

2100 2969 2205 3032 ζειν
2281 2958 2672 3038 ἐπαγγέλλεται
2739 2958 2900 3035 φίλον
2956 2954 3180 3034 ἀκριϐῆ,
3242 2962 3554 3034 προκεντῶν
3606 2957 3748 3031 εἰρη-

2095 3055 2221 3107 ναῖά
2268 3071 2390 3106 τινα
2427 3048 2516 3104 καί
2575 3054 2916 3127 σκιαγραφιῖη
2982 3046 3190 3120 δεξιῶς,
3241 3045 3370 3102 ἀλλ’
3429 3045 3612 3117 ἐκείνῳ
3665 3048 3741 3115 τῷ

2098 3141 2369 3214 ἀνθρώπῳ
2450 3134 2782 3208 εὐλαϐητέον
2856 3139 2931 3200 εἷς
3010 3137 3204 3192 ταυτὸν
3276 3135 3498 3209 ὁμιλίας
3566 3133 3732 3195 ἐλθεῖν

2097 3230 2342 3308 φιλικῆς,
2367 3225 2473 3290 ἳως
2504 3227 2562 3281 ἂν
2604 3228 3050 3303 τεκμηριώσηται
3100 3225 3306 3282 κόλλαν
3367 3225 3420 3280 ἐν
3465 3227 3538 3294 τῷ
3592 3221 3740 3295 μέσῳ

2096 3325 2364 3384 τεθεῖσθαι
2416 3317 2727 3393 ἀξιόλογον,
2771 3315 2844 3370 δι’
2889 3319 2954 3386 ἧς
2985 3314 3258 3386 ἂλΑήλοις
3315 3309 3742 3391 προσκολληθή-

2100 3430 2302 3478 σονται,
2356 3408 2447 3462 καὶ
2506 3407 2582 3469 εἷς
2635 3407 3004 3480 πνευματικὴν
3066 3406 3116 3460 οἱ
3177 3403 3460 3465 διεστῶτες
3517 3395 3744 3464 ἔλθωσιν

2099 3494 2311 3553 ἕνωσιν.
2348 3499 2476 3559 Δέος
2507 3497 2610 3570 γὰρ
2643 3495 2746 3550 οὐκ
2775 3493 3096 3570 ἀνέλλογον,
3152 3497 3226 3568 μή
3261 3513 3394 3548 ποτε
3421 3495 3490 3566 τῇ
3541 3489 3748 3565 ἀκαίρῳ

2102 3586 2405 3642 συνελεύσει
2440 3587 2466 3640 ὁ
2498 3584 2813 3660 προςελθὼν
2861 3585 3044 3660 βλάψῃ
3104 3581 3319 3656 μεθόδῳ
3381 3580 3606 3653 ὑπούλῳ
3661 3579 3750 3632 τὸν

2101 3675 2290 3753 ἄνδρα,
2325 3674 2386 3730 οὗ
2407 3677 2507 3744 τὴν
2539 3674 2723 3752 φιλίαν
2760 3680 2914 3744 ζητεῖ
2938 3675 3351 3748 ἀνακαμπικῶς,
3381 3672 3473 3727 καὶ
3503 3673 3538 3741 ἡ
3572 3661 3751 3746 βλάϐη

2105 3766 2252 3821 ἔσται
2287 3766 2362 3828 εἷς
2396 3762 2548 3819 οὐδὲν
2585 3765 2730 3840 ὑγιὲς
2758 3769 2838 3835 τῷ
2869 3763 3113 3820 παθόντι.
3605 3773 3609 3776 ’

2181 3946 2264 4009 ις’.
2314 3943 2392 4001 Τὸ
2424 3941 2482 3998 δὲ
2512 3942 2704 4017 ὅμοιον
2752 3945 3048 4014 πτοήοεται
3095 3940 3312 4002 πάντως
3363 3939 3453 3994 καὶ
3506 3938 3533 3992 ὁ
3589 3956 3760 4012 προσ-

2108 4033 2464 4112 ρυϊσκόμευος
2495 4033 2699 4109 ἐχθρῷ,
2735 4032 2794 4087 οὐ
2825 4036 2904 4104 τῷ
2937 4030 3126 4093 ἁπλῶς
3163 4030 3214 4086 ἐν
3272 4025 3566 4098 ἁπλότητι,
3618 4022 3766 4112 ἀλλὰ

2105 4111 2240 4196 πρὸς
2285 4117 2758 4195 ὐπερϐεὸληκυῖαν
2803 4118 3173 4196 σκληρότητα.
3225 4119 3392 4174 Πόθεν
3438 4117 3540 4193 γὰρ
3589 4111 3762 4189 ἐγγύη

2108 4211 2418 4284 δοθήσεται,
2448 4212 2523 4275 ὡς
2567 4211 2594 4265 ὁ
2642 4210 2778 4265 κατὰ
2825 4209 2954 4264 Θεὸν
3001 4207 3442 4286 φιλυπόστροφος
3504 4203 3582 4264 εἷς
3632 4201 3766 4276 ἀγά-

2107 4325 2215 4374 πην
2282 4300 2658 4377 ἀποιχομένην
2742 4301 2988 4375 στρεπτῷ
3054 4297 3254 4358 εὐθέως
3333 4291 3630 4363 έντεύξεται
3691 4292 3767 4360 τῷ

2109 4391 2294 4468 ἰχθρῷ
2338 4389 2429 4444 καὶ
2487 4388 2694 4462 ἑτοίμῳ
2753 4386 3204 4464 έγκολπώσασθαι
3278 4385 3366 4439 καὶ
3429 4379 3765 4468 ἀσπάσασθαι

2109 4467 2200 4536 τον
2248 4479 2637 4553 ἀνακάμψαντα
2687 4475 2871 4554 φίλον,
2923 4475 2984 4531 οὐ
3040 4477 3148 4549 μὴν
3203 4471 3666 4549 διαχειρίσασθαι,
3698 4467 3769 4528 ὡς

2109 4570 2199 4626 καὶ
2253 4573 2578 4647 καταφαγεῖν
2631 4565 2950 4638 έξολωλότα
2997 4569 3217 4634 κακῶς;
3277 4561 3354 4620 Ού
3415 4559 3593 4632 δήπου
3641 4558 3766 4647 γὰρ,

347 4655 605 4712 reditum
635 4655 693 4711 in
727 4657 1047 4712 amicitiam
1079 4656 1445 4728 quaesivisset
1482 4657 1758 4730 martyrio
1811 4659 1992 4715 salva-

2113 4661 2186 4722 ὡς
2217 4658 2304 4713 ἐπὶ
2341 4634 2438 4712 τοὺ
2470 4634 2834 4733 προκειμένου
2861 4657 2888 4709 ὁ
2937 4655 3032 4728 μὲν
3080 4655 3319 4725 ζητήσας
3347 4647 3610 4706 ἐπάνοδον
3646 4646 3772 4721 ἀγά-

348 4749 531 4816 retur,
563 4744 782 4816 quique
815 4747 1155 4801 redeuntem
1190 4749 1495 4801 aversatus
1521 4754 1674 4802 esset
1705 4765 1807 4819 per
1835 4749 2006 4804 Sata-

351 4850 489 4889 nam
521 4833 758 4906 periret.
788 4835 974 4906 Atque
1023 4849 1257 4905 semper
1315 4835 1518 4889 eodem
1572 4836 1744 4893 modo
1803 4855 1865 4894 se
1914 4854 2007 4894 res

349 4923 547 4990 habet,
583 4939 688 4979 nec
739 4927 969 4996 oportet
1004 4922 1299 4978 confidere
1347 4940 1455 4979 nos
1486 4923 1568 4980 ita
1620 4911 1893 4999 delapsos
1924 4927 2009 4984 ita

351 5012 643 5071 lalvatum
689 5012 782 5067 iri.
839 5012 1106 5083 Namque
1159 5011 1304 5067 illud
1351 5028 1586 5085 perraro
1632 5017 1844 5087 evenit,
1903 5035 2009 5074 nec

354 5101 495 5158 alibi
525 5101 641 5158 tale
671 5102 995 5175 quidquam
1047 5101 1391 5175 reperiatur.
1455 5105 1672 5163 Omitto
1729 5107 1919 5163 dicere
1950 5108 2009 5163 id

352 5191 700 5249 naturaliter
729 5209 794 5247 ac
822 5192 995 5264 vulgo
1027 5193 1151 5248 fieri
1179 5199 1243 5249 ut
1265 5196 1436 5250 ambo
1469 5213 1582 5251 una
1613 5188 1838 5270 delapsi
1889 5215 2010 5255 una

350 5285 616 5354 pereant,
649 5298 768 5352 qua
796 5299 866 5338 ex
896 5298 959 5339 re
989 5283 1183 5354 majus
1216 5284 1442 5341 damon
1493 5287 1777 5358 gaudium
1829 5289 2014 5346 susci-

352 5372 507 5444 piat.

427 5459 514 5516 17.
579 5460 916 5545 Cavendum
957 5467 1046 5520 est
1110 5463 1292 5536 igitur
1346 5464 1406 5520 in
1455 5481 1517 5521 re
1577 5467 1681 5524 tali
1729 5472 1785 5524 et
1835 5485 2013 5542 quam

360 5549 616 5608 maxime
643 5551 1271 5611 attendendum.Mu1ti
1300 5553 1457 5611 enim
1489 5555 1648 5614 mala
1669 5558 2013 5616 machinan-

363 5644 482 5707 tur,
516 5641 743 5700 scilicet
772 5644 811 5699 ii
845 5661 1098 5718 quorum
1131 5643 1204 5700 ad
1244 5647 1459 5701 nutum
1489 5662 1582 5704 res
1626 5664 1743 5705 non
1782 5652 2015 5720 coeunt,

2114 4770 2223 4820 πης
2256 4747 2432 4817 ἒσώθη
2471 4745 2928 4822 μεμαρτυρηκὼς,
2962 4745 2990 4800 ὃ
3024 4742 3081 4798 δὲ
3125 4740 3468 4812 δυσωπηθεὶς
3516 4736 3769 4822 ἀπώλετο

2117 4841 2438 4910 σατανικῶς,
2474 4835 2646 4898 οὕτως
2680 4821 2827 4890 ἔσται
2857 4835 2946 4890 καὶ
2977 4833 3064 4888 ἐπὶ
3094 4832 3309 4887 πάντων
3357 4829 3617 4906 γίνεσθαι·
3653 4821 3771 4881 οὐδὲ

2117 4926 2436 5004 θαρρητέον,
2469 4925 2544 4987 ὡς
2575 4926 2788 4996 πάντες,
2824 4923 2868 4979 εἷ
2901 4921 3044 4978 οὕτω
3075 4920 3406 4995 πεσούμεθα,
3453 4915 3770 4989 σωθησόμε-

2118 5019 2202 5072 θα.
2236 5019 2360 5074 Τῶν
2391 5016 2492 5091 γὰρ
2526 5016 2666 5070 πάνυ
2697 5012 2933 5070 σπανίων
2961 5012 3051 5067 καὶ
3086 5009 3381 5088 ἀνευρέτων
3415 5008 3590 5064 έκεῖνο
3615 5005 3767 5062 ἐστιν·

2119 5105 2192 5161 ἐῶ
2221 5105 2422 5181 λέγειν,
2455 5105 2530 5166 ὡς
2560 5104 2705 5169 εἰκός
2733 5125 2866 5160 ποτε
2895 5103 2985 5158 καὶ
3018 5099 3359 5182 ἀμφοτέρους
3409 5097 3488 5161 είς
3535 5092 3587 5152 ἕν
3649 5112 3765 5182 συμ-

2120 5195 2380 5260 πετόντας
2409 5192 2732 5271 ἀπολέσθαι,
2765 5196 2841 5260 ὡς
2872 5191 3062 5250 πλεῖον
3098 5181 3242 5248 οὕτω
3270 5189 3517 5268 γενέσθαι
3545 5187 3611 5244 τὸ
3661 5181 3765 5239 δαι-

2127 5287 2349 5362 μονικὸν
2378 5284 2578 5363 έπίχαρ
2587 5308 2682 5361 μα.

2198 5471 2282 5539 ιζ’.
2371 5467 2580 5528 Οὐκοῦν
2642 5463 2971 5539 εὐλαϐητέον
3045 5462 3098 5518 έν
3156 5467 3274 5525 τοῖς
3342 5459 3628 5524 τοιούτοις,
3679 5440 3766 5504 καὶ

2124 5559 2448 5634 προσεκτέον
2483 5557 2567 5614 ὅτι
2602 5557 2859 5633 μάλιστα.
2911 5552 3125 5614 Πολλοὶ
3171 5553 3273 5629 γὰρ
3325 5575 3354 5605 ι(
3405 5549 3544 5607 κακὰ
3592 5556 3771 5620 μηχα“

2125 5650 2324 5704 νῶνται
2379 5671 2409 5702 »
2465 5649 2604 5705 κατὰ
2649 5647 2740 5703 τὸν
2774 5645 2948 5708 οὕτως
3006 5641 3248 5713 εἰπόντα,
3311 5642 3392 5705 οἷς
3425 5639 3486 5695 οὗ
3543 5635 3680 5693 πάνυ
3723 5641 3775 5713 τί

364 5729 436 5788 de
463 5730 681 5803 quibus
713 5710 938 5792 dictum
970 5737 1062 5792 est
1097 5750 1112 5792 :
1148 5753 1179 5785 ‹‹
1206 5732 1336 5790 Non
1365 5738 1456 5793 est
1483 5739 1548 5793 ut
1577 5738 1874 5800 dormiant
1903 5737 1992 5798 nis

2127 5737 2562 5816 προσαρμόττειν
2607 5735 2804 5813 ἐθέλει,
2861 5737 2924 5792 τὸ
2989 5756 3017 5791 α
3071 5710 3288 5808 Οὖ’μὴ
3347 5730 3686 5794 ὑπνώσωσιν.
3732 5710 3779 5771 εί
