4130 6384
331 447 460 508 577

1397 439 1478 503 IN
1524 439 1589 502 S.
1638 435 2333 512 QUADRAGESIMAM
2378 439 2672 505 ORATIO
2715 441 2768 503 Ι.

3643 443 3768 507 578

339 579 418 654 μὴ
473 575 958 648 κακοποιήσουσιν,
1007 596 1039 628 ››
1083 569 1231 629 ἀλλὰ
1290 567 1530 647 μᾶλλον,
1562 570 1641 635 ὡς
1690 593 1719 624 ‹‹
1770 570 1851 627 Οὐ
1919 570 1994 642 μὴ

2141 571 2420 630 mouerint
2442 575 2486 642 ⁴,
2527 596 2548 624 ι
2575 573 2664 631 vel
2695 573 2891 646 potius
2917 591 2930 631 :
2967 597 2997 627 α
3026 575 3152 632 Non
3181 578 3273 632 est
3329 578 3396 631 ut
3423 576 3620 633 vivant
3649 576 3766 633 nisi

336 669 606 740 ζήσωσιν,
639 663 684 720 εἷ
721 666 797 738 μὴ
832 661 1200 742 φονεύσουσιν·
1237 684 1266 715 »
1290 661 1318 716 ὃ
1351 658 1416 731 δὴ
1454 657 1690 733 μάλιστα
1718 656 1994 729 ἐζήλωσεν

337 758 368 814 ὁ
420 755 743 832 Σαπρίκιος.
796 756 948 812 Ἐστι
999 751 1055 808 δὲ
1105 749 1466 818 άστείσασθαι,
1519 749 1608 804 καὶ
1666 749 1740 810 ὡς
1792 746 1907 803 οὐδ’
1939 746 2000 802 οὗ

345 849 423 924 μὴ
476 843 898 913 ἀναπνεύσωσιν,
960 842 1005 898 εἱ
1068 844 1142 915 μή
1201 861 1324 896 τινα
1377 840 1736 906 καταπίωσιν,
1779 835 1887 901 εἷ’θε
1945 833 2005 890 δὲ

477 936 786 1010 ἄνθρωπον,
821 930 966 988 ἀλλά
1021 951 1142 986 τινα
1202 934 1360 1004 μυῖαν
1427 927 1695 1003 δακνηρὰν
1750 927 1804 981 αἱ
1856 923 2005 980 κυνό-

353 1022 648 1101 μυιαιστίνα
703 1021 793 1079 καὶ
827 1021 904 1086 εἷς
934 1015 1275 1092 Βεελζεϐοὺλ
1334 1019 1616 1094 ἀνάγοιντο
1671 1017 1760 1072 καὶ
1822 1013 2002 1087 αὐτοὶ,

351 1117 410 1180 ὃς
469 1116 570 1171 ὑπὸ
624 1119 734 1170 τῶν
790 1113 858 1169 τὰ
906 1118 1022 1178 θεῖα
1081 1115 1262 1192 σοφῶν
1321 1133 1352 1164 ι(
1400 1108 1707 1165 καταπίνων
1773 1111 1932 1184 μυῖαν
1971 1128 2001 1158 n

353 1205 410 1282 ἕρ
420 1204 727 1279 μηνεύεται.

429 1296 519 1366 ιη’.
572 1290 712 1348 Ἰδοὺ
759 1293 940 1348 τοίνυν
1009 1291 1069 1348 ἐκ
1130 1289 1346 1348 τοιοῦδε
1414 1291 1619 1370 φάκτου
1676 1292 1763 1346 καὶ
1824 1287 2005 1364 ἕτερον

347 1389 530 1441 τοῦτο.
589 1379 818 1458 Δὲνδρον
899 1384 1038 1454 ἡμῖν
1121 1380 1472 1454 ἐντεθύμηται
1560 1379 1884 1447 ἀλλόκοτον,
1944 1379 2006 1432 οὗ

353 1475 578 1549 μνήμην
634 1471 733 1527 οὐκ
802 1471 1027 1544 ἐθὲμεθα
1101 1473 1416 1549 φθάσαντες,
1469 1471 1600 1545 ὅπερ
1680 1467 1832 1531 οτίους
1911 1468 2007 1541 μὲν

347 1564 556 1642 φθάσαν
621 1557 776 1636 ἔφερε
814 1559 1080 1636 καρποὺς,
1108 1559 1208 1615 οὐκ
1265 1557 1487 1633 οἴδαμεν
1546 1553 1762 1635 ἀκριϐεῖ
1812 1559 2006 1634 γνώσει

347 1646 785 1726 παραλαϐόντες.
837 1651 1046 1706 Ἐκεῖνο
1113 1647 1170 1703 δὲ
1238 1645 1598 1726 ἀκριϐέστατα
1654 1648 2006 1720 ἐπιστάμεθα,

352 1741 457 1810 ὅτι,
489 1741 608 1794 καθ’
639 1740 697 1794 ’ὀν
729 1740 916 1813 καιρὸν
950 1735 1180 1812 ἔμελλεν
1208 1737 1339 1793 αὐτὸ
1367 1738 1456 1809 (ἦν
1511 1735 1568 1792 δὶ
1613 1739 1641 1792 ὁ
1690 1737 2009 1810 Σαπρίκιος)

352 1828 633 1904 ἆξαρτύσαι
706 1833 839 1884 Θεοῦ
886 1829 1156 1903 τράπεζαν
1218 1825 1308 1882 διὰ
1377 1825 1745 1905 καρποφονίας
1814 1825 2013 1899 εὐγενε-

351 1918 574 1990 στάτης,
637 1917 952 1992 ἀπετμήθη,
999 1917 1073 1980 ὡς
1155 1915 1401 1992 γενέσθαι
1457 1916 1860 2017 πυρίκαυστον*
1919 1914 2009 2017 τίὲν
2046 1952 2093 2017 Β

349 2009 453 2086 γὰρ
513 2008 736 2084 φοίνικα
799 2010 896 2061 τοῦ
969 2009 1104 2060 Θεοῦ
1177 2003 1667 2080 καταγευσάμενος,
1728 2003 1810 2058 ὅτι
1875 2000 2016 2077 μηδὲ

352 2096 469 2172 εἶχε
498 2096 614 2151 κατ’
643 2093 847 2149 ἐκεῖνον
894 2092 1048 2169 λόγῳ
1102 2095 1335 2170 φυσικῆς
1394 2091 1612 2167 εὐφυΐας
1673 2089 1878 2166 γλυκὺν
1930 2089 2016 2166 ἐγ-

353 2182 609 2262 κέφαλον,
643 2180 928 2258 ἀπετάχθη
965 2181 1041 2245 εἷς
1071 2185 1177 2258 πῦρ
1217 2180 1461 2238 αἰώνιον.

437 2363 520 2426 ιϐ’.
552 2361 614 2418 Ei
646 2357 703 2416 δὲ
758 2382 810 2416 τι
861 2360 973 2437 χρὴ
1009 2361 1134 2435 (οὐκ
1188 2357 1248 2414 ἂν
1298 2356 1356 2414 δὲ
1404 2359 1660 2420 ἀπεοικὸς
1692 2357 1800 2432 εἷίη)
1827 2356 2015 2413 δυάσαι

357 2453 457 2521 τήν
514 2447 798 2526 δενδρικὴν
883 2449 1109 2524 θεωρίαν
1185 2447 1411 2520 ταύτην,
1461 2442 1573 2503 ἔστι
1633 2446 2016 2519 διανοήσασθαι

357 2542 505 2614 ἡμᾶς
556 2539 781 2603 ἐνταῦθα
829 2538 928 2594 οὐκ
972 2539 1304 2617 ἀπροσφυῶς
1371 2537 1464 2593 καὶ
1521 2534 1769 2614 δεύτερον
1828 2537 2020 2594 αὐτίκα

359 2627 582 2705 δένδρον
636 2625 1082 2702 παράδοξον,τὸν
1138 2629 1290 2704 ἅγιον
1349 2627 1693 2705 Νικηφόρον,
1728 2625 1859 2702 ἄχρι
1922 2627 2015 2700 μὲν

357 2725 459 2788 τῆς
511 2717 755 2791 ἐκτομῆς
815 2721 912 2772 τοῦ
972 2717 1200 2792 ἀχρείου
1256 2717 1358 2785 τὴν
1388 2714 1609 2793 καρδίαν
1645 2713 1890 2790 δένδρου,
1921 2720 2019 2770 τοῦ

371 2805 731 2884 μισαδὲλφου,
761 2804 853 2861 καὶ
903 2804 1047 2860 οὕτω
1089 2808 1408 2877 (Δαυϊτικῶς
1456 2802 1701 2877 καλέσαι)
1745 2805 2020 2880 βαρυκαρ-

372 2893 515 2966 δίου,
546 2896 631 2950 οἷα
684 2895 774 2950 καὶ
824 2894 1208 2970 ἀγαπήσαντος
1268 2892 1626 2967 ματαιότητα,
1686 2892 1794 2968 οὐχ
1846 2891 2020 2954 οὕτως

374 2983 640 3060 ἱριθηλὲς,
708 2980 835 3038 οὐδὲ
911 2985 1025 3038 οἷον
1096 2980 1399 3058 μεγαλείως
1479 2980 1886 3059 προφαίνεσθαι,
1945 2981 2019 3042 ὡς

372 3071 536 3149 λόγον
569 3071 651 3128 ὄπ’
679 3073 828 3144 αὐτῷ
879 3071 1012 3127 εἶναι
1057 3069 1253 3128 πολύν.
1281 3075 1407 3126 Ὅτε
1464 3071 1648 3145 μέντοι
1694 3075 1791 3125 τοῦ
1846 3067 2021 3124 καλοῦ

367 3164 453 3218 καὶ
505 3166 711 3237 σαπροῦ
772 3161 824 3216 ἐν
883 3165 1007 3238 χρῷ
1061 3160 1275 3238 γὲγονεν
1325 3163 1360 3230 ἡ
1393 3159 1568 3231 ἀξίνη,
1610 3159 1852 3233 αὐθωρὸν
1911 3162 2020 3213 τῶν

371 3252 545 3326 ὁψὲων
577 3255 674 3306 τοῦ
725 3251 958 3328 οὐρανοῦ
1007 3250 1416 3326 παραψάμενον,
1448 3251 1538 3303 καὶ
1594 3246 1725 3319 ἄνθη
1777 3243 2023 3323 προϐαλ-

2112 660 2525 732 οοοίἀθτίηι⁵,»
2552 663 2731 734 (quod
2765 664 2821 719 in
2858 664 3066 736 primis
3086 665 3397 736 appetebat
3423 665 3766 738 Sapricius),

2112 750 2201 805 vel
2248 752 2426 807 etiam
2512 751 2742 808 acutius
2787 769 2800 807 :
2857 753 2981 810 Non
3040 757 3130 809 est
3179 757 3242 808 ut
3290 754 3602 825 respirent,
3653 754 3768 827 nisi

2114 840 2465 911 sanguinem
2495 840 2894 908 exhauserint,
2939 859 3056 898 non
3117 842 3246 898 dico
3277 842 3547 898 homines
3583 843 3773 898 homi-

2115 944 2273 995 nem,
2314 931 2416 985 sed
2476 929 2643 984 ricini
2703 947 2970 986 muscam
3029 933 3388 1001 mordacem,
3441 932 3626 987 donec
3661 932 3776 1002 ipsi

2117 1017 2188 1072 ad
2221 1017 2569 1074 Beelzebuth
2599 1020 3016 1090 perducantur,
3049 1021 3219 1090 cujus
3275 1037 3489 1076 nomen
3541 1021 3776 1093 signifi-

2115 1111 2230 1181 cat,
2264 1124 2567 1168 acrorum
2599 1109 2901 1169 doctorum
2934 1109 3436 1188 interpretatione,
3471 1131 3492 1160 α
3529 1109 3776 1188 quimu-

2119 1218 2251 1258 scas
2277 1205 2527 1276 exsugit.
2555 1226 2585 1255 ››

2188 1291 2277 1346 48.
2305 1292 2448 1347 Ecce
2479 1293 2636 1349 aliud
2685 1294 2894 1351 iisdem
2937 1296 3258 1367 praemissis
3288 1301 3774 1366 consentaneum,

2117 1381 2400 1436 Arborem
2431 1382 2491 1436 in
2524 1383 2810 1456 principio
2859 1384 3221 1456 singularem
3250 1387 3778 1443 animadvertimus

2121 1469 2290 1540 cujus
2324 1471 2589 1526 nondum
2611 1473 2996 1544 deposuimus
3031 1474 3396 1529 memoriam.
3428 1474 3643 1540 Quales
3677 1493 3779 1530 au-

2119 1563 2238 1614 tem
2271 1559 2391 1614 hac
2417 1560 2592 1615 arbor
2641 1561 2867 1632 priores
2919 1561 3145 1617 fructus
3188 1563 3457 1629 ediderit,
3489 1563 3779 1618 incertum

2121 1651 2233 1712 est,
2268 1664 2374 1703 nec
2406 1649 2553 1704 satis
2585 1655 2790 1704 exacta
2817 1651 3151 1720 cognitione
3183 1652 3485 1706 traditum.
3520 1657 3595 1707 At
3634 1652 3779 1708 illud

2123 1736 2391 1807 apprime
2449 1738 2744 1804 novimus,
2804 1739 3193 1811 eamdem'(id
3258 1745 3349 1795 est
3404 1741 3778 1812 Sapricium),

2125 1842 2257 1880 cum
2283 1825 2409 1896 jam
2443 1825 2652 1882 divinas
2704 1843 2916 1883 mensae
2971 1829 3197 1884 fructus
3248 1845 3563 1901 generosos
3612 1831 3784 1887 mini-

2125 1920 2386 1970 stratura
2415 1919 2589 1984 esset,
2623 1933 2689 1972 eo
2722 1917 2980 1972 excisam
3004 1917 3186 1974 fuisse
3217 1924 3280 1973 ut
3310 1919 3444 1991 igne
3474 1921 3784 1977 combure-

2125 2007 2302 2058 retur.
2341 2003 2628 2066 Quoniam
2663 2004 2820 2060 enim
2853 2006 3066 2061 collata
3097 2023 3230 2062 cum
3279 2007 3477 2079 palma
3510 2009 3607 2064 Dei
3665 2027 3782 2066 non

2124 2080 2398 2162 habebat,
2431 2097 2498 2148 ut
2527 2094 2699 2164 quasi
2726 2094 2796 2148 de
2827 2111 3104 2166 corporea
3126 2101 3338 2153 natura
3369 2097 3594 2169 loquar,
3620 2115 3784 2171 aeque

2127 2197 2368 2236 suavem
2401 2181 2600 2253 gustui
2634 2181 2976 2252 medullam,
3024 2185 3282 2255 seposita
3329 2191 3419 2242 est
3473 2186 3533 2242 in
3581 2187 3781 2261 ignem

2125 2275 2434 2326 aeternum.

2201 2359 2286 2414 19.
2347 2359 2449 2414 Sin
2501 2364 2697 2415 autem
2756 2365 3018 2430 oporteat
3069 2362 3197 2433 (nec
3267 2363 3374 2419 abs
3463 2380 3524 2420 re
3583 2367 3783 2438 esset),

2127 2447 2340 2502 harum
2373 2447 2651 2503 arborum
2685 2447 2931 2504 alteram
2962 2450 3202 2518 intueri,
3250 2451 3308 2506 id
3334 2453 3788 2525 perspiciamus,

2129 2537 2284 2608 quod
2319 2554 2353 2592 a
2393 2537 2691 2608 praedictis
2755 2555 2868 2593 non
2929 2539 3224 2608 abhorret,
3285 2542 3670 2612 posteriorem
3724 2560 3794 2599 ex

2129 2624 2223 2682 his
2247 2625 2476 2681 duobus
2499 2625 2665 2681 miris
2696 2626 3028 2694 arboribus,
3072 2627 3131 2683 id
3181 2633 3270 2684 est
3317 2635 3590 2686 sanctum
3623 2631 3792 2687 Nice-

2130 2713 2405 2787 phorum,
2438 2731 2504 2769 eo
2535 2731 2726 2786 usque
2753 2717 2892 2770 dum
2917 2722 3282 2773 resecaretur
3302 2718 3404 2774 illa
3433 2720 3792 2792 prior,cujus

2131 2821 2231 2860 cor
2259 2803 2460 2859 sterile
2501 2809 2649 2870 erat,
2695 2805 2837 2875 quia
2886 2805 3096 2861 fratres
3153 2808 3373 2879 oderat,
3434 2813 3537 2864 aut
3592 2810 3790 2882 potius

2131 2909 2305 2965 grave
2334 2897 2458 2948 erat
2484 2895 2575 2961 (ut
2604 2893 2844 2949 Davidis
2872 2895 3049 2951 verba
3107 2897 3433 2968 usurpem),
3458 2899 3600 2969 quia
3620 2899 3790 2954 vani-

2130 2986 2311 3038 tatem
2362 2980 2664 3053 diligebat,
2715 2999 2831 3039 non
2889 2983 2974 3039 ita
3029 2983 3272 3041 viridem
3324 2991 3427 3042 aut
3468 2985 3679 3042 elatam
3728 3005 3791 3045 se

2133 3069 2476 3141 praestitisse
2506 3074 2571 3125 ut
2593 3070 2814 3126 multus
2846 3071 2917 3126 de
2947 3089 3015 3128 ea
3055 3089 3248 3129 sermo
3305 3073 3640 3132 haberetur.
3690 3077 3794 3133 Po-

2134 3164 2260 3216 stea
2337 3175 2472 3214 vero
2522 3176 2656 3213 cum
2721 3161 2945 3217 securis
3025 3161 3293 3218 corticem
3372 3166 3794 3236 penetravisset

2141 3247 2389 3319 hujusce
2443 3247 2697 3320 pulchras
2728 3265 2792 3303 ac
2833 3249 3078 3321 putrida:
3120 3251 3368 3320 arboris,
3430 3252 3795 3326 Nicephorus

371 3318 633 3415 λδμενον,
690 3318 806 3394 καὶ.
859 3318 1309 3417 καρποφορῆσαν,
1369 3339 1443 3401 ὡς
1493 3337 1621 3400 Θεὸς
1680 3318 1885 3413 ἀγαπᾷ,
1936 3337 2024 3392 καὶ

2141 3318 2294 3391 hora
2326 3341 2622 3391 momento
2647 3337 2811 3392 visus
2835 3342 2924 3393 est
2937 3339 3164 3396 excelsa
3191 3340 3324 3396 coeli
3353 3343 3796 3414 tangere,ﬂores

373 3431 443 3503 τῇ
502 3427 709 3484 ἐκείνου
768 3426 1078 3495 ἀπελευσει,
1133 3427 1253 3491 καθ’
1307 3427 1372 3497 ἣν
1462 3426 1752 3500 ἀπετμήθη
1822 3426 1880 3481 ἐκ
1933 3430 2031 3481 τοῦ

375 3522 510 3574 Θεοῦ
565 3518 653 3572 καὶ
707 3519 805 3571 τοῦ
854 3517 971 3571 κατ’
1010 3515 1168 3571 αὐτὸν
1210 3513 1564 3590 παραδείσου,
1596 3515 1851 3594 ἐκφανθὲν
1903 3515 2032 3571 αὐτὸ

375 3605 452 3670 εἰς
484 3607 648 3686 φυτὸν
681 3609 814 3662 Θεοῦ
841 3604 1148 3682 ἀξιόλογον,
1170 3602 1261 3660 ’ίνα
1298 3625 1416 3669 πως
1445 3605 1714 3670 κάνταῦθα
1767 3606 1802 3676 ἠ
1856 3602 2033 3660 ἄλλου

375 3695 556 3773 φθορὰ
583 3691 667 3767 εἴη
700 3692 878 3750 ἄλλου
909 3695 1137 3771 γενεσις.

447 3875 514 3933 κ’.
549 3873 654 3932 Καὶ
697 3870 818 3928 ἰδοῦ
879 3870 975 3929 δύο
1032 3875 1168 3946 ἡμῖν
1221 3869 1342 3948 ἄρτι
1408 3873 1740 3950 ἀναπέφηνεν
1809 3874 2034 3950 ἱστορη-

381 3965 516 4039 μένα
573 3959 787 4039 δένδρα,
829 3962 1104 4036 θαύματος
1160 3961 1249 4018 καί
1308 3960 1621 4033 ἐκπλήξεως
1677 3959 1813 4033 ἅξια’
1849 3964 1922 4017 ὧν
1970 3964 2033 4018 τὸ

383 4055 477 4128 μὲν
529 4051 746 4128 τάχιον,
778 4051 814 4122 ἢ
865 4052 1130 4126 ἀναμῦσαί
1180 4073 1321 4124 τινα,
1355 4052 1382 4105 ὃ
1435 4049 1500 4119 δὴ
1561 4051 1799 4126 λέγεται,
1851 4052 2036 4116 αὐτοῖς

377 4147 629 4217 καρποῖς,
693 4145 778 4204 οἷς
826 4138 1033 4219 ἔφερεν,
1086 4141 1160 4202 ὡς
1208 4142 1304 4215 μὶν
1365 4138 1552 4202 ἄλλως
1607 4139 1802 4207 εἷπεῖν,
1849 4161 2032 4219 τυφω-

382 4237 518 4306 νικῷ
568 4231 885 4306 ἐξέσπασται
931 4230 1201 4304 πνεύματι
1255 4230 1345 4285 καὶ
1403 4228 1687 4304 Ἀρπυίαις
1745 4228 2032 4301 ἐλήλαται,

385 4321 814 4398 προσφυεστερον
872 4315 930 4372 δὲ
999 4319 1181 4394 φάναι,
1240 4316 1598 4373 κατὲσπασται
1672 4316 1750 4378 εἷς
1831 4319 2033 4395 φθορὰν

382 4409 626 4485 χάσματι
673 4415 796 4484 γῆς,
829 4407 899 4462 Τὸ
927 4405 984 4462 δὲ
1031 4403 1213 4484 ἕτερον
1261 4404 1531 4482 δεύτερον,
1567 4407 1641 4469 ὡς
1691 4407 1780 4461 οἷα
1833 4407 1922 4461 καὶ
1981 4406 2039 4462 ἐκ

384 4500 462 4572 μὴ
513 4493 664 4560 ὄντος
712 4497 955 4575 ἀναφυὲν,
1006 4495 1230 4575 ἐξεφάνη
1263 4497 1351 4552 καὶ
1409 4493 1841 4575 ἐπληροφορῆθη
1901 4497 2036 4573 πρὸς

379 4587 475 4644 καὶ
535 4586 914 4658 ἐντελεστάτην
985 4583 1151 4658 αὔξην
1213 4588 1302 4641 καὶ
1381 4585 1662 4662 κάρπωσιν
1732 4587 2034 4662 θεάρεστον·

2145 3425 2516 3498 profundere,
2560 3426 2905 3497 fructusque
2959 3429 3107 3484 ferre
3159 3429 3376 3501 quibus
3438 3431 3588 3488 Deus
3638 3433 3795 3490 dele-

2143 3517 2357 3570 ctatur.
2391 3513 2639 3586 Sapricii
2669 3515 2942 3583 recessio,
2968 3521 3204 3589 propter
3233 3536 3409 3590 quam
3435 3535 3504 3575 ex
3558 3520 3675 3578 Deo
3706 3526 3794 3578 at-

2144 3620 2259 3675 que
2287 3604 2416 3674 ejus
2446 3602 2722 3674 paradiso
2768 3611 3073 3678 exemptus
3133 3611 3243 3674 est,
3301 3624 3482 3666 causa
3537 3609 3649 3665 fuit
3694 3627 3800 3667 cur

2143 3691 2511 3764 Nicephorus
2541 3690 2804 3764 plantam
2851 3695 2962 3750 Deo
2990 3696 3308 3767 pretiosam
3365 3715 3429 3754 se
3477 3698 3796 3772 exhiberet,

2147 3781 2352 3853 sicque
2383 3797 2452 3835 ex
2482 3781 2658 3835 unius
2681 3781 2854 3837 exitio
2888 3781 3130 3839 alterius
3153 3785 3316 3842 salus
3347 3785 3617 3843 oriretur.

2213 3872 2304 3924 20.
2339 3871 2480 3925 Ecce
2512 3871 2627 3925 duo
2659 3869 2789 3927 istae
2818 3873 3075 3940 arbores,
3120 3891 3266 3945 quas
3300 3875 3796 3947 memoravimus;

2144 3959 2532 4014 admiratione
2588 3963 2644 4015 et
2702 3965 2942 4032 stupore
2985 3962 3197 4034 dignas
3240 3964 3411 4021 nobis
3470 3983 3657 4037 nuper
3736 3985 3799 4024 se

2144 4049 2544 4105 ostenderunt.
2575 4047 2836 4103 Alteram
2890 4051 3068 4119 enim,
3112 4052 3456 4124 priusquam
3518 4056 3674 4126 quis,
3734 4061 3800 4111 ut

2147 4137 2331 4203 aiunt,
2377 4136 2715 4203 nictaretur,
2768 4137 3124 4210 typhonicus
3182 4145 3412 4210 ventus,
3460 4147 3526 4198 ut
3580 4149 3800 4201 temere

2145 4224 2375 4295 loquar,
2410 4223 2770 4294 exstirpavit,
2803 4240 2937 4282 cum
3000 4227 3288 4284 fructibus
3347 4246 3495 4300 quos
3553 4231 3798 4302 ferebat,

2146 4313 2524 4385 Harpyiaeque
2581 4311 2949 4369 abduxerunt
2995 4331 3010 4383 ;
3059 4315 3147 4370 vel
3208 4317 3424 4388 potius,
3511 4321 3578 4376 ut
3659 4335 3802 4379 oon-

2149 4409 2423 4477 gruenter
2455 4401 2667 4468 dicam,
2703 4401 2965 4458 avulsam
2999 4408 3055 4459 et
3084 4405 3156 4459 ad
3181 4406 3501 4476 perniciem
3535 4414 3802 4465 ruentem

2146 4499 2303 4549 terra
2325 4491 2496 4546 hians
2521 4491 2845 4548 absorbuit.
2874 4491 3071 4548 Altera
3121 4499 3344 4561 autem,
3403 4498 3572 4567 quasi
3606 4515 3674 4553 ex
3703 4498 3806 4554 illa

2150 4583 2462 4639 demortua
2509 4579 2847 4652 prodiisset,
2905 4581 3099 4637 statim
3171 4585 3463 4655 apparuit,
3519 4586 3810 4658 implevit-

385 4676 518 4732 αὐτὸ
581 4676 674 4749 μὶν
739 4676 878 4751 πρὸς
935 4675 1101 4731 αὐτοῦ
1150 4679 1248 4730 τοῦ
1303 4679 1437 4730 Θεοῦ
1485 4677 1575 4730 καὶ
1628 4676 1894 4754 προφανὶν
1949 4679 2024 4731 κα

2153 4673 2513 4746 quejustum
2546 4669 2999 4740 incrementum,
3033 4671 3287 4744 tulitque
3316 4674 3540 4731 fructus
3572 4677 3688 4732 Deo
3711 4678 3816 4748 ju-

387 4764 660 4840 θεοφιλῶς
689 4761 1112 4843 τελεσφαρηθὲν,
1145 4763 1319 4818 ἐκεῖνο
1369 4761 1427 4819 δὲ
1475 4762 1565 4819 διὰ
1613 4769 1710 4819 τοῦ
1766 4766 2044 4842 παγκάκου

386 4851 662 4927 πολεμίου
719 4860 820 4924 τῆς
891 4853 1232 4930 ἀνθρωπίνου
1304 4852 1512 4932 φύσεως
1585 4851 1896 4926 ἐξολωλόςο
1954 4852 2048 4910 τίνα

385 4944 476 4999 καὶ
543 4943 601 4999 iw.
645 4944 855 4999 τούτων
911 4943 1192 5016 μάθωμεν,
1225 4943 1312 4997 οἷα
1375 4943 1469 5018 μὲν
1517 4943 1544 4997 ὁ
1585 4942 1788 5019 Κύριος
1843 4945 2046 5018 θαυμας

384 5037 631 5109 τουργεῖ,
659 5035 823 5089 ὁποῖα
870 5030 927 5087 δὲ
967 5032 996 5087 ὁ
1027 5030 1336 5103 ἀποστάτης
1395 5029 1594 5095 δοῦλος
1652 5030 1982 5110 ῥᾳδιουργεῖ,
2018 5035 2045 5089 ὁ

392 5120 604 5198 μηδὲνα
650 5122 828 5202 φιλῶν
871 5119 1176 5200 ἄνθρωπον,
1208 5122 1304 5177 κᾶν
1355 5120 1404 5177 εἷ
1444 5121 1535 5177 καὶ
1585 5121 1663 5185 εἷς
1713 5122 2044 5178 οἷ’κειότατον

388 5212 550 5270 αὐτὸν
595 5214 951 5292 ὲγγράφηται,
1002 5210 1149 5267 ἀλλᾶ
1199 5212 1327 5275 τοὺς
1376 5209 1542 5276 ὅλους
1598 5211 1799 5277 ἐθέλων
1855 5233 2050 5269 κοινω-

387 5303 512 5367 νοὺς
574 5303 722 5377 αὐτῷ
767 5303 1010 5383 γενέσθαι
1053 5309 1154 5373 τῆς
1201 5301 1504 5374 κολάσεως,
1545 5302 1860 5367 ἀπεναντίας
1919 5304 2049 5359 πάν-

388 5412 500 5457 τως
530 5397 610 5467 τῷ
632 5391 832 5456 πάντας
864 5391 1104 5448 ἐθέλοντι
1138 5392 1422 5461 σώζεσθαι.

459 5484 566 5542 καί.
616 5484 853 5553 Οὐκοῦν,
904 5480 986 5559 ἐφ’
1046 5484 1130 5546 οἷς
1189 5480 1310 5554 ἄρτι
1369 5482 1566 5560 φαμὲν,
1627 5481 2050 5558 κομψευόμενος

390 5569 540 5632 εἷ’ποι
589 5573 650 5630 ἄν
698 5594 803 5645 τις,
837 5570 933 5630 δύο
981 5571 1207 5640 τούτους
1255 5569 1564 5646 ἀλήθοντας
1619 5574 1704 5638 οἷς
1754 5570 1912 5648 ἔζων,
1959 5574 2052 5631 καὶ

467 5792 493 5833 ⁸
520 5793 684 5854 Prov.
714 5807 792 5866 iv,
824 5791 914 5852 16.
943 5792 967 5829 ⁸
995 5791 1146 5852 ibid.

2155 4761 2399 4817 cundos.
2432 4758 2535 4814 Hic
2570 4758 2765 4830 ipsum
2801 4761 2956 4832 apud
2981 4760 3166 4816 Deum
3192 4762 3354 4819 visus
3385 4767 3494 4834 est,
3527 4781 3644 4836 quo
3674 4780 3813 4824 eum

2155 4850 2388 4906 divinus
2429 4865 2595 4904 amor
2622 4849 3127 4922 perduxerat;ille
3174 4867 3280 4922 per
3325 4854 3656 4924 pessimum
3714 4869 3816 4925 ge-

2156 4941 2314 4997 neris
2391 4937 2637 4994 humani
2705 4937 2931 4993 hostem
2989 4939 3179 5011 periit,
3251 4957 3366 5012 quo
3451 4941 3816 4998 disceremus

2157 5034 2382 5104 quanta
2413 5028 2533 5084 sint
2572 5043 2709 5082 cum
2769 5026 3064 5084 mirabilia
3094 5028 3350 5096 Domini,
3411 5034 3538 5086 tum
3590 5031 3816 5088 nefaria

2157 5120 2308 5178 servi
2365 5117 2539 5174 istius
2591 5114 2848 5184 rebellis,
2891 5116 2992 5188 qui
3056 5116 3288 5174 nullum
3347 5135 3415 5174 ex
3473 5119 3816 5178 hominibus

2159 5213 2337 5278 amat,
2384 5224 2458 5264 ne
2503 5207 2610 5262 hos
2657 5205 2899 5278 quidem
2960 5223 3108 5278 quos
3139 5211 3205 5264 ut
3266 5208 3403 5278 sibi,
3438 5208 3817 5267 ﬁdelissimos

2158 5297 2534 5372 conscripsit,
2567 5296 2668 5352 sed
2696 5295 2823 5352 vult
2852 5300 3095 5354 cunctos
3128 5298 3252 5354 fieri
3281 5315 3461 5371 paenae
3485 5316 3603 5354 suis
3636 5300 3818 5372 parti-

2160 5392 2340 5465 cipes,
2373 5387 2545 5459 longe
2578 5400 2748 5442 secus
2782 5401 2848 5440 ac
2880 5385 3036 5442 Deus
3084 5387 3186 5460 qui
3227 5386 3419 5444 salvos
3447 5404 3650 5446 omnes
3669 5389 3818 5449 vult.

2228 5479 2321 5536 21.
2355 5477 2455 5534 His
2504 5491 2631 5548 quae
2681 5475 2854 5531 modo
2909 5475 3188 5547 diximus,
3247 5477 3422 5552 adjici
3472 5483 3676 5554 posset
3722 5497 3822 5541 or-

2161 5569 2343 5630 nandi
2374 5583 2575 5635 causa,
2608 5565 2724 5623 duo
2755 5565 2889 5625 illos
2929 5565 3088 5625 viros
3126 5583 3260 5630 cum
3309 5569 3437 5628 suis
3488 5571 3820 5646 aequalibus
