2065 3180
204 235 264 264 579

590 223 801 258 EUSTATEII
821 220 1211 253 THESSALONICENSIS
1234 220 1527 254 METROPOLITIE

1857 225 1936 259 581

204 301 233 328 in
250 298 373 336 pistrino
390 295 558 332 fuisse,vits:
575 293 652 322 mola
666 293 824 327 utrumque
835 288 938 317 tritum
951 296 1026 322 esse,

1084 286 1176 336 adeo?"
1188 286 1251 325 περὶ
1277 286 1339 336 ρίου
1352 288 1465 336 -τροχὸν
1494 288 1662 327 ιῖλούμινοι,
1687 290 1733 318 τὸν
1760 290 1809 327 μὲν
1832 301 1923 328 παρα.

203 354 239 374 ex
250 335 299 373 his
323 345 420 371 autem
436 341 571 374 alterum,
588 338 697 367 scilicet
720 335 918 371 Nicephorum
931 341 1029 369 accep-

204 393 267 419 tum
280 389 367 417 fuisse
383 385 551 424 pistrinaric
567 386 595 412 et
611 382 771 416 sublatum,
789 379 915 408 alterum
930 381 1028 406 autem

198 435 329 472 jacuisse
344 423 465 462 Tartaro
481 430 626 459 relictum.
637 427 719 456 Unde
734 425 812 454 aliud
827 425 915 453 etiam
931 423 1030 460 colligi

204 469 300 517 queat.
318 479 391 507 Cum
406 476 482 505 enim
500 476 529 503 in
547 475 642 502 locum
659 471 772 500 arboris
799 469 901 498 excisae
930 470 1030 504 utpote

203 512 329 558 inutilis,
346 529 470 556 magnus
494 518 542 547 ille
558 516 750 553 Nicephorus,
766 514 832 543 vitae
847 513 945 546 arbor,
963 512 1031 541 sub-

203 568 278 602 ierit,
309 567 513 602 argumentum
541 563 597 591 fuit
625 560 802 597 Sapricium,
845 557 1030 586 maledictum

202 615 290 649 atque
304 611 432 640 excisam
448 609 593 643 arborem,
619 614 678 634 non
694 605 741 633 hic
757 604 922 641 plantatum
940 602 1031 630 fuisse

202 647 251 685 ubi
269 655 602 693 praterlabunturaquaa
620 649 791 687 Dei,quippe
807 648 856 684 qui
867 656 925 676 non
941 647 1029 674 vitam

201 701 293 738 egerit
308 700 427 737 dignam
443 697 632 727 sanctissimo
663 694 851 731 baptismate,
876 693 961 728 cujus
976 699 1031 728 ope

203 736 245 774 tot
261 736 374 774 fructus
390 746 515 772 daturus
529 744 592 770 erat
619 741 648 768 in
665 742 796 776 tempore
827 745 884 774 quo
908 736 1032 764 debebat

201 794 231 819 et
246 792 369 827 poterat.

236 845 281 872 22.
299 845 399 879 Itaque
414 843 469 870 hoc
493 850 508 869 ο
532 849 622 876 supra
641 839 727 866 dictis
752 836 949 873 colligendum
975 837 1030 871 est,

201 897 319 918 summa
334 887 418 916 nobis
433 895 507 923 opus
523 893 586 913 esse
597 883 764 920 prudentia,
782 890 848 909 cum
867 880 1030 908 dirimenti-

201 935 257 961 bus
270 934 355 969 juxta.
371 931 559 967 Evangelium
576 927 792 962 scandala,tum
809 925 979 953 caventibus
997 931 1030 951 ne

202 977 351 1014 congressi
367 985 434 1004 cum
451 973 656 1003 scandalizatis
673 972 773 1007 iniquo
790 969 1030 1004 temporc,detri-

203 1029 333 1051 mentum
347 1022 389 1050 vel
406 1021 461 1057 ipsi
475 1021 629 1056 patiamur,
656 1017 699 1045 vel
724 1017 788 1044 aliis
813 1016 975 1042 inferamus
995 1014 1031 1040 ad

201 1077 274 1105 quos
285 1069 391 1096 sancta:
409 1066 488 1102 pacis
505 1073 595 1093 causa
611 1072 663 1090 nos
677 1059 972 1090 contulerimus.N0n
988 1060 1033 1085 est

200 1104 280 1141 enim
296 1114 328 1139 ut
342 1112 461 1139 omnino
492 1109 675 1137 confidamus
704 1114 767 1140 nos,
794 1105 818 1132 si
839 1104 1031 1142 delabamur,

200 1157 296 1185 salvos
312 1157 420 1184 factum
434 1155 480 1182 iri.
497 1154 579 1186 Quod
596 1152 718 1187 contigit
735 1158 841 1186 magno
854 1148 1031 1183 martyriNi-

201 1202 399 1238 cephoro,non
416 1199 550 1232 casu,sed
558 1198 651 1234 gratia
665 1195 776 1231 Uei,qui
792 1202 858 1222 cum
873 1192 1031 1220 amovisset

199 1246 443 1275 scelestissimum
459 1252 546 1271 suum
559 1242 793 1274 eacerdotem,ut
811 1238 967 1273 indignum
983 1245 1030 1264 re-

200 1301 257 1328 gno
288 1290 438 1323 omlorum,
470 1288 592 1315 comiter
627 1286 732 1321 accipit
755 1286 891 1311 sanctum
921 1282 1030 1309 laicum

199 1326 345 1364 bmredem
363 1337 449 1362 tanta:
467 1333 625 1360 felicitatis.
642 1331 742 1366 Neque
759 1329 833 1356 hanc
850 1328 897 1355 ille
914 1326 1029 1362 neglec-

199 1384 270 1412 tam,
286 1382 318 1407 ut
333 1380 426 1412 aiunt,
439 1377 564 1413 reperit;
583 1384 650 1403 nam
680 1374 786 1402 salutis
810 1382 884 1408 opus
912 1374 974 1399 arte
996 1378 1029 1398 ac

200 1425 338 1453 methodo
355 1424 570 1460 procuraverat.
591 1420 706 1449 Scilicet
734 1427 791 1446 non
810 1425 877 1445 eum
895 1416 1029 1451 fugiebat

200 1479 241 1504 se,
254 1470 278 1498 si
295 1469 374 1497 haud
398 1468 500 1495 insciis
525 1467 638 1494 Satanm
664 1463 817 1495 ministris,
843 1462 873 1489 in
901 1460 1026 1496 gratiam

201 1523 268 1542 cum
285 1515 411 1549 martyre
425 1511 542 1544 rediret,
559 1511 726 1545 correptum
743 1510 771 1535 et
788 1507 948 1534 abductum
963 1512 1027 1539 gra-

200 1567 248 1587 ves
259 1567 309 1594 pro
320 1557 485 1584 Christiana
500 1556 556 1583 ﬁde
572 1563 671 1591 pcenas
701 1554 848 1580 daturum.
876 1550 930 1578 Sed
959 1557 1027 1576 cum

199 1603 270 1631 talia
285 1602 476 1638 pravidisset.
492 1608 591 1628 secum
610 1598 754 1634 reputavit
770 1595 937 1624 necessario
955 1593 1027 1621 alte-

198 1651 313 1675 rutrum
324 1647 435 1674 factum
453 1645 498 1678 iri,
515 1645 558 1672 vel
575 1647 606 1671 ut
629 1642 788 1671 amicitiam
803 1641 859 1669 sibi
872 1646 1026 1675 compara-

194 1695 249 1726 pet,
262 1699 400 1720 converso
426 1690 455 1717 in
481 1689 608 1717 amicum
637 1687 768 1721 inimico,
800 1686 900 1721 sicque
927 1691 1026 1721 preces

194 1736 345 1772 martyris,
372 1735 496 1762 heredis
521 1733 648 1766 nomine,
678 1731 840 1759 obtineret:
857 1730 901 1757 vel
926 1732 958 1757 ut
974 1737 1027 1764 spe

193 1781 353 1809 destitutus
369 1779 426 1807 alio
443 1779 529 1806 modo
545 1778 636 1805 missa
648 1776 731 1804 aDeo
748 1775 869 1803 subiret.
883 1773 1027 1809 Nicepho-

195 1834 227 1853 ro
244 1825 335 1861 igitur
352 1825 387 1851 ad
404 1831 506 1859 pacem
525 1822 565 1850 ita
581 1824 749 1857 comparato
765 1827 905 1856 magnum
923 1818 1028 1853 obtigit

195 1879 230 1898 ex
244 1872 299 1897 Deo
315 1868 504 1900 beneficium,
516 1875 620 1903 nempe
642 1874 779 1893 coronam
805 1863 926 1899 Sapricii
945 1866 1025 1890 tran-

195 1914 308 1942 seundo
324 1912 465 1949 suscepit,
496 1912 564 1948 quia
581 1910 672 1947 pluris
689 1918 777 1946 quam
806 1909 861 1936 iste
885 1909 1025 1944 indignus

194 1959 239 1986 vir
251 1959 344 1986 factus
355 1960 427 1985 erat.

224 2057 269 2084 23.
287 2056 482 2090 Quamobrem
500 2055 683 2090 Nicephorus
714 2052 862 2089 duplicem
884 2059 1022 2079 coronam

188 2102 319 2135 sustulit,
351 2101 473 2129 alteram
498 2108 548 2136 pro
574 2098 725 2131 charitate,
754 2097 824 2133 quia
840 2096 898 2124 odii
914 2096 1022 2123 oblitus

188 2149 261 2182 erat,
279 2146 401 2174 alteram
414 2153 465 2181 pro
483 2144 632 2180 martyrio.
649 2143 778 2178 Utraque
808 2143 905 2169 autem
935 2140 1022 2176 capiti

189 2191 310 2225 institit,
327 2199 385 2226 quo
401 2193 533 2225 tempore
547 2188 626 2216 ensis
639 2188 744 2223 jugulo
769 2188 941 2222 suppositus
965 2188 1020 2213 est.

191 2235 304 2264 Etenim
321 2235 429 2263 Christi
446 2242 563 2262 crucem
579 2232 751 2266 sustulerat,
763 2231 848 2266 juxta
871 2230 1021 2266 Evangelii

189 2282 344 2316 praecepta,
362 2279 439 2315 quod
454 2279 509 2306 iste
519 2278 612 2305 facere
630 2276 733 2310 noluil,
748 2276 797 2311 qui
813 2276 951 2303 virtutem
974 2284 1020 2303 ne-

189 2325 261 2353 farie
277 2324 402 2357 colebat,
430 2322 592 2358 Snpricius.
618 2321 738 2348 Crucem
765 2320 819 2347 iste
843 2322 1019 2354 portaverat,

1084 331 1233 372 ληφθῆναι,
1263 331 1310 360 τὸν
1352 333 1523 372 Νικηφόρον,
1548 333 1770 372 ἀλειλημμένον,
1805 335 1853 363 τὸν
1889 334 1921 364 δὲ

1084 376 1215 416 ἀφεθῆναι
1243 378 1415 405 κατακεῖσθαι
1458 378 1603 417 τάρτάριον
1621 388 1628 396 ·
1657 380 1695 410 ὡς
1733 379 1821 412 οὕτως
1849 380 1921 408 ι’ἴναί

1084 432 1143 453 πως
1164 421 1291 460 ῥηθῆναι,
1313 420 1425 460 δένδρου
1453 423 1551 451 τούτου
1575 423 1754 456 ἀλυσιτελοῦς
1782 424 1921 462 ἐκκεκομ-

1087 467 1168 503 μένου
1205 466 1363 506 ἀντιφυῆναι
1398 467 1444 495 τὸν
1484 468 1565 506 μέγαν
1601 469 1768 508 Νικηφόρον,
1805 468 1919 508 δένδρον

1087 513 1171 546 ζωῆς,
1188 509 1273 539 αἷίιιον
1291 510 1319 539 δὲ
1335 514 1375 548 τῷ
1391 513 1546 551 Σαπρικίῳ,
1562 512 1666 552 δένδρῳ
1688 516 1728 551 τῷ
1752 514 1922 546 ἀπευκταίας

1085 555 1215 593 ἆκτομῆς,
1232 556 1273 584 δτι
1304 557 1342 593 μή
1372 556 1452 593 ξύλον
1475 557 1510 592 ἧν
1540 559 1742 596 πεφυτευμένον
1769 560 1842 597 παρὰ
1867 559 1921 591 τὰς

1086 599 1222 636 διεξόδους
1238 603 1291 628 τῶν
1306 603 1356 629 τοῦ
1371 604 1438 629 Θεοῦ
1455 600 1573 639 ὑδάτων,
1590 604 1635 630 οἷα
1660 602 1732 640 μηδὶ
1756 605 1808 638 ζῶν
1834 603 1921 639 ἀξίως

1085 647 1133 672 τοῦ
1161 645 1315 683 ἀγιωτάτου
1344 646 1542 684 βαπτίσματος,
1569 646 1603 675 δι’
1631 648 1663 675 οὗ
1691 645 1793 685 ἔμελλε
1822 647 1921 677 δοῦναι

1085 690 1130 717 τὸν
1150 690 1254 727 καρπὸν
1279 690 1360 718 αὐτνῦ
1385 690 1411 719 ἐν
1433 693 1533 730 καῖρῷ,
1548 692 1609 725 καθ’
1625 692 1654 720 ὃν
1679 693 1724 721 καὶ
1752 692 1839 732 ἐχρῆν
1869 693 1922 722 καὶ

1087 734 1146 769 ἐξῆν
1153 756 1159 764 .

1122 833 1174 870 κβ’.
1192 834 1270 861 ’ῸΟεν
1287 834 1431 872 ποριστέον
1453 834 1482 862 ἐκ
1506 838 1559 863 τῶν
1591 836 1754 873 εἰρημένων,
1771 835 1812 864 ὅτι
1842 837 1922 866 συνι-

1087 888 1154 908 σεως
1191 877 1274 915 ἄκρας
1312 877 1390 916 ἔργον
1429 880 1496 916 ἐπὶ,
1535 879 1608 908 λύειν
1640 881 1687 918 μὲν
1716 881 1749 909 τὰ
1776 880 1922 911 σκάνδαλα

1087 921 1280 959 εὖαγγελικῶς,
1309 921 1483 951 εὐλαϐεῖσθαι
1522 923 1561 960 δὲ,
1592 926 1630 961 μὴ
1747 926 1816 964 πρὸς
1849 926 1920 959 τοὺς

1087 966 1346 1003 ἐσκανδαλισμένους
1403 969 1508 1005 ἀκαίρῳ
1566 970 1718 1008 προσενέξεῖ
1758 970 1777 1005 ἢ
1820 971 1920 999 ἑαυτὸν

1090 1011 1181 1049 βλάψῃ
1202 1023 1242 1043 τις
1271 1012 1287 1046 ἣ
1317 1011 1418 1051 ἕτερον,
1445 1014 1522 1049 ᾦτινι
1551 1014 1595 1041 ἐπὶ
1625 1016 1759 1052 ἀγιασμοῦ
1788 1025 1920 1054 πραγμα-

1086 1056 1145 1090 τείᾳ
1178 1058 1370 1093 προσήνεκται.
1396 1058 1434 1086 Οὐ
1474 1057 1563 1091 δήπου
1599 1059 1648 1097 γὰρ
1678 1060 1787 1092 πάντως
1812 1060 1919 1099 ἔχομεν

1088 1100 1205 1137 Θαρῥεῖν,
1235 1102 1283 1135 ὡς,
1314 1102 1336 1129 εἷ
1361 1103 1525 1139 πεσούμεθα,
1542 1103 1734 1140 σωθησόμεθα.
1750 1107 1782 1133 Ὀ
1812 1103 1846 1140 δὴ
1877 1108 1920 1142 τῷ

1088 1144 1202 1182 μεγάλῳ
1220 1147 1336 1183 μάρτυρι
1366 1148 1516 1185 Νικηφόρῳ
1543 1148 1573 1175 οὐ
1588 1148 1678 1185 τύχης
1706 1148 1782 1187 λόγῳ
1810 1149 1922 1178 συνέπει-

1086 1199 1139 1226 σεν,
1170 1189 1243 1217 ἀλλὰ
1283 1192 1499 1228 πεφιλοτίμηται
1529 1193 1596 1230 πρὸς
1628 1195 1706 1227 Θεοῦ,
1736 1193 1921 1231 ἀπωσαμένου

1088 1235 1134 1269 μὲν
1149 1234 1193 1261 τὸν
1218 1235 1441 1274 φαυλεπίφαυλον
1464 1235 1656 1275 πρεσϐύτερον,
1677 1237 1715 1269 ὡς
1741 1238 1780 1274 μή
1809 1237 1920 1276 ἐπάξιον

1085 1277 1285 1315 διεγνωσμένον
1308 1284 1357 1315 τῆς
1388 1280 1528 1318 βασιλείας
1555 1284 1608 1309 τῶν
1626 1282 1760 1319 οὐρανῶν,
1785 1281 1918 1320 δεξιωσα-

1086 1323 1168 1359 μένου
1184 1322 1212 1350 δὲ
1227 1325 1273 1351 τὸν
1290 1326 1366 1362 ἅγιον
1383 1324 1479 1353 λαϊκὸν
1509 1326 1546 1357 εἰς
1572 1325 1761 1363 κληρονομίαν
1787 1328 1915 1357 τοιούτου

1084 1368 1194 1404 ἀγαθοῦ·
1212 1369 1241 1400 ὃς
1258 1369 1288 1396 οὐ
1304 1370 1448 1407 πάρεργον,
1463 1371 1499 1401 ὡς
1525 1370 1554 1398 ἂν
1580 1370 1652 1398 sino:
1677 1382 1729 1406 τις,
1754 1372 1806 1407 τὴν
1840 1373 1910 1411 βασις

1084 1410 1158 1439 λείαν
1204 1413 1327 1450 εὕρηκεν,
1366 1414 1429 1442 ἀλλ’
1465 1415 1734 1452 προιτοιμασάμενος
1774 1410 1913 1453 ἐπιδεξίως

1083 1457 1126 1483 καὶ
1150 1457 1304 1494 εὐμιθόδως
1333 1459 1370 1490 εἷς
1398 1459 1476 1497 ἔργον
1507 1461 1652 1497 σωτήριον.
1684 1460 1723 1490 Οὐ
1752 1461 1803 1499 γὰρ
1836 1459 1917 1490 ἔλαθε

1084 1499 1172 1535 δήπου
1199 1502 1311 1538 ἐκεῖνον,
1328 1504 1369 1531 ὅτι
1388 1503 1503 1542 μάρτυρι
1520 1504 1705 1542 σπενδόμενος
1730 1505 1770 1537 ιῖς
1794 1505 1914 1542 ἐπήκοον

1082 1546 1250 1583 θεραπευτῶν
1273 1547 1433 1584 δαιμονίων,
1459 1548 1683 1588 συλληφθήσεται
1712 1550 1757 1577 καὶ
1783 1548 1911 1588 ἀπαχθῆ-

1082 1600 1165 1625 σιται,
1195 1592 1355 1629 πεισόμενος
1386 1592 1459 1620 δεινὰ
1483 1594 1548 1632 ὑπὲρ
1577 1598 1626 1629 τῆς
1651 1594 1688 1626 εἷς
1715 1594 1829 1633 Χριστὸν
1861 1593 1912 1623 πί-

1081 1636 1261 1666 στεως-ἀλλά
1290 1637 1424 1675 προειδὼς
1451 1639 1495 1665 καί
1523 1639 1589 1666 αὐτὸ
1616 1638 1813 1677 συνελογίπτο,
1828 1637 1910 1666 δυοῖν

1042 1670 1063 1704 C
1084 1681 1194 1718 θάτερον
1224 1682 1298 1718 αὐτῷ
1312 1670 1489 1720 ’γενήσεσῦαν
1509 1684 1526 1718 ἢ
1558 1683 1651 1722 φιλίαν
1676 1670 1912 1721 εὑρέσθαίκατα-

1085 1726 1265 1762 πραξάμενον,
1289 1726 1409 1764 γενέσθαι
1438 1728 1482 1755 τὸν
1514 1728 1612 1765 ἐχθρὸν
1644 1729 1711 1767 πρὸς
1741 1728 1834 1763 αὐτοῦ,
1865 1728 1913 1756 καὶ

1084 1770 1155 1797 οὕτω
1179 1774 1388 1808 κληρονομῆσαι
1416 1776 1583 1810 μαρτυρικῆς
1612 1772 1698 1810 εὐχῆς
1726 1772 1771 1800 καὶ
1794 1783 1914 1811 περισω-

1084 1815 1171 1849 θῆναιε
1189 1816 1206 1850 ἢ
1224 1815 1355 1851 διαπεσὼν
1371 1820 1420 1851 τῆς
1437 1816 1551 1848 ἐλπίδος
1575 1818 1663 1853 στέξαι
1687 1817 1733 1845 καὶ
1762 1817 1794 1845 τὸ
1814 1816 1910 1849 ἄλλως

1082 1858 1338 1897 ἐπισυμϐησόμινον
1355 1861 1381 1888 ἐν
1405 1862 1473 1897 Θεῷ.
1488 1861 1537 1889 Καὶ
1566 1860 1599 1896 δὴ
1625 1861 1733 1899 γέγονεν
1764 1861 1802 1892 εἰς
1825 1862 1908 1890 αὐτὸν

1081 1903 1167 1935 οὕτως
1210 1904 1403 1941 ἑτοιμασοέντα
1432 1906 1469 1936 εἷς
1498 1906 1635 1944 ἀτάραχον
1663 1906 1694 1933 τὸ
1724 1905 1793 1944 μέγα
1817 1906 1909 1934 θεόθεν

1079 1949 1175 1985 καλὸν,
1190 1950 1235 1976 καὶ
1249 1950 1294 1977 τὸν
1319 1950 1368 1977 τοῦ
1396 1950 1546 1988 Σαπρικίου
1573 1951 1703 1990 στέφανον
1733 1949 1837 1982 ἓνόδιος
1867 1951 1912 1979 ἀν-

1079 1992 1192 2022 ελάϐετο
1207 1993 1517 2033 παρευδοκιμησάμενος
1531 1995 1576 2022 τὸν
1592 1995 1710 2030 ἀνάξιον.

1047 986 1070 1018 Β

1113 2051 1161 2084 κγ¹.
1179 2050 1283 2076 Μενοῦν
1310 2059 1341 2086 γε
1365 2047 1412 2076 δύο
1441 2050 1597 2087 στεφάνους,
1623 2047 1669 2076 ἕνα
1699 2049 1748 2086 μὲν
1773 2049 1820 2077 τὸν
1851 2048 1909 2078 ἔνι-

1077 2103 1121 2120 κεν
1152 2094 1269 2131 ἀγάπης,
1294 2094 1322 2120 ὃν
1353 2094 1425 2131 εἶχεν
1453 2093 1482 2120 ἂν
1513 2106 1527 2120 ‹‹
1553 2093 1751 2130 ἀμνησικακίας
1775 2105 1791 2121 η
1813 2095 1909 2132 χάριν,

1077 2136 1166 2175 ἕτερον
1189 2136 1217 2164 δὲ
1237 2136 1282 2165 διὰ
1303 2138 1334 2165 τὸ
1366 2138 1526 2175 μαρτύριον,
1541 2138 1670 2175 ἥρπασεν,
1687 2138 1746 2175 ἅμα
1770 2140 1810 2175 τῷ
1839 2138 1911 2178 ξίφει

1079 2184 1126 2219 μὲν
1153 2183 1198 2210 τὸν
1229 2181 1386 2220 τράχηλον,
1407 2185 1465 2213 τοῖς
1490 2182 1518 2210 δὲ
1543 2182 1682 2221 στεφάνοις
1709 2183 1760 2218 τήν
1784 2182 1909 2222 κεφαλὴν

1078 2228 1255 2264 ὑποθέμενος,
1282 2227 1327 2254 καὶ
1366 2225 1431 2265 ἄρας
1468 2228 1514 2254 τὸν
1550 2227 1663 2265 σταυρὸν
1695 2230 1744 2255 τοῦ
1777 2228 1910 2266 Χριστοῦ,

1076 2273 1169 2299 καθότι
1200 2272 1244 2300 καὶ
1274 2271 1462 2307 ἠκολούθησεν
1497 2272 1570 2309 αὐτῷ
1611 2271 1811 2310 εὐαγγιλικῶς·
1841 2272 1910 2311 ὅπερ

1077 2318 1233 2352 ἀπηνήνατο
1250 2320 1363 2352 ποιῆσαι
1394 2317 1408 2344 ὁ
1430 2317 1461 2344 τὸ
1488 2316 1572 2344 καλὸν
1587 2319 1679 2348 κακῶς
1699 2319 1787 2345 ποιῶν
1805 2318 1910 2356 Σαπρί-

186 2371 296 2397 rectam
313 2369 434 2405 quidem
452 2368 606 2403 ingressus
622 2365 710 2398 viam,
740 2364 890 2392 Christum
921 2367 1018 2392 autem

1082 2372 1145 2394 ιιος,
1161 2361 1295 2399 ἀράμενος
1312 2362 1358 2397 μὲν
1381 2361 1494 2399 σταυρὸν
1519 2361 1555 2391 ὡς
1579 2360 1606 2388 ἐν
1632 2360 1772 2398 ὀρθότητι,
1789 2360 1821 2390 οὗ
1852 2362 1907 2399 μὴν

189 2413 341 2441 charitatis
356 2414 445 2441 Deum
460 2419 517 2439 non
535 2419 610 2446 pone
625 2412 754 2443 secutus,
767 2409 876 2445 quippe
891 2408 941 2444 qui
958 2411 1019 2436 tum

188 2459 356 2495 proximum
374 2464 462 2485 suum
478 2463 537 2483 non
550 2455 701 2487 amaverit,
720 2462 786 2481 cum
803 2453 931 2481 charitas
946 2453 971 2480 ei
989 2461 1019 2481 se

187 2503 331 2539 praeberet
342 2508 528 2537 nequaquam
542 2498 755 2526 intolerabilem
768 2498 1017 2533 autinaccessam,

188 2547 239 2576 sed
255 2548 359 2575 contra
373 2553 516 2581 perquam
543 2544 667 2577 facilem,
694 2544 824 2579 adeoque
839 2543 968 2579 perviam
986 2545 1018 2570 ut

187 2591 262 2620 nihil
272 2589 371 2619 minus
385 2598 520 2626 asperum
535 2592 621 2618 esset.
636 2589 845 2616 Verumtamen
858 2587 930 2615 satis
945 2588 1017 2615 fuis~

187 2632 233 2665 set
247 2635 327 2663 hunc
342 2634 439 2662 virum
455 2634 520 2662 odio
535 2635 695 2666 imbutum,
721 2641 813 2669 ecque
842 2633 1016 2660 servientem

188 2680 315 2709 damoni
342 2679 458 2707 malitias
486 2679 620 2715 principi,
646 2679 701 2706 hoc
723 2686 814 2706 unum
849 2687 883 2706 ex
912 2677 1016 2705 intimo

189 2725 275 2754 corde
288 2724 429 2753 dicerem
443 2727 518 2752 Deus
538 2724 712 2752 misereatur
741 2723 793 2756 tui,
823 2723 921 2755 frater,
949 2733 962 2746 ››
984 2725 1016 2750 ut

189 2770 289 2798 statim
307 2770 362 2798 Deo
373 2769 642 2805 assisteret,corcna
658 2768 822 2796 redimitus.
840 2768 902 2796 Non
916 2769 1014 2795 autem

189 2822 257 2842 eum
273 2815 403 2850 oportuit
418 2814 465 2842 diu
477 2814 620 2842 luctatum
637 2815 732 2849 utprae
746 2821 776 2840 se
788 2813 874 2840 ferret
885 2821 1013 2840 amorem

188 2858 238 2886 Dei
256 2867 339 2895 quem
358 2868 410 2896 pro
426 2859 518 2887 nihilo
534 2859 669 2892 ducebat,
686 2866 752 2886 cum
765 2858 828 2893 jam
853 2857 888 2885 ad
903 2857 1012 2885 exitum

186 2904 344 2933 duceretur
358 2904 476 2932 horrere
492 2903 610 2939 quidem
622 2911 658 2930 ne
670 2903 758 2931 frater
773 2902 1014 2939 pcenitens,geni-

1075 2406 1189 2433 κατόπιν
1225 2409 1273 2433 τοῦ
1308 2409 1439 2444 Σωτῆρος
1474 2406 1606 2441 Χριστοῦ,
1634 2407 1683 2433 τοῦ
1710 2409 1762 2441 τῆς
1799 2405 1908 2445 ἀγάπης

1076 2453 1152 2486 Θεοῦ,
1169 2450 1255 2478 ἐλθὼν
1272 2450 1472 2484 ἂκολουθικῶς,
1489 2450 1530 2478 ὅτι
1548 2448 1618 2487 μηδὲ
1643 2449 1739 2488 ἠγάπα
1763 2450 1810 2478 τὸν
1835 2450 1908 2487 πλη-

1074 2496 1140 2529 σίον,
1162 2497 1206 2523 καί
1232 2498 1316 2523 ταῦτα
1345 2495 1395 2522 οὐκ
1422 2494 1467 2522 ἐπὶ
1494 2495 1671 2534 φορτικότητι
1696 2495 1742 2522 καὶ
1767 2493 1907 2534 ἀδυναμίᾳ

1072 2541 1145 2572 τινὸς
1176 2539 1409 2577 ἀποτελέσματος,
1437 2539 1510 2568 ἀλλὰ
1546 2539 1667 2576 εὐκολίᾳ,
1691 2541 1724 2575 ἧς
1760 2538 1841 2568 οὐδὶν
1860 2539 1905 2575 ἃ

1072 2586 1178 2624 γένοιτο
1209 2585 1398 2624 ἀφελέστερον.
1428 2585 1532 2623 Ἐχρῆν
1572 2584 1624 2623 γὰρ
1657 2585 1704 2612 τὸν
1733 2586 1784 2612 τοῦ

1072 2630 1213 2669 ἄνθρωπον
1240 2629 1350 2664 ἐκεῖνον,
1374 2630 1420 2657 καὶ
1449 2628 1484 2657 δι’
1500 2629 1566 2657 αὐτὸ
1597 2630 1748 2668 θεράποντα
1773 2629 1821 2657 105
1847 2626 1899 2665 ἆρ-

1072 2676 1202 2713 χεκάκου,
1220 2674 1303 2703 εἰπεῖν
1331 2676 1414 2712 μόνον
1437 2674 1479 2702 τό·
1497 2686 1512 2701 ιι
1537 2675 1567 2703 Ὁ
1591 2675 1657 2706 Θεὸς
1682 2673 1792 2710 ἐλεῆσαι
1819 2682 1860 2707 σε,
1877 2671 1901 2700 ὦ

1072 2719 1183 2759 ἀδελφὶ,
1214 2732 1228 2746 ››
1257 2720 1316 2748 κατ’
1345 2719 1510 2754 ἐνδιάθετον,
1539 2720 1585 2747 καὶ
1614 2718 1712 2747 αὐτίκα
1741 2717 1903 2757 στεφανίτην

1071 2769 1240 2803 παραστῆναι
1269 2767 1309 2801 τῷ
1341 2767 1409 2801 Θεῷ,
1440 2763 1471 2792 οὐ
1501 2764 1555 2801 μὴν
1581 2763 1784 2803 ἀγωνισάμενον
1811 2763 1904 2802 μακρὰ

1070 2811 1138 2838 κατὰ
1161 2811 1294 2849 πρόφασιν
1319 2810 1427 2847 ἀγάπης
1454 2819 1503 2843 της
1532 2808 1601 2847 πρὸς
1621 2808 1667 2836 τὸν
1690 2807 1768 2842 Θεὸν,
1783 2807 1815 2835 ὃν
1841 2807 1902 2835 κατ’

1070 2854 1176 2892 οὐδένα,
1202 2856 1239 2887 ὡς
1264 2854 1345 2889 ἔοικε,
1370 2853 1450 2892 λόγον
1480 2853 1609 2892 ἑώρακεν,
1637 2853 1694 2881 εἷτα
1721 2852 1767 2880 καὶ
1795 2849 1903 2900 ἁπαῖὅ-

1071 2911 1150 2939 μενον
1174 2900 1212 2931 εἰς
1239 2898 1590 2936 τελείωσιν,ὀκνῆσαιιμὶν
1617 2897 1702 2932 αὐτῆς
1732 2893 1900 2936 μεταδοῦναι

1926 2653 2042 3176 ι
