  <div class='ocr_page' id='page_1' title='image "/cluster/home/n/w/nwhite01/storage/ocr_20150623/135:no.2/coo.31924054870401/296.png"; bbox 0 0 2065 3190; ppageno 0'>
   <div class='ocr_carea' id='block_1_1' title="bbox 182 236 240 268">
    <p class='ocr_par' dir='ltr' id='par_1_1' title="bbox 182 236 240 268">
     <span class='ocr_line' id='line_1_1' title="bbox 182 236 240 268; baseline -0.034 0"><span class='ocrx_word' id='word_1_1' title='bbox 182 236 240 268; x_wconf 74' lang='grc'>581</span> 
     </span>
    </p>
   </div>
   <div class='ocr_carea' id='block_1_2' title="bbox 698 231 1386 269">
    <p class='ocr_par' dir='ltr' id='par_1_2' title="bbox 698 231 1386 269">
     <span class='ocr_line' id='line_1_2' title="bbox 698 231 1386 269; baseline -0.004 -4"><span class='ocrx_word' id='word_1_2' title='bbox 698 233 740 264; x_wconf 83' lang='grc' dir='ltr'><strong>ΙΝ</strong></span> <span class='ocrx_word' id='word_1_3' title='bbox 762 234 796 265; x_wconf 86' lang='lat' dir='ltr'>S.</span> <span class='ocrx_word' id='word_1_4' title='bbox 818 231 1165 269; x_wconf 77' lang='lat' dir='ltr'>QUADRAGESIMAM</span> <span class='ocrx_word' id='word_1_5' title='bbox 1186 231 1335 263; x_wconf 80' lang='lat' dir='ltr'>ORATIO</span> <span class='ocrx_word' id='word_1_6' title='bbox 1358 232 1386 262; x_wconf 87' lang='grc' dir='ltr'><strong>Ι.</strong></span> 
     </span>
    </p>
   </div>
   <div class='ocr_carea' id='block_1_3' title="bbox 1835 233 1898 264">
    <p class='ocr_par' dir='ltr' id='par_1_3' title="bbox 1835 233 1898 264">
     <span class='ocr_line' id='line_1_3' title="bbox 1835 233 1898 264; baseline 0 0"><span class='ocrx_word' id='word_1_7' title='bbox 1835 233 1898 264; x_wconf 71' lang='lat'>582</span> 
     </span>
    </p>
   </div>
   <div class='ocr_carea' id='block_1_4' title="bbox 180 297 1013 342">
    <p class='ocr_par' dir='ltr' id='par_1_4' title="bbox 180 297 1007 342">
     <span class='ocr_line' id='line_1_4' title="bbox 180 297 1007 342; baseline -0.006 -11"><span class='ocrx_word' id='word_1_8' title='bbox 180 301 294 342; x_wconf 77' lang='grc' dir='ltr'>ἀδελφῷ</span> <span class='ocrx_word' id='word_1_9' title='bbox 315 300 485 330; x_wconf 74' lang='grc' dir='ltr'>δυσωποῦντι</span> <span class='ocrx_word' id='word_1_10' title='bbox 515 302 560 329; x_wconf 78' lang='grc' dir='ltr'>καὶ</span> <span class='ocrx_word' id='word_1_11' title='bbox 591 300 797 340; x_wconf 82' lang='grc' dir='ltr'>γονυκλιτοῢντι</span> <span class='ocrx_word' id='word_1_12' title='bbox 822 300 868 328; x_wconf 83' lang='grc' dir='ltr'>καὶ</span> <span class='ocrx_word' id='word_1_13' title='bbox 891 297 1007 327; x_wconf 72' lang='grc' dir='ltr'>κατακύ-</span> 
     </span>
    </p>
   </div>
   <div class='ocr_carea' id='block_1_5' title="bbox 1070 297 1900 342">
    <p class='ocr_par' dir='ltr' id='par_1_5' title="bbox 1071 298 1900 336">
     <span class='ocr_line' id='line_1_5' title="bbox 1071 298 1900 336; baseline 0.002 -10"><span class='ocrx_word' id='word_1_14' title='bbox 1071 299 1127 327; x_wconf 89' lang='lat' dir='ltr'>bus</span> <span class='ocrx_word' id='word_1_15' title='bbox 1137 299 1218 327; x_wconf 84' lang='lat' dir='ltr'>ﬂexis</span> <span class='ocrx_word' id='word_1_16' title='bbox 1229 298 1448 335; x_wconf 84' lang='lat' dir='ltr'>inelinatusque</span> <span class='ocrx_word' id='word_1_17' title='bbox 1458 299 1494 327; x_wconf 87' lang='lat' dir='ltr'>ad</span> <span class='ocrx_word' id='word_1_18' title='bbox 1510 298 1610 327; x_wconf 84' lang='lat' dir='ltr'>oscula</span> <span class='ocrx_word' id='word_1_19' title='bbox 1618 298 1710 334; x_wconf 90' lang='lat' dir='ltr'>hujus</span> <span class='ocrx_word' id='word_1_20' title='bbox 1725 299 1821 328; x_wconf 82' lang='lat' dir='ltr'>exitus</span> <span class='ocrx_word' id='word_1_21' title='bbox 1830 308 1900 336; x_wconf 86' lang='lat' dir='ltr'>par-</span> 
     </span>
    </p>
   </div>
   <div class='ocr_carea' id='block_1_6' title="bbox 180 343 1012 384">
    <p class='ocr_par' dir='ltr' id='par_1_6' title="bbox 180 343 1012 384">
     <span class='ocr_line' id='line_1_6' title="bbox 180 343 1012 384; baseline -0.005 -9"><span class='ocrx_word' id='word_1_22' title='bbox 180 357 277 376; x_wconf 78' lang='grc' dir='ltr'>πτοντι</span> <span class='ocrx_word' id='word_1_23' title='bbox 307 345 335 378; x_wconf 66' lang='grc' dir='ltr'>ἒς</span> <span class='ocrx_word' id='word_1_24' title='bbox 362 346 557 384; x_wconf 86' lang='grc' dir='ltr'>προσκύνησιν,</span> <span class='ocrx_word' id='word_1_25' title='bbox 588 346 738 373; x_wconf 80' lang='grc' dir='ltr'>ὑπακοῦσαι</span> <span class='ocrx_word' id='word_1_26' title='bbox 777 343 806 372; x_wconf 78' lang='grc' dir='ltr'>δὲ</span> <span class='ocrx_word' id='word_1_27' title='bbox 833 346 873 381; x_wconf 83' lang='grc' dir='ltr'>τῷ</span> <span class='ocrx_word' id='word_1_28' title='bbox 903 343 1012 381; x_wconf 79' lang='grc' dir='ltr'>δαίμονι</span> 
     </span>
    </p>
   </div>
   <div class='ocr_carea' id='block_1_7' title="bbox 181 387 1015 431">
    <p class='ocr_par' dir='ltr' id='par_1_7' title="bbox 181 387 1015 431">
     <span class='ocr_line' id='line_1_7' title="bbox 181 387 1015 431; baseline -0.004 -12"><span class='ocrx_word' id='word_1_29' title='bbox 181 390 334 431; x_wconf 68' lang='grc' dir='ltr'>ἔρεθίσαντι</span> <span class='ocrx_word' id='word_1_30' title='bbox 359 389 434 428; x_wconf 84' lang='grc' dir='ltr'>λόγῳ</span> <span class='ocrx_word' id='word_1_31' title='bbox 458 387 612 425; x_wconf 77' lang='grc' dir='ltr'>ὑποϐολῆς,</span> <span class='ocrx_word' id='word_1_32' title='bbox 636 390 728 428; x_wconf 85' lang='grc' dir='ltr'>καιρὸν</span> <span class='ocrx_word' id='word_1_33' title='bbox 756 390 823 417; x_wconf 75' lang='grc' dir='ltr'>εἶναι</span> <span class='ocrx_word' id='word_1_34' title='bbox 849 389 946 416; x_wconf 84' lang='grc' dir='ltr'>αὐτίκα</span> <span class='ocrx_word' id='word_1_35' title='bbox 968 391 1015 416; x_wconf 80' lang='grc' dir='ltr'>νῦν</span> 
     </span>
    </p>
   </div>
   <div class='ocr_carea' id='block_1_8' title="bbox 180 433 1017 474">
    <p class='ocr_par' dir='ltr' id='par_1_8' title="bbox 180 433 1017 474">
     <span class='ocr_line' id='line_1_8' title="bbox 180 433 1017 474; baseline -0.006 -9"><span class='ocrx_word' id='word_1_36' title='bbox 180 437 333 474; x_wconf 83' lang='grc' dir='ltr'>ἀπαγαγεῖν</span> <span class='ocrx_word' id='word_1_37' title='bbox 362 434 411 463; x_wconf 80' lang='grc' dir='ltr'>τοῦ</span> <span class='ocrx_word' id='word_1_38' title='bbox 438 435 542 473; x_wconf 78' lang='grc' dir='ltr'>ἐχθροῦ</span> <span class='ocrx_word' id='word_1_39' title='bbox 566 435 616 469; x_wconf 79' lang='grc' dir='ltr'>τὴν</span> <span class='ocrx_word' id='word_1_40' title='bbox 641 434 776 473; x_wconf 81' lang='grc' dir='ltr'>κεφαλὴν,</span> <span class='ocrx_word' id='word_1_41' title='bbox 801 434 846 461; x_wconf 86' lang='grc' dir='ltr'>καὶ</span> <span class='ocrx_word' id='word_1_42' title='bbox 871 433 942 461; x_wconf 74' lang='grc' dir='ltr'>οὕτω</span> <span class='ocrx_word' id='word_1_43' title='bbox 966 437 1017 468; x_wconf 85' lang='grc' dir='ltr'>τῆς</span> 
     </span>
    </p>
   </div>
   <div class='ocr_carea' id='block_1_9' title="bbox 181 478 1017 519">
    <p class='ocr_par' dir='ltr' id='par_1_9' title="bbox 181 478 1017 519">
     <span class='ocr_line' id='line_1_9' title="bbox 181 478 1017 519; baseline -0.006 -10"><span class='ocrx_word' id='word_1_44' title='bbox 181 481 240 510; x_wconf 60' lang='lat' dir='ltr'>bis?</span> <span class='ocrx_word' id='word_1_45' title='bbox 255 483 328 516; x_wconf 83' lang='grc' dir='ltr'>ζωῆς</span> <span class='ocrx_word' id='word_1_46' title='bbox 353 480 487 518; x_wconf 80' lang='grc' dir='ltr'>ἐπάρατον</span> <span class='ocrx_word' id='word_1_47' title='bbox 511 479 670 511; x_wconf 69' lang='grc' dir='ltr'>ἀνθελέσθαι</span> <span class='ocrx_word' id='word_1_48' title='bbox 694 480 743 514; x_wconf 79' lang='grc' dir='ltr'>τὴν</span> <span class='ocrx_word' id='word_1_49' title='bbox 769 478 883 510; x_wconf 70' lang='grc' dir='ltr'>ἐνταῦθα</span> <span class='ocrx_word' id='word_1_50' title='bbox 909 479 1017 519; x_wconf 59' lang='grc' dir='ltr'>βιοτὴν,</span> 
     </span>
    </p>
   </div>
   <div class='ocr_carea' id='block_1_10' title="bbox 183 523 1017 564">
    <p class='ocr_par' dir='ltr' id='par_1_10' title="bbox 183 523 1017 564">
     <span class='ocr_line' id='line_1_10' title="bbox 183 523 1017 564; baseline -0.005 -10"><span class='ocrx_word' id='word_1_51' title='bbox 183 526 230 555; x_wconf 75' lang='grc' dir='ltr'>καὶ</span> <span class='ocrx_word' id='word_1_52' title='bbox 256 525 324 564; x_wconf 81' lang='grc' dir='ltr'>πρὸς</span> <span class='ocrx_word' id='word_1_53' title='bbox 347 527 387 561; x_wconf 84' lang='grc' dir='ltr'>τῷ</span> <span class='ocrx_word' id='word_1_54' title='bbox 415 525 507 561; x_wconf 75' lang='grc' dir='ltr'>λιμένι</span> <span class='ocrx_word' id='word_1_55' title='bbox 536 528 701 562; x_wconf 81' lang='grc' dir='ltr'>ναυαγῆσαι,</span> <span class='ocrx_word' id='word_1_56' title='bbox 728 523 773 551; x_wconf 86' lang='grc' dir='ltr'>καὶ</span> <span class='ocrx_word' id='word_1_57' title='bbox 805 523 850 551; x_wconf 76' lang='grc' dir='ltr'>ὅτι</span> <span class='ocrx_word' id='word_1_58' title='bbox 880 526 940 554; x_wconf 81' lang='grc' dir='ltr'>ταῖς</span> <span class='ocrx_word' id='word_1_59' title='bbox 969 524 1017 550; x_wconf 78' lang='grc' dir='ltr'>τοῦ</span> 
     </span>
    </p>
   </div>
   <div class='ocr_carea' id='block_1_11' title="bbox 184 568 1016 609">
    <p class='ocr_par' dir='ltr' id='par_1_11' title="bbox 184 568 1016 609">
     <span class='ocr_line' id='line_1_11' title="bbox 184 568 1016 609; baseline -0.005 -10"><span class='ocrx_word' id='word_1_60' title='bbox 184 569 347 609; x_wconf 74' lang='grc' dir='ltr'>παραδείσου</span> <span class='ocrx_word' id='word_1_61' title='bbox 374 569 474 601; x_wconf 72' lang='grc' dir='ltr'>πύλαις</span> <span class='ocrx_word' id='word_1_62' title='bbox 503 568 610 606; x_wconf 78' lang='grc' dir='ltr'>ἔγγισε,</span> <span class='ocrx_word' id='word_1_63' title='bbox 639 569 713 607; x_wconf 78' lang='grc' dir='ltr'>παρὰ</span> <span class='ocrx_word' id='word_1_64' title='bbox 742 568 836 606; x_wconf 80' lang='grc' dir='ltr'>θύρας,</span> <span class='ocrx_word' id='word_1_65' title='bbox 867 568 881 595; x_wconf 70' lang='grc' dir='ltr'><em>ὅ</em></span> <span class='ocrx_word' id='word_1_66' title='bbox 911 578 989 607; x_wconf 81' lang='grc' dir='ltr'>φασιν</span> <span class='ocrx_word' id='word_1_67' title='bbox 1008 589 1016 602; x_wconf 89' lang='lat'>,</span> 
     </span>
    </p>
   </div>
   <div class='ocr_carea' id='block_1_12' title="bbox 183 611 1013 652">
    <p class='ocr_par' dir='ltr' id='par_1_12' title="bbox 183 611 1013 652">
     <span class='ocr_line' id='line_1_12' title="bbox 183 611 1013 652; baseline -0.006 -8"><span class='ocrx_word' id='word_1_68' title='bbox 183 615 287 652; x_wconf 68' lang='grc' dir='ltr'>ἐλθεῖν,</span> <span class='ocrx_word' id='word_1_69' title='bbox 314 613 448 652; x_wconf 71' lang='grc' dir='ltr'>ἀφέμενον</span> <span class='ocrx_word' id='word_1_70' title='bbox 475 616 515 650; x_wconf 77' lang='grc' dir='ltr'>τῷ</span> <span class='ocrx_word' id='word_1_71' title='bbox 544 614 635 651; x_wconf 78' lang='grc' dir='ltr'>ἐχθρῷ</span> <span class='ocrx_word' id='word_1_72' title='bbox 664 614 827 651; x_wconf 76' lang='grc' dir='ltr'>Νικηφόρῳ,</span> <span class='ocrx_word' id='word_1_73' title='bbox 859 611 1013 650; x_wconf 80' lang='grc' dir='ltr'>εἷο-δραμεῖν</span> 
     </span>
    </p>
   </div>
   <div class='ocr_carea' id='block_1_13' title="bbox 182 657 1016 694">
    <p class='ocr_par' dir='ltr' id='par_1_13' title="bbox 182 657 1016 694">
     <span class='ocr_line' id='line_1_13' title="bbox 182 657 1016 694; baseline -0.004 -7"><span class='ocrx_word' id='word_1_74' title='bbox 182 658 236 688; x_wconf 80' lang='grc' dir='ltr'>ἔσω</span> <span class='ocrx_word' id='word_1_75' title='bbox 248 658 294 687; x_wconf 81' lang='grc' dir='ltr'>καὶ</span> <span class='ocrx_word' id='word_1_76' title='bbox 308 659 358 694; x_wconf 83' lang='grc' dir='ltr'>τὴν</span> <span class='ocrx_word' id='word_1_77' title='bbox 387 660 436 686; x_wconf 69' lang='grc' dir='ltr'>τοῦ</span> <span class='ocrx_word' id='word_1_78' title='bbox 460 660 527 686; x_wconf 74' lang='grc' dir='ltr'>Θεοῦ</span> <span class='ocrx_word' id='word_1_79' title='bbox 553 657 630 694; x_wconf 83' lang='grc' dir='ltr'>δόξαν</span> <span class='ocrx_word' id='word_1_80' title='bbox 657 658 819 689; x_wconf 73' lang='grc' dir='ltr'>θεάσασθαι’</span> <span class='ocrx_word' id='word_1_81' title='bbox 849 657 1016 684; x_wconf 79' lang='grc' dir='ltr'>ὑπεκστάντα</span> 
     </span>
    </p>
   </div>
   <div class='ocr_carea' id='block_1_14' title="bbox 181 700 1017 742">
    <p class='ocr_par' dir='ltr' id='par_1_14' title="bbox 181 700 1017 742">
     <span class='ocr_line' id='line_1_14' title="bbox 181 700 1017 742; baseline -0.002 -11"><span class='ocrx_word' id='word_1_82' title='bbox 181 704 231 742; x_wconf 66' lang='grc' dir='ltr'>μιν</span> <span class='ocrx_word' id='word_1_83' title='bbox 268 707 318 738; x_wconf 83' lang='grc' dir='ltr'>τῆς</span> <span class='ocrx_word' id='word_1_84' title='bbox 363 700 587 740; x_wconf 79' lang='grc' dir='ltr'>οὐρανοϐάμονος</span> <span class='ocrx_word' id='word_1_85' title='bbox 622 703 763 739; x_wconf 85' lang='grc' dir='ltr'>κλίμακος</span> <span class='ocrx_word' id='word_1_86' title='bbox 801 704 842 738; x_wconf 80' lang='grc' dir='ltr'>τῷ</span> <span class='ocrx_word' id='word_1_87' title='bbox 881 701 1017 739; x_wconf 80' lang='grc' dir='ltr'>θεοφιλῶς</span> 
     </span>
    </p>
   </div>
   <div class='ocr_carea' id='block_1_15' title="bbox 179 746 1017 787">
    <p class='ocr_par' dir='ltr' id='par_1_15' title="bbox 179 746 1017 787">
     <span class='ocr_line' id='line_1_15' title="bbox 179 746 1017 787; baseline -0.005 -10"><span class='ocrx_word' id='word_1_88' title='bbox 179 747 297 787; x_wconf 75' lang='grc' dir='ltr'>ὑψιπέτῃ</span> <span class='ocrx_word' id='word_1_89' title='bbox 327 747 397 784; x_wconf 82' lang='grc' dir='ltr'>ἀετῷ</span> <span class='ocrx_word' id='word_1_90' title='bbox 426 747 584 786; x_wconf 81' lang='grc' dir='ltr'>Νικηφόρῳ</span> <span class='ocrx_word' id='word_1_91' title='bbox 602 769 609 782; x_wconf 87' lang='grc'>,</span> <span class='ocrx_word' id='word_1_92' title='bbox 640 747 728 782; x_wconf 70' lang='grc' dir='ltr'>ἑαυτῷ</span> <span class='ocrx_word' id='word_1_93' title='bbox 759 746 788 774; x_wconf 71' lang='grc' dir='ltr'>δὲ</span> <span class='ocrx_word' id='word_1_94' title='bbox 818 747 854 777; x_wconf 89' lang='grc' dir='ltr'>ὡς</span> <span class='ocrx_word' id='word_1_95' title='bbox 880 756 1017 784; x_wconf 83' lang='grc' dir='ltr'>γεωχαρεῖ</span> 
     </span>
    </p>
   </div>
   <div class='ocr_carea' id='block_1_16' title="bbox 179 789 1016 830">
    <p class='ocr_par' dir='ltr' id='par_1_16' title="bbox 179 789 1016 830">
     <span class='ocr_line' id='line_1_16' title="bbox 179 789 1016 830; baseline -0.005 -9"><span class='ocrx_word' id='word_1_96' title='bbox 179 793 226 822; x_wconf 78' lang='grc' dir='ltr'>καὶ</span> <span class='ocrx_word' id='word_1_97' title='bbox 245 793 314 830; x_wconf 77' lang='grc' dir='ltr'>(οἷον</span> <span class='ocrx_word' id='word_1_98' title='bbox 341 791 440 828; x_wconf 79' lang='grc' dir='ltr'>εἰπεῖν)</span> <span class='ocrx_word' id='word_1_99' title='bbox 465 791 588 829; x_wconf 81' lang='grc' dir='ltr'>βουγαίῳ</span> <span class='ocrx_word' id='word_1_100' title='bbox 603 814 611 827; x_wconf 80' lang='lat'>,</span> <span class='ocrx_word' id='word_1_101' title='bbox 637 789 685 818; x_wconf 68' lang='grc' dir='ltr'>εἴτ’</span> <span class='ocrx_word' id='word_1_102' title='bbox 711 792 757 818; x_wconf 69' lang='grc' dir='ltr'>οὖν</span> <span class='ocrx_word' id='word_1_103' title='bbox 780 792 937 829; x_wconf 80' lang='grc' dir='ltr'>βοσκήματι</span> <span class='ocrx_word' id='word_1_104' title='bbox 964 795 1016 828; x_wconf 84' lang='grc' dir='ltr'>γῆς</span> 
     </span>
    </p>
   </div>
   <div class='ocr_carea' id='block_1_17' title="bbox 179 835 1016 875">
    <p class='ocr_par' dir='ltr' id='par_1_17' title="bbox 179 835 1016 875">
     <span class='ocr_line' id='line_1_17' title="bbox 179 835 1016 875; baseline -0.005 -9"><span class='ocrx_word' id='word_1_105' title='bbox 179 837 378 875; x_wconf 66' lang='grc' dir='ltr'>ἁνακυψαμένῳ</span> <span class='ocrx_word' id='word_1_106' title='bbox 405 837 438 864; x_wconf 78' lang='grc' dir='ltr'>τὸ</span> <span class='ocrx_word' id='word_1_107' title='bbox 464 837 624 873; x_wconf 72' lang='grc' dir='ltr'>κατάγαιον,</span> <span class='ocrx_word' id='word_1_108' title='bbox 650 836 695 863; x_wconf 75' lang='grc' dir='ltr'>καὶ</span> <span class='ocrx_word' id='word_1_109' title='bbox 723 838 782 867; x_wconf 82' lang='grc' dir='ltr'>τοῖς</span> <span class='ocrx_word' id='word_1_110' title='bbox 812 835 887 863; x_wconf 80' lang='grc' dir='ltr'>κάτω</span> <span class='ocrx_word' id='word_1_111' title='bbox 918 836 1016 862; x_wconf 83' lang='grc' dir='ltr'>ἐναπο-</span> 
     </span>
    </p>
   </div>
   <div class='ocr_carea' id='block_1_18' title="bbox 181 878 1015 920">
    <p class='ocr_par' dir='ltr' id='par_1_18' title="bbox 181 878 1015 920">
     <span class='ocr_line' id='line_1_18' title="bbox 181 878 1015 920; baseline -0.005 -10"><span class='ocrx_word' id='word_1_112' title='bbox 181 881 333 920; x_wconf 79' lang='grc' dir='ltr'>μίίναντα,</span> <span class='ocrx_word' id='word_1_113' title='bbox 364 881 402 918; x_wconf 78' lang='grc' dir='ltr'>μὴ</span> <span class='ocrx_word' id='word_1_114' title='bbox 426 879 526 918; x_wconf 80' lang='grc' dir='ltr'>ἔχοντα</span> <span class='ocrx_word' id='word_1_115' title='bbox 557 879 627 917; x_wconf 79' lang='grc' dir='ltr'>μηδὲ</span> <span class='ocrx_word' id='word_1_116' title='bbox 656 878 820 908; x_wconf 67' lang='grc' dir='ltr'>ἀναϐλέπειν</span> <span class='ocrx_word' id='word_1_117' title='bbox 850 880 949 911; x_wconf 80' lang='grc' dir='ltr'>ἀτενῶς</span> <span class='ocrx_word' id='word_1_118' title='bbox 978 880 1015 911; x_wconf 82' lang='grc' dir='ltr'>εἷς</span> 
     </span>
    </p>
   </div>
   <div class='ocr_carea' id='block_1_19' title="bbox 179 922 1015 965">
    <p class='ocr_par' dir='ltr' id='par_1_19' title="bbox 179 922 1015 965">
     <span class='ocr_line' id='line_1_19' title="bbox 179 922 1015 965; baseline -0.005 -10"><span class='ocrx_word' id='word_1_119' title='bbox 179 926 227 955; x_wconf 77' lang='grc' dir='ltr'>τὸν</span> <span class='ocrx_word' id='word_1_120' title='bbox 255 925 381 965; x_wconf 79' lang='grc' dir='ltr'>οὐρανόν·</span> <span class='ocrx_word' id='word_1_121' title='bbox 405 925 525 961; x_wconf 82' lang='grc' dir='ltr'>ὁπηνίκα</span> <span class='ocrx_word' id='word_1_122' title='bbox 544 925 589 952; x_wconf 79' lang='grc' dir='ltr'>καὶ</span> <span class='ocrx_word' id='word_1_123' title='bbox 601 926 626 952; x_wconf 76' lang='grc' dir='ltr'>οἱ</span> <span class='ocrx_word' id='word_1_124' title='bbox 643 924 740 961; x_wconf 76' lang='grc' dir='ltr'>δήμιοι</span> <span class='ocrx_word' id='word_1_125' title='bbox 766 925 816 952; x_wconf 80' lang='grc' dir='ltr'>οὐκ</span> <span class='ocrx_word' id='word_1_126' title='bbox 831 925 860 952; x_wconf 75' lang='grc' dir='ltr'>ἂν</span> <span class='ocrx_word' id='word_1_127' title='bbox 877 922 958 962; x_wconf 72' lang='grc' dir='ltr'>ἔσχον</span> <span class='ocrx_word' id='word_1_128' title='bbox 977 925 1015 961; x_wconf 81' lang='grc' dir='ltr'>μή</span> 
     </span>
    </p>
   </div>
   <div class='ocr_carea' id='block_1_20' title="bbox 180 969 1017 1008">
    <p class='ocr_par' dir='ltr' id='par_1_20' title="bbox 180 969 1017 1008">
     <span class='ocr_line' id='line_1_20' title="bbox 180 969 1017 1008; baseline -0.005 -8"><span class='ocrx_word' id='word_1_129' title='bbox 180 971 214 1000; x_wconf 79' lang='grc' dir='ltr'>οὔ</span> <span class='ocrx_word' id='word_1_130' title='bbox 241 970 405 1008; x_wconf 70' lang='grc' dir='ltr'>θαυμάσαι,</span> <span class='ocrx_word' id='word_1_131' title='bbox 436 969 511 1002; x_wconf 74' lang='grc' dir='ltr'>ὅπως</span> <span class='ocrx_word' id='word_1_132' title='bbox 538 969 601 1007; x_wconf 82' lang='grc' dir='ltr'>οὐχὶ</span> <span class='ocrx_word' id='word_1_133' title='bbox 640 969 820 1007; x_wconf 72' lang='grc' dir='ltr'>ἀντάλλαγμα</span> <span class='ocrx_word' id='word_1_134' title='bbox 855 969 1017 1007; x_wconf 82' lang='grc' dir='ltr'>λυτρώσεως</span> 
     </span>
    </p>
   </div>
   <div class='ocr_carea' id='block_1_21' title="bbox 179 1012 1017 1054">
    <p class='ocr_par' dir='ltr' id='par_1_21' title="bbox 179 1012 1017 1054">
     <span class='ocr_line' id='line_1_21' title="bbox 179 1012 1017 1054; baseline -0.004 -10"><span class='ocrx_word' id='word_1_135' title='bbox 179 1017 275 1054; x_wconf 83' lang='grc' dir='ltr'>ψυχῆς</span> <span class='ocrx_word' id='word_1_136' title='bbox 290 1014 409 1049; x_wconf 74' lang='grc' dir='ltr'>δικαίας,</span> <span class='ocrx_word' id='word_1_137' title='bbox 429 1014 502 1042; x_wconf 77' lang='grc' dir='ltr'>ἀλλὰ</span> <span class='ocrx_word' id='word_1_138' title='bbox 532 1013 670 1052; x_wconf 81' lang='grc' dir='ltr'>ὀλεθρίου,</span> <span class='ocrx_word' id='word_1_139' title='bbox 697 1014 743 1041; x_wconf 83' lang='grc' dir='ltr'>τὸν</span> <span class='ocrx_word' id='word_1_140' title='bbox 772 1012 954 1051; x_wconf 78' lang='grc' dir='ltr'>φιλόχριστον</span> <span class='ocrx_word' id='word_1_141' title='bbox 970 1017 1017 1042; x_wconf 88' lang='grc' dir='ltr'>Νι-</span> 
     </span>
    </p>
   </div>
   <div class='ocr_carea' id='block_1_22' title="bbox 177 1057 1014 1099">
    <p class='ocr_par' dir='ltr' id='par_1_22' title="bbox 177 1057 1014 1099">
     <span class='ocr_line' id='line_1_22' title="bbox 177 1057 1014 1099; baseline -0.005 -11"><span class='ocrx_word' id='word_1_142' title='bbox 177 1057 300 1099; x_wconf 76' lang='grc' dir='ltr'>κηφόρον</span> <span class='ocrx_word' id='word_1_143' title='bbox 316 1058 510 1096; x_wconf 77' lang='grc' dir='ltr'>παρᾳδόμενος</span> <span class='ocrx_word' id='word_1_144' title='bbox 535 1059 549 1085; x_wconf 86' lang='grc' dir='ltr'>ὁ</span> <span class='ocrx_word' id='word_1_145' title='bbox 576 1057 725 1096; x_wconf 84' lang='grc' dir='ltr'>Σαπρίκιος</span> <span class='ocrx_word' id='word_1_146' title='bbox 752 1058 844 1096; x_wconf 78' lang='grc' dir='ltr'>ἐφόνα,</span> <span class='ocrx_word' id='word_1_147' title='bbox 873 1057 1014 1094; x_wconf 81' lang='grc' dir='ltr'>δαιμόνων</span> 
     </span>
    </p>
   </div>
   <div class='ocr_carea' id='block_1_23' title="bbox 182 1101 1015 1141">
    <p class='ocr_par' dir='ltr' id='par_1_23' title="bbox 182 1101 1015 1141">
     <span class='ocr_line' id='line_1_23' title="bbox 182 1101 1015 1141; baseline -0.005 -8"><span class='ocrx_word' id='word_1_148' title='bbox 182 1104 320 1141; x_wconf 71' lang='grc' dir='ltr'>ἄντικρυς.</span> <span class='ocrx_word' id='word_1_149' title='bbox 343 1101 545 1140; x_wconf 77' lang='grc' dir='ltr'>Ἐϐαρύνθησὰν</span> <span class='ocrx_word' id='word_1_150' title='bbox 576 1102 604 1130; x_wconf 66' lang='grc' dir='ltr'>δὲ</span> <span class='ocrx_word' id='word_1_151' title='bbox 629 1102 658 1130; x_wconf 73' lang='grc' dir='ltr'>ἃν</span> <span class='ocrx_word' id='word_1_152' title='bbox 688 1103 796 1137; x_wconf 73' lang='grc' dir='ltr'>ἐκεῖνοι,</span> <span class='ocrx_word' id='word_1_153' title='bbox 813 1103 859 1129; x_wconf 69' lang='grc' dir='ltr'>καὶ</span> <span class='ocrx_word' id='word_1_154' title='bbox 886 1103 926 1129; x_wconf 83' lang='grc' dir='ltr'>ὅτι</span> <span class='ocrx_word' id='word_1_155' title='bbox 946 1102 1015 1139; x_wconf 85' lang='grc' dir='ltr'>βλα-</span> 
     </span>
    </p>
   </div>
   <div class='ocr_carea' id='block_1_24' title="bbox 183 1146 1014 1189">
    <p class='ocr_par' dir='ltr' id='par_1_24' title="bbox 183 1146 1014 1189">
     <span class='ocr_line' id='line_1_24' title="bbox 183 1146 1014 1189; baseline -0.005 -12"><span class='ocrx_word' id='word_1_156' title='bbox 183 1148 315 1189; x_wconf 61' lang='grc' dir='ltr'>σφημίαις</span> <span class='ocrx_word' id='word_1_157' title='bbox 341 1149 355 1176; x_wconf 86' lang='grc' dir='ltr'>ὁ</span> <span class='ocrx_word' id='word_1_158' title='bbox 381 1149 464 1179; x_wconf 79' lang='grc' dir='ltr'>κακὸς</span> <span class='ocrx_word' id='word_1_159' title='bbox 492 1147 638 1185; x_wconf 73' lang='grc' dir='ltr'>ἅνθρωπος</span> <span class='ocrx_word' id='word_1_160' title='bbox 665 1147 713 1179; x_wconf 72' lang='grc' dir='ltr'>τὰς</span> <span class='ocrx_word' id='word_1_161' title='bbox 741 1146 853 1182; x_wconf 76' lang='grc' dir='ltr'>φιλικὰς</span> <span class='ocrx_word' id='word_1_162' title='bbox 885 1146 1014 1184; x_wconf 79' lang='grc' dir='ltr'>εὐλογίας</span> 
     </span>
    </p>
   </div>
   <div class='ocr_carea' id='block_1_25' title="bbox 184 1186 1014 1230">
    <p class='ocr_par' dir='ltr' id='par_1_25' title="bbox 184 1186 1014 1230">
     <span class='ocr_line' id='line_1_25' title="bbox 184 1186 1014 1230; baseline -0.004 -9"><span class='ocrx_word' id='word_1_163' title='bbox 184 1186 324 1230; x_wconf 60' lang='grc' dir='ltr'>ἠμείϐετο,</span> <span class='ocrx_word' id='word_1_164' title='bbox 351 1193 398 1220; x_wconf 86' lang='grc' dir='ltr'>καὶ</span> <span class='ocrx_word' id='word_1_165' title='bbox 418 1193 465 1224; x_wconf 82' lang='grc' dir='ltr'>τὰς</span> <span class='ocrx_word' id='word_1_166' title='bbox 496 1192 598 1222; x_wconf 81' lang='grc' dir='ltr'>ἱκεσίας</span> <span class='ocrx_word' id='word_1_167' title='bbox 629 1190 732 1229; x_wconf 72' lang='grc' dir='ltr'>ὕϐρεσι,</span> <span class='ocrx_word' id='word_1_168' title='bbox 763 1192 807 1218; x_wconf 84' lang='grc' dir='ltr'>καὶ</span> <span class='ocrx_word' id='word_1_169' title='bbox 837 1192 896 1227; x_wconf 75' lang='grc' dir='ltr'>ὡς,</span> <span class='ocrx_word' id='word_1_170' title='bbox 925 1191 1014 1229; x_wconf 79' lang='grc' dir='ltr'>φιλεῖν</span> 
     </span>
    </p>
   </div>
   <div class='ocr_carea' id='block_1_26' title="bbox 183 1234 1014 1272">
    <p class='ocr_par' dir='ltr' id='par_1_26' title="bbox 183 1234 1014 1272">
     <span class='ocr_line' id='line_1_26' title="bbox 183 1234 1014 1272; baseline -0.004 -6"><span class='ocrx_word' id='word_1_171' title='bbox 183 1236 270 1266; x_wconf 74' lang='grc' dir='ltr'>δοκῶν</span> <span class='ocrx_word' id='word_1_172' title='bbox 284 1237 332 1266; x_wconf 76' lang='grc' dir='ltr'>τὸν</span> <span class='ocrx_word' id='word_1_173' title='bbox 359 1235 494 1272; x_wconf 79' lang='grc' dir='ltr'>δεσπότην</span> <span class='ocrx_word' id='word_1_174' title='bbox 520 1237 596 1270; x_wconf 72' lang='grc' dir='ltr'>Θεὸν,</span> <span class='ocrx_word' id='word_1_175' title='bbox 613 1236 659 1264; x_wconf 83' lang='grc' dir='ltr'>τὸν</span> <span class='ocrx_word' id='word_1_176' title='bbox 681 1234 828 1263; x_wconf 84' lang='grc' dir='ltr'>σύνδουλον</span> <span class='ocrx_word' id='word_1_177' title='bbox 845 1235 871 1267; x_wconf 79' lang='grc' dir='ltr'>ἐς</span> <span class='ocrx_word' id='word_1_178' title='bbox 885 1238 1014 1263; x_wconf 79' lang='grc' dir='ltr'>τοσοῦτον</span> 
     </span>
    </p>
   </div>
   <div class='ocr_carea' id='block_1_27' title="bbox 183 1278 1013 1320">
    <p class='ocr_par' dir='ltr' id='par_1_27' title="bbox 183 1278 1013 1320">
     <span class='ocr_line' id='line_1_27' title="bbox 183 1278 1013 1320; baseline -0.002 -10"><span class='ocrx_word' id='word_1_179' title='bbox 183 1284 269 1319; x_wconf 77' lang='grc' dir='ltr'>μισεῖ,</span> <span class='ocrx_word' id='word_1_180' title='bbox 291 1281 338 1310; x_wconf 74' lang='grc' dir='ltr'>καὶ</span> <span class='ocrx_word' id='word_1_181' title='bbox 363 1281 492 1320; x_wconf 80' lang='grc' dir='ltr'>τύραννος</span> <span class='ocrx_word' id='word_1_182' title='bbox 517 1278 658 1308; x_wconf 74' lang='grc' dir='ltr'>ἀποϐαίνει</span> <span class='ocrx_word' id='word_1_183' title='bbox 673 1302 680 1315; x_wconf 91' lang='grc'>,</span> <span class='ocrx_word' id='word_1_184' title='bbox 708 1280 831 1317; x_wconf 76' lang='grc' dir='ltr'>μετάγων</span> <span class='ocrx_word' id='word_1_185' title='bbox 857 1281 916 1307; x_wconf 77' lang='grc' dir='ltr'>κατ’</span> <span class='ocrx_word' id='word_1_186' title='bbox 944 1280 1013 1308; x_wconf 79' lang='grc' dir='ltr'>ἐκεί-</span> 
     </span>
    </p>
   </div>
   <div class='ocr_carea' id='block_1_28' title="bbox 183 1324 1014 1364">
    <p class='ocr_par' dir='ltr' id='par_1_28' title="bbox 183 1324 1014 1364">
     <span class='ocr_line' id='line_1_28' title="bbox 183 1324 1014 1364; baseline -0.004 -10"><span class='ocrx_word' id='word_1_187' title='bbox 183 1337 231 1355; x_wconf 89' lang='grc' dir='ltr'>νου</span> <span class='ocrx_word' id='word_1_188' title='bbox 258 1327 310 1362; x_wconf 81' lang='grc' dir='ltr'>τήν</span> <span class='ocrx_word' id='word_1_189' title='bbox 335 1326 404 1354; x_wconf 77' lang='grc' dir='ltr'>κατὰ</span> <span class='ocrx_word' id='word_1_190' title='bbox 430 1330 480 1361; x_wconf 87' lang='grc' dir='ltr'>τῆς</span> <span class='ocrx_word' id='word_1_191' title='bbox 517 1324 640 1364; x_wconf 81' lang='grc' dir='ltr'>κεφαλῆς</span> <span class='ocrx_word' id='word_1_192' title='bbox 666 1325 824 1364; x_wconf 79' lang='grc' dir='ltr'>ἀπόφασιν,</span> <span class='ocrx_word' id='word_1_193' title='bbox 857 1327 954 1361; x_wconf 77' lang='grc' dir='ltr'>μενοῧν</span> <span class='ocrx_word' id='word_1_194' title='bbox 982 1336 1014 1362; x_wconf 88' lang='grc' dir='ltr'>γι</span> 
     </span>
    </p>
   </div>
   <div class='ocr_carea' id='block_1_29' title="bbox 181 1369 1014 1410">
    <p class='ocr_par' dir='ltr' id='par_1_29' title="bbox 181 1369 1014 1410">
     <span class='ocr_line' id='line_1_29' title="bbox 181 1369 1014 1410; baseline -0.004 -11"><span class='ocrx_word' id='word_1_195' title='bbox 181 1369 319 1410; x_wconf 83' lang='grc' dir='ltr'>πυρκαίου</span> <span class='ocrx_word' id='word_1_196' title='bbox 342 1370 473 1408; x_wconf 71' lang='grc' dir='ltr'>ἓξανάψας</span> <span class='ocrx_word' id='word_1_197' title='bbox 499 1371 599 1406; x_wconf 80' lang='grc' dir='ltr'>Θυμοῦ,</span> <span class='ocrx_word' id='word_1_198' title='bbox 629 1370 767 1404; x_wconf 79' lang='grc' dir='ltr'>σώζουσαν</span> <span class='ocrx_word' id='word_1_199' title='bbox 799 1370 846 1406; x_wconf 77' lang='grc' dir='ltr'>μὶν</span> <span class='ocrx_word' id='word_1_200' title='bbox 872 1369 918 1397; x_wconf 81' lang='grc' dir='ltr'>τὸν</span> <span class='ocrx_word' id='word_1_201' title='bbox 949 1380 1014 1406; x_wconf 83' lang='grc' dir='ltr'>προ-</span> 
     </span>
    </p>
   </div>
   <div class='ocr_carea' id='block_1_30' title="bbox 184 1411 1013 1453">
    <p class='ocr_par' dir='ltr' id='par_1_30' title="bbox 184 1411 1013 1453">
     <span class='ocr_line' id='line_1_30' title="bbox 184 1411 1013 1453; baseline -0.002 -10"><span class='ocrx_word' id='word_1_202' title='bbox 184 1413 329 1453; x_wconf 62' lang='grc' dir='ltr'>διδομένον</span> <span class='ocrx_word' id='word_1_203' title='bbox 343 1417 442 1451; x_wconf 68' lang='grc' dir='ltr'>θανεῖν,</span> <span class='ocrx_word' id='word_1_204' title='bbox 465 1415 511 1442; x_wconf 84' lang='grc' dir='ltr'>τὸν</span> <span class='ocrx_word' id='word_1_205' title='bbox 536 1413 565 1441; x_wconf 75' lang='grc' dir='ltr'>δὶ</span> <span class='ocrx_word' id='word_1_206' title='bbox 586 1413 723 1452; x_wconf 81' lang='grc' dir='ltr'>προδόντα</span> <span class='ocrx_word' id='word_1_207' title='bbox 749 1411 956 1449; x_wconf 74' lang='grc' dir='ltr'>διαϐιϐάζουσαν</span> <span class='ocrx_word' id='word_1_208' title='bbox 976 1414 1013 1445; x_wconf 83' lang='grc' dir='ltr'>εἷς</span> 
     </span>
    </p>
   </div>
   <div class='ocr_carea' id='block_1_31' title="bbox 187 1458 377 1498">
    <p class='ocr_par' dir='ltr' id='par_1_31' title="bbox 187 1458 377 1498">
     <span class='ocr_line' id='line_1_31' title="bbox 187 1458 377 1498; baseline 0.005 -11"><span class='ocrx_word' id='word_1_209' title='bbox 187 1458 298 1488; x_wconf 75' lang='grc' dir='ltr'>αἰώνιον</span> <span class='ocrx_word' id='word_1_210' title='bbox 313 1462 377 1498; x_wconf 77' lang='grc' dir='ltr'>πῦρ.</span> 
     </span>
    </p>
   </div>
   <div class='ocr_carea' id='block_1_32' title="bbox 217 1608 1009 1649">
    <p class='ocr_par' dir='ltr' id='par_1_32' title="bbox 217 1608 1009 1649">
     <span class='ocr_line' id='line_1_32' title="bbox 217 1608 1009 1649; baseline -0.003 -10"><span class='ocrx_word' id='word_1_211' title='bbox 217 1609 266 1641; x_wconf 85' lang='grc' dir='ltr'>κδ.</span> <span class='ocrx_word' id='word_1_212' title='bbox 290 1611 470 1649; x_wconf 78' lang='grc' dir='ltr'>Παραπήξατε</span> <span class='ocrx_word' id='word_1_213' title='bbox 495 1610 584 1638; x_wconf 75' lang='grc' dir='ltr'>τοίνυν</span> <span class='ocrx_word' id='word_1_214' title='bbox 609 1610 631 1637; x_wconf 83' lang='grc' dir='ltr'>ὦ</span> <span class='ocrx_word' id='word_1_215' title='bbox 654 1608 780 1649; x_wconf 75' lang='grc' dir='ltr'>ἀδελφοὶ,</span> <span class='ocrx_word' id='word_1_216' title='bbox 802 1612 836 1647; x_wconf 81' lang='grc' dir='ltr'>τῇ</span> <span class='ocrx_word' id='word_1_217' title='bbox 860 1611 917 1637; x_wconf 84' lang='grc' dir='ltr'>καθ’</span> <span class='ocrx_word' id='word_1_218' title='bbox 941 1610 1009 1647; x_wconf 78' lang='grc' dir='ltr'>ὑμᾶς</span> 
     </span>
    </p>
   </div>
   <div class='ocr_carea' id='block_1_33' title="bbox 183 1652 1009 1694">
    <p class='ocr_par' dir='ltr' id='par_1_33' title="bbox 183 1652 1009 1694">
     <span class='ocr_line' id='line_1_33' title="bbox 183 1652 1009 1694; baseline -0.002 -11"><span class='ocrx_word' id='word_1_219' title='bbox 183 1657 280 1694; x_wconf 75' lang='grc' dir='ltr'>μνήμῃ</span> <span class='ocrx_word' id='word_1_220' title='bbox 309 1655 356 1683; x_wconf 82' lang='grc' dir='ltr'>καὶ</span> <span class='ocrx_word' id='word_1_221' title='bbox 396 1653 504 1692; x_wconf 73' lang='grc' dir='ltr'>δένδρον</span> <span class='ocrx_word' id='word_1_222' title='bbox 541 1657 622 1682; x_wconf 75' lang='grc' dir='ltr'>τοῦτο</span> <span class='ocrx_word' id='word_1_223' title='bbox 659 1652 836 1691; x_wconf 75' lang='grc' dir='ltr'>παράδοξον,</span> <span class='ocrx_word' id='word_1_224' title='bbox 866 1655 1009 1692; x_wconf 77' lang='grc' dir='ltr'>ἑκριζωθὶν</span> 
     </span>
    </p>
   </div>
   <div class='ocr_carea' id='block_1_34' title="bbox 183 1698 1011 1737">
    <p class='ocr_par' dir='ltr' id='par_1_34' title="bbox 183 1698 1011 1737">
     <span class='ocr_line' id='line_1_34' title="bbox 183 1698 1011 1737; baseline -0.004 -8"><span class='ocrx_word' id='word_1_225' title='bbox 183 1700 328 1737; x_wconf 81' lang='grc' dir='ltr'>ξυλοκόπῳ</span> <span class='ocrx_word' id='word_1_226' title='bbox 343 1698 456 1732; x_wconf 72' lang='grc' dir='ltr'>δικαίως</span> <span class='ocrx_word' id='word_1_227' title='bbox 479 1699 554 1737; x_wconf 76' lang='grc' dir='ltr'>ἀξίνῃ</span> <span class='ocrx_word' id='word_1_228' title='bbox 572 1701 621 1727; x_wconf 78' lang='grc' dir='ltr'>τοῦ</span> <span class='ocrx_word' id='word_1_229' title='bbox 648 1698 721 1726; x_wconf 84' lang='grc' dir='ltr'>θείου</span> <span class='ocrx_word' id='word_1_230' title='bbox 743 1701 845 1734; x_wconf 81' lang='grc' dir='ltr'>κήπου,</span> <span class='ocrx_word' id='word_1_231' title='bbox 871 1699 917 1726; x_wconf 78' lang='grc' dir='ltr'>καὶ</span> <span class='ocrx_word' id='word_1_232' title='bbox 945 1699 1011 1727; x_wconf 86' lang='grc' dir='ltr'>ἀπο-</span> 
     </span>
    </p>
   </div>
   <div class='ocr_carea' id='block_1_35' title="bbox 181 1742 1013 1784">
    <p class='ocr_par' dir='ltr' id='par_1_35' title="bbox 181 1742 1013 1784">
     <span class='ocr_line' id='line_1_35' title="bbox 181 1742 1013 1784; baseline -0.004 -11"><span class='ocrx_word' id='word_1_233' title='bbox 181 1744 326 1784; x_wconf 74' lang='grc' dir='ltr'>κλήρωθὶν</span> <span class='ocrx_word' id='word_1_234' title='bbox 350 1744 455 1781; x_wconf 83' lang='grc' dir='ltr'>αἰωνίῳ</span> <span class='ocrx_word' id='word_1_235' title='bbox 481 1743 648 1782; x_wconf 65' lang='grc' dir='ltr'>πυρὶ,⁴ὅπερ</span> <span class='ocrx_word' id='word_1_236' title='bbox 673 1743 746 1780; x_wconf 77' lang='grc' dir='ltr'>αὖτῴ</span> <span class='ocrx_word' id='word_1_237' title='bbox 765 1746 804 1780; x_wconf 80' lang='grc' dir='ltr'>τῷ</span> <span class='ocrx_word' id='word_1_238' title='bbox 829 1742 939 1780; x_wconf 83' lang='grc' dir='ltr'>δαίμονι</span> <span class='ocrx_word' id='word_1_239' title='bbox 967 1744 1013 1771; x_wconf 81' lang='grc' dir='ltr'>καὶ</span> 
     </span>
    </p>
   </div>
   <div class='ocr_carea' id='block_1_36' title="bbox 180 1788 1014 1827">
    <p class='ocr_par' dir='ltr' id='par_1_36' title="bbox 180 1788 1014 1827">
     <span class='ocr_line' id='line_1_36' title="bbox 180 1788 1014 1827; baseline -0.004 -9"><span class='ocrx_word' id='word_1_240' title='bbox 180 1792 241 1820; x_wconf 80' lang='grc' dir='ltr'>τοῖς</span> <span class='ocrx_word' id='word_1_241' title='bbox 272 1789 377 1818; x_wconf 69' lang='grc' dir='ltr'>ἐκείνου</span> <span class='ocrx_word' id='word_1_242' title='bbox 405 1788 591 1825; x_wconf 75' lang='grc' dir='ltr'>ἡτοίμασται.</span> <span class='ocrx_word' id='word_1_243' title='bbox 623 1788 674 1816; x_wconf 79' lang='grc' dir='ltr'>Καὶ</span> <span class='ocrx_word' id='word_1_244' title='bbox 703 1788 734 1815; x_wconf 87' lang='grc' dir='ltr'>τὸ</span> <span class='ocrx_word' id='word_1_245' title='bbox 760 1790 884 1815; x_wconf 79' lang='grc' dir='ltr'>τοιοῦτον</span> <span class='ocrx_word' id='word_1_246' title='bbox 914 1789 1014 1827; x_wconf 78' lang='grc' dir='ltr'>φάκτον</span> 
     </span>
    </p>
   </div>
   <div class='ocr_carea' id='block_1_37' title="bbox 184 1832 1015 1872">
    <p class='ocr_par' dir='ltr' id='par_1_37' title="bbox 184 1832 1015 1872">
     <span class='ocr_line' id='line_1_37' title="bbox 184 1832 1015 1872; baseline -0.002 -10"><span class='ocrx_word' id='word_1_247' title='bbox 184 1835 311 1872; x_wconf 75' lang='grc' dir='ltr'>μνήμασι</span> <span class='ocrx_word' id='word_1_248' title='bbox 336 1832 444 1865; x_wconf 71' lang='grc' dir='ltr'>δέλτοις</span> <span class='ocrx_word' id='word_1_249' title='bbox 471 1835 575 1872; x_wconf 80' lang='grc' dir='ltr'>φρενῶν</span> <span class='ocrx_word' id='word_1_250' title='bbox 606 1832 831 1871; x_wconf 75' lang='grc' dir='ltr'>ἐγγραψάμενοι,</span> <span class='ocrx_word' id='word_1_251' title='bbox 862 1832 1015 1871; x_wconf 74' lang='grc' dir='ltr'>παραδέχε-</span> 
     </span>
    </p>
   </div>
   <div class='ocr_carea' id='block_1_38' title="bbox 180 1876 1015 1916">
    <p class='ocr_par' dir='ltr' id='par_1_38' title="bbox 180 1876 1015 1916">
     <span class='ocr_line' id='line_1_38' title="bbox 180 1876 1015 1916; baseline -0.004 -9"><span class='ocrx_word' id='word_1_252' title='bbox 180 1879 228 1907; x_wconf 68' lang='grc' dir='ltr'>σθε</span> <span class='ocrx_word' id='word_1_253' title='bbox 254 1879 303 1916; x_wconf 72' lang='grc' dir='ltr'>μὲν</span> <span class='ocrx_word' id='word_1_254' title='bbox 341 1879 446 1906; x_wconf 80' lang='grc' dir='ltr'>ἅπαντα</span> <span class='ocrx_word' id='word_1_255' title='bbox 484 1876 626 1915; x_wconf 78' lang='grc' dir='ltr'>ἄνθρωπον</span> <span class='ocrx_word' id='word_1_256' title='bbox 667 1879 800 1912; x_wconf 79' lang='grc' dir='ltr'>ζητοῦντα</span> <span class='ocrx_word' id='word_1_257' title='bbox 826 1877 932 1915; x_wconf 78' lang='grc' dir='ltr'>εὐχὴν,</span> <span class='ocrx_word' id='word_1_258' title='bbox 969 1877 1015 1905; x_wconf 83' lang='grc' dir='ltr'>καὶ</span> 
     </span>
    </p>
   </div>
   <div class='ocr_carea' id='block_1_39' title="bbox 185 1920 1014 1961">
    <p class='ocr_par' dir='ltr' id='par_1_39' title="bbox 185 1920 1014 1961">
     <span class='ocr_line' id='line_1_39' title="bbox 185 1920 1014 1961; baseline -0.001 -10"><span class='ocrx_word' id='word_1_259' title='bbox 185 1922 363 1961; x_wconf 74' lang='grc' dir='ltr'>καταλλαγὴν</span> <span class='ocrx_word' id='word_1_260' title='bbox 379 1945 388 1959; x_wconf 82' lang='lat'>,</span> <span class='ocrx_word' id='word_1_261' title='bbox 415 1923 461 1950; x_wconf 80' lang='grc' dir='ltr'>καὶ</span> <span class='ocrx_word' id='word_1_262' title='bbox 489 1921 584 1950; x_wconf 67' lang='grc' dir='ltr'>ἕνωσιν</span> <span class='ocrx_word' id='word_1_263' title='bbox 620 1922 796 1959; x_wconf 78' lang='grc' dir='ltr'>ἀνθρωπικήν</span> <span class='ocrx_word' id='word_1_264' title='bbox 825 1920 991 1960; x_wconf 80' lang='grc' dir='ltr'>ἀτύρϐαστον</span> <span class='ocrx_word' id='word_1_265' title='bbox 1007 1942 1014 1955; x_wconf 89' lang='grc'>,</span> 
     </span>
    </p>
   </div>
   <div class='ocr_carea' id='block_1_40' title="bbox 178 1965 1002 2008">
    <p class='ocr_par' dir='ltr' id='par_1_40' title="bbox 178 1965 1002 2008">
     <span class='ocr_line' id='line_1_40' title="bbox 178 1965 1002 2008; baseline -0.005 -11"><span class='ocrx_word' id='word_1_266' title='bbox 178 1968 226 1997; x_wconf 77' lang='grc' dir='ltr'>καὶ</span> <span class='ocrx_word' id='word_1_267' title='bbox 245 1967 383 2008; x_wconf 78' lang='grc' dir='ltr'>φιλότητα</span> <span class='ocrx_word' id='word_1_268' title='bbox 405 1968 582 2003; x_wconf 77' lang='grc' dir='ltr'>κοινωνικὴν,</span> <span class='ocrx_word' id='word_1_269' title='bbox 608 1967 652 1994; x_wconf 83' lang='grc' dir='ltr'>καὶ</span> <span class='ocrx_word' id='word_1_270' title='bbox 676 1965 832 2005; x_wconf 80' lang='grc' dir='ltr'>συνδρομὴν</span> <span class='ocrx_word' id='word_1_271' title='bbox 856 1966 1002 2001; x_wconf 81' lang='grc' dir='ltr'>πολιτικὴν</span> 
     </span>
    </p>
   </div>
   <div class='ocr_carea' id='block_1_41' title="bbox 178 1997 1015 2052">
    <p class='ocr_par' dir='ltr' id='par_1_41' title="bbox 178 1997 1015 2052">
     <span class='ocr_line' id='line_1_41' title="bbox 178 1997 1015 2052; baseline -0.004 -11"><span class='ocrx_word' id='word_1_272' title='bbox 178 2013 225 2041; x_wconf 71' lang='grc' dir='ltr'>καὶ</span> <span class='ocrx_word' id='word_1_273' title='bbox 248 1997 368 2052; x_wconf 73' lang='grc' dir='ltr'>ἀγάπην,</span> <span class='ocrx_word' id='word_1_274' title='bbox 396 2013 441 2040; x_wconf 80' lang='grc' dir='ltr'>καὶ</span> <span class='ocrx_word' id='word_1_275' title='bbox 468 2009 679 2050; x_wconf 78' lang='grc' dir='ltr'>συγκατάϐασιν,</span> <span class='ocrx_word' id='word_1_276' title='bbox 709 2011 755 2038; x_wconf 87' lang='grc' dir='ltr'>καὶ</span> <span class='ocrx_word' id='word_1_277' title='bbox 783 2010 941 2047; x_wconf 71' lang='grc' dir='ltr'>ἐπιείκειαν,</span> <span class='ocrx_word' id='word_1_278' title='bbox 969 1997 1015 2039; x_wconf 70' lang='grc' dir='ltr'>καί</span> 
     </span>
    </p>
   </div>
   <div class='ocr_carea' id='block_1_42' title="bbox 179 2055 1015 2096">
    <p class='ocr_par' dir='ltr' id='par_1_42' title="bbox 179 2055 1015 2096">
     <span class='ocr_line' id='line_1_42' title="bbox 179 2055 1015 2096; baseline -0.004 -10"><span class='ocrx_word' id='word_1_279' title='bbox 179 2058 364 2096; x_wconf 78' lang='grc' dir='ltr'>ἡμερότητα,</span> <span class='ocrx_word' id='word_1_280' title='bbox 390 2057 435 2085; x_wconf 74' lang='grc' dir='ltr'>καὶ</span> <span class='ocrx_word' id='word_1_281' title='bbox 462 2057 634 2095; x_wconf 67' lang='grc' dir='ltr'>ἱλαρότητα,</span> <span class='ocrx_word' id='word_1_282' title='bbox 665 2056 710 2083; x_wconf 83' lang='grc' dir='ltr'>καὶ</span> <span class='ocrx_word' id='word_1_283' title='bbox 740 2055 877 2090; x_wconf 78' lang='grc' dir='ltr'>ἀσυλίαν,</span> <span class='ocrx_word' id='word_1_284' title='bbox 910 2055 954 2083; x_wconf 80' lang='grc' dir='ltr'>καὶ</span> <span class='ocrx_word' id='word_1_285' title='bbox 984 2056 1015 2083; x_wconf 85' lang='grc' dir='ltr'>τὸ</span> 
     </span>
    </p>
   </div>
   <div class='ocr_carea' id='block_1_43' title="bbox 181 2098 1014 2138">
    <p class='ocr_par' dir='ltr' id='par_1_43' title="bbox 181 2098 1014 2138">
     <span class='ocr_line' id='line_1_43' title="bbox 181 2098 1014 2138; baseline -0.002 -8"><span class='ocrx_word' id='word_1_286' title='bbox 181 2101 357 2137; x_wconf 74' lang='grc' dir='ltr'>ἀνιπίθιτον,</span> <span class='ocrx_word' id='word_1_287' title='bbox 387 2102 432 2129; x_wconf 83' lang='grc' dir='ltr'>καὶ</span> <span class='ocrx_word' id='word_1_288' title='bbox 461 2098 687 2129; x_wconf 77' lang='grc' dir='ltr'>ἀνεπιϐούλευτον</span> <span class='ocrx_word' id='word_1_289' title='bbox 708 2123 715 2135; x_wconf 82' lang='grc'>,</span> <span class='ocrx_word' id='word_1_290' title='bbox 744 2101 789 2128; x_wconf 82' lang='grc' dir='ltr'>καὶ</span> <span class='ocrx_word' id='word_1_291' title='bbox 818 2100 867 2134; x_wconf 83' lang='grc' dir='ltr'>τήν</span> <span class='ocrx_word' id='word_1_292' title='bbox 897 2100 924 2132; x_wconf 79' lang='grc' dir='ltr'>ἐς</span> <span class='ocrx_word' id='word_1_293' title='bbox 955 2099 1014 2138; x_wconf 86' lang='grc' dir='ltr'>βίον</span> 
     </span>
    </p>
   </div>
   <div class='ocr_carea' id='block_1_44' title="bbox 185 2143 1015 2185">
    <p class='ocr_par' dir='ltr' id='par_1_44' title="bbox 185 2143 1015 2185">
     <span class='ocr_line' id='line_1_44' title="bbox 185 2143 1015 2185; baseline -0.005 -10"><span class='ocrx_word' id='word_1_294' title='bbox 185 2147 371 2184; x_wconf 80' lang='grc' dir='ltr'>συγκρότησιν,</span> <span class='ocrx_word' id='word_1_295' title='bbox 395 2146 436 2185; x_wconf 75' lang='grc' dir='ltr'>ἐφ’</span> <span class='ocrx_word' id='word_1_296' title='bbox 459 2147 502 2177; x_wconf 81' lang='grc' dir='ltr'>οἷς</span> <span class='ocrx_word' id='word_1_297' title='bbox 525 2144 647 2181; x_wconf 86' lang='grc' dir='ltr'>δυνατὸν,</span> <span class='ocrx_word' id='word_1_298' title='bbox 672 2144 718 2172; x_wconf 87' lang='grc' dir='ltr'>καὶ</span> <span class='ocrx_word' id='word_1_299' title='bbox 743 2143 925 2183; x_wconf 72' lang='grc' dir='ltr'>ἐνδεχομένην</span> <span class='ocrx_word' id='word_1_300' title='bbox 952 2155 1015 2172; x_wconf 82' lang='grc' dir='ltr'>συν-</span> 
     </span>
    </p>
   </div>
   <div class='ocr_carea' id='block_1_45' title="bbox 182 2186 1016 2228">
    <p class='ocr_par' dir='ltr' id='par_1_45' title="bbox 182 2186 1016 2228">
     <span class='ocr_line' id='line_1_45' title="bbox 182 2186 1016 2228; baseline -0.004 -9"><span class='ocrx_word' id='word_1_301' title='bbox 182 2190 339 2228; x_wconf 83' lang='grc' dir='ltr'>αντίληψιν,</span> <span class='ocrx_word' id='word_1_302' title='bbox 364 2191 409 2218; x_wconf 81' lang='grc' dir='ltr'>καὶ</span> <span class='ocrx_word' id='word_1_303' title='bbox 433 2188 520 2226; x_wconf 74' lang='grc' dir='ltr'>ἔλεον,</span> <span class='ocrx_word' id='word_1_304' title='bbox 541 2190 587 2217; x_wconf 85' lang='grc' dir='ltr'>καὶ</span> <span class='ocrx_word' id='word_1_305' title='bbox 614 2187 770 2226; x_wconf 78' lang='grc' dir='ltr'>μετάδοσιν,</span> <span class='ocrx_word' id='word_1_306' title='bbox 796 2186 835 2216; x_wconf 79' lang='grc' dir='ltr'>ἔτι</span> <span class='ocrx_word' id='word_1_307' title='bbox 852 2187 880 2216; x_wconf 69' lang='grc' dir='ltr'>δὲ</span> <span class='ocrx_word' id='word_1_308' title='bbox 903 2199 1016 2216; x_wconf 86' lang='grc' dir='ltr'>συνανα-</span> 
     </span>
    </p>
   </div>
   <div class='ocr_carea' id='block_1_46' title="bbox 180 2233 1014 2274">
    <p class='ocr_par' dir='ltr' id='par_1_46' title="bbox 180 2233 1014 2274">
     <span class='ocr_line' id='line_1_46' title="bbox 180 2233 1014 2274; baseline -0.004 -11"><span class='ocrx_word' id='word_1_309' title='bbox 180 2236 300 2274; x_wconf 77' lang='grc' dir='ltr'>στροφὴν</span> <span class='ocrx_word' id='word_1_310' title='bbox 330 2235 483 2273; x_wconf 75' lang='grc' dir='ltr'>είρηκικήν⁹</span> <span class='ocrx_word' id='word_1_311' title='bbox 514 2234 635 2270; x_wconf 81' lang='grc' dir='ltr'>διξίωσιν</span> <span class='ocrx_word' id='word_1_312' title='bbox 664 2233 835 2272; x_wconf 83' lang='grc' dir='ltr'>ἀπάνουργον</span> <span class='ocrx_word' id='word_1_313' title='bbox 854 2256 861 2270; x_wconf 99' lang='grc'>,</span> <span class='ocrx_word' id='word_1_314' title='bbox 890 2233 1014 2272; x_wconf 80' lang='grc' dir='ltr'>κεφαλῆς</span> 
     </span>
    </p>
   </div>
   <div class='ocr_carea' id='block_1_47' title="bbox 179 2278 1015 2319">
    <p class='ocr_par' dir='ltr' id='par_1_47' title="bbox 179 2278 1015 2319">
     <span class='ocr_line' id='line_1_47' title="bbox 179 2278 1015 2319; baseline -0.004 -11"><span class='ocrx_word' id='word_1_315' title='bbox 179 2282 269 2309; x_wconf 81' lang='grc' dir='ltr'>νιῦσιν</span> <span class='ocrx_word' id='word_1_316' title='bbox 295 2279 473 2319; x_wconf 74' lang='grc' dir='ltr'>εὐλόγιστον,</span> <span class='ocrx_word' id='word_1_317' title='bbox 504 2278 604 2307; x_wconf 86' lang='grc' dir='ltr'>λαλιὰν</span> <span class='ocrx_word' id='word_1_318' title='bbox 646 2278 819 2306; x_wconf 72' lang='grc' dir='ltr'>εὐπαίδευτον</span> <span class='ocrx_word' id='word_1_319' title='bbox 838 2302 845 2314; x_wconf 94' lang='grc'>,</span> <span class='ocrx_word' id='word_1_320' title='bbox 883 2278 1015 2314; x_wconf 74' lang='grc' dir='ltr'>συνὲνεξιν</span> 
     </span>
    </p>
   </div>
   <div class='ocr_carea' id='block_1_48' title="bbox 180 2323 1013 2362">
    <p class='ocr_par' dir='ltr' id='par_1_48' title="bbox 180 2323 1013 2362">
     <span class='ocr_line' id='line_1_48' title="bbox 180 2323 1013 2362; baseline -0.004 -9"><span class='ocrx_word' id='word_1_321' title='bbox 180 2324 307 2362; x_wconf 79' lang='grc' dir='ltr'>ἀπικὴν,</span> <span class='ocrx_word' id='word_1_322' title='bbox 336 2323 492 2362; x_wconf 80' lang='grc' dir='ltr'>συνδρομὴν</span> <span class='ocrx_word' id='word_1_323' title='bbox 522 2323 681 2352; x_wconf 73' lang='grc' dir='ltr'>ἀσκὲλιστον</span> <span class='ocrx_word' id='word_1_324' title='bbox 701 2347 708 2359; x_wconf 83' lang='lat'>,</span> <span class='ocrx_word' id='word_1_325' title='bbox 738 2323 873 2351; x_wconf 80' lang='grc' dir='ltr'>συνοικίαν</span> <span class='ocrx_word' id='word_1_326' title='bbox 901 2323 1013 2360; x_wconf 84' lang='grc' dir='ltr'>ἀτάρα-</span> 
     </span>
    </p>
   </div>
   <div class='ocr_carea' id='block_1_49' title="bbox 1032 993 1055 1025">
    <p class='ocr_par' dir='ltr' id='par_1_49' title="bbox 1032 993 1055 1025">
     <span class='ocr_line' id='line_1_49' title="bbox 1032 993 1055 1025; baseline 0 0"><span class='ocrx_word' id='word_1_327' title='bbox 1032 993 1055 1025; x_wconf 93' lang='grc' dir='ltr'><strong>Β</strong></span> 
     </span>
    </p>
   </div>
   <div class='ocr_carea' id='block_1_50' title="bbox 1029 1677 1050 1711">
    <p class='ocr_par' dir='ltr' id='par_1_50' title="bbox 1029 1677 1050 1711">
     <span class='ocr_line' id='line_1_50' title="bbox 1029 1677 1050 1711; baseline 0 0"><span class='ocrx_word' id='word_1_328' title='bbox 1029 1677 1050 1711; x_wconf 83' lang='lat' dir='ltr'><strong><em>G</em></strong></span> 
     </span>
    </p>
   </div>
   <div class='ocr_carea' id='block_1_51' title="bbox 179 2361 1052 2413">
    <p class='ocr_par' dir='ltr' id='par_1_51' title="bbox 179 2361 1052 2413">
     <span class='ocr_line' id='line_1_51' title="bbox 179 2361 1052 2413; baseline -0.003 -16"><span class='ocrx_word' id='word_1_329' title='bbox 179 2361 625 2413; x_wconf 18' lang='grc' dir='ltr'>χονπρύλογίαννχριστιανικήν,</span> <span class='ocrx_word' id='word_1_330' title='bbox 652 2369 684 2396; x_wconf 83' lang='grc' dir='ltr'>τὸ</span> <span class='ocrx_word' id='word_1_331' title='bbox 709 2367 891 2413; x_wconf 80' lang='grc' dir='ltr'>ἀπανούργως</span> <span class='ocrx_word' id='word_1_332' title='bbox 921 2368 1013 2413; x_wconf 71' lang='grc' dir='ltr'>εὐόμι-</span> <span class='ocrx_word' id='word_1_333' title='bbox 1028 2361 1052 2393; x_wconf 83' lang='lat' dir='ltr'>D</span> 
     </span>
    </p>
   </div>
   <div class='ocr_carea' id='block_1_52' title="bbox 182 2412 1012 2451">
    <p class='ocr_par' dir='ltr' id='par_1_52' title="bbox 182 2412 1012 2451">
     <span class='ocr_line' id='line_1_52' title="bbox 182 2412 1012 2451; baseline -0.004 -9"><span class='ocrx_word' id='word_1_334' title='bbox 182 2413 243 2449; x_wconf 85' lang='grc' dir='ltr'>λον,</span> <span class='ocrx_word' id='word_1_335' title='bbox 257 2412 321 2451; x_wconf 47' lang='lat' dir='ltr'>{seu</span> <span class='ocrx_word' id='word_1_336' title='bbox 334 2415 378 2441; x_wconf 82' lang='grc' dir='ltr'>ναὶ</span> <span class='ocrx_word' id='word_1_337' title='bbox 395 2425 409 2440; x_wconf 81' lang='grc'><strong>›)</strong></span> <span class='ocrx_word' id='word_1_338' title='bbox 422 2413 467 2441; x_wconf 82' lang='grc' dir='ltr'>καὶ</span> <span class='ocrx_word' id='word_1_339' title='bbox 490 2413 522 2441; x_wconf 85' lang='grc' dir='ltr'>τὸ</span> <span class='ocrx_word' id='word_1_340' title='bbox 540 2425 550 2439; x_wconf 76' lang='grc' dir='ltr'>α</span> <span class='ocrx_word' id='word_1_341' title='bbox 569 2413 611 2448; x_wconf 77' lang='grc' dir='ltr'>οὒ,</span> <span class='ocrx_word' id='word_1_342' title='bbox 626 2424 641 2438; x_wconf 83' lang='grc'><strong>›)</strong></span> <span class='ocrx_word' id='word_1_343' title='bbox 654 2413 685 2440; x_wconf 84' lang='grc' dir='ltr'>τὸ</span> <span class='ocrx_word' id='word_1_344' title='bbox 707 2413 778 2450; x_wconf 82' lang='grc' dir='ltr'>πρὸς</span> <span class='ocrx_word' id='word_1_345' title='bbox 801 2412 931 2447; x_wconf 76' lang='grc' dir='ltr'>ἀλήθειαν</span> <span class='ocrx_word' id='word_1_346' title='bbox 946 2412 1012 2449; x_wconf 75' lang='grc' dir='ltr'>ἀρα-</span> 
     </span>
    </p>
   </div>
   <div class='ocr_carea' id='block_1_53' title="bbox 182 2457 1013 2497">
    <p class='ocr_par' dir='ltr' id='par_1_53' title="bbox 182 2457 1013 2497">
     <span class='ocr_line' id='line_1_53' title="bbox 182 2457 1013 2497; baseline -0.002 -11"><span class='ocrx_word' id='word_1_347' title='bbox 182 2457 359 2497; x_wconf 77' lang='grc' dir='ltr'>διούργητον,</span> <span class='ocrx_word' id='word_1_348' title='bbox 380 2459 412 2486; x_wconf 85' lang='grc' dir='ltr'>τὸ</span> <span class='ocrx_word' id='word_1_349' title='bbox 434 2457 610 2496; x_wconf 81' lang='grc' dir='ltr'>ἀνθρωπίνως</span> <span class='ocrx_word' id='word_1_350' title='bbox 634 2458 806 2491; x_wconf 77' lang='grc' dir='ltr'>κοινωνικὸν,</span> <span class='ocrx_word' id='word_1_351' title='bbox 829 2457 861 2485; x_wconf 85' lang='grc' dir='ltr'>τὸ</span> <span class='ocrx_word' id='word_1_352' title='bbox 883 2458 1013 2495; x_wconf 74' lang='grc' dir='ltr'>ἀκακοόρ-</span> 
     </span>
    </p>
   </div>
   <div class='ocr_carea' id='block_1_54' title="bbox 179 2500 1010 2541">
    <p class='ocr_par' dir='ltr' id='par_1_54' title="bbox 179 2500 1010 2541">
     <span class='ocr_line' id='line_1_54' title="bbox 179 2500 1010 2541; baseline -0.005 -9"><span class='ocrx_word' id='word_1_353' title='bbox 179 2513 236 2541; x_wconf 82' lang='grc' dir='ltr'>γως</span> <span class='ocrx_word' id='word_1_354' title='bbox 250 2502 454 2537; x_wconf 81' lang='grc' dir='ltr'>πολιτευτικὸν,</span> <span class='ocrx_word' id='word_1_355' title='bbox 468 2503 499 2530; x_wconf 82' lang='grc' dir='ltr'>τὸ</span> <span class='ocrx_word' id='word_1_356' title='bbox 515 2501 540 2530; x_wconf 81' lang='grc' dir='ltr'>ἐν</span> <span class='ocrx_word' id='word_1_357' title='bbox 557 2501 780 2540; x_wconf 82' lang='grc' dir='ltr'>συναλλάγμασιν</span> <span class='ocrx_word' id='word_1_358' title='bbox 798 2500 910 2536; x_wconf 75' lang='grc' dir='ltr'>ἄδολον,</span> <span class='ocrx_word' id='word_1_359' title='bbox 926 2502 958 2529; x_wconf 84' lang='grc' dir='ltr'>τὸ</span> <span class='ocrx_word' id='word_1_360' title='bbox 985 2501 1010 2528; x_wconf 81' lang='grc' dir='ltr'>ἐν</span> 
     </span>
    </p>
   </div>
   <div class='ocr_carea' id='block_1_55' title="bbox 182 2545 1011 2586">
    <p class='ocr_par' dir='ltr' id='par_1_55' title="bbox 182 2545 1011 2586">
     <span class='ocr_line' id='line_1_55' title="bbox 182 2545 1011 2586; baseline -0.002 -10"><span class='ocrx_word' id='word_1_361' title='bbox 182 2547 363 2586; x_wconf 76' lang='grc' dir='ltr'>ὗποσχὲσεσιν</span> <span class='ocrx_word' id='word_1_362' title='bbox 385 2547 504 2584; x_wconf 72' lang='grc' dir='ltr'>ἀτρεκὲς,</span> <span class='ocrx_word' id='word_1_363' title='bbox 533 2547 564 2574; x_wconf 84' lang='grc' dir='ltr'>τὸ</span> <span class='ocrx_word' id='word_1_364' title='bbox 594 2546 620 2574; x_wconf 71' lang='grc' dir='ltr'>ἐν</span> <span class='ocrx_word' id='word_1_365' title='bbox 639 2545 813 2583; x_wconf 82' lang='grc' dir='ltr'>δανείσμασιν</span> <span class='ocrx_word' id='word_1_366' title='bbox 843 2546 861 2581; x_wconf 70' lang='grc' dir='ltr'><strong>ἢ</strong></span> <span class='ocrx_word' id='word_1_367' title='bbox 891 2545 1011 2585; x_wconf 77' lang='grc' dir='ltr'>ἀκερδὲς,</span> 
     </span>
    </p>
   </div>
   <div class='ocr_carea' id='block_1_56' title="bbox 181 2589 1012 2631">
    <p class='ocr_par' dir='ltr' id='par_1_56' title="bbox 181 2589 1012 2631">
     <span class='ocr_line' id='line_1_56' title="bbox 181 2589 1012 2631; baseline -0.001 -11"><span class='ocrx_word' id='word_1_368' title='bbox 181 2592 202 2628; x_wconf 75' lang='grc' dir='ltr'><strong>ἢ</strong></span> <span class='ocrx_word' id='word_1_369' title='bbox 216 2591 290 2620; x_wconf 73' lang='grc' dir='ltr'>ἀλλὰ</span> <span class='ocrx_word' id='word_1_370' title='bbox 305 2591 423 2631; x_wconf 70' lang='grc' dir='ltr'>δευτέρῳ</span> <span class='ocrx_word' id='word_1_371' title='bbox 449 2592 526 2630; x_wconf 87' lang='grc' dir='ltr'>λόγῳ</span> <span class='ocrx_word' id='word_1_372' title='bbox 550 2590 729 2629; x_wconf 86' lang='grc' dir='ltr'>εὐδιακρίτως</span> <span class='ocrx_word' id='word_1_373' title='bbox 751 2589 940 2629; x_wconf 75' lang='grc' dir='ltr'>ὀλιγοκερδὲς,</span> <span class='ocrx_word' id='word_1_374' title='bbox 966 2591 1012 2619; x_wconf 88' lang='grc' dir='ltr'>καὶ</span> 
     </span>
    </p>
   </div>
   <div class='ocr_carea' id='block_1_57' title="bbox 183 2635 1013 2675">
    <p class='ocr_par' dir='ltr' id='par_1_57' title="bbox 183 2635 1013 2675">
     <span class='ocr_line' id='line_1_57' title="bbox 183 2635 1013 2675; baseline -0.004 -10"><span class='ocrx_word' id='word_1_375' title='bbox 183 2636 296 2668; x_wconf 81' lang='grc' dir='ltr'>ὁπόσοις</span> <span class='ocrx_word' id='word_1_376' title='bbox 311 2635 409 2668; x_wconf 70' lang='grc' dir='ltr'>ἄλλοις</span> <span class='ocrx_word' id='word_1_377' title='bbox 427 2637 486 2675; x_wconf 84' lang='grc' dir='ltr'>βίος</span> <span class='ocrx_word' id='word_1_378' title='bbox 503 2635 655 2675; x_wconf 77' lang='grc' dir='ltr'>ἰξαρτόεται</span> <span class='ocrx_word' id='word_1_379' title='bbox 670 2635 786 2674; x_wconf 78' lang='grc' dir='ltr'>ἥμερος,</span> <span class='ocrx_word' id='word_1_380' title='bbox 801 2635 847 2663; x_wconf 84' lang='grc' dir='ltr'>καὶ</span> <span class='ocrx_word' id='word_1_381' title='bbox 864 2636 902 2672; x_wconf 87' lang='grc' dir='ltr'>μή</span> <span class='ocrx_word' id='word_1_382' title='bbox 919 2635 1013 2674; x_wconf 79' lang='grc' dir='ltr'>αἰσχύ-</span> 
     </span>
    </p>
   </div>
   <div class='ocr_carea' id='block_1_58' title="bbox 182 2679 1012 2719">
    <p class='ocr_par' dir='ltr' id='par_1_58' title="bbox 182 2679 1012 2719">
     <span class='ocr_line' id='line_1_58' title="bbox 182 2679 1012 2719; baseline -0.004 -9"><span class='ocrx_word' id='word_1_383' title='bbox 182 2691 235 2710; x_wconf 83' lang='grc' dir='ltr'>νων</span> <span class='ocrx_word' id='word_1_384' title='bbox 258 2681 305 2711; x_wconf 79' lang='grc' dir='ltr'>τᾶν</span> <span class='ocrx_word' id='word_1_385' title='bbox 332 2684 382 2710; x_wconf 78' lang='grc' dir='ltr'>τοῦ</span> <span class='ocrx_word' id='word_1_386' title='bbox 411 2682 477 2709; x_wconf 76' lang='grc' dir='ltr'>Θεοῦ</span> <span class='ocrx_word' id='word_1_387' title='bbox 504 2680 656 2719; x_wconf 69' lang='grc' dir='ltr'>ἄνθρωπον,</span> <span class='ocrx_word' id='word_1_388' title='bbox 680 2680 727 2708; x_wconf 78' lang='grc' dir='ltr'>καὶ</span> <span class='ocrx_word' id='word_1_389' title='bbox 752 2680 792 2713; x_wconf 67' lang='grc' dir='ltr'>εἲς</span> <span class='ocrx_word' id='word_1_390' title='bbox 821 2682 889 2708; x_wconf 79' lang='grc' dir='ltr'>Θεοῦ</span> <span class='ocrx_word' id='word_1_391' title='bbox 917 2679 1012 2717; x_wconf 72' lang='grc' dir='ltr'>δένδρα</span> 
     </span>
    </p>
   </div>
   <div class='ocr_carea' id='block_1_59' title="bbox 184 2723 1010 2764">
    <p class='ocr_par' dir='ltr' id='par_1_59' title="bbox 184 2723 1010 2764">
     <span class='ocr_line' id='line_1_59' title="bbox 184 2723 1010 2764; baseline -0.002 -10"><span class='ocrx_word' id='word_1_392' title='bbox 184 2725 269 2759; x_wconf 73' lang='grc' dir='ltr'>οὕτως</span> <span class='ocrx_word' id='word_1_393' title='bbox 307 2726 450 2763; x_wconf 79' lang='grc' dir='ltr'>αὖξάνεσθε</span> <span class='ocrx_word' id='word_1_394' title='bbox 491 2725 536 2754; x_wconf 80' lang='grc' dir='ltr'>καὶ</span> <span class='ocrx_word' id='word_1_395' title='bbox 573 2725 744 2760; x_wconf 81' lang='grc' dir='ltr'>πληθύνεσθε</span> <span class='ocrx_word' id='word_1_396' title='bbox 780 2723 926 2764; x_wconf 72' lang='grc' dir='ltr'>πολοφόρα</span> <span class='ocrx_word' id='word_1_397' title='bbox 966 2724 1010 2752; x_wconf 58' lang='grc' dir='ltr'>καὶ</span> 
     </span>
    </p>
   </div>
   <div class='ocr_carea' id='block_1_60' title="bbox 179 2768 1011 2811">
    <p class='ocr_par' dir='ltr' id='par_1_60' title="bbox 179 2768 1011 2811">
     <span class='ocr_line' id='line_1_60' title="bbox 179 2768 1011 2811; baseline -0.004 -11"><span class='ocrx_word' id='word_1_398' title='bbox 179 2770 373 2811; x_wconf 77' lang='grc' dir='ltr'>ἀγλαόκαρπα,</span> <span class='ocrx_word' id='word_1_399' title='bbox 387 2771 434 2799; x_wconf 74' lang='grc' dir='ltr'>καὶ</span> <span class='ocrx_word' id='word_1_400' title='bbox 459 2772 504 2798; x_wconf 77' lang='grc' dir='ltr'>οἷα</span> <span class='ocrx_word' id='word_1_401' title='bbox 527 2770 670 2809; x_wconf 82' lang='grc' dir='ltr'>γλυκάζειν</span> <span class='ocrx_word' id='word_1_402' title='bbox 692 2770 737 2797; x_wconf 84' lang='grc' dir='ltr'>καὶ</span> <span class='ocrx_word' id='word_1_403' title='bbox 759 2770 867 2807; x_wconf 72' lang='grc' dir='ltr'>τέρπειν</span> <span class='ocrx_word' id='word_1_404' title='bbox 884 2768 930 2797; x_wconf 77' lang='grc' dir='ltr'>διὰ</span> <span class='ocrx_word' id='word_1_405' title='bbox 945 2769 1011 2807; x_wconf 82' lang='grc' dir='ltr'>ἀγά-</span> 
     </span>
    </p>
   </div>
   <div class='ocr_carea' id='block_1_61' title="bbox 181 2814 1012 2855">
    <p class='ocr_par' dir='ltr' id='par_1_61' title="bbox 181 2814 1012 2855">
     <span class='ocr_line' id='line_1_61' title="bbox 181 2814 1012 2855; baseline -0.005 -10"><span class='ocrx_word' id='word_1_406' title='bbox 181 2826 249 2853; x_wconf 80' lang='grc' dir='ltr'>πης,</span> <span class='ocrx_word' id='word_1_407' title='bbox 271 2817 331 2849; x_wconf 77' lang='grc' dir='ltr'>καθ’</span> <span class='ocrx_word' id='word_1_408' title='bbox 352 2817 384 2852; x_wconf 86' lang='grc' dir='ltr'>ἢν</span> <span class='ocrx_word' id='word_1_409' title='bbox 408 2815 575 2854; x_wconf 66' lang='grc' dir='ltr'>ἠγαπημένοι</span> <span class='ocrx_word' id='word_1_410' title='bbox 598 2814 715 2855; x_wconf 79' lang='grc' dir='ltr'>νεόφυσα</span> <span class='ocrx_word' id='word_1_411' title='bbox 738 2817 779 2851; x_wconf 80' lang='grc' dir='ltr'>τῷ</span> <span class='ocrx_word' id='word_1_412' title='bbox 801 2817 859 2851; x_wconf 78' lang='grc' dir='ltr'>Θεῷ</span> <span class='ocrx_word' id='word_1_413' title='bbox 875 2814 1012 2850; x_wconf 71' lang='grc' dir='ltr'>ἰξοσιοῦν-</span> 
     </span>
    </p>
   </div>
   <div class='ocr_carea' id='block_1_62' title="bbox 181 2859 1012 2899">
    <p class='ocr_par' dir='ltr' id='par_1_62' title="bbox 181 2859 1012 2899">
     <span class='ocr_line' id='line_1_62' title="bbox 181 2859 1012 2899; baseline -0.004 -10"><span class='ocrx_word' id='word_1_414' title='bbox 181 2870 227 2890; x_wconf 81' lang='grc' dir='ltr'>τιιι</span> <span class='ocrx_word' id='word_1_415' title='bbox 243 2861 282 2894; x_wconf 79' lang='grc' dir='ltr'>εἰς</span> <span class='ocrx_word' id='word_1_416' title='bbox 297 2859 374 2897; x_wconf 81' lang='grc' dir='ltr'>δόξαν</span> <span class='ocrx_word' id='word_1_417' title='bbox 399 2861 483 2889; x_wconf 76' lang='grc' dir='ltr'>αὐτοῦ</span> <span class='ocrx_word' id='word_1_418' title='bbox 503 2861 572 2898; x_wconf 75' lang='grc' dir='ltr'>ὖψοῦ</span> <span class='ocrx_word' id='word_1_419' title='bbox 597 2859 790 2899; x_wconf 68' lang='grc' dir='ltr'>ἀνατρέχοντα.</span> <span class='ocrx_word' id='word_1_420' title='bbox 816 2860 865 2887; x_wconf 81' lang='grc' dir='ltr'>Καὶ</span> <span class='ocrx_word' id='word_1_421' title='bbox 890 2861 1012 2887; x_wconf 79' lang='grc' dir='ltr'>τοιοῦτοι</span> 
     </span>
    </p>
   </div>
   <div class='ocr_carea' id='block_1_63' title="bbox 184 2903 1011 2946">
    <p class='ocr_par' dir='ltr' id='par_1_63' title="bbox 184 2903 1011 2946">
     <span class='ocr_line' id='line_1_63' title="bbox 184 2903 1011 2946; baseline -0.004 -10"><span class='ocrx_word' id='word_1_422' title='bbox 184 2905 234 2944; x_wconf 66' lang='grc' dir='ltr'>μιν</span> <span class='ocrx_word' id='word_1_423' title='bbox 247 2905 339 2944; x_wconf 61' lang='grc' dir='ltr'>’ὑμεῖς</span> <span class='ocrx_word' id='word_1_424' title='bbox 363 2903 522 2935; x_wconf 71' lang='grc' dir='ltr'>ἀποϐαίνετε</span> <span class='ocrx_word' id='word_1_425' title='bbox 544 2904 621 2946; x_wconf 86' lang='grc' dir='ltr'>λόγῳ</span> <span class='ocrx_word' id='word_1_426' title='bbox 645 2904 825 2941; x_wconf 83' lang='grc' dir='ltr'>τελειώσεως,</span> <span class='ocrx_word' id='word_1_427' title='bbox 852 2905 890 2938; x_wconf 86' lang='grc' dir='ltr'>ὡς</span> <span class='ocrx_word' id='word_1_428' title='bbox 904 2903 1011 2943; x_wconf 80' lang='grc' dir='ltr'>ἅνθρω-</span> 
     </span>
    </p>
   </div>
   <div class='ocr_carea' id='block_1_64' title="bbox 1072 343 1900 380">
    <p class='ocr_par' dir='ltr' id='par_1_64' title="bbox 1072 343 1900 380">
     <span class='ocr_line' id='line_1_64' title="bbox 1072 343 1900 380; baseline 0.001 -9"><span class='ocrx_word' id='word_1_429' title='bbox 1072 343 1165 379; x_wconf 83' lang='lat' dir='ltr'>ticeps</span> <span class='ocrx_word' id='word_1_430' title='bbox 1181 344 1281 378; x_wconf 82' lang='lat' dir='ltr'>ﬁeret;</span> <span class='ocrx_word' id='word_1_431' title='bbox 1299 352 1400 372; x_wconf 88' lang='lat' dir='ltr'>aurem</span> <span class='ocrx_word' id='word_1_432' title='bbox 1413 352 1480 372; x_wconf 87' lang='lat' dir='ltr'>vero</span> <span class='ocrx_word' id='word_1_433' title='bbox 1495 344 1623 380; x_wconf 65' lang='lat' dir='ltr'>praebere</span> <span class='ocrx_word' id='word_1_434' title='bbox 1639 344 1765 372; x_wconf 70' lang='lat' dir='ltr'>daamoni</span> <span class='ocrx_word' id='word_1_435' title='bbox 1779 344 1900 373; x_wconf 88' lang='lat' dir='ltr'>insidio-</span> 
     </span>
    </p>
   </div>
   <div class='ocr_carea' id='block_1_65' title="bbox 1073 388 1900 424">
    <p class='ocr_par' dir='ltr' id='par_1_65' title="bbox 1073 388 1900 424">
     <span class='ocr_line' id='line_1_65' title="bbox 1073 388 1900 424; baseline 0.002 -9"><span class='ocrx_word' id='word_1_436' title='bbox 1073 396 1104 416; x_wconf 88' lang='lat' dir='ltr'>se</span> <span class='ocrx_word' id='word_1_437' title='bbox 1119 388 1256 416; x_wconf 77' lang='lat' dir='ltr'>suadenti</span> <span class='ocrx_word' id='word_1_438' title='bbox 1272 397 1349 416; x_wconf 89' lang='lat' dir='ltr'>nunc</span> <span class='ocrx_word' id='word_1_439' title='bbox 1373 396 1438 417; x_wconf 79' lang='lat' dir='ltr'>esse</span> <span class='ocrx_word' id='word_1_440' title='bbox 1461 390 1579 424; x_wconf 88' lang='lat' dir='ltr'>tempus</span> <span class='ocrx_word' id='word_1_441' title='bbox 1600 388 1717 416; x_wconf 89' lang='lat' dir='ltr'>inimico</span> <span class='ocrx_word' id='word_1_442' title='bbox 1731 389 1767 416; x_wconf 90' lang='lat' dir='ltr'>ab</span> <span class='ocrx_word' id='word_1_443' title='bbox 1781 389 1900 417; x_wconf 87' lang='lat' dir='ltr'>homine</span> 
     </span>
    </p>
   </div>
   <div class='ocr_carea' id='block_1_66' title="bbox 1073 432 1898 466">
    <p class='ocr_par' dir='ltr' id='par_1_66' title="bbox 1073 432 1898 466">
     <span class='ocr_line' id='line_1_66' title="bbox 1073 432 1898 466; baseline 0.001 -7"><span class='ocrx_word' id='word_1_444' title='bbox 1073 432 1249 460; x_wconf 80' lang='lat' dir='ltr'>declinandi.</span> <span class='ocrx_word' id='word_1_445' title='bbox 1267 434 1361 466; x_wconf 88' lang='lat' dir='ltr'>Quum</span> <span class='ocrx_word' id='word_1_446' title='bbox 1370 434 1448 461; x_wconf 87' lang='lat' dir='ltr'>enim</span> <span class='ocrx_word' id='word_1_447' title='bbox 1460 433 1548 461; x_wconf 83' lang='lat' dir='ltr'>haece</span> <span class='ocrx_word' id='word_1_448' title='bbox 1559 433 1607 461; x_wconf 87' lang='lat' dir='ltr'>via</span> <span class='ocrx_word' id='word_1_449' title='bbox 1619 433 1649 460; x_wconf 90' lang='lat' dir='ltr'>in</span> <span class='ocrx_word' id='word_1_450' title='bbox 1661 433 1898 461; x_wconf 81' lang='lat' dir='ltr'>maledictionem</span> 
     </span>
    </p>
   </div>
   <div class='ocr_carea' id='block_1_67' title="bbox 1073 477 1899 514">
    <p class='ocr_par' dir='ltr' id='par_1_67' title="bbox 1073 477 1899 514">
     <span class='ocr_line' id='line_1_67' title="bbox 1073 477 1899 514; baseline 0.001 -10"><span class='ocrx_word' id='word_1_451' title='bbox 1073 478 1257 511; x_wconf 81' lang='lat' dir='ltr'>incurrisset,</span> <span class='ocrx_word' id='word_1_452' title='bbox 1278 478 1346 505; x_wconf 84' lang='lat' dir='ltr'>huic</span> <span class='ocrx_word' id='word_1_453' title='bbox 1370 478 1433 506; x_wconf 65' lang='lat' dir='ltr'>vita:</span> <span class='ocrx_word' id='word_1_454' title='bbox 1453 480 1592 505; x_wconf 70' lang='lat' dir='ltr'>aeternam</span> <span class='ocrx_word' id='word_1_455' title='bbox 1610 477 1698 505; x_wconf 82' lang='lat' dir='ltr'>vitam</span> <span class='ocrx_word' id='word_1_456' title='bbox 1715 477 1899 514; x_wconf 85' lang='lat' dir='ltr'>posthabuit,</span> 
     </span>
    </p>
   </div>
   <div class='ocr_carea' id='block_1_68' title="bbox 1074 521 1900 558">
    <p class='ocr_par' dir='ltr' id='par_1_68' title="bbox 1074 521 1900 558">
     <span class='ocr_line' id='line_1_68' title="bbox 1074 521 1900 558; baseline 0.001 -9"><span class='ocrx_word' id='word_1_457' title='bbox 1074 522 1262 558; x_wconf 80' lang='lat' dir='ltr'>naufragium</span> <span class='ocrx_word' id='word_1_458' title='bbox 1280 523 1315 550; x_wconf 90' lang='lat' dir='ltr'>ad</span> <span class='ocrx_word' id='word_1_459' title='bbox 1333 525 1448 558; x_wconf 84' lang='lat' dir='ltr'>portum</span> <span class='ocrx_word' id='word_1_460' title='bbox 1471 521 1549 555; x_wconf 73' lang='lat' dir='ltr'>fecit,</span> <span class='ocrx_word' id='word_1_461' title='bbox 1575 522 1746 558; x_wconf 81' lang='lat' dir='ltr'>foribusque</span> <span class='ocrx_word' id='word_1_462' title='bbox 1771 522 1900 557; x_wconf 77' lang='lat' dir='ltr'>paradisi</span> 
     </span>
    </p>
   </div>
   <div class='ocr_carea' id='block_1_69' title="bbox 1072 566 1902 604">
    <p class='ocr_par' dir='ltr' id='par_1_69' title="bbox 1072 566 1902 604">
     <span class='ocr_line' id='line_1_69' title="bbox 1072 566 1902 604; baseline 0.004 -10"><span class='ocrx_word' id='word_1_463' title='bbox 1072 567 1136 602; x_wconf 86' lang='lat' dir='ltr'>jam</span> <span class='ocrx_word' id='word_1_464' title='bbox 1153 567 1314 603; x_wconf 84' lang='lat' dir='ltr'>proximus,</span> <span class='ocrx_word' id='word_1_465' title='bbox 1327 576 1343 595; x_wconf 87' lang='lat' dir='ltr'>a</span> <span class='ocrx_word' id='word_1_466' title='bbox 1356 567 1479 603; x_wconf 85' lang='lat' dir='ltr'>foribus,</span> <span class='ocrx_word' id='word_1_467' title='bbox 1488 569 1520 595; x_wconf 89' lang='lat' dir='ltr'>ut</span> <span class='ocrx_word' id='word_1_468' title='bbox 1531 566 1624 604; x_wconf 86' lang='lat' dir='ltr'>aiunt,</span> <span class='ocrx_word' id='word_1_469' title='bbox 1637 567 1902 604; x_wconf 86' lang='lat' dir='ltr'>deerravit,passus</span> 
     </span>
    </p>
   </div>
   <div class='ocr_carea' id='block_1_70' title="bbox 1072 612 1899 650">
    <p class='ocr_par' dir='ltr' id='par_1_70' title="bbox 1072 612 1899 650">
     <span class='ocr_line' id='line_1_70' title="bbox 1072 612 1899 650; baseline 0.004 -12"><span class='ocrx_word' id='word_1_470' title='bbox 1072 612 1226 640; x_wconf 90' lang='lat' dir='ltr'>inimicum</span> <span class='ocrx_word' id='word_1_471' title='bbox 1249 621 1337 640; x_wconf 89' lang='lat' dir='ltr'>suum</span> <span class='ocrx_word' id='word_1_472' title='bbox 1362 613 1558 649; x_wconf 84' lang='lat' dir='ltr'>Nicephorum</span> <span class='ocrx_word' id='word_1_473' title='bbox 1583 613 1744 641; x_wconf 87' lang='lat' dir='ltr'>introrsum</span> <span class='ocrx_word' id='word_1_474' title='bbox 1769 621 1899 650; x_wconf 61' lang='lat' dir='ltr'>praecur-</span> 
     </span>
    </p>
   </div>
   <div class='ocr_carea' id='block_1_71' title="bbox 1074 657 1898 694">
    <p class='ocr_par' dir='ltr' id='par_1_71' title="bbox 1074 657 1898 694">
     <span class='ocr_line' id='line_1_71' title="bbox 1074 657 1898 694; baseline 0.001 -10"><span class='ocrx_word' id='word_1_475' title='bbox 1074 665 1146 690; x_wconf 88' lang='lat' dir='ltr'>rere,</span> <span class='ocrx_word' id='word_1_476' title='bbox 1164 660 1251 692; x_wconf 82' lang='lat' dir='ltr'>atque</span> <span class='ocrx_word' id='word_1_477' title='bbox 1267 657 1306 684; x_wconf 88' lang='lat' dir='ltr'>ibi</span> <span class='ocrx_word' id='word_1_478' title='bbox 1322 658 1445 693; x_wconf 87' lang='lat' dir='ltr'>gloriam</span> <span class='ocrx_word' id='word_1_479' title='bbox 1463 658 1513 685; x_wconf 86' lang='lat' dir='ltr'>Dei</span> <span class='ocrx_word' id='word_1_480' title='bbox 1529 658 1733 694; x_wconf 85' lang='lat' dir='ltr'>contemplari.</span> <span class='ocrx_word' id='word_1_481' title='bbox 1750 657 1868 686; x_wconf 81' lang='lat' dir='ltr'>Scilicet</span> <span class='ocrx_word' id='word_1_482' title='bbox 1882 665 1898 686; x_wconf 91' lang='lat' dir='ltr'>e</span> 
     </span>
    </p>
   </div>
   <div class='ocr_carea' id='block_1_72' title="bbox 1073 701 1898 738">
    <p class='ocr_par' dir='ltr' id='par_1_72' title="bbox 1073 701 1898 738">
     <span class='ocr_line' id='line_1_72' title="bbox 1073 701 1898 738; baseline 0.001 -9"><span class='ocrx_word' id='word_1_483' title='bbox 1073 701 1152 729; x_wconf 89' lang='lat' dir='ltr'>scala</span> <span class='ocrx_word' id='word_1_484' title='bbox 1167 702 1332 737; x_wconf 75' lang='lat' dir='ltr'>pertinente</span> <span class='ocrx_word' id='word_1_485' title='bbox 1348 703 1382 730; x_wconf 88' lang='lat' dir='ltr'>ad</span> <span class='ocrx_word' id='word_1_486' title='bbox 1400 703 1504 730; x_wconf 65' lang='lat' dir='ltr'>coelum</span> <span class='ocrx_word' id='word_1_487' title='bbox 1521 703 1655 736; x_wconf 84' lang='lat' dir='ltr'>excessit,</span> <span class='ocrx_word' id='word_1_488' title='bbox 1673 703 1751 738; x_wconf 83' lang='lat' dir='ltr'>quia,</span> <span class='ocrx_word' id='word_1_489' title='bbox 1768 705 1800 730; x_wconf 92' lang='lat' dir='ltr'>ut</span> <span class='ocrx_word' id='word_1_490' title='bbox 1814 703 1898 731; x_wconf 87' lang='lat' dir='ltr'>Nice-</span> 
     </span>
    </p>
   </div>
   <div class='ocr_carea' id='block_1_73' title="bbox 1073 746 1899 783">
    <p class='ocr_par' dir='ltr' id='par_1_73' title="bbox 1073 746 1899 783">
     <span class='ocr_line' id='line_1_73' title="bbox 1073 746 1899 783; baseline 0.002 -10"><span class='ocrx_word' id='word_1_491' title='bbox 1073 746 1185 782; x_wconf 86' lang='lat' dir='ltr'>phorus</span> <span class='ocrx_word' id='word_1_492' title='bbox 1196 755 1248 782; x_wconf 91' lang='lat' dir='ltr'>per</span> <span class='ocrx_word' id='word_1_493' title='bbox 1257 747 1389 774; x_wconf 87' lang='lat' dir='ltr'>divinum</span> <span class='ocrx_word' id='word_1_494' title='bbox 1401 755 1530 774; x_wconf 86' lang='lat' dir='ltr'>amorem</span> <span class='ocrx_word' id='word_1_495' title='bbox 1543 747 1572 774; x_wconf 94' lang='lat' dir='ltr'>in</span> <span class='ocrx_word' id='word_1_496' title='bbox 1584 747 1714 782; x_wconf 85' lang='lat' dir='ltr'>aquilam</span> <span class='ocrx_word' id='word_1_497' title='bbox 1729 747 1788 775; x_wconf 83' lang='lat' dir='ltr'>alta</span> <span class='ocrx_word' id='word_1_498' title='bbox 1799 749 1899 783; x_wconf 84' lang='lat' dir='ltr'>peten-</span> 
     </span>
    </p>
   </div>
   <div class='ocr_carea' id='block_1_74' title="bbox 1073 791 1898 827">
    <p class='ocr_par' dir='ltr' id='par_1_74' title="bbox 1073 791 1898 827">
     <span class='ocr_line' id='line_1_74' title="bbox 1073 791 1898 827; baseline 0.001 -9"><span class='ocrx_word' id='word_1_499' title='bbox 1073 793 1132 818; x_wconf 89' lang='lat' dir='ltr'>tem</span> <span class='ocrx_word' id='word_1_500' title='bbox 1149 799 1308 819; x_wconf 89' lang='lat' dir='ltr'>conversus</span> <span class='ocrx_word' id='word_1_501' title='bbox 1323 793 1394 824; x_wconf 84' lang='lat' dir='ltr'>erat,</span> <span class='ocrx_word' id='word_1_502' title='bbox 1421 792 1463 819; x_wconf 81' lang='lat' dir='ltr'>sic</span> <span class='ocrx_word' id='word_1_503' title='bbox 1491 791 1554 827; x_wconf 90' lang='lat' dir='ltr'>ipse</span> <span class='ocrx_word' id='word_1_504' title='bbox 1578 791 1766 819; x_wconf 83' lang='lat' dir='ltr'>terrestribus</span> <span class='ocrx_word' id='word_1_505' title='bbox 1781 791 1898 819; x_wconf 87' lang='lat' dir='ltr'>deditus</span> 
     </span>
    </p>
   </div>
   <div class='ocr_carea' id='block_1_75' title="bbox 1073 836 1899 871">
    <p class='ocr_par' dir='ltr' id='par_1_75' title="bbox 1073 836 1899 871">
     <span class='ocr_line' id='line_1_75' title="bbox 1073 836 1899 871; baseline 0.002 -9"><span class='ocrx_word' id='word_1_506' title='bbox 1073 838 1160 871; x_wconf 89' lang='lat' dir='ltr'>atque</span> <span class='ocrx_word' id='word_1_507' title='bbox 1170 837 1387 871; x_wconf 89' lang='lat' dir='ltr'>quodammodo</span> <span class='ocrx_word' id='word_1_508' title='bbox 1397 836 1544 864; x_wconf 88' lang='lat' dir='ltr'>terrestris</span> <span class='ocrx_word' id='word_1_509' title='bbox 1560 836 1595 863; x_wconf 92' lang='lat' dir='ltr'>ad</span> <span class='ocrx_word' id='word_1_510' title='bbox 1613 836 1805 863; x_wconf 79' lang='lat' dir='ltr'>subterranea</span> <span class='ocrx_word' id='word_1_511' title='bbox 1813 842 1899 871; x_wconf 83' lang='lat' dir='ltr'>quasi</span> 
     </span>
    </p>
   </div>
   <div class='ocr_carea' id='block_1_76' title="bbox 1072 880 1898 916">
    <p class='ocr_par' dir='ltr' id='par_1_76' title="bbox 1072 880 1898 916">
     <span class='ocr_line' id='line_1_76' title="bbox 1072 880 1898 916; baseline 0 -8"><span class='ocrx_word' id='word_1_512' title='bbox 1072 881 1108 908; x_wconf 86' lang='lat' dir='ltr'>ad</span> <span class='ocrx_word' id='word_1_513' title='bbox 1123 883 1240 916; x_wconf 79' lang='lat' dir='ltr'>pastum</span> <span class='ocrx_word' id='word_1_514' title='bbox 1257 881 1328 908; x_wconf 89' lang='lat' dir='ltr'>adeo</span> <span class='ocrx_word' id='word_1_515' title='bbox 1356 881 1505 916; x_wconf 82' lang='lat' dir='ltr'>tendebat,</span> <span class='ocrx_word' id='word_1_516' title='bbox 1522 881 1559 909; x_wconf 88' lang='lat' dir='ltr'>iis</span> <span class='ocrx_word' id='word_1_517' title='bbox 1581 882 1697 908; x_wconf 86' lang='lat' dir='ltr'>tantum</span> <span class='ocrx_word' id='word_1_518' title='bbox 1721 880 1898 915; x_wconf 56' lang='lat' dir='ltr'>adhaerebat,</span> 
     </span>
    </p>
   </div>
   <div class='ocr_carea' id='block_1_77' title="bbox 1073 925 1898 961">
    <p class='ocr_par' dir='ltr' id='par_1_77' title="bbox 1073 925 1898 961">
     <span class='ocr_line' id='line_1_77' title="bbox 1073 925 1898 961; baseline 0.001 -9"><span class='ocrx_word' id='word_1_519' title='bbox 1073 927 1105 952; x_wconf 88' lang='lat' dir='ltr'>ut</span> <span class='ocrx_word' id='word_1_520' title='bbox 1120 934 1156 952; x_wconf 88' lang='lat' dir='ltr'>ne</span> <span class='ocrx_word' id='word_1_521' title='bbox 1171 925 1276 952; x_wconf 71' lang='lat' dir='ltr'>cmlum</span> <span class='ocrx_word' id='word_1_522' title='bbox 1293 925 1412 961; x_wconf 88' lang='lat' dir='ltr'>quidem</span> <span class='ocrx_word' id='word_1_523' title='bbox 1429 927 1507 953; x_wconf 86' lang='lat' dir='ltr'>recta</span> <span class='ocrx_word' id='word_1_524' title='bbox 1518 925 1624 953; x_wconf 88' lang='lat' dir='ltr'>intueri</span> <span class='ocrx_word' id='word_1_525' title='bbox 1642 925 1812 953; x_wconf 87' lang='lat' dir='ltr'>sustineret.</span> <span class='ocrx_word' id='word_1_526' title='bbox 1829 927 1898 953; x_wconf 80' lang='lat' dir='ltr'>Car-</span> 
     </span>
    </p>
   </div>
   <div class='ocr_carea' id='block_1_78' title="bbox 1072 969 1898 1006">
    <p class='ocr_par' dir='ltr' id='par_1_78' title="bbox 1072 969 1898 1006">
     <span class='ocr_line' id='line_1_78' title="bbox 1072 969 1898 1006; baseline 0.001 -10"><span class='ocrx_word' id='word_1_527' title='bbox 1072 969 1174 997; x_wconf 79' lang='lat' dir='ltr'>niﬁces</span> <span class='ocrx_word' id='word_1_528' title='bbox 1187 970 1274 998; x_wconf 84' lang='lat' dir='ltr'>etiam</span> <span class='ocrx_word' id='word_1_529' title='bbox 1291 978 1348 997; x_wconf 90' lang='lat' dir='ltr'>non</span> <span class='ocrx_word' id='word_1_530' title='bbox 1364 972 1499 1006; x_wconf 88' lang='lat' dir='ltr'>poterant</span> <span class='ocrx_word' id='word_1_531' title='bbox 1515 978 1572 997; x_wconf 90' lang='lat' dir='ltr'>non</span> <span class='ocrx_word' id='word_1_532' title='bbox 1593 970 1733 997; x_wconf 85' lang='lat' dir='ltr'>admirari</span> <span class='ocrx_word' id='word_1_533' title='bbox 1749 970 1898 1005; x_wconf 89' lang='lat' dir='ltr'>quomodo</span> 
     </span>
    </p>
   </div>
   <div class='ocr_carea' id='block_1_79' title="bbox 1071 1013 1901 1050">
    <p class='ocr_par' dir='ltr' id='par_1_79' title="bbox 1071 1013 1901 1050">
     <span class='ocr_line' id='line_1_79' title="bbox 1071 1013 1901 1050; baseline 0 -9"><span class='ocrx_word' id='word_1_534' title='bbox 1071 1014 1293 1049; x_wconf 86' lang='lat' dir='ltr'>Sapriciusjam</span> <span class='ocrx_word' id='word_1_535' title='bbox 1310 1013 1454 1049; x_wconf 90' lang='lat' dir='ltr'>supplicio</span> <span class='ocrx_word' id='word_1_536' title='bbox 1464 1014 1590 1041; x_wconf 85' lang='lat' dir='ltr'>traditus</span> <span class='ocrx_word' id='word_1_537' title='bbox 1611 1016 1816 1050; x_wconf 87' lang='lat' dir='ltr'>compensaret</span> <span class='ocrx_word' id='word_1_538' title='bbox 1829 1013 1901 1041; x_wconf 87' lang='lat' dir='ltr'>ami-</span> 
     </span>
    </p>
   </div>
   <div class='ocr_carea' id='block_1_80' title="bbox 1071 1058 1898 1095">
    <p class='ocr_par' dir='ltr' id='par_1_80' title="bbox 1071 1058 1898 1095">
     <span class='ocr_line' id='line_1_80' title="bbox 1071 1058 1898 1095; baseline -0.001 -9"><span class='ocrx_word' id='word_1_539' title='bbox 1071 1059 1144 1086; x_wconf 84' lang='lat' dir='ltr'>citias</span> <span class='ocrx_word' id='word_1_540' title='bbox 1161 1059 1294 1095; x_wconf 87' lang='lat' dir='ltr'>pignora,</span> <span class='ocrx_word' id='word_1_541' title='bbox 1312 1067 1370 1086; x_wconf 89' lang='lat' dir='ltr'>non</span> <span class='ocrx_word' id='word_1_542' title='bbox 1388 1058 1480 1094; x_wconf 90' lang='lat' dir='ltr'>probi,</span> <span class='ocrx_word' id='word_1_543' title='bbox 1491 1059 1540 1086; x_wconf 81' lang='lat' dir='ltr'>sed</span> <span class='ocrx_word' id='word_1_544' title='bbox 1558 1058 1686 1094; x_wconf 87' lang='lat' dir='ltr'>pestiferi</span> <span class='ocrx_word' id='word_1_545' title='bbox 1697 1058 1827 1087; x_wconf 86' lang='lat' dir='ltr'>hominis</span> <span class='ocrx_word' id='word_1_546' title='bbox 1837 1058 1898 1085; x_wconf 88' lang='lat' dir='ltr'>ins-</span> 
     </span>
    </p>
   </div>
   <div class='ocr_carea' id='block_1_81' title="bbox 1071 1103 1898 1139">
    <p class='ocr_par' dir='ltr' id='par_1_81' title="bbox 1071 1103 1898 1139">
     <span class='ocr_line' id='line_1_81' title="bbox 1071 1103 1898 1139; baseline 0 -9"><span class='ocrx_word' id='word_1_547' title='bbox 1071 1105 1125 1137; x_wconf 84' lang='lat' dir='ltr'>tar,</span> <span class='ocrx_word' id='word_1_548' title='bbox 1136 1103 1171 1130; x_wconf 88' lang='lat' dir='ltr'>ad</span> <span class='ocrx_word' id='word_1_549' title='bbox 1183 1104 1409 1139; x_wconf 85' lang='lat' dir='ltr'>exemplumque</span> <span class='ocrx_word' id='word_1_550' title='bbox 1421 1103 1600 1137; x_wconf 72' lang='lat' dir='ltr'>daamonum,</span> <span class='ocrx_word' id='word_1_551' title='bbox 1617 1103 1780 1139; x_wconf 82' lang='lat' dir='ltr'>exoptanda</span> <span class='ocrx_word' id='word_1_552' title='bbox 1796 1111 1898 1131; x_wconf 88' lang='lat' dir='ltr'>necem</span> 
     </span>
    </p>
   </div>
   <div class='ocr_carea' id='block_1_82' title="bbox 1070 1147 1899 1183">
    <p class='ocr_par' dir='ltr' id='par_1_82' title="bbox 1070 1147 1899 1183">
     <span class='ocr_line' id='line_1_82' title="bbox 1070 1147 1899 1183; baseline 0.001 -9"><span class='ocrx_word' id='word_1_553' title='bbox 1070 1147 1224 1183; x_wconf 85' lang='lat' dir='ltr'>Nicephori</span> <span class='ocrx_word' id='word_1_554' title='bbox 1249 1148 1299 1183; x_wconf 90' lang='lat' dir='ltr'>qui</span> <span class='ocrx_word' id='word_1_555' title='bbox 1325 1147 1475 1175; x_wconf 82' lang='lat' dir='ltr'>Christum</span> <span class='ocrx_word' id='word_1_556' title='bbox 1497 1147 1648 1183; x_wconf 76' lang='lat' dir='ltr'>diligebat.</span> <span class='ocrx_word' id='word_1_557' title='bbox 1665 1148 1749 1183; x_wconf 70' lang='lat' dir='ltr'>[Egre</span> <span class='ocrx_word' id='word_1_558' title='bbox 1765 1148 1899 1175; x_wconf 87' lang='lat' dir='ltr'>ferebant</span> 
     </span>
    </p>
   </div>
   <div class='ocr_carea' id='block_1_83' title="bbox 1070 1191 1897 1228">
    <p class='ocr_par' dir='ltr' id='par_1_83' title="bbox 1070 1191 1897 1228">
     <span class='ocr_line' id='line_1_83' title="bbox 1070 1191 1897 1228; baseline 0 -9"><span class='ocrx_word' id='word_1_559' title='bbox 1070 1193 1148 1227; x_wconf 91' lang='lat' dir='ltr'>quod</span> <span class='ocrx_word' id='word_1_560' title='bbox 1166 1192 1221 1220; x_wconf 87' lang='lat' dir='ltr'>iste</span> <span class='ocrx_word' id='word_1_561' title='bbox 1238 1192 1282 1219; x_wconf 91' lang='lat' dir='ltr'>vir</span> <span class='ocrx_word' id='word_1_562' title='bbox 1295 1200 1422 1228; x_wconf 78' lang='lat' dir='ltr'>nequam</span> <span class='ocrx_word' id='word_1_563' title='bbox 1440 1191 1603 1220; x_wconf 87' lang='lat' dir='ltr'>maledictis</span> <span class='ocrx_word' id='word_1_564' title='bbox 1629 1192 1721 1219; x_wconf 87' lang='lat' dir='ltr'>amice</span> <span class='ocrx_word' id='word_1_565' title='bbox 1736 1192 1814 1219; x_wconf 87' lang='lat' dir='ltr'>dicta</span> <span class='ocrx_word' id='word_1_566' title='bbox 1830 1200 1897 1228; x_wconf 89' lang='lat' dir='ltr'>pro-</span> 
     </span>
    </p>
   </div>
   <div class='ocr_carea' id='block_1_84' title="bbox 1071 1236 1896 1272">
    <p class='ocr_par' dir='ltr' id='par_1_84' title="bbox 1071 1236 1896 1272">
     <span class='ocr_line' id='line_1_84' title="bbox 1071 1236 1896 1272; baseline 0 -9"><span class='ocrx_word' id='word_1_567' title='bbox 1071 1237 1190 1272; x_wconf 88' lang='lat' dir='ltr'>brisque</span> <span class='ocrx_word' id='word_1_568' title='bbox 1203 1245 1301 1272; x_wconf 82' lang='lat' dir='ltr'>preces</span> <span class='ocrx_word' id='word_1_569' title='bbox 1309 1237 1492 1272; x_wconf 73' lang='lat' dir='ltr'>rependerat,</span> <span class='ocrx_word' id='word_1_570' title='bbox 1502 1237 1650 1272; x_wconf 86' lang='lat' dir='ltr'>quodque,</span> <span class='ocrx_word' id='word_1_571' title='bbox 1659 1245 1727 1263; x_wconf 90' lang='lat' dir='ltr'>cum</span> <span class='ocrx_word' id='word_1_572' title='bbox 1742 1236 1896 1264; x_wconf 89' lang='lat' dir='ltr'>Dominum</span> 
     </span>
    </p>
   </div>
   <div class='ocr_carea' id='block_1_85' title="bbox 1069 1281 1898 1317">
    <p class='ocr_par' dir='ltr' id='par_1_85' title="bbox 1069 1281 1898 1317">
     <span class='ocr_line' id='line_1_85' title="bbox 1069 1281 1898 1317; baseline 0 -9"><span class='ocrx_word' id='word_1_573' title='bbox 1069 1283 1160 1308; x_wconf 90' lang='lat' dir='ltr'>Deum</span> <span class='ocrx_word' id='word_1_574' title='bbox 1176 1290 1276 1309; x_wconf 79' lang='lat' dir='ltr'>amare</span> <span class='ocrx_word' id='word_1_575' title='bbox 1286 1281 1444 1315; x_wconf 80' lang='lat' dir='ltr'>videretur,</span> <span class='ocrx_word' id='word_1_576' title='bbox 1461 1289 1633 1309; x_wconf 90' lang='lat' dir='ltr'>conservum</span> <span class='ocrx_word' id='word_1_577' title='bbox 1650 1283 1803 1317; x_wconf 81' lang='lat' dir='ltr'>tantopere</span> <span class='ocrx_word' id='word_1_578' title='bbox 1819 1281 1898 1309; x_wconf 88' lang='lat' dir='ltr'>odis-</span> 
     </span>
    </p>
   </div>
   <div class='ocr_carea' id='block_1_86' title="bbox 1070 1325 1897 1362">
    <p class='ocr_par' dir='ltr' id='par_1_86' title="bbox 1070 1325 1897 1362">
     <span class='ocr_line' id='line_1_86' title="bbox 1070 1325 1897 1362; baseline 0 -9"><span class='ocrx_word' id='word_1_579' title='bbox 1070 1328 1123 1353; x_wconf 86' lang='lat' dir='ltr'>set.</span> <span class='ocrx_word' id='word_1_580' title='bbox 1142 1326 1200 1353; x_wconf 83' lang='lat' dir='ltr'>Rex</span> <span class='ocrx_word' id='word_1_581' title='bbox 1216 1329 1314 1353; x_wconf 86' lang='lat' dir='ltr'>autem</span> <span class='ocrx_word' id='word_1_582' title='bbox 1338 1326 1413 1359; x_wconf 67' lang='lat' dir='ltr'>coeli,</span> <span class='ocrx_word' id='word_1_583' title='bbox 1428 1326 1478 1361; x_wconf 88' lang='lat' dir='ltr'>qui</span> <span class='ocrx_word' id='word_1_584' title='bbox 1495 1334 1529 1353; x_wconf 82' lang='lat' dir='ltr'>ex</span> <span class='ocrx_word' id='word_1_585' title='bbox 1546 1326 1586 1353; x_wconf 85' lang='lat' dir='ltr'>ira</span> <span class='ocrx_word' id='word_1_586' title='bbox 1601 1326 1644 1353; x_wconf 88' lang='lat' dir='ltr'>sic</span> <span class='ocrx_word' id='word_1_587' title='bbox 1660 1325 1782 1353; x_wconf 81' lang='lat' dir='ltr'>incensa</span> <span class='ocrx_word' id='word_1_588' title='bbox 1797 1326 1897 1362; x_wconf 91' lang='lat' dir='ltr'>ignem</span> 
     </span>
    </p>
   </div>
   <div class='ocr_carea' id='block_1_87' title="bbox 1068 1370 1893 1406">
    <p class='ocr_par' dir='ltr' id='par_1_87' title="bbox 1068 1370 1893 1406">
     <span class='ocr_line' id='line_1_87' title="bbox 1068 1370 1893 1406; baseline 0 -9"><span class='ocrx_word' id='word_1_589' title='bbox 1068 1371 1130 1405; x_wconf 89' lang='lat' dir='ltr'>ipse</span> <span class='ocrx_word' id='word_1_590' title='bbox 1157 1373 1335 1406; x_wconf 81' lang='lat' dir='ltr'>susceperat,</span> <span class='ocrx_word' id='word_1_591' title='bbox 1348 1371 1410 1405; x_wconf 82' lang='lat' dir='ltr'>jam</span> <span class='ocrx_word' id='word_1_592' title='bbox 1429 1380 1445 1398; x_wconf 81' lang='grc' dir='ltr'>ει</span> <span class='ocrx_word' id='word_1_593' title='bbox 1460 1370 1591 1406; x_wconf 83' lang='lat' dir='ltr'>Sapricio</span> <span class='ocrx_word' id='word_1_594' title='bbox 1607 1370 1738 1404; x_wconf 82' lang='lat' dir='ltr'>recessit,</span> <span class='ocrx_word' id='word_1_595' title='bbox 1754 1378 1893 1406; x_wconf 84' lang='lat' dir='ltr'>eumque,</span> 
     </span>
    </p>
   </div>
   <div class='ocr_carea' id='block_1_88' title="bbox 1068 1414 1896 1451">
    <p class='ocr_par' dir='ltr' id='par_1_88' title="bbox 1068 1414 1896 1451">
     <span class='ocr_line' id='line_1_88' title="bbox 1068 1414 1896 1451; baseline 0.001 -10"><span class='ocrx_word' id='word_1_596' title='bbox 1068 1414 1097 1441; x_wconf 91' lang='lat' dir='ltr'>in</span> <span class='ocrx_word' id='word_1_597' title='bbox 1113 1414 1210 1442; x_wconf 92' lang='lat' dir='ltr'>locum</span> <span class='ocrx_word' id='word_1_598' title='bbox 1226 1415 1392 1450; x_wconf 87' lang='lat' dir='ltr'>Nieepbori,</span> <span class='ocrx_word' id='word_1_599' title='bbox 1409 1417 1546 1451; x_wconf 84' lang='lat' dir='ltr'>quatiens</span> <span class='ocrx_word' id='word_1_600' title='bbox 1561 1417 1649 1450; x_wconf 84' lang='lat' dir='ltr'>caput</span> <span class='ocrx_word' id='word_1_601' title='bbox 1659 1414 1896 1451; x_wconf 87' lang='lat' dir='ltr'>repudiavit,quo</span> 
     </span>
    </p>
   </div>
   <div class='ocr_carea' id='block_1_89' title="bbox 1068 1459 1896 1495">
    <p class='ocr_par' dir='ltr' id='par_1_89' title="bbox 1068 1459 1896 1495">
     <span class='ocr_line' id='line_1_89' title="bbox 1068 1459 1896 1495; baseline 0 -9"><span class='ocrx_word' id='word_1_602' title='bbox 1068 1461 1143 1486; x_wconf 90' lang='lat' dir='ltr'>nutu</span> <span class='ocrx_word' id='word_1_603' title='bbox 1158 1460 1209 1495; x_wconf 88' lang='lat' dir='ltr'>qui</span> <span class='ocrx_word' id='word_1_604' title='bbox 1226 1459 1312 1487; x_wconf 85' lang='lat' dir='ltr'>morti</span> <span class='ocrx_word' id='word_1_605' title='bbox 1336 1460 1457 1487; x_wconf 88' lang='lat' dir='ltr'>devotus</span> <span class='ocrx_word' id='word_1_606' title='bbox 1469 1461 1531 1486; x_wconf 86' lang='lat' dir='ltr'>erat</span> <span class='ocrx_word' id='word_1_607' title='bbox 1550 1459 1648 1487; x_wconf 85' lang='lat' dir='ltr'>salvus</span> <span class='ocrx_word' id='word_1_608' title='bbox 1659 1459 1756 1486; x_wconf 85' lang='lat' dir='ltr'>factus</span> <span class='ocrx_word' id='word_1_609' title='bbox 1775 1461 1829 1493; x_wconf 85' lang='lat' dir='ltr'>est,</span> <span class='ocrx_word' id='word_1_610' title='bbox 1844 1459 1896 1495; x_wconf 91' lang='lat' dir='ltr'>qui</span> 
     </span>
    </p>
   </div>
   <div class='ocr_carea' id='block_1_90' title="bbox 1067 1503 1837 1540">
    <p class='ocr_par' dir='ltr' id='par_1_90' title="bbox 1067 1503 1837 1540">
     <span class='ocr_line' id='line_1_90' title="bbox 1067 1503 1837 1540; baseline 0 -9"><span class='ocrx_word' id='word_1_611' title='bbox 1067 1507 1166 1531; x_wconf 88' lang='lat' dir='ltr'>autem</span> <span class='ocrx_word' id='word_1_612' title='bbox 1182 1504 1336 1532; x_wconf 83' lang='lat' dir='ltr'>devoverat</span> <span class='ocrx_word' id='word_1_613' title='bbox 1351 1503 1512 1532; x_wconf 84' lang='lat' dir='ltr'>translatus</span> <span class='ocrx_word' id='word_1_614' title='bbox 1528 1504 1556 1531; x_wconf 92' lang='lat' dir='ltr'>in</span> <span class='ocrx_word' id='word_1_615' title='bbox 1573 1504 1670 1540; x_wconf 87' lang='lat' dir='ltr'>ignem</span> <span class='ocrx_word' id='word_1_616' title='bbox 1683 1505 1837 1531; x_wconf 69' lang='lat' dir='ltr'>aeternum.</span> 
     </span>
    </p>
   </div>
   <div class='ocr_carea' id='block_1_91' title="bbox 1100 1610 1893 1647">
    <p class='ocr_par' dir='ltr' id='par_1_91' title="bbox 1100 1610 1893 1647">
     <span class='ocr_line' id='line_1_91' title="bbox 1100 1610 1893 1647; baseline 0.006 -10"><span class='ocrx_word' id='word_1_617' title='bbox 1100 1611 1144 1637; x_wconf 81' lang='grc'>24.</span> <span class='ocrx_word' id='word_1_618' title='bbox 1164 1611 1283 1647; x_wconf 84' lang='lat' dir='ltr'>Deﬁgite</span> <span class='ocrx_word' id='word_1_619' title='bbox 1297 1610 1398 1646; x_wconf 81' lang='lat' dir='ltr'>igitur,</span> <span class='ocrx_word' id='word_1_620' title='bbox 1424 1611 1539 1646; x_wconf 85' lang='lat' dir='ltr'>fratres,</span> <span class='ocrx_word' id='word_1_621' title='bbox 1554 1613 1652 1639; x_wconf 83' lang='lat' dir='ltr'>vestra</span> <span class='ocrx_word' id='word_1_622' title='bbox 1680 1613 1709 1639; x_wconf 92' lang='lat' dir='ltr'>in</span> <span class='ocrx_word' id='word_1_623' title='bbox 1740 1614 1893 1647; x_wconf 82' lang='lat' dir='ltr'>memoria,</span> 
     </span>
    </p>
   </div>
   <div class='ocr_carea' id='block_1_92' title="bbox 1070 1655 1896 1692">
    <p class='ocr_par' dir='ltr' id='par_1_92' title="bbox 1070 1655 1896 1692">
     <span class='ocr_line' id='line_1_92' title="bbox 1070 1655 1896 1692; baseline 0.005 -10"><span class='ocrx_word' id='word_1_624' title='bbox 1070 1656 1202 1683; x_wconf 78' lang='lat' dir='ltr'>arborem</span> <span class='ocrx_word' id='word_1_625' title='bbox 1242 1656 1330 1683; x_wconf 86' lang='lat' dir='ltr'>istam</span> <span class='ocrx_word' id='word_1_626' title='bbox 1358 1655 1510 1692; x_wconf 86' lang='lat' dir='ltr'>indignam</span> <span class='ocrx_word' id='word_1_627' title='bbox 1534 1656 1637 1683; x_wconf 85' lang='lat' dir='ltr'>merito</span> <span class='ocrx_word' id='word_1_628' title='bbox 1655 1658 1749 1685; x_wconf 90' lang='lat' dir='ltr'>securi</span> <span class='ocrx_word' id='word_1_629' title='bbox 1767 1658 1896 1687; x_wconf 83' lang='lat' dir='ltr'>excisam</span> 
     </span>
    </p>
   </div>
   <div class='ocr_carea' id='block_1_93' title="bbox 1070 1699 1896 1736">
    <p class='ocr_par' dir='ltr' id='par_1_93' title="bbox 1070 1699 1896 1736">
     <span class='ocr_line' id='line_1_93' title="bbox 1070 1699 1896 1736; baseline 0.005 -9"><span class='ocrx_word' id='word_1_630' title='bbox 1070 1699 1162 1727; x_wconf 87' lang='lat' dir='ltr'>fuisse</span> <span class='ocrx_word' id='word_1_631' title='bbox 1178 1701 1212 1727; x_wconf 84' lang='lat' dir='ltr'>ad</span> <span class='ocrx_word' id='word_1_632' title='bbox 1229 1700 1353 1733; x_wconf 83' lang='lat' dir='ltr'>radices,</span> <span class='ocrx_word' id='word_1_633' title='bbox 1365 1700 1492 1736; x_wconf 86' lang='lat' dir='ltr'>jurequs</span> <span class='ocrx_word' id='word_1_634' title='bbox 1513 1701 1672 1736; x_wconf 80' lang='lat' dir='ltr'>sepositam</span> <span class='ocrx_word' id='word_1_635' title='bbox 1694 1710 1728 1729; x_wconf 79' lang='lat' dir='ltr'>ex</span> <span class='ocrx_word' id='word_1_636' title='bbox 1754 1702 1837 1730; x_wconf 90' lang='lat' dir='ltr'>horto</span> <span class='ocrx_word' id='word_1_637' title='bbox 1851 1704 1896 1731; x_wconf 91' lang='lat' dir='ltr'>di-</span> 
     </span>
    </p>
   </div>
   <div class='ocr_carea' id='block_1_94' title="bbox 1070 1744 1895 1783">
    <p class='ocr_par' dir='ltr' id='par_1_94' title="bbox 1070 1744 1895 1783">
     <span class='ocr_line' id='line_1_94' title="bbox 1070 1744 1895 1783; baseline 0.005 -12"><span class='ocrx_word' id='word_1_638' title='bbox 1070 1745 1136 1772; x_wconf 92' lang='lat' dir='ltr'>vino</span> <span class='ocrx_word' id='word_1_639' title='bbox 1149 1744 1178 1771; x_wconf 90' lang='lat' dir='ltr'>in</span> <span class='ocrx_word' id='word_1_640' title='bbox 1195 1745 1293 1780; x_wconf 85' lang='lat' dir='ltr'>ignem</span> <span class='ocrx_word' id='word_1_641' title='bbox 1308 1745 1519 1780; x_wconf 66' lang='lat' dir='ltr'>mternum,qui</span> <span class='ocrx_word' id='word_1_642' title='bbox 1536 1745 1661 1773; x_wconf 68' lang='lat' dir='ltr'>dismoni</span> <span class='ocrx_word' id='word_1_643' title='bbox 1672 1748 1699 1773; x_wconf 87' lang='lat' dir='ltr'>et</span> <span class='ocrx_word' id='word_1_644' title='bbox 1711 1747 1895 1783; x_wconf 83' lang='lat' dir='ltr'>angelisejus</span> 
     </span>
    </p>
   </div>
   <div class='ocr_carea' id='block_1_95' title="bbox 1071 1790 1897 1825">
    <p class='ocr_par' dir='ltr' id='par_1_95' title="bbox 1071 1790 1897 1825">
     <span class='ocr_line' id='line_1_95' title="bbox 1071 1790 1897 1825; baseline 0.005 -9"><span class='ocrx_word' id='word_1_645' title='bbox 1071 1791 1191 1825; x_wconf 85' lang='lat' dir='ltr'>paratus</span> <span class='ocrx_word' id='word_1_646' title='bbox 1219 1792 1273 1817; x_wconf 86' lang='lat' dir='ltr'>est.</span> <span class='ocrx_word' id='word_1_647' title='bbox 1303 1790 1383 1821; x_wconf 89' lang='lat' dir='ltr'>Quod</span> <span class='ocrx_word' id='word_1_648' title='bbox 1419 1798 1484 1816; x_wconf 91' lang='lat' dir='ltr'>cum</span> <span class='ocrx_word' id='word_1_649' title='bbox 1514 1790 1544 1817; x_wconf 90' lang='lat' dir='ltr'>in</span> <span class='ocrx_word' id='word_1_650' title='bbox 1576 1791 1758 1818; x_wconf 89' lang='lat' dir='ltr'>memoribus</span> <span class='ocrx_word' id='word_1_651' title='bbox 1788 1793 1897 1820; x_wconf 87' lang='lat' dir='ltr'>mentis</span> 
     </span>
    </p>
   </div>
   <div class='ocr_carea' id='block_1_96' title="bbox 1070 1834 1898 1872">
    <p class='ocr_par' dir='ltr' id='par_1_96' title="bbox 1070 1834 1898 1872">
     <span class='ocr_line' id='line_1_96' title="bbox 1070 1834 1898 1872; baseline 0.004 -11"><span class='ocrx_word' id='word_1_652' title='bbox 1070 1835 1172 1861; x_wconf 62' lang='lat' dir='ltr'>vestras</span> <span class='ocrx_word' id='word_1_653' title='bbox 1186 1834 1295 1861; x_wconf 86' lang='lat' dir='ltr'>tabulis</span> <span class='ocrx_word' id='word_1_654' title='bbox 1318 1834 1496 1870; x_wconf 85' lang='lat' dir='ltr'>impressum</span> <span class='ocrx_word' id='word_1_655' title='bbox 1523 1834 1588 1869; x_wconf 87' lang='lat' dir='ltr'>erit,</span> <span class='ocrx_word' id='word_1_656' title='bbox 1612 1835 1708 1862; x_wconf 88' lang='lat' dir='ltr'>virum</span> <span class='ocrx_word' id='word_1_657' title='bbox 1731 1837 1898 1872; x_wconf 85' lang='lat' dir='ltr'>acceptabi-</span> 
     </span>
    </p>
   </div>
   <div class='ocr_carea' id='block_1_97' title="bbox 1071 1877 1898 1915">
    <p class='ocr_par' dir='ltr' id='par_1_97' title="bbox 1071 1877 1898 1915">
     <span class='ocr_line' id='line_1_97' title="bbox 1071 1877 1898 1915; baseline 0.005 -10"><span class='ocrx_word' id='word_1_658' title='bbox 1071 1877 1128 1905; x_wconf 92' lang='lat' dir='ltr'>lem</span> <span class='ocrx_word' id='word_1_659' title='bbox 1145 1878 1244 1906; x_wconf 86' lang='lat' dir='ltr'>ducite</span> <span class='ocrx_word' id='word_1_660' title='bbox 1272 1878 1442 1914; x_wconf 86' lang='lat' dir='ltr'>quicunque</span> <span class='ocrx_word' id='word_1_661' title='bbox 1471 1879 1599 1914; x_wconf 86' lang='lat' dir='ltr'>requiret</span> <span class='ocrx_word' id='word_1_662' title='bbox 1628 1880 1802 1915; x_wconf 86' lang='lat' dir='ltr'>orationem,</span> <span class='ocrx_word' id='word_1_663' title='bbox 1827 1890 1898 1909; x_wconf 89' lang='lat' dir='ltr'>con-</span> 
     </span>
    </p>
   </div>
   <div class='ocr_carea' id='block_1_98' title="bbox 1071 1923 1896 1959">
    <p class='ocr_par' dir='ltr' id='par_1_98' title="bbox 1071 1923 1896 1959">
     <span class='ocr_line' id='line_1_98' title="bbox 1071 1923 1896 1959; baseline 0.004 -9"><span class='ocrx_word' id='word_1_664' title='bbox 1071 1923 1210 1956; x_wconf 86' lang='lat' dir='ltr'>cordiam,</span> <span class='ocrx_word' id='word_1_665' title='bbox 1228 1924 1465 1951; x_wconf 88' lang='lat' dir='ltr'>communionem</span> <span class='ocrx_word' id='word_1_666' title='bbox 1482 1924 1594 1959; x_wconf 88' lang='lat' dir='ltr'>absque</span> <span class='ocrx_word' id='word_1_667' title='bbox 1607 1924 1748 1957; x_wconf 88' lang='lat' dir='ltr'>tumultu,</span> <span class='ocrx_word' id='word_1_668' title='bbox 1767 1934 1896 1954; x_wconf 86' lang='lat' dir='ltr'>amorem</span> 
     </span>
    </p>
   </div>
   <div class='ocr_carea' id='block_1_99' title="bbox 1071 1967 1896 2005">
    <p class='ocr_par' dir='ltr' id='par_1_99' title="bbox 1071 1967 1896 2005">
     <span class='ocr_line' id='line_1_99' title="bbox 1071 1967 1896 2005; baseline 0.005 -11"><span class='ocrx_word' id='word_1_669' title='bbox 1071 1968 1148 1994; x_wconf 81' lang='lat' dir='ltr'>unde</span> <span class='ocrx_word' id='word_1_670' title='bbox 1178 1967 1357 2001; x_wconf 87' lang='lat' dir='ltr'>communio,</span> <span class='ocrx_word' id='word_1_671' title='bbox 1383 1976 1561 1996; x_wconf 84' lang='lat' dir='ltr'>consensum</span> <span class='ocrx_word' id='word_1_672' title='bbox 1590 1968 1620 1996; x_wconf 89' lang='lat' dir='ltr'>in</span> <span class='ocrx_word' id='word_1_673' title='bbox 1646 1969 1774 2004; x_wconf 86' lang='lat' dir='ltr'>publicis</span> <span class='ocrx_word' id='word_1_674' title='bbox 1798 1970 1896 2005; x_wconf 86' lang='lat' dir='ltr'>rebus,</span> 
     </span>
    </p>
   </div>
   <div class='ocr_carea' id='block_1_100' title="bbox 1072 2011 1898 2050">
    <p class='ocr_par' dir='ltr' id='par_1_100' title="bbox 1072 2011 1898 2050">
     <span class='ocr_line' id='line_1_100' title="bbox 1072 2011 1898 2050; baseline 0.005 -11"><span class='ocrx_word' id='word_1_675' title='bbox 1072 2011 1254 2044; x_wconf 88' lang='lat' dir='ltr'>charitatem,</span> <span class='ocrx_word' id='word_1_676' title='bbox 1280 2013 1467 2048; x_wconf 88' lang='lat' dir='ltr'>obsequium,</span> <span class='ocrx_word' id='word_1_677' title='bbox 1499 2013 1685 2049; x_wconf 85' lang='lat' dir='ltr'>modestiam,</span> <span class='ocrx_word' id='word_1_678' title='bbox 1716 2014 1898 2050; x_wconf 89' lang='lat' dir='ltr'>comitatem,</span> 
     </span>
    </p>
   </div>
   <div class='ocr_carea' id='block_1_101' title="bbox 1071 2055 1898 2094">
    <p class='ocr_par' dir='ltr' id='par_1_101' title="bbox 1071 2055 1898 2094">
     <span class='ocr_line' id='line_1_101' title="bbox 1071 2055 1898 2094; baseline 0.005 -11"><span class='ocrx_word' id='word_1_679' title='bbox 1071 2055 1249 2084; x_wconf 84' lang='lat' dir='ltr'>hilaritatem</span> <span class='ocrx_word' id='word_1_680' title='bbox 1264 2059 1292 2084; x_wconf 87' lang='lat' dir='ltr'>et</span> <span class='ocrx_word' id='word_1_681' title='bbox 1304 2057 1492 2084; x_wconf 88' lang='lat' dir='ltr'>securitatem</span> <span class='ocrx_word' id='word_1_682' title='bbox 1507 2065 1513 2091; x_wconf 89' lang='lat'>;</span> <span class='ocrx_word' id='word_1_683' title='bbox 1542 2057 1592 2093; x_wconf 87' lang='lat' dir='ltr'>qui</span> <span class='ocrx_word' id='word_1_684' title='bbox 1615 2065 1668 2086; x_wconf 84' lang='lat' dir='ltr'>nec</span> <span class='ocrx_word' id='word_1_685' title='bbox 1684 2058 1898 2094; x_wconf 83' lang='lat' dir='ltr'>dissimulabit,</span> 
     </span>
    </p>
   </div>
   <div class='ocr_carea' id='block_1_102' title="bbox 1072 2100 1897 2138">
    <p class='ocr_par' dir='ltr' id='par_1_102' title="bbox 1072 2100 1897 2138">
     <span class='ocr_line' id='line_1_102' title="bbox 1072 2100 1897 2138; baseline 0.005 -11"><span class='ocrx_word' id='word_1_686' title='bbox 1072 2108 1124 2127; x_wconf 90' lang='lat' dir='ltr'>nec</span> <span class='ocrx_word' id='word_1_687' title='bbox 1138 2100 1330 2128; x_wconf 81' lang='lat' dir='ltr'>insidiabitur</span> <span class='ocrx_word' id='word_1_688' title='bbox 1344 2113 1350 2134; x_wconf 88' lang='lat'><strong>;</strong></span> <span class='ocrx_word' id='word_1_689' title='bbox 1377 2101 1426 2137; x_wconf 93' lang='lat' dir='ltr'>qui</span> <span class='ocrx_word' id='word_1_690' title='bbox 1443 2110 1489 2129; x_wconf 90' lang='lat' dir='ltr'>res</span> <span class='ocrx_word' id='word_1_691' title='bbox 1504 2101 1569 2129; x_wconf 68' lang='lat' dir='ltr'>vita:</span> <span class='ocrx_word' id='word_1_692' title='bbox 1585 2105 1741 2138; x_wconf 90' lang='lat' dir='ltr'>componet</span> <span class='ocrx_word' id='word_1_693' title='bbox 1751 2106 1897 2138; x_wconf 88' lang='lat' dir='ltr'>quantum</span> 
     </span>
    </p>
   </div>
   <div class='ocr_carea' id='block_1_103' title="bbox 1070 2145 1895 2181">
    <p class='ocr_par' dir='ltr' id='par_1_103' title="bbox 1070 2145 1895 2181">
     <span class='ocr_line' id='line_1_103' title="bbox 1070 2145 1895 2181; baseline 0.004 -9"><span class='ocrx_word' id='word_1_694' title='bbox 1070 2145 1188 2181; x_wconf 88' lang='lat' dir='ltr'>poterit;</span> <span class='ocrx_word' id='word_1_695' title='bbox 1205 2145 1399 2179; x_wconf 84' lang='lat' dir='ltr'>opitulabitur</span> <span class='ocrx_word' id='word_1_696' title='bbox 1413 2146 1438 2173; x_wconf 89' lang='lat' dir='ltr'>si</span> <span class='ocrx_word' id='word_1_697' title='bbox 1461 2154 1535 2181; x_wconf 90' lang='lat' dir='ltr'>opus</span> <span class='ocrx_word' id='word_1_698' title='bbox 1560 2147 1626 2179; x_wconf 86' lang='lat' dir='ltr'>erit,</span> <span class='ocrx_word' id='word_1_699' title='bbox 1661 2146 1852 2175; x_wconf 79' lang='lat' dir='ltr'>miserebitur</span> <span class='ocrx_word' id='word_1_700' title='bbox 1866 2150 1895 2175; x_wconf 87' lang='lat' dir='ltr'>et</span> 
     </span>
    </p>
   </div>
   <div class='ocr_carea' id='block_1_104' title="bbox 1071 2189 1897 2226">
    <p class='ocr_par' dir='ltr' id='par_1_104' title="bbox 1071 2189 1897 2226">
     <span class='ocr_line' id='line_1_104' title="bbox 1071 2189 1897 2226; baseline 0.005 -10"><span class='ocrx_word' id='word_1_701' title='bbox 1071 2190 1106 2217; x_wconf 92' lang='lat' dir='ltr'>de</span> <span class='ocrx_word' id='word_1_702' title='bbox 1123 2198 1176 2217; x_wconf 90' lang='lat' dir='ltr'>suo</span> <span class='ocrx_word' id='word_1_703' title='bbox 1189 2189 1273 2217; x_wconf 86' lang='lat' dir='ltr'>dabit</span> <span class='ocrx_word' id='word_1_704' title='bbox 1289 2199 1295 2223; x_wconf 90' lang='lat'><strong>;</strong></span> <span class='ocrx_word' id='word_1_705' title='bbox 1313 2190 1364 2226; x_wconf 87' lang='lat' dir='ltr'>qui</span> <span class='ocrx_word' id='word_1_706' title='bbox 1380 2190 1549 2218; x_wconf 86' lang='lat' dir='ltr'>societatem</span> <span class='ocrx_word' id='word_1_707' title='bbox 1567 2199 1633 2218; x_wconf 88' lang='lat' dir='ltr'>cum</span> <span class='ocrx_word' id='word_1_708' title='bbox 1651 2191 1792 2219; x_wconf 81' lang='lat' dir='ltr'>fratribus</span> <span class='ocrx_word' id='word_1_709' title='bbox 1808 2192 1897 2220; x_wconf 87' lang='lat' dir='ltr'>inibit</span> 
     </span>
    </p>
   </div>
   <div class='ocr_carea' id='block_1_105' title="bbox 1071 2234 1897 2273">
    <p class='ocr_par' dir='ltr' id='par_1_105' title="bbox 1071 2234 1897 2273">
     <span class='ocr_line' id='line_1_105' title="bbox 1071 2234 1897 2273; baseline 0.004 -12"><span class='ocrx_word' id='word_1_710' title='bbox 1071 2234 1236 2270; x_wconf 80' lang='lat' dir='ltr'>paciﬁcam,</span> <span class='ocrx_word' id='word_1_711' title='bbox 1253 2235 1383 2262; x_wconf 83' lang='lat' dir='ltr'>dextram</span> <span class='ocrx_word' id='word_1_712' title='bbox 1415 2236 1543 2271; x_wconf 79' lang='lat' dir='ltr'>porriget</span> <span class='ocrx_word' id='word_1_713' title='bbox 1558 2235 1720 2270; x_wconf 84' lang='lat' dir='ltr'>innoxiam,</span> <span class='ocrx_word' id='word_1_714' title='bbox 1736 2236 1800 2272; x_wconf 88' lang='lat' dir='ltr'>ipso</span> <span class='ocrx_word' id='word_1_715' title='bbox 1818 2236 1897 2273; x_wconf 85' lang='lat' dir='ltr'>capi-</span> 
     </span>
    </p>
   </div>
   <div class='ocr_carea' id='block_1_106' title="bbox 1071 2279 1896 2318">
    <p class='ocr_par' dir='ltr' id='par_1_106' title="bbox 1071 2279 1896 2318">
     <span class='ocr_line' id='line_1_106' title="bbox 1071 2279 1896 2318; baseline 0.005 -12"><span class='ocrx_word' id='word_1_716' title='bbox 1071 2279 1110 2306; x_wconf 86' lang='lat' dir='ltr'>tis</span> <span class='ocrx_word' id='word_1_717' title='bbox 1126 2281 1198 2306; x_wconf 87' lang='lat' dir='ltr'>nutu</span> <span class='ocrx_word' id='word_1_718' title='bbox 1215 2279 1349 2307; x_wconf 89' lang='lat' dir='ltr'>sincerus</span> <span class='ocrx_word' id='word_1_719' title='bbox 1373 2280 1438 2308; x_wconf 89' lang='lat' dir='ltr'>erit.</span> <span class='ocrx_word' id='word_1_720' title='bbox 1462 2280 1515 2312; x_wconf 90' lang='lat' dir='ltr'>Qui</span> <span class='ocrx_word' id='word_1_721' title='bbox 1543 2280 1572 2307; x_wconf 89' lang='lat' dir='ltr'>in</span> <span class='ocrx_word' id='word_1_722' title='bbox 1598 2289 1732 2308; x_wconf 88' lang='lat' dir='ltr'>sermone</span> <span class='ocrx_word' id='word_1_723' title='bbox 1748 2281 1896 2318; x_wconf 85' lang='lat' dir='ltr'>ingenuus</span> 
     </span>
    </p>
   </div>
   <div class='ocr_carea' id='block_1_107' title="bbox 1072 2323 1898 2362">
    <p class='ocr_par' dir='ltr' id='par_1_107' title="bbox 1072 2323 1898 2362">
     <span class='ocr_line' id='line_1_107' title="bbox 1072 2323 1898 2362; baseline 0.004 -11"><span class='ocrx_word' id='word_1_724' title='bbox 1072 2326 1100 2351; x_wconf 87' lang='lat' dir='ltr'>et</span> <span class='ocrx_word' id='word_1_725' title='bbox 1123 2323 1152 2351; x_wconf 91' lang='lat' dir='ltr'>in</span> <span class='ocrx_word' id='word_1_726' title='bbox 1177 2324 1355 2352; x_wconf 87' lang='lat' dir='ltr'>commercio</span> <span class='ocrx_word' id='word_1_727' title='bbox 1384 2324 1515 2352; x_wconf 84' lang='lat' dir='ltr'>urbanus</span> <span class='ocrx_word' id='word_1_728' title='bbox 1542 2325 1702 2358; x_wconf 87' lang='lat' dir='ltr'>videbitur,</span> <span class='ocrx_word' id='word_1_729' title='bbox 1719 2333 1814 2362; x_wconf 86' lang='lat' dir='ltr'>neque</span> <span class='ocrx_word' id='word_1_730' title='bbox 1829 2334 1898 2354; x_wconf 87' lang='lat' dir='ltr'>con-</span> 
     </span>
    </p>
   </div>
   <div class='ocr_carea' id='block_1_108' title="bbox 1069 2368 1898 2405">
    <p class='ocr_par' dir='ltr' id='par_1_108' title="bbox 1069 2368 1898 2405">
     <span class='ocr_line' id='line_1_108' title="bbox 1069 2368 1898 2405; baseline 0.005 -10"><span class='ocrx_word' id='word_1_731' title='bbox 1069 2370 1235 2396; x_wconf 88' lang='lat' dir='ltr'>currentem</span> <span class='ocrx_word' id='word_1_732' title='bbox 1280 2368 1493 2405; x_wconf 83' lang='lat' dir='ltr'>supplantabit,</span> <span class='ocrx_word' id='word_1_733' title='bbox 1537 2377 1633 2405; x_wconf 88' lang='lat' dir='ltr'>neque</span> <span class='ocrx_word' id='word_1_734' title='bbox 1673 2370 1898 2399; x_wconf 82' lang='lat' dir='ltr'>contubernales</span> 
     </span>
    </p>
   </div>
   <div class='ocr_carea' id='block_1_109' title="bbox 1067 2407 1897 2450">
    <p class='ocr_par' dir='ltr' id='par_1_109' title="bbox 1067 2407 1897 2450">
     <span class='ocr_line' id='line_1_109' title="bbox 1067 2407 1897 2450; baseline 0.005 -10"><span class='ocrx_word' id='word_1_735' title='bbox 1067 2407 1195 2448; x_wconf 65' lang='lat' dir='ltr'>vexabit,</span> <span class='ocrx_word' id='word_1_736' title='bbox 1212 2414 1274 2447; x_wconf 90' lang='lat' dir='ltr'>sed,</span> <span class='ocrx_word' id='word_1_737' title='bbox 1291 2416 1323 2440; x_wconf 92' lang='lat' dir='ltr'>ut</span> <span class='ocrx_word' id='word_1_738' title='bbox 1339 2413 1536 2441; x_wconf 86' lang='lat' dir='ltr'>Christianum</span> <span class='ocrx_word' id='word_1_739' title='bbox 1550 2414 1643 2446; x_wconf 87' lang='lat' dir='ltr'>decet,</span> <span class='ocrx_word' id='word_1_740' title='bbox 1659 2414 1689 2442; x_wconf 90' lang='lat' dir='ltr'>in</span> <span class='ocrx_word' id='word_1_741' title='bbox 1706 2414 1897 2450; x_wconf 87' lang='lat' dir='ltr'>colloquendo</span> 
     </span>
    </p>
   </div>
   <div class='ocr_carea' id='block_1_110' title="bbox 1070 2457 1895 2494">
    <p class='ocr_par' dir='ltr' id='par_1_110' title="bbox 1070 2457 1895 2494">
     <span class='ocr_line' id='line_1_110' title="bbox 1070 2457 1895 2494; baseline 0.004 -9"><span class='ocrx_word' id='word_1_742' title='bbox 1070 2457 1228 2490; x_wconf 75' lang='lat' dir='ltr'>affabilem,</span> <span class='ocrx_word' id='word_1_743' title='bbox 1241 2458 1270 2485; x_wconf 89' lang='lat' dir='ltr'>in</span> <span class='ocrx_word' id='word_1_744' title='bbox 1287 2458 1488 2486; x_wconf 83' lang='lat' dir='ltr'>conversando</span> <span class='ocrx_word' id='word_1_745' title='bbox 1504 2458 1669 2494; x_wconf 81' lang='lat' dir='ltr'>simplicem</span> <span class='ocrx_word' id='word_1_746' title='bbox 1687 2467 1717 2486; x_wconf 91' lang='lat' dir='ltr'>se</span> <span class='ocrx_word' id='word_1_747' title='bbox 1728 2460 1895 2494; x_wconf 62' lang='lat' dir='ltr'>praestabit;</span> 
     </span>
    </p>
   </div>
   <div class='ocr_carea' id='block_1_111' title="bbox 1069 2502 1896 2538">
    <p class='ocr_par' dir='ltr' id='par_1_111' title="bbox 1069 2502 1896 2538">
     <span class='ocr_line' id='line_1_111' title="bbox 1069 2502 1896 2538; baseline 0.004 -9"><span class='ocrx_word' id='word_1_748' title='bbox 1069 2502 1117 2538; x_wconf 93' lang='lat' dir='ltr'>qui</span> <span class='ocrx_word' id='word_1_749' title='bbox 1135 2505 1240 2538; x_wconf 58' lang='lat' dir='ltr'>prater</span> <span class='ocrx_word' id='word_1_750' title='bbox 1254 2503 1294 2530; x_wconf 84' lang='lat' dir='ltr'>ita</span> <span class='ocrx_word' id='word_1_751' title='bbox 1309 2502 1353 2530; x_wconf 89' lang='lat' dir='ltr'>vel</span> <span class='ocrx_word' id='word_1_752' title='bbox 1364 2511 1419 2531; x_wconf 79' lang='lat' dir='ltr'>non</span> <span class='ocrx_word' id='word_1_753' title='bbox 1431 2502 1504 2530; x_wconf 86' lang='lat' dir='ltr'>nihil</span> <span class='ocrx_word' id='word_1_754' title='bbox 1521 2503 1649 2538; x_wconf 78' lang='lat' dir='ltr'>adjiciat,</span> <span class='ocrx_word' id='word_1_755' title='bbox 1667 2505 1696 2531; x_wconf 90' lang='lat' dir='ltr'>et</span> <span class='ocrx_word' id='word_1_756' title='bbox 1711 2512 1727 2530; x_wconf 92' lang='lat' dir='ltr'>a</span> <span class='ocrx_word' id='word_1_757' title='bbox 1743 2503 1810 2531; x_wconf 68' lang='lat' dir='ltr'>lassa</span> <span class='ocrx_word' id='word_1_758' title='bbox 1822 2504 1896 2532; x_wconf 82' lang='lat' dir='ltr'>veri-</span> 
     </span>
    </p>
   </div>
   <div class='ocr_carea' id='block_1_112' title="bbox 1067 2547 1897 2584">
    <p class='ocr_par' dir='ltr' id='par_1_112' title="bbox 1067 2547 1897 2584">
     <span class='ocr_line' id='line_1_112' title="bbox 1067 2547 1897 2584; baseline 0.002 -10"><span class='ocrx_word' id='word_1_759' title='bbox 1067 2549 1127 2575; x_wconf 83' lang='lat' dir='ltr'>tate</span> <span class='ocrx_word' id='word_1_760' title='bbox 1142 2555 1266 2583; x_wconf 84' lang='lat' dir='ltr'>prorsus</span> <span class='ocrx_word' id='word_1_761' title='bbox 1287 2547 1476 2581; x_wconf 80' lang='lat' dir='ltr'>abhorrebit;</span> <span class='ocrx_word' id='word_1_762' title='bbox 1508 2547 1558 2584; x_wconf 91' lang='lat' dir='ltr'>qui</span> <span class='ocrx_word' id='word_1_763' title='bbox 1588 2548 1616 2575; x_wconf 90' lang='lat' dir='ltr'>in</span> <span class='ocrx_word' id='word_1_764' title='bbox 1647 2547 1782 2576; x_wconf 88' lang='lat' dir='ltr'>civilibus</span> <span class='ocrx_word' id='word_1_765' title='bbox 1808 2549 1897 2576; x_wconf 88' lang='lat' dir='ltr'>rebus</span> 
     </span>
    </p>
   </div>
   <div class='ocr_carea' id='block_1_113' title="bbox 1068 2591 1896 2628">
    <p class='ocr_par' dir='ltr' id='par_1_113' title="bbox 1068 2591 1896 2628">
     <span class='ocr_line' id='line_1_113' title="bbox 1068 2591 1896 2628; baseline 0.002 -9"><span class='ocrx_word' id='word_1_766' title='bbox 1068 2591 1227 2625; x_wconf 83' lang='lat' dir='ltr'>ofﬁciosus,</span> <span class='ocrx_word' id='word_1_767' title='bbox 1244 2591 1274 2619; x_wconf 88' lang='lat' dir='ltr'>in</span> <span class='ocrx_word' id='word_1_768' title='bbox 1291 2591 1419 2628; x_wconf 89' lang='lat' dir='ltr'>publicis</span> <span class='ocrx_word' id='word_1_769' title='bbox 1432 2591 1588 2628; x_wconf 89' lang='lat' dir='ltr'>innocuus,</span> <span class='ocrx_word' id='word_1_770' title='bbox 1605 2592 1635 2619; x_wconf 89' lang='lat' dir='ltr'>in</span> <span class='ocrx_word' id='word_1_771' title='bbox 1649 2593 1809 2621; x_wconf 83' lang='lat' dir='ltr'>exercenda</span> <span class='ocrx_word' id='word_1_772' title='bbox 1819 2601 1896 2622; x_wconf 84' lang='lat' dir='ltr'>mer-</span> 
     </span>
    </p>
   </div>
   <div class='ocr_carea' id='block_1_114' title="bbox 1068 2635 1898 2673">
    <p class='ocr_par' dir='ltr' id='par_1_114' title="bbox 1068 2635 1898 2673">
     <span class='ocr_line' id='line_1_114' title="bbox 1068 2635 1898 2673; baseline 0.002 -9"><span class='ocrx_word' id='word_1_773' title='bbox 1068 2638 1171 2664; x_wconf 84' lang='lat' dir='ltr'>catura</span> <span class='ocrx_word' id='word_1_774' title='bbox 1197 2636 1311 2664; x_wconf 82' lang='lat' dir='ltr'>fraudis</span> <span class='ocrx_word' id='word_1_775' title='bbox 1335 2635 1502 2664; x_wconf 89' lang='lat' dir='ltr'>invenietur</span> <span class='ocrx_word' id='word_1_776' title='bbox 1523 2644 1652 2672; x_wconf 86' lang='lat' dir='ltr'>expers;</span> <span class='ocrx_word' id='word_1_777' title='bbox 1687 2637 1738 2673; x_wconf 90' lang='lat' dir='ltr'>qui</span> <span class='ocrx_word' id='word_1_778' title='bbox 1767 2637 1898 2666; x_wconf 82' lang='lat' dir='ltr'>fenerata</span> 
     </span>
    </p>
   </div>
   <div class='ocr_carea' id='block_1_115' title="bbox 1067 2680 1896 2717">
    <p class='ocr_par' dir='ltr' id='par_1_115' title="bbox 1067 2680 1896 2717">
     <span class='ocr_line' id='line_1_115' title="bbox 1067 2680 1896 2717; baseline 0.004 -9"><span class='ocrx_word' id='word_1_779' title='bbox 1067 2689 1100 2709; x_wconf 74' lang='lat' dir='ltr'>ex</span> <span class='ocrx_word' id='word_1_780' title='bbox 1119 2681 1245 2717; x_wconf 87' lang='lat' dir='ltr'>pecunia</span> <span class='ocrx_word' id='word_1_781' title='bbox 1259 2681 1425 2709; x_wconf 83' lang='lat' dir='ltr'>mercedem</span> <span class='ocrx_word' id='word_1_782' title='bbox 1448 2680 1493 2709; x_wconf 91' lang='lat' dir='ltr'>vel</span> <span class='ocrx_word' id='word_1_783' title='bbox 1509 2681 1622 2709; x_wconf 87' lang='lat' dir='ltr'>nullam</span> <span class='ocrx_word' id='word_1_784' title='bbox 1637 2681 1682 2709; x_wconf 89' lang='lat' dir='ltr'>vel</span> <span class='ocrx_word' id='word_1_785' title='bbox 1698 2682 1804 2710; x_wconf 85' lang='lat' dir='ltr'>saltem</span> <span class='ocrx_word' id='word_1_786' title='bbox 1821 2683 1896 2712; x_wconf 88' lang='lat' dir='ltr'>bene</span> 
     </span>
    </p>
   </div>
   <div class='ocr_carea' id='block_1_116' title="bbox 1067 2725 1904 2761">
    <p class='ocr_par' dir='ltr' id='par_1_116' title="bbox 1067 2725 1904 2761">
     <span class='ocr_line' id='line_1_116' title="bbox 1067 2725 1904 2761; baseline 0.004 -8"><span class='ocrx_word' id='word_1_787' title='bbox 1067 2726 1214 2754; x_wconf 88' lang='lat' dir='ltr'>modicam</span> <span class='ocrx_word' id='word_1_788' title='bbox 1255 2725 1360 2761; x_wconf 85' lang='lat' dir='ltr'>exiget,</span> <span class='ocrx_word' id='word_1_789' title='bbox 1398 2725 1442 2753; x_wconf 84' lang='lat' dir='ltr'>ita</span> <span class='ocrx_word' id='word_1_790' title='bbox 1487 2727 1521 2753; x_wconf 91' lang='lat' dir='ltr'>ut</span> <span class='ocrx_word' id='word_1_791' title='bbox 1563 2725 1613 2761; x_wconf 89' lang='lat' dir='ltr'>qui</span> <span class='ocrx_word' id='word_1_792' title='bbox 1649 2729 1803 2755; x_wconf 86' lang='lat' dir='ltr'>mutuatus</span> <span class='ocrx_word' id='word_1_793' title='bbox 1841 2727 1904 2756; x_wconf 74' lang='lat' dir='ltr'>erit</span> 
     </span>
    </p>
   </div>
   <div class='ocr_carea' id='block_1_117' title="bbox 1067 2769 1897 2806">
    <p class='ocr_par' dir='ltr' id='par_1_117' title="bbox 1067 2769 1897 2806">
     <span class='ocr_line' id='line_1_117' title="bbox 1067 2769 1897 2806; baseline 0.002 -7"><span class='ocrx_word' id='word_1_794' title='bbox 1067 2771 1124 2799; x_wconf 88' lang='lat' dir='ltr'>sibi</span> <span class='ocrx_word' id='word_1_795' title='bbox 1155 2773 1305 2806; x_wconf 82' lang='lat' dir='ltr'>comparet</span> <span class='ocrx_word' id='word_1_796' title='bbox 1336 2779 1371 2798; x_wconf 88' lang='lat' dir='ltr'>ex</span> <span class='ocrx_word' id='word_1_797' title='bbox 1406 2769 1528 2805; x_wconf 89' lang='lat' dir='ltr'>reliquis</span> <span class='ocrx_word' id='word_1_798' title='bbox 1556 2770 1667 2799; x_wconf 79' lang='lat' dir='ltr'>victum</span> <span class='ocrx_word' id='word_1_799' title='bbox 1696 2770 1813 2800; x_wconf 84' lang='lat' dir='ltr'>facilem</span> <span class='ocrx_word' id='word_1_800' title='bbox 1842 2780 1897 2801; x_wconf 80' lang='lat' dir='ltr'>nec</span> 
     </span>
    </p>
   </div>
   <div class='ocr_carea' id='block_1_118' title="bbox 1067 2813 1898 2851">
    <p class='ocr_par' dir='ltr' id='par_1_118' title="bbox 1067 2813 1898 2851">
     <span class='ocr_line' id='line_1_118' title="bbox 1067 2813 1898 2851; baseline 0.004 -9"><span class='ocrx_word' id='word_1_801' title='bbox 1067 2815 1128 2843; x_wconf 83' lang='lat' dir='ltr'>ﬁlio</span> <span class='ocrx_word' id='word_1_802' title='bbox 1143 2814 1193 2843; x_wconf 88' lang='lat' dir='ltr'>Dei</span> <span class='ocrx_word' id='word_1_803' title='bbox 1220 2815 1404 2843; x_wconf 89' lang='lat' dir='ltr'>indecorum.</span> <span class='ocrx_word' id='word_1_804' title='bbox 1421 2813 1518 2842; x_wconf 92' lang='lat' dir='ltr'>Simili</span> <span class='ocrx_word' id='word_1_805' title='bbox 1533 2814 1621 2843; x_wconf 90' lang='lat' dir='ltr'>modo</span> <span class='ocrx_word' id='word_1_806' title='bbox 1637 2815 1667 2843; x_wconf 85' lang='lat' dir='ltr'>et</span> <span class='ocrx_word' id='word_1_807' title='bbox 1681 2823 1743 2851; x_wconf 90' lang='lat' dir='ltr'>vos,</span> <span class='ocrx_word' id='word_1_808' title='bbox 1760 2818 1794 2845; x_wconf 86' lang='lat' dir='ltr'>ut</span> <span class='ocrx_word' id='word_1_809' title='bbox 1809 2817 1898 2845; x_wconf 83' lang='lat' dir='ltr'>arbo-</span> 
     </span>
    </p>
   </div>
   <div class='ocr_carea' id='block_1_119' title="bbox 1067 2859 1895 2896">
    <p class='ocr_par' dir='ltr' id='par_1_119' title="bbox 1067 2859 1895 2896">
     <span class='ocr_line' id='line_1_119' title="bbox 1067 2859 1895 2896; baseline 0.002 -8"><span class='ocrx_word' id='word_1_810' title='bbox 1067 2867 1113 2888; x_wconf 86' lang='lat' dir='ltr'>res</span> <span class='ocrx_word' id='word_1_811' title='bbox 1129 2859 1191 2895; x_wconf 88' lang='lat' dir='ltr'>Dei,</span> <span class='ocrx_word' id='word_1_812' title='bbox 1215 2859 1338 2889; x_wconf 87' lang='lat' dir='ltr'>crescite</span> <span class='ocrx_word' id='word_1_813' title='bbox 1353 2862 1381 2888; x_wconf 85' lang='lat' dir='ltr'>et</span> <span class='ocrx_word' id='word_1_814' title='bbox 1395 2859 1552 2888; x_wconf 82' lang='lat' dir='ltr'>exuberate</span> <span class='ocrx_word' id='word_1_815' title='bbox 1568 2859 1716 2888; x_wconf 81' lang='lat' dir='ltr'>fructibus</span> <span class='ocrx_word' id='word_1_816' title='bbox 1731 2861 1764 2888; x_wconf 86' lang='lat' dir='ltr'>ut</span> <span class='ocrx_word' id='word_1_817' title='bbox 1780 2861 1895 2896; x_wconf 80' lang='lat' dir='ltr'>multis,</span> 
     </span>
    </p>
   </div>
   <div class='ocr_carea' id='block_1_120' title="bbox 1067 2903 1897 2942">
    <p class='ocr_par' dir='ltr' id='par_1_120' title="bbox 1067 2903 1897 2942">
     <span class='ocr_line' id='line_1_120' title="bbox 1067 2903 1897 2942; baseline 0.001 -9"><span class='ocrx_word' id='word_1_818' title='bbox 1067 2904 1273 2941; x_wconf 87' lang='lat' dir='ltr'>itajucundis,</span> <span class='ocrx_word' id='word_1_819' title='bbox 1294 2905 1494 2940; x_wconf 85' lang='lat' dir='ltr'>suavibusque</span> <span class='ocrx_word' id='word_1_820' title='bbox 1519 2907 1549 2933; x_wconf 90' lang='lat' dir='ltr'>et</span> <span class='ocrx_word' id='word_1_821' title='bbox 1575 2903 1713 2934; x_wconf 78' lang='lat' dir='ltr'>dulcibus</span> <span class='ocrx_word' id='word_1_822' title='bbox 1737 2912 1790 2942; x_wconf 84' lang='lat' dir='ltr'>per</span> <span class='ocrx_word' id='word_1_823' title='bbox 1813 2913 1897 2934; x_wconf 82' lang='lat' dir='ltr'>amo-</span> 
     </span>
    </p>
   </div>
   <div class='ocr_carea' id='block_1_121' title="bbox 1831 3031 2050 3059">
    <p class='ocr_par' dir='ltr' id='par_1_121' title="bbox 1831 3040 2048 3059">
     <span class='ocr_line' id='line_1_121' title="bbox 1831 3040 2048 3059; baseline 0 -5"><span class='ocrx_word' id='word_1_824' title='bbox 1831 3040 1871 3054; x_wconf 51' lang='lat'>}.</span> <span class='ocrx_word' id='word_1_825' title='bbox 1969 3042 2048 3059; x_wconf 44' lang='lat'>(1.3</span> 
     </span>
    </p>
   </div>
   <div class='ocr_carea' id='block_1_122' title="bbox 1873 3122 1888 3142">
    <p class='ocr_par' dir='ltr' id='par_1_122' title="bbox 1881 3122 1888 3130">
     <span class='ocr_line' id='line_1_122' title="bbox 1881 3122 1888 3130; baseline 0 -2"><span class='ocrx_word' id='word_1_826' title='bbox 1881 3122 1888 3130; x_wconf 66' lang='grc' dir='ltr'>δ</span> 
     </span>
    </p>
   </div>
   <div class='ocr_carea' id='block_1_123' title="bbox 1776 3143 1794 3158">
    <p class='ocr_par' dir='ltr' id='par_1_123' title="bbox 1776 3143 1794 3158">
     <span class='ocr_line' id='line_1_123' title="bbox 1776 3143 1794 3158; baseline 0 0"><span class='ocrx_word' id='word_1_827' title='bbox 1776 3143 1794 3158; x_wconf 55' lang='lat'>2&#39;</span> 
     </span>
    </p>
   </div>
  </div>
