  <div class='ocr_page' id='page_1' title='image "/cluster/home/n/w/nwhite01/storage/ocr_20150623/135:no.2/coo.31924054870401/297.png"; bbox 0 0 4130 6356; ppageno 0'>
   <div class='ocr_carea' id='block_1_1' title="bbox 413 460 533 526">
    <p class='ocr_par' dir='ltr' id='par_1_1' title="bbox 413 460 533 526">
     <span class='ocr_line' id='line_1_1' title="bbox 413 460 533 526; baseline -0.017 -1"><span class='ocrx_word' id='word_1_1' title='bbox 413 460 533 526; x_wconf 82' lang='lat'><strong>583</strong></span> 
     </span>
    </p>
   </div>
   <div class='ocr_carea' id='block_1_2' title="bbox 1193 453 3056 525">
    <p class='ocr_par' dir='ltr' id='par_1_2' title="bbox 1193 453 3056 525">
     <span class='ocr_line' id='line_1_2' title="bbox 1193 453 3056 525; baseline 0.003 -5"><span class='ocrx_word' id='word_1_2' title='bbox 1193 455 1620 522; x_wconf 82' lang='lat' dir='ltr'><strong>EUSTATHII</strong></span> <span class='ocrx_word' id='word_1_3' title='bbox 1661 453 2432 520; x_wconf 82' lang='lat' dir='ltr'><strong>THESSALONICENSIS</strong></span> <span class='ocrx_word' id='word_1_4' title='bbox 2474 457 3056 525; x_wconf 65' lang='lat' dir='ltr'><strong>METROPOLITE</strong></span> 
     </span>
    </p>
   </div>
   <div class='ocr_carea' id='block_1_3' title="bbox 3720 473 3846 533">
    <p class='ocr_par' dir='ltr' id='par_1_3' title="bbox 3720 473 3846 533">
     <span class='ocr_line' id='line_1_3' title="bbox 3720 473 3846 533; baseline 0.024 -3"><span class='ocrx_word' id='word_1_5' title='bbox 3720 473 3846 533; x_wconf 64' lang='lat'><strong>584</strong></span> 
     </span>
    </p>
   </div>
   <div class='ocr_carea' id='block_1_4' title="bbox 415 587 2034 680">
    <p class='ocr_par' dir='ltr' id='par_1_4' title="bbox 415 587 2034 663">
     <span class='ocr_line' id='line_1_4' title="bbox 415 587 2034 663; baseline -0.005 -11"><span class='ocrx_word' id='word_1_6' title='bbox 415 612 562 652; x_wconf 90' lang='lat' dir='ltr'><strong>rem.</strong></span> <span class='ocrx_word' id='word_1_7' title='bbox 595 596 778 650; x_wconf 91' lang='lat' dir='ltr'><strong>Amor</strong></span> <span class='ocrx_word' id='word_1_8' title='bbox 810 592 966 649; x_wconf 91' lang='lat' dir='ltr'><strong>enim</strong></span> <span class='ocrx_word' id='word_1_9' title='bbox 1001 609 1180 649; x_wconf 88' lang='lat' dir='ltr'><strong>causa</strong></span> <span class='ocrx_word' id='word_1_10' title='bbox 1207 594 1295 648; x_wconf 90' lang='lat' dir='ltr'><strong>est</strong></span> <span class='ocrx_word' id='word_1_11' title='bbox 1325 607 1430 647; x_wconf 91' lang='lat' dir='ltr'><strong>cur</strong></span> <span class='ocrx_word' id='word_1_12' title='bbox 1459 589 1734 663; x_wconf 87' lang='lat' dir='ltr'><strong>neophyti</strong></span> <span class='ocrx_word' id='word_1_13' title='bbox 1765 605 1798 645; x_wconf 89' lang='lat' dir='ltr'><strong>a</strong></span> <span class='ocrx_word' id='word_1_14' title='bbox 1828 589 1944 645; x_wconf 88' lang='lat' dir='ltr'><strong>Deo</strong></span> <span class='ocrx_word' id='word_1_15' title='bbox 1976 587 2034 643; x_wconf 89' lang='lat' dir='ltr'><strong>di</strong></span> 
     </span>
    </p>
   </div>
   <div class='ocr_carea' id='block_1_5' title="bbox 2152 587 3846 680">
    <p class='ocr_par' dir='ltr' id='par_1_5' title="bbox 2181 592 3846 680">
     <span class='ocr_line' id='line_1_5' title="bbox 2181 592 3846 680; baseline 0.01 -38"><span class='ocrx_word' id='word_1_16' title='bbox 2181 593 2402 680; x_wconf 48' lang='lat' dir='ltr'><strong>vros-:06</strong></span> <span class='ocrx_word' id='word_1_17' title='bbox 2450 592 2605 660; x_wconf 81' lang='grc' dir='ltr'>Θεοῦ,</span> <span class='ocrx_word' id='word_1_18' title='bbox 2660 592 2888 655; x_wconf 75' lang='grc' dir='ltr'><strong>ὁποίους</strong></span> <span class='ocrx_word' id='word_1_19' title='bbox 2939 594 3302 680; x_wconf 79' lang='grc' dir='ltr'>δὰγιώτατος</span> <span class='ocrx_word' id='word_1_20' title='bbox 3349 600 3655 672; x_wconf 79' lang='grc' dir='ltr'>Βαπτιστής</span> <span class='ocrx_word' id='word_1_21' title='bbox 3685 602 3846 680; x_wconf 79' lang='grc' dir='ltr'>φιλεῖ</span> 
     </span>
    </p>
   </div>
   <div class='ocr_carea' id='block_1_6' title="bbox 413 679 2070 754">
    <p class='ocr_par' dir='ltr' id='par_1_6' title="bbox 413 679 2070 754">
     <span class='ocr_line' id='line_1_6' title="bbox 413 679 2070 754; baseline -0.003 -15"><span class='ocrx_word' id='word_1_22' title='bbox 413 685 547 742; x_wconf 84' lang='lat' dir='ltr'><strong>lecti</strong></span> <span class='ocrx_word' id='word_1_23' title='bbox 578 685 765 740; x_wconf 82' lang='lat' dir='ltr'><strong>sancti</strong></span> <span class='ocrx_word' id='word_1_24' title='bbox 798 683 964 754; x_wconf 84' lang='lat' dir='ltr'><strong>ﬁant,</strong></span> <span class='ocrx_word' id='word_1_25' title='bbox 998 688 1054 738; x_wconf 89' lang='lat' dir='ltr'><strong>et</strong></span> <span class='ocrx_word' id='word_1_26' title='bbox 1107 698 1345 738; x_wconf 84' lang='lat' dir='ltr'><strong>sursum</strong></span> <span class='ocrx_word' id='word_1_27' title='bbox 1395 680 1453 736; x_wconf 91' lang='lat' dir='ltr'><strong>in</strong></span> <span class='ocrx_word' id='word_1_28' title='bbox 1485 679 1732 753; x_wconf 83' lang='lat' dir='ltr'><strong>gloriam</strong></span> <span class='ocrx_word' id='word_1_29' title='bbox 1775 679 1905 751; x_wconf 86' lang='lat' dir='ltr'><strong>ejus</strong></span> <span class='ocrx_word' id='word_1_30' title='bbox 1937 695 2070 734; x_wconf 88' lang='lat' dir='ltr'><strong>evo-</strong></span> 
     </span>
    </p>
   </div>
   <div class='ocr_carea' id='block_1_7' title="bbox 2181 677 3482 757">
    <p class='ocr_par' dir='ltr' id='par_1_7' title="bbox 2181 677 3482 757">
     <span class='ocr_line' id='line_1_7' title="bbox 2181 677 3482 757; baseline 0.008 -25"><span class='ocrx_word' id='word_1_31' title='bbox 2181 677 2409 753; x_wconf 81' lang='grc' dir='ltr'>έγγίζειν</span> <span class='ocrx_word' id='word_1_32' title='bbox 2439 683 2517 752; x_wconf 80' lang='grc' dir='ltr'><strong>τῷ</strong></span> <span class='ocrx_word' id='word_1_33' title='bbox 2545 684 2663 753; x_wconf 86' lang='grc' dir='ltr'>Θεῷ</span> <span class='ocrx_word' id='word_1_34' title='bbox 2694 681 2769 744; x_wconf 80' lang='grc' dir='ltr'>εἷς</span> <span class='ocrx_word' id='word_1_35' title='bbox 2801 679 3129 757; x_wconf 82' lang='grc' dir='ltr'><strong>παραδείσου</strong></span> <span class='ocrx_word' id='word_1_36' title='bbox 3161 685 3482 748; x_wconf 80' lang='grc' dir='ltr'>ἀπόλαυσιν.</span> 
     </span>
    </p>
   </div>
   <div class='ocr_carea' id='block_1_8' title="bbox 408 770 3844 853">
    <p class='ocr_par' dir='ltr' id='par_1_8' title="bbox 408 770 3844 853">
     <span class='ocr_line' id='line_1_8' title="bbox 408 770 3844 853; baseline 0.003 -24"><span class='ocrx_word' id='word_1_37' title='bbox 408 774 552 831; x_wconf 90' lang='lat' dir='ltr'><strong>lent.</strong></span> <span class='ocrx_word' id='word_1_38' title='bbox 605 775 772 833; x_wconf 88' lang='lat' dir='ltr'><strong>Nunc</strong></span> <span class='ocrx_word' id='word_1_39' title='bbox 831 779 1026 829; x_wconf 90' lang='lat' dir='ltr'><strong>autem</strong></span> <span class='ocrx_word' id='word_1_40' title='bbox 1085 771 1389 840; x_wconf 84' lang='lat' dir='ltr'><strong>discedite,</strong></span> <span class='ocrx_word' id='word_1_41' title='bbox 1439 772 1566 842; x_wconf 87' lang='lat' dir='ltr'><strong>jam</strong></span> <span class='ocrx_word' id='word_1_42' title='bbox 1623 774 1824 828; x_wconf 82' lang='lat' dir='ltr'><strong>exacto</strong></span> <span class='ocrx_word' id='word_1_43' title='bbox 1881 785 2172 842; x_wconf 85' lang='lat' dir='ltr'><strong>sermone,</strong></span> <span class='ocrx_word' id='word_1_44' title='bbox 2209 770 2414 843; x_wconf 80' lang='lat' dir='ltr'><strong>quales</strong></span> <span class='ocrx_word' id='word_1_45' title='bbox 2463 771 2547 826; x_wconf 85' lang='lat' dir='ltr'><strong>illi</strong></span> <span class='ocrx_word' id='word_1_46' title='bbox 2598 771 2698 829; x_wconf 90' lang='lat' dir='ltr'><strong>Dei</strong></span> <span class='ocrx_word' id='word_1_47' title='bbox 2747 773 2858 829; x_wconf 90' lang='lat' dir='ltr'><strong>viri</strong></span> <span class='ocrx_word' id='word_1_48' title='bbox 2909 791 3057 848; x_wconf 89' lang='lat' dir='ltr'><strong>quos</strong></span> <span class='ocrx_word' id='word_1_49' title='bbox 3096 787 3334 836; x_wconf 81' lang='lat' dir='ltr'><strong>sanctus</strong></span> <span class='ocrx_word' id='word_1_50' title='bbox 3383 781 3652 853; x_wconf 81' lang='lat' dir='ltr'><strong>Baptista</strong></span> <span class='ocrx_word' id='word_1_51' title='bbox 3689 783 3844 840; x_wconf 81' lang='lat' dir='ltr'><strong>solet</strong></span> 
     </span>
    </p>
   </div>
   <div class='ocr_carea' id='block_1_9' title="bbox 412 860 1988 935">
    <p class='ocr_par' dir='ltr' id='par_1_9' title="bbox 412 860 1988 935">
     <span class='ocr_line' id='line_1_9' title="bbox 412 860 1988 935; baseline -0.004 -15"><span class='ocrx_word' id='word_1_52' title='bbox 412 865 694 921; x_wconf 81' lang='lat' dir='ltr'><strong>collocare</strong></span> <span class='ocrx_word' id='word_1_53' title='bbox 718 863 870 935; x_wconf 90' lang='lat' dir='ltr'><strong>apud</strong></span> <span class='ocrx_word' id='word_1_54' title='bbox 903 862 1109 928; x_wconf 91' lang='lat' dir='ltr'><strong>Deum,</strong></span> <span class='ocrx_word' id='word_1_55' title='bbox 1143 865 1208 917; x_wconf 88' lang='lat' dir='ltr'><strong>ut</strong></span> <span class='ocrx_word' id='word_1_56' title='bbox 1238 860 1512 934; x_wconf 80' lang='lat' dir='ltr'><strong>paradiso</strong></span> <span class='ocrx_word' id='word_1_57' title='bbox 1538 861 1666 930; x_wconf 84' lang='lat' dir='ltr'><strong>eius</strong></span> <span class='ocrx_word' id='word_1_58' title='bbox 1696 860 1988 916; x_wconf 83' lang='lat' dir='ltr'><strong>fruantur.</strong></span> 
     </span>
    </p>
   </div>
   <div class='ocr_carea' id='block_1_10' title="bbox 480 948 2060 1023">
    <p class='ocr_par' dir='ltr' id='par_1_10' title="bbox 480 948 2060 1023">
     <span class='ocr_line' id='line_1_10' title="bbox 480 948 2060 1023; baseline -0.003 -15"><span class='ocrx_word' id='word_1_59' title='bbox 480 956 571 1008; x_wconf 81' lang='lat'><strong>25.</strong></span> <span class='ocrx_word' id='word_1_60' title='bbox 606 954 766 1017; x_wconf 89' lang='lat' dir='ltr'><strong>Quod</strong></span> <span class='ocrx_word' id='word_1_61' title='bbox 801 951 850 1007; x_wconf 88' lang='lat' dir='ltr'><strong>si</strong></span> <span class='ocrx_word' id='word_1_62' title='bbox 882 951 1036 1023; x_wconf 79' lang='lat' dir='ltr'><strong>quis,</strong></span> <span class='ocrx_word' id='word_1_63' title='bbox 1072 954 1274 1021; x_wconf 85' lang='lat' dir='ltr'><strong>utpote</strong></span> <span class='ocrx_word' id='word_1_64' title='bbox 1324 949 1506 1005; x_wconf 85' lang='lat' dir='ltr'><strong>futuri</strong></span> <span class='ocrx_word' id='word_1_65' title='bbox 1539 948 1957 1017; x_wconf 89' lang='lat' dir='ltr'><strong>inscius,cavet</strong></span> <span class='ocrx_word' id='word_1_66' title='bbox 1989 964 2060 1004; x_wconf 89' lang='lat' dir='ltr'><strong>ne</strong></span> 
     </span>
    </p>
   </div>
   <div class='ocr_carea' id='block_1_11' title="bbox 411 1038 2060 1114">
    <p class='ocr_par' dir='ltr' id='par_1_11' title="bbox 411 1038 2060 1114">
     <span class='ocr_line' id='line_1_11' title="bbox 411 1038 2060 1114; baseline -0.002 -16"><span class='ocrx_word' id='word_1_67' title='bbox 411 1042 558 1098; x_wconf 90' lang='lat' dir='ltr'><strong>alter</strong></span> <span class='ocrx_word' id='word_1_68' title='bbox 589 1041 886 1114; x_wconf 86' lang='lat' dir='ltr'><strong>Sapricius</strong></span> <span class='ocrx_word' id='word_1_69' title='bbox 904 1039 1013 1096; x_wconf 89' lang='lat' dir='ltr'><strong>sibi</strong></span> <span class='ocrx_word' id='word_1_70' title='bbox 1041 1040 1309 1095; x_wconf 84' lang='lat' dir='ltr'><strong>infensus</strong></span> <span class='ocrx_word' id='word_1_71' title='bbox 1332 1038 1544 1094; x_wconf 82' lang='lat' dir='ltr'><strong>alicubi</strong></span> <span class='ocrx_word' id='word_1_72' title='bbox 1568 1038 2060 1111; x_wconf 82' lang='lat' dir='ltr'><strong>lateat,timelque</strong></span> 
     </span>
    </p>
   </div>
   <div class='ocr_carea' id='block_1_12' title="bbox 412 1127 2057 1203">
    <p class='ocr_par' dir='ltr' id='par_1_12' title="bbox 412 1127 2057 1203">
     <span class='ocr_line' id='line_1_12' title="bbox 412 1127 2057 1203; baseline -0.002 -16"><span class='ocrx_word' id='word_1_73' title='bbox 412 1134 482 1187; x_wconf 91' lang='lat' dir='ltr'><strong>de</strong></span> <span class='ocrx_word' id='word_1_74' title='bbox 514 1147 864 1203; x_wconf 85' lang='lat' dir='ltr'><strong>congressus</strong></span> <span class='ocrx_word' id='word_1_75' title='bbox 898 1147 1032 1185; x_wconf 91' lang='lat' dir='ltr'><strong>cum</strong></span> <span class='ocrx_word' id='word_1_76' title='bbox 1091 1127 1193 1184; x_wconf 93' lang='lat' dir='ltr'><strong>illo</strong></span> <span class='ocrx_word' id='word_1_77' title='bbox 1253 1129 1397 1184; x_wconf 90' lang='lat' dir='ltr'><strong>adeo</strong></span> <span class='ocrx_word' id='word_1_78' title='bbox 1453 1146 1566 1184; x_wconf 89' lang='lat' dir='ltr'><strong>non</strong></span> <span class='ocrx_word' id='word_1_79' title='bbox 1609 1129 1822 1201; x_wconf 88' lang='lat' dir='ltr'><strong>ipsein</strong></span> <span class='ocrx_word' id='word_1_80' title='bbox 1849 1127 2057 1184; x_wconf 74' lang='lat' dir='ltr'><strong>cmlum</strong></span> 
     </span>
    </p>
   </div>
   <div class='ocr_carea' id='block_1_13' title="bbox 407 1217 2057 1290">
    <p class='ocr_par' dir='ltr' id='par_1_13' title="bbox 407 1217 2057 1290">
     <span class='ocr_line' id='line_1_13' title="bbox 407 1217 2057 1290; baseline -0.001 -14"><span class='ocrx_word' id='word_1_81' title='bbox 407 1223 742 1288; x_wconf 89' lang='lat' dir='ltr'><strong>advocetur,</strong></span> <span class='ocrx_word' id='word_1_82' title='bbox 791 1223 857 1274; x_wconf 89' lang='lat' dir='ltr'><strong>ut</strong></span> <span class='ocrx_word' id='word_1_83' title='bbox 888 1224 1094 1275; x_wconf 88' lang='lat' dir='ltr'><strong>contra</strong></span> <span class='ocrx_word' id='word_1_84' title='bbox 1123 1218 1183 1274; x_wconf 91' lang='lat' dir='ltr'><strong>in</strong></span> <span class='ocrx_word' id='word_1_85' title='bbox 1213 1217 1418 1273; x_wconf 78' lang='lat' dir='ltr'><strong>inferis</strong></span> <span class='ocrx_word' id='word_1_86' title='bbox 1451 1217 1595 1290; x_wconf 87' lang='lat' dir='ltr'><strong>pede</strong></span> <span class='ocrx_word' id='word_1_87' title='bbox 1630 1217 1830 1288; x_wconf 89' lang='lat' dir='ltr'><strong>lapsus</strong></span> <span class='ocrx_word' id='word_1_88' title='bbox 1863 1218 2057 1289; x_wconf 89' lang='lat' dir='ltr'><strong>dispe-</strong></span> 
     </span>
    </p>
   </div>
   <div class='ocr_carea' id='block_1_14' title="bbox 405 1307 2054 1380">
    <p class='ocr_par' dir='ltr' id='par_1_14' title="bbox 405 1307 2054 1380">
     <span class='ocr_line' id='line_1_14' title="bbox 405 1307 2054 1380; baseline -0.001 -16"><span class='ocrx_word' id='word_1_89' title='bbox 405 1315 549 1379; x_wconf 87' lang='lat' dir='ltr'><strong>reat,</strong></span> <span class='ocrx_word' id='word_1_90' title='bbox 614 1308 794 1365; x_wconf 89' lang='lat' dir='ltr'><strong>nolite</strong></span> <span class='ocrx_word' id='word_1_91' title='bbox 845 1309 970 1364; x_wconf 86' lang='lat' dir='ltr'><strong>viro</strong></span> <span class='ocrx_word' id='word_1_92' title='bbox 1021 1309 1282 1380; x_wconf 86' lang='lat' dir='ltr'><strong>ineptam</strong></span> <span class='ocrx_word' id='word_1_93' title='bbox 1314 1311 1370 1362; x_wconf 91' lang='lat' dir='ltr'><strong>et</strong></span> <span class='ocrx_word' id='word_1_94' title='bbox 1399 1307 1730 1362; x_wconf 88' lang='lat' dir='ltr'><strong>dementem</strong></span> <span class='ocrx_word' id='word_1_95' title='bbox 1762 1307 2054 1380; x_wconf 86' lang='lat' dir='ltr'><strong>ignaviam</strong></span> 
     </span>
    </p>
   </div>
   <div class='ocr_carea' id='block_1_15' title="bbox 404 1398 2056 1470">
    <p class='ocr_par' dir='ltr' id='par_1_15' title="bbox 404 1398 2056 1470">
     <span class='ocr_line' id='line_1_15' title="bbox 404 1398 2056 1470; baseline -0.002 -15"><span class='ocrx_word' id='word_1_96' title='bbox 404 1399 678 1470; x_wconf 88' lang='lat' dir='ltr'><strong>objicere,</strong></span> <span class='ocrx_word' id='word_1_97' title='bbox 712 1400 812 1455; x_wconf 90' lang='lat' dir='ltr'><strong>sed</strong></span> <span class='ocrx_word' id='word_1_98' title='bbox 845 1403 1047 1454; x_wconf 88' lang='lat' dir='ltr'><strong>contra</strong></span> <span class='ocrx_word' id='word_1_99' title='bbox 1088 1402 1209 1454; x_wconf 90' lang='lat' dir='ltr'><strong>toto</strong></span> <span class='ocrx_word' id='word_1_100' title='bbox 1261 1398 1433 1452; x_wconf 91' lang='lat' dir='ltr'><strong>corde</strong></span> <span class='ocrx_word' id='word_1_101' title='bbox 1464 1402 1623 1452; x_wconf 89' lang='lat' dir='ltr'><strong>orate</strong></span> <span class='ocrx_word' id='word_1_102' title='bbox 1653 1403 1717 1451; x_wconf 89' lang='lat' dir='ltr'><strong>ut</strong></span> <span class='ocrx_word' id='word_1_103' title='bbox 1747 1398 2056 1453; x_wconf 86' lang='lat' dir='ltr'><strong>occumbat</strong></span> 
     </span>
    </p>
   </div>
   <div class='ocr_carea' id='block_1_16' title="bbox 403 1485 2053 1561">
    <p class='ocr_par' dir='ltr' id='par_1_16' title="bbox 403 1485 2053 1561">
     <span class='ocr_line' id='line_1_16' title="bbox 403 1485 2053 1561; baseline -0.003 -16"><span class='ocrx_word' id='word_1_104' title='bbox 403 1489 703 1561; x_wconf 88' lang='lat' dir='ltr'><strong>Sapricius</strong></span> <span class='ocrx_word' id='word_1_105' title='bbox 746 1504 932 1544; x_wconf 92' lang='lat' dir='ltr'><strong>novus</strong></span> <span class='ocrx_word' id='word_1_106' title='bbox 973 1487 1066 1542; x_wconf 89' lang='lat' dir='ltr'><strong>his</strong></span> <span class='ocrx_word' id='word_1_107' title='bbox 1097 1485 1409 1559; x_wconf 86' lang='lat' dir='ltr'><strong>Nicephori</strong></span> <span class='ocrx_word' id='word_1_108' title='bbox 1443 1485 1668 1541; x_wconf 90' lang='lat' dir='ltr'><strong>artibus</strong></span> <span class='ocrx_word' id='word_1_109' title='bbox 1701 1502 1847 1557; x_wconf 90' lang='lat' dir='ltr'><strong>quas</strong></span> <span class='ocrx_word' id='word_1_110' title='bbox 1881 1487 2053 1541; x_wconf 91' lang='lat' dir='ltr'><strong>modo</strong></span> 
     </span>
    </p>
   </div>
   <div class='ocr_carea' id='block_1_17' title="bbox 402 1575 2055 1649">
    <p class='ocr_par' dir='ltr' id='par_1_17' title="bbox 402 1575 2055 1649">
     <span class='ocr_line' id='line_1_17' title="bbox 402 1575 2055 1649; baseline -0.001 -16"><span class='ocrx_word' id='word_1_111' title='bbox 402 1579 666 1649; x_wconf 83' lang='lat' dir='ltr'><strong>exposui.</strong></span> <span class='ocrx_word' id='word_1_112' title='bbox 701 1578 761 1632; x_wconf 91' lang='lat' dir='ltr'><strong>Si</strong></span> <span class='ocrx_word' id='word_1_113' title='bbox 795 1577 931 1632; x_wconf 88' lang='lat' dir='ltr'><strong>inde</strong></span> <span class='ocrx_word' id='word_1_114' title='bbox 962 1577 1253 1646; x_wconf 78' lang='lat' dir='ltr'><strong>contingit</strong></span> <span class='ocrx_word' id='word_1_115' title='bbox 1285 1581 1372 1645; x_wconf 91' lang='lat' dir='ltr'><strong>ut,</strong></span> <span class='ocrx_word' id='word_1_116' title='bbox 1430 1592 1498 1630; x_wconf 78' lang='lat' dir='ltr'><strong>ex</strong></span> <span class='ocrx_word' id='word_1_117' title='bbox 1556 1575 1829 1630; x_wconf 89' lang='lat' dir='ltr'><strong>universa</strong></span> <span class='ocrx_word' id='word_1_118' title='bbox 1885 1576 2055 1631; x_wconf 88' lang='lat' dir='ltr'><strong>bene-</strong></span> 
     </span>
    </p>
   </div>
   <div class='ocr_carea' id='block_1_18' title="bbox 401 1665 2054 1737">
    <p class='ocr_par' dir='ltr' id='par_1_18' title="bbox 401 1665 2054 1737">
     <span class='ocr_line' id='line_1_18' title="bbox 401 1665 2054 1737; baseline 0 -16"><span class='ocrx_word' id='word_1_119' title='bbox 401 1668 656 1723; x_wconf 88' lang='lat' dir='ltr'><strong>dictione</strong></span> <span class='ocrx_word' id='word_1_120' title='bbox 688 1683 816 1737; x_wconf 68' lang='lat' dir='ltr'><strong>quae</strong></span> <span class='ocrx_word' id='word_1_121' title='bbox 864 1671 996 1737; x_wconf 88' lang='lat' dir='ltr'><strong>post</strong></span> <span class='ocrx_word' id='word_1_122' title='bbox 1043 1666 1333 1721; x_wconf 84' lang='lat' dir='ltr'><strong>Adamum</strong></span> <span class='ocrx_word' id='word_1_123' title='bbox 1367 1668 1623 1720; x_wconf 88' lang='lat' dir='ltr'><strong>creatum</strong></span> <span class='ocrx_word' id='word_1_124' title='bbox 1673 1665 2054 1736; x_wconf 86' lang='lat' dir='ltr'><strong>pronuntiata</strong></span> 
     </span>
    </p>
   </div>
   <div class='ocr_carea' id='block_1_19' title="bbox 399 1753 2052 1828">
    <p class='ocr_par' dir='ltr' id='par_1_19' title="bbox 399 1753 2052 1828">
     <span class='ocr_line' id='line_1_19' title="bbox 399 1753 2052 1828; baseline -0.001 -16"><span class='ocrx_word' id='word_1_125' title='bbox 399 1761 511 1826; x_wconf 89' lang='lat' dir='ltr'><strong>est,</strong></span> <span class='ocrx_word' id='word_1_126' title='bbox 544 1761 602 1811; x_wconf 88' lang='lat' dir='ltr'><strong>et</strong></span> <span class='ocrx_word' id='word_1_127' title='bbox 634 1756 945 1828; x_wconf 81' lang='lat' dir='ltr'><strong>paradisus</strong></span> <span class='ocrx_word' id='word_1_128' title='bbox 987 1753 1193 1809; x_wconf 91' lang='lat' dir='ltr'><strong>incolis</strong></span> <span class='ocrx_word' id='word_1_129' title='bbox 1221 1754 1627 1824; x_wconf 82' lang='lat' dir='ltr'><strong>frequentetur</strong></span> <span class='ocrx_word' id='word_1_130' title='bbox 1661 1755 1759 1825; x_wconf 91' lang='grc'>(1),</span> <span class='ocrx_word' id='word_1_131' title='bbox 1793 1759 1851 1808; x_wconf 90' lang='lat' dir='ltr'><strong>et</strong></span> <span class='ocrx_word' id='word_1_132' title='bbox 1880 1754 2052 1810; x_wconf 88' lang='lat' dir='ltr'><strong>arbo-</strong></span> 
     </span>
    </p>
   </div>
   <div class='ocr_carea' id='block_1_20' title="bbox 400 1844 2048 1910">
    <p class='ocr_par' dir='ltr' id='par_1_20' title="bbox 400 1844 2048 1910">
     <span class='ocr_line' id='line_1_20' title="bbox 400 1844 2048 1910; baseline -0.002 -9"><span class='ocrx_word' id='word_1_133' title='bbox 400 1847 568 1901; x_wconf 83' lang='lat' dir='ltr'><strong>ribus</strong></span> <span class='ocrx_word' id='word_1_134' title='bbox 599 1846 814 1900; x_wconf 88' lang='lat' dir='ltr'><strong>divinis</strong></span> <span class='ocrx_word' id='word_1_135' title='bbox 847 1849 1114 1900; x_wconf 86' lang='lat' dir='ltr'><strong>crescant</strong></span> <span class='ocrx_word' id='word_1_136' title='bbox 1144 1860 1278 1898; x_wconf 92' lang='lat' dir='ltr'><strong>cum</strong></span> <span class='ocrx_word' id='word_1_137' title='bbox 1315 1844 1549 1900; x_wconf 82' lang='lat' dir='ltr'><strong>frondes</strong></span> <span class='ocrx_word' id='word_1_138' title='bbox 1581 1848 1902 1910; x_wconf 84' lang='lat' dir='ltr'><strong>comantes,</strong></span> <span class='ocrx_word' id='word_1_139' title='bbox 1923 1849 2048 1899; x_wconf 89' lang='lat' dir='ltr'><strong>tum</strong></span> 
     </span>
    </p>
   </div>
   <div class='ocr_carea' id='block_1_21' title="bbox 399 1933 2049 2004">
    <p class='ocr_par' dir='ltr' id='par_1_21' title="bbox 399 1933 2049 2004">
     <span class='ocr_line' id='line_1_21' title="bbox 399 1933 2049 2004; baseline -0.001 -14"><span class='ocrx_word' id='word_1_140' title='bbox 399 1936 626 1991; x_wconf 80' lang='lat' dir='ltr'><strong>fructus</strong></span> <span class='ocrx_word' id='word_1_141' title='bbox 654 1933 766 1989; x_wconf 92' lang='lat' dir='ltr'><strong>Deo</strong></span> <span class='ocrx_word' id='word_1_142' title='bbox 791 1935 1064 2004; x_wconf 88' lang='lat' dir='ltr'><strong>jucundi,</strong></span> <span class='ocrx_word' id='word_1_143' title='bbox 1095 1933 1295 1987; x_wconf 87' lang='lat' dir='ltr'><strong>omnia</strong></span> <span class='ocrx_word' id='word_1_144' title='bbox 1321 1949 1499 2003; x_wconf 87' lang='lat' dir='ltr'><strong>penes</strong></span> <span class='ocrx_word' id='word_1_145' title='bbox 1531 1949 1638 1988; x_wconf 90' lang='lat' dir='ltr'><strong>nos</strong></span> <span class='ocrx_word' id='word_1_146' title='bbox 1668 1936 1842 1988; x_wconf 87' lang='lat' dir='ltr'><strong>erunt</strong></span> <span class='ocrx_word' id='word_1_147' title='bbox 1873 1939 2049 2002; x_wconf 88' lang='lat' dir='ltr'><strong>bona,</strong></span> 
     </span>
    </p>
   </div>
   <div class='ocr_carea' id='block_1_22' title="bbox 398 2021 2046 2096">
    <p class='ocr_par' dir='ltr' id='par_1_22' title="bbox 398 2021 2046 2096">
     <span class='ocr_line' id='line_1_22' title="bbox 398 2021 2046 2096; baseline -0.002 -17"><span class='ocrx_word' id='word_1_148' title='bbox 398 2039 692 2096; x_wconf 81' lang='lat' dir='ltr'><strong>superque</strong></span> <span class='ocrx_word' id='word_1_149' title='bbox 749 2023 986 2078; x_wconf 78' lang='lat' dir='ltr'><strong>accedet</strong></span> <span class='ocrx_word' id='word_1_150' title='bbox 1034 2021 1322 2076; x_wconf 85' lang='lat' dir='ltr'><strong>auxilium</strong></span> <span class='ocrx_word' id='word_1_151' title='bbox 1381 2021 1480 2076; x_wconf 89' lang='lat' dir='ltr'><strong>Dei</strong></span> <span class='ocrx_word' id='word_1_152' title='bbox 1525 2021 1628 2092; x_wconf 89' lang='lat' dir='ltr'><strong>qui</strong></span> <span class='ocrx_word' id='word_1_153' title='bbox 1677 2024 1954 2077; x_wconf 89' lang='lat' dir='ltr'><strong>continuo</strong></span> <span class='ocrx_word' id='word_1_154' title='bbox 1987 2023 2046 2076; x_wconf 89' lang='lat' dir='ltr'><strong>in</strong></span> 
     </span>
    </p>
   </div>
   <div class='ocr_carea' id='block_1_23' title="bbox 2239 945 3838 1033">
    <p class='ocr_par' dir='ltr' id='par_1_23' title="bbox 2239 945 3838 1033">
     <span class='ocr_line' id='line_1_23' title="bbox 2239 945 3838 1033; baseline 0.01 -32"><span class='ocrx_word' id='word_1_155' title='bbox 2239 949 2336 1006; x_wconf 90' lang='grc' dir='ltr'>κε’.</span> <span class='ocrx_word' id='word_1_156' title='bbox 2369 947 2441 1005; x_wconf 81' lang='lat' dir='ltr'><strong>Ei&#39;</strong></span> <span class='ocrx_word' id='word_1_157' title='bbox 2464 945 2522 1004; x_wconf 82' lang='grc' dir='ltr'><strong>δέ</strong></span> <span class='ocrx_word' id='word_1_158' title='bbox 2566 969 2652 1012; x_wconf 91' lang='grc' dir='ltr'><strong>τις</strong></span> <span class='ocrx_word' id='word_1_159' title='bbox 2699 950 2988 1028; x_wconf 78' lang='grc' dir='ltr'>ἄνθρωπος</span> <span class='ocrx_word' id='word_1_160' title='bbox 3032 949 3107 1009; x_wconf 81' lang='grc' dir='ltr'>ὢν</span> <span class='ocrx_word' id='word_1_161' title='bbox 3167 954 3509 1033; x_wconf 81' lang='grc' dir='ltr'>ἆπροόρατος</span> <span class='ocrx_word' id='word_1_162' title='bbox 3547 963 3646 1014; x_wconf 73' lang='grc' dir='ltr'>τοῦ</span> <span class='ocrx_word' id='word_1_163' title='bbox 3696 959 3838 1033; x_wconf 70' lang='grc' dir='ltr'>μέλ-</span> 
     </span>
    </p>
   </div>
   <div class='ocr_carea' id='block_1_24' title="bbox 2170 1033 3838 1120">
    <p class='ocr_par' dir='ltr' id='par_1_24' title="bbox 2170 1033 3838 1120">
     <span class='ocr_line' id='line_1_24' title="bbox 2170 1033 3838 1120; baseline 0.009 -30"><span class='ocrx_word' id='word_1_164' title='bbox 2170 1034 2362 1100; x_wconf 91' lang='grc' dir='ltr'>λοντος</span> <span class='ocrx_word' id='word_1_165' title='bbox 2412 1033 2747 1108; x_wconf 75' lang='grc' dir='ltr'>εὐλαϐεῖται,</span> <span class='ocrx_word' id='word_1_166' title='bbox 2811 1043 2886 1114; x_wconf 79' lang='grc' dir='ltr'>μή</span> <span class='ocrx_word' id='word_1_167' title='bbox 2948 1063 3054 1097; x_wconf 90' lang='grc' dir='ltr'><strong>που</strong></span> <span class='ocrx_word' id='word_1_168' title='bbox 3108 1044 3412 1120; x_wconf 84' lang='grc' dir='ltr'>Σάπρίκιόν</span> <span class='ocrx_word' id='word_1_169' title='bbox 3438 1068 3558 1102; x_wconf 89' lang='grc' dir='ltr'>τινα</span> <span class='ocrx_word' id='word_1_170' title='bbox 3589 1048 3838 1114; x_wconf 83' lang='grc' dir='ltr'>ὑποκαθ-</span> 
     </span>
    </p>
   </div>
   <div class='ocr_carea' id='block_1_25' title="bbox 2167 1125 3834 1216">
    <p class='ocr_par' dir='ltr' id='par_1_25' title="bbox 2167 1125 3834 1216">
     <span class='ocr_line' id='line_1_25' title="bbox 2167 1125 3834 1216; baseline 0.009 -36"><span class='ocrx_word' id='word_1_171' title='bbox 2167 1127 2370 1216; x_wconf 68' lang='grc' dir='ltr'>ήμενον</span> <span class='ocrx_word' id='word_1_172' title='bbox 2404 1125 2529 1216; x_wconf 15' lang='grc' dir='ltr'><strong>Ϋέχῃ</strong></span> <span class='ocrx_word' id='word_1_173' title='bbox 2576 1127 2797 1205; x_wconf 73' lang='grc' dir='ltr'>έχθρὸν,</span> <span class='ocrx_word' id='word_1_174' title='bbox 2857 1131 2948 1185; x_wconf 84' lang='grc' dir='ltr'><strong>καὶ</strong></span> <span class='ocrx_word' id='word_1_175' title='bbox 3007 1129 3171 1204; x_wconf 86' lang='grc' dir='ltr'>δέδιε,</span> <span class='ocrx_word' id='word_1_176' title='bbox 3235 1136 3311 1207; x_wconf 82' lang='grc' dir='ltr'>μή</span> <span class='ocrx_word' id='word_1_177' title='bbox 3365 1136 3456 1192; x_wconf 86' lang='grc' dir='ltr'><strong>καὶ</strong></span> <span class='ocrx_word' id='word_1_178' title='bbox 3511 1139 3834 1216; x_wconf 80' lang='grc' dir='ltr'>περιτυχὼν</span> 
     </span>
    </p>
   </div>
   <div class='ocr_carea' id='block_1_26' title="bbox 2166 1213 3836 1300">
    <p class='ocr_par' dir='ltr' id='par_1_26' title="bbox 2166 1213 3836 1300">
     <span class='ocr_line' id='line_1_26' title="bbox 2166 1213 3836 1300; baseline 0.01 -32"><span class='ocrx_word' id='word_1_179' title='bbox 2166 1213 2312 1288; x_wconf 84' lang='grc' dir='ltr'><strong>αὐτῷ</strong></span> <span class='ocrx_word' id='word_1_180' title='bbox 2361 1215 2422 1270; x_wconf 82' lang='grc' dir='ltr'><strong>ού</strong></span> <span class='ocrx_word' id='word_1_181' title='bbox 2473 1217 2611 1293; x_wconf 87' lang='grc' dir='ltr'>πρὸς</span> <span class='ocrx_word' id='word_1_182' title='bbox 2668 1219 2797 1274; x_wconf 84' lang='grc' dir='ltr'>Θεὸν</span> <span class='ocrx_word' id='word_1_183' title='bbox 2848 1218 3359 1300; x_wconf 79' lang='grc' dir='ltr'>ἀναπεμφθήσεται,</span> <span class='ocrx_word' id='word_1_184' title='bbox 3412 1225 3538 1282; x_wconf 83' lang='grc' dir='ltr'>ἀλλ’</span> <span class='ocrx_word' id='word_1_185' title='bbox 3568 1213 3646 1291; x_wconf 68' lang='grc' dir='ltr'>εἷς</span> <span class='ocrx_word' id='word_1_186' title='bbox 3697 1213 3836 1300; x_wconf 52' lang='grc' dir='ltr'>ᾅδου</span> 
     </span>
    </p>
   </div>
   <div class='ocr_carea' id='block_1_27' title="bbox 2163 1303 3834 1390">
    <p class='ocr_par' dir='ltr' id='par_1_27' title="bbox 2163 1303 3834 1390">
     <span class='ocr_line' id='line_1_27' title="bbox 2163 1303 3834 1390; baseline 0.011 -32"><span class='ocrx_word' id='word_1_187' title='bbox 2163 1303 2566 1377; x_wconf 74' lang='grc' dir='ltr'>κατολισθήσας</span> <span class='ocrx_word' id='word_1_188' title='bbox 2614 1305 2902 1381; x_wconf 77' lang='grc' dir='ltr'>ἐξολεῖται,</span> <span class='ocrx_word' id='word_1_189' title='bbox 2954 1307 3112 1389; x_wconf 80' lang='grc' dir='ltr'>ἄφετε</span> <span class='ocrx_word' id='word_1_190' title='bbox 3167 1311 3470 1390; x_wconf 77' lang='grc' dir='ltr'>μέμφεσθαι</span> <span class='ocrx_word' id='word_1_191' title='bbox 3513 1318 3608 1373; x_wconf 86' lang='grc' dir='ltr'><strong>τὸν</strong></span> <span class='ocrx_word' id='word_1_192' title='bbox 3638 1321 3834 1376; x_wconf 77' lang='grc' dir='ltr'>τοιοῦ-</span> 
     </span>
    </p>
   </div>
   <div class='ocr_carea' id='block_1_28' title="bbox 2161 1392 3827 1476">
    <p class='ocr_par' dir='ltr' id='par_1_28' title="bbox 2161 1392 3827 1476">
     <span class='ocr_line' id='line_1_28' title="bbox 2161 1392 3827 1476; baseline 0.011 -29"><span class='ocrx_word' id='word_1_193' title='bbox 2161 1414 2252 1448; x_wconf 87' lang='grc' dir='ltr'><strong>τον</strong></span> <span class='ocrx_word' id='word_1_194' title='bbox 2313 1392 2599 1470; x_wconf 81' lang='grc' dir='ltr'>ἄνθρωπον</span> <span class='ocrx_word' id='word_1_195' title='bbox 2651 1404 2752 1468; x_wconf 82' lang='grc' dir='ltr'><strong>τῆς</strong></span> <span class='ocrx_word' id='word_1_196' title='bbox 2811 1397 3042 1476; x_wconf 82' lang='grc' dir='ltr'>ἐκλόγου</span> <span class='ocrx_word' id='word_1_197' title='bbox 3103 1403 3194 1457; x_wconf 82' lang='grc' dir='ltr'><strong>καὶ</strong></span> <span class='ocrx_word' id='word_1_198' title='bbox 3252 1403 3508 1461; x_wconf 73' lang='grc' dir='ltr'><strong>ἀσυνέτου</strong></span> <span class='ocrx_word' id='word_1_199' title='bbox 3567 1403 3774 1472; x_wconf 80' lang='grc' dir='ltr'>δειλίας</span> <span class='ocrx_word' id='word_1_200' title='bbox 3812 1429 3827 1444; x_wconf 89' lang='grc'><strong>·</strong></span> 
     </span>
    </p>
   </div>
   <div class='ocr_carea' id='block_1_29' title="bbox 2164 1479 3833 1570">
    <p class='ocr_par' dir='ltr' id='par_1_29' title="bbox 2164 1479 3833 1570">
     <span class='ocr_line' id='line_1_29' title="bbox 2164 1479 3833 1570; baseline 0.011 -34"><span class='ocrx_word' id='word_1_201' title='bbox 2164 1479 2388 1570; x_wconf 70' lang='grc' dir='ltr'>εὔχεσθε</span> <span class='ocrx_word' id='word_1_202' title='bbox 2417 1482 2474 1539; x_wconf 77' lang='grc' dir='ltr'>δὲ</span> <span class='ocrx_word' id='word_1_203' title='bbox 2506 1484 2804 1563; x_wconf 79' lang='grc' dir='ltr'>ὁλοψύχως</span> <span class='ocrx_word' id='word_1_204' title='bbox 2853 1487 3132 1562; x_wconf 68' lang='grc' dir='ltr'>ἐξολέσθαι</span> <span class='ocrx_word' id='word_1_205' title='bbox 3181 1494 3347 1548; x_wconf 74' lang='grc' dir='ltr'>πάλιν</span> <span class='ocrx_word' id='word_1_206' title='bbox 3392 1495 3487 1551; x_wconf 86' lang='grc' dir='ltr'><strong>τὸν</strong></span> <span class='ocrx_word' id='word_1_207' title='bbox 3527 1497 3833 1570; x_wconf 84' lang='grc' dir='ltr'>Σαπρίκιον</span> 
     </span>
    </p>
   </div>
   <div class='ocr_carea' id='block_1_30' title="bbox 2163 1569 3831 1663">
    <p class='ocr_par' dir='ltr' id='par_1_30' title="bbox 2163 1569 3831 1663">
     <span class='ocr_line' id='line_1_30' title="bbox 2163 1569 3831 1663; baseline 0.012 -38"><span class='ocrx_word' id='word_1_208' title='bbox 2163 1569 2252 1663; x_wconf 79' lang='grc' dir='ltr'>διὰ</span> <span class='ocrx_word' id='word_1_209' title='bbox 2304 1580 2405 1643; x_wconf 81' lang='grc' dir='ltr'><strong>τῆς</strong></span> <span class='ocrx_word' id='word_1_210' title='bbox 2462 1576 2778 1654; x_wconf 80' lang='grc' dir='ltr'>Νικηφόρου</span> <span class='ocrx_word' id='word_1_211' title='bbox 2840 1575 3096 1652; x_wconf 83' lang='grc' dir='ltr'><strong>μεθόδου,</strong></span> <span class='ocrx_word' id='word_1_212' title='bbox 3153 1583 3216 1651; x_wconf 81' lang='grc' dir='ltr'>ἣν</span> <span class='ocrx_word' id='word_1_213' title='bbox 3275 1583 3327 1638; x_wconf 82' lang='grc' dir='ltr'>ἐν</span> <span class='ocrx_word' id='word_1_214' title='bbox 3385 1591 3505 1648; x_wconf 80' lang='grc' dir='ltr'>τοῖς</span> <span class='ocrx_word' id='word_1_215' title='bbox 3561 1569 3831 1663; x_wconf 78' lang='grc' dir='ltr'>παροῦσιν</span> 
     </span>
    </p>
   </div>
   <div class='ocr_carea' id='block_1_31' title="bbox 2160 1660 3826 1756">
    <p class='ocr_par' dir='ltr' id='par_1_31' title="bbox 2160 1660 3826 1756">
     <span class='ocr_line' id='line_1_31' title="bbox 2160 1660 3826 1756; baseline 0.012 -41"><span class='ocrx_word' id='word_1_216' title='bbox 2160 1660 2460 1756; x_wconf 68' lang='grc' dir='ltr'>έξεθέμεθα.</span> <span class='ocrx_word' id='word_1_217' title='bbox 2495 1664 2654 1721; x_wconf 80' lang='grc' dir='ltr'>Οὕτω</span> <span class='ocrx_word' id='word_1_218' title='bbox 2682 1666 2783 1742; x_wconf 78' lang='grc' dir='ltr'>γὰρ</span> <span class='ocrx_word' id='word_1_219' title='bbox 2841 1668 2933 1742; x_wconf 83' lang='grc' dir='ltr'>[εἰ]</span> <span class='ocrx_word' id='word_1_220' title='bbox 2995 1671 3099 1726; x_wconf 83' lang='grc' dir='ltr'>ἀπὸ</span> <span class='ocrx_word' id='word_1_221' title='bbox 3156 1679 3258 1742; x_wconf 80' lang='grc' dir='ltr'><strong>τῆς</strong></span> <span class='ocrx_word' id='word_1_222' title='bbox 3302 1660 3649 1748; x_wconf 36' lang='grc' dir='ltr'>’Λδαμιαίας-</span> <span class='ocrx_word' id='word_1_223' title='bbox 3680 1678 3826 1756; x_wconf 80' lang='grc' dir='ltr'>παῤ-</span> 
     </span>
    </p>
   </div>
   <div class='ocr_carea' id='block_1_32' title="bbox 2161 1749 3824 1840">
    <p class='ocr_par' dir='ltr' id='par_1_32' title="bbox 2161 1749 3824 1840">
     <span class='ocr_line' id='line_1_32' title="bbox 2161 1749 3824 1840; baseline 0.011 -36"><span class='ocrx_word' id='word_1_224' title='bbox 2161 1749 2566 1826; x_wconf 82' lang='grc' dir='ltr'>ῥησιασαμένης</span> <span class='ocrx_word' id='word_1_225' title='bbox 2626 1756 2950 1832; x_wconf 83' lang='grc' dir='ltr'>[εὐλογίας],</span> <span class='ocrx_word' id='word_1_226' title='bbox 3011 1757 3081 1814; x_wconf 86' lang='grc' dir='ltr'>δι’</span> <span class='ocrx_word' id='word_1_227' title='bbox 3137 1760 3206 1830; x_wconf 81' lang='grc' dir='ltr'><strong>ἧς</strong></span> <span class='ocrx_word' id='word_1_228' title='bbox 3265 1763 3357 1818; x_wconf 82' lang='grc' dir='ltr'><strong>καὶ</strong></span> <span class='ocrx_word' id='word_1_229' title='bbox 3417 1764 3445 1818; x_wconf 99' lang='lat'><strong>6</strong></span> <span class='ocrx_word' id='word_1_230' title='bbox 3491 1749 3824 1840; x_wconf 75' lang='grc' dir='ltr'><strong>παράδεισος</strong></span> 
     </span>
    </p>
   </div>
   <div class='ocr_carea' id='block_1_33' title="bbox 2161 1840 3819 1930">
    <p class='ocr_par' dir='ltr' id='par_1_33' title="bbox 2161 1840 3819 1930">
     <span class='ocr_line' id='line_1_33' title="bbox 2161 1840 3819 1930; baseline 0.011 -36"><span class='ocrx_word' id='word_1_231' title='bbox 2161 1840 2418 1910; x_wconf 76' lang='grc' dir='ltr'>οἶκίζεται</span> <span class='ocrx_word' id='word_1_232' title='bbox 2453 1885 2469 1911; x_wconf 83' lang='grc'><strong>,</strong></span> <span class='ocrx_word' id='word_1_233' title='bbox 2523 1844 2609 1899; x_wconf 78' lang='grc' dir='ltr'>καὶ</span> <span class='ocrx_word' id='word_1_234' title='bbox 2669 1846 2734 1901; x_wconf 83' lang='grc' dir='ltr'>τὰ</span> <span class='ocrx_word' id='word_1_235' title='bbox 2810 1853 2926 1910; x_wconf 86' lang='grc' dir='ltr'>θεῖα</span> <span class='ocrx_word' id='word_1_236' title='bbox 2986 1845 3180 1926; x_wconf 89' lang='grc' dir='ltr'>δένδρα</span> <span class='ocrx_word' id='word_1_237' title='bbox 3237 1859 3679 1930; x_wconf 77' lang='grc' dir='ltr'>φυτηκομοῢνται</span> <span class='ocrx_word' id='word_1_238' title='bbox 3741 1858 3819 1923; x_wconf 81' lang='grc' dir='ltr'><strong>εἰς</strong></span> 
     </span>
    </p>
   </div>
   <div class='ocr_carea' id='block_1_34' title="bbox 2158 1930 3816 2020">
    <p class='ocr_par' dir='ltr' id='par_1_34' title="bbox 2158 1930 3816 2020">
     <span class='ocr_line' id='line_1_34' title="bbox 2158 1930 3816 2020; baseline 0.01 -34"><span class='ocrx_word' id='word_1_239' title='bbox 2158 1930 2246 2020; x_wconf 81' lang='grc' dir='ltr'><strong>καὶ</strong></span> <span class='ocrx_word' id='word_1_240' title='bbox 2305 1933 2687 2013; x_wconf 73' lang='grc' dir='ltr'>καρποτρόφον</span> <span class='ocrx_word' id='word_1_241' title='bbox 2747 1935 2912 2006; x_wconf 75' lang='grc' dir='ltr'>αῧξην</span> <span class='ocrx_word' id='word_1_242' title='bbox 2969 1938 3059 1993; x_wconf 75' lang='grc' dir='ltr'><strong>καὶ</strong></span> <span class='ocrx_word' id='word_1_243' title='bbox 3120 1939 3376 2019; x_wconf 75' lang='grc' dir='ltr'>θεοφιλῆ,</span> <span class='ocrx_word' id='word_1_244' title='bbox 3436 1943 3606 2020; x_wconf 78' lang='grc' dir='ltr'><strong>ἀγαθᾶ</strong></span> <span class='ocrx_word' id='word_1_245' title='bbox 3662 1943 3816 2003; x_wconf 86' lang='grc' dir='ltr'>ἔσται</span> 
     </span>
    </p>
   </div>
   <div class='ocr_carea' id='block_1_35' title="bbox 2155 2019 3820 2110">
    <p class='ocr_par' dir='ltr' id='par_1_35' title="bbox 2155 2019 3820 2110">
     <span class='ocr_line' id='line_1_35' title="bbox 2155 2019 3820 2110; baseline 0.01 -36"><span class='ocrx_word' id='word_1_246' title='bbox 2155 2019 2223 2074; x_wconf 79' lang='grc' dir='ltr'><strong>τὰ</strong></span> <span class='ocrx_word' id='word_1_247' title='bbox 2251 2020 2442 2090; x_wconf 80' lang='grc' dir='ltr'>πάντα,</span> <span class='ocrx_word' id='word_1_248' title='bbox 2475 2023 2565 2077; x_wconf 83' lang='grc' dir='ltr'><strong>καὶ</strong></span> <span class='ocrx_word' id='word_1_249' title='bbox 2596 2025 2630 2094; x_wconf 76' lang='grc' dir='ltr'>ἡ</span> <span class='ocrx_word' id='word_1_250' title='bbox 2679 2023 2776 2080; x_wconf 75' lang='grc' dir='ltr'>τοῖ’)</span> <span class='ocrx_word' id='word_1_251' title='bbox 2825 2031 2960 2081; x_wconf 82' lang='grc' dir='ltr'>Θεοῦ</span> <span class='ocrx_word' id='word_1_252' title='bbox 3007 2029 3233 2104; x_wconf 72' lang='grc' dir='ltr'>βοήθεια</span> <span class='ocrx_word' id='word_1_253' title='bbox 3282 2032 3420 2107; x_wconf 86' lang='grc' dir='ltr'>πρὸς</span> <span class='ocrx_word' id='word_1_254' title='bbox 3467 2019 3604 2106; x_wconf 78' lang='grc' dir='ltr'>ἡμῖν</span> <span class='ocrx_word' id='word_1_255' title='bbox 3651 2039 3820 2110; x_wconf 76' lang='grc' dir='ltr'>γενή-</span> 
     </span>
    </p>
   </div>
   <div class='ocr_carea' id='block_1_36' title="bbox 395 2109 2034 2212">
    <p class='ocr_par' dir='ltr' id='par_1_36' title="bbox 395 2109 2034 2185">
     <span class='ocr_line' id='line_1_36' title="bbox 395 2109 2034 2185; baseline -0.002 -16"><span class='ocrx_word' id='word_1_256' title='bbox 395 2112 648 2185; x_wconf 85' lang='lat' dir='ltr'><strong>singulis</strong></span> <span class='ocrx_word' id='word_1_257' title='bbox 706 2111 1112 2166; x_wconf 89' lang='lat' dir='ltr'><strong>convertendis</strong></span> <span class='ocrx_word' id='word_1_258' title='bbox 1169 2115 1400 2165; x_wconf 90' lang='lat' dir='ltr'><strong>tantum</strong></span> <span class='ocrx_word' id='word_1_259' title='bbox 1461 2109 1720 2166; x_wconf 79' lang='lat' dir='ltr'><strong>elaborat</strong></span> <span class='ocrx_word' id='word_1_260' title='bbox 1751 2116 1814 2165; x_wconf 86' lang='lat' dir='ltr'><strong>ut</strong></span> <span class='ocrx_word' id='word_1_261' title='bbox 1844 2110 2034 2182; x_wconf 66' lang='lat' dir='ltr'><strong>saepis-</strong></span> 
     </span>
    </p>
   </div>
   <div class='ocr_carea' id='block_1_37' title="bbox 2152 2109 3821 2212">
    <p class='ocr_par' dir='ltr' id='par_1_37' title="bbox 2158 2109 3821 2212">
     <span class='ocr_line' id='line_1_37' title="bbox 2158 2109 3821 2212; baseline 0.012 -50"><span class='ocrx_word' id='word_1_262' title='bbox 2158 2129 2314 2212; x_wconf 48' lang='grc' dir='ltr'>σεται</span> <span class='ocrx_word' id='word_1_263' title='bbox 2339 2129 2351 2141; x_wconf 92' lang='grc'><strong>·</strong></span> <span class='ocrx_word' id='word_1_264' title='bbox 2414 2110 2473 2174; x_wconf 73' lang='grc' dir='ltr'><strong>ὅς</strong></span> <span class='ocrx_word' id='word_1_265' title='bbox 2517 2114 2616 2181; x_wconf 78' lang='grc' dir='ltr'>τὴν</span> <span class='ocrx_word' id='word_1_266' title='bbox 2677 2113 2914 2212; x_wconf 73' lang='grc' dir='ltr'>ἑκάστων</span> <span class='ocrx_word' id='word_1_267' title='bbox 2993 2115 3328 2198; x_wconf 77' lang='grc' dir='ltr'>ἐπιστροφήν</span> <span class='ocrx_word' id='word_1_268' title='bbox 3401 2109 3706 2199; x_wconf 76' lang='grc' dir='ltr'>ἐνδελεχῶς</span> <span class='ocrx_word' id='word_1_269' title='bbox 3765 2125 3821 2191; x_wconf 84' lang='grc' dir='ltr'>ἐς</span> 
     </span>
    </p>
   </div>
   <div class='ocr_carea' id='block_1_38' title="bbox 393 2199 2040 2272">
    <p class='ocr_par' dir='ltr' id='par_1_38' title="bbox 393 2199 2040 2272">
     <span class='ocr_line' id='line_1_38' title="bbox 393 2199 2040 2272; baseline -0.001 -15"><span class='ocrx_word' id='word_1_270' title='bbox 393 2202 544 2258; x_wconf 89' lang='lat' dir='ltr'><strong>sime</strong></span> <span class='ocrx_word' id='word_1_271' title='bbox 593 2199 679 2256; x_wconf 91' lang='lat' dir='ltr'><strong>vel</strong></span> <span class='ocrx_word' id='word_1_272' title='bbox 709 2200 922 2256; x_wconf 90' lang='lat' dir='ltr'><strong>invitos</strong></span> <span class='ocrx_word' id='word_1_273' title='bbox 967 2203 1158 2256; x_wconf 90' lang='lat' dir='ltr'><strong>servet</strong></span> <span class='ocrx_word' id='word_1_274' title='bbox 1188 2204 1357 2270; x_wconf 88' lang='lat' dir='ltr'><strong>atque</strong></span> <span class='ocrx_word' id='word_1_275' title='bbox 1389 2199 1450 2254; x_wconf 91' lang='lat' dir='ltr'><strong>in</strong></span> <span class='ocrx_word' id='word_1_276' title='bbox 1498 2199 1744 2272; x_wconf 82' lang='lat' dir='ltr'><strong>gloriam</strong></span> <span class='ocrx_word' id='word_1_277' title='bbox 1779 2199 2040 2270; x_wconf 87' lang='lat' dir='ltr'><strong>recipiat,</strong></span> 
     </span>
    </p>
   </div>
   <div class='ocr_carea' id='block_1_39' title="bbox 393 2287 2043 2363">
    <p class='ocr_par' dir='ltr' id='par_1_39' title="bbox 393 2287 2043 2363">
     <span class='ocr_line' id='line_1_39' title="bbox 393 2287 2043 2363; baseline 0 -18"><span class='ocrx_word' id='word_1_278' title='bbox 393 2289 612 2363; x_wconf 90' lang='lat' dir='ltr'><strong>quippe</strong></span> <span class='ocrx_word' id='word_1_279' title='bbox 644 2290 745 2361; x_wconf 92' lang='lat' dir='ltr'><strong>qui</strong></span> <span class='ocrx_word' id='word_1_280' title='bbox 796 2290 874 2344; x_wconf 87' lang='lat' dir='ltr'><strong>sit</strong></span> <span class='ocrx_word' id='word_1_281' title='bbox 921 2287 1162 2344; x_wconf 89' lang='lat' dir='ltr'><strong>omnino</strong></span> <span class='ocrx_word' id='word_1_282' title='bbox 1195 2289 1408 2355; x_wconf 90' lang='lat' dir='ltr'><strong>bonus,</strong></span> <span class='ocrx_word' id='word_1_283' title='bbox 1440 2293 1784 2360; x_wconf 83' lang='lat' dir='ltr'><strong>amatorque</strong></span> <span class='ocrx_word' id='word_1_284' title='bbox 1817 2287 2043 2345; x_wconf 78' lang='lat' dir='ltr'><strong>anima-</strong></span> 
     </span>
    </p>
   </div>
   <div class='ocr_carea' id='block_1_40' title="bbox 391 2377 1969 2450">
    <p class='ocr_par' dir='ltr' id='par_1_40' title="bbox 391 2377 1969 2450">
     <span class='ocr_line' id='line_1_40' title="bbox 391 2377 1969 2450; baseline 0 -16"><span class='ocrx_word' id='word_1_285' title='bbox 391 2396 523 2434; x_wconf 89' lang='lat' dir='ltr'><strong>rum</strong></span> <span class='ocrx_word' id='word_1_286' title='bbox 554 2383 613 2436; x_wconf 89' lang='lat' dir='ltr'><strong>et</strong></span> <span class='ocrx_word' id='word_1_287' title='bbox 641 2377 859 2434; x_wconf 91' lang='lat' dir='ltr'><strong>idcirco</strong></span> <span class='ocrx_word' id='word_1_288' title='bbox 893 2377 1064 2434; x_wconf 90' lang='lat' dir='ltr'><strong>laude</strong></span> <span class='ocrx_word' id='word_1_289' title='bbox 1089 2377 1306 2450; x_wconf 85' lang='lat' dir='ltr'><strong>dignus</strong></span> <span class='ocrx_word' id='word_1_290' title='bbox 1329 2377 1387 2432; x_wconf 86' lang='lat' dir='ltr'><strong>in</strong></span> <span class='ocrx_word' id='word_1_291' title='bbox 1421 2382 1726 2433; x_wconf 67' lang='lat' dir='ltr'><strong>aternum.</strong></span> <span class='ocrx_word' id='word_1_292' title='bbox 1759 2382 1969 2434; x_wconf 83' lang='lat' dir='ltr'><strong>Amen.</strong></span> 
     </span>
    </p>
   </div>
   <div class='ocr_carea' id='block_1_41' title="bbox 2153 2203 3814 2286">
    <p class='ocr_par' dir='ltr' id='par_1_41' title="bbox 2153 2203 3814 2286">
     <span class='ocr_line' id='line_1_41' title="bbox 2153 2203 3814 2286; baseline 0.01 -34"><span class='ocrx_word' id='word_1_293' title='bbox 2153 2203 2412 2254; x_wconf 79' lang='grc' dir='ltr'>τοσοῦτον</span> <span class='ocrx_word' id='word_1_294' title='bbox 2462 2203 2939 2278; x_wconf 79' lang='grc' dir='ltr'>πραγματεύεται,</span> <span class='ocrx_word' id='word_1_295' title='bbox 2998 2206 3072 2269; x_wconf 89' lang='grc' dir='ltr'>ὡς</span> <span class='ocrx_word' id='word_1_296' title='bbox 3133 2209 3224 2263; x_wconf 88' lang='grc' dir='ltr'>καὶ</span> <span class='ocrx_word' id='word_1_297' title='bbox 3282 2209 3510 2274; x_wconf 80' lang='grc' dir='ltr'>ἄκοντας</span> <span class='ocrx_word' id='word_1_298' title='bbox 3569 2214 3718 2286; x_wconf 78' lang='grc' dir='ltr'>ἡμᾶς</span> <span class='ocrx_word' id='word_1_299' title='bbox 3759 2214 3814 2271; x_wconf 84' lang='grc' dir='ltr'>ἐν</span> 
     </span>
    </p>
   </div>
   <div class='ocr_carea' id='block_1_42' title="bbox 2152 2287 3814 2380">
    <p class='ocr_par' dir='ltr' id='par_1_42' title="bbox 2152 2287 3814 2380">
     <span class='ocr_line' id='line_1_42' title="bbox 2152 2287 3814 2380; baseline 0.01 -36"><span class='ocrx_word' id='word_1_300' title='bbox 2152 2287 2390 2380; x_wconf 72' lang='grc' dir='ltr'>πολλοῖς</span> <span class='ocrx_word' id='word_1_301' title='bbox 2459 2297 2777 2367; x_wconf 85' lang='grc' dir='ltr'>περισώζειν</span> <span class='ocrx_word' id='word_1_302' title='bbox 2848 2296 2926 2360; x_wconf 76' lang='grc' dir='ltr'>εἷς</span> <span class='ocrx_word' id='word_1_303' title='bbox 2986 2294 3140 2372; x_wconf 79' lang='grc' dir='ltr'>δόξαν</span> <span class='ocrx_word' id='word_1_304' title='bbox 3219 2300 3388 2356; x_wconf 75' lang='grc' dir='ltr'>αὐτοῦ</span> <span class='ocrx_word' id='word_1_305' title='bbox 3423 2348 3438 2374; x_wconf 88' lang='grc'><strong>,</strong></span> <span class='ocrx_word' id='word_1_306' title='bbox 3500 2307 3814 2380; x_wconf 85' lang='grc' dir='ltr'>παναγάθου</span> 
     </span>
    </p>
   </div>
   <div class='ocr_carea' id='block_1_43' title="bbox 2155 2375 3815 2468">
    <p class='ocr_par' dir='ltr' id='par_1_43' title="bbox 2155 2375 3815 2468">
     <span class='ocr_line' id='line_1_43' title="bbox 2155 2375 3815 2468; baseline 0.011 -35"><span class='ocrx_word' id='word_1_307' title='bbox 2155 2375 2328 2448; x_wconf 76' lang='grc' dir='ltr'>ὄντος,</span> <span class='ocrx_word' id='word_1_308' title='bbox 2357 2382 2448 2436; x_wconf 87' lang='grc' dir='ltr'><strong>καὶ</strong></span> <span class='ocrx_word' id='word_1_309' title='bbox 2498 2381 2836 2461; x_wconf 79' lang='grc' dir='ltr'>φιλοψύχου,</span> <span class='ocrx_word' id='word_1_310' title='bbox 2896 2387 2988 2442; x_wconf 87' lang='grc' dir='ltr'><strong>καὶ</strong></span> <span class='ocrx_word' id='word_1_311' title='bbox 3045 2384 3116 2443; x_wconf 88' lang='grc' dir='ltr'>δι’</span> <span class='ocrx_word' id='word_1_312' title='bbox 3173 2389 3308 2445; x_wconf 80' lang='grc' dir='ltr'>αὐτὸ</span> <span class='ocrx_word' id='word_1_313' title='bbox 3371 2375 3680 2468; x_wconf 61' lang='grc' dir='ltr'>εύλογητοέὶ</span> <span class='ocrx_word' id='word_1_314' title='bbox 3737 2395 3815 2461; x_wconf 78' lang='grc' dir='ltr'><strong>εἰς</strong></span> 
     </span>
    </p>
   </div>
   <div class='ocr_carea' id='block_1_44' title="bbox 2153 2467 2611 2544">
    <p class='ocr_par' dir='ltr' id='par_1_44' title="bbox 2153 2467 2611 2544">
     <span class='ocr_line' id='line_1_44' title="bbox 2153 2467 2611 2544; baseline 0.011 -22"><span class='ocrx_word' id='word_1_315' title='bbox 2153 2467 2377 2533; x_wconf 80' lang='grc' dir='ltr'>αἰῶνας.</span> <span class='ocrx_word' id='word_1_316' title='bbox 2407 2473 2611 2544; x_wconf 76' lang='grc' dir='ltr'>Ἀμήν.</span> 
     </span>
    </p>
   </div>
   <div class='ocr_carea' id='block_1_45' title="bbox 457 2645 2440 2726">
    <p class='ocr_par' dir='ltr' id='par_1_45' title="bbox 457 2645 2440 2726">
     <span class='ocr_line' id='line_1_45' title="bbox 457 2645 2440 2726; baseline 0.004 -24"><span class='ocrx_word' id='word_1_317' title='bbox 457 2649 535 2718; x_wconf 89' lang='grc'><strong>(1)</strong></span> <span class='ocrx_word' id='word_1_318' title='bbox 573 2647 805 2704; x_wconf 87' lang='lat' dir='ltr'><strong>Scilicet</strong></span> <span class='ocrx_word' id='word_1_319' title='bbox 839 2665 852 2704; x_wconf 90' lang='lat'>:</span> <span class='ocrx_word' id='word_1_320' title='bbox 898 2646 1132 2704; x_wconf 73' lang='lat' dir='ltr'><strong>Crescite</strong></span> <span class='ocrx_word' id='word_1_321' title='bbox 1160 2656 1216 2704; x_wconf 76' lang='lat' dir='ltr'><strong>et</strong></span> <span class='ocrx_word' id='word_1_322' title='bbox 1243 2645 1705 2720; x_wconf 75' lang='lat' dir='ltr'><strong>multiplicamini</strong></span> <span class='ocrx_word' id='word_1_323' title='bbox 1727 2648 1923 2721; x_wconf 69' lang='lat' dir='ltr'><strong>(Gem,</strong></span> <span class='ocrx_word' id='word_1_324' title='bbox 1957 2667 1995 2720; x_wconf 83' lang='lat'><strong>1,</strong></span> <span class='ocrx_word' id='word_1_325' title='bbox 2027 2650 2138 2721; x_wconf 86' lang='lat'><strong>28;</strong></span> <span class='ocrx_word' id='word_1_326' title='bbox 2172 2668 2295 2720; x_wconf 85' lang='lat' dir='ltr'><strong>vm,</strong></span> <span class='ocrx_word' id='word_1_327' title='bbox 2333 2652 2440 2726; x_wconf 86' lang='grc'><strong>17).</strong></span> 
     </span>
    </p>
   </div>
   <div class='ocr_carea' id='block_1_46' title="bbox 395 2807 3166 2836">
    <p class='ocr_par' dir='ltr' id='par_1_46' title="bbox 395 2807 3166 2836">
     <span class='ocr_line' id='line_1_46' title="bbox 395 2807 3166 2836; baseline 0 -15"><span class='ocrx_word' id='word_1_328' title='bbox 395 2807 3166 2836; x_wconf 73' lang='lat'><strong>._______.______._____________.________________</strong></span> 
     </span>
    </p>
   </div>
   <div class='ocr_carea' id='block_1_47' title="bbox 1664 2985 2524 3148">
    <p class='ocr_par' dir='ltr' id='par_1_47' title="bbox 1664 2985 2524 3148">
     <span class='ocr_line' id='line_1_47' title="bbox 1664 2985 2524 3148; baseline 0.007 -8"><span class='ocrx_word' id='word_1_329' title='bbox 1664 2985 2524 3148; x_wconf 87' lang='lat' dir='ltr'><strong>EJUSDEM</strong></span> 
     </span>
    </p>
   </div>
   <div class='ocr_carea' id='block_1_48' title="bbox 827 3285 3358 3449">
    <p class='ocr_par' dir='ltr' id='par_1_48' title="bbox 827 3285 3358 3449">
     <span class='ocr_line' id='line_1_48' title="bbox 827 3285 3358 3449; baseline 0.006 -37"><span class='ocrx_word' id='word_1_330' title='bbox 827 3285 979 3414; x_wconf 84' lang='lat' dir='ltr'><strong>IN</strong></span> <span class='ocrx_word' id='word_1_331' title='bbox 1088 3285 1834 3417; x_wconf 86' lang='lat' dir='ltr'><strong>SANCTAM</strong></span> <span class='ocrx_word' id='word_1_332' title='bbox 1932 3287 3358 3449; x_wconf 81' lang='lat' dir='ltr'><strong>QUADBAGESIMAM</strong></span> 
     </span>
    </p>
   </div>
   <div class='ocr_carea' id='block_1_49' title="bbox 1782 3558 2388 3649">
    <p class='ocr_par' dir='ltr' id='par_1_49' title="bbox 1782 3558 2388 3649">
     <span class='ocr_line' id='line_1_49' title="bbox 1782 3558 2388 3649; baseline -0.002 -3"><span class='ocrx_word' id='word_1_333' title='bbox 1782 3558 2217 3649; x_wconf 81' lang='lat' dir='ltr'><strong>ORATIO</strong></span> <span class='ocrx_word' id='word_1_334' title='bbox 2274 3564 2388 3648; x_wconf 92' lang='lat' dir='ltr'><strong>II.</strong></span> 
     </span>
    </p>
   </div>
   <div class='ocr_carea' id='block_1_50' title="bbox 375 3925 2104 3999">
    <p class='ocr_par' dir='ltr' id='par_1_50' title="bbox 375 3925 2104 3999">
     <span class='ocr_line' id='line_1_50' title="bbox 375 3925 2104 3999; baseline 0 -14"><span class='ocrx_word' id='word_1_335' title='bbox 375 3925 633 3997; x_wconf 77' lang='lat' dir='ltr'><strong>Eiusdem</strong></span> <span class='ocrx_word' id='word_1_336' title='bbox 665 3926 1038 3983; x_wconf 71' lang='lat' dir='ltr'><strong>Thessalonici</strong></span> <span class='ocrx_word' id='word_1_337' title='bbox 1089 3926 1448 3998; x_wconf 74' lang='lat' dir='ltr'><strong>melropolitas</strong></span> <span class='ocrx_word' id='word_1_338' title='bbox 1493 3927 1551 3982; x_wconf 87' lang='lat' dir='ltr'><strong>in</strong></span> <span class='ocrx_word' id='word_1_339' title='bbox 1598 3932 1855 3984; x_wconf 75' lang='lat' dir='ltr'><strong>sanctam</strong></span> <span class='ocrx_word' id='word_1_340' title='bbox 1886 3928 2028 3998; x_wconf 84' lang='lat' dir='ltr'><strong>Qua-</strong></span> <span class='ocrx_word' id='word_1_341' title='bbox 2059 3929 2104 3999; x_wconf 84' lang='lat' dir='ltr'><strong>C</strong></span> 
     </span>
    </p>
   </div>
   <div class='ocr_carea' id='block_1_51' title="bbox 681 4001 1707 4071">
    <p class='ocr_par' dir='ltr' id='par_1_51' title="bbox 681 4001 1707 4071">
     <span class='ocr_line' id='line_1_51' title="bbox 681 4001 1707 4071; baseline 0.001 -16"><span class='ocrx_word' id='word_1_342' title='bbox 681 4001 1051 4069; x_wconf 78' lang='lat' dir='ltr'><strong>drageszmam</strong></span> <span class='ocrx_word' id='word_1_343' title='bbox 1077 4001 1262 4055; x_wconf 81' lang='lat' dir='ltr'><strong>oratio</strong></span> <span class='ocrx_word' id='word_1_344' title='bbox 1278 4002 1707 4071; x_wconf 64' lang='lat' dir='ltr'><strong>prwparatoria.</strong></span> 
     </span>
    </p>
   </div>
   <div class='ocr_carea' id='block_1_52' title="bbox 444 4106 2024 4181">
    <p class='ocr_par' dir='ltr' id='par_1_52' title="bbox 444 4106 2024 4181">
     <span class='ocr_line' id='line_1_52' title="bbox 444 4106 2024 4181; baseline 0.001 -18"><span class='ocrx_word' id='word_1_345' title='bbox 444 4109 495 4164; x_wconf 91' lang='grc'><strong>1.</strong></span> <span class='ocrx_word' id='word_1_346' title='bbox 529 4108 681 4163; x_wconf 86' lang='lat' dir='ltr'><strong>Bene</strong></span> <span class='ocrx_word' id='word_1_347' title='bbox 706 4107 826 4163; x_wconf 91' lang='lat' dir='ltr'><strong>scio</strong></span> <span class='ocrx_word' id='word_1_348' title='bbox 855 4123 979 4174; x_wconf 92' lang='lat' dir='ltr'><strong>vos,</strong></span> <span class='ocrx_word' id='word_1_349' title='bbox 1016 4107 1242 4174; x_wconf 85' lang='lat' dir='ltr'><strong>fratres,</strong></span> <span class='ocrx_word' id='word_1_350' title='bbox 1277 4106 1604 4178; x_wconf 88' lang='lat' dir='ltr'><strong>spiritualis</strong></span> <span class='ocrx_word' id='word_1_351' title='bbox 1630 4125 1811 4164; x_wconf 88' lang='lat' dir='ltr'><strong>causa</strong></span> <span class='ocrx_word' id='word_1_352' title='bbox 1846 4125 2024 4181; x_wconf 83' lang='lat' dir='ltr'><strong>nego-</strong></span> 
     </span>
    </p>
   </div>
   <div class='ocr_carea' id='block_1_53' title="bbox 369 4195 2023 4270">
    <p class='ocr_par' dir='ltr' id='par_1_53' title="bbox 369 4195 2023 4270">
     <span class='ocr_line' id='line_1_53' title="bbox 369 4195 2023 4270; baseline 0 -16"><span class='ocrx_word' id='word_1_353' title='bbox 369 4199 461 4267; x_wconf 91' lang='lat' dir='ltr'><strong>tii,</strong></span> <span class='ocrx_word' id='word_1_354' title='bbox 497 4202 853 4270; x_wconf 90' lang='lat' dir='ltr'><strong>propterque</strong></span> <span class='ocrx_word' id='word_1_355' title='bbox 903 4195 1134 4251; x_wconf 92' lang='lat' dir='ltr'><strong>lucrum</strong></span> <span class='ocrx_word' id='word_1_356' title='bbox 1188 4197 1259 4252; x_wconf 91' lang='lat' dir='ltr'><strong>ad</strong></span> <span class='ocrx_word' id='word_1_357' title='bbox 1319 4197 1502 4253; x_wconf 93' lang='lat' dir='ltr'><strong>Deum</strong></span> <span class='ocrx_word' id='word_1_358' title='bbox 1550 4197 1757 4253; x_wconf 84' lang='lat' dir='ltr'><strong>exinde</strong></span> <span class='ocrx_word' id='word_1_359' title='bbox 1818 4215 2023 4270; x_wconf 90' lang='lat' dir='ltr'><strong>prove-</strong></span> 
     </span>
    </p>
   </div>
   <div class='ocr_carea' id='block_1_54' title="bbox 370 4285 2024 4351">
    <p class='ocr_par' dir='ltr' id='par_1_54' title="bbox 370 4285 2024 4351">
     <span class='ocr_line' id='line_1_54' title="bbox 370 4285 2024 4351; baseline -0.002 -8"><span class='ocrx_word' id='word_1_360' title='bbox 370 4288 564 4351; x_wconf 87' lang='lat' dir='ltr'><strong>nieus,</strong></span> <span class='ocrx_word' id='word_1_361' title='bbox 599 4286 942 4342; x_wconf 83' lang='lat' dir='ltr'><strong>festinantes</strong></span> <span class='ocrx_word' id='word_1_362' title='bbox 973 4289 1030 4341; x_wconf 90' lang='lat' dir='ltr'><strong>et</strong></span> <span class='ocrx_word' id='word_1_363' title='bbox 1058 4303 1215 4342; x_wconf 89' lang='lat' dir='ltr'><strong>nunc</strong></span> <span class='ocrx_word' id='word_1_364' title='bbox 1260 4287 1329 4342; x_wconf 89' lang='lat' dir='ltr'><strong>ad</strong></span> <span class='ocrx_word' id='word_1_365' title='bbox 1364 4288 1514 4342; x_wconf 88' lang='lat' dir='ltr'><strong>hanc</strong></span> <span class='ocrx_word' id='word_1_366' title='bbox 1545 4285 1803 4342; x_wconf 86' lang='lat' dir='ltr'><strong>divinam</strong></span> <span class='ocrx_word' id='word_1_367' title='bbox 1838 4287 2024 4341; x_wconf 89' lang='lat' dir='ltr'><strong>virtu-</strong></span> 
     </span>
    </p>
   </div>
   <div class='ocr_carea' id='block_1_55' title="bbox 367 4374 2026 4448">
    <p class='ocr_par' dir='ltr' id='par_1_55' title="bbox 367 4374 2026 4448">
     <span class='ocr_line' id='line_1_55' title="bbox 367 4374 2026 4448; baseline -0.001 -17"><span class='ocrx_word' id='word_1_368' title='bbox 367 4378 446 4432; x_wconf 90' lang='lat' dir='ltr'><strong>tis</strong></span> <span class='ocrx_word' id='word_1_369' title='bbox 481 4376 776 4432; x_wconf 79' lang='lat' dir='ltr'><strong>ofﬁcinam</strong></span> <span class='ocrx_word' id='word_1_370' title='bbox 803 4392 1136 4448; x_wconf 75' lang='lat' dir='ltr'><strong>properare,</strong></span> <span class='ocrx_word' id='word_1_371' title='bbox 1171 4381 1525 4441; x_wconf 89' lang='lat' dir='ltr'><strong>mutaturos,</strong></span> <span class='ocrx_word' id='word_1_372' title='bbox 1555 4374 1675 4430; x_wconf 86' lang='lat' dir='ltr'><strong>sive</strong></span> <span class='ocrx_word' id='word_1_373' title='bbox 1697 4380 2026 4430; x_wconf 89' lang='lat' dir='ltr'><strong>commuta-</strong></span> 
     </span>
    </p>
   </div>
   <div class='ocr_carea' id='block_1_56' title="bbox 368 4464 2027 4538">
    <p class='ocr_par' dir='ltr' id='par_1_56' title="bbox 368 4464 2027 4538">
     <span class='ocr_line' id='line_1_56' title="bbox 368 4464 2027 4538; baseline 0 -18"><span class='ocrx_word' id='word_1_374' title='bbox 368 4470 534 4522; x_wconf 87' lang='lat' dir='ltr'><strong>turos</strong></span> <span class='ocrx_word' id='word_1_375' title='bbox 566 4481 812 4532; x_wconf 90' lang='lat' dir='ltr'><strong>merces,</strong></span> <span class='ocrx_word' id='word_1_376' title='bbox 848 4465 1054 4538; x_wconf 88' lang='lat' dir='ltr'><strong>quales</strong></span> <span class='ocrx_word' id='word_1_377' title='bbox 1085 4469 1244 4520; x_wconf 86' lang='lat' dir='ltr'><strong>amat</strong></span> <span class='ocrx_word' id='word_1_378' title='bbox 1275 4465 1375 4535; x_wconf 91' lang='lat' dir='ltr'><strong>qui</strong></span> <span class='ocrx_word' id='word_1_379' title='bbox 1434 4464 1533 4519; x_wconf 91' lang='lat' dir='ltr'><strong>Dei</strong></span> <span class='ocrx_word' id='word_1_380' title='bbox 1595 4465 1829 4536; x_wconf 85' lang='lat' dir='ltr'><strong>negotia</strong></span> <span class='ocrx_word' id='word_1_381' title='bbox 1875 4464 2027 4536; x_wconf 86' lang='lat' dir='ltr'><strong>gerit</strong></span> 
     </span>
    </p>
   </div>
   <div class='ocr_carea' id='block_1_57' title="bbox 370 4553 2025 4627">
    <p class='ocr_par' dir='ltr' id='par_1_57' title="bbox 370 4553 2025 4627">
     <span class='ocr_line' id='line_1_57' title="bbox 370 4553 2025 4627; baseline -0.001 -16"><span class='ocrx_word' id='word_1_382' title='bbox 370 4555 568 4619; x_wconf 88' lang='lat' dir='ltr'><strong>homo,</strong></span> <span class='ocrx_word' id='word_1_383' title='bbox 601 4556 772 4626; x_wconf 77' lang='lat' dir='ltr'><strong>cujus</strong></span> <span class='ocrx_word' id='word_1_384' title='bbox 833 4572 970 4627; x_wconf 90' lang='lat' dir='ltr'><strong>pars</strong></span> <span class='ocrx_word' id='word_1_385' title='bbox 1021 4558 1111 4610; x_wconf 88' lang='lat' dir='ltr'><strong>est</strong></span> <span class='ocrx_word' id='word_1_386' title='bbox 1158 4553 1375 4609; x_wconf 87' lang='lat' dir='ltr'><strong>zelotes</strong></span> <span class='ocrx_word' id='word_1_387' title='bbox 1399 4559 1455 4608; x_wconf 88' lang='lat' dir='ltr'><strong>et</strong></span> <span class='ocrx_word' id='word_1_388' title='bbox 1485 4553 1764 4623; x_wconf 86' lang='lat' dir='ltr'><strong>imitator,</strong></span> <span class='ocrx_word' id='word_1_389' title='bbox 1801 4570 2025 4610; x_wconf 89' lang='lat' dir='ltr'><strong>necnon</strong></span> 
     </span>
    </p>
   </div>
   <div class='ocr_carea' id='block_1_58' title="bbox 369 4642 2022 4718">
    <p class='ocr_par' dir='ltr' id='par_1_58' title="bbox 369 4642 2022 4718">
     <span class='ocr_line' id='line_1_58' title="bbox 369 4642 2022 4718; baseline 0 -18"><span class='ocrx_word' id='word_1_390' title='bbox 369 4646 725 4718; x_wconf 89' lang='lat' dir='ltr'><strong>discipulus,</strong></span> <span class='ocrx_word' id='word_1_391' title='bbox 752 4644 1078 4718; x_wconf 68' lang='lat' dir='ltr'><strong>praesertim</strong></span> <span class='ocrx_word' id='word_1_392' title='bbox 1096 4649 1291 4698; x_wconf 86' lang='lat' dir='ltr'><strong>autem</strong></span> <span class='ocrx_word' id='word_1_393' title='bbox 1323 4642 1624 4714; x_wconf 82' lang='lat' dir='ltr'><strong>magister,</strong></span> <span class='ocrx_word' id='word_1_394' title='bbox 1649 4642 2022 4716; x_wconf 84' lang='lat' dir='ltr'><strong>evangelicus</strong></span> 
     </span>
    </p>
   </div>
   <div class='ocr_carea' id='block_1_59' title="bbox 367 4731 2021 4806">
    <p class='ocr_par' dir='ltr' id='par_1_59' title="bbox 367 4731 2021 4806">
     <span class='ocr_line' id='line_1_59' title="bbox 367 4731 2021 4806; baseline 0 -17"><span class='ocrx_word' id='word_1_395' title='bbox 367 4735 810 4806; x_wconf 81' lang='lat' dir='ltr'><strong>paterfamilias,</strong></span> <span class='ocrx_word' id='word_1_396' title='bbox 843 4735 966 4805; x_wconf 87' lang='lat' dir='ltr'><strong>qui,</strong></span> <span class='ocrx_word' id='word_1_397' title='bbox 1009 4731 1266 4787; x_wconf 88' lang='lat' dir='ltr'><strong>venditis</strong></span> <span class='ocrx_word' id='word_1_398' title='bbox 1324 4731 1598 4786; x_wconf 89' lang='lat' dir='ltr'><strong>omnibus</strong></span> <span class='ocrx_word' id='word_1_399' title='bbox 1655 4748 1784 4803; x_wconf 79' lang='lat' dir='ltr'><strong>quae</strong></span> <span class='ocrx_word' id='word_1_400' title='bbox 1833 4733 2021 4805; x_wconf 90' lang='lat' dir='ltr'><strong>possi-</strong></span> 
     </span>
    </p>
   </div>
   <div class='ocr_carea' id='block_1_60' title="bbox 367 4819 2018 4896">
    <p class='ocr_par' dir='ltr' id='par_1_60' title="bbox 367 4819 2018 4896">
     <span class='ocr_line' id='line_1_60' title="bbox 367 4819 2018 4896; baseline -0.002 -16"><span class='ocrx_word' id='word_1_401' title='bbox 367 4825 889 4896; x_wconf 86' lang='lat' dir='ltr'><strong>debat,pretiosam</strong></span> <span class='ocrx_word' id='word_1_402' title='bbox 927 4819 1308 4891; x_wconf 83' lang='lat' dir='ltr'><strong>margaritam</strong></span> <span class='ocrx_word' id='word_1_403' title='bbox 1340 4820 1504 4876; x_wconf 91' lang='lat' dir='ltr'><strong>emit.</strong></span> <span class='ocrx_word' id='word_1_404' title='bbox 1540 4819 1606 4875; x_wconf 91' lang='lat' dir='ltr'><strong>Et</strong></span> <span class='ocrx_word' id='word_1_405' title='bbox 1637 4821 1720 4876; x_wconf 90' lang='lat' dir='ltr'><strong>sic</strong></span> <span class='ocrx_word' id='word_1_406' title='bbox 1757 4823 2018 4893; x_wconf 89' lang='lat' dir='ltr'><strong>quidem,</strong></span> 
     </span>
    </p>
   </div>
   <div class='ocr_carea' id='block_1_61' title="bbox 368 4909 2021 4986">
    <p class='ocr_par' dir='ltr' id='par_1_61' title="bbox 368 4909 2021 4986">
     <span class='ocr_line' id='line_1_61' title="bbox 368 4909 2021 4986; baseline -0.001 -17"><span class='ocrx_word' id='word_1_407' title='bbox 368 4918 605 4986; x_wconf 89' lang='lat' dir='ltr'><strong>propter</strong></span> <span class='ocrx_word' id='word_1_408' title='bbox 635 4913 764 4980; x_wconf 91' lang='lat' dir='ltr'><strong>hoc,</strong></span> <span class='ocrx_word' id='word_1_409' title='bbox 827 4913 898 4968; x_wconf 90' lang='lat' dir='ltr'><strong>ad</strong></span> <span class='ocrx_word' id='word_1_410' title='bbox 957 4909 1218 4966; x_wconf 90' lang='lat' dir='ltr'><strong>divinam</strong></span> <span class='ocrx_word' id='word_1_411' title='bbox 1249 4911 1430 4965; x_wconf 79' lang='lat' dir='ltr'><strong>aedem</strong></span> <span class='ocrx_word' id='word_1_412' title='bbox 1462 4910 1696 4982; x_wconf 91' lang='lat' dir='ltr'><strong>venitis,</strong></span> <span class='ocrx_word' id='word_1_413' title='bbox 1749 4911 1956 4967; x_wconf 85' lang='lat' dir='ltr'><strong>exinde</strong></span> <span class='ocrx_word' id='word_1_414' title='bbox 1987 4928 2021 4967; x_wconf 88' lang='lat' dir='ltr'><strong>a</strong></span> 
     </span>
    </p>
   </div>
   <div class='ocr_carea' id='block_1_62' title="bbox 370 4998 2018 5074">
    <p class='ocr_par' dir='ltr' id='par_1_62' title="bbox 370 4998 2018 5074">
     <span class='ocr_line' id='line_1_62' title="bbox 370 4998 2018 5074; baseline -0.001 -16"><span class='ocrx_word' id='word_1_415' title='bbox 370 5002 562 5074; x_wconf 90' lang='lat' dir='ltr'><strong>nobis,</strong></span> <span class='ocrx_word' id='word_1_416' title='bbox 596 5001 768 5073; x_wconf 86' lang='lat' dir='ltr'><strong>quasi</strong></span> <span class='ocrx_word' id='word_1_417' title='bbox 828 4998 1134 5068; x_wconf 82' lang='lat' dir='ltr'><strong>divitibus,</strong></span> <span class='ocrx_word' id='word_1_418' title='bbox 1187 4998 1481 5072; x_wconf 90' lang='lat' dir='ltr'><strong>accepturi</strong></span> <span class='ocrx_word' id='word_1_419' title='bbox 1538 5017 1666 5072; x_wconf 77' lang='lat' dir='ltr'><strong>quas</strong></span> <span class='ocrx_word' id='word_1_420' title='bbox 1718 5001 1885 5056; x_wconf 85' lang='lat' dir='ltr'><strong>vobis</strong></span> <span class='ocrx_word' id='word_1_421' title='bbox 1945 5001 2018 5057; x_wconf 89' lang='lat' dir='ltr'><strong>ad</strong></span> 
     </span>
    </p>
   </div>
   <div class='ocr_carea' id='block_1_63' title="bbox 367 5092 2018 5168">
    <p class='ocr_par' dir='ltr' id='par_1_63' title="bbox 367 5092 2018 5168">
     <span class='ocr_line' id='line_1_63' title="bbox 367 5092 2018 5168; baseline -0.002 -15"><span class='ocrx_word' id='word_1_422' title='bbox 367 5095 698 5168; x_wconf 88' lang='lat' dir='ltr'><strong>expeditam</strong></span> <span class='ocrx_word' id='word_1_423' title='bbox 762 5092 1219 5164; x_wconf 79' lang='lat' dir='ltr'><strong>negotiationem</strong></span> <span class='ocrx_word' id='word_1_424' title='bbox 1259 5093 1431 5149; x_wconf 84' lang='lat' dir='ltr'><strong>utilia</strong></span> <span class='ocrx_word' id='word_1_425' title='bbox 1478 5097 1639 5162; x_wconf 89' lang='lat' dir='ltr'><strong>sunt,</strong></span> <span class='ocrx_word' id='word_1_426' title='bbox 1680 5097 1746 5149; x_wconf 92' lang='lat' dir='ltr'><strong>ut</strong></span> <span class='ocrx_word' id='word_1_427' title='bbox 1774 5094 2018 5162; x_wconf 84' lang='lat' dir='ltr'><strong>talibus,</strong></span> 
     </span>
    </p>
   </div>
   <div class='ocr_carea' id='block_1_64' title="bbox 365 5180 2020 5256">
    <p class='ocr_par' dir='ltr' id='par_1_64' title="bbox 365 5180 2020 5256">
     <span class='ocr_line' id='line_1_64' title="bbox 365 5180 2020 5256; baseline 0 -16"><span class='ocrx_word' id='word_1_428' title='bbox 365 5189 652 5256; x_wconf 85' lang='lat' dir='ltr'><strong>tanquam</strong></span> <span class='ocrx_word' id='word_1_429' title='bbox 697 5181 966 5250; x_wconf 86' lang='lat' dir='ltr'><strong>fenerati,</strong></span> <span class='ocrx_word' id='word_1_430' title='bbox 999 5180 1338 5254; x_wconf 91' lang='lat' dir='ltr'><strong>locupletes,</strong></span> <span class='ocrx_word' id='word_1_431' title='bbox 1392 5183 1755 5256; x_wconf 82' lang='lat' dir='ltr'><strong>spiritualem</strong></span> <span class='ocrx_word' id='word_1_432' title='bbox 1788 5199 2020 5240; x_wconf 88' lang='lat' dir='ltr'><strong>merca-</strong></span> 
     </span>
    </p>
   </div>
   <div class='ocr_carea' id='block_1_65' title="bbox 2273 3927 3666 4009">
    <p class='ocr_par' dir='ltr' id='par_1_65' title="bbox 2273 3927 3666 4009">
     <span class='ocr_line' id='line_1_65' title="bbox 2273 3927 3666 4009; baseline 0.003 -25"><span class='ocrx_word' id='word_1_433' title='bbox 2273 3933 2381 3985; x_wconf 85' lang='grc' dir='ltr'>Τοῦ</span> <span class='ocrx_word' id='word_1_434' title='bbox 2410 3927 2575 3985; x_wconf 72' lang='grc' dir='ltr'>αὑτοῦ</span> <span class='ocrx_word' id='word_1_435' title='bbox 2599 3929 3028 4009; x_wconf 31' lang='grc' dir='ltr'>’μητροπολίτου</span> <span class='ocrx_word' id='word_1_436' title='bbox 3059 3931 3464 4004; x_wconf 80' lang='grc' dir='ltr'>Θεσσαλονίκης</span> <span class='ocrx_word' id='word_1_437' title='bbox 3497 3929 3666 4009; x_wconf 88' lang='grc' dir='ltr'>λόγος</span> 
     </span>
    </p>
   </div>
   <div class='ocr_carea' id='block_1_66' title="bbox 2387 4002 3543 4080">
    <p class='ocr_par' dir='ltr' id='par_1_66' title="bbox 2387 4002 3543 4080">
     <span class='ocr_line' id='line_1_66' title="bbox 2387 4002 3543 4080; baseline 0.005 -24"><span class='ocrx_word' id='word_1_438' title='bbox 2387 4002 2735 4078; x_wconf 83' lang='grc' dir='ltr'>προεισόδιος</span> <span class='ocrx_word' id='word_1_439' title='bbox 2761 4011 2863 4074; x_wconf 84' lang='grc' dir='ltr'><strong>τῆς</strong></span> <span class='ocrx_word' id='word_1_440' title='bbox 2891 4005 3050 4080; x_wconf 81' lang='grc' dir='ltr'>ἁγίας</span> <span class='ocrx_word' id='word_1_441' title='bbox 3079 4002 3543 4080; x_wconf 78' lang='grc' dir='ltr'>Τεσσαρακοστῆς.</span> 
     </span>
    </p>
   </div>
   <div class='ocr_carea' id='block_1_67' title="bbox 2205 4106 3802 4188">
    <p class='ocr_par' dir='ltr' id='par_1_67' title="bbox 2205 4106 3802 4188">
     <span class='ocr_line' id='line_1_67' title="bbox 2205 4106 3802 4188; baseline 0.003 -26"><span class='ocrx_word' id='word_1_442' title='bbox 2205 4115 2270 4166; x_wconf 88' lang='grc' dir='ltr'><strong>α’.</strong></span> <span class='ocrx_word' id='word_1_443' title='bbox 2305 4106 2381 4166; x_wconf 75' lang='grc' dir='ltr'><strong>Εὖ</strong></span> <span class='ocrx_word' id='word_1_444' title='bbox 2426 4107 2569 4177; x_wconf 76' lang='grc' dir='ltr'>οἴδα,</span> <span class='ocrx_word' id='word_1_445' title='bbox 2623 4108 2706 4164; x_wconf 76' lang='grc' dir='ltr'><strong>ὅτι</strong></span> <span class='ocrx_word' id='word_1_446' title='bbox 2757 4108 3024 4184; x_wconf 82' lang='grc' dir='ltr'>ἐμπορίας</span> <span class='ocrx_word' id='word_1_447' title='bbox 3075 4111 3238 4188; x_wconf 85' lang='grc' dir='ltr'>χάριν</span> <span class='ocrx_word' id='word_1_448' title='bbox 3305 4114 3703 4184; x_wconf 75' lang='grc' dir='ltr'>πνευματικῆς,</span> <span class='ocrx_word' id='word_1_449' title='bbox 3754 4113 3802 4167; x_wconf 84' lang='grc' dir='ltr'><strong>ὧ</strong></span> 
     </span>
    </p>
   </div>
   <div class='ocr_carea' id='block_1_68' title="bbox 2134 4193 3800 4276">
    <p class='ocr_par' dir='ltr' id='par_1_68' title="bbox 2134 4193 3800 4276">
     <span class='ocr_line' id='line_1_68' title="bbox 2134 4193 3800 4276; baseline 0.002 -24"><span class='ocrx_word' id='word_1_450' title='bbox 2134 4195 2385 4276; x_wconf 77' lang='grc' dir='ltr'>ἀδελφοὶ,</span> <span class='ocrx_word' id='word_1_451' title='bbox 2431 4199 2518 4253; x_wconf 85' lang='grc' dir='ltr'><strong>καὶ</strong></span> <span class='ocrx_word' id='word_1_452' title='bbox 2569 4193 2726 4272; x_wconf 69' lang='grc' dir='ltr'>νόμῳ</span> <span class='ocrx_word' id='word_1_453' title='bbox 2772 4203 2869 4254; x_wconf 73' lang='grc' dir='ltr'><strong>τοῦ</strong></span> <span class='ocrx_word' id='word_1_454' title='bbox 2921 4200 3157 4256; x_wconf 76' lang='grc' dir='ltr'>ἐντεῦθεν</span> <span class='ocrx_word' id='word_1_455' title='bbox 3210 4201 3348 4256; x_wconf 84' lang='grc' dir='ltr'>κατὰ</span> <span class='ocrx_word' id='word_1_456' title='bbox 3387 4200 3517 4256; x_wconf 81' lang='grc' dir='ltr'>Θεὸν</span> <span class='ocrx_word' id='word_1_457' title='bbox 3548 4199 3800 4276; x_wconf 82' lang='grc' dir='ltr'><strong>κέρδους⁹</strong></span> 
     </span>
    </p>
   </div>
   <div class='ocr_carea' id='block_1_69' title="bbox 2135 4286 3801 4365">
    <p class='ocr_par' dir='ltr' id='par_1_69' title="bbox 2135 4286 3801 4365">
     <span class='ocr_line' id='line_1_69' title="bbox 2135 4286 3801 4365; baseline 0.002 -23"><span class='ocrx_word' id='word_1_458' title='bbox 2135 4293 2357 4365; x_wconf 80' lang='grc' dir='ltr'>φοιτᾶτε</span> <span class='ocrx_word' id='word_1_459' title='bbox 2393 4286 2483 4343; x_wconf 80' lang='grc' dir='ltr'><strong>καὶ</strong></span> <span class='ocrx_word' id='word_1_460' title='bbox 2531 4292 2620 4342; x_wconf 82' lang='grc' dir='ltr'>ν’ύν</span> <span class='ocrx_word' id='word_1_461' title='bbox 2673 4287 2750 4350; x_wconf 56' lang='grc' dir='ltr'>εἲς</span> <span class='ocrx_word' id='word_1_462' title='bbox 2793 4289 2856 4344; x_wconf 85' lang='grc' dir='ltr'>τὸ</span> <span class='ocrx_word' id='word_1_463' title='bbox 2903 4295 3044 4353; x_wconf 80' lang='grc' dir='ltr'>θεῖον</span> <span class='ocrx_word' id='word_1_464' title='bbox 3098 4294 3260 4345; x_wconf 82' lang='grc' dir='ltr'>τοῦτο</span> <span class='ocrx_word' id='word_1_465' title='bbox 3307 4295 3410 4359; x_wconf 82' lang='grc' dir='ltr'>τῆς</span> <span class='ocrx_word' id='word_1_466' title='bbox 3459 4289 3658 4365; x_wconf 81' lang='grc' dir='ltr'>ἀρετῆς</span> <span class='ocrx_word' id='word_1_467' title='bbox 3710 4289 3801 4364; x_wconf 78' lang='grc' dir='ltr'><strong>ἐρ-</strong></span> 
     </span>
    </p>
   </div>
   <div class='ocr_carea' id='block_1_70' title="bbox 2134 4375 3800 4454">
    <p class='ocr_par' dir='ltr' id='par_1_70' title="bbox 2134 4375 3800 4454">
     <span class='ocr_line' id='line_1_70' title="bbox 2134 4375 3800 4454; baseline 0.001 -23"><span class='ocrx_word' id='word_1_468' title='bbox 2134 4379 2458 4453; x_wconf 76' lang='grc' dir='ltr'>γαστήριον,</span> <span class='ocrx_word' id='word_1_469' title='bbox 2509 4376 2868 4450; x_wconf 75' lang='grc' dir='ltr'>ἀλλάξοντες,</span> <span class='ocrx_word' id='word_1_470' title='bbox 2903 4375 3000 4434; x_wconf 66' lang='grc' dir='ltr'>εἴτ’</span> <span class='ocrx_word' id='word_1_471' title='bbox 3050 4377 3141 4433; x_wconf 75' lang='grc' dir='ltr'>οὖν</span> <span class='ocrx_word' id='word_1_472' title='bbox 3193 4377 3617 4450; x_wconf 79' lang='grc' dir='ltr'>συναλλάξοντες</span> <span class='ocrx_word' id='word_1_473' title='bbox 3647 4378 3800 4454; x_wconf 77' lang='grc' dir='ltr'><strong>ἀγώ-</strong></span> 
     </span>
    </p>
   </div>
   <div class='ocr_carea' id='block_1_71' title="bbox 2133 4465 3804 4545">
    <p class='ocr_par' dir='ltr' id='par_1_71' title="bbox 2133 4465 3804 4545">
     <span class='ocr_line' id='line_1_71' title="bbox 2133 4465 3804 4545; baseline 0.001 -25"><span class='ocrx_word' id='word_1_474' title='bbox 2133 4487 2294 4541; x_wconf 78' lang='grc' dir='ltr'>γιμα,</span> <span class='ocrx_word' id='word_1_475' title='bbox 2347 4467 2510 4521; x_wconf 84' lang='grc' dir='ltr'>ὁποῖα</span> <span class='ocrx_word' id='word_1_476' title='bbox 2559 4465 2712 4544; x_wconf 81' lang='grc' dir='ltr'>φιλεῖ</span> <span class='ocrx_word' id='word_1_477' title='bbox 2760 4468 2788 4522; x_wconf 89' lang='lat'><strong>6</strong></span> <span class='ocrx_word' id='word_1_478' title='bbox 2836 4467 2904 4522; x_wconf 81' lang='grc' dir='ltr'>τὰ</span> <span class='ocrx_word' id='word_1_479' title='bbox 2946 4471 3045 4522; x_wconf 78' lang='grc' dir='ltr'><strong>τοῦ</strong></span> <span class='ocrx_word' id='word_1_480' title='bbox 3093 4471 3226 4522; x_wconf 86' lang='grc' dir='ltr'>Θεοῦ</span> <span class='ocrx_word' id='word_1_481' title='bbox 3281 4466 3804 4545; x_wconf 87' lang='grc' dir='ltr'>πραγματευόμενος</span> 
     </span>
    </p>
   </div>
   <div class='ocr_carea' id='block_1_72' title="bbox 2135 4553 3799 4633">
    <p class='ocr_par' dir='ltr' id='par_1_72' title="bbox 2135 4553 3799 4633">
     <span class='ocr_line' id='line_1_72' title="bbox 2135 4553 3799 4633; baseline 0.001 -23"><span class='ocrx_word' id='word_1_482' title='bbox 2135 4557 2444 4631; x_wconf 83' lang='grc' dir='ltr'>ἄνθρωπος,</span> <span class='ocrx_word' id='word_1_483' title='bbox 2478 4557 2540 4610; x_wconf 80' lang='grc' dir='ltr'><strong>οὗ</strong></span> <span class='ocrx_word' id='word_1_484' title='bbox 2569 4555 2660 4610; x_wconf 86' lang='lat' dir='ltr'><strong>xui</strong></span> <span class='ocrx_word' id='word_1_485' title='bbox 2715 4555 2878 4633; x_wconf 86' lang='grc' dir='ltr'>μέρος</span> <span class='ocrx_word' id='word_1_486' title='bbox 2928 4556 3018 4611; x_wconf 84' lang='grc' dir='ltr'><strong>καὶ</strong></span> <span class='ocrx_word' id='word_1_487' title='bbox 3077 4553 3335 4627; x_wconf 74' lang='grc' dir='ltr'>ζηλωτὴς</span> <span class='ocrx_word' id='word_1_488' title='bbox 3383 4558 3473 4612; x_wconf 83' lang='grc' dir='ltr'><strong>καὶ</strong></span> <span class='ocrx_word' id='word_1_489' title='bbox 3521 4558 3799 4630; x_wconf 77' lang='grc' dir='ltr'>μιμητὴς,</span> 
     </span>
    </p>
   </div>
   <div class='ocr_carea' id='block_1_73' title="bbox 2135 4641 3802 4720">
    <p class='ocr_par' dir='ltr' id='par_1_73' title="bbox 2135 4641 3802 4720">
     <span class='ocr_line' id='line_1_73' title="bbox 2135 4641 3802 4720; baseline 0.001 -21"><span class='ocrx_word' id='word_1_490' title='bbox 2135 4643 2327 4720; x_wconf 81' lang='grc' dir='ltr'>ῥητέον</span> <span class='ocrx_word' id='word_1_491' title='bbox 2380 4641 2448 4713; x_wconf 87' lang='grc' dir='ltr'>δ’,</span> <span class='ocrx_word' id='word_1_492' title='bbox 2500 4642 2584 4698; x_wconf 78' lang='grc' dir='ltr'><strong>ὅτι</strong></span> <span class='ocrx_word' id='word_1_493' title='bbox 2633 4643 2722 4698; x_wconf 83' lang='grc' dir='ltr'><strong>καὶ</strong></span> <span class='ocrx_word' id='word_1_494' title='bbox 2782 4646 3052 4718; x_wconf 75' lang='grc' dir='ltr'>μαθητὴς,</span> <span class='ocrx_word' id='word_1_495' title='bbox 3107 4643 3295 4706; x_wconf 82' lang='grc' dir='ltr'>ἄλλως</span> <span class='ocrx_word' id='word_1_496' title='bbox 3344 4643 3402 4701; x_wconf 76' lang='grc' dir='ltr'>δὲ</span> <span class='ocrx_word' id='word_1_497' title='bbox 3454 4646 3558 4719; x_wconf 79' lang='grc' dir='ltr'><strong>ἄρα</strong></span> <span class='ocrx_word' id='word_1_498' title='bbox 3595 4647 3688 4700; x_wconf 80' lang='grc' dir='ltr'><strong>καὶ</strong></span> <span class='ocrx_word' id='word_1_499' title='bbox 3723 4643 3802 4701; x_wconf 87' lang='grc' dir='ltr'>δι-</span> 
     </span>
    </p>
   </div>
   <div class='ocr_carea' id='block_1_74' title="bbox 2134 4729 3803 4809">
    <p class='ocr_par' dir='ltr' id='par_1_74' title="bbox 2134 4729 3803 4809">
     <span class='ocr_line' id='line_1_74' title="bbox 2134 4729 3803 4809; baseline 0.002 -22"><span class='ocrx_word' id='word_1_500' title='bbox 2134 4729 2406 4794; x_wconf 85' lang='grc' dir='ltr'>δάσκαλος</span> <span class='ocrx_word' id='word_1_501' title='bbox 2459 4733 2487 4788; x_wconf 90' lang='lat'><strong>6</strong></span> <span class='ocrx_word' id='word_1_502' title='bbox 2542 4731 2894 4809; x_wconf 79' lang='grc' dir='ltr'>εύαγγελικὸς</span> <span class='ocrx_word' id='word_1_503' title='bbox 2945 4731 3340 4805; x_wconf 75' lang='grc' dir='ltr'>οἰκοδεσπότης</span> <span class='ocrx_word' id='word_1_504' title='bbox 3397 4734 3457 4797; x_wconf 83' lang='grc' dir='ltr'>ὃς</span> <span class='ocrx_word' id='word_1_505' title='bbox 3508 4732 3803 4806; x_wconf 69' lang='grc' dir='ltr'>διαπωλή-</span> 
     </span>
    </p>
   </div>
   <div class='ocr_carea' id='block_1_75' title="bbox 2132 4820 3800 4901">
    <p class='ocr_par' dir='ltr' id='par_1_75' title="bbox 2132 4820 3800 4901">
     <span class='ocr_line' id='line_1_75' title="bbox 2132 4820 3800 4901; baseline 0.002 -25"><span class='ocrx_word' id='word_1_506' title='bbox 2132 4843 2227 4885; x_wconf 88' lang='grc' dir='ltr'><strong>σας</strong></span> <span class='ocrx_word' id='word_1_507' title='bbox 2261 4823 2490 4893; x_wconf 75' lang='grc' dir='ltr'>ἅπαντα,</span> <span class='ocrx_word' id='word_1_508' title='bbox 2536 4820 2635 4878; x_wconf 73' lang='grc' dir='ltr'><strong>ὅσα</strong></span> <span class='ocrx_word' id='word_1_509' title='bbox 2682 4822 2930 4898; x_wconf 83' lang='grc' dir='ltr'>ὑπῆρχεν</span> <span class='ocrx_word' id='word_1_510' title='bbox 2968 4824 3143 4897; x_wconf 80' lang='grc' dir='ltr'>αὐτῷ,</span> <span class='ocrx_word' id='word_1_511' title='bbox 3190 4824 3285 4879; x_wconf 87' lang='grc' dir='ltr'><strong>τὸν</strong></span> <span class='ocrx_word' id='word_1_512' title='bbox 3316 4822 3630 4896; x_wconf 82' lang='grc' dir='ltr'>πολύτιμον</span> <span class='ocrx_word' id='word_1_513' title='bbox 3666 4845 3800 4901; x_wconf 87' lang='grc' dir='ltr'>μαρ-</span> 
     </span>
    </p>
   </div>
   <div class='ocr_carea' id='block_1_76' title="bbox 2128 4909 3793 4988">
    <p class='ocr_par' dir='ltr' id='par_1_76' title="bbox 2128 4909 3793 4988">
     <span class='ocr_line' id='line_1_76' title="bbox 2128 4909 3793 4988; baseline 0.002 -22"><span class='ocrx_word' id='word_1_514' title='bbox 2128 4910 2354 4986; x_wconf 88' lang='grc' dir='ltr'>γαρίτην</span> <span class='ocrx_word' id='word_1_515' title='bbox 2414 4909 2637 4988; x_wconf 84' lang='grc' dir='ltr'>ἐπρίατο</span> <span class='ocrx_word' id='word_1_516' title='bbox 2672 4955 2687 4969; x_wconf 90' lang='grc'><strong>.</strong></span> <span class='ocrx_word' id='word_1_517' title='bbox 2747 4910 2853 4967; x_wconf 86' lang='grc' dir='ltr'>Καὶ</span> <span class='ocrx_word' id='word_1_518' title='bbox 2929 4911 3074 4966; x_wconf 75' lang='grc' dir='ltr'>οὕτω</span> <span class='ocrx_word' id='word_1_519' title='bbox 3144 4913 3238 4986; x_wconf 73' lang='grc' dir='ltr'><strong>μὶν</strong></span> <span class='ocrx_word' id='word_1_520' title='bbox 3319 4913 3408 4967; x_wconf 87' lang='grc' dir='ltr'>καὶ</span> <span class='ocrx_word' id='word_1_521' title='bbox 3471 4910 3564 4968; x_wconf 77' lang='grc' dir='ltr'><strong>διὰ</strong></span> <span class='ocrx_word' id='word_1_522' title='bbox 3631 4917 3793 4969; x_wconf 78' lang='grc' dir='ltr'>τοῦτο</span> 
     </span>
    </p>
   </div>
   <div class='ocr_carea' id='block_1_77' title="bbox 2131 4999 3789 5078">
    <p class='ocr_par' dir='ltr' id='par_1_77' title="bbox 2131 4999 3789 5078">
     <span class='ocr_line' id='line_1_77' title="bbox 2131 4999 3789 5078; baseline 0.001 -23"><span class='ocrx_word' id='word_1_523' title='bbox 2131 5001 2288 5072; x_wconf 81' lang='grc' dir='ltr'>ὑμεῖς</span> <span class='ocrx_word' id='word_1_524' title='bbox 2318 4999 2479 5069; x_wconf 82' lang='grc' dir='ltr'>ἥκετε</span> <span class='ocrx_word' id='word_1_525' title='bbox 2517 4999 2593 5062; x_wconf 76' lang='grc' dir='ltr'>εἰς</span> <span class='ocrx_word' id='word_1_526' title='bbox 2635 5000 2697 5055; x_wconf 84' lang='grc' dir='ltr'><strong>τὸ</strong></span> <span class='ocrx_word' id='word_1_527' title='bbox 2743 5001 2889 5055; x_wconf 82' lang='grc' dir='ltr'>θεῖον</span> <span class='ocrx_word' id='word_1_528' title='bbox 2919 5004 3080 5056; x_wconf 78' lang='grc' dir='ltr'>τοῦτο</span> <span class='ocrx_word' id='word_1_529' title='bbox 3117 5001 3439 5078; x_wconf 85' lang='grc' dir='ltr'>ἀνάκτορον,</span> <span class='ocrx_word' id='word_1_530' title='bbox 3475 4999 3789 5076; x_wconf 77' lang='grc' dir='ltr'>ληψόμενοι</span> 
     </span>
    </p>
   </div>
   <div class='ocr_carea' id='block_1_78' title="bbox 2129 5088 3784 5164">
    <p class='ocr_par' dir='ltr' id='par_1_78' title="bbox 2129 5088 3784 5164">
     <span class='ocr_line' id='line_1_78' title="bbox 2129 5088 3784 5164; baseline -0.001 -20"><span class='ocrx_word' id='word_1_531' title='bbox 2129 5088 2361 5144; x_wconf 76' lang='grc' dir='ltr'>ἐντεῦθεν</span> <span class='ocrx_word' id='word_1_532' title='bbox 2421 5088 2472 5162; x_wconf 71' lang='grc' dir='ltr'><strong>ἐξ</strong></span> <span class='ocrx_word' id='word_1_533' title='bbox 2529 5091 2716 5162; x_wconf 78' lang='grc' dir='ltr'>ἡμῶν,</span> <span class='ocrx_word' id='word_1_534' title='bbox 2774 5089 2852 5152; x_wconf 88' lang='grc' dir='ltr'>ὡς</span> <span class='ocrx_word' id='word_1_535' title='bbox 2908 5091 2999 5144; x_wconf 77' lang='grc' dir='ltr'>οἶα</span> <span class='ocrx_word' id='word_1_536' title='bbox 3062 5088 3484 5164; x_wconf 81' lang='grc' dir='ltr'>βαρυπλούτων,</span> <span class='ocrx_word' id='word_1_537' title='bbox 3541 5091 3608 5146; x_wconf 73' lang='grc' dir='ltr'>τὰ</span> <span class='ocrx_word' id='word_1_538' title='bbox 3661 5092 3784 5164; x_wconf 84' lang='grc' dir='ltr'>ὑμῖν</span> 
     </span>
    </p>
   </div>
   <div class='ocr_carea' id='block_1_79' title="bbox 2130 5177 3773 5257">
    <p class='ocr_par' dir='ltr' id='par_1_79' title="bbox 2130 5177 3773 5257">
     <span class='ocr_line' id='line_1_79' title="bbox 2130 5177 3773 5257; baseline -0.003 -23"><span class='ocrx_word' id='word_1_539' title='bbox 2130 5179 2206 5241; x_wconf 76' lang='grc' dir='ltr'><strong>εἰς</strong></span> <span class='ocrx_word' id='word_1_540' title='bbox 2260 5185 2361 5248; x_wconf 76' lang='grc' dir='ltr'>τὴν</span> <span class='ocrx_word' id='word_1_541' title='bbox 2417 5179 2784 5256; x_wconf 85' lang='grc' dir='ltr'>προκειμένην</span> <span class='ocrx_word' id='word_1_542' title='bbox 2835 5177 3114 5243; x_wconf 78' lang='grc' dir='ltr'>εὐσταλῶς</span> <span class='ocrx_word' id='word_1_543' title='bbox 3172 5179 3440 5257; x_wconf 85' lang='grc' dir='ltr'>ἐμπορίαν</span> <span class='ocrx_word' id='word_1_544' title='bbox 3483 5182 3726 5257; x_wconf 80' lang='grc' dir='ltr'>χρήσιμα</span> <span class='ocrx_word' id='word_1_545' title='bbox 3757 5219 3773 5245; x_wconf 91' lang='grc'><strong>,</strong></span> 
     </span>
    </p>
   </div>
   <div class='ocr_carea' id='block_1_80' title="bbox 365 5265 2034 5372">
    <p class='ocr_par' dir='ltr' id='par_1_80' title="bbox 365 5271 2015 5344">
     <span class='ocr_line' id='line_1_80' title="bbox 365 5271 2015 5344; baseline 0 -16"><span class='ocrx_word' id='word_1_546' title='bbox 365 5279 560 5329; x_wconf 90' lang='lat' dir='ltr'><strong>turam</strong></span> <span class='ocrx_word' id='word_1_547' title='bbox 592 5271 796 5327; x_wconf 83' lang='lat' dir='ltr'><strong>sedulo</strong></span> <span class='ocrx_word' id='word_1_548' title='bbox 827 5271 1230 5343; x_wconf 85' lang='lat' dir='ltr'><strong>exerceatis,et</strong></span> <span class='ocrx_word' id='word_1_549' title='bbox 1261 5289 1327 5327; x_wconf 88' lang='lat' dir='ltr'><strong>ea</strong></span> <span class='ocrx_word' id='word_1_550' title='bbox 1357 5289 1484 5344; x_wconf 83' lang='lat' dir='ltr'><strong>quae</strong></span> <span class='ocrx_word' id='word_1_551' title='bbox 1512 5274 1623 5328; x_wconf 93' lang='lat' dir='ltr'><strong>Deo</strong></span> <span class='ocrx_word' id='word_1_552' title='bbox 1654 5272 1874 5344; x_wconf 88' lang='lat' dir='ltr'><strong>Deique</strong></span> <span class='ocrx_word' id='word_1_553' title='bbox 1891 5289 2015 5328; x_wconf 85' lang='lat' dir='ltr'><strong>ser-</strong></span> 
     </span>
    </p>
   </div>
   <div class='ocr_carea' id='block_1_81' title="bbox 2152 5265 3781 5372">
    <p class='ocr_par' dir='ltr' id='par_1_81' title="bbox 2152 5265 3781 5344">
     <span class='ocr_line' id='line_1_81' title="bbox 2152 5265 3781 5344; baseline -0.002 -22"><span class='ocrx_word' id='word_1_554' title='bbox 2152 5289 2210 5323; x_wconf 87' lang='grc' dir='ltr'><strong>να</strong></span> <span class='ocrx_word' id='word_1_555' title='bbox 2241 5266 2328 5324; x_wconf 79' lang='grc' dir='ltr'><strong>διὰ</strong></span> <span class='ocrx_word' id='word_1_556' title='bbox 2355 5273 2465 5324; x_wconf 80' lang='grc' dir='ltr'><strong>τῶν</strong></span> <span class='ocrx_word' id='word_1_557' title='bbox 2495 5269 2759 5324; x_wconf 82' lang='grc' dir='ltr'>τοιούτων</span> <span class='ocrx_word' id='word_1_558' title='bbox 2807 5269 2883 5331; x_wconf 86' lang='grc' dir='ltr'><strong>ὡς</strong></span> <span class='ocrx_word' id='word_1_559' title='bbox 2931 5270 3022 5324; x_wconf 86' lang='grc' dir='ltr'><strong>οία</strong></span> <span class='ocrx_word' id='word_1_560' title='bbox 3066 5269 3157 5325; x_wconf 85' lang='grc' dir='ltr'><strong>καὶ</strong></span> <span class='ocrx_word' id='word_1_561' title='bbox 3207 5267 3578 5344; x_wconf 82' lang='grc' dir='ltr'>δανεισμάτων</span> <span class='ocrx_word' id='word_1_562' title='bbox 3627 5265 3781 5336; x_wconf 81' lang='grc' dir='ltr'>μεθο-</span> 
     </span>
    </p>
   </div>
   <div class='ocr_carea' id='block_1_82' title="bbox 363 5362 2015 5435">
    <p class='ocr_par' dir='ltr' id='par_1_82' title="bbox 363 5362 2015 5435">
     <span class='ocr_line' id='line_1_82' title="bbox 363 5362 2015 5435; baseline 0.001 -18"><span class='ocrx_word' id='word_1_563' title='bbox 363 5362 450 5417; x_wconf 90' lang='lat' dir='ltr'><strong>vis</strong></span> <span class='ocrx_word' id='word_1_564' title='bbox 485 5365 624 5416; x_wconf 90' lang='lat' dir='ltr'><strong>sunt</strong></span> <span class='ocrx_word' id='word_1_565' title='bbox 655 5362 1267 5434; x_wconf 87' lang='lat' dir='ltr'><strong>cbara,copiosissime</strong></span> <span class='ocrx_word' id='word_1_566' title='bbox 1297 5362 1672 5435; x_wconf 82' lang='lat' dir='ltr'><strong>comparatis.</strong></span> <span class='ocrx_word' id='word_1_567' title='bbox 1715 5367 1831 5435; x_wconf 88' lang='lat' dir='ltr'><strong>Ego</strong></span> <span class='ocrx_word' id='word_1_568' title='bbox 1862 5379 2015 5434; x_wconf 89' lang='lat' dir='ltr'><strong>vero,</strong></span> 
     </span>
    </p>
   </div>
   <div class='ocr_carea' id='block_1_83' title="bbox 2129 5355 3785 5436">
    <p class='ocr_par' dir='ltr' id='par_1_83' title="bbox 2129 5355 3785 5436">
     <span class='ocr_line' id='line_1_83' title="bbox 2129 5355 3785 5436; baseline -0.004 -23"><span class='ocrx_word' id='word_1_569' title='bbox 2129 5355 2405 5430; x_wconf 84' lang='grc' dir='ltr'>δευθείητε</span> <span class='ocrx_word' id='word_1_570' title='bbox 2456 5358 2534 5422; x_wconf 86' lang='grc' dir='ltr'>εἷς</span> <span class='ocrx_word' id='word_1_571' title='bbox 2590 5358 2655 5415; x_wconf 85' lang='grc' dir='ltr'><strong>τὸ</strong></span> <span class='ocrx_word' id='word_1_572' title='bbox 2713 5358 2950 5434; x_wconf 85' lang='grc' dir='ltr'>ψυχικὸν</span> <span class='ocrx_word' id='word_1_573' title='bbox 3011 5358 3356 5436; x_wconf 77' lang='grc' dir='ltr'>έμπόρευμα,</span> <span class='ocrx_word' id='word_1_574' title='bbox 3413 5361 3499 5415; x_wconf 81' lang='grc' dir='ltr'><strong>καὶ</strong></span> <span class='ocrx_word' id='word_1_575' title='bbox 3552 5355 3785 5410; x_wconf 87' lang='grc' dir='ltr'>πλουτι-</span> 
     </span>
    </p>
   </div>
   <div class='ocr_carea' id='block_1_84' title="bbox 362 5446 2034 5526">
    <p class='ocr_par' dir='ltr' id='par_1_84' title="bbox 362 5451 2012 5524">
     <span class='ocr_line' id='line_1_84' title="bbox 362 5451 2012 5524; baseline 0.001 -16"><span class='ocrx_word' id='word_1_576' title='bbox 362 5456 419 5508; x_wconf 89' lang='lat' dir='ltr'><strong>et</strong></span> <span class='ocrx_word' id='word_1_577' title='bbox 454 5451 503 5507; x_wconf 92' lang='lat' dir='ltr'><strong>si</strong></span> <span class='ocrx_word' id='word_1_578' title='bbox 534 5451 747 5508; x_wconf 88' lang='lat' dir='ltr'><strong>divinis</strong></span> <span class='ocrx_word' id='word_1_579' title='bbox 807 5468 922 5508; x_wconf 88' lang='lat' dir='ltr'><strong>nou</strong></span> <span class='ocrx_word' id='word_1_580' title='bbox 979 5452 1312 5523; x_wconf 86' lang='lat' dir='ltr'><strong>abundans,</strong></span> <span class='ocrx_word' id='word_1_581' title='bbox 1363 5453 1465 5507; x_wconf 88' lang='lat' dir='ltr'><strong>sed</strong></span> <span class='ocrx_word' id='word_1_582' title='bbox 1523 5456 1809 5524; x_wconf 87' lang='lat' dir='ltr'><strong>quantum</strong></span> <span class='ocrx_word' id='word_1_583' title='bbox 1845 5453 2012 5509; x_wconf 89' lang='lat' dir='ltr'><strong>decet</strong></span> 
     </span>
    </p>
   </div>
   <div class='ocr_carea' id='block_1_85' title="bbox 2152 5446 3793 5526">
    <p class='ocr_par' dir='ltr' id='par_1_85' title="bbox 2152 5446 3793 5526">
     <span class='ocr_line' id='line_1_85' title="bbox 2152 5446 3793 5526; baseline -0.002 -24"><span class='ocrx_word' id='word_1_584' title='bbox 2152 5449 2340 5519; x_wconf 77' lang='grc' dir='ltr'>’θείητε</span> <span class='ocrx_word' id='word_1_585' title='bbox 2395 5448 2462 5504; x_wconf 80' lang='grc' dir='ltr'><strong>τὰ</strong></span> <span class='ocrx_word' id='word_1_586' title='bbox 2513 5447 2648 5526; x_wconf 82' lang='grc' dir='ltr'>φίλα</span> <span class='ocrx_word' id='word_1_587' title='bbox 2695 5448 2785 5503; x_wconf 82' lang='grc' dir='ltr'><strong>καὶ</strong></span> <span class='ocrx_word' id='word_1_588' title='bbox 2833 5452 2914 5520; x_wconf 82' lang='grc' dir='ltr'><strong>τῷ</strong></span> <span class='ocrx_word' id='word_1_589' title='bbox 2964 5453 3082 5522; x_wconf 84' lang='grc' dir='ltr'>Θεῷ</span> <span class='ocrx_word' id='word_1_590' title='bbox 3127 5449 3219 5505; x_wconf 89' lang='lat' dir='ltr'><strong>xui</strong></span> <span class='ocrx_word' id='word_1_591' title='bbox 3257 5456 3376 5514; x_wconf 83' lang='grc' dir='ltr'>τοῖς</span> <span class='ocrx_word' id='word_1_592' title='bbox 3423 5446 3574 5504; x_wconf 75' lang='grc' dir='ltr'>αὐτὸν</span> <span class='ocrx_word' id='word_1_593' title='bbox 3630 5446 3793 5519; x_wconf 60' lang='lat' dir='ltr'><strong>Sepu-</strong></span> 
     </span>
    </p>
   </div>
   <div class='ocr_carea' id='block_1_86' title="bbox 359 5535 2034 5614">
    <p class='ocr_par' dir='ltr' id='par_1_86' title="bbox 359 5539 2014 5614">
     <span class='ocr_line' id='line_1_86' title="bbox 359 5539 2014 5614; baseline 0.001 -18"><span class='ocrx_word' id='word_1_594' title='bbox 359 5539 509 5598; x_wconf 92' lang='lat' dir='ltr'><strong>lucri</strong></span> <span class='ocrx_word' id='word_1_595' title='bbox 543 5541 815 5614; x_wconf 90' lang='lat' dir='ltr'><strong>cupidus,</strong></span> <span class='ocrx_word' id='word_1_596' title='bbox 851 5558 1082 5597; x_wconf 90' lang='lat' dir='ltr'><strong>sacrum</strong></span> <span class='ocrx_word' id='word_1_597' title='bbox 1141 5541 1429 5598; x_wconf 87' lang='lat' dir='ltr'><strong>talentum</strong></span> <span class='ocrx_word' id='word_1_598' title='bbox 1489 5541 1671 5612; x_wconf 88' lang='lat' dir='ltr'><strong>pratis</strong></span> <span class='ocrx_word' id='word_1_599' title='bbox 1725 5541 2014 5613; x_wconf 88' lang='lat' dir='ltr'><strong>deponere</strong></span> 
     </span>
    </p>
   </div>
   <div class='ocr_carea' id='block_1_87' title="bbox 2152 5535 3793 5614">
    <p class='ocr_par' dir='ltr' id='par_1_87' title="bbox 2152 5535 3793 5614">
     <span class='ocr_line' id='line_1_87' title="bbox 2152 5535 3793 5614; baseline 0 -22"><span class='ocrx_word' id='word_1_600' title='bbox 2152 5538 2404 5595; x_wconf 78' lang='grc' dir='ltr'>τεύουσιν.</span> <span class='ocrx_word' id='word_1_601' title='bbox 2439 5539 2583 5614; x_wconf 85' lang='grc' dir='ltr'><strong>Ἐγὼ</strong></span> <span class='ocrx_word' id='word_1_602' title='bbox 2627 5535 2707 5606; x_wconf 78' lang='grc' dir='ltr'>δὶ,</span> <span class='ocrx_word' id='word_1_603' title='bbox 2755 5536 2807 5593; x_wconf 79' lang='grc' dir='ltr'><strong>εἷ’</strong></span> <span class='ocrx_word' id='word_1_604' title='bbox 2851 5538 2941 5593; x_wconf 80' lang='grc' dir='ltr'><strong>καὶ</strong></span> <span class='ocrx_word' id='word_1_605' title='bbox 2999 5539 3076 5612; x_wconf 77' lang='grc' dir='ltr'>μὴ</span> <span class='ocrx_word' id='word_1_606' title='bbox 3124 5539 3194 5594; x_wconf 81' lang='grc' dir='ltr'><strong>τὰ</strong></span> <span class='ocrx_word' id='word_1_607' title='bbox 3243 5544 3360 5604; x_wconf 82' lang='grc' dir='ltr'>θεῖα</span> <span class='ocrx_word' id='word_1_608' title='bbox 3417 5535 3793 5614; x_wconf 80' lang='grc' dir='ltr'>εύπεριουσὶα-</span> 
     </span>
    </p>
   </div>
   <div class='ocr_carea' id='block_1_88' title="bbox 361 5625 2034 5705">
    <p class='ocr_par' dir='ltr' id='par_1_88' title="bbox 361 5629 2016 5700">
     <span class='ocr_line' id='line_1_88' title="bbox 361 5629 2016 5700; baseline 0.002 -14"><span class='ocrx_word' id='word_1_609' title='bbox 361 5630 591 5698; x_wconf 88' lang='lat' dir='ltr'><strong>nolens,</strong></span> <span class='ocrx_word' id='word_1_610' title='bbox 625 5633 728 5687; x_wconf 89' lang='lat' dir='ltr'><strong>sed</strong></span> <span class='ocrx_word' id='word_1_611' title='bbox 763 5629 931 5700; x_wconf 91' lang='lat' dir='ltr'><strong>illud,</strong></span> <span class='ocrx_word' id='word_1_612' title='bbox 982 5631 1119 5686; x_wconf 89' lang='lat' dir='ltr'><strong>boni</strong></span> <span class='ocrx_word' id='word_1_613' title='bbox 1159 5630 1542 5686; x_wconf 88' lang='lat' dir='ltr'><strong>nummularii</strong></span> <span class='ocrx_word' id='word_1_614' title='bbox 1572 5629 2016 5697; x_wconf 85' lang='lat' dir='ltr'><strong>iustar,utiliter</strong></span> 
     </span>
    </p>
   </div>
   <div class='ocr_carea' id='block_1_89' title="bbox 2152 5625 3794 5705">
    <p class='ocr_par' dir='ltr' id='par_1_89' title="bbox 2152 5625 3794 5705">
     <span class='ocr_line' id='line_1_89' title="bbox 2152 5625 3794 5705; baseline -0.001 -21"><span class='ocrx_word' id='word_1_615' title='bbox 2152 5647 2270 5696; x_wconf 79' lang='grc' dir='ltr'>τος,</span> <span class='ocrx_word' id='word_1_616' title='bbox 2297 5625 2424 5684; x_wconf 83' lang='grc' dir='ltr'>ἀλλ’</span> <span class='ocrx_word' id='word_1_617' title='bbox 2459 5626 2552 5683; x_wconf 77' lang='grc' dir='ltr'>οὖν</span> <span class='ocrx_word' id='word_1_618' title='bbox 2579 5625 2914 5705; x_wconf 75' lang='grc' dir='ltr'>φιλοκερδὴς</span> <span class='ocrx_word' id='word_1_619' title='bbox 2948 5627 3022 5683; x_wconf 87' lang='grc' dir='ltr'>ὣν</span> <span class='ocrx_word' id='word_1_620' title='bbox 3074 5627 3126 5684; x_wconf 76' lang='grc' dir='ltr'>ἐν</span> <span class='ocrx_word' id='word_1_621' title='bbox 3177 5625 3378 5700; x_wconf 82' lang='grc' dir='ltr'>δέοντι,</span> <span class='ocrx_word' id='word_1_622' title='bbox 3408 5629 3500 5684; x_wconf 84' lang='lat' dir='ltr'><strong>xui</strong></span> <span class='ocrx_word' id='word_1_623' title='bbox 3551 5627 3614 5682; x_wconf 79' lang='grc' dir='ltr'>τὸ</span> <span class='ocrx_word' id='word_1_624' title='bbox 3646 5627 3794 5702; x_wconf 73' lang='grc' dir='ltr'>ἱερὸν</span> 
     </span>
    </p>
   </div>
   <div class='ocr_carea' id='block_1_90' title="bbox 358 5713 2034 5793">
    <p class='ocr_par' dir='ltr' id='par_1_90' title="bbox 358 5717 2013 5792">
     <span class='ocr_line' id='line_1_90' title="bbox 358 5717 2013 5792; baseline 0.001 -15"><span class='ocrx_word' id='word_1_625' title='bbox 358 5719 804 5785; x_wconf 86' lang='lat' dir='ltr'><strong>administrare,</strong></span> <span class='ocrx_word' id='word_1_626' title='bbox 856 5719 1232 5792; x_wconf 82' lang='lat' dir='ltr'><strong>fructumque</strong></span> <span class='ocrx_word' id='word_1_627' title='bbox 1286 5719 1433 5775; x_wconf 87' lang='lat' dir='ltr'><strong>mihi</strong></span> <span class='ocrx_word' id='word_1_628' title='bbox 1481 5717 1922 5776; x_wconf 87' lang='lat' dir='ltr'><strong>convenientem</strong></span> <span class='ocrx_word' id='word_1_629' title='bbox 1944 5738 2013 5779; x_wconf 81' lang='lat' dir='ltr'><strong>ex</strong></span> 
     </span>
    </p>
   </div>
   <div class='ocr_carea' id='block_1_91' title="bbox 2152 5713 3794 5793">
    <p class='ocr_par' dir='ltr' id='par_1_91' title="bbox 2158 5713 3794 5793">
     <span class='ocr_line' id='line_1_91' title="bbox 2158 5713 3794 5793; baseline 0 -21"><span class='ocrx_word' id='word_1_630' title='bbox 2158 5715 2383 5773; x_wconf 84' lang='grc' dir='ltr'>άλαντον</span> <span class='ocrx_word' id='word_1_631' title='bbox 2466 5715 2902 5790; x_wconf 80' lang='grc' dir='ltr'>ἀπαναινόμινος</span> <span class='ocrx_word' id='word_1_632' title='bbox 2989 5715 3198 5793; x_wconf 74' lang='grc' dir='ltr'>δωρεὰν</span> <span class='ocrx_word' id='word_1_633' title='bbox 3279 5713 3725 5773; x_wconf 72' lang='grc' dir='ltr'>καταϐάλλεσθαι</span> <span class='ocrx_word' id='word_1_634' title='bbox 3777 5762 3794 5788; x_wconf 84' lang='grc'><strong>,</strong></span> 
     </span>
    </p>
   </div>
   <div class='ocr_carea' id='block_1_92' title="bbox 359 5803 2034 5885">
    <p class='ocr_par' dir='ltr' id='par_1_92' title="bbox 359 5810 2016 5885">
     <span class='ocr_line' id='line_1_92' title="bbox 359 5810 2016 5885; baseline 0.001 -17"><span class='ocrx_word' id='word_1_635' title='bbox 359 5810 478 5884; x_wconf 91' lang='lat' dir='ltr'><strong>pilo</strong></span> <span class='ocrx_word' id='word_1_636' title='bbox 507 5810 814 5885; x_wconf 89' lang='lat' dir='ltr'><strong>percipere</strong></span> <span class='ocrx_word' id='word_1_637' title='bbox 834 5822 1123 5878; x_wconf 81' lang='lat' dir='ltr'><strong>quaerens,</strong></span> <span class='ocrx_word' id='word_1_638' title='bbox 1146 5812 1433 5880; x_wconf 86' lang='lat' dir='ltr'><strong>tanquam</strong></span> <span class='ocrx_word' id='word_1_639' title='bbox 1465 5825 1582 5866; x_wconf 89' lang='lat' dir='ltr'><strong>non</strong></span> <span class='ocrx_word' id='word_1_640' title='bbox 1607 5825 1816 5868; x_wconf 89' lang='lat' dir='ltr'><strong>verens</strong></span> <span class='ocrx_word' id='word_1_641' title='bbox 1837 5811 2016 5869; x_wconf 83' lang='lat' dir='ltr'><strong>ratio-</strong></span> 
     </span>
    </p>
   </div>
   <div class='ocr_carea' id='block_1_93' title="bbox 2152 5803 3794 5885">
    <p class='ocr_par' dir='ltr' id='par_1_93' title="bbox 2152 5803 3794 5884">
     <span class='ocr_line' id='line_1_93' title="bbox 2152 5803 3794 5884; baseline -0.001 -22"><span class='ocrx_word' id='word_1_642' title='bbox 2152 5810 2305 5877; x_wconf 76' lang='grc' dir='ltr'>ζητῶν</span> <span class='ocrx_word' id='word_1_643' title='bbox 2366 5803 2425 5862; x_wconf 75' lang='grc' dir='ltr'>δὲ</span> <span class='ocrx_word' id='word_1_644' title='bbox 2472 5806 2679 5882; x_wconf 73' lang='grc' dir='ltr'>ἀγαθοῦ</span> <span class='ocrx_word' id='word_1_645' title='bbox 2733 5806 3061 5880; x_wconf 84' lang='grc' dir='ltr'>τραπεζίτου</span> <span class='ocrx_word' id='word_1_646' title='bbox 3110 5804 3270 5880; x_wconf 83' lang='grc' dir='ltr'>δίκην</span> <span class='ocrx_word' id='word_1_647' title='bbox 3328 5805 3461 5864; x_wconf 73' lang='grc' dir='ltr'>αὐτὸ</span> <span class='ocrx_word' id='word_1_648' title='bbox 3517 5803 3794 5884; x_wconf 82' lang='grc' dir='ltr'>διαχειρί-</span> 
     </span>
    </p>
   </div>
  </div>
