4130 6374
359 398 483 459 585

1370 392 1451 454 IN
1495 393 1563 455 S.
1609 387 2295 465 QUADRAGESIMAM
2341 389 2636 453 ORATIO
2679 387 2756 449 ll.

3655 390 3778 453 586

358 537 563 604 ζεσθαι,
641 527 732 587 καὶ
794 526 955 585 τύκον
1027 492 1191 584 αὐτοῦ
1243 504 1660 601 ἀπολαμϐάνεεν
1712 523 1838 600 ἐμοὶ
1895 521 2014 598 ἆρὲ-

2142 540 2268 580 1um
2299 522 2871 596 inquisitorem,nisi
2890 524 3238 582 centesimas
3268 527 3370 581 aut
3397 524 3777 602 duplum,sed

352 641 574 691 σκοντα,
623 620 710 677 οἷα
771 618 849 694 μὴ
905 613 1310 692 εύλαϐούμενος
1349 616 1442 672 τὸν
1500 615 1908 692 λογιστεύοντα,
1968 613 2013 667 εἰ

361 712 442 789 μὴ
473 698 766 772 ἓκατοστὰς
794 707 831 778 ἢ
859 706 1151 793 ἡμιολίας,
1205 705 1350 763 ἀλλὰ
1398 703 1601 780 πολλῷ
1661 703 1846 793 πλείω
1888 702 2020 759 τού-

234 852 239 855 λ
354 820 470 859 των
524 801 740 857 ἀπαιτῶ
797 792 1136 870 είςκέρδος,
1172 795 1287 852 ὀὐκ
1325 795 1387 850 ἃν
1436 794 1580 851 οὕτω
1640 792 1841 872 ῥᾳδίως
1899 814 2018 850 πει-

362 884 577 961 σθείην
631 885 887 945 ἐκδοῦναι
959 887 1025 942 τὸ
1081 886 1441 958 ζητούμενον.
1500 879 1911 960 Ἀκριϐώσομαι
1962 879 2022 939 δὶ

367 980 501 1037 αὐτό
525 1000 585 1036 τε
611 971 823 1049 λαϐεῖν,
867 975 914 1032 εἶ
961 974 1077 1031 καῖη
1107 975 1185 1048 μή
1238 975 1455 1045 αὐτίκα,
1502 972 1656 1047 ὅμως
1701 970 1748 1028 δ’
1778 974 1877 1028 οὖν
1904 972 2021 1046 μετ’

372 1068 554 1146 ὀλίγον
598 1067 687 1125 καὶ
745 1061 1013 1142 ὠφέλειάν
1077 1085 1169 1138 μοι
1213 1068 1296 1137 τῷ
1352 1065 1575 1141 ἀρχαίῳ
1622 1060 2024 1139 προσεπιδοθῆ-

369 1181 479 1234 ναι,
507 1159 637 1232 ὅπερ
668 1154 782 1212 ἐστὶ
809 1154 901 1210 καὶ
928 1153 1088 1211 τόκον
1119 1152 1207 1208 ἐπὶ
1236 1158 1318 1226 τῷ
1346 1151 1629 1229 κεφαλαίῳ
1685 1157 1782 1208 τοῦ
1814 1149 2018 1207 δανείσ-

370 1268 561 1324 ματος,
592 1240 931 1320 ἔπιϐαρύνων
968 1244 1106 1317 ὑμᾶς
1134 1240 1225 1299 καὶ
1258 1243 1462 1318 ἀνάγκῃ
1493 1242 1772 1319 ἐπαχθοῦς
1804 1238 2049 1319 προστίν

2128 617 2187 669 et
2208 610 2393 670 multo
2426 613 2650 685 majora
2678 617 2938 686 repetam
2972 614 3043 670 ad
3075 613 3329 682 lucrum,
3363 631 3478 671 non
3500 615 3582 673 ita
3608 617 3782 675 facile

2130 703 2522 761 consentirem
2544 704 2774 763 tradere
2801 703 3397 777 quaesitumﬂperam
3413 708 3615 763 autem
3629 708 3782 765 dabo

2128 797 2199 848 ut
2225 792 2397 861 illud,
2422 792 2471 848 si
2502 809 2617 850 non
2651 792 2953 862 continuo,
2987 793 3199 850 saltem
3257 798 3389 865 post
3430 796 3605 852 breve
3632 801 3783 855 tem-

2129 883 2581 955 pus,accipiam,
2611 887 2670 938 et
2696 886 3074 939 commodum
3099 883 3271 951 mihi,
3302 884 3478 955 capiti
3509 885 3787 943 fmnerato

2131 972 2585 1043 superaddatur,
2618 971 2786 1045 quasi
2815 976 2991 1044 caput
3019 988 3270 1028 summae
3302 972 3788 1048 foenerata,gravi

2132 1059 2464 1121 necessario
2519 1077 2622 1117 vos
2651 1077 2903 1117 onerans
2936 1060 3144 1133 multa,
3178 1061 3294 1118 nisi
3335 1061 3447 1120 hoc
3475 1064 3786 1136 prestetis.

2132 1152 2205 1207 Et
2236 1150 2342 1206 hoc
2397 1155 2489 1206 est
2547 1151 2691 1207 mihi
2722 1154 3132 1224 praeceptum,
3165 1155 3321 1224 quod
3372 1157 3693 1210 assumunt
3722 1154 3785 1211 in

2135 1257 2197 1298 se
2226 1240 2327 1313 qui
2358 1239 2586 1296 divinas
2615 1239 3047 1297 exhortationes
3077 1258 3182 1313 pro
3216 1239 3401 1297 nihilo
3431 1242 3672 1299 habent.

366 1356 496 1414 μου,
538 1335 588 1392 εἲ
622 1336 701 1410 μὴ
731 1333 875 1399 οὕτω
905 1334 1181 1404 ποιήσετε.
1226 1331 1326 1387 Καὶ
1377 1328 1487 1388 ἔστι
1536 1353 1629 1407 μοι
1688 1331 1859 1387 ἐκεῖνο
1890 1333 1925 1402 ἠ
1958 1327 2179 1403 ἐντολὴ,
2210 1328 2276 1399 ἦν
2310 1325 2748 1406 ἐηιφορτίζονται
2782 1328 2834 1384 οἱ
2861 1329 2958 1392 τὰς
3018 1327 3160 1394 θείας
3187 1330 3526 1407 παραινέσεις
3564 1330 3787 1408 τιθέμε-

360 1449 451 1486 νοι
478 1432 606 1501 παρ’
652 1422 831 1482 οὐδέν.

438 1518 508 1594 β’.
569 1515 629 1573 Εἰ
674 1513 853 1571 τοίνυν
908 1510 1082 1575 οὕτως
1141 1510 1516 1583 ἑκουσιάζεσθε
1573 1506 1786 1581 λαϐεῖν,
1845 1509 1879 1566 ἃ
1929 1515 2023 1584 ζη-

359 1612 525 1675 τεῖτε,
554 1602 744 1667 καλῶς
791 1604 878 1659 καὶ
940 1600 1218 1678 ἐπιτυχῶς
1278 1602 1407 1676 ὑμῖν
1464 1601 1533 1657 τὰ
1577 1608 1677 1672 τῆς
1710 1598 1842 1657 ὁδοῦ
1889 1598 2023 1670 ἤνυ-

364 1717 505 1753 σταν
539 1694 586 1751 εἰ
617 1692 676 1750 δὲ
732 1690 921 1756 ἄλλως
981 1690 1323 1768 ὀχλήσαντες
1366 1689 1567 1762 ἤλθετε
1611 1691 1673 1746 τὸ
1724 1700 2031 1764 meumst-3‘

364 1787 460 1842 κὸν
505 1787 782 1858 ταμιεῖον,
834 1780 908 1844 εἷς
954 1781 1130 1854 μάτην
1171 1782 1637 1857 Θυροκρουστεῖτε.
1682 1780 1780 1834 Καὶ
1825 1776 1945 1834 ἰδοὺ
1995 1779 2025 1835 ὁ

2200 1510 2255 1565 2.
2287 1509 2344 1567 Si
2378 1525 2518 1582 ergo
2554 1509 2641 1566 sic
2668 1508 2921 1566 libenter
2947 1508 3129 1567 vultis
3172 1511 3436 1584 accipere
3465 1528 3596 1585 quis
3625 1530 3787 1587 qua-

2132 1598 2286 1667 ritis,
2316 1600 2466 1656 bene
2498 1597 2857 1670 feliciterque
2885 1599 3049 1657 vobis
3096 1601 3208 1658 iter
3238 1606 3545 1673 peractum
3577 1607 3705 1674 est;
3734 1604 3789 1662 si

2131 1706 2272 1746 vero
2303 1689 2631 1746 turbulenti
2662 1690 2735 1746 ad
2767 1688 3143 1763 spiritualem
3177 1690 3524 1748 thesaurum
3551 1693 3787 1764 venitis,

2136 1782 2369 1852 portam
2402 1778 2625 1835 frustra
2680 1778 2959 1850 pulsatis.
3002 1781 3146 1835 Ecce
3172 1794 3280 1853 ego
3320 1779 3606 1852 spiritalis
3662 1782 3793 1841 the-

366 1877 506 1933 κατδι
569 1876 785 1946 πνεῦμα
812 1873 1139 1945 ταμιουχῶν
1189 1869 1294 1947 ἐγὼ
1344 1867 1492 1944 λέγω
1542 1870 1696 1942 ὑμῖν,
1727 1868 1801 1931 ὡς
1847 1891 1872 1923 α
1914 1867 2029 1925 Οὐκ

2142 1869 2300 1925 sauri
2331 1867 2781 1927 administrator
2824 1867 2992 1924 vobis
3042 1866 3172 1925 dico
3207 1886 3222 1925 :
3255 1891 3285 1921 «
3316 1869 3525 1927 Nescio
3556 1887 3659 1930 vos
3685 1874 3727 1942 ¹,
3758 1894 3791 1926 ››

365 1963 489 2022 οῖδα
521 1942 682 2039 ὑμᾶς.
712 1942 748 2014 in
775 1942 955 2017 Ἀλλά
1005 1942 1109 2035 γαρ
1158 1942 1487 2032 αἰσθάνομαι
1537 1959 1689 2031 ὑμῶν
1739 1968 2019 2022 κατατιθεε-

2142 1958 2243 2014 Sed
2275 1958 2680 2014 animadverto
2712 1974 2815 2014 vos
2871 1973 3002 2015 esse
3059 1963 3320 2031 paratos,
3364 1959 3417 2016 si
3474 1961 3793 2033 quesitum

369 2056 571 2130 μένων,
603 2044 755 2128 εἴπερ
801 2045 1116 2123 ἐκδανεισθῇ
1146 2048 1210 2104 τὸ
1259 2047 1387 2122 ὑμῖν
1423 2044 1774 2121 ζητούμενον,
1808 2047 1938 2103 αὐτό
1966 2067 2025 2103 τε

370 2144 485 2219 μετ’
515 2142 580 2198 ού
611 2137 759 2196 πολὺ
788 2143 1161 2216 προσενεγκεῖν
1188 2136 1252 2192 τὸ
1281 2134 1578 2215 κεφάλαιον
1610 2130 1831 2212 ἀκριϐεῖ
1857 2141 2024 2213 ζυγῷ,

366 2239 447 2306 τῷ
471 2232 608 2290 κατὰ
637 2227 1011 2300 δικαιοσύνην,
1043 2226 1131 2283 καὶ
1159 2230 1257 2282 τοῦ
1289 2224 1485 2283 ἐκεῖθεν
1528 2227 1896 2303 καρπώματος
1927 2223 2026 2282 οὐκ

374 2320 443 2379 ὄλ
451 2321 563 2397 ίγον
592 2321 945 2393 περίσσευμα.

440 2411 506 2489 γ’.
554 2410 753 2481 Μήπου
809 2405 867 2464 δὶ
912 2405 1003 2462 καὶ
1054 2404 1476 2463 πολλαπλάσιον
1524 2405 1616 2461 καὶ
1664 2404 1753 2485 ἐπὶ
1809 2404 2025 2469 τούτοις

367 2498 573 2576 ἀνοίγω
614 2498 678 2554 τὸ
728 2497 854 2573 παρ’
915 2494 1040 2569 ἐμοὶ
1114 2493 1544 2571 γλωσσόκομον,
1606 2493 1697 2550 καὶ
1766 2495 2027 2574 προφέρω

365 2591 612 2668 κέρματα
640 2584 767 2642 οὔτε
813 2580 1078 2656 κίϐδηλα,
1132 2581 1257 2640 οὔτε
1313 2581 1482 2639 εἲκόνι
1534 2585 1895 2661 γεγραμμένα
1948 2585 2024 2658 μή

369 2677 666 2756 βασιλικῷ,
727 2675 818 2731 καὶ
879 2672 937 2730 εὗ
998 2672 1055 2730 δὲ
1127 2671 1602 2748 κεκωδωνισμένα,
1651 2672 1741 2730 καὶ
1785 2671 2028 2749 λήψεσθε

369 2768 504 2824 αύτᾶ
530 2766 624 2823 καὶ
655 2763 1041 2840 ἐμπωλοῦντες
1068 2761 1381 2837 κερδήσετε,
1415 2763 1477 2818 ού
1527 2763 1620 2818 τὸν
1666 2762 1726 2818 ὲκ
1774 2761 2028 2840 Σάρδεων

372 2858 405 2914 ὃ
451 2856 663 2934 λέγεται
715 2850 1008 2930 ἤλεκτρον,
1073 2850 1203 2908 οὐδε
1257 2854 1324 2908 τὰ
1379 2849 1583 2910 Ἰνδικά
1640 2852 1863 2929 χρυσία,
1913 2850 2029 2907 οὐδ’

375 2946 478 3002 ὃσα
506 2951 603 3015 τῆς
647 2942 794 3001 κάτω
822 2939 1056 3018 τύρϐης,
1084 2942 1209 3016 περὶ
1257 2942 1318 3011 ἣν
1359 2936 1640 3018 τρίϐονται
1695 2942 1749 2997 οἳ
1794 2943 1895 3008 τῆς
1927 2944 2030 3017 γῆς

376 3031 671 3112 ἅνθρωποι,
700 3030 830 3089 ἀλλ’
887 3032 1061 3102 αὐτὴν
1114 3028 1394 3107 βασιλείαν
1442 3029 1706 3107 ούρανῶν.
1739 3029 2028 3104 Ἐντίθημι

374 3122 433 3181 δὲ
464 3124 588 3197 ὑμῖν
634 3121 710 3186 ei;
753 3125 880 3176 νοῦν
934 3121 1025 3177 καὶ
1072 3121 1147 3184 ὡς
1193 3119 1292 3177 οὐκ
1321 3118 1451 3195 ἐμὸν
1482 3118 1545 3174 τὸ
1574 3113 2030 3194 προϐεϐλημένον

368 3212 598 3294 χρυσίον
653 3211 744 3268 καὶ
795 3209 1082 3290 ἀργύριον,
1134 3209 1225 3266 καὶ
1272 3208 1419 3273 ὅλως
1465 3209 1634 3266 εἰπεῖν
1683 3209 1746 3265 τὸ
1793 3207 2027 3265 ἐκδανει-

2132 2046 2299 2104 vobis
2347 2049 2683 2114 t’oeneretur,
2715 2047 2937 2121 ipsum,
2990 2064 3106 2104 non
3166 2047 3355 2106 multo
3412 2053 3566 2121 post,
3620 2069 3786 2125 aquo

2133 2137 2413 2210 pondere,
2439 2138 2594 2209 quod
2619 2141 2709 2193 est
2736 2137 3066 2193 secundum
3086 2137 3405 2209 justitiam,
3433 2139 3784 2198 fmneratum

2133 2230 2333 2298 caput,
2362 2228 2420 2281 et
2450 2225 2688 2282 faenoris
2728 2226 2936 2282 exinde
2964 2227 3120 2300 parti
3150 2243 3267 2284 non
3298 2245 3538 2302 parvam
3570 2230 3787 2287 exube-

2134 2314 2389 2371 rantiam
2421 2315 2649 2371 afferre.

2206 2405 2259 2460 3.
2291 2405 2519 2461 Nedum
2577 2408 2777 2460 autem
2810 2404 3122 2478 multiplex
3151 2422 3330 2479 super
3375 2405 3471 2463 his
3524 2407 3789 2481 aperiam

2138 2495 2295 2568 quod
2319 2497 2410 2550 est
2428 2494 2604 2566 juxta
2635 2510 2729 2550 me
2759 2495 3200 2567 repositorium,
3232 2496 3464 2570 profero
3513 2515 3791 2559 nummos

2138 2599 2245 2641 nec
2275 2583 2658 2652 adulteratos,
2693 2600 2801 2641 nec
2854 2583 2972 2641 alia
3026 2601 3207 2657 quam
3240 2585 3404 2658 regia
3433 2586 3690 2661 imagine
3719 2589 3795 2645 si-

2137 2676 2371 2746 gnatos,
2431 2673 2535 2728 sed
2596 2672 2744 2729 bene
2800 2673 3102 2745 probatos,
3160 2677 3217 2730 et
3247 2675 3551 2748 accipietis
3580 2694 3703 2747 eos,
3734 2681 3796 2736 et

2138 2763 2509 2836 negotiantes
2539 2761 2917 2819 lucrifacietis
2949 2780 3064 2820 non
3106 2763 3388 2821 electrum
3438 2767 3595 2839 quod
3647 2767 3793 2826 dici-

2136 2840 2235 2910 tur
2264 2852 2595 2921 Sardicum,
2625 2868 2818 2925 neque
2848 2853 3116 2909 Indicum
3147 2871 3383 2923 aurum,
3414 2871 3607 2929 neque
3629 2855 3791 2915 aliud

2137 2941 2280 3015 quid
2314 2941 2593 2998 deturba
2643 2941 2932 3014 terrestri,
2968 2942 3124 3000 circa
3183 2959 3362 3016 quam
3418 2946 3793 3019 exagitantur

2138 3022 2408 3087 homines
2438 3029 2619 3102 hujus
2648 3031 2948 3101 terrae,sed
2976 3031 3176 3104 ipsum
3209 3032 3490 3091 caelorum
3519 3052 3789 3108 regnum.
3816 3094 3819 3101 λ

2138 3119 2343 3189 Injicio
2373 3124 2573 3177 autem
2594 3120 2760 3178 vobis
2792 3120 2853 3177 in
2884 3126 3164 3192 mentem,
3196 3140 3312 3180 non
3343 3123 3516 3197 quasi
3558 3142 3785 3197 meum,

2138 3208 2510 3281 propositum
2563 3225 2776 3266 aurum
2807 3214 2864 3265 et
2892 3216 3228 3284 argentum,
3285 3216 3363 3283 et,
3422 3230 3541 3270 uno
3586 3216 3787 3284 verbo,

370 3302 623 3378 ζύμενον,
680 3298 809 3358 ἀλλ’
853 3298 1018 3355 αὐτοῦ
1064 3305 1162 3356 τοῦ
1215 3298 1460 3385 μεγάλου
1492 3298 1882 3388 Θεοῦ,λδςῗτοῦ
1910 3299 2028 3388 κατ’

2144 3298 2626 3366 fmneratum,sed
2657 3298 2844 3372 ipsius
2875 3300 3076 3373 magni
3110 3301 3232 3371 Dei,
3264 3301 3366 3375 qui
3398 3303 3491 3359 sui
3524 3303 3792 3365 thesauri

366 3392 529 3450 αὐτὸν
560 3390 837 3467 Θησαυροῦ
864 3393 1032 3446 ταῦτα
1062 3389 1198 3446 εἶναί
1231 3382 1439 3469 φησιν,
1465 3414 1494 3443 ‹‹
1537 3386 1725 3467 Ἐμόν,
1753 3387 1894 3444 ἐστιν
1947 3386 2028 3444 εἰ-

2142 3387 2285 3443 dicit
2312 3386 2438 3443 haec
2487 3403 2617 3444 esse
2651 3405 2664 3444 :
2698 3410 2726 3439 «
2787 3389 2984 3446 Meum
3036 3394 3147 3461 est,
3203 3391 3507 3465 inquiens,
3554 3410 3791 3466 aurum,

365 3481 507 3550 πὼν,
537 3483 600 3539 τὸ
631 3479 884 3559 χρυσίον,
919 3478 1011 3536 καὶ
1059 3479 1189 3555 ἐμὸν
1239 3480 1302 3535 τὸ
1333 3478 1614 3557 ἀγρύριον,
1648 3502 1676 3531 ››
1707 3476 2030 3543 ἀκολούθως

2142 3480 2196 3532 et
2251 3488 2447 3535 meum
2509 3481 2817 3551 argentum
2863 3480 2906 3547 ³,
2941 3501 2972 3531 ››
3027 3497 3093 3536 ac
3151 3483 3363 3537 cutem.
3401 3498 3531 3555 qua!
3585 3498 3795 3540 conse-

368 3571 428 3629 δὲ
455 3570 546 3628 καὶ
578 3576 681 3643 ηᾶν
712 3568 853 3625 ἄλλο
902 3567 1193 3646 σύστοιχον
1246 3567 1480 3630 τούτοις.
1535 3569 1636 3624 Καὶ
1682 3571 1845 3624 τοῦτο
1896 3568 2024 3641 ὑμῖν

2142 3570 2386 3640 quenter
2415 3566 2508 3624 his
2541 3568 2819 3640 adjuncta
2853 3573 3015 3626 sunt.
3064 3573 3135 3625 Et
3185 3569 3295 3626 hoc
3353 3570 3512 3627 vobis
3543 3571 3606 3628 in
3635 3587 3794 3629 men-

367 3661 447 3726 εἷς
501 3663 626 3717 νοῦν
698 3659 944 3736 θέμενος,
1018 3657 1342 3733 παρακαλῶ,
1420 3658 1496 3732 μὴ
1560 3657 1752 3733 ψεῦσαί
1808 3679 1877 3732 με
1925 3664 2026 3729 τῆς

2142 3662 2255 3713 tem
2286 3657 2583 3729 ingerens,
2614 3656 2839 3727 hortor,
2872 3662 2939 3715 ut
2983 3675 3101 3715 non
3161 3676 3257 3716 me
3286 3660 3442 3717 bona
3493 3677 3599 3734 spe
3637 3661 3794 3718 frau-

369 3752 574 3833 ἀγαῆς
631 3745 880 3822 ἐλπίδος,
938 3745 1080 3822 μηδὲ
1132 3747 1403 3818 ἀπατῆσαι
1460 3748 1552 3803 τὸν
1611 3747 1754 3805 οὕτω
1811 3744 2027 3825 μεγάλα

2142 3746 2309 3821 detis,
2371 3762 2565 3820 neque
2640 3750 2762 3803 tam
2822 3765 3038 3822 magna
3093 3749 3493 3807 fmnerautem'
3538 3750 3792 3823 decipia-

363 3832 695 3909 δανείζοντα,
741 3833 837 3892 ἵνα
871 3837 946 3911 μὴ
980 3836 1070 3892 καὶ
1131 3834 1230 3911 ἐμὲ
1270 3840 1350 3910 τῷ
1380 3836 1746 3915 παμμεγίστῳ
1775 3832 2019 3912 Δεσπίίτῃ

2142 3834 2308 3911 tiens
2338 3851 2432 3892 me
2464 3835 2724 3894 maximo
2754 3837 3122 3895 Dominatori
3155 3838 3383 3896 faciatis
3438 3840 3783 3911 obnoxium,

358 3928 556 4007 ἔνοχον
589 3929 881 4000 ποιήσητε,
917 3926 993 3989 ὡς
1022 3927 1090 3984 τὰ
1121 3926 1350 4005 ἐκείνου,
1409 3927 1561 3991 ὅπως
1590 3927 1655 3983 ἃν
1692 3927 1782 4005 κασὶ
1829 3926 2017 4004 τύχοι,

2142 3929 2417 3999 tanquam
2449 3941 2542 3982 res
2565 3926 2849 3998 ipsius,ut
2879 3927 2981 4000 qui
3008 3927 3783 4002 putarit,abjicientem,neo

359 4018 849 4096 καταπροὶέμενον,
922 4013 1052 4072 οὐδὲ
1117 4016 1274 4090 ὑμεῖς
1343 4016 1746 4096 ἀκατάγνωστοι
1810 4022 2023 4091 μενεῖτε

2142 4031 2231 4075 vos
2261 4014 2601 4072 innocentes
2630 4015 2972 4089 innoxiique
3003 4019 3312 4074 maneatis.
3345 4019 3596 4077 Prorsus
3623 4020 3783 4079 enim

359 4111 451 4166 καὶ
484 4092 768 4170 ἀϐλαϐεῖς.
817 4105 964 4164 Πάνυ
1018 4106 1120 4183 γὰρ
1153 4092 1487 4185 φιλοκερδής
1527 4092 1729 4168 ἐκεῖνος
1790 4103 2018 4181 διέγνω-

2142 4102 2277 4160 lucri
2306 4104 2555 4177 cupidus
2588 4104 2684 4162 ille
2741 4106 3131 4180 dignoscitur,
3162 4111 3221 4164 et
3273 4107 3404 4167 ideo
3459 4108 3683 4181 passim
3722 4113 3781 4168 et

366 4220 504 4269 σται,
535 4198 626 4256 καὶ
660 4194 752 4254 διὰ
776 4199 938 4252 τοῦτο
995 4198 1283 4272 πανταχοῦ
1330 4194 1564 4275 σπείρων
1623 4195 1715 4250 καὶ
1765 4194 1842 4259 εἷς
1886 4193 2020 4251 πολ-

2142 4195 2284 4265 ιριιὰ
2318 4192 2538 4251 multos
2567 4194 2839 4264 seminat,
2861 4213 3051 4269 neque
3082 4196 3203 4254 vult
3221 4196 3307 4254 vel
3338 4197 3650 4255 minimam
3678 4199 3779 4255 fmo

370 4286 520 4356 λοὺς,
570 4287 661 4344 καὶ
723 4285 800 4363 μή
859 4282 1062 4341 ἐθέλων
1122 4280 1266 4359 μηδὲ
1317 4286 1512 4362 ψῆγμα
1557 4287 1655 4341 τοῦ
1693 4285 1812 4340 κατ’
1857 4282 2018 4339 αὐτὸν

2142 4283 2321 4339 aerati
2346 4283 2700 4356 particulam
2736 4283 2959 4342 frustra
2978 4286 3206 4359 cadere,
3231 4286 3321 4343 vel
3370 4303 3554 4343 unum
3593 4303 3781 4360 punc-

369 4374 583 4437 δανείου
611 4378 909 4432 διεκπεσεῖν
940 4372 1019 4437 εἰς
1043 4373 1196 4429 κενὸν
1255 4371 1396 4451 μηδὲ
1442 4373 1658 4450 κεραίαν
1696 4372 1833 4448 ’μίαν
1891 4376 2018 4448 γοῦν
2062 4402 2067 4405 <

367 4486 489 4523 τινα
512 4458 922 4544 κπαργηθῆναι
973 4464 1082 4519 τῶν
1117 4467 1468 4543 συμφωνιῶν,
1529 4460 1649 4519 ὅσαι
1709 4461 2069 4519 ἀποτείνονοτ

365 4577 455 4612 ται
481 4555 621 4632 πρὸς
649 4553 814 4609 αὐτὸν
845 4551 1177 4622 δανείζοντα.

443 4642 507 4701 δ’.
546 4644 669 4702 Ὅτι
725 4646 854 4721 γοῦν
914 4639 1195 4718 ἅρέσκεσθε
1249 4640 1540 4713 κάνταῦθα,
1600 4640 1691 4698 καὶ
1749 4641 2023 4706 ἀναιτίους

372 4724 465 4793 καὶ
508 4733 650 4809 ὑμᾶς
698 4731 789 4789 καὶ
837 4729 935 4806 ἐμὲ
981 4736 1221 4808 τηρῆσαι
1264 4727 1605 4811 διατείνεσθε,
1667 4733 1758 4788 ὅτε
1805 4732 1887 4788 τὸν
1930 4732 2030 4805 μέ·-

373 4833 556 4899 γισθον
610 4818 891 4901 λογοθέιον
923 4819 1015 4875 καὶ
1065 4822 1092 4874 ὁ
1154 4820 1510 4898 φρ·κτότατος
1550 4819 1876 4897 ἐκλογιςμὸς
1921 4825 2031 4877 τῶν

376 4911 712 4969 δεσποτικῶν
769 4907 1136 4983 δανεισμάτων
1210 4908 1433 4985 γίνεται,
1507 4909 1600 4965 καὶ
1657 4917 1760 4981 τῆς
1828 4910 1880 4965 ἐν
1956 4914 2036 4984 τῷ

380 5000 487 5078 βίῳ
540 4997 914 5076 πραγματείας
971 5000 1131 5073 ἡμῶν
1207 4997 1296 5053 κοὶ
1352 4999 1529 5078 πάσης
1579 4996 1758 5070 ἄλλης
1818 4998 2037 5054 οἷ’κονο-

383 5076 530 5166 μίας,
593 5087 713 5145 ἰδοὺ
775 5082 1084 5162 λαμϐάνετε
1135 5087 1203 5142 τὰ
1261 5076 1584 5164 ζητούμενιο.
1645 5086 1768 5146 Εἰσὶ
1815 5086 1873 5144 δὶ
1903 5087 2038 5145 αὐτά

381 5178 674 5257 βασιλικοῦ
726 5178 1082 5255 χαράγματος
1141 5173 1526 5251 ἐκτυπώματα,
1583 5176 1946 5248 είκονίζοντος
1976 5177 2039 5235 οὐ

381 5270 583 5342 θνητάς
638 5288 792 5331 τινας
822 5264 1087 5345 κεφαλᾶς,
1118 5264 1309 5329 ὁποίας
1340 5267 1408 5321 τὰ
1429 5271 1539 5323 τῶν
1591 5265 1650 5323 ἐκ
1694 5275 1796 5345 γῆς
1848 5265 2041 5342 μετάλ-

382 5356 494 5416 λων
527 5358 704 5416 πλείω
731 5358 1053 5437 γράφουσιν,
1113 5354 1240 5413 ἀλλ’
1271 5354 1434 5411 αὐτοῦ
1492 5361 1650 5426 Θεοῦ,
1694 5361 1791 5413 τοῦ
1823 5359 2039 5414 πάντων

2128 4374 2258 4428 tum
2309 4373 2580 4446 abrogari
2620 4378 3072 4447 conventorum,
3103 4393 3231 4450 quae
3263 4377 3337 4434 ad
3369 4376 3570 4451 ipsum
3596 4378 3783 4436 fcene-

2130 4464 2362 4533 rantem
2393 4467 2685 4536 spectant.

2211 4641 2263 4697 4.
2284 4636 2374 4727 Eo
2406 4643 2562 4715 quod
2585 4613 2769 4717 igitur
2796 4645 3271 4713 assentientes,et
3303 4663 3405 4704 vos
3435 4650 3495 4703 et
3518 4662 3615 4704 me
3646 4632 3792 4705 con-

2142 4731 2383 4788 tenditis
2415 4731 2686 4790 innoxios
2743 4735 3004 4806 reddere,
3059 4752 3194 4792 cum
3244 4750 3466 4810 magna
3492 4737 3794 4794 rationum
3840 4790 3847 4795 .

2144 4820 2450 4892 inquisitio
2483 4823 2884 4897 terribilisque
2934 4826 3034 4901 ﬁet
3062 4827 3410 4899 supputatio
3458 4826 3796 4885 Dominico-

2118 4958 2119 4965 η
2146 4925 2276 4966 rum
2308 4910 2595 4969 foenorum
2647 4918 2707 4970 et
2761 4916 2972 4969 nostrae
3003 4914 3367 4987 operationis
3409 4917 3471 4971 in
3500 4916 3623 4972 vita
3649 4932 3797 4972 cun-

2146 5004 2370 5072 ctaeque
2426 4999 2580 5058 alius
2637 5003 2997 5072 oeconomiae,
3028 5019 3180 5075 ecce,
3221 5021 3351 5077 quae
3382 5004 3670 5078 quaeritis,
3701 5021 3796 5061 ac-

2149 5089 2344 5163 cipite.
2407 5089 2560 5147 Sunt
2609 5096 2809 5148 autem
2867 5092 3009 5165 ipsis
3064 5092 3278 5167 regalis
3335 5092 3691 5152 characteris
3721 5092 3801 5149 ef-

2149 5180 2339 5253 ﬁgies,
2377 5197 2489 5236 non
2522 5181 2812 5254 quasdam
2853 5182 3075 5255 figuras
3108 5183 3412 5253 mortales,
3444 5183 3650 5256 quales
3678 5182 3802 5256 pla-

2150 5285 2330 5342 raque
2358 5273 2528 5326 terrae
2558 5270 2933 5328 metallorum
2978 5272 3291 5346 effingunt,
3323 5274 3427 5330 sed
3457 5272 3653 5345 ipsius
3677 5270 3802 5345 Dei,

2150 5367 2331 5432 super
2361 5359 2561 5416 omnia
2614 5359 2971 5433 praestantis,
3027 5362 3279 5419 formam
3338 5361 3804 5435 experimentis:

382 5449 794 5528 ὑπερκειμένου,
852 5446 898 5520 ᾧ
956 5443 1021 5516 δῆ
1081 5453 1389 5523 χαρακτῆρι
1447 5447 2030 5524 προσέχοντεςέκματ·

2154 5449 2247 5505 cui
2305 5449 2627 5506 characteri
2661 5449 2773 5522 ipsi
2807 5449 3195 5520 adhaerentes,
3228 5457 3434 5525 typum
3466 5451 3808 5521 ediscimus,

377 5540 587 5615 τόμεθα
614 5539 677 5596 τὸ
723 5536 983 5611 τύπωμα,
1031 5536 1120 5615 καὶ
1165 5536 1284 5591 κατ’
1338 5534 1521 5592 εἰκόνα
1549 5541 1647 5611 τοῦ
1678 5538 2030 5613 πρωτοτύποι

2153 5543 2211 5595 et
2254 5539 2577 5595 secundum
2634 5539 2956 5611 imaginem
3004 5541 3303 5615 prototypi
3357 5541 3560 5599 fimus.
3618 5539 3808 5599 Sacrae

380 5629 687 5712 γινόμεθα.
745 5627 891 5705 Ἱερὰ
930 5630 1098 5683 ταῦτα
1153 5625 1245 5681 καὶ
1301 5627 1567 5703 χρήματα
1621 5626 1711 5683 καὶ
1764 5630 2030 5704 κτήματα1

2156 5628 2451 5687 euntistzs
2501 5626 2715 5687 divitia
2773 5629 3316 5707 possessionesque,
3346 5630 3437 5690 vel
3496 5635 3560 5690 ut
3587 5632 3812 5708 absque

463 5762 482 5801 ί
513 5757 881 5835 Μαίιίιηιιν.
917 5756 1019 5816 ηας
1081 5750 1366 5824 1Joelm,
1395 5755 1455 5813 5.
1564 5826 1569 5831 η

2240 5808 2247 5815 ι
2758 5806 2765 5813 ρ

711 5888 981 5951 Panos.
1026 5884 1138 5948 Gs.
1177 5866 1482 5952 UXXXY.
3414 5887 3490 5950 l9
