4082 6388
325 465 447 526 589

1343 460 1424 520 ΙΝ
1469 461 1534 519 8.
1581 456 2266 530 QUADRAGESl-MAM
2313 460 2612 522 ORATIO
2657 460 2733 520 ll.

3629 468 3751 530 590

323 591 728 673 ἀγαθοπραξίαν
780 591 836 648 ἐν
895 592 1021 666 ὑμῖν
1082 589 1319 669 ἐκφανεῖ.
1377 587 1587 659 Ταύτην
1645 588 1672 644 6
1713 584 1861 663 ἔχων
1896 584 1976 650 εἷς

2110 589 2330 663 :ipium,
2355 607 2529 648 omne
2551 592 2842 649 bonorum
2864 608 3108 665 operum
3140 594 3200 650 in
3245 596 3406 652 vobis
3460 599 3750 670 producet

325 684 532 747 ἐντελὲς
585 686 855 762 φορτηγεῖ
905 681 973 736 τὰ
1020 679 1466 758 τιμαλφὲστατα.
1523 677 1638 733 Οὐκ
1696 673 1831 755 ἔφθη
1893 697 1978 738 τις

323 775 540 852 ἀγαπην
594 773 785 843 εἰπεῖν,
835 771 925 825 καὶ
973 770 1381 847 συνεξεφωνήθη
1442 767 1576 842 αὐτῇ
1618 766 1828 840 ξύμπαν
1885 787 1981 820 κα-

326 861 448 923 λόν.
509 862 749 938 Ἀγάπης
798 857 1262 936 παρεισδυομένης
1309 857 1386 921 εἲς
1443 857 1651 932 ψυχὴν,
1713 855 1982 931 συνεισὲρ-

331 975 486 1031 χεται
529 951 619 1007 καὶ
673 949 868 1006 λοιπὸς
928 950 1066 1011 ἅπας
1128 946 1327 1021 ὅμιλος
1381 946 1608 1031 ἀρετῶν.
1644 943 1706 1001 Εἰ
1739 942 1797 999 δὲ
1846 943 1979 1014 αὐτὴ

337 1029 532 1101 ἱκεῖθεν
591 1038 957 1095 ὶκκὲκλεισται
993 1082 1008 1108 ,
1069 1035 1240 1107 δῆλον
1317 1035 1400 1091 ὅτι
1468 1029 1676 1110 ἕρημος
1730 1036 1766 1103 ἡ
1826 1034 1981 1109 ψυχὴ

340 1133 513 1202 ἐκείνη
543 1129 744 1194 παντὸς
769 1129 994 1206 ἀγαθοῦ.

406 1313 476 1383 η’.
503 1312 738 1371 Ἕνωσις
784 1308 923 1385 πρὸς
969 1308 1060 1362 τὸν
1112 1307 1234 1360 Υἱὸν
1281 1308 1316 1376 ἡ
1366 1303 1573 1379 ἀγάπη,
1607 1302 1723 1358 ἐπεὶ
1753 1300 1841 1356 καὶ
1872 1303 1979 1356 τῶν

334 1402 498 1458 αὐτοῦ
530 1399 766 1456 ἐντολῶν
813 1396 1227 1473 ὲκπληρωτική.
1264 1418 1293 1449 (ι
1327 1395 1384 1449 Εἰ
1426 1395 1528 1469 γὰρ
1563 1391 1803 1468 ἀγαπᾶτε
1838 1413 1922 1465 με,
1955 1413 1983 1441 ››

332 1492 486 1571 φησὶ,
545 1515 574 1544 (ι
625 1489 719 1551 τὰς
779 1485 1006 1548 ἐντολᾶς
1065 1486 1123 1541 ἂν
1184 1485 1422 1540 ἐποιεῖτε
1477 1485 1572 1545 τὰς
1629 1481 1782 1555 ἐμάς.
1821 1505 1842 1532 ι
1886 1479 1980 1537 Οἷ-

330 1580 548 1643 κείωσίς
581 1577 690 1634 ἐστι
736 1578 874 1653 πρὸς
914 1577 1004 1632 τὸν
1050 1575 1262 1651 Πατέρα
1308 1575 1444 1630 κατά
1483 1574 1568 1628 τό·
1605 1596 1634 1625 ‹‹
1667 1571 1984 1648 Ἀγαπηθή-

334 1693 480 1728 σεται
541 1670 646 1726 ὑπὸ
701 1671 798 1724 τοῦ
854 1665 1064 1742 Πατρός
1127 1686 1275 1739 μου.
1339 1688 1367 1717 ››
1427 1659 1787 1739 ’Λγαλλίασίς
1845 1659 1986 1715 ἐστιν

335 1761 515 1825 ἔνθεος
555 1759 646 1815 καὶ
705 1755 920 1828 ἀληθὴς
974 1756 1122 1832 χαρά
1168 1754 1304 1809 κατὰ
1330 1752 1412 1808 τό·
1440 1777 1469 1805 ‹‹
1501 1751 1562 1808 Εἰ
1612 1749 1862 1827 ἠγαπᾶτὲ
1897 1770 1982 1822 με,

334 1851 573 1928 ἐχάρητε
720 1869 750 1899 ››
778 1847 983 1922 Μήτηρ
1033 1843 1167 1914 αὕτη
1215 1842 1414 1919 ἀρετῆς
1463 1841 1697 1913 ἀπάσης,
1747 1841 1822 1902 ὡς
1868 1836 1985 1928 grs-

336 1962 428 2019 ρος
473 1942 614 2012 ἡμῖν
663 1935 853 2011 καίρὸς
900 1934 999 1990 οὐκ
1044 1932 1351 2011 ἠγωνίσατο
1391 1931 1468 1995 είς
1516 1927 1986 2019 ἀπόδειξινῖῃάλλᾶ

333 2013 427 2086 καί
483 2027 700 2088 ἀπόνως
757 2024 848 2079 καὶ
908 2027 1090 2102 σαφῶς
1162 2023 1253 2077 καὶ
1329 2019 1740 2096 ἆναντιῤῥήτως
1798 2013 1984 2091 ἔδειξε,

335 2117 574 2196 Χρυσὲας
613 2117 816 2192 ἀρετῶν
878 2112 1122 2175 ἁλύσεως
1177 2110 1368 2186 κρίκος
1416 2111 1444 2165 6
1483 2113 1726 2184 πρῶτος,
1789 2102 1987 2184 βαλϐὶσ

343 2208 549 2285 δρόμου
597 2209 696 2261 τοῦ
746 2203 822 2266 εἷς
883 2205 1100 2278 ἀρετὴν,
1157 2200 1358 2276 βαθμὶς
1408 2200 1724 2276 προέχουσα
1751 2203 1853 2267 τῆς
1909 2197 1986 2258 εἱς

345 2298 566 2373 οὐρανὸν
599 2292 796 2350 ἀνόδου
825 2337 839 2365 ,
882 2292 1108 2367 εἰρήνης
1147 2288 1437 2364 θεμέλιος,
1471 2286 1729 2365 ἀταραξία
1777 2290 1986 2362 ψυχῆς,

344 2386 600 2460 πολέμων
657 2382 938 2457 διώκτρια,
989 2380 1078 2436 καὶ
1135 2385 1416 2452 τοσοῦτον,
1471 2377 1611 2434 ὥστε
1663 2377 1809 2451 εἰπερ
1852 2375 1986 2446 αὕτη

342 2475 432 2534 διὰ
485 2483 586 2547 τῆς
645 2471 974 2546 οίκουμὲνης
1034 2469 1402 2539 ἐπολιτεύετο,
1461 2469 1560 2524 οὐκ
1626 2465 1682 2522 ἂν
1746 2465 1990 2540 οὐδαμοῦ

336 2563 471 2645 ἔρις,
529 2568 566 2636 ἡ
616 2568 714 2620 τοῦ
760 2561 1010 2636 πολέμου
1072 2562 1286 2636 μήτηρ,
1337 2558 1762 2636 ἐπαρρησιάζετο
1797 2601 1811 2626 ,
1864 2553 1990 2611 ἀλλ’

335 2657 451 2714 ἀντὶ
489 2658 588 2711 τοῦ
623 2653 676 2709 ἒν
717 2650 916 2715 ὅπλοις
953 2649 1282 2723 πληθυσμοῦ
1324 2647 1576 2725 ἂρότροις
1615 2645 1674 2702 ἂν
1725 2645 1792 2715 ἦν
1852 2646 1988 2718 ἡμῖν

335 2743 804 2823 περιουσίάζεσθαι
857 2739 947 2796 καὶ
1022 2737 1141 2794 οὐδ’
1220 2738 1278 2793 ἂν
1353 2734 1854 2814 ἐσμικρολογοῦντο
1940 2734 1992 2788 οἱ

339 2821 726 2912 χαλκεύοντες,
759 2830 1230 2904 λεπτοτομοῦντες
1263 2827 1350 2883 ἐπὶ
1401 2827 1591 2906 φόνοις
1619 2827 1711 2880 τὸν
1746 2821 1991 2900 σίδηρον.

345 2925 482 2998 Εἶχε
539 2920 595 2977 δὲ
650 2923 734 2990 ἃν,
768 2919 844 2982 ὡς
898 2918 1041 2974 οὕτω
1090 2918 1274 2997 φάναι,
1303 2917 1393 2972 καὶ
1442 2917 1603 2993 χάριν
1635 2920 1752 2976 τοῖς
1782 2912 1993 2975 τέκνοις

349 3015 384 3083 ἡ
425 3013 605 3085 μήτηρ
633 3017 728 3085 γῆ,
763 3010 846 3065 ὅτι
881 3009 956 3082 μή
987 3008 1162 3083 συχνὰ
1216 3005 1421 3076 ἐκείνην
1473 3005 1995 3080 πολυπραγμονοῦσι

351 3099 441 3157 καί
487 3099 866 3176 ἀνασχίζουσιν
910 3097 998 3152 ἐπὶ
1048 3095 1322 3172 σιδηρὲοις
1367 3094 1685 3169 μετάλλοις,
1748 3095 1830 3155 οἷς
1863 3093 1914 3147 οἱ
1946 3091 1996 3162 ἐξ

349 3192 520 3260 αὐτῆς
582 3187 1030 3268 διαφθείρονται,
1092 3185 1306 3262 ἀγάπης
1364 3183 1451 3238 καὶ
1514 3185 1689 3256 μόνης
1756 3183 1810 3237 οἱ
1865 3181 2002 3236 κατὰ

355 3281 474 3358 βίον
526 3267 695 3355 ὀρθοὶ
741 3276 959 3345 σκοποὶ,
1017 3276 1109 3330 καὶ
1165 3276 1234 3330 τά
1289 3273 1372 3329 ἐπ’
1420 3275 1608 3336 αὐτοῖς
1641 3268 1790 3348 ἔργα,
1825 3269 1896 3325 δι’
1926 3267 2000 3325 ὧν

2092 681 2570 749 exercitium.Qui
2587 681 2748 738 illam
2766 683 3076 740 habetrem
3097 702 3237 741 sane
3258 686 3746 758 pretiosissimam

2093 771 2433 841 possidebit.
2491 772 2612 826 Non
2647 771 2820 827 citius
2853 773 3064 844 aliquis
3123 775 3471 833 charitatem
3515 779 3745 852 dixerit,

2093 874 2268 929 quam
2302 875 2436 914 cum
2468 859 2599 930 ipsa
2655 860 3034 916 consonuerit
3088 879 3261 920 omne
3306 865 3551 923 bonum.
3603 867 3748 925 Cha-

2093 948 2264 1002 ritate
2289 949 2347 1002 in
2378 948 2930 1017 animamintrante,
2957 951 3288 1023 ingreditur
3323 956 3502 1011 etiam
3552 958 3747 1016 omnis

2094 1036 2324 1108 reliqua
2351 1038 2640 1093 virtutum
2670 1043 2918 1094 caterva.
2951 1027 3006 1094 Si
3039 1057 3172 1097 vero
3202 1042 3334 1114 ipsa
3392 1045 3601 1103 exinde
3651 1062 3746 1102 ex-

2094 1125 2372 1195 cluditur,
2406 1126 2662 1183 animam
2691 1126 2854 1183 illam
2885 1129 3044 1185 omni
3075 1131 3227 1188 bono
3271 1133 3563 1205 privatam
3621 1151 3752 1194 esse

2097 1215 2476 1271 manifestum
2506 1221 2614 1272 est.

2081 1321 2084 1326 ·
2165 1305 2219 1359 8.
2273 1305 2360 1359 Ad
2413 1305 2690 1362 unionem
2750 1324 2886 1362 cum
2943 1307 3087 1364 Filio
3147 1311 3413 1383 perducit
3470 1313 3751 1388 charitas,

2095 1393 2388 1466 siquidem
2411 1395 2541 1466 ejus
2568 1397 2980 1452 mandatorum
3003 1401 3435 1459 exsecutionem
3468 1403 3751 1461 continet.

2095 1505 2124 1535 κ
2148 1482 2204 1538 Si
2238 1483 2395 1539 enim
2433 1483 2674 1558 diligitis
2707 1502 2821 1555 me,
2855 1487 3071 1559 inquit,
3091 1490 3367 1546 mandata
3398 1509 3527 1550 mea
3557 1499 3750 1550 custo-

2097 1573 2270 1629 dietis
2290 1574 2330 1626 3.
2354 1595 2382 1624 »
2402 1573 2886 1632 Familiaritatem
2917 1593 3052 1632 cum
3077 1582 3244 1634 Patre
3273 1581 3566 1653 conciliat,
3614 1584 3749 1653 jux-

2095 1666 2156 1718 ta
2186 1662 2368 1719 illud:
2432 1685 2461 1714 «
2487 1663 2772 1734 Diligetur
2792 1683 2826 1722 a
2873 1671 3044 1723 Patre
3099 1685 3229 1725 meo
3255 1671 3294 1725 ‘.
3322 1692 3349 1719 »
3422 1670 3750 1729 Exsultatio

2097 1752 2296 1808 divina
2323 1769 2650 1826 verumque
2680 1754 2965 1827 gaudium
2983 1761 3090 1828 est,
3123 1759 3449 1816 secundum
3480 1761 3590 1817 hoc
3615 1765 3628 1815 ξ
3654 1760 3751 1818 «Si

2098 1840 2418 1926 diligeretis
2451 1859 2564 1910 me,
2604 1844 2938 1916 gauderetis
2959 1846 3047 1900 ⁵.»
3087 1846 3216 1902 Haec
3265 1849 3466 1905 omnia
3521 1849 3756 1908 virtutis

2099 1935 2304 1999 mater,
2338 1931 2491 1988 sicut
2521 1931 2639 1987 alia
2680 1933 2848 1989 nobis
2880 1935 3110 1990 occasio
3141 1953 3258 1992 non
3291 1939 3479 1995 caruit
3512 1940 3754 1997 demon-

2100 2020 2508 2092 strationibus,
2560 2021 2677 2077 imo
2748 2021 2916 2078 facile
2999 2026 3308 2082 manifeste
3383 2028 3758 2088 inconcusse-

2099 2128 2210 2183 que
2241 2111 2519 2167 ostendit.
2551 2112 2752 2167 Aureae
2785 2112 3065 2169 virtutum
3099 2119 3314 2171 catenas
3347 2118 3609 2177 annulus
3638 2121 3760 2194 pri-

2101 2218 2256 2270 mus,
2280 2199 2554 2256 curriculi
2584 2202 2654 2256 ad
2686 2201 2960 2258 virtutem
2995 2204 3202 2277 janua,
3263 2208 3626 2266 ascensionis
3684 2212 3760 2267 ad

2101 2290 2312 2348 coelum
2363 2290 2691 2361 exordium,
2758 2291 2918 2364 pacis
3000 2294 3471 2367 fundamentum,
3553 2300 3763 2357 animos

2101 2381 2409 2448 securitas,
2442 2379 2732 2436 bellorum
2765 2382 3040 2453 fugatrix,
3073 2388 3249 2458 atque
3270 2387 3434 2456 adeo,
3471 2391 3536 2444 ut
3567 2389 3618 2446 si
3659 2408 3765 2462 per

2102 2471 2303 2528 orbem
2335 2477 2619 2526 terrarum
2660 2476 2952 2544 regnaret,
2995 2473 3205 2530 nullibi
3246 2475 3562 2550 discordia,
3619 2478 3762 2537 belli

2103 2565 2310 2630 mater;
2345 2576 2542 2616 vocem
2575 2560 2798 2617 elevare
2828 2567 3049 2635 posset,
3095 2567 3172 2634 et,
3216 2581 3518 2624 armorum
3571 2569 3760 2626 abun-

2103 2650 2316 2706 dantia
2351 2651 2494 2718 loco,
2529 2650 2699 2706 nobis
2732 2655 3063 2708 aratrorum
3092 2653 3456 2712 abundantia
3499 2658 3757 2730 daretur,

2103 2756 2212 2796 nec
2235 2739 2381 2794 fabri
2415 2756 2586 2811 parce
2619 2747 2963 2811 praestarent
2984 2743 3227 2816 ferrum,
3259 2745 3407 2802 illud
3446 2748 3518 2804 ad
3572 2750 3760 2807 cedes

2107 2829 2335 2885 minute
2366 2830 2741 2886 excudentes.
2757 2830 3024 2903 Haberet,
3047 2839 3111 2888 ut
3132 2833 3212 2889 ita
3233 2835 3603 2906 dicam,ﬁliis
3627 2855 3761 2912 gra-

2104 2919 2250 2975 tiam
2281 2923 2438 2974 terra
2467 2921 2838 2992 mater,quod
2858 2937 2973 2976 non
2999 2939 3151 2994 saepe
3180 2925 3610 2999 exagitarentet
3638 2929 3760 2986 dis-

2109 3011 2374 3064 secarent
2394 3024 2524 3063 eam
2550 3008 2620 3062 ad
2653 3007 3004 3066 invenienda
3034 3012 3240 3084 ferrea,
3269 3015 3525 3086 metalla,
3550 3017 3766 3088 quibus

2108 3097 2298 3170 ipsius
2333 3097 2478 3152 lines
2511 3103 2992 3168 corrumpuntur,
3025 3100 3210 3156 solius
3259 3103 3565 3162 charitatis
3623 3109 3766 3164 recti

2111 3187 2259 3242 ﬁnes
2285 3187 2356 3242 ad
2403 3186 2607 3253 vitam,
2667 3203 2962 3260 operaque
3012 3191 3337 3248 conformis.
3383 3193 3601 3266 quibus
3645 3197 3768 3254 vita

2113 3275 2789 3339 sustentatur.Qua2nam
2821 3281 3016 3332 autem
3034 3278 3149 3334 ista
3170 3279 3198 3334 ?
3225 3279 3426 3337 Civilis
3455 3281 3764 3342 hominum

338 3371 649 3426 συνίσταται
703 3368 838 3445 βίος.
883 3372 1022 3422 Ποῖα
1080 3364 1148 3436 δὴ
1203 3370 1370 3421 ταῦτα
1405 3385 1418 3435 ;
1451 3366 1513 3420 Ἣ
1559 3365 1675 3419 κατ’
1707 3365 1992 3439 ἄνθρωπον

2110 3366 2378 3432 societas,
2437 3364 2707 3434 concilia,
2757 3365 2937 3438 leges,
2995 3367 3229 3438 scholas,
3289 3371 3482 3428 omnis
3561 3389 3658 3430 ars
3704 3378 3763 3431 et

338 3459 604 3528 πολιτικὴ
663 3452 990 3532 συμϐίωσις,
1046 3457 1114 3511 τὰ
1173 3451 1559 3532 βουλευτήρια,
1610 3455 1663 3509 οἱ
1711 3454 1895 3527 νόμοι,
1925 3451 1993 3506 τὰ

335 3549 721 3625 παιδευτήρια,
773 3546 943 3624 τέχνη
987 3549 1132 3600 πᾶσα
1173 3544 1263 3600 καὶ
1305 3544 1605 3619 ἐπιστήμη,
1655 3543 1847 3620 γάμοι,
1893 3541 1992 3616 ἐμ-

335 3640 546 3713 πορίαι,
598 3637 951 3715 πανηγύρεις,
989 3637 1107 3691 ὅσαι
1147 3656 1206 3690 τι
1255 3633 1444 3698 ἄλλως
1483 3631 1742 3712 κερδῴαι,
1793 3631 1885 3689 καὶ
1917 3633 1988 3686 ὧν

337 3725 500 3792 σέϐας
533 3733 676 3794 θεῖον
706 3731 1056 3803 προηγεῖται.

413 3820 480 3875 θ’.
513 3818 738 3880 Φύσεως
766 3813 943 3893 δῶρον
1005 3818 1040 3886 ἡ
1093 3813 1299 3892 ἀγάπη,
1360 3813 1448 3869 ριαὶ
1507 3814 1560 3870 ἐν
1614 3812 1750 3888 αὐτῇ
1803 3812 1995 3888 πρώτῃ

344 3908 480 3985 μετὰ
535 3907 663 3963 Θεὸν
719 3908 1026 3982 θεωρεῖται,
1059 3902 1130 3960 δι’
1177 3904 1246 3974 ἧς
1302 3905 1372 3960 τά
1425 3906 1617 3979 νεογνὰ
1649 3903 1709 3958 ού
1747 3903 1907 3977 μόνον
1942 3901 1992 3957 ἐν

341 3999 674 4075 ἀνθρώποις,
706 3995 852 4052 ἀλλὰ
878 3994 968 4050 καὶ
1029 3995 1190 4065 ζώοις
1238 3999 1355 4055 τοῖς
1396 3992 1590 4057 ἄλλοις
1643 3992 1996 4065 περιέπονται

348 4087 522 4151 οὕτως
555 4088 925 4164 ἆγαπητικῶς,
959 4084 1033 4147 ὠς
1063 4085 1153 4139 καὶ
1205 4083 1427 4146 θάνατον
1476 4083 1832 4160 αἶ’ρετώτερον
1866 4081 1998 4136 εἶναι

349 4183 467 4240 τοῖς
523 4174 884 4252 γειναμένοις,
943 4172 1086 4249 ἤπερ
1143 4172 1581 4249 ἀποστερηθῆναι
1637 4173 1745 4227 τῶν
1806 4169 2002 4233 φιλτά-

356 4287 484 4323 των.
527 4263 860 4322 Ἰνδάλλεταί
917 4285 1000 4326 τις
1044 4260 1227 4338 ἀγάπη
1284 4263 1372 4316 καὶ
1425 4261 1475 4318 ἐν
1531 4268 1746 4340 φυτοῖς,
1801 4259 1892 4315 καῖ
1923 4257 2003 4314 οἷ’-

359 4354 506 4413 δασιν
539 4355 670 4412 αὐτὸ
702 4355 753 4410 οἳ
781 4355 845 4409 τὸ
898 4352 950 4408 ἐν
1009 4352 1204 4431 φοίνιξι
1260 4358 1377 4414 τοῖς
1436 4356 1623 4429 φυτοῖς
1678 4352 2006 4426 magia-109%,-

368 4463 577 4515 σαντες,
633 4447 706 4507 ὡς
760 4443 933 4506 οὕτως
995 4442 1186 4512 εἰπεῖν,
1249 4441 1604 4520 ἁρῤενόθηλυ.
1668 4442 2010 4518 Ἐνεωρεῖται

353 4537 444 4594 καὶ
475 4539 544 4611 τῇ
573 4536 689 4591 κατ’
749 4535 1034 4610 ἄνθρωπον
1087 4532 1283 4588 πλάσει
1342 4533 1525 4609 χυμὸς
1582 4531 1766 4610 φίλιος
1816 4533 1843 4586 6
1873 4533 2010 4586 κατά

353 4631 513 4698 αἷμα,
548 4623 712 4700 οὗπερ
764 4620 1154 4698 ἀναδιδομένου
1205 4622 1533 4701 φοινίσσεται
1585 4628 1704 4685 τοῖς
1753 4620 2011 4696 αἰδουμέ-

2104 3454 2373 3525 scientia,
2398 3453 2796 3524 matrimonia,
2823 3456 3196 3526 commercia,
3222 3463 3433 3532 cintus,
3465 3479 3592 3535 quae
3618 3468 3760 3521 sunt

2103 3543 2248 3602 alias
2271 3543 2435 3600 utilis
2457 3543 2795 3618 quibusque
2825 3547 3124 3604 veneratio
3157 3549 3353 3606 divina
3378 3555 3612 3624 praeest.

2175 3813 2229 3868 9.
2263 3813 2496 3868 Naturae
2545 3813 2767 3869 donum
2807 3817 2897 3870 est
2931 3814 3188 3884 claritas,
3236 3823 3292 3874 et
3348 3817 3410 3874 in
3462 3835 3530 3876 ea
3573 3822 3768 3894 prima

2108 3907 2242 3976 post
2270 3903 2456 3958 Deum
2487 3903 2870 3975 conspicitur,
2904 3920 3010 3976 per
3039 3922 3218 3976 quam
3242 3923 3445 3964 recens
3479 3914 3617 3967 nata
3648 3929 3764 3968 non

2111 3992 2302 4048 solum
2328 3992 2385 4045 in
2409 3990 2775 4062 hominibus,
2798 3993 2899 4048 sed
2934 3993 3110 4049 etiam
3144 3993 3204 4050 in
3230 3997 3457 4054 caeteris
3497 4000 3770 4058 animali-

2111 4083 2245 4152 bus,
2268 4097 2465 4136 amore
2495 4097 2561 4135 ac
2587 4080 2981 4138 sollicitudine
3013 4083 3476 4160 circumdantur,
3513 4093 3580 4146 ut
3613 4107 3774 4149 mors

2114 4171 2310 4244 potius
2323 4170 2638 4241 eligeretur
2652 4172 3244 4244 aparentibus,quam
3260 4174 3621 4234 charissima
3634 4197 3775 4252 pro-

2116 4262 2187 4316 lis
2229 4261 2476 4316 orbatio.
2509 4262 2764 4333 Apparet
2791 4261 3037 4318 etiamin
3062 4262 3282 4335 plantis
3300 4267 3568 4338 quadam
3582 4268 3778 4327 chari-

2115 4355 2227 4418 tas,
2256 4354 2312 4404 et
2344 4349 2448 4404 hoc
2480 4355 2768 4405 noverunt
2808 4351 2908 4423 qui
2938 4352 2995 4406 in
3042 4352 3280 4424 palmis,
3341 4360 3405 4411 ut
3436 4356 3518 4412 ita
3559 4357 3775 4428 dicam,

2119 4445 2438 4512 utrumque
2454 4457 2656 4495 sexum
2677 4443 3312 4514 agnoverunt.Videtur
3323 4446 3451 4502 etin
3464 4446 3777 4506 hominum

2119 4529 2466 4587 formatione
2499 4529 2826 4587 dilectionis
2858 4531 3074 4589 humor
3124 4534 3196 4590 ad
3253 4537 3602 4608 sanguinem
3656 4555 3780 4612 per-

2122 4621 2342 4687 tinens,
2369 4635 2484 4692 quo
2519 4619 2764 4677 saliente
2820 4621 3190 4692 pudibundis
3237 4625 3296 4678 in
3337 4625 3608 4683 decorem
3655 4627 3784 4685 vul-

354 4735 471 4778 νοις
526 4714 590 4769 τὸ
647 4712 942 4788 πρόσωπον
1027 4713 1101 4776 εἷς
1167 4711 1487 4790 ὡραϊσμόν.
1549 4712 1773 4776 Πάντως
1836 4711 1894 4766 δὲ
1951 4712 1995 4765 τὲ

2123 4715 2220 4767 tus
2251 4709 2529 4766 rubescit.
2579 4710 2830 4766 Omnino
2874 4728 3009 4768 vero
3060 4712 3294 4770 dilectio
3346 4715 3482 4772 talis
3529 4717 3788 4774 adhaeret

359 4807 604 4859 τοιοῦτον
639 4801 824 4881 φίλιον
887 4800 1178 4878 σύστοιχον
1241 4800 1417 4877 ἀγάπῃ
1467 4801 1600 4871 ἐστὶ,
1631 4800 1767 4856 καθᾶ
1799 4821 2013 4855 συστοι-

362 4895 524 4969 χοῦσι
593 4892 684 4948 καὶ
759 4894 794 4962 ἠ
873 4891 1050 4968 ἀγάπη
1116 4890 1206 4946 καὶ
1263 4892 1329 4946 τὰ
1396 4889 1607 4953 φίλικά·
1668 4891 1758 4944 καὶ
1812 4890 1901 4944 ὅτε
1958 4888 2016 4944 δὲ

361 4982 444 5054 τῷ
477 4981 656 5055 ὁμοίῳ
681 4981 893 5058 χαίρειν
947 4981 1120 5059 φαμὲν
1173 4981 1234 5035 τὸ
1286 4977 1477 5054 ὅμοιον
1537 4979 1687 5056 λόγῳ
1713 4978 2014 5052 καθολικῷ,

366 5072 584 5146 ἀγάπην
619 5072 773 5143 οἶμαι
803 5071 1070 5134 κάνταῦθά
1087 5070 1208 5123 τινά
1225 5089 1348 5123 τινα
1379 5066 1785 5141 ὑπολαλοῦμεν.
1811 5070 1880 5125 Ἠ
1913 5069 2016 5144 γὰρ

369 5161 474 5216 οὐκ
531 5161 807 5238 ἀγαπητὸν
863 5162 899 5229 ἡ
963 5159 1161 5234 χαρά;
1211 5159 1311 5215 Καὶ
1371 5159 1399 5212 ὁ
1456 5155 1733 5234 παραδοὺς
1793 5155 1849 5212 δὲ
1905 5158 1968 5212 τό
2003 5175 2015 5190 ·

371 5273 395 5304 ι
429 5251 608 5305 Πάντα
635 5253 732 5304 τοῦ
782 5249 915 5304 εἶναι
973 5247 1233 5326 ἰφῖεσθαι,
1270 5270 1297 5300 ››
1331 5246 1544 5324 ἀγάπην
1604 5249 1724 5303 τινὰ
1779 5244 2014 5324 παρελά-

364 5339 503 5411 λησε
530 5337 620 5394 διὰ
649 5345 751 5409 τῆς
783 5337 1030 5416 ἐφέσεως.

441 5430 492 5487 ι’.
526 5429 623 5494 Τίς
680 5427 772 5483 οὖν
856 5427 999 5484 οὕτω
1060 5423 1344 5503 θηριώδης
1382 5473 1397 5500 ,
1457 5427 1532 5488 ὡς
1604 5427 1666 5481 τὸ
1729 5426 2020 5502 πάγκοινον

359 5523 528 5574 τοῦτο
559 5517 728 5574 καλὸν
787 5519 979 5574 ἑαυτοῦ
1030 5518 1279 5592 ἁπάγειν,
1340 5517 1428 5571 καὶ
1484 5515 1684 5580 ἐθέλειν
1753 5517 2020 5591 μονάζειν,

367 5607 448 5671 εἷς
499 5607 734 5686 ἔλεγχον
776 5613 874 5664 τοῦ
935 5609 1075 5684 μήτε
1122 5603 1409 5669 πολιτικὸς
1458 5606 1547 5662 καὶ
1596 5608 1913 5670 κοινωνικὸς
1955 5609 2024 5664 εἶ-

451 5823 475 5859 ¹
502 5823 649 5882 Joan
678 5841 793 5898 xxv,
825 5826 914 5884 l5.
991 5827 1012 5864 ⁴
1039 5823 1182 5883 ibid.
1213 5827 1304 5883 21.
1383 5823 1404 5860 ⁵
1433 5821 1576 5882 ibid.
1597 5823 1689 5882 28.

2070 4813 2076 4819 '
2125 4799 2424 4867 charitati,
2453 4804 2745 4871 quatenus
2777 4800 3220 4874 conjunguntur
3266 4803 3527 4862 charitas
3565 4811 3622 4864 et
3644 4807 3787 4864 deli-

2125 4890 2259 4959 ciae;
2289 4896 2344 4944 et
2400 4905 2556 4956 cum,
2607 4889 2875 4946 universe
2917 4890 3231 4962 loquendo,
3291 4892 3542 4951 dicimus
3591 4896 3786 4953 simile

2127 4977 2309 5035 simili
2341 4978 2611 5051 gaudere,
2646 4977 2740 5034 hic
2784 4995 3017 5050 quoque
3066 4980 3436 5053 charitatem,
3477 4988 3643 5055 puto,
3694 4984 3787 5040 in-

2127 5069 2445 5125 tendimus.
2467 5067 2767 5140 Numquid
2788 5068 2943 5123 enim
2976 5069 3049 5125 ad
3081 5069 3452 5128 dilectionem
3477 5090 3591 5129 non
3649 5091 3784 5146 per-

2127 5159 2277 5216 tinet
2307 5157 2639 5230 gaudium?
2689 5158 2758 5212 Et
2815 5157 2914 5231 qui
2965 5157 3212 5214 tradidit
3277 5159 3463 5217 illud:
3517 5163 3786 5221 «Omnia

2131 5265 2260 5307 esse
2293 5247 2456 5319 velle,
2485 5272 2505 5298 υ
2534 5248 2881 5305 cbaritatem
2907 5248 3211 5322 quandum
3263 5267 3367 5324 per
3425 5252 3786 5311 desiderium

2132 5339 2397 5397 elocutus
2428 5342 2538 5395 est.

2207 5430 2293 5484 10.
2330 5428 2468 5493 Quis
2499 5426 2679 5500 igitur
2708 5427 2850 5484 adeo
2871 5431 2958 5484 est
2990 5428 3168 5497 ferus,
3194 5431 3258 5484 ut
3313 5428 3422 5486 hoc
3479 5447 3793 5492 commune

2134 5519 2356 5575 bonum
2395 5536 2427 5573 a
2457 5534 2519 5573 se
2550 5517 2818 5589 projiciat
2847 5521 2904 5573 et
2933 5516 3096 5574 solus
3127 5534 3257 5574 esse
3287 5518 3442 5590 velit,
3491 5522 3564 5578 ad
3595 5527 3792 5580 osten-

2139 5609 2396 5665 dendum
2431 5625 2492 5664 se
2523 5623 2637 5663 non
2669 5608 2902 5664 civilem
2927 5625 3032 5664 nec
3090 5607 3368 5667 socialem
3416 5627 3548 5670 esse
3605 5630 3795 5689 neque
