4082 6358
374 425 493 489 593
1394 423 1472 483 ΙΝ
1519 423 1582 484 S.
1631 420 2321 494 QUADRAGESIMAM
2370 417 2662 480 ORATIO
2711 419 2784 478 lI.
3693 413 3808 476 594

371 558 437 614 τὸ
468 555 525 612 δὲ
556 553 828 631 δεύτερον,
859 557 920 612 τὸ
957 556 1032 631 μὴ
1063 554 1198 610 κατά
1254 552 1454 628 γάμον,
1489 551 1535 608 εἰ
1593 551 1682 608 καὶ
1728 551 1802 614 εἷς
1857 546 2034 624 ὄνομα

2170 551 2514 620 .rimonium,
2542 550 2678 606 licet
2717 549 2776 606 in
2839 549 3078 606 nomine
3143 546 3501 604 matrimonii
3555 545 3806 608 dicatur,

375 645 779 724 παραλαλεῖται
828 647 1030 724 γάμου,
1077 641 1205 700 ἀλλ’
1253 643 1346 698 οὗν
1396 641 1649 718 ἑτεροίως
1710 639 2040 710 διεκπίπτει,

2170 644 2251 698 sed
2286 641 2397 698 alio
2431 641 2703 708 declinet,
2736 641 3012 712 praesagit
3052 638 3285 705 nothos,
3333 640 3390 693 et
3437 637 3806 701 tenebrosae,

369 737 506 802 τοὺς
533 736 730 800 νόθους
780 741 1104 814 προφαῖνον,
1137 732 1228 788 καὶ
1276 730 1406 794 τοὺς
1456 730 1732 802 σκοτίους,
1765 729 1855 786 καὶ
1910 729 2038 792 τοὺς

2170 735 2206 786 ιι
2233 731 2546 804 virgineos,
2570 733 2628 786 et
2657 729 3042 799 adulterinos,
3076 732 3132 785 et
3163 744 3550 801 quaecumque
3587 744 3704 782 non
3735 742 3806 782 ex

379 824 720 903 παρθενίους,
772 827 861 881 καὶ
920 825 1050 888 τοὺς
1108 817 1567 897 ὑποϐολιμαίους,
1627 821 1716 876 καὶ
1772 821 1871 875 ὅσα
1924 841 2039 874 τοι-

2174 820 2412 894 egitimo
2433 819 2808 876 matrimonio
2827 818 3176 892 proveniunt
3191 815 3800 891 origenosetnomina.

385 921 520 972 αὕτα
572 919 667 971 τοῦ
738 916 815 989 μή
886 913 1130 990 νομίμου
1214 910 1396 990 γάμου
1464 908 1878 985 ἀποτελέσματα
1950 909 2041 964 καὶ

2170 909 2300 966 illud
2332 914 2527 966 autem
2562 909 3006 964 matrimonium
3037 913 3127 964 est
3160 925 3414 976 sacrum,
3451 907 3608 979 quod
3635 907 3804 978 juxta

388 1006 646 1080 ὀνόματα.
679 1006 854 1068 Οὗτος
903 1006 931 1061 ὁ
973 1006 1150 1082 γάμος
1180 1004 1208 1060 6
1241 1003 1408 1080 ἱερὸς.
1468 1003 1496 1058 6
1563 1002 1700 1058 κατά
1754 999 1978 1074 νόμους,
2013 999 2041 1055 ὁ

2175 1017 2330 1073 eges,
2364 999 2520 1073 quod
2554 998 2739 1070 civile,
2773 999 2929 1072 quod
2960 1003 3074 1056 Deo
3106 1001 3339 1072 gratum
3373 1001 3479 1054 est.

385 1096 691 1167 πολιτικὸς,
722 1096 750 1150 6
781 1100 861 1168 τῷ
886 1099 1004 1168 Θεῷ
1036 1092 1220 1172 φίλος.

457 1186 544 1262 ιγ’.
585 1185 782 1261 Καιρὸς
821 1181 933 1255 ἤδη
989 1182 1166 1248 πολὺς
1215 1181 1368 1258 (ὑπὲρ
1418 1179 1697 1244 ἐνιαυτοὺς
1755 1181 1859 1256 γὰρ
1917 1178 2042 1236 τού-

382 1297 509 1340 τους
534 1274 590 1346 ἓξ
622 1271 800 1340 θλίϐει
862 1295 931 1348 με
957 1271 1475 1351 παρανομούμενος,
1508 1277 1586 1342 πῆ
1638 1270 1731 1344 μὲν
1783 1270 1883 1341 τὴν
1925 1279 2046 1325 κατ’

380 1365 586 1441 ἀρχὴν,
617 1367 699 1435 πῆ
753 1361 811 1420 δὲ
865 1365 930 1418 τὰ
988 1363 1102 1437 μετ’
1133 1363 1292 1419 αὐτὸν
1348 1358 1438 1417 διὰ
1469 1362 1794 1439 ἀνθρώπων,
1826 1360 1878 1414 οἳ
1911 1361 2043 1436 ἀγα-

379 1459 590 1516 πῶντες
638 1454 701 1509 τὸ
756 1455 875 1509 κατ’
939 1450 1220 1529 ἄνθρωπον
1267 1451 1607 1528 ἐξωτερικὸν,
1670 1454 1890 1524 μισοῦσι
1941 1449 2041 1517 τὴν

377 1544 588 1600 δαυτῶν
635 1544 849 1619 ψυχὴν,
892 1541 1268 1616 ἐξοκέλλοντες
1317 1538 1833 1613 ἀποτελεσματικῶς
1885 1539 1921 1607 ἢ
1971 1538 2046 1600 εἷς

377 1635 481 1703 τὴν
515 1631 773 1708 ἀγελαίαν
805 1629 1099 1708 ἀδιάφορον
1161 1630 1384 1704 μίξιν,ἢ
1441 1628 1518 1691 εἷς
1570 1629 1632 1682 τὸ
1691 1626 2041 1683 Πλατωνικὸν

381 1723 663 1798 παίγνιον,
688 1722 854 1796 οὗπερ
893 1719 1154 1795 βούλημα
1209 1719 1366 1774 κοινά
1422 1719 1557 1773 εἶναι
1610 1717 1677 1772 τὰ
1705 1721 1900 1790 πάντα,
1932 1714 2041 1788 ἤδη

2170 1712 2856 1783 nistionem,sivejocum
2882 1709 3268 1777 Platonicum,
3289 1709 3460 1781 cujus
3493 1706 3806 1764 consilium

371 1809 446 1868 ’δὲ
473 1797 582 1867 που
636 1810 728 1866 καὶ
789 1809 864 1873 εἷς
920 1811 984 1865 τὸ
1043 1808 1214 1865 πάλαι
1268 1809 1402 1865 ποτὲ
1461 1806 1748 1872 Σκυθικόν.
1809 1807 2043 1872 Σκύθαις

2170 1808 2278 1860 ποι
2305 1802 2503 1859 omnia
2531 1818 2660 1858 esse
2691 1799 3049 1868 communia,
3101 1800 3222 1856 sive
3272 1799 3449 1856 etiam
3491 1797 3804 1868 antiquum

379 1903 510 1978 γάρ,
544 1900 721 1980 φασὶν,
757 1897 1317 2002 οὐδὶνυέπεχωρίαζεν
1348 1895 1508 1953 ἴδιον.
1539 1896 1623 1952 δτι
1663 1897 1738 1972 μὴ
1773 1896 1923 1975 ξίφος
1954 1895 2043 1952 καὶ

2170 1891 2502 1965 Scytharum
2539 1907 2759 1946 morem
2793 1893 3126 1961 sequentes.
3152 1887 3379 1962 Scythis
3412 1887 3569 1944 enim
3600 1885 3806 1941 dicunt

2170 1980 2298 2002 _:L:I
2352 1997 2414 2002 -__
2469 1997 2623 2002 ..---
2677 1979 2854 2002 D._:-_.-
2899 1977 3198 2002 ....-__2--...
3279 1977 3392 2002 -;-ε
3436 1975 3710 2002 ..-Ληιηυυι
3749 1977 3803 2002 ΑΙ-

383 1975 714 2072 σκύφο-ςγ-
770 1989 870 2044 οὐκ
921 1983 1061 2044 ἔστιν
1121 1987 1213 2043 οὖν
1267 1987 1449 2064 ἡμέρα
1501 1985 1617 2061 μία,
1644 1987 1760 2040 καθ’
1806 1987 1872 2056 ἢν
1943 1985 2044 2040 οὐκ

2170 1980 2301 2035 1ihil
2345 1997 2416 2036 ex
2467 1997 2629 2036 more
2676 1979 2858 2035 fuisse
2897 1977 3226 2050 pr0prium,
3279 1977 3394 2034 nisi
3436 1975 3713 2050 poculum
3746 1977 3804 2030 et

382 2080 462 2145 εἲς
495 2051 594 2156 ίμὲ
642 2079 931 2157 τρέχουσιν
988 2078 1177 2152 ἄνδρες
1231 2099 1290 2133 τε
1341 2051 1431 2131 κάὶ
1469 2079 1740 2152 γυναῖκες,
1773 2071 2038 2130 ἀποκλαι-

2170 2071 2396 2143 ansem),
2430 2101 2499 2110 ——
2530 2086 2647 2125 non
2685 2072 2775 2124 est
2804 2067 2981 2139 igitur
3011 2085 3129 2123 una
3159 2067 3304 2136 dies,
3337 2066 3397 2122 in
3433 2083 3550 2140 qua
3579 2081 3694 2121 non
3727 2063 3801 2119 ad

387 2168 576 2244 όμενοι
611 2168 953 2245 ζυγομαχίας
1001 2168 1178 2223 αὐτῶν
1225 2166 1314 2221 καὶ
1365 2165 1786 2242 παροιστρήσεις
1836 2162 2038 2240 γάμου,

2170 2177 2246 2216 ne
2274 2164 2514 2236 currant
2545 2159 2651 2214 viri
2685 2175 2749 2213 ac
2782 2156 3080 2224 mulieres,
3127 2173 3262 2212 suas
3310 2155 3598 2212 lamentes
3645 2152 3802 2208 rixas

389 2241 594 2315 καθ’δν
652 2241 866 2320 αὖτοὺς
899 2259 928 2313 6
985 2259 1113 2320 Θεὸς
1171 2241 1464 2326 συνέζευξεζ
1524 2255 1798 2310 Διίσταται
1850 2274 2039 2330 γυναι-

2170 2255 2328 2322 itque
2358 2249 2512 2305 bella
2543 2246 2924 2314 matrimonii,
2972 2256 3138 2320 cujus
3187 2245 3418 2301 vinculo
3466 2245 3622 2300 Deus
3670 2241 3805 2297 illos

391 2350 487 2412 κὸς
519 2349 672 2424 ἀνὴρ,
704 2350 793 2404 καὶ
825 2347 861 2418 ἢ
894 2349 1065 2424 πόρνῃ
1113 2344 1404 2415 κολλᾶται,
1436 2343 1472 2414 ἢ
1527 2341 1674 2400 ἀλλά
1729 2342 2040 2419 χρεμετίζει

2170 2339 2826 2412 :onjugavit.Separatur
2855 2337 2944 2391 vir
2973 2337 3044 2391 ab
3077 2340 3340 2405 uxore,et
3367 2334 3454 2390 vel
3489 2331 3681 2406 pellici
3707 2332 3807 2386 ad-

383 2439 522 2495 κατά
579 2421 809 2513 ἐννόμου
867 2421 1061 2509 κοίτης
1111 2434 1425 2511 ἀλλοτρίας’
1483 2434 1575 2490 καὶ
1624 2432 1728 2509 ἐγὼ
1791 2432 2040 2506 μανθάνω

2170 2433 2351 2495 meret,
2385 2428 2471 2484 vel
2504 2429 2562 2483 in
2592 2426 2925 2500 legitimum
2957 2424 3208 2481 aliorum
3239 2423 3458 2480 lectum
3488 2421 3686 2478 hinnit
3714 2438 3726 2490 ;
3751 2421 3809 2476 et

384 2529 473 2585 καί
531 2511 1093 2605 λαλῶθμελαγχολῶν
1122 2526 1191 2582 τὰ
1219 2523 1428 2598 πολλὰ,
1457 2525 1546 2580 καὶ
1595 2525 1624 2578 6
1667 2522 1868 2594 ἀπόζυξ
1916 2543 2039 2598 κερ-

2170 2535 2257 2592 :go
2289 2518 2464 2574 audio
2494 2517 2821 2590 loquorque
2851 2515 3200 2588 plerumque
3232 2511 3720 2578 melancholicus,
3752 2513 3808 2566 et

378 2624 543 2694 τομεῖ
608 2618 700 2674 καὶ
765 2617 1081 2687 καταπαίζει
1164 2620 1291 2690 μοῦ,
1352 2615 1834 2693 στνεφαπτομὲνων
1893 2612 2042 2686 αὐτῷ

380 2717 484 2781 τῆς
543 2708 756 2783 μωκίας
801 2707 891 2763 καὶ
938 2712 1047 2763 τῶν
1091 2705 1629 2784 συμφατριαζόντων.
1662 2704 1765 2762 Καὶ
1822 2704 1850 2759 6
1904 2724 2040 2778 σεμ-

384 2800 475 2862 νὸς
525 2796 948 2869 Θεσσαλονίκης,
984 2797 1012 2851 6
1069 2793 1618 2870 πολυπροσκόνητος,
1678 2793 1904 2848 ἐνταῦθα
1948 2813 2037 2866 μι-

391 2892 524 2963 κροῦ
577 2887 667 2944 καὶ
714 2887 1099 2957 καταπτόεται,
1151 2885 1242 2940 καὶ
1316 2883 1532 2940 παίεται
1604 2882 1740 2938 κατά
1809 2881 2034 2958 κόῤῥης.

392 2977 518 3048 Καὶ,
577 2977 672 3033 οὐκ
741 2977 919 3051 οἶμαι,
978 2979 1279 3048 τηνικαῦτα
1351 2973 1421 3049 (εἷ
1486 2974 1561 3048 μὴ
1621 2974 1652 3044 6
1703 2975 1801 3027 τοῦ
1857 2971 2039 3048 γάμου

393 3067 715 3141 θεσμοθέτης
769 3065 966 3142 Κύριος
1019 3063 1235 3142 ὶγγελᾷ,
1293 3064 1420 3127 τοὺς
1500 3060 1782 3125 τοιούτους
1842 3055 2034 3134 ἐμϐρι-

2225 1180 2314 1235 13.
2361 1178 2610 1234 Multum
2652 1178 2780 1250 jam
2829 1180 3063 1250 tempus
3133 1181 3222 1233 est
3269 1175 3446 1247 (ultra
3496 1173 3652 1231 enim
3703 1187 3806 1229 sex

2146 1268 2270 1341 jam
2301 1284 2487 1324 annos
2519 1265 2765 1323 tribulat
2795 1283 2887 1322 me
2916 1266 3068 1338 quod
3111 1270 3275 1322 extra
3320 1264 3510 1338 legem
3563 1263 3649 1334 ﬁt,
3677 1266 3806 1319 tum

2155 1359 2346 1432 quoad
2378 1356 2760 1429 principium,
2791 1359 2916 1411 tum
2951 1357 3143 1428 quoad
3175 1372 3242 1412 ea
3295 1371 3422 1426 quae
3473 1357 3810 1426 sequuntur

2154 1447 2296 1503 illud
2329 1465 2430 1520 per
2458 1447 2750 1513 homines,
2785 1445 2886 1518 qui
2916 1444 3226 1518 diligentes
3274 1445 3332 1499 in
3381 1443 3621 1499 homine
3649 1439 3808 1512 quod

2153 1537 2432 1604 exterius,
2464 1553 2634 1593 suam
2672 1536 2920 1592 oderunt
2966 1535 3248 1601 animam,
3297 1532 3531 1587 funesta
3559 1529 3808 1585 inclina-

2155 1628 2314 1684 tione
2345 1627 2642 1682 deviantes
2675 1625 2795 1682 sive
2823 1625 2883 1679 in
2914 1623 3242 1697 gregarium
3281 1620 3808 1691 indistinctamque

2149 2610 2363 2681 conjux
2381 2611 2689 2680 separatus
2721 2623 2814 2662 me
2864 2605 3019 2661 ludit
3043 2605 3350 2675 acirridet,
3387 2599 3808 2659 auxiliantibus

2149 2698 2237 2753 illi
2283 2700 2354 2755 ad
2404 2697 2777 2753 illudendum
2829 2694 3284 2752 contribulibus.
3339 2694 3407 2748 Et
3455 2687 3806 2748 venerabilis

2147 2785 2706 2858 Thessalonicae,ille
2735 2784 2829 2840 cui
2859 2785 3146 2841 debentur
3176 2781 3565 2839 salutationes
3583 2778 3800 2853 multae,

2148 2877 2230 2932 ibi
2261 2878 2379 2933 fere
2409 2875 2756 2948 conspuitur
2793 2878 2850 2932 et
2906 2875 2966 2929 in
3027 2873 3261 2929 maxilla
3317 2868 3680 2944 percutitur!
3708 2869 3796 2938 Et,

2148 2983 2262 3022 non
2293 2970 2459 3038 puto,
2489 2969 2632 3021 tunc
2664 2965 2801 3039 (nisi
2845 2962 3205 3019 matrimonii
3255 2961 3555 3034 legislator
3600 2957 3798 3014 Domi-

2147 3071 2260 3111 nus
2293 3071 2397 3128 pro
2446 3053 2700 3111 ludibrio
2756 3053 2897 3110 talia
2954 3052 3237 3124 minatur)
3295 3066 3534 3107 rursum
3566 3065 3636 3105 ex
3681 3047 3799 3104 alia

389 3140 665 3231 μώμενος)
707 3140 860 3218 αὖθις
893 3140 1147 3232 ἑτέρωθεν
1198 3153 1334 3228 ἀνὴρ
1396 3150 1740 3230 ἀναφαίνεται
1797 3144 2037 3204 καταϐο-

2170 3148 2309 3201 iarte
2358 3145 2447 3200 vir
2500 3148 2745 3216 apparet
2803 3142 3163 3200 clamoribus
3231 3140 3594 3212 insequendo
3655 3153 3799 3195 uxo-

383 3246 594 3320 ώμενος
647 3251 770 3316 τῆς
801 3245 1075 3321 γυναικὸς,
1106 3243 1182 3306 ὡς
1238 3241 1613 3318 ἀποζυγείσης,
1655 3240 1745 3295 καὶ
1803 3239 1867 3294 οὐ
1938 3238 2034 3311 μό-

2170 3251 2290 3300 ὀῐη,
2320 3234 2500 3290 veluti
2539 3237 2892 3306 separatam,
2947 3238 3002 3287 et
3052 3250 3167 3287 non
3215 3235 3446 3286 tantum
3506 3244 3800 3297 seorsum,

379 3306 474 3390 νόν
531 3306 841 3410 καταμόνας
870 3328 970 3407 ἔξω
1003 3332 1166 3389 αὐτοῦ
1196 3306 1494 3409 γενομένης
1543 3329 1618 3393 εἷς
1657 3329 1824 3384 τόπον
1853 3326 2035 3404 χλόης

2170 3324 2355 3380 )rocul
2386 3326 2456 3379 ab
2480 3323 2902 3388 illo,diversam
2928 3323 2986 3376 in
3006 3321 3202 3377 locum
3245 3336 3479 3393 pascuae
3500 3318 3804 3375 mortifera

378 3409 687 3498 θανασίμου
747 3425 866 3498 μὲν,
899 3421 1076 3498 ἐκείνῃ
1129 3419 1188 3476 δὲ
1235 3420 1511 3498 γλυκείας,
1539 3419 1628 3475 καὶ
1677 3418 1765 3473 ἐπὶ
1823 3415 2042 3486 ὕδατος,

2170 3413 2415 3486 1υἱόθω,
2461 3413 2563 3468 sed
2622 3429 2750 3484 quis
2803 3412 3040 3468 videtur
3095 3410 3181 3464 illi
3241 3409 3453 3477 dulcis,
3513 3413 3570 3464 et
3632 3422 3811 3479 super

387 3513 487 3582 τῆς
545 3513 682 3590 αὐτῇ
751 3510 1022 3584 δοκούσης
1068 3497 1442 3580 ἀναπαύσεως,
1476 3509 1623 3565 ἀλλά
1668 3508 1759 3563 καὶ
1811 3501 2043 3585 προσϐι-

2170 3519 2387 3574 ιίιυαω,
2421 3519 2548 3574 quae
2577 3502 2810 3557 videtur
2838 3501 2922 3556 illi
2955 3499 3311 3570 refectionis,
3365 3499 3466 3554 sed
3512 3502 3567 3553 et
3596 3497 3813 3569 produ-

389 3586 705 3674 ϐασθείοης,
752 3597 879 3668 ἔνθα
930 3603 1011 3676 μὴ
1068 3600 1352 3677 ἐπέτρεψεν
1409 3601 1436 3654 ὁ
1489 3599 1640 3661 Θεός,
1673 3597 1776 3654 Καὶ
1835 3600 2048 3670 θυμοῦ-

2170 3596 2334 3660 :tam,
2368 3609 2482 3664 quo
2514 3609 2630 3647 non
2663 3591 2936 3663 permisit
2969 3589 3221 3645 Deus.Et
3251 3589 3345 3644 hic
3377 3588 3556 3644 etiam
3588 3586 3812 3643 irascor

397 3715 495 3768 μαι
550 3694 820 3748 κάνταῦθα
871 3691 1003 3768 ἐγὼ,
1046 3691 1135 3746 καὶ
1199 3688 1360 3764 ὀχλῶ
1414 3688 1491 3751 εἲς
1549 3684 1702 3743 οὐδὲν
1753 3686 1949 3763 ἀγαθὸν
1967 3687 2049 3741 τὲ-

391 3782 523 3846 λοςο
562 3782 680 3847 ὅθεν
715 3783 1080 3859 ἀμηχανήσας
1111 3781 1200 3836 καὶ
1242 3777 1508 3856 ἀπογνοὺς
1555 3777 1654 3846 τὴν
1679 3781 1789 3831 τῶν
1821 3773 2049 3830 πολλῶν

389 3871 708 3949 διόρθωσιν,
763 3876 991 3948 χρῶμαι
1046 3871 1183 3926 κατά
1237 3876 1337 3940 τῆς
1388 3867 1648 3939 τοιαύτης
1703 3866 1868 3922 νόσου
1912 3885 2048 3944 φαρ-

397 3962 593 4040 μάκοις
625 3983 688 4018 ου
722 3962 885 4037 μόνον
914 3962 1323 4035 πνευματικοῖς,
1365 3955 1511 4013 ἀλλά
1548 3977 1654 4012 που
1706 3955 1794 4010 καὶ
1852 3975 2051 4028 κοσμιιι

289 4079 296 4083 ·
393 4054 678 4130 κωτὲροις,
709 4051 798 4107 καὶ
831 4049 977 4106 δοκῶ
1007 4047 1266 4128 φορτικὸς
1297 4044 1386 4102 διὰ
1405 4048 1643 4101 πάντων.

476 4157 560 4217 ιδ’.
593 4160 692 4214 Διά
719 4158 792 4227 τί,
823 4155 915 4212 διὰ
958 4155 1012 4212 τί
1070 4155 1169 4210 οὐκ
1227 4156 1424 4232 ὀρθῶς,
1460 4153 1505 4207 ὧ
1555 4149 1806 4229 ἀδελφοὶ,
1838 4151 2054 4227 ἀγαπῶ-

413 4269 500 4322 μεν
573 4245 697 4304 οὔτε
769 4250 919 4322 ἡμᾶς
998 4244 1214 4314 αὐτοὺς,
1276 4238 1399 4298 οὕτε
1451 4243 1543 4297 τὸν
1599 4240 1778 4314 ἀγάπῃ
1837 4238 2053 4295 ἐπιστα-

407 4342 599 4394 τοῦντα
629 4336 798 4408 Θεόν;
831 4335 931 4392 Καὶ
991 4331 1132 4389 ἔστιν
1189 4331 1412 4388 ἐνταῦθα
1467 4331 1529 4386 τὸ
1583 4334 1682 4384 τοῦ
1734 4332 1904 4384 κακοῦ
1933 4329 2057 4405 χεί-

406 4447 610 4504 ριστον.
660 4430 842 4484 Ἔστω
884 4426 1009 4502 γὰρ,
1059 4421 1142 4479 ὅτι
1183 4418 1613 4502 περιφρονητέον
1661 4419 1762 4488 τὴν
1819 4417 2057 4488 Ἐκκλη-

403 4516 542 4574 σίαν.
577 4517 638 4572 Τί
695 4513 762 4586 δὴ
829 4515 903 4590 μὴ
971 4514 1265 4590 ἀγαπῶμεν
1313 4507 1538 4573 ἕκαστος
1595 4507 1781 4565 ἑαυτὸν
1831 4505 1988 4584 γοῦν,
2027 4505 2057 4562 ὃ

404 4604 473 4676 δὴ
526 4607 617 4661 καὶ
673 4610 792 4662 τοῖς
875 4603 1096 4679 ἀλόγοις
1170 4600 1507 4677 ἐμφαίνεται,
1565 4601 1701 4673 ἅπερ
1776 4598 2056 4674 ἀγαπῶσιν

2157 3686 2214 3738 et
2245 3681 2625 3753 importunus
2660 3697 2791 3735 sum
2811 3680 2882 3734 ad
2905 3677 3132 3734 nullum
3157 3678 3378 3733 bonum
3410 3677 3587 3732 ﬁnem
3627 3693 3639 3731 :
3666 3675 3823 3730 unde

2156 3772 2432 3832 inﬁrmus
2489 3775 2548 3826 et
2620 3771 2942 3841 desperans
2999 3768 3322 3823 multorum
3380 3765 3820 3833 correctionem,

2161 3861 2441 3917 adversus
2461 3858 2639 3915 talem
2673 3858 2946 3914 morbum
2973 3861 3105 3913 utor
3127 3857 3405 3913 remediis
3433 3873 3546 3914 non
3578 3859 3818 3911 tantum

2159 3947 2590 4022 spiritualibus,
2623 3948 2722 4003 sed
2757 3957 2812 4003 el
2844 3946 3317 4015 humanioribus,
3360 3950 3418 4003 et
3446 3945 3507 4000 in
3539 3943 3818 4001 omnibus

2157 4039 2358 4095 videor
2385 4041 2481 4092 vix
2508 4037 2872 4092 tolerandus.

2235 4146 2321 4201 14.
2364 4147 2574 4213 Quare,
2634 4145 2866 4214 fratres,
2921 4158 3101 4214 quare
3147 4159 3263 4198 non
3312 4144 3466 4197 recte
3511 4139 3818 4213 diligimus

2165 4252 2271 4292 nec
2300 4251 2408 4291 nos
2437 4234 2601 4306 ipsos
2633 4249 2738 4289 nec
2771 4213 3075 4288 charitatis
3115 4231 3424 4303 praesidem
3460 4231 3642 4286 Deum
3662 4213 3824 4285 ?/Est

2165 4324 2275 4380 hoc
2305 4323 2597 4380 malorum
2643 4322 2992 4396 pessimum.
3045 4322 3180 4378 Esto
3227 4321 3385 4378 enim
3437 4320 3590 4394 quod
3621 4317 3823 4392 despi-

2167 4414 2373 4471 cienda
2404 4413 2482 4469 sit
2510 4412 2768 4469 Ecclesia
2801 4429 2813 4467 :
2848 4428 2954 4467 cur
3000 4416 3198 4467 autem
3252 4412 3668 4484 unusquisque
3703 4423 3827 4465 non

2168 4503 2557 4575 semetipsum
2603 4501 2820 4574 diligit,
2871 4503 3026 4573 quod
3069 4500 3159 4556 vel
3208 4502 3268 4556 in
3330 4501 3524 4556 brutis
3589 4497 3824 4571 conspi-

2169 4595 2320 4650 citur
2350 4593 2733 4659 animalibus,
2779 4609 2908 4662 quse
2961 4591 3159 4662 seipsa
3216 4589 3495 4664 diligunt,
3556 4593 3622 4646 ut
3679 4604 3826 4662 quo-

404 4697 589 4766 ἑαυτὰ,
620 4696 694 4760 ὡς
723 4693 784 4750 ἐκ
811 4697 918 4750 τῶν
953 4693 1248 4770 ὁρωμένων
1305 4689 1586 4769 φαίνεται,
1643 4685 1913 4762 Φεύγουσι
1956 4687 2053 4762 γὰρ

2170 4686 2310 4744 tidie
2376 4685 2686 4758 apparet?
2753 4685 3158 4739 Persecutores
3244 4700 3500 4754 namque
3567 4679 3825 4754 fugiunt,

410 4783 739 4859 διωκόμενα,
771 4783 862 4839 καὶ
911 4783 1006 4844 τὰς
1043 4781 1264 4856 πληγὰς
1315 4777 1645 4848 ἐκκλίνουσι,
1685 4775 1776 4832 καὶ
1836 4773 2062 4855 σφαττό-

413 4895 545 4949 μενα
587 4868 1102 4950 θορυϐοῦσι.Ταῢτα
1149 4867 1207 4924 δὲ
1252 4870 1428 4924 πάντα
1474 4865 1878 4946 φιλοσωμάτων
1927 4861 2059 4939 ἴδια,

407 4965 498 5020 καὶ
525 4965 870 5042 χαρακτῆρες
896 4965 994 5017 τοῦ
1026 4962 1236 5037 ἀγαπᾷν
1267 4961 1384 5034 ζῇν.

487 5074 563 5131 ιε’.
596 5076 730 5148 ’Ἄγε
791 5067 857 5139 δὴ
911 5069 1002 5125 καὶ
1061 5066 1146 5138 σὺ,
1179 5066 1224 5120 ὦ
1264 5065 1365 5133 τὴς
1397 5057 1666 5140 γυναικὸς
1704 5056 1848 5137 ἄνερ,
1882 5057 2065 5136 ἀγάπα

409 5163 475 5218 τὸ
507 5147 768 5238 συμφυὲς,
801 5157 892 5214 καὶ
955 5157 1054 5231 μὴ,
1083 5154 1257 5233 ἀφιεὶς
1307 5155 1406 5224 τὴν
1439 5153 1708 5228 ὁμόζυγα,
1741 5151 1829 5207 καὶ
1891 5147 2066 5213 οὕτως

416 5250 840 5326 ἡμισευόμενος,
900 5239 1105 5324 ῥέμϐου
1149 5239 1558 5326 Ππλανῶμενος,
1621 5239 1758 5296 ὅπου
1832 5239 1895 5294 τὸ
1964 5245 2066 5309 τῆς

415 5323 604 5416 ψυχῆς
636 5323 934 5411 ἐπιθυμοῦν
983 5323 1258 5412 περιὲλκει
1318 5351 1395 5402 σε,
1416 5327 1510 5385 ’ίνα
1556 5329 1632 5416 μὴ
1672 5331 1859 5389 κακοῖς
1914 5348 2067 5404 περι-

415 5415 622 5506 κύρσῃς
675 5425 1036 5503 ἀπροόπτοις,
1090 5421 1224 5495 ἅπερ
1283 5418 1382 5475 οὐκ
1446 5417 1558 5473 ἔστι
1616 5415 1916 5494 διαφυγεῖν.
1970 5417 2070 5471 Καὶ

419 5503 873 5594 σὺδξῶγύναι,
904 5517 938 5585 ἡ
987 5513 1080 5569 τὸν
1132 5509 1272 5565 ἴδιον
1314 5505 1704 5583 ἀποστέρξασα,
1765 5505 1903 5582 πρὸς
1957 5503 2069 5561 ἓτε-

417 5630 512 5689 ρον
570 5605 629 5663 δὲ
684 5592 1055 5673 ἀπονεύσασα,
1116 5593 1371 5656 διδάσκου
1451 5599 1526 5671 μὴ
1598 5592 1923 5689 ἀποτέμνειν
1976 5595 2070 5671 μὶν

570 5697 835 5778 κυριακὴν
874 5693 1149 5778 ,κεφαλὴν
1194 5695 1448 5778 σεαυτῆς,
1483 5687 1666 5778 ἑτέραν
1696 5681 1773 5778 ’δὲ
1809 5683 2071 5778 ἐρωτᾷν,

751 5783 842 5841 καὶ
874 5767 1362 5859 ’ἀπροσκόλλητον
1417 5772 1508 5833 διὰ
1568 5772 1632 5832 τὸ
1672 5767 2072 5850 ’ἀνευλόγητονζ

2171 4775 2414 4833 vulnera
2442 4774 2724 4842 devitant,
2757 4779 2815 4829 el:
2845 4771 3117 4828 nocentia
3138 4771 3594 4845 repelluntllaec
3627 4774 3828 4844 autem

2172 4865 2372 4921 omnia
2429 4879 2557 4920 sese
2624 4861 2997 4936 diligentium
3058 4867 3198 4918 sunt
3273 4861 3528 4934 propria,
3577 4860 3828 4934 vitaque

2175 4970 2394 5010 amoris
2427 4969 2616 5025 signa.

2247 5061 2333 5116 15.
2367 5059 2466 5116 Eia
2500 5074 2636 5130 ergo
2668 5062 2754 5128 tu,
2787 5057 2986 5114 uxoris
3029 5056 3139 5128 vir,
3195 5059 3352 5130 quod
3399 5055 3510 5113 tibi
3564 5053 3834 5114 naturalo

2175 5154 2265 5207 est
2295 5147 2493 5221 dilige,
2545 5163 2736 5220 neque
2765 5149 2933 5202 tuam
2965 5146 3241 5202 deserens
3273 5147 3608 5219 conjugem,
3641 5149 3698 5202 et
3723 5143 3820 5202 sic

2178 5238 2420 5295 dimidio
2453 5237 2742 5308 minutus,
2775 5234 3066 5306 divageris
3099 5236 3344 5307 passim,
3393 5251 3510 5308 quo
3559 5232 3836 5308 propellit

2178 5327 2388 5386 animae
2420 5324 2801 5394 desiderium,
2835 5340 2909 5381 ne
2933 5321 3108 5380 malis
3151 5324 3422 5381 incurras
3469 5322 3830 5396 improvisis,

2180 5434 2308 5489 quae
2342 5416 2538 5486 fugere
2569 5430 2686 5469 non
2717 5413 2910 5468 datur.
2944 5413 3030 5468 Tu
3091 5430 3325 5486 quoque
3382 5412 3614 5485 mulier,
3666 5415 3835 5469 tuum

2183 5508 2449 5562 aversata
2480 5503 2792 5574 conjugem
2824 5505 2880 5557 et
2910 5502 2981 5557 ad
3015 5499 3198 5556 alium
3230 5501 3704 5574 inclinata,disce
3722 5518 3840 5558 non

2183 5594 2484 5651 abscidere
2517 5592 2603 5648 tui
2628 5589 2818 5664 ipsius
2849 5590 3216 5646 dominicum
3267 5596 3463 5664 caput,
3510 5593 3582 5659 ad
3614 5608 3838 5664 priapo-

2183 5684 2444 5741 nendum
2487 5681 2668 5750 aliud,
2716 5681 2896 5753 quod,
2948 5679 3376 5738 benedictionis
3427 5680 3684 5751 defectu,
3730 5696 3836 5736 nec

2183 5771 2445 5846 cooptari
2477 5787 2584 5829 nec
2614 5769 2942 5830 consociari
2989 5773 3204 5844 potest.
3253 5771 3381 5830 Non
3409 5771 3568 5828 enim
3620 5768 3839 5841 aliquis
