4082 6420
258 364 380 424 595

1033 367 1463 430 EUSTATHII
1507 364 2278 436 THESSALONICENSIS
2324 370 2909 435 METROl’OLlTJE

3561 376 3682 436 596

260 497 448 568 putet,
477 499 534 551 et
561 494 669 552 hoc
700 511 835 553 cum
861 497 1200 570 juramento
1232 503 1434 570 testor,
1485 516 1546 556 se
1594 513 1908 555 evasurum
1937 557 1939 566 γ

2054 497 2118 566 ίὴ
2177 500 2281 576 γάρ
2339 521 2420 563 τις
2480 497 3019 578 οἰέσθω-ἔνορκος
3077 502 3137 559 δὶ
3196 505 3360 561 τοῦτό
3411 526 3560 581 φημι
3614 537 3688 547 -

259 600 390 646 esse
419 585 539 643 sive
568 593 940 664 praesentem,
964 591 1083 648 sive
1109 591 1367 649 futuram
1393 591 1495 648 Dei
1526 591 1751 663 iram,si
1776 607 1901 663 quae

259 678 414 731 Deus
445 679 750 749 conjunxit
800 685 1050 753 separat,
1105 687 1163 739 et
1211 683 1291 738 ita
1339 681 1654 755 pulchrum
1703 681 1906 752 conju-

261 763 448 836 gium,
481 782 586 838 per
615 770 769 840 quod
795 787 993 827 semen
1037 773 1208 843 juxta
1253 772 1510 829 divinam
1560 770 1914 828 benedictio-

261 869 398 911 nem
431 857 824 932 multiplicare
838 861 1017 919 vitam
1047 861 1385 920 ordinatum
1409 867 1518 936 est,
1546 860 1752 919 inutile
1783 861 1914 916 red-

266 941 371 1000 dit.

337 1051 426 1107 16.
462 1053 634 1118 Quod
672 1062 864 1114 autem
897 1075 991 1115 me
1022 1077 1137 1116 non
1169 1061 1368 1117 minus
1398 1063 1717 1131 consumit,
1750 1064 1809 1116 et
1838 1059 1924 1115 vi-

265 1141 389 1196 tam
416 1157 608 1199 meam
635 1148 902 1216 conterit,
937 1155 995 1204 et
1024 1167 1138 1206 non
1170 1150 1584 1216 solum,vitalis
1619 1149 1930 1222 sanguinis

269 1227 562 1288 ﬂuentum
593 1236 755 1308 sugit
782 1242 839 1292 et
868 1239 1161 1310 exprimit,
1198 1241 1301 1296 sed
1343 1240 1459 1296 fere
1510 1256 1597 1296 [ne
1627 1239 1931 1310 discerpita

267 1315 412 1375 ‘unt
437 1321 830 1394 prolusiones,
864 1327 983 1383 sive
1016 1330 1357 1400 nuptiarum
1391 1330 1558 1398 atria,
1585 1329 1932 1400 conjungio-

274 1423 409 1464 rum
440 1412 1062 1481 praelibationesMore
1091 1417 1248 1474 enim
1289 1419 1382 1473 hic
1403 1417 1718 1474 venerabili
1755 1423 1938 1473 statu-

271 1501 352 1566 to,
401 1501 763 1570 praearnbula
812 1506 1156 1578 nuptiarum
1219 1508 1556 1580 providendi
1618 1512 1937 1578 sancteque

275 1586 793 1658 considerandi,ut
823 1593 968 1649 nihil
995 1596 1185 1652 obstet
1217 1598 1358 1669 quin
1392 1602 1551 1653 recta
1581 1597 1672 1652 via
1701 1595 1938 1669 gradia-

277 1679 380 1730 tur
434 1683 616 1751 utque
647 1685 914 1740 tortuosa
962 1685 1425 1757 praecluduntur,
1477 1687 1720 1760 quidam
1773 1694 1939 1747 sunt»

282 1766 386 1837 qui
417 1769 733 1839 peculiaris
766 1773 1040 1831 desiderii
1064 1775 1284 1832 ﬂuento
1316 1777 1630 1850 provoluti,
1663 1777 1724 1832 in
1765 1778 1937 1850 abys-

2015 587 2315 664 ἀποφυγεῖν
2374 592 2472 660 τὴν
2528 592 2696 668 ὀργὴν
2729 597 2826 647 τοῦ
2855 599 3011 667 Θεοῦ,
3058 597 3156 665 τήν
3203 616 3262 650 τε
3309 594 3360 650 ἐν
3425 594 3530 670 βίῳ
3588 593 3684 650 καὶ
3769 607 3776 611 ’

2017 677 2117 745 τὴν
2175 677 2490 752 ἐσύστερον,
2544 681 2826 756 χωρίζων,
2868 683 3002 759 ἅπερ
3061 685 3089 738 ὁ
3151 685 3280 747 Θεὸς
3332 681 3534 753 ἤνωσε,
3594 684 3688 738 καὶ

2025 765 2167 822 οὕτω
2217 771 2318 839 τήν
2363 769 2536 840 καλὴν
2589 772 2838 848 συζυγίαν
2897 772 3158 848 ἀχρειῶν,
3212 771 3282 828 δι’
3322 775 3388 843 ἧς
3439 774 3502 828 τὸ
3565 761 3693 829 κατ’

2029 857 2277 934 εὐλογίαν
2309 859 2452 916 θείαν
2489 861 2702 937 σπέρμα
2730 862 2822 917 τὸν
2887 863 3004 938 βίον
3058 862 3356 935 πληθύνειν
3411 863 3688 920 τέτακται.

2113 1064 2196 1122 ις’.
2229 1060 2297 1115 Ὀ
2347 1055 2405 1114 δέ
2452 1079 2519 1131 με
2563 1056 2718 1114 οὐδὲν
2769 1055 2991 1115 ἔλαττον
3044 1058 3280 1130 ἐκτήκει,
3331 1061 3418 1115 καὶ
3477 1066 3578 1130 τῆς
3641 1059 3698 1114 ἐν

2043 1145 2169 1220 ἐμοὶ
2202 1152 2348 1217 ζωῆς
2373 1149 2743 1223 παρατρώγει,
2773 1147 2862 1203 καὶ
2901 1150 3136 1225 ὑφέρπον
3182 1150 3246 1205 οὐ
3283 1150 3446 1222 μόνον
3487 1149 3702 1223 έκμυζᾷ

2041 1238 2132 1292 καὶ
2185 1235 2411 1313 βδάλλει
2450 1241 2547 1292 τοῦ
2601 1242 2800 1307 ζωϊκοῦ
2856 1236 3104 1311 α’ίματος,
3156 1236 3305 1294 ἀλλὰ
3349 1241 3436 1294 καὶ
3495 1243 3700 1315 μικροῦ

2045 1324 2431 1402 διασπαράσσει
2493 1349 2580 1401 με,
2626 1329 2694 1383 τά
2738 1328 3036 1406 προαύλια,
3090 1327 3198 1383 εἷ’τε
3259 1329 3702 1403 προτεμενίσμα-

2043 1437 2110 1471 τα
2166 1421 2274 1470 τῶν
2320 1421 2514 1491 γάμων
2563 1417 2686 1486 εἶσὶ,
2741 1417 2809 1472 τὰ
2860 1423 2970 1473 τῶν
3041 1422 3310 1494 συζυγιῶν
3361 1415 3694 1494 πρωτόλεια.

2044 1505 2237 1565 Ἔθους
2320 1503 2423 1579 γὰρ
2481 1503 2702 1559 ἐνταῦθα
2777 1505 3109 1580 τεταγμένου
3182 1500 3501 1577 σεϐασμίου,
3573 1505 3699 1561 ἐπι-

2047 1587 2435 1648 ϐλέπεσθαιτὰ
2487 1593 2594 1669 πρὸ
2646 1598 2752 1648 τῶν
2801 1594 3019 1669 γάμων,
3057 1593 3149 1649 καὶ
3201 1595 3362 1670 ἱερῶς
3421 1594 3703 1671 ἐκλογίζε-

2049 1684 2190 1751 σθαι,
2219 1683 2292 1745 ὠς
2342 1681 2476 1757 ὀρθά
2538 1683 2630 1756 μὶν
2690 1679 2818 1738 ὅντα
2865 1681 3183 1746 εὐοδοῦσθαι
3233 1687 3302 1757 τῇ
3356 1687 3704 1760 παραχωρή-

2051 1795 2152 1842 σει,
2199 1768 2612 1849 ἐστρεϐλωμίνα
2660 1770 2718 1828 δέ
2759 1793 2819 1848 γε
2881 1770 3318 1842 ἀποκωλύεσθαι,
3370 1771 3474 1827 είσί
3539 1794 3705 1845 τινες,

286 1871 422 1912 sum
472 1857 955 1920 inconvenientia
1006 1866 1244 1938 quidem
1305 1868 1709 1923 observatores
1758 1867 1939 1940 proji-

2056 1864 2108 1918 οἳ
2177 1863 2403 1940 ῥεύματι
2477 1861 2935 1936 κατακυλιόμενοι
3011 1862 3242 1940 ἰφέσεως
3319 1859 3709 1939 ίδιοῤῥύθμου,

289 1945 474 2020 ciunt,
524 1965 728 2007 curare
772 1969 1038 2026 vaneque
1082 1954 1374 2028 speculari
1425 1961 1725 2012 cessantes
1773 1975 1785 2012 :
1830 1951 1947 2028 ipsi

2059 1953 2134 2015 εἰς
2181 1953 2406 2016 ἀτοπίας
2469 1953 2736 2028 βάραθρον
2785 1951 2913 2015 τοὺς
2974 1951 3066 2025 μὶν
3129 1950 3463 2026 ἐπιτηρητὰς
3516 1973 3711 2028 παρω-

289 2051 424 2092 vero
457 2038 734 2110 copulant
783 2048 1068 2112 amantes,
1103 2044 1260 2101 velut
1316 2045 1599 2102 animalia
1654 2048 1939 2120 gregaria!

2057 2049 2293 2114 θοῦνται,
2354 2043 2598 2122 ἀφιέντες
2673 2040 2900 2115 μελετᾷν
2975 2041 3066 2096 καὶ
3128 2041 3302 2115 μάτην
3364 2041 3707 2096 σκέπτεσθαι·

291 2125 508 2198 quibus
538 2145 643 2186 nec
673 2130 842 2201 ratio,
875 2149 979 2189 nec
1009 2132 1124 2202 lex,
1173 2151 1277 2191 nec
1327 2151 1454 2192 mos
1502 2135 1800 2193 humanus
1832 2142 1942 2195 est.

359 2415 522 2472 17.Et
551 2432 657 2489 ego
677 2435 867 2491 nuper
895 2420 1014 2476 vidi
1047 2437 1208 2478 meos
1241 2424 1510 2480 concivcs
1545 2424 1603 2479 in
1634 2423 1742 2480 hoc
1763 2441 1940 2481 ausos

283 2502 681 2576 iniquitatem,
709 2525 890 2579 quam
925 2512 1185 2567 nondum
1219 2529 1408 2584 usque
1444 2513 1615 2570 hodie
1643 2515 1784 2581 vidi,
1832 2531 1940 2571 neo

284 2591 484 2654 etiam.
519 2595 639 2651 sive
668 2596 740 2652 de
769 2597 895 2653 loco
925 2599 1062 2669 isto,
1095 2601 1215 2657 sive
1263 2603 1335 2657 de
1378 2602 1513 2670 alio,
1570 2603 1769 2659 didici.
1831 2609 1940 2660 As-

288 2686 557 2753 sumptos
587 2685 744 2740 enim
758 2687 948 2743 virum
973 2691 1286 2760 quemdam
1311 2708 1377 2747 ac
1396 2692 1700 2748 mulierem
1730 2693 1940 2765 dispu-

287 2775 504 2843 tantes,
537 2789 610 2829 an
641 2775 1142 2846 henedicerentur,
1173 2797 1286 2836 non
1322 2781 1522 2852 procul
1554 2782 1624 2837 ab
1659 2783 1801 2838 urbe
1833 2783 1940 2838 du-

287 2867 522 2930 xerunt,
555 2867 632 2933 et,
668 2865 909 2938 decepto
940 2868 1209 2939 simplice
1240 2870 1564 2943 ignaroque
1617 2873 1939 2943 sacerdote,

290 2948 549 3006 divinam
581 2953 1006 3026 subripuerunt
1036 2958 1496 3016 benedictionem
1525 2960 1754 3032 islaque
1804 2979 1940 3018 con-

280 3037 609 3109 junxerunt
638 3044 916 3102 animalia
944 3047 1071 3104 sine
1102 3053 1236 3118 Deo,
1256 3050 1524 3122 jugoque
1565 3067 1845 3108 consueto
1875 3068 1942 3108 ac

288 3128 521 3186 vinculo
553 3134 856 3192 canonico.
889 3136 983 3192 Sic
1012 3137 1171 3193 enim
1203 3139 1348 3194 mihi
1368 3156 1572 3196 vocare
1603 3140 1742 3197 libet
1771 3141 1945 3198 docu-

2054 2135 2211 2190 αὐτοὶ
2270 2131 2328 2190 δὲ
2380 2129 2660 2204 βιϐάζουσι
2718 2130 2845 2195 τοὺς
2883 2130 3106 2207 ἐραστὰς
3140 2130 3269 2185 ὡσεὶ
3325 2129 3415 2185 καὶ
3474 2127 3711 2207 ἀγελαῖα

2052 2229 2184 2296 ζῶα,
2217 2228 2299 2288 οἷς
2331 2220 2459 2280 οὕτε
2489 2220 2671 2298 λόγος,
2703 2219 2826 2278 οὕτε
2854 2241 3047 2295 νομος,
3074 2216 3200 2276 οὔτε
3239 2219 3442 2296 τρόπος
3495 2219 3708 2296 ἀνθρω-

2047 2314 2228 2378 πικός.

2123 2423 2204 2492 ιζ’.
2240 2422 2342 2479 Καὶ
2401 2418 2542 2477 εἶδον
2577 2419 2684 2495 ἐγὼ
2716 2418 2821 2492 πρὸ
2857 2417 3106 2494 βραχέων
3142 2413 3488 2488 συμπολίτας
3536 2414 3706 2490 ἆμοῦς

2046 2518 2153 2569 τῶν
2209 2511 2435 2575 ἐνταῦθα
2486 2509 2867 2583 τολμήσαντας
2920 2505 3170 2580 ἀνομίαν,
3203 2507 3268 2575 ἣν
3325 2501 3480 2560 οῦπω
3535 2507 3704 2582 μέχρι

2047 2603 2138 2658 καὶ
2194 2603 2434 2676 τήμερον
2489 2595 2614 2654 οὔτε
2673 2595 2835 2667 εἶδον,
2891 2593 3016 2651 οὕτε
3083 2598 3189 2668 μὴν
3255 2591 3443 2658 ἄλλως
3500 2593 3705 2668 ἔμαθον

2052 2689 2174 2747 οὔτε
2225 2689 2278 2746 ἐν
2332 2695 2452 2751 τοῖς
2510 2686 2638 2757 ὧδε,
2672 2685 2798 2743 οὐδὲ
2856 2686 2962 2759 μὴν
3014 2683 3289 2760 ἀλλαχοῦ.
3338 2680 3704 2750 Διαλαόόντες

2049 2782 2150 2858 γάρ
2204 2777 2372 2855 ἄνδρα
2424 2779 2546 2833 τινὰ
2600 2777 2690 2832 καὶ
2748 2781 2978 2852 γυναῖκα
3051 2773 3608 2850 λογομαχουμένους,
3651 2773 3695 2829 εἴ

2051 2868 2370 2945 εὐλογητέω
2421 2863 2655 2941 ἔσονται,
2685 2865 3016 2941 ὑπεξήγαγον
3065 2863 3126 2918 οὐ
3176 2865 3383 2937 μακρὰν
3443 2871 3544 2934 τῆς
3596 2864 3702 2920 πό-

2051 2957 2212 3030 λεως,
2260 2962 2350 3014 καὶ
2391 2958 2759 3028 ἀπατήσαντες
2812 2953 3017 3010 ἁπλοῦν
3065 2953 3211 3028 ἱερέα
3259 2952 3350 3007 καὶ
3404 2947 3580 3024 ἀϐαθῆ
3637 2955 3706 3010 τὰ

2051 3048 2130 3114 εἷς
2177 3054 2401 3124 γνῶσιν,
2455 3043 2683 3120 ἔκλεψαν
2731 3045 2830 3113 τὴν
2896 3043 3041 3107 θείαν
3111 3042 3387 3118 εὐλογίαν,
3437 3042 3527 3097 καὶ
3585 3063 3703 3098 συν-

2052 3139 2260 3211 έζευξαν
2317 3142 2429 3207 ζῶα
2481 3140 2651 3190 ταῦτα
2708 3137 2841 3189 Θεοῦ
2891 3130 3026 3207 δίχα
3071 3130 3161 3186 καὶ
3214 3135 3379 3207 ζυγοῦ
3423 3135 3515 3185 τοῦ
3570 3150 3695 3184 συν-

286 3223 488 3278 menta
515 3222 980 3297 scripta,quibus
1010 3226 1292 3284 homines
1321 3229 1708 3302 conjugaliter
1725 3231 1939 3287 uniun-

2054 3233 2220 3301 ήθους
2251 3227 2341 3282 καὶ
2394 3222 2727 3303 ζυγοδέσμου
2775 3220 3263 3277 κανονικοῦ.οῦτω
3303 3218 3542 3314 ἐγὰρῳκαί
3589 3216 3698 3292 ὶγὼ

288 3308 406 3364 tur.
445 3309 514 3366 Ut
543 3317 739 3374 autem
772 3314 892 3370 haec
919 3316 978 3371 in
1011 3317 1279 3372 notitiam
1303 3318 1446 3373 mihi
1479 3325 1761 3376 venerunt
1790 3321 1939 3376 facto

2054 3317 2238 3383 καλεῖν
2293 3315 2464 3372 ἐθέλω
2519 3315 2589 3370 τὰ
2641 3311 2854 3388 γραπτά
2916 3311 3239 3382 τυπώματα,
3299 3306 3363 3365 δι’
3416 3308 3488 3362 ὧν
3570 3328 3706 3362 συν-

290 3396 466 3454 citius
496 3399 1165 3477 hujusmodijugalibus
1197 3407 1940 3479 obviam,conjunctlonem

293 3502 408 3558 quo
438 3492 803 3562 exprobravi,
837 3494 1024 3550 eheu!
1059 3500 1343 3567 quantam
1395 3498 1824 3570 impudentiam
1875 3515 1944 3555 ex

294 3573 657 3647 ignobilibus
679 3581 934 3654 jugariis
967 3590 1239 3656 expertus
1263 3585 1417 3642 sum!
1446 3591 1759 3658 Postquam
1784 3588 1942 3643 enim

295 3665 580 3724 violenter
608 3669 1011 3728 clamaverunt
1032 3675 1410 3748 minitarique
1427 3675 1575 3732 nihil
1593 3676 1943 3749 omiserunt,

297 3759 594 3812 recentem
624 3758 1051 3831 legislationem
1082 3762 1485 3836 allegaverunt
1518 3764 1578 3819 hi
1609 3765 1741 3821 novi
1773 3782 1947 3822 cano-

300 3843 654 3918 nistaa,quod
687 3871 716 3899 «
751 3849 941 3906 Semel
973 3855 1075 3908 aut
1101 3852 1195 3908 bis
1228 3870 1362 3908 cum
1393 3853 1860 3926 pulsavissemus
1892 3859 1950 3912 et

300 3949 605 3991 sacrorum
636 3937 979 3995 ministrum
1002 3957 1116 3996 non
1132 3941 1469 3999 audientem
1493 3943 1947 4017 invenissemus,

301 4021 435 4095 alio,
470 4027 624 4096 quod
650 4026 992 4086 volebamus
1026 4031 1339 4102 quesitum
1362 4032 1580 4089 ivimus
1612 4049 1625 4088 :
1654 4054 1679 4085 ι)
1711 4035 1948 4106 Aliquid

297 4111 561 4172 dicentes
587 4117 873 4189 simile,ut
903 4119 985 4176 ita
1015 4121 1300 4190 dicam,ac
1329 4123 1488 4180 istud
1525 4141 1538 4178 ε
1575 4146 1602 4174 ‹‹
1639 4124 1948 4181 Fermento

296 4203 474 4260 misto
505 4221 776 4278 paneque
806 4215 1030 4280 parato,
1064 4211 1365 4268 clibannm
1418 4213 1780 4270 invenientes
1831 4232 1947 4270 non

292 4295 758 4366 convenientem,
819 4299 908 4363 ad,
943 4300 1125 4356 alium
1176 4302 1569 4359 cucurrimus.
1611 4324 1640 4354 »
1673 4303 1952 4361 Homines

295 4381 510 4439 clibani
542 4384 697 4457 igne,
731 4386 802 4442 de
833 4405 946 4459 quo
986 4389 1222 4461 psalmi,
1274 4409 1405 4447 vere
1452 4391 1654 4464 digni!
1691 4391 1759 4446 Hi
1817 4409 1950 4448 vero

294 4490 530 4546 quoque
562 4476 620 4530 in
643 4476 866 4548 aliquid
901 4481 1088 4537 multo
1122 4483 1309 4554 pejus,
1342 4482 1552 4538 saltem
1604 4500 1845 4555 prorsus
1877 4482 1951 4539 il-

295 4559 548 4635 licitum,
581 4570 861 4636 praeterea
885 4569 1274 4627 offenderunt.
1310 4571 1476 4626 Mane
1507 4570 1752 4641 quidem
1791 4571 1948 4628 enim

296 4651 598 4722 sponsalia
628 4654 780 4711 facta
808 4661 968 4725 sunt,
1001 4663 1058 4714 et
1086 4659 1292 4714 statim
1326 4659 1667 4731 conjugium
1701 4659 1947 4716 abscon-

297 4741 488 4797 ditum
522 4742 834 4816 impletum
889 4751 996 4802 est.
1037 4749 1152 4803 [loc
1180 4747 1644 4805 abominandum
1697 4749 1842 4821 ipsis
1873 4751 1946 4806 ad

300 4829 503 4888 horam
553 4833 638 4890 sic
688 4839 924 4908 raptum
957 4841 1045 4891 est
1075 4854 1089 4892 :
1125 4836 1231 4905 sic,
1281 4841 1488 4893 contra
1545 4855 1750 4894 omnes
1780 4855 1950 4895 cona-

298 4919 456 4979 mine
488 4922 662 4992 ἴδοιο,
693 4929 976 4996 tropmum
1010 4929 1143 4981 ante
1195 4926 1400 4982 urbem
1452 4931 1828 4984 statuerunt:
1863 4929 1948 4985 sic

294 5016 499 5068 contra
528 5013 750 5086 regiam
781 5013 1068 5071 novellam
1108 5015 1359 5087 juvenili
1407 5017 1782 5074 festinatione
1814 5034 1947 5090 ege-

290 5105 449 5170 runt,
479 5111 534 5158 et
563 5102 1035 5159 acceleraverunt
1064 5104 1319 5176 culpam,
1377 5107 1725 5178 priusquam
1759 5123 1943 5162 canon

289 5190 605 5246 obsisteret
663 5190 766 5245 eis.
829 5191 897 5246 Et
971 5193 1210 5265 quidem
1285 5200 1644 5266 putaverunt
1722 5194 1945 5266 miseri,

285 5281 494 5349 Deum,
527 5278 627 5350 qui
679 5277 739 5334 in
799 5279 989 5352 ipsam
1039 5283 1340 5356 abyssum,
1389 5302 1478 5353 ac,
1539 5285 1588 5339 si
1629 5287 1750 5356 qui
1799 5283 1948 5340 infe-

286 5369 412 5425 rius
438 5372 549 5438 est,
582 5368 747 5425 oculo
777 5376 1064 5442 penetrat,
1098 5389 1161 5430 se
1201 5373 1520 5430 abscondi!
1565 5377 1634 5429 Et
1680 5373 1942 5445 oculum,

289 5456 384 5512 cui
418 5455 567 5513 nihil
619 5462 706 5514 est
756 5467 1046 5533 opertum,
1097 5463 1584 5520 existimaverunt
1614 5481 1676 5521 se
1723 5463 1942 5521 latere!

289 5546 401 5690 god
430 5546 528 5618 qui
559 5547 629 5606 de
661 5549 804 5608 ccelo
833 5551 1136 5626 prospicit,
1170 5556 1228 5610 et
1253 5552 1400 5611 vidit
1439 5557 1498 5610 et
1554 5554 1744 5612 cernit
1774 5558 1832 5611 et
1855 5553 1944 5611 in-

339 5635 588 5690 ismatur.

339 5635 588 5709 ignatur.
648 5701 650 5703 ,

1977 4620 2024 4685 D

2054 3415 2376 3487 δεσμοῦνται
2423 3407 2674 3482 γαμικῶς
2717 3399 3019 3477 ἄνθρωποι.
3067 3405 3154 3462 Ὡς
3221 3397 3279 3454 δὲ
3351 3397 3427 3460 εἷς
3495 3401 3708 3487 ,γνῶσιν

2051 3486 2224 3575 ἦλθον
2274 3498 2397 3571 ἐμοὶ
2446 3499 2633 3563 ταῦτα,
2665 3497 2744 3564 τῷ
2790 3489 2936 3565 τάχα
2993 3494 3110 3553 τοῖς
3157 3487 3430 3550 τοιούτοις
3489 3486 3712 3543 ἐπιστα-

2052 3573 2237 3649 τοῦντι
2291 3583 2616 3662 ζευγαρίοις,
2649 3580 2740 3636 καὶ
2785 3578 3118 3653 ἐμεμψάμην
3167 3579 3269 3647 τὴν
3321 3576 3516 3648 ζεῦξιν,
3566 3573 3714 3648 ὤμοι

2052 3690 2155 3753 τῆς
2212 3675 2520 3737 ἀναιδείαςῑ
2567 3675 2633 3742 ἧς
2684 3669 2973 3745 ἐπειράθην
3034 3667 3095 3722 ὲκ
3151 3665 3376 3744 φαύλων
3442 3663 3715 3753 ζευγηλα-

2054 3751 2188 3828 των.
2219 3762 2606 3841 Ἐγκραγόντες
2633 3760 2738 3836 γὰρ
2788 3757 2924 3834 πρὸς
2963 3756 3184 3832 θράσος,
3214 3756 3303 3811 καὶ
3369 3751 3503 3810 οὐδὲ
3561 3753 3719 3808 ἀπει-

2057 3859 2328 3932 λήσασθαι
2404 3851 2834 3921 κατοκνήσαντες
2861 3893 2878 3920 ,
2955 3847 3066 3902 εἶτα
3166 3844 3258 3900 καὶ
3361 3841 3714 3917 θεσμοθεσίαν

2055 3930 2247 4024 νεαρὰν
2307 3945 2644 4022 ἐξεφώνησαν
2699 3939 2750 3994 οἳ
2797 3936 2975 3992 καινοὶ
3021 3933 3352 4024 κανονισταὶ,
3522 3955 3553 3985 ‹‹
3612 3930 3715 4024 Καὶ

2059 4019 2196 4109 ἅπάξ
2253 4035 2342 4091 καὶ
2398 4019 2479 4095 δὶς
2555 4028 2929 4098 κοπιάσαντες,
2981 4026 3072 4080 καὶ
3123 4024 3215 4078 τὸν
3283 4019 3581 4109 ἱερολόγον,
3633 4021 3713 4094 μὴ

2061 4107 2403 4183 ὑπακούοντα
2507 4117 2853 4192 έξευρηκότες
2883 4159 2898 4187 ,
2983 4114 3374 4190 ἀπηρτήσαμεν
3498 4107 3712 4179 ἄλλως,

2059 4215 2191 4291 ὅπερ
2246 4211 2543 4285 ἠθέλομεν,
2581 4229 2604 4259 ε
2638 4205 2831 4281 ὅμοιόν
2885 4225 2939 4260 τι
2999 4203 3256 4279 φάμενοι,
3289 4201 3363 4263 ὡς
3418 4198 3506 4256 ἐὰν
3542 4199 3716 4291 εἷπον,

2060 4288 2224 4361 ὅτινα
2274 4299 2654 4378 Φυρασάμενοι
2704 4294 2901 4369 ξύμην,
2944 4292 3033 4348 καὶ
3088 4291 3569 4368 ἆρτοποιήσαντες,
3603 4288 3721 4342 εἶτα

2057 4390 2304 4467 κλιϐάνῳ
2377 4383 2868 4466 περιτετυχηκότες
2953 4382 3054 4438 οὐκ
3125 4379 3435 4457 ἀρέσκοντι,
3486 4398 3723 4467 μετεπηο

2061 4461 2301 4557 δήσαμεν
2368 4461 2459 4542 εἷς·
2500 4461 2702 4552 ἕτερον.
2766 4498 2795 4527 ››
2845 4475 3159 4546 Ἄνθρωποι
3223 4469 3374 4525 οῦτοι
3449 4461 3720 4557 κλιϐάνου

2059 4554 2228 4650 πυρὸς
2257 4569 2539 4646 ψαλμικοῦ
2593 4564 2754 4637 ἄξιοι.
2789 4563 2856 4621 Οἱ
2914 4560 2972 4618 δὲ
3017 4559 3109 4616 καί
3163 4580 3218 4650 τι
3276 4563 3465 4650 χεῖρον
3515 4554 3720 4650 πολλῷ

2057 4647 2428 4724 συνέπταισαν,
2493 4659 2689 4731 μενοῦν
2764 4674 2825 4728 γε
2884 4653 3118 4723 ἄθεσμον
3179 4648 3256 4712 εἷς
3308 4648 3371 4703 τὸ
3424 4647 3710 4720 παράπαν.

2057 4751 2214 4827 Πρωλι
2259 4750 2352 4823 μὶν
2384 4747 2485 4825 γὰρ
2517 4748 2552 4816 ἡ
2591 4743 2854 4818 μνηστεία
2901 4739 3180 4811 ἐτελέσθη,
3211 4737 3461 4812 αὐθωρὸν
3522 4733 3580 4827 δί
3627 4735 3719 4827 καὶ

2061 4823 2325 4916 ὁίγάμος
2397 4823 2807 4914 ἐγκρυφιασθεὶς
2885 4829 3210 4905 ἐπληρώθη.
3270 4830 3449 4885 Τοῦτο
3527 4823 3596 4916 δὴ
3653 4825 3718 4880 τὸ

2061 4913 2445 5008 ἀποτρόπαιον
2493 4923 2666 4986 οὕτως
2727 4923 2914 4983 αὐτοῖς
2971 4919 3221 4996 ἡρπάγη,
3269 4917 3352 5008 τὰ.
3393 4921 3492 4985 τῆς
3547 4913 3714 5008 ὥραςς

2060 5000 2216 5076 οὕτω·
2247 5017 2386 5074 κατᾶ
2427 5021 2534 5071 τῶν
2579 5013 2820 5069 κανόνων
2867 5007 3282 5076 σπουδάσαντες,
3326 5000 3558 5075 ἔστησαν
3611 5003 3718 5079 πρὸ

2056 5117 2156 5180 τῆς
2213 5106 2430 5169 πόλεως
2504 5103 2802 5179 τρόπαιονο
2865 5099 3009 5155 οὕτω
3061 5097 3199 5154 κατᾶ
3259 5098 3361 5160 τῆς
3422 5092 3714 5171 βασιλικῆς

2057 5205 2248 5275 νεαρᾶς
2305 5193 2704 5252 ἐνεανιεύσαντο
2766 5189 3113 5259 σπεύσαντες,
3159 5185 3250 5242 καὶ
3301 5183 3565 5260 ἐτάχυναν
3617 5181 3707 5275 την

2057 5267 2344 5368 ἁμαρτίαν,
2396 5287 2472 5360 μὴ
2531 5281 2622 5339 καί
2680 5279 2974 5371 φθάσαςᾼὸ
3027 5277 3207 5371 κανὼν
3261 5273 3559 5371 άντιπράξη
3613 5267 3703 5371 a6:

2055 5360 2193 5443 τοῖς..
2228 5377 2330 5436 Καὶ
2380 5374 2562 5448 ἔδοξαν
2624 5372 2717 5446 μὲν
2779 5371 2831 5425 οἱ
2890 5367 3119 5425 ἐλεεινοί
3149 5361 3419 5444 κρυϐῆναι
3466 5360 3568 5448 ἀπό
3610 5360 3708 5412 τοῦ

2057 5473 2212 5538 Θεοῦ,
2261 5472 2358 5522 τοῦ
2406 5463 2497 5521 καὶ
2557 5461 2635 5525 εἷς
2694 5455 2925 5518 ἄϐυσσον
3004 5456 3194 5529 αὐτὴν,
3256 5454 3348 5510 καὶ
3407 5449 3457 5508 εἴ
3499 5447 3552 5538 τί
3601 5467 3712 5502 που

2055 5537 2368 5626 κατωτέρω,
2415 5557 2498 5626 τῷ
2561 5549 2842 5627 βλέμματι
2903 5542 3300 5623 ἐμϐαθύνοντος
3334 5561 3351 5578 ·
3381 5540 3471 5599 καὶ
3529 5537 3719 5604 λαθεῖν

2053 5644 2146 5699 τὸν
2191 5641 2464 5715 ἀλάθητον
2516 5638 2767 5713 ἐνόμισαν
2811 5634 3120 5715 ὀφθαλμόν.
3171 5634 3232 5692 Ὁ
3277 5629 3336 5688 δὲ
3380 5627 3718 5706 προκόπτων

2056 5733 2147 5790 ἀπ’
2201 5731 2455 5810 οὐρανοῦ,
2514 5729 2604 5788 καὶ
2662 5725 2772 5787 εἶδε
2822 5725 2914 5785 καὶ
2967 5722 3162 5804 βλέπει
3239 5722 3328 5780 καὶ
3402 5719 3718 5798 ἀγανακτεῖ.
