4082 6374
410 413 532 474 597

1437 409 1516 470 ΙΝ
1563 410 1628 471 S.
1678 402 2362 482 QUADBAGES'IMAM
2413 415 2702 478 ORATIO
2746 418 2824 480 II.

3723 423 3843 487 598

489 543 580 614 ιη’.
616 541 715 597 Καὶ
743 541 810 598 τὸ
842 541 1030 618 ἐφεξῆς
1085 541 1229 598 ὁκνῶ
1262 537 1460 618 λέγειν.
1517 542 1578 600 Ὁ
1638 537 1695 598 δέ
1757 563 1823 616 με
1871 545 2065 618 μικροῦ

2260 548 2344 604 18.
2375 548 2506 606 Jam
2537 550 2820 609 ulteriora
2850 567 2943 608 me
2973 551 3129 624 piget
3163 551 3374 608 dicere.
3431 553 3598 622 Quod
3640 559 3839 614 autem

409 629 777 709 παρέδραμεν·
841 630 1200 709 ἐκεγχόμενος
1257 632 1285 686 6
1357 629 1410 686 ἐν
1487 635 1567 704 τῷ
1623 630 1861 704 τοιούτῳ
1919 636 2070 704 κακῷ

411 723 744 798 θερμότερος
800 726 896 777 τοῦ
948 722 1159 796 κόσμου
1234 721 1539 796 ἅνθρωπος,
1611 721 1701 776 καὶ
1779 721 1881 776 ὑπὸ
1956 726 2064 776 τῶν

412 811 790 889 περιεστώτων
858 818 958 881 τῆς
1034 809 1325 879 ἐκκλησίας
1373 811 1572 866 τέκνων
1624 811 1938 887 ἀγχόμενος
1991 812 2069 875 εἰς

415 903 650 978 ποίγμα,
711 899 1022 976 διαλογικὸν
1075 900 1332 978 ἐξανοίγει
1389 902 1450 957 τὸ
1509 900 1685 975 στόμα
1743 900 1818 963 εἷς
1881 900 2069 977 χάσμα

416 993 507 1048 καὶ
558 989 733 1048 πλατὺ
764 991 852 1046 καὶ
893 989 1047 1066 βαθύ.
1084 992 1183 1047 Καὶ
1213 993 1349 1047 κατὰ
1379 990 1733 1067 θυμομαχίαν
1786 989 2066 1054 ἀνατείνας

419 1084 496 1139 τὼ
526 1087 698 1159 χεῖρε,
731 1081 820 1137 καὶ
869 1085 938 1156 τῇ
995 1083 1089 1155 μὲν
1138 1078 1392 1155 δακτύλῳ
1459 1081 1734 1156 ἁψάμενος
1783 1085 1878 1136 τοῦ
1919 1080 2067 1137 κάτω

418 1171 690 1248 στοιχείου
719 1176 826 1227 τῶν
886 1168 1146 1244 οδόντων,
1191 1175 1260 1246 τῇ
1313 1169 1369 1227 δὲ
1414 1171 1571 1248 ἑτέρᾳ
1615 1175 1712 1226 τοῦ
1745 1170 2068 1247 ὑπερκειμέ-

414 1284 538 1332 νου,
597 1262 689 1316 καὶ
750 1259 931 1335 μύζων
992 1260 1150 1338 βαρὺ,
1204 1259 1533 1318 ἐνεδείκνυτο
1592 1259 1796 1326 ἐθέλειν
1857 1259 2066 1336 σχίσαι,

409 1351 499 1408 καὶ
548 1349 723 1414 οὕτως
772 1351 1054 1426 ἀνευρῦναι
1099 1351 1192 1408 τὸν
1223 1353 1334 1406 ἄνω
1365 1349 1568 1408 λάκκον
1619 1350 1695 1413 είς
1745 1347 1912 1405 πλέον
1969 1353 2067 1405 τοῦ

410 1445 662 1520 φυσικοῦ,
731 1438 824 1496 ’ίνα
897 1437 1001 1518 ἔχῃ
1081 1440 1364 1516 ποταμοὺς
1440 1440 1638 1496 ἐκεῖθεν
1700 1439 2064 1515 ἐξερεύγεσθαι

407 1531 822 1606 ἁμαρτημάτων
878 1527 1236 1586 παπαδικῶν.
1294 1530 1392 1586 Καὶ
1446 1530 1522 1593 εἷς
1580 1534 1836 1585 τοσοῦτον
1893 1526 2065 1583 ἐνδει-

407 1624 613 1682 κτικῶς
669 1619 1029 1693 αἰνιξάμενος,
1108 1622 1221 1676 εἶτα
1297 1619 1604 1676 συνέκλεισε
1678 1619 1772 1692 μὲν
1814 1618 1909 1681 τὰς
1962 1621 2064 1683 τῆς

415 1709 769 1788 βλασφημίας
799 1707 995 1772 πυλας.
1028 1708 1384 1784 Ἐξουδένωσε
1436 1707 1493 1764 δὲ
1552 1709 1580 1764 6
1641 1709 1805 1786 μέγας
1863 1705 2066 1784 ἄνθρω-

407 1821 511 1863 πος
560 1799 624 1855 τὸ
653 1800 907 1856 ταπεινὸν
959 1803 1056 1854 τοῦ
1113 1803 1246 1856 Θεοῦ
1305 1797 1505 1876 λάχος,
1563 1797 2066 1872 ἀλαζονευσάμενος

410 1887 739 1967 διαρρήδην,
771 1889 840 1961 ὠ,
892 1891 1064 1997 εῗθμὴ
1123 1891 1151 1945 6
1212 1887 1335 1962 δοὺξ
1385 1886 1638 1997 ἤθροισεν
1700 1886 1799 1943 οὐκ
1847 1886 1912 1997 ’ἀν
1940 1883 2066 1942 οὐδὲ
2096 1934 2144 1997 Β

412 1978 748 2052 λατηξίωσεν
807 1980 883 2044 εἰς
941 1975 1066 2055 ὄψιν
1127 1985 1245 2042 τοῖς
1326 1975 1803 2050 έκκλησιαστικοῖς
1864 1975 2061 2034 ἐλθεῖν.

409 2070 568 2128 Οὕτω
593 2069 730 2125 κατὰ
757 2072 858 2139 τῆς
889 2066 1218 2136 Ἐκκλησίας
1250 2065 1486 2144 ὑψηλὸς,
1521 2068 1548 2123 6
1595 2067 1730 2145 πρὸς
1791 2060 2066 2144 ἀκρίϐειαν

412 2159 514 2214 οὐκ
541 2159 818 2234 εὐώνυμος
853 2157 1158 2237 ἅνθρωπος,
1191 2157 1335 2214 οὕτω
1365 2157 1666 2236 περιφανὴς
1699 2159 1726 2213 6
1751 2155 1917 2233 μέχρι
1942 2156 2064 2212 τότε

418 2250 550 2323 ἡμῖν
583 2249 816 2328 ἀφανής.
889 2299 896 2302 .

491 2337 583 2416 ιθ’ῥ
611 2338 800 2403 Οὕτως
844 2339 897 2395 οἱ
946 2341 1043 2394 τοῦ
1101 2341 1234 2395 Θεοῦ
1295 2334 1574 2401 δοκοῦντες
1631 2337 1765 2393 εἶναι
1815 2335 2061 2412 ἀγαπῶσι

409 2427 536 2494 τοὺς
566 2428 790 2502 ἀληθῶς
844 2434 942 2486 τοῦ
1000 2434 1152 2487 Θεοῦ·
1206 2428 1378 2493 οὕτως
1431 2432 1466 2500 ἡ
1527 2430 1705 2506 ἀγάπη
1766 2428 2061 2503 νοθεύεται,

409 2520 580 2584 οὕτως
637 2523 673 2592 ἡ
757 2518 1058 2592 Ἐκκλησία
1133 2525 1358 2595 τιμᾶται
1435 2520 1583 2594 παρά
1635 2524 1752 2582 τοῖς
1813 2517 1866 2575 ἐν
1923 2520 2059 2592 ἡμῖν

405 2607 785 2686 δογματικοῖς,
841 2607 894 2664 ο⁹ί
943 2610 1043 2678 τὴν
1106 2610 1202 2683 μὲν
1240 2607 1567 2678 Ἐκκλησίαν
1599 2611 1764 2682 τιμᾷν
1822 2606 2059 2683 αὐχοῦσι

405 2699 496 2756 καὶ
555 2693 825 2769 σέϐεσθαι,
883 2698 973 2754 καὶ
1039 2699 1176 2775 πρὸς
1234 2699 1407 2768 αὐτῆς
1461 2697 1617 2768 εἶναι,
1675 2698 1764 2752 καὶ
1826 2695 2062 2770 έτοίμως

408 2783 554 2864 ἔχειν
637 2788 1134 2863 ὑπεραποθνήσκειν
1211 2786 1401 2855 αὐτῆς,
1464 2785 1593 2848 τοὺς
1651 2783 1710 2840 δὲ
1767 2783 2059 2853 ἐκκλησια-

413 2876 624 2940 στικοὺς
705 2880 1107 2952 παρανοοῦντες
1181 2874 1306 2931 ὥσεὶ
1367 2873 1456 2930 καὶ
1515 2875 1695 2944 οὐθὲν,
1752 2874 2062 2945 συνεξουθε-

416 2969 566 3021 νοῦσι
637 2965 724 3022 καὶ
797 2967 864 3020 τὰ
937 2964 1380 3036 ἐκκλησιαπικᾶ,
1457 2962 1908 3042 φιλοσοφοῦντες,
1985 2962 2060 3024 ὡς

416 3052 704 3133 ἀπροσδεὲς
740 3057 832 3130 μὲν
892 3054 1104 3111 πάντων
1147 3059 1254 3110 τῶν
1307 3053 1394 3110 ἐπὶ
1435 3059 1559 3129 γῆς*
1593 3051 1680 3108 ἐπὶ
1722 3059 1826 3130 γῆς
1859 3049 1916 3106 δὲ
1971 3049 2061 3107 καὶ

414 3146 465 3200 οἱ
524 3145 974 3218 εκκλησιαστικοὶ
1049 3143 1139 3200 καὶ
1217 3145 1281 3200 τὰ
1355 3145 1472 3199 κατ’
1538 3141 1754 3206 αύτούς.
1814 3140 1879 3197 Τί
1931 3145 2061 3218 γοῦν

408 3235 665 3306 ἀξιωτέον
726 3233 925 3312 λόγου,
985 3233 1184 3313 φασὶν,
1245 3233 1566 3307 ἀνθρώπους
1623 3232 1715 3288 καὶ
1767 3232 2065 3307 πράγματα

2183 654 2276 693 me
2307 638 2425 695 fere
2465 642 2783 711 praeteriit:
2836 641 3162 708 convictus,
3223 642 3317 700 hic
3374 643 3434 699 in
3491 643 3839 716 hujusmodi

2180 726 2335 783 malo
2367 729 2612 785 calidior
2643 747 2821 801 quam
2854 733 3020 787 decet
3043 731 3432 804 hominem,et
3455 751 3487 788 a
3510 735 3707 805 pueris
3739 751 3833 790 ec-

2179 815 2418 874 clesiam
2433 819 2947 877 circumstantibus
2960 822 3032 877 ad
3048 822 3493 878 suﬂ‘ocationem
3507 840 3672 894 pcene
3687 841 3810 880 com
3823 855 3840 867 -

2179 923 2440 978 pressus,
2463 925 2526 964 os
2549 910 2897 966 rationabile
2924 909 3212 966 dilatabat
3247 912 3305 966 in
3342 916 3684 983 aperturam
3717 911 3833 968 lar-

2178 1012 2310 1066 gam
2329 1013 2394 1052 ac
2428 998 2781 1069 profundam
2809 1017 2821 1068 ;
2864 1004 2921 1055 et
2943 1001 3213 1057 certatim
3243 1018 3456 1056 manus
3489 1002 3835 1074 extendens,

2181 1101 2297 1141 una
2328 1087 2568 1158 quidem
2601 1105 2737 1144 cum
2766 1089 2950 1162 digito
2981 1089 3320 1148 inferiorem
3353 1092 3621 1148 dentium
3680 1092 3836 1148 ordi-

2179 1191 2335 1245 nem,
2353 1175 2468 1233 alia
2499 1194 2631 1233 vero
2665 1178 3031 1251 superiorem
3071 1184 3348 1253 tangens,
3382 1181 3752 1238 monstrabat
3774 1197 3838 1238 se

2179 1264 2400 1321 ﬁndere
2430 1265 2573 1322 velle
2603 1266 2807 1338 sicque
2837 1267 3152 1341 plusquam
3178 1269 3543 1339 naturaliter,
3569 1270 3836 1344 superio-

2179 1370 2300 1409 rem
2335 1354 2618 1427 ampliare
2654 1356 2875 1426 lacum,
2935 1362 3000 1413 ut
3056 1359 3390 1414 enormium
3451 1365 3830 1432 peccatorum

2177 1443 2386 1500 exinde
2426 1445 2635 1500 ﬂuvios
2667 1461 2937 1503 evomere
2969 1452 3187 1519 posset.
3245 1449 3310 1504 Et
3359 1449 3444 1505 sic
3502 1449 3834 1522 aenigmatis

2176 1533 2656 1606 interpretatione
2687 1535 2859 1603 facta,
2892 1536 3162 1607 protinus
3188 1537 3428 1609 quidem
3451 1537 3832 1611 blasphemiae

2169 1621 2386 1693 januas
2401 1623 3040 1698 occlusit.Contempsit
3059 1630 3250 1682 autem
3266 1626 3360 1682 hic
3381 1644 3634 1699 magnus
3651 1627 3830 1684 homo

2178 1711 2463 1770 humilem
2493 1713 2591 1770 Dei
2623 1717 2865 1785 sortem,
2910 1715 3219 1772 manifeste
3266 1716 3550 1788 jactitans
3603 1735 3666 1774 se
3714 1717 3834 1773 nisi

2178 1802 2298 1858 dux
2327 1803 2634 1876 coegisset,
2667 1820 2864 1860 coram
2896 1803 3314 1860 ecclesiasticis
3346 1805 3555 1862 sistere
3585 1806 3680 1862 vix
3740 1805 3832 1862 di-

2178 1897 2498 1963 gnaturum
2530 1892 2734 1948 fuisse.
2759 1893 2851 1949 Sic
2875 1897 3160 1950 adversus
3184 1894 3504 1951 Ecclesiam
3537 1894 3827 1963 excelsus,

2175 1980 2270 2036 hic
2301 1999 2418 2038 non
2449 1986 2720 2038 accurate
2753 1982 2982 2054 pulchri
3014 1982 3272 2040 nominis
3304 1984 3415 2040 fuit
3463 1985 3641 2042 homo
3669 2002 3683 2056 ;
3744 1985 3830 2042 sic

2176 2071 2558 2144 conspicuus,
2589 2071 2685 2128 hic
2715 2071 2885 2128 nobis
2911 2072 3221 2144 hucusque
3252 2073 3566 2131 obscurus.

2247 2339 2332 2395 19.
2366 2338 2458 2395 Sic
2491 2339 2591 2412 qui
2621 2339 2724 2396 Dei
2753 2338 3028 2396 videntur
3055 2357 3205 2409 esse,
3257 2340 3517 2415 diligunt
3575 2357 3674 2397 eos
3724 2340 3828 2413 qui

2172 2428 2273 2485 Dei
2305 2445 2434 2485 vere
2457 2433 2633 2497 sunt;
2667 2429 2753 2485 sic
2783 2427 3152 2486 adulteretur
3176 2429 3472 2496 Charitas;
3505 2430 3590 2488 sic
3632 2429 3827 2487 Eccle-

2173 2517 2262 2574 sia
2284 2518 2608 2575 honoratur
2639 2536 2672 2574 a
2703 2519 2922 2575 nostris
2956 2519 3326 2592 dugmaticis,
3358 2521 3460 2593 qui
3498 2535 3560 2576 se
3576 2518 3828 2591 gloriano

2172 2612 2271 2664 tur
2300 2608 2541 2681 quidem
2569 2607 2890 2665 Ecclesiam
2918 2607 3206 2665 honorare
3237 2626 3304 2665 ac
3333 2609 3622 2676 venerari,
3654 2613 3712 2664 et
3749 2609 3826 2665 ad

2173 2714 2300 2754 eum
2330 2699 2640 2770 pertinere,
2671 2703 2730 2754 et
2769 2699 2838 2754 ad
2899 2699 3268 2755 moriendum
3311 2716 3416 2772 pro
3466 2717 3535 2755 ea
3583 2702 3824 2771 paratos

2172 2805 2323 2860 esse,
2357 2788 2790 2845 ecclesiasticos
2810 2792 3008 2844 autem
3031 2805 3136 2860 pro
3167 2788 3350 2844 nihilo
3392 2788 3820 2860 existimantes,

2171 2877 2350 2933 etiam
2381 2877 2780 2934 ecclesiastica
2811 2877 2981 2932 nihili
3013 2877 3238 2933 ducunt
3266 2877 3826 2951 philosophicejao-

2170 2966 2413 3022 titantcs
2445 2968 2723 3024 omnibus
2755 2985 2881 3040 quae
2912 2971 3054 3023 sunt
3083 2983 3262 3040 super
3289 2971 3506 3024 terram
3537 2983 3686 3040 opus
3708 2981 3825 3024 non

2173 3073 2304 3112 esse
2329 3073 2342 3112 :
2377 3074 2556 3128 super
2586 3062 2802 3112 terram
2836 3060 3032 3112 autem
3064 3073 3194 3113 esse
3224 3061 3281 3112 et
3308 3056 3738 3115 ecclesiasticos
3768 3058 3827 3112 et

2173 3145 2592 3202 ecclesiastica.
2629 3145 2775 3212 Quid
2809 3145 3010 3219 igitur,
3044 3145 3341 3218 inquiunt,
3375 3146 3693 3204 haberetur
3735 3163 3827 3203 ra-

2173 3236 2253 3292 tio
2280 3235 2350 3291 de
2382 3235 2725 3291 hominibus
2758 3239 2816 3291 et
2843 3236 2911 3290 de
2938 3236 3113 3291 rebus
3143 3236 3550 3307 ecclesiarum,
3608 3236 3830 3308 quibus

408 3324 742 3396 ἐκκλησιῶν,
821 3327 895 3380 ὧν
975 3325 1274 3399 ἀνθρώπων
1330 3325 1418 3379 καὶ
1477 3323 1551 3378 ὧν
1608 3321 1941 3399 πραγμάτων
1998 3319 2059 3375 οὐ

2180 3324 2517 3380 hominibus
2551 3325 2885 3397 quibusque
2912 3325 3087 3381 rebus
3121 3341 3236 3380 non
3284 3324 3513 3396 indiget
3561 3323 3766 3381 Deus?
3797 3338 3831 3380 ο

404 3411 724 3489 προσδέεται
784 3415 812 3469 ὁ
871 3415 998 3476 Θεός
1026 3433 1040 3484 ;
1074 3419 1141 3468 ’Ὠ
1172 3411 1455 3489 χθαμαλοὶ
1487 3413 1636 3467 οὗτοι
1668 3409 1982 3490 φιλόσοφοι,
2016 3405 2060 3463 ὤ

407 3501 647 3574 ἰδιῶται,
683 3500 728 3558 ὣ
758 3503 981 3574 ἀνόητοι
1007 3502 1096 3559 καὶ
1135 3499 1354 3580 βραδεῖς
1387 3506 1455 3576 τῇ
1479 3499 1692 3578 καρδίᾳ,
1747 3501 1838 3556 καὶ
1892 3497 2062 3575 μηδὲν

411 3594 595 3668 ὑγιέςί
657 3593 790 3650 Εἶτα
839 3589 1031 3654 πόλεις
1087 3592 1180 3666 μὲν
1204 3590 1294 3646 καὶ
1343 3597 1469 3661 νῆες
1517 3590 1653 3646 κατὰ
1701 3591 1791 3646 τὸν
1844 3589 2065 3644 εἰπόντα

408 3679 561 3738 οὐδέν
595 3681 754 3753 εἷ’σιν,
787 3681 988 3758 ἔρημοι
1019 3679 1228 3757 ἀνδρῶν
1263 3679 1416 3736 οὖσαι
1446 3684 1552 3735 τῶν
1584 3680 1700 3735 κατ’
1720 3678 1902 3741 αὐτάς·
1934 3679 2062 3740 ναὸς

407 3772 498 3828 καὶ
526 3771 826 3843 Ἐκκλησία
855 3775 986 3828 Θεοῦ
1016 3768 1423 3848 ἀπροσλόγιστα
1450 3770 1588 3826 κατά
1621 3769 1714 3825 τὸν
1748 3770 1892 3825 θεῖον
1923 3765 2064 3834 κλῆ-

409 3882 502 3939 ρον
534 3862 624 3918 καὶ
647 3861 714 3917 τὰ
741 3867 857 3917 κατ’
885 3859 1078 3924 αὐτοὺς
1102 3860 1419 3938 πράγματα.

481 3971 548 4027 κ’.
582 3970 684 4027 Καὶ
720 3971 784 4024 σὺ
837 3969 952 4043 μὶν,
1004 3966 1048 4024 ὦ
1093 3969 1464 4046 κατάσοφιστὰ
1516 3971 1614 4023 τοῦ
1661 3967 1842 4044 γάμου
1889 3985 2067 4042 προσ-

414 4057 610 4134 λογίζῃ
653 4058 874 4114 σεαυτὸν
927 4061 1008 4131 τῷ
1057 4055 1194 4131 οἷ’κῳ
1241 4078 1367 4125 σου,
1416 4057 1507 4112 καὶ
1553 4058 1616 4112 τὸ
1658 4061 1764 4111 πᾶν
1813 4054 1864 4111 ἐν
1916 4055 2065 4126 αὐτῷ

414 4146 696 4224 συλλέγεις
752 4147 924 4202 εἶναι·
981 4146 1073 4202 καὶ
1129 4146 1356 4215 ἀληθῶς
1403 4143 1599 4222 λέγεις.
1660 4145 1763 4201 Καὶ
1825 4143 1918 4198 τὸν
1969 4143 2062 4216 μὲν

420 4237 653 4310 βαλόντα
683 4235 839 4292 λίθον
867 4235 1004 4292 κατὰ
1028 4239 1126 4290 τοῦ
1153 4232 1370 4309 τοίχου,
1419 4238 1516 4289 τοῦ
1547 4235 1633 4289 σοὶ
1692 4229 2064 4309 διαφέροντος,

418 4323 570 4401 ὀλίγα
613 4326 830 4403 μέμφῃο
857 4326 949 4380 τὸν
982 4321 1040 4379 δὲ
1069 4323 1208 4379 κατὰ
1233 4326 1330 4378 σοῦ
1355 4324 1454 4392 τὴν
1513 4321 1685 4398 βολήν
1713 4319 2070 4395 τολμήσαντα

407 4415 603 4492 κρίνεις
627 4416 718 4471 καὶ
777 4415 1143 4492 κατακρίνεις.
1205 4414 1378 4486 Ἠμᾶς
1431 4409 1508 4481 δὲ,
1555 4413 1654 4481 τὴν
1715 4408 2064 4482 Ἐκκλησίαν,

407 4506 501 4560 τὸν
536 4506 666 4561 Θεὸν
701 4505 1022 4580 ἀποστερεῖς
1070 4507 1168 4559 τοῦ
1218 4502 1470 4559 τοιούτου
1532 4499 1764 4557 δικαίου·
1827 4499 1917 4556 καὶ
1963 4501 2064 4570 τήν

406 4592 736 4666 Ἐκκλησίαν
807 4593 1083 4667 σεμνύνων
1162 4593 1240 4656 οἷς
1294 4590 1498 4669 λέγεις,
1551 4584 1917 4667 περιυϐρίζεις
1963 4590 2064 4660 τὴν

2172 3413 2385 3485 abjecti
2442 3413 2815 3486 philosophi!
2845 3431 2876 3470 ο
2909 3413 3100 3470 idiotas
3131 3413 3144 3470 ι
3175 3431 3209 3470 o
3260 3413 3542 3471 insentati
3591 3428 3829 3486 graves-

2173 3519 2284 3572 que
2317 3501 2510 3569 corde,
2543 3501 2690 3556 nihil
2722 3502 2851 3557 sani
2881 3502 3168 3558 habentes
3198 3502 3210 3558 !
3247 3503 3530 3575 Deinceps
3559 3503 3737 3558 urbes
3769 3503 3828 3558 et

2175 3608 2351 3647 naves
2375 3591 2546 3662 juxta
2574 3589 2913 3663 loquentem
2945 3590 3092 3646 nihil
3121 3595 3281 3661 sunt,
3315 3591 3537 3663 absque
3567 3589 3826 3647 homini-

2175 3681 2285 3737 bus
2319 3680 2378 3736 in
2411 3679 2496 3736 eis
2529 3679 2983 3736 exsistentibus:
3019 3680 3308 3752 templum
3341 3685 3399 3736 et
3419 3679 3678 3736 Ecclesia
3701 3679 3830 3750 Dei,

2175 3771 2369 3843 quoad
2402 3769 2670 3826 divinum
2703 3769 2926 3826 clerum
2959 3774 3015 3828 et
3045 3787 3115 3827 ea
3143 3787 3270 3842 quae
3302 3774 3572 3843 spectant
3603 3771 3674 3826 ad
3727 3783 3832 3827 eos

2175 3877 2269 3917 res
2300 3865 2443 3917 sunt
2473 3875 2847 3932 supervacuae
2873 3857 2886 3914 l

2244 3969 2335 4022 20.
2370 3968 2439 4023 Et
2467 3972 2531 4024 tu
2564 3967 2827 4039 quidem,
2863 3967 3208 4039 nuptiarum
3256 3966 3516 4038 inimice,
3568 3965 3830 4039 teipsum

2175 4072 2535 4112 annumeras
2565 4071 2702 4111 cum
2743 4057 2917 4112 domo
2947 4060 3070 4126 tua,
3119 4060 3432 4128 totumque
3469 4057 3530 4111 in
3578 4072 3648 4112 ea
3696 4069 3832 4111 esse

2175 4144 2511 4211 concludis;
2544 4149 2604 4200 et
2628 4160 2834 4200 verum
2882 4145 3050 4200 dicis.
3102 4146 3171 4200 Et
3219 4144 3390 4200 illum
3439 4144 3676 4217 quidem
3725 4141 3833 4214 qui

2167 4233 2316 4305 jacit
2343 4232 2569 4305 lapides
2601 4237 2805 4288 contra
2863 4250 3125 4304 murum,
3185 4235 3256 4289 ad
3304 4238 3361 4289 te
3409 4233 3830 4305 pertinentem,

2176 4321 2486 4396 paululum
2517 4321 2823 4392 inerepas:
2858 4321 3027 4378 illum
3059 4338 3188 4379 vero
3219 4323 3318 4393 qui
3337 4325 3539 4379 contra
3561 4321 3832 4393 teipsum

2168 4411 2445 4484 jacuerit,
2469 4411 2706 4482 judicas
2728 4415 2786 4466 et
2816 4411 3198 4468 condemnas.
3232 4412 3350 4468 Nos
3381 4415 3600 4479 autem,
3633 4409 3833 4466 Eccle-

2178 4503 2352 4569 siam,
2388 4501 2569 4557 Deum
2599 4499 2704 4556 tali
2728 4501 2968 4572 justitia
2999 4501 3233 4573 privas:
3267 4505 3325 4557 et
3356 4501 3678 4558 Ecclesiam
3736 4499 3837 4556 ho-

2179 4608 2394 4647 norans
2420 4590 2639 4657 verbis,
2673 4591 2906 4647 actibus
2939 4591 3247 4662 injuriosis
3305 4595 3544 4658 tractas,
3592 4605 3838 4647 venera-

410 4685 583 4755 αὐτὴν
640 4685 718 4747 οἶς
777 4683 1064 4758 πράττεις,
1116 4683 1308 4738 σεπτὸν
1367 4683 1463 4755 μὲν
1491 4682 1627 4736 εἶναι
1669 4682 1770 4750 τὴν
1829 4679 2064 4748 Ἐκκλη-

2180 4679 2357 4736 bilem
2412 4696 2540 4735 esse
2598 4680 2837 4751 quidem
2921 4679 3200 4736 dictitans
3284 4679 3636 4752 Ecclesiam,
3716 4695 3836 4736 non

414 4773 530 4828 σίαν
581 4773 914 4850 ῥητορεύων,
966 4773 1027 4828 οὗ
1074 4776 1320 4828 τοιοῦτον
1381 4769 1438 4826 δὲ
1493 4770 1557 4826 τὸ
1614 4767 2067 4840 ἐκκλησιαστικὸν

415 4860 606 4933 φῦλον.
665 4865 916 4938 Ἀγνοεῖς
975 4863 1098 4938 ἄρα,
1155 4861 1185 4916 6'
1239 4861 1292 4916 τί
1351 4861 1482 4916 ποτέ
1540 4859 1683 4915 ἐστιν
1743 4857 2067 4928 Ἐκκλησία.

413 4953 496 5012 Οὐ
523 4959 668 5009 νοεῖν
705 4975 802 5028 μοι
833 4951 1034 5024 δοκεῖς,
1085 4952 1159 5014 ὡς
1216 4947 1397 5025 ἕτερον
1453 4951 1547 5023 μέν
1574 4970 1662 5004 τοι
1721 4949 1749 5003 6
1775 4949 1901 5010 ναὸς
1933 4948 2071 5028 πρός

407 5064 471 5120 γε
501 5038 915 5120 ἀκριϐολογίαν,
946 5037 1126 5116 ἓτερον
1163 5038 1220 5095 δὶ
1249 5042 1284 5110 ἡ
1319 5037 1639 5110 Ἐκκλησία.
1709 5038 1770 5095 Ὁ
1827 5038 1919 5111 μὶν
1967 5039 2070 5113 γὰρ

408 5131 612 5206 κτίσμα
667 5131 946 5208 τεχνικὸν,
1005 5126 1385 5204 ἀφωρισμένον
1444 5132 1523 5200 τῷ
1573 5131 1707 5199 Θεῷο
1766 5129 1801 5198 ἡ
1837 5124 1895 5182 δὲ
1949 5126 2072 5203 σύγ-

407 5221 612 5294 κλητος
639 5222 760 5300 ἱερὰ
786 5219 985 5292 κλητοὶ
1017 5223 1132 5291 Θεῷ
1187 5215 1404 5293 ἄνδρες,
1451 5211 1699 5292 πρόϐατα
1757 5215 2071 5290 καλούμενα

409 5316 526 5384 Θεῷ
571 5314 690 5367 κατ’
742 5307 941 5382 ὄνομα.
1003 5307 1296 5381 Ἑλεοῦμεν
1348 5304 1476 5367 τοὺς
1524 5305 1663 5360 κατά
1709 5304 1768 5359 σὲ
1814 5305 2071 5368 νοοῦντας

411 5399 689 5478 ἄνθρωπε,
719 5399 1056 5475 οἷκτείρομεν
1115 5403 1216 5466 τῆς
1276 5393 1558 5472 ἐλαφρίας,
1594 5392 1940 5467 θαυμάζομεν
1972 5395 2070 5463 τῆς

411 5491 637 5567 ἀκαίρου
720 5493 1052 5564 πεισμονῆς,
1135 5483 1464 5561 μεμφόμεθα
1547 5482 1630 5545 οἷς
1710 5481 1902 5546 λυπεῖς
1975 5483 2067 5540 τὸν

416 5581 570 5641 Θεόν.

490 5692 593 5746 κα’.
639 5687 718 5746 Οὐ
779 5686 887 5761 μὴν
945 5681 1094 5741 ἀλλᾶ
1158 5681 1330 5748 οὕτως
1399 5680 1452 5736 οἱ
1499 5678 1726 5754 ἀμαθιὶς
1779 5679 1879 5750 τήν
1938 5679 2074 5756 ἀγα-

418 5795 530 5850 πην
589 5773 902 5853 ψεύδονται.
957 5773 1119 5834 Ἀλλ’
1174 5775 1340 5850 ἡμεῖς
1368 5773 1485 5835 τοῖς
1545 5765 1764 5840 εἰδόσιν,
1798 5767 1987 5827 ὁποῖόν
2018 5791 2072 5828 τι

2177 4775 2374 4826 autem
2407 4768 2682 4824 similiter
2709 4757 3172 4826 ecclesiasticam
3203 4771 3446 4825 tribum.
3473 4771 3716 4842 Ignoras
3740 4785 3834 4825 er-

2181 4877 2253 4932 go
2283 4858 2420 4930 quid
2451 4858 2694 4914 tandem
2727 4859 2807 4914 sit
2835 4857 3116 4914 Ecclesia.
3149 4858 3316 4914 Haud
3374 4859 3631 4930 cogitare
3684 4857 3834 4914 mihi

2179 4948 2414 5016 videris,
2451 4947 2610 5002 aliud
2639 4947 2900 5018 quidem,
2934 4951 2998 5002 ut
3030 4947 3261 5019 proprie
3291 4947 3626 5020 loquamur,
3677 4952 3830 5003 tem-

2181 5037 2366 5110 plum,
2401 5035 2559 5091 aliud
2593 5041 2790 5091 autem
2823 5035 3168 5092 Ecclesiam.
3204 5035 3351 5092 Illud
3386 5037 3625 5109 quidem
3676 5037 3836 5093 enim

2179 5130 2268 5183 est
2299 5125 2616 5181 artificiosa
2647 5125 3024 5194 constructio,
3059 5125 3176 5181 Deo
3214 5129 3484 5198 separata
3513 5144 3526 5194 ;
3561 5125 3662 5182 illa
3699 5141 3836 5181 vero

2180 5233 2345 5272 sacer
2375 5219 2577 5280 cmtus,
2611 5214 2882 5269 homines
2909 5214 3004 5269 Dei
3038 5215 3248 5281 vocati,
3280 5231 3415 5272 oves
3448 5214 3546 5270 Dei
3596 5213 3834 5270 nomine

2182 5305 2368 5362 diCttB.
2392 5304 2510 5359 Nos
2534 5303 2885 5359 miseremus
2915 5307 2973 5358 et
2995 5303 3230 5360 illorum
3269 5303 3366 5376 qui
3403 5304 3575 5375 juxta
3605 5308 3664 5359 te
3695 5321 3832 5361 sen-

2181 5396 2358 5464 tiunt,
2392 5393 2570 5450 homo
2599 5418 2612 5462 ;
2645 5393 3000 5449 miseremur
3027 5393 3304 5463 levitatis,
3339 5393 3628 5451 miramur
3664 5395 3834 5469 inop-

2179 5488 2490 5556 portunam
2527 5483 3084 5556 praesumptionem;
3128 5499 3196 5539 ea
3251 5483 3469 5556 quibus
3516 5485 3834 5543 contristes

2180 5573 2392 5642 Deum,
2421 5573 2844 5645 vituperamus.

2251 5682 2343 5738 21.
2377 5679 2504 5738 Non
2563 5697 2731 5739 secus
2786 5679 2978 5755 ignari
3035 5679 3831 5741 charitatem'mentiuntur.

2182 5771 2293 5829 Sed
2318 5786 2426 5830 nos
2458 5770 2781 5830 scientibus
2812 5769 2986 5846 quale
3016 5769 3095 5830 sit
3142 5772 3384 5832 bonum.
3440 5788 3573 5832 ecce
3618 5788 3834 5847 propo-
