  <div class='ocr_page' id='page_1' title='image "/cluster/home/n/w/nwhite01/storage/ocr_20150623/135:no.2/coo.31924054870401/305.png"; bbox 0 0 4082 6358; ppageno 0'>
   <div class='ocr_carea' id='block_1_1' title="bbox 324 402 443 463">
    <p class='ocr_par' dir='ltr' id='par_1_1' title="bbox 324 402 443 463">
     <span class='ocr_line' id='line_1_1' title="bbox 324 402 443 463; baseline 0.017 -2"><span class='ocrx_word' id='word_1_1' title='bbox 324 402 443 463; x_wconf 78' lang='lat'>599</span> 
     </span>
    </p>
   </div>
   <div class='ocr_carea' id='block_1_2' title="bbox 1099 405 2968 470">
    <p class='ocr_par' dir='ltr' id='par_1_2' title="bbox 1099 405 2968 470">
     <span class='ocr_line' id='line_1_2' title="bbox 1099 405 2968 470; baseline 0.003 -8"><span class='ocrx_word' id='word_1_2' title='bbox 1099 405 1525 466; x_wconf 79' lang='lat' dir='ltr'>EUSTATHII</span> <span class='ocrx_word' id='word_1_3' title='bbox 1569 405 2340 470; x_wconf 86' lang='lat' dir='ltr'>THESSALONICENSlS</span> <span class='ocrx_word' id='word_1_4' title='bbox 2383 406 2968 468; x_wconf 69' lang='lat' dir='ltr'>METROPOLITIE</span> 
     </span>
    </p>
   </div>
   <div class='ocr_carea' id='block_1_3' title="bbox 3621 406 3742 466">
    <p class='ocr_par' dir='ltr' id='par_1_3' title="bbox 3621 406 3742 466">
     <span class='ocr_line' id='line_1_3' title="bbox 3621 406 3742 466; baseline 0.008 -1"><span class='ocrx_word' id='word_1_5' title='bbox 3621 406 3742 466; x_wconf 87' lang='lat'>600</span> 
     </span>
    </p>
   </div>
   <div class='ocr_carea' id='block_1_4' title="bbox 323 531 1991 614">
    <p class='ocr_par' dir='ltr' id='par_1_4' title="bbox 323 533 1978 610">
     <span class='ocr_line' id='line_1_4' title="bbox 323 533 1978 610; baseline 0.003 -18"><span class='ocrx_word' id='word_1_6' title='bbox 323 533 557 592; x_wconf 83' lang='lat' dir='ltr'>suimus</span> <span class='ocrx_word' id='word_1_7' title='bbox 587 549 717 590; x_wconf 89' lang='lat' dir='ltr'>eam</span> <span class='ocrx_word' id='word_1_8' title='bbox 749 535 1160 608; x_wconf 80' lang='lat' dir='ltr'>negotiationis</span> <span class='ocrx_word' id='word_1_9' title='bbox 1193 540 1366 596; x_wconf 91' lang='lat' dir='ltr'>modo</span> <span class='ocrx_word' id='word_1_10' title='bbox 1385 542 1862 610; x_wconf 84' lang='lat' dir='ltr'>.commodantes,</span> <span class='ocrx_word' id='word_1_11' title='bbox 1911 545 1978 596; x_wconf 87' lang='lat' dir='ltr'>ut</span> 
     </span>
    </p>
   </div>
   <div class='ocr_carea' id='block_1_5' title="bbox 2102 531 3740 614">
    <p class='ocr_par' dir='ltr' id='par_1_5' title="bbox 2102 531 3740 614">
     <span class='ocr_line' id='line_1_5' title="bbox 2102 531 3740 614; baseline -0.001 -21"><span class='ocrx_word' id='word_1_12' title='bbox 2102 537 2285 614; x_wconf 75' lang='grc' dir='ltr'>ἰγαθόν</span> <span class='ocrx_word' id='word_1_13' title='bbox 2319 535 2484 604; x_wconf 79' lang='grc' dir='ltr'>ἐστιν,</span> <span class='ocrx_word' id='word_1_14' title='bbox 2519 532 2639 590; x_wconf 71' lang='grc' dir='ltr'>ἴδοὺ</span> <span class='ocrx_word' id='word_1_15' title='bbox 2670 537 3068 612; x_wconf 77' lang='grc' dir='ltr'>παρατιθὲαμιν</span> <span class='ocrx_word' id='word_1_16' title='bbox 3131 538 3298 608; x_wconf 75' lang='grc' dir='ltr'>αὐτὴν</span> <span class='ocrx_word' id='word_1_17' title='bbox 3345 531 3740 607; x_wconf 75' lang='grc' dir='ltr'>ἐκδανείζοντες</span> 
     </span>
    </p>
   </div>
   <div class='ocr_carea' id='block_1_6' title="bbox 325 623 1971 703">
    <p class='ocr_par' dir='ltr' id='par_1_6' title="bbox 325 623 1971 703">
     <span class='ocr_line' id='line_1_6' title="bbox 325 623 1971 703; baseline 0.003 -23"><span class='ocrx_word' id='word_1_18' title='bbox 325 627 497 681; x_wconf 80' lang='lat' dir='ltr'>antea</span> <span class='ocrx_word' id='word_1_19' title='bbox 529 623 756 680; x_wconf 88' lang='lat' dir='ltr'>dictum</span> <span class='ocrx_word' id='word_1_20' title='bbox 795 625 922 697; x_wconf 77' lang='lat' dir='ltr'>fuit,</span> <span class='ocrx_word' id='word_1_21' title='bbox 957 631 1020 682; x_wconf 92' lang='lat' dir='ltr'>ut</span> <span class='ocrx_word' id='word_1_22' title='bbox 1049 644 1152 699; x_wconf 89' lang='lat' dir='ltr'>per</span> <span class='ocrx_word' id='word_1_23' title='bbox 1179 627 1344 684; x_wconf 84' lang='lat' dir='ltr'>illum</span> <span class='ocrx_word' id='word_1_24' title='bbox 1391 633 1450 684; x_wconf 91' lang='lat' dir='ltr'>et</span> <span class='ocrx_word' id='word_1_25' title='bbox 1495 647 1598 687; x_wconf 90' lang='lat' dir='ltr'>vos</span> <span class='ocrx_word' id='word_1_26' title='bbox 1649 629 1971 703; x_wconf 90' lang='lat' dir='ltr'>locuplete-</span> 
     </span>
    </p>
   </div>
   <div class='ocr_carea' id='block_1_7' title="bbox 323 713 1976 790">
    <p class='ocr_par' dir='ltr' id='par_1_7' title="bbox 323 713 1976 790">
     <span class='ocr_line' id='line_1_7' title="bbox 323 713 1976 790; baseline 0.002 -21"><span class='ocrx_word' id='word_1_27' title='bbox 323 713 470 769; x_wconf 88' lang='lat' dir='ltr'>mini</span> <span class='ocrx_word' id='word_1_28' title='bbox 502 714 786 785; x_wconf 84' lang='lat' dir='ltr'>nobisque</span> <span class='ocrx_word' id='word_1_29' title='bbox 816 718 1192 774; x_wconf 91' lang='lat' dir='ltr'>commodum</span> <span class='ocrx_word' id='word_1_30' title='bbox 1221 719 1500 789; x_wconf 73' lang='lat' dir='ltr'>efferatis,</span> <span class='ocrx_word' id='word_1_31' title='bbox 1549 737 1678 776; x_wconf 86' lang='lat' dir='ltr'>eam</span> <span class='ocrx_word' id='word_1_32' title='bbox 1730 737 1857 790; x_wconf 66' lang='lat' dir='ltr'>qua)</span> <span class='ocrx_word' id='word_1_33' title='bbox 1907 735 1976 774; x_wconf 83' lang='lat' dir='ltr'>ex</span> 
     </span>
    </p>
   </div>
   <div class='ocr_carea' id='block_1_8' title="bbox 326 805 1975 883">
    <p class='ocr_par' dir='ltr' id='par_1_8' title="bbox 326 805 1975 883">
     <span class='ocr_line' id='line_1_8' title="bbox 326 805 1975 883; baseline 0.004 -26"><span class='ocrx_word' id='word_1_34' title='bbox 326 807 438 859; x_wconf 87' lang='lat' dir='ltr'>Deo</span> <span class='ocrx_word' id='word_1_35' title='bbox 469 807 560 860; x_wconf 87' lang='lat' dir='ltr'>est</span> <span class='ocrx_word' id='word_1_36' title='bbox 590 805 996 864; x_wconf 80' lang='lat' dir='ltr'>examinantes</span> <span class='ocrx_word' id='word_1_37' title='bbox 1011 813 1070 864; x_wconf 86' lang='lat' dir='ltr'>et</span> <span class='ocrx_word' id='word_1_38' title='bbox 1095 809 1254 865; x_wconf 88' lang='lat' dir='ltr'>velut</span> <span class='ocrx_word' id='word_1_39' title='bbox 1283 809 1473 883; x_wconf 83' lang='lat' dir='ltr'>ipsius</span> <span class='ocrx_word' id='word_1_40' title='bbox 1505 810 1643 866; x_wconf 92' lang='lat' dir='ltr'>boni</span> <span class='ocrx_word' id='word_1_41' title='bbox 1697 808 1975 866; x_wconf 85' lang='lat' dir='ltr'>mensarii</span> 
     </span>
    </p>
   </div>
   <div class='ocr_carea' id='block_1_9' title="bbox 324 892 1978 973">
    <p class='ocr_par' dir='ltr' id='par_1_9' title="bbox 324 892 1978 973">
     <span class='ocr_line' id='line_1_9' title="bbox 324 892 1978 973; baseline 0.004 -26"><span class='ocrx_word' id='word_1_42' title='bbox 324 892 664 967; x_wconf 77' lang='lat' dir='ltr'>probantes,</span> <span class='ocrx_word' id='word_1_43' title='bbox 698 895 909 953; x_wconf 88' lang='lat' dir='ltr'>deinde</span> <span class='ocrx_word' id='word_1_44' title='bbox 956 915 1092 955; x_wconf 91' lang='lat' dir='ltr'>cum</span> <span class='ocrx_word' id='word_1_45' title='bbox 1131 916 1196 956; x_wconf 87' lang='lat' dir='ltr'>ea</span> <span class='ocrx_word' id='word_1_46' title='bbox 1253 917 1380 973; x_wconf 67' lang='lat' dir='ltr'>quas</span> <span class='ocrx_word' id='word_1_47' title='bbox 1441 918 1510 956; x_wconf 89' lang='lat' dir='ltr'>ex</span> <span class='ocrx_word' id='word_1_48' title='bbox 1567 901 1832 956; x_wconf 79' lang='lat' dir='ltr'>daemone</span> <span class='ocrx_word' id='word_1_49' title='bbox 1887 902 1978 954; x_wconf 91' lang='lat' dir='ltr'>est</span> 
     </span>
    </p>
   </div>
   <div class='ocr_carea' id='block_1_10' title="bbox 321 985 1974 1061">
    <p class='ocr_par' dir='ltr' id='par_1_10' title="bbox 321 985 1974 1061">
     <span class='ocr_line' id='line_1_10' title="bbox 321 985 1974 1061; baseline 0.004 -22"><span class='ocrx_word' id='word_1_50' title='bbox 321 989 748 1055; x_wconf 79' lang='lat' dir='ltr'>comparantes,</span> <span class='ocrx_word' id='word_1_51' title='bbox 767 991 824 1042; x_wconf 91' lang='lat' dir='ltr'>et</span> <span class='ocrx_word' id='word_1_52' title='bbox 851 985 1004 1044; x_wconf 89' lang='lat' dir='ltr'>hanc</span> <span class='ocrx_word' id='word_1_53' title='bbox 1029 988 1269 1061; x_wconf 88' lang='lat' dir='ltr'>quidem</span> <span class='ocrx_word' id='word_1_54' title='bbox 1292 989 1678 1060; x_wconf 81' lang='lat' dir='ltr'>declinantes,</span> <span class='ocrx_word' id='word_1_55' title='bbox 1713 988 1974 1045; x_wconf 86' lang='lat' dir='ltr'>divinam</span> 
     </span>
    </p>
   </div>
   <div class='ocr_carea' id='block_1_11' title="bbox 325 1074 1979 1146">
    <p class='ocr_par' dir='ltr' id='par_1_11' title="bbox 325 1074 1979 1146">
     <span class='ocr_line' id='line_1_11' title="bbox 325 1074 1979 1146; baseline 0.004 -18"><span class='ocrx_word' id='word_1_56' title='bbox 325 1087 461 1128; x_wconf 90' lang='lat' dir='ltr'>vero</span> <span class='ocrx_word' id='word_1_57' title='bbox 511 1074 848 1146; x_wconf 85' lang='lat' dir='ltr'>probantes.</span> <span class='ocrx_word' id='word_1_58' title='bbox 909 1079 1423 1144; x_wconf 84' lang='lat' dir='ltr'>Quemadmodum</span> <span class='ocrx_word' id='word_1_59' title='bbox 1466 1079 1626 1135; x_wconf 91' lang='lat' dir='ltr'>enim</span> <span class='ocrx_word' id='word_1_60' title='bbox 1673 1079 1842 1136; x_wconf 90' lang='lat' dir='ltr'>nulla</span> <span class='ocrx_word' id='word_1_61' title='bbox 1888 1083 1979 1134; x_wconf 88' lang='lat' dir='ltr'>est</span> 
     </span>
    </p>
   </div>
   <div class='ocr_carea' id='block_1_12' title="bbox 329 1163 1978 1240">
    <p class='ocr_par' dir='ltr' id='par_1_12' title="bbox 329 1163 1978 1240">
     <span class='ocr_line' id='line_1_12' title="bbox 329 1163 1978 1240; baseline 0.004 -23"><span class='ocrx_word' id='word_1_62' title='bbox 329 1163 668 1221; x_wconf 89' lang='lat' dir='ltr'>communio</span> <span class='ocrx_word' id='word_1_63' title='bbox 695 1165 816 1223; x_wconf 89' lang='lat' dir='ltr'>luci</span> <span class='ocrx_word' id='word_1_64' title='bbox 845 1168 916 1224; x_wconf 90' lang='lat' dir='ltr'>ad</span> <span class='ocrx_word' id='word_1_65' title='bbox 937 1170 1236 1238; x_wconf 88' lang='lat' dir='ltr'>tenebras,</span> <span class='ocrx_word' id='word_1_66' title='bbox 1267 1170 1350 1226; x_wconf 85' lang='lat' dir='ltr'>ita</span> <span class='ocrx_word' id='word_1_67' title='bbox 1379 1185 1484 1227; x_wconf 89' lang='lat' dir='ltr'>nec</span> <span class='ocrx_word' id='word_1_68' title='bbox 1525 1169 1794 1226; x_wconf 81' lang='lat' dir='ltr'>cbaritati</span> <span class='ocrx_word' id='word_1_69' title='bbox 1851 1185 1978 1240; x_wconf 82' lang='lat' dir='ltr'>quae</span> 
     </span>
    </p>
   </div>
   <div class='ocr_carea' id='block_1_13' title="bbox 330 1253 1982 1333">
    <p class='ocr_par' dir='ltr' id='par_1_13' title="bbox 330 1253 1982 1333">
     <span class='ocr_line' id='line_1_13' title="bbox 330 1253 1982 1333; baseline 0.005 -26"><span class='ocrx_word' id='word_1_70' title='bbox 330 1253 660 1311; x_wconf 91' lang='lat' dir='ltr'>secundum</span> <span class='ocrx_word' id='word_1_71' title='bbox 690 1257 978 1328; x_wconf 83' lang='lat' dir='ltr'>optimum</span> <span class='ocrx_word' id='word_1_72' title='bbox 1013 1259 1328 1316; x_wconf 90' lang='lat' dir='ltr'>Dominum</span> <span class='ocrx_word' id='word_1_73' title='bbox 1358 1265 1469 1330; x_wconf 90' lang='lat' dir='ltr'>est,</span> <span class='ocrx_word' id='word_1_74' title='bbox 1503 1260 1577 1316; x_wconf 92' lang='lat' dir='ltr'>ad</span> <span class='ocrx_word' id='word_1_75' title='bbox 1607 1276 1736 1316; x_wconf 82' lang='lat' dir='ltr'>eam</span> <span class='ocrx_word' id='word_1_76' title='bbox 1763 1277 1890 1333; x_wconf 69' lang='lat' dir='ltr'>quas</span> <span class='ocrx_word' id='word_1_77' title='bbox 1913 1276 1982 1315; x_wconf 84' lang='lat' dir='ltr'>ex</span> 
     </span>
    </p>
   </div>
   <div class='ocr_carea' id='block_1_14' title="bbox 331 1343 1089 1415">
    <p class='ocr_par' dir='ltr' id='par_1_14' title="bbox 331 1343 1089 1415">
     <span class='ocr_line' id='line_1_14' title="bbox 331 1343 1089 1415; baseline 0.008 -17"><span class='ocrx_word' id='word_1_78' title='bbox 331 1343 593 1415; x_wconf 86' lang='lat' dir='ltr'>pessimo</span> <span class='ocrx_word' id='word_1_79' title='bbox 624 1345 886 1403; x_wconf 83' lang='lat' dir='ltr'>daemone</span> <span class='ocrx_word' id='word_1_80' title='bbox 915 1348 1089 1406; x_wconf 87' lang='lat' dir='ltr'>venit.</span> 
     </span>
    </p>
   </div>
   <div class='ocr_carea' id='block_1_15' title="bbox 399 1449 1980 1526">
    <p class='ocr_par' dir='ltr' id='par_1_15' title="bbox 399 1449 1980 1526">
     <span class='ocr_line' id='line_1_15' title="bbox 399 1449 1980 1526; baseline 0.006 -23"><span class='ocrx_word' id='word_1_81' title='bbox 399 1449 492 1503; x_wconf 86' lang='lat'>22.</span> <span class='ocrx_word' id='word_1_82' title='bbox 526 1450 828 1522; x_wconf 89' lang='lat' dir='ltr'>Proposito</span> <span class='ocrx_word' id='word_1_83' title='bbox 870 1469 1008 1525; x_wconf 89' lang='lat' dir='ltr'>ergo</span> <span class='ocrx_word' id='word_1_84' title='bbox 1065 1453 1229 1511; x_wconf 89' lang='lat' dir='ltr'>vobis</span> <span class='ocrx_word' id='word_1_85' title='bbox 1285 1456 1358 1511; x_wconf 93' lang='lat' dir='ltr'>ad</span> <span class='ocrx_word' id='word_1_86' title='bbox 1416 1455 1606 1513; x_wconf 82' lang='lat' dir='ltr'>fcenus</span> <span class='ocrx_word' id='word_1_87' title='bbox 1654 1456 1980 1526; x_wconf 89' lang='lat' dir='ltr'>charitatis,</span> 
     </span>
    </p>
   </div>
   <div class='ocr_carea' id='block_1_16' title="bbox 330 1537 1983 1618">
    <p class='ocr_par' dir='ltr' id='par_1_16' title="bbox 330 1537 1983 1618">
     <span class='ocr_line' id='line_1_16' title="bbox 330 1537 1983 1618; baseline 0.005 -25"><span class='ocrx_word' id='word_1_88' title='bbox 330 1537 484 1602; x_wconf 85' lang='lat' dir='ltr'>bono</span> <span class='ocrx_word' id='word_1_89' title='bbox 513 1555 714 1610; x_wconf 86' lang='lat' dir='ltr'>aureo,</span> <span class='ocrx_word' id='word_1_90' title='bbox 742 1558 910 1613; x_wconf 88' lang='lat' dir='ltr'>poene</span> <span class='ocrx_word' id='word_1_91' title='bbox 933 1543 1202 1613; x_wconf 85' lang='lat' dir='ltr'>dixerim,</span> <span class='ocrx_word' id='word_1_92' title='bbox 1227 1544 1370 1601; x_wconf 89' lang='lat' dir='ltr'>solis</span> <span class='ocrx_word' id='word_1_93' title='bbox 1388 1544 1590 1613; x_wconf 87' lang='lat' dir='ltr'>simili,</span> <span class='ocrx_word' id='word_1_94' title='bbox 1613 1547 1886 1618; x_wconf 85' lang='lat' dir='ltr'>adjiciam</span> <span class='ocrx_word' id='word_1_95' title='bbox 1923 1547 1983 1602; x_wconf 91' lang='lat' dir='ltr'>in</span> 
     </span>
    </p>
   </div>
   <div class='ocr_carea' id='block_1_17' title="bbox 332 1628 1980 1706">
    <p class='ocr_par' dir='ltr' id='par_1_17' title="bbox 332 1628 1980 1706">
     <span class='ocr_line' id='line_1_17' title="bbox 332 1628 1980 1706; baseline 0.007 -25"><span class='ocrx_word' id='word_1_96' title='bbox 332 1643 533 1698; x_wconf 88' lang='lat' dir='ltr'>parem</span> <span class='ocrx_word' id='word_1_97' title='bbox 550 1628 864 1685; x_wconf 83' lang='lat' dir='ltr'>utilitatem</span> <span class='ocrx_word' id='word_1_98' title='bbox 879 1631 1056 1688; x_wconf 90' lang='lat' dir='ltr'>etiam</span> <span class='ocrx_word' id='word_1_99' title='bbox 1073 1638 1312 1689; x_wconf 73' lang='lat' dir='ltr'>caeteras</span> <span class='ocrx_word' id='word_1_100' title='bbox 1327 1635 1668 1706; x_wconf 83' lang='lat' dir='ltr'>hujusmodi</span> <span class='ocrx_word' id='word_1_101' title='bbox 1684 1636 1980 1704; x_wconf 88' lang='lat' dir='ltr'>materias,</span> 
     </span>
    </p>
   </div>
   <div class='ocr_carea' id='block_1_18' title="bbox 334 1717 1985 1787">
    <p class='ocr_par' dir='ltr' id='par_1_18' title="bbox 334 1717 1985 1787">
     <span class='ocr_line' id='line_1_18' title="bbox 334 1717 1985 1787; baseline 0.006 -17"><span class='ocrx_word' id='word_1_102' title='bbox 334 1733 485 1787; x_wconf 83' lang='lat' dir='ltr'>quas</span> <span class='ocrx_word' id='word_1_103' title='bbox 506 1717 566 1774; x_wconf 90' lang='lat' dir='ltr'>in</span> <span class='ocrx_word' id='word_1_104' title='bbox 583 1717 719 1774; x_wconf 91' lang='lat' dir='ltr'>sinu</span> <span class='ocrx_word' id='word_1_105' title='bbox 744 1719 1097 1778; x_wconf 88' lang='lat' dir='ltr'>collocantes</span> <span class='ocrx_word' id='word_1_106' title='bbox 1119 1727 1175 1778; x_wconf 89' lang='lat' dir='ltr'>et</span> <span class='ocrx_word' id='word_1_107' title='bbox 1197 1724 1350 1780; x_wconf 89' lang='lat' dir='ltr'>sicut</span> <span class='ocrx_word' id='word_1_108' title='bbox 1373 1725 1459 1780; x_wconf 81' lang='lat' dir='ltr'>fas</span> <span class='ocrx_word' id='word_1_109' title='bbox 1497 1731 1588 1781; x_wconf 88' lang='lat' dir='ltr'>est</span> <span class='ocrx_word' id='word_1_110' title='bbox 1615 1733 1985 1782; x_wconf 89' lang='lat' dir='ltr'>commutan-</span> 
     </span>
    </p>
   </div>
   <div class='ocr_carea' id='block_1_19' title="bbox 336 1805 1986 1880">
    <p class='ocr_par' dir='ltr' id='par_1_19' title="bbox 336 1805 1986 1880">
     <span class='ocr_line' id='line_1_19' title="bbox 336 1805 1986 1880; baseline 0.008 -21"><span class='ocrx_word' id='word_1_111' title='bbox 336 1809 448 1875; x_wconf 88' lang='lat' dir='ltr'>tes,</span> <span class='ocrx_word' id='word_1_112' title='bbox 470 1805 754 1865; x_wconf 84' lang='lat' dir='ltr'>salutaria</span> <span class='ocrx_word' id='word_1_113' title='bbox 771 1825 874 1880; x_wconf 92' lang='lat' dir='ltr'>per</span> <span class='ocrx_word' id='word_1_114' title='bbox 889 1827 988 1866; x_wconf 88' lang='lat' dir='ltr'>eas</span> <span class='ocrx_word' id='word_1_115' title='bbox 1008 1812 1187 1868; x_wconf 91' lang='lat' dir='ltr'>etiam</span> <span class='ocrx_word' id='word_1_116' title='bbox 1214 1814 1614 1872; x_wconf 81' lang='lat' dir='ltr'>lucrifacietis.</span> <span class='ocrx_word' id='word_1_117' title='bbox 1646 1816 1773 1872; x_wconf 91' lang='lat' dir='ltr'>Non</span> <span class='ocrx_word' id='word_1_118' title='bbox 1800 1817 1986 1872; x_wconf 88' lang='lat' dir='ltr'>habeo</span> 
     </span>
    </p>
   </div>
   <div class='ocr_carea' id='block_1_20' title="bbox 2080 624 3742 703">
    <p class='ocr_par' dir='ltr' id='par_1_20' title="bbox 2080 624 3742 703">
     <span class='ocr_line' id='line_1_20' title="bbox 2080 624 3742 703; baseline 0.001 -22"><span class='ocrx_word' id='word_1_119' title='bbox 2080 629 2588 703; x_wconf 78' lang='grc' dir='ltr'>πραγματευτικῶς,</span> <span class='ocrx_word' id='word_1_120' title='bbox 2621 625 2695 687; x_wconf 82' lang='grc' dir='ltr'>ὡς</span> <span class='ocrx_word' id='word_1_121' title='bbox 2730 624 2920 681; x_wconf 81' lang='grc' dir='ltr'>ἀνόπιν</span> <span class='ocrx_word' id='word_1_122' title='bbox 2957 625 3288 698; x_wconf 73' lang='grc' dir='ltr'>λελάληται,</span> <span class='ocrx_word' id='word_1_123' title='bbox 3318 627 3411 683; x_wconf 60' lang='grc' dir='ltr'>*ίνα</span> <span class='ocrx_word' id='word_1_124' title='bbox 3459 625 3529 682; x_wconf 85' lang='grc' dir='ltr'>δι’</span> <span class='ocrx_word' id='word_1_125' title='bbox 3571 626 3742 696; x_wconf 80' lang='grc' dir='ltr'>αὐτῆς</span> 
     </span>
    </p>
   </div>
   <div class='ocr_carea' id='block_1_21' title="bbox 2079 713 3740 796">
    <p class='ocr_par' dir='ltr' id='par_1_21' title="bbox 2079 713 3740 796">
     <span class='ocr_line' id='line_1_21' title="bbox 2079 713 3740 796; baseline 0 -25"><span class='ocrx_word' id='word_1_126' title='bbox 2079 717 2170 772; x_wconf 82' lang='grc' dir='ltr'>καὶ</span> <span class='ocrx_word' id='word_1_127' title='bbox 2233 717 2388 788; x_wconf 82' lang='grc' dir='ltr'>ὑμεῖς</span> <span class='ocrx_word' id='word_1_128' title='bbox 2433 713 2822 788; x_wconf 83' lang='grc' dir='ltr'>πλουτισθῆτε,</span> <span class='ocrx_word' id='word_1_129' title='bbox 2895 716 2984 770; x_wconf 83' lang='grc' dir='ltr'>καὶ</span> <span class='ocrx_word' id='word_1_130' title='bbox 3051 719 3202 789; x_wconf 64' lang='grc' dir='ltr'>ἡμᾶς</span> <span class='ocrx_word' id='word_1_131' title='bbox 3262 715 3740 796; x_wconf 79' lang='grc' dir='ltr'>προσοφελήσητε,</span> 
     </span>
    </p>
   </div>
   <div class='ocr_carea' id='block_1_22' title="bbox 2087 805 3744 882">
    <p class='ocr_par' dir='ltr' id='par_1_22' title="bbox 2087 805 3744 882">
     <span class='ocr_line' id='line_1_22' title="bbox 2087 805 3744 882; baseline 0.001 -22"><span class='ocrx_word' id='word_1_132' title='bbox 2087 805 2463 882; x_wconf 81' lang='grc' dir='ltr'>βασανίσαντες</span> <span class='ocrx_word' id='word_1_133' title='bbox 2492 805 2692 876; x_wconf 90' lang='grc' dir='ltr'>ταύτην</span> <span class='ocrx_word' id='word_1_134' title='bbox 2723 806 2822 873; x_wconf 76' lang='grc' dir='ltr'>τήν</span> <span class='ocrx_word' id='word_1_135' title='bbox 2877 809 2973 860; x_wconf 76' lang='grc' dir='ltr'>τοῦ</span> <span class='ocrx_word' id='word_1_136' title='bbox 2999 806 3156 874; x_wconf 75' lang='grc' dir='ltr'>Θεοῦ,</span> <span class='ocrx_word' id='word_1_137' title='bbox 3190 807 3281 861; x_wconf 82' lang='grc' dir='ltr'>καὶ</span> <span class='ocrx_word' id='word_1_138' title='bbox 3313 806 3387 868; x_wconf 77' lang='grc' dir='ltr'>ὡς</span> <span class='ocrx_word' id='word_1_139' title='bbox 3421 807 3587 861; x_wconf 79' lang='grc' dir='ltr'>αὐτοῦ</span> <span class='ocrx_word' id='word_1_140' title='bbox 3615 825 3744 881; x_wconf 85' lang='grc' dir='ltr'>τρα-</span> 
     </span>
    </p>
   </div>
   <div class='ocr_carea' id='block_1_23' title="bbox 2081 892 3743 973">
    <p class='ocr_par' dir='ltr' id='par_1_23' title="bbox 2081 892 3743 973">
     <span class='ocr_line' id='line_1_23' title="bbox 2081 892 3743 973; baseline -0.001 -22"><span class='ocrx_word' id='word_1_141' title='bbox 2081 901 2295 966; x_wconf 87' lang='grc' dir='ltr'>πεζῖται</span> <span class='ocrx_word' id='word_1_142' title='bbox 2371 894 2562 973; x_wconf 82' lang='grc' dir='ltr'>ἀγαθοὶ</span> <span class='ocrx_word' id='word_1_143' title='bbox 2636 892 3048 968; x_wconf 71' lang='grc' dir='ltr'>δοκιμάσαντες,</span> <span class='ocrx_word' id='word_1_144' title='bbox 3107 893 3222 950; x_wconf 79' lang='grc' dir='ltr'>εἶτα</span> <span class='ocrx_word' id='word_1_145' title='bbox 3297 893 3388 949; x_wconf 85' lang='grc' dir='ltr'>καί</span> <span class='ocrx_word' id='word_1_146' title='bbox 3447 895 3743 971; x_wconf 81' lang='grc' dir='ltr'>ἀντιπαρα-</span> 
     </span>
    </p>
   </div>
   <div class='ocr_carea' id='block_1_24' title="bbox 2085 981 3752 1059">
    <p class='ocr_par' dir='ltr' id='par_1_24' title="bbox 2085 981 3752 1059">
     <span class='ocr_line' id='line_1_24' title="bbox 2085 981 3752 1059; baseline -0.001 -19"><span class='ocrx_word' id='word_1_147' title='bbox 2085 987 2260 1051; x_wconf 72' lang='grc' dir='ltr'>θὲντες</span> <span class='ocrx_word' id='word_1_148' title='bbox 2308 986 2372 1040; x_wconf 86' lang='grc' dir='ltr'>τὸ</span> <span class='ocrx_word' id='word_1_149' title='bbox 2447 981 2821 1058; x_wconf 82' lang='grc' dir='ltr'>δαιμονιώδει,</span> <span class='ocrx_word' id='word_1_150' title='bbox 2901 983 2992 1039; x_wconf 84' lang='grc' dir='ltr'>καὶ</span> <span class='ocrx_word' id='word_1_151' title='bbox 3064 984 3235 1052; x_wconf 81' lang='grc' dir='ltr'>αὐτὴν</span> <span class='ocrx_word' id='word_1_152' title='bbox 3301 983 3398 1058; x_wconf 75' lang='grc' dir='ltr'>μὶν</span> <span class='ocrx_word' id='word_1_153' title='bbox 3452 982 3752 1059; x_wconf 82' lang='grc' dir='ltr'>παρεκκλί-</span> 
     </span>
    </p>
   </div>
   <div class='ocr_carea' id='block_1_25' title="bbox 2083 1071 3748 1150">
    <p class='ocr_par' dir='ltr' id='par_1_25' title="bbox 2083 1071 3748 1150">
     <span class='ocr_line' id='line_1_25' title="bbox 2083 1071 3748 1150; baseline -0.002 -19"><span class='ocrx_word' id='word_1_154' title='bbox 2083 1096 2282 1148; x_wconf 88' lang='grc' dir='ltr'>ναντες,</span> <span class='ocrx_word' id='word_1_155' title='bbox 2335 1075 2434 1144; x_wconf 76' lang='grc' dir='ltr'>τὴν</span> <span class='ocrx_word' id='word_1_156' title='bbox 2477 1073 2534 1130; x_wconf 72' lang='grc' dir='ltr'>δὲ</span> <span class='ocrx_word' id='word_1_157' title='bbox 2589 1074 2729 1130; x_wconf 77' lang='grc' dir='ltr'>Θείαν</span> <span class='ocrx_word' id='word_1_158' title='bbox 2791 1072 3297 1150; x_wconf 70' lang='grc' dir='ltr'>ἐγκολπωσάμενοιο</span> <span class='ocrx_word' id='word_1_159' title='bbox 3359 1071 3443 1129; x_wconf 76' lang='grc' dir='ltr'>ὅτι</span> <span class='ocrx_word' id='word_1_160' title='bbox 3501 1071 3748 1147; x_wconf 75' lang='grc' dir='ltr'>μηδεμία</span> 
     </span>
    </p>
   </div>
   <div class='ocr_carea' id='block_1_26' title="bbox 2086 1160 3749 1242">
    <p class='ocr_par' dir='ltr' id='par_1_26' title="bbox 2086 1160 3749 1242">
     <span class='ocr_line' id='line_1_26' title="bbox 2086 1160 3749 1242; baseline -0.002 -21"><span class='ocrx_word' id='word_1_161' title='bbox 2086 1165 2366 1239; x_wconf 73' lang='grc' dir='ltr'>κοινωνία,</span> <span class='ocrx_word' id='word_1_162' title='bbox 2419 1164 2598 1240; x_wconf 82' lang='grc' dir='ltr'>ὥσπερ</span> <span class='ocrx_word' id='word_1_163' title='bbox 2661 1161 2785 1219; x_wconf 75' lang='grc' dir='ltr'>οὐδὲ</span> <span class='ocrx_word' id='word_1_164' title='bbox 2812 1165 2949 1242; x_wconf 79' lang='grc' dir='ltr'>φωτὶ</span> <span class='ocrx_word' id='word_1_165' title='bbox 2978 1164 3115 1240; x_wconf 86' lang='grc' dir='ltr'>πρὸς</span> <span class='ocrx_word' id='word_1_166' title='bbox 3149 1163 3361 1235; x_wconf 81' lang='grc' dir='ltr'>σκότος,</span> <span class='ocrx_word' id='word_1_167' title='bbox 3413 1162 3586 1225; x_wconf 77' lang='grc' dir='ltr'>οὕτως</span> <span class='ocrx_word' id='word_1_168' title='bbox 3619 1160 3749 1218; x_wconf 74' lang='grc' dir='ltr'>οὐδὲ</span> 
     </span>
    </p>
   </div>
   <div class='ocr_carea' id='block_1_27' title="bbox 2089 1250 3744 1333">
    <p class='ocr_par' dir='ltr' id='par_1_27' title="bbox 2089 1250 3744 1333">
     <span class='ocr_line' id='line_1_27' title="bbox 2089 1250 3744 1333; baseline -0.002 -22"><span class='ocrx_word' id='word_1_169' title='bbox 2089 1255 2287 1333; x_wconf 75' lang='grc' dir='ltr'>ἀγάπῃ,</span> <span class='ocrx_word' id='word_1_170' title='bbox 2316 1259 2385 1330; x_wconf 80' lang='grc' dir='ltr'>τῇ</span> <span class='ocrx_word' id='word_1_171' title='bbox 2418 1255 2553 1310; x_wconf 82' lang='grc' dir='ltr'>κατὰ</span> <span class='ocrx_word' id='word_1_172' title='bbox 2579 1254 2671 1310; x_wconf 86' lang='grc' dir='ltr'>τὸν</span> <span class='ocrx_word' id='word_1_173' title='bbox 2703 1253 3017 1330; x_wconf 77' lang='grc' dir='ltr'>πανάγαθον</span> <span class='ocrx_word' id='word_1_174' title='bbox 3075 1252 3295 1328; x_wconf 82' lang='grc' dir='ltr'>Κύριον,</span> <span class='ocrx_word' id='word_1_175' title='bbox 3329 1253 3465 1330; x_wconf 86' lang='grc' dir='ltr'>πρὸς</span> <span class='ocrx_word' id='word_1_176' title='bbox 3495 1252 3595 1321; x_wconf 82' lang='grc' dir='ltr'>τήν</span> <span class='ocrx_word' id='word_1_177' title='bbox 3645 1250 3744 1307; x_wconf 80' lang='grc' dir='ltr'>τοῦ</span> 
     </span>
    </p>
   </div>
   <div class='ocr_carea' id='block_1_28' title="bbox 2089 1342 2686 1422">
    <p class='ocr_par' dir='ltr' id='par_1_28' title="bbox 2089 1342 2686 1422">
     <span class='ocr_line' id='line_1_28' title="bbox 2089 1342 2686 1422; baseline 0.002 -22"><span class='ocrx_word' id='word_1_178' title='bbox 2089 1346 2370 1422; x_wconf 86' lang='grc' dir='ltr'>παγκάκου</span> <span class='ocrx_word' id='word_1_179' title='bbox 2403 1342 2686 1418; x_wconf 86' lang='grc' dir='ltr'>δαίμονος.</span> 
     </span>
    </p>
   </div>
   <div class='ocr_carea' id='block_1_29' title="bbox 2161 1447 3745 1528">
    <p class='ocr_par' dir='ltr' id='par_1_29' title="bbox 2161 1447 3745 1528">
     <span class='ocr_line' id='line_1_29' title="bbox 2161 1447 3745 1528; baseline -0.003 -20"><span class='ocrx_word' id='word_1_180' title='bbox 2161 1447 2264 1510; x_wconf 72' lang='grc' dir='ltr'>κδ’.</span> <span class='ocrx_word' id='word_1_181' title='bbox 2326 1447 2792 1528; x_wconf 73' lang='grc' dir='ltr'>Προϐεϐλημὲνου</span> <span class='ocrx_word' id='word_1_182' title='bbox 2864 1455 2994 1526; x_wconf 79' lang='grc' dir='ltr'>γοῦν</span> <span class='ocrx_word' id='word_1_183' title='bbox 3076 1453 3203 1524; x_wconf 82' lang='grc' dir='ltr'>ὑμῖν</span> <span class='ocrx_word' id='word_1_184' title='bbox 3269 1449 3344 1513; x_wconf 80' lang='grc' dir='ltr'>εἷς</span> <span class='ocrx_word' id='word_1_185' title='bbox 3422 1447 3579 1513; x_wconf 85' lang='grc' dir='ltr'>δάνος</span> <span class='ocrx_word' id='word_1_186' title='bbox 3647 1453 3745 1505; x_wconf 80' lang='grc' dir='ltr'>τοῦ</span> 
     </span>
    </p>
   </div>
   <div class='ocr_carea' id='block_1_30' title="bbox 2091 1537 3751 1617">
    <p class='ocr_par' dir='ltr' id='par_1_30' title="bbox 2091 1537 3751 1617">
     <span class='ocr_line' id='line_1_30' title="bbox 2091 1537 3751 1617; baseline -0.003 -20"><span class='ocrx_word' id='word_1_187' title='bbox 2091 1542 2230 1597; x_wconf 81' lang='grc' dir='ltr'>κατά</span> <span class='ocrx_word' id='word_1_188' title='bbox 2274 1543 2374 1611; x_wconf 81' lang='grc' dir='ltr'>τὴν</span> <span class='ocrx_word' id='word_1_189' title='bbox 2452 1543 2665 1617; x_wconf 81' lang='grc' dir='ltr'>ἀγάπην</span> <span class='ocrx_word' id='word_1_190' title='bbox 2743 1543 2939 1610; x_wconf 78' lang='grc' dir='ltr'>καλοῦ,</span> <span class='ocrx_word' id='word_1_191' title='bbox 3013 1544 3113 1595; x_wconf 76' lang='grc' dir='ltr'>τοῦ</span> <span class='ocrx_word' id='word_1_192' title='bbox 3171 1539 3430 1616; x_wconf 70' lang='grc' dir='ltr'>χρυσέου,</span> <span class='ocrx_word' id='word_1_193' title='bbox 3489 1539 3640 1614; x_wconf 73' lang='grc' dir='ltr'>ἐγγὺς</span> <span class='ocrx_word' id='word_1_194' title='bbox 3693 1537 3751 1593; x_wconf 83' lang='grc' dir='ltr'>δὶ</span> 
     </span>
    </p>
   </div>
   <div class='ocr_carea' id='block_1_31' title="bbox 2096 1626 3750 1706">
    <p class='ocr_par' dir='ltr' id='par_1_31' title="bbox 2096 1626 3750 1706">
     <span class='ocr_line' id='line_1_31' title="bbox 2096 1626 3750 1706; baseline -0.004 -20"><span class='ocrx_word' id='word_1_195' title='bbox 2096 1631 2264 1686; x_wconf 72' lang='grc' dir='ltr'>εἰπεῖν</span> <span class='ocrx_word' id='word_1_196' title='bbox 2294 1627 2364 1686; x_wconf 87' lang='grc' dir='ltr'>δι’</span> <span class='ocrx_word' id='word_1_197' title='bbox 2420 1633 2579 1686; x_wconf 87' lang='grc' dir='ltr'>αυτὸν</span> <span class='ocrx_word' id='word_1_198' title='bbox 2637 1630 2727 1685; x_wconf 80' lang='grc' dir='ltr'>καὶ</span> <span class='ocrx_word' id='word_1_199' title='bbox 2758 1627 3061 1701; x_wconf 79' lang='grc' dir='ltr'>ἡλιώδους,</span> <span class='ocrx_word' id='word_1_200' title='bbox 3122 1630 3418 1706; x_wconf 77' lang='grc' dir='ltr'>προσθήσω</span> <span class='ocrx_word' id='word_1_201' title='bbox 3449 1626 3526 1690; x_wconf 73' lang='grc' dir='ltr'>εἷς</span> <span class='ocrx_word' id='word_1_202' title='bbox 3559 1629 3750 1700; x_wconf 86' lang='grc' dir='ltr'>ὁμοιον</span> 
     </span>
    </p>
   </div>
   <div class='ocr_carea' id='block_1_32' title="bbox 2095 1715 3754 1797">
    <p class='ocr_par' dir='ltr' id='par_1_32' title="bbox 2095 1715 3754 1797">
     <span class='ocr_line' id='line_1_32' title="bbox 2095 1715 3754 1797; baseline -0.003 -23"><span class='ocrx_word' id='word_1_203' title='bbox 2095 1719 2262 1797; x_wconf 70' lang='grc' dir='ltr'>χρέος</span> <span class='ocrx_word' id='word_1_204' title='bbox 2286 1721 2373 1776; x_wconf 84' lang='grc' dir='ltr'>καὶ</span> <span class='ocrx_word' id='word_1_205' title='bbox 2407 1717 2605 1782; x_wconf 79' lang='grc' dir='ltr'>λοιπὰς</span> <span class='ocrx_word' id='word_1_206' title='bbox 2635 1721 2888 1782; x_wconf 84' lang='grc' dir='ltr'>τοιαύτας</span> <span class='ocrx_word' id='word_1_207' title='bbox 2920 1718 3076 1790; x_wconf 73' lang='grc' dir='ltr'>ὕλας,</span> <span class='ocrx_word' id='word_1_208' title='bbox 3112 1717 3174 1781; x_wconf 77' lang='grc' dir='ltr'>ἃς</span> <span class='ocrx_word' id='word_1_209' title='bbox 3201 1718 3306 1772; x_wconf 80' lang='grc' dir='ltr'>ὐπὸ</span> <span class='ocrx_word' id='word_1_210' title='bbox 3351 1715 3549 1790; x_wconf 81' lang='grc' dir='ltr'>κόλπῳ</span> <span class='ocrx_word' id='word_1_211' title='bbox 3595 1715 3754 1790; x_wconf 75' lang='grc' dir='ltr'>θέμε-</span> 
     </span>
    </p>
   </div>
   <div class='ocr_carea' id='block_1_33' title="bbox 2095 1803 3756 1884">
    <p class='ocr_par' dir='ltr' id='par_1_33' title="bbox 2095 1803 3756 1884">
     <span class='ocr_line' id='line_1_33' title="bbox 2095 1803 3756 1884; baseline -0.004 -20"><span class='ocrx_word' id='word_1_212' title='bbox 2095 1831 2181 1864; x_wconf 88' lang='grc' dir='ltr'>νοι</span> <span class='ocrx_word' id='word_1_213' title='bbox 2235 1809 2323 1864; x_wconf 84' lang='grc' dir='ltr'>καὶ</span> <span class='ocrx_word' id='word_1_214' title='bbox 2381 1807 2834 1882; x_wconf 71' lang='grc' dir='ltr'>καταλλάξαντες.</span> <span class='ocrx_word' id='word_1_215' title='bbox 2908 1809 2984 1872; x_wconf 84' lang='grc' dir='ltr'>ὡς</span> <span class='ocrx_word' id='word_1_216' title='bbox 3041 1806 3246 1884; x_wconf 85' lang='grc' dir='ltr'>χρεὼν,</span> <span class='ocrx_word' id='word_1_217' title='bbox 3308 1804 3618 1880; x_wconf 80' lang='grc' dir='ltr'>κερδανεῖτε</span> <span class='ocrx_word' id='word_1_218' title='bbox 3665 1803 3756 1858; x_wconf 77' lang='grc' dir='ltr'>καὶ</span> 
     </span>
    </p>
   </div>
   <div class='ocr_carea' id='block_1_34' title="bbox 338 1893 1991 1994">
    <p class='ocr_par' dir='ltr' id='par_1_34' title="bbox 338 1899 1988 1976">
     <span class='ocr_line' id='line_1_34' title="bbox 338 1899 1988 1976; baseline 0.006 -26"><span class='ocrx_word' id='word_1_219' title='bbox 338 1910 475 1953; x_wconf 88' lang='lat' dir='ltr'>vero</span> <span class='ocrx_word' id='word_1_220' title='bbox 505 1899 876 1965; x_wconf 80' lang='lat' dir='ltr'>contendere,</span> <span class='ocrx_word' id='word_1_221' title='bbox 911 1917 1016 1956; x_wconf 92' lang='lat' dir='ltr'>nec</span> <span class='ocrx_word' id='word_1_222' title='bbox 1047 1918 1137 1958; x_wconf 90' lang='lat' dir='ltr'>me</span> <span class='ocrx_word' id='word_1_223' title='bbox 1171 1905 1426 1974; x_wconf 64' lang='lat' dir='ltr'>praebere</span> <span class='ocrx_word' id='word_1_224' title='bbox 1455 1905 1810 1974; x_wconf 88' lang='lat' dir='ltr'>cautionem,</span> <span class='ocrx_word' id='word_1_225' title='bbox 1832 1906 1988 1976; x_wconf 90' lang='lat' dir='ltr'>quod</span> 
     </span>
    </p>
   </div>
   <div class='ocr_carea' id='block_1_35' title="bbox 2102 1893 3754 1994">
    <p class='ocr_par' dir='ltr' id='par_1_35' title="bbox 2102 1893 3754 1994">
     <span class='ocr_line' id='line_1_35' title="bbox 2102 1893 3754 1994; baseline -0.004 -40"><span class='ocrx_word' id='word_1_226' title='bbox 2102 1896 2166 1954; x_wconf 88' lang='grc' dir='ltr'>δι’</span> <span class='ocrx_word' id='word_1_227' title='bbox 2225 1899 2400 1954; x_wconf 81' lang='grc' dir='ltr'>αὐτῶν</span> <span class='ocrx_word' id='word_1_228' title='bbox 2455 1899 2521 1953; x_wconf 77' lang='grc' dir='ltr'>τὰ</span> <span class='ocrx_word' id='word_1_229' title='bbox 2549 1899 2813 1974; x_wconf 82' lang='grc' dir='ltr'>σωτήρια.</span> <span class='ocrx_word' id='word_1_230' title='bbox 2845 1896 2964 1955; x_wconf 77' lang='grc' dir='ltr'>Οὐκ</span> <span class='ocrx_word' id='word_1_231' title='bbox 3005 1893 3122 1972; x_wconf 77' lang='grc' dir='ltr'>ἔχω</span> <span class='ocrx_word' id='word_1_232' title='bbox 3180 1893 3239 1950; x_wconf 76' lang='grc' dir='ltr'>δὲ</span> <span class='ocrx_word' id='word_1_233' title='bbox 3269 1893 3754 1994; x_wconf 60' lang='grc' dir='ltr'>ἀπισχυρίσασθαι,</span> 
     </span>
    </p>
   </div>
   <div class='ocr_carea' id='block_1_36' title="bbox 342 1983 1990 2050">
    <p class='ocr_par' dir='ltr' id='par_1_36' title="bbox 342 1983 1990 2050">
     <span class='ocr_line' id='line_1_36' title="bbox 342 1983 1990 2050; baseline 0.005 -10"><span class='ocrx_word' id='word_1_234' title='bbox 342 1983 592 2041; x_wconf 89' lang='lat' dir='ltr'>habeam</span> <span class='ocrx_word' id='word_1_235' title='bbox 624 1987 926 2045; x_wconf 82' lang='lat' dir='ltr'>numisma</span> <span class='ocrx_word' id='word_1_236' title='bbox 951 1990 1116 2046; x_wconf 89' lang='lat' dir='ltr'>vobis</span> <span class='ocrx_word' id='word_1_237' title='bbox 1146 1993 1353 2048; x_wconf 82' lang='lat' dir='ltr'>olIerre</span> <span class='ocrx_word' id='word_1_238' title='bbox 1385 1993 1745 2050; x_wconf 86' lang='lat' dir='ltr'>numismate</span> <span class='ocrx_word' id='word_1_239' title='bbox 1801 1992 1990 2049; x_wconf 88' lang='lat' dir='ltr'>chari-</span> 
     </span>
    </p>
   </div>
   <div class='ocr_carea' id='block_1_37' title="bbox 340 2074 1988 2156">
    <p class='ocr_par' dir='ltr' id='par_1_37' title="bbox 340 2074 1988 2156">
     <span class='ocr_line' id='line_1_37' title="bbox 340 2074 1988 2156; baseline 0.006 -27"><span class='ocrx_word' id='word_1_240' title='bbox 340 2074 481 2130; x_wconf 84' lang='lat' dir='ltr'>tatis</span> <span class='ocrx_word' id='word_1_241' title='bbox 512 2075 848 2149; x_wconf 90' lang='lat' dir='ltr'>septuplum</span> <span class='ocrx_word' id='word_1_242' title='bbox 879 2085 1128 2152; x_wconf 81' lang='lat' dir='ltr'>purgato</span> <span class='ocrx_word' id='word_1_243' title='bbox 1176 2084 1494 2153; x_wconf 85' lang='lat' dir='ltr'>pretiosius</span> <span class='ocrx_word' id='word_1_244' title='bbox 1551 2101 1618 2140; x_wconf 87' lang='lat' dir='ltr'>ac</span> <span class='ocrx_word' id='word_1_245' title='bbox 1660 2083 1988 2156; x_wconf 84' lang='lat' dir='ltr'>pulchrius.</span> 
     </span>
    </p>
   </div>
   <div class='ocr_carea' id='block_1_38' title="bbox 340 2164 1993 2245">
    <p class='ocr_par' dir='ltr' id='par_1_38' title="bbox 340 2164 1993 2245">
     <span class='ocr_line' id='line_1_38' title="bbox 340 2164 1993 2245; baseline 0.005 -23"><span class='ocrx_word' id='word_1_246' title='bbox 340 2164 553 2222; x_wconf 84' lang='lat' dir='ltr'>Omnia</span> <span class='ocrx_word' id='word_1_247' title='bbox 579 2167 758 2236; x_wconf 87' lang='lat' dir='ltr'>enim,</span> <span class='ocrx_word' id='word_1_248' title='bbox 789 2171 1208 2243; x_wconf 61' lang='lat' dir='ltr'>{quaecumque</span> <span class='ocrx_word' id='word_1_249' title='bbox 1253 2173 1417 2229; x_wconf 87' lang='lat' dir='ltr'>vobis</span> <span class='ocrx_word' id='word_1_250' title='bbox 1468 2173 1539 2228; x_wconf 92' lang='lat' dir='ltr'>ad</span> <span class='ocrx_word' id='word_1_251' title='bbox 1584 2173 1993 2245; x_wconf 87' lang='lat' dir='ltr'>accipiendum</span> 
     </span>
    </p>
   </div>
   <div class='ocr_carea' id='block_1_39' title="bbox 340 2255 1990 2326">
    <p class='ocr_par' dir='ltr' id='par_1_39' title="bbox 340 2255 1990 2326">
     <span class='ocr_line' id='line_1_39' title="bbox 340 2255 1990 2326; baseline 0.005 -18"><span class='ocrx_word' id='word_1_252' title='bbox 340 2270 664 2326; x_wconf 82' lang='lat' dir='ltr'>proponam</span> <span class='ocrx_word' id='word_1_253' title='bbox 696 2255 799 2312; x_wconf 89' lang='lat' dir='ltr'>tali</span> <span class='ocrx_word' id='word_1_254' title='bbox 831 2274 974 2314; x_wconf 90' lang='lat' dir='ltr'>auro</span> <span class='ocrx_word' id='word_1_255' title='bbox 1004 2261 1319 2316; x_wconf 87' lang='lat' dir='ltr'>commista</span> <span class='ocrx_word' id='word_1_256' title='bbox 1344 2265 1500 2317; x_wconf 85' lang='lat' dir='ltr'>sunt.</span> <span class='ocrx_word' id='word_1_257' title='bbox 1534 2262 1691 2318; x_wconf 86' lang='lat' dir='ltr'>Licet</span> <span class='ocrx_word' id='word_1_258' title='bbox 1720 2279 1879 2318; x_wconf 64' lang='lat' dir='ltr'>aenea</span> <span class='ocrx_word' id='word_1_259' title='bbox 1907 2262 1990 2317; x_wconf 89' lang='lat' dir='ltr'>vi-</span> 
     </span>
    </p>
   </div>
   <div class='ocr_carea' id='block_1_40' title="bbox 339 2343 1992 2422">
    <p class='ocr_par' dir='ltr' id='par_1_40' title="bbox 339 2343 1992 2422">
     <span class='ocr_line' id='line_1_40' title="bbox 339 2343 1992 2422; baseline 0.005 -24"><span class='ocrx_word' id='word_1_260' title='bbox 339 2343 592 2399; x_wconf 86' lang='lat' dir='ltr'>deantur</span> <span class='ocrx_word' id='word_1_261' title='bbox 619 2360 750 2401; x_wconf 88' lang='lat' dir='ltr'>esse</span> <span class='ocrx_word' id='word_1_262' title='bbox 799 2350 1063 2418; x_wconf 82' lang='lat' dir='ltr'>quaedam</span> <span class='ocrx_word' id='word_1_263' title='bbox 1115 2351 1573 2422; x_wconf 87' lang='lat' dir='ltr'>prepositorum,</span> <span class='ocrx_word' id='word_1_264' title='bbox 1628 2356 1884 2407; x_wconf 89' lang='lat' dir='ltr'>attamen</span> <span class='ocrx_word' id='word_1_265' title='bbox 1933 2355 1992 2408; x_wconf 89' lang='lat' dir='ltr'>et</span> 
     </span>
    </p>
   </div>
   <div class='ocr_carea' id='block_1_41' title="bbox 339 2430 1993 2513">
    <p class='ocr_par' dir='ltr' id='par_1_41' title="bbox 339 2430 1993 2513">
     <span class='ocr_line' id='line_1_41' title="bbox 339 2430 1993 2513; baseline 0.006 -29"><span class='ocrx_word' id='word_1_266' title='bbox 339 2430 470 2502; x_wconf 84' lang='lat' dir='ltr'>ipsa</span> <span class='ocrx_word' id='word_1_267' title='bbox 499 2432 803 2490; x_wconf 68' lang='lat' dir='ltr'>charitatis</span> <span class='ocrx_word' id='word_1_268' title='bbox 831 2453 973 2492; x_wconf 88' lang='lat' dir='ltr'>auro</span> <span class='ocrx_word' id='word_1_269' title='bbox 1005 2439 1481 2509; x_wconf 83' lang='lat' dir='ltr'>commiscentur,</span> <span class='ocrx_word' id='word_1_270' title='bbox 1516 2444 1573 2496; x_wconf 90' lang='lat' dir='ltr'>et</span> <span class='ocrx_word' id='word_1_271' title='bbox 1600 2439 1730 2496; x_wconf 90' lang='lat' dir='ltr'>ideo</span> <span class='ocrx_word' id='word_1_272' title='bbox 1789 2439 1993 2513; x_wconf 88' lang='lat' dir='ltr'>splen-</span> 
     </span>
    </p>
   </div>
   <div class='ocr_carea' id='block_1_42' title="bbox 339 2519 1196 2597">
    <p class='ocr_par' dir='ltr' id='par_1_42' title="bbox 339 2519 1196 2597">
     <span class='ocr_line' id='line_1_42' title="bbox 339 2519 1196 2597; baseline 0.012 -23"><span class='ocrx_word' id='word_1_273' title='bbox 339 2519 544 2577; x_wconf 88' lang='lat' dir='ltr'>didam</span> <span class='ocrx_word' id='word_1_274' title='bbox 575 2521 797 2579; x_wconf 86' lang='lat' dir='ltr'>habent</span> <span class='ocrx_word' id='word_1_275' title='bbox 825 2525 1196 2597; x_wconf 79' lang='lat' dir='ltr'>dignitatem.</span> 
     </span>
    </p>
   </div>
   <div class='ocr_carea' id='block_1_43' title="bbox 411 2698 1992 2765">
    <p class='ocr_par' dir='ltr' id='par_1_43' title="bbox 411 2698 1992 2765">
     <span class='ocr_line' id='line_1_43' title="bbox 411 2698 1992 2765; baseline 0.008 -12"><span class='ocrx_word' id='word_1_276' title='bbox 411 2698 502 2754; x_wconf 87' lang='grc'>23.</span> <span class='ocrx_word' id='word_1_277' title='bbox 534 2699 774 2758; x_wconf 85' lang='lat' dir='ltr'>Habetis</span> <span class='ocrx_word' id='word_1_278' title='bbox 801 2703 938 2760; x_wconf 90' lang='lat' dir='ltr'>dein</span> <span class='ocrx_word' id='word_1_279' title='bbox 968 2722 1002 2761; x_wconf 87' lang='lat' dir='ltr'>a</span> <span class='ocrx_word' id='word_1_280' title='bbox 1030 2706 1201 2763; x_wconf 90' lang='lat' dir='ltr'>nobis</span> <span class='ocrx_word' id='word_1_281' title='bbox 1232 2711 1290 2764; x_wconf 87' lang='lat' dir='ltr'>et</span> <span class='ocrx_word' id='word_1_282' title='bbox 1315 2707 1478 2764; x_wconf 88' lang='lat' dir='ltr'>aliud</span> <span class='ocrx_word' id='word_1_283' title='bbox 1513 2707 1798 2765; x_wconf 86' lang='lat' dir='ltr'>talentum</span> <span class='ocrx_word' id='word_1_284' title='bbox 1856 2726 1992 2765; x_wconf 92' lang='lat' dir='ltr'>con-</span> 
     </span>
    </p>
   </div>
   <div class='ocr_carea' id='block_1_44' title="bbox 343 2787 1994 2871">
    <p class='ocr_par' dir='ltr' id='par_1_44' title="bbox 343 2787 1994 2871">
     <span class='ocr_line' id='line_1_44' title="bbox 343 2787 1994 2871; baseline 0.007 -27"><span class='ocrx_word' id='word_1_285' title='bbox 343 2787 566 2846; x_wconf 86' lang='lat' dir='ltr'>ducens</span> <span class='ocrx_word' id='word_1_286' title='bbox 597 2791 670 2846; x_wconf 88' lang='lat' dir='ltr'>ad</span> <span class='ocrx_word' id='word_1_287' title='bbox 703 2792 1190 2864; x_wconf 79' lang='lat' dir='ltr'>misericordiam,-</span> <span class='ocrx_word' id='word_1_288' title='bbox 1224 2802 1282 2853; x_wconf 91' lang='lat' dir='ltr'>et</span> <span class='ocrx_word' id='word_1_289' title='bbox 1303 2797 1454 2854; x_wconf 87' lang='lat' dir='ltr'>hanc</span> <span class='ocrx_word' id='word_1_290' title='bbox 1485 2802 1621 2855; x_wconf 88' lang='lat' dir='ltr'>ante</span> <span class='ocrx_word' id='word_1_291' title='bbox 1652 2798 1798 2854; x_wconf 91' lang='lat' dir='ltr'>alios</span> <span class='ocrx_word' id='word_1_292' title='bbox 1855 2815 1994 2871; x_wconf 86' lang='lat' dir='ltr'>erga</span> 
     </span>
    </p>
   </div>
   <div class='ocr_carea' id='block_1_45' title="bbox 345 2878 1994 2960">
    <p class='ocr_par' dir='ltr' id='par_1_45' title="bbox 345 2878 1994 2960">
     <span class='ocr_line' id='line_1_45' title="bbox 345 2878 1994 2960; baseline 0.007 -27"><span class='ocrx_word' id='word_1_293' title='bbox 345 2893 459 2934; x_wconf 87' lang='lat' dir='ltr'>me.</span> <span class='ocrx_word' id='word_1_294' title='bbox 491 2878 619 2936; x_wconf 87' lang='lat' dir='ltr'>Non</span> <span class='ocrx_word' id='word_1_295' title='bbox 671 2882 828 2938; x_wconf 89' lang='lat' dir='ltr'>enim</span> <span class='ocrx_word' id='word_1_296' title='bbox 886 2885 1096 2941; x_wconf 81' lang='lat' dir='ltr'>essetis</span> <span class='ocrx_word' id='word_1_297' title='bbox 1155 2887 1586 2959; x_wconf 87' lang='lat' dir='ltr'>misericordes,</span> <span class='ocrx_word' id='word_1_298' title='bbox 1645 2889 1696 2944; x_wconf 91' lang='lat' dir='ltr'>si</span> <span class='ocrx_word' id='word_1_299' title='bbox 1752 2889 1994 2960; x_wconf 89' lang='lat' dir='ltr'>quidem</span> 
     </span>
    </p>
   </div>
   <div class='ocr_carea' id='block_1_46' title="bbox 344 2968 1995 3049">
    <p class='ocr_par' dir='ltr' id='par_1_46' title="bbox 344 2968 1995 3049">
     <span class='ocr_line' id='line_1_46' title="bbox 344 2968 1995 3049; baseline 0.008 -27"><span class='ocrx_word' id='word_1_300' title='bbox 344 2968 658 3038; x_wconf 77' lang='lat' dir='ltr'>seniorem,</span> <span class='ocrx_word' id='word_1_301' title='bbox 680 2971 893 3028; x_wconf 86' lang='lat' dir='ltr'>alicubi</span> <span class='ocrx_word' id='word_1_302' title='bbox 915 2979 1233 3046; x_wconf 89' lang='lat' dir='ltr'>repertum,</span> <span class='ocrx_word' id='word_1_303' title='bbox 1257 2993 1529 3049; x_wconf 83' lang='lat' dir='ltr'>egenum,</span> <span class='ocrx_word' id='word_1_304' title='bbox 1558 2979 1995 3036; x_wconf 87' lang='lat' dir='ltr'>mendicantem</span> 
     </span>
    </p>
   </div>
   <div class='ocr_carea' id='block_1_47' title="bbox 345 3055 1994 3140">
    <p class='ocr_par' dir='ltr' id='par_1_47' title="bbox 345 3055 1994 3140">
     <span class='ocr_line' id='line_1_47' title="bbox 345 3055 1994 3140; baseline 0.008 -28"><span class='ocrx_word' id='word_1_305' title='bbox 345 3055 732 3128; x_wconf 87' lang='lat' dir='ltr'>miseremini,</span> <span class='ocrx_word' id='word_1_306' title='bbox 769 3079 886 3119; x_wconf 91' lang='lat' dir='ltr'>non</span> <span class='ocrx_word' id='word_1_307' title='bbox 917 3069 1150 3121; x_wconf 88' lang='lat' dir='ltr'>tantum</span> <span class='ocrx_word' id='word_1_308' title='bbox 1183 3067 1550 3140; x_wconf 89' lang='lat' dir='ltr'>simpliciter,</span> <span class='ocrx_word' id='word_1_309' title='bbox 1583 3069 1683 3124; x_wconf 89' lang='lat' dir='ltr'>sed</span> <span class='ocrx_word' id='word_1_310' title='bbox 1717 3070 1785 3125; x_wconf 89' lang='lat' dir='ltr'>ad</span> <span class='ocrx_word' id='word_1_311' title='bbox 1835 3086 1994 3126; x_wconf 84' lang='lat' dir='ltr'>com-</span> 
     </span>
    </p>
   </div>
   <div class='ocr_carea' id='block_1_48' title="bbox 345 3146 1998 3229">
    <p class='ocr_par' dir='ltr' id='par_1_48' title="bbox 345 3146 1998 3229">
     <span class='ocr_line' id='line_1_48' title="bbox 345 3146 1998 3229; baseline 0.009 -29"><span class='ocrx_word' id='word_1_312' title='bbox 345 3146 830 3217; x_wconf 74' lang='lat' dir='ltr'>municationem,</span> <span class='ocrx_word' id='word_1_313' title='bbox 863 3155 1376 3229; x_wconf 80' lang='lat' dir='ltr'>eamque-largam,</span> <span class='ocrx_word' id='word_1_314' title='bbox 1407 3174 1533 3213; x_wconf 91' lang='lat' dir='ltr'>cum</span> <span class='ocrx_word' id='word_1_315' title='bbox 1565 3159 1773 3214; x_wconf 87' lang='lat' dir='ltr'>animae</span> <span class='ocrx_word' id='word_1_316' title='bbox 1793 3159 1998 3215; x_wconf 87' lang='lat' dir='ltr'>volun-</span> 
     </span>
    </p>
   </div>
   <div class='ocr_carea' id='block_1_49' title="bbox 343 3239 1996 3320">
    <p class='ocr_par' dir='ltr' id='par_1_49' title="bbox 343 3239 1996 3320">
     <span class='ocr_line' id='line_1_49' title="bbox 343 3239 1996 3320; baseline 0.008 -29"><span class='ocrx_word' id='word_1_317' title='bbox 343 3239 436 3292; x_wconf 83' lang='lat' dir='ltr'>tas</span> <span class='ocrx_word' id='word_1_318' title='bbox 467 3249 814 3312; x_wconf 81' lang='lat' dir='ltr'>compuncla</span> <span class='ocrx_word' id='word_1_319' title='bbox 844 3247 970 3313; x_wconf 89' lang='lat' dir='ltr'>est;</span> <span class='ocrx_word' id='word_1_320' title='bbox 1004 3261 1097 3301; x_wconf 87' lang='lat' dir='ltr'>me</span> <span class='ocrx_word' id='word_1_321' title='bbox 1138 3249 1332 3302; x_wconf 89' lang='lat' dir='ltr'>autem</span> <span class='ocrx_word' id='word_1_322' title='bbox 1384 3248 1748 3320; x_wconf 83' lang='lat' dir='ltr'>decrepitum</span> <span class='ocrx_word' id='word_1_323' title='bbox 1806 3250 1996 3304; x_wconf 88' lang='lat' dir='ltr'>senio-</span> 
     </span>
    </p>
   </div>
   <div class='ocr_carea' id='block_1_50' title="bbox 2100 1981 3758 2064">
    <p class='ocr_par' dir='ltr' id='par_1_50' title="bbox 2100 1981 3758 2064">
     <span class='ocr_line' id='line_1_50' title="bbox 2100 1981 3758 2064; baseline -0.005 -20"><span class='ocrx_word' id='word_1_324' title='bbox 2100 1985 2225 2044; x_wconf 74' lang='grc' dir='ltr'>οὐδὲ</span> <span class='ocrx_word' id='word_1_325' title='bbox 2283 1988 2641 2064; x_wconf 76' lang='grc' dir='ltr'>ἐγγυήσασθαι</span> <span class='ocrx_word' id='word_1_326' title='bbox 2693 1986 2950 2059; x_wconf 83' lang='grc' dir='ltr'>ἐμαυτὸν,</span> <span class='ocrx_word' id='word_1_327' title='bbox 3011 1985 3084 2047; x_wconf 86' lang='grc' dir='ltr'>ὠς</span> <span class='ocrx_word' id='word_1_328' title='bbox 3146 1985 3365 2056; x_wconf 82' lang='grc' dir='ltr'>εὐπορῶ</span> <span class='ocrx_word' id='word_1_329' title='bbox 3414 1981 3646 2038; x_wconf 82' lang='grc' dir='ltr'>κάλλιόν</span> <span class='ocrx_word' id='word_1_330' title='bbox 3704 2003 3758 2037; x_wconf 87' lang='grc' dir='ltr'>τι</span> 
     </span>
    </p>
   </div>
   <div class='ocr_carea' id='block_1_51' title="bbox 2065 2071 3754 2153">
    <p class='ocr_par' dir='ltr' id='par_1_51' title="bbox 2065 2071 3754 2153">
     <span class='ocr_line' id='line_1_51' title="bbox 2065 2071 3754 2153; baseline -0.004 -20"><span class='ocrx_word' id='word_1_331' title='bbox 2065 2073 2187 2134; x_wconf 80' lang='grc' dir='ltr'>’καὶ</span> <span class='ocrx_word' id='word_1_332' title='bbox 2247 2075 2616 2153; x_wconf 88' lang='grc' dir='ltr'>δοκιμώτερον</span> <span class='ocrx_word' id='word_1_333' title='bbox 2676 2077 2947 2140; x_wconf 80' lang='grc' dir='ltr'>ἀναθεῖναι</span> <span class='ocrx_word' id='word_1_334' title='bbox 3004 2073 3246 2148; x_wconf 85' lang='grc' dir='ltr'>νόμισμα</span> <span class='ocrx_word' id='word_1_335' title='bbox 3298 2073 3425 2145; x_wconf 84' lang='grc' dir='ltr'>ὑμῖν</span> <span class='ocrx_word' id='word_1_336' title='bbox 3472 2075 3567 2127; x_wconf 79' lang='grc' dir='ltr'>τοῦ</span> <span class='ocrx_word' id='word_1_337' title='bbox 3614 2071 3754 2126; x_wconf 85' lang='grc' dir='ltr'>κατὰ</span> 
     </span>
    </p>
   </div>
   <div class='ocr_carea' id='block_1_52' title="bbox 2096 2160 3749 2242">
    <p class='ocr_par' dir='ltr' id='par_1_52' title="bbox 2096 2160 3749 2242">
     <span class='ocr_line' id='line_1_52' title="bbox 2096 2160 3749 2242; baseline -0.005 -20"><span class='ocrx_word' id='word_1_338' title='bbox 2096 2169 2196 2236; x_wconf 75' lang='grc' dir='ltr'>τὴν</span> <span class='ocrx_word' id='word_1_339' title='bbox 2231 2167 2444 2242; x_wconf 82' lang='grc' dir='ltr'>ἀγάπην</span> <span class='ocrx_word' id='word_1_340' title='bbox 2477 2163 2864 2228; x_wconf 74' lang='grc' dir='ltr'>ἑπταπλασίως</span> <span class='ocrx_word' id='word_1_341' title='bbox 2891 2161 3373 2240; x_wconf 77' lang='grc' dir='ltr'>κεκαθαρισμὲνσυ.</span> <span class='ocrx_word' id='word_1_342' title='bbox 3414 2160 3594 2216; x_wconf 82' lang='grc' dir='ltr'>Πάντα</span> <span class='ocrx_word' id='word_1_343' title='bbox 3647 2160 3749 2237; x_wconf 76' lang='grc' dir='ltr'>γὰρ</span> 
     </span>
    </p>
   </div>
   <div class='ocr_carea' id='block_1_53' title="bbox 2100 2250 3753 2332">
    <p class='ocr_par' dir='ltr' id='par_1_53' title="bbox 2100 2250 3753 2332">
     <span class='ocr_line' id='line_1_53' title="bbox 2100 2250 3753 2332; baseline -0.005 -21"><span class='ocrx_word' id='word_1_344' title='bbox 2100 2256 2274 2332; x_wconf 72' lang='grc' dir='ltr'>οπόσα</span> <span class='ocrx_word' id='word_1_345' title='bbox 2303 2257 2430 2330; x_wconf 85' lang='grc' dir='ltr'>ὑμῖν</span> <span class='ocrx_word' id='word_1_346' title='bbox 2461 2261 2791 2331; x_wconf 81' lang='grc' dir='ltr'>παραθῶμαι</span> <span class='ocrx_word' id='word_1_347' title='bbox 2821 2254 2899 2317; x_wconf 77' lang='grc' dir='ltr'>εἷς</span> <span class='ocrx_word' id='word_1_348' title='bbox 2947 2251 3239 2327; x_wconf 79' lang='grc' dir='ltr'>ἀνάληψιν,</span> <span class='ocrx_word' id='word_1_349' title='bbox 3289 2252 3480 2326; x_wconf 84' lang='grc' dir='ltr'>χρυσῷ</span> <span class='ocrx_word' id='word_1_350' title='bbox 3517 2250 3753 2322; x_wconf 78' lang='grc' dir='ltr'>τοιούτῳ</span> 
     </span>
    </p>
   </div>
   <div class='ocr_carea' id='block_1_54' title="bbox 2101 2337 3758 2420">
    <p class='ocr_par' dir='ltr' id='par_1_54' title="bbox 2101 2337 3758 2420">
     <span class='ocr_line' id='line_1_54' title="bbox 2101 2337 3758 2420; baseline -0.005 -19"><span class='ocrx_word' id='word_1_351' title='bbox 2101 2345 2602 2420; x_wconf 67' lang='grc' dir='ltr'>συνανακὲκρανταιυ</span> <span class='ocrx_word' id='word_1_352' title='bbox 2635 2343 2731 2399; x_wconf 76' lang='grc' dir='ltr'>κᾶν</span> <span class='ocrx_word' id='word_1_353' title='bbox 2767 2342 2928 2398; x_wconf 78' lang='grc' dir='ltr'>εἶκαὶ</span> <span class='ocrx_word' id='word_1_354' title='bbox 2957 2341 3171 2419; x_wconf 81' lang='grc' dir='ltr'>χάλκεα</span> <span class='ocrx_word' id='word_1_355' title='bbox 3198 2339 3401 2395; x_wconf 84' lang='grc' dir='ltr'>δοκεῖεν</span> <span class='ocrx_word' id='word_1_356' title='bbox 3453 2337 3589 2394; x_wconf 89' lang='grc' dir='ltr'>είναί</span> <span class='ocrx_word' id='word_1_357' title='bbox 3636 2357 3758 2392; x_wconf 88' lang='grc' dir='ltr'>τινα</span> 
     </span>
    </p>
   </div>
   <div class='ocr_carea' id='block_1_55' title="bbox 2098 2425 3759 2510">
    <p class='ocr_par' dir='ltr' id='par_1_55' title="bbox 2098 2425 3759 2510">
     <span class='ocr_line' id='line_1_55' title="bbox 2098 2425 3759 2510; baseline -0.005 -20"><span class='ocrx_word' id='word_1_358' title='bbox 2098 2441 2206 2490; x_wconf 82' lang='grc' dir='ltr'>τῶν</span> <span class='ocrx_word' id='word_1_359' title='bbox 2239 2433 2790 2510; x_wconf 80' lang='grc' dir='ltr'>παρατεθησομὲνων,</span> <span class='ocrx_word' id='word_1_360' title='bbox 2823 2429 2970 2487; x_wconf 79' lang='grc' dir='ltr'>ἀλλὰ</span> <span class='ocrx_word' id='word_1_361' title='bbox 2999 2430 3089 2486; x_wconf 80' lang='grc' dir='ltr'>καὶ</span> <span class='ocrx_word' id='word_1_362' title='bbox 3137 2429 3273 2485; x_wconf 78' lang='grc' dir='ltr'>αύτᾶ</span> <span class='ocrx_word' id='word_1_363' title='bbox 3314 2432 3505 2506; x_wconf 79' lang='grc' dir='ltr'>χρυσῷ</span> <span class='ocrx_word' id='word_1_364' title='bbox 3553 2425 3759 2502; x_wconf 71' lang='grc' dir='ltr'>ἀναμέ-</span> 
     </span>
    </p>
   </div>
   <div class='ocr_carea' id='block_1_56' title="bbox 2075 2513 3758 2600">
    <p class='ocr_par' dir='ltr' id='par_1_56' title="bbox 2075 2513 3758 2600">
     <span class='ocr_line' id='line_1_56' title="bbox 2075 2513 3758 2600; baseline -0.005 -21"><span class='ocrx_word' id='word_1_365' title='bbox 2075 2537 2080 2546; x_wconf 88' lang='grc'><strong><em>“</em></strong></span> <span class='ocrx_word' id='word_1_366' title='bbox 2106 2544 2291 2598; x_wconf 87' lang='grc' dir='ltr'>μικται</span> <span class='ocrx_word' id='word_1_367' title='bbox 2323 2523 2665 2600; x_wconf 81' lang='grc' dir='ltr'>ἀγαπητικῷ,</span> <span class='ocrx_word' id='word_1_368' title='bbox 2697 2522 2787 2577; x_wconf 84' lang='grc' dir='ltr'>καὶ</span> <span class='ocrx_word' id='word_1_369' title='bbox 2819 2518 2909 2576; x_wconf 83' lang='grc' dir='ltr'>διὰ</span> <span class='ocrx_word' id='word_1_370' title='bbox 2935 2525 3098 2577; x_wconf 79' lang='grc' dir='ltr'>τοῦτο</span> <span class='ocrx_word' id='word_1_371' title='bbox 3132 2518 3440 2593; x_wconf 82' lang='grc' dir='ltr'>σεμνότητα</span> <span class='ocrx_word' id='word_1_372' title='bbox 3471 2513 3589 2594; x_wconf 73' lang='grc' dir='ltr'>ἔχει</span> <span class='ocrx_word' id='word_1_373' title='bbox 3620 2536 3758 2594; x_wconf 90' lang='grc' dir='ltr'>προ-</span> 
     </span>
    </p>
   </div>
   <div class='ocr_carea' id='block_1_57' title="bbox 2101 2611 2444 2685">
    <p class='ocr_par' dir='ltr' id='par_1_57' title="bbox 2101 2611 2444 2685">
     <span class='ocr_line' id='line_1_57' title="bbox 2101 2611 2444 2685; baseline 0 -17"><span class='ocrx_word' id='word_1_374' title='bbox 2101 2611 2171 2668; x_wconf 89' lang='grc' dir='ltr'>λά</span> <span class='ocrx_word' id='word_1_375' title='bbox 2179 2632 2444 2685; x_wconf 88' lang='grc' dir='ltr'>μπουσαν.</span> 
     </span>
    </p>
   </div>
   <div class='ocr_carea' id='block_1_58' title="bbox 2173 2695 3755 2778">
    <p class='ocr_par' dir='ltr' id='par_1_58' title="bbox 2173 2695 3755 2778">
     <span class='ocr_line' id='line_1_58' title="bbox 2173 2695 3755 2778; baseline -0.005 -21"><span class='ocrx_word' id='word_1_376' title='bbox 2173 2703 2280 2778; x_wconf 85' lang='grc' dir='ltr'>κγ’.</span> <span class='ocrx_word' id='word_1_377' title='bbox 2309 2703 2506 2777; x_wconf 78' lang='grc' dir='ltr'>Ἔχετε</span> <span class='ocrx_word' id='word_1_378' title='bbox 2537 2698 2604 2770; x_wconf 79' lang='grc' dir='ltr'>δὴ</span> <span class='ocrx_word' id='word_1_379' title='bbox 2637 2699 2686 2774; x_wconf 78' lang='grc' dir='ltr'>ἐξ</span> <span class='ocrx_word' id='word_1_380' title='bbox 2718 2701 2882 2773; x_wconf 78' lang='grc' dir='ltr'>ἡμῶν</span> <span class='ocrx_word' id='word_1_381' title='bbox 2922 2697 3013 2754; x_wconf 84' lang='grc' dir='ltr'>καὶ</span> <span class='ocrx_word' id='word_1_382' title='bbox 3043 2695 3186 2755; x_wconf 75' lang='grc' dir='ltr'>ἄλλο</span> <span class='ocrx_word' id='word_1_383' title='bbox 3216 2695 3491 2753; x_wconf 87' lang='grc' dir='ltr'>τάλαντον</span> <span class='ocrx_word' id='word_1_384' title='bbox 3545 2713 3755 2771; x_wconf 86' lang='grc' dir='ltr'>παραγ-</span> 
     </span>
    </p>
   </div>
   <div class='ocr_carea' id='block_1_59' title="bbox 2100 2783 3756 2869">
    <p class='ocr_par' dir='ltr' id='par_1_59' title="bbox 2100 2783 3756 2869">
     <span class='ocr_line' id='line_1_59' title="bbox 2100 2783 3756 2869; baseline -0.005 -21"><span class='ocrx_word' id='word_1_385' title='bbox 2100 2790 2300 2869; x_wconf 76' lang='grc' dir='ltr'>γέλλον</span> <span class='ocrx_word' id='word_1_386' title='bbox 2352 2790 2430 2854; x_wconf 73' lang='grc' dir='ltr'>εἷς</span> <span class='ocrx_word' id='word_1_387' title='bbox 2483 2788 2684 2862; x_wconf 80' lang='grc' dir='ltr'>ἔλεον,</span> <span class='ocrx_word' id='word_1_388' title='bbox 2743 2790 2833 2845; x_wconf 85' lang='grc' dir='ltr'>καὶ</span> <span class='ocrx_word' id='word_1_389' title='bbox 2896 2788 3056 2844; x_wconf 80' lang='grc' dir='ltr'>αὐτὸν</span> <span class='ocrx_word' id='word_1_390' title='bbox 3123 2787 3230 2861; x_wconf 86' lang='grc' dir='ltr'>πρό</span> <span class='ocrx_word' id='word_1_391' title='bbox 3289 2807 3351 2862; x_wconf 80' lang='grc' dir='ltr'>γε</span> <span class='ocrx_word' id='word_1_392' title='bbox 3405 2789 3510 2841; x_wconf 79' lang='grc' dir='ltr'>τῶν</span> <span class='ocrx_word' id='word_1_393' title='bbox 3573 2783 3756 2840; x_wconf 76' lang='grc' dir='ltr'>ἄλλων</span> 
     </span>
    </p>
   </div>
   <div class='ocr_carea' id='block_1_60' title="bbox 2105 2874 3758 2956">
    <p class='ocr_par' dir='ltr' id='par_1_60' title="bbox 2105 2874 3758 2956">
     <span class='ocr_line' id='line_1_60' title="bbox 2105 2874 3758 2956; baseline -0.007 -17"><span class='ocrx_word' id='word_1_394' title='bbox 2105 2883 2183 2946; x_wconf 79' lang='grc' dir='ltr'>εἷς</span> <span class='ocrx_word' id='word_1_395' title='bbox 2227 2880 2341 2956; x_wconf 71' lang='grc' dir='ltr'><strong>ἐμὲ.</strong></span> <span class='ocrx_word' id='word_1_396' title='bbox 2375 2878 2545 2952; x_wconf 78' lang='grc' dir='ltr'>Εἷήτε</span> <span class='ocrx_word' id='word_1_397' title='bbox 2585 2880 2688 2956; x_wconf 82' lang='grc' dir='ltr'>γὰρ</span> <span class='ocrx_word' id='word_1_398' title='bbox 2733 2877 2792 2934; x_wconf 78' lang='grc' dir='ltr'>ἃν</span> <span class='ocrx_word' id='word_1_399' title='bbox 2842 2878 2941 2935; x_wconf 78' lang='grc' dir='ltr'>οὐκ</span> <span class='ocrx_word' id='word_1_400' title='bbox 2988 2877 3307 2952; x_wconf 71' lang='grc' dir='ltr'>ἐλεήμονες,</span> <span class='ocrx_word' id='word_1_401' title='bbox 3352 2875 3504 2951; x_wconf 69' lang='grc' dir='ltr'>εἴπερ</span> <span class='ocrx_word' id='word_1_402' title='bbox 3531 2874 3758 2952; x_wconf 67' lang='grc' dir='ltr'>γέροντα</span> 
     </span>
    </p>
   </div>
   <div class='ocr_carea' id='block_1_61' title="bbox 2108 2965 3756 3047">
    <p class='ocr_par' dir='ltr' id='par_1_61' title="bbox 2108 2965 3756 3047">
     <span class='ocr_line' id='line_1_61' title="bbox 2108 2965 3756 3047; baseline -0.007 -18"><span class='ocrx_word' id='word_1_403' title='bbox 2108 2974 2226 3047; x_wconf 73' lang='grc' dir='ltr'>μὲν,</span> <span class='ocrx_word' id='word_1_404' title='bbox 2259 2968 2316 3027; x_wconf 79' lang='grc' dir='ltr'>εἷ’</span> <span class='ocrx_word' id='word_1_405' title='bbox 2336 2993 2442 3027; x_wconf 90' lang='grc' dir='ltr'>που</span> <span class='ocrx_word' id='word_1_406' title='bbox 2467 2971 2652 3047; x_wconf 85' lang='grc' dir='ltr'>τύχοι,</span> <span class='ocrx_word' id='word_1_407' title='bbox 2702 2970 2949 3046; x_wconf 85' lang='grc' dir='ltr'>πτωχὸν,</span> <span class='ocrx_word' id='word_1_408' title='bbox 2999 2970 3394 3042; x_wconf 78' lang='grc' dir='ltr'>μεταιτήςαντα</span> <span class='ocrx_word' id='word_1_409' title='bbox 3441 2965 3756 3040; x_wconf 75' lang='grc' dir='ltr'>οἱκτείρετε,</span> 
     </span>
    </p>
   </div>
   <div class='ocr_carea' id='block_1_62' title="bbox 2102 3052 3754 3137">
    <p class='ocr_par' dir='ltr' id='par_1_62' title="bbox 2102 3052 3754 3137">
     <span class='ocr_line' id='line_1_62' title="bbox 2102 3052 3754 3137; baseline -0.008 -18"><span class='ocrx_word' id='word_1_410' title='bbox 2102 3063 2192 3118; x_wconf 86' lang='grc' dir='ltr'>καὶ</span> <span class='ocrx_word' id='word_1_411' title='bbox 2224 3061 2332 3137; x_wconf 81' lang='grc' dir='ltr'>οὐχ</span> <span class='ocrx_word' id='word_1_412' title='bbox 2363 3062 2575 3127; x_wconf 79' lang='grc' dir='ltr'>ἁπλῶς,</span> <span class='ocrx_word' id='word_1_413' title='bbox 2633 3057 2780 3115; x_wconf 81' lang='grc' dir='ltr'>ἀλλὰ</span> <span class='ocrx_word' id='word_1_414' title='bbox 2817 3058 2910 3112; x_wconf 82' lang='grc' dir='ltr'>καὶ</span> <span class='ocrx_word' id='word_1_415' title='bbox 2961 3057 3038 3118; x_wconf 80' lang='grc' dir='ltr'>εἰς</span> <span class='ocrx_word' id='word_1_416' title='bbox 3081 3053 3389 3130; x_wconf 85' lang='grc' dir='ltr'>μετάδοσιν,</span> <span class='ocrx_word' id='word_1_417' title='bbox 3448 3053 3537 3107; x_wconf 80' lang='grc' dir='ltr'>καὶ</span> <span class='ocrx_word' id='word_1_418' title='bbox 3587 3052 3754 3122; x_wconf 79' lang='grc' dir='ltr'>αὐτὴν</span> 
     </span>
    </p>
   </div>
   <div class='ocr_carea' id='block_1_63' title="bbox 2105 3141 3758 3228">
    <p class='ocr_par' dir='ltr' id='par_1_63' title="bbox 2105 3141 3758 3228">
     <span class='ocr_line' id='line_1_63' title="bbox 2105 3141 3758 3228; baseline -0.007 -22"><span class='ocrx_word' id='word_1_419' title='bbox 2105 3149 2288 3228; x_wconf 77' lang='grc' dir='ltr'>ἁδρὰν,</span> <span class='ocrx_word' id='word_1_420' title='bbox 2321 3150 2410 3205; x_wconf 81' lang='grc' dir='ltr'>ὅτε</span> <span class='ocrx_word' id='word_1_421' title='bbox 2455 3151 2725 3224; x_wconf 78' lang='grc' dir='ltr'>κατανυγῇ</span> <span class='ocrx_word' id='word_1_422' title='bbox 2775 3148 2837 3201; x_wconf 83' lang='grc' dir='ltr'>τὸ</span> <span class='ocrx_word' id='word_1_423' title='bbox 2871 3145 3208 3223; x_wconf 77' lang='grc' dir='ltr'>βουλόμενον</span> <span class='ocrx_word' id='word_1_424' title='bbox 3239 3149 3339 3212; x_wconf 84' lang='grc' dir='ltr'>τῆς</span> <span class='ocrx_word' id='word_1_425' title='bbox 3371 3144 3576 3215; x_wconf 78' lang='grc' dir='ltr'>ψυχῆς.</span> <span class='ocrx_word' id='word_1_426' title='bbox 3612 3141 3758 3228; x_wconf 60' lang='grc' dir='ltr'>ΔἘμὲ</span> 
     </span>
    </p>
   </div>
   <div class='ocr_carea' id='block_1_64' title="bbox 2106 3225 3753 3316">
    <p class='ocr_par' dir='ltr' id='par_1_64' title="bbox 2106 3225 3753 3316">
     <span class='ocr_line' id='line_1_64' title="bbox 2106 3225 3753 3316; baseline -0.01 -19"><span class='ocrx_word' id='word_1_427' title='bbox 2106 3225 2392 3316; x_wconf 14' lang='grc' dir='ltr'>δὲ’ήσαπρὸν</span> <span class='ocrx_word' id='word_1_428' title='bbox 2425 3240 2674 3314; x_wconf 72' lang='grc' dir='ltr'>γέροντα,</span> <span class='ocrx_word' id='word_1_429' title='bbox 2712 3233 3068 3309; x_wconf 80' lang='grc' dir='ltr'>πτωχεύοντα</span> <span class='ocrx_word' id='word_1_430' title='bbox 3127 3232 3222 3305; x_wconf 77' lang='grc' dir='ltr'>μὲν</span> <span class='ocrx_word' id='word_1_431' title='bbox 3265 3230 3460 3316; x_wconf 67' lang='grc' dir='ltr'>ἀρετῆς</span> <span class='ocrx_word' id='word_1_432' title='bbox 3519 3225 3753 3316; x_wconf 81' lang='grc' dir='ltr'>ἁπάσης,</span> 
     </span>
    </p>
   </div>
   <div class='ocr_carea' id='block_1_65' title="bbox 343 3301 1991 3408">
    <p class='ocr_par' dir='ltr' id='par_1_65' title="bbox 343 3329 1991 3408">
     <span class='ocr_line' id='line_1_65' title="bbox 343 3329 1991 3408; baseline 0.008 -29"><span class='ocrx_word' id='word_1_433' title='bbox 343 3340 492 3394; x_wconf 88' lang='lat' dir='ltr'>rem,</span> <span class='ocrx_word' id='word_1_434' title='bbox 525 3329 720 3386; x_wconf 89' lang='lat' dir='ltr'>omnis</span> <span class='ocrx_word' id='word_1_435' title='bbox 749 3331 987 3403; x_wconf 88' lang='lat' dir='ltr'>quidem</span> <span class='ocrx_word' id='word_1_436' title='bbox 1019 3334 1256 3392; x_wconf 89' lang='lat' dir='ltr'>virtutis</span> <span class='ocrx_word' id='word_1_437' title='bbox 1287 3341 1604 3408; x_wconf 83' lang='lat' dir='ltr'>expertem,</span> <span class='ocrx_word' id='word_1_438' title='bbox 1633 3355 1747 3393; x_wconf 89' lang='lat' dir='ltr'>non</span> <span class='ocrx_word' id='word_1_439' title='bbox 1797 3341 1991 3393; x_wconf 86' lang='lat' dir='ltr'>autem</span> 
     </span>
    </p>
   </div>
   <div class='ocr_carea' id='block_1_66' title="bbox 2102 3301 3760 3408">
    <p class='ocr_par' dir='ltr' id='par_1_66' title="bbox 2107 3301 3760 3400">
     <span class='ocr_line' id='line_1_66' title="bbox 2107 3301 3760 3400; baseline -0.01 -15"><span class='ocrx_word' id='word_1_440' title='bbox 2107 3330 2204 3385; x_wconf 80' lang='grc' dir='ltr'>οὐκ</span> <span class='ocrx_word' id='word_1_441' title='bbox 2233 3301 2449 3400; x_wconf 62' lang='grc' dir='ltr'>ἀνάξιον</span> <span class='ocrx_word' id='word_1_442' title='bbox 2490 3301 2548 3381; x_wconf 78' lang='grc' dir='ltr'>δὲ</span> <span class='ocrx_word' id='word_1_443' title='bbox 2606 3323 2790 3380; x_wconf 79' lang='grc' dir='ltr'>οἷ’κτου</span> <span class='ocrx_word' id='word_1_444' title='bbox 2847 3321 3158 3398; x_wconf 85' lang='grc' dir='ltr'>τυγχάνειν,</span> <span class='ocrx_word' id='word_1_445' title='bbox 3218 3313 3432 3383; x_wconf 75' lang='grc' dir='ltr'>θλίϐετε</span> <span class='ocrx_word' id='word_1_446' title='bbox 3489 3314 3760 3392; x_wconf 85' lang='grc' dir='ltr'>πολυτρὸ-</span> 
     </span>
    </p>
   </div>
   <div class='ocr_carea' id='block_1_67' title="bbox 345 3413 1994 3498">
    <p class='ocr_par' dir='ltr' id='par_1_67' title="bbox 345 3413 1994 3498">
     <span class='ocr_line' id='line_1_67' title="bbox 345 3413 1994 3498; baseline 0.008 -30"><span class='ocrx_word' id='word_1_447' title='bbox 345 3413 446 3485; x_wconf 87' lang='lat' dir='ltr'>qui</span> <span class='ocrx_word' id='word_1_448' title='bbox 477 3416 941 3478; x_wconf 83' lang='lat' dir='ltr'>misericordiam</span> <span class='ocrx_word' id='word_1_449' title='bbox 992 3429 1389 3496; x_wconf 82' lang='lat' dir='ltr'>consequatur</span> <span class='ocrx_word' id='word_1_450' title='bbox 1419 3425 1751 3498; x_wconf 86' lang='lat' dir='ltr'>indignum,</span> <span class='ocrx_word' id='word_1_451' title='bbox 1805 3426 1994 3482; x_wconf 86' lang='lat' dir='ltr'>modis</span> 
     </span>
    </p>
   </div>
   <div class='ocr_carea' id='block_1_68' title="bbox 345 3504 1994 3586">
    <p class='ocr_par' dir='ltr' id='par_1_68' title="bbox 345 3504 1994 3586">
     <span class='ocr_line' id='line_1_68' title="bbox 345 3504 1994 3586; baseline 0.007 -28"><span class='ocrx_word' id='word_1_452' title='bbox 345 3504 624 3563; x_wconf 88' lang='lat' dir='ltr'>omnibus</span> <span class='ocrx_word' id='word_1_453' title='bbox 682 3510 1002 3581; x_wconf 85' lang='lat' dir='ltr'>tribulatis,</span> <span class='ocrx_word' id='word_1_454' title='bbox 1068 3530 1186 3569; x_wconf 91' lang='lat' dir='ltr'>non</span> <span class='ocrx_word' id='word_1_455' title='bbox 1261 3519 1629 3586; x_wconf 88' lang='lat' dir='ltr'>reputantes,</span> <span class='ocrx_word' id='word_1_456' title='bbox 1706 3515 1861 3586; x_wconf 90' lang='lat' dir='ltr'>quod</span> <span class='ocrx_word' id='word_1_457' title='bbox 1934 3515 1994 3570; x_wconf 91' lang='lat' dir='ltr'>in</span> 
     </span>
    </p>
   </div>
   <div class='ocr_carea' id='block_1_69' title="bbox 309 3599 1994 3676">
    <p class='ocr_par' dir='ltr' id='par_1_69' title="bbox 309 3599 1994 3676">
     <span class='ocr_line' id='line_1_69' title="bbox 309 3599 1994 3676; baseline 0.006 -27"><span class='ocrx_word' id='word_1_458' title='bbox 309 3601 638 3666; x_wconf 82' lang='lat' dir='ltr'>&#39;quantum</span> <span class='ocrx_word' id='word_1_459' title='bbox 666 3599 812 3654; x_wconf 84' lang='lat' dir='ltr'>mihi</span> <span class='ocrx_word' id='word_1_460' title='bbox 845 3601 1092 3658; x_wconf 91' lang='lat' dir='ltr'>minimo</span> <span class='ocrx_word' id='word_1_461' title='bbox 1140 3620 1256 3660; x_wconf 89' lang='lat' dir='ltr'>non</span> <span class='ocrx_word' id='word_1_462' title='bbox 1309 3603 1503 3659; x_wconf 83' lang='lat' dir='ltr'>facitis</span> <span class='ocrx_word' id='word_1_463' title='bbox 1560 3603 1783 3675; x_wconf 89' lang='lat' dir='ltr'>aliquid</span> <span class='ocrx_word' id='word_1_464' title='bbox 1834 3604 1994 3676; x_wconf 89' lang='lat' dir='ltr'>boni,</span> 
     </span>
    </p>
   </div>
   <div class='ocr_carea' id='block_1_70' title="bbox 345 3684 1996 3766">
    <p class='ocr_par' dir='ltr' id='par_1_70' title="bbox 345 3684 1996 3766">
     <span class='ocr_line' id='line_1_70' title="bbox 345 3684 1996 3766; baseline 0.006 -28"><span class='ocrx_word' id='word_1_465' title='bbox 345 3699 455 3740; x_wconf 87' lang='lat' dir='ltr'>nec</span> <span class='ocrx_word' id='word_1_466' title='bbox 485 3684 602 3742; x_wconf 92' lang='lat' dir='ltr'>Deo</span> <span class='ocrx_word' id='word_1_467' title='bbox 637 3687 845 3745; x_wconf 80' lang='lat' dir='ltr'>facitis.</span> <span class='ocrx_word' id='word_1_468' title='bbox 874 3691 943 3746; x_wconf 87' lang='lat' dir='ltr'>Et</span> <span class='ocrx_word' id='word_1_469' title='bbox 972 3691 1056 3747; x_wconf 88' lang='lat' dir='ltr'>sic</span> <span class='ocrx_word' id='word_1_470' title='bbox 1113 3693 1350 3764; x_wconf 90' lang='lat' dir='ltr'>quidem</span> <span class='ocrx_word' id='word_1_471' title='bbox 1414 3693 1811 3750; x_wconf 75' lang='lat' dir='ltr'>miserandum</span> <span class='ocrx_word' id='word_1_472' title='bbox 1861 3695 1996 3766; x_wconf 85' lang='lat' dir='ltr'>mei,</span> 
     </span>
    </p>
   </div>
   <div class='ocr_carea' id='block_1_71' title="bbox 344 3775 1997 3855">
    <p class='ocr_par' dir='ltr' id='par_1_71' title="bbox 344 3775 1997 3855">
     <span class='ocr_line' id='line_1_71' title="bbox 344 3775 1997 3855; baseline 0.007 -28"><span class='ocrx_word' id='word_1_473' title='bbox 344 3775 523 3830; x_wconf 76' lang='lat' dir='ltr'>vestri</span> <span class='ocrx_word' id='word_1_474' title='bbox 555 3777 864 3850; x_wconf 88' lang='lat' dir='ltr'>supplicis,</span> <span class='ocrx_word' id='word_1_475' title='bbox 897 3785 954 3836; x_wconf 87' lang='lat' dir='ltr'>et</span> <span class='ocrx_word' id='word_1_476' title='bbox 983 3781 1227 3852; x_wconf 87' lang='lat' dir='ltr'>gratuiti</span> <span class='ocrx_word' id='word_1_477' title='bbox 1258 3781 1539 3848; x_wconf 88' lang='lat' dir='ltr'>ministri,</span> <span class='ocrx_word' id='word_1_478' title='bbox 1572 3783 1632 3837; x_wconf 92' lang='lat' dir='ltr'>in</span> <span class='ocrx_word' id='word_1_479' title='bbox 1666 3782 1749 3838; x_wconf 82' lang='lat' dir='ltr'>eis</span> <span class='ocrx_word' id='word_1_480' title='bbox 1807 3783 1997 3855; x_wconf 92' lang='lat' dir='ltr'>primo</span> 
     </span>
    </p>
   </div>
   <div class='ocr_carea' id='block_1_72' title="bbox 351 3863 1998 3941">
    <p class='ocr_par' dir='ltr' id='par_1_72' title="bbox 351 3863 1998 3941">
     <span class='ocr_line' id='line_1_72' title="bbox 351 3863 1998 3941; baseline 0.007 -24"><span class='ocrx_word' id='word_1_481' title='bbox 351 3863 570 3934; x_wconf 87' lang='lat' dir='ltr'>quibus</span> <span class='ocrx_word' id='word_1_482' title='bbox 627 3873 876 3941; x_wconf 88' lang='lat' dir='ltr'>oportet,</span> <span class='ocrx_word' id='word_1_483' title='bbox 907 3869 1044 3926; x_wconf 89' lang='lat' dir='ltr'>licet</span> <span class='ocrx_word' id='word_1_484' title='bbox 1101 3870 1246 3927; x_wconf 86' lang='lat' dir='ltr'>alias</span> <span class='ocrx_word' id='word_1_485' title='bbox 1319 3872 1699 3939; x_wconf 87' lang='lat' dir='ltr'>incommodi,</span> <span class='ocrx_word' id='word_1_486' title='bbox 1786 3872 1846 3927; x_wconf 91' lang='lat' dir='ltr'>in</span> <span class='ocrx_word' id='word_1_487' title='bbox 1903 3871 1998 3929; x_wconf 88' lang='lat' dir='ltr'>his</span> 
     </span>
    </p>
   </div>
   <div class='ocr_carea' id='block_1_73' title="bbox 352 3953 1996 4034">
    <p class='ocr_par' dir='ltr' id='par_1_73' title="bbox 352 3953 1996 4034">
     <span class='ocr_line' id='line_1_73' title="bbox 352 3953 1996 4034; baseline 0.007 -26"><span class='ocrx_word' id='word_1_488' title='bbox 352 3953 567 4024; x_wconf 88' lang='lat' dir='ltr'>quibus</span> <span class='ocrx_word' id='word_1_489' title='bbox 590 3972 626 4010; x_wconf 89' lang='lat' dir='ltr'>a</span> <span class='ocrx_word' id='word_1_490' title='bbox 645 3973 738 4012; x_wconf 86' lang='lat' dir='ltr'>me</span> <span class='ocrx_word' id='word_1_491' title='bbox 759 3975 873 4014; x_wconf 89' lang='lat' dir='ltr'>non</span> <span class='ocrx_word' id='word_1_492' title='bbox 889 3959 1198 4032; x_wconf 89' lang='lat' dir='ltr'>possibilia</span> <span class='ocrx_word' id='word_1_493' title='bbox 1218 3960 1547 4017; x_wconf 87' lang='lat' dir='ltr'>ministeria</span> <span class='ocrx_word' id='word_1_494' title='bbox 1593 3961 1996 4034; x_wconf 84' lang='lat' dir='ltr'>requiruntur.</span> 
     </span>
    </p>
   </div>
   <div class='ocr_carea' id='block_1_74' title="bbox 348 4041 1998 4124">
    <p class='ocr_par' dir='ltr' id='par_1_74' title="bbox 348 4041 1998 4124">
     <span class='ocr_line' id='line_1_74' title="bbox 348 4041 1998 4124; baseline 0.005 -27"><span class='ocrx_word' id='word_1_495' title='bbox 348 4041 564 4101; x_wconf 85' lang='lat' dir='ltr'>Deinde</span> <span class='ocrx_word' id='word_1_496' title='bbox 593 4051 833 4105; x_wconf 67' lang='lat' dir='ltr'>caeteros</span> <span class='ocrx_word' id='word_1_497' title='bbox 863 4066 1097 4124; x_wconf 89' lang='lat' dir='ltr'>quoque</span> <span class='ocrx_word' id='word_1_498' title='bbox 1127 4051 1486 4108; x_wconf 82' lang='lat' dir='ltr'>miseremini</span> <span class='ocrx_word' id='word_1_499' title='bbox 1522 4052 1750 4120; x_wconf 84' lang='lat' dir='ltr'>fratres,</span> <span class='ocrx_word' id='word_1_500' title='bbox 1809 4069 1998 4124; x_wconf 89' lang='lat' dir='ltr'>quan-</span> 
     </span>
    </p>
   </div>
   <div class='ocr_carea' id='block_1_75' title="bbox 347 4137 1998 4212">
    <p class='ocr_par' dir='ltr' id='par_1_75' title="bbox 347 4137 1998 4212">
     <span class='ocr_line' id='line_1_75' title="bbox 347 4137 1998 4212; baseline 0.005 -24"><span class='ocrx_word' id='word_1_501' title='bbox 347 4137 475 4190; x_wconf 88' lang='lat' dir='ltr'>tum</span> <span class='ocrx_word' id='word_1_502' title='bbox 503 4137 780 4208; x_wconf 81' lang='lat' dir='ltr'>possibile</span> <span class='ocrx_word' id='word_1_503' title='bbox 801 4143 908 4208; x_wconf 86' lang='lat' dir='ltr'>est,</span> <span class='ocrx_word' id='word_1_504' title='bbox 933 4145 1171 4212; x_wconf 84' lang='lat' dir='ltr'>propter</span> <span class='ocrx_word' id='word_1_505' title='bbox 1193 4141 1288 4197; x_wconf 88' lang='lat' dir='ltr'>Dei</span> <span class='ocrx_word' id='word_1_506' title='bbox 1315 4158 1596 4198; x_wconf 88' lang='lat' dir='ltr'>amorem.</span> <span class='ocrx_word' id='word_1_507' title='bbox 1632 4141 1776 4197; x_wconf 82' lang='lat' dir='ltr'>Hinc</span> <span class='ocrx_word' id='word_1_508' title='bbox 1821 4140 1998 4197; x_wconf 87' lang='lat' dir='ltr'>etiam</span> 
     </span>
    </p>
   </div>
   <div class='ocr_carea' id='block_1_76' title="bbox 346 4223 1996 4301">
    <p class='ocr_par' dir='ltr' id='par_1_76' title="bbox 346 4223 1996 4301">
     <span class='ocr_line' id='line_1_76' title="bbox 346 4223 1996 4301; baseline 0.004 -22"><span class='ocrx_word' id='word_1_509' title='bbox 346 4223 567 4282; x_wconf 84' lang='lat' dir='ltr'>talento</span> <span class='ocrx_word' id='word_1_510' title='bbox 585 4227 1080 4301; x_wconf 79' lang='lat' dir='ltr'>superimponens</span> <span class='ocrx_word' id='word_1_511' title='bbox 1101 4229 1378 4286; x_wconf 81' lang='lat' dir='ltr'>solatium</span> <span class='ocrx_word' id='word_1_512' title='bbox 1401 4230 1459 4287; x_wconf 90' lang='lat' dir='ltr'>in</span> <span class='ocrx_word' id='word_1_513' title='bbox 1485 4230 1837 4288; x_wconf 76' lang='lat' dir='ltr'>maeroribus</span> <span class='ocrx_word' id='word_1_514' title='bbox 1861 4247 1996 4286; x_wconf 89' lang='lat' dir='ltr'>cum</span> 
     </span>
    </p>
   </div>
   <div class='ocr_carea' id='block_1_77' title="bbox 349 4313 2000 4393">
    <p class='ocr_par' dir='ltr' id='par_1_77' title="bbox 349 4313 2000 4393">
     <span class='ocr_line' id='line_1_77' title="bbox 349 4313 2000 4393; baseline 0.004 -24"><span class='ocrx_word' id='word_1_515' title='bbox 349 4313 567 4386; x_wconf 75' lang='lat' dir='ltr'>aliquis</span> <span class='ocrx_word' id='word_1_516' title='bbox 596 4317 776 4373; x_wconf 79' lang='lat' dir='ltr'>frater</span> <span class='ocrx_word' id='word_1_517' title='bbox 806 4317 1135 4376; x_wconf 84' lang='lat' dir='ltr'>insolabilis</span> <span class='ocrx_word' id='word_1_518' title='bbox 1165 4325 1274 4389; x_wconf 89' lang='lat' dir='ltr'>est,</span> <span class='ocrx_word' id='word_1_519' title='bbox 1334 4321 1392 4375; x_wconf 90' lang='lat' dir='ltr'>in</span> <span class='ocrx_word' id='word_1_520' title='bbox 1451 4321 1536 4376; x_wconf 88' lang='lat' dir='ltr'>eis</span> <span class='ocrx_word' id='word_1_521' title='bbox 1585 4337 1713 4393; x_wconf 77' lang='lat' dir='ltr'>quae</span> <span class='ocrx_word' id='word_1_522' title='bbox 1756 4337 1850 4375; x_wconf 90' lang='lat' dir='ltr'>me</span> <span class='ocrx_word' id='word_1_523' title='bbox 1908 4336 2000 4376; x_wconf 89' lang='lat' dir='ltr'>re-</span> 
     </span>
    </p>
   </div>
   <div class='ocr_carea' id='block_1_78' title="bbox 323 4403 1997 4482">
    <p class='ocr_par' dir='ltr' id='par_1_78' title="bbox 323 4403 1997 4482">
     <span class='ocr_line' id='line_1_78' title="bbox 323 4403 1997 4482; baseline 0.004 -24"><span class='ocrx_word' id='word_1_524' title='bbox 323 4403 611 4475; x_wconf 70' lang='lat' dir='ltr'>spiciunt</span> <span class='ocrx_word' id='word_1_525' title='bbox 640 4405 862 4478; x_wconf 86' lang='lat' dir='ltr'>aliquid</span> <span class='ocrx_word' id='word_1_526' title='bbox 896 4407 1108 4463; x_wconf 88' lang='lat' dir='ltr'>similis</span> <span class='ocrx_word' id='word_1_527' title='bbox 1140 4409 1428 4480; x_wconf 84' lang='lat' dir='ltr'>efﬂagito;</span> <span class='ocrx_word' id='word_1_528' title='bbox 1472 4414 1527 4465; x_wconf 89' lang='lat' dir='ltr'>et</span> <span class='ocrx_word' id='word_1_529' title='bbox 1579 4425 1684 4481; x_wconf 85' lang='lat' dir='ltr'>ego</span> <span class='ocrx_word' id='word_1_530' title='bbox 1736 4409 1997 4482; x_wconf 87' lang='lat' dir='ltr'>quidem,</span> 
     </span>
    </p>
   </div>
   <div class='ocr_carea' id='block_1_79' title="bbox 352 4493 1712 4566">
    <p class='ocr_par' dir='ltr' id='par_1_79' title="bbox 352 4493 1712 4566">
     <span class='ocr_line' id='line_1_79' title="bbox 352 4493 1712 4566; baseline 0.003 -18"><span class='ocrx_word' id='word_1_531' title='bbox 352 4493 471 4549; x_wconf 83' lang='lat' dir='ltr'>Deo</span> <span class='ocrx_word' id='word_1_532' title='bbox 488 4497 824 4566; x_wconf 66' lang='lat' dir='ltr'>praestante,</span> <span class='ocrx_word' id='word_1_533' title='bbox 854 4495 1076 4554; x_wconf 86' lang='lat' dir='ltr'>talibus</span> <span class='ocrx_word' id='word_1_534' title='bbox 1107 4497 1334 4554; x_wconf 90' lang='lat' dir='ltr'>solatiis</span> <span class='ocrx_word' id='word_1_535' title='bbox 1365 4498 1524 4555; x_wconf 84' lang='lat' dir='ltr'>dives</span> <span class='ocrx_word' id='word_1_536' title='bbox 1558 4516 1712 4554; x_wconf 91' lang='lat' dir='ltr'>sum.</span> 
     </span>
    </p>
   </div>
   <div class='ocr_carea' id='block_1_80' title="bbox 311 4601 2002 4678">
    <p class='ocr_par' dir='ltr' id='par_1_80' title="bbox 311 4601 2002 4678">
     <span class='ocr_line' id='line_1_80' title="bbox 311 4601 2002 4678; baseline 0.005 -24"><span class='ocrx_word' id='word_1_537' title='bbox 311 4609 324 4616; x_wconf 73' lang='lat'><strong>‘</strong></span> <span class='ocrx_word' id='word_1_538' title='bbox 422 4601 512 4656; x_wconf 80' lang='grc'>24.</span> <span class='ocrx_word' id='word_1_539' title='bbox 541 4605 688 4658; x_wconf 89' lang='lat' dir='ltr'>Sunt</span> <span class='ocrx_word' id='word_1_540' title='bbox 717 4607 915 4660; x_wconf 88' lang='lat' dir='ltr'>tamen</span> <span class='ocrx_word' id='word_1_541' title='bbox 946 4604 1131 4677; x_wconf 86' lang='lat' dir='ltr'>aliqui</span> <span class='ocrx_word' id='word_1_542' title='bbox 1163 4606 1612 4674; x_wconf 84' lang='lat' dir='ltr'>mensurabiles,</span> <span class='ocrx_word' id='word_1_543' title='bbox 1637 4606 1709 4662; x_wconf 90' lang='lat' dir='ltr'>de</span> <span class='ocrx_word' id='word_1_544' title='bbox 1732 4605 1947 4678; x_wconf 89' lang='lat' dir='ltr'>quibus</span> <span class='ocrx_word' id='word_1_545' title='bbox 1970 4621 2002 4662; x_wconf 91' lang='lat' dir='ltr'>e</span> 
     </span>
    </p>
   </div>
   <div class='ocr_carea' id='block_1_81' title="bbox 2104 3404 3760 3491">
    <p class='ocr_par' dir='ltr' id='par_1_81' title="bbox 2104 3404 3760 3491">
     <span class='ocr_line' id='line_1_81' title="bbox 2104 3404 3760 3491; baseline -0.01 -16"><span class='ocrx_word' id='word_1_546' title='bbox 2104 3440 2244 3491; x_wconf 86' lang='grc' dir='ltr'>πως,</span> <span class='ocrx_word' id='word_1_547' title='bbox 2279 3418 2377 3473; x_wconf 84' lang='grc' dir='ltr'>οὐκ</span> <span class='ocrx_word' id='word_1_548' title='bbox 2405 3413 2821 3488; x_wconf 82' lang='grc' dir='ltr'>ἐνθυμούμενοι,</span> <span class='ocrx_word' id='word_1_549' title='bbox 2855 3410 2961 3481; x_wconf 82' lang='grc' dir='ltr'>ὅτι,</span> <span class='ocrx_word' id='word_1_550' title='bbox 2992 3408 3074 3486; x_wconf 82' lang='grc' dir='ltr'>ἐφ’</span> <span class='ocrx_word' id='word_1_551' title='bbox 3122 3407 3246 3464; x_wconf 79' lang='grc' dir='ltr'>ὅσον</span> <span class='ocrx_word' id='word_1_552' title='bbox 3307 3407 3430 3480; x_wconf 82' lang='grc' dir='ltr'>ἐμοὶ</span> <span class='ocrx_word' id='word_1_553' title='bbox 3479 3404 3760 3482; x_wconf 75' lang='grc' dir='ltr'>ἐλαχίστῳ</span> 
     </span>
    </p>
   </div>
   <div class='ocr_carea' id='block_1_82' title="bbox 2107 3495 3760 3580">
    <p class='ocr_par' dir='ltr' id='par_1_82' title="bbox 2107 3495 3760 3580">
     <span class='ocr_line' id='line_1_82' title="bbox 2107 3495 3760 3580; baseline -0.009 -16"><span class='ocrx_word' id='word_1_554' title='bbox 2107 3506 2224 3563; x_wconf 76' lang='grc' dir='ltr'>ὅντί</span> <span class='ocrx_word' id='word_1_555' title='bbox 2255 3507 2316 3563; x_wconf 84' lang='grc' dir='ltr'>ού</span> <span class='ocrx_word' id='word_1_556' title='bbox 2348 3503 2555 3561; x_wconf 85' lang='grc' dir='ltr'>ποιεῖτὲ</span> <span class='ocrx_word' id='word_1_557' title='bbox 2583 3524 2636 3558; x_wconf 89' lang='grc' dir='ltr'>τι</span> <span class='ocrx_word' id='word_1_558' title='bbox 2669 3501 2890 3577; x_wconf 79' lang='grc' dir='ltr'>ἀγαθὸν,</span> <span class='ocrx_word' id='word_1_559' title='bbox 2945 3497 3072 3580; x_wconf 71' lang='grc' dir='ltr'>οὐδὲ</span> <span class='ocrx_word' id='word_1_560' title='bbox 3099 3497 3178 3570; x_wconf 80' lang='grc' dir='ltr'>τῷ</span> <span class='ocrx_word' id='word_1_561' title='bbox 3209 3501 3326 3570; x_wconf 80' lang='grc' dir='ltr'>Θεῷ</span> <span class='ocrx_word' id='word_1_562' title='bbox 3385 3501 3610 3551; x_wconf 86' lang='grc' dir='ltr'>ποιεῖτε.</span> <span class='ocrx_word' id='word_1_563' title='bbox 3659 3495 3760 3549; x_wconf 83' lang='grc' dir='ltr'>Καὶ</span> 
     </span>
    </p>
   </div>
   <div class='ocr_carea' id='block_1_83' title="bbox 2107 3587 3758 3671">
    <p class='ocr_par' dir='ltr' id='par_1_83' title="bbox 2107 3587 3758 3671">
     <span class='ocr_line' id='line_1_83' title="bbox 2107 3587 3758 3671; baseline -0.008 -18"><span class='ocrx_word' id='word_1_564' title='bbox 2107 3597 2250 3653; x_wconf 72' lang='grc' dir='ltr'>οὕτω</span> <span class='ocrx_word' id='word_1_565' title='bbox 2333 3596 2426 3671; x_wconf 72' lang='grc' dir='ltr'>μὲν</span> <span class='ocrx_word' id='word_1_566' title='bbox 2503 3591 2756 3664; x_wconf 73' lang='grc' dir='ltr'>ἐλεητὲον</span> <span class='ocrx_word' id='word_1_567' title='bbox 2833 3594 3051 3665; x_wconf 82' lang='grc' dir='ltr'>πρῶτον</span> <span class='ocrx_word' id='word_1_568' title='bbox 3138 3587 3256 3661; x_wconf 66' lang='grc' dir='ltr'>ἐμὲ,</span> <span class='ocrx_word' id='word_1_569' title='bbox 3324 3587 3418 3642; x_wconf 86' lang='grc' dir='ltr'>τὸν</span> <span class='ocrx_word' id='word_1_570' title='bbox 3499 3587 3758 3660; x_wconf 72' lang='grc' dir='ltr'>ὑμέτερον</span> 
     </span>
    </p>
   </div>
   <div class='ocr_carea' id='block_1_84' title="bbox 2107 3675 3758 3763">
    <p class='ocr_par' dir='ltr' id='par_1_84' title="bbox 2107 3675 3758 3763">
     <span class='ocr_line' id='line_1_84' title="bbox 2107 3675 3758 3763; baseline -0.008 -20"><span class='ocrx_word' id='word_1_571' title='bbox 2107 3686 2333 3763; x_wconf 77' lang='grc' dir='ltr'>εύχὲτην</span> <span class='ocrx_word' id='word_1_572' title='bbox 2366 3685 2456 3741; x_wconf 83' lang='grc' dir='ltr'>καὶ</span> <span class='ocrx_word' id='word_1_573' title='bbox 2487 3683 2716 3758; x_wconf 83' lang='grc' dir='ltr'>ἄμισθον</span> <span class='ocrx_word' id='word_1_574' title='bbox 2779 3680 3074 3757; x_wconf 73' lang='grc' dir='ltr'>ὑπουργὸν,</span> <span class='ocrx_word' id='word_1_575' title='bbox 3133 3677 3216 3754; x_wconf 79' lang='grc' dir='ltr'>ἐφ’</span> <span class='ocrx_word' id='word_1_576' title='bbox 3272 3677 3351 3738; x_wconf 74' lang='grc' dir='ltr'>οἷς</span> <span class='ocrx_word' id='word_1_577' title='bbox 3413 3675 3523 3731; x_wconf 84' lang='grc' dir='ltr'>ἐστι</span> <span class='ocrx_word' id='word_1_578' title='bbox 3555 3675 3758 3751; x_wconf 71' lang='grc' dir='ltr'>χρεὼν,</span> 
     </span>
    </p>
   </div>
   <div class='ocr_carea' id='block_1_85' title="bbox 2105 3764 3756 3848">
    <p class='ocr_par' dir='ltr' id='par_1_85' title="bbox 2105 3764 3756 3848">
     <span class='ocr_line' id='line_1_85' title="bbox 2105 3764 3756 3848; baseline -0.008 -16"><span class='ocrx_word' id='word_1_579' title='bbox 2105 3777 2152 3833; x_wconf 81' lang='grc' dir='ltr'>εἰ</span> <span class='ocrx_word' id='word_1_580' title='bbox 2208 3775 2297 3832; x_wconf 83' lang='grc' dir='ltr'>καὶ</span> <span class='ocrx_word' id='word_1_581' title='bbox 2355 3772 2543 3837; x_wconf 73' lang='grc' dir='ltr'>ἄλλως</span> <span class='ocrx_word' id='word_1_582' title='bbox 2576 3771 2939 3848; x_wconf 87' lang='grc' dir='ltr'>δύσχρηστον,</span> <span class='ocrx_word' id='word_1_583' title='bbox 2989 3767 3043 3824; x_wconf 73' lang='grc' dir='ltr'>ἐν</span> <span class='ocrx_word' id='word_1_584' title='bbox 3093 3768 3177 3830; x_wconf 74' lang='grc' dir='ltr'>οἷς</span> <span class='ocrx_word' id='word_1_585' title='bbox 3209 3767 3542 3838; x_wconf 81' lang='grc' dir='ltr'>άπαιτοῦμαι</span> <span class='ocrx_word' id='word_1_586' title='bbox 3575 3764 3643 3819; x_wconf 80' lang='grc' dir='ltr'>τά</span> <span class='ocrx_word' id='word_1_587' title='bbox 3680 3765 3756 3836; x_wconf 81' lang='grc' dir='ltr'>μὴ</span> 
     </span>
    </p>
   </div>
   <div class='ocr_carea' id='block_1_86' title="bbox 2105 3852 3759 3944">
    <p class='ocr_par' dir='ltr' id='par_1_86' title="bbox 2105 3852 3759 3944">
     <span class='ocr_line' id='line_1_86' title="bbox 2105 3852 3759 3944; baseline -0.01 -21"><span class='ocrx_word' id='word_1_588' title='bbox 2105 3867 2242 3944; x_wconf 89' lang='grc' dir='ltr'>πρὸς</span> <span class='ocrx_word' id='word_1_589' title='bbox 2272 3864 2464 3942; x_wconf 73' lang='grc' dir='ltr'>ΐσχύος</span> <span class='ocrx_word' id='word_1_590' title='bbox 2526 3860 2911 3934; x_wconf 76' lang='grc' dir='ltr'>δουλεύματα’</span> <span class='ocrx_word' id='word_1_591' title='bbox 2971 3857 3084 3913; x_wconf 80' lang='grc' dir='ltr'>εἶτα</span> <span class='ocrx_word' id='word_1_592' title='bbox 3140 3855 3436 3912; x_wconf 86' lang='grc' dir='ltr'>συνελεεὶτε</span> <span class='ocrx_word' id='word_1_593' title='bbox 3480 3854 3570 3909; x_wconf 88' lang='grc' dir='ltr'>καὶ</span> <span class='ocrx_word' id='word_1_594' title='bbox 3628 3852 3759 3915; x_wconf 78' lang='grc' dir='ltr'>τοὺς</span> 
     </span>
    </p>
   </div>
   <div class='ocr_carea' id='block_1_87' title="bbox 2108 3941 3761 4031">
    <p class='ocr_par' dir='ltr' id='par_1_87' title="bbox 2108 3941 3761 4031">
     <span class='ocr_line' id='line_1_87' title="bbox 2108 3941 3761 4031; baseline -0.01 -18"><span class='ocrx_word' id='word_1_595' title='bbox 2108 3941 2660 4031; x_wconf 76' lang='grc' dir='ltr'>λοιποὺςάδελφοὺς,</span> <span class='ocrx_word' id='word_1_596' title='bbox 2711 3951 2787 4013; x_wconf 80' lang='grc' dir='ltr'>εἷς</span> <span class='ocrx_word' id='word_1_597' title='bbox 2838 3945 2965 4004; x_wconf 80' lang='grc' dir='ltr'>ὅσον</span> <span class='ocrx_word' id='word_1_598' title='bbox 3005 3946 3116 4002; x_wconf 74' lang='grc' dir='ltr'>ἐστὶ</span> <span class='ocrx_word' id='word_1_599' title='bbox 3175 3943 3422 4019; x_wconf 82' lang='grc' dir='ltr'>δύναμις,</span> <span class='ocrx_word' id='word_1_600' title='bbox 3482 3941 3572 3999; x_wconf 78' lang='grc' dir='ltr'>διὰ</span> <span class='ocrx_word' id='word_1_601' title='bbox 3623 3944 3761 4019; x_wconf 71' lang='grc' dir='ltr'>ἀγά-</span> 
     </span>
    </p>
   </div>
   <div class='ocr_carea' id='block_1_88' title="bbox 2107 4031 3756 4118">
    <p class='ocr_par' dir='ltr' id='par_1_88' title="bbox 2107 4031 3756 4118">
     <span class='ocr_line' id='line_1_88' title="bbox 2107 4031 3756 4118; baseline -0.01 -16"><span class='ocrx_word' id='word_1_602' title='bbox 2107 4067 2216 4118; x_wconf 89' lang='grc' dir='ltr'>πην</span> <span class='ocrx_word' id='word_1_603' title='bbox 2253 4050 2406 4102; x_wconf 77' lang='grc' dir='ltr'>Θεοῦ.</span> <span class='ocrx_word' id='word_1_604' title='bbox 2457 4043 2650 4115; x_wconf 87' lang='grc' dir='ltr'>Τούτῳ</span> <span class='ocrx_word' id='word_1_605' title='bbox 2697 4045 2780 4112; x_wconf 79' lang='grc' dir='ltr'>τῷ</span> <span class='ocrx_word' id='word_1_606' title='bbox 2821 4039 3076 4112; x_wconf 80' lang='grc' dir='ltr'>ταλάντῳ</span> <span class='ocrx_word' id='word_1_607' title='bbox 3105 4033 3614 4114; x_wconf 75' lang='grc' dir='ltr'>προσεπιφορτίζων</span> <span class='ocrx_word' id='word_1_608' title='bbox 3666 4031 3756 4086; x_wconf 79' lang='grc' dir='ltr'>καὶ</span> 
     </span>
    </p>
   </div>
   <div class='ocr_carea' id='block_1_89' title="bbox 2111 4120 3765 4206">
    <p class='ocr_par' dir='ltr' id='par_1_89' title="bbox 2111 4120 3765 4206">
     <span class='ocr_line' id='line_1_89' title="bbox 2111 4120 3765 4206; baseline -0.009 -15"><span class='ocrx_word' id='word_1_609' title='bbox 2111 4159 2142 4189; x_wconf 76' lang='grc' dir='ltr'>(ί</span> <span class='ocrx_word' id='word_1_610' title='bbox 2169 4135 2231 4190; x_wconf 87' lang='grc' dir='ltr'>τὸ</span> <span class='ocrx_word' id='word_1_611' title='bbox 2253 4135 2304 4190; x_wconf 78' lang='grc' dir='ltr'>ἐν</span> <span class='ocrx_word' id='word_1_612' title='bbox 2335 4132 2536 4195; x_wconf 88' lang='grc' dir='ltr'>λύπαις</span> <span class='ocrx_word' id='word_1_613' title='bbox 2583 4132 2925 4206; x_wconf 78' lang='grc' dir='ltr'>παρήγορον,</span> <span class='ocrx_word' id='word_1_614' title='bbox 2976 4151 3006 4182; x_wconf 81' lang='lat'><strong>»</strong></span> <span class='ocrx_word' id='word_1_615' title='bbox 3061 4125 3151 4182; x_wconf 71' lang='grc' dir='ltr'>ὅτε</span> <span class='ocrx_word' id='word_1_616' title='bbox 3180 4143 3265 4189; x_wconf 85' lang='grc' dir='ltr'>τις</span> <span class='ocrx_word' id='word_1_617' title='bbox 3293 4120 3528 4201; x_wconf 74' lang='grc' dir='ltr'>ἀδελφὸς</span> <span class='ocrx_word' id='word_1_618' title='bbox 3557 4122 3765 4194; x_wconf 82' lang='grc' dir='ltr'>ἀπαρά-</span> 
     </span>
    </p>
   </div>
   <div class='ocr_carea' id='block_1_90' title="bbox 2107 4211 3766 4297">
    <p class='ocr_par' dir='ltr' id='par_1_90' title="bbox 2107 4211 3766 4297">
     <span class='ocr_line' id='line_1_90' title="bbox 2107 4211 3766 4297; baseline -0.01 -15"><span class='ocrx_word' id='word_1_619' title='bbox 2107 4225 2320 4296; x_wconf 83' lang='grc' dir='ltr'>κλητος</span> <span class='ocrx_word' id='word_1_620' title='bbox 2347 4222 2454 4297; x_wconf 81' lang='grc' dir='ltr'>εἷή,</span> <span class='ocrx_word' id='word_1_621' title='bbox 2477 4225 2786 4294; x_wconf 82' lang='grc' dir='ltr'>ποτνιῶμαι</span> <span class='ocrx_word' id='word_1_622' title='bbox 2821 4214 2898 4281; x_wconf 65' lang='grc' dir='ltr'>εἴς</span> <span class='ocrx_word' id='word_1_623' title='bbox 2925 4237 2976 4272; x_wconf 92' lang='grc' dir='ltr'>τι</span> <span class='ocrx_word' id='word_1_624' title='bbox 3008 4215 3200 4291; x_wconf 75' lang='grc' dir='ltr'>ὅμοιον</span> <span class='ocrx_word' id='word_1_625' title='bbox 3234 4215 3322 4270; x_wconf 72' lang='grc' dir='ltr'>καὶ</span> <span class='ocrx_word' id='word_1_626' title='bbox 3358 4213 3490 4288; x_wconf 65' lang='grc' dir='ltr'>ὑπὲρ</span> <span class='ocrx_word' id='word_1_627' title='bbox 3513 4216 3622 4268; x_wconf 75' lang='grc' dir='ltr'>τῶν</span> <span class='ocrx_word' id='word_1_628' title='bbox 3645 4211 3766 4267; x_wconf 86' lang='grc' dir='ltr'>κατ’</span> 
     </span>
    </p>
   </div>
   <div class='ocr_carea' id='block_1_91' title="bbox 2074 4301 3765 4390">
    <p class='ocr_par' dir='ltr' id='par_1_91' title="bbox 2074 4301 3765 4390">
     <span class='ocr_line' id='line_1_91' title="bbox 2074 4301 3765 4390; baseline -0.009 -18"><span class='ocrx_word' id='word_1_629' title='bbox 2074 4349 2080 4353; x_wconf 89' lang='grc'><strong>-</strong></span> <span class='ocrx_word' id='word_1_630' title='bbox 2108 4316 2224 4390; x_wconf 64' lang='grc' dir='ltr'>ἐμὲ·</span> <span class='ocrx_word' id='word_1_631' title='bbox 2253 4315 2344 4371; x_wconf 85' lang='grc' dir='ltr'>καὶ</span> <span class='ocrx_word' id='word_1_632' title='bbox 2374 4312 2603 4370; x_wconf 85' lang='grc' dir='ltr'>πλουτῶ</span> <span class='ocrx_word' id='word_1_633' title='bbox 2634 4311 2728 4386; x_wconf 79' lang='grc' dir='ltr'>μὶν</span> <span class='ocrx_word' id='word_1_634' title='bbox 2757 4307 2888 4385; x_wconf 80' lang='grc' dir='ltr'>ἐγὼ,</span> <span class='ocrx_word' id='word_1_635' title='bbox 2921 4311 3056 4365; x_wconf 79' lang='grc' dir='ltr'>Θεοῦ</span> <span class='ocrx_word' id='word_1_636' title='bbox 3088 4303 3355 4375; x_wconf 82' lang='grc' dir='ltr'>διδόντος,</span> <span class='ocrx_word' id='word_1_637' title='bbox 3391 4301 3765 4380; x_wconf 81' lang='grc' dir='ltr'>παρηγορίαις</span> 
     </span>
    </p>
   </div>
   <div class='ocr_carea' id='block_1_92' title="bbox 2079 4406 2406 4468">
    <p class='ocr_par' dir='ltr' id='par_1_92' title="bbox 2079 4406 2406 4468">
     <span class='ocr_line' id='line_1_92' title="bbox 2079 4406 2406 4468; baseline -0.003 -6"><span class='ocrx_word' id='word_1_638' title='bbox 2079 4441 2083 4444; x_wconf 98' lang='grc'><strong>-</strong></span> <span class='ocrx_word' id='word_1_639' title='bbox 2106 4406 2406 4468; x_wconf 82' lang='grc' dir='ltr'>τοιαύταις.</span> 
     </span>
    </p>
   </div>
   <div class='ocr_carea' id='block_1_93' title="bbox 2182 4585 3764 4671">
    <p class='ocr_par' dir='ltr' id='par_1_93' title="bbox 2182 4585 3764 4671">
     <span class='ocr_line' id='line_1_93' title="bbox 2182 4585 3764 4671; baseline -0.009 -15"><span class='ocrx_word' id='word_1_640' title='bbox 2182 4597 2281 4658; x_wconf 84' lang='grc' dir='ltr'>κδ’,</span> <span class='ocrx_word' id='word_1_641' title='bbox 2319 4598 2435 4657; x_wconf 83' lang='grc' dir='ltr'>Εἰσὶ</span> <span class='ocrx_word' id='word_1_642' title='bbox 2469 4595 2526 4653; x_wconf 74' lang='grc' dir='ltr'>δὲ</span> <span class='ocrx_word' id='word_1_643' title='bbox 2552 4596 2704 4671; x_wconf 79' lang='grc' dir='ltr'>ὅμως</span> <span class='ocrx_word' id='word_1_644' title='bbox 2733 4595 2878 4658; x_wconf 78' lang='grc' dir='ltr'>τινὲς</span> <span class='ocrx_word' id='word_1_645' title='bbox 2911 4589 3195 4668; x_wconf 79' lang='grc' dir='ltr'>μετρητοὶ,</span> <span class='ocrx_word' id='word_1_646' title='bbox 3243 4589 3325 4663; x_wconf 78' lang='grc' dir='ltr'>ἐφ’</span> <span class='ocrx_word' id='word_1_647' title='bbox 3372 4589 3454 4650; x_wconf 80' lang='grc' dir='ltr'>οἷς</span> <span class='ocrx_word' id='word_1_648' title='bbox 3507 4585 3764 4664; x_wconf 83' lang='grc' dir='ltr'>δυστυχῶ</span> 
     </span>
    </p>
   </div>
   <div class='ocr_carea' id='block_1_94' title="bbox 353 4678 1991 4766">
    <p class='ocr_par' dir='ltr' id='par_1_94' title="bbox 353 4690 1991 4766">
     <span class='ocr_line' id='line_1_94' title="bbox 353 4690 1991 4766; baseline 0.002 -20"><span class='ocrx_word' id='word_1_649' title='bbox 353 4694 558 4746; x_wconf 85' lang='lat' dir='ltr'>contra</span> <span class='ocrx_word' id='word_1_650' title='bbox 587 4690 739 4747; x_wconf 88' lang='lat' dir='ltr'>male</span> <span class='ocrx_word' id='word_1_651' title='bbox 767 4692 976 4765; x_wconf 89' lang='lat' dir='ltr'>habeo,</span> <span class='ocrx_word' id='word_1_652' title='bbox 1001 4694 1283 4766; x_wconf 71' lang='lat' dir='ltr'>spinaeilli</span> <span class='ocrx_word' id='word_1_653' title='bbox 1303 4695 1472 4751; x_wconf 91' lang='lat' dir='ltr'>nobis</span> <span class='ocrx_word' id='word_1_654' title='bbox 1505 4700 1710 4763; x_wconf 75' lang='lat' dir='ltr'>acutae,</span> <span class='ocrx_word' id='word_1_655' title='bbox 1739 4695 1991 4751; x_wconf 82' lang='lat' dir='ltr'>divinum</span> 
     </span>
    </p>
   </div>
   <div class='ocr_carea' id='block_1_95' title="bbox 2102 4678 3760 4766">
    <p class='ocr_par' dir='ltr' id='par_1_95' title="bbox 2107 4678 3760 4766">
     <span class='ocr_line' id='line_1_95' title="bbox 2107 4678 3760 4766; baseline -0.008 -21"><span class='ocrx_word' id='word_1_656' title='bbox 2107 4692 2170 4745; x_wconf 87' lang='grc' dir='ltr'>τὸ</span> <span class='ocrx_word' id='word_1_657' title='bbox 2201 4686 2492 4756; x_wconf 82' lang='grc' dir='ltr'>ἀνάπαλιν,</span> <span class='ocrx_word' id='word_1_658' title='bbox 2544 4683 2768 4749; x_wconf 75' lang='grc' dir='ltr'>ἄκανθαι</span> <span class='ocrx_word' id='word_1_659' title='bbox 2814 4685 2950 4755; x_wconf 78' lang='grc' dir='ltr'>ἡμῖν</span> <span class='ocrx_word' id='word_1_660' title='bbox 3001 4680 3152 4735; x_wconf 80' lang='grc' dir='ltr'>αὐτοὶ</span> <span class='ocrx_word' id='word_1_661' title='bbox 3201 4678 3388 4751; x_wconf 81' lang='grc' dir='ltr'>ὀξεῖαι,</span> <span class='ocrx_word' id='word_1_662' title='bbox 3439 4678 3760 4766; x_wconf 76' lang='grc' dir='ltr'>άχρειοῦσαι</span> 
     </span>
    </p>
   </div>
   <div class='ocr_carea' id='block_1_96' title="bbox 351 4781 2004 4856">
    <p class='ocr_par' dir='ltr' id='par_1_96' title="bbox 351 4781 2004 4856">
     <span class='ocr_line' id='line_1_96' title="bbox 351 4781 2004 4856; baseline 0.004 -22"><span class='ocrx_word' id='word_1_663' title='bbox 351 4784 586 4853; x_wconf 86' lang='lat' dir='ltr'>pratum</span> <span class='ocrx_word' id='word_1_664' title='bbox 638 4781 834 4838; x_wconf 86' lang='lat' dir='ltr'>sterile</span> <span class='ocrx_word' id='word_1_665' title='bbox 879 4784 1211 4856; x_wconf 87' lang='lat' dir='ltr'>reddentes,</span> <span class='ocrx_word' id='word_1_666' title='bbox 1243 4785 1576 4841; x_wconf 89' lang='lat' dir='ltr'>amaritudo</span> <span class='ocrx_word' id='word_1_667' title='bbox 1604 4783 1764 4840; x_wconf 88' lang='lat' dir='ltr'>melli</span> <span class='ocrx_word' id='word_1_668' title='bbox 1795 4801 2004 4840; x_wconf 90' lang='lat' dir='ltr'>conso-</span> 
     </span>
    </p>
   </div>
   <div class='ocr_carea' id='block_1_97' title="bbox 355 4869 2001 4946">
    <p class='ocr_par' dir='ltr' id='par_1_97' title="bbox 355 4869 2001 4946">
     <span class='ocr_line' id='line_1_97' title="bbox 355 4869 2001 4946; baseline 0.002 -20"><span class='ocrx_word' id='word_1_669' title='bbox 355 4869 525 4938; x_wconf 88' lang='lat' dir='ltr'>ciata,</span> <span class='ocrx_word' id='word_1_670' title='bbox 559 4875 790 4928; x_wconf 87' lang='lat' dir='ltr'>acetum</span> <span class='ocrx_word' id='word_1_671' title='bbox 819 4889 934 4945; x_wconf 92' lang='lat' dir='ltr'>quo</span> <span class='ocrx_word' id='word_1_672' title='bbox 966 4873 1293 4946; x_wconf 88' lang='lat' dir='ltr'>spiritualis</span> <span class='ocrx_word' id='word_1_673' title='bbox 1326 4875 1542 4932; x_wconf 91' lang='lat' dir='ltr'>humor</span> <span class='ocrx_word' id='word_1_674' title='bbox 1573 4874 1865 4930; x_wconf 87' lang='lat' dir='ltr'>fructibus</span> <span class='ocrx_word' id='word_1_675' title='bbox 1889 4873 2001 4930; x_wconf 91' lang='lat' dir='ltr'>sibi</span> 
     </span>
    </p>
   </div>
   <div class='ocr_carea' id='block_1_98' title="bbox 353 4961 2001 5033">
    <p class='ocr_par' dir='ltr' id='par_1_98' title="bbox 353 4961 2001 5033">
     <span class='ocr_line' id='line_1_98' title="bbox 353 4961 2001 5033; baseline 0.001 -17"><span class='ocrx_word' id='word_1_676' title='bbox 353 4961 826 5033; x_wconf 89' lang='lat' dir='ltr'>competentibus</span> <span class='ocrx_word' id='word_1_677' title='bbox 856 4963 1115 5019; x_wconf 88' lang='lat' dir='ltr'>orbatur.</span> <span class='ocrx_word' id='word_1_678' title='bbox 1149 4963 1216 5019; x_wconf 88' lang='lat' dir='ltr'>Hi</span> <span class='ocrx_word' id='word_1_679' title='bbox 1250 4981 1379 5020; x_wconf 90' lang='lat' dir='ltr'>sese</span> <span class='ocrx_word' id='word_1_680' title='bbox 1412 4965 1609 5022; x_wconf 87' lang='lat' dir='ltr'>felices</span> <span class='ocrx_word' id='word_1_681' title='bbox 1640 4981 1769 5021; x_wconf 88' lang='lat' dir='ltr'>esse</span> <span class='ocrx_word' id='word_1_682' title='bbox 1800 4965 2001 5019; x_wconf 89' lang='lat' dir='ltr'>crede-</span> 
     </span>
    </p>
   </div>
   <div class='ocr_carea' id='block_1_99' title="bbox 349 5051 1998 5128">
    <p class='ocr_par' dir='ltr' id='par_1_99' title="bbox 349 5051 1998 5128">
     <span class='ocr_line' id='line_1_99' title="bbox 349 5051 1998 5128; baseline 0.001 -21"><span class='ocrx_word' id='word_1_683' title='bbox 349 5055 500 5120; x_wconf 90' lang='lat' dir='ltr'>rent,</span> <span class='ocrx_word' id='word_1_684' title='bbox 536 5051 584 5107; x_wconf 90' lang='lat' dir='ltr'>si</span> <span class='ocrx_word' id='word_1_685' title='bbox 616 5068 724 5107; x_wconf 90' lang='lat' dir='ltr'>nos</span> <span class='ocrx_word' id='word_1_686' title='bbox 757 5068 1142 5123; x_wconf 88' lang='lat' dir='ltr'>moreremur,</span> <span class='ocrx_word' id='word_1_687' title='bbox 1173 5054 1405 5128; x_wconf 88' lang='lat' dir='ltr'>ipsique</span> <span class='ocrx_word' id='word_1_688' title='bbox 1448 5055 1592 5111; x_wconf 87' lang='lat' dir='ltr'>ccelo</span> <span class='ocrx_word' id='word_1_689' title='bbox 1643 5072 1704 5110; x_wconf 91' lang='lat' dir='ltr'>se</span> <span class='ocrx_word' id='word_1_690' title='bbox 1758 5055 1998 5127; x_wconf 88' lang='lat' dir='ltr'>propin-</span> 
     </span>
    </p>
   </div>
   <div class='ocr_carea' id='block_1_100' title="bbox 348 5141 1996 5215">
    <p class='ocr_par' dir='ltr' id='par_1_100' title="bbox 348 5141 1996 5215">
     <span class='ocr_line' id='line_1_100' title="bbox 348 5141 1996 5215; baseline 0.001 -19"><span class='ocrx_word' id='word_1_691' title='bbox 348 5158 566 5213; x_wconf 89' lang='lat' dir='ltr'>quasse</span> <span class='ocrx_word' id='word_1_692' title='bbox 595 5141 787 5197; x_wconf 85' lang='lat' dir='ltr'>volatu</span> <span class='ocrx_word' id='word_1_693' title='bbox 823 5148 1117 5215; x_wconf 88' lang='lat' dir='ltr'>putarent,</span> <span class='ocrx_word' id='word_1_694' title='bbox 1149 5144 1198 5200; x_wconf 90' lang='lat' dir='ltr'>si</span> <span class='ocrx_word' id='word_1_695' title='bbox 1251 5162 1358 5200; x_wconf 90' lang='lat' dir='ltr'>nos</span> <span class='ocrx_word' id='word_1_696' title='bbox 1407 5149 1686 5200; x_wconf 86' lang='lat' dir='ltr'>Tartarus</span> <span class='ocrx_word' id='word_1_697' title='bbox 1735 5143 1996 5199; x_wconf 89' lang='lat' dir='ltr'>haberet.</span> 
     </span>
    </p>
   </div>
   <div class='ocr_carea' id='block_1_101' title="bbox 343 5231 1999 5305">
    <p class='ocr_par' dir='ltr' id='par_1_101' title="bbox 343 5231 1999 5305">
     <span class='ocr_line' id='line_1_101' title="bbox 343 5231 1999 5305; baseline 0.002 -21"><span class='ocrx_word' id='word_1_698' title='bbox 343 5231 432 5286; x_wconf 82' lang='lat' dir='ltr'>Ad</span> <span class='ocrx_word' id='word_1_699' title='bbox 465 5249 610 5302; x_wconf 88' lang='lat' dir='ltr'>quos</span> <span class='ocrx_word' id='word_1_700' title='bbox 643 5231 768 5303; x_wconf 91' lang='lat' dir='ltr'>ipse</span> <span class='ocrx_word' id='word_1_701' title='bbox 799 5232 1076 5300; x_wconf 88' lang='lat' dir='ltr'>dicerem,</span> <span class='ocrx_word' id='word_1_702' title='bbox 1141 5251 1253 5289; x_wconf 88' lang='lat' dir='ltr'>non</span> <span class='ocrx_word' id='word_1_703' title='bbox 1309 5234 1456 5305; x_wconf 87' lang='lat' dir='ltr'>ipsis</span> <span class='ocrx_word' id='word_1_704' title='bbox 1504 5234 1623 5288; x_wconf 87' lang='lat' dir='ltr'>fore</span> <span class='ocrx_word' id='word_1_705' title='bbox 1673 5232 1889 5298; x_wconf 85' lang='lat' dir='ltr'>lausta,</span> <span class='ocrx_word' id='word_1_706' title='bbox 1949 5233 1999 5287; x_wconf 90' lang='lat' dir='ltr'>si</span> 
     </span>
    </p>
   </div>
   <div class='ocr_carea' id='block_1_102' title="bbox 347 5323 2000 5394">
    <p class='ocr_par' dir='ltr' id='par_1_102' title="bbox 347 5323 2000 5394">
     <span class='ocr_line' id='line_1_102' title="bbox 347 5323 2000 5394; baseline 0.001 -20"><span class='ocrx_word' id='word_1_707' title='bbox 347 5337 475 5391; x_wconf 75' lang='lat' dir='ltr'>quzs</span> <span class='ocrx_word' id='word_1_708' title='bbox 515 5326 720 5377; x_wconf 88' lang='lat' dir='ltr'>contra</span> <span class='ocrx_word' id='word_1_709' title='bbox 774 5339 882 5378; x_wconf 89' lang='lat' dir='ltr'>nos</span> <span class='ocrx_word' id='word_1_710' title='bbox 938 5327 1152 5378; x_wconf 88' lang='lat' dir='ltr'>vovent</span> <span class='ocrx_word' id='word_1_711' title='bbox 1207 5324 1648 5394; x_wconf 76' lang='lat' dir='ltr'>perficerentur.</span> <span class='ocrx_word' id='word_1_712' title='bbox 1714 5323 2000 5378; x_wconf 81' lang='lat' dir='ltr'>Ardenter</span> 
     </span>
    </p>
   </div>
   <div class='ocr_carea' id='block_1_103' title="bbox 347 5409 2001 5484">
    <p class='ocr_par' dir='ltr' id='par_1_103' title="bbox 347 5409 2001 5484">
     <span class='ocr_line' id='line_1_103' title="bbox 347 5409 2001 5484; baseline 0.002 -20"><span class='ocrx_word' id='word_1_713' title='bbox 347 5409 506 5464; x_wconf 89' lang='lat' dir='ltr'>enim</span> <span class='ocrx_word' id='word_1_714' title='bbox 539 5416 814 5483; x_wconf 85' lang='lat' dir='ltr'>exoptant</span> <span class='ocrx_word' id='word_1_715' title='bbox 844 5412 1068 5469; x_wconf 89' lang='lat' dir='ltr'>malum</span> <span class='ocrx_word' id='word_1_716' title='bbox 1103 5413 1298 5470; x_wconf 85' lang='lat' dir='ltr'>videre</span> <span class='ocrx_word' id='word_1_717' title='bbox 1331 5431 1509 5484; x_wconf 89' lang='lat' dir='ltr'>super</span> <span class='ocrx_word' id='word_1_718' title='bbox 1539 5429 1646 5469; x_wconf 90' lang='lat' dir='ltr'>nos</span> <span class='ocrx_word' id='word_1_719' title='bbox 1679 5412 1909 5468; x_wconf 86' lang='lat' dir='ltr'>irruens</span> <span class='ocrx_word' id='word_1_720' title='bbox 1943 5417 2001 5468; x_wconf 89' lang='lat' dir='ltr'>et</span> 
     </span>
    </p>
   </div>
   <div class='ocr_carea' id='block_1_104' title="bbox 349 5498 1996 5574">
    <p class='ocr_par' dir='ltr' id='par_1_104' title="bbox 349 5498 1996 5574">
     <span class='ocr_line' id='line_1_104' title="bbox 349 5498 1996 5574; baseline 0.002 -22"><span class='ocrx_word' id='word_1_721' title='bbox 349 5498 551 5552; x_wconf 88' lang='lat' dir='ltr'>statim</span> <span class='ocrx_word' id='word_1_722' title='bbox 582 5499 742 5570; x_wconf 90' lang='lat' dir='ltr'>ipsos</span> <span class='ocrx_word' id='word_1_723' title='bbox 773 5508 958 5557; x_wconf 89' lang='lat' dir='ltr'>morte</span> <span class='ocrx_word' id='word_1_724' title='bbox 1009 5502 1458 5574; x_wconf 64' lang='lat' dir='ltr'>praecipitandos</span> <span class='ocrx_word' id='word_1_725' title='bbox 1485 5520 1498 5558; x_wconf 92' lang='lat'>:</span> <span class='ocrx_word' id='word_1_726' title='bbox 1559 5502 1740 5574; x_wconf 84' lang='lat' dir='ltr'>quod&#39;</span> <span class='ocrx_word' id='word_1_727' title='bbox 1772 5502 1996 5557; x_wconf 76' lang='lat' dir='ltr'>utinam</span> 
     </span>
    </p>
   </div>
   <div class='ocr_carea' id='block_1_105' title="bbox 351 5587 1998 5663">
    <p class='ocr_par' dir='ltr' id='par_1_105' title="bbox 351 5587 1998 5663">
     <span class='ocr_line' id='line_1_105' title="bbox 351 5587 1998 5663; baseline 0.002 -21"><span class='ocrx_word' id='word_1_728' title='bbox 351 5603 469 5642; x_wconf 89' lang='lat' dir='ltr'>non</span> <span class='ocrx_word' id='word_1_729' title='bbox 501 5587 772 5645; x_wconf 79' lang='lat' dir='ltr'>videant!</span> <span class='ocrx_word' id='word_1_730' title='bbox 806 5593 907 5647; x_wconf 89' lang='lat' dir='ltr'>sed</span> <span class='ocrx_word' id='word_1_731' title='bbox 939 5591 1108 5647; x_wconf 87' lang='lat' dir='ltr'>detur</span> <span class='ocrx_word' id='word_1_732' title='bbox 1141 5597 1197 5648; x_wconf 89' lang='lat' dir='ltr'>et</span> <span class='ocrx_word' id='word_1_733' title='bbox 1227 5610 1334 5650; x_wconf 90' lang='lat' dir='ltr'>nos</span> <span class='ocrx_word' id='word_1_734' title='bbox 1364 5597 1422 5648; x_wconf 88' lang='lat' dir='ltr'>et</span> <span class='ocrx_word' id='word_1_735' title='bbox 1463 5593 1624 5663; x_wconf 90' lang='lat' dir='ltr'>ipsos</span> <span class='ocrx_word' id='word_1_736' title='bbox 1671 5592 1882 5659; x_wconf 88' lang='lat' dir='ltr'>vivere,</span> <span class='ocrx_word' id='word_1_737' title='bbox 1933 5595 1998 5647; x_wconf 90' lang='lat' dir='ltr'>ut</span> 
     </span>
    </p>
   </div>
   <div class='ocr_carea' id='block_1_106' title="bbox 348 5676 1998 5751">
    <p class='ocr_par' dir='ltr' id='par_1_106' title="bbox 348 5676 1998 5751">
     <span class='ocr_line' id='line_1_106' title="bbox 348 5676 1998 5751; baseline 0.001 -19"><span class='ocrx_word' id='word_1_738' title='bbox 348 5676 466 5748; x_wconf 87' lang='lat' dir='ltr'>ipsi</span> <span class='ocrx_word' id='word_1_739' title='bbox 490 5677 729 5749; x_wconf 89' lang='lat' dir='ltr'>quidem</span> <span class='ocrx_word' id='word_1_740' title='bbox 762 5681 1094 5751; x_wconf 90' lang='lat' dir='ltr'>percutiant</span> <span class='ocrx_word' id='word_1_741' title='bbox 1134 5699 1201 5738; x_wconf 91' lang='lat' dir='ltr'>ac</span> <span class='ocrx_word' id='word_1_742' title='bbox 1230 5682 1559 5750; x_wconf 87' lang='lat' dir='ltr'>vulnerent,</span> <span class='ocrx_word' id='word_1_743' title='bbox 1603 5685 1668 5737; x_wconf 90' lang='lat' dir='ltr'>ut</span> <span class='ocrx_word' id='word_1_744' title='bbox 1715 5697 1873 5736; x_wconf 89' lang='lat' dir='ltr'>nunc</span> <span class='ocrx_word' id='word_1_745' title='bbox 1904 5679 1998 5734; x_wconf 83' lang='lat' dir='ltr'>lae-</span> 
     </span>
    </p>
   </div>
   <div class='ocr_carea' id='block_1_107' title="bbox 352 5765 1996 5842">
    <p class='ocr_par' dir='ltr' id='par_1_107' title="bbox 352 5765 1996 5842">
     <span class='ocr_line' id='line_1_107' title="bbox 352 5765 1996 5842; baseline 0.003 -19"><span class='ocrx_word' id='word_1_746' title='bbox 352 5767 544 5824; x_wconf 83' lang='lat' dir='ltr'>tanter</span> <span class='ocrx_word' id='word_1_747' title='bbox 576 5765 822 5842; x_wconf 82' lang='lat' dir='ltr'>faciunt,</span> <span class='ocrx_word' id='word_1_748' title='bbox 853 5769 914 5825; x_wconf 88' lang='lat' dir='ltr'>in</span> <span class='ocrx_word' id='word_1_749' title='bbox 944 5785 1185 5840; x_wconf 86' lang='lat' dir='ltr'>vanum,</span> <span class='ocrx_word' id='word_1_750' title='bbox 1213 5787 1321 5830; x_wconf 89' lang='lat' dir='ltr'>nos</span> <span class='ocrx_word' id='word_1_751' title='bbox 1351 5787 1485 5830; x_wconf 90' lang='lat' dir='ltr'>cum</span> <span class='ocrx_word' id='word_1_752' title='bbox 1513 5774 1710 5830; x_wconf 87' lang='lat' dir='ltr'>autem</span> <span class='ocrx_word' id='word_1_753' title='bbox 1741 5768 1996 5828; x_wconf 86' lang='lat' dir='ltr'>admira-</span> 
     </span>
    </p>
   </div>
   <div class='ocr_carea' id='block_1_108' title="bbox 2112 4765 3763 4850">
    <p class='ocr_par' dir='ltr' id='par_1_108' title="bbox 2112 4765 3763 4850">
     <span class='ocr_line' id='line_1_108' title="bbox 2112 4765 3763 4850; baseline -0.005 -14"><span class='ocrx_word' id='word_1_754' title='bbox 2112 4785 2254 4845; x_wconf 78' lang='grc' dir='ltr'>θεῖον</span> <span class='ocrx_word' id='word_1_755' title='bbox 2281 4781 2542 4850; x_wconf 81' lang='grc' dir='ltr'>λειμῶνα,</span> <span class='ocrx_word' id='word_1_756' title='bbox 2569 4773 2761 4850; x_wconf 82' lang='grc' dir='ltr'>πικρία</span> <span class='ocrx_word' id='word_1_757' title='bbox 2812 4769 3336 4848; x_wconf 73' lang='grc' dir='ltr'>παρεγχυμιζομένη</span> <span class='ocrx_word' id='word_1_758' title='bbox 3369 4765 3572 4841; x_wconf 75' lang='grc' dir='ltr'>μέλιτι,</span> <span class='ocrx_word' id='word_1_759' title='bbox 3598 4765 3763 4838; x_wconf 75' lang='grc' dir='ltr'>ὀξαλ-</span> 
     </span>
    </p>
   </div>
   <div class='ocr_carea' id='block_1_109' title="bbox 2077 4855 3761 4944">
    <p class='ocr_par' dir='ltr' id='par_1_109' title="bbox 2077 4855 3761 4944">
     <span class='ocr_line' id='line_1_109' title="bbox 2077 4855 3761 4944; baseline -0.01 -20"><span class='ocrx_word' id='word_1_760' title='bbox 2077 4879 2086 4889; x_wconf 84' lang='grc'><em>⁴</em></span> <span class='ocrx_word' id='word_1_761' title='bbox 2115 4893 2214 4944; x_wconf 88' lang='grc' dir='ltr'>μη,</span> <span class='ocrx_word' id='word_1_762' title='bbox 2249 4865 2319 4922; x_wconf 90' lang='grc' dir='ltr'>δι’</span> <span class='ocrx_word' id='word_1_763' title='bbox 2349 4869 2418 4936; x_wconf 85' lang='grc' dir='ltr'>ἣς</span> <span class='ocrx_word' id='word_1_764' title='bbox 2447 4867 2509 4920; x_wconf 86' lang='grc' dir='ltr'>τὸ</span> <span class='ocrx_word' id='word_1_765' title='bbox 2533 4861 2897 4936; x_wconf 83' lang='grc' dir='ltr'>πνευματικὸν</span> <span class='ocrx_word' id='word_1_766' title='bbox 2933 4859 3093 4935; x_wconf 86' lang='grc' dir='ltr'>ὑγρὸν</span> <span class='ocrx_word' id='word_1_767' title='bbox 3126 4857 3541 4944; x_wconf 79' lang='grc' dir='ltr'>άποστειροῦται</span> <span class='ocrx_word' id='word_1_768' title='bbox 3589 4855 3656 4910; x_wconf 78' lang='grc' dir='ltr'>τὰ</span> <span class='ocrx_word' id='word_1_769' title='bbox 3685 4855 3761 4920; x_wconf 79' lang='grc' dir='ltr'>εἷς</span> 
     </span>
    </p>
   </div>
   <div class='ocr_carea' id='block_1_110' title="bbox 2109 4942 3757 5035">
    <p class='ocr_par' dir='ltr' id='par_1_110' title="bbox 2109 4942 3757 5035">
     <span class='ocr_line' id='line_1_110' title="bbox 2109 4942 3757 5035; baseline -0.011 -20"><span class='ocrx_word' id='word_1_770' title='bbox 2109 4942 2475 5035; x_wconf 79' lang='grc' dir='ltr'>καρπογονίαν</span> <span class='ocrx_word' id='word_1_771' title='bbox 2527 4955 2674 5026; x_wconf 80' lang='grc' dir='ltr'>αὐτῷ</span> <span class='ocrx_word' id='word_1_772' title='bbox 2731 4949 3070 5026; x_wconf 69' lang='grc' dir='ltr'>πρέπουσαν*</span> <span class='ocrx_word' id='word_1_773' title='bbox 3149 4945 3203 5002; x_wconf 67' lang='grc' dir='ltr'>οἳ</span> <span class='ocrx_word' id='word_1_774' title='bbox 3261 4946 3350 5002; x_wconf 85' lang='grc' dir='ltr'>καὶ</span> <span class='ocrx_word' id='word_1_775' title='bbox 3417 4942 3757 5018; x_wconf 81' lang='grc' dir='ltr'>εὐδαιμονεῖν</span> 
     </span>
    </p>
   </div>
   <div class='ocr_carea' id='block_1_111' title="bbox 2109 5034 3759 5120">
    <p class='ocr_par' dir='ltr' id='par_1_111' title="bbox 2109 5034 3759 5120">
     <span class='ocr_line' id='line_1_111' title="bbox 2109 5034 3759 5120; baseline -0.011 -16"><span class='ocrx_word' id='word_1_776' title='bbox 2109 5034 2315 5119; x_wconf 75' lang='grc' dir='ltr'>δόξαιεν</span> <span class='ocrx_word' id='word_1_777' title='bbox 2345 5047 2428 5118; x_wconf 73' lang='grc' dir='ltr'>ἂν,</span> <span class='ocrx_word' id='word_1_778' title='bbox 2457 5042 2606 5120; x_wconf 70' lang='grc' dir='ltr'>εἷ’περ</span> <span class='ocrx_word' id='word_1_779' title='bbox 2640 5045 2804 5115; x_wconf 76' lang='grc' dir='ltr'>ἡμεῖς</span> <span class='ocrx_word' id='word_1_780' title='bbox 2837 5038 3163 5112; x_wconf 79' lang='grc' dir='ltr'>Θανούμεθα,</span> <span class='ocrx_word' id='word_1_781' title='bbox 3211 5035 3303 5090; x_wconf 82' lang='grc' dir='ltr'>καὶ</span> <span class='ocrx_word' id='word_1_782' title='bbox 3350 5035 3500 5107; x_wconf 82' lang='grc' dir='ltr'>αὐτῷ</span> <span class='ocrx_word' id='word_1_783' title='bbox 3547 5034 3759 5109; x_wconf 80' lang='grc' dir='ltr'>ούρανῷ</span> 
     </span>
    </p>
   </div>
   <div class='ocr_carea' id='block_1_112' title="bbox 2106 5125 3758 5207">
    <p class='ocr_par' dir='ltr' id='par_1_112' title="bbox 2106 5125 3758 5207">
     <span class='ocr_line' id='line_1_112' title="bbox 2106 5125 3758 5207; baseline -0.015 -12"><span class='ocrx_word' id='word_1_784' title='bbox 2106 5137 2340 5194; x_wconf 81' lang='grc' dir='ltr'>πελάσαι</span> <span class='ocrx_word' id='word_1_785' title='bbox 2409 5138 2693 5207; x_wconf 75' lang='grc' dir='ltr'>νομιοῦσιν</span> <span class='ocrx_word' id='word_1_786' title='bbox 2763 5127 3156 5201; x_wconf 85' lang='grc' dir='ltr'>ἀναπτάμενοι,</span> <span class='ocrx_word' id='word_1_787' title='bbox 3233 5125 3319 5179; x_wconf 80' lang='grc' dir='ltr'>ἐὰν</span> <span class='ocrx_word' id='word_1_788' title='bbox 3393 5125 3422 5178; x_wconf 83' lang='grc' dir='ltr'>ὁ</span> <span class='ocrx_word' id='word_1_789' title='bbox 3483 5125 3758 5197; x_wconf 79' lang='grc' dir='ltr'>Τάρταρος</span> 
     </span>
    </p>
   </div>
   <div class='ocr_carea' id='block_1_113' title="bbox 2108 5208 3756 5302">
    <p class='ocr_par' dir='ltr' id='par_1_113' title="bbox 2108 5208 3756 5302">
     <span class='ocr_line' id='line_1_113' title="bbox 2108 5208 3756 5302; baseline -0.015 -17"><span class='ocrx_word' id='word_1_790' title='bbox 2108 5231 2255 5302; x_wconf 73' lang='grc' dir='ltr'>ἡμᾶς</span> <span class='ocrx_word' id='word_1_791' title='bbox 2304 5223 2429 5297; x_wconf 70' lang='grc' dir='ltr'>ἕξει.</span> <span class='ocrx_word' id='word_1_792' title='bbox 2483 5222 2628 5298; x_wconf 79' lang='grc' dir='ltr'>Πρὸς</span> <span class='ocrx_word' id='word_1_793' title='bbox 2677 5219 2771 5283; x_wconf 73' lang='grc' dir='ltr'>οὕς</span> <span class='ocrx_word' id='word_1_794' title='bbox 2804 5214 3018 5291; x_wconf 75' lang='grc' dir='ltr'>εἷ’ποιμι</span> <span class='ocrx_word' id='word_1_795' title='bbox 3053 5216 3112 5270; x_wconf 73' lang='grc' dir='ltr'>ἃν</span> <span class='ocrx_word' id='word_1_796' title='bbox 3147 5215 3331 5281; x_wconf 77' lang='grc' dir='ltr'>αὐτὸς,</span> <span class='ocrx_word' id='word_1_797' title='bbox 3363 5211 3423 5267; x_wconf 82' lang='grc' dir='ltr'>ού</span> <span class='ocrx_word' id='word_1_798' title='bbox 3477 5208 3615 5267; x_wconf 72' lang='grc' dir='ltr'>καλὰ</span> <span class='ocrx_word' id='word_1_799' title='bbox 3663 5227 3756 5280; x_wconf 85' lang='grc' dir='ltr'>γε-</span> 
     </span>
    </p>
   </div>
   <div class='ocr_carea' id='block_1_114' title="bbox 2105 5298 3762 5394">
    <p class='ocr_par' dir='ltr' id='par_1_114' title="bbox 2105 5298 3762 5394">
     <span class='ocr_line' id='line_1_114' title="bbox 2105 5298 3762 5394; baseline -0.013 -20"><span class='ocrx_word' id='word_1_800' title='bbox 2105 5298 2286 5374; x_wconf 68' lang='grc' dir='ltr'>νέσθαι</span> <span class='ocrx_word' id='word_1_801' title='bbox 2318 5315 2518 5394; x_wconf 76' lang='grc' dir='ltr'>σφίσιν,</span> <span class='ocrx_word' id='word_1_802' title='bbox 2561 5311 2647 5367; x_wconf 69' lang='grc' dir='ltr'>ἐὰν</span> <span class='ocrx_word' id='word_1_803' title='bbox 2682 5311 2735 5365; x_wconf 76' lang='grc' dir='ltr'>αἱ</span> <span class='ocrx_word' id='word_1_804' title='bbox 2776 5309 2894 5373; x_wconf 86' lang='grc' dir='ltr'>καθ’</span> <span class='ocrx_word' id='word_1_805' title='bbox 2940 5307 3100 5381; x_wconf 78' lang='grc' dir='ltr'>ἡμῶν</span> <span class='ocrx_word' id='word_1_806' title='bbox 3148 5303 3330 5365; x_wconf 81' lang='grc' dir='ltr'>αὐτοῖς</span> <span class='ocrx_word' id='word_1_807' title='bbox 3388 5298 3762 5356; x_wconf 77' lang='grc' dir='ltr'>ἀποτελεσθῶ-</span> 
     </span>
    </p>
   </div>
   <div class='ocr_carea' id='block_1_115' title="bbox 2109 5388 3757 5481">
    <p class='ocr_par' dir='ltr' id='par_1_115' title="bbox 2109 5388 3757 5481">
     <span class='ocr_line' id='line_1_115' title="bbox 2109 5388 3757 5481; baseline -0.012 -17"><span class='ocrx_word' id='word_1_808' title='bbox 2109 5431 2188 5464; x_wconf 87' lang='grc' dir='ltr'>σιν</span> <span class='ocrx_word' id='word_1_809' title='bbox 2245 5388 2421 5481; x_wconf 79' lang='grc' dir='ltr'>εὐχαί.</span> <span class='ocrx_word' id='word_1_810' title='bbox 2460 5405 2726 5476; x_wconf 81' lang='grc' dir='ltr'>Ἀρῶνται</span> <span class='ocrx_word' id='word_1_811' title='bbox 2772 5397 2874 5476; x_wconf 89' lang='grc' dir='ltr'>γάρ</span> <span class='ocrx_word' id='word_1_812' title='bbox 2925 5419 3034 5452; x_wconf 90' lang='grc' dir='ltr'>που</span> <span class='ocrx_word' id='word_1_813' title='bbox 3090 5394 3366 5471; x_wconf 72' lang='grc' dir='ltr'>ἒνθὲρμως</span> <span class='ocrx_word' id='word_1_814' title='bbox 3413 5388 3548 5446; x_wconf 78' lang='grc' dir='ltr'>ἰδεῖν</span> <span class='ocrx_word' id='word_1_815' title='bbox 3593 5388 3757 5444; x_wconf 80' lang='grc' dir='ltr'>κακὸν</span> 
     </span>
    </p>
   </div>
   <div class='ocr_carea' id='block_1_116' title="bbox 2106 5485 3764 5565">
    <p class='ocr_par' dir='ltr' id='par_1_116' title="bbox 2106 5485 3764 5565">
     <span class='ocr_line' id='line_1_116' title="bbox 2106 5485 3764 5565; baseline -0.013 -12"><span class='ocrx_word' id='word_1_816' title='bbox 2106 5498 2264 5561; x_wconf 82' lang='grc' dir='ltr'>ἐλθὸν</span> <span class='ocrx_word' id='word_1_817' title='bbox 2321 5496 2402 5558; x_wconf 73' lang='grc' dir='ltr'>ἐφ’</span> <span class='ocrx_word' id='word_1_818' title='bbox 2467 5496 2653 5565; x_wconf 79' lang='grc' dir='ltr'>ἡμᾶς,</span> <span class='ocrx_word' id='word_1_819' title='bbox 2717 5489 2806 5545; x_wconf 81' lang='grc' dir='ltr'>καὶ</span> <span class='ocrx_word' id='word_1_820' title='bbox 2865 5486 3052 5542; x_wconf 72' lang='grc' dir='ltr'>αὐτίκα</span> <span class='ocrx_word' id='word_1_821' title='bbox 3110 5485 3324 5555; x_wconf 86' lang='grc' dir='ltr'>θανάτῳ</span> <span class='ocrx_word' id='word_1_822' title='bbox 3369 5485 3764 5554; x_wconf 82' lang='grc' dir='ltr'>κατενεχθῆναι</span> 
     </span>
    </p>
   </div>
   <div class='ocr_carea' id='block_1_117' title="bbox 2108 5568 3764 5658">
    <p class='ocr_par' dir='ltr' id='par_1_117' title="bbox 2108 5568 3764 5658">
     <span class='ocr_line' id='line_1_117' title="bbox 2108 5568 3764 5658; baseline -0.013 -15"><span class='ocrx_word' id='word_1_823' title='bbox 2108 5585 2322 5648; x_wconf 85' lang='grc' dir='ltr'>αὐτούς·</span> <span class='ocrx_word' id='word_1_824' title='bbox 2382 5582 2513 5658; x_wconf 79' lang='grc' dir='ltr'>ὅπερ</span> <span class='ocrx_word' id='word_1_825' title='bbox 2565 5581 2640 5654; x_wconf 73' lang='grc' dir='ltr'>μὴ</span> <span class='ocrx_word' id='word_1_826' title='bbox 2674 5577 2865 5636; x_wconf 60' lang='grc' dir='ltr'>ἴδοιεν.</span> <span class='ocrx_word' id='word_1_827' title='bbox 2914 5574 3086 5634; x_wconf 81' lang='grc' dir='ltr'>Ἀλλὰ</span> <span class='ocrx_word' id='word_1_828' title='bbox 3113 5573 3325 5658; x_wconf 75' lang='grc' dir='ltr'>γένοιτο</span> <span class='ocrx_word' id='word_1_829' title='bbox 3355 5573 3449 5644; x_wconf 78' lang='grc' dir='ltr'>ζῇν</span> <span class='ocrx_word' id='word_1_830' title='bbox 3489 5568 3584 5624; x_wconf 77' lang='grc' dir='ltr'>καὶ</span> <span class='ocrx_word' id='word_1_831' title='bbox 3609 5571 3764 5642; x_wconf 76' lang='grc' dir='ltr'>ἡμᾶς</span> 
     </span>
    </p>
   </div>
   <div class='ocr_carea' id='block_1_118' title="bbox 2104 5657 3759 5747">
    <p class='ocr_par' dir='ltr' id='par_1_118' title="bbox 2104 5657 3759 5747">
     <span class='ocr_line' id='line_1_118' title="bbox 2104 5657 3759 5747; baseline -0.011 -15"><span class='ocrx_word' id='word_1_832' title='bbox 2104 5678 2194 5732; x_wconf 85' lang='grc' dir='ltr'>καὶ</span> <span class='ocrx_word' id='word_1_833' title='bbox 2221 5672 2438 5745; x_wconf 71' lang='grc' dir='ltr'>αὖτοὺς,</span> <span class='ocrx_word' id='word_1_834' title='bbox 2459 5657 2552 5726; x_wconf 69' lang='grc' dir='ltr'>’ίνα</span> <span class='ocrx_word' id='word_1_835' title='bbox 2580 5667 2830 5747; x_wconf 87' lang='grc' dir='ltr'>βάλλωσι</span> <span class='ocrx_word' id='word_1_836' title='bbox 2876 5667 2972 5741; x_wconf 72' lang='grc' dir='ltr'>μὶν</span> <span class='ocrx_word' id='word_1_837' title='bbox 3025 5657 3186 5720; x_wconf 58' lang='lat' dir='ltr'>uinci</span> <span class='ocrx_word' id='word_1_838' title='bbox 3209 5659 3308 5718; x_wconf 63' lang='grc' dir='ltr'>καὶ</span> <span class='ocrx_word' id='word_1_839' title='bbox 3352 5659 3759 5747; x_wconf 64' lang='grc' dir='ltr'>τιτρῴσκωσιν,</span> 
     </span>
    </p>
   </div>
   <div class='ocr_carea' id='block_1_119' title="bbox 2106 5745 3758 5835">
    <p class='ocr_par' dir='ltr' id='par_1_119' title="bbox 2106 5745 3758 5835">
     <span class='ocr_line' id='line_1_119' title="bbox 2106 5745 3758 5835; baseline -0.011 -13"><span class='ocrx_word' id='word_1_840' title='bbox 2106 5766 2182 5830; x_wconf 87' lang='grc' dir='ltr'>ὠς</span> <span class='ocrx_word' id='word_1_841' title='bbox 2209 5768 2298 5821; x_wconf 76' lang='grc' dir='ltr'>νῦν</span> <span class='ocrx_word' id='word_1_842' title='bbox 2352 5745 2922 5835; x_wconf 22' lang='grc' dir='ltr'>ποιοῦσινχαίροντες,</span> <span class='ocrx_word' id='word_1_843' title='bbox 2954 5755 3006 5811; x_wconf 72' lang='grc' dir='ltr'>ἒν</span> <span class='ocrx_word' id='word_1_844' title='bbox 3061 5755 3262 5823; x_wconf 78' lang='grc' dir='ltr'>κενοῖς,</span> <span class='ocrx_word' id='word_1_845' title='bbox 3303 5751 3470 5826; x_wconf 79' lang='grc' dir='ltr'>ἡμεῖς</span> <span class='ocrx_word' id='word_1_846' title='bbox 3513 5745 3572 5816; x_wconf 72' lang='grc' dir='ltr'>δὶ</span> <span class='ocrx_word' id='word_1_847' title='bbox 3619 5750 3758 5808; x_wconf 80' lang='grc' dir='ltr'>θαυ-</span> 
     </span>
    </p>
   </div>
  </div>
