4082 6336
283 379 400 439 603

1057 383 1480 445 EUS’I‘ATHII
1523 383 2295 453 THESSALONICENSIS
2345 381 2932 446 METROPOLITE

3595 385 3736 448 604

283 511 825 582 quantumlieet?Et
846 516 1041 570 tamen
1066 514 1192 572 sine
1205 517 1556 573 discretione
1572 519 1930 589 prmeedente

2061 512 2188 585 ,ιηδὶ
2256 513 2587 591 συγγνώμης
2641 513 3026 591 ἐφεπομένης,
3101 516 3202 572 οὐκ
3257 515 3318 574 ἂν
3377 519 3524 590 ἦσαν
3593 518 3742 595 παρ’

284 604 342 655 et
373 600 742 672 indulgentia
773 609 1049 674 sequente
1073 622 1185 660 non
1209 614 1404 662 essent
1429 607 1583 678 apud
1610 608 1934 664 nosJudai-

286 707 362 744 cas
408 690 621 756 tribus,
665 708 768 746 nec
817 691 958 748 mali
1006 693 1344 760 Christiani,
1377 696 1680 768 multoque
1736 699 1934 753 minus

195 839 198 842 ,
288 778 525 834 athei.Si
545 781 843 852 ergotales
865 783 1234 853 (quotautem
1262 784 1447 840 millia
1469 791 1608 840 sunt
1627 786 1829 857 !)haud
1851 788 1938 842 in-

289 866 518 937 quietos
551 869 736 938 pascit
779 869 1050 925 discretio
1077 871 1558 946 indulgentiaque
1589 875 1932 946 christiana,

289 972 392 1010 cur
414 957 649 1011 tandem
677 959 860 1014 bonos
891 958 1044 1015 inter
1075 978 1180 1017 nos
1212 963 1637 1028 fratres,rectos
1668 964 1932 1020 christia-

288 1044 494 1113 nos,ab
525 1045 864 1116 huiusmodi
885 1050 1036 1104 bono
1063 1050 1360 1116 duali,hac
1383 1053 1478 1123 pia
1504 1053 1934 1125 conjugatione,

287 1132 396 1188 hac
419 1133 476 1187 in
495 1133 723 1190 Christo
755 1137 1271 1209 fraternitate,eam
1304 1141 1572 1212 dicoqum
1605 1143 1935 1197 secundum

287 1222 701 1279 discretionem
735 1231 910 1297 atque
932 1227 1359 1301 indulgentiam
1391 1236 1500 1296 est,
1523 1230 1936 1288 excludimus?

356 1420 447 1472 27.
473 1419 800 1477 Inebriatus
821 1427 910 1479 est
936 1423 1076 1479 olim
1110 1425 1448 1497 posterioris
1497 1428 1704 1483 mundi
1727 1433 1937 1500 proto-

287 1526 500 1581 parens
531 1510 668 1578 Noe,
693 1511 1125 1586 sobrietateque
1155 1516 1381 1586 abiecta
1411 1522 1468 1572 et
1497 1518 1586 1573 sui
1623 1535 1738 1573 non
1770 1535 1934 1574 com-

288 1597 532 1670 posalto
573 1616 780 1656 somno
829 1602 1118 1674 sepultus,
1180 1607 1306 1660 sine
1351 1607 1559 1662 decore
1631 1606 1796 1662 humi
1841 1609 1934 1678 ja-

289 1687 428 1742 cuit.
459 1688 630 1755 Hinc,
662 1690 905 1745 detectis
951 1709 1077 1763 quae
1134 1709 1248 1750 non
1296 1699 1542 1766 Oportet,
1594 1695 1803 1752 irrisus
1847 1700 1937 1751 est

291 1793 405 1831 non
438 1793 472 1831 a
501 1776 728 1843 multis,
761 1780 862 1834 sed
896 1781 969 1834 ab
1001 1798 1116 1837 uno
1148 1784 1426 1853 quodam,
1462 1784 1693 1840 cuinon
1727 1800 1934 1840 conve-

2045 607 2180 677 ἡμῖν
2215 601 2639 659 οὕτεἹουδαῖκά
2690 604 2854 682 φῦλα,
2915 603 3040 661 οὐδὲ
3100 608 3208 680 μὴν
3257 607 3326 663 τά
3380 614 3490 666 τῶν
3525 613 3731 665 κακῶν

2046 698 2405 769 Χριστιανῶν,
2462 694 2524 748 τὸ
2583 690 2640 748 δὲ
2701 699 2884 766 μεῖζον
2942 693 3067 750 οὐδὲ
3113 697 3180 750 τὰ
3209 702 3316 752 τῶν
3377 697 3586 762 άθέων.
3659 696 3742 753 Εἴ

2043 782 2220 836 τοίνυν
2251 781 2377 844 τοὺς
2405 781 2689 844 τοιούτους
2717 783 2927 858 (μυρίοι
2962 781 3018 838 δὲ
3050 784 3168 839 ὅσοι
3200 786 3373 858 αὐτοὶ)
3434 785 3737 864 διάκρισις

2049 872 2231 946 βόσκει
2287 870 2588 934 ἀσκύλτους
2641 871 2730 926 καὶ
2791 873 3091 948 συγγνώμη
3168 877 3524 950 Χριστιανικὴ
3561 923 3579 947 ,
3672 874 3733 931 τί

2046 958 2250 1031 δήποτε
2278 960 2406 1023 τοὺς
2451 961 2682 1035 ἀγαθοὺς
2733 959 2787 1017 ἐν
2835 964 2971 1034 ἡμῖν
3011 961 3298 1042 ἀδελφοὺς,
3339 965 3467 1028 τοὺς
3503 965 3730 1043 ὀρθοὺς

2045 1050 2420 1125 Χριστιανοὺς,
2467 1049 2748 1124 ἀπάγομεν
2799 1057 2902 1122 τῆς
2953 1051 3211 1124 τοιαύτης
3239 1054 3442 1128 ἀγαθῆς
3473 1052 3718 1126 δυάδος,

2043 1144 2146 1208 τῆς
2227 1137 2488 1216 φιλοθέου
2555 1139 2827 1215 συζυγίας,
2910 1147 3011 1211 τῆς
3095 1139 3458 1219 φιλοχρίστου
3544 1141 3729 1199 ἀδελ-

2046 1227 2314 1306 φότητος,
2405 1227 2549 1305 λέγω
2608 1226 2676 1297 δὴ
2735 1236 2836 1300 τῆς
2895 1230 3031 1285 κατᾶ
3089 1228 3355 1307 διάκρισιν
3413 1231 3504 1287 καὶ
3567 1254 3721 1308 συγ-

2045 1317 2274 1393 γνώμην
2303 1336 2316 1388 ;

2115 1426 2216 1494 κζ’.
2250 1425 2556 1498 Ἐμεθύσθη
2607 1426 2741 1481 ποτε
2787 1427 2815 1481 6
2875 1430 2972 1481 τοῦ
3022 1423 3274 1503 δευτέρου
3321 1427 3529 1502 κόσμου
3557 1449 3714 1506 προ-

2046 1513 2234 1589 πάτωρ
2267 1519 2407 1584 Νῶε,
2439 1515 2529 1570 καὶ
2577 1513 2908 1592 παραλυθεὶς
2949 1521 3047 1571 τοῦ
3077 1518 3268 1593 νήφειν
3301 1515 3474 1573 ἔκειτο
3529 1518 3714 1592 ἀκρα-

2043 1603 2146 1671 τὴς
2177 1602 2388 1671 ἑαυτοῦ,
2422 1601 2511 1656 καὶ
2570 1601 2719 1676 ὕπνῳ
2781 1605 2937 1678 βαθεῖ
2994 1604 3188 1675 θανὼν,
3247 1605 3360 1680 σύχ
3408 1604 3552 1680 εἶχεν
3587 1600 3718 1658 οὐδ’

2045 1690 2346 1766 εὐσχήμως
2400 1695 2629 1764 κεῖσθαι,
2691 1690 2774 1746 ὅτι
2828 1689 2970 1765 μηδέ
3011 1691 3307 1761 κατεκλίθη
3355 1693 3493 1770 πρὸς
3555 1691 3720 1747 θέσιν

2045 1776 2307 1857 ἔμφρονα.
2369 1779 2662 1836 Κάντεῦθεν
2707 1783 3052 1859 παραφήνας,
3114 1780 3147 1835 ἃ
3199 1784 3274 1856 μή
3328 1783 3532 1857 χρεὼν,
3587 1780 3722 1858 ἐγε-

292 1865 509 1934 niebat,
541 1870 598 1921 et
629 1867 755 1938 ipso
782 1868 1162 1941 imprudenti.
1195 1872 1303 1936 Qui
1351 1890 1484 1928 vero
1538 1873 1784 1941 sensati,
1818 1891 1932 1929 non

2061 1869 2221 1940 laico-:1
2255 1867 2317 1922 οὐ
2347 1865 2742 1940 πολλοῖς,ἀλλ’
2773 1869 2989 1946 ὑφ’ὲνός
3019 1889 3190 1942 τινος,
3222 1868 3284 1924 οὐ
3320 1873 3395 1943 μή
3429 1873 3714 1956 προσῆκε,

291 1953 522 2010 curiose
546 1961 849 2012 tentarunt
879 1960 1072 2016 videre
1099 1978 1226 2033 quis
1258 1979 1372 2017 non
1406 1962 1542 2019 licet
1575 1979 1587 2017 :
1623 1964 1723 2019 sed
1755 1963 1933 2019 etiam

2061 1959 2132 2014 ιαὶ
2181 1957 2345 2013 αὐτοῦ
2421 1955 2679 2033 ἄφρονος.
2761 1960 2828 2017 Oi.
2915 1959 3098 2032 μέντοι
3154 1963 3362 2036 φρενῶν
3421 1956 3526 2013 ἕσῶ
3576 1955 3721 2013 οὔτε

291 2043 350 2098 in
391 2060 505 2099 non
556 2045 750 2102 debito
801 2048 1095 2104 detectum
1141 2052 1594 2108 absconderunt.
1646 2057 1722 2108 At
1781 2057 1934 2109 certe

2043 2049 2490 2125 περιειργάσαντο
2523 2045 2680 2120 ἰδεῖν,
2713 2047 2746 2102 ἃ
2795 2050 2871 2121 μὴ
2916 2048 3094 2122 θέμις·
3147 2046 3293 2104 ἀλλά
3321 2049 3410 2102 καὶ
3461 2043 3712 2124 ἔκρυψαν

295 2133 533 2204 quidem
567 2136 1023 2206 ajacente,cum
1072 2157 1106 2194 a
1147 2140 1282 2196 vino
1339 2140 1624 2196 liberatus
1674 2147 1762 2198 est
1809 2147 1865 2198 et
1902 2161 1937 2199 ι

2061 2138 2135 2194 τὸν
2180 2136 2233 2192 ἐν
2277 2137 2338 2192 οὐ
2388 2134 2562 2193 δέοντι
2611 2136 3075 2194 ἀκατακάλυπτον.
3129 2137 3352 2211 Ἀμέλει
3406 2135 3495 2192 καὶ
3545 2135 3715 2192 αὐτοὶ

292 2227 408 2279 Deo
435 2223 564 2294 ipso
595 2224 695 2296 qui
717 2226 1124 2297 justissimum
1145 2233 1235 2285 est
1257 2229 1314 2284 bi
1347 2229 1633 2286 benedicti
1667 2235 1825 2287 sunt.

365 2490 456 2546 28.
489 2494 618 2548 Jam
643 2493 788 2549 mihi
809 2496 1304 2552 considerandum
1324 2496 1652 2554 estfactum
1685 2499 1798 2555 isto
1821 2515 1942 2554 mo-

295 2581 388 2636 do.
416 2580 744 2638 Inebriatus
763 2589 853 2640 est
873 2602 1124 2658 magnus
1147 2587 1243 2642 ille
1272 2587 1391 2656 vir;
1424 2588 1696 2645 indecore
1725 2589 1939 2661 jacuit,

295 2686 326 2724 a
360 2671 614 2742 quodam
657 2672 870 2730 irrisus
917 2681 1025 2731 est.
1081 2677 1379 2732 Excitatus
1433 2695 1466 2733 a
1505 2695 1738 2748 somno,
1769 2679 1940 2735 illum

292 2760 531 2830 quidem
555 2765 824 2833 cognovit
847 2781 913 2821 ac
940 2765 1260 2833 maledixit,
1295 2785 1410 2823 non
1442 2773 1638 2824 autem
1661 2767 1746 2823 illi
1775 2767 1941 2824 simi-

291 2849 378 2905 les
409 2851 724 2908 benedixit.
747 2857 814 2908 Et
848 2854 1175 2911 benedictio
1207 2856 1396 2912 multa
1447 2859 1554 2912 fuit
1575 2874 1640 2914 ac
1673 2857 1939 2931 pulchra,

293 2944 351 2994 et
379 2939 534 2995 Deus
566 2943 818 3014 desuper
855 2961 1146 3012 annuens,
1196 2945 1364 3001 illum
1436 2947 1673 3019 quidem
1735 2965 1941 3004 rursus

293 3045 572 3099 magnum
605 3047 734 3087 esse
763 3034 1245 3107 permisit,usque
1276 3037 1346 3091 ad
1373 3054 1530 3092 nunc
1561 3037 1850 3094 illustrem
1881 3043 1941 3096 et

295 3117 354 3171 in
385 3124 733 3190 perpetuum
758 3122 838 3178 ita
868 3122 1526 3182 futurum.Cmterorum
1559 3131 1754 3184 autem
1791 3144 1940 3200 quos

295 3206 530 3277 quidem
564 3207 658 3265 ille
682 3227 935 3284 magnus
966 3213 1282 3283 benedixit,
1316 3215 1510 3272 sanxit
1538 3215 1671 3272 illos
1703 3233 1940 3273 manere

1988 2263 1998 2278 .
2051 2229 2146 2301 μὲν
2178 2225 2559 2303 εὐλογήθησαν
2609 2227 2712 2283 ὑπό
2763 2248 2823 2283 τε
2863 2231 2960 2283 τοῦ
2999 2227 3271 2302 κειμένου,
3333 2225 3423 2282 ὅτε
3477 2224 3709 2302 γέγονεν

2048 2315 2149 2387 ἔξω
2207 2313 2382 2383 οἴκου,
2427 2317 2515 2370 καὶ
2577 2315 2664 2371 ὑπ’
2722 2315 2888 2372 αὐτοῦ
2947 2320 3082 2374 Θεοῦ
3135 2320 3232 2371 τοῦ
3291 2313 3717 2391 διακριτικωτά-

2047 2425 2165 2459 του.

2119 2499 2220 2558 κη’.
2281 2493 2379 2547 Καί
2433 2513 2525 2566 μοι
2588 2495 2889 2570 θεωρητέον
2961 2495 3026 2550 τὸ
3078 2499 3304 2570 πρᾶγμα
3359 2494 3448 2550 καὶ
3507 2495 3713 2558 οὕτως·

2051 2582 2340 2655 Ἐμέθυσεν
2403 2583 2686 2658 ἅνθρωπος
2751 2583 2914 2660 μέγας
2983 2583 3184 2648 ἐκεῖνος
3219 2627 3233 2654 ,
3290 2584 3713 2660 ἠσχημόνησεν,

2051 2669 2312 2746 ἐγελάσθη
2401 2672 2537 2746 πρός
2613 2694 2802 2736 τινος.
2883 2674 3264 2752 Ἀφυπνισθεὶς
3324 2673 3526 2729 ἐκείνου
3611 2674 3708 2747 μὶν

2049 2763 2290 2839 κατέγνω
2344 2761 2434 2818 καὶ
2489 2762 2820 2838 ἐπηράσατο,
2867 2763 2995 2827 τοὺς
3053 2761 3111 2820 δὲ
3167 2764 3470 2840 ἀνομοίους
3519 2761 3707 2836 ἐκείνῳ

2052 2851 2334 2929 εὐλόγησε.
2389 2851 2489 2907 Καὶ
2547 2855 2582 2923 ἡ
2638 2853 2858 2930 εὐλογία
2907 2851 3094 2925 πολλὴ
3155 2855 3243 2910 καὶ
3302 2854 3470 2925 καλήο
3530 2853 3622 2909 καὶ
3679 2853 3708 2908 6

2051 2943 2181 3004 Θεὸς
2238 2940 2516 3005 ἐπινεύσας
2592 2941 2818 3017 ἄνωθεν,
2894 2942 3094 2999 ἐκεῖνον
3155 2944 3251 3018 μὶν
3308 2943 3483 3021 ἀφῆκε
3540 2941 3704 2998 πάλιν

2053 3031 2185 3086 εἶναι
2253 3033 2440 3109 μέγαν,
2493 3033 2792 3109 περίοπτον
2851 3029 2955 3095 ἕως
2988 3032 3078 3088 καὶ
3135 3037 3249 3102 νῦν,
3294 3031 3382 3086 καὶ
3425 3031 3502 3092 εἷς
3536 3031 3708 3084 αἰῶνα

2053 3117 2110 3176 δὲ
2139 3125 2385 3177 τοιοῦτον
2419 3122 2695 3195 ἐσόμενον
2752 3126 2860 3176 τῶν
2918 3118 2976 3176 δὲ
3028 3119 3237 3176 λοιπῶν
3273 3119 3363 3180 οὕς
3418 3119 3514 3190 μὲν
3545 3119 3572 3171 6
3611 3117 3706 3188 μέ-

2057 3231 2155 3286 γας
2213 3209 2413 3272 ἐκεῖνος
2470 3209 2787 3285 εὐλόγησεν,
2834 3209 3098 3283 ἐκύρωσεν
3145 3205 3476 3280 εὐλογητοὺς
3529 3203 3705 3278 μένειν

292 3297 631 3355 benedictos
654 3300 978 3372 dignosque
994 3303 1153 3358 bonas
1171 3306 1464 3360 memoriae
1480 3305 1536 3359 in
1553 3309 1793 3378 perpetu
1807 3322 1942 3374 um;

2061 3276 2148 3354 καί
2201 3301 2423 3372 μνήμης
2482 3276 2687 3373 ἀγαθῆς
2728 3276 3036 3368 ἀξίους1είς
3089 3295 3152 3349 τὸ
3208 3276 3451 3365 διηνεκές
3504 3276 3600 3348 τοῦ
3652 3289 3708 3346 δὲ

296 3387 578 3444 adversus
607 3393 801 3445 autem
835 3391 1212 3447 maledictum
1238 3393 1364 3464 ipse
1414 3392 1774 3466 suffragatus
1832 3397 1942 3450 est.

369 3494 458 3549 29.
494 3496 977 3568 Curitajudicas,
1010 3499 1256 3555 Domine
1302 3500 1330 3554 ?
1369 3499 1609 3555 Ebrium
1660 3501 1948 3572 castigare

302 3582 573 3656 negligis.
606 3585 728 3641 Non
761 3590 957 3642 autem
1005 3587 1114 3642 hoc
1156 3587 1368 3654 solum,
1429 3589 1531 3644 sed
1591 3589 1770 3645 etiam
1818 3590 1948 3660 ejus

303 3671 519 3743 placita
549 3673 806 3745 comples
832 3693 846 3742 ;
876 3675 1174 3731 benedicis
1204 3676 1441 3748 quidem
1492 3694 1641 3749 quos
1689 3678 1818 3750 ipse
1848 3679 1950 3734 be-

303 3761 561 3831 nedixit;
607 3762 1074 3820 maledicendum
1133 3781 1264 3820 esse
1314 3766 1582 3822 decernis
1641 3767 1948 3836 miserum,

302 3851 363 3906 in
396 3868 570 3924 quem
605 3851 702 3908 ille
733 3852 1207 3910 maledictionem
1267 3855 1486 3925 injecit.
1517 3860 1700 3926 Certe,
1735 3857 1948 3929 inquit,

304 3943 362 3996 et
391 3940 499 3996 feci
522 3941 628 4012 sic,
662 3945 719 3998 et
774 3942 1215 4014 sapientissimo
1235 3943 1465 4016 judicio
1500 3945 1630 4012 feci,
1676 3963 1792 4002 non
1825 3951 1954 4002 tan-

305 4033 434 4085 tum
467 4030 602 4086 huic
626 4047 843 4103 magnas
874 4031 1179 4089 adhaerens
1201 4050 1485 4105 personis,
1521 4036 1623 4091 sed
1678 4040 1735 4092 et
1762 4035 1953 4108 ipsius

308 4119 471 4174 bona:
495 4119 676 4176 indoli
708 4122 1050 4195 ceterisque
1096 4123 1357 4188 dotibus,
1390 4141 1514 4194 quae
1547 4124 1713 4180 illum
1761 4125 1954 4182 virum

299 4209 532 4280 justum
567 4213 984 4282 praestiterunt.
1021 4213 1518 4269 Consuetudinem
1551 4213 1669 4272 vini
1704 4231 1820 4270 non
1847 4215 1952 4271 ha-

307 4299 483 4355 bebat
506 4299 680 4356 homo
708 4319 720 4357 :
754 4301 856 4358 sed
883 4305 1023 4357 tunc
1052 4302 1311 4374 primum
1373 4303 1443 4358 ad
1477 4302 1634 4359 hunc
1666 4303 1954 4375 liquorem

307 4405 376 4444 ex
408 4393 840 4462 uva,tanquam
864 4408 933 4446 ex
966 4393 1223 4464 quodam
1257 4393 1415 4448 fonte
1447 4391 1957 4462 salientem,velut

305 4479 377 4533 ad
410 4495 624 4549 aquam
659 4481 936 4536 accessit:
971 4487 1026 4536 et
1049 4482 1256 4537 bibens
1285 4481 1510 4550 vinum,
1545 4486 1831 4554 tanquam
1867 4483 1986 4538 in-'

307 4584 563 4623 nocuum
614 4573 840 4640 potum,
890 4570 1046 4640 quod
1093 4571 1296 4626 vinum
1358 4574 1562 4626 natum
1613 4575 1703 4626 est
1750 4571 1955 4642 facere,

307 4661 583 4728 expertus
640 4663 748 4714 est.
799 4663 919 4714 Hoc
975 4663 1168 4714 autem
1193 4675 1327 4715 cum
1352 4675 1456 4730 per
1479 4659 1862 4731 (ssophagum
1897 4659 1957 4715 in

308 4763 586 4802 mensura
615 4748 939 4816 descendit,
973 4747 1145 4820 plane
1183 4746 1422 4818 quidem
1458 4747 1648 4802 cordis
1689 4747 1954 4806 laetitiam

307 4835 478 4907 parit,
513 4836 912 4892 debilitantem
956 4852 1090 4890 vero
1140 4839 1431 4908 torporem
1483 4836 1774 4907 producit,
1823 4854 1956 4893 cum

307 4931 622 4999 postquam
671 4932 833 4983 extra
880 4942 1222 4982 mensuram
1277 4925 1602 4997 descendit,
1634 4927 1958 5000 exindeque

309 5033 516 5074 rursus
539 5011 820 5083 ascendit,
855 5020 1141 5086 occupata
1171 5013 1430 5070 hominis
1479 5031 1629 5083 arce,
1655 5016 1958 5088 tyrannice

308 5113 534 5180 regnat.
562 5107 763 5179 Itaque
795 5107 982 5162 factus
1005 5111 1095 5162 est
1125 5105 1324 5161 ebrius
1355 5105 1532 5162 homo
1566 5106 1648 5162 sic
1681 5106 1861 5164 semel
1891 5125 1960 5164 ex

306 5197 440 5254 vino
465 5215 672 5269 sopore
720 5196 1112 5269 captus;sed,
1167 5195 1303 5252 licet
1349 5194 1676 5252 inebriatus
1722 5196 1819 5265 sit,
1863 5214 1958 5253 co-

309 5305 558 5358 gnomen
592 5303 658 5343 ex
690 5287 968 5343 ebrietate
994 5285 1360 5359 proveniens,
1421 5301 1539 5341 non
1590 5284 1704 5357 ipsi
1759 5290 1958 5344 tamen

311 5377 576 5433 adhaesit.
611 5378 702 5434 Sic
735 5393 765 5434 e
795 5375 1088 5433 contrario
1148 5373 1250 5446 qui
1298 5375 1481 5430 semel
1542 5373 1765 5446 aliquid
1815 5393 1960 5448 pru-

312 5465 516 5522 denter
543 5466 696 5538 fecit,
727 5484 843 5524 non
891 5465 1221 5523 secundum
1273 5463 1604 5534 scientiam,
1649 5461 1751 5521 sed
1791 5481 1961 5537 pror-

314 5570 417 5611 sus
439 5554 679 5626 invitus,
713 5573 818 5612 nec
849 5557 1110 5628 prudens
1142 5570 1176 5610 a
1222 5556 1377 5608 recte
1411 5552 1826 5624 judicantibus
1873 5554 1962 5609 di-

317 5642 714 5714 citur;neque
735 5648 911 5713 certe,
931 5644 1033 5717 qui
1064 5641 1247 5700 semel
1299 5639 1616 5714 aliquando
1663 5655 1769 5714 per
1811 5641 1961 5698 acci-

318 5730 464 5789 dens
494 5732 718 5805 aliquid
744 5732 902 5789 ausit
926 5731 1115 5801 virile,
1141 5729 1254 5788 viri
1281 5729 1449 5788 fortis
1478 5745 1693 5788 nomen
1717 5729 1964 5807 accepit,

2053 3387 2436 3461 κατηραμένου
2465 3384 2868 3463 κατεψηφίσατο
2899 3385 2984 3440 καὶ
3019 3382 3202 3446 αὐτός.

2125 3493 2227 3555 κθ’.
2283 3491 2352 3549 Τί
2384 3489 2528 3547 οὕτω
2574 3491 2796 3564 κρίνεις,
2852 3493 2898 3546 ὦ
2939 3491 3139 3566 Κύριε;
3195 3491 3436 3568 Ἀφῆκας
3481 3486 3711 3544 κολάσαι

2055 3581 2146 3635 τὸν
2179 3583 2470 3654 μεθυστήν.
2503 3581 2606 3637 Καὶ
2639 3581 2702 3635 οὐ
2739 3579 2904 3654 μόνον
2934 3579 3084 3634 αὐτό·
3134 3576 3282 3634 ἀλλά
3326 3579 3414 3632 καὶ
3470 3575 3709 3652 πλρροῖς

2059 3669 2269 3726 ἐκείνου
2301 3669 2608 3742 θελήματα,
2657 3669 2748 3724 καὶ
2798 3668 3044 3746 εὐλογεῖς
3091 3669 3209 3742 μὲν,
3261 3665 3353 3729 οὕς
3384 3666 3446 3720 ’ἀν
3505 3665 3712 3728 ἐκεῖνος

2059 3758 2282 3836 εὐλογῇ⁸
2314 3761 2642 3835 καταρᾶσθαι
2675 3755 2732 3813 δέ
2776 3757 2978 3835 κρίνεις
3029 3757 3120 3813 τὸν
3173 3756 3426 3826 ἐλεεινὸν,
3467 3756 3514 3828 ᾧ
3571 3754 3711 3810 ἐκεῖ-

2057 3870 2152 3913 τος
2181 3848 2436 3925 ἐπέρῥιψε
2463 3849 2561 3917 τὴν
2593 3848 2749 3925 ἀράν.
2784 3871 2813 3901 (ι
2846 3846 2968 3916 Ναὶ,
3002 3871 3031 3900 ››
3065 3846 3219 3924 φησὶ,
3275 3869 3304 3899 ‹‹
3357 3845 3447 3900 καὶ
3479 3844 3715 3915 ἐποίησα

2062 3937 2226 4011 οὕτω,
2257 3936 2347 3992 καὶ
2380 3938 2668 4016 σοφωτάτῃ
2699 3937 2874 4013 κρίσει
2906 3935 3159 4007 ἐποίησα,
3191 3935 3256 3991 οὐ
3319 3935 3484 4009 μόνον
3543 3953 3716 4009 προσ-

2063 4028 2316 4105 εσχηκὼς
2372 4027 2654 4102 προσώπῳ
2712 4025 2899 4100 ἐκείνῳ
2960 4023 3180 4100 μεγάλῳ
3211 4070 3226 4097 ,
3305 4021 3450 4080 ἀλλὰ
3500 4022 3591 4078 καὶ
3641 4026 3713 4096 τῇ

2061 4118 2179 4172 κατ’
2229 4115 2390 4172 αὐτὸν
2447 4115 2621 4192 ἀγαθῇ
2679 4115 2935 4187 ποιότητι
2984 4114 3075 4169 καὶ
3138 4119 3258 4178 τοῖς
3313 4110 3558 4181 λοιποῖς,
3616 4111 3719 4167 ὅσα

2065 4207 2265 4262 ἐκεῖνον
2313 4206 2406 4261 τὸν
2453 4203 2661 4261 δίκαιον
2702 4203 2868 4280 ἄνδρα
2896 4204 3274 4280 περιέστησαν.
3337 4201 3447 4258 Οὐκ
3475 4203 3540 4271 ἦν
3593 4200 3716 4265 ἐθὰς

2067 4295 2215 4351 οἴνου
2273 4297 2301 4351 6
2359 4293 2664 4370 ἄνθρωπος·
2723 4293 2868 4350 ἀλλά
2923 4293 3046 4348 τότε
3098 4292 3334 4370 πρώτως
3394 4287 3718 4347 έκϐλύσαντι

2064 4389 2144 4457 τῷ
2177 4385 2324 4460 ὑγρῷ
2373 4383 2572 4456 τούτῳ,
2632 4383 2732 4437 ’ὀσα
2783 4381 2873 4437 καί
2922 4403 3072 4444 τινος
3128 4387 3331 4455 πηγῆς,
3373 4387 3473 4450 τῆς
3525 4401 3722 4458 σταφυ-

2068 4471 2198 4542 λῆς,
2253 4472 2604 4547 προσηνέχθη
2661 4471 2799 4526 καθά
2851 4471 2941 4526 καὶ
2999 4468 3172 4525 ὅδατι·
3222 4469 3312 4525 καὶ
3361 4468 3574 4543 ἐμπιὼν
3621 4472 3720 4523 τοῦ

2069 4560 2243 4629 οἷ’νου,
2273 4557 2365 4615 ἅτε
2393 4559 2664 4638 νηφαλίου
2695 4559 2961 4634 πόματος,
2993 4557 3210 4626 ἔπαθεν,
3244 4558 3376 4634 ὅπερ
3408 4559 3552 4621 οἶνος
3604 4554 3722 4613 οἶδε

1985 4639 2033 4704 D
2063 4654 2264 4707 ποιεῖν.
2298 4654 2452 4704 Ποιεῖ
2482 4645 2540 4703 δέ
2587 4648 2804 4711 πάντως
2845 4647 3047 4710 ἐκεῖνος
3103 4644 3323 4723 καρδίας
3387 4648 3482 4721 μὲν
3529 4647 3724 4726 εὐφρο-

2069 4738 2256 4810 σύνην,
2308 4737 2397 4794 ὅτε
2437 4736 2497 4793 ἂν
2546 4733 2817 4808 καταϐαίη
2868 4735 2956 4792 διὰ
2996 4741 3094 4792 τοῦ
3143 4736 3443 4814 οἷσοφάγου
3502 4735 3722 4810 σύμμε-

2066 4847 2215 4904 τρος’
2275 4829 2440 4904 κάρον
2507 4825 2565 4883 δὲ
2629 4827 3020 4902 παραλυτικὸν,
3081 4826 3170 4882 ὅτε
3223 4821 3460 4887 καταϐὰς
3521 4825 3720 4902 μέτρου

2065 4918 2256 4995 πέραν,
2317 4917 2430 4973 εἶτα
2488 4914 2711 4987 ἀναϐὰς,
2760 4918 3101 4994 τυραννήσει,
3160 4915 3448 4990 κατασχὼν
3506 4918 3608 4987 την
3670 4915 3721 4972 ἐν

2067 5008 2340 5084 ἀνθρώπῳ
2384 5005 2708 5083 ἀκρόπολιν.
2769 5003 2978 5064 Οὔκουν
3047 5005 3316 5080 μεθυστής
3360 5002 3646 5082 ἄνθρωπος
3689 5007 3716 5061 6

2069 5099 2243 5161 οὑτως
2303 5097 2440 5169 ἅπαξ
2493 5096 2752 5159 ἑαλωκὼς
2811 5100 2879 5170 τῇ
2933 5094 2982 5168 ἐξ
3015 5093 3166 5150 oi'vou
3225 5100 3526 5172 καταφορᾷ⁹
3591 5093 3716 5149 ἀλλ’

2069 5187 2340 5264 ἐμεθύσθη
2398 5188 2516 5261 μὲν,
2575 5187 2678 5242 οὐκ
2729 5185 2996 5241 ἐνεκάθισε
3045 5182 3103 5240 δὲ
3158 5183 3307 5258 αὐτῷ
3359 5184 3628 5241 ἐντακεῖσα
3672 5181 3708 5250 ἡ

2070 5278 2130 5335 ἐκ
2190 5277 2359 5352 μέθης
2408 5275 2692 5350 ὀνομασία.
2754 5272 2941 5337 Οὕτως
2989 5272 3050 5330 ἐκ
3096 5278 3194 5329 τοῦ
3235 5273 3476 5330 ἐναντίου
3502 5268 3624 5327 οὐδὲ
3683 5271 3712 5325 6

2070 5368 2291 5440 εἷσάπαξ
2360 5365 2626 5445 φρόνιμόν
2676 5386 2728 5420 τι
2779 5367 3014 5436 ποιήσας
3069 5365 3144 5439 μὴ
3196 5366 3332 5419 κατὰ
3377 5361 3706 5434 ἐπιστήμην,

2072 5456 2197 5511 ἀλλ’
2229 5455 2304 5519 εἷς
2331 5456 2395 5512 τὸ
2433 5459 2536 5511 πᾶν
2587 5451 2754 5528 ὂίκων,
2805 5453 3072 5534 φρόνιμος
3124 5458 3242 5517 τοῖς
3291 5452 3420 5528 ὀρθά
3469 5449 3723 5525 κρίνουσι

2073 5545 2309 5621 λέγεται*
2361 5543 2488 5602 οὐδὶ
2535 5546 2641 5621 μὴν
2693 5545 2722 5601 6
2762 5545 2816 5610 ἐς
2867 5543 2990 5619 μίαν
3039 5543 3168 5600 ποιὶ
3214 5540 3464 5619 ἀνδρικόν
3493 5560 3548 5596 τι
3578 5538 3722 5596 τολ-

2077 5636 2252 5710 μήσας
2297 5637 2433 5692 κατά
2479 5656 2534 5692 τι
2584 5633 2892 5713 παραπεσὸν
2943 5633 3043 5704 τὴν
3092 5637 3188 5689 τοῦ
3227 5630 3476 5711 ἀνδρείον
3523 5627 3725 5702 κλῆσιν

2072 5725 2430 5802 ἀπηνέγκατο.
2501 5725 2606 5790 Καὶ
2672 5722 2869 5800 δικαίῳ
2935 5719 2995 5780 δὲ
3041 5721 3230 5803 φάκτῳ
3282 5717 3543 5795 ἐπιϐαλεῖ
3596 5740 3729 5779 ποτε
