4082 6386
367 405 487 464 605

1389 398 1468 458 IN
1515 399 1581 461 S.
1629 397 2308 469 QUADRAGESIMAM
2352 397 2645 461 ORATIO
2687 397 2765 460 Il.

3669 390 3790 452 606

364 531 457 586 καὶ
490 531 517 583 6
570 527 788 584 πάντων
838 525 1218 595 έκδικώτατος,
1267 525 1314 580 εί
1371 524 1513 580 οὕτω
1553 525 1740 602 τύχοι.
1783 523 2018 581 Ἔστιδέ

2140 527 2312 600 Operi
2334 545 2468 585 vero
2491 529 2677 600 justo,
2711 528 2760 585 si
2791 544 2963 584 easus
3002 525 3276 594 occurrit,
3307 523 3485 580 etiam
3517 521 3785 579 omnium

365 621 455 675 καὶ
488 615 656 672 παλιν
703 614 914 687 ἄδικος,
950 616 999 671 εἴ
1049 615 1183 689 μετὰ
1227 614 1290 669 τὸ
1340 614 1397 682 Ῐέν
1443 614 1614 670 έκεῖνο
1663 621 1779 677 τοῖς
1831 616 2026 690 προτέ-

370 730 485 785 ροις
529 706 804 780 ἐπιμένειν
866 705 1302 781 ἀπισχυρίζεται.
1349 705 1452 761 Καὶ
1507 705 1534 758 ὁ
1587 703 1718 777 ἐμὸς
1767 702 1834 774 δὴ
1868 705 2026 766 οὗτος

364 800 494 856 Νῶε
542 798 644 866 τήν
695 795 875 871 ἀρχὴν
931 800 1010 867 τῷ
1053 791 1183 867 oi’vq)
1232 791 1551 858 διασεισθεὶς
1596 795 1686 848 καὶ
1733 794 2028 870 ταραχθεὶς

377 887 568 961 μικρὸν
622 884 770 953 ὅσον,
844 883 935 940 καὶ
1011 881 1302 960 ἀνέσφηλε,
1378 883 1470 938 καὶ
1527 882 1878 948 κατασταθεὶς
1955 885 2029 946 ὡς

371 977 544 1052 πέτρα
615 973 830 1050 στερῥὰ,
913 972 1091 1028 οὐκέτι
1167 971 1426 1048 ἐτινάχθη
1505 970 1632 1028 οὐδὲ
1689 973 1975 1028 κατέπεσεν
2011 990 2022 1003 ·

374 1062 499 1120 οόδὶ
550 1063 995 1138 κατεκαυχήσατο
1071 1061 1233 1117 αὐτοῦ
1302 1063 1330 1117 6
1387 1062 1525 1138 πρὸς
1583 1064 1726 1137 ὥραν
1778 1059 2026 1136 ἀνδρικὸς

372 1152 572 1215 ἐκεῖνος
625 1155 772 1216 οἶνος
807 1170 819 1183 ·
882 1150 1028 1207 ἀλλᾶ
1081 1151 1364 1224 θραυσθεὶς
1405 1150 1640 1228 ἐναρέτῳ
1698 1151 2027 1226 συμμετρίᾳ,

371 1242 470 1298 οὐκ
524 1241 599 1304 εἰς
655 1238 904 1316 δεύτερον
977 1238 1305 1304 Βλαπτικῶς
1379 1239 1526 1313 αὐτῷ
1596 1240 1822 1312 ἀνεφύη,
1881 1237 2028 1295 ἀλλά

369 1328 724 1399 συπκτικῶς,
775 1331 850 1393 ὡς
909 1331 945 1400 ἡ
997 1328 1162 1385 αὐτοῦ
1219 1329 1376 1408 φύσις
1425 1328 1485 1384 ἐκ
1529 1331 1755 1407 πρώτης
1799 1324 2029 1385 καταϐο-

384 1418 492 1490 λῆς
520 1418 868 1476 κελευσθεῖσα
938 1420 1209 1474 τέτακται.
1262 1420 1354 1474 Διὸ
1398 1417 1521 1474 οὔτε
1552 1419 1626 1484 εἰς
1653 1419 1882 1494 μέθυσον
1914 1418 2022 1474 ἑνε-

365 1511 578 1588 γράφη,
606 1510 694 1564 καὶ
727 1511 828 1579 τὴν
879 1508 1296 1582 ἐμπνευσθεῖσαν
1349 1506 1407 1563 δὲ
1461 1507 1658 1564 ἄνωθεν
1707 1509 1855 1581 αὐτῷ
1886 1529 2026 1584 προ-

369 1599 594 1675 φητείαν
647 1597 902 1676 ἐφύλαξεν
947 1594 1052 1661 ἕως
1103 1598 1192 1653 καὶ
1250 1598 1327 1661 είς
1373 1598 1551 1669 τέλος,
1585 1597 1675 1654 καὶ
1723 1605 1841 1662 τοῖς
1870 1598 2026 1674 ἰμοῖς

369 1687 744 1764 προπάτορσιν
775 1687 1148 1764 ἐγγέγραπται.
1174 1711 1203 1740 ››

443 1776 516 1835 λ’.
547 1778 758 1854 Ὁρᾶτε,
789 1777 835 1832 ὧ
859 1773 1112 1852 ἀδελφοὶ,
1167 1773 1316 1841 ὅπως
1369 1777 1531 1840 αὐτὸς
1581 1779 1609 1833 6
1640 1779 1791 1846 Θεὸς,
1825 1779 1853 1833 6
1889 1779 2021 1853 ὑπὲρ

2134 616 2568 688 lnjustissimus
2589 635 2831 674 manum
2856 615 3319 673 admovebit.Est
3350 619 3542 671 autem
3576 613 3787 669 iterum

2138 707 2399 779 iniquus,
2433 709 2482 764 si
2515 714 2646 781 post
2673 708 2820 764 illud
2855 724 3040 763 unum
3087 707 3329 774 factum,
3365 704 3661 775 prioribus
3693 703 3788 758 in-

2137 797 2356 853 haerere
2386 799 2710 854 continuat.
2746 803 2811 852 Et
2839 801 2995 853 certe
3041 812 3209 851 meus
3241 795 3339 850 ille
3369 793 3486 849 Noe
3516 791 3790 864 aliquan-

2136 884 2328 941 tulum
2360 886 2420 942 in
2451 888 2738 959 principio
2770 887 2904 942 vino
2961 901 3284 942 concussus
3317 899 3383 939 ac
3431 881 3728 948 turbatus,
3756 897 3790 936 a

2136 974 2308 1046 lapsu
2340 977 2678 1042 resurrexit,
2712 983 2769 1033 et
2827 977 2981 1032 sicut
3011 975 3201 1032 solida
3254 977 3420 1045 petra
3466 969 3786 1038 stabilitus,

2136 1081 2252 1120 non
2285 1064 2542 1136 amplius
2571 1066 2868 1122 vacillavit
2889 1083 3078 1137 neque
3108 1064 3339 1131 cecidit,
3372 1078 3476 1118 nec
3501 1061 3788 1117 adversus

2136 1171 2272 1210 eum
2298 1154 2486 1227 gloria
2506 1161 2632 1211 tum
2655 1161 2744 1212 est
2766 1155 2908 1210 illud
2935 1157 3006 1211 ad
3037 1155 3240 1210 horam
3265 1150 3432 1210 virile
3452 1148 3785 1219 vinum,sed

2136 1244 2593 1300 commendabili
2626 1261 2903 1300 mensura
2930 1244 3368 1310 devictum,non
3395 1239 3653 1297 secundo
3677 1238 3787 1294 fuit

2135 1334 2207 1389 ad
2241 1332 2494 1404 lapsum,
2527 1335 2630 1389 sed
2660 1335 2730 1388 ad
2762 1332 3252 1403 sustentaculum,
3285 1332 3437 1387 sicut
3456 1328 3644 1401 ipsius
3677 1343 3784 1382 na-

2133 1427 2268 1478 tura
2295 1423 2465 1492 juxta
2496 1423 2749 1494 primam
2781 1421 3066 1494 originem
3100 1422 3274 1490 jussa
3320 1419 3639 1474 constituta
3673 1418 3780 1471 est.

2134 1509 2267 1565 Ideo
2298 1525 2414 1564 non
2444 1509 2596 1564 inter
2616 1509 2810 1565 ebrios
2833 1508 3153 1580 inscriptus
3183 1507 3402 1573 est,sed
3431 1503 3780 1575 inspiratum

2133 1598 2185 1655 ei
2216 1599 2471 1670 desuper
2500 1598 2816 1670 pr0phetiaa
2864 1599 3085 1653 donum
3127 1594 3458 1666 custodivit,
3492 1609 3679 1664 usque
3709 1591 3782 1647 ad

2131 1688 2332 1758 ﬁnem,
2364 1705 2432 1745 ac
2463 1689 2611 1745 meis
2641 1705 2776 1744 cum
2809 1688 2932 1744 avis
2963 1691 3386 1744 annumeratus
3415 1687 3522 1740 est.
3554 1703 3583 1734 »

365 1867 572 1929 πάντας
627 1867 846 1941 κριτὴς,
903 1867 986 1921 δτι
1033 1867 1123 1922 καὶ
1187 1865 1466 1943 ὑπέρθεος,
1523 1866 1717 1942 κρίνει,
1771 1867 1860 1922 καὶ
1911 1865 2018 1923 δια-

2202 1869 2289 1923 30.
2350 1867 2599 1937 Videtis,
2653 1869 2886 1936 fratres,
2945 1866 3238 1939 quomodo
3297 1864 3451 1920 Deus
3502 1860 3649 1964 ipse,
3682 1857 3782 1931 qui

363 1956 557 2033 κρίνει,
607 1956 696 2011 καὶ
759 1954 902 2010 οὕτω
963 1953 1328 2032 διαγινώσκει,
1389 1955 1451 2011 ού
1502 1958 1637 2032 πρὸς
1695 1957 2020 2030 ἀποτομίαν,

362 2043 512 2101 ἀλλά
543 2044 956 2124 φιλανθρωπίαν
989 2044 1041 2116 ἐξ
1089 2045 1306 2120 ἀγάπης
1347 2045 1582 2108 πάντως.
1616 2045 1686 2104 Τί
1717 2043 1785 2116 δὴ
1815 2046 1906 2102 οῦν
1944 2049 2019 2120 μὴ

361 2135 452 2190 καὶ
481 2137 672 2208 ἡμεῖς,
705 2133 784 2197 εἰς
832 2133 958 2190 ὅσον
1009 2133 1249 2213 ἐφικτὸν,
1291 2134 1690 2209 έξομοιούμεθα
1742 2140 1821 2208 τῷ
1847 2136 2025 2192 τοιού-

363 2246 446 2298 τῳ
498 2227 683 2299 κριτῇ,
743 2221 890 2279 ἀλλά
945 2225 1081 2300 πρὸς
1137 2223 1393 2295 ἀπήνειαν
1448 2225 1538 2280 καὶ
1586 2221 1878 2298 δικάζομεν
1931 2225 2023 2280 καὶ

370 2314 799 2390 ἀποφαινόμεθα,
857 2313 945 2368 καὶ
1003 2313 1073 2368 τὰ
1127 2311 1325 2382 πλείω,
1388 2312 1470 2388 ἱφ⁹
1525 2315 1607 2376 οἷς
1661 2310 1785 2369 οὔτε
1829 2313 2022 2392 πρέπει

370 2402 494 2458 οὕτε
548 2400 735 2466 ἄλλως
791 2403 928 2479 χρὴ,
987 2403 1251 2475 πταίομεν
1306 2401 1579 2466 πολλάκις
1624 2428 1640 2473 ;
1699 2401 1876 2460 Ἀλλά
1937 2424 2022 2467 τις

369 2491 680 2564 περίστασις
735 2491 1056 2566 παρίσταται
1109 2493 1387 2564 βοηθοῦσα
1436 2493 1600 2565 ἡμῖν,
1650 2490 1725 2555 εἷς
1776 2493 1841 2563 ἣν
1885 2491 2020 2547 ἀπο-

369 2575 591 2637 ϐλέπων
625 2582 654 2636 6
683 2580 882 2656 κρίνων
935 2577 1153 2636 δύναται
1213 2583 1289 2654 μὴ
1339 2581 1700 2659 καταφάσκειν
1751 2578 1898 2637 δεινά
1925 2586 2021 2637 τοῦ

367 2667 632 2749 ἀδελφοῦ,
696 2668 837 2743 μηδὲ
893 2668 1214 2746 ἀπηλεγέως
1272 2669 1437 2725 αὐτοῦ
1491 2671 1907 2749 καταφέρεσθαι.
1956 2669 2022 2728 Τί

369 2759 470 2814 οὐκ
521 2758 899 2832 ένθυμούμεθα
956 2759 1009 2814 οἱ
1059 2757 1232 2832 μάτην
1299 2759 1437 2814 κατὰ
1479 2763 1587 2814 τῶν
1639 2759 1891 2815 ἀναιτίων
1925 2780 2021 2815 πε-

369 2843 788 2923 τροϐολοῦντες,
833 2847 923 2903 καὶ
969 2847 1098 2912 τοὺς
1148 2848 1362 2913 ἀθώους
1409 2846 1743 2919 λιθάζοντες,
1776 2849 1867 2905 τὸν
1900 2848 2022 2928 φιλ·

371 2935 785 3012 ανθρωπότατον
841 2935 1042 2992 ἐκεῖνον
1095 2934 1255 3011 λόγον
1306 2941 1402 2992 τοῦ
1446 2937 1694 3000 εἰπόντος
1729 2957 1742 2972 ο
1777 2963 1804 2990 ί(
1836 2942 2022 3002 ’Όστις

371 3025 482 3102 οὐχ
511 3024 744 3102 ἥμαρτε,
780 3022 990 3101 βαλέτω
1040 3024 1192 3091 λίθον
1241 3023 1330 3081 ἐπὶ
1381 3026 1446 3081 τὸ
1496 3027 1818 3101 ἡμαρτηκὸς
1847 3026 2019 3102 πρόσ-

368 3131 560 3184 ωπον;
594 3137 625 3166 ››
675 3112 898 3171 Μᾶλλον
952 3115 1046 3188 μὲν
1099 3116 1189 3170 οὗν
1237 3113 1290 3170 τί
1345 3115 1472 3178 τοὺς
1535 3114 1704 3190 μηδὲν
1758 3113 2022 3190 μηδόλως

365 3205 504 3276 ἡμῖν
555 3200 1022 3280 ἐξαμαρτάνοντας
1071 3203 1330 3279 ἐθέλομεν
1377 3205 1781 3280 καταχωννύειν
1816 3205 2015 3276 λίθοις,

2134 1975 2312 2030 super
2361 1975 2566 2014 omnes
2591 1960 2775 2029 judex
2832 1963 2939 2025 est,
2974 1957 3114 2028 quia
3163 1970 3341 2027 super
3375 1951 3574 2008 omnia
3603 1950 3781 2018 Deus,

2125 2047 2356 2118 judicet
2387 2090 2401 2115 ,
2433 2053 2491 2103 et
2520 2048 2802 2114 dicernat,
2833 2051 2891 2104 et
2940 2047 3021 2101 ita
3051 2045 3220 2117 plene
3277 2044 3614 2116 cognoscat,
3664 2055 3782 2094 non

2133 2137 2207 2192 ad
2239 2137 2538 2205 duritiem,
2563 2137 2664 2192 sed
2695 2153 2763 2192 ex
2806 2135 3090 2192 charitate
3121 2149 3362 2208 prorsus
3408 2132 3474 2188 ad
3505 2126 3782 2184 humani-

2133 2230 2336 2281 tatem.
2369 2227 2484 2282 Cur
2507 2225 2690 2298 igitur
2718 2230 2775 2281 et
2795 2229 3220 2296 nos,quantum
3251 2226 3340 2279 est
3360 2216 3783 2293 possibile,non

2131 2315 2473 2388 elﬁngimur
2500 2315 2603 2370 tali
2625 2314 2813 2386 judici
2846 2313 3094 2383 similes,
3127 2313 3227 2368 sed
3269 2311 3341 2367 ad
3375 2306 3782 2365 crudelitatem

2131 2410 2189 2462 et
2209 2404 2550 2476 judicamus
2581 2409 2638 2460 et
2661 2420 3039 2477 apparemus,
3071 2407 3128 2458 et
3165 2401 3533 2474 plerumque,
3565 2397 3624 2451 in
3655 2410 3780 2466 qua

2132 2511 2238 2550 nec
2270 2495 2434 2550 decet
2463 2510 2568 2550 nec
2601 2511 2842 2566 prorsus
2874 2497 3118 2564 oportet,
3151 2507 3304 2562 saepe
3347 2485 3734 2560 impingimus
3754 2481 3783 2538 ?

2129 2586 2400 2640 Attamen
2434 2584 2699 2655 quaedam
2752 2583 2923 2638 nobis
2954 2580 3246 2638 auxilians
3303 2582 3515 2650 praesto
3547 2579 3637 2632 est
3667 2572 3777 2629 cir-

2131 2673 2509 2740 cumstantia,
2540 2673 2611 2729 ad
2641 2689 2816 2744 quam
2841 2672 3076 2727 intuens
3098 2669 3198 2742 qui
3221 2667 3451 2741 judicat
3481 2682 3594 2721 non
3626 2663 3794 2718 valet

2131 2762 2279 2817 dura
2331 2760 2492 2832 loqui
2550 2769 2751 2817 contra
2781 2761 3020 2816 fratrem
3071 2775 3260 2830 neque
3299 2773 3445 2813 saeve
3497 2756 3780 2812 adversus

2131 2866 2264 2906 eum
2300 2851 2458 2906 ferri.
2503 2850 2620 2906 Cur
2649 2867 2765 2905 non
2797 2850 2855 2905 in
2889 2853 3084 2905 mente
3140 2846 3512 2914 revolvimus,
3542 2861 3648 2899 nos
3677 2842 3778 2914 qui

2129 2940 2350 2995 frustra
2378 2943 2581 2996 contra
2628 2940 2892 2996 insontes
2921 2938 3178 3010 lapidem
3212 2935 3492 3008 jacimus,
3524 2937 3582 2990 et
3610 2932 3781 2988 inno-

2130 3033 2329 3084 centes
2357 3028 2713 3100 lapidamus,
2761 3026 3292 3084 clementissimum
3342 3022 3486 3078 illud
3532 3023 3778 3077 verbum

2131 3116 2416 3174 dicentis:
2452 3141 2480 3168 ‹‹
2513 3118 2618 3181 Qui
2665 3118 2793 3173 sine
2838 3123 3075 3190 peccato
3124 3119 3214 3172 est
3261 3119 3522 3170 vestrum
3555 3113 3782 3184 primus

2130 3206 2189 3262 in
2221 3205 2384 3262 illam
2417 3205 2674 3279 lapidem
2698 3208 2895 3262 mittat
2915 3206 2980 3261 6P
3012 3228 3040 3256 ››
3061 3204 3166 3260 Vel
3197 3203 3394 3277 potius
3419 3219 3525 3258 cur
3554 3218 3654 3258 eos
3678 3201 3780 3274 qui

364 3272 487 3347 οῦτε
549 3272 884 3368 βλάπτοντες
961 3293 1202 3358 ἐκείνους
1236 3272 1246 3279 ’
1280 3291 1458 3367 οὐδὲν,
1518 3272 1685 3349 ’ἀλλὰ
1740 3272 2018 3373 στεφάνοις

2131 3272 2594 3369 haudquaquam
2613 3298 2671 3352 in
2690 3314 2796 3354 nos
2815 3272 3515 3370 peccaverunt-lapidibus
3536 3272 3782 3348 obruere

363 3378 754 3456 καλλύνοντες,
831 3379 940 3438 εἷ’τε
1011 3383 1294 3456 ὑπομονῆς
1368 3379 1564 3453 ἕνεκεν,
1625 3383 1733 3439 εἷ’τε
1787 3386 1877 3438 καὶ
1936 3383 2018 3439 ὅτι

362 3491 638 3546 πασχουσι
696 3473 788 3527 καὶ
847 3469 1189 3546 ὀνειδισμοὺς
1235 3473 1324 3527 καὶ
1376 3474 1444 3528 τὰ
1511 3469 1677 3542 ἄλλα,
1714 3469 1784 3527 δι’
1813 3474 1885 3529 ὧν
1912 3495 2020 3547 μα-

361 3559 634 3636 καρίζεται
685 3561 832 3635 παρὰ
882 3566 998 3624 τοῖς
1043 3562 1214 3637 ἱεροῖς
1254 3561 1608 3640 Εὑαγγελίοις
1637 3566 1887 3626 τοιοῦτος
1928 3565 2019 3619 ἄν·

363 3649 578 3724 θρωπος
611 3669 626 3719 ;

433 3736 537 3795 λα’.
599 3734 970 3812 Ἐμϐαθύνατε
1017 3740 1070 3795 οὶ
1128 3737 1217 3795 διὰ
1264 3737 1363 3794 τοῦ
1412 3740 1814 3818 ἱερογρωφικοῦ
1856 3738 2020 3795 πελά-

361 3847 492 3902 γους
524 3827 793 3905 έντέχνως
844 3829 1170 3906 νηχόμενοι,
1225 3831 1316 3884 καὶ
1348 3827 1607 3905 δράξασθε
1640 3827 2018 3906 διορατικώτε-

363 3936 455 3992 ρον
511 3919 611 3986 τῆς
687 3916 892 3983 έννοίας
963 3923 1062 3973 τοῦ
1146 3917 1507 3996 εὖαγγελικοῦ
1567 3918 1812 3994 ῥήματος
1869 3917 1967 3974 τοῦ
2000 3937 2014 3952 ⁸

360 4029 388 4058 (ί
421 4008 605 4069 Ὅστις
654 4007 766 4082 οὐχ
811 4006 1047 4083 ἥμαρτε,
1102 4004 1319 4082 βαλέτω
1359 4006 1512 4070 λίθον
1546 4005 1634 4062 ἐπὶ
1665 4007 1726 4063 τὸ
1757 4008 2015 4084 ἁμαρτω-

360 4091 456 4150 λὸν
487 4095 800 4172 πρόσωπον.
836 4091 877 4149 »‘
913 4098 1231 4172 Μυστήριον
1284 4096 1346 4151 τὸ
1394 4102 1624 4171 πρᾶγμα
1649 4094 2013 4167 ἐκπληκτικὸν

359 4181 604 4259 ἀληθῶς,
653 4185 743 4240 καὶ
803 4185 902 4241 οὐκ
952 4184 1093 4242 ἔστιν
1152 4184 1470 4256 ἓξισωθῆναι
1519 4183 1786 4261 διάκρισιν
1833 4183 2012 4255 ἄλλην

355 4274 494 4348 πρὸς
564 4275 666 4344 τὴν
737 4273 963 4332 ἒνταῦθα
1037 4275 1508 4351 προφαινομένην.
1582 4273 1683 4330 Καὶ
1764 4273 2012 4338 εἰκότως.

355 4363 486 4427 Θεός
537 4385 598 4420 τε
650 4365 754 4442 γὰρ
818 4366 951 4442 ὑπὲρ
1000 4363 1208 4421 ἅπαντα
1262 4365 1352 4420 καὶ
1403 4368 1528 4420 νοῦν
1569 4363 1658 4419 καὶ
1697 4366 2010 4442 πράγματα,

352 4454 440 4508 καὶ
473 4457 608 4509 Θεοῦ
658 4451 926 4532 διάκρισις
981 4455 1115 4531 ὑπὲρ
1175 4451 1402 4511 ἅπασαν.
1469 4450 1722 4524 Ἐδέζατο
1769 4451 1857 4509 ἔπὶ
1915 4457 2014 4510 τοῦ

357 4542 517 4615 ὤμου
561 4543 828 4621 ἁμαρτίαν
881 4545 1152 4600 κάνταῦθα
1201 4545 1228 4601 6
1268 4543 1435 4623 αἶ’ρων
1479 4545 1574 4607 τὰς
1620 4543 1886 4621 ἁμαρτίας
1915 4541 2012 4600 τοῦ

2128 3387 2423 3455 volumus,
2457 3386 2605 3442 nihil
2659 3387 2820 3459 ipsos
2870 3387 3168 3456 laedentes,
3203 3385 3303 3440 sed
3351 3381 3582 3438 coronis
3614 3397 3778 3437 exor-

2129 3480 2360 3545 nantes,
2420 3477 2542 3533 sive
2600 3481 2838 3549 propter
2894 3476 3262 3549 patientiam,
3320 3473 3439 3529 sive
3494 3470 3633 3544 quia
3679 3487 3782 3542 pa-

2129 3565 2361 3621 tiuntur
2390 3567 2706 3638 opprobria
2753 3571 3096 3638 ceteraque,
3130 3579 3382 3637 quorum
3427 3561 3616 3634 gratia
3643 3559 3782 3616 talis

2128 3656 2304 3713 homo
2335 3657 2557 3713 sanctis
2588 3657 2647 3714 in
2679 3656 3007 3730 Evangeliis
3039 3655 3392 3728 praedicatur
3419 3650 3676 3708 beatus?

2200 3748 2289 3802 31.
2341 3747 2534 3803 Altius
2584 3751 2908 3819 penetrate,
2957 3745 3058 3820 qui
3108 3762 3211 3818 per
3266 3739 3779 3814 hierographicum

2129 3851 2292 3892 mare
2322 3836 2506 3908 perite
2536 3836 2845 3908 navigatis,
2878 3840 2935 3891 et
2986 3835 3208 3906 aliquid
3239 3831 3526 3889 assumite
3556 3827 3782 3901 perspi-

2129 3923 2326 3980 cacius
2356 3941 2426 3981 ex
2456 3926 2635 3996 hujus
2679 3925 2995 3998 evangelici
3054 3924 3348 3981 sententia
3377 3920 3535 3978 verbi
3561 3938 3573 3977 :
3611 3941 3639 3972 «
3669 3917 3780 3985 Qui

2127 4012 2255 4069 sine
2284 4018 2520 4085 peccato
2551 4020 2641 4070 est
2670 4020 2932 4072 vestrum
2964 4013 3191 4086 primus
3235 4014 3296 4069 in
3325 4012 3490 4068 illam
3521 4009 3779 4082 lapidem

2128 4102 2345 4158 mittat.
2392 4125 2422 4154 »
2472 4103 2592 4159 Hoc
2648 4120 2783 4159 vere
2839 4103 3196 4175 stupendum
3255 4106 3346 4158 est
3404 4100 3776 4173 mysterium,

2127 4206 2232 4245 nec
2263 4207 2396 4246 cum
2428 4190 2522 4246 hic
2562 4190 2860 4247 relucente
2910 4189 3306 4261 comparanda
3361 4192 3451 4244 est
3479 4187 3595 4243 alia
3623 4185 3778 4256 diju-

2125 4277 2358 4334 dicatio.
2389 4283 2464 4336 Et
2491 4279 2648 4335 enim
2709 4279 2916 4334 merito
2947 4279 3101 4334 Deus
3158 4294 3336 4350 super
3363 4276 3582 4342 omnia,
3611 4291 3777 4330 men-

2124 4370 2243 4423 tem
2304 4386 2371 4424 ac
2430 4386 2544 4437 res,
2601 4374 2713 4438 est,
2769 4369 2989 4441 Deique
3029 4368 3324 4440 judicium
3378 4382 3556 4438 super
3603 4379 3779 4420 omne

2124 4461 2381 4530 praestat.
2419 4459 2520 4515 Hic
2550 4459 2726 4514 etiam
2755 4475 2933 4532 super
2973 4459 3288 4513 humerum
3329 4459 3645 4533 peccatum
3679 4470 3778 4510 ac-

2124 4547 2486 4619 ceperat,qui
2520 4547 2676 4603 tollit
2715 4554 2954 4620 peccata
2983 4547 3213 4612 mundi,
3262 4544 3361 4617 qui
3394 4542 3776 4617 purissimus,

351 4631 586 4705 κόσμου,
623 4633 651 4688 6
698 4633 1092 4711 ὑπερκάθαρος,
1145 4635 1173 4688 6
1225 4633 1561 4712 ὑπέρφωτος,
1586 4629 1691 4714 ,τίνα
1720 4631 1920 4708 ἕλεηθῇ
1949 4633 2012 4688 τὸ

2130 4633 2225 4707 qui
2257 4635 2658 4692 luoidissimus
2684 4640 2794 4706 est,
2828 4641 2892 4692 ut
2921 4636 3080 4692 illius
3117 4651 3376 4708 personas
3409 4651 3512 4706 pro
3543 4649 3660 4706 qua
3689 4630 3776 4686 lo-

355 4719 666 4794 ηρόσωπον,
730 4722 863 4799 ὑπὲρ
923 4721 984 4778 οῦ
1043 4720 1335 4795 ἔλάλησεν.
1387 4747 1418 4778 ‹‹
1470 4723 1533 4780 Ὁ
1586 4713 1670 4797 ’μή
1729 4723 2011 4798 ἁμαρτὼν,

356 4809 508 4884 φησὶ,
545 4807 762 4886 βαλέτω
822 4809 975 4866 λίθον
1026 4809 1110 4866 ἔπ’
1158 4810 1348 4884 αύτήν.
1384 4835 1412 4864 ››
1459 4812 1569 4867 Καὶ
1607 4811 1824 4874 πάντως
1856 4811 2010 4887 εἶχον

353 4893 412 4952 ἅν
443 4898 613 4954 εἰπεῖν
643 4900 695 4954 οἱ
745 4899 1036 4966 ἀκούοντες
1081 4901 1398 4957 αὐθέκαστοι
1444 4898 1641 4956 ἔκέῖνοι
1689 4900 1894 4977 κριταὶ,
1928 4900 2011 4956 ὅτι

352 5009 381 5039 α
412 4987 534 5042 Ἐὰν
569 4989 598 5044 6
632 4988 708 5063 μὴ
755 4989 1011 5065 ἁμαρτὼν
1061 4987 1211 5055 λίθον
1255 4985 1603 5065 ἔγκελεύηται
1662 4988 1846 5066 βαλεῖν
1875 4989 2013 5045 κατά

348 5080 446 5132 τοῦ
475 5077 821 5148 πταίσαντος,
855 5078 917 5133 σὺ
955 5078 1014 5134 δὲ
1059 5079 1134 5142 ὡς
1184 5083 1318 5135 Θεοῦ
1362 5079 1480 5142 υἱὸς
1528 5079 1910 5157 ἀναμάρτητος
1942 5079 2006 5150 εἴ,

349 5164 506 5241 ῥίψον
567 5166 632 5222 σὺ
690 5173 908 5243 πρῶτος
957 5167 1132 5238 λίθον,
1181 5170 1271 5224 καὶ
1320 5169 1578 5245 φόνευσον
1623 5170 1723 5237 τὴν
1771 5167 2010 5244 παράνο-

352 5276 474 5328 μον.
506 5281 534 5310 ››
569 5254 788 5320 Εἷδότες
810 5255 888 5327 δὶ,
923 5258 996 5321 ὡς
1026 5254 1282 5337 ἔμφράξεί
1313 5258 1500 5321 αὐτοῖς
1526 5257 1588 5313 τὸ
1622 5257 1816 5333 στόμα,
1844 5258 2010 5312 ὑπαν-

345 5347 515 5417 τήσας
545 5343 737 5402 αὒτίκα
788 5345 1026 5425 στεῤῥῶς
1079 5343 1133 5404 ἔν
1188 5351 1270 5422 τῷ
1331 5347 1499 5405 εἶπεν.
1552 5345 1636 5402 ὅτι
1697 5371 1726 5400 ‹‹
1757 5346 1855 5402 Καὶ
1889 5344 2007 5402 ἰδοὺ

347 5434 453 5513 ἐγὼ
511 5437 642 5502 Θεὸς
703 5431 777 5493 ὤν
848 5437 1254 5515 ἀναμάρτητος,
1326 5437 1428 5492 οὐκ
1494 5434 1796 5515 ἒπιῤῥίπτω
1852 5434 2008 5493 λίθον

347 5521 436 5580 ἰπὶ
478 5523 652 5605 φόνῳ,
709 5526 849 5583 καθά
897 5523 1024 5584 οὐδὶ
1073 5525 1271 5585 ὀδόντα
1325 5519 1547 5584 ἔκϐαλῶ
1599 5525 1718 5583 ἀντὶ
1767 5519 2005 5590 ὀδόντος.

420 5744 443 5781 ⁸
471 5745 643 5822 Joan,
672 5759 794 5819 νιιι,
821 5746 880 5803 7.

2125 4729 2296 4781 cutus
2326 4730 2436 4794 est,
2464 4725 2784 4782 misereret.
2810 4748 2836 4776 ‹‹
2862 4727 2967 4792 Qui
2991 4727 3117 4782 sine
3141 4729 3375 4798 peccato
3395 4728 3484 4779 est
3512 4725 3776 4778 vestrum

2123 4813 2352 4885 primus
2370 4815 2429 4870 in
2451 4815 2613 4871 illam
2637 4814 2891 4887 lapidem
2917 4816 3163 4871 mittat.»
3185 4813 3436 4870 Omnino
3459 4812 3651 4868 dicere
3673 4827 3777 4882 po-

2122 4903 2380 4959 tuissent
2408 4903 2494 4959 illi
2524 4905 2627 4976 qui
2659 4904 2976 4960 audiebant
3005 4903 3188 4960 severi
3214 4903 3441 4974 judices
3467 4919 3480 4958 :
3505 4925 3533 4952 «
3566 4900 3646 4968 Si,
3671 4899 3776 4972 qui

2122 5008 2238 5048 non
2271 4993 2551 5065 peccavit,
2601 4993 2856 5065 lapidem
2893 4995 3088 5065 jacere
3128 4993 3373 5065 jubetur
3400 4992 3460 5046 in
3506 4995 3776 5063 peccato-

2121 5098 2271 5150 rem,
2300 5085 2359 5138 et
2389 5087 2474 5154 tu,
2515 5081 2675 5138 velut
2704 5081 2807 5139 Dei
2829 5083 3033 5151 Filius,
3067 5083 3194 5139 sine
3242 5085 3479 5155 peccato
3515 5097 3575 5135 es
3599 5096 3613 5146 ;
3640 5079 3774 5148 jace

2120 5174 2183 5226 tu
2219 5171 2446 5244 primus
2478 5171 2756 5245 lapidem,
2791 5177 2850 5228 et
2892 5173 3156 5245 iniquam
3198 5171 3416 5227 occide.
3453 5192 3481 5220 »
3507 5169 3772 5225 Scientes

2119 5264 2314 5316 autem
2346 5261 2517 5317 illum
2568 5278 2633 5318 os
2682 5262 2827 5334 ipsis
2876 5262 3286 5318 obturaturum
3341 5276 3489 5326 esse,
3526 5257 3774 5314 ﬁrmiter

2119 5351 2408 5423 extemplo
2432 5352 2883 5423 respondentem
2909 5368 2921 5406 :
2943 5375 2970 5402 «
2993 5353 3077 5407 En
3097 5367 3198 5421 ego
3220 5350 3623 5421 Deus,absque
3643 5363 3774 5420 pec-

2119 5443 2268 5508 cato,
2301 5456 2415 5496 non
2440 5440 2598 5513 jacio
2647 5440 2904 5514 lapidem
2936 5441 3009 5496 ad
3065 5439 3441 5507 occisionem,
3477 5441 3770 5510 quatenus

2117 5543 2224 5587 nec
2255 5529 2492 5588 dentem
2548 5545 2689 5588 eruo
2721 5548 2824 5604 pro
2885 5531 3076 5602 dente,
3127 5545 3233 5587 nec
3289 5527 3527 5586 oculum
3559 5527 3769 5584 ell‘odio
