4082 6424
291 432 408 493 607
1062 431 1480 495 EUSTATHlI
1527 415 2297 490 THESSALONICENSIS
2345 427 2931 492 METROPOLITE
3596 440 3717 503 608

293 584 395 640 pro
420 567 612 636 oculo,
642 569 745 623 sed
798 567 970 623 modo
1002 566 1209 622 leniori
1257 566 1474 622 curabo
1507 563 1778 620 morbum
1811 563 1940 633 ejus

2073 556 2182 614 ιῦδὶ
2236 557 2519 636 ὀφθαλμὸν
2571 559 2802 638 ἰξορύξω
2861 562 2978 618 ἀντὶ
3043 563 3333 643 ὀφθαλμοῦ
3365 588 3379 603 °
3441 567 3627 637 ἄλλως
3659 571 3718 630 δὲ

292 658 393 729 qui
427 658 847 729 peecavit,quia
880 675 993 712 non
1027 657 1097 712 ad
1134 657 1403 711 umbram
1437 654 1649 710 similis
1679 671 1812 711 sum
1843 669 1942 707 vo-

2073 650 2361 724 ᾒπιώτερον
2422 649 2734 726 θεραπεύσω
2794 652 2893 722 τὴν
2969 653 3130 710 νόσον
3209 662 3308 713 τοῦ
3364 659 3714 736 πταίσαντος,

290 746 403 812 bis,
443 770 462 796 ι
501 746 812 814 siluerunt,
863 752 919 802 et
959 747 1176 817 incepti
1233 745 1465 817 pondus
1496 744 1651 800 sicut
1707 749 1763 800 et
1791 742 1943 814 lapis

2073 738 2136 793 ἔτι
2174 735 2315 811 μηδὲ
2352 743 2454 805 τῆς
2501 745 2655 803 σκιᾶς
2701 739 2807 817 ἐγώ
2857 741 2972 815 εἶμι
3021 746 3139 800 καθ’
3189 747 3350 821 ὑμᾶς,
3389 774 3410 801 ι
3463 749 3715 827 ἐσίγησαν

294 835 352 890 in
384 835 545 907 ipsos
577 837 802 892 recidit.
836 837 904 892 Et
935 853 1065 892 ecce
1107 834 1272 890 vobis
1303 833 1596 905 Evangelii
1635 833 1785 906 lapis
1817 833 1946 904 ipsa

2191 827 2255 922 vf
2301 836 2400 922 τῆς
2448 829 2764 922 ἀμηχοξῖίοξς
2819 832 2984 922 βάρος
3026 833 3126 922 ὅσα
3180 836 3270 891 καὶ
3323 835 3478 904 λίθος
3523 843 3716 922 eam

296 925 632 997 margarita,
667 942 844 997 quam
898 931 963 980 ut
991 923 1290 997 Evangelii
1347 923 1691 996 pretiosam,
1721 923 1793 979 ad
1852 921 1942 976 lu-

294 1031 460 1070 crum
493 1014 956 1086 negotiabimini.

2052 916 2135 1008 ἐπ’
2193 918 2414 1008 αὐτούς,
2475 919 2573 1008 Καὶ
2633 917 2753 1008 ἰδοὺ
2833 921 2960 994 ὑμῖν
3040 920 3197 986 λίθος
3266 925 3422 992 οὗτος
3481 916 3722 1008 Εόάγγε-

2054 1006 2208 1097 λίου,
2283 1005 2585 1097 Θαρῥῶ-δὲ
2655 1006 2815 1086 φάναι
2892 1008 3175 1086 ἀσφαλῶς,
3252 1016 3343 1071 καὶ
3411 1005 3720 1097 μάργαρος,

298 1102 414 1157 ἐπεὶ
469 1104 557 1158 καὶ
619 1102 775 1168 λίθου
833 1100 974 1166 εἶδός
1030 1123 1082 1158 τι
1137 1101 1227 1157 καὶ
1288 1101 1316 1156 ὁ
1376 1119 1691 1176 μαργαρος,
1749 1098 1807 1154 ’ὀν
1863 1098 1939 1161 ὡς
1995 1093 2349 1173 εὖαγγελικὸν
2409 1095 2790 1172 πολυτίμητον
2855 1098 2930 1162 εἰς
2988 1099 3392 1176 κερδαλεότητα
3443 1093 3720 1187 ἐμπορεύέ

299 1204 474 1257 σεσθε.

366 1304 456 1361 32.
490 1303 626 1358 Erat
658 1307 855 1358 autem
915 1301 996 1358 ibi
1049 1301 1429 1356 victoriosum
1487 1297 1804 1354 Salvatoris
1843 1299 1948 1352 ad-

294 1409 499 1448 versus
530 1391 662 1448 illos
688 1408 918 1447 severos
933 1389 1165 1462 judices
1196 1394 1612 1461 argumentum
1636 1405 1670 1443 a
1700 1385 1948 1442 fortiori.

296 1505 324 1532 ‹‹
359 1481 417 1536 Si
449 1481 628 1545 enim,
662 1479 871 1552 inquit,
907 1495 1013 1550 ego
1071 1479 1170 1550 qui
1205 1478 1331 1533 sine
1377 1481 1611 1549 peccato
1643 1493 1799 1545 sum,
1831 1491 1947 1530 non

287 1570 445 1642 jacio
476 1569 728 1641 lapidem
762 1569 824 1624 in
854 1568 1256 1640 peccatricem,
1291 1583 1481 1637 neque
1510 1583 1612 1621 vos
1651 1581 1808 1635 ergo,
1843 1580 1948 1619 nec

297 1659 396 1731 qui
427 1659 591 1714 vobis
622 1663 761 1713 sunt
791 1656 1294 1728 similes,quorum
1323 1654 1468 1710 nulli
1501 1659 1640 1710 sunt
1669 1654 1822 1710 sicut
1841 1669 1947 1724 ego

295 1756 533 1820 propter
580 1752 885 1818 peccatum
937 1746 1090 1817 quod
1152 1745 1211 1800 in
1268 1744 1433 1800 vobis
1490 1748 1601 1809 est,
1635 1742 1949 1814 lapidatio-

297 1853 432 1892 nem
464 1837 786 1892 excusabit.
822 1835 1138 1905 Ignoscetis
1178 1839 1374 1889 autem
1423 1833 1482 1888 in
1507 1833 1832 1904 judicando
1868 1832 1946 1887 si-

2130 1292 2240 1370 λβ’.
2271 1291 2462 1350 Ἦνδέ
2516 1292 2618 1372 ἄρα
2667 1294 2894 1362 ἰνταῦθα
2939 1299 3002 1355 τὸ
3051 1302 3328 1372 νικητικὸν
3373 1308 3471 1359 τοῦ
3521 1311 3714 1378 Σωτῆ-

2061 1403 2153 1461 ρος
2202 1383 2542 1460 ἐπιχείρημα
2586 1385 2722 1441 κατᾶ
2771 1392 2878 1444 τῶν
2930 1389 3212 1464 αύστηρῶν
3263 1390 3478 1449 ἐκείνων
3508 1401 3711 1470 κριτῶν

2059 1471 2117 1526 ἑκ
2144 1476 2242 1527 τοῦ
2278 1472 2547 1546 μείζονος.
2577 1498 2605 1526 ‹‹
2639 1473 2848 1552 Εἲγᾶρ,
2884 1499 2912 1529 ››
2957 1500 3143 1557 φησιν,
3178 1504 3205 1532 ‹‹
3251 1478 3362 1556 ἐγὼ
3408 1483 3435 1537 6
3471 1483 3712 1557 ἀναμάρ-

2055 1583 2222 1632 τητος
2282 1561 2342 1616 οὐ
2406 1561 2600 1637 βάλλω
2661 1563 2816 1628 λίθον
2873 1568 3010 1622 κατᾶ
3064 1569 3167 1638 τὴς
3207 1571 3560 1647 ἁμαρτωλοῦ,
3602 1569 3716 1627 οὐδ’

2059 1647 2160 1724 ἄρα
2197 1651 2350 1722 ὑμεῖς
2409 1651 2499 1705 καὶ
2545 1652 2598 1706 οἱ
2653 1655 2774 1716 καθ’
2839 1655 2996 1728 ὑμᾶς.
3050 1657 3102 1711 οἱ
3153 1655 3383 1731 μηδένες
3434 1661 3570 1735 πρὸς
3624 1659 3721 1732 ἐμὲ

2058 1736 2147 1792 διὰ
2175 1739 2236 1792 τὸ
2268 1738 2318 1792 ἐν
2377 1739 2502 1812 ὑμῖν
2555 1738 2887 1816 ἐφάμαρτον,
2942 1747 3201 1814 ποιήσετε
3244 1748 3307 1803 τὸ
3339 1747 3391 1802 ἐν
3423 1747 3595 1827 ἰφέσει
3629 1747 3715 1804 λί-

2058 1829 2284 1900 Θασμα*
2356 1832 2838 1904 συγγνωμονήσετε
2908 1830 2966 1887 δὲ
3023 1831 3282 1904 δηλονότι
3363 1828 3723 1909 εύεπηϐόλως

297 1929 396 1980 cut
428 1942 582 1980 nunc
613 1941 715 1994 ego
747 1925 985 1994 quidem
1020 1923 1144 1995 ipse
1187 1923 1496 1979 manifeste
1552 1939 1748 1977 coram
1780 1919 1947 1976 vobis

2073 1917 2192 1970 ιατὰ
2219 1913 2506 1991 διάκρισιν,
2569 1918 2643 1979 ὡς
2689 1923 2782 1974 νῦν
2843 1921 2938 1992 μὲν
3000 1919 3110 1997 ἐγὼ
3163 1923 3323 1987 αύτὸς
3363 1923 3725 2002 ὄφθαλμοφα-

295 2013 509 2085 incipio
541 2015 680 2068 dare
736 2012 942 2084 legem,
994 2027 1096 2081 ego
1157 2030 1288 2068 caro
1340 2012 1548 2083 factus,
1582 2027 1687 2083 ego
1744 2010 1842 2081 qui
1873 2010 1944 2065 ab

2073 2010 2161 2068 πῶς
2208 2003 2437 2060 ἐνώπιον
2491 2006 2642 2080 ὑμῶν
2699 2007 3049 2086 κατάρχομαι
3109 2010 3454 2086 νομοδοτεῖν,
3515 2037 3721 2091 σαρκο-

299 2108 512 2160 aeterno
546 2121 648 2174 pro
698 2101 996 2158 communi
1048 2100 1237 2157 salute
1268 2099 1371 2156 tali
1421 2101 1773 2156 discretione
1804 2115 1949 2154 usus

299 2210 452 2259 sum,
488 2194 602 2246 mei
633 2209 767 2247 vero
813 2190 1062 2263 apostoli
1096 2208 1162 2246 ac
1196 2206 1511 2262 praecones,
1570 2207 1604 2244 a
1635 2205 1726 2244 me
1757 2187 1949 2244 susci-

300 2283 526 2354 pientes
574 2281 761 2351 legem
789 2285 1025 2351 ponent.
1062 2302 1089 2328 ››
1147 2279 1499 2348 Hujusmodi
1543 2277 1810 2334 divinum
1858 2283 1948 2332 ta-

298 2371 548 2436 lentum,
584 2371 657 2425 ad
703 2369 996 2440 judicium
1030 2373 1086 2424 et
1144 2368 1575 2439 indulgentiam
1629 2368 1950 2438 pertinens,

301 2477 404 2533 per
433 2460 586 2532 quod
644 2459 808 2515 vobis
867 2458 1122 2514 multum
1182 2459 1292 2514 erit
1321 2457 1574 2526 lucrum,
1617 2455 1833 2528 aliquis
1864 2455 1951 2510 di-

301 2555 477 2618 ceret,
504 2548 1121 2620 superimmensum,si
1149 2547 1280 2618 quis
1311 2547 1663 2619 fortegsuper
1691 2546 1843 2618 quod
1865 2547 1956 2600 est

299 2639 664 2694 immensum
696 2637 942 2693 inveniri
977 2642 1197 2709 posset.

376 2746 464 2801 33.
495 2745 605 2802 Sed
634 2745 778 2800 mihi
812 2744 1041 2800 videtur
1070 2745 1246 2814 quod,
1280 2747 1346 2800 ut
1391 2760 1460 2800 ex
1488 2742 1558 2798 iis
1588 2759 1714 2815 qua:
1746 2742 1856 2798 sub
1888 2757 1955 2797 o-

305 2835 456 2892 culis
485 2840 624 2891 sunt
672 2835 1094 2906 animadverto,
1129 2834 1386 2905 plerique
1416 2851 1624 2890 sumus
1664 2832 1958 2890 inhabiles

307 2927 379 2982 ad
399 2924 935 2981 administrandum
956 2923 1297 2995 bujusmodi
1316 2924 1638 2992 bonum,ob
1657 2921 1960 2995 pusillani-

308 3015 573 3070 mitatem
605 3031 729 3084 qua:
757 3014 927 3069 nobis
958 3013 1134 3081 inest,
1167 3012 1312 3069 alias
1342 3019 1536 3069 autem
1569 3013 1640 3069 ob
1672 3012 1959 3070 examinis

305 3103 595 3159 defectum
625 3107 682 3158 in
716 3104 1140 3169 accidentibus,
1175 3120 1400 3158 necnon
1450 3104 1523 3159 ob
1563 3102 1958 3174 suspicionem

309 3209 375 3249 ac
407 3191 695 3248 levitatem
726 3210 738 3261 ;
771 3197 1014 3248 cunctor
1043 3193 1196 3247 enim
1220 3192 1434 3260 dicere,
1467 3197 1523 3248 et
1552 3193 1624 3248 ob
1655 3192 1955 3248 invidiam.

2056 2095 2223 2171 φόρος
2257 2089 2351 2164 ὥν,
2386 2096 2414 2150 6
2460 2095 2549 2150 καὶ
2601 2096 2652 2168 ἐξ
2702 2097 2898 2162 αἰῶνος
2940 2099 3108 2175 ταύτῃ
3149 2103 3440 2178 χρώμενος
3491 2089 3719 2159 ἑπὶήσω-

2055 2185 2224 2263 τηφίᾳ
2253 2188 2408 2260 κοινῇ
2447 2205 2458 2218 ·
2508 2187 2559 2240 οὶ
2610 2183 2668 2241 δὲ
2715 2186 2840 2260 ἐμοὶ
2890 2188 3187 2247 ἀπόστολοι
3241 2193 3331 2247 καὶ
3360 2195 3592 2270 κήρυκες
3624 2193 3719 2250 ἀπ’

2060 2275 2199 2350 ἐμοῦ
2243 2273 2504 2340 λάϐόντες
2549 2281 3003 2352 νομοθετήσουσι,
3037 2305 3066 2334 ››
3118 2287 3368 2339 τοιοῦτον
3427 2283 3516 2340 καὶ
3555 2289 3716 2340 τοῦτο

2061 2367 2202 2420 θεῖον
2251 2365 2533 2436 τάλοντον,
2587 2368 2650 2422 τὸ
2707 2369 2842 2424 κατᾶ
2900 2367 3165 2447 διάκρισιν
3222 2373 3313 2428 καὶ
3367 2374 3719 2452 συγγνώμην,

2063 2451 2134 2508 δι’
2161 2455 2222 2510 οὗ
2255 2454 2403 2512 πολὺ
2432 2458 2494 2511 τὸ
2524 2455 2715 2530 κέρδος
2767 2459 2892 2532 ὑμῖν
2945 2454 3110 2533 ἔσται,
3164 2461 3307 2518 εἷ’ποι
3340 2457 3386 2518 δ’
3418 2464 3478 2519 ἂν
3507 2485 3614 2536 τις,
3647 2465 3723 2528 ὡς

2061 2544 2152 2602 καὶ
2211 2545 2595 2620 ὑπεράπειρον,
2661 2543 2715 2600 εἷ’
2779 2547 2832 2601 τί
2901 2569 3007 2604 που
3086 2544 3195 2607 ἔστι
3273 2552 3716 2628 λογιστεύσασθαι

2069 2636 2202 2712 ὑπὲρ
2233 2636 2294 2692 τὸ
2328 2636 2567 2711 ἄπειρον.

2137 2741 2240 2819 λγ¹.
2275 2740 2450 2799 Ἀλλᾶ
2483 2739 2626 2798 δοκῶ
2659 2765 2775 2816 μοι,
2827 2746 2921 2819 ὡς,
2973 2743 3032 2817 ἐζ
3079 2749 3155 2803 ὧν
3203 2746 3421 2825 βλέπων
3448 2753 3714 2824 κατανοῶ,

2068 2831 2288 2908 ἄτεχνοί
2323 2831 2480 2907 ἐσμεν
2531 2833 2583 2888 οἳ
2631 2832 2838 2890 πολλοὶ
2893 2843 3311 2913 μεταχειζεσθαι
3361 2839 3424 2895 τὸ
3473 2845 3719 2896 τοιοῦτον

2066 2921 2234 2979 καλὸν
2285 2919 2374 2978 διὰ
2425 2925 2796 3000 μικροψυχίαν
2841 2927 2942 2995 τὴν
2992 2925 3044 2981 ἒν
3093 2929 3252 3001 ἡμῖν,
3300 2923 3502 2985 ἔστιδὲ
3533 2931 3595 2986 οὗ
3633 2929 3725 2986 καὶ

2070 3011 2158 3068 διὰ
2186 3013 2248 3067 τὸ
2283 3010 2478 3075 ἐντοῖς
2540 3012 2937 3087 συμπίπτουσιν
2981 3015 3346 3087 ἀνεξέταστον,
3395 3017 3456 3072 οὐ
3505 3019 3611 3091 μὴν
3667 3015 3728 3074 δὲ

2067 3100 2216 3159 ἀλλὰ
2244 3098 2454 3158 καὶδιὰ
2494 3101 2557 3156 τὸ
2605 3101 2961 3178 καχύποπτον
3009 3104 3099 3158 καὶ
3150 3103 3399 3180 ἐλαθρὸν,
3450 3105 3593 3162 ὀκνῶ
3618 3107 3724 3179 γάρ

2068 3191 2260 3261 εἰπεῖν,
2313 3192 2388 3253 ὡς
2439 3191 2528 3245 καὶ
2580 3188 2668 3245 διὰ
2718 3192 2779 3245 τὸ
2825 3190 3102 3266 φθονερόν.
3161 3193 3255 3250 Ἐκ
3303 3190 3564 3246 τοιούτων
3617 3193 3722 3266 γάρ

308 3283 350 3338 Ε
374 3281 596 3338 talibus
627 3281 784 3337 enim
817 3281 1173 3354 quibusdam
1207 3281 1542 3353 plerumque
1569 3280 1765 3337 causis
1788 3281 1961 3352 perﬁ-

2073 3302 2228 3336 τινων
2261 3280 2338 3342 ὡς
2388 3281 2455 3334 τὰ
2501 3277 2688 3334 πολλὰ
2737 3278 2926 3333 αῒτιῶν
2975 3276 3320 3334 ἀποτελεῖται
3368 3279 3429 3333 τὸ
3476 3277 3723 3354 ἀδιάκρι-

308 3372 462 3428 citur
493 3370 1102 3444 presjudicium,cujus
1133 3371 1374 3426 effectus
1396 3369 1958 3441 estimplacabilitas

2073 3391 2180 3438 τον,
2241 3366 2302 3422 οὗ
2352 3365 2700 3439 ἀποτέλεσμα
2743 3367 2806 3420 τὸ
2861 3364 3242 3442 ἀσύγγνωστον
3293 3369 3442 3444 παρά
3494 3389 3556 3445 γε
3609 3373 3727 3430 τοῖς

307 3461 367 3517 in
398 3460 481 3516 eis
514 3460 614 3532 qui
645 3476 758 3515 non
789 3459 981 3515 solent
1007 3459 1183 3516 etiam
1216 3461 1316 3515 ubi
1349 3477 1464 3515 non
1497 3462 1746 3531 oportet,
1780 3456 1959 3528 spiri-

307 3550 550 3606 tualiter
587 3548 964 3621 patrocinari,
999 3549 1100 3604 sed
1151 3565 1285 3603 cum
1337 3548 1554 3603 severis
1601 3545 1958 3602 accusatori-

309 3639 420 3694 bus
451 3637 716 3694 inveniri.
751 3636 821 3691 Hi
879 3635 1195 3691 crudeliter
1241 3635 1567 3707 exasperati
1624 3633 1828 3705 iraque
1858 3633 1960 3687 ob-

310 3727 525 3791 caecati,
558 3731 615 3782 et
643 3725 772 3781 ideo
823 3724 975 3780 male
1027 3724 1312 3790 videntes,
1364 3740 1479 3778 non
1531 3721 1722 3777 solum
1767 3722 1961 3777 trabes

311 3816 541 3872 curiose
572 3814 889 3886 plusquam
923 3817 1148 3884 oportet
1177 3811 1502 3882 inquirunt,
1536 3813 1634 3868 sed
1679 3811 1876 3879 etiam,
1912 3810 1963 3866 si

311 3923 438 3977 quea
471 3905 616 3959 forte
660 3904 736 3958 sit
769 3901 935 3974 palea
985 3904 1257 3969 fraterna,
1293 3907 1576 3973 tanquam
1608 3903 1666 3957 in
1700 3906 1963 3958 montem

311 3991 682 4064 Olympicum
733 4009 862 4048 eam
893 3996 1264 4064 exaggerant.
1317 3993 1385 4047 Et
1415 3992 1514 4047 ubi
1563 3991 1647 4048 sic
1669 3992 1962 4063 judicent,

315 4099 451 4138 eum
483 4081 582 4154 qui
611 4080 1054 4154 quomodolibet
1084 4084 1321 4153 propter
1369 4080 1627 4153 aliquam
1660 4097 1728 4136 ex
1759 4086 1967 4138 natura

312 4172 726 4228 necessitatem
760 4172 937 4242 spuit,
969 4170 1254 4242 injuriose
1303 4187 1625 4243 conspuere
1657 4175 1876 4240 tenent,
1910 4175 1968 4227 et

313 4261 415 4334 qui
446 4260 796 4333 simpliciter
825 4259 1340 4329 screat,hostiliter
1368 4274 1618 4329 screare,
1649 4259 1968 4316 indiscrete

311 4349 428 4423 ipsi
459 4349 767 4422 judicent;
828 4353 1265 4422 unguentorum
1315 4352 1512 4404 autem
1561 4349 1968 4405 inunctionem

313 4457 420 4512 pro
452 4439 600 4496 caeni
635 4437 918 4495 effusione
975 4438 1215 4494 habent.
1249 4436 1374 4493 Non
1433 4437 1707 4494 salutavit
1737 4455 1843 4494 nos
1874 4437 1970 4495 ille

313 4527 557 4600 quidam
589 4529 884 4583 transiens
912 4544 925 4583 :
959 4543 1096 4599 ergo
1129 4527 1263 4582 fecit
1292 4527 1594 4598 injuriam,
1629 4532 1731 4582 aut
1759 4526 1969 4584 saltem

315 4621 682 4687 contemptor
710 4620 816 4671 est.
851 4615 1088 4674 Obviam
1134 4617 1343 4682 factus,
1379 4631 1494 4671 non
1528 4615 1819 4671 allocutus
1855 4620 1967 4686 est,

315 4723 435 4763 non
459 4705 609 4775 risit,
643 4721 747 4760 nec
777 4705 956 4760 etiam
991 4703 1277 4760 subrisit:
1312 4721 1448 4777 ergo
1481 4705 1650 4761 nobis
1693 4704 1961 4761 inimicus

2082 4705 2266 4775 λασεν,
2322 4703 2448 4761 οὐδὲ
2500 4677 2630 4782 γοῦν
2659 4677 2672 4685 '
2709 4677 3025 4779 suametch
3051 4725 3064 4741 '

319 4801 428 4854 est.
461 4795 616 4851 Talis
643 4795 801 4850 hunc
829 4800 886 4851 et
915 4794 1082 4850 illum
1115 4794 1365 4866 benigne
1387 4794 1647 4867 suscepit
1671 4799 1729 4850 et
1758 4795 1975 4866 ample-

317 4903 430 4944 xus
461 4890 552 4942 est
579 4902 591 4941 ε
627 4886 812 4942 nostri
833 4902 967 4942 vero
991 4902 1104 4941 non
1135 4883 1436 4940 meminit:
1471 4900 1606 4957 ergo
1629 4883 1973 4955 bujusmodi

317 4977 574 5042 hostilis,
603 4992 710 5031 nec
769 4974 1100 5046 hospitalis,
1133 4991 1239 5030 nec
1287 4973 1538 5030 affabilis
1583 4978 1690 5030 est.
1722 4974 1972 5038 Quidam

321 5085 354 5122 a
377 5066 547 5123 nobis
571 5063 876 5138 paululum
897 5064 1155 5120 offensus
1173 5069 1377 5120 contra
1394 5080 1498 5119 nos
1516 5063 1810 5135 loquitur:
1835 5081 1972 5137 ergo

322 5155 646 5215 maledicus
677 5159 733 5211 et
763 5153 1056 5226 litigiosus
1086 5157 1142 5210 et
1180 5154 1603 5210 contentiosus.
1630 5153 1816 5226 Papas
1846 5153 1971 5210 heri

319 5262 684 5322 percussusa
710 5244 877 5300 nobis
903 5244 959 5298 in
986 5243 1524 5311 maxillam,deinde
1549 5245 1694 5317 fugae
1715 5244 1969 5314 deditus,

321 5343 376 5394 et
406 5336 578 5392 hodie
609 5337 848 5408 rogatus
879 5340 945 5390 ut
976 5333 1274 5390 maxillam
1299 5337 1486 5390 vertat
1515 5333 1971 5403 alteram,retro-

324 5426 477 5482 cedit
507 5429 564 5481 et
596 5425 791 5481 renuit
833 5425 1088 5497 prtebere
1140 5423 1410 5480 maxillas
1441 5424 1511 5479 ad
1543 5423 1972 5499 accipiendam,

324 5513 495 5569 nobis
525 5513 940 5584 plaudentibus
989 5517 1046 5569 et
1102 5512 1438 5569 laetantibus
1498 5529 1563 5568 ac
1617 5513 1970 5584 ridentibus,

326 5617 596 5657 sonoram
629 5601 896 5672 alapam:
940 5619 1076 5675 ergo
1108 5601 1246 5658 talis
1289 5601 1463 5658 homo
1512 5603 1972 5674 praescriptionis

325 5687 666 5758 evangelicae
693 5693 1096 5762 transgressor
1123 5695 1212 5746 est
1242 5707 1308 5746 ac
1338 5706 1564 5746 memor
1591 5690 1968 5763 injuriarum.

326 5775 667 5849 Loquimur,
691 5779 749 5831 et
777 5776 978 5832 audit:
1011 5791 1146 5849 ergo
1175 5775 1436 5848 dolosus,
1463 5764 1525 5832 et
1552 5776 1682 5834 ideo
1711 5780 1972 5835 attentus
2000 5816 2005 5821 -

2072 3458 2150 3530 μὴ
2198 3455 2459 3533 πεφυκόσι
2509 3455 2598 3510 καὶ
2647 3460 2989 3531 συνηγορεῖν,
3041 3451 3167 3521 ἔνθα
3213 3458 3290 3530 μὴ
3332 3460 3533 3534 χρεὼν,
3565 3477 3730 3513 πνευ-

2071 3549 2336 3620 ματικῶς,
2397 3542 2523 3599 ἀλλ’
2582 3542 2633 3599 ἰν
2713 3545 3014 3618 ἀποτόμοις
3079 3547 3406 3624 κατηγόροις
3467 3546 3547 3602 ἀεὶ
3605 3548 3731 3602 τάτ-

2068 3646 2249 3698 τεσθαι
2285 3654 2298 3667 '
2363 3635 2415 3688 οἳ
2466 3630 2654 3696 δεινῶς
2700 3632 3207 3709 ἐμπικραινόμενοι,
3257 3636 3347 3691 καὶ
3391 3639 3550 3710 θυμῷ
3606 3657 3733 3692 σκο-

2069 3723 2348 3797 τούμενοι,
2379 3723 2472 3779 καὶ
2511 3723 2654 3779 οὕτω
2702 3719 3169 3800 παραϐλέποντες,
3223 3726 3286 3781 οὐ
3338 3725 3502 3799 μόνον
3536 3725 3733 3789 δοκοὺς

2071 3812 2239 3868 πλέον
2296 3817 2394 3868 τοῦ
2443 3810 2657 3876 δέοντος
2706 3814 3173 3889 περιεργάζονται,
3225 3812 3371 3870 ἀλλὰ
3413 3815 3526 3884 καὶ,
3578 3813 3630 3870 εἷ’
3679 3814 3733 3870 τί

2072 3922 2178 3958 που
2235 3901 2441 3978 κάρφος
2491 3899 2808 3978 ἀδελφικὸν,
2860 3903 2935 3965 ὡς
2975 3901 3052 3966 εἷς
3083 3897 3210 3978 ὅρος
3244 3903 3492 3981 όγκοῦσιν
3528 3901 3734 3978 Ὀλύμ-

2074 4013 2221 4050 πιον,
2255 3992 2352 4047 Καί
2383 4013 2489 4047 που
2535 3989 2686 4065 δόξαν
2739 3991 2903 4064 οὕτω,
2942 3993 3034 4048 τὸν
3089 3994 3182 4067 μὲν
3213 3994 3462 4050 ὁπωσοῦν
3495 3993 3738 4050 πτύοντα

2073 4081 2210 4138 κατά
2266 4103 2320 4138 τι
2378 4081 2750 4157 ἐπαναγκάζον
2807 4081 2868 4138 ἐκ
2934 4081 3146 4158 φύσεῶς
3204 4081 3512 4160 λογίζονται
3568 4101 3736 4139 κατα-

2075 4170 2260 4227 πτύειν
2318 4167 2735 4249 ἑφυϐριστικῶς,
2792 4173 2884 4226 τὸν
2965 4169 3022 4228 δὲ
3089 4171 3282 4236 ἁπλῶς
3339 4171 3734 4252 χρεμψάμενον

2075 4262 2609 4336 καταχρὲμπτεσθαι,
2659 4257 2988 4336 ἀδιακρίτως
3030 4261 3186 4317 αὐτοὶ
3223 4263 3498 4340 κρίνοντες
3534 4283 3546 4296 ’
3589 4262 3652 4317 τὸ
3684 4258 3743 4316 δὲ

2075 4349 2570 4419 κατασταλάζεσθαι
2631 4354 2880 4414 στακτοῖς
2934 4350 3131 4427 μύροις
3184 4351 3262 4413 εἷς
3311 4346 3589 4428 βορϐόρου
3621 4349 3744 4406 ἐπί-

2076 4458 2237 4513 χυσιν
2265 4437 2522 4502 τίθενται.
2579 4437 2657 4495 Οὐ
2706 4439 3108 4516 προσεκύνησεν
3158 4442 3312 4513 ἡμᾶς
3359 4441 3387 4495 6
3429 4437 3577 4496 δεῖνα
3603 4459 3743 4516 παρ-

2079 4527 2424 4603 ερχόμενος·
2485 4522 2701 4604 ὕϐρισεν
2763 4525 2886 4601 ἄρα,
2945 4525 2982 4597 ἤ
3056 4527 3203 4586 ἀλλὰ
3256 4533 3744 4609 καταφρονητικῶς

2081 4613 2364 4672 διάκειται.
2426 4617 2788 4687 Συνηντηκὼς
2845 4617 2907 4672 ού
2971 4618 3404 4696 προσεφθέγξατο,
3467 4619 3569 4675 οὐκ
3623 4619 3745 4695 ἐγὲ-

3154 4708 3354 4784 ἐχθρὸς
3429 4709 3533 4786 ἄρα
3601 4708 3744 4765 ἐστὶν

2083 4797 2244 4868 ἡμῖν.
2285 4795 2340 4848 '0
2402 4792 2549 4850 δεῖνα
2593 4792 2751 4851 τόνδε
2797 4795 2888 4850 καὶ
2937 4795 3138 4852 ἐκεῖνον
3195 4797 3746 4875 φιλοφρονησάμενος

2080 4883 2173 4939 καὶ
2208 4881 2623 4958 δεξιωσάμενος,
2677 4887 2838 4958 ἡμῶν
2890 4884 2988 4942 οὐκ
3033 4885 3307 4959 ἐμνήσατο
3343 4907 3355 4920 ·
3415 4886 3616 4967 ἄφιλος
3644 4885 3746 4965 ἄρα

2083 4975 2110 5029 6
2143 4978 2392 5037 τοιοῦτος
2423 4974 2514 5029 καὶ
2544 4972 2727 5045 ἄξενος
2777 4974 2867 5029 καὶ
2918 4976 3022 5032 οὐκ
3069 4975 3476 5047 εύυπόληπτος.
3502 4979 3566 5035 Ὁ
3599 4976 3744 5033 δεῖνα

2084 5063 2268 5140 ἠρέμα
2322 5064 2448 5139 παρ’
2505 5066 2664 5138 ἡμῶν
2720 5059 3074 5139 ὑϐριζόμενος
3125 5065 3447 5124 ἀντιλαλεῖ·
3504 5066 3745 5143 βλάσφη.

2088 5175 2190 5228 μος
2241 5155 2345 5230 ἄρα
2418 5154 2527 5210 ἐστὶ
2585 5154 2675 5210 καὶ
2753 5153 3080 5229 ἐριθευτικὸς
3145 5156 3238 5213 καὶ
3295 5151 3628 5236 φιλόνεικος.
3679 5153 3739 5209 Ὁ

2084 5250 2266 5307 παπᾶς
2290 5245 2510 5323 τυφθεὶς
2541 5246 2667 5320 παρ’
2714 5247 2876 5319 ἡμῶν
2933 5243 3162 5323 ἔναγχος
3209 5248 3309 5318 τὴν
3355 5244 3597 5322 παρειὰν,
3627 5241 3743 5296 εἶτα

2084 5331 2395 5410 ἐκδραμὼν,
2441 5334 2532 5390 καὶ
2584 5336 2827 5412 σήμερον
2874 5334 3276 5412 ἀπαιτούμενος
3331 5337 3417 5392 καὶ
3475 5333 3571 5401 τὴν
3622 5329 3746 5386 ἒ.τὲ-

2085 5445 2180 5500 ραν
2241 5422 2487 5501 στρέψαι,
2539 5425 2640 5484 ἀνᾶ
2693 5420 2837 5481 πόδα
2907 5431 3105 5502 χωρεῖ,
3187 5426 3359 5482 ὀκνῶν
3419 5425 3587 5500 φυσᾷν
3643 5423 3746 5484 τὰς

2080 5511 2309 5586 γνάθους
2369 5512 2446 5577 εἷς
2513 5511 2796 5589 ὑποδοχήν
2863 5513 3166 5591 ψοφώδους
3233 5514 3596 5594 ῥαπίσματος,
3655 5509 3748 5565 ἒπὶ

2079 5601 2260 5675 κρότῳ
2316 5602 2407 5658 καὶ
2465 5604 2708 5680 ἡμετέρᾳ
2754 5609 2902 5680 χαρᾷ
2959 5605 3049 5660 καὶ
3106 5603 3312 5682 γὲλωτι
3347 5621 3361 5636 ⁶
3422 5595 3746 5678 παραϐάτης

2082 5687 2184 5764 ἄρα
2238 5696 2342 5760 τῆς
2389 5690 2744 5770 εὖαγγελικῆς
2802 5691 3175 5770 παραγγελίας
3223 5697 3250 5752 6
3306 5691 3600 5772 ἄνθρωπος
3657 5690 3748 5747 καὶ

2084 5777 2443 5853 μνησίκακος.
2488 5778 2802 5858 Λαλοῦμεν,
2854 5783 2944 5839 καὶ
2995 5783 3225 5842 ἀκούειδ
3276 5776 3467 5848 δόλιος
3496 5773 3621 5858 ἄρα,
3656 5778 3751 5836 καὶ
