4082 6356
262 382 385 446 609

1291 371 1370 432 lN
1413 368 1478 429 S'.
1527 365 2549 444 QUADRAGESIMAM'GRATIO
2585 370 2674 430 Π.

3573 371 3696 432 610

265 511 355 569 διδ.
403 513 570 568 τοῦτο
625 526 1008 582 προσεκτικος.
1068 503 1459 580 Ἐγχειροῦμεν
1514 500 1752 572 ζημιοῦν
1809 499 1928 556 Ἐκ-

2066 501 2362 559 Bcclesiam
2385 502 2593 559 laedere
2614 519 2899 560 conamur
2918 503 3395 577 (supponendum
3418 510 3508 562 est
3523 507 3615 562 eni
3635 521 3693 562 m

257 599 492 674 κλησίαν
527 596 730 672 (θετέον
761 595 862 673 γὰρ
895 593 1040 650 οὕτω
1070 592 1287 665 εἰπεῖν),
1318 591 1348 645 ὁ
1397 587 1455 652 δὲ
1502 589 1784 665 ἀντέχεται
1829 589 1915 643 καὶ

261 691 586 757 ἀνθίσταται·
643 685 768 757 ὀξὺς
813 685 915 759 ἄρα
959 683 1048 738 καὶ
1099 679 1468 759 ἀφιλάδελφος
1519 679 1607 733 καὶ
1655 675 1779 734 οὐδὲ
1836 677 1958 746 εύσ,

265 769 556 859 ἀγγελικός
605 777 784 832 ἔστιν.
832 775 904 830 Ἦ
955 771 1061 848 γὰρ
1111 770 1171 826 ἂν
1220 773 1300 842 τῷ
1351 768 1573 859 θέλοντι
1614 763 1801 823 λαϐεῖν
1858 767 1955 852 τὸ.

269 856 438 927 αύτοῦ
468 868 683 941 ἱμάτιον
733 863 825 919 καὶ
874 862 966 916 τὸν
1009 864 1219 937 χιτῶνα
1265 856 1732 936 προσαπεδύσατο.
1778 859 1922 914 Καθ-

277 947 459 1034 ίζομεν
511 956 736 1031 λόχουςξ
799 954 828 1018 ὁ
887 949 946 1006 δὲ
1001 955 1302 1027 προορᾶται
1359 946 1579 1016 αὐτοὺς,
1633 947 1721 1002 καὶ
1781 947 1922 1008 οὕτω

274 1045 624 1127 διαφυγγάνει
654 1044 746 1112 τὸν
780 1036 1031 1116 ὄλεθρον.
1094 1038 1377 1114 Περίεργος
1423 1035 1526 1114 ἄρα
1571 1037 1661 1114 καὶ
1712 1057 1925 1113 περινε-
1955 1096 1966 1106 ι

274 1124 543 1212 νοημένος
589 1132 752 1189 ἐστίν.
805 1129 1196 1203 Ἀπειλοῦμεν,
1255 1126 1783 1204 μορμολυττόμεθα,
1837 1127 1922 1183 ἐκ-

273 1223 572 1305 φοϐοῦμεν·
631 1225 659 1278 ὁ
693 1219 750 1276 δὲ
781 1222 1118 1298 περιφρονεῖ,
1151 1216 1259 1278 καί¹
1283 1238 1389 1272 που
1435 1216 1526 1272 καὶ
1583 1212 1923 1282 ἀνταπειλεῖ-

272 1302 384 1374 ται.
442 1312 652 1390 Θρασὺς
710 1312 814 1388 ἄρα
871 1308 1002 1364 ἐστί.
1052 1302 1562 1379 Κατατοξαζόμεθα,
1621 1303 1924 1382 σφενδονῶ-

275 1428 395 1482 μεν,
428 1402 723 1480 ἐπαφίεμεν
751 1399 1006 1476 αῗγανέας
1035 1397 1125 1454 καὶ
1158 1394 1384 1472 δόρατα’
1427 1398 1455 1451 ὁ
1495 1394 1552 1452 δὲ
1599 1396 1690 1452 καὶ
1749 1396 1927 1472 θωρα-

268 1496 498 1566 κίζεται,
555 1492 645 1548 καί
698 1512 804 1546 που
862 1489 954 1544 καὶ
1021 1487 1318 1562 σύμμαχον
1374 1485 1732 1560 προκαλεῖται
1789 1505 1929 1542 τινα.

269 1583 597 1658 Τολμητίας
631 1583 734 1657 ἄρα
765 1578 877 1634 ἐστὶ
904 1578 995 1633 καὶ
1024 1572 1735 1653 ὀχληρός.Δικαιολογεῖται
1769 1596 1928 1629 συκο-

275 1673 684 1754 φαντούμενος·
735 1666 1083 1742 ἀντιλογικὸς
1132 1665 1234 1742 ἄρα
1289 1664 1464 1720 ἐστίν.
1525 1665 1928 1741 Ἀστράπτομεν

275 1751 393 1821 κατ’
424 1761 608 1817 αὐτοῦ·
643 1761 672 1815 ὁ
705 1757 762 1814 δὲ
796 1757 947 1832 μύων
975 1755 1102 1818 τοὺς
1136 1752 1458 1833 ὀφθαλμοὺς
1501 1754 1563 1808 οὐ
1614 1751 1931 1826 δεδίττεται,

277 1852 426 1911 ἀλλὰ
467 1850 557 1908 καὶ
614 1849 752 1924 μετὰ
804 1849 901 1917 τὴν
963 1845 1241 1920 ἀστραπὴν
1300 1844 1615 1919 μηχανᾶταί
1669 1865 1722 1899 τι
1775 1844 1934 1906 αὐτὸς

277 1944 593 2018 Θεράπευμα
621 1937 818 2013 ὅψεως·
855 1934 1213 2010 μελετητικὸς
1245 1934 1348 2005 ἄρα
1377 1933 1487 1988 ἐστὶ
1509 1933 1599 1988 καὶ
1631 1933 1938 1995 σκεπτικός.

280 2031 523 2090 Ἀκούων
560 2027 709 2084 δεινὰ
739 2025 1034 2094 πολλάκις,
1076 2021 1290 2078 ἵσταται
1334 2022 1496 2084 cve-.64“
1549 2021 1790 2086 ὕπουλος
1842 2023 1942 2097 ἄρα

281 2121 394 2177 ἐστὶ
423 2119 513 2176 καὶ
544 2114 666 2174 ὲνδό
677 2135 881 2190 μυχος.

356 2223 460 2280 λδ’.
492 2223 553 2278 Τί
601 2243 754 2302 φατε,
804 2217 849 2275 ὦ
895 2224 1137 2275 τοιοῦτοι
1185 2217 1403 2294 κριταί;
1455 2217 1568 2276 Οὐκ
1616 2216 1819 2290 οἴδατε,
1871 2219 1945 2280 ὡς

289 2311 572 2384 ἀδιάκριτά
599 2312 712 2367 ἐστι
760 2315 929 2365 ταῦτα
981 2308 1172 2378 πάντα,
1221 2308 1311 2363 καὶ
1358 2305 1630 2380 λογισμοῦ
1678 2307 1944 2362 ἀσκέπτου

282 2401 736 2479 γνωματεύματα,
771 2399 822 2454 ἐν
885 2399 964 2462 οἷς
1015 2396 1245 2472 οὐδεμία
1301 2395 1413 2451 ἐστὶ
1468 2401 1671 2472 γνῶσις
1731 2396 1947 2467 ἐπιστη-

287 2492 677 2566 μονική.¹Ἀγε
708 2487 798 2559 δὴ,
856 2487 1117 2563 ἐρωτήσω
1175 2485 1326 2554 τοὺς,
1385 2487 1460 2548 ὡς
1511 2483 1746 2562 εἷ’ρηται,
1801 2507 1948 2562 γνω-

287 2579 717 2656 ματευομένους⁹
794 2577 912 2644 καὶ,
995 2575 1044 2630 εἷ’
1120 2573 1395 2647 δύνανται,
1474 2577 1947 2650 ἀποκριθήτωσαν,

283 2671 376 2726 καὶ
441 2666 852 2724 ἆθωωσάτωσαν
903 2670 1040 2742 σφᾶς
1091 2663 1310 2737 αὐτοὺς,
1375 2665 1454 2743 ἐφ’
1504 2667 1570 2734 ἧς
1612 2663 1949 2734 ἀδιακρισίας

290 2757 638 2814 ἁλίσκονται.
671 2756 875 2828 Ἔστιν,
934 2755 979 2808 ὧ
1027 2753 1266 2828 χρηστοὶ
1314 2754 1413 2823 τήν
1443 2754 1643 2828 κρίσιν,
1701 2752 1799 2808 εἴτ’
1854 2753 1949 2808 οῦν

299 2845 642 2920 κατάκρισιν,
699 2842 1052 2899 ἀποκωλῦσαι
1108 2844 1207 2911 τὴν
1268 2841 1423 2920 φύσιν
1477 2847 1573 2898 τοῦ
1635 2843 1710 2916 μὴ
1769 2849 1952 2898 ποιεῖν

310 2935 404 2989 τὸν
435 2932 720 3009 ἄνθρωπον
763 2934 798 3003 ἢ
845 2931 1028 2988 πτύειν
1086 2931 1123 3001 ἢ
1182 2931 1594 3008 χρέμπτεσθαις
1658 2933 1718 2988 Εἰ
1774 2930 1831 2987 δὲ
1889 2931 1952 2986 σὺ

306 3022 444 3078 κατὰ
475 3026 571 3077 σοῦ
598 3022 660 3076 τὸ
689 3021 882 3090 πάθος,
940 3019 985 3076 ὦ
1044 3019 1220 3092 οὗτος,
1251 3023 1492 3096 γίνεσθαι
1536 3020 1761 3096 κρίνεις,
1792 3021 1954 3076 τοῦτό

307 3112 421 3167 ἐστι
450 3113 514 3167 τὸ
541 3111 688 3185 παρὰ
737 3110 822 3166 σοὶ
864 3108 1198 3187 ἀδιάκριτον,
1259 3112 1438 3185 ὥσπερ
1485 3111 1576 3166 καὶ
1617 3112 1679 3166 τὸ
1741 3110 1957 3186 μυρίζε-

296 3203 417 3256 σθαι
449 3201 545 3275 μὶν
593 3197 683 3255 διά
733 3221 901 3269 τινος,
963 3198 1142 3256 δοκεῖν
1197 3198 1254 3255 δὲ
1304 3196 1558 3278 βορϐόρῳ
1614 3200 1952 3277 χραίνεσθαι,

291 3292 379 3348 καὶ
413 3291 476 3346 τὸ
513 3289 588 3364 μὴ
639 3294 1058 3365 προσκυνεῖσθαι
1108 3290 1201 3363 μὶν
1252 3290 1390 3366 πρός
1431 3311 1580 3354 τινος
1626 3290 1952 3346 ἁπλοῖκευο-

305 3378 493 3455 μένου,
524 3378 781 3454 ἐγκρίνειν
834 3376 892 3433 δὶ
918 3377 1048 3434 αύτδ
1095 3379 1171 3441 εἷς
1222 3374 1379 3456 ὕϐριν
1426 3380 1518 3434 καὶ
1569 3378 1838 3456 παίγνιον.
1891 3378 1958 3438 Τί

307 3466 366 3524 δὲ
426 3465 573 3522 ἀλλὰ
627 3467 836 3542 ἀνάγκη
885 3472 965 3540 τῷ
1023 3467 1294 3544 ἀνθρώπῳ
1351 3464 1585 3544 ἔγκειταί
1615 3471 1774 3524 ποθεν
1831 3468 1958 3532 τοὺς

307 3561 682 3620 συναντῶντας
715 3556 834 3626 εἷκῆ
889 3557 978 3611 καὶ
1033 3557 1206 3631 μάτην
1261 3556 1597 3634 προσλαλεῖν
1648 3559 1738 3614 καὶ
1792 3580 1962 3633 προσ-

307 3644 472 3721 γελᾷν
506 3642 734 3720 cinnama;
770 3646 832 3702 Ὁ
867 3642 925 3700 δὲ
971 3642 1117 3720 δώτῃ
1163 3646 1257 3718 μὲν
1316 3643 1522 3715 διδοὺς,
1582 3645 1762 3721 ἀδώτῃ
1796 3646 1852 3702 δὲ
1886 3647 1960 3720 μή

310 3731 518 3803 διδοὺς,
553 3730 676 3809 ἔχοι
707 3733 767 3790 ἂν
817 3745 981 3798 ποθεν
1027 3735 1193 3812 ψόγον
1247 3733 1476 3808 δίκαιον,
1520 3736 1582 3792 ού
1617 3737 1830 3811 μενοῦν,
1883 3736 1966 3792 si-

310 3844 412 3899 περ
447 3821 784 3899 εύδιάκριτον
814 3820 929 3900 ἔχει
962 3821 1298 3899 διαγνώμην.
1333 3824 1583 3881 Μάλιστα
1617 3827 1711 3898 μὲν
1754 3824 1843 3881 οὖν
1875 3825 1966 3881 καὶ

312 3911 500 3975 διδούς
526 3934 611 3976 τις
643 3912 858 3982 ἁπλῶς,
890 3913 980 3968 καὶ
1011 3915 1085 3976 ὡς
1120 3908 1301 3990 ἔτυχε,
1351 3914 1642 3991 γελασθείη
1694 3915 1779 3984 ἂν,
1825 3916 1899 3978 ὡς
1927 3915 1964 3985 ἢ

307 4003 458 4078 παρὰ
483 4003 544 4057 τὸ
577 3999 694 4057 δέον
728 4001 1050 4078 φιλότιμος,
1084 4002 1120 4072 ἢ
1161 4007 1637 4080 μεταχειριστικὸς
1667 4005 1756 4059 καὶ
1789 4025 1965 4081 πραγ-

316 4091 676 4166 ματευτικός.
732 4090 832 4153 Τίς
882 4090 939 4147 δὲ
1003 4087 1360 4166 ὑϐριζόμενος
1421 4095 1485 4149 οὐ
1545 4092 1776 4166 λαλήσει
1834 4095 1971 4169 πρὸς

303 4180 696 4261 σωφροσύνην,
737 4181 825 4236 ἐὰν
860 4185 1075 4260 φρονῇ;

381 4467 480 4525 λε’.
515 4465 698 4524 Ἀλλᾶ
727 4467 840 4542 χρὴ
892 4465 1104 4530 πάντως
1161 4465 1452 4543 ἀνέχεσθαι
1497 4469 1584 4524 καὶ
1619 4474 1827 4543 σιωπᾷν
1883 4471 1975 4526 τὸν

310 4551 822 4634 περιυϐριζόμενον,
908 4556 999 4611 καὶ
1085 4555 1322 4630 μάλιστα
1398 4559 1488 4613 τὸν
1567 4565 1746 4614 παπᾶν
1815 4559 1971 4636 (Θεοῦ

2031 591 2114 646 ita
2135 590 2342 664 loqui),
2405 591 2503 648 ille
2551 609 2687 649 vero
2737 593 2971 650 obsistit
3007 598 3062 650 et
3120 595 3504 651 adversatur:
3553 612 3691 669 ergo

2031 681 2344 760 violentus,
2396 694 2451 738 et
2501 683 2752 740 fratrum
2803 699 2915 740 non
2970 688 3217 754 amator,
3276 689 3334 740 et
3380 685 3690 757 Evangelio

2032 771 2359 839 contrarius
2382 775 2486 848 est.
2527 771 2706 828 Aliter
2735 773 2894 828 enim
2927 773 3147 829 volenti
3185 790 3389 847 rapere
3441 774 3688 846 pallium

2032 860 2242 930 ipsius,
2267 876 2482 916 exuens
2517 878 2748 933 quoque
2782 862 3063 932 tunicam,
3117 865 3370 919 cederet.
3433 865 3682 920 Insidias

2035 950 2333 1022 ponimus,
2368 950 2492 1023 ipse
2525 968 2654 1008 vero
2680 953 2956 1024 praevidet
2985 969 3085 1010 eas
3115 958 3168 1009 et
3201 953 3283 1009 ita
3318 954 3466 1026 fugit
3490 953 3688 1009 interi-

2034 1044 2162 1096 tum
2198 1057 2210 1094 :
2249 1054 2385 1110 ergo
2438 1040 2703 1096 curiosus
2735 1045 2790 1097 et
2819 1042 2997 1120 nimis
3056 1042 3523 1114 circumspectus
3582 1047 3697 1100 est.

1961 1184 1968 1192 ,
2037 1131 2358 1195 Minamus,
2399 1130 2886 1202 expavefacimus,
2947 1133 3340 1190 terriﬁcamus
3379 1133 3518 1202 ;ille
3561 1150 3696 1189 vero

2034 1218 2286 1293 despicit
2315 1223 2416 1275 aut
2445 1220 2591 1275 forte
2623 1221 2813 1276 minas
2838 1221 3013 1278 minis
3066 1223 3328 1295 opponit:
3363 1239 3500 1296 ergo
3529 1223 3687 1279 ferox

2037 1313 2145 1366 est.
2173 1313 2393 1366 Arcum
2415 1309 2737 1380 tendimus,
2774 1311 3016 1366 fundam
3052 1311 3693 1385 torquemus,jaculum

2040 1403 2098 1455 et
2125 1398 2400 1470 sagittam
2435 1398 2802 1472 projicimus,
2825 1400 2951 1472 ipse
2983 1418 3117 1456 vero
3175 1402 3444 1458 throrace
3502 1402 3698 1458 muni-

2037 1493 2137 1544 tur
2159 1493 2217 1544 et
2247 1488 2392 1544 forte
2424 1490 2740 1562 quemdam
2775 1491 3018 1546 advocat
3039 1491 3468 1548 auxilliatorem
3494 1510 3507 1548 :
3556 1507 3695 1565 ergo

2041 1577 2232 1634 audax
2258 1595 2323 1632 ac
2347 1578 2991 1635 turbulentus.Judicio
3019 1581 3320 1636 contendit
3335 1581 3694 1637 calumniam

2041 1684 2292 1739 passus:
2346 1683 2482 1740 ergo
2548 1669 2944 1725 contradictor
2984 1673 3094 1725 est.
3153 1669 3546 1743 Fulguramus
3595 1671 3699 1725 ad-

2041 1773 2246 1813 versus
2275 1755 2444 1812 illum
2477 1774 2491 1812 :
2525 1757 2802 1814 ille.vero
2847 1758 3129 1814 claudens
3169 1761 3371 1815 oculos
3420 1777 3536 1814 non
3577 1765 3702 1815 ter-

2046 1854 2224 1913 retur,
2284 1847 2385 1900 sed
2429 1851 2487 1901 et
2542 1851 2676 1917 post
2725 1849 3182 1920 fulgurationem
3273 1849 3501 1905 invenit
3575 1848 3704 1921 ipse

2049 1936 2348 2007 quoddam
2381 1937 2710 1993 remedium
2741 1937 2903 1994 visus
2931 1955 2944 1995 :
2979 1955 3115 2012 ergo
3146 1939 3608 1995 meditabundus
3639 1943 3698 1994 et

2052 2024 2447 2097 speculativus
2479 2027 2750 2098 est.Sape
2781 2028 2930 2082 dura
2961 2029 3443 2099 audiens,mutus
3475 2043 3702 2100 perma-

2053 2118 2314 2186 net:ergo
2345 2115 2636 2171 subdolus
2667 2121 2758 2172 est
2788 2121 2967 2188 atque
2997 2117 3430 2174 dissimulatus.

2126 2222 2215 2275 34.
2251 2222 2399 2285 Quid
2435 2221 2653 2291 dicitis,
2677 2222 3427 2296 hujusmodijudices?Non
3475 2224 3710 2297 videtis,

2055 2313 2210 2382 quod
2237 2311 2559 2367 indiscreta
2615 2318 2755 2368 sunt
2821 2313 2943 2369 haec
2989 2315 3208 2382 omnia,
3260 2314 3702 2387 temerariaeque

2057 2401 2428 2472 cogitationis
2460 2403 2786 2473 sententiae,
2817 2403 2876 2457 in
2927 2403 3145 2474 quibus
3176 2403 3342 2459 nulla
3406 2408 3495 2460 est
3540 2405 3712 2475 juxta

2057 2489 2365 2545 scientiam
2400 2490 2677 2562 cognitio.
2729 2497 2849 2563 Age
2898 2508 3056 2564 ergo,
3107 2492 3482 2565 interrogabo
3540 2493 3709 2559 istos,

2059 2583 2125 2633 ut
2155 2579 2393 2647 dicitur,
2435 2581 2832 2636 sententiosos
2861 2621 2874 2634 .
2926 2586 3002 2652 et,
3054 2583 3104 2638 si
3156 2586 3426 2654 possunt,
3473 2598 3712 2654 respon-

2061 2669 2259 2738 deant,
2292 2672 2349 2724 et
2379 2669 2451 2724 ab
2483 2669 3064 2741 indiseretojudicio,
3096 2688 3210 2743 quo
3259 2671 3711 2738 convincuntur,

2061 2774 2124 2813 se
2155 2758 2422 2813 liberent.
2458 2758 2782 2830 Numquid,
2815 2776 2847 2814 ο
2872 2759 3003 2814 boni
3039 2761 3109 2814 ad
3153 2760 3567 2831 judicandum,
3592 2761 3714 2816 sive

2062 2847 2256 2919 potius
2289 2848 2358 2902 ad
2394 2847 2928 2915 condemnandum,
2963 2853 3168 2905 natura
3205 2850 3499 2920 prohiberi
3525 2853 3717 2922 potest

2063 2953 2135 2992 ne
2168 2935 2342 2992 faciat
2362 2936 2664 2992 hominem
2697 2936 2784 2994 vel
2818 2954 3100 3010 exspuere
3129 2939 3219 2994 vel
3252 2955 3549 2995 exscreare
3571 2939 3599 2994 ?
3655 2939 3711 2993 Si

2061 3042 2195 3081 vero
2228 3029 2429 3081 contra
2449 3030 2525 3094 te,
2559 3043 2590 3080 ο
2619 3026 3162 3098 hujusmodi,'hanc
3193 3029 3558 3084 affectionem
3590 3028 3716 3083 ﬁeri

2061 3115 2313 3187 judicas,
2347 3115 2456 3170 hoc
2487 3119 2576 3170 est
2606 3132 2639 3170 a
2671 3121 2726 3171 te
2758 3116 3133 3173 discretionis
3166 3118 3449 3183 defectus,
3505 3134 3715 3190 quem-

2067 3204 2386 3259 admodum
2419 3205 2469 3259 si
2503 3207 2636 3276 quis
2669 3210 2968 3276 unguenta
3002 3207 3475 3277 perfunderetur,
3511 3208 3714 3263 crede-

2068 3297 2229 3348 retur
2257 3298 2452 3348 autem
2487 3294 2691 3367 inungi
2725 3311 2888 3350 coeno
2915 3313 2929 3363 ;
2960 3295 3047 3351 vel
3072 3296 3121 3350 si
3179 3297 3311 3367 quis
3367 3295 3717 3367 simpliciter

2070 3399 2186 3438 non
2217 3381 2586 3452 salutaret,et
2608 3383 2976 3454 judicaretur
2996 3385 3064 3440 ad
3099 3385 3379 3457 injuriam
3429 3390 3485 3441 et
3508 3384 3716 3442 ludum

2074 3470 2185 3528 hoc
2216 3471 2422 3528 facere.
2467 3473 2742 3536 Quaenam
2799 3478 2992 3529 autem
3045 3476 3116 3529 de
3147 3481 3352 3530 caetero
3403 3479 3727 3532 necessitas

2076 3561 2323 3628 homini,
2357 3561 2601 3617 sicunde
2659 3563 2852 3634 fuerit,
2903 3580 3037 3619 cum
3096 3563 3467 3620 obviantibus
3508 3566 3729 3620 frustra

2081 3667 2343 3721 vaneque
2371 3650 2675 3722 loquendi,
2722 3656 2777 3708 et
2827 3655 3231 3724 intempestive
3281 3653 3560 3710 ridendi?
3618 3653 3728 3718 Qui

2073 3757 2210 3796 vero
2233 3741 2418 3795 datori
2451 3742 2551 3796 dat
2580 3747 2638 3797 et
2667 3759 2783 3798 non
2816 3741 2976 3799 danti
3002 3760 3118 3798 non
3149 3743 3251 3799 dat
3309 3745 3730 3816 ,undejustam

2078 3829 2323 3885 haberet
2354 3831 2901 3902 reprehensionem?
2930 3849 3044 3888 non
3079 3838 3252 3900 certe,
3286 3833 3576 3906 siquidem
3612 3834 3731 3890 dis-

2082 3920 2358 3976 cretivam
2392 3919 2569 3976 habet
2597 3921 3100 3978 deliberationem.
3155 3923 3459 3980 Potissime
3492 3924 3731 3996 quidem
3764 3989 3766 3992 ι

2081 4009 2262 4081 igitur
2291 4008 2387 4065 ille
2417 4009 2517 4080 qui
2549 4010 2712 4066 daret
2741 4011 3083 4084 simpliciter
3113 4017 3169 4067 et
3200 4017 3264 4067 ut
3321 4014 3552 4083 accidit,
3602 4012 3737 4068 irri-

2081 4099 2275 4164 detur,
2309 4102 2591 4169 tanquam
2622 4100 2709 4154 vel
2742 4100 2899 4155 ultra
2941 4117 3181 4157 necesse
3231 4101 3609 4174 magniﬁcus,
3649 4100 3737 4158 vel

2083 4187 2615 4253 administrativus,
2646 4187 2734 4244 vel
2759 4189 3122 4261 negotiosus.
3157 4190 3301 4256 Quis
3335 4194 3532 4246 autem
3559 4189 3576 4245 i
3600 4192 3739 4260 nju-

2083 4275 2230 4332 riam
2263 4293 2496 4349 passus,
2547 4295 2662 4333 non
2721 4277 3060 4352 loqueretur
3115 4296 3248 4335 cum
3311 4280 3627 4353 sapientia,
3686 4279 3737 4336 si

2084 4365 2289 4439 sapit?

2153 4475 2243 4530 35.
2277 4477 2495 4530 Verum
2527 4477 2756 4548 oportet
2806 4477 3045 4532 omnino
3105 4477 3395 4550 patienter
3442 4476 3738 4534 sustinere

2086 4564 2637 4638 silerequeinjuriis
2669 4571 2975 4633 onustum,
3035 4569 3092 4622 et
3138 4566 3462 4639 praesertim
3523 4584 3738 4640 papam

310 4646 487 4723 λὲγεις
566 4646 824 4722 ἀνοχὴν),
903 4644 1084 4722 ὥσπερ
1153 4646 1245 4702 καὶ
1313 4649 1404 4703 τὸν
1462 4647 1825 4725 ῥαπιζόμενον
1881 4673 1948 4707 κα

2082 4655 2204 4727 (Dei
2239 4637 2385 4710 dicis
2417 4654 2830 4729 tolerentiam),
2865 4637 3364 4728 quemadmodum
3400 4657 3450 4712 ei
3503 4637 3740 4730 percus-

313 4735 589 4811 ἀλγοῦντα
621 4736 697 4809 μὴ
758 4732 1023 4790 ἐκκλίνειν
1051 4735 1144 4790 τὸν
1179 4735 1255 4798 εἲς
1287 4736 1446 4792 αὐτὸν
1505 4737 1969 4814 πλημμελοῦντα.

317 4827 625 4902 Φράξομεν,
655 4826 729 4886 ὡς
757 4826 808 4880 οἱ
855 4821 1162 4899 ἀδιάκριτοι
1200 4824 1512 4902 βούλονται,
1567 4834 1682 4891 τοῖς
1741 4828 1975 4886 λαλοῦσι

311 4915 406 4978 τὰς
442 4915 630 4987 ἀκοὰς,
676 4916 763 4979 αἷς
809 4917 844 4985 ἡ
898 4915 1055 4992 φύσις
1112 4916 1288 4978 πύλας
1337 4917 1439 4971 οὐκ
1495 4916 1773 4990 ἐπέθηκεν·
1827 4919 1975 4976 ἀλλὰ

314 5005 677 5080 ζημιούμενοι
707 5002 1073 5080 χαρισόμεθα,
1133 5002 1519 5082 ἐλλοχώμενοι
1562 5006 1619 5062 δὲ
1647 5011 1971 5082 περιπεσού-

314 5107 450 5170 μεθα
517 5100 634 5159 τοῖς
692 5093 1043 5169 ὀλοθρευταῖς
1100 5093 1340 5150 ἑκούσιοι
1424 5095 1476 5159 ἐς
1557 5094 1806 5176 ὄλεθρον.
1868 5100 1972 5156 Καὶ

305 5184 388 5257 ι’ίη
403 5205 497 5261 μεν
554 5183 615 5238 ἓιν
675 5183 874 5260 μωροὶ,
937 5182 1081 5238 οὕτω
1115 5188 1418 5258 ποιοῦντες,
1452 5187 1540 5242 καὶ
1577 5190 1848 5263 μεμπτέοι
1877 5191 1969 5246 καὶ

302 5280 422 5338 τοῖς
453 5271 795 5348 ἀδιακρίτοις
848 5271 1054 5343 αὐτοῖς,
1117 5271 1203 5326 ἐὰν
1234 5279 1477 5331 τοιοῦτοι
1535 5273 1972 5353 άπεκϐαίνωμεν,

300 5365 384 5427 ὡς
437 5365 474 5434 ἢ
529 5361 847 5433 ἀναίσθητοι
904 5361 940 5430 ἢ
994 5360 1228 5432 ἠλίθιοι.
1283 5365 1594 5443 Πάσχοντες
1637 5365 1694 5422 δὲ
1743 5367 1971 5433 ἀπειλὰς

299 5455 398 5510 καὶ
456 5452 766 5527 πολέμους,
826 5451 887 5507 οὐ
959 5454 1394 5529 θωρακισόμεθα,
1470 5457 1530 5512 οὐ
1597 5460 1970 5538 κατάφρακτοι

297 5544 609 5620 γενώμεθα,
673 5541 734 5597 ού
782 5535 1228 5620 προσλαϐώμεθα
1275 5546 1364 5600 καὶ
1405 5549 1503 5618 τήν
1567 5535 1799 5618 δυνατῆν
1855 5549 1971 5605 ἐπιο

300 5632 567 5710 κουρίανο
621 5628 790 5688 ἀλλα
821 5633 916 5695 τὰς
975 5637 1167 5710 χεῖρας
1239 5633 1540 5709 δήσαντες,
1598 5638 1688 5694 καὶ
1737 5637 1968 5696 κατακύ-

304 5723 587 5801 ψαντες,’ὀ
648 5721 714 5795 δὴ
778 5722 1021 5802 λέγεται,
1068 5721 1144 5788 εἰς
1202 5725 1536 5806 καμάρωμα,
1603 5728 1972 5806 ἐκπεσούμεθα

2084 4762 2217 4800 sum
2241 4750 2298 4800 et
2327 4745 2759 4813 afﬂictum,non
2793 4746 3047 4818 effugere
3064 4750 3403 4820 peccantem
3432 4747 3492 4801 in
3515 4746 3735 4819 ipsum,

2083 4834 2523 4902 Obserabimus,
2558 4839 2621 4890 ut
2689 4835 2986 4891 temerarii
3044 4835 3268 4905 volunt,
3359 4836 3740 4908 loquentibus

2085 4939 2278 4995 aures,
2315 4923 2533 4994 quibus
2570 4928 2781 4980 natura
2822 4928 3019 4996 portas
3083 4942 3196 4980 non
3251 4925 3574 4997 imposuit,
3635 4924 3736 4979 sed

2086 5011 2209 5067 laesi
2239 5012 2462 5085 gratias
2492 5013 3108 5083 habebimus;insidiis
3140 5019 3334 5070 autem
3369 5012 3741 5081 circumdati,

2083 5102 2143 5157 in
2161 5119 2371 5158 manus
2386 5103 2908 5159 exterminatorum
2931 5103 3431 5162 ultroincidemus
3465 5104 3536 5158 ad
3580 5102 3739 5158 inte-

2083 5193 2287 5248 ritum.
2320 5195 2392 5248 At
2438 5208 2705 5248 essemus
2757 5191 2945 5262 stulti,
3000 5193 3083 5248 sic
3151 5193 3452 5262 facientes,
3511 5195 3568 5247 et
3620 5191 3743 5248 illis

2083 5283 2258 5337 etiam
2284 5282 2562 5338 irridendi
2608 5281 2956 5353 temerariis,
3008 5283 3058 5337 si
3101 5282 3250 5338 tales
3307 5299 3416 5338 nos
3465 5281 3747 5354 praebere-

2083 5388 2240 5441 mus,
2276 5376 2342 5427 ut
2372 5371 2594 5444 stupidi
2629 5371 2716 5426 vel
2747 5370 2965 5427 insani.
2996 5372 3368 5428 Sustinentes
3401 5377 3599 5428 autem
3631 5373 3745 5426 mi-

2083 5479 2194 5519 nas
2241 5468 2298 5520 et
2350 5463 2523 5534 bella,
2585 5479 2702 5517 non
2755 5462 2994 5517 thorace
3028 5461 3388 5531 muniemur,
3421 5478 3538 5518 non
3597 5465 3744 5531 cata-

2083 5550 2310 5623 phracti
2345 5551 2588 5621 erimus,
2623 5567 2737 5606 non
2772 5554 2979 5621 potens
3021 5566 3395 5608 assumemus
3428 5550 3741 5622 auxilium,

2080 5641 2182 5696 sed
2205 5639 2478 5697 manibus
2509 5639 2730 5714 ligatis,
2763 5643 2844 5708 et,
2876 5643 2941 5695 ut
2966 5640 3202 5709 dicitur,
3255 5642 3316 5699 in
3373 5641 3746 5702 testudinem

2080 5731 2370 5806 inclinati,
2407 5731 2596 5805 capite
2627 5731 2987 5790 excidemus.
3022 5733 3098 5790 At
3117 5737 3533 5807 reputaremus
3593 5731 3754 5790 occi-
