4082 6376
345 425 463 485 6H

1123 423 1546 486 EUSTATHH
1589 423 2361 488 THESSALONICENSIS
2408 427 2998 491 METROPOLITE

3649 439 3774 500 612

344 576 506 617 sores
535 560 744 628 nostri,
793 559 881 614 vel
932 559 1140 614 saltem
1201 559 1272 614 de
1321 562 1520 615 nostra
1553 558 1728 614 ruina
1758 562 1962 615 senten

2105 564 2206 628 τῆς
2233 556 2497 637 κεφαλῆς.
2539 560 2643 618 Καὶ
2701 559 3090 640 λογισθείημεν
3147 562 3210 621 ἃν
3259 565 3296 636 ἢ
3357 567 3680 647 αὖτοφόντα,
3733 570 3772 641 ἢ

341 651 484 706 tiam
519 651 769 706 ferentes
794 668 806 717 ;
839 649 1236 704 calumniator
1259 652 1453 703 autem
1479 653 1545 703 ut
1573 666 1707 704 vera
1747 647 1996 720 loquens

337 740 657 796 honorifice
689 738 1186 793 salutaretur.Res
1211 754 1324 791 non
1353 742 1440 791 est
1469 737 1747 792 omnibus
1780 737 1994 792 facilis.

336 830 460 885 Non
495 833 689 884 autem
724 828 868 883 alias
900 844 965 881 ex
997 827 1476 898 aggredientibus
1509 827 1850 882 omnimodo
1893 843 1994 882 cu-

339 919 704 974 stodiemus:
743 918 842 972 sed
877 915 1026 970 male
1050 917 1381 981 audientes,
1409 931 1478 970 ex
1500 916 1852 972 necessitate
1892 933 1994 988 per

334 1008 803 1064 maledictionem
836 1005 1345 1075 respondebimus,
1377 1010 1435 1060 et
1483 1005 1828 1074 meretricie,
1861 1022 1989 1076 quae

336 1115 451 1153 non
488 1097 660 1151 licent
684 1112 788 1150 nec
819 1095 1194 1165 conveniunt,
1229 1094 1580 1166 garriemus.
1618 1095 1987 1166 Sapientium

335 1203 439 1243 nec
470 1187 626 1241 istud
660 1189 766 1252 est,
800 1188 958 1239 recta
989 1183 1217 1239 ratione
1247 1184 1390 1238 dum
1433 1183 1647 1254 aliquis
1691 1183 1986 1257 dirigitur.

403 1295 491 1348 36.
515 1293 725 1348 Hortor
753 1291 937 1365 igitur
991 1308 1090 1348 eos
1145 1291 1242 1362 qui
1290 1291 1418 1346 sine
1450 1291 1803 1347 discretione
1847 1297 1987 1349 sunt

332 1389 396 1439 ut
427 1401 459 1438 a
489 1382 796 1438 scribendo
821 1380 1450 1452 judicandoque,sicut
1478 1380 1624 1453 ipsis
1656 1380 1868 1452 placet,
1894 1383 1985 1438 de-

330 1474 1066 1538 sistant,conenturautem
1107 1469 1325 1524 imitari
1351 1468 1601 1540 pictores
1615 1470 1712 1541 qui
1756 1471 1987 1542 ﬁngunt

329 1562 389 1617 in
423 1565 727 1616 accuratos
759 1559 1303 1630 characteres,quos
1334 1575 1447 1613 non
1483 1575 1613 1614 esse
1646 1558 1822 1616 falsos
1854 1576 1981 1614 cer-

327 1655 456 1708 tum
487 1654 829 1718 est,necnon
854 1647 1090 1720 judices
1121 1646 1357 1704 sedulos
1384 1665 1450 1703 ac
1501 1649 1741 1720 proinde
1771 1653 1982 1720 rectos,

330 1745 395 1796 ut
443 1755 678 1812 quoque
738 1740 888 1794 Deus
939 1736 1235 1794 similibus
1286 1753 1384 1793 eos
1433 1737 1674 1809 objiciat
1709 1739 1977 1810 judiciis.

327 1829 490 1896 Quod
521 1828 570 1883 si
619 1825 1108 1897 conjecturaliter,
1162 1830 1218 1881 et
1261 1826 1585 1881 secundum
1663 1827 1978 1900 quamdam

2108 647 2255 702 ἀλλα
2275 650 2677 725 κατεγνωκότες
2704 653 2868 725 ἡμῶν
2896 655 3074 709 αὐτῶν
3108 655 3410 712 ἀπώλειαν·
3445 660 3473 713 ὁ
3521 656 3580 714 δὲ
3609 680 3773 715 συκο-

2107 759 2321 815 φαντων
2352 742 2855 816 προσκυνηθήσεται
2889 742 2966 804 ὠς
2997 743 3181 814 ἀληθῆ
3217 744 3425 802 λαλῶν.
3462 748 3575 803 Οὐκ
3623 746 3772 805 εὔκο-

2107 825 2204 882 λον
2235 825 2397 883 ἅπασι
2429 829 2491 883 τὸ
2545 835 2789 906 πρᾶγμα.
2822 830 2898 888 Οὐ
2936 830 3284 906 φυλαξόμεθα
3333 832 3391 888 δὲ
3437 838 3530 890 καί
3578 835 3767 902 ἄλλως

2102 916 2382 980 παντοίως
2412 918 2471 972 ἐκ
2508 923 2616 980 τῶς
2645 919 3198 994 κατεπιχειροόντων’
3261 928 3440 986 κακῶς
3493 924 3550 980 δὲ
3600 927 3763 982 ἀκού-

2103 1027 2253 1071 οντες
2283 1002 2877 1081 ἀντιϐλασφημήσομεν
2911 1006 2972 1062 ἐκ
3011 1009 3270 1085 ἀνάγκης,
3333 1013 3425 1066 καὶ
3482 1021 3759 1091 πορνικῶς

2101 1095 2511 1171 φλυαρήσομεν,
2544 1095 2577 1149 ἃ
2611 1097 2686 1169 μὴ
2720 1095 2912 1170 πρέπει
2943 1097 3033 1151 xui
3084 1098 3184 1153 οὐκ
3234 1098 3429 1172 ἔξεστι.
3489 1105 3764 1178 Φρονούν-

2097 1206 2207 1240 των
2239 1182 2363 1239 οὐδὲ
2389 1188 2574 1257 τοῦτο,
2599 1181 2704 1247 ἓως
2737 1184 2884 1262 ὀρθῷ
2918 1185 3168 1261 λογισμῷ
3197 1209 3278 1250 τις
3310 1186 3607 1260 διοικῆται.

2170 1291 2269 1362 λζ’.
2299 1290 2609 1369 Παρακαλῶ
2649 1292 2740 1347 οὗν
2791 1291 3019 1368 ἀφέσθαι
3079 1295 3173 1368 μὲν
3227 1295 3354 1359 τοὺς
3405 1295 3752 1374 άδισκρίτους

2095 1385 2211 1453 τοῦ,
2262 1381 2335 1443 ὡς
2386 1379 2571 1444 αὐτοῖς
2627 1378 2796 1453 δοκεῖ,
2839 1383 3061 1461 γράφειν
3137 1382 3224 1438 καὶ
3292 1385 3505 1459 κρίνειν·
3582 1387 3752 1461 ἁμιλ-

2097 1468 2292 1534 λᾶσθαι
2324 1467 2382 1524 δὲ
2412 1469 2486 1534 εἲς
2519 1469 2634 1524 ζ’σον
2670 1467 2924 1546 ἔρχεσθαι
2953 1471 3041 1526 καὶ
3095 1473 3400 1552 ζωγράφοις
3456 1475 3747 1550 βάπτουσιν

2095 1559 2173 1621 εἷς
2223 1554 2466 1636 ἀκριϐεῖς
2512 1566 2886 1635 χαρακτῆρας,
2951 1560 3043 1624 οὕς
3077 1559 3176 1616 οὐκ
3234 1559 3346 1618 ἔστι
3395 1561 3754 1642 ψευδεπιγρά-

2095 1671 2227 1726 φους
2298 1651 2452 1720 εἶναι,
2526 1648 2616 1704 xui
2691 1654 2902 1723 κριταῖς
2979 1649 3338 1724 ἕξεταστικοῖς
3413 1653 3505 1707 καὶ
3581 1654 3755 1720 οὕτως

2093 1737 2298 1813 ὀρθοῖς,
2334 1735 2429 1792 *ίνα
2483 1737 2574 1792 καὶ
2623 1738 2651 1792 ὁ
2702 1738 2833 1802 Θεὸς
2884 1738 3082 1802 αὐτοὺς
3139 1735 3474 1817 παραϐάλλῃ
3536 1741 3757 1816 ὁμοίαις

2089 1829 2345 1900 κρὶσεσιν.
2378 1827 2464 1887 Ὡς
2497 1823 2551 1879 εἷ’
2573 1846 2632 1902 γε
2691 1831 3070 1902 ποχαστικῶς
3129 1829 3224 1884 xui
3269 1829 3405 1885 κατά
3433 1852 3555 1886 τινα
3612 1830 3754 1887 εἴκο-

325 1916 920 1984 verisimilitudinem,
984 1921 1040 1971 et
1085 1915 1496 1971 deductionem
1550 1933 1619 1971 ex
1672 1917 1966 1989 principiis

2086 1913 2344 1989 τολογίαν
2375 1915 2464 1968 καὶ
2499 1913 2751 1969 ὑπόνοιαν
2796 1914 2854 1970 ἐκ
2910 1916 3368 1992 παρακούσματος
3425 1914 3751 1975 ἐπιϐάλλειν

328 2007 481 2064 male
513 2006 780 2079 cognitis,
809 2004 1224 2078 dispositiones
1257 2021 1460 2060 eorum
1493 2005 1592 2078 qui
1627 2005 1795 2062 nobis
1854 2007 1974 2062 noti

327 2101 486 2167 sunt,
540 2095 863 2152 modificari
914 2095 1208 2166 volumus,
1285 2099 1341 2150 et
1416 2095 1835 2151 discretionem
1901 2097 1970 2152 ad

323 2187 749 2260 ignoscendum
783 2203 898 2240 non
933 2184 1497 2255 aﬂ'erimus,recedet
1529 2202 1560 2240 a
1591 2185 1762 2241 nobis
1797 2185 1974 2257 quid-

321 2277 466 2351 quid
497 2275 708 2331 sociale
739 2274 1146 2347 est,quidquid
1181 2273 1428 2345 proinde
1461 2272 1974 2346 politicum,quid-

323 2367 461 2440 quid
493 2381 692 2421 amore
727 2369 930 2420 mutuo
964 2364 1276 2420 fundatum
1316 2367 1410 2432 ;et
1459 2364 1698 2418 tandem
1749 2369 1979 2435 oportet

323 2470 806 2526 unumquemque
839 2456 1221 2518 nostrum,ut
1270 2469 1404 2508 cum
1455 2451 1800 2509 hominibus
1860 2471 1976 2509 non

325 2547 423 2617 sit,
443 2550 636 2617 petere
666 2543 1071 2613 solitudinem,
1098 2558 1229 2597 cum
1253 2541 1441 2597 corvis
1463 2557 1657 2596 errare
1679 2542 1976 2614 quopiam,

326 2639 429 2692 aut
460 2634 663 2690 saltem
698 2633 757 2687 in
789 2633 1008 2688 mundo
1041 2647 1155 2686 non
1188 2631 1448 2699 esse,sed
1486 2635 1651 2687 trans
1681 2629 1976 2686 Oceanum

325 2725 604 2797 migrare.

387 2814 478 2871 37.
512 2814 581 2868 Et
605 2812 726 2867 haec
751 2809 988 2883 quidem
1023 2809 1092 2865 de
1124 2808 1456 2864 notioribus
1515 2809 1615 2882 qui
1665 2825 1980 2865 commune

322 2903 410 2960 sal
461 2904 846 2976 gustaverunt
903 2904 960 2954 et
1014 2903 1210 2954 tamen
1271 2897 1449 2953 simul
1501 2899 1681 2955 nimis
1712 2904 1980 2965 extranei

317 2995 698 3050 devenerunt.
736 2989 795 3046 Si
820 3006 954 3044 vero
1013 2987 1148 3060 quis
1198 2986 1426 3043 nullum
1479 2988 1834 3062 principium
1885 2987 1973 3044 vel

315 3084 553 3138 initium
586 3078 937 3152 cognitionis
967 3078 1214 3147 habens,
1245 3094 1350 3133 nec
1381 3077 1638 3134 hominis
1671 3078 1850 3134 vitam
1883 3078 1984 3134 aut

312 3173 562 3230 virtutes
586 3186 688 3226 aut
718 3185 895 3241 opera
927 3167 1083 3223 mala
1114 3167 1305 3223 sciens
1327 3211 1341 3236 ,
1393 3167 1693 3224 hominem
1729 3168 1980 3250 judicat,

311 3259 756 3333 inquisitionem
787 3257 1432 3330 negligit,condemnat,
1453 3262 1509 3312 et
1541 3259 1809 3330 protinus
1842 3256 1968 3311 vult

2084 2002 2344 2076 ἐθέλομεν
2371 2008 2490 2066 ταῖς
2547 2007 2653 2058 τῶν
2698 2003 2988 2082 γνωρίμων
3044 2007 3180 2078 ἡμῖν
3227 2004 3515 2078 διαθέσεσι,
3568 2009 3658 2064 καὶ
3690 2009 3752 2064 οὔ

2087 2091 2457 2167 διακρίνομεν,
2519 2093 2592 2156 ὡς
2673 2095 2765 2148 καὶ
2841 2101 3262 2171 συγγνωμονεῖν,
3324 2097 3612 2174 οἰχήσεται
3663 2100 3753 2177 ἀφ’

2085 2186 2246 2256 ἡμῶν
2278 2183 2339 2238 τὸ
2368 2183 2709 2254 κοινωνικὸν,
2740 2183 2829 2238 καὶ
2888 2184 3030 2240 οὕτω
3060 2184 3369 2256 πολιτικὸν,
3422 2187 3512 2242 καὶ
3548 2186 3751 2265 φιλάλ-

2089 2272 2286 2344 ληλον·
2339 2273 2431 2328 καὶ
2461 2273 2572 2349 χρὴ
2603 2277 2701 2327 τοῦ
2732 2271 2932 2328 λοιποῦ
2960 2270 3187 2330 ἕκαστον
3219 2277 3379 2349 ⁴ἡμῶν
3423 2275 3745 2352 ἐρημάζειν,

2090 2363 2164 2423 ὡς
2219 2363 2293 2433 μή
2349 2364 2464 2435 μετ’
2511 2363 2812 2437 ἀνθρώπων
2839 2363 2995 2432 εἶναι,
3027 2362 3176 2420 ἀλλὰ
3200 2387 3304 2420 που
3335 2366 3470 2420 κατᾶ
3498 2366 3746 2440 κοράκων

2089 2452 2592 2524 ἀποπλανᾶσθαι,ἢ
2639 2453 2785 2510 ἀλλά
2847 2451 2987 2528 μηδὲ
3044 2453 3097 2510 ἐν
3157 2453 3351 2533 κόσμῳ
3411 2457 3566 2528 εἶναι,
3622 2456 3750 2515 ἀλλ’

2059 2577 2063 2581 -
2089 2541 2314 2614 ἐξωκεαν
2327 2541 2545 2607 ίςεσθαι.

2162 2811 2263 2882 λζ’.
2323 2813 2422 2868 Καὶ
2477 2816 2644 2868 ταῦτα
2701 2813 2795 2887 μὲν
2843 2812 2968 2890 περὶ
3019 2817 3128 2868 τῶν
3176 2813 3634 2893 γνωριμωτέρων,
3687 2814 3740 2870 οἵ

2091 2902 2179 2958 καὶ
2210 2907 2398 2958 κοινοῦ
2449 2899 2584 2963 ἁλὸς
2641 2901 2943 2978 ἰγεύσαντο,
2996 2904 3087 2958 xui
3136 2900 3326 2967 ἄλλως
3375 2906 3517 2978 ὁμοῦ
3575 2903 3744 2975 ἦλθον

2093 2991 2467 3069 ξενικώτερον.
2527 2991 2591 3046 Εἰ
2642 2989 2700 3046 δέ
2744 3013 2827 3054 τις
2886 2989 3157 3066 μηδεμίαν
3210 2990 3353 3069 ἔχων
3409 2993 3664 3071 ἀφορμὴν
3709 2993 3744 3064 ἢ

2094 3083 2272 3159 ἀρχὴν
2303 3080 2740 3158 γνωριμότητος,
2804 3078 2945 3155 μηδὲ
2988 3078 3147 3142 εἷ’δὼς
3197 3081 3486 3156 ἀνθρώπου
3534 3082 3570 3150 ἢ
3627 3081 3746 3156 βίον

2092 3173 2127 3242 ἢ
2189 3170 2582 3246 ἀγαθοπραξίας
2639 3169 2674 3239 ἢ
2734 3171 2898 3232 κακὰς
2954 3168 3252 3244 ἐνεργειας,
3307 3168 3474 3242 κρίνει
3533 3166 3741 3244 ἄνθρω-

2092 3282 2214 3329 πον,
2265 3257 2378 3315 οὐδ’
2427 3254 2798 3331 ἠκριϐώσατο,
2867 3258 2956 3312 καὶ
3018 3256 3344 3331 κᾶνακρίνει,
3398 3257 3487 3311 xui
3538 3257 3732 3313 αὐτίκα

313 3309 756 3333 --π---η-ν-ν-
791 3309 1432 3330 --ονοη,ηηηη---τ-,
1461 3309 1506 3312 --
1541 3309 1805 3330 rum—ﬁ

313 3351 427 3424 ipsi
461 3350 747 3405 rationem
782 3347 1100 3418 imponere,
1137 3348 1204 3402 ad
1263 3346 1606 3418 hujusmodi
1669 3347 1960 3402 hominem

2100 3309 2214 3329 .--.,
2270 3309 2358 3315 ν--
2433 3309 2798 3331 -,--,.-νη--.--,
3281 3309 3291 3310 κ
3331 3309 3343 3323 ,

2083 3347 2248 3404 ἐθέλει
2297 3350 2384 3404 xui
2436 3347 2659 3412 εὐθύνας
2711 3346 2858 3418 αὐτῷ
2907 3310 3197 3420 ἐπιφέρεινί
3227 3341 3408 3408 οὐδείς
3462 3367 3555 3420 μοι
3587 3346 3726 3422 πρὸς

314 3441 544 3496 nullum
575 3438 760 3493 habeo
809 3453 1162 3504 sermonem,
1215 3454 1317 3492 nec
1370 3438 1542 3492 modo
1595 3435 1962 3508 propositum

312 3529 597 3587 talentum
630 3527 858 3583 homini
889 3525 987 3581 tali
1019 3525 1293 3598 subjieio.
1328 3527 1457 3598 Ipse
1510 3525 1668 3580 enim
1721 3540 1964 3596 prorsus

311 3623 402 3676 est
432 3619 672 3692 ignarus
701 3616 1088 3689 dijudicandi,
1123 3632 1228 3671 nec
1259 3631 1435 3671 sensu
1469 3615 1812 3670 sanus.Ideo
1845 3628 1961 3666 non

309 3709 534 3781 aliquid
566 3707 714 3764 lucri
749 3707 963 3763 faceret
993 3705 1270 3774 mihi,nec
1305 3721 1406 3775 per
1429 3718 1682 3768 me,meo
1711 3699 1960 3756 Domino

310 3801 482 3870 cujus
512 3815 642 3855 sum
675 3795 1328 3854 thesaurarius.Verum
1360 3793 1485 3864 ipse
1507 3791 1747 3862 quidem
1776 3790 1958 3847 alium
2029 3851 2031 3853 ,

307 3888 568 3960 inquirat
625 3884 1077 3942 numularium:
1125 3898 1231 3953 ego
1289 3898 1421 3936 vero
1453 3880 1553 3936 Dei
1609 3879 1956 3936 thesaurum

307 3977 651 4034 exhauriam
683 3976 742 4030 in
765 3989 976 4030 manus
989 3970 1290 4026 hominem
1309 3969 1622 4026 scientium
1649 3968 1730 4024 illi
1755 3969 1956 4025 adhae-

307 4081 433 4122 rere
495 4065 802 4138 ipsiusque
860 4061 1222 4116 voluntatem
1301 4059 1528 4129 l'acere,
1581 4076 1696 4115 non
1755 4064 1954 4116 autem

297 4154 523 4210 intente
557 4150 826 4227 prosequi
854 4148 1150 4220 judicium
1185 4147 1500 4216 malum,ut
1529 4149 1705 4204 etiam
1733 4151 1953 4205 donum

296 4244 618 4300 aestimetur
639 4240 786 4297 illud
811 4238 1076 4294 divinum
1101 4237 1349 4310 ideoque
1372 4255 1487 4294 non
1521 4239 1945 4309 abjiciendum.

369 4351 459 4406 38.
493 4349 716 4404 Habere
741 4347 1276 4402 commendandum
1298 4346 1463 4401 vobis
1488 4352 1544 4401 et
1575 4345 1731 4401 aliud
1764 4346 1949 4402 talen-

295 4443 444 4510 tum,
476 4438 588 4493 hoc
620 4441 710 4492 est
733 4436 970 4507 jejunii,
1031 4437 1185 4508 quod
1239 4440 1509 4490 nostrum
1570 4435 1951 4508 suspicamur

296 4527 662 4602 primitivum
702 4525 1069 4594 nutritorem,
1103 4523 1444 4596 praeclarum
1479 4541 1743 4597 germen,
1789 4527 1944 4596 quod

293 4617 521 4691 primus
553 4615 864 4688 paradisus
912 4614 1118 4680 edidit,
1169 4612 1263 4668 cui
1313 4612 1539 4669 fortiter
1595 4613 1946 4670 inhaerentes

2072 3439 2162 3492 τὸν
2192 3441 2436 3491 τοιοῦτον
2487 3435 2673 3510 λόγος,
2705 3431 2835 3488 οὐδὲ
2883 3434 2944 3488 τὸ
3002 3434 3257 3510 προτεθὲν
3308 3433 3427 3510 ἄρτι
3457 3433 3725 3490 ταλαντον

2072 3530 2150 3597 τῷ
2179 3523 2410 3598 τοιούτῳ
2441 3523 2712 3597 ἀνθρώπῳ
2752 3517 3167 3600 προϐάλλομαι.
3215 3523 3388 3585 Αὐτὸς
3443 3524 3544 3600 γὰρ
3593 3545 3729 3579 παν-

2070 3614 2246 3675 τελῶς
2296 3613 2509 3687 ἀμαθὴς
2543 3609 2860 3688 διακρίνειν,
2890 3612 2981 3668 καὶ
3013 3610 3139 3668 οὐδὲ
3187 3613 3420 3688 καθαρὸς
3450 3612 3724 3690 ἐχέφρωνο

2073 3699 2158 3757 διὸ
2209 3700 2334 3758 οὐδὲ
2362 3701 2847 3780 πραγματεύσηται
2880 3701 2940 3756 ἃν
2980 3723 3031 3757 τι
3084 3700 3276 3780 κέρδος
3322 3701 3468 3777 ἐμοὶ,
3516 3703 3606 3758 καὶ
3656 3701 3728 3759 δι’

2069 3791 2204 3865 ἐμοῦ
2233 3797 2312 3865 τῷ
2345 3793 2464 3866 ἐμῷ
2495 3792 2760 3866 Δεσπότῃ,
2808 3790 2870 3846 οῦ
2915 3789 3334 3868 θησαυροφύλαξ
3382 3790 3512 3867 ἐγώ.
3564 3790 3728 3848 ⁹Αλλ⁹

2069 3880 2227 3943 αὐτὸς
2290 3882 2382 3954 μὲν
2441 3879 2708 3956 ἐρευνάτω
2765 3877 3047 3950 δανειστήν
3101 3878 3308 3957 ἕτερον’
3374 3880 3478 3957 ἐγὼ
3533 3877 3722 3951 δὲτὴν

2065 3971 2230 4046 γάζαν
2259 3976 2356 4026 τοῦ
2389 3975 2522 4026 Θεοῦ
2552 3969 2834 4025 ἐκκενώσω
2866 3970 3173 4046 ἀνθρώποις
3223 3967 3421 4025 εἰδόσιν
3480 3968 3726 4046 ἐπιστρέ-

2065 4064 2251 4139 φεσθαι
2283 4059 2447 4116 αὐτοῦ
2475 4060 2564 4115 καὶ
2591 4064 2765 4114 ποιεῖν
2792 4060 2854 4114 τὸ
2885 4061 3049 4115 αὐτοῦ
3079 4058 3318 4133 θέλημα,
3349 4057 3412 4114 οὐ
3447 4061 3555 4132 μὴν
3601 4059 3724 4114 ἀτε-

2063 4156 2169 4212 νῶς
2221 4151 2541 4226 ἀντέχεσθαι
2597 4154 2693 4204 τοῦ
2751 4155 3213 4225 καταγνωμονεῖν,
3284 4149 3358 4210 ὡς
3408 4148 3498 4203 καὶ
3549 4146 3725 4226 δῶρον

2061 4242 2314 4317 ἡγεῖσθαι
2353 4239 2482 4296 αὐτὸ
2515 4246 2655 4304 θεῖον
2689 4239 2780 4294 καὶ
2813 4239 2984 4303 οὕτως
3018 4233 3428 4310 ἀναπόϐλητον.

2134 4346 2242 4419 λη’.
2273 4349 2430 4424 Ἔχω
2458 4349 2776 4423 παραθεῖναι
2809 4347 2936 4421 ὑμῖν
2967 4346 3058 4401 καὶ
3115 4343 3256 4401 ἄλλο
3299 4343 3592 4417 τάλαντον,
3624 4346 3715 4402 τὸν

2062 4462 2091 4490 ‹‹
2142 4445 2242 4507 τῆς
2299 4438 2574 4508 νηστείας,
2632 4460 2659 4487 ››
2713 4437 2780 4505 ἧς
2845 4435 3189 4511 ἐναρχόμεθα
3244 4441 3346 4506 τῆς
3408 4435 3716 4512 άρχεγόνου

2058 4529 2217 4600 ἡμῶν
2257 4531 2508 4595 τιθηνοῦ,
2555 4529 2651 4580 τοῦ
2681 4525 2853 4581 καλοῦ
2896 4524 3306 4600 βλαστήματος,
3367 4525 3395 4580 ’ὀ
3427 4530 3647 4599 πρῶτος
3683 4527 3712 4581 ὁ

2058 4610 2382 4689 παράδεισος
2435 4611 2700 4691 ἐξέφυσεν,
2750 4610 2920 4689 οὗπερ
2975 4613 3027 4666 oi
3063 4613 3323 4689 γενάρχαι
3355 4613 3715 4690 ἀντεχόμενοι

293 4707 528 4781 generis
569 4709 837 4761 auctores
873 4721 985 4758 non
1021 4703 1227 4758 exinde
1258 4701 1489 4774 expulsi
1526 4702 1793 4767 fuissent,
1846 4721 1950 4775 per

2083 4706 2338 4779 ,Yxputﬁ');
2386 4700 2484 4756 οὐκ
2534 4700 2594 4755 ἃν
2646 4701 2845 4765 ἰκεῖθεν
2897 4700 3283 4780 άφωρίσθησαν
3318 4747 3332 4772 ,
3383 4699 3454 4758 δι’
3516 4703 3577 4758 οὗ
3625 4703 3714 4758 καὶ

292 4795 448 4868 quod
482 4811 668 4866 genus
699 4793 1048 4860 humanum,
1083 4792 1132 4846 si
1163 4791 1318 4861 velit,
1343 4791 1457 4847 huc
1489 4791 1942 4848 revertitur.lloc

288 4885 445 4942 enim
496 4890 653 4940 amat
698 4883 758 4939 in
792 4883 970 4938 Edem
1022 4882 1302 4936 reducere
1328 4880 1479 4937 ﬁlios
1509 4882 1716 4951 Adam,
1749 4887 1813 4936 ut
1861 4881 1942 4936 ibi

292 4991 426 5030 eum
459 4975 576 5030 illis
609 4975 800 5046 degat,
864 4971 960 5027 ubi
995 4970 1252 5043 primum
1283 4971 1586 5027 constituti
1635 4977 1809 5039 sunt;
1839 4970 1941 5026 sed

294 5065 616 5138 prasertim
649 5063 708 5118 in
740 5063 938 5134 ipsum
971 5059 1203 5130 ccelum,
1238 5060 1333 5115 ubi
1368 5060 1689 5131 plurimum
1713 5065 1801 5115 est
1829 5059 1943 5130 ipsi

292 5153 783 5228 partieipationie,
817 5151 873 5206 in
905 5152 1061 5223 quod
1093 5149 1309 5205 exaltat
1337 5166 1438 5207 eos
1469 5149 1589 5222 qui,
1626 5166 1729 5222 per
1753 5149 1942 5222 ipsius

291 5259 576 5315 amorem,
627 5241 1008 5299 elevationem
1063 5237 1177 5312 ipsi
1216 5240 1680 5309 convenientem,
1711 5239 1770 5294 id
1831 5243 1939 5306 est,

293 5332 614 5398 caelestem,
647 5331 938 5389 ambiunt.

363 5512 451 5565 39.
481 5512 584 5567 Ubi
619 5513 774 5568 enim
810 5511 949 5567 alibi
981 5511 1308 5584 spiritualis
1340 5511 1795 5583 apathia,quam
1831 5511 1944 5566 sibi

260 5642 262 5644 .
292 5601 566 5669 proponit
594 5600 926 5670 jejunium,
986 5599 1099 5656 nisi
1135 5601 1192 5656 in
1226 5599 1370 5657 coelo
1428 5601 1942 5672 sanctissimisque

295 5686 598 5742 ordinibus
630 5686 714 5741 illi
749 5688 1144 5758 degentibus?
1175 5692 1257 5744 An
1307 5690 1465 5744 enim
1518 5690 1733 5762 aliquis
1775 5694 1942 5761 putat

297 5773 478 5829 alium
510 5790 638 5831 esse
663 5775 872 5845 jejunii
903 5792 1170 5848 scopum,
1204 5783 1594 5850 praeterquam
1627 5779 1688 5836 in
1748 5784 1945 5838 mente

2051 4791 2216 4847 πάλιν
2248 4793 2309 4845 τὸ
2340 4792 2678 4867 ἀνθρώπινον
2728 4790 2896 4866 φῦλον
2942 4791 3297 4867 ἐπανέρχεται
3352 4791 3432 4855 εἲς
3483 4791 3712 4863 ἐκεῖνον,

2053 4879 2203 4957 εἴπερ
2261 4879 2458 4945 ἐθέλει.
2505 4879 2819 4936 Φιλονεικεῖ
2864 4882 2964 4958 γὰρ
3018 4877 3154 4951 αὕτη
3219 4879 3508 4958 ἐπανάγειν
3564 4882 3716 4947 αὖθις

2053 4969 2127 5032 εἷς
2175 4971 2273 5038 τὴν
2327 4967 2493 5044 Ἐδὶμ
2536 4969 2663 5032 τοὺς
2717 4968 2814 5025 τοῦ
2884 4967 3084 5043 Ἀδὰμ,
3139 4966 3233 5024 ’ἱνα
3292 4969 3404 5025 ὶκεῖ
3459 4968 3710 5046 συνδιάγῃ

2053 5059 2263 5127 αὐτοῖς,
2323 5054 2445 5114 ἔνθα
2499 5061 2598 5129 τὴν
2657 5060 2834 5135 ἀρχὴν
2898 5059 3233 5136 ἐτάχθησαν*
3300 5057 3539 5133 μάλιστά
3611 5057 3704 5130 μὲν

2055 5149 2146 5204 οὖν
2179 5149 2255 5212 εἷς
2307 5148 2531 5223 οὐρανὸν
2565 5150 2753 5220 αὐτὸν,
2787 5150 2924 5204 ὅπου
2955 5150 3044 5202 καὶ
3074 5150 3137 5204 τὸ
3185 5147 3377 5204 πλεῖον
3432 5155 3530 5216 τῆς
3576 5165 3698 5220 μετ·

2053 5239 2237 5301 νυσίας
2295 5237 2434 5294 ἐστὶν
2495 5239 2655 5313 αὐτῇ,
2710 5238 2786 5301 εἷς
2835 5239 2891 5294 ὃν
2943 5239 3126 5315 ἀνάγει
3179 5238 3304 5300 τοὺς
3335 5236 3387 5293 ἐν
3417 5240 3494 5308 τῷ
3525 5233 3700 5313 φιλεῖν

2055 5327 2211 5384 αὐτὸν
2272 5329 2587 5407 ἐφιεμένους
2646 5333 2742 5383 τοῦ
2799 5327 2935 5403 αὐτῇ
2983 5327 3289 5404 πρέποντος
3320 5325 3704 5400 άνυψώματος,

2051 5423 2149 5473 τοῦ
2174 5418 2309 5474 κατὰ
2349 5417 2599 5494 οὐρανόν.

2124 5507 2223 5563 λθ’.
2267 5505 2367 5562 Καί
2422 5512 2528 5562 ποῦ
2584 5505 2685 5584 γὰρ
2741 5504 2939 5571 ἄλλοθι
3000 5506 3225 5561 ἀπάθεια
3279 5505 3463 5580 νοερὰ,
3512 5505 3548 5575 ἡ
3606 5509 3708 5572 τῆς

2051 5597 2300 5668 νηστείας
2330 5597 2606 5672 πρόθεσις,
2668 5595 2796 5652 ἀλλ’
2842 5596 2878 5666 ἢ
2923 5595 2974 5651 ἐν
3027 5594 3240 5670 οὐρανῷ
3289 5593 3381 5650 καὶ
3425 5599 3544 5657 τοῖς
3596 5591 3718 5650 ἐκεῖ

2055 5687 2375 5763 ἁγιωτάτοις
2434 5686 2743 5762 τάγμασιν;
2808 5691 2878 5743 Ἦ
2937 5686 3036 5761 γὰρ
3107 5679 3277 5738 οἷέταί
3334 5706 3418 5747 τις
3475 5685 3714 5761 ἑτεροῖον

2056 5779 2193 5833 εἶναι
2241 5780 2311 5851 τῇ
2369 5775 2593 5850 νηστείᾳ
2639 5776 2864 5849 σκοπὸν,
2916 5775 2999 5832 δτι
3032 5775 3109 5849 μὴ
3139 5774 3202 5830 τὸ
3227 5773 3312 5840 ἐἷς
3339 5775 3469 5839 νόας
3512 5771 3713 5832 ἄπολε-
