4082 6370
255 397 373 460 613

1275 394 1356 455 IN
1399 392 1465 454 S.
1511 390 2194 464 QUADRAGESIMAM
2243 391 2537 454 ORATIO
2581 391 2663 452 ΙΙ.

3557 395 3679 455 614

249 531 441 584 πτῦναι
518 524 648 588 τοὺς
717 523 1031 596 νηστευτὰς,
1095 522 1186 580 καὶ
1246 523 1322 586 εἰς
1371 523 1628 587 ἀπάθειαν
1693 521 1900 576 ἀποκα-

2042 523 2316 596 expeditos
2343 525 2586 581 reddere
2633 525 2998 597 jejunantes,
3057 529 3115 582 et
3169 527 3391 600 absque
3448 529 3680 601 passio-

248 622 536 687 ταστῆσαι,
570 615 614 670 εἰ
648 614 741 670 καὶ
772 614 825 669 οἱ
855 612 907 668 ἐν
940 616 1076 687 ἡμῖν
1131 614 1288 688 μόγις
1325 613 1424 682 τὴν
1488 610 1906 686 μετάιοπάθειαν

254 709 656 780 κατορθοῦσινς
706 701 1100 779 Ἀγγελοποιὸν
1166 703 1271 778 γὰρ
1338 704 1373 772 ἡ
1434 701 1657 772 νηστεία
1710 699 1913 776 τρόπον

255 795 411 863 τινὰ,
471 793 550 855 οἷς
601 789 693 846 8ιά
743 790 1031 866 ίσαγγέλου
1100 791 1222 868 βίου
1273 791 1350 854 είς
1399 789 1730 865 αὐτόχρημα
1789 792 1914 843 νοῦν

259 882 652 940 ἀπολεπτύνειν
727 881 1043 956 προτίθεται
1116 881 1209 936 τὸν
1285 879 1632 952 νηστεύοντα,
1692 878 1768 940 εἰς
1826 877 1916 932 καὶ

262 973 467 1035 ἐκεῖνος
513 972 586 1033 ὡς
630 969 868 1026 ἐπιπολὺ
910 968 1000 1025 διὰ
1043 970 1106 1025 τὸ
1136 969 1284 1025 κάτω
1315 971 1502 1046 βρίθον
1533 973 1630 1023 τοῦ
1663 968 1919 1041 σώματος

263 1061 353 1118 καὶ
384 1058 579 1136 γεῶδες
624 1058 952 1136 ἀπροσφυῶς
1001 1053 1118 1135 ἔχει
1158 1058 1225 1132 τῇ
1257 1057 1482 1132 τοιαύτῃ
1530 1064 1632 1127 τῆς
1662 1056 1918 1127 νηστείας

262 1149 532 1228 προθέσει.
583 1148 773 1206 Οἷκεία
823 1147 1000 1203 τοίνυν
1048 1147 1140 1203 καὶ
1198 1145 1510 1224 παραδείσῳ
1563 1147 1652 1202 καὶ
1703 1145 1918 1220 οὐρανῷ

261 1243 296 1311 ἡ
364 1236 606 1309 νηστεία,
657 1237 748 1292 καὶ
805 1235 901 1292 δύο
951 1235 1105 1293 οὗτοι
1171 1237 1330 1292 τόποι
1401 1241 1706 1312 πατριῶται
1779 1235 1916 1309 αὐτῇ

259 1327 616 1404 καταγωγαὶ,
703 1324 859 1404 φίλαι
943 1331 1023 1396 τῷ
1100 1332 1217 1399 Θεῷ
1294 1330 1488 1402 ψυχῶν
1573 1323 1922 1394 ἀναπαύσεις,

258 1413 596 1494 ἀπρόσϐατοι
631 1413 876 1490 δαίμοσι·
944 1412 1028 1471 διὸ
1083 1416 1174 1470 καὶ
1232 1417 1434 1494 ἀμφοῖν
1491 1415 1706 1470 τούτοιν
1761 1414 1923 1490 ἐγκα-

259 1510 443 1579 θιστᾷν
474 1509 509 1576 ἡ
542 1504 764 1576 νηστείᾳ
799 1503 1062 1579 βούλεται
1093 1504 1221 1568 τοὺς
1251 1503 1434 1566 καλῶς
1465 1503 1600 1578 αὐτῇ
1632 1503 1923 1581 χαίροντας

261 1598 350 1652 καὶ
409 1594 548 1652 κατὰ
605 1594 805 1649 σκοπὸν
878 1593 1074 1670 ὀρθὸν,
1150 1594 1212 1656 ’ὸς
1282 1592 1563 1649 εύοδοῦται
1618 1591 1706 1649 διὰ
1754 1592 1926 1666 μόνης

271 1684 453 1761 ἀγάπη
464 1707 488 1747 ς
498 1728 509 1740 .

347 1794 420 1867 μ’.
455 1789 595 1850 Οὐδὲ
625 1791 730 1867 γὰρ
764 1787 890 1846 οὐδὲ
912 1789 974 1845 τὸ
1003 1796 1102 1860 τῆς
1159 1788 1404 1862 νηστείας
1435 1789 1602 1845 καλὸν
1652 1783 1924 1863 μέταλλον

2025 613 2198 668 nibus
2226 613 2472 680 efﬁcere,
2504 613 2639 670 licet
2667 615 2764 687 qui
2798 620 2939 671 sunt
2965 615 3024 670 in
3057 615 3229 671 nobis
3258 616 3348 672 vix
3379 618 3434 672 in
3462 620 3683 691 passio-

2027 702 2201 757 nibus
2231 703 2653 759 moderantiam
2686 710 3128 777 consequantur
3150 705 3178 759 ?
3206 706 3472 778 Namque
3527 710 3679 781 jeju-

2028 791 2190 846 nium
2222 791 2420 864 aliquo
2453 795 2625 848 modo
2657 795 2918 850 similare
2950 795 3088 849 facit
3117 795 3357 865 angelis,
3392 802 3680 867 quantum

2028 898 2133 954 per
2161 881 2335 936 vitam
2368 882 2688 954 angelicam
2717 884 2787 939 ad
2826 900 3020 939 veram
3073 886 3288 940 mentis
3333 887 3683 942 tenuitatem

2029 970 2304 1026 conducit
2325 971 2714 1041 jejunantem,
2747 972 2881 1027 licet
2910 973 3008 1028 ille
3041 972 3391 1045 plerumque
3421 990 3524 1046 per
3580 976 3680 1030 de-

2030 1058 2172 1114 clive
2231 1076 2298 1114 ac
2355 1063 2629 1115 terrestre
2685 1061 2966 1133 corporis,
3015 1061 3352 1134 talijejunii
3388 1065 3686 1134 proposito

2031 1147 2359 1203 naturalem
2411 1148 2625 1204 habeat
2679 1151 3170 1207 contrarietatem.
3232 1152 3539 1224 Proprium
3599 1159 3690 1210 est

2032 1253 2168 1310 ergo
2201 1239 2472 1309 paradiso
2501 1238 2764 1310 caeloque
2786 1239 3105 1311 jejunium,
3136 1245 3194 1294 et
3224 1241 3338 1296 ista
3394 1242 3512 1297 duo
3561 1242 3690 1298 loca

2033 1331 2172 1382 sunt
2222 1326 2335 1398 ipsi
2394 1326 2568 1398 patrii
2614 1332 2840 1398 portus,
2875 1329 3154 1384 amabiles
3184 1330 3320 1397 Deo,
3353 1331 3687 1388 animarum

2033 1415 2580 1487 requies,inaecessi
2613 1416 2998 1485 daemonibus;
3029 1418 3278 1490 ideoque
3309 1421 3540 1477 duobus
3570 1421 3689 1478 illis

2027 1504 2322 1576 jejunium
2355 1506 2709 1561 constituere
2737 1504 2864 1560 vult
2893 1521 2991 1561 eos
3023 1507 3122 1578 qui
3176 1507 3438 1580 pulchre,
3489 1511 3690 1580 juxta-

2037 1610 2150 1667 que
2182 1601 2402 1650 reclum
2430 1611 2694 1666 scopum,
2729 1594 2830 1666 qui
2861 1595 2985 1651 sola
3014 1596 3159 1652 bene
3189 1597 3463 1670 dirigitur
3501 1599 3694 1656 chari-

2035 1687 2176 1747 tate.
2207 1683 2336 1756 ipso
2368 1684 2658 1740 laetantur.

2110 1790 2196 1844 40.
2229 1790 2343 1845 Nec
2373 1791 2530 1845 enim
2563 1789 2878 1862 pulchrum
2917 1792 3131 1864 jejunii
3192 1791 3495 1850 metallum
3555 1812 3689 1851 eum

266 1879 618 1953 ἀνεπίμικτόν
687 1877 796 1933 ἐστι
861 1883 981 1940 τοῖς
1025 1877 1382 1954 ἀγαπητικοῖς
1435 1878 1691 1954 χρυσέοις
1751 1877 1926 1952 εύρήο

2043 1878 2345 1934 charitatis
2402 1879 2594 1934 aureis
2652 1896 2768 1935 non
2819 1881 3236 1937 commiseetur
3264 1882 3557 1952 inventis;
3590 1885 3691 1940 sed

267 1989 449 2044 μασιν’
512 1966 660 2024 ἀλλᾶ
689 1969 781 2023 καὶ
831 1968 969 2041 αὐτῇ
1019 1967 1083 2023 τὸ
1134 1969 1330 2045 ἀγαθὸν
1378 1972 1540 2023 τοῦτο
1573 1966 1926 2041 ἀνακέκραται

260 2059 398 2124 καθά
471 2058 564 2113 καὶ
636 2062 756 2119 τοῖς
833 2056 940 2133 πρὸ
1012 2056 1203 2126 αὐτῆς.
1275 2055 1374 2111 Καὶ
1434 2053 1658 2129 οἷ’δαμεν
1706 2057 1925 2124 πάντες,

264 2148 416 2210 ὅσοις
469 2148 684 2221 μέτεστι
740 2150 836 2202 τοῦ
900 2142 1120 2214 εἰδέναι,
1176 2144 1258 2200 ὅτι
1319 2143 1408 2200 διὰ
1454 2145 1703 2214 νηστείας
1744 2145 1924 2220 ἀγάπη

266 2234 601 2312 περεγίνεται
660 2237 833 2308 ἡμῖν,
894 2235 958 2288 οὐ
1023 2234 1187 2306 μόνον
1248 2237 1308 2304 ἡ,
1369 2234 1445 2296 ὡς
1505 2234 1564 2288 ἂν
1618 2255 1702 2296 τις
1757 2230 1927 2303 εἷ’ποι,

271 2324 572 2400 έγκάθετος,
631 2322 777 2379 ἀλλὰ
831 2323 922 2378 καὶ
981 2326 1017 2392 ἡ
1077 2317 1432 2396 μεταϐατικὴ,
1495 2322 1530 2391 ἢ
1592 2323 1683 2378 καὶ
1743 2320 1931 2385 ἄλλως

276 2413 496 2491 φράσαι,
563 2415 598 2483 ἡ
674 2411 988 2481 αὐτοπαθής
1047 2413 1134 2466 καὶ
1213 2410 1559 2483 ἀλλοπαθής.
1639 2412 1798 2486 Λέγω
1875 2407 1934 2464 δὲ

277 2503 558 2580 ἐγκάθετον
622 2504 717 2577 μὲν
776 2504 866 2557 καὶ
924 2501 1201 2572 αὐτοπαθῆ
1237 2503 1447 2579 ἀγάπην
1506 2503 1605 2572 τὴν
1657 2501 1931 2574 έμπεριω-

277 2594 540 2669 ρισμένην
607 2596 690 2665 τῷ
759 2594 1024 2664 νηστευτῇ
1103 2590 1251 2663 αὐτῷ
1321 2588 1510 2663 ἐκείνῳ
1585 2590 1674 2645 καὶ
1758 2589 1930 2663 μόνῳ.

278 2687 539 2745 Τοιοῦτος
597 2679 658 2737 δὲ
713 2683 741 2737 6
816 2681 1127 2754 καταμόνας
1198 2679 1280 2735 ἐπ’
1339 2677 1520 2736 ἐλπίδι
1575 2683 1644 2754 τῇ
1706 2678 1758 2735 ἓν
1817 2681 1934 2752 Θεῴ

279 2777 572 2842 κατοικῶν,
617 2773 709 2827 καὶ
754 2771 806 2826 ἐν
855 2771 1062 2846 ἐρημίᾳ
1110 2767 1332 2845 διάγων,
1383 2769 1434 2825 έν
1462 2769 1500 2845 ᾗ
1561 2771 1723 2844 μόνος
1779 2769 1937 2825 αὐτὸν

286 2861 542 2936 ὁΚύριος
602 2859 998 2916 ἐπισκέπτεται.
1057 2861 1119 2918 Ὁ
1161 2864 1408 2922 τοιοῦτος
1466 2859 1567 2934 γὰρ
1625 2860 1800 2931 ἑαυτῷ
1833 2879 1935 2932 μο-

285 2953 461 3024 ναχοῦ
493 2947 686 3026 ἐγκαθη
699 2947 860 3022 μένην
896 2948 1014 3026 ἔχει
1039 2949 1140 3019 τήν
1171 2950 1405 3025 ἀγάπην,
1446 2948 1537 3004 καὶ
1568 2949 1732 3011 αὐτὸς
1767 2949 1938 3021 μόνος

281 3039 483 3114 πάσχει
511 3039 574 3093 τὸ
602 3037 937 3094 τελειοποιὸν
965 3041 1128 3093 τοῦτο
1153 3038 1346 3107 πάθος,
1399 3038 1501 3093 οὐκ
1549 3035 1798 3108 ἐξαπλῶν
1843 3039 1939 3098 τὰς

274 3129 376 3190 τῆς
404 3125 600 3201 ἀρετῆς
632 3126 847 3188 ἀκτῖνας
882 3125 959 3188 εἷς
990 3124 1200 3200 λάμψιν
1231 3126 1322 3181 καὶ
1354 3123 1570 3194 ἄλλοις,
1621 3125 1695 3189 ὠς
1751 3124 1878 3201 οὐδὲ
1910 3127 1938 3182 ὁ

280 3198 467 3284 ἥλιος,
503 3213 552 3268 ἐν
587 3213 698 3287 ὅσῳ
727 3213 1020 3290 κρύπτεται
1052 3198 1154 3269 ὕπο
1185 3221 1313 3290 γῆν.
1833 3198 1842 3209 ’

2043 1973 2100 2024 et
2129 1967 2286 2023 istud
2322 1967 2540 2023 bonum
2569 1967 2707 2041 ipsi,
2739 1969 2892 2025 sicut
2947 1973 3005 2025 et
3059 1969 3253 2043 ipsum
3314 1972 3693 2044 praecedenti-

2033 2057 2168 2124 bus,
2225 2057 2601 2112 admiscetur.
2663 2058 2895 2114 Scimus
2953 2075 3177 2124 omnes,
3240 2061 3694 2134 quibuscunque

2037 2146 2214 2202 datur
2241 2145 2410 2214 scire,
2434 2146 2780 2202 charitatem
2804 2147 2864 2202 in
2896 2148 3065 2203 nobis
3096 2165 3128 2203 a
3145 2150 3374 2220 jejunio
3405 2152 3693 2222 generari,

2038 2253 2154 2290 non
2188 2235 2376 2290 solum
2410 2251 2562 2304 eam,
2595 2253 2743 2306 quae,
2777 2237 2950 2291 ut'ita
2980 2237 3192 2308 dicam,
3227 2239 3522 2295 inharens
3563 2245 3696 2310 est;

2040 2324 2140 2380 sed
2199 2327 2256 2380 et
2301 2326 2857 2396 transgredientem,
2916 2326 3025 2394 vel,
3072 2332 3137 2381 ut
3165 2328 3332 2383 aliter
3360 2327 3697 2400 loquamur,

2041 2429 2170 2468 eam
2202 2429 2329 2484 quae
2364 2414 2434 2468 ad
2464 2430 2526 2468 se
2547 2413 2734 2469 tendit
2763 2418 2820 2468 et
2843 2431 2970 2471 eam
3005 2416 3175 2486 quaed
3199 2416 3270 2470 ad
3304 2417 3450 2472 alios
3499 2423 3698 2473 exten-

2043 2502 2222 2556 ditur.
2256 2501 2393 2557 Dico
2425 2507 2621 2557 autem
2652 2502 3008 2559 insidentem
3035 2509 3094 2559 et
3121 2506 3194 2560 ad
3240 2521 3303 2560 se
3359 2507 3698 2563 tendentem

2044 2589 2391 2646 oharitatem
2423 2607 2550 2661 qu
2581 2591 2652 2646 ad
2678 2591 3073 2661 jejunantem,
3099 2609 3346 2663 eumque
3376 2594 3706 2666 solum,cir-

2045 2679 2482 2735 cumscribitur.
2502 2679 2662 2735 Talis
2691 2686 2781 2736 est
2810 2680 2906 2736 ille
2936 2682 3034 2754 qui
3065 2698 3329 2738 seorsum
3362 2683 3421 2739 in
3454 2700 3557 2756 spe
3593 2687 3704 2742 Deo

2045 2769 2366 2825 inhaerente
2397 2769 2797 2838 constituitur,
2824 2774 2881 2825 et
2910 2770 2970 2825 in
3004 2787 3199 2827 eremo
3229 2772 3408 2827 vitam
3440 2775 3578 2844 agit,
3601 2775 3702 2828 ubi

2048 2858 2211 2914 solus
2241 2876 2374 2914 eum
2411 2859 2693 2914 Dominus
2724 2860 3075 2916 considerat.
3109 2861 3212 2917 Hic
3243 2863 3402 2919 enim
3442 2863 3703 2921 solitario

2047 2948 2396 3003 charitatem
2427 2948 2604 3003 habet
2633 2949 2789 3004 in'se
2819 2949 3197 3018 insidentem,
3249 2957 3306 3007 et
3361 2953 3488 3024 ipse
3543 2953 3701 3010 solus

2046 3037 2206 3092 illam
2244 3037 2639 3108 perﬁcientem
2669 3039 2847 3093 sentit
2879 3039 3244 3096 affectionem
3265 3041 3446 3112 hujus
3470 3041 3704 3099 virtutis

2049 3127 2244 3182 radios
2276 3127 2346 3182 ad
2380 3125 2697 3181 lucendum
2731 3127 2862 3184 aliis
2895 3145 3008 3183 non
3040 3131 3579 3202 expandens,sicuti
3602 3148 3708 3188 nec

2049 3215 2156 3286 sol,
2191 3221 2477 3287 quantum
2515 3218 2622 3272 sub
2655 3222 2808 3272 terra
2830 3219 3181 3290 contegitur.

349 3322 455 3392 μα’.
490 3322 587 3377 Καὶ
647 3321 874 3392 τοιαύτη
939 3322 1034 3395 μὲν
1091 3324 1126 3392 ἡ
1177 3321 1463 3400 ἐγκάθετος
1491 3323 1579 3378 καὶ
1614 3321 1926 3392 αὗτοπαθὴς

2115 3281 2392 3378 Iit-Talis
2423 3327 2514 3379 est
2543 3322 2780 3394 quidem
2813 3281 3091 3392 charitas,
3123 3328 3190 3380 ut
3215 3327 3406 3398 typice
3428 3327 3706 3382 breviter-

274 3408 479 3486 ἀγάπη,
539 3412 616 3473 ὡς
655 3411 810 3484 τύπῳ
867 3413 1025 3490 φάναι
1084 3410 1174 3466 καὶ
1225 3411 1516 3487 παχυλῶς’
1569 3413 1604 3482 ἠ
1660 3409 1718 3466 δὲ
1771 3431 1934 3484 μετα-

276 3495 471 3570 ϐατική
518 3500 608 3555 καὶ
641 3499 962 3570 ἀλλοπαθής
995 3499 1056 3556 οὐ
1087 3503 1406 3579 περιγράφει
1437 3502 1499 3556 τὸ
1547 3500 1715 3571 αὐτῆς
1763 3500 1929 3556 καλὸν

278 3585 357 3652 εἵς
387 3610 508 3645 τινα
534 3586 648 3658 ἕνα,
681 3587 946 3645 πλατύνει
996 3587 1054 3645 δὲ
1109 3590 1540 3666 αὖτομερίζουσα
1599 3589 1676 3652 εἷς
1728 3589 1928 3662 κοινὸν,

273 3681 394 3736 καθ’
452 3678 576 3736 ὅσον
639 3679 750 3735 οἶόν
807 3680 868 3735 τέ
923 3679 1063 3736 ἐστιν
1093 3722 1106 3736 .
1166 3681 1228 3738 Ὀ
1299 3684 1431 3756 γοῦν
1502 3681 1577 3753 μὴ
1652 3679 1930 3744 λανθάνων

275 3769 596 3845 ἀνθρώπους
651 3769 991 3840 τηστευτὴς,
1057 3765 1199 3843 μηδὲ
1254 3767 1589 3844 προθέμενος
1643 3769 1932 3845 ἀναχωρη-

271 3863 441 3921 τικῶς
472 3859 649 3934 βιοῦν,
707 3857 796 3914 καὶ
830 3856 972 3913 οὕτω
1025 3859 1101 3932 μὴ
1160 3859 1326 3931 μόνον
1383 3859 1724 3933 ἀνθρωπους,
1779 3856 1928 3929 ἀλλ’,

273 3948 324 4003 εἴ
381 3946 623 4018 δυνατὸν,
656 3948 745 4004 καὶ
777 3948 935 4003 αὐτὸν
986 3946 1149 4018 ἥλιον
1199 3947 1658 4020 ἀποκρύπτεσθαι,
1721 3947 1926 4026 φαίνειν

275 4037 333 4095 δὲ
355 4039 446 4095 καὶ
479 4039 665 4094 ἑαυτὸν
696 4039 788 4095 καὶ
834 4037 898 4094 τὸ
945 4040 1062 4094 κατ’
1113 4039 1273 4094 αὐτὸν
1326 4043 1440 4116 φῶς
1481 4038 1533 4094 ἐν
1563 4041 1632 4113 τῇ
1661 4043 1758 4093 τοῦ
1807 4038 1927 4114 βίου

277 4129 482 4202 σκοτίᾳ,
514 4130 603 4184 καὶ
641 4129 783 4185 οὕτω
813 4124 1182 4206 περίϐλεπτος
1214 4131 1371 4197 εἶναι,
1432 4127 1509 4190 εἷς
1539 4129 1602 4183 τὸ
1659 4127 1927 4204 θειότερον

275 4221 372 4286 τῆς
401 4219 620 4294 ἀγάπης
678 4217 952 4290 ἀπονεύει,
1002 4219 1088 4273 καὶ
1149 4216 1225 4280 εἷς
1250 4216 1416 4272 πλέον
1453 4217 1795 4289 ἐξομοιοῦται
1849 4222 1928 4289 τῷ

281 4311 414 4378 Θεῷ.
448 4309 546 4363 Καί
574 4309 674 4385 γάρ
703 4328 789 4362 τοι
842 4308 931 4362 καὶ
963 4308 992 4362 6
1024 4307 1152 4369 Θεὸς
1184 4307 1288 4362 οὐκ
1333 4306 1578 4381 ἀρκεῖται
1624 4305 1926 4382 στρογγυλ-

279 4392 510 4470 λόμενος
540 4395 616 4458 εἷς
648 4397 831 4451 ἑαυτὸν
892 4395 982 4450 καὶ
1032 4394 1272 4472 σφίγγων
1318 4393 1406 4448 καὶ
1456 4400 1814 4471 στενοχωρῶν
1865 4395 1927 4451 τὸ

275 4486 610 4562 αὐτάγαθον,
693 4484 819 4540 ἀλλ’
891 4484 1119 4558 ἐξαπλοῖ
1187 4483 1506 4539 ἐπεκτείνων
1537 4504 1549 4518 ·
1623 4485 1714 4539 καὶ
1785 4485 1927 4541 οὕτω

273 4573 543 4646 πληθύνει
590 4574 657 4630 τὰ
705 4572 1132 4649 εὐεργετούμενα
1180 4574 1254 4635 ὡς
1314 4573 1588 4628 ἑκάστοτε*
1649 4572 1732 4628 ὅτι
1787 4571 1928 4647 μηδὲ

2044 3428 2156 3485 que
2179 3412 2402 3483 loquar,
2450 3412 2718 3468 insidens
2777 3420 2831 3467 et
2888 3414 2999 3469 sibi
3061 3415 3346 3471 sentiens.
3409 3414 3512 3471 [lla
3569 3432 3702 3472 vero

2040 3501 2482 3574 transgrediens
2504 3506 2562 3557 et
2591 3503 2662 3557 ad
2695 3501 2842 3558 alios
2875 3503 3167 3574 aspirans,
3201 3504 3294 3560 sui
3327 3505 3546 3560 bonum
3589 3522 3705 3561 non

2042 3591 2474 3646 circumscribit
2495 3591 2565 3646 ad
2589 3608 2774 3646 unum
2799 3593 3244 3664 quemdam,sed
3269 3595 3337 3649 ad
3363 3611 3700 3666 commune,

2040 3681 2429 3753 quodcunque
2460 3681 2536 3736 sit
2559 3688 2614 3736 et
2638 3681 3449 3754 qualecunque,distribntiva
3481 3701 3700 3756 expan-

2039 3770 2146 3826 dit.
2179 3771 2283 3826 Hic
2307 3788 2445 3843 ergo
2481 3772 2582 3843 qui
2615 3788 2730 3828 non
2763 3771 3034 3828 homines
3068 3772 3208 3829 latet
3231 3775 3535 3845 jejunans,
3595 3793 3701 3831 nec

2041 3859 2152 3915 sibi
2186 3860 2496 3932 proposuit
2528 3860 2934 3917 anachoretica
2961 3861 3173 3931 vivere,
3209 3866 3267 3918 et
3298 3864 3402 3932 ita,
3427 3881 3541 3919 non
3571 3868 3704 3920 tan-

2038 3961 2164 4013 tum
2200 3948 2560 4017 hominibus,
2596 3951 2695 4005 sed
2730 3951 2928 4018 etiam,
2982 3951 3030 4006 si
3083 3951 3365 4023 possibile
3422 3953 3588 4022 foret,
3648 3959 3708 4010 et

2037 4034 2149 4109 ipsi
2182 4037 2292 4093 soli
2325 4038 2712 4094 absconditus
2747 4056 2898 4107 esse,
2931 4041 3308 4098 manifestare
3330 4059 3463 4098 vero
3496 4060 3706 4114 propo-

2033 4128 2154 4184 suit
2184 4134 2308 4183 tum
2339 4127 2746 4200 semetipsum,
2777 4133 2906 4184 tum
2943 4130 3098 4200 quod
3133 4130 3191 4184 in
3229 4146 3292 4186 se
3332 4136 3421 4187 est
3479 4132 3703 4200 lumen,

2037 4208 2096 4270 in
2129 4216 2260 4271 vitae
2288 4216 2566 4284 tenebris,
2585 4221 2643 4271 et
2674 4217 2754 4272 ita
2777 4219 3132 4290 conspicuus
3163 4236 3312 4287 esse,
3339 4221 3410 4275 ad
3441 4220 3522 4287 id,
3548 4222 3704 4293 quod

2036 4304 2276 4360 virtutis
2307 4309 2396 4360 est
2425 4305 2706 4377 divinius,
2739 4310 2794 4361 et
2835 4307 2996 4378 quod
3045 4312 3158 4363 Deo
3217 4309 3408 4380 magis
3467 4310 3706 4382 prepin-

2038 4399 2202 4466 quat,
2259 4394 2466 4450 tendit.
2515 4395 2742 4451 Etenim
2771 4395 2926 4451 Deus
2959 4397 3074 4452 non'
3107 4401 3420 4454 contentus
3452 4403 3542 4454 est
3570 4416 3707 4470 pro-

2037 4484 2232 4556 prium
2268 4484 2512 4550 bonum,
2548 4485 2947 4556 comprimens
2977 4491 3033 4541 et
3061 4488 3460 4555 coarctans,in
3495 4494 3707 4545 semet-

2036 4573 2231 4646 ipsum
2266 4574 2744 4646 conglobare,sed
2781 4577 3118 4647 expandens
3149 4577 3607 4646 evolvitillud;et
3624 4581 3706 4635 sio

272 4664 562 4734 ἐπαύσατο,
597 4666 686 4719 οἷα
742 4663 982 4735 καθάπαξ
1015 4662 1336 4740 ἐνεργήσας,
1360 4661 1508 4718 ἀλλὰ
1535 4664 1624 4719 καὶ
1672 4661 1778 4727 ἓως
1811 4662 1926 4742 ἄρτι

2044 4664 2216 4737 quasi
2277 4669 2556 4737 perpetuo
2614 4666 2918 4721 benefacta
2949 4666 3301 4740 multiplicat
3332 4683 3346 4722 :
3379 4685 3512 4724 nam
3551 4669 3703 4725 haud

279 4755 576 4830 ἐργάζεται.

355 4927 461 5004 μϐκ
522 4932 644 5002 Καὶ,
718 4931 862 4988 οὕτω
946 4934 1039 5007 μὲν
1098 4935 1132 5003 ὴ
1187 4931 1412 5005 νηστεία
1461 4937 1647 5009 κρᾶμα
1702 4932 1936 5008 χρύσεον

279 5020 524 5078 ἀλλοίων
579 5023 640 5078 τέ
680 5021 820 5078 ἐστιν
873 5025 1077 5096 ἀρετῶν
1127 5024 1216 5079 καὶ
1271 5021 1483 5099 ἀγάπης
1537 5023 1731 5092 αὐτῆς,
1766 5020 1837 5078 δι’
1866 5024 1933 5092 ἦς

276 5113 462 5168 καὶτὸ
508 5113 710 5178 ἀπαθὲς
772 5115 866 5187 μὲν
915 5118 1022 5169 τῶν
1068 5135 1178 5170 τισι
1221 5118 1528 5185 νηστευτῶν
1580 5113 1933 5190 περιγίνεται,

278 5202 358 5265 εἷς
386 5200 558 5258 πλέον
607 5201 665 5258 δέ
710 5225 772 5278 γε
825 5203 889 5259 τὸ
942 5202 1317 5279 μετριοπαθές.
1349 5205 1455 5260 Καὶ
1488 5204 1598 5259 ἐστι
1654 5204 1934 5280 μακαριώ-

274 5312 434 5347 τατον
492 5291 586 5365 μὲν
641 5290 814 5363 ἐκεῖνο
861 5291 1313 5365 κατορθούμενον,
1351 5293 1440 5346 ὅτε
1486 5313 1568 5353 τις
1615 5289 1833 5363 δηλαδή
1886 5291 1938 5353 ἐς

275 5384 539 5435 τοσοῦτον
571 5376 816 5454 ἀνδρεῖος
847 5379 1067 5454 γένηται
1117 5379 1252 5433 καθὰ
1283 5384 1467 5442 παθῶν
1516 5380 1606 5434 καὶ
1654 5379 1937 5455 ἀπρόσμα-

278 5488 410 5544 χος,
444 5470 520 5534 ὡς
552 5465 694 5541 μηδὲ
722 5466 937 5542 τολμᾷν
973 5466 1190 5540 ἐμπαθῆ
1244 5465 1514 5542 λογισμὸν
1564 5465 1937 5542 προσϐάλλειν

279 5557 452 5632 αὐτῷ,
517 5555 660 5632 μηδὲ
715 5562 1108 5634 κατορχεῖσθαι
1182 5557 1332 5628 αὐτῷ
1385 5556 1478 5612 τὸν
1550 5556 1941 5613 ἐπιστατοῦντα

280 5651 402 5709 τοῖς
461 5649 708 5710 τοιούτος
767 5645 1022 5721 δαίμονα,
1101 5645 1370 5700 Διάκειται
1447 5645 1552 5721 γὰρ
1610 5645 1638 5700 6
1690 5651 1941 5711 τοιοῦτος

288 5734 576 5814 ἄνθρωπος
607 5735 745 5815 πρὸς
773 5733 1039 5811 τὰπάθη,
1071 5734 1146 5798 ὡς
1194 5733 1240 5790 εἷ
1288 5733 1378 5789 καὶ
1435 5732 1649 5809 ἠγνόει,
1703 5733 1757 5790 τί
1809 5737 1942 5793 ποτέ

2045 4755 2263 4826 quievit
2294 4755 2432 4826 quia
2458 4754 2637 4810 semel
2665 4760 2940 4826 operatus
2987 4761 3096 4828 est,
3159 4758 3260 4812 sed
3312 4774 3500 4830 usque
3548 4776 3704 4815 nunc

2045 4843 2222 4899 etiam
2251 4848 2546 4914 operatur.

2117 4933 2206 4988 42.
2231 4933 2301 4987 Et
2330 4933 2412 4987 ita
2443 4932 2679 5004 quidem
2708 4933 3003 5004 jejunium
3062 4952 3238 4991 aurea
3295 4935 3455 4991 scala
3505 4941 3594 4991 est
3649 4941 3704 4992 et

2047 5026 2388 5077 emterarum
2449 5021 2737 5077 virtutum
2769 5027 2822 5077 et
2856 5023 3044 5094 ipsius
3074 5025 3398 5085 charitatis.
3433 5042 3550 5097 qua
3575 5025 3705 5097 qui-

2049 5111 2180 5165 dem
2207 5110 2606 5181 jejunantium
2634 5109 2931 5182 aliquibus
2963 5113 3202 5186 apathia
3231 5119 3564 5186 generatur,
3596 5132 3702 5170 see-

2048 5203 2186 5270 ptus
2217 5203 2414 5253 autem
2449 5197 2791 5270 passionum
2824 5202 3165 5258 moderatio.
3197 5204 3268 5259 Et
3323 5208 3413 5259 est
3468 5204 3703 5276 quidem

2049 5288 2146 5342 ille
2176 5286 2555 5342 felicissimus
2586 5304 2921 5355 successus,
2954 5293 3190 5363 quando
3221 5293 3354 5364 quis
3385 5295 3528 5350 adeo
3567 5310 3707 5350 con-

2047 5381 2140 5432 tra
2169 5376 2470 5448 passiones
2503 5377 2578 5431 sit
2609 5382 2666 5432 et
2696 5377 2972 5447 invictus,
3007 5385 3073 5436 ut
3108 5397 3224 5436 non
3279 5383 3492 5440 audeat
3537 5383 3708 5440 illum

2047 5465 2335 5522 lacessere
2363 5465 2597 5520 turbata
2629 5467 2777 5522 ratio
2813 5468 2977 5524 fortis
3010 5485 3116 5524 nec
3147 5469 3232 5523 illi
3265 5471 3551 5528 insultare
3608 5474 3708 5545 qui

2049 5555 2273 5610 talibus
2330 5559 2558 5626 praeest,
2599 5555 2890 5611 diabolus.
2926 5559 3010 5612 Ad
3044 5559 3354 5630 passiones
3383 5563 3541 5618 enim
3573 5562 3711 5620 talis

2052 5646 2228 5701 homo
2259 5660 2322 5700 se
2351 5644 2545 5715 habet,
2605 5645 2775 5716 quasi
2832 5663 2946 5702 non
3006 5655 3385 5719 cognosceret
3431 5652 3571 5724 quid
3635 5653 3714 5708 sit

2052 5733 2301 5804 malum,
2321 5737 2379 5790 et
2405 5734 2576 5807 quasi
2609 5752 2723 5793 non
2755 5739 2910 5794 esset
2938 5736 3115 5795 homo
3145 5740 3457 5813 subjaesns
3487 5743 3713 5815 passio-
