4082 6352
305 379 423 438 615

1080 376 1510 440 EUSTATBII
1554 375 1854 438 THESSA
1872 375 2328 437 LONICENSIS
2376 375 2960 442 METROPOLITJE

3612 384 3730 448 616

300 512 496 568 nibus.
530 512 600 568 Et
628 511 712 568 ita
742 511 982 584 quidem
1017 510 1139 567 illis
1170 527 1368 568 revera
1399 509 1779 568 felicissimus
1824 514 1912 567 est
1945 528 1957 567 :

2077 507 2187 565 ἔστι
2217 510 2280 564 τὸ
2309 508 2500 583 κακὸν,
2544 511 2633 566 καὶ
2665 512 2741 574 ὡς
2789 512 2835 568 εἰ
2872 511 3016 587 μηδὲ
3043 511 3331 591 ἄνθρωπός
3375 519 3540 590 ἐστιν,
3594 520 3730 574 ὑπο-

296 601 432 658 felix
460 605 654 657 autem
688 601 865 658 etiam
896 606 986 657 est
1014 601 1427 673 posterior,qui
1448 601 1704 657 luctatur
1721 601 1958 673 quidem

298 695 357 746 et
415 691 625 762 agitur,
695 692 796 747 sed
865 708 980 746 non
1049 691 1356 761 dejicitur;
1426 696 1652 762 pugnat
1718 691 1958 762 quidem

299 781 585 836 adversus
631 781 836 834 animae
883 779 1200 846 turbinem,
1237 780 1336 836 sed
1369 784 1642 852 superest
1680 784 1736 836 et
1765 784 1959 836 stran-

295 869 462 941 gulat
493 869 671 925 veluti
704 871 945 925 Samson
981 869 1230 937 leonem,
1264 874 1320 924 et
1354 870 1524 941 quasi
1583 887 1761 943 super
1809 870 1960 942 aspi-

296 959 427 1014 dem
457 963 514 1013 et
536 959 876 1014 basiliscum
911 958 1198 1025 ambulat,
1223 964 1280 1014 et
1308 977 1423 1015 non
1453 960 1738 1015 mentitur
1767 960 1958 1015 homi-

293 1065 426 1103 nem
459 1065 588 1104 vere
622 1050 849 1119 fortem,
871 1049 1201 1120 ipse,juxla
1226 1049 1619 1120 proverbium,
1648 1049 1958 1117 violentus,

288 1139 525 1208 rapiens
556 1137 854 1207 virtutem,
897 1139 1232 1210 pancratice
1260 1139 1498 1208 quidem
1531 1139 1857 1208 debellans,
1879 1140 1959 1195 vi-

291 1231 420 1282 ctus
452 1230 650 1282 autem
684 1244 996 1299 nunquam
1029 1227 1328 1284 decidens.
1364 1227 1530 1284 Prior
1560 1229 1800 1300 quidem
1831 1245 1962 1285 vere

293 1333 391 1371 rex
414 1316 696 1372 adversus
727 1318 1036 1388 passiones
1067 1321 1176 1386 est,
1212 1317 1500 1389 posterior
1529 1322 1724 1374 autem
1756 1319 1960 1376 subre-

292 1404 489 1478 gulus.
523 1404 658 1460 Ideo
719 1409 775 1461 et
822 1405 920 1460 ille
979 1406 1267 1462 rationem
1323 1423 1438 1462 non
1499 1407 1674 1462 habet
1721 1408 1967 1467 redden-

293 1495 430 1550 dam
467 1510 480 1550 :
517 1495 586 1549 de
617 1511 734 1565 quo
760 1493 916 1550 enim
951 1495 1021 1550 ab
1053 1493 1152 1550 illo
1182 1495 1332 1550 ratio
1386 1496 1810 1567 requireretur,
1860 1497 1961 1569 qui

292 1581 443 1638 nihil
473 1588 586 1638 Deo
619 1582 938 1654 displicens
969 1585 1141 1653 agit?
1172 1585 1276 1641 Hic
1309 1590 1507 1641 autem
1538 1585 1778 1642 haberet
1817 1585 1964 1643 forte

292 1673 575 1743 rationes,
603 1677 666 1728 ut
697 1671 944 1744 videtur,
978 1673 1076 1729 tali
1114 1675 1234 1745 regi
1268 1675 1616 1744 reddendas,
1643 1676 1814 1748 quasi
1846 1694 1962 1732 non

290 1762 408 1818 cito
441 1763 664 1835 potitus
696 1761 972 1830 victorian,
1005 1762 1090 1818 vel
1118 1763 1303 1836 legem
1339 1764 1629 1821 athleticae
1661 1773 1961 1838 transgre-

287 1852 476 1923 diens,
514 1851 750 1924 quando
784 1869 898 1908 non
941 1853 1111 1923 juxta
1167 1853 1586 1910 discretionem
1647 1862 1956 1934 operatur;
1990 1889 2035 1953 Β

287 1942 460 2014 cujus
491 1941 866 1997 discretionis
933 1942 1082 1998 fines
1143 1947 1284 1998 sunt
1315 1943 1414 2014 qui
1449 1961 1564 2000 non
1595 1950 1752 2000 recte
1781 1944 1958 2000 attin-

286 2035 595 2105 gunt,cum
623 2032 965 2103 jejunantes
997 2049 1030 2086 a
1060 2032 1389 2088 canonibus
1420 2032 1954 2106 diriguntur.Perfi-

289 2121 368 2177 cit
397 2125 594 2176 autem
627 2129 680 2178 et
712 2121 771 2175 in
810 2121 956 2193 ipsis
1006 2121 1182 2176 talem
1230 2122 1651 2178 discretionem
1703 2123 1958 2179 charitas

289 2227 430 2284 erga
489 2213 720 2268 fratres.
773 2213 888 2267 Hac
919 2211 1099 2282 :enim
1134 2213 1522 2284 semetipsum
1553 2212 1826 2284 regulans
1857 2229 1959 2295 qui

290 2301 755 2357 moderationem
788 2317 932 2373 erga
963 2318 1024 2356 se
1054 2306 1110 2357 et
1141 2302 1596 2358 circumstantes
1617 2318 1678 2357 se
1695 2301 1956 2384 adhibet,

285 2389 538 2445 invictus
567 2389 898 2462 egredietur
927 2389 1168 2462 athleta,
1199 2391 1407 2462 partim
1451 2391 1688 2461 quidem
1749 2390 1960 2462 paulu-

284 2478 409 2534 lum
442 2480 676 2546 cedens,
712 2479 926 2551 partim
968 2496 1102 2536 vero
1133 2479 1249 2534 vim
1285 2480 1571 2536 adhibens
1596 2497 1609 2548 ;
1633 2484 1690 2536 et
1720 2480 1804 2536 sic
1833 2479 1960 2552 ipse

287 2584 519 2640 quoque
551 2568 769 2624 bonum
799 2569 1036 2640 rapiens
1071 2588 1083 2637 ;
1119 2569 1200 2624 ita
1233 2576 1296 2624 ut
1345 2570 1442 2641 qui
1503 2569 1630 2625 sine
1689 2569 1961 2641 passione

285 2663 395 2727 est,
417 2657 664 2730 ignoret,
701 2659 1109 2731 simplicitatis
1140 2659 1487 2731 causa,quid
1521 2664 1827 2732 peccatum
1860 2671 1961 2720 aut

287 2763 531 2821 peccare
561 2747 671 2816 sit;
696 2748 794 2820 qui
831 2764 963 2804 vero
999 2749 1458 2804 moderationem
1492 2749 1550 2804 in
1584 2748 1960 2820 passionibus

291 2837 487 2907 habet,
520 2837 774 2893 scienter
804 2838 1045 2909 quidem
1079 2855 1147 2892 ex
1177 2838 1382 2911 regula
1419 2838 1577 2905 boni,
1641 2838 1782 2910 quid
1843 2855 1957 2894 non

289 2927 368 2982 sit
425 2927 650 2984 bonum
710 2927 892 2984 etiam
927 2932 1262 3000 cognoscat,
1295 2929 1397 2984 sed
1429 2929 1484 2985 vi
1512 2945 1760 3001 regnum
1793 2928 1960 2986 catalo-

295 3033 429 3072 rum
463 3017 672 3089 rapiat.

357 3124 453 3178 43.
488 3123 580 3178 Sic
612 3123 929 3180 constituto
961 3124 1138 3180 nobis
1170 3129 1226 3180 et
1282 3125 1394 3181 isto
1453 3127 1704 3198 negotio,
1759 3141 1962 3197 super-

289 3212 502 3286 adjicio
558 3215 629 3268 de
688 3216 1020 3284 precatione
1078 3213 1393 3280 talentum,
1425 3221 1601 3286 atque
1633 3216 1704 3270 de
1731 3213 1954 3286 plenis-

289 3303 439 3359 sima
467 3303 758 3358 talentum
793 3303 1214 3359 misericordia.
1239 3304 1520 3374 Superius
1545 3303 1701 3359 enim
1726 3301 1951 3371 aliquid

286 3393 455 3449 breve
475 3393 545 3448 de
565 3393 663 3463 huj
677 3409 746 3447 us
764 3392 1071 3448 nummulo
1093 3393 1753 3464 proposuimus.Horum
1770 3395 1960 3444 autem

293 3483 546 3538 duorum
579 3481 937 3537 talentorum
970 3481 1120 3535 illud
1153 3481 1392 3552 quidem
1424 3480 1616 3536 tendit
1645 3479 1715 3534 ad
1759 3479 1956 3549 ipsum

291 3571 499 3638 Deum,
533 3572 605 3626 ad
638 3587 817 3642 quem
847 3571 1162 3625 ascendere
1194 3570 1357 3624 bonas
1394 3585 1592 3640 preces
1615 3568 1955 3641 ostendunt;

288 3660 397 3716 hoc
427 3665 621 3717 autem
652 3659 724 3714 ad
757 3657 1271 3728 illiusfratres,qui
1306 3657 1477 3712 nobis
1511 3655 1959 3711 minimividen-

284 3753 403 3820 tur,
435 3750 539 3804 sed
568 3747 739 3803 aliter
764 3746 922 3816 apud
957 3749 1138 3800 Deum
1168 3745 1427 3814 adstant,
1457 3762 1492 3799 a
1521 3745 1742 3816 quibus
1774 3745 1953 3800 etiam

292 3844 512 3894 nostrae
540 3850 745 3909 preces
777 3835 850 3890 ad
881 3834 1051 3890 illum
1084 3833 1479 3905 trajiciuntur.

362 4015 451 4072 44.
491 4013 834 4088 Mysterium
865 4013 1128 4086 exprime
1159 4013 1326 4069 vobis
1358 4011 1809 4078 sacerdotale,in
1841 4029 1956 4084 quo

292 4122 562 4163 seorsum
595 4109 925 4177 peccantes,
961 4120 1096 4159 cum
1123 4119 1290 4159 sacra
1349 4103 1620 4170 facimus,
1682 4119 1957 4174 rogamus

295 4200 362 4252 ut
390 4194 676 4252 Dominus
708 4198 975 4266 protegat
1005 4209 1104 4250 eos
1135 4194 1236 4266 qui
1269 4209 1591 4264 pauperum
1618 4208 1852 4263 quoque
1873 4209 1959 4247 re-

293 4287 631 4348 cordantur,
661 4285 744 4340 ita
775 4288 838 4339 ut
869 4282 1225 4355 precationis
1256 4282 1403 4338 hora
1433 4281 1565 4338 illos
1623 4298 1959 4351 assumens,

294 4378 582 4448 quotquot
611 4373 858 4429 fratrum
891 4373 1019 4441 ejus
1037 4371 1536 4441 meminerunt,ad
1557 4375 1736 4426 Deum
1763 4387 1961 4427 coram

292 4465 482 4536 ipsius
513 4461 887 4520 sanctissimo
918 4463 1132 4516 throno
1165 4461 1473 4525 sistat.Qui
1504 4476 1635 4516 vero
1666 4459 1813 4516 tales
1844 4477 1962 4516 non

295 4557 437 4610 sunt
466 4569 582 4608 non
615 4551 738 4606 illic
770 4551 1265 4623 apprOpinquant.
1296 4551 1586 4605 Janitores
1633 4566 1770 4622 ergo
1825 4553 1964 4604 sunt

2068 599 2318 673 κείμενος
2393 602 2606 664 πάθεσι.
2679 604 2785 658 Καὶ
2855 603 2998 660 οὕτω
3078 608 3173 680 μὲν
3252 610 3415 672 αὐτὸς
3472 615 3550 683 τῷ
3615 606 3727 664 ὅντι

2074 690 2509 765 μακαριώτατος·
2601 691 2866 767 μακάριος
2945 691 3003 750 δὲ
3078 697 3168 751 καὶ
3251 699 3280 752 ὁ
3339 696 3605 776 δεύτερος,
3667 699 3730 761 ’ὸς

2068 777 2288 858 παλαίει
2349 780 2443 852 μὲν
2502 781 2590 835 καὶ
2654 777 2999 857 στροϐεἷται,
3060 785 3122 840 οὐ
3180 786 3594 865 καταρῥίπτεται
3646 785 3722 844 δὲ·

2068 868 2158 922 κάὶ
2216 874 2500 944 πυγμαχεῖ
2554 869 2649 942 μὲν
2697 870 2834 926 κατά
2889 877 2986 926 τοῦ
3043 871 3322 948 ἐμπαθὸῦς
3358 883 3458 946 τῆς
3513 880 3726 954 ψυχῆς,

2068 957 2395 1033 περιγίνεται
2429 956 2601 1014 δὲκαὶ
2662 957 2841 1036 ἄρχει,
2876 961 2952 1025 ὡς
2977 965 3065 1018 οἷα
3112 965 3203 1021 καὶ
3237 968 3480 1039 Σαμψὼν
3508 965 3722 1040 λέοντα,

2069 1047 2160 1103 καὶ
2191 1048 2266 1110 ὡς
2309 1047 2398 1103 ἐπὶ
2455 1046 2652 1103 ἀσπίδα
2695 1049 2786 1104 καὶ
2842 1049 3158 1126 βασιλίσκον
3195 1050 3479 1124 ἐπιϐαίνει,
3512 1055 3600 1110 καὶ
3653 1057 3722 1112 οὐ

2071 1135 2320 1212 ψεύδεται
2377 1138 2468 1193 τὸν
2528 1133 2698 1202 ὅντως
2757 1137 3006 1218 ἀνδρεῖον
3067 1141 3371 1219 ἄνθρωπον,
3416 1145 3550 1221 πρὸς
3602 1145 3721 1221 βίαν

2070 1231 2208 1285 κατά
2253 1231 2344 1286 τὸν
2405 1230 2626 1286 εἰπόντα
2674 1233 2955 1306 κτώμενος
3001 1235 3100 1302 τὴν
3159 1235 3376 1311 ἀρετὴν,
3429 1236 3520 1291 καὶ
3578 1257 3723 1312 παγ-

2071 1320 2372 1397 κρατιάζων
2431 1322 2526 1394 μὶν
2577 1319 2938 1387 ἀεθλευτικως
2990 1323 3088 1379 οὐκ
3139 1323 3414 1380 ἐκπίπτων
3473 1323 3532 1380 δέ
3587 1347 3721 1382 ποτε

2072 1407 2340 1485 δεύτερος.
2373 1410 2478 1466 Καὶ
2509 1407 2650 1466 ἔστιν
2701 1413 2730 1467 ὁ
2782 1413 2876 1486 μὲν
2924 1418 3141 1489 πρῶτος
3190 1413 3442 1489 βασιλεὺς
3470 1419 3549 1487 τῷ
3603 1411 3717 1470 ὄντι

2070 1500 2208 1555 κατά
2236 1505 2343 1555 τῶν
2375 1501 2586 1569 παθῶν,
2619 1502 2646 1557 ὁ
2676 1498 2732 1556 δὲ
2776 1499 3024 1578 δεύτερος
3059 1497 3440 1566 ὑποϐασιλεύς.
3491 1504 3584 1558 Διὸ
3628 1505 3719 1558 καὶ

2072 1589 2274 1652 ἐκεῖνος
2335 1591 2429 1662 μὲν
2479 1588 2865 1666 ἀνεκλόγιστός
2923 1592 3103 1650 ἐστιν.
3159 1594 3279 1648 Ἐπὶ
3337 1592 3442 1648 τίνι
3497 1593 3599 1668 γὰρ
3656 1593 3718 1647 ’ἀν

2070 1677 2160 1732 καὶ
2239 1675 2712 1750 λογιστευϐήσεται
2783 1680 2811 1732 ὁ
2888 1677 3058 1753 μηδὲν
3113 1701 3166 1734 τι
3222 1678 3363 1754 δρῶν
3423 1678 3720 1756 ἀπαρέσκον

2073 1768 2221 1836 Θεῷς
2259 1764 2322 1822 Ὀ
2358 1761 2416 1819 δε
2448 1763 2750 1839 ὑπόσχοιτο
2781 1765 2841 1819 ἂν
2869 1787 3003 1821 ποτε
3031 1764 3259 1842 λόγους,
3317 1767 3391 1829 ὡς
3449 1766 3616 1836 εἰκὸς,
3645 1770 3725 1840 τῷ

2066 1851 2307 1925 τοιούτῳ
2347 1851 2584 1928 βασιλεῖ,
2618 1853 2692 1914 ὡς
2719 1853 2753 1922 ἢ
2793 1854 2868 1925 μὴ
2900 1853 3044 1930 ταχὺ
3086 1855 3350 1930 κυριεύων
3395 1862 3494 1925 τῆς
3543 1854 3724 1926 νίκης,

2066 1943 2100 2011 ἢ
2133 1942 2222 1998 καὶ
2252 1937 2586 2018 ὑπερϐαίνων
2627 1940 2725 1996 τὸνπ
2774 1950 2873 2012 τῆς
2923 1941 3211 2014 ἀθλήσεως
3262 1943 3455 2017 νόμον,
3504 1943 3594 2000 ὅτε
3644 1946 3722 2018 μή

2066 2033 2203 2087 κατά
2259 2028 2524 2106 διάκρισιν
2585 2031 2804 2107 ἐνεργεῖ·
2886 2032 2953 2100 ἦς
3008 2029 3328 2108 διακρίσεως
3381 2032 3482 2088 οὐκ
3535 2032 3723 2088 εὐστο-

2067 2127 2294 2197 χοῦντες
2338 2116 2479 2176 ἔστιν
2539 2119 2629 2176 ὅτε
2686 2121 2739 2174 oi
2796 2121 3080 2192 νηστευταὶ
3134 2122 3269 2196 πρὸς
3323 2126 3431 2178 τῶν
3479 2123 3722 2178 κανόνων

2069 2211 2398 2268 εὐθύνονται.
2433 2209 2715 2267 Ἀποτελεῖ
2746 2207 2804 2265 δὲ
2833 2211 2921 2265 καὶ
2972 2209 3026 2265 ἐν
3073 2211 3267 2272 αὐτοῖς
3313 2212 3413 2278 τήν
3461 2211 3724 2284 τοιαύτην

2071 2299 2337 2374 διάκρισιν
2398 2303 2432 2369 ἡ
2483 2301 2619 2374 πρὸς
2663 2299 2792 2362 τοὺς
2854 2296 3123 2378 ἀδελφοὺς
3154 2300 3362 2376 ἀγάπη.
3391 2301 3575 2374 Ταύτῃ
3622 2301 3722 2376 γὰρ

2071 2392 2254 2446 ὶαυτὸν
2308 2390 2602 2458 κανονίζων
2659 2391 2686 2444 ὁ
2742 2389 3204 2465 ἐγκρατευόμενος
3263 2389 3351 2444 ἐπί
3422 2411 3482 2446 τε
3548 2391 3723 2464 ἑαυτῷ

2066 2479 2314 2542 καὶτοῖς
2369 2479 2504 2556 ἀμφ’
2562 2478 2740 2546 αὐτὸν,
2801 2478 3072 2549 ἀήττητος
3123 2477 3417 2548 ἀεθλευτήε
3477 2475 3720 2552 ἀπεκϐή-

2069 2589 2238 2636 σεται,
2287 2575 2364 2638 πῆ
2416 2568 2513 2640 μὲν
2569 2564 2910 2638 ὑπενδιδοὺς,
2967 2572 3046 2633 πῆ
3101 2564 3160 2622 δὲ
3212 2568 3554 2642 βιαζόμενος.
3610 2567 3718 2624 Καὶ

2069 2658 2212 2715 οὕτω
2242 2659 2330 2714 καὶ
2363 2657 2521 2721 αὐτὸς
2551 2656 2803 2734 ἁρπάζων
2833 2657 2897 2713 τὸ
2927 2657 3119 2725 καλὸν,
3151 2658 3225 2720 ὡς
3255 2660 3347 2713 τὸν
3386 2659 3492 2732 ¹μὲν
3537 2659 3712 2728 ἀπαθῆ

2070 2751 2282 2825 ἀγνοεῖν
2316 2748 2628 2820 ἁπλότητος
2661 2746 2835 2824 λόγῳ,
2869 2747 2914 2803 εἷ
2965 2750 3052 2804 καὶ
3088 2744 3229 2804 ἔστιν
3273 2747 3508 2825 ἁμαρτία
3536 2750 3571 2820 ἢ
3601 2748 3714 2822 ἑξα-

2073 2841 2384 2916 μαρτάνειν,
2414 2839 2507 2894 τὸν
2541 2835 2597 2894 δὲ
2633 2840 2968 2914 μετριοπαθῆ
3002 2835 3207 2894 stam:
3239 2838 3333 2912 μὲν
3362 2837 3552 2910 ἐπιστη
3566 2858 3724 2906 μονιο

2067 2935 2177 2992 κῶς
2209 2928 2393 2984 κανόνι
2423 2932 2520 2984 τοῦ
2550 2927 2726 2982 καλοῦ
2753 2928 2844 2983 καὶ
2876 2927 2934 2982 τὸ
2967 2928 3044 3000 μὴ
3093 2926 3286 2995 καλὸν,
3337 2927 3618 3001 βιάζεσθαι
3667 2922 3726 2980 δὶ

2066 3021 2166 3090 τὴν
2206 3017 2482 3095 βασιλείαν
2511 3021 2622 3072 τῶν
2647 3016 2913 3093 οὐρανῶν.

2145 3128 2256 3200 μγῗ.
2289 3125 2448 3183 Οὕτω
2477 3122 2874 3194 καθεσταμένου
2899 3125 3034 3194 ἡμῖν
3065 3121 3156 3175 καὶ
3197 3117 3357 3174 τοῦδε
3401 3123 3500 3172 τοῦ
3547 3137 3724 3192 πραγ-

2075 3216 2438 3288 ματεύματος,
2533 3211 2962 3286 προσεπιτίθημι
3055 3209 3146 3262 καὶ
3239 3208 3300 3261 τὸ
3390 3209 3526 3262 κατά
3615 3209 3717 3276 τήν

2077 3324 2098 3352 α
2127 3304 2444 3378 προσευχὴν
2468 3324 2497 3351 ››
2545 3299 2827 3365 τάλαντον,
2875 3297 2966 3350 καὶ
3007 3297 3070 3350 τὸ
3117 3295 3255 3350 κατὰ
3295 3295 3387 3349 τὸν
3443 3319 3471 3347 ι(
3503 3293 3656 3351 ἓλεον
3693 3318 3722 3348 ιι

2067 3393 2161 3445 τὸν
2202 3390 2605 3464 πληρέστατον.
2661 3385 2881 3441 ’Δνόπιν
2940 3386 3045 3461 γὰρ
3099 3383 3279 3460 βραχύ
3340 3405 3394 3439 τι
3459 3389 3555 3439 τοῦ
3605 3386 3723 3440 κατ’

2067 3479 2229 3532 αὐτὸν
2286 3471 2715 3550 προεϐαλόμεθα
2762 3473 3054 3548 κέρματος.
3107 3473 3330 3531 Τούτων
3380 3471 3439 3528 δὲ
3466 3478 3575 3528 τῶν
3625 3471 3721 3529 δύο

2066 3567 2345 3624 ταλάντων
2402 3567 2466 3622 τὸ
2528 3566 2625 3639 μὲν
2674 3564 2920 3620 ἀπονεόει
2964 3564 3101 3640 πρὸς
3149 3563 3275 3619 Θεὸν
3328 3562 3510 3631 αὐτὸν,
3552 3563 3630 3625 εἰς
3659 3564 3719 3619 ’ὸν

2067 3653 2366 3712 ἀναϐαίνειν
2423 3657 2478 3711 αἱ
2537 3655 2732 3730 ἀγαθαὶ
2790 3651 3048 3722 δηλούσιν
3109 3652 3287 3728 εὐχαί·
3345 3653 3409 3708 τὸ
3473 3650 3531 3707 δὲ
3581 3653 3720 3728 πρὸς

2062 3747 2190 3809 τοὺς
2249 3744 2456 3801 ἐκείνου
2515 3742 2806 3821 ἀδελφοὺς,
2863 3742 2991 3804 τοὺς
3049 3746 3186 3816 ἡμῖν
3238 3743 3332 3815 μὲν
3395 3741 3720 3818 ἐλαχίστους

2065 3835 2535 3914 προφαινομένους
2593 3837 3066 3910 παραπατοῦντας
3119 3829 3178 3886 δὶ
3235 3829 3421 3894 ἄλλως
3473 3836 3554 3903 τῷ
3585 3835 3725 3903 Θεῷ,

2069 3928 2152 4005 ὑφ’
2180 3927 2253 3980 ὧν
2284 3924 2374 3979 καὶ
2401 3925 2456 3978 αὶ
2487 3922 2646 3998 εὐχαὶ
2677 3923 2814 3997 πρὸς
2848 3921 3051 3976 ἐκεῖνον
3086 3919 3603 3996 διαπορθμεύονται.

2143 4013 2249 4088 μδ’.
2310 4015 2632 4087 Μυστήριον
2691 4010 2911 4067 ἐκλαλεῖ)
2974 4012 3102 4083 ὑμῖν
3178 4011 3474 4086 ἱερατικὸν,
3553 4009 3603 4064 ἐν
3682 4011 3729 4082 ᾦ

2066 4099 2377 4177 καταμόνας
2436 4103 2753 4178 εὐχόμενοι,
2809 4098 2900 4155 ὅτε
2954 4099 3376 4177 λειτουργοῦμεν
3453 4101 3520 4154 τὰ
3589 4104 3730 4172 θεῖα,

2067 4192 2468 4266 Οεοκλυτοῦμεν
2503 4190 2592 4246 διὰ
2625 4192 2850 4264 μνήμης
2899 4189 3034 4244 εἶναι
3063 4211 3146 4262 τῳ
3180 4189 3512 4266 ὑπεραγάθῳ
3542 4188 3732 4262 Κυρίῳ

2069 4284 2160 4338 καὶ
2206 4281 2331 4344 τοὺς
2383 4279 2766 4355 μεμνημένους
2829 4282 2937 4333 τῶν
2991 4280 3262 4351 μενιῆτων⁹
3340 4278 3478 4332 ὥστε
3525 4279 3561 4346 ἡ
3613 4276 3730 4353 ὥρα

2073 4371 2251 4442 ἐκείνη
2280 4377 2382 4441 τῆς
2441 4369 2611 4445 εὐχῆς
2642 4368 2874 4430 ἐκείνους
2903 4361 3444 4440 προσλαμϐανομένη
3496 4371 3732 4442 παριστᾷ

2070 4468 2152 4535 τῷ
2221 4466 2337 4533 Θεῷ
2386 4457 2682 4535 ἐμπροέθεν
2732 4461 2830 4512 τοῦ
2882 4457 2999 4511 κατ’
3055 4455 3213 4510 αὐτὸν
3267 4455 3574 4530 ἁγιωτάτου
3629 4454 3733 4530 βῆ·

2079 4571 2269 4626 ματος,
2311 4547 2430 4603 ὅσοι
2477 4551 2586 4602 τῶν
2634 4543 2886 4623 ἀδελφῶν
2948 4543 3114 4598 αὐτοῦ
3177 4544 3499 4618 μέμνηνται.
3553 4545 3622 4601 Οἱ
3675 4540 3735 4598 δέ

295 4647 353 4698 et
383 4642 748 4698 conﬁdentes
779 4639 1141 4711 patroni,Dei
1160 4640 1308 4694 servi
1341 4638 1488 4694 tales
1510 4637 1697 4710 ipsius
1731 4640 1960 4694 fratres.

2075 4662 2134 4718 γε
2186 4641 2262 4713 μὴ
2291 4642 2533 4693 τοιοῦτοι
2566 4637 2669 4691 οὐκ
2697 4634 2998 4710 ἐγγίζουσιν
3048 4632 3176 4689 ἐκεῖ.
3221 4634 3472 4709 Θυρωροὶ
3505 4634 3597 4689 οὗν
3641 4632 3733 4688 καὶ

299 4732 594 4792 Utendum
626 4735 715 4786 est
743 4729 921 4800 igitur
936 4728 1030 4784 his
1047 4727 1474 4784 mediatoribus
1491 4727 1550 4782 in
1569 4727 1662 4783 his
1680 4745 1807 4798 quae
1826 4733 1968 4782 sunt

307 4823 379 4878 ad
413 4822 699 4888 salutem;
734 4836 848 4874 non
879 4817 1266 4887 gratuito,sed
1291 4819 1462 4888 juxta
1493 4817 1964 4883 retributionem,

303 4929 432 4985 quae
482 4929 516 4966 a
549 4912 662 4967 Deo
692 4907 870 4964 venit.
904 4910 1274 4978 Quaecunque
1330 4907 1485 4962 enim
1547 4907 1758 4962 fratres
1813 4905 1965 4961 acci-

299 5003 508 5075 piunt;
541 5001 716 5056 etiam
746 5014 882 5053 cum
911 4997 1028 5053 Deo
1061 4997 1433 5067 partiuntur;
1465 4995 1674 5051 exinde
1715 4996 1966 5068 gratiam

300 5092 400 5148 ille
426 5090 722 5158 retribuit,
756 5086 992 5160 propria
1021 5087 1149 5158 lege
1179 5089 1417 5141 coactus
1448 5085 1520 5140 ad
1558 5083 1970 5140 remuneratio-

296 5197 456 5238 nem.
480 5178 856 5235 Manifestum
887 5179 978 5230 est
1007 5180 1204 5231 autem
1233 5174 1606 5240 charitatem,
1639 5191 1770 5245 quae
1825 5173 1967 5229 talia

297 5270 454 5328 bona
485 5269 728 5341 perficit,
764 5267 823 5322 in
855 5266 948 5321 his
979 5279 1212 5336 quoque
1244 5272 1465 5336 partem
1497 5263 1738 5320 habere.

375 5467 469 5518 45.
502 5463 617 5518 Nec
645 5463 827 5536 igitur
857 5459 1194 5532 aliquorum
1251 5459 1464 5531 gratia,
1523 5458 1779 5530 precatio
1832 5475 1971 5514 san-

311 5552 602 5607 ctiﬁcatur
655 5551 729 5605 iis
787 5551 886 5622 qui
941 5566 1056 5604 non
1099 5547 1374 5619 diligunt,
1410 5563 1516 5604 nec
1549 5548 1969 5604 misericordia.

313 5638 816 5696 Considerandum
875 5643 1073 5694 autem
1133 5643 1244 5706 est,
1298 5639 1535 5709 fratres,
1593 5638 1748 5710 quod
1806 5638 1972 5695 vobis

316 5724 776 5783 misericordiam
836 5742 1119 5797 propono,
1171 5743 1286 5782 non
1318 5725 1838 5799 qualemcumque,
1869 5730 1972 5785 sed

2073 4729 2528 4805 εύπαρῥησίαστοι
2613 4727 2979 4801 καραστάται,
3054 4729 3189 4781 Θεοῦ
3277 4725 3601 4800 θεράποντες
3680 4724 3735 4778 οἱ

2071 4819 2311 4870 τοιοῦτοι
2346 4812 2510 4868 αὐτοῦ
2548 4809 2797 4890 ἀδελφοί.
2849 4810 2947 4865 Καὶ
2991 4810 3170 4865 τοίνυν
3223 4809 3494 4886 χρηστέον
3550 4808 3736 4870 αὐτοῖς

2078 4905 2264 4978 μὲσοις
2303 4902 2370 4958 τά
2413 4923 2474 4978 γε
2531 4901 2608 4963 εἷς
2659 4899 2957 4974 σωτηρίαν’
3004 4899 3066 4954 ού
3112 4897 3342 4976 δωρεὰν,
3396 4896 3542 4954 ἀλλά
3595 4899 3733 4973 πρὸς

2077 4991 2365 5060 ἀντίδοσιν,
2397 4992 2496 5060 τήν
2526 4991 2586 5045 ἐκ
2613 4993 2770 5046 Θεοῦ.
2795 4991 2860 5044 ’Ἀ
2893 4988 2995 5064 γὰρ
3028 4989 3081 5043 οἱ
3111 4985 3344 5066 ἀδελφοὶ
3369 4981 3732 5060 Ααμὸάνουσι,

2075 5081 2164 5137 καὶ
2195 5085 2274 5152 τῷ
2305 5083 2420 5150 Θεῷ
2453 5076 2788 5154 μερίζονται,
2819 5075 3099 5139 κάντεῦθεν
3145 5073 3349 5140 ἐκεῖνος
3394 5073 3732 5149 ἀντιχαρίζε-

2075 5194 2185 5240 ται,
2235 5169 2392 5241 νόμῳ
2442 5165 2564 5241 ἴδίῳ
2617 5166 2936 5241 βιαζόμενος
2979 5165 3115 5240 πρὸς
3165 5165 3510 5238 ἀνταμειψιν.
3552 5158 3727 5228 Δῆλον

2079 5259 2156 5329 δὲ,
2190 5261 2266 5322 ὡς
2296 5259 2569 5313 κάνταῦθα
2596 5259 2630 5325 ἡ
2663 5255 2847 5330 ἀγάπη
2881 5251 3395 5331 συμπαρεισδύεται,
3430 5250 3566 5317 αύτή
3596 5248 3732 5302 ἀπο-

2076 5351 2310 5406 τελοῦσα
2333 5348 2424 5402 καὶ
2452 5347 2519 5402 τά
2546 5350 2773 5402 τοιαῦτα
2801 5343 2966 5400 καλά.

2155 5456 2255 5529 με’.
2307 5452 2448 5512 Οὔτε
2493 5458 2621 5531 γοῦν
2678 5453 2820 5528 εὐχὴ
2871 5453 3115 5507 ὁσιοῦται
3165 5451 3296 5526 ὑπὲρ
3323 5466 3482 5503 τινων
3510 5449 3631 5509 τοῖς
3677 5465 3743 5520 γε

2086 5546 2162 5619 μή
2196 5545 2499 5620 ἀγαπῶσιν,
2551 5540 2680 5598 οὐδὲ
2731 5542 2838 5616 μὴν
2891 5538 3068 5604 ἕλεος.
3111 5542 3230 5616 Χρὴ
3264 5538 3322 5594 δὲ
3350 5537 3662 5606 ἐπιστῆσαι,
3696 5535 3743 5590 ὦ

2083 5635 2330 5714 ἀδελφοὶ,
2364 5637 2448 5690 ὅτι
2480 5632 2630 5690 ἔλεον
2696 5635 2824 5706 ὑμῖν
2878 5633 3225 5706 ὑποτίθεμαι,
3279 5631 3339 5688 οὗ
3391 5630 3487 5686 τὸν
3527 5626 3745 5697 ἁπλῶς,

2085 5724 2232 5782 ἀλλὰ
2257 5726 2350 5781 τὸν
2382 5723 2692 5794 κακονικὸν,
2724 5723 2815 5778 τὸν
2850 5723 2956 5777 ἀπὸ
3007 5721 3220 5779 δικαίου
3279 5724 3422 5794 πονή
3434 5741 3625 5798 ματος,
3655 5718 3745 5775 καὶ
