4082 6392
352 380 477 445 617

1369 383 1453 445 ΙΝ
1495 384 1563 445 S.
1610 383 2293 456 OUADRAGESIMAM
2336 383 2632 447 ORATIO
2675 382 2756 445 ῙῙ.

3657 377 3781 441 618

350 513 552 581 λριποῦ
609 511 668 568 δὲ
719 511 819 569 ούκ
868 513 1355 588 ἀποτετραμμένου
1410 519 1865 590 περιουσιασμοῦ,
1912 516 2006 573 τὸν

2122 517 2498 586 canonicam,
2568 517 2642 573 ab
2727 531 2901 588 Opere
2987 514 3137 572 bono
3200 516 3591 583 constantem,
3658 529 3776 570 non

349 606 426 680 μὴ
462 605 570 660 ἀπὸ
596 602 958 677 κλεμμάτων,
991 600 1083 657 τὸν
1122 604 1196 676 μή
1231 603 1284 674 ἐξ
1326 604 1603 680 ἁρπαγῆς,
1633 605 1725 660 τὸν
1784 607 1861 679 μὴ
1908 605 2014 661 ἀπὸ

343 698 716 773 συκοφαντιῶν
754 692 845 748 καὶ
896 687 1195 761 διαϐολῶν,
1243 694 1457 765 μήποτε
1521 691 1578 749 δὲ
1634 692 1759 750 οὐδὲ
1806 695 1897 751 τὸν
1956 695 2016 751 ἐκ

341 785 510 841 τόκου
595 781 859 855 ἀθέσμου.
923 779 1298 855 Ἑλεημοσύνη
1384 781 1483 858 γὰρ
1546 786 1582 853 ἡ
1668 782 1728 840 ἐκ
1804 784 2015 840 τούτων

349 868 717 948 ἆπρόσδεκτος
773 874 856 943 τῷ
886 874 1024 942 Θεῷ,
1056 871 1194 934 καθᾶ
1223 870 1311 925 καὶ
1343 873 1377 941 ἡ
1413 870 1473 926 ἐκ
1526 874 1720 945 μισθοῦ
1777 874 2010 949 πόρνης,

350 962 416 1018 Ὁ
442 962 541 1036 γάρ
569 981 654 1015 τοι
688 959 850 1036 ὀρθὸς
883 960 973 1014 καί
1026 953 1485 1036 ἀπηκριϐωμένος
1538 957 1690 1023 ἕλεος
1752 962 2010 1039 ὑπερλίαν

353 1049 590 1126 φιλεῖται
640 1053 721 1122 τῷ
772 1048 1036 1122 ἐλεήμονι
1092 1053 1231 1123 Θεῷ,
1284 1044 1442 1105 ¹ἔλεον
1500 1048 1766 1124 ἐθέλοντι,
1799 1050 1889 1107 καὶ
1948 1052 2010 1107 οὐ

355 1138 553 1211 θυσίαν,
582 1138 683 1209 τήν
731 1158 792 1193 τε
835 1133 1042 1208 ἄλλην,
1070 1136 1159 1192 καὶ
1215 1137 1322 1215 οὐχ
1369 1136 1540 1201 οὕτως
1585 1137 1709 1195 οὐδὲ
1752 1142 1855 1210 τήν
1912 1143 2011 1210 τῆς

350 1227 617 1299 αἰνέσεως,
665 1224 814 1302 εἷ’περ
862 1225 1003 1300 ἐλέῳ
1057 1226 1151 1300 μὲν
1213 1227 1304 1282 καὶ
1348 1224 1547 1291 αἶ’νεσις
1597 1229 1826 1284 παντοία
1879 1228 2007 1285 ἐπα-

345 1315 620 1373 κολουθεῖ.
655 1316 898 1378 Αίνὲσεις
951 1312 1009 1370 δὲ
1055 1314 1273 1379 πολλὰς
1328 1318 1381 1372 οἱ
1436 1315 1643 1373 πολλοὶ
1702 1318 2010 1393 ποιούμεθα

345 1405 487 1480 ἐλιῳ
518 1404 929 1480 ἀνεπιμίκτους.

419 1585 528 1658 μς’.
560 1581 739 1640 ’Δλλὰ
785 1581 984 1657 τίνμοι
1014 1583 1271 1660 παράγειν
1330 1584 1406 1647 εἰς
1464 1585 1809 1663 προχείρισιν
1874 1588 2003 1661 ὑμῖν

347 1671 796 1749 σμικρολογικῶς
866 1677 1049 1745 τοῦτο,
1107 1673 1197 1728 καὶ
1275 1671 1472 1746 ἐκεῖνο,
1527 1675 1615 1729 καὶ
1694 1674 1859 1743 ἄλλο,
1913 1677 2003 1732 καὶ

350 1760 522 1817 λοιπά
573 1782 697 1817 τινα
751 1760 833 1817 ἔπ’
890 1760 1075 1825 αὐτοῖς
1150 1766 1282 1817 Θεοῦ
1338 1761 1575 1819 τάλαντα
1625 1763 2001 1840 εύαρίθμητας

351 1852 489 1927 Φέρε
544 1848 609 1920 δὴ
667 1851 768 1919 τὴν
821 1849 958 1922 ὅλην
1014 1852 1180 1925 γάζαν
1240 1857 1336 1907 τοῦ
1416 1852 1672 1927 μεγίστου
1731 1854 2002 1929 βασιλέως

345 1943 528 2011 ἡνιῶν,
572 1939 740 1995 αὐτοῦ
782 1944 880 1993 τοῦ
937 1943 1091 2011 Θεοῦ,
1140 1940 1203 1996 τὸ
1262 1940 1790 2020 θησαυροφυλάκιον,
1841 1943 1892 1998 ἐν
1952 1945 1999 2017 ᾦ

344 2033 448 2084 πᾶν
515 2028 662 2101 ἱερὸν
727 2026 1021 2102 κειμήλιον
1084 2028 1489 2104 συνεσπείραται
1553 2031 1645 2085 καὶ
1701 2034 1998 2109 κατεσφρά-

343 2119 544 2194 γισταί,
591 2115 830 2172 πιστεύω
893 2116 1042 2189 ὑμῖνο
1086 2115 1137 2187 ἐξ
1184 2116 1246 2172 οῦ
1307 2113 1454 2173 ἔσται
1514 2118 1865 2190 ἀναλέξασθαι
1923 2122 1997 2184 ὡς

346 2205 569 2268 πιστοὺς
619 2206 760 2279 ὑμᾶς
825 2206 1180 2280 θεράποντας,
1231 2207 1404 2262 ὁπόσα
1461 2208 1537 2271 εἷς
1598 2206 1807 2264 δάνειον
1868 2210 1997 2286 βού-

350 2293 524 2359 λεσθε·
569 2295 658 2374 ἀφ’
708 2295 770 2350 οὗ
831 2289 1111 2367 λαϐόντες⁹
1170 2295 1327 2351 αὐτοί
1380 2317 1441 2352 τε
1496 2296 1846 2369 ἀποπλήσετε
1897 2300 1995 2369 τήν

351 2388 468 2456 Θεῷ
522 2384 746 2460 ἀρεστὴν
796 2383 1117 2457 ἀπληστίαν,
1148 2387 1239 2440 καὶ
1287 2387 1376 2441 τὸν
1436 2391 1531 2440 τοῦ
1588 2391 1721 2442 Θεοῦ
1778 2383 1998 2463 κορϐω-

345 2477 437 2527 νᾶν
471 2473 704 2551 ἀφήσετε
760 2470 927 2528 πάλιν
990 2475 1185 2546 μεστὸν
1242 2474 1382 2529 καθὰ
1437 2476 1526 2530 καὶ
1583 2475 1871 2552 πρότερον.
1922 2477 1999 2535 Τὸ

341 2562 441 2639 γὰρ
494 2559 933 2638 παραδοξότατον
969 2582 981 2595 ’
1030 2564 1259 2627 ἅπαντες
1317 2565 1413 2637 μὲν
1490 2564 1689 2630 ἐκεῖθεν
1744 2565 1998 2642 ἀρύονται

342 2652 394 2707 οἱ
439 2653 507 2707 τὰ
565 2657 684 2715 θεῖα
741 2648 1029 2725 διψῶντες,
1079 2651 1169 2706 καὶ
1227 2652 1521 2722 σιτίζονται
1578 2655 1630 2708 οἱ
1686 2656 1823 2710 κατά
1869 2656 1996 2710 Θεὸν

342 2746 653 2802 πεινῶντες’
691 2743 726 2810 ἡ
788 2737 846 2795 δὲ
901 2744 998 2794 τοῦ
1057 2741 1330 2816 θησαυροῦ
1382 2741 1633 2814 ἀποθήκη
1688 2743 1770 2798 ἀεὶ
1828 2743 1999 2817 ὲμπὲο

348 2828 612 2901 πλησται,
642 2830 875 2890 καὶτοῖς
925 2826 1201 2885 ἐθέλουσιν
1236 2829 1287 2901 ἐξ
1345 2830 1509 2886 αὐτοῦ
1564 2827 1858 2905 λαμϐάνειν
1906 2853 1999 2907 με-

358 2920 675 2992 μεστωμένη
733 2917 1038 2993 πρόκειται.
1089 2917 1275 2990 Φύλαξ
1334 2917 1394 2976 Si
1463 2922 1551 2976 καὶ
1623 2922 1827 2995 ταμίας
1899 2929 1999 2991 τῆς

350 3005 612 3078 τοιαύτης
642 3006 1055 3079 πλουσιωτάτης
1112 3011 1307 3084 γάζης,
1365 3017 1466 3080 τῆς
1523 3011 1613 3066 καὶ
1664 3008 2004 3067 παντοδαπα-

349 3098 518 3167 νήτου
573 3096 662 3151 καὶ
721 3094 1071 3167 ἀνελλιποῦς,
1133 3096 1354 3174 ὕστερον
1433 3099 1527 3173 μὲν
1589 3100 1616 3154 6
1662 3104 1771 3154 τῶν
1847 3099 2003 3156 θείων

2036 1896 2081 1961 Β

2126 613 2324 663 autem
2367 607 2440 662 ab
2488 606 2691 661 odiosa
2736 603 2931 676 copia,
2967 621 3081 660 non
3129 621 3163 660 a
3194 604 3391 672 furtis,
3425 620 3541 659 non
3602 620 3636 659 a
3682 619 3777 658 ra-

2126 696 2304 768 pinis,
2337 713 2452 752 non
2499 712 2532 750 a
2588 694 2989 750 delationibus
3033 698 3090 750 et
3138 692 3473 761 calumniis,
3506 709 3611 748 nec
3660 709 3776 747 un-

2125 801 2303 856 quam
2338 786 2410 840 ab
2440 784 2645 839 illicita
2676 801 2876 839 usura.
2912 784 2993 837 Ex
3041 782 3262 837 talibus
3326 781 3485 837 onim
3524 782 3775 838 eleemo-

2124 891 2291 947 syna,
2322 874 2476 930 sicut
2508 889 2576 928 ex
2622 873 2886 929 mercede
2921 871 3348 942 fornicationis,
3393 876 3629 942 accepta
3654 871 3773 928 Deo

2123 980 2240 1019 non
2273 968 2380 1019 est.
2432 965 2610 1018 Recta
2658 966 2715 1017 et
2763 963 2918 1017 enim
2969 977 3035 1017 ac
3084 962 3340 1034 perfecta
3372 959 3774 1017 misericordia

2124 1068 2477 1125 magnOpere
2527 1056 2643 1106 Deo
2701 1050 2895 1123 placet
2952 1050 3344 1121 misericordi,
3375 1049 3474 1121 qui
3509 1050 3635 1106 vult
3664 1050 3775 1105 mi-

2123 1141 2526 1213 sericordiam,
2573 1145 2630 1196 et
2677 1158 2793 1197 non
2845 1141 3225 1211 sacrificium,
3260 1140 3384 1196 sive
3435 1139 3619 1205 aliud,
3652 1140 3775 1196 sive

2121 1230 2298 1287 etiam
2357 1229 2717 1285 sacriﬁcium
2792 1229 3010 1297 laudis,
3069 1229 3367 1301 siquidem
3439 1227 3775 1284 misericor-

2120 1320 2277 1375 diam
2311 1318 2441 1375 laus
2467 1319 2645 1375 etiam
2677 1317 3019 1373 omnimoda
3049 1318 3389 1373 comitatur.
3423 1317 3654 1373 Laudes
3677 1334 3776 1373 au-

2117 1414 2238 1465 tem
2284 1407 2503 1464 multas
2558 1406 2978 1464 misericordiae
3034 1406 3258 1463 alienas
3306 1405 3571 1479 plerique
3621 1405 3770 1462 faci-

2119 1514 2274 1554 mus.

2188 1587 2277 1642 46.
2345 1586 2456 1642 Sed
2519 1584 2661 1659 quid
2735 1583 3130 1640 ministrando
3194 1583 3359 1640 vobis
3426 1582 3767 1640 minutatim

2113 1677 2290 1731 verbo
2349 1674 2641 1746 proferam
2712 1674 2821 1730 hoc
2885 1673 2976 1729 vel
3042 1673 3223 1740 istud,
3282 1672 3370 1729 vel
3437 1672 3621 1742 aliud,
3678 1672 3769 1729 vel

2114 1767 2304 1819 totum
2364 1764 2701 1820 divinorum
2759 1761 3119 1819 talentorum
3178 1760 3549 1818 numerum?
3595 1762 3762 1831 Agel

2113 1858 2308 1908 totum
2337 1853 2683 1909 thesaurum
2718 1851 2959 1908 maximi
2990 1851 3144 1923 regis
3169 1851 3376 1915 nostri,
3414 1850 3607 1922 ipsius
3640 1850 3766 1920 Dei,

2110 1941 2617 2016 gazophylacium,
2676 1940 2737 1996 in
2819 1957 2935 2012 quo
2993 1940 3189 1996 omnis
3258 1956 3428 1996 sacra
3496 1938 3769 2011 supellex

2118 2031 2377 2104 reposita
2444 2030 2909 2103 consignalaque
2959 2033 3071 2095 est,
3128 2029 3295 2085 vobis
3356 2029 3639 2084 credam:
3697 2046 3767 2084 ex

2109 2137 2224 2192 quo
2254 2120 2419 2176 vobis
2441 2125 2724 2192 tanquam
2750 2117 3024 2175 ﬁdelibus
3047 2116 3232 2174 servis
3245 2116 3574 2191 colligenda
3594 2121 3756 2185 sunt,

2109 2225 2497 2281 quascumque
2542 2208 2736 2264 velitis
2793 2208 2864 2263 ad
2907 2212 3181 2262 mutuum
3231 2222 3497 2278 promere
3530 2231 3546 2275 ;
3578 2224 3610 2262 a
3641 2222 3758 2277 quo

2108 2298 2565 2369 sumentes,ipse
2596 2296 2980 2369 cupiditatem
3017 2300 3127 2351 Deo
3155 2294 3573 2367 acceptabilem
3598 2310 3757 2350 com-

2108 2386 2363 2459 plebitis,
2375 2386 2589 2458 Deique
2608 2386 2925 2443 corbonam
2948 2386 3184 2458 plenam
3215 2385 3369 2440 sicut
3398 2384 3564 2457 prius
3584 2383 3758 2440 relin-

2109 2476 2318 2547 quetis.
2352 2476 2471 2532 Hoc
2501 2475 2662 2530 enim
2717 2479 2851 2530 ante
2882 2473 3082 2531 omnia
3135 2473 3471 2530 mirandum
3502 2490 3515 2530 :
3549 2489 3758 2530 omnes

2111 2564 2348 2637 quidem
2405 2564 2614 2621 exinde
2666 2564 2865 2620 divina
2922 2562 3191 2619 sitientes
3223 2561 3527 2632 hauriunt,
3559 2567 3618 2618 et
3650 2580 3759 2618 nu-

2107 2656 2389 2720 triuntur,
2419 2654 2519 2726 qui
2559 2654 2889 2710 secundum
2923 2652 3107 2709 Deum
3167 2652 3763 2709 esuriuntzthesauri

2107 2763 2242 2802 vero
2269 2745 2743 2818 promptuarium
2804 2760 3039 2817 semper
3078 2743 3367 2815 repletum
3417 2748 3527 2813 est,
3559 2748 3619 2800 et
3664 2760 3763 2799 vo-

2110 2834 2369 2890 lentibus
2427 2851 2497 2891 ex
2555 2832 2655 2889 illo
2730 2849 2966 2890 sumere
3034 2831 3274 2904 plenum
3331 2833 3593 2888 offertur.
3654 2837 3763 2888 Cu-

2112 2928 2236 2980 stos
2276 2928 2473 2980 autem
2534 2927 2591 2979 et
2645 2922 3020 2995 dispensator
3078 2921 3420 2992 hujusmodi
3479 2920 3762 2977 ditissimi

2110 3013 2397 3080 thesauri,
2432 3013 2534 3084 qui
2584 3018 2826 3069 cunctas
2875 3010 3129 3083 perfecte
3160 3009 3570 3083 complectitur
3601 3027 3766 3083 opes,

2114 3101 2321 3158 ultimo
2389 3100 2629 3173 quidem
2714 3105 2804 3156 est
2868 3099 3203 3155 divinorum
3271 3099 3766 3171 evangelistarum

343 3183 748 3261 εὐαγγελιστῶν
807 3185 900 3240 καὶ
959 3186 1168 3243 λοιπῶν
1204 3187 1498 3252 θειοτάτων
1544 3188 1891 3259 ἀποστόλων,
1922 3185 2001 3245 ἔτι

2121 3196 2575 3264 ceterorumque
2630 3189 3135 3246 divinissimorum
3194 3187 3599 3261 apostolorum
3633 3205 3767 3245 nec-

343 3271 401 3330 ὃὲ
457 3274 547 3329 καὶ
595 3275 754 3351 ίερῶν
810 3275 1066 3352 κηρύκων
1118 3272 1464 3349 πληθυσμὸς,
1497 3278 1633 3354 πρὸς
1667 3275 1725 3334 δὲ
1754 3277 1929 3334 αὐτῶν
1975 3280 2003 3334 6

2121 3298 2236 3337 non
2288 3296 2590 3336 sacrorum
2661 3294 2996 3351 praeconum
3056 3278 3254 3349 turba,
3314 3277 3417 3334 sed
3475 3282 3611 3335 ante
3666 3293 3768 3335 eos

349 3362 514 3440 μέγας
548 3364 805 3440 βασιλεὺς
836 3364 926 3420 καὶ
976 3365 1257 3442 θεοπάτωρ
1313 3364 1500 3441 Δαυῗδ,
1535 3368 1562 3422 6
1613 3367 1673 3423 ἐκ
1718 3366 1817 3423 τοῦ
1866 3373 2004 3425 Θεοῦ

341 3454 435 3507 τὸν
518 3457 768 3508 τοιοῦτον
846 3454 1159 3534 ἀπόκρυφον
1238 3455 1479 3512 πλοῦτον
1553 3457 2002 3532 πεπιστευμένος,

344 3541 452 3618 οὐχ
482 3542 621 3597 ὥστε
646 3548 977 3618 ταμιουχεῖν
1012 3543 1172 3599 αὐτὸν
1222 3544 1373 3618 ἡλίῳ
1433 3546 1865 3619 ἀνεπισκόπητον
1917 3546 2007 3603 διὰ

342 3630 406 3686 τὸ
438 3628 797 3704 ἀμετάδοτον,
826 3630 953 3688 ἀλλ’
980 3631 1074 3688 ’ίνα
1112 3631 1164 3688 ἐν
1210 3633 1445 3713 ἀσφαλεῖ
1492 3634 1778 3713 φυλάττων
1844 3637 2006 3694 αὐτὸν

344 3720 587 3791 ποθητὸν
638 3741 865 3791 ποιηται
921 3726 1040 3783 τοῖς
1095 3722 1389 3798 χρῄζουσι.
1447 3724 1724 3800 Χρήζουσι
1783 3723 1841 3781 δὲ
1870 3726 2007 3781 πάν-

346 3830 456 3871 τως
513 3808 677 3865 αύτοῦ
733 3810 787 3864 οἱ
842 3815 939 3866 τοῦ
984 3806 1381 3886 παμϐασιλέως
1427 3818 1561 3870 Θεοῦ
1619 3813 1917 3892 ἄνθρωποι,
1953 3818 2006 3873 οἱ

346 3899 438 3953 καὶ
467 3899 558 3954 τὸν
592 3895 758 3954 Δαυλιδ
787 3900 1077 3963 ποθοῦντες
1104 3900 1196 3956 καὶ
1244 3902 1335 3957 τὸν
1388 3902 1549 3958 αὐτὸν
1613 3903 2008 3979 βασιλεύσαντα

347 3986 568 4065 Κύριον.

420 4078 526 4150 μζ.
561 4074 738 4133 Ἀλλά
783 4076 863 4140 τίς
889 4079 918 4133 6
950 4078 1220 4155 θησαυρὸς
1270 4081 1446 4148 οὗτος,
1476 4082 1504 4136 ὁ
1562 4082 1652 4137 καὶ
1694 4080 1888 4157 ὀλίγος
1914 4085 2005 4140 καὶ

345 4162 667 4238 πάμπολυς,
704 4168 733 4222 6
764 4165 854 4222 καὶ
890 4166 1101 4244 βραχὺς
1129 4168 1219 4223 καὶ
1271 4168 1668 4244 ἀναρίθμητος,
1698 4173 1726 4227 6
1778 4176 1846 4247 τῇ
1901 4195 2005 4228 πο-

346 4254 532 4324 σότητι
604 4275 701 4327 μιν
757 4256 1018 4334 σφιγκτός
1072 4278 1134 4312 τι
1187 4257 1279 4312 καὶ
1339 4257 1766 4335 εὐπερίληπτος,
1819 4265 1887 4336 τῇ
1948 4260 2007 4318 δὲ

344 4341 600 4414 ποιότητι
632 4343 929 4421 πάμμεγας
986 4346 1076 4401 καὶ
1136 4345 1310 4402 πάντα
1338 4346 1547 4421 κόσμον
1607 4345 1846 4420 ὀλϐίζων
1887 4356 2006 4414 ταῖς

344 4430 396 4506 ἐξ
454 4433 623 4488 αὐτοῦ
683 4434 1105 4512 ἀγαθοχυσίαιςς
1136 4433 1277 4490 Ἰδοὺ
1330 4442 1591 4513 συνορᾶτε
1643 4439 1777 4512 μετὰ
1835 4460 2003 4516 προσ-

340 4526 484 4595 οχῆς
539 4522 629 4576 καὶ
693 4520 1011 4585 ἐπιστασίας
1071 4519 1562 4599 ἀπηκριϐωμένης,
1603 4525 1743 4582 ὥστε
1799 4526 2004 4585 συλλα-

2116 3387 2370 3443 magnus
2403 3386 2502 3425 rex
2534 3372 2592 3424 et
2620 3368 2884 3441 deipater
2943 3366 3142 3439 David,
3195 3367 3292 3423 cui
3339 3366 3484 3423 tales
3519 3367 3766 3423 abscon-

2117 3460 2251 3516 ditae
2313 3459 2659 3515 concreditae
2720 3461 2860 3513 sunt
2925 3474 2959 3513 a
3027 3458 3139 3513 Deo
3223 3456 3460 3525 divitiae,
3520 3473 3637 3513 non
3705 3459 3771 3512 ut

2118 3548 2480 3605 ministraret
2523 3546 2656 3604 illas
2715 3547 2788 3603 ad
2842 3546 3024 3602 solem
3056 3545 3381 3618 pellucidas
3414 3549 3651 3618 propter
3677 3544 3770 3600 in-

2118 3636 2634 3709 communicahile,
2669 3637 2774 3693 sed
2804 3640 2868 3691 ut
2914 3640 3041 3692 tuto
3076 3635 3413 3691 custodiens
3450 3635 3585 3691 illas
3615 3634 3776 3690 desi-

2118 3729 2411 3785 derabites
2496 3728 2711 3783 faceret
2776 3724 3129 3782 volentibus.
3198 3723 3496 3780 Anhelant
3571 3729 3770 3780 autem

2117 3834 2365 3890 prorsus
2412 3816 2484 3872 ad
2536 3815 2670 3871 illas
2727 3815 2925 3886 magni
2976 3813 3129 3885 regis
3190 3813 3285 3869 Dei
3346 3812 3637 3880 homines,
3670 3814 3775 3885 qui

2117 3906 2296 3963 David
2330 3910 2388 3962 et
2443 3905 2760 3961 Dominum
2820 3903 2922 3976 qui
2981 3903 3119 3959 fecit
3172 3901 3341 3959 illum
3400 3919 3645 3976 regnare
3674 3904 3773 3960 de-

2119 3994 2402 4052 siderant.

2190 4084 2276 4138 47.
2308 4082 2526 4139 Verum
2578 4080 2714 4153 quis
2771 4080 2871 4136 ille
2925 4080 3242 4137 thesaurus
3292 4084 3402 4147 est,
3463 4097 3682 4153 parvus
3713 4084 3773 4137 et

2120 4172 2364 4240 multus,
2398 4171 2595 4227 tenuis
2624 4175 2681 4225 et
2736 4169 2959 4241 largus,
2998 4168 3326 4241 quantitate
3356 4168 3594 4240 quidem
3628 4185 3768 4227 con-

2115 4266 2342 4317 tractus
2373 4265 2429 4316 et
2496 4258 3006 4331 circumscriptus,
3058 4257 3343 4331 qualitate
3395 4274 3530 4314 vero
3582 4258 3768 4314 maxi-

2119 4368 2252 4406 mus
2305 4353 2362 4406 et
2416 4349 2701 4405 bonorum
2756 4364 2825 4404 ex
2871 4346 2971 4402 illo
3005 4346 3425 4419 proﬂuentium
3457 4345 3769 4420 largitione

2116 4443 2306 4497 totum
2365 4438 2709 4494 beatiﬁcans
2757 4436 3093 4493 mundum?
3149 4437 3233 4492 En
3285 4434 3592 4509 intelligile
3631 4452 3768 4493 cum

2117 4527 2279 4584 omni
2335 4526 2655 4584 attentione
2704 4543 2771 4582 ac
2827 4525 3156 4599 diligentia,
3201 4529 3265 4581 ut
3321 4524 3481 4581 brevi
3512 4525 3771 4598 concipi-

343 4602 457 4706 ξεῖ-ν
510 4608 780 4706 αὐτὸνῄἰν
809 4612 1067 4706 ιβραχεῖ,
1093 4612 1185 4667 καὶ
1235 4613 1656 4690 εὑπεριλήπτως
1714 4612 2004 4693 δράξασθαι

2124 4620 2235 4675 atis
2291 4634 2450 4689 eum,
2507 4621 2566 4672 et
2622 4615 2878 4688 perfecte
2929 4615 3407 4687 complectamini
3465 4631 3569 4687 pro
3602 4615 3764 4672 lucro

354 4694 442 4750 ἰπὶ
468 4695 644 4772 κέρδει
680 4696 961 4775 βασιλείας
1010 4699 1181 4772 αὐτῆς
1238 4709 1340 4772 τῆς
1390 4706 1488 4757 τοῦ
1545 4709 1698 4759 Θεοῦ·
1746 4705 1835 4761 καὶ
1887 4729 2012 4762 συν-

349 4787 603 4861 αχθέντες
643 4786 721 4850 είς
763 4792 911 4858 νοῦν,
943 4788 1035 4844 καὶ
1080 4790 1177 4852 τὰς
1230 4791 1306 4855 ὡς
1354 4793 1471 4846 οἷον
1534 4792 1703 4848 εἰπεῖν
1762 4816 2016 4871 γραμμι-

346 4874 444 4938 κάς
500 4883 600 4946 τῆς
653 4879 839 4953 ψυχῆς
891 4877 1179 4941 ἀποτάσεις
1247 4879 1326 4942 εἷς
1395 4878 1598 4937 κύκλον
1674 4882 2012 4958 στρέψαντες⁶

347 4961 589 5027 ἐντεῦθεν
646 4961 705 5019 δὲ
786 4967 875 5019 καὶ
950 4965 1464 5045 ἀποσφαιρώσαντες
1553 4968 1864 5043 εύμεθόδως
1941 4973 2016 5036 ὡς

348 5053 488 5126 πρὸς
547 5051 784 5126 μίμησιν
853 5053 1108 5130 ούρανοῦ,
1168 5055 1222 5111 ἐν
1282 5058 1329 5128 ᾦ
1377 5057 1508 5122 Θεὸς
1567 5059 2016 5136 ὑπερκαθήμενος

348 5140 543 5211 πάντα,
587 5140 690 5197 ὅσα
728 5140 926 5212 ἐθέλει,
977 5148 1144 5214 ποιεῖ,
1177 5140 1493 5221 ἐμϐλέψατε
1549 5149 1782 5223 ταμιείῳ
1842 5149 2013 5207 πολυο

345 5230 692 5306 χωρήτῳ,ἰν
727 5232 865 5304 ᾦτὸ
922 5236 1031 5287 τῶν
1091 5233 1295 5310 ἀρετῶν
1349 5237 1573 5291 ἁπασῶν
1629 5239 2021 5311 κειμηλιοῦται

343 5319 652 5395 πλήρωμα.
683 5320 837 5377 Ἔστι
889 5318 948 5376 δὲ
990 5323 1053 5377 τὸ
1101 5320 1507 5398 πολυτίμητον,
1543 5326 1704 5404 φάναι
1756 5325 1815 5383 δὲ
1872 5329 2019 5403 μᾶλ-

342 5407 442 5464 λον
475 5406 745 5482 πάντιμον
777 5410 926 5466 τουτὶ
964 5407 1187 5486 δοχεῖον
1227 5416 1336 5467 τῶν
1379 5412 1689 5486 κειμηλίων
1744 5423 2017 5475 τοιοῦτον

340 5496 641 5556 Ἐκκλινον
690 5498 799 5555 ἀπὸ
845 5504 1037 5574 κακοῦ,
1086 5500 1178 5556 καὶ
1226 5501 1459 5573 ποίησον
1528 5505 1753 5583 ἀγαθόν.
1806 5512 2025 5586 Σμικρά

426 5716 449 5753 ⁸
489 5717 649 5778 Psal.
680 5736 871 5790 mw,
901 5720 992 5779 27.

674 5848 942 5911 PATBOL.
989 5848 1101 5911 Ga.
1150 5848 1447 5916 CXXXV.

2124 4725 2371 4782 regnum
2403 4707 2603 4778 ipsum
2641 4705 2776 4775 Dei;
2806 4708 2863 4761 et
2912 4704 2973 4760 in
3007 4709 3264 4760 mentem
3294 4703 3541 4773 collecti,
3574 4708 3766 4777 atque,

2126 4802 2194 4853 ut
2252 4798 2337 4852 ita
2403 4796 2622 4864 dicam,
2684 4794 2937 4850 lineares
3005 4794 3215 4849 anima
3279 4793 3645 4850 extensiones
3710 4795 3770 4850 in

2125 4886 2414 4943 circulum
2462 4888 2774 4953 vertentes,
2831 4882 3040 4939 exinde
3086 4899 3220 4939 vero
3280 4882 3609 4940 methodice
3640 4901 3777 4940 con-

2126 4975 2435 5050 globantcs
2495 4979 2778 5045 tanquam
2836 4972 2908 5028 ad
2955 4970 3349 5027 imitationem
3383 4971 3534 5039 caeli,
3567 4972 3627 5026 in
3660 4989 3777 5043 quo

2127 5067 2284 5122 Deus
2313 5062 2704 5137 supersedens
2758 5060 2978 5127 omnia,
3035 5077 3421 5133 quaecumque
3449 5060 3594 5129 vult,
3632 5062 3775 5134 agit,

2126 5153 2399 5227 inspicite
2480 5152 2540 5208 in
2618 5167 2902 5224 magnum
2970 5149 3464 5222 promptuarium,
3534 5148 3592 5205 in
3661 5167 3778 5222 quo

2129 5244 2386 5317 pretiose
2415 5245 2752 5298 asservatur
2795 5239 3082 5295 virtutum
3135 5238 3402 5294 omnium
3453 5237 3775 5311 plenitudo.

2129 5338 2231 5390 Est
2287 5337 2485 5389 autem
2532 5329 2694 5385 istud
2753 5344 2949 5385 rerum
3002 5327 3393 5401 pretiosarum
3435 5327 3779 5386 honorabile

2130 5422 2219 5478 vel
2250 5421 2444 5494 potius
2477 5417 3049 5474 venerandissimum
3103 5416 3373 5473 mrarium
3422 5415 3574 5474 tale:
3615 5437 3637 5466 ιτ
3669 5418 3782 5476 De-

2132 5512 2288 5569 clina
2335 5527 2370 5567 a
2419 5507 2592 5574 malo,
2640 5510 2699 5563 et
2743 5506 2835 5563 fac
2881 5507 3105 5563 bonum
3136 5506 3178 5559 θ.
3217 5528 3237 5557 ιι
3274 5509 3460 5564 Parva
3485 5506 3669 5581 hujus
3696 5512 3789 5566 est

3276 5804 3547 5912 .20.
