4082 6386
315 440 436 502 619

1094 437 1517 500 EUSTATHII
1560 433 2325 498 THESSALONICENSIS
2372 437 2956 500 METROPOLITAE

3613 435 3733 496 620

313 569 796 628 circumlocutio:
829 569 929 624 sed
963 567 1376 624 inenarrabilis
1408 572 1498 624 est
1537 565 1939 639 complexioni:

2078 565 2274 621 τούτου
2300 569 2334 637 ἡ
2358 569 2687 646 περιγραφή,
2719 565 2846 623 ἀλλ’
2876 566 3157 640 ἀμύθητος
3213 570 3248 637 ἡ
3306 573 3407 637 τῆς
3456 573 3731 644 περιοχῆς

314 661 594 732 potentia.
657 659 848 714 Unum
908 658 1144 730 aliquod
1203 659 1438 712 videtur
1506 673 1634 713 esse
1697 657 1963 712 divinum

315 754 709 824 praeceptum:
745 748 852 802 hoc
883 753 1077 802 autem
1105 751 1194 802 est
1223 746 1488 800 omnium
1515 747 1720 800 instar.
1752 747 1838 800 Ab
1863 746 1964 802 illo

311 840 506 895 omnis
534 839 722 892 virtus
753 837 998 907 pendet:
1031 835 1391 900 vallis,utita
1421 835 1822 902 dicam,est,in
1845 852 1964 907 qua

313 929 620 985 conﬂuunt
648 927 838 982 omnis
870 925 1005 980 boni
1037 925 1276 991 ﬂuenta,
1310 924 1418 980 hoc
1451 924 1742 997 chrysiten
1768 924 1962 980 dicere

312 1019 480 1075 volo:
515 1016 661 1072 nihil
701 1021 894 1071 autem
947 1015 1032 1070 sic
1081 1016 1335 1070 dicerem
1379 1013 1612 1070 excelsi.
1649 1016 1750 1070 Est
1781 1013 1964 1087 igitur

313 1107 508 1164 omnis
538 1105 823 1177 graphice;
876 1103 1214 1176 chrysitidis
1273 1103 1595 1176 purissima
1649 1120 1817 1170 vena,
1854 1118 1961 1158 nec

313 1197 532 1268 ignem,
568 1211 673 1251 nec
703 1192 892 1265 folles,
926 1209 1031 1249 nec
1069 1193 1366 1248 fornacem
1401 1193 1683 1248 fusoriam
1715 1193 1785 1248 ad
1821 1209 1959 1265 pro-

311 1285 608 1341 bationem
668 1283 884 1339 volens.
947 1283 1322 1338 Dominicum
1400 1281 1836 1354 receptaculum
1899 1281 1959 1337 in

309 1391 373 1431 se
402 1377 613 1429 cuncta
668 1373 824 1428 bona
878 1371 1048 1445 gerit,
1082 1371 1387 1443 divinique
1446 1370 1764 1442 cujuslibet
1809 1387 1958 1442 prae-

309 1463 459 1536 cepti
489 1479 590 1519 vas
639 1465 777 1518 est:
840 1459 1226 1516 seminarium
1268 1462 1396 1516 vita
1457 1460 1786 1533 spiritualis
1827 1460 1960 1516 uni-

305 1552 550 1609 versale.

379 1643 468 1697 48.
498 1641 757 1697 Breviter
813 1643 1007 1694 autem
1058 1639 1242 1705 vobis,
1279 1638 1547 1693 homines
1599 1638 1722 1704 Dei,
1756 1637 1958 1709 explo-

306 1731 558 1787 randum
589 1733 678 1785 est
702 1728 966 1796 verbum,
1000 1745 1120 1799 qua
1159 1727 1384 1782 ratione
1414 1727 1569 1783 Deus
1603 1727 1908 1798 inspiravit
1940 1742 1957 1784 :

309 1842 337 1870 «
369 1819 612 1875 Declina
643 1835 676 1872 a
699 1817 937 1884 malo,et
969 1817 1057 1872 fac
1079 1818 1323 1872 bonum.
1354 1839 1380 1865 »
1400 1821 1713 1889 Ecce,gens
1737 1817 1955 1882 divina,

305 1908 520 1964 divitiae
550 1906 914 1975 ineffabiles;
941 1910 1216 1962 mutuum
1243 1905 1478 1962 sumite.
1504 1907 1586 1962 En
1622 1923 1815 1961 mare:
1851 1923 1954 1960 na-

302 1997 499 2072 vigato
551 2014 653 2070 per
700 1996 843 2051 illud
880 1996 982 2068 qui
1039 1995 1270 2051 lucrum
1303 1995 1362 2050 in
1423 1994 1637 2051 divinis
1668 1995 1952 2067 quaeritis.

302 2091 388 2142 En
448 2087 783 2160 scaturigo:
845 2085 1095 2142 haurite.
1159 2085 1220 2141 Si
1271 2101 1406 2140 vero
1465 2102 1642 2156 parva
1689 2088 1952 2156 apparet,

303 2191 369 2232 eo
429 2175 585 2248 quod
645 2173 838 2230 brevis
897 2174 1260 2241 enuntiatur,
1317 2177 1549 2245 gustate
1609 2178 1830 2240 tamen,
1892 2176 1956 2227 ut

301 2265 678 2337 comperistis
731 2280 837 2320 vos
896 2263 1070 2319 citius
1127 2278 1256 2319 esse
1295 2262 1629 2335 fatigandos
1662 2261 1950 2330 bibentes,

310 2370 486 2426 quam
518 2354 632 2408 ista
661 2371 675 2420 ;
709 2369 822 2408 non
847 2357 1072 2407 tantum
1115 2351 1267 2406 enim
1301 2367 1415 2405 non
1444 2349 1689 2418 deﬁciet,
1723 2351 1823 2404 sed
1846 2365 1953 2404 nec

305 2443 627 2498 minuetur.
663 2441 898 2497 Declina
955 2457 989 2494 a
1046 2442 1219 2507 malo,
1279 2438 1498 2510 inquit,
1560 2455 1676 2494 non
1723 2438 1832 2494 hoc
1865 2437 1950 2492 vel

301 2529 424 2599 illo,
458 2546 596 2600 uno,
630 2528 882 2596 duobus,
929 2527 1139 2593 tribus,
1191 2533 1464 2599 quatuor,
1500 2525 1791 2599 pluribus,
1828 2526 1951 2595 sed,

298 2635 417 2675 uno
480 2618 678 2686 verbo,
748 2617 998 2672 cunctis.
1068 2616 1124 2671 Si
1189 2632 1324 2672 vero
1390 2615 1606 2680 locutio
1663 2613 1947 2685 laconica,

296 2707 581 2763 brevitate
629 2710 956 2774 attenuata,
991 2705 1252 2778 locuples
1311 2705 1517 2760 dividit
1560 2721 1796 2772 nomen,
1826 2721 1946 2759 non

294 2802 387 2854 est
415 2797 509 2852 hic
565 2795 937 2869 praedicanda
990 2794 1398 2868 philosophica
1454 2793 1945 2865 breviloquentia,

295 2904 414 2959 qua
470 2886 798 2958 concipitur
853 2885 1136 2955 infinitas,
1168 2885 1228 2938 in
1288 2883 1629 2955 huiusmodi
1665 2881 1944 2955 prolatio-

293 2975 472 3030 nibus
501 2979 694 3030 totum
726 2975 1012 3030 dividens.
1046 2973 1150 3029 Hic
1182 2972 1454 3029 similiter
1484 2971 1704 3028 dicitur
1732 2988 1745 3026 :
1785 2991 1806 3019 ε
1835 2971 1940 3028 De-

292 3063 446 3119 clina
475 3081 509 3119 a
547 3064 720 3132 malo,
753 3063 983 3119 declina
1015 3086 1043 3113 ››
1092 3064 1165 3119 ab
1206 3062 1366 3119 omni
1417 3063 1721 3135 pravitate.
1753 3060 1940 3118 Unius

292 3153 453 3209 enim
486 3153 625 3210 mali
655 3154 792 3226 fuga
814 3170 928 3209 non
949 3154 1124 3210 habet
1151 3152 1515 3218 laudem,uhi
1547 3150 1764 3207 similia
1785 3151 1942 3206 mala

291 3242 760 3315 ingruunt,sicut
782 3260 886 3299 nec
907 3243 1213 3299 exhaustio
1239 3243 1558 3308 cmni,cum
1583 3257 1800 3297 novum
1832 3239 1940 3295 ali-

2077 653 2322 728 δύναμις.
2355 659 2450 714 ’Ἑν
2495 679 2548 712 τι
2599 655 2751 711 δοκεῖ
2795 655 3160 733 παράγγελμα
3188 661 3328 720 θεῖον
3378 655 3508 711 αὐτὸ
3572 658 3728 711 εἶναι·

2073 745 2135 800 τὸ
2195 743 2251 800 δέ
2293 745 2404 800 ἐστι
2449 747 2515 801 τὰ
2562 746 2753 801 πάντα.
2809 747 2994 819 Τούτῳ
3045 746 3206 820 ἀρετὴ
3257 751 3401 801 πᾶσα
3457 745 3732 821 ἐγκρὲμα-

2071 851 2198 888 ται⁶
2258 832 2577 911 μισγάγκειά
2658 856 2740 888 τις
2800 832 2958 904 αὕτη,
3019 833 3071 888 ἐν
3226 833 3450 909 σύρῥοια
3529 836 3732 897 παντὸς

2075 923 2292 999 ἀγαθοῦ.
2339 923 2542 987 Ἐθὲλω
2610 923 2874 999 χρυσίτην
2931 922 3097 978 εἰπεῖν
3168 923 3335 978 αὐτό·
3391 919 3608 997 εἷίποιμι
3667 923 3727 978 ἂν

2072 1012 2244 1074 οὕτως
2303 1011 2459 1067 οὐδὲν
2524 1013 2756 1086 ὑψηλόν.
2808 1014 2958 1067 Ἔστι
3032 1016 3162 1089 γοῦν
3221 1011 3400 1082 πάσης
3457 1020 3730 1088 γραφικῆς

2071 1100 2388 1177 χρυσίτιδος
2447 1099 2743 1175 μεταλλεία
2812 1101 3205 1176 ὑπερκάθαρος,
3265 1099 3526 1165 ἐθέλουσα
3604 1099 3728 1158 οὔτε

2070 1195 2200 1268 πῦρ,
2261 1187 2382 1246 οὕτε
2459 1190 2648 1269 φύσας,
2711 1187 2834 1246 οὔτε
2890 1190 3066 1267 χὸανα
3135 1191 3271 1267 πρὸς
3349 1190 3723 1266 ἀναχώνευσιν

2070 1281 2246 1356 Δεχὰς
2297 1281 2540 1356 Κυριακὴ
2586 1280 2720 1350 αὕτη
2755 1279 2844 1336 καὶ
2897 1278 3160 1353 δεξαμενὴ
3207 1278 3392 1334 καλῶν
3451 1279 3725 1350 ἁπάντων,

2071 1367 2287 1446 δοχεῖον
2323 1369 2551 1440 ἐντολῆς
2578 1368 2791 1440 ἁπάσης
2841 1369 3008 1438 θείας,
3043 1369 3236 1424 ὁποίαν
3295 1367 3356 1424 ἂν
3417 1365 3564 1424 εἷίποι
3613 1388 3721 1432 τις·

2069 1459 2417 1536 πανσπερμία
2446 1460 2810 1532 πνευματική.

2144 1638 2254 1708 μη’.
2290 1636 2391 1693 Καὶ
2423 1634 2532 1690 ἔστι
2593 1633 2682 1690 διὰ
2729 1637 2978 1713 βραχέων
3027 1637 3178 1711 ὑμῖν,
3211 1634 3254 1691 ὦ
3304 1633 3575 1711 ἅνθρωποι
3626 1641 3722 1691 τοῦ

2067 1731 2220 1799 Θεοῦ,
2272 1729 2626 1804 πειράσασθαι
2674 1732 2772 1782 τοῦ
2816 1727 3142 1803 λεγομένου,
3176 1729 3248 1790 ὡς
3306 1729 3333 1783 ὁ
3391 1729 3521 1791 Θεὸς
3582 1726 3722 1784 οἶδεν

2065 1815 2338 1888 ἐμπνέειν·
2370 1841 2397 1868 ‹‹
2434 1815 2722 1873 Ἐκκλινον
2774 1817 2880 1871 ἀπὸ
2926 1822 3119 1883 κακοῦ,
3160 1817 3249 1872 καὶ
3305 1816 3535 1888 ποίησον
3593 1819 3725 1893 ἀγα-

2066 1905 2181 1968 θόν.
2215 1929 2244 1956 ››
2286 1903 2425 1959 ἰδοὺ
2472 1902 2712 1969 πλοῦτος
2764 1907 2942 1972 οὗτος,
2975 1904 3020 1958 ὦ
3067 1907 3177 1960 θεῖε
3225 1904 3344 1974 λαὶ,
3387 1904 3721 1982 ἀνεκδιήγη-

2063 2014 2178 2057 τος·
2233 1992 2616 2065 ἐκδανείζεσθε.
2678 1992 2820 2050 Ἰδοὺ
2897 1993 3161 2066 θάλασσα,
3208 1996 3298 2050 καὶ
3377 1993 3571 2052 πλέετε
3649 1995 3721 2052 δι’

2065 2084 2253 2154 αὑτῆς,
2313 2085 2364 2138 οἱ
2420 2085 2487 2138 τὰ
2562 2089 2680 2148 θεῖα
2759 2082 3124 2162 φιλοκερδεῖς.
3187 2082 3323 2141 Ἰδοὺ
3389 2087 3563 2161 πηγὴ,
3625 2087 3716 2142 καὶ

2065 2172 2310 2248 ἀρύεσθε.
2344 2173 2405 2228 Εἰ
2456 2171 2513 2228 δὲ
2560 2174 2793 2250 βραχεῖα
2839 2173 3212 2252 προφαίνεται,
3263 2172 3347 2229 ὅτι
3405 2176 3494 2228 καὶ
3553 2174 3715 2251 ὀλίγη

2063 2263 2413 2340 προφέρεται,
2462 2261 2609 2317 ἀλλὰ
2665 2263 2947 2338 γεύσασθε,
2991 2261 3083 2317 ’ἱνα
3137 2267 3330 2338 γνῶτε,
3383 2264 3456 2325 ὡς
3526 2265 3718 2320 θᾶττον

2064 2348 2122 2403 ἂν
2155 2352 2478 2424 ἀποκάμητε
2512 2353 2666 2425 ὑμεῖς
2721 2353 2992 2422 πίνοντες,
3042 2349 3183 2428 ἤπερ
3241 2352 3376 2422 αύτῆ
3430 2352 3496 2408 ού
3548 2354 3713 2426 μόνον

2064 2438 2162 2493 οὐκ
2212 2438 2503 2514 ἐπιλείψει,
2555 2438 2680 2494 ἀλλ’
2740 2439 2868 2496 οὐδὲ
2924 2440 3378 2512 ἐλαττωθήσεται.
3425 2441 3710 2499 Ἕκκλινον

2063 2528 2167 2582 ἀπὸ
2225 2532 2415 2601 κακοῦ,
2470 2529 2654 2607 φησὶν,
2717 2531 2780 2583 ού
2838 2527 2998 2584 τοῦδε
3048 2530 3084 2599 ἢ
3140 2529 3372 2599 ἐκείνου,
3417 2537 3514 2586 τοῦ
3572 2533 3712 2604 ὲνὸς,

2058 2617 2165 2670 τῶν
2217 2613 2335 2683 δύο,
2366 2622 2474 2672 τῶν
2523 2622 2712 2692 τριῶν,
2759 2623 2867 2672 τῶν
2909 2620 3202 2694 τεσσάρων,
3252 2621 3359 2674 τῶν
3416 2619 3704 2692 πλειόνων,

2059 2703 2205 2761 ἀλλὰ
2236 2705 2311 2768 εἷς
2342 2704 2396 2760 ἓν
2447 2705 2638 2774 εἰπεῖν,
2672 2706 2946 2763 ἁπάντων.
2978 2708 3040 2763 Εἰ
3075 2705 3131 2764 δὲ
3180 2711 3214 2778 ἡ
3256 2710 3451 2787 φράσις
3501 2709 3704 2786 ἴσχναι-

2056 2797 2257 2870 νομὲνη
2335 2801 2401 2870 τῇ
2485 2796 2832 2875 βραχυλογίᾳ
2899 2799 3169 2874 μερικεύει
3226 2802 3290 2856 τὸ
3344 2800 3702 2856 πλουτοποιὸν
3779 2805 3782 2808 ’

2057 2880 2254 2960 ὄνομα,
2313 2886 2411 2942 οὐκ
2469 2886 2609 2944 ἔστιν
2665 2887 2888 2944 ἐνταῦθα
2941 2889 3411 2966 παρρησιάσασθαι
3474 2909 3706 2966 σμικρο-

2055 2972 2250 3050 λογίαν
2302 2975 2625 3056 φιλόσοφον,
2677 2976 2746 3032 δι’
2795 2981 2860 3047 ἧς
2907 2981 2941 3047 ἡ
2987 2979 3235 3053 ἁοριστία
3289 2979 3623 3046 ὑπονοεῖται,
3657 2979 3707 3034 ἐν

2051 3071 2170 3121 ταῖς
2202 3065 2478 3130 τοιαύταις
2537 3065 2841 3145 προφοραίς
2883 3067 3242 3140 μερικεύουσα
3288 3068 3385 3134 τήν
3445 3065 3706 3136 ὁλότητα.

2051 3155 2286 3228 ’Όμοιόν
2337 3153 2476 3210 ἐστιν
2521 3155 2746 3218 ἐνταῦθα
2789 3155 2977 3208 εἰπεῖν.
3012 3153 3303 3209 ’Έκκλινον
3354 3153 3459 3206 ἀπὸ
3516 3160 3706 3222 κακοῦ,

2053 3238 2299 3296 ἕκκλινον
2356 3244 2461 3296 ἀπὸ
2517 3244 2697 3310 πάσης
2755 3239 3119 3318 φαυλότητος.
3180 3239 3334 3300 Ἑνὸς
3391 3240 3495 3312 γὰρ
3568 3241 3702 3293 ἁπο-

292 3331 447 3402 quod
476 3330 667 3387 irruit.
702 3331 979 3402 Declina;
1035 3333 1179 3388 dicit
1224 3331 1334 3386 hoc
1382 3335 1665 3401 tanquam
1725 3330 1796 3384 de
1829 3329 1935 3396 via,

2053 3333 2193 3407 φυγή
2250 3334 2419 3384 κακοῦ
2478 3329 2577 3384 ούκ
2627 3328 2686 3382 ἂν
2745 3317 2871 3402 ἔχοι
2930 3322 3170 3392 ἔπαινον,
3211 3325 3300 3380 ὅτε
3355 3326 3421 3380 τὰ
3473 3334 3701 3402 συγγενῆ

291 3437 409 3492 qua
438 3420 626 3476 viator
672 3437 790 3476 non
849 3421 1050 3489 habet,
1107 3421 1206 3474 ubi
1255 3419 1414 3489 velit,
1473 3419 1668 3473 locum
1721 3417 1936 3487 quietis

290 3508 550 3564 obvium.
597 3508 844 3564 Gradior
887 3524 1046 3580 ergo,
1102 3525 1217 3563 non
1259 3507 1432 3577 juxta
1482 3506 1771 3570 virtutem,
1833 3505 1934 3558 sed

285 3612 391 3668 per
438 3596 593 3651 viam
647 3597 1038 3652 abducentem
1087 3597 1158 3651 ad
1205 3595 1448 3649 malum.
1483 3592 1741 3658 Declina,
1775 3595 1930 3663 quod

283 3688 396 3751 est,
448 3684 720 3756 dirumpe
752 3684 966 3739 lineam
1018 3684 1192 3739 istam
1234 3687 1453 3738 rectam
1487 3686 1544 3736 et
1573 3685 1932 3752 accuratam,

288 3776 346 3828 et
395 3776 551 3828 retro
609 3789 817 3827 versus
875 3789 1118 3844 sequere
1182 3771 1338 3827 viam
1406 3772 1794 3826 abducentem
1856 3770 1929 3826 ad

282 3862 527 3917 bonum.
564 3860 631 3917 Et
661 3860 741 3916 ita
771 3878 910 3917 sane
941 3859 1138 3917 salvus
1169 3859 1307 3916 eris.

352 4129 440 4186 49.
471 4129 628 4184 Hanc
659 4131 855 4184 autem
880 4126 1331 4185 declinationem
1369 4131 1647 4200 operatur
1669 4128 1930 4186 efﬁcacia

277 4218 535 4285 virtutis,
569 4218 832 4274 efﬁcacia
887 4206 1190 4274 charitatis
1247 4217 1362 4274 Deo
1413 4217 1819 4275 convenientis
1873 4224 1929 4275 et

276 4311 549 4380 accepta,
606 4307 867 4363 efﬁcacia
935 4309 1242 4379 justorum
1322 4322 1590 4379 operum,
1668 4307 1929 4364 efﬁcacia

273 4396 674 4468 simplicitatis
730 4400 786 4452 et
845 4396 1196 4468 prudentiae,
1248 4395 1509 4466 justitia,
1565 4395 1753 4452 virilis
1798 4397 1926 4452 ani-

273 4501 409 4540 mus
442 4485 724 4540 adversus
769 4484 988 4540 bellum
1039 4484 1420 4553 diabolicum,
1471 4485 1776 4552 veracitas,
1809 4487 1924 4540 mi-

271 4573 614 4641 sericordia,
663 4573 934 4645 aequitas,
993 4573 1278 4630 auxilium
1333 4573 1643 4646 egentibus
1693 4574 1921 4645 praasti-

2046 3419 2467 3492 ἁντεισὲρχεται,
2513 3417 2649 3471 καθὰ
2703 3415 2828 3471 οὐδὲ
2887 3415 3202 3486 ἐξάντλησις
3265 3410 3560 3491 βορϐόρου,
3613 3416 3704 3471 ὅτε

2042 3501 2224 3579 ἕτερος
2284 3505 2567 3580 ἐπεισρὲει.
2631 3501 2945 3573 ’¹Ε]κκλινοθ,
3014 3504 3171 3582 φησὶ,
3228 3509 3410 3573 τοῦτο,
3477 3506 3551 3566 ὡς
3614 3505 3705 3560 ἐπὶ

2045 3589 2196 3664 ὁδοῦ,
2253 3595 2315 3662 ἣν
2369 3594 2396 3647 ὁ
2458 3590 2696 3670 βαδίζων
2747 3592 2846 3648 ούκ
2894 3592 3276 3668 ἐπιτυγχάνειν
3307 3589 3423 3666 ἔχει
3457 3594 3519 3648 οὗ
3554 3593 3701 3658 θέλει

2041 3682 2448 3756 καταλύματος.
2510 3681 2720 3753 Βαδίζω
2775 3682 2890 3751 οὖν,
2937 3685 3123 3763 φησὶν,
3175 3683 3236 3738 ού
3296 3685 3433 3738 κατὰ
3479 3686 3700 3759 ἀρετὴν,

2041 3770 2188 3828 ἀλλὰ
2214 3773 2313 3841 τὴν
2362 3771 2671 3848 άπάγουσαν
2725 3771 2813 3827 ἐπὶ
2868 3773 2930 3827 τὸ
2987 3772 3170 3828 κακόν.
3220 3771 3535 3844 Ἔκκλινον,
3568 3773 3700 3851 ὅπερ

2040 3859 2174 3929 ἐστὶ,
2208 3860 2613 3932 κατακλάσθητι
2640 3869 2743 3932 τῆς
2790 3860 3046 3932 τοιαύτης
3098 3861 3266 3936 ὀρθῆς
3317 3862 3405 3916 καὶ
3461 3863 3696 3933 εὐθείας,

2039 3950 2130 4006 καὶ
2188 3950 2494 4026 πλαγιάσας
2537 3955 2695 4027 γενοῦ
2741 3958 2841 4021 τῆς
2885 3949 3202 4026 άπαγούσης
3249 3950 3324 4013 εἷς
3355 3952 3418 4006 τὸ
3479 3953 3698 4029 ἀγαθόν.

2040 4040 2140 4094 Καὶ
2172 4040 2314 4094 οὕτω
2346 4037 2560 4109 δηλαδὴ
2597 4043 2841 4115 σωθήσῃ.

2114 4129 2217 4202 μθ’.
2254 4135 2410 4184 Ποιεῖ
2440 4126 2496 4184 δὲ
2525 4129 2623 4198 τήν
2653 4129 2910 4200 τοιαύτην
2964 4128 3204 4184 ἔκκλισιν
3236 4132 3271 4199 ἠ
3326 4131 3464 4185 κατὰ
3505 4131 3700 4206 άρετὴν

2039 4217 2371 4295 ἐνέργεια,ἡ
2428 4219 2563 4273 κατὰ
2615 4221 2831 4294 ἀγάπην
2893 4224 3009 4292 Θεῷ
3066 4220 3374 4292 πρέπουσαν
3432 4219 3521 4274 καὶ
3573 4219 3699 4294 ἁρὲ-

2036 4329 2288 4378 σκουσαν,
2321 4311 2356 4378 ἠ
2412 4310 2550 4364 κατὰ
2605 4306 3046 4385 δικαιοπραγίαν,
3079 4311 3114 4379 ἡ
3174 4310 3310 4364 κατά
3359 4311 3421 4365 τὸ
3482 4312 3700 4380 ἀπονή-

2037 4401 2303 4473 ρευτον,ή
2336 4399 2473 4453 κατά
2521 4397 2584 4453 τὸ
2645 4403 2885 4476 σῶφρον,
2916 4401 2950 4469 ἡ
3014 4397 3354 4470 δικαιοσύνη,
3402 4396 3698 4475 τὸ’ἁνδρί-

2037 4489 2212 4555 ζεσθαι
2267 4487 2403 4541 κατὰ
2458 4485 2710 4561 πολέμου
2787 4486 3132 4561 δαιμονικοῦ,
3185 4490 3247 4544 τὸ
3314 4489 3693 4564 ἀληθίζεσθαι,

2029 4575 2092 4629 τὸ
2125 4575 2316 4643 ἐλεεῖν,
2348 4576 2411 4630 τὸ
2468 4573 2902 4652 δικαιοπραγεῖν,
2944 4579 3006 4633 τὸ
3078 4579 3296 4654 βοηθεῖν
3351 4585 3469 4641 τοῖς
3517 4577 3692 4636 ἐνδεὲ-

270 4667 422 4729 tum,
483 4663 638 4736 quod
701 4663 877 4717 etiam
935 4667 1025 4718 est
1075 4661 1488 4718 misericordiae
1539 4678 1763 4733 genus;
1806 4679 1919 4717 non

2053 4684 2135 4735 rw,
2167 4664 2195 4717 ὃ
2221 4664 2310 4718 καὶ
2367 4665 2497 4719 αὐτὸ
2556 4663 2715 4719 ἐλέου
2770 4664 2910 4728 εἶδός
2971 4667 3103 4722 ἐστι·
3135 4668 3197 4722 τὸ
3231 4668 3308 4739 μή
3340 4668 3689 4744 περιεργάζε-

266 4751 524 4807 inaniter
559 4757 616 4807 et
647 4751 875 4807 curiose
933 4756 1219 4823 satagere,
1276 4767 1409 4806 cum
1469 4767 1618 4822 opus
1651 4756 1740 4805 est
1775 4751 1918 4806 sim-

267 4841 552 4914 plicitate,
606 4841 1021 4896 conventiones
1081 4841 1140 4895 in
1205 4840 1447 4895 veritate
1499 4839 1672 4894 sicuti
1721 4856 1915 4895 coram

265 4931 382 4987 Deo
451 4931 727 5003 signare;
793 4929 1091 4985 custodire
1175 4927 1514 4984 indelebilis
1592 4930 1649 4983 in
1725 4931 1917 4986 veraci

264 5020 485 5088 anima,
538 5034 901 5091 quascunque
961 5019 1324 5086 scribuntur,
1374 5022 1431 5072 et
1478 5018 1562 5073 sic
1616 5033 1730 5072 non
1791 5019 1915 5072 fru-

262 5113 388 5165 stra
445 5109 637 5165 crucis
697 5123 989 5180 apponere
1047 5115 1272 5180 typum,
1340 5112 1396 5162 et
1480 5105 1681 5179 aliquo
1742 5107 1913 5163 modo

261 5199 455 5255 dicere
518 5197 680 5253 velut
739 5197 919 5252 olim:
987 5217 1015 5247 «
1073 5195 1258 5264 Tolle,
1313 5196 1590 5269 cruciﬁge
1627 5197 1647 5230 τ
1710 5217 1738 5246 ››
1797 5196 1910 5251 fra-

258 5291 399 5356 tres,
470 5303 618 5360 quos
707 5286 1039 5343 venerando
1127 5286 1320 5342 crucis
1387 5285 1686 5357 signaculo
1756 5286 1912 5341 deci-

256 5375 504 5445 pimus;
565 5394 682 5433 non
733 5375 948 5431 inferre
1014 5376 1300 5430 damnum
1360 5374 1482 5429 sive
1541 5390 1644 5446 per
1699 5390 1908 5429 novam

255 5461 631 5534 injustitiam,
701 5465 824 5521 sive
909 5481 1022 5519 non
1109 5464 1419 5520 reddentes
1487 5462 1907 5530 concreditum,

253 5547 373 5604 sive
405 5553 594 5608 mutui
653 5553 773 5610 sive
828 5552 1078 5625 depositi
1137 5551 1325 5625 titulo,
1357 5553 1477 5609 sive
1530 5552 1602 5608 ad
1649 5550 1908 5624 aliquem

320 5761 341 5799 τ
377 5756 690 5833 Joan.xxx,
728 5765 814 5820 15.

2031 4764 2173 4821 σθαι,
2235 4754 2374 4808 ὅπου
2421 4755 2609 4828 καιρὸς
2668 4752 3002 4826 ἁπλότητος,
3034 4756 3096 4810 τὸ
3144 4751 3686 4837 συμϐολαιογραφεῖν

2027 4842 2163 4913 πρὸς
2214 4839 2474 4912 ἀλήθειαν
2531 4843 2604 4904 ὡς
2654 4842 2884 4898 ἐνώπιον
2934 4849 3088 4912 Θεοῦ,
3122 4844 3211 4899 καὶ
3254 4843 3543 4923 φυλάττειν
3604 4849 3693 4903 ἀνα

2028 4930 2314 5012 εξάλειπτα
2365 4930 2442 5012 ἐν,
2478 4929 2818 5006 ἁληθευούσῃ
2861 4936 3039 5008 ψυχῇ,
3110 4931 3208 4988 ὅσα
3255 4935 3546 5012 γράφεται,
3597 4939 3685 4992 καὶ

2029 5011 2104 5084 μὴ
2155 5011 2328 5083 μάτην
2383 5011 2525 5066 οὕτω
2580 5013 2862 5085 σταυρικὸν
2912 5013 3081 5068 τύπον
3127 5010 3563 5089 προϐάλλεσθαι,
3595 5017 3685 5071 καὶ

2025 5097 2168 5153 οὕτω
2218 5099 2419 5175 τρόπον
2476 5101 2594 5155 τινὰ
2652 5099 2826 5177 λέγειν
2887 5102 2977 5157 καὶ
3034 5105 3181 5177 ἡμᾶς
3215 5120 3229 5135 ⁸
3286 5107 3473 5181 Ἀρον,
3531 5107 3679 5180 ἆρον,

2024 5189 2334 5264 σταύρωσον
2370 5188 2498 5254 τοὺς
2541 5187 2833 5269 ἀδελφοὺς,
2883 5191 2976 5255 οὓς
3028 5194 3318 5267 ἁπατῶμεν
3376 5199 3455 5266 τῷ
3506 5193 3672 5264 τιμίῳ

2021 5283 2298 5353 σταυρικῷ
2345 5275 2725 5353 προϐλήματα
2768 5279 2831 5336 τὸ
2883 5283 2956 5355 μή
3015 5284 3328 5359 ἀποστερεῖν
3380 5282 3483 5338 εἷ’τε
3539 5280 3671 5335 κατὰ

2022 5370 2257 5444 ἑτεροίαν
2320 5367 2690 5439 ἁδικίαν,εἷ’τε
2725 5374 2800 5445 μή
2855 5371 3215 5436 ἀποδιδόντας
3274 5375 3332 5428 τὸ
3394 5366 3672 5445 λαμϐανό-

2025 5480 2204 5534 μενον,
2265 5457 2374 5514 εῗτε
2428 5460 2565 5536 πρὸς
2619 5457 2848 5529 δάνειον,
2910 5461 3017 5518 εἷ’τε
3100 5463 3423 5538 παραθήκης
3499 5460 3673 5536 λόγῷ,

2020 5546 2127 5604 εἷ’τε
2207 5548 2343 5625 πρὸς
2423 5548 2614 5626 χρείαν
2673 5553 2833 5606 τινά·
2888 5553 2952 5608 τὸ
3013 5553 3089 5628 μὴ
3139 5553 3517 5627 παρασπᾶσθαι
3574 5557 3676 5628 γῆν
