4082 6414
374 400 488 460 62!

1390 395 1472 456 IN
1514 393 1580 456 S.
1623 390 2316 466 QUADRAGESIMAM
2360 391 2660 454 ORATIO
2701 392 2781 453 II.

3679 387 3802 448 622

372 528 697 607 ἀλλοτρίαν,
730 530 820 585 καὶ
878 528 1050 598 αὐτὴν
1103 529 1244 603 μήτε
1275 525 1582 597 ἰδιωτικὴν,
1631 528 1711 598 τῷ
1757 524 1916 579 παντὶ
1974 520 2025 578 δὲ

2143 541 2358 594 usum;
2392 542 2507 582 non
2539 526 2790 582 alienam
2838 523 3096 596 arripere
3150 525 3367 579 terram
3416 521 3536 579 sive
3600 520 3796 594 priva-

371 622 566 692 πλέον,
603 617 742 694 μηδὲ
774 617 1156 699 ἀφωρισμένην
1184 619 1302 680 τοὶς
1335 618 1530 694 ἱεροῖς.

445 803 510 860 ν’.
543 803 722 858 Τοῦτο
783 796 848 867 δὴ
909 799 972 853 τὸ
1028 795 1394 869 ἱεροσυΛικόν.
1441 797 1558 872 Χρὴ
1612 796 1716 871 γὰρ
1777 793 2027 866 ἐνθυμεῖο

383 889 594 948 σθαιτᾶ
647 887 797 964 παρά
852 893 969 950 τοῖς
1025 885 1263 957 Ἕλλησι
1323 887 1545 960 τεμένη,
1600 885 1774 940 ὁπόσα
1841 883 2033 938 ἐκεῖνοι

388 982 478 1055 μὲν
509 973 759 1056 ἀφιέοουν
812 974 1088 1049 δαίμοσιν·
1151 977 1200 1031 οἱ
1245 974 1303 1031 δὲ
1363 976 1490 1031 αὐτὸ
1535 973 1757 1042 εἰδότες,
1810 969 2034 1047 ὄμματα

386 1066 544 1144 μόνον
606 1067 918 1145 έπαφιέντες
973 1066 1198 1136 αὐτοῖς,
1253 1067 1328 1128 ὡς
1387 1065 1462 1128 είς
1519 1065 1638 1129 θέαν
1698 1064 1877 1128 ἁπλῆν
1927 1064 2034 1120 εἴτε

379 1159 467 1214 καὶ
526 1162 724 1230 θαῦμα,
774 1153 945 1216 πόδας
996 1155 1093 1210 οὐκ
1135 1150 1462 1228 ἐπέϐαλλον,
1517 1154 1662 1210 ἀλλά
1691 1155 2030 1231 παρέτρεχον

377 1245 644 1317 εὐλαϐῶς,
708 1249 795 1303 γαὶ
861 1247 936 1308 ὡς
1002 1246 1159 1301 αὐτοὶ
1207 1245 1485 1320 ἐνόμιζον,
1543 1247 1904 1322 ἱεροπρεπῶς.
1966 1247 2030 1301 Εἰ

378 1339 433 1396 δέ
461 1361 524 1416 γε
552 1336 738 1400 ἄλλως
771 1335 1053 1405 ἐποίησαν,
1113 1335 1260 1411 εἶχεν
1320 1335 1380 1389 ἂν
1414 1333 1608 1396 αὐτοὺς
1648 1335 1885 1406 νόμιμος
1916 1340 2031 1396 τοῖς

373 1431 495 1484 τότε
525 1430 774 1493 θάνατος.
809 1427 878 1480 Τὸ
908 1427 964 1480 δὲ
998 1430 1206 1498 μεῖζον·
1242 1425 1335 1479 καὶ
1391 1422 1574 1478 ἄνετον
1631 1426 1783 1493 ζώων
1836 1424 2030 1500 ἀγέλαι

374 1525 492 1581 τοῖς
520 1516 794 1578 τοιοῦτοις
825 1515 1169 1590 ἐνετρέφοντο
1188 1514 1658 1587 τεμενίσμασι,καὶ
1688 1517 1820 1584 ἦσαν
1856 1512 2028 1570 ἄσυλα

375 1609 467 1664 καὶ
506 1606 658 1664 αὐτοί·
693 1606 784 1661 καὶ
809 1605 1072 1681 πρότερον
1106 1604 1165 1659 ἂν
1197 1603 1466 1682 κατέφαγέ
1510 1626 1591 1667 τις
1635 1602 1775 1659 ἰδίαν
1836 1605 2026 1680 σάρκα,

379 1701 519 1776 ἥπερ
552 1697 768 1754 ἐκείνων
799 1696 1003 1771 ἥψατο.

449 1876 545 1931 να’.
578 1876 688 1932 Νῦν
740 1871 797 1928 δὲ
848 1873 1210 1938 ἀποθεοῦσθαι
1267 1870 1558 1946 δοκοῦμεν,
1619 1875 1664 1927 εἰ
1722 1874 1789 1928 τὰ
1818 1872 2026 1944 ἐκκλη-

377 1965 624 2021 σιαστικά
675 1962 1060 2040 νοσφιζόμεθα.
1124 1961 1304 2024 Πολὺς
1361 1960 1413 2016 ἐν
1465 1965 1600 2035 ἡμῖν
1652 1963 1680 2017 ὁ
1722 1961 1883 2038 λόγος
1939 1961 2022 2016 τό·

373 2055 480 2111 Καὶ
539 2054 591 2108 τί
655 2051 868 2123 δήποτα
921 2053 948 2106 ὁ
995 2051 1125 2113 Θεὸς
1180 2050 1270 2105 καὶ
1303 2051 1354 2105 οἱ
1402 2055 1496 2105 τοῦ
1529 2055 1662 2106 Θεοῦ
1721 2052 1869 2126 ἅγιοι
1919 2055 2026 2105 τῶν

372 2143 636 2200 τοιούτων
671 2139 902 2210 δέονται,
956 2141 1007 2194 οἱ
1059 2141 1198 2212 μήτε
1240 2141 1567 2215 σπείροντες,
1618 2141 1755 2214 μήτε
1785 2141 2026 2214 θερίζον-

374 2247 484 2294 τες,
548 2226 686 2296 μήτε
731 2221 1056 2298 τρώγοντες,
1121 2222 1258 2294 μήτε
1304 2221 1593 2289 πίνοντες;
1635 2221 1698 2275 Εἰ
1747 2218 1804 2275 δὲ
1860 2221 2024 2296 χάριν

382 2313 562 2370 ἄλλων
595 2319 782 2384 ταῦτα,
808 2311 902 2366 ’ίνα
933 2313 984 2366 οἱ
1010 2312 1262 2382 πένητες,
1319 2313 1500 2390 φασὶν,
1561 2311 1620 2366 ὲκ
1676 2316 1784 2366 τῶν
1838 2310 2026 2365 τοιού-

380 2425 488 2458 των
517 2401 949 2480 ἂποτρέφωνται,
999 2398 1117 2455 ἰδοὺ
1165 2403 1330 2473 ἡμεῖς
1362 2401 1604 2476 πτωχοὶ,
1637 2400 1698 2454 οὐ
1735 2400 2026 2473 καθέξομεν

379 2491 510 2547 αὐτά
540 2490 628 2546 καὶ
686 2488 1032 2564 θρεψόμεθας
1092 2493 1158 2542 Ὦ
1196 2487 1422 2543 ἐλεεινοὶ
1480 2493 1721 2544 τοιοῦτοι
1773 2486 2024 2566 ἀδελφοί·

377 2583 475 2638 οὐκ
548 2580 752 2650 οἷ’δατε,
823 2585 957 2636 Θεοῦ
1031 2579 1119 2635 καὶ
1187 2583 1297 2634 τῶν
1368 2581 1524 2634 θείων
1583 2581 2022 2652 καταπαίζοντες·

374 2669 507 2726 οὐδὲ
565 2670 898 2745 ἐνθυμεῖσθε,
972 2669 1225 2740 μείζονας
1282 2667 1504 2730 ἑαυτοὺς
1559 2673 1656 2722 τοῦ
1713 2675 1846 2724 Θεοῦ
1903 2681 2030 2733 καθ-

379 2765 652 2830 ιστῶντες,
713 2758 856 2834 εἷ’πιρ
893 2758 1048 2829 ὑμεῖς
1095 2758 1189 2829 μὲν
1242 2757 1712 2832 ἀποχαρισάμενοι
1753 2758 1821 2812 τὰ
1866 2755 2024 2822 δῆθεν

379 2849 613 2924 ὐμέτερα
639 2847 823 2924 φίλοις
862 2845 897 2915 ἢ
954 2846 1259 2921 συγγενέσιν
1288 2844 1324 2914 ἢ
1384 2843 1572 2908 ἄλλως
1631 2845 1875 2918 οἰκείοις,
1905 2845 2027 2902 οὔτε

382 2936 584 3008 Θέλετε,
633 2933 755 2991 οὕτε
810 2935 1035 3000 δύνασθε
1083 2936 1235 2999 αὗθις
1289 2935 1422 2990 αὐτά
1469 2937 1762 3005 κτήσασθαι
1825 2933 2029 2990 ἀναλα-

384 3020 628 3099 ϐόμενοι·
660 3023 724 3079 τὸ
757 3025 872 3097 μὶν,
917 3025 1008 3079 ἳνα
1042 3027 1116 3098 μὴ
1161 3021 1373 3098 ψευδεῖς
1407 3023 1659 3100 φανείητε
1711 3026 1798 3078 καὶ
1862 3022 2031 3080 ἄστα-

376 3137 461 3172 τοι
493 3116 582 3170 καὶ
610 3109 966 3187 παλίμϐολει,
998 3115 1060 3169 τὸ
1093 3113 1172 3183 δὲ,
1203 3113 1285 3168 ὅτι
1317 3115 1569 3168 πτοεῖσθε
1624 3114 1713 3168 τὸν
1747 3115 1814 3168 τὰ
1841 3119 2028 3169 τοιαῦ-

372 3226 440 3260 τα
467 3203 770 3274 κολάζοντα
796 3203 964 3277 νόμον
1016 3204 1104 3259 καὶ
1135 3204 1200 3256 τά
1242 3202 1294 3273 ἐξ
1344 3201 1508 3257 αὐτοῦ
1561 3204 1844 3276 τίμηὴμω
1876 3203 1943 3258 τὰ
1973 3201 2031 3258 δὲ

371 3299 450 3367 τῷ
481 3300 595 3368 Θεῷ
623 3296 714 3351 καὶ
744 3300 862 3356 τοῖς
911 3293 1082 3371 ἁγίοις
1125 3293 1288 3348 αὐτοῦ
1339 3295 1775 3369 ἁποχαρισθέντα
1823 3306 2028 3370 καθαρ-

373 3386 650 3456 πάζοντες,
719 3386 784 3440 οὐ
853 3384 1136 3460 λογίζεσθε
1187 3384 1530 3460 παροργίζειν
1591 3383 1853 3452 ἐκείνους,
1903 3383 2030 3440 οὐδὲ

377 3471 692 3539 εὐλαϐεῖσθε
751 3472 1096 3545 δικαιοτάτην
1158 3471 1384 3546 ἄμυναν·
1447 3471 1594 3528 ἀλλά
1621 3474 1718 3543 τὴν
1751 3479 1848 3529 τοῦ
1894 3480 2028 3530 Θεοῦ

377 3563 811 3644 φιλανθρωπίαν,
844 3565 943 3618 ὅσα
989 3562 1078 3618 καὶ
1138 3560 1335 3616 ἀσπίδα
1412 3561 1632 3638 στεῤῥάν
1710 3561 2025 3636 ὑποδύντες,

372 3653 656 3724 τοξάζεσθε
683 3653 819 3708 κατά
846 3657 951 3706 τῶν
1004 3652 1173 3706 αὐτοῦ
1221 3652 1410 3727 ἱερέων
1461 3651 1551 3706 καὶ
1601 3652 1785 3726 ἱερῶν.
1818 3652 2026 3728 Εὐχοί-

369 3744 526 3814 μεθα,
565 3743 639 3814 μὴ
682 3739 848 3796 πάλιν
909 3740 1316 3813 ἐκθυμώσωμεν
1377 3739 1560 3796 αὐτόν.
1619 3740 1685 3797 Εἰ
1735 3743 1836 3816 γὰρ
1896 3741 2025 3797 αὐτὸ

363 3831 636 3906 γένηται,
693 3830 818 3885 τότε
889 3831 1192 3902 μαθήσεσθε
1268 3829 1358 3884 ἀπ’
1416 3828 1590 3884 αὐτῶν
1651 3826 1843 3904 ἔργων,
1908 3832 2023 3892 οἷος

358 3922 560 3984 ἐκεῖνος
590 3923 692 3992 τὴν
751 3920 1138 3998 ἀγανάκτησιν·
1196 3921 1255 3983 ’ὸς
1287 3922 1523 3997 καθάπερ
1577 3921 1638 3976 οὐ
1689 3921 1840 4000 φιλεῖ
1893 3921 2023 3977 κλε-

359 4011 657 4085 πτόμενος,
692 4011 865 4072 οὕτως
902 4007 1028 4065 οὐδὲ
1057 4010 1457 4085 ἁρπαζόμενος.
1489 4015 1593 4064 Τοῦ
1635 4011 1839 4084 Κυρίου
1871 4013 1905 4080 ἡ
1950 4020 2018 4086 γῆ

367 4099 458 4155 καὶ
487 4101 550 4155 τὸ
579 4099 866 4175 πλήρωμα
895 4099 1082 4168 αὐτῆς·
1115 4098 1287 4175 ἐχέτω
1319 4100 1409 4153 οῦν
1437 4096 1812 4166 ἓκσιστοςβσον
1842 4101 2018 4154 θεόθεν

363 4183 579 4257 ἓλαϐεν,
608 4186 706 4242 ’ίνα
741 4188 817 4260 μὴ
849 4185 1048 4242 ἀδικῶν
1082 4187 1143 4242 οὐ
1175 4187 1334 4242 πάθοι
1368 4185 1641 4261 εὐλογίαν.

439 4272 532 4333 νϐ’.
587 4275 745 4334 Ἀλλ’
795 4275 926 4352 ὅπερ
982 4276 1267 4352 ἐλέγομεν,
1334 4281 1502 4347 ποιεῖ,
1557 4273 1795 4330 ἔκκλισιν
1853 4283 2021 4333 κακοῦ

372 4365 456 4419 καὶ
513 4367 574 4420 τὸ
597 4365 1060 4444 ἀσυκοφάντητον,
1117 4364 1207 4418 καὶ
1235 4364 1296 4418 τὸ
1353 4358 1604 4441 ἀϐλάσφη
1619 4385 1743 4436 μον,
1774 4365 1864 4419 καὶ
1904 4368 1938 4435 ἡ
1969 4366 2021 4421 ἐν

371 4450 542 4509 δέοντι
574 4453 820 4529 εὐλογία,
871 4453 960 4509 καὶ
1017 4455 1078 4508 τὸ
1136 4455 1209 4528 μή
1261 4458 1694 4529 καταμαρτυρεῖν
1745 4454 1831 4509 ἐπὶ
1888 4455 2018 4529 ψεύ-

372 4540 505 4613 δεσι,
539 4544 626 4598 καὶ
657 4544 720 4598 τὸ
747 4544 958 4620 χαίρειν
995 4543 1130 4617 μετά
1157 4547 1263 4597 τῶν
1294 4543 1377 4598 ἐπ’
1426 4543 1650 4617 ἀγαθοῖς
1684 4545 2018 4620 χαιρόντων,

2144 622 2286 686 tam,
2316 617 2458 686 sive,
2490 619 2645 689 quod
2685 616 2928 674 omnino
2981 615 3214 688 gravius
3269 619 3376 682 est,
3419 613 3604 672 sacris
3633 613 3796 671 dica-

2142 711 2286 764 tam.

2213 799 2302 853 50.
2339 798 2453 854 Hoc
2486 815 2626 854 sane
2674 797 3049 869 sacrilegium
3110 799 3219 851 est.
3279 794 3519 866 Oportet
3547 793 3701 849 enim
3733 792 3795 848 in

2146 899 2338 950 mente
2368 896 2580 951 habere
2612 897 2766 968 quod
2802 895 2955 966 apud
2990 894 3219 949 Graecos
3251 909 3318 948 ea
3357 892 3484 947 loca
3514 897 3655 947 sunt
3702 909 3795 948 sa-

2144 1000 2397 1056 cra,qusa
2414 985 2767 1055 ubicumque
2798 983 3164 1037 daemonibus
3198 980 3692 1036 dedicabant.Hoc
3706 997 3800 1037 ve-

2143 1091 2205 1129 ro
2235 1073 2505 1140 scientes,
2540 1073 2740 1128 oculos
2770 1077 3094 1139 tantum,ut
3127 1073 3197 1126 ad
3221 1070 3552 1143 simplicem
3597 1071 3794 1126 visum

2144 1167 2244 1218 aut
2285 1163 2764 1231 admirationem,
2788 1162 2845 1216 in
2869 1179 2934 1216 ea
2956 1161 3353 1232 conjicientes,
3375 1160 3552 1232 pedes
3572 1159 3654 1214 ibi
3677 1176 3794 1214 non

2143 1253 2457 1324 ponebant,
2489 1255 2587 1309 sed
2616 1252 2904 1324 religiose,
2952 1256 3026 1319 et,
3052 1251 3207 1306 sicut
3227 1250 3340 1320 ipsi
3369 1250 3680 1321 putabant,
3705 1265 3796 1303 re-

2141 1341 2253 1396 bus
2283 1341 2465 1396 sacris
2497 1345 2888 1413 congruenter
2916 1339 3269 1394 transibant.
3303 1337 3484 1393 Aliter
3513 1342 3712 1393 autem
3745 1338 3796 1392 si

2141 1431 2437 1499 fecissent,
2471 1431 2645 1486 morti
2677 1435 2817 1484 tunc
2861 1429 3088 1501 legibus
3121 1428 3375 1500 probata:
3409 1427 3659 1482 fuissent
3689 1427 3796 1483 ob-

2143 1520 2317 1575 noxii.
2353 1521 2471 1576 Hoc
2502 1524 2697 1575 autem
2750 1520 2982 1588 majus:
3044 1523 3306 1572 errantes
3364 1516 3545 1572 libere
3590 1532 3797 1588 greges

2142 1609 2491 1664 animalium
2520 1609 2580 1664 in
2615 1608 2834 1663 talibus
2872 1607 3320 1662 enutriebantur
3349 1605 3710 1672 nemoribus,
3742 1610 3800 1661 et

2139 1697 2270 1770 ipsa
2299 1701 2466 1752 erant
2495 1695 3198 1768 inviolabiliazpotiusque
3227 1693 3524 1766 propriam
3583 1693 3799 1765 aliquis

2141 1787 2556 1841 manducasset
2573 1802 2830 1850 carnem,
2852 1800 3026 1855 quam
3048 1784 3104 1838 in
3127 1782 3481 1838 illamanum
3505 1782 3796 1852 injeciset.

2062 1900 2109 1964 Β
2209 1876 2299 1930 51.
2333 1875 2498 1930 Nunc
2521 1879 2716 1930 autem
2742 1873 3106 1946 apotheosim
3135 1872 3484 1944 participare
3504 1871 3797 1940 videmur,

2143 1964 2192 2018 si
2221 1963 2615 2020 ecclesiastica
2646 1963 3067 2034 subripiamus.
3103 1960 3327 2016 Multus
3359 1960 3513 2015 inter
3540 1976 3648 2015 nos
3681 1960 3798 2014 bu-

2135 2054 2395 2125 jusmodi
2423 2069 2653 2109 sermo:
2687 2051 2904 2122 Ecquid
2965 2052 3080 2105 Deo
3141 2050 3357 2121 Deique
3417 2049 3660 2116 sanctis,
3693 2049 3798 2120 qui

2141 2157 2329 2214 neque
2361 2148 2584 2209 serunt,
2617 2157 2808 2212 neque
2867 2143 3121 2208 metunt,
3173 2153 3362 2209 neque
3412 2138 3794 2208 manducent,

2141 2247 2334 2302 neque
2363 2231 2595 2300 bibunt,
2656 2229 2874 2286 talibus
2907 2245 3055 2300 opus
3082 2227 3209 2282 est?
3265 2227 3322 2280 Si
3381 2232 3617 2298 propter
3645 2225 3790 2282 alios

2139 2325 2331 2375 autem
2362 2320 2478 2375 ista
2509 2325 2668 2387 sunt,
2703 2323 2766 2374 ut
2798 2322 3055 2390 egentes,
3091 2316 3390 2389 inquiunt,
3435 2333 3504 2372 ex
3535 2314 3652 2371 illis
3683 2332 3794 2370 nu-

2137 2409 2413 2476 triantur,
2447 2423 2580 2463 ecce
2612 2424 2717 2464 nos
2749 2423 3059 2480 pauperes,
3091 2423 3209 2460 non
3241 2405 3342 2460 illa
3365 2404 3723 2476 accipiemus
3741 2411 3800 2460 et

2142 2498 2522 2554 nutriemur?
2554 2497 2598 2553 Ο
2631 2497 2947 2553 miserandi
2989 2494 3330 2565 huiusmodi
3370 2495 3615 2550 fratres!
3672 2495 3799 2549 Non

2139 2587 2352 2643 videtis
2385 2588 2537 2659 quod
2572 2588 2753 2642 Deum
2788 2590 2844 2641 et
2875 2603 2967 2641 res
2997 2584 3230 2640 divinas
3256 2584 3500 2639 luditis?
3526 2585 3649 2638 Non
3681 2583 3805 2638 ani-

2140 2676 2528 2745 madvertitis,
2562 2676 2716 2746 quod
2749 2674 3139 2746 vosmetipsos
3166 2675 3277 2730 Deo
3310 2674 3563 2745 majores
3589 2674 3803 2728 consti-

2137 2766 2328 2832 tuitis,
2354 2765 2647 2836 siquidem
2666 2779 2927 2833 vos,cum
2953 2764 3022 2818 de
3046 2761 3553 2833 vestris,aliquam
3589 2771 3798 2818 contu-

2138 2856 2292 2911 listis
2313 2854 2565 2926 gratiam
2593 2851 2916 2920 amicis,vel
2939 2850 3319 2922 cognatis,vel
3344 2850 3799 2923 quibuscumque

2139 2943 2553 3009 familiaribus,
2587 2958 2776 3014 neque
2805 2940 3004 3008 vultis,
3030 2957 3220 3012 neque
3250 2940 3494 3011 potestis
3517 2956 3584 2994 ea
3606 2941 3798 2995 denuo

2140 3038 2507 3090 resumentes
2540 3032 2877 3104 possidere;
2909 3034 3063 3097 tum,
3086 3045 3157 3085 ne
3189 3029 3426 3084 fallaces
3460 3034 3516 3084 et
3546 3029 3797 3085 mobiles

2138 3128 2195 3180 et
2223 3122 2526 3179 versatiles
2582 3120 2934 3193 appareatis,
2993 3123 3121 3175 tum
3154 3118 3291 3191 quia
3347 3118 3572 3174 timetis
3603 3117 3793 3190 legem

2141 3211 2284 3267 talia
2310 3210 2651 3284 punientem
2697 3209 3004 3281 ipsiusque
3050 3206 3365 3276 mulctam;
3399 3223 3467 3262 ea
3497 3222 3632 3262 vero
3665 3224 3793 3279 quas

2143 3307 2256 3357 Deo
2288 3306 2345 3356 et
2375 3298 2594 3356 sanctis
2639 3299 2769 3370 ejus
2825 3298 3043 3353 donata
3093 3301 3254 3365 sunt,
3305 3296 3622 3369 rapientes,
3677 3313 3792 3352 non

2139 3390 2360 3446 timetis
2409 3389 2537 3446 illos
2597 3388 2668 3443 ad
2723 3387 2871 3442 iram
2927 3386 3201 3453 excitare,
3258 3402 3363 3441 nec
3394 3385 3795 3456 justissimam

2138 3480 2480 3539 reveremini
2511 3479 2851 3548 vindictam,
2885 3477 2982 3532 sed
3016 3475 3116 3532 Dei
3141 3475 3584 3549 benignitatem,
3617 3476 3798 3533 veluti

2137 3576 2372 3627 scutum
2403 3567 2758 3633 inviolabile,
2787 3567 3131 3634 subeuntes,
3161 3567 3442 3621 adversus
3462 3568 3799 3623 sacerdotes

2137 3662 2265 3732 ejus
2296 3665 2353 3714 et
2379 3675 2546 3715 sacra
2574 3656 2692 3713 tela
2715 3656 2936 3727 jacitis.
2985 3660 3396 3727 Deprecamur,
3458 3671 3530 3710 ne
3590 3672 3799 3713 rursus

2135 3749 2302 3805 illum
2335 3748 2675 3803 irritemus:
2732 3746 2783 3801 si
2831 3745 2985 3801 enim
3021 3745 3179 3799 istud
3240 3745 3426 3812 ﬁeret,
3477 3748 3620 3799 tunc
3649 3744 3798 3816 ipsis

2133 3838 2410 3910 operibus
2435 3836 2696 3905 discetis,
2727 3833 2991 3907 qualisin
3011 3833 3419 3904 indignatione
3442 3833 3539 3890 ille
3558 3834 3792 3904 sit,qui,

2134 3927 2306 3983 sicuti
2338 3942 2442 3980 nec
2473 3926 2652 3991 fures,
2683 3925 2765 3977 ita
2822 3939 2928 3978 nec
2961 3927 3224 3994 raptores
3283 3927 3462 3977 amat.
3498 3945 3526 3973 ‹‹
3556 3924 3789 3979 Domini

2134 4020 2224 4072 est
2251 4019 2409 4071 terra
2438 4018 2494 4069 et
2525 4012 2830 4084 plenitudo
2862 4012 3043 4081 ejus”,
3082 4033 3110 4060 »
3145 4011 3364 4066 Habeat
3401 4012 3579 4081 igitur
3607 4030 3792 4068 unus-

2133 4105 2385 4177 quisque
2418 4103 2571 4174 quod
2605 4119 2639 4156 a
2690 4101 2808 4156 Deo
2867 4100 3132 4172 accepit;
3194 4116 3266 4155 ne
3315 4117 3450 4156 reus
3482 4101 3789 4172 injustities

2133 4193 2603 4249 benedictionem
2640 4207 2755 4245 non
2790 4189 3024 4245 sentiat.

2200 4284 2290 4337 52.
2336 4281 2552 4336 Verum
2610 4280 2768 4351 quod
2829 4278 3198 4344 dicebamus,
3257 4278 3710 4335 declinationem
3759 4299 3794 4337 a

2131 4371 2287 4426 malo
2356 4370 2494 4425 facit
2557 4369 2734 4424 etiam
2812 4366 3352 4438 irreprehensibilis
3402 4372 3794 4440 conversatio,

2128 4460 2478 4527 immunitas
2509 4477 2540 4514 a
2572 4457 2877 4527 conviciis,
2921 4457 2980 4510 in
3037 4456 3385 4513 necessitate
3443 4458 3795 4529 benedictio,

2128 4550 2342 4605 falsum
2375 4565 2490 4604 non
2548 4549 2698 4602 ferre
2757 4546 3192 4611 testimonium,
3251 4547 3507 4618 gaudere
3564 4565 3697 4605 cum
3729 4550 3799 4606 de

371 4632 459 4686 καὶ
502 4630 714 4687 κλαίειν
766 4633 898 4706 μετά
950 4637 1059 4688 τῶν
1119 4632 1200 4710 ἐφ’
1230 4635 1314 4695 οἷς
1342 4633 1454 4708 χρή
1487 4631 1812 4702 κλαιόντων,
1842 4634 1930 4689 καὶ
1956 4636 2018 4690 τὸ

2141 4639 2297 4696 sonis
2323 4637 2738 4711 gaudentibus,
2800 4637 2938 4692 ﬂere
2979 4653 3113 4692 cum
3165 4637 3235 4691 de
3281 4637 3578 4694 ﬂebilibus
3635 4638 3799 4710 plan-

379 4724 504 4796 [μὴ]
541 4720 830 4799 θηριωδῶς
888 4721 1263 4799 ἐπεξέρχεσθαι
1321 4723 1411 4778 καὶ
1462 4720 1714 4792 κολάζειν
1777 4725 2026 4802 ἀφόρητα

373 4811 498 4874 τοὺς
526 4813 835 4875 πταίοντας·
880 4811 956 4868 ἔτι
1017 4811 1075 4867 δὲ
1122 4813 1212 4867 καὶ
1267 4814 1330 4868 τὸ
1395 4812 1791 4889 ἀπορουμένοις
1845 4814 1911 4869 τά
1961 4836 2024 4891 γε

371 4900 447 4963 εἷς
503 4896 824 4974 συμϐουλὴν
877 4899 1187 4965 ὑποτιθέναι
1245 4903 1314 4956 τὰ
1385 4901 1656 4977 ξύμφορα,
1706 4903 1796 4956 καὶ
1849 4903 2021 4967 οὕτως

370 4990 648 5067 ὑπεξάγειν
679 4990 874 5052 αὐτοὺς
909 4989 1110 5066 βόθριυ
1142 4987 1436 5051 ἀπωλείας.
1467 4989 1541 5052 εἷς
1595 4989 1652 5045 ὅν
1713 4991 2022 5065 ἐμπίπτου-

368 5100 448 5134 σιν
483 5081 534 5135 oi
564 5080 1058 5156 ἀπρομηθέστεροι.

437 5168 847 5244 νγ’.Ἔκκλισις
902 5172 1072 5223 κακοῦ
1115 5167 1492 5241 έπισημοτάτη
1545 5169 1634 5224 καὶ
1687 5173 1722 5238 ἡ
1771 5173 1870 5225 τοῦ
1929 5168 2023 5226 δα-

367 5257 514 5313 νείου
549 5255 798 5330 μέθοδος,
859 5261 1051 5334 πρῶτα
1104 5259 1196 5330 μὲν
1247 5259 1282 5326 ὴ
1341 5255 1765 5331 θεοπαράδοτος,
1816 5261 1937 5323 καθ’
1961 5261 2023 5328 ἦν

371 5347 670 5403 έπαινεῖται
699 5349 790 5402 καὶ
841 5350 868 5403 ὁ
924 5346 987 5402 τὸ
1043 5346 1300 5422 ἀργύριον
1360 5347 1524 5402 αὐτοῦ
1560 5351 1634 5420 μή
1695 5346 1878 5412 διδοὺς
1933 5347 2020 5402 ἐπὶ

363 5437 533 5511 τόκῳ·
597 5434 832 5514 δευτέρῳ
893 5436 950 5492 δὲ
1008 5436 1161 5512 λόγῳ
1217 5440 1251 5506 ἡ
1317 5439 1542 5509 νομική.
1599 5439 1653 5491 Ὁ
1709 5440 1850 5510 μήτε
1903 5439 2023 5492 κατ’

367 5526 605 5598 ἱκείνην,
659 5529 798 5601 μήτε
851 5528 988 5582 κατά
1044 5527 1244 5597 ταύτην
1277 5524 1560 5599 δανείζων,
1621 5527 1666 5582 εἰ
1711 5527 1797 5582 καὶ
1852 5527 2018 5604 βαρὺς

444 5744 466 5778 ⁸
496 5745 653 5803 Psal.
685 5761 845 5816 mn,
884 5747 933 5801 1.

2135 4729 2431 4801 gentibus,
2465 4745 2580 4782 non
2615 4726 2814 4781 saevire
2845 4727 3171 4797 punireque
3214 4725 3533 4782 crudeliter
3562 4744 3661 4784 eos
3693 4727 3795 4800 qui

2134 4817 2394 4873 facinora
2422 4815 2868 4886 commiserunt,
2923 4831 3149 4870 necnon
3192 4815 3436 4871 consilio
3483 4817 3793 4890 egentibus

2135 4907 2361 4963 utiliter
2389 4905 2683 4975 auxiliari,
2717 4908 2773 4959 et
2828 4905 2911 4959 ita
2957 4904 3182 4976 eripere
3238 4921 3337 4960 eos
3370 4921 3437 4960 ex
3467 4907 3791 4977 perditonis

2134 4998 2367 5069 abysso,
2385 4995 2444 5050 in
2463 5010 2639 5067 quam
2657 4993 2935 5049 decidunt
2949 4993 3048 5064 qui
3072 4993 3270 5048 minus
3284 4998 3422 5049 sunt
3443 4995 3784 5066 prudentes.

2202 5174 2290 5229 53.
2327 5172 2783 5228 Praeclarissima
2842 5187 3076 5242 quoque
3129 5171 3444 5226 declinatio
3501 5171 3642 5227 mali
3701 5177 3792 5230 est

2131 5263 2323 5318 mutui
2358 5262 2774 5327 commodatio,
2813 5259 3005 5332 primo
3037 5261 3273 5330 quidem
3327 5277 3395 5316 ea
3454 5278 3581 5332 quae
3612 5278 3646 5316 a
3674 5262 3791 5318 Deo

2129 5352 2348 5407 tradita
2375 5355 2483 5418 est,
2527 5351 2700 5422 juxta
2730 5366 2906 5421 quam
2943 5349 3219 5405 laudatur
3247 5353 3304 5405 et
3333 5349 3431 5405 ille
3463 5351 3566 5423 qui
3612 5368 3796 5424 pecu-

2131 5443 2288 5497 niam
2314 5458 2484 5497 suam
2526 5456 2640 5495 non
2665 5439 2828 5495 dedit
2859 5439 2930 5494 ad
2963 5455 3209 5494 usuram
3236 5457 3250 5506 ;
3283 5442 3545 5496 secundo
3575 5445 3794 5514 autem,

2131 5547 2258 5602 quae
2293 5547 2328 5585 a
2354 5529 2482 5601 lege
2504 5528 2838 5601 praestituta
2858 5535 2966 5584 est.
2992 5529 3099 5592 Qui
3125 5545 3232 5584 nec
3255 5531 3583 5588 secundum
3607 5531 3793 5605 illam,
