4082 6392
379 438 498 498 623

1123 424 1574 498 ‘EUSTATHlI
1615 431 2380 494 THESSALONICENSlS
2423 433 3012 499 METROPOLITAE

3663 444 3786 504 624

377 587 482 626 nec
514 571 838 626 secundum
871 569 1046 626 istam
1099 569 1358 638 fmnerat,
1392 567 1503 622 etsi
1526 583 1698 640 grave
1727 565 1806 621 sit
1837 567 1974 621 dicti

2090 611 2105 641 ι
2137 567 2164 620 6
2197 562 2387 641 λόγος,
2421 564 2549 621 ἀλλ’
2577 565 2730 642 ὅμως
2789 567 2952 646 λέγω,
2987 573 3267 634 πεποιθὼς
3295 575 3363 647 τῇ
3394 572 3643 645 ἀληθείᾳ,
3699 573 3785 629 8τί

372 663 568 716 tamen
600 660 827 715 veritati
887 675 1118 732 parens,
1171 659 1324 723 dico,
1358 656 1514 729 quod
1565 655 2024 727 reprehensibiis

2139 653 2404 729 ἐπαρατός
2435 655 2543 711 ἐστι
2592 657 2682 712 καὶ
2714 657 3029 734 ἐπίρῥητος.
3080 661 3220 736 Ἐγὼ
3281 659 3338 716 δὲ
3389 663 3780 736 συννοούμενος

369 753 426 804 et
455 748 829 805 exsecrabilis
851 753 961 805 est.
991 749 1109 819 Ego
1141 764 1272 802 vero
1323 750 1527 816 reputo
1561 745 1813 817 qualiter
1843 761 1974 817 agar

2130 744 2219 797 καὶ
2252 743 2399 806 ὅπως
2431 746 2485 798 οἱ
2523 745 2878 821 τοκογλύφοι,
2939 747 3164 803 πολλῶν
3221 748 3390 804 ὅντων
3448 752 3624 806 τόκων
3681 753 3782 825 (τί-

367 838 567 910 cupidi
618 838 880 905 femoris,
912 854 1044 893 cum
1097 837 1285 891 multa
1325 835 1443 890 sint
1473 837 1693 890 fcenora
1720 834 1806 889 vel
1844 835 2016 890 fetus.

367 928 597 1000 (Fctum
613 927 765 983 enim
784 928 977 982 ferunt
993 943 1104 982 non
1121 930 1346 980 tantum
1362 925 1762 994 bomines,sed
1776 928 2018 979 etomne

365 1017 604 1084 animal,
623 1022 828 1089 praeter
849 1016 1147 1071 vulturum
1171 1032 1388 1086 genus;
1413 1015 1629 1070 dicitur
1651 1031 1822 1088 porro
1835 1013 2014 1069 etiam

363 1110 519 1161 terra
563 1122 841 1176 mareque
876 1106 1054 1160 fetum
1091 1105 1447 1178 producere;
1481 1105 1659 1158 fetum
1693 1120 1828 1160 vero
1847 1118 2015 1156 mens

360 1197 491 1268 ipsa
513 1197 748 1267 praebet,
783 1195 1084 1251 naturales
1115 1211 1253 1251 suos
1296 1195 1557 1260 lructus;
1592 1198 1650 1249 et
1679 1209 1889 1265 porsus
1921 1209 2012 1247 ex-

359 1292 597 1341 tensum
630 1291 720 1341 est
749 1301 961 1341 nomen
987 1285 1142 1340 fetus
1166 1300 1265 1339 seu
1303 1284 1539 1354 fmnus.)
1572 1283 1655 1337 Illi
1678 1289 1873 1338 autem
1900 1282 2014 1354 pri-

357 1376 534 1430 vatim
557 1375 716 1431 istud
749 1379 1063 1430 assumunt
1083 1373 1151 1428 ad
1179 1373 1401 1444 aliquid
1427 1371 1779 1445 particulare
1799 1373 1870 1427 de
1901 1389 2008 1428 suo

357 1464 574 1519 misero
606 1464 748 1532 fetu,
779 1463 934 1535 quod
969 1477 1158 1534 neque
1189 1466 1400 1516 natura
1454 1476 1643 1532 neque
1695 1459 2005 1516 hominum

350 1555 661 1626 integritas
694 1557 871 1622 novit,
918 1559 1072 1608 Deus
1125 1557 1322 1608 autem
1385 1551 1705 1624 prohibuit.
1751 1552 2005 1623 Largum

347 1642 531 1716 igitur
559 1643 757 1698 illiset
789 1641 1040 1697 multum
1077 1646 1133 1696 et
1162 1641 1385 1696 clarum
1420 1641 1560 1696 hoc:
1616 1642 1700 1696 Da
1734 1641 1876 1695 mihi
1921 1641 1996 1694 fe-

345 1737 472 1788 tum
496 1733 607 1805 (vel
640 1734 848 1803 foenus)
881 1748 1093 1787 meum.
1133 1730 1391 1798 Qualem,
1444 1730 1788 1786 fmnerator?
1818 1733 1998 1797 Quem

347 1826 408 1876 tu
457 1819 735 1893 genuisti,
807 1820 894 1876 vel
975 1837 1150 1892 quem
1201 1819 1416 1876 ancilla
1471 1824 1576 1875 tua
1631 1820 1853 1891 genuit,
1911 1819 1999 1874 vel

344 1926 517 2010 quem
551 1910 775 2017 peperit
830 1909 952 2010 tilia
1006 1908 1278 2017 tuanvel
1320 1908 1567 2017 bos,'vel
1601 1907 1800 2008 equa?
1847 1907 1996 1979 Non,
2028 1951 2074 2017 B

339 1998 554 2071 inquit,
597 1999 697 2054 sed
732 1999 955 2072 argenti
1002 1999 1114 2054 mei
1146 1999 1354 2054 fetum.
1413 1997 1840 2053 Mercenarium
1893 2014 1994 2052 au-

336 2093 478 2157 tem,
516 2089 712 2159 sodes,
759 2093 926 2144 tuum
985 2091 1294 2160 argentum
1337 2093 1446 2157 est,
1493 2093 1558 2142 ut
1590 2087 1763 2142 etiam
1823 2101 2003 2159 gene-

338 2192 470 2233 rare
497 2176 705 2233 valeat.
739 2176 994 2245 Videris,
1028 2176 1242 2248 inquit,
1277 2176 1524 2245 debitor,
1553 2174 1794 2230 irridere
1830 2175 1998 2242 mihi,

343 2266 444 2323 sed
473 2266 549 2322 da
580 2265 725 2320 mihi
762 2267 953 2321 foenus
986 2281 1198 2320 meum.
1231 2264 1335 2320 Hic
1392 2267 1586 2320 autem
1645 2264 1692 2318 si
1727 2280 1841 2318 non
1874 2279 2000 2335 gra-

335 2354 574 2423 vior,at
635 2359 789 2410 certe
847 2353 1133 2409 risibilior
1189 2357 1278 2407 est
1334 2368 1550 2416 sermo,
1604 2352 1995 2420 foeneratoris,

326 2442 448 2500 illis
476 2459 640 2515 aqua
670 2442 878 2514 quaarit
906 2442 1092 2498 orbati
1127 2441 1382 2497 scilicet:
1430 2440 1604 2496 Fetus
1636 2440 1989 2512 perdiderun

327 2547 422 2587 me
466 2548 582 2586 non
640 2530 842 2586 soluti.
912 2535 1060 2603 Ergo
1120 2530 1380 2601 tandem,
1469 2529 1802 2596 faenerator,
1873 2545 1986 2584 non

323 2626 414 2676 est
440 2621 546 2675 tibi
591 2620 954 2676 dominicum
994 2619 1138 2674 illud
1185 2619 1428 2675 bonum.
1491 2617 1774 2673 Dominus
1824 2618 1981 2672 enim

321 2711 507 2766 fetum
537 2726 652 2764 non
681 2709 894 2781 perdit,
928 2709 1028 2764 sed
1060 2708 1208 2764 ditat
1255 2706 1580 2777 majoribus
1629 2705 1984 2762 accessioni-

324 2800 458 2870 bus,
492 2803 551 2854 et
579 2800 816 2854 beatum
876 2797 1349 2869 honoratumque
1411 2796 1588 2864 facit;
1660 2797 1760 2852 sed
1831 2796 1982 2851 fetus

319 2887 665 2960 istaperdit,
699 2892 764 2943 ut
787 2891 849 2942 tu
872 2886 1040 2943 dicis.
1088 2887 1286 2942 Perdit
1347 2885 1506 2942 enim
1567 2889 1626 2941 te
1683 2889 1982 2956 quatenus

325 2978 398 3032 ad
429 2977 710 3046 animam,
742 2976 911 3032 illum
946 2981 1145 3032 autem
1179 2976 1277 3048 qui
1319 2975 1424 3030 tibi
1476 2974 1789 3046 subjicitur
1830 2991 1982 3046 qua-

316 3069 496 3122 tenus
527 3066 598 3121 ad
633 3065 846 3121 vitam:
881 3067 1034 3137 quod
1067 3065 1256 3121 absit!
1312 3064 1423 3120 Sed
1466 3069 1522 3120 et
1578 3079 1709 3120 cum
1741 3063 1978 3136 aliquis,

318 3171 392 3212 ne
423 3155 607 3210 fetum
663 3157 786 3225 (aut
842 3154 1053 3224 faenus)
1119 3154 1294 3225 dicat,
1353 3153 1574 3226 pudore
1622 3153 1976 3225 prohibitus,

317 3244 478 3302 hunc
505 3245 881 3301 commodum
936 3248 1122 3314 vocat,
1184 3242 1590 3315 ambiguitatis
1649 3241 1842 3297 locum
1901 3241 1976 3296 is-

309 3347 441 3401 tum
514 3334 641 3406 ipse
697 3333 1020 3406 reperiens,
1066 3337 1208 3388 tunc
1286 3332 1519 3402 aliquis,
1581 3333 1798 3387 emisso
1856 3331 1974 3386 risu

2093 3329 2384 3408 διαφθοράν
2414 3351 2426 3400 ;

307 3427 464 3479 certe
537 3422 910 3494 gravissimo,
980 3422 1237 3492 deinque
1292 3419 1649 3490 quibusdam
1709 3419 1882 3473 dictis
1940 3436 1973 3473 a

304 3509 684 3568 sanctissimo
708 3510 886 3565 David
920 3508 1264 3580 assumptis,
1301 3509 1490 3562 dicet:
1517 3507 1677 3572 Quod
1711 3522 1969 3561 commo-

299 3598 443 3654 dum
476 3598 536 3652 in
570 3603 812 3670 argento
862 3601 986 3663 tuo,
1049 3597 1204 3667 quod
1265 3600 1325 3650 te
1358 3594 1615 3650 demittit
1660 3594 1730 3648 ad
1769 3593 1962 3665 perdi-

300 3684 523 3743 tionem
545 3687 573 3741 ?
604 3685 647 3741 Ο
675 3685 876 3740 dolose
905 3684 1242 3754 fcenerator,
1277 3698 1587 3754 usquequo
1619 3681 1754 3737 talis
1806 3681 1964 3738 eris?

298 3774 577 3832 Dolosum
609 3773 763 3830 enim
787 3772 1016 3845 appello
1049 3776 1104 3826 te
1136 3777 1311 3843 recte,
1345 3787 1569 3826 necnon
1603 3788 1966 3842 consequen-

297 3868 390 3922 ter
418 3863 715 3935 copulanti
747 3862 890 3918 talia
922 3878 1134 3933 magno
1179 3861 1477 3934 prophetae
1532 3878 1599 3916 ac
1659 3863 1801 3934 regi,
1863 3864 1962 3936 qui

297 3958 450 4020 loco,
483 3952 580 4008 ubi
605 3953 676 4008 de
707 3953 926 4008 fcenore
956 3950 1170 4023 agitur,
1207 3950 1290 4005 sic
1320 3951 1663 4022 exprobrat:
1698 3968 1880 4008 usura
1909 3957 1967 4008 et

301 4042 472 4100 dolus
504 4041 770 4098 maifeste
800 4043 1144 4097 exercentur
1191 4041 1250 4094 in
1301 4040 1527 4112 plateis,
1587 4045 1790 4112 utpote
1822 4041 1957 4099 dolo

2128 853 2313 887 κτουσι
2347 834 2450 908 γὰρ
2484 833 2545 887 ού
2579 833 2744 906 μόνον
2775 833 3078 910 ἅνθρωποι,
3136 837 3282 894 ἀλλὰ
3311 839 3400 893 καὶ
3435 844 3572 908 ζῶον
3616 842 3777 911 ἅπαν,

2129 917 2260 996 δίχα
2289 944 2347 996 γε
2375 927 2471 976 τοῦ
2500 923 2635 978 κατὰ
2663 924 2789 985 τοὺς
2829 929 3000 1000 γῦπας
3051 925 3246 1000 φύλου·
3310 927 3520 1002 λέγεται
3583 925 3640 983 δὲ
3687 929 3778 983 καὶ

2123 1017 2190 1084 γῆ
2224 1011 2420 1071 τίκτειν
2472 1013 2558 1066 καὶ
2621 1012 2886 1076 θάλασσα·
2933 1013 3100 1069 τίκτει
3157 1013 3214 1070 δὲ
3268 1016 3357 1070 καὶ
3415 1021 3539 1079 νοῦς
3595 1020 3780 1092 γεννή‹

2128 1120 2270 1172 ματα
2298 1104 2574 1179 προσφυῆ
2603 1101 2693 1156 καὶ
2745 1101 2891 1164 ὅλως
2939 1103 3305 1159 πεπλάτυνται
3333 1107 3392 1159 τὸ
3451 1103 3622 1179 ὄνομα
3677 1111 3776 1162 τοῦ

2120 1188 2306 1262 τόκου)
2339 1223 2407 1231 ——
2438 1191 2490 1244 οἱ
2549 1188 2606 1246 δὲ
2663 1190 2870 1247 ἷδίασαν
2917 1191 3045 1247 αὐτὸ
3087 1195 3223 1249 κατά
3270 1217 3318 1250 τι
3364 1195 3630 1271 ἐξαίρετον
3683 1197 3773 1252 ἐπὶ

2118 1283 2214 1332 τοῦ
2265 1281 2383 1334 κατ’
2451 1279 2646 1342 αὐτοὺς
2695 1279 2952 1337 δύο-τέκοι)
3026 1285 3212 1341 τόκου.
3297 1283 3438 1342 Οὔτε
3501 1288 3536 1354 ἡ
3615 1287 3774 1364 φύσις

2120 1366 2283 1438 οἶδεν,
2343 1366 2465 1424 οὕτε
2521 1373 2556 1439 ἡ
2607 1373 2724 1425 κατ’
2752 1369 3034 1448 ἄνθρωπον
3068 1374 3321 1448 ὀρθότης,
3379 1373 3469 1429 καί
3494 1377 3521 1430 ὁ
3553 1377 3682 1440 Θεὸς
3713 1374 3773 1433 δὲ

2119 1457 2475 1534 ἀπηγόρευσε.
2509 1458 2694 1515 Πλατῦ
2749 1466 2875 1536 γοῦν
2933 1463 3116 1525 αὐτοῖς
3170 1465 3258 1518 καὶ
3318 1461 3462 1518 πολὺ
3501 1465 3589 1519 καὶ
3640 1487 3772 1540 τρα-

2114 1548 2198 1610 νὲς
2255 1547 2336 1602 τό’
2395 1548 2496 1610 Δός
2533 1571 2624 1622 μοι
2658 1551 2749 1604 τὸν
2780 1550 2939 1604 τόκον
2976 1573 3102 1624 μου.
3167 1559 3351 1622 Ποῖον,
3402 1552 3446 1607 ὦ
3492 1551 3770 1619 δανειστάς

2114 1635 2170 1690 δν
2204 1635 2266 1690 σὺ
2299 1635 2607 1712 ἐγέννησας,
2667 1639 2725 1693 ’ὸν
2786 1635 2843 1693 δὲ
2901 1642 2936 1709 ἡ
2996 1638 3255 1711 παιδίσκη
3287 1663 3403 1710 σου,
3439 1643 3496 1697 ὂν
3532 1640 3589 1698 δὲ
3618 1647 3652 1714 ἡ
3683 1657 3773 1708 θυ-

2111 1725 2285 1800 γάτηρ
2314 1747 2408 1780 σου
2437 1729 2471 1779 ’λ
2507 1727 2534 1780 6
2572 1728 2700 1800 βοῦς
2733 1749 2828 1782 σου
2875 1729 2909 1798 ἢ
2947 1727 3117 1792 ’ἵππος
3149 1749 3162 1799 ;
3224 1731 3318 1798 Οὕ,
3383 1733 3569 1805 φησὶν,
3618 1732 3767 1790 ἀλλα

2107 1814 2171 1868 τὸ
2199 1819 2296 1868 τοῦ
2339 1815 2602 1890 ἀργυρίου
2661 1839 2787 1888 μου.
2848 1819 3078 1888 Θητικὸν
3135 1816 3210 1890 δὶ,
3272 1817 3316 1873 ὢ
3373 1819 3642 1896 ἄνθρωπε,
3699 1824 3764 1878 τὸ

2108 1902 2363 1978 ἀργύριόν
2426 1924 2543 1972 σου,
2607 1904 2744 1959 ὥστε
2795 1907 2882 1961 καὶ
2957 1913 3166 1982 γεννᾷν.
3241 1908 3552 1984 Καταγελᾷν
3632 1933 3759 1982 μου,

2114 1991 2296 2068 φησὶν,
2329 1989 2537 2059 ἔοικας,
2598 1990 2642 2046 ὣ
2671 1999 2944 2069 χρεῶστα.
3010 1995 3085 2049 Σὺ
3145 1994 3202 2050 δὲ
3231 1994 3322 2059 δός
3356 2019 3448 2070 μοι
3478 1999 3570 2053 τὸν
3603 1996 3764 2055 τόκον

2115 2103 2242 2154 μου.
2271 2082 2480 2139 Τούτου
2512 2080 2568 2138 δὲ
2599 2082 2644 2138 εἶ
2681 2085 2756 2156 μή
2794 2085 3107 2161 βαρύτερον,
3163 2085 3289 2142 ἀλλ’
3333 2086 3423 2142 οῦν
3479 2086 3764 2163 γελοιότε-

2110 2191 2202 2246 ρον
2233 2171 2418 2244 νόημα
2470 2169 2768 2242 δανειστοῦ,
2830 2175 3152 2250 στερομένου
3204 2177 3278 2229 ὧν
3342 2181 3492 2247 ζητεῖ
3547 2179 3631 2233 τό*
3689 2182 3756 2238 Οἱ

2108 2260 2264 2315 τόκοι
2296 2261 2583 2316 ἀπὼλεσάν
2636 2283 2724 2335 με,
2787 2265 2862 2336 μή
2923 2261 3201 2337 διδόμενοι
3259 2262 3497 2337 δηλαδή.
3552 2269 3760 2325 Λοιπὸν

2107 2345 2231 2422 ἄρα,
2291 2351 2334 2402 ὧ
2389 2351 2634 2419 τοκιστὰ,
2698 2351 2796 2406 οὐκ
2848 2349 2960 2407 ἔστι
3019 2375 3103 2407 σοι
3161 2355 3415 2428 κυριακὸν
3478 2360 3641 2412 τοῦτο
3698 2359 3761 2413 τὸ

2106 2436 2415 2511 ἆγαθόν.Ὁ
2474 2439 2678 2516 Κύριος
2715 2442 2809 2514 μὲν
2863 2441 2964 2518 γὰρ
3025 2442 3124 2497 οὐκ
3179 2440 3435 2512 ἀπόλλει,
3487 2442 3633 2500 ἀλλὰ
3668 2448 3759 2502 καὶ

2103 2523 2389 2595 πλουτίζει
2451 2527 2689 2598 μείζοσιν
2744 2529 3055 2598 ἐπιθῆκαις,
3105 2530 3194 2584 καὶ
3254 2529 3621 2605 εὖδαιμονίζει
3669 2534 3758 2590 καὶ

2096 2620 2267 2688 τιμᾷ·
2327 2617 2354 2670 6
2407 2613 2464 2670 δὲ
2510 2616 2671 2680 τόκος
2727 2617 2887 2680 οὗτος
2939 2618 3250 2689 ἀπόλλυσι,
3310 2622 3447 2677 καθὰ
3502 2623 3563 2678 σὺ
3617 2628 3742 2701 φῄς.

2092 2703 2398 2761 Ἀπόλλυσι
2432 2702 2489 2760 δὲ
2519 2727 2576 2761 σε
2607 2707 2700 2780 μὲν
2732 2707 2798 2762 τὰ
2827 2706 2880 2770 ἐς
2912 2710 3120 2784 ψυχὴν,
3154 2710 3244 2764 τὸν
3296 2708 3353 2766 δὲ
3401 2708 3739 2767 καταϐαλλό-

2100 2795 2259 2867 μενόν
2290 2815 2374 2849 σοι
2406 2794 2567 2850 αὐτὸν
2589 2796 2656 2850 τὰ
2695 2795 2747 2859 ἐς
2808 2799 2975 2870 ζωὴν,
3031 2799 3103 2861 ὡς
3167 2801 3240 2872 μή
3304 2801 3530 2870 ὤφελεν.
3584 2799 3739 2856 Ἀλλ’

2094 2883 2184 2938 ὅτε
2237 2883 2327 2937 καὶ
2387 2881 2711 2958 αἶ’δούμενὸς
2739 2907 2824 2948 τις
2852 2886 3014 2942 τόκον
3068 2887 3259 2960 εἰπεῖν,
3287 2890 3555 2966 ὠφέλειαν
3589 2889 3743 2946 αὐτὸν

2095 2973 2336 3042 καλεσει,
2393 2971 2784 3047 πολυωνυμίας
2835 2977 3003 3030 τόπον
3056 2981 3248 3031 τοῦτον
3286 2977 3444 3039 αὐτὸς
3501 2978 3750 3055 ἐξευρὼν,

2092 3063 2218 3117 τότε
2249 3059 2315 3132 δὴ
2348 3059 2579 3138 γελάσας
2607 3084 2690 3124 τις
2721 3063 2856 3138 πρὸς
2917 3063 3214 3137 βαρύτητα,
3274 3063 3386 3118 εἶτα
3440 3065 3530 3118 καὶ
3577 3088 3752 3142 παρα-

2092 3155 2299 3228 φράσας
2359 3152 2418 3206 ἐκ
2468 3157 2576 3206 τῶν
2635 3157 2731 3206 τοῦ
2763 3154 3064 3228 ἁγιωτάτου
3095 3150 3261 3206 Δαυΐδ
3292 3152 3422 3226 ἐρεῖ,
3473 3155 3562 3216 Τίς
3608 3157 3748 3231 ὡφέ-

2089 3240 2208 3297 λεια
2237 3242 2287 3297 ἐν
2321 3247 2400 3314 τῷ
2457 3241 2700 3317 ἀγρυρίῳ
2757 3262 2875 3312 σου,
2921 3240 2972 3294 ἐν
3013 3244 3092 3312 τῷ
3122 3237 3501 3310 καταϐιϐάζειν
3553 3264 3610 3296 σε
3668 3245 3744 3305 εἰς

2479 3333 2544 3384 Ὦ
2576 3328 2730 3383 δόλιε
2755 3329 3064 3406 τοκογλύφε
3088 3325 3358 3404 ἄνθρωπε,
3397 3331 3560 3406 μέχρι
3594 3331 3738 3394 λίνος

2085 3421 2332 3482 τοιοῦτος
2362 3417 2453 3493 ἔσῃ
2480 3440 2495 3470 ι
2553 3417 2729 3472 Δόλον
2786 3417 2885 3492 γάρ
2913 3439 2971 3472 σε
3001 3419 3264 3473 ἀποκαλῶ
3297 3415 3606 3482 εύθυϐόλως
3643 3425 3732 3476 καὶ

2084 3503 2399 3566 ἀκολούθως
2457 3509 2537 3576 τῷ
2594 3501 2941 3572 συνδυάζοντι
2997 3505 3065 3560 τὰ
3093 3510 3313 3560 τοιαῦτα
3347 3506 3568 3583 μεγαλῳ
3599 3529 3735 3582 προ-

2083 3596 2226 3672 φήτῃ
2282 3595 2375 3647 καὶ
2431 3590 2669 3668 βασιλεῖ,
2730 3593 2790 3656 ’ὸς
2848 3590 3096 3662 ὀνειδίζει
3127 3595 3314 3662 τόπον,
3375 3592 3499 3658 ἔνθα
3549 3597 3730 3659 τόκος.

2079 3683 2168 3738 καὶ
2214 3683 2374 3744 τόκος
2430 3683 2521 3737 καὶ
2577 3679 2742 3744 δόλος
2799 3681 3262 3758 παῤῥησιάζεσθον
3320 3683 3406 3738 ἐπὶ
3448 3689 3554 3741 τῶν
3586 3684 3730 3741 πλα-

2076 3778 2257 3843 τειῶν,
2319 3773 2392 3835 ὡς
2453 3771 2956 3834 ἐπακολουθοῦντος
3013 3773 3226 3835 πάντως
3287 3775 3377 3828 καὶ
3423 3772 3731 3848 δούλουτῷ

2074 3861 2244 3934 τόκῳ.
2304 3858 2606 3915 Ψεύδονται
2636 3859 2736 3935 γὰρ
2793 3861 3258 3935 ὁμολογουμένως
3288 3863 3354 3916 τά
3378 3883 3435 3916 τε
3466 3860 3612 3918 ἄλλα
3636 3866 3727 3920 καὶ

2072 3952 2170 4020 τὴν
2203 3950 2340 4005 κατὰ
2395 3950 2522 4005 Θεὸν
2583 3951 2792 4024 ἀγάπην
2855 3950 2906 4003 οἱ
2963 3948 3052 4004 ἐπὶ
3119 3950 3341 4024 ἀθέσμῳ
3369 3953 3516 4025 τόκῳ
3547 3949 3726 4010 δανεΐ-

2071 4047 2272 4111 ζοντες.

299 4132 521 4205 ubique
576 4132 766 4187 fumus
822 4130 1159 4186 comitante.
1220 4129 1410 4184 Simili
1468 4145 1724 4201 namque
1777 4132 1948 4188 modo
1981 4136 2038 4189 et
2086 4132 2145 4186 in
2177 4130 2403 4187 caeteris
2434 4131 2696 4186 divinam
2728 4128 3074 4185 charitatem
3110 4129 3478 4187 mentiuntur
3510 4131 3717 4190 illicito

299 4219 516 4275 fenore
541 4221 1002 4275 commodantes.

366 4328 457 4382 54.
497 4327 606 4382 Sed
658 4326 938 4398 quoniam
977 4329 1037 4381 et
1063 4325 1207 4381 alias
1267 4324 1456 4380 multa
1513 4325 1585 4380 de
1633 4324 1737 4380 tali
1795 4324 1948 4381 malo

291 4415 586 4483 hortatus,
611 4414 755 4469 nihil
799 4415 1034 4486 profeci,
1069 4415 1212 4486 quin
1244 4414 1422 4469 etiam
1455 4414 1666 4468 adauxi
1700 4412 1946 4485 malum,

291 4509 348 4560 et
370 4504 666 4575 pratuales
686 4503 894 4558 animas
919 4519 1058 4559 meas
1080 4502 1311 4558 dolores
1345 4502 1514 4558 fenus
1546 4503 1946 4574 magistralem

291 4592 665 4648 utinfornem
714 4591 918 4658 fetum,
978 4593 1382 4662 produxerunt
1439 4592 1509 4645 ad
1567 4591 1803 4659 lucem;
1839 4592 1946 4646 tibi

2130 4320 2229 4380 νδ’.
2265 4321 2423 4380 Ἀλλ’
2455 4319 2643 4391 ἐπειδὴ
2701 4320 2790 4377 καὶ
2818 4320 3020 4377 ἄλλοτε
3049 4319 3234 4377 πολλὰ
3264 4323 3590 4396 παραινέσας
3631 4323 3721 4379 ἐπὶ

2056 4417 2135 4486 τῷ
2194 4413 2428 4486 τοιούτῳ
2479 4417 2652 4484 κακῷ.
2715 4410 2908 4472 ἀνύσας
2936 4406 3051 4486 ἔχω
3084 4408 3254 4482 οὐδὲν,
3319 4409 3463 4466 ἀλλὰ
3494 4433 3598 4467 που
3628 4415 3723 4470 καὶ

2056 4501 2480 4576 προσεπηύξησα
2508 4501 2570 4555 τὸ
2604 4497 2798 4569 δεινὸν,
2858 4500 2949 4553 καί
3009 4521 3102 4573 μοι
3155 4501 3210 4553 αἱ
3239 4507 3341 4569 τῆς
3371 4503 3557 4575 ψυχῆς
3587 4499 3721 4557 ὡδὶ-

2056 4611 2141 4652 νες
2190 4592 2349 4646 τόκον
2411 4587 2798 4644 διδασκαλικὸν
2858 4589 3131 4666 ἐξέφηναν,
3192 4592 3280 4643 οἷα
3330 4589 3419 4642 καί
3461 4611 3580 4644 τινα
3615 4591 3718 4664 μύο

288 4677 420 4746 soli,
456 4678 557 4751 qui
590 4684 1149 4750 maguacunctaque
1207 4684 1393 4748 potes,
1458 4678 1733 4744 Domine,
1792 4695 1953 4734 com-

2090 4698 2192 4750 ιηψ
2252 4679 2336 4734 σοὶ
2397 4678 2568 4752 μόνῳ,
2605 4675 3019 4754 μεγαλοδύναμε
3065 4678 3154 4732 καὶ
3211 4676 3590 4752 παντοδύναμι
3625 4680 3700 4736 Κύ

287 4768 482 4834 mitto,
525 4774 588 4822 ut
627 4767 866 4822 abortiri
903 4766 1082 4821 facias
1141 4766 1367 4822 huncce
1418 4766 1676 4821 validum
1736 4769 1944 4838 fetum,

285 4856 639 4912 diabolicam
662 4855 1130 4927 productionem,
1165 4856 1510 4928 cupiditatis
1549 4860 1808 4927 partum,
1842 4856 1943 4929 qui

284 4947 499 5002 fratres
521 4944 738 5000 rustice
767 4943 911 5011 odit,
937 4943 1037 5015 qui
1089 4943 1366 5000 inimicus
1421 4949 1513 5000 est
1567 4946 1662 5000 Dei
1705 4946 1940 5018 Deoque

282 5035 546 5091 odiosus.

350 5143 441 5198 55.
480 5141 692 5198 Praeter
712 5141 839 5212 jam
874 5139 1027 5195 dicta
1058 5139 1283 5196 malum
1340 5140 1516 5196 etiam
1549 5141 1806 5198 declinat
1835 5142 1934 5214 qui

276 5230 634 5288 maledicum
659 5229 1075 5301 difﬁtetur,qui
1098 5229 1540 5285 calumiatorem
1577 5231 1934 5303 repellit,qui

273 5337 392 5375 non
422 5324 721 5376 scrutatur
754 5319 1064 5374 hominum
1105 5319 1248 5374 vitas
1305 5321 1528 5391 absque
1586 5321 1936 5376 necessitate

273 5425 380 5463 nec
412 5425 535 5463 rem
568 5410 640 5464 ad
689 5425 752 5465 se
807 5425 921 5464 non
980 5408 1371 5479 pertinentem
1425 5409 1546 5464 sive
1603 5410 1931 5466 secundum

273 5495 578 5566 spiritum,
627 5498 751 5553 sive
781 5498 1111 5553 secundum
1145 5513 1378 5552 carnem
1408 5523 1421 5566 ;
1481 5500 1582 5570 qui
1613 5498 1812 5553 dolum
1869 5498 1930 5554 in

273 5583 521 5651 negotiis
550 5601 665 5638 non
687 5592 931 5653 exercet,
957 5586 1054 5657 qui
1082 5585 1344 5657 regulam
1367 5587 1426 5640 in
1448 5586 1786 5643 servitutem
1813 5605 1928 5644 non

271 5670 521 5741 redigit;
553 5673 653 5741 qui
679 5691 791 5728 non
815 5673 969 5744 leges
991 5676 1177 5730 calcat
1203 5693 1215 5743 ;
1249 5675 1350 5746 qui
1369 5677 1658 5732 seniorem
1681 5678 1929 5734 honora-

266 5758 653 5830 bilioremque
669 5776 730 5815 se
753 5778 867 5822 non
889 5762 1082 5818 solum
1105 5764 1328 5835 primas
1356 5769 1558 5823 tenere
1581 5765 1742 5838 sinit,
1761 5772 1818 5824 et
1839 5768 1924 5824 illi

2057 4787 2160 4840 ριε,
2195 4767 2486 4839 ἀνατίθημι
2519 4761 2866 4840 ἐξαμϐλῶσαι
2922 4767 3013 4820 τὸν
3069 4763 3230 4841 ἁδρὸν
3288 4770 3480 4821 τοῦτον
3521 4769 3711 4838 τόκον,

2052 4859 2114 4911 τὸ
2147 4854 2465 4929 δαιμονικὸν
2505 4857 2769 4932 γέννημα,
2818 4856 2880 4910 τὸ
2936 4861 3036 4925 τῆς
3093 4855 3405 4926 πλεονεξίας
3467 4857 3715 4929 ἀποκύη-

2060 4965 2156 5019 μα,
2187 4945 2250 5000 τὸ
2311 4942 2522 5021 ἄγριον,
2555 4946 2617 5000 τὸ
2652 4941 3006 5022 μισάδελφον,
3038 4943 3101 4998 τὸ
3154 4945 3242 4998 καὶ
3307 4943 3560 5017 μισόθεον
3620 4946 3708 5001 καὶ

2056 5036 2332 5108 θεομισές.

2117 5144 2203 5196 νε’.
2237 5145 2357 5199 Ἔτι
2389 5143 2524 5214 πρὸς
2560 5147 2679 5204 τοῖς
2739 5140 3046 5218 εἲρημὲνοις
3105 5141 3340 5198 ἐκκλίνει
3399 5143 3560 5197 κακὸν
3610 5141 3698 5194 καὶ

2046 5232 2073 5285 6
2104 5231 2192 5285 τὸν
2224 5233 2557 5309 συκοφάντην
2603 5229 3214 5306 ἁποπροσποιούμενος,
3270 5229 3359 5285 καὶ
3419 5231 3444 5282 6
3473 5227 3562 5283 τὸν
3607 5226 3693 5281 ἐν-

2045 5316 2418 5377 διαϐάλλοντα
2447 5321 2902 5396 παρωθούμενος,
2955 5321 3044 5376 καὶ
3105 5322 3132 5376 6
3195 5323 3270 5393 μὴ
3323 5319 3546 5394 ἐρευνῶν
3609 5318 3697 5371 ἀν-

2045 5411 2278 5487 θρώπων
2343 5412 2494 5485 βίους
2549 5410 2624 5473 εἷς
2680 5408 2831 5465 οὐδὲν
2884 5408 3000 5465 δέον
3033 5411 3119 5466 καὶ
3159 5406 3325 5482 μηδὲν
3358 5405 3502 5478 αύτῷ
3535 5426 3703 5480 προσ-

2041 5507 2175 5569 ῆκον
2239 5497 2361 5554 οὔτε
2411 5499 2548 5554 κατὰ
2589 5504 2821 5573 πνεῦμα,
2880 5496 3002 5554 οὔτε
3057 5499 3192 5554 κατὰ
3247 5496 3448 5569 σάρκαο
3512 5495 3540 5549 6
3597 5497 3700 5566 τὴν

2041 5589 2409 5664 πραγματείαν
2468 5587 2803 5651 ἁδολίευτοςο
2874 5590 2901 5642 6
2965 5589 3041 5661 μή
3089 5590 3178 5643 τὸν
3211 5583 3408 5641 κανόνα
3437 5581 3706 5640 καταδου-

2041 5679 2329 5752 λούμενος·
2365 5681 2392 5733 ὁ
2426 5681 2502 5751 μὴ
2532 5677 2660 5740 τοὺς
2704 5678 2903 5752 νόμους
2958 5683 3302 5733 καταπατῶν’
3360 5675 3388 5729 6
3445 5679 3525 5747 τῷ
3568 5696 3702 5750 πρε-

2039 5763 2283 5842 σϐυτέρῳ
2334 5768 2498 5822 αὐτοῦ
2529 5768 2619 5822 καὶ
2683 5768 2999 5842 τιμιωτέρῳ
3033 5769 3109 5840 μή
3161 5767 3327 5840 μόνον
3360 5763 3492 5821 ὁδοῦ
3523 5785 3702 5841 παρα-
