  <div class='ocr_page' id='page_1' title='image "/cluster/home/n/w/nwhite01/storage/ocr_20150623/135:no.2/coo.31924054870401/319.png"; bbox 0 0 4082 6358; ppageno 0'>
   <div class='ocr_carea' id='block_1_1' title="bbox 238 479 356 539">
    <p class='ocr_par' dir='ltr' id='par_1_1' title="bbox 238 479 356 539">
     <span class='ocr_line' id='line_1_1' title="bbox 238 479 356 539; baseline 0 0"><span class='ocrx_word' id='word_1_1' title='bbox 238 479 356 539; x_wconf 77' lang='grc'>627</span> 
     </span>
    </p>
   </div>
   <div class='ocr_carea' id='block_1_2' title="bbox 1014 475 2894 542">
    <p class='ocr_par' dir='ltr' id='par_1_2' title="bbox 1014 475 2894 542">
     <span class='ocr_line' id='line_1_2' title="bbox 1014 475 2894 542; baseline -0.003 -3"><span class='ocrx_word' id='word_1_2' title='bbox 1014 479 1440 542; x_wconf 82' lang='lat' dir='ltr'>EUSTATllll</span> <span class='ocrx_word' id='word_1_3' title='bbox 1487 475 2262 539; x_wconf 82' lang='lat' dir='ltr'>THESSALONICENSIS</span> <span class='ocrx_word' id='word_1_4' title='bbox 2308 476 2682 537; x_wconf 80' lang='lat' dir='ltr'>METROPO</span> <span class='ocrx_word' id='word_1_5' title='bbox 2695 475 2894 535; x_wconf 74' lang='lat' dir='ltr'>LIT.E</span> 
     </span>
    </p>
   </div>
   <div class='ocr_carea' id='block_1_3' title="bbox 3549 477 3666 536">
    <p class='ocr_par' dir='ltr' id='par_1_3' title="bbox 3549 477 3666 536">
     <span class='ocr_line' id='line_1_3' title="bbox 3549 477 3666 536; baseline -0.009 0"><span class='ocrx_word' id='word_1_6' title='bbox 3549 477 3666 536; x_wconf 73' lang='lat'>628</span> 
     </span>
    </p>
   </div>
   <div class='ocr_carea' id='block_1_4' title="bbox 237 602 1918 683">
    <p class='ocr_par' dir='ltr' id='par_1_4' title="bbox 237 610 1892 683">
     <span class='ocr_line' id='line_1_4' title="bbox 237 610 1892 683; baseline -0.002 -15"><span class='ocrx_word' id='word_1_7' title='bbox 237 613 340 668; x_wconf 84' lang='lat' dir='ltr'>sed</span> <span class='ocrx_word' id='word_1_8' title='bbox 365 611 536 683; x_wconf 84' lang='lat' dir='ltr'>juxta</span> <span class='ocrx_word' id='word_1_9' title='bbox 562 610 868 666; x_wconf 88' lang='lat' dir='ltr'>veritatem</span> <span class='ocrx_word' id='word_1_10' title='bbox 926 612 1064 683; x_wconf 78' lang='lat' dir='ltr'>agit.</span> <span class='ocrx_word' id='word_1_11' title='bbox 1125 613 1242 668; x_wconf 90' lang='lat' dir='ltr'>Nec</span> <span class='ocrx_word' id='word_1_12' title='bbox 1287 612 1446 668; x_wconf 90' lang='lat' dir='ltr'>enim</span> <span class='ocrx_word' id='word_1_13' title='bbox 1481 610 1704 683; x_wconf 88' lang='lat' dir='ltr'>aliquid</span> <span class='ocrx_word' id='word_1_14' title='bbox 1737 626 1892 666; x_wconf 87' lang='lat' dir='ltr'>com-</span> 
     </span>
    </p>
   </div>
   <div class='ocr_carea' id='block_1_5' title="bbox 2033 602 3666 683">
    <p class='ocr_par' dir='ltr' id='par_1_5' title="bbox 2033 602 3666 682">
     <span class='ocr_line' id='line_1_5' title="bbox 2033 602 3666 682; baseline -0.001 -21"><span class='ocrx_word' id='word_1_15' title='bbox 2033 611 2399 678; x_wconf 70' lang='grc' dir='ltr'>υποκριτικῶς,</span> <span class='ocrx_word' id='word_1_16' title='bbox 2456 604 2601 661; x_wconf 89' lang='grc' dir='ltr'>ἀλλά</span> <span class='ocrx_word' id='word_1_17' title='bbox 2660 605 2795 682; x_wconf 84' lang='grc' dir='ltr'>πρὸς</span> <span class='ocrx_word' id='word_1_18' title='bbox 2856 604 3138 676; x_wconf 81' lang='grc' dir='ltr'>ἀλήθειαν.</span> <span class='ocrx_word' id='word_1_19' title='bbox 3201 602 3335 660; x_wconf 68' lang='grc' dir='ltr'>Οὔτε</span> <span class='ocrx_word' id='word_1_20' title='bbox 3386 605 3484 682; x_wconf 78' lang='grc' dir='ltr'>γὰρ</span> <span class='ocrx_word' id='word_1_21' title='bbox 3519 604 3666 678; x_wconf 80' lang='grc' dir='ltr'>ἡλίῳ</span> 
     </span>
    </p>
   </div>
   <div class='ocr_carea' id='block_1_6' title="bbox 239 699 1902 772">
    <p class='ocr_par' dir='ltr' id='par_1_6' title="bbox 239 699 1902 772">
     <span class='ocr_line' id='line_1_6' title="bbox 239 699 1902 772; baseline -0.001 -16"><span class='ocrx_word' id='word_1_22' title='bbox 239 717 417 756; x_wconf 90' lang='lat' dir='ltr'>mune</span> <span class='ocrx_word' id='word_1_23' title='bbox 445 705 534 756; x_wconf 89' lang='lat' dir='ltr'>est</span> <span class='ocrx_word' id='word_1_24' title='bbox 560 700 666 755; x_wconf 84' lang='lat' dir='ltr'>soli</span> <span class='ocrx_word' id='word_1_25' title='bbox 701 717 840 756; x_wconf 87' lang='lat' dir='ltr'>cum</span> <span class='ocrx_word' id='word_1_26' title='bbox 873 701 1151 767; x_wconf 76' lang='lat' dir='ltr'>tenebris,</span> <span class='ocrx_word' id='word_1_27' title='bbox 1186 719 1290 757; x_wconf 92' lang='lat' dir='ltr'>nec</span> <span class='ocrx_word' id='word_1_28' title='bbox 1329 701 1556 756; x_wconf 80' lang='lat' dir='ltr'>veritati</span> <span class='ocrx_word' id='word_1_29' title='bbox 1607 717 1741 756; x_wconf 91' lang='lat' dir='ltr'>cum</span> <span class='ocrx_word' id='word_1_30' title='bbox 1800 699 1902 772; x_wconf 86' lang='lat' dir='ltr'>hy-</span> 
     </span>
    </p>
   </div>
   <div class='ocr_carea' id='block_1_7' title="bbox 240 790 1906 863">
    <p class='ocr_par' dir='ltr' id='par_1_7' title="bbox 240 790 1906 863">
     <span class='ocr_line' id='line_1_7' title="bbox 240 790 1906 863; baseline -0.001 -18"><span class='ocrx_word' id='word_1_31' title='bbox 240 791 496 862; x_wconf 89' lang='lat' dir='ltr'>pocrisi;</span> <span class='ocrx_word' id='word_1_32' title='bbox 530 790 642 862; x_wconf 84' lang='lat' dir='ltr'>ipsi</span> <span class='ocrx_word' id='word_1_33' title='bbox 674 796 874 845; x_wconf 91' lang='lat' dir='ltr'>autem</span> <span class='ocrx_word' id='word_1_34' title='bbox 907 796 998 845; x_wconf 89' lang='lat' dir='ltr'>est</span> <span class='ocrx_word' id='word_1_35' title='bbox 1043 791 1334 862; x_wconf 90' lang='lat' dir='ltr'>oppositio</span> <span class='ocrx_word' id='word_1_36' title='bbox 1368 809 1496 863; x_wconf 62' lang='lat' dir='ltr'>quae</span> <span class='ocrx_word' id='word_1_37' title='bbox 1559 790 1818 845; x_wconf 92' lang='lat' dir='ltr'>medium</span> <span class='ocrx_word' id='word_1_38' title='bbox 1851 794 1906 844; x_wconf 91' lang='lat' dir='ltr'>et</span> 
     </span>
    </p>
   </div>
   <div class='ocr_carea' id='block_1_8' title="bbox 241 878 1908 952">
    <p class='ocr_par' dir='ltr' id='par_1_8' title="bbox 241 878 1908 952">
     <span class='ocr_line' id='line_1_8' title="bbox 241 878 1908 952; baseline 0 -18"><span class='ocrx_word' id='word_1_39' title='bbox 241 878 616 934; x_wconf 81' lang='lat' dir='ltr'>concordiam</span> <span class='ocrx_word' id='word_1_40' title='bbox 659 880 864 934; x_wconf 83' lang='lat' dir='ltr'>nescit.</span> <span class='ocrx_word' id='word_1_41' title='bbox 923 878 1026 934; x_wconf 86' lang='lat' dir='ltr'>Ille</span> <span class='ocrx_word' id='word_1_42' title='bbox 1079 881 1254 935; x_wconf 88' lang='lat' dir='ltr'>etiam</span> <span class='ocrx_word' id='word_1_43' title='bbox 1314 880 1515 952; x_wconf 82' lang='lat' dir='ltr'>procul</span> <span class='ocrx_word' id='word_1_44' title='bbox 1574 879 1827 934; x_wconf 82' lang='lat' dir='ltr'>declinat</span> <span class='ocrx_word' id='word_1_45' title='bbox 1875 896 1908 934; x_wconf 88' lang='lat' dir='ltr'>a</span> 
     </span>
    </p>
   </div>
   <div class='ocr_carea' id='block_1_9' title="bbox 241 967 1904 1040">
    <p class='ocr_par' dir='ltr' id='par_1_9' title="bbox 241 967 1904 1040">
     <span class='ocr_line' id='line_1_9' title="bbox 241 967 1904 1040; baseline -0.001 -17"><span class='ocrx_word' id='word_1_46' title='bbox 241 967 526 1038; x_wconf 88' lang='lat' dir='ltr'>malo,qui</span> <span class='ocrx_word' id='word_1_47' title='bbox 561 984 676 1022; x_wconf 91' lang='lat' dir='ltr'>non</span> <span class='ocrx_word' id='word_1_48' title='bbox 707 967 912 1022; x_wconf 90' lang='lat' dir='ltr'>dividit</span> <span class='ocrx_word' id='word_1_49' title='bbox 946 969 1186 1040; x_wconf 87' lang='lat' dir='ltr'>amicos,</span> <span class='ocrx_word' id='word_1_50' title='bbox 1221 969 1372 1025; x_wconf 91' lang='lat' dir='ltr'>inter</span> <span class='ocrx_word' id='word_1_51' title='bbox 1401 969 1676 1024; x_wconf 90' lang='lat' dir='ltr'>inimicos</span> <span class='ocrx_word' id='word_1_52' title='bbox 1708 972 1904 1023; x_wconf 89' lang='lat' dir='ltr'>autem</span> 
     </span>
    </p>
   </div>
   <div class='ocr_carea' id='block_1_10' title="bbox 245 1056 1905 1131">
    <p class='ocr_par' dir='ltr' id='par_1_10' title="bbox 245 1056 1905 1131">
     <span class='ocr_line' id='line_1_10' title="bbox 245 1056 1905 1131; baseline 0.001 -19"><span class='ocrx_word' id='word_1_53' title='bbox 245 1073 448 1129; x_wconf 89' lang='lat' dir='ltr'>pacem</span> <span class='ocrx_word' id='word_1_54' title='bbox 485 1059 681 1112; x_wconf 87' lang='lat' dir='ltr'>nectit.</span> <span class='ocrx_word' id='word_1_55' title='bbox 716 1056 863 1111; x_wconf 91' lang='lat' dir='ltr'>Illud</span> <span class='ocrx_word' id='word_1_56' title='bbox 891 1058 1049 1112; x_wconf 91' lang='lat' dir='ltr'>enim</span> <span class='ocrx_word' id='word_1_57' title='bbox 1083 1059 1302 1114; x_wconf 89' lang='lat' dir='ltr'>factum</span> <span class='ocrx_word' id='word_1_58' title='bbox 1325 1075 1476 1131; x_wconf 90' lang='lat' dir='ltr'>opus</span> <span class='ocrx_word' id='word_1_59' title='bbox 1505 1063 1596 1114; x_wconf 89' lang='lat' dir='ltr'>est</span> <span class='ocrx_word' id='word_1_60' title='bbox 1625 1057 1905 1123; x_wconf 82' lang='lat' dir='ltr'>hominis,</span> 
     </span>
    </p>
   </div>
   <div class='ocr_carea' id='block_1_11' title="bbox 240 1146 1905 1219">
    <p class='ocr_par' dir='ltr' id='par_1_11' title="bbox 240 1146 1905 1219">
     <span class='ocr_line' id='line_1_11' title="bbox 240 1146 1905 1219; baseline 0.001 -19"><span class='ocrx_word' id='word_1_61' title='bbox 240 1151 444 1218; x_wconf 88' lang='lat' dir='ltr'>postea</span> <span class='ocrx_word' id='word_1_62' title='bbox 466 1150 662 1201; x_wconf 88' lang='lat' dir='ltr'>autem</span> <span class='ocrx_word' id='word_1_63' title='bbox 699 1147 815 1212; x_wconf 94' lang='lat' dir='ltr'>Dei,</span> <span class='ocrx_word' id='word_1_64' title='bbox 849 1146 952 1218; x_wconf 89' lang='lat' dir='ltr'>qui</span> <span class='ocrx_word' id='word_1_65' title='bbox 981 1148 1257 1215; x_wconf 84' lang='lat' dir='ltr'>vivificat,</span> <span class='ocrx_word' id='word_1_66' title='bbox 1289 1149 1390 1219; x_wconf 91' lang='lat' dir='ltr'>qui</span> <span class='ocrx_word' id='word_1_67' title='bbox 1423 1148 1576 1204; x_wconf 87' lang='lat' dir='ltr'>Deus</span> <span class='ocrx_word' id='word_1_68' title='bbox 1598 1153 1689 1203; x_wconf 87' lang='lat' dir='ltr'>est</span> <span class='ocrx_word' id='word_1_69' title='bbox 1710 1147 1905 1202; x_wconf 89' lang='lat' dir='ltr'>unita-</span> 
     </span>
    </p>
   </div>
   <div class='ocr_carea' id='block_1_12' title="bbox 239 1233 1908 1308">
    <p class='ocr_par' dir='ltr' id='par_1_12' title="bbox 239 1233 1908 1308">
     <span class='ocr_line' id='line_1_12' title="bbox 239 1233 1908 1308; baseline 0.001 -19"><span class='ocrx_word' id='word_1_70' title='bbox 239 1234 321 1289; x_wconf 91' lang='lat' dir='ltr'>tis</span> <span class='ocrx_word' id='word_1_71' title='bbox 356 1251 368 1288; x_wconf 95' lang='lat'>:</span> <span class='ocrx_word' id='word_1_72' title='bbox 407 1233 466 1288; x_wconf 92' lang='lat' dir='ltr'>in</span> <span class='ocrx_word' id='word_1_73' title='bbox 500 1235 706 1290; x_wconf 88' lang='lat' dir='ltr'>eodem</span> <span class='ocrx_word' id='word_1_74' title='bbox 736 1233 862 1291; x_wconf 90' lang='lat' dir='ltr'>loco</span> <span class='ocrx_word' id='word_1_75' title='bbox 896 1237 1254 1292; x_wconf 88' lang='lat' dir='ltr'>statuendus</span> <span class='ocrx_word' id='word_1_76' title='bbox 1285 1242 1374 1292; x_wconf 85' lang='lat' dir='ltr'>est</span> <span class='ocrx_word' id='word_1_77' title='bbox 1413 1237 1516 1308; x_wconf 89' lang='lat' dir='ltr'>qui</span> <span class='ocrx_word' id='word_1_78' title='bbox 1550 1253 1661 1292; x_wconf 93' lang='lat' dir='ltr'>non</span> <span class='ocrx_word' id='word_1_79' title='bbox 1694 1237 1908 1292; x_wconf 80' lang='lat' dir='ltr'>excitat</span> 
     </span>
    </p>
   </div>
   <div class='ocr_carea' id='block_1_13' title="bbox 240 1322 1910 1390">
    <p class='ocr_par' dir='ltr' id='par_1_13' title="bbox 240 1322 1910 1390">
     <span class='ocr_line' id='line_1_13' title="bbox 240 1322 1910 1390; baseline 0.001 -12"><span class='ocrx_word' id='word_1_80' title='bbox 240 1322 640 1390; x_wconf 84' lang='lat' dir='ltr'>inimicitiam,</span> <span class='ocrx_word' id='word_1_81' title='bbox 676 1341 782 1379; x_wconf 91' lang='lat' dir='ltr'>nec</span> <span class='ocrx_word' id='word_1_82' title='bbox 839 1324 1157 1381; x_wconf 87' lang='lat' dir='ltr'>scintillam</span> <span class='ocrx_word' id='word_1_83' title='bbox 1213 1327 1438 1382; x_wconf 87' lang='lat' dir='ltr'>animat</span> <span class='ocrx_word' id='word_1_84' title='bbox 1493 1330 1548 1382; x_wconf 91' lang='lat' dir='ltr'>et</span> <span class='ocrx_word' id='word_1_85' title='bbox 1577 1326 1910 1381; x_wconf 83' lang='lat' dir='ltr'>inﬂammat</span> 
     </span>
    </p>
   </div>
   <div class='ocr_carea' id='block_1_14' title="bbox 244 1412 908 1469">
    <p class='ocr_par' dir='ltr' id='par_1_14' title="bbox 244 1412 908 1469">
     <span class='ocr_line' id='line_1_14' title="bbox 244 1412 908 1469; baseline 0 -1"><span class='ocrx_word' id='word_1_86' title='bbox 244 1412 406 1469; x_wconf 90' lang='lat' dir='ltr'>velut</span> <span class='ocrx_word' id='word_1_87' title='bbox 437 1413 509 1468; x_wconf 88' lang='lat' dir='ltr'>ad</span> <span class='ocrx_word' id='word_1_88' title='bbox 543 1413 908 1469; x_wconf 88' lang='lat' dir='ltr'>incendium.</span> 
     </span>
    </p>
   </div>
   <div class='ocr_carea' id='block_1_15' title="bbox 314 1589 1907 1663">
    <p class='ocr_par' dir='ltr' id='par_1_15' title="bbox 314 1589 1907 1663">
     <span class='ocr_line' id='line_1_15' title="bbox 314 1589 1907 1663; baseline 0.003 -19"><span class='ocrx_word' id='word_1_89' title='bbox 314 1591 406 1646; x_wconf 85' lang='lat'>59.</span> <span class='ocrx_word' id='word_1_90' title='bbox 441 1589 630 1654; x_wconf 82' lang='lat' dir='ltr'>Quare</span> <span class='ocrx_word' id='word_1_91' title='bbox 659 1605 794 1645; x_wconf 89' lang='lat' dir='ltr'>vero</span> <span class='ocrx_word' id='word_1_92' title='bbox 829 1591 942 1644; x_wconf 89' lang='lat' dir='ltr'>mei</span> <span class='ocrx_word' id='word_1_93' title='bbox 1002 1605 1264 1662; x_wconf 70' lang='lat' dir='ltr'>meaeque</span> <span class='ocrx_word' id='word_1_94' title='bbox 1311 1590 1619 1663; x_wconf 78' lang='lat' dir='ltr'>potestatis</span> <span class='ocrx_word' id='word_1_95' title='bbox 1667 1590 1907 1660; x_wconf 91' lang='lat' dir='ltr'>oblitus,</span> 
     </span>
    </p>
   </div>
   <div class='ocr_carea' id='block_1_16' title="bbox 247 1677 1909 1752">
    <p class='ocr_par' dir='ltr' id='par_1_16' title="bbox 247 1677 1909 1752">
     <span class='ocr_line' id='line_1_16' title="bbox 247 1677 1909 1752; baseline 0.001 -16"><span class='ocrx_word' id='word_1_96' title='bbox 247 1695 427 1736; x_wconf 87' lang='lat' dir='ltr'>conor</span> <span class='ocrx_word' id='word_1_97' title='bbox 455 1677 704 1750; x_wconf 85' lang='lat' dir='ltr'>subjecti</span> <span class='ocrx_word' id='word_1_98' title='bbox 740 1678 1003 1734; x_wconf 81' lang='lat' dir='ltr'>thesauri</span> <span class='ocrx_word' id='word_1_99' title='bbox 1058 1680 1387 1736; x_wconf 86' lang='lat' dir='ltr'>describere</span> <span class='ocrx_word' id='word_1_100' title='bbox 1429 1681 1667 1749; x_wconf 89' lang='lat' dir='ltr'>selecta,</span> <span class='ocrx_word' id='word_1_101' title='bbox 1694 1681 1909 1752; x_wconf 90' lang='lat' dir='ltr'>quibus</span> 
     </span>
    </p>
   </div>
   <div class='ocr_carea' id='block_1_17' title="bbox 245 1765 1910 1841">
    <p class='ocr_par' dir='ltr' id='par_1_17' title="bbox 245 1765 1910 1841">
     <span class='ocr_line' id='line_1_17' title="bbox 245 1765 1910 1841; baseline 0.001 -18"><span class='ocrx_word' id='word_1_102' title='bbox 245 1767 555 1823; x_wconf 88' lang='lat' dir='ltr'>vitandum</span> <span class='ocrx_word' id='word_1_103' title='bbox 589 1770 678 1822; x_wconf 90' lang='lat' dir='ltr'>est</span> <span class='ocrx_word' id='word_1_104' title='bbox 723 1765 1038 1822; x_wconf 85' lang='lat' dir='ltr'>malitiam?</span> <span class='ocrx_word' id='word_1_105' title='bbox 1066 1769 1291 1824; x_wconf 90' lang='lat' dir='ltr'>Sumite</span> <span class='ocrx_word' id='word_1_106' title='bbox 1321 1786 1420 1824; x_wconf 89' lang='lat' dir='ltr'>vos</span> <span class='ocrx_word' id='word_1_107' title='bbox 1452 1786 1675 1841; x_wconf 85' lang='lat' dir='ltr'>gazam,</span> <span class='ocrx_word' id='word_1_108' title='bbox 1708 1775 1764 1825; x_wconf 89' lang='lat' dir='ltr'>et</span> <span class='ocrx_word' id='word_1_109' title='bbox 1794 1771 1910 1825; x_wconf 85' lang='lat' dir='ltr'>cir-</span> 
     </span>
    </p>
   </div>
   <div class='ocr_carea' id='block_1_18' title="bbox 251 1857 1913 1929">
    <p class='ocr_par' dir='ltr' id='par_1_18' title="bbox 251 1857 1913 1929">
     <span class='ocr_line' id='line_1_18' title="bbox 251 1857 1913 1929; baseline 0.002 -18"><span class='ocrx_word' id='word_1_110' title='bbox 251 1860 598 1911; x_wconf 89' lang='lat' dir='ltr'>cumeuntes</span> <span class='ocrx_word' id='word_1_111' title='bbox 655 1871 783 1910; x_wconf 87' lang='lat' dir='ltr'>eam</span> <span class='ocrx_word' id='word_1_112' title='bbox 845 1861 1060 1927; x_wconf 84' lang='lat' dir='ltr'>augete</span> <span class='ocrx_word' id='word_1_113' title='bbox 1101 1861 1159 1913; x_wconf 86' lang='lat' dir='ltr'>et</span> <span class='ocrx_word' id='word_1_114' title='bbox 1221 1875 1349 1929; x_wconf 68' lang='lat' dir='ltr'>quae</span> <span class='ocrx_word' id='word_1_115' title='bbox 1382 1859 1546 1914; x_wconf 91' lang='lat' dir='ltr'>vobis</span> <span class='ocrx_word' id='word_1_116' title='bbox 1579 1857 1746 1914; x_wconf 87' lang='lat' dir='ltr'>utilia</span> <span class='ocrx_word' id='word_1_117' title='bbox 1775 1863 1913 1914; x_wconf 90' lang='lat' dir='ltr'>sunt</span> 
     </span>
    </p>
   </div>
   <div class='ocr_carea' id='block_1_19' title="bbox 251 1944 1912 2020">
    <p class='ocr_par' dir='ltr' id='par_1_19' title="bbox 251 1944 1912 2020">
     <span class='ocr_line' id='line_1_19' title="bbox 251 1944 1912 2020; baseline 0.001 -20"><span class='ocrx_word' id='word_1_118' title='bbox 251 1944 676 2016; x_wconf 74' lang='lat' dir='ltr'>quazrite.Nihil</span> <span class='ocrx_word' id='word_1_119' title='bbox 708 1945 1017 2000; x_wconf 87' lang='lat' dir='ltr'>invenietis</span> <span class='ocrx_word' id='word_1_120' title='bbox 1049 1963 1114 2000; x_wconf 86' lang='lat' dir='ltr'>ex</span> <span class='ocrx_word' id='word_1_121' title='bbox 1179 1947 1456 2003; x_wconf 90' lang='lat' dir='ltr'>omnibus</span> <span class='ocrx_word' id='word_1_122' title='bbox 1498 1948 1653 2020; x_wconf 93' lang='lat' dir='ltr'>quod</span> <span class='ocrx_word' id='word_1_123' title='bbox 1690 1964 1803 2002; x_wconf 91' lang='lat' dir='ltr'>non</span> <span class='ocrx_word' id='word_1_124' title='bbox 1835 1948 1912 2003; x_wconf 90' lang='lat' dir='ltr'>sit</span> 
     </span>
    </p>
   </div>
   <div class='ocr_carea' id='block_1_20' title="bbox 253 2034 1908 2108">
    <p class='ocr_par' dir='ltr' id='par_1_20' title="bbox 253 2034 1908 2108">
     <span class='ocr_line' id='line_1_20' title="bbox 253 2034 1908 2108; baseline 0 -18"><span class='ocrx_word' id='word_1_125' title='bbox 253 2035 324 2090; x_wconf 89' lang='lat' dir='ltr'>ad</span> <span class='ocrx_word' id='word_1_126' title='bbox 359 2038 615 2089; x_wconf 90' lang='lat' dir='ltr'>vestrum</span> <span class='ocrx_word' id='word_1_127' title='bbox 642 2034 1125 2106; x_wconf 85' lang='lat' dir='ltr'>commodum,ad</span> <span class='ocrx_word' id='word_1_128' title='bbox 1155 2035 1477 2092; x_wconf 88' lang='lat' dir='ltr'>utilitatem</span> <span class='ocrx_word' id='word_1_129' title='bbox 1520 2036 1908 2108; x_wconf 86' lang='lat' dir='ltr'>spiritualem,</span> 
     </span>
    </p>
   </div>
   <div class='ocr_carea' id='block_1_21' title="bbox 251 2123 1912 2196">
    <p class='ocr_par' dir='ltr' id='par_1_21' title="bbox 251 2123 1912 2196">
     <span class='ocr_line' id='line_1_21' title="bbox 251 2123 1912 2196; baseline 0.001 -17"><span class='ocrx_word' id='word_1_130' title='bbox 251 2125 323 2179; x_wconf 85' lang='lat' dir='ltr'>ad</span> <span class='ocrx_word' id='word_1_131' title='bbox 357 2140 528 2178; x_wconf 91' lang='lat' dir='ltr'>omne</span> <span class='ocrx_word' id='word_1_132' title='bbox 559 2123 802 2178; x_wconf 90' lang='lat' dir='ltr'>bonum.</span> <span class='ocrx_word' id='word_1_133' title='bbox 831 2124 1183 2196; x_wconf 87' lang='lat' dir='ltr'>Conjungite</span> <span class='ocrx_word' id='word_1_134' title='bbox 1215 2142 1349 2180; x_wconf 91' lang='lat' dir='ltr'>vero</span> <span class='ocrx_word' id='word_1_135' title='bbox 1381 2142 1515 2180; x_wconf 91' lang='lat' dir='ltr'>cum</span> <span class='ocrx_word' id='word_1_136' title='bbox 1570 2126 1680 2181; x_wconf 89' lang='lat' dir='ltr'>hoc</span> <span class='ocrx_word' id='word_1_137' title='bbox 1704 2142 1717 2180; x_wconf 90' lang='lat'><strong>:</strong></span> <span class='ocrx_word' id='word_1_138' title='bbox 1745 2148 1772 2177; x_wconf 84' lang='lat'>«</span> <span class='ocrx_word' id='word_1_139' title='bbox 1807 2129 1912 2180; x_wconf 88' lang='lat' dir='ltr'>De-</span> 
     </span>
    </p>
   </div>
   <div class='ocr_carea' id='block_1_22' title="bbox 248 2211 1913 2282">
    <p class='ocr_par' dir='ltr' id='par_1_22' title="bbox 248 2211 1913 2282">
     <span class='ocr_line' id='line_1_22' title="bbox 248 2211 1913 2282; baseline -0.001 -14"><span class='ocrx_word' id='word_1_140' title='bbox 248 2211 405 2268; x_wconf 88' lang='lat' dir='ltr'>clina</span> <span class='ocrx_word' id='word_1_141' title='bbox 435 2230 467 2268; x_wconf 86' lang='lat' dir='ltr'>a</span> <span class='ocrx_word' id='word_1_142' title='bbox 500 2212 676 2277; x_wconf 90' lang='lat' dir='ltr'>malo,</span> <span class='ocrx_word' id='word_1_143' title='bbox 733 2237 759 2260; x_wconf 77' lang='grc' dir='ltr'>υ</span> <span class='ocrx_word' id='word_1_144' title='bbox 792 2217 847 2266; x_wconf 90' lang='lat' dir='ltr'>et</span> <span class='ocrx_word' id='word_1_145' title='bbox 907 2212 1064 2267; x_wconf 89' lang='lat' dir='ltr'>istud</span> <span class='ocrx_word' id='word_1_146' title='bbox 1116 2230 1446 2269; x_wconf 88' lang='lat' dir='ltr'>connexum</span> <span class='ocrx_word' id='word_1_147' title='bbox 1477 2214 1789 2282; x_wconf 86' lang='lat' dir='ltr'>talentum,</span> <span class='ocrx_word' id='word_1_148' title='bbox 1821 2213 1913 2269; x_wconf 92' lang='lat' dir='ltr'>cui</span> 
     </span>
    </p>
   </div>
   <div class='ocr_carea' id='block_1_23' title="bbox 247 2300 1914 2375">
    <p class='ocr_par' dir='ltr' id='par_1_23' title="bbox 247 2300 1914 2375">
     <span class='ocr_line' id='line_1_23' title="bbox 247 2300 1914 2375; baseline 0 -19"><span class='ocrx_word' id='word_1_149' title='bbox 247 2301 516 2356; x_wconf 86' lang='lat' dir='ltr'>divinum</span> <span class='ocrx_word' id='word_1_150' title='bbox 552 2318 617 2355; x_wconf 88' lang='lat' dir='ltr'>ac</span> <span class='ocrx_word' id='word_1_151' title='bbox 650 2317 781 2356; x_wconf 86' lang='lat' dir='ltr'>vere</span> <span class='ocrx_word' id='word_1_152' title='bbox 825 2300 1049 2373; x_wconf 84' lang='lat' dir='ltr'>regium</span> <span class='ocrx_word' id='word_1_153' title='bbox 1083 2306 1174 2356; x_wconf 86' lang='lat' dir='ltr'>est</span> <span class='ocrx_word' id='word_1_154' title='bbox 1219 2302 1593 2375; x_wconf 80' lang='lat' dir='ltr'>signaculum</span> <span class='ocrx_word' id='word_1_155' title='bbox 1629 2319 1642 2357; x_wconf 89' lang='lat'>:</span> <span class='ocrx_word' id='word_1_156' title='bbox 1677 2324 1705 2351; x_wconf 89' lang='lat'><strong>«</strong></span> <span class='ocrx_word' id='word_1_157' title='bbox 1740 2308 1797 2356; x_wconf 88' lang='lat' dir='ltr'>et</span> <span class='ocrx_word' id='word_1_158' title='bbox 1827 2301 1914 2356; x_wconf 87' lang='lat' dir='ltr'>fac</span> 
     </span>
    </p>
   </div>
   <div class='ocr_carea' id='block_1_24' title="bbox 246 2389 1914 2464">
    <p class='ocr_par' dir='ltr' id='par_1_24' title="bbox 246 2389 1914 2464">
     <span class='ocr_line' id='line_1_24' title="bbox 246 2389 1914 2464; baseline 0 -20"><span class='ocrx_word' id='word_1_159' title='bbox 246 2389 493 2445; x_wconf 89' lang='lat' dir='ltr'>bonum.</span> <span class='ocrx_word' id='word_1_160' title='bbox 529 2412 557 2437; x_wconf 87' lang='grc'>››</span> <span class='ocrx_word' id='word_1_161' title='bbox 595 2390 716 2445; x_wconf 85' lang='lat' dir='ltr'>Non</span> <span class='ocrx_word' id='word_1_162' title='bbox 753 2389 934 2459; x_wconf 91' lang='lat' dir='ltr'>enim,</span> <span class='ocrx_word' id='word_1_163' title='bbox 961 2390 1132 2460; x_wconf 81' lang='lat' dir='ltr'>juxta</span> <span class='ocrx_word' id='word_1_164' title='bbox 1159 2408 1386 2447; x_wconf 89' lang='lat' dir='ltr'>sacram</span> <span class='ocrx_word' id='word_1_165' title='bbox 1421 2390 1914 2464; x_wconf 86' lang='lat' dir='ltr'>explanationem,</span> 
     </span>
    </p>
   </div>
   <div class='ocr_carea' id='block_1_25' title="bbox 247 2477 1914 2552">
    <p class='ocr_par' dir='ltr' id='par_1_25' title="bbox 247 2477 1914 2552">
     <span class='ocr_line' id='line_1_25' title="bbox 247 2477 1914 2552; baseline 0.001 -19"><span class='ocrx_word' id='word_1_166' title='bbox 247 2477 470 2533; x_wconf 82' lang='lat' dir='ltr'>sufﬁcit</span> <span class='ocrx_word' id='word_1_167' title='bbox 501 2477 718 2552; x_wconf 26' lang='lat' dir='ltr'>a‘malo</span> <span class='ocrx_word' id='word_1_168' title='bbox 751 2477 1066 2547; x_wconf 87' lang='lat' dir='ltr'>declinare,</span> <span class='ocrx_word' id='word_1_169' title='bbox 1103 2478 1216 2534; x_wconf 92' lang='lat' dir='ltr'>nisi</span> <span class='ocrx_word' id='word_1_170' title='bbox 1249 2480 1380 2552; x_wconf 91' lang='lat' dir='ltr'>quis</span> <span class='ocrx_word' id='word_1_171' title='bbox 1414 2481 1475 2536; x_wconf 90' lang='lat' dir='ltr'>in</span> <span class='ocrx_word' id='word_1_172' title='bbox 1526 2480 1694 2536; x_wconf 86' lang='lat' dir='ltr'>bonis</span> <span class='ocrx_word' id='word_1_173' title='bbox 1723 2479 1914 2551; x_wconf 89' lang='lat' dir='ltr'>operi-</span> 
     </span>
    </p>
   </div>
   <div class='ocr_carea' id='block_1_26' title="bbox 248 2550 744 2624">
    <p class='ocr_par' dir='ltr' id='par_1_26' title="bbox 248 2550 744 2624">
     <span class='ocr_line' id='line_1_26' title="bbox 248 2550 744 2624; baseline -0.002 -1"><span class='ocrx_word' id='word_1_174' title='bbox 248 2566 360 2624; x_wconf 86' lang='lat' dir='ltr'>bus</span> <span class='ocrx_word' id='word_1_175' title='bbox 389 2550 744 2624; x_wconf 75' lang='lat' dir='ltr'>exerceatur.</span> 
     </span>
    </p>
   </div>
   <div class='ocr_carea' id='block_1_27' title="bbox 323 2763 1916 2839">
    <p class='ocr_par' dir='ltr' id='par_1_27' title="bbox 323 2763 1916 2839">
     <span class='ocr_line' id='line_1_27' title="bbox 323 2763 1916 2839; baseline 0 -21"><span class='ocrx_word' id='word_1_176' title='bbox 323 2764 413 2818; x_wconf 90' lang='lat'>60.</span> <span class='ocrx_word' id='word_1_177' title='bbox 448 2763 565 2819; x_wconf 90' lang='lat' dir='ltr'>Hoc</span> <span class='ocrx_word' id='word_1_178' title='bbox 597 2779 768 2836; x_wconf 87' lang='lat' dir='ltr'>porro</span> <span class='ocrx_word' id='word_1_179' title='bbox 799 2763 882 2820; x_wconf 88' lang='lat' dir='ltr'>ita</span> <span class='ocrx_word' id='word_1_180' title='bbox 921 2765 1050 2821; x_wconf 90' lang='lat' dir='ltr'>dico</span> <span class='ocrx_word' id='word_1_181' title='bbox 1083 2783 1198 2822; x_wconf 93' lang='lat' dir='ltr'>non</span> <span class='ocrx_word' id='word_1_182' title='bbox 1251 2771 1318 2822; x_wconf 92' lang='lat' dir='ltr'>ut</span> <span class='ocrx_word' id='word_1_183' title='bbox 1375 2767 1704 2839; x_wconf 87' lang='lat' dir='ltr'>simplicem</span> <span class='ocrx_word' id='word_1_184' title='bbox 1738 2769 1796 2820; x_wconf 90' lang='lat' dir='ltr'>et</span> <span class='ocrx_word' id='word_1_185' title='bbox 1827 2764 1916 2818; x_wconf 91' lang='lat' dir='ltr'>in-</span> 
     </span>
    </p>
   </div>
   <div class='ocr_carea' id='block_1_28' title="bbox 251 2852 1918 2928">
    <p class='ocr_par' dir='ltr' id='par_1_28' title="bbox 251 2852 1918 2928">
     <span class='ocr_line' id='line_1_28' title="bbox 251 2852 1918 2928; baseline 0.001 -22"><span class='ocrx_word' id='word_1_186' title='bbox 251 2852 498 2908; x_wconf 90' lang='lat' dir='ltr'>divisam</span> <span class='ocrx_word' id='word_1_187' title='bbox 522 2853 901 2919; x_wconf 79' lang='lat' dir='ltr'>sententiam;</span> <span class='ocrx_word' id='word_1_188' title='bbox 929 2853 1013 2909; x_wconf 90' lang='lat' dir='ltr'>sic</span> <span class='ocrx_word' id='word_1_189' title='bbox 1044 2855 1199 2910; x_wconf 91' lang='lat' dir='ltr'>enim</span> <span class='ocrx_word' id='word_1_190' title='bbox 1223 2855 1521 2928; x_wconf 81' lang='lat' dir='ltr'>distinguo</span> <span class='ocrx_word' id='word_1_191' title='bbox 1550 2872 1562 2910; x_wconf 88' lang='lat'>:</span> <span class='ocrx_word' id='word_1_192' title='bbox 1588 2855 1696 2919; x_wconf 89' lang='lat' dir='ltr'>Qui</span> <span class='ocrx_word' id='word_1_193' title='bbox 1728 2854 1918 2908; x_wconf 88' lang='lat' dir='ltr'>virtu-</span> 
     </span>
    </p>
   </div>
   <div class='ocr_carea' id='block_1_29' title="bbox 249 2941 1916 3014">
    <p class='ocr_par' dir='ltr' id='par_1_29' title="bbox 249 2941 1916 3014">
     <span class='ocr_line' id='line_1_29' title="bbox 249 2941 1916 3014; baseline 0 -18"><span class='ocrx_word' id='word_1_194' title='bbox 249 2941 411 2997; x_wconf 87' lang='lat' dir='ltr'>tibus</span> <span class='ocrx_word' id='word_1_195' title='bbox 444 2941 684 3014; x_wconf 90' lang='lat' dir='ltr'>quidem</span> <span class='ocrx_word' id='word_1_196' title='bbox 744 2942 979 2998; x_wconf 86' lang='lat' dir='ltr'>deditus</span> <span class='ocrx_word' id='word_1_197' title='bbox 1037 2948 1144 3013; x_wconf 90' lang='lat' dir='ltr'>est,</span> <span class='ocrx_word' id='word_1_198' title='bbox 1201 2949 1258 2999; x_wconf 87' lang='lat' dir='ltr'>et</span> <span class='ocrx_word' id='word_1_199' title='bbox 1308 2947 1586 3000; x_wconf 90' lang='lat' dir='ltr'>omnibus</span> <span class='ocrx_word' id='word_1_200' title='bbox 1614 2944 1916 3006; x_wconf 71' lang='lat' dir='ltr'>bonisre-</span> 
     </span>
    </p>
   </div>
   <div class='ocr_carea' id='block_1_30' title="bbox 251 3031 1917 3107">
    <p class='ocr_par' dir='ltr' id='par_1_30' title="bbox 251 3031 1917 3107">
     <span class='ocr_line' id='line_1_30' title="bbox 251 3031 1917 3107; baseline 0 -22"><span class='ocrx_word' id='word_1_201' title='bbox 251 3031 568 3097; x_wconf 90' lang='lat' dir='ltr'>fertus,sed</span> <span class='ocrx_word' id='word_1_202' title='bbox 599 3035 797 3086; x_wconf 88' lang='lat' dir='ltr'>tamen</span> <span class='ocrx_word' id='word_1_203' title='bbox 848 3031 1024 3088; x_wconf 89' lang='lat' dir='ltr'>habet</span> <span class='ocrx_word' id='word_1_204' title='bbox 1072 3037 1138 3088; x_wconf 87' lang='lat' dir='ltr'>ut</span> <span class='ocrx_word' id='word_1_205' title='bbox 1193 3033 1368 3090; x_wconf 92' lang='lat' dir='ltr'>homo</span> <span class='ocrx_word' id='word_1_206' title='bbox 1416 3035 1712 3107; x_wconf 90' lang='lat' dir='ltr'>quoddam</span> <span class='ocrx_word' id='word_1_207' title='bbox 1749 3031 1917 3087; x_wconf 91' lang='lat' dir='ltr'>mali-</span> 
     </span>
    </p>
   </div>
   <div class='ocr_carea' id='block_1_31' title="bbox 249 3118 1921 3190">
    <p class='ocr_par' dir='ltr' id='par_1_31' title="bbox 249 3118 1921 3190">
     <span class='ocr_line' id='line_1_31' title="bbox 249 3118 1921 3190; baseline 0.001 -16"><span class='ocrx_word' id='word_1_208' title='bbox 249 3118 344 3174; x_wconf 68' lang='lat' dir='ltr'>tia:</span> <span class='ocrx_word' id='word_1_209' title='bbox 377 3135 749 3190; x_wconf 87' lang='lat' dir='ltr'>parapegma,</span> <span class='ocrx_word' id='word_1_210' title='bbox 783 3124 839 3175; x_wconf 90' lang='lat' dir='ltr'>et</span> <span class='ocrx_word' id='word_1_211' title='bbox 867 3137 900 3175; x_wconf 89' lang='lat' dir='ltr'>a</span> <span class='ocrx_word' id='word_1_212' title='bbox 954 3121 1055 3177; x_wconf 81' lang='lat' dir='ltr'>tali</span> <span class='ocrx_word' id='word_1_213' title='bbox 1091 3122 1242 3178; x_wconf 89' lang='lat' dir='ltr'>malo</span> <span class='ocrx_word' id='word_1_214' title='bbox 1293 3123 1566 3188; x_wconf 91' lang='lat' dir='ltr'>declinat,</span> <span class='ocrx_word' id='word_1_215' title='bbox 1623 3123 1921 3178; x_wconf 80' lang='lat' dir='ltr'>sufﬁceret</span> 
     </span>
    </p>
   </div>
   <div class='ocr_carea' id='block_1_32' title="bbox 252 3207 1920 3281">
    <p class='ocr_par' dir='ltr' id='par_1_32' title="bbox 252 3207 1920 3281">
     <span class='ocr_line' id='line_1_32' title="bbox 252 3207 1920 3281; baseline 0.002 -18"><span class='ocrx_word' id='word_1_216' title='bbox 252 3207 305 3263; x_wconf 91' lang='lat' dir='ltr'>ei</span> <span class='ocrx_word' id='word_1_217' title='bbox 337 3207 422 3263; x_wconf 91' lang='lat' dir='ltr'>sic</span> <span class='ocrx_word' id='word_1_218' title='bbox 453 3225 661 3281; x_wconf 85' lang='lat' dir='ltr'>agere;</span> <span class='ocrx_word' id='word_1_219' title='bbox 693 3215 832 3264; x_wconf 91' lang='lat' dir='ltr'>tunc</span> <span class='ocrx_word' id='word_1_220' title='bbox 890 3227 1004 3265; x_wconf 93' lang='lat' dir='ltr'>non</span> <span class='ocrx_word' id='word_1_221' title='bbox 1067 3210 1240 3268; x_wconf 86' lang='lat' dir='ltr'>hasce</span> <span class='ocrx_word' id='word_1_222' title='bbox 1272 3229 1441 3268; x_wconf 90' lang='lat' dir='ltr'>voces</span> <span class='ocrx_word' id='word_1_223' title='bbox 1474 3213 1704 3268; x_wconf 88' lang='lat' dir='ltr'>audiret</span> <span class='ocrx_word' id='word_1_224' title='bbox 1741 3229 1754 3267; x_wconf 91' lang='lat'><strong>:</strong></span> <span class='ocrx_word' id='word_1_225' title='bbox 1788 3233 1813 3260; x_wconf 81' lang='grc' dir='ltr'>‹ι</span> <span class='ocrx_word' id='word_1_226' title='bbox 1850 3209 1920 3263; x_wconf 85' lang='lat' dir='ltr'>Et</span> 
     </span>
    </p>
   </div>
   <div class='ocr_carea' id='block_1_33' title="bbox 250 3296 1921 3371">
    <p class='ocr_par' dir='ltr' id='par_1_33' title="bbox 250 3296 1921 3371">
     <span class='ocr_line' id='line_1_33' title="bbox 250 3296 1921 3371; baseline 0.001 -20"><span class='ocrx_word' id='word_1_227' title='bbox 250 3296 344 3352; x_wconf 86' lang='lat' dir='ltr'>fac</span> <span class='ocrx_word' id='word_1_228' title='bbox 379 3296 624 3352; x_wconf 92' lang='lat' dir='ltr'>bonum.</span> <span class='ocrx_word' id='word_1_229' title='bbox 662 3319 690 3346; x_wconf 88' lang='lat'>»</span> <span class='ocrx_word' id='word_1_230' title='bbox 722 3297 854 3352; x_wconf 85' lang='lat' dir='ltr'>Jam</span> <span class='ocrx_word' id='word_1_231' title='bbox 912 3299 1068 3354; x_wconf 89' lang='lat' dir='ltr'>enim</span> <span class='ocrx_word' id='word_1_232' title='bbox 1105 3301 1237 3355; x_wconf 87' lang='lat' dir='ltr'>fecit</span> <span class='ocrx_word' id='word_1_233' title='bbox 1271 3319 1283 3354; x_wconf 86' lang='lat'>:</span> <span class='ocrx_word' id='word_1_234' title='bbox 1319 3308 1375 3357; x_wconf 90' lang='lat' dir='ltr'>et</span> <span class='ocrx_word' id='word_1_235' title='bbox 1426 3319 1557 3357; x_wconf 92' lang='lat' dir='ltr'>cum</span> <span class='ocrx_word' id='word_1_236' title='bbox 1613 3305 1738 3371; x_wconf 82' lang='lat' dir='ltr'>jam</span> <span class='ocrx_word' id='word_1_237' title='bbox 1771 3301 1921 3353; x_wconf 88' lang='lat' dir='ltr'>fece-</span> 
     </span>
    </p>
   </div>
   <div class='ocr_carea' id='block_1_34' title="bbox 2013 690 3664 771">
    <p class='ocr_par' dir='ltr' id='par_1_34' title="bbox 2013 690 3664 771">
     <span class='ocr_line' id='line_1_34' title="bbox 2013 690 3664 771; baseline -0.001 -21"><span class='ocrx_word' id='word_1_238' title='bbox 2013 696 2193 751; x_wconf 89' lang='grc' dir='ltr'>κοινόν</span> <span class='ocrx_word' id='word_1_239' title='bbox 2223 718 2276 750; x_wconf 93' lang='grc' dir='ltr'>τι</span> <span class='ocrx_word' id='word_1_240' title='bbox 2308 697 2444 771; x_wconf 86' lang='grc' dir='ltr'>πρὸς</span> <span class='ocrx_word' id='word_1_241' title='bbox 2491 695 2552 750; x_wconf 88' lang='grc' dir='ltr'>τὸ</span> <span class='ocrx_word' id='word_1_242' title='bbox 2605 695 2819 763; x_wconf 76' lang='grc' dir='ltr'>σκότος,</span> <span class='ocrx_word' id='word_1_243' title='bbox 2871 690 2993 748; x_wconf 72' lang='grc' dir='ltr'>οὔτε</span> <span class='ocrx_word' id='word_1_244' title='bbox 3039 697 3108 768; x_wconf 79' lang='grc' dir='ltr'>τῇ</span> <span class='ocrx_word' id='word_1_245' title='bbox 3143 694 3375 765; x_wconf 80' lang='grc' dir='ltr'>ἀληθείᾳ</span> <span class='ocrx_word' id='word_1_246' title='bbox 3403 695 3538 770; x_wconf 87' lang='grc' dir='ltr'>πρὸς</span> <span class='ocrx_word' id='word_1_247' title='bbox 3564 696 3664 764; x_wconf 73' lang='grc' dir='ltr'>τὴν</span> 
     </span>
    </p>
   </div>
   <div class='ocr_carea' id='block_1_35' title="bbox 2019 779 3666 860">
    <p class='ocr_par' dir='ltr' id='par_1_35' title="bbox 2019 779 3666 860">
     <span class='ocr_line' id='line_1_35' title="bbox 2019 779 3666 860; baseline -0.002 -19"><span class='ocrx_word' id='word_1_248' title='bbox 2019 787 2323 860; x_wconf 81' lang='grc' dir='ltr'>ὑπόκρισιν’</span> <span class='ocrx_word' id='word_1_249' title='bbox 2381 784 2524 841; x_wconf 86' lang='grc' dir='ltr'>ἀλλά</span> <span class='ocrx_word' id='word_1_250' title='bbox 2573 779 2990 858; x_wconf 70' lang='grc' dir='ltr'>ἀμεσολάϐητος</span> <span class='ocrx_word' id='word_1_251' title='bbox 3041 784 3224 846; x_wconf 74' lang='grc' dir='ltr'>αὐτοῖς</span> <span class='ocrx_word' id='word_1_252' title='bbox 3277 785 3417 839; x_wconf 85' lang='grc' dir='ltr'>ἐστιν</span> <span class='ocrx_word' id='word_1_253' title='bbox 3451 788 3486 854; x_wconf 76' lang='grc' dir='ltr'>ἡ</span> <span class='ocrx_word' id='word_1_254' title='bbox 3521 782 3666 839; x_wconf 84' lang='grc' dir='ltr'>ἀντί-</span> 
     </span>
    </p>
   </div>
   <div class='ocr_carea' id='block_1_36' title="bbox 2016 869 3667 951">
    <p class='ocr_par' dir='ltr' id='par_1_36' title="bbox 2016 869 3667 951">
     <span class='ocr_line' id='line_1_36' title="bbox 2016 869 3667 951; baseline -0.001 -21"><span class='ocrx_word' id='word_1_255' title='bbox 2016 888 2180 948; x_wconf 90' lang='grc' dir='ltr'>θεσις,</span> <span class='ocrx_word' id='word_1_256' title='bbox 2239 876 2299 930; x_wconf 83' lang='grc' dir='ltr'>οὐ</span> <span class='ocrx_word' id='word_1_257' title='bbox 2359 876 2702 951; x_wconf 85' lang='grc' dir='ltr'>γινώσκουσα</span> <span class='ocrx_word' id='word_1_258' title='bbox 2763 869 3070 947; x_wconf 73' lang='grc' dir='ltr'>σύμϐασιν.</span> <span class='ocrx_word' id='word_1_259' title='bbox 3127 877 3248 930; x_wconf 84' lang='grc' dir='ltr'>Ἔτι</span> <span class='ocrx_word' id='word_1_260' title='bbox 3312 874 3520 948; x_wconf 76' lang='grc' dir='ltr'>μακρὰν</span> <span class='ocrx_word' id='word_1_261' title='bbox 3575 873 3667 928; x_wconf 79' lang='grc' dir='ltr'>ἐκ-</span> 
     </span>
    </p>
   </div>
   <div class='ocr_carea' id='block_1_37' title="bbox 2013 961 3670 1038">
    <p class='ocr_par' dir='ltr' id='par_1_37' title="bbox 2013 961 3670 1038">
     <span class='ocr_line' id='line_1_37' title="bbox 2013 961 3670 1038; baseline -0.002 -18"><span class='ocrx_word' id='word_1_262' title='bbox 2013 963 2189 1021; x_wconf 88' lang='grc' dir='ltr'>κλίνει</span> <span class='ocrx_word' id='word_1_263' title='bbox 2242 970 2408 1020; x_wconf 90' lang='grc' dir='ltr'>κακοῦ</span> <span class='ocrx_word' id='word_1_264' title='bbox 2461 965 2548 1019; x_wconf 79' lang='grc' dir='ltr'>καὶ</span> <span class='ocrx_word' id='word_1_265' title='bbox 2599 965 2626 1019; x_wconf 88' lang='grc' dir='ltr'>ὁ</span> <span class='ocrx_word' id='word_1_266' title='bbox 2679 965 2819 1036; x_wconf 66' lang='grc' dir='ltr'>μήτε</span> <span class='ocrx_word' id='word_1_267' title='bbox 2867 961 3059 1038; x_wconf 72' lang='grc' dir='ltr'>φίλους</span> <span class='ocrx_word' id='word_1_268' title='bbox 3106 961 3370 1035; x_wconf 77' lang='grc' dir='ltr'>διασπῶν,</span> <span class='ocrx_word' id='word_1_269' title='bbox 3419 963 3506 1017; x_wconf 84' lang='grc' dir='ltr'>καὶ</span> <span class='ocrx_word' id='word_1_270' title='bbox 3552 967 3670 1027; x_wconf 88' lang='grc' dir='ltr'>τοῖς</span> 
     </span>
    </p>
   </div>
   <div class='ocr_carea' id='block_1_38' title="bbox 2015 1051 3666 1129">
    <p class='ocr_par' dir='ltr' id='par_1_38' title="bbox 2015 1051 3666 1129">
     <span class='ocr_line' id='line_1_38' title="bbox 2015 1051 3666 1129; baseline -0.002 -21"><span class='ocrx_word' id='word_1_271' title='bbox 2015 1053 2238 1129; x_wconf 81' lang='grc' dir='ltr'>ἐχθροῖς</span> <span class='ocrx_word' id='word_1_272' title='bbox 2295 1051 2351 1108; x_wconf 76' lang='grc' dir='ltr'>δὲ</span> <span class='ocrx_word' id='word_1_273' title='bbox 2404 1051 2638 1114; x_wconf 81' lang='grc' dir='ltr'>σπονδὰς</span> <span class='ocrx_word' id='word_1_274' title='bbox 2695 1051 3248 1128; x_wconf 88' lang='grc' dir='ltr'>πραγματευόμενος.</span> <span class='ocrx_word' id='word_1_275' title='bbox 3304 1053 3509 1108; x_wconf 83' lang='grc' dir='ltr'>Ἐκεῖνο</span> <span class='ocrx_word' id='word_1_276' title='bbox 3573 1051 3666 1124; x_wconf 72' lang='grc' dir='ltr'>μὲν</span> 
     </span>
    </p>
   </div>
   <div class='ocr_carea' id='block_1_39' title="bbox 2015 1137 3670 1219">
    <p class='ocr_par' dir='ltr' id='par_1_39' title="bbox 2015 1137 3670 1219">
     <span class='ocr_line' id='line_1_39' title="bbox 2015 1137 3670 1219; baseline -0.002 -23"><span class='ocrx_word' id='word_1_277' title='bbox 2015 1144 2119 1217; x_wconf 78' lang='grc' dir='ltr'>γὰρ</span> <span class='ocrx_word' id='word_1_278' title='bbox 2154 1143 2354 1219; x_wconf 71' lang='grc' dir='ltr'>φάκτον</span> <span class='ocrx_word' id='word_1_279' title='bbox 2411 1139 2567 1216; x_wconf 80' lang='grc' dir='ltr'>ἔργον</span> <span class='ocrx_word' id='word_1_280' title='bbox 2625 1137 2837 1216; x_wconf 83' lang='grc' dir='ltr'>ἀνδρὸς,</span> <span class='ocrx_word' id='word_1_281' title='bbox 2889 1141 2950 1196; x_wconf 82' lang='grc' dir='ltr'>τὸ</span> <span class='ocrx_word' id='word_1_282' title='bbox 2995 1137 3053 1195; x_wconf 75' lang='grc' dir='ltr'>ὃὶ</span> <span class='ocrx_word' id='word_1_283' title='bbox 3102 1137 3346 1214; x_wconf 76' lang='grc' dir='ltr'>δεύτερον</span> <span class='ocrx_word' id='word_1_284' title='bbox 3389 1144 3542 1211; x_wconf 88' lang='grc' dir='ltr'>Θεοῦ,</span> <span class='ocrx_word' id='word_1_285' title='bbox 3573 1144 3670 1194; x_wconf 89' lang='grc' dir='ltr'>τοῦ</span> 
     </span>
    </p>
   </div>
   <div class='ocr_carea' id='block_1_40' title="bbox 2020 1227 3672 1304">
    <p class='ocr_par' dir='ltr' id='par_1_40' title="bbox 2020 1227 3672 1304">
     <span class='ocr_line' id='line_1_40' title="bbox 2020 1227 3672 1304; baseline -0.001 -20"><span class='ocrx_word' id='word_1_286' title='bbox 2020 1227 2314 1304; x_wconf 81' lang='grc' dir='ltr'>ζωοδότου,</span> <span class='ocrx_word' id='word_1_287' title='bbox 2364 1235 2461 1286; x_wconf 92' lang='grc' dir='ltr'>τοῦ</span> <span class='ocrx_word' id='word_1_288' title='bbox 2504 1237 2603 1300; x_wconf 82' lang='grc' dir='ltr'>τῆς</span> <span class='ocrx_word' id='word_1_289' title='bbox 2653 1229 2916 1291; x_wconf 80' lang='grc' dir='ltr'>ἐνώσεως·</span> <span class='ocrx_word' id='word_1_290' title='bbox 2971 1229 3149 1301; x_wconf 84' lang='grc' dir='ltr'>ὁποίῳ</span> <span class='ocrx_word' id='word_1_291' title='bbox 3198 1227 3474 1290; x_wconf 88' lang='grc' dir='ltr'>ἐντακτὲος</span> <span class='ocrx_word' id='word_1_292' title='bbox 3519 1228 3672 1300; x_wconf 91' lang='grc' dir='ltr'>τόπῳ</span> 
     </span>
    </p>
   </div>
   <div class='ocr_carea' id='block_1_41' title="bbox 2015 1314 3670 1395">
    <p class='ocr_par' dir='ltr' id='par_1_41' title="bbox 2015 1314 3670 1395">
     <span class='ocr_line' id='line_1_41' title="bbox 2015 1314 3670 1395; baseline -0.001 -21"><span class='ocrx_word' id='word_1_293' title='bbox 2015 1320 2105 1374; x_wconf 84' lang='grc' dir='ltr'>καὶ</span> <span class='ocrx_word' id='word_1_294' title='bbox 2151 1321 2178 1374; x_wconf 83' lang='grc' dir='ltr'><strong>ὁ</strong></span> <span class='ocrx_word' id='word_1_295' title='bbox 2233 1321 2310 1393; x_wconf 77' lang='grc' dir='ltr'>μὴ</span> <span class='ocrx_word' id='word_1_296' title='bbox 2354 1321 2455 1389; x_wconf 74' lang='grc' dir='ltr'>τὴν</span> <span class='ocrx_word' id='word_1_297' title='bbox 2525 1314 2724 1395; x_wconf 75' lang='grc' dir='ltr'>ἔχθραν</span> <span class='ocrx_word' id='word_1_298' title='bbox 2777 1319 3271 1394; x_wconf 82' lang='grc' dir='ltr'>προσυπανάπτων,</span> <span class='ocrx_word' id='word_1_299' title='bbox 3317 1317 3406 1372; x_wconf 84' lang='grc' dir='ltr'>καὶ</span> <span class='ocrx_word' id='word_1_300' title='bbox 3460 1314 3670 1391; x_wconf 80' lang='grc' dir='ltr'>σπουδῇ</span> 
     </span>
    </p>
   </div>
   <div class='ocr_carea' id='block_1_42' title="bbox 2015 1404 3670 1486">
    <p class='ocr_par' dir='ltr' id='par_1_42' title="bbox 2015 1404 3670 1486">
     <span class='ocr_line' id='line_1_42' title="bbox 2015 1404 3670 1486; baseline -0.002 -23"><span class='ocrx_word' id='word_1_301' title='bbox 2015 1408 2108 1463; x_wconf 89' lang='grc' dir='ltr'>τὸν</span> <span class='ocrx_word' id='word_1_302' title='bbox 2142 1411 2413 1485; x_wconf 80' lang='grc' dir='ltr'>σπινθῆρα</span> <span class='ocrx_word' id='word_1_303' title='bbox 2460 1413 2557 1464; x_wconf 88' lang='grc' dir='ltr'>τοῦ</span> <span class='ocrx_word' id='word_1_304' title='bbox 2610 1407 2803 1482; x_wconf 77' lang='grc' dir='ltr'>μίσους</span> <span class='ocrx_word' id='word_1_305' title='bbox 2853 1407 3104 1484; x_wconf 79' lang='grc' dir='ltr'>ῥιπίζων,</span> <span class='ocrx_word' id='word_1_306' title='bbox 3151 1407 3241 1462; x_wconf 83' lang='grc' dir='ltr'>καὶ</span> <span class='ocrx_word' id='word_1_307' title='bbox 3289 1404 3562 1486; x_wconf 78' lang='grc' dir='ltr'>ἐκφλέγων</span> <span class='ocrx_word' id='word_1_308' title='bbox 3596 1405 3670 1468; x_wconf 87' lang='grc' dir='ltr'>ὡς</span> 
     </span>
    </p>
   </div>
   <div class='ocr_carea' id='block_1_43' title="bbox 2017 1498 2410 1576">
    <p class='ocr_par' dir='ltr' id='par_1_43' title="bbox 2017 1498 2410 1576">
     <span class='ocr_line' id='line_1_43' title="bbox 2017 1498 2410 1576; baseline 0.003 -23"><span class='ocrx_word' id='word_1_309' title='bbox 2017 1499 2094 1560; x_wconf 85' lang='grc' dir='ltr'>εἷς</span> <span class='ocrx_word' id='word_1_310' title='bbox 2123 1498 2386 1576; x_wconf 80' lang='grc' dir='ltr'>πυρκαϊάν</span> <span class='ocrx_word' id='word_1_311' title='bbox 2399 1543 2410 1554; x_wconf 93' lang='grc'><strong>.</strong></span> 
     </span>
    </p>
   </div>
   <div class='ocr_carea' id='block_1_44' title="bbox 2089 1582 3669 1661">
    <p class='ocr_par' dir='ltr' id='par_1_44' title="bbox 2089 1582 3669 1661">
     <span class='ocr_line' id='line_1_44' title="bbox 2089 1582 3669 1661; baseline -0.003 -19"><span class='ocrx_word' id='word_1_312' title='bbox 2089 1590 2186 1652; x_wconf 83' lang='grc' dir='ltr'>νθ’.</span> <span class='ocrx_word' id='word_1_313' title='bbox 2219 1589 2279 1643; x_wconf 90' lang='grc' dir='ltr'>Τί</span> <span class='ocrx_word' id='word_1_314' title='bbox 2340 1587 2398 1643; x_wconf 75' lang='grc' dir='ltr'>δὲ</span> <span class='ocrx_word' id='word_1_315' title='bbox 2454 1587 2600 1644; x_wconf 86' lang='grc' dir='ltr'>ἀλλά</span> <span class='ocrx_word' id='word_1_316' title='bbox 2655 1586 2890 1661; x_wconf 76' lang='grc' dir='ltr'>ἐμαυτοῦ</span> <span class='ocrx_word' id='word_1_317' title='bbox 2949 1585 3250 1660; x_wconf 86' lang='grc' dir='ltr'>λαθόμενος</span> <span class='ocrx_word' id='word_1_318' title='bbox 3307 1584 3396 1640; x_wconf 87' lang='grc' dir='ltr'>καὶ</span> <span class='ocrx_word' id='word_1_319' title='bbox 3452 1591 3553 1654; x_wconf 82' lang='grc' dir='ltr'>τῆς</span> <span class='ocrx_word' id='word_1_320' title='bbox 3617 1582 3669 1638; x_wconf 88' lang='grc' dir='ltr'>ἐν</span> 
     </span>
    </p>
   </div>
   <div class='ocr_carea' id='block_1_45' title="bbox 2019 1672 3673 1752">
    <p class='ocr_par' dir='ltr' id='par_1_45' title="bbox 2019 1672 3673 1752">
     <span class='ocr_line' id='line_1_45' title="bbox 2019 1672 3673 1752; baseline -0.004 -19"><span class='ocrx_word' id='word_1_321' title='bbox 2019 1678 2144 1752; x_wconf 81' lang='grc' dir='ltr'>ἐμοὶ</span> <span class='ocrx_word' id='word_1_322' title='bbox 2172 1675 2476 1750; x_wconf 81' lang='grc' dir='ltr'>δυνάμεως,</span> <span class='ocrx_word' id='word_1_323' title='bbox 2523 1681 2798 1752; x_wconf 85' lang='grc' dir='ltr'>πειρῶμαι</span> <span class='ocrx_word' id='word_1_324' title='bbox 2845 1677 2912 1730; x_wconf 75' lang='grc' dir='ltr'>τὰ</span> <span class='ocrx_word' id='word_1_325' title='bbox 2957 1683 3057 1745; x_wconf 80' lang='grc' dir='ltr'>τῆς</span> <span class='ocrx_word' id='word_1_326' title='bbox 3106 1672 3471 1751; x_wconf 74' lang='grc' dir='ltr'>προκειμένης</span> <span class='ocrx_word' id='word_1_327' title='bbox 3499 1675 3673 1749; x_wconf 81' lang='grc' dir='ltr'><strong>γάζης</strong></span> 
     </span>
    </p>
   </div>
   <div class='ocr_carea' id='block_1_46' title="bbox 2018 1761 3675 1848">
    <p class='ocr_par' dir='ltr' id='par_1_46' title="bbox 2018 1761 3675 1848">
     <span class='ocr_line' id='line_1_46' title="bbox 2018 1761 3675 1848; baseline -0.004 -23"><span class='ocrx_word' id='word_1_328' title='bbox 2018 1770 2340 1848; x_wconf 71' lang='grc' dir='ltr'>ἀναγράφειν</span> <span class='ocrx_word' id='word_1_329' title='bbox 2391 1769 2653 1843; x_wconf 80' lang='grc' dir='ltr'>ἐξαίρετα,</span> <span class='ocrx_word' id='word_1_330' title='bbox 2715 1767 2782 1824; x_wconf 87' lang='grc' dir='ltr'>δι’</span> <span class='ocrx_word' id='word_1_331' title='bbox 2842 1769 2916 1823; x_wconf 83' lang='grc' dir='ltr'>ὧν</span> <span class='ocrx_word' id='word_1_332' title='bbox 2966 1761 3078 1822; x_wconf 78' lang='grc' dir='ltr'>ἔστι</span> <span class='ocrx_word' id='word_1_333' title='bbox 3125 1768 3223 1836; x_wconf 76' lang='grc' dir='ltr'>τὴν</span> <span class='ocrx_word' id='word_1_334' title='bbox 3270 1766 3463 1821; x_wconf 85' lang='grc' dir='ltr'>κακίαν</span> <span class='ocrx_word' id='word_1_335' title='bbox 3518 1764 3675 1842; x_wconf 80' lang='grc' dir='ltr'>ἐκφυ-</span> 
     </span>
    </p>
   </div>
   <div class='ocr_carea' id='block_1_47' title="bbox 2017 1856 3673 1939">
    <p class='ocr_par' dir='ltr' id='par_1_47' title="bbox 2017 1856 3673 1939">
     <span class='ocr_line' id='line_1_47' title="bbox 2017 1856 3673 1939; baseline -0.004 -23"><span class='ocrx_word' id='word_1_336' title='bbox 2017 1869 2129 1939; x_wconf 89' lang='grc' dir='ltr'>γεῖν</span> <span class='ocrx_word' id='word_1_337' title='bbox 2165 1881 2178 1931; x_wconf 88' lang='grc'>;</span> <span class='ocrx_word' id='word_1_338' title='bbox 2213 1857 2414 1916; x_wconf 73' lang='grc' dir='ltr'>Λάϐετε</span> <span class='ocrx_word' id='word_1_339' title='bbox 2457 1863 2558 1930; x_wconf 79' lang='grc' dir='ltr'>τὴν</span> <span class='ocrx_word' id='word_1_340' title='bbox 2606 1863 2770 1938; x_wconf 78' lang='grc' dir='ltr'>γάζαν</span> <span class='ocrx_word' id='word_1_341' title='bbox 2829 1862 3004 1932; x_wconf 81' lang='grc' dir='ltr'>ὑμεῖς.</span> <span class='ocrx_word' id='word_1_342' title='bbox 3038 1860 3127 1914; x_wconf 89' lang='grc' dir='ltr'>καὶ</span> <span class='ocrx_word' id='word_1_343' title='bbox 3169 1857 3468 1933; x_wconf 86' lang='grc' dir='ltr'>περιιόντες</span> <span class='ocrx_word' id='word_1_344' title='bbox 3501 1856 3673 1925; x_wconf 69' lang='grc' dir='ltr'>αὐτὴν</span> 
     </span>
    </p>
   </div>
   <div class='ocr_carea' id='block_1_48' title="bbox 2019 1947 3674 2026">
    <p class='ocr_par' dir='ltr' id='par_1_48' title="bbox 2019 1947 3674 2026">
     <span class='ocr_line' id='line_1_48' title="bbox 2019 1947 3674 2026; baseline -0.004 -20"><span class='ocrx_word' id='word_1_345' title='bbox 2019 1950 2558 2026; x_wconf 79' lang='grc' dir='ltr'>πολυπραγμονεῖτε,</span> <span class='ocrx_word' id='word_1_346' title='bbox 2608 1949 2696 2005; x_wconf 83' lang='grc' dir='ltr'>καὶ</span> <span class='ocrx_word' id='word_1_347' title='bbox 2748 1954 2957 2019; x_wconf 86' lang='grc' dir='ltr'>ζητεῖτε</span> <span class='ocrx_word' id='word_1_348' title='bbox 3001 1947 3067 2003; x_wconf 76' lang='grc' dir='ltr'>τὰ</span> <span class='ocrx_word' id='word_1_349' title='bbox 3117 1947 3452 2002; x_wconf 80' lang='grc' dir='ltr'>συνοίσοντα.</span> <span class='ocrx_word' id='word_1_350' title='bbox 3488 1947 3674 2021; x_wconf 78' lang='grc' dir='ltr'>Εὑρή-</span> 
     </span>
    </p>
   </div>
   <div class='ocr_carea' id='block_1_49' title="bbox 2021 2034 3674 2112">
    <p class='ocr_par' dir='ltr' id='par_1_49' title="bbox 2021 2034 3674 2112">
     <span class='ocr_line' id='line_1_49' title="bbox 2021 2034 3674 2112; baseline -0.004 -17"><span class='ocrx_word' id='word_1_351' title='bbox 2021 2061 2140 2095; x_wconf 88' lang='grc' dir='ltr'>σετε</span> <span class='ocrx_word' id='word_1_352' title='bbox 2170 2037 2227 2094; x_wconf 70' lang='grc' dir='ltr'><strong>δὲ</strong></span> <span class='ocrx_word' id='word_1_353' title='bbox 2253 2039 2427 2108; x_wconf 74' lang='grc' dir='ltr'>οὐδὲν,</span> <span class='ocrx_word' id='word_1_354' title='bbox 2462 2040 2490 2094; x_wconf 84' lang='grc' dir='ltr'>ὅ</span> <span class='ocrx_word' id='word_1_355' title='bbox 2519 2061 2572 2094; x_wconf 92' lang='grc' dir='ltr'>τι</span> <span class='ocrx_word' id='word_1_356' title='bbox 2601 2043 2709 2093; x_wconf 91' lang='grc' dir='ltr'>τῶν</span> <span class='ocrx_word' id='word_1_357' title='bbox 2767 2038 3014 2093; x_wconf 81' lang='grc' dir='ltr'>ἁπάντων</span> <span class='ocrx_word' id='word_1_358' title='bbox 3062 2038 3136 2111; x_wconf 81' lang='grc' dir='ltr'>μὴ</span> <span class='ocrx_word' id='word_1_359' title='bbox 3194 2037 3330 2112; x_wconf 85' lang='grc' dir='ltr'>πρὸς</span> <span class='ocrx_word' id='word_1_360' title='bbox 3383 2034 3674 2110; x_wconf 87' lang='grc' dir='ltr'>χθησίμου</span> 
     </span>
    </p>
   </div>
   <div class='ocr_carea' id='block_1_50' title="bbox 2027 2124 3672 2206">
    <p class='ocr_par' dir='ltr' id='par_1_50' title="bbox 2027 2124 3672 2206">
     <span class='ocr_line' id='line_1_50' title="bbox 2027 2124 3672 2206; baseline -0.003 -22"><span class='ocrx_word' id='word_1_361' title='bbox 2027 2131 2176 2203; x_wconf 85' lang='grc' dir='ltr'>ὑμῖν,</span> <span class='ocrx_word' id='word_1_362' title='bbox 2207 2130 2297 2184; x_wconf 84' lang='grc' dir='ltr'>καὶ</span> <span class='ocrx_word' id='word_1_363' title='bbox 2343 2129 2610 2206; x_wconf 71' lang='grc' dir='ltr'>ὠφελείας</span> <span class='ocrx_word' id='word_1_364' title='bbox 2661 2135 3050 2200; x_wconf 78' lang='grc' dir='ltr'>πνευματικῆς,</span> <span class='ocrx_word' id='word_1_365' title='bbox 3101 2127 3190 2181; x_wconf 83' lang='grc' dir='ltr'>καὶ</span> <span class='ocrx_word' id='word_1_366' title='bbox 3235 2124 3407 2180; x_wconf 85' lang='grc' dir='ltr'>καλοῦ</span> <span class='ocrx_word' id='word_1_367' title='bbox 3452 2125 3672 2187; x_wconf 76' lang='grc' dir='ltr'>παντός,</span> 
     </span>
    </p>
   </div>
   <div class='ocr_carea' id='block_1_51' title="bbox 2025 2206 3674 2283">
    <p class='ocr_par' dir='ltr' id='par_1_51' title="bbox 2025 2206 3674 2283">
     <span class='ocr_line' id='line_1_51' title="bbox 2025 2206 3674 2283; baseline -0.002 -19"><span class='ocrx_word' id='word_1_368' title='bbox 2025 2211 2322 2281; x_wconf 80' lang='grc' dir='ltr'>Συντάξατε</span> <span class='ocrx_word' id='word_1_369' title='bbox 2373 2208 2430 2265; x_wconf 69' lang='grc' dir='ltr'>δὲ</span> <span class='ocrx_word' id='word_1_370' title='bbox 2475 2216 2577 2283; x_wconf 79' lang='grc' dir='ltr'>τῷ,</span> <span class='ocrx_word' id='word_1_371' title='bbox 2609 2235 2634 2261; x_wconf 91' lang='grc'>‹‹</span> <span class='ocrx_word' id='word_1_372' title='bbox 2665 2207 2954 2264; x_wconf 84' lang='grc' dir='ltr'>’Έκκλινον</span> <span class='ocrx_word' id='word_1_373' title='bbox 3006 2208 3111 2262; x_wconf 88' lang='grc' dir='ltr'>ἀπὸ</span> <span class='ocrx_word' id='word_1_374' title='bbox 3157 2211 3346 2273; x_wconf 89' lang='grc' dir='ltr'>κακοῦ,</span> <span class='ocrx_word' id='word_1_375' title='bbox 3403 2230 3425 2256; x_wconf 72' lang='grc' dir='ltr'><strong>ι</strong></span> <span class='ocrx_word' id='word_1_376' title='bbox 3482 2206 3569 2260; x_wconf 85' lang='grc' dir='ltr'>καὶ</span> <span class='ocrx_word' id='word_1_377' title='bbox 3612 2206 3674 2260; x_wconf 90' lang='grc' dir='ltr'>τὸ</span> 
     </span>
    </p>
   </div>
   <div class='ocr_carea' id='block_1_52' title="bbox 2024 2293 3677 2375">
    <p class='ocr_par' dir='ltr' id='par_1_52' title="bbox 2024 2293 3677 2375">
     <span class='ocr_line' id='line_1_52' title="bbox 2024 2293 3677 2375; baseline -0.004 -21"><span class='ocrx_word' id='word_1_378' title='bbox 2024 2298 2372 2375; x_wconf 80' lang='grc' dir='ltr'>συγκείμενον</span> <span class='ocrx_word' id='word_1_379' title='bbox 2433 2297 2692 2354; x_wconf 80' lang='grc' dir='ltr'>τάλαντον</span> <span class='ocrx_word' id='word_1_380' title='bbox 2729 2343 2743 2368; x_wconf 92' lang='grc'>,</span> <span class='ocrx_word' id='word_1_381' title='bbox 2805 2297 2865 2351; x_wconf 83' lang='grc' dir='ltr'>οὗ</span> <span class='ocrx_word' id='word_1_382' title='bbox 2925 2297 3184 2372; x_wconf 80' lang='grc' dir='ltr'>χάραγμα</span> <span class='ocrx_word' id='word_1_383' title='bbox 3247 2299 3391 2358; x_wconf 86' lang='grc' dir='ltr'>θεῖον</span> <span class='ocrx_word' id='word_1_384' title='bbox 3449 2293 3538 2348; x_wconf 86' lang='grc' dir='ltr'>καὶ</span> <span class='ocrx_word' id='word_1_385' title='bbox 3597 2298 3677 2366; x_wconf 83' lang='grc' dir='ltr'>τῷ</span> 
     </span>
    </p>
   </div>
   <div class='ocr_carea' id='block_1_53' title="bbox 2024 2379 3680 2464">
    <p class='ocr_par' dir='ltr' id='par_1_53' title="bbox 2024 2379 3680 2464">
     <span class='ocr_line' id='line_1_53' title="bbox 2024 2379 3680 2464; baseline -0.002 -22"><span class='ocrx_word' id='word_1_386' title='bbox 2024 2385 2138 2444; x_wconf 71' lang='grc' dir='ltr'>ὄντι</span> <span class='ocrx_word' id='word_1_387' title='bbox 2191 2389 2475 2464; x_wconf 86' lang='grc' dir='ltr'>βασιλικὸν</span> <span class='ocrx_word' id='word_1_388' title='bbox 2531 2389 2613 2456; x_wconf 84' lang='grc' dir='ltr'>τὸ,</span> <span class='ocrx_word' id='word_1_389' title='bbox 2646 2413 2671 2439; x_wconf 93' lang='grc'><em>‹‹</em></span> <span class='ocrx_word' id='word_1_390' title='bbox 2715 2385 2813 2441; x_wconf 80' lang='grc' dir='ltr'>Καὶ</span> <span class='ocrx_word' id='word_1_391' title='bbox 2872 2387 3101 2456; x_wconf 87' lang='grc' dir='ltr'>ποίησον</span> <span class='ocrx_word' id='word_1_392' title='bbox 3162 2379 3383 2460; x_wconf 85' lang='grc' dir='ltr'>ἀγαθόν.</span> <span class='ocrx_word' id='word_1_393' title='bbox 3449 2407 3475 2434; x_wconf 88' lang='grc'><strong>››</strong></span> <span class='ocrx_word' id='word_1_394' title='bbox 3536 2383 3680 2438; x_wconf 80' lang='grc' dir='ltr'>Κατά</span> 
     </span>
    </p>
   </div>
   <div class='ocr_carea' id='block_1_54' title="bbox 2024 2471 3678 2554">
    <p class='ocr_par' dir='ltr' id='par_1_54' title="bbox 2024 2471 3678 2554">
     <span class='ocr_line' id='line_1_54' title="bbox 2024 2471 3678 2554; baseline -0.002 -23"><span class='ocrx_word' id='word_1_395' title='bbox 2024 2479 2126 2553; x_wconf 78' lang='grc' dir='ltr'>γὰρ</span> <span class='ocrx_word' id='word_1_396' title='bbox 2185 2478 2282 2546; x_wconf 75' lang='grc' dir='ltr'>τὴν</span> <span class='ocrx_word' id='word_1_397' title='bbox 2334 2478 2478 2554; x_wconf 75' lang='grc' dir='ltr'>ἱερὰν</span> <span class='ocrx_word' id='word_1_398' title='bbox 2515 2476 2798 2546; x_wconf 77' lang='grc' dir='ltr'>ἀνάπτυξιν</span> <span class='ocrx_word' id='word_1_399' title='bbox 2847 2476 2947 2529; x_wconf 78' lang='grc' dir='ltr'>οὐκ</span> <span class='ocrx_word' id='word_1_400' title='bbox 2995 2474 3052 2529; x_wconf 80' lang='grc' dir='ltr'>ἂν</span> <span class='ocrx_word' id='word_1_401' title='bbox 3105 2471 3189 2544; x_wconf 79' lang='grc' dir='ltr'>εἷή</span> <span class='ocrx_word' id='word_1_402' title='bbox 3241 2473 3440 2548; x_wconf 86' lang='grc' dir='ltr'>ἀρκοῦν</span> <span class='ocrx_word' id='word_1_403' title='bbox 3495 2471 3678 2528; x_wconf 88' lang='grc' dir='ltr'>ἐκκλί-</span> 
     </span>
    </p>
   </div>
   <div class='ocr_carea' id='block_1_55' title="bbox 2026 2560 3676 2639">
    <p class='ocr_par' dir='ltr' id='par_1_55' title="bbox 2026 2560 3676 2639">
     <span class='ocr_line' id='line_1_55' title="bbox 2026 2560 3676 2639; baseline -0.003 -19"><span class='ocrx_word' id='word_1_404' title='bbox 2026 2586 2129 2620; x_wconf 89' lang='grc' dir='ltr'>νειν</span> <span class='ocrx_word' id='word_1_405' title='bbox 2190 2565 2295 2620; x_wconf 89' lang='grc' dir='ltr'>ἀπὸ</span> <span class='ocrx_word' id='word_1_406' title='bbox 2352 2569 2520 2620; x_wconf 90' lang='grc' dir='ltr'>κακοῦ</span> <span class='ocrx_word' id='word_1_407' title='bbox 2557 2611 2571 2637; x_wconf 94' lang='grc'>,</span> <span class='ocrx_word' id='word_1_408' title='bbox 2632 2564 2677 2619; x_wconf 80' lang='grc' dir='ltr'>εἰ</span> <span class='ocrx_word' id='word_1_409' title='bbox 2739 2564 2816 2637; x_wconf 79' lang='grc' dir='ltr'>μὴ</span> <span class='ocrx_word' id='word_1_410' title='bbox 2873 2564 2964 2618; x_wconf 86' lang='grc' dir='ltr'>καὶ</span> <span class='ocrx_word' id='word_1_411' title='bbox 3023 2563 3425 2639; x_wconf 81' lang='grc' dir='ltr'>ἀγαθοπραξίαν</span> <span class='ocrx_word' id='word_1_412' title='bbox 3484 2560 3676 2632; x_wconf 88' lang='grc' dir='ltr'>ἀσκοίη</span> 
     </span>
    </p>
   </div>
   <div class='ocr_carea' id='block_1_56' title="bbox 2022 2678 2130 2719">
    <p class='ocr_par' dir='ltr' id='par_1_56' title="bbox 2022 2678 2130 2719">
     <span class='ocr_line' id='line_1_56' title="bbox 2022 2678 2130 2719; baseline 0 -6"><span class='ocrx_word' id='word_1_413' title='bbox 2022 2678 2130 2719; x_wconf 83' lang='grc' dir='ltr'>τις.</span> 
     </span>
    </p>
   </div>
   <div class='ocr_carea' id='block_1_57' title="bbox 2099 2755 3675 2839">
    <p class='ocr_par' dir='ltr' id='par_1_57' title="bbox 2099 2755 3675 2839">
     <span class='ocr_line' id='line_1_57' title="bbox 2099 2755 3675 2839; baseline -0.006 -20"><span class='ocrx_word' id='word_1_414' title='bbox 2099 2764 2158 2834; x_wconf 75' lang='grc' dir='ltr'>ξ’.</span> <span class='ocrx_word' id='word_1_415' title='bbox 2190 2768 2362 2819; x_wconf 87' lang='grc' dir='ltr'>Τοῦτο</span> <span class='ocrx_word' id='word_1_416' title='bbox 2421 2760 2478 2818; x_wconf 75' lang='grc' dir='ltr'>δὲ</span> <span class='ocrx_word' id='word_1_417' title='bbox 2535 2761 2678 2818; x_wconf 70' lang='grc' dir='ltr'>οὕτω</span> <span class='ocrx_word' id='word_1_418' title='bbox 2737 2762 2879 2839; x_wconf 81' lang='grc' dir='ltr'>φημὶ</span> <span class='ocrx_word' id='word_1_419' title='bbox 2943 2761 3040 2816; x_wconf 72' lang='grc' dir='ltr'>οὖν</span> <span class='ocrx_word' id='word_1_420' title='bbox 3101 2758 3176 2821; x_wconf 78' lang='grc' dir='ltr'>εἷς</span> <span class='ocrx_word' id='word_1_421' title='bbox 3230 2758 3441 2815; x_wconf 74' lang='grc' dir='ltr'>ἁπλοῦν</span> <span class='ocrx_word' id='word_1_422' title='bbox 3489 2781 3542 2814; x_wconf 89' lang='grc' dir='ltr'>τι</span> <span class='ocrx_word' id='word_1_423' title='bbox 3587 2755 3675 2812; x_wconf 78' lang='grc' dir='ltr'>καὶ</span> 
     </span>
    </p>
   </div>
   <div class='ocr_carea' id='block_1_58' title="bbox 2027 2849 3682 2931">
    <p class='ocr_par' dir='ltr' id='par_1_58' title="bbox 2027 2849 3682 2931">
     <span class='ocr_line' id='line_1_58' title="bbox 2027 2849 3682 2931; baseline -0.006 -21"><span class='ocrx_word' id='word_1_424' title='bbox 2027 2852 2248 2931; x_wconf 73' lang='grc' dir='ltr'>ἀσχιδὶς</span> <span class='ocrx_word' id='word_1_425' title='bbox 2299 2854 2503 2927; x_wconf 82' lang='grc' dir='ltr'>νόημα⁶</span> <span class='ocrx_word' id='word_1_426' title='bbox 2566 2851 2821 2922; x_wconf 80' lang='grc' dir='ltr'>διαστίζω</span> <span class='ocrx_word' id='word_1_427' title='bbox 2883 2849 2939 2906; x_wconf 75' lang='grc' dir='ltr'>δὲ</span> <span class='ocrx_word' id='word_1_428' title='bbox 2984 2850 3177 2912; x_wconf 79' lang='grc' dir='ltr'>οὕτως·</span> <span class='ocrx_word' id='word_1_429' title='bbox 3227 2851 3284 2902; x_wconf 78' lang='lat'>&#39;0</span> <span class='ocrx_word' id='word_1_430' title='bbox 3321 2851 3414 2923; x_wconf 73' lang='grc' dir='ltr'>μὲν</span> <span class='ocrx_word' id='word_1_431' title='bbox 3469 2850 3682 2924; x_wconf 81' lang='grc' dir='ltr'>ἀρεταῖς</span> 
     </span>
    </p>
   </div>
   <div class='ocr_carea' id='block_1_59' title="bbox 2029 2937 3682 3021">
    <p class='ocr_par' dir='ltr' id='par_1_59' title="bbox 2029 2937 3682 3021">
     <span class='ocr_line' id='line_1_59' title="bbox 2029 2937 3682 3021; baseline -0.005 -20"><span class='ocrx_word' id='word_1_432' title='bbox 2029 2945 2102 3000; x_wconf 84' lang='grc' dir='ltr'>ὣν</span> <span class='ocrx_word' id='word_1_433' title='bbox 2137 2945 2551 3021; x_wconf 83' lang='grc' dir='ltr'>κατακώχιμος,</span> <span class='ocrx_word' id='word_1_434' title='bbox 2586 2943 2675 2999; x_wconf 74' lang='grc' dir='ltr'>καί</span> <span class='ocrx_word' id='word_1_435' title='bbox 2725 2945 2948 3019; x_wconf 81' lang='grc' dir='ltr'>ἀγαθοῖς</span> <span class='ocrx_word' id='word_1_436' title='bbox 2996 2947 3158 2996; x_wconf 80' lang='grc' dir='ltr'>πᾶσιν</span> <span class='ocrx_word' id='word_1_437' title='bbox 3206 2937 3504 3017; x_wconf 74' lang='grc' dir='ltr'>ἔμφορτος,</span> <span class='ocrx_word' id='word_1_438' title='bbox 3535 2937 3682 3013; x_wconf 72' lang='grc' dir='ltr'>ἔχων</span> 
     </span>
    </p>
   </div>
   <div class='ocr_carea' id='block_1_60' title="bbox 2031 3025 3680 3108">
    <p class='ocr_par' dir='ltr' id='par_1_60' title="bbox 2031 3025 3680 3108">
     <span class='ocr_line' id='line_1_60' title="bbox 2031 3025 3680 3108; baseline -0.008 -17"><span class='ocrx_word' id='word_1_439' title='bbox 2031 3033 2088 3091; x_wconf 76' lang='grc' dir='ltr'>δέ</span> <span class='ocrx_word' id='word_1_440' title='bbox 2115 3058 2166 3090; x_wconf 93' lang='grc' dir='ltr'>τι</span> <span class='ocrx_word' id='word_1_441' title='bbox 2201 3036 2354 3108; x_wconf 76' lang='grc' dir='ltr'>ὅμως</span> <span class='ocrx_word' id='word_1_442' title='bbox 2415 3036 2491 3096; x_wconf 82' lang='grc' dir='ltr'>ὡς</span> <span class='ocrx_word' id='word_1_443' title='bbox 2551 3032 2834 3108; x_wconf 69' lang='grc' dir='ltr'>ἄνθρωπος</span> <span class='ocrx_word' id='word_1_444' title='bbox 2888 3031 2977 3085; x_wconf 79' lang='grc' dir='ltr'>καὶ</span> <span class='ocrx_word' id='word_1_445' title='bbox 3035 3029 3386 3104; x_wconf 82' lang='grc' dir='ltr'>παράπηγμα</span> <span class='ocrx_word' id='word_1_446' title='bbox 3442 3025 3629 3085; x_wconf 81' lang='grc' dir='ltr'>κακίας</span> <span class='ocrx_word' id='word_1_447' title='bbox 3666 3069 3680 3093; x_wconf 89' lang='grc'>,</span> 
     </span>
    </p>
   </div>
   <div class='ocr_carea' id='block_1_61' title="bbox 2028 3110 3681 3190">
    <p class='ocr_par' dir='ltr' id='par_1_61' title="bbox 2028 3110 3681 3190">
     <span class='ocr_line' id='line_1_61' title="bbox 2028 3110 3681 3190; baseline -0.011 -11"><span class='ocrx_word' id='word_1_448' title='bbox 2028 3125 2118 3180; x_wconf 83' lang='grc' dir='ltr'>καὶ</span> <span class='ocrx_word' id='word_1_449' title='bbox 2151 3121 2400 3185; x_wconf 75' lang='grc' dir='ltr'>ἐκκλίνας</span> <span class='ocrx_word' id='word_1_450' title='bbox 2429 3127 2526 3178; x_wconf 90' lang='grc' dir='ltr'>τοῦ</span> <span class='ocrx_word' id='word_1_451' title='bbox 2574 3121 2827 3176; x_wconf 81' lang='grc' dir='ltr'>τοιούτου</span> <span class='ocrx_word' id='word_1_452' title='bbox 2866 3123 3054 3185; x_wconf 90' lang='grc' dir='ltr'>κακοῦ,</span> <span class='ocrx_word' id='word_1_453' title='bbox 3103 3113 3389 3190; x_wconf 83' lang='grc' dir='ltr'>ἀρκεσθείη</span> <span class='ocrx_word' id='word_1_454' title='bbox 3423 3112 3482 3165; x_wconf 78' lang='grc' dir='ltr'>ἂν</span> <span class='ocrx_word' id='word_1_455' title='bbox 3538 3110 3681 3164; x_wconf 75' lang='grc' dir='ltr'>οὕτω</span> 
     </span>
    </p>
   </div>
   <div class='ocr_carea' id='block_1_62' title="bbox 2029 3195 3681 3283">
    <p class='ocr_par' dir='ltr' id='par_1_62' title="bbox 2029 3195 3681 3283">
     <span class='ocr_line' id='line_1_62' title="bbox 2029 3195 3681 3283; baseline -0.013 -15"><span class='ocrx_word' id='word_1_456' title='bbox 2029 3217 2288 3283; x_wconf 80' lang='grc' dir='ltr'>ποιήσας,</span> <span class='ocrx_word' id='word_1_457' title='bbox 2320 3211 2409 3266; x_wconf 85' lang='grc' dir='ltr'>καὶ</span> <span class='ocrx_word' id='word_1_458' title='bbox 2453 3211 2550 3265; x_wconf 84' lang='grc' dir='ltr'>οὐκ</span> <span class='ocrx_word' id='word_1_459' title='bbox 2603 3211 2661 3263; x_wconf 79' lang='grc' dir='ltr'>ἂν</span> <span class='ocrx_word' id='word_1_460' title='bbox 2713 3207 2934 3262; x_wconf 83' lang='grc' dir='ltr'>ἀκούσοι</span> <span class='ocrx_word' id='word_1_461' title='bbox 2979 3205 3140 3258; x_wconf 68' lang='grc' dir='ltr'>ποθεν</span> <span class='ocrx_word' id='word_1_462' title='bbox 3182 3201 3265 3255; x_wconf 89' lang='grc' dir='ltr'>τό·</span> <span class='ocrx_word' id='word_1_463' title='bbox 3304 3225 3330 3250; x_wconf 91' lang='grc'><strong>‹‹</strong></span> <span class='ocrx_word' id='word_1_464' title='bbox 3365 3199 3466 3255; x_wconf 85' lang='grc' dir='ltr'>Καὶ</span> <span class='ocrx_word' id='word_1_465' title='bbox 3515 3195 3681 3264; x_wconf 83' lang='grc' dir='ltr'>ποίη-</span> 
     </span>
    </p>
   </div>
   <div class='ocr_carea' id='block_1_63' title="bbox 2031 3286 3681 3375">
    <p class='ocr_par' dir='ltr' id='par_1_63' title="bbox 2031 3286 3681 3375">
     <span class='ocr_line' id='line_1_63' title="bbox 2031 3286 3681 3375; baseline -0.011 -19"><span class='ocrx_word' id='word_1_466' title='bbox 2031 3324 2121 3356; x_wconf 90' lang='grc' dir='ltr'>σον</span> <span class='ocrx_word' id='word_1_467' title='bbox 2184 3299 2409 3375; x_wconf 81' lang='grc' dir='ltr'>ἀγαθόν.</span> <span class='ocrx_word' id='word_1_468' title='bbox 2449 3323 2469 3349; x_wconf 79' lang='grc' dir='ltr'>ιι</span> <span class='ocrx_word' id='word_1_469' title='bbox 2505 3295 2644 3366; x_wconf 80' lang='grc' dir='ltr'>’Ήδη</span> <span class='ocrx_word' id='word_1_470' title='bbox 2695 3297 2798 3370; x_wconf 76' lang='grc' dir='ltr'>γὰρ</span> <span class='ocrx_word' id='word_1_471' title='bbox 2857 3293 3159 3361; x_wconf 86' lang='grc' dir='ltr'>πεποίηκε·</span> <span class='ocrx_word' id='word_1_472' title='bbox 3209 3289 3295 3342; x_wconf 82' lang='grc' dir='ltr'>καὶ</span> <span class='ocrx_word' id='word_1_473' title='bbox 3362 3286 3681 3355; x_wconf 88' lang='grc' dir='ltr'>πεποιηκὼς</span> 
     </span>
    </p>
   </div>
   <div class='ocr_carea' id='block_1_64' title="bbox 253 3361 1918 3460">
    <p class='ocr_par' dir='ltr' id='par_1_64' title="bbox 253 3361 1910 3460">
     <span class='ocr_line' id='line_1_64' title="bbox 253 3361 1910 3460; baseline 0.001 -21"><span class='ocrx_word' id='word_1_474' title='bbox 253 3385 354 3453; x_wconf 87' lang='lat' dir='ltr'>rit,</span> <span class='ocrx_word' id='word_1_475' title='bbox 385 3403 501 3442; x_wconf 90' lang='lat' dir='ltr'>non</span> <span class='ocrx_word' id='word_1_476' title='bbox 555 3387 808 3442; x_wconf 87' lang='lat' dir='ltr'>cessabit</span> <span class='ocrx_word' id='word_1_477' title='bbox 864 3387 1089 3458; x_wconf 90' lang='lat' dir='ltr'>aliquid</span> <span class='ocrx_word' id='word_1_478' title='bbox 1151 3388 1398 3445; x_wconf 87' lang='lat' dir='ltr'>ulterius</span> <span class='ocrx_word' id='word_1_479' title='bbox 1455 3361 1720 3460; x_wconf 72' lang='lat' dir='ltr'>adipisci,</span> <span class='ocrx_word' id='word_1_480' title='bbox 1779 3391 1910 3440; x_wconf 86' lang='lat' dir='ltr'>tan-</span> 
     </span>
    </p>
   </div>
   <div class='ocr_carea' id='block_1_65' title="bbox 2033 3361 3680 3460">
    <p class='ocr_par' dir='ltr' id='par_1_65' title="bbox 2033 3371 3680 3455">
     <span class='ocr_line' id='line_1_65' title="bbox 2033 3371 3680 3455; baseline -0.011 -12"><span class='ocrx_word' id='word_1_481' title='bbox 2033 3388 2210 3443; x_wconf 70' lang='grc' dir='ltr'>οὐκέτι</span> <span class='ocrx_word' id='word_1_482' title='bbox 2253 3386 2499 3440; x_wconf 88' lang='grc' dir='ltr'>κοπιάσει</span> <span class='ocrx_word' id='word_1_483' title='bbox 2552 3383 2690 3438; x_wconf 81' lang='grc' dir='ltr'>ἄλλο</span> <span class='ocrx_word' id='word_1_484' title='bbox 2737 3404 2789 3437; x_wconf 90' lang='grc' dir='ltr'>τι</span> <span class='ocrx_word' id='word_1_485' title='bbox 2841 3381 3398 3455; x_wconf 77' lang='grc' dir='ltr'>προσεπικτήσασθαι,</span> <span class='ocrx_word' id='word_1_486' title='bbox 3452 3376 3525 3437; x_wconf 89' lang='grc' dir='ltr'>ὡς</span> <span class='ocrx_word' id='word_1_487' title='bbox 3571 3371 3680 3442; x_wconf 74' lang='grc' dir='ltr'>ἤδη</span> 
     </span>
    </p>
   </div>
   <div class='ocr_carea' id='block_1_66' title="bbox 257 3474 1916 3545">
    <p class='ocr_par' dir='ltr' id='par_1_66' title="bbox 257 3474 1916 3545">
     <span class='ocr_line' id='line_1_66' title="bbox 257 3474 1916 3545; baseline 0 -17"><span class='ocrx_word' id='word_1_488' title='bbox 257 3490 436 3544; x_wconf 90' lang='lat' dir='ltr'>quam</span> <span class='ocrx_word' id='word_1_489' title='bbox 467 3474 583 3530; x_wconf 88' lang='lat' dir='ltr'>alia</span> <span class='ocrx_word' id='word_1_490' title='bbox 601 3474 840 3545; x_wconf 89' lang='lat' dir='ltr'>quidem</span> <span class='ocrx_word' id='word_1_491' title='bbox 863 3476 1110 3545; x_wconf 87' lang='lat' dir='ltr'>adeptus</span> <span class='ocrx_word' id='word_1_492' title='bbox 1143 3479 1328 3544; x_wconf 90' lang='lat' dir='ltr'>bona;</span> <span class='ocrx_word' id='word_1_493' title='bbox 1360 3479 1459 3533; x_wconf 88' lang='lat' dir='ltr'>sed</span> <span class='ocrx_word' id='word_1_494' title='bbox 1486 3494 1555 3532; x_wconf 84' lang='lat' dir='ltr'>ex</span> <span class='ocrx_word' id='word_1_495' title='bbox 1586 3477 1686 3531; x_wconf 90' lang='lat' dir='ltr'>illa</span> <span class='ocrx_word' id='word_1_496' title='bbox 1717 3477 1916 3529; x_wconf 80' lang='lat' dir='ltr'>forsan</span> 
     </span>
    </p>
   </div>
   <div class='ocr_carea' id='block_1_67' title="bbox 257 3561 1916 3634">
    <p class='ocr_par' dir='ltr' id='par_1_67' title="bbox 257 3561 1916 3634">
     <span class='ocr_line' id='line_1_67' title="bbox 257 3561 1916 3634; baseline 0.001 -18"><span class='ocrx_word' id='word_1_497' title='bbox 257 3561 586 3617; x_wconf 88' lang='lat' dir='ltr'>hortatione</span> <span class='ocrx_word' id='word_1_498' title='bbox 615 3580 635 3616; x_wconf 91' lang='lat'><strong><em>:</em></strong></span> <span class='ocrx_word' id='word_1_499' title='bbox 671 3585 699 3612; x_wconf 84' lang='lat'><strong>«</strong></span> <span class='ocrx_word' id='word_1_500' title='bbox 736 3563 925 3618; x_wconf 91' lang='lat' dir='ltr'>Unum</span> <span class='ocrx_word' id='word_1_501' title='bbox 975 3562 1079 3617; x_wconf 90' lang='lat' dir='ltr'>tibi</span> <span class='ocrx_word' id='word_1_502' title='bbox 1142 3565 1305 3619; x_wconf 91' lang='lat' dir='ltr'>deest</span> <span class='ocrx_word' id='word_1_503' title='bbox 1337 3586 1364 3612; x_wconf 84' lang='lat'>»</span> <span class='ocrx_word' id='word_1_504' title='bbox 1398 3565 1556 3619; x_wconf 89' lang='lat' dir='ltr'>istud</span> <span class='ocrx_word' id='word_1_505' title='bbox 1588 3563 1916 3634; x_wconf 89' lang='lat' dir='ltr'>inquirens,</span> 
     </span>
    </p>
   </div>
   <div class='ocr_carea' id='block_1_68' title="bbox 258 3649 1918 3724">
    <p class='ocr_par' dir='ltr' id='par_1_68' title="bbox 258 3649 1918 3724">
     <span class='ocr_line' id='line_1_68' title="bbox 258 3649 1918 3724; baseline 0 -19"><span class='ocrx_word' id='word_1_506' title='bbox 258 3665 329 3705; x_wconf 83' lang='lat' dir='ltr'>ex</span> <span class='ocrx_word' id='word_1_507' title='bbox 359 3667 476 3721; x_wconf 90' lang='lat' dir='ltr'>quo</span> <span class='ocrx_word' id='word_1_508' title='bbox 508 3667 538 3704; x_wconf 85' lang='lat' dir='ltr'>a</span> <span class='ocrx_word' id='word_1_509' title='bbox 573 3650 753 3721; x_wconf 89' lang='lat' dir='ltr'>priori</span> <span class='ocrx_word' id='word_1_510' title='bbox 805 3649 1053 3716; x_wconf 88' lang='lat' dir='ltr'>malitia,</span> <span class='ocrx_word' id='word_1_511' title='bbox 1081 3651 1234 3706; x_wconf 89' lang='lat' dir='ltr'>sicut</span> <span class='ocrx_word' id='word_1_512' title='bbox 1277 3652 1476 3724; x_wconf 88' lang='lat' dir='ltr'>aliquo</span> <span class='ocrx_word' id='word_1_513' title='bbox 1521 3669 1689 3707; x_wconf 88' lang='lat' dir='ltr'>muro</span> <span class='ocrx_word' id='word_1_514' title='bbox 1736 3652 1918 3706; x_wconf 86' lang='lat' dir='ltr'>inter-</span> 
     </span>
    </p>
   </div>
   <div class='ocr_carea' id='block_1_69' title="bbox 265 3737 1918 3808">
    <p class='ocr_par' dir='ltr' id='par_1_69' title="bbox 265 3737 1918 3808">
     <span class='ocr_line' id='line_1_69' title="bbox 265 3737 1918 3808; baseline 0.001 -14"><span class='ocrx_word' id='word_1_515' title='bbox 265 3737 626 3804; x_wconf 88' lang='lat' dir='ltr'>cludatur,et</span> <span class='ocrx_word' id='word_1_516' title='bbox 653 3737 737 3793; x_wconf 89' lang='lat' dir='ltr'>ita</span> <span class='ocrx_word' id='word_1_517' title='bbox 778 3743 1060 3808; x_wconf 86' lang='lat' dir='ltr'>tanquam</span> <span class='ocrx_word' id='word_1_518' title='bbox 1094 3756 1161 3795; x_wconf 83' lang='lat' dir='ltr'>ex</span> <span class='ocrx_word' id='word_1_519' title='bbox 1193 3757 1255 3796; x_wconf 89' lang='lat' dir='ltr'>se</span> <span class='ocrx_word' id='word_1_520' title='bbox 1287 3742 1633 3796; x_wconf 89' lang='lat' dir='ltr'>naturaliter</span> <span class='ocrx_word' id='word_1_521' title='bbox 1663 3741 1721 3796; x_wconf 90' lang='lat' dir='ltr'>in</span> <span class='ocrx_word' id='word_1_522' title='bbox 1767 3742 1918 3796; x_wconf 91' lang='lat' dir='ltr'>bono</span> 
     </span>
    </p>
   </div>
   <div class='ocr_carea' id='block_1_70' title="bbox 264 3826 1922 3901">
    <p class='ocr_par' dir='ltr' id='par_1_70' title="bbox 264 3826 1922 3901">
     <span class='ocr_line' id='line_1_70' title="bbox 264 3826 1922 3901; baseline 0.001 -17"><span class='ocrx_word' id='word_1_523' title='bbox 264 3827 443 3884; x_wconf 90' lang='lat' dir='ltr'>simul</span> <span class='ocrx_word' id='word_1_524' title='bbox 475 3844 541 3882; x_wconf 88' lang='lat' dir='ltr'>ac</span> <span class='ocrx_word' id='word_1_525' title='bbox 572 3828 630 3882; x_wconf 92' lang='lat' dir='ltr'>in</span> <span class='ocrx_word' id='word_1_526' title='bbox 657 3826 1199 3884; x_wconf 85' lang='lat' dir='ltr'>malideclinatione</span> <span class='ocrx_word' id='word_1_527' title='bbox 1231 3830 1609 3886; x_wconf 89' lang='lat' dir='ltr'>stabilitus.Si</span> <span class='ocrx_word' id='word_1_528' title='bbox 1632 3847 1764 3886; x_wconf 91' lang='lat' dir='ltr'>vero</span> <span class='ocrx_word' id='word_1_529' title='bbox 1788 3831 1922 3901; x_wconf 92' lang='lat' dir='ltr'>quis</span> 
     </span>
    </p>
   </div>
   <div class='ocr_carea' id='block_1_71' title="bbox 264 3916 1924 3993">
    <p class='ocr_par' dir='ltr' id='par_1_71' title="bbox 264 3916 1924 3993">
     <span class='ocr_line' id='line_1_71' title="bbox 264 3916 1924 3993; baseline 0.004 -23"><span class='ocrx_word' id='word_1_530' title='bbox 264 3933 380 3971; x_wconf 89' lang='lat' dir='ltr'>non</span> <span class='ocrx_word' id='word_1_531' title='bbox 414 3916 574 3971; x_wconf 89' lang='lat' dir='ltr'>dives</span> <span class='ocrx_word' id='word_1_532' title='bbox 606 3916 798 3982; x_wconf 89' lang='lat' dir='ltr'>bonis,</span> <span class='ocrx_word' id='word_1_533' title='bbox 833 3923 1138 3973; x_wconf 90' lang='lat' dir='ltr'>nocentem</span> <span class='ocrx_word' id='word_1_534' title='bbox 1171 3919 1410 3989; x_wconf 89' lang='lat' dir='ltr'>abjiciat</span> <span class='ocrx_word' id='word_1_535' title='bbox 1463 3919 1770 3988; x_wconf 86' lang='lat' dir='ltr'>malitiam,</span> <span class='ocrx_word' id='word_1_536' title='bbox 1822 3938 1924 3993; x_wconf 91' lang='lat' dir='ltr'>per</span> 
     </span>
    </p>
   </div>
   <div class='ocr_carea' id='block_1_72' title="bbox 267 4009 1923 4082">
    <p class='ocr_par' dir='ltr' id='par_1_72' title="bbox 267 4009 1923 4082">
     <span class='ocr_line' id='line_1_72' title="bbox 267 4009 1923 4082; baseline 0.005 -23"><span class='ocrx_word' id='word_1_537' title='bbox 267 4021 444 4077; x_wconf 91' lang='lat' dir='ltr'>quam</span> <span class='ocrx_word' id='word_1_538' title='bbox 504 4021 728 4077; x_wconf 89' lang='lat' dir='ltr'>pauper</span> <span class='ocrx_word' id='word_1_539' title='bbox 773 4010 861 4061; x_wconf 87' lang='lat' dir='ltr'>est</span> <span class='ocrx_word' id='word_1_540' title='bbox 916 4012 973 4061; x_wconf 90' lang='lat' dir='ltr'>et</span> <span class='ocrx_word' id='word_1_541' title='bbox 1027 4023 1204 4079; x_wconf 85' lang='lat' dir='ltr'>egens</span> <span class='ocrx_word' id='word_1_542' title='bbox 1264 4009 1423 4065; x_wconf 90' lang='lat' dir='ltr'>omni</span> <span class='ocrx_word' id='word_1_543' title='bbox 1481 4011 1648 4079; x_wconf 89' lang='lat' dir='ltr'>bono,</span> <span class='ocrx_word' id='word_1_544' title='bbox 1682 4027 1923 4082; x_wconf 88' lang='lat' dir='ltr'>prorsus</span> 
     </span>
    </p>
   </div>
   <div class='ocr_carea' id='block_1_73' title="bbox 265 4095 1925 4172">
    <p class='ocr_par' dir='ltr' id='par_1_73' title="bbox 265 4095 1925 4172">
     <span class='ocr_line' id='line_1_73' title="bbox 265 4095 1925 4172; baseline 0.002 -20"><span class='ocrx_word' id='word_1_545' title='bbox 265 4112 300 4152; x_wconf 89' lang='lat' dir='ltr'>a</span> <span class='ocrx_word' id='word_1_546' title='bbox 333 4095 486 4151; x_wconf 89' lang='lat' dir='ltr'>malo</span> <span class='ocrx_word' id='word_1_547' title='bbox 517 4095 846 4165; x_wconf 87' lang='lat' dir='ltr'>declinans,</span> <span class='ocrx_word' id='word_1_548' title='bbox 899 4095 1076 4152; x_wconf 81' lang='lat' dir='ltr'>habet</span> <span class='ocrx_word' id='word_1_549' title='bbox 1107 4100 1514 4156; x_wconf 88' lang='lat' dir='ltr'>necessitatem</span> <span class='ocrx_word' id='word_1_550' title='bbox 1563 4100 1925 4172; x_wconf 84' lang='lat' dir='ltr'>adjungendi</span> 
     </span>
    </p>
   </div>
   <div class='ocr_carea' id='block_1_74' title="bbox 269 4183 1925 4256">
    <p class='ocr_par' dir='ltr' id='par_1_74' title="bbox 269 4183 1925 4256">
     <span class='ocr_line' id='line_1_74' title="bbox 269 4183 1925 4256; baseline 0.004 -18"><span class='ocrx_word' id='word_1_551' title='bbox 269 4183 373 4240; x_wconf 86' lang='lat' dir='ltr'>tali</span> <span class='ocrx_word' id='word_1_552' title='bbox 458 4183 653 4240; x_wconf 89' lang='lat' dir='ltr'>divino</span> <span class='ocrx_word' id='word_1_553' title='bbox 717 4185 937 4240; x_wconf 91' lang='lat' dir='ltr'>talento</span> <span class='ocrx_word' id='word_1_554' title='bbox 997 4185 1171 4240; x_wconf 89' lang='lat' dir='ltr'>etiam</span> <span class='ocrx_word' id='word_1_555' title='bbox 1235 4190 1582 4256; x_wconf 89' lang='lat' dir='ltr'>secundum,</span> <span class='ocrx_word' id='word_1_556' title='bbox 1643 4207 1716 4245; x_wconf 88' lang='lat' dir='ltr'>ne</span> <span class='ocrx_word' id='word_1_557' title='bbox 1775 4191 1925 4246; x_wconf 90' lang='lat' dir='ltr'>bono</span> 
     </span>
    </p>
   </div>
   <div class='ocr_carea' id='block_1_75' title="bbox 274 4275 1926 4346">
    <p class='ocr_par' dir='ltr' id='par_1_75' title="bbox 274 4275 1926 4346">
     <span class='ocr_line' id='line_1_75' title="bbox 274 4275 1926 4346; baseline 0.003 -17"><span class='ocrx_word' id='word_1_558' title='bbox 274 4275 616 4344; x_wconf 89' lang='lat' dir='ltr'>destitutus,</span> <span class='ocrx_word' id='word_1_559' title='bbox 649 4275 1031 4346; x_wconf 88' lang='lat' dir='ltr'>imperfectus</span> <span class='ocrx_word' id='word_1_560' title='bbox 1062 4276 1139 4330; x_wconf 91' lang='lat' dir='ltr'>sit</span> <span class='ocrx_word' id='word_1_561' title='bbox 1168 4277 1364 4344; x_wconf 83' lang='lat' dir='ltr'>homo,</span> <span class='ocrx_word' id='word_1_562' title='bbox 1398 4279 1661 4332; x_wconf 90' lang='lat' dir='ltr'>divinum</span> <span class='ocrx_word' id='word_1_563' title='bbox 1696 4295 1796 4333; x_wconf 90' lang='lat' dir='ltr'>vas</span> <span class='ocrx_word' id='word_1_564' title='bbox 1828 4297 1926 4334; x_wconf 90' lang='lat' dir='ltr'>va-</span> 
     </span>
    </p>
   </div>
   <div class='ocr_carea' id='block_1_76' title="bbox 272 4363 1928 4436">
    <p class='ocr_par' dir='ltr' id='par_1_76' title="bbox 272 4363 1928 4436">
     <span class='ocr_line' id='line_1_76' title="bbox 272 4363 1928 4436; baseline 0.003 -19"><span class='ocrx_word' id='word_1_565' title='bbox 272 4379 480 4432; x_wconf 91' lang='lat' dir='ltr'>cuum,</span> <span class='ocrx_word' id='word_1_566' title='bbox 529 4363 740 4418; x_wconf 87' lang='lat' dir='ltr'>domus</span> <span class='ocrx_word' id='word_1_567' title='bbox 795 4363 890 4418; x_wconf 90' lang='lat' dir='ltr'>Dei</span> <span class='ocrx_word' id='word_1_568' title='bbox 955 4381 1070 4419; x_wconf 90' lang='lat' dir='ltr'>non</span> <span class='ocrx_word' id='word_1_569' title='bbox 1115 4366 1316 4436; x_wconf 84' lang='lat' dir='ltr'>polita,</span> <span class='ocrx_word' id='word_1_570' title='bbox 1351 4367 1618 4424; x_wconf 82' lang='lat' dir='ltr'>informis</span> <span class='ocrx_word' id='word_1_571' title='bbox 1661 4369 1928 4436; x_wconf 89' lang='lat' dir='ltr'>materia,</span> 
     </span>
    </p>
   </div>
   <div class='ocr_carea' id='block_1_77' title="bbox 271 4451 1926 4526">
    <p class='ocr_par' dir='ltr' id='par_1_77' title="bbox 271 4451 1926 4526">
     <span class='ocr_line' id='line_1_77' title="bbox 271 4451 1926 4526; baseline 0.003 -19"><span class='ocrx_word' id='word_1_572' title='bbox 271 4453 494 4507; x_wconf 89' lang='lat' dir='ltr'>bonum</span> <span class='ocrx_word' id='word_1_573' title='bbox 545 4467 658 4505; x_wconf 90' lang='lat' dir='ltr'>non</span> <span class='ocrx_word' id='word_1_574' title='bbox 704 4451 1035 4522; x_wconf 89' lang='lat' dir='ltr'>pulchrum,</span> <span class='ocrx_word' id='word_1_575' title='bbox 1071 4453 1316 4526; x_wconf 91' lang='lat' dir='ltr'>ideoque</span> <span class='ocrx_word' id='word_1_576' title='bbox 1350 4473 1462 4510; x_wconf 91' lang='lat' dir='ltr'>non</span> <span class='ocrx_word' id='word_1_577' title='bbox 1518 4457 1926 4522; x_wconf 86' lang='lat' dir='ltr'>desiderabile,</span> 
     </span>
    </p>
   </div>
   <div class='ocr_carea' id='block_1_78' title="bbox 274 4541 1926 4615">
    <p class='ocr_par' dir='ltr' id='par_1_78' title="bbox 274 4541 1926 4615">
     <span class='ocr_line' id='line_1_78' title="bbox 274 4541 1926 4615; baseline 0.004 -21"><span class='ocrx_word' id='word_1_578' title='bbox 274 4544 340 4595; x_wconf 86' lang='lat' dir='ltr'>ut</span> <span class='ocrx_word' id='word_1_579' title='bbox 370 4543 564 4594; x_wconf 88' lang='lat' dir='ltr'>autem</span> <span class='ocrx_word' id='word_1_580' title='bbox 601 4544 869 4595; x_wconf 86' lang='lat' dir='ltr'>accurate</span> <span class='ocrx_word' id='word_1_581' title='bbox 918 4541 1131 4612; x_wconf 88' lang='lat' dir='ltr'>dicam,</span> <span class='ocrx_word' id='word_1_582' title='bbox 1168 4545 1360 4598; x_wconf 87' lang='lat' dir='ltr'>omnis</span> <span class='ocrx_word' id='word_1_583' title='bbox 1412 4546 1651 4615; x_wconf 88' lang='lat' dir='ltr'>quidem</span> <span class='ocrx_word' id='word_1_584' title='bbox 1695 4546 1926 4601; x_wconf 87' lang='lat' dir='ltr'>virtutis</span> 
     </span>
    </p>
   </div>
   <div class='ocr_carea' id='block_1_79' title="bbox 274 4628 1928 4706">
    <p class='ocr_par' dir='ltr' id='par_1_79' title="bbox 274 4628 1928 4706">
     <span class='ocr_line' id='line_1_79' title="bbox 274 4628 1928 4706; baseline 0.002 -21"><span class='ocrx_word' id='word_1_585' title='bbox 274 4628 576 4695; x_wconf 88' lang='lat' dir='ltr'>alumnus,</span> <span class='ocrx_word' id='word_1_586' title='bbox 609 4629 710 4684; x_wconf 87' lang='lat' dir='ltr'>sed</span> <span class='ocrx_word' id='word_1_587' title='bbox 745 4629 817 4683; x_wconf 92' lang='lat' dir='ltr'>ab</span> <span class='ocrx_word' id='word_1_588' title='bbox 877 4647 993 4684; x_wconf 90' lang='lat' dir='ltr'>una</span> <span class='ocrx_word' id='word_1_589' title='bbox 1053 4633 1334 4701; x_wconf 86' lang='lat' dir='ltr'>quadam,</span> <span class='ocrx_word' id='word_1_590' title='bbox 1383 4639 1616 4706; x_wconf 88' lang='lat' dir='ltr'>propter</span> <span class='ocrx_word' id='word_1_591' title='bbox 1646 4635 1928 4690; x_wconf 87' lang='lat' dir='ltr'>malitiam</span> 
     </span>
    </p>
   </div>
   <div class='ocr_carea' id='block_1_80' title="bbox 274 4717 1918 4796">
    <p class='ocr_par' dir='ltr' id='par_1_80' title="bbox 274 4717 1918 4796">
     <span class='ocr_line' id='line_1_80' title="bbox 274 4717 1918 4796; baseline 0.004 -23"><span class='ocrx_word' id='word_1_592' title='bbox 274 4717 718 4790; x_wconf 89' lang='lat' dir='ltr'>impedientem,</span> <span class='ocrx_word' id='word_1_593' title='bbox 753 4718 1078 4774; x_wconf 89' lang='lat' dir='ltr'>abstinens.</span> <span class='ocrx_word' id='word_1_594' title='bbox 1134 4720 1352 4776; x_wconf 90' lang='lat' dir='ltr'>Deinde</span> <span class='ocrx_word' id='word_1_595' title='bbox 1407 4723 1504 4777; x_wconf 91' lang='lat' dir='ltr'>ille</span> <span class='ocrx_word' id='word_1_596' title='bbox 1562 4724 1794 4794; x_wconf 68' lang='lat' dir='ltr'>quidem</span> <span class='ocrx_word' id='word_1_597' title='bbox 1829 4726 1918 4796; x_wconf 56' lang='lat' dir='ltr'>qui</span> 
     </span>
    </p>
   </div>
   <div class='ocr_carea' id='block_1_81' title="bbox 2033 4717 2642 4796">
    <p class='ocr_par' dir='ltr' id='par_1_81' title="bbox 2038 4720 2642 4778">
     <span class='ocr_line' id='line_1_81' title="bbox 2038 4720 2642 4778; baseline 0.003 -2"><span class='ocrx_word' id='word_1_598' title='bbox 2038 4722 2224 4777; x_wconf 81' lang='grc' dir='ltr'>κακίαν</span> <span class='ocrx_word' id='word_1_599' title='bbox 2274 4720 2591 4777; x_wconf 79' lang='grc' dir='ltr'>κωλύουσαν</span> <span class='ocrx_word' id='word_1_600' title='bbox 2629 4765 2642 4778; x_wconf 96' lang='grc'><strong><em>.</em></strong></span> 
     </span>
    </p>
   </div>
   <div class='ocr_carea' id='block_1_82' title="bbox 277 4807 1931 4885">
    <p class='ocr_par' dir='ltr' id='par_1_82' title="bbox 277 4807 1931 4885">
     <span class='ocr_line' id='line_1_82' title="bbox 277 4807 1931 4885; baseline 0.004 -22"><span class='ocrx_word' id='word_1_601' title='bbox 277 4807 590 4863; x_wconf 87' lang='lat' dir='ltr'>declinavit</span> <span class='ocrx_word' id='word_1_602' title='bbox 648 4807 895 4873; x_wconf 91' lang='lat' dir='ltr'>malum,</span> <span class='ocrx_word' id='word_1_603' title='bbox 929 4812 984 4863; x_wconf 86' lang='lat' dir='ltr'>et</span> <span class='ocrx_word' id='word_1_604' title='bbox 1043 4808 1195 4865; x_wconf 91' lang='lat' dir='ltr'>bono</span> <span class='ocrx_word' id='word_1_605' title='bbox 1255 4828 1441 4882; x_wconf 90' lang='lat' dir='ltr'>nuper</span> <span class='ocrx_word' id='word_1_606' title='bbox 1496 4814 1704 4885; x_wconf 88' lang='lat' dir='ltr'>adepto</span> <span class='ocrx_word' id='word_1_607' title='bbox 1745 4813 1931 4869; x_wconf 70' lang='lat' dir='ltr'>inhae-</span> 
     </span>
    </p>
   </div>
   <div class='ocr_carea' id='block_1_83' title="bbox 277 4895 1930 4964">
    <p class='ocr_par' dir='ltr' id='par_1_83' title="bbox 277 4895 1930 4964">
     <span class='ocr_line' id='line_1_83' title="bbox 277 4895 1930 4964; baseline 0.004 -11"><span class='ocrx_word' id='word_1_608' title='bbox 277 4897 380 4964; x_wconf 86' lang='lat' dir='ltr'>sit,</span> <span class='ocrx_word' id='word_1_609' title='bbox 413 4895 709 4952; x_wconf 90' lang='lat' dir='ltr'>luctamen</span> <span class='ocrx_word' id='word_1_610' title='bbox 771 4900 1273 4956; x_wconf 86' lang='lat' dir='ltr'>acnecessitatem</span> <span class='ocrx_word' id='word_1_611' title='bbox 1335 4901 1509 4956; x_wconf 86' lang='lat' dir='ltr'>habet</span> <span class='ocrx_word' id='word_1_612' title='bbox 1564 4919 1678 4958; x_wconf 92' lang='lat' dir='ltr'>non</span> <span class='ocrx_word' id='word_1_613' title='bbox 1741 4903 1930 4959; x_wconf 90' lang='lat' dir='ltr'>solum</span> 
     </span>
    </p>
   </div>
   <div class='ocr_carea' id='block_1_84' title="bbox 277 4984 1930 5058">
    <p class='ocr_par' dir='ltr' id='par_1_84' title="bbox 277 4984 1930 5058">
     <span class='ocr_line' id='line_1_84' title="bbox 277 4984 1930 5058; baseline 0.002 -16"><span class='ocrx_word' id='word_1_614' title='bbox 277 4984 630 5058; x_wconf 80' lang='lat' dir='ltr'>simpliciter</span> <span class='ocrx_word' id='word_1_615' title='bbox 681 4987 952 5058; x_wconf 84' lang='lat' dir='ltr'>faciendi,</span> <span class='ocrx_word' id='word_1_616' title='bbox 997 4990 1096 5045; x_wconf 91' lang='lat' dir='ltr'>sed</span> <span class='ocrx_word' id='word_1_617' title='bbox 1127 4988 1302 5044; x_wconf 87' lang='lat' dir='ltr'>etiam</span> <span class='ocrx_word' id='word_1_618' title='bbox 1349 4991 1626 5046; x_wconf 76' lang='lat' dir='ltr'>continue</span> <span class='ocrx_word' id='word_1_619' title='bbox 1683 4992 1930 5049; x_wconf 85' lang='lat' dir='ltr'>faciendi</span> 
     </span>
    </p>
   </div>
   <div class='ocr_carea' id='block_1_85' title="bbox 274 5076 1929 5153">
    <p class='ocr_par' dir='ltr' id='par_1_85' title="bbox 274 5076 1929 5153">
     <span class='ocr_line' id='line_1_85' title="bbox 274 5076 1929 5153; baseline 0.004 -21"><span class='ocrx_word' id='word_1_620' title='bbox 274 5076 522 5142; x_wconf 91' lang='lat' dir='ltr'>bonum,</span> <span class='ocrx_word' id='word_1_621' title='bbox 557 5079 622 5130; x_wconf 87' lang='lat' dir='ltr'>ut</span> <span class='ocrx_word' id='word_1_622' title='bbox 653 5095 766 5134; x_wconf 92' lang='lat' dir='ltr'>non</span> <span class='ocrx_word' id='word_1_623' title='bbox 810 5079 1059 5136; x_wconf 90' lang='lat' dir='ltr'>faciliter</span> <span class='ocrx_word' id='word_1_624' title='bbox 1087 5083 1143 5133; x_wconf 87' lang='lat' dir='ltr'>et</span> <span class='ocrx_word' id='word_1_625' title='bbox 1173 5078 1284 5133; x_wconf 92' lang='lat' dir='ltr'>cito</span> <span class='ocrx_word' id='word_1_626' title='bbox 1316 5079 1418 5133; x_wconf 89' lang='lat' dir='ltr'>tali</span> <span class='ocrx_word' id='word_1_627' title='bbox 1467 5080 1619 5136; x_wconf 92' lang='lat' dir='ltr'>bono</span> <span class='ocrx_word' id='word_1_628' title='bbox 1672 5082 1929 5153; x_wconf 87' lang='lat' dir='ltr'>orbetur,</span> 
     </span>
    </p>
   </div>
   <div class='ocr_carea' id='block_1_86' title="bbox 277 5164 1931 5242">
    <p class='ocr_par' dir='ltr' id='par_1_86' title="bbox 277 5164 1931 5242">
     <span class='ocr_line' id='line_1_86' title="bbox 277 5164 1931 5242; baseline 0.003 -20"><span class='ocrx_word' id='word_1_629' title='bbox 277 5165 377 5222; x_wconf 90' lang='lat' dir='ltr'>sed</span> <span class='ocrx_word' id='word_1_630' title='bbox 413 5164 657 5221; x_wconf 84' lang='lat' dir='ltr'>ﬁrmans</span> <span class='ocrx_word' id='word_1_631' title='bbox 690 5167 833 5224; x_wconf 85' lang='lat' dir='ltr'>illud</span> <span class='ocrx_word' id='word_1_632' title='bbox 868 5170 936 5225; x_wconf 88' lang='lat' dir='ltr'>ad</span> <span class='ocrx_word' id='word_1_633' title='bbox 974 5167 1466 5240; x_wconf 86' lang='lat' dir='ltr'>perseverantiam</span> <span class='ocrx_word' id='word_1_634' title='bbox 1501 5186 1568 5224; x_wconf 87' lang='lat' dir='ltr'>ex</span> <span class='ocrx_word' id='word_1_635' title='bbox 1601 5187 1789 5242; x_wconf 90' lang='lat' dir='ltr'>nuper</span> <span class='ocrx_word' id='word_1_636' title='bbox 1821 5172 1931 5226; x_wconf 91' lang='lat' dir='ltr'>im-</span> 
     </span>
    </p>
   </div>
   <div class='ocr_carea' id='block_1_87' title="bbox 279 5255 1930 5327">
    <p class='ocr_par' dir='ltr' id='par_1_87' title="bbox 279 5255 1930 5327">
     <span class='ocr_line' id='line_1_87' title="bbox 279 5255 1930 5327; baseline 0.004 -18"><span class='ocrx_word' id='word_1_637' title='bbox 279 5255 556 5326; x_wconf 89' lang='lat' dir='ltr'>perfecto,</span> <span class='ocrx_word' id='word_1_638' title='bbox 614 5257 839 5315; x_wconf 86' lang='lat' dir='ltr'>solidus</span> <span class='ocrx_word' id='word_1_639' title='bbox 919 5256 1160 5313; x_wconf 87' lang='lat' dir='ltr'>virtutis</span> <span class='ocrx_word' id='word_1_640' title='bbox 1215 5273 1522 5327; x_wconf 86' lang='lat' dir='ltr'>possessor</span> <span class='ocrx_word' id='word_1_641' title='bbox 1595 5260 1715 5314; x_wconf 85' lang='lat' dir='ltr'>fiat.</span> <span class='ocrx_word' id='word_1_642' title='bbox 1770 5261 1930 5316; x_wconf 81' lang='lat' dir='ltr'>Alias</span> 
     </span>
    </p>
   </div>
   <div class='ocr_carea' id='block_1_88' title="bbox 278 5346 1930 5420">
    <p class='ocr_par' dir='ltr' id='par_1_88' title="bbox 278 5346 1930 5420">
     <span class='ocr_line' id='line_1_88' title="bbox 278 5346 1930 5420; baseline 0.004 -22"><span class='ocrx_word' id='word_1_643' title='bbox 278 5349 474 5398; x_wconf 87' lang='lat' dir='ltr'>autem</span> <span class='ocrx_word' id='word_1_644' title='bbox 507 5348 591 5399; x_wconf 85' lang='lat' dir='ltr'>est</span> <span class='ocrx_word' id='word_1_645' title='bbox 626 5346 939 5403; x_wconf 91' lang='lat' dir='ltr'>dicendum</span> <span class='ocrx_word' id='word_1_646' title='bbox 978 5391 990 5415; x_wconf 93' lang='lat'>,</span> <span class='ocrx_word' id='word_1_647' title='bbox 1027 5346 1181 5417; x_wconf 91' lang='lat' dir='ltr'>quod</span> <span class='ocrx_word' id='word_1_648' title='bbox 1216 5346 1412 5400; x_wconf 88' lang='lat' dir='ltr'>omnis</span> <span class='ocrx_word' id='word_1_649' title='bbox 1462 5347 1659 5417; x_wconf 89' lang='lat' dir='ltr'>homo,</span> <span class='ocrx_word' id='word_1_650' title='bbox 1693 5349 1795 5420; x_wconf 91' lang='lat' dir='ltr'>qui</span> <span class='ocrx_word' id='word_1_651' title='bbox 1827 5351 1930 5405; x_wconf 86' lang='lat' dir='ltr'>de-</span> 
     </span>
    </p>
   </div>
   <div class='ocr_carea' id='block_1_89' title="bbox 279 5431 1929 5508">
    <p class='ocr_par' dir='ltr' id='par_1_89' title="bbox 279 5431 1929 5508">
     <span class='ocr_line' id='line_1_89' title="bbox 279 5431 1929 5508; baseline 0.007 -24"><span class='ocrx_word' id='word_1_652' title='bbox 279 5431 461 5485; x_wconf 88' lang='lat' dir='ltr'>clinat</span> <span class='ocrx_word' id='word_1_653' title='bbox 492 5434 720 5503; x_wconf 83' lang='lat' dir='ltr'>amato,</span> <span class='ocrx_word' id='word_1_654' title='bbox 749 5437 1017 5508; x_wconf 87' lang='lat' dir='ltr'>protinus</span> <span class='ocrx_word' id='word_1_655' title='bbox 1051 5434 1225 5490; x_wconf 89' lang='lat' dir='ltr'>etiam</span> <span class='ocrx_word' id='word_1_656' title='bbox 1254 5435 1389 5489; x_wconf 86' lang='lat' dir='ltr'>facit</span> <span class='ocrx_word' id='word_1_657' title='bbox 1423 5435 1662 5508; x_wconf 90' lang='lat' dir='ltr'>aliquod</span> <span class='ocrx_word' id='word_1_658' title='bbox 1689 5437 1929 5496; x_wconf 92' lang='lat' dir='ltr'>bonum.</span> 
     </span>
    </p>
   </div>
   <div class='ocr_carea' id='block_1_90' title="bbox 281 5517 1680 5595">
    <p class='ocr_par' dir='ltr' id='par_1_90' title="bbox 281 5517 1680 5595">
     <span class='ocr_line' id='line_1_90' title="bbox 281 5517 1680 5595; baseline 0.007 -23"><span class='ocrx_word' id='word_1_659' title='bbox 281 5517 461 5580; x_wconf 87' lang='lat' dir='ltr'>Quale</span> <span class='ocrx_word' id='word_1_660' title='bbox 487 5519 514 5571; x_wconf 77' lang='lat' dir='ltr'>‘I</span> <span class='ocrx_word' id='word_1_661' title='bbox 545 5519 659 5576; x_wconf 88' lang='lat' dir='ltr'>Hoc</span> <span class='ocrx_word' id='word_1_662' title='bbox 693 5542 886 5595; x_wconf 77' lang='lat' dir='ltr'>ipsum</span> <span class='ocrx_word' id='word_1_663' title='bbox 922 5541 1087 5590; x_wconf 88' lang='lat' dir='ltr'>sane,</span> <span class='ocrx_word' id='word_1_664' title='bbox 1118 5542 1151 5580; x_wconf 88' lang='lat' dir='ltr'>a</span> <span class='ocrx_word' id='word_1_665' title='bbox 1183 5524 1336 5580; x_wconf 91' lang='lat' dir='ltr'>malo</span> <span class='ocrx_word' id='word_1_666' title='bbox 1370 5524 1680 5582; x_wconf 89' lang='lat' dir='ltr'>declinare.</span> 
     </span>
    </p>
   </div>
   <div class='ocr_carea' id='block_1_91' title="bbox 355 5623 1930 5704">
    <p class='ocr_par' dir='ltr' id='par_1_91' title="bbox 355 5623 1930 5704">
     <span class='ocr_line' id='line_1_91' title="bbox 355 5623 1930 5704; baseline 0.01 -27"><span class='ocrx_word' id='word_1_667' title='bbox 355 5623 446 5677; x_wconf 88' lang='grc'>61.</span> <span class='ocrx_word' id='word_1_668' title='bbox 481 5623 596 5695; x_wconf 87' lang='lat' dir='ltr'>Ego</span> <span class='ocrx_word' id='word_1_669' title='bbox 627 5642 759 5684; x_wconf 88' lang='lat' dir='ltr'>vero</span> <span class='ocrx_word' id='word_1_670' title='bbox 791 5630 1198 5704; x_wconf 91' lang='lat' dir='ltr'>propheticum</span> <span class='ocrx_word' id='word_1_671' title='bbox 1229 5634 1285 5685; x_wconf 90' lang='lat' dir='ltr'>et</span> <span class='ocrx_word' id='word_1_672' title='bbox 1341 5631 1568 5704; x_wconf 82' lang='lat' dir='ltr'>regium</span> <span class='ocrx_word' id='word_1_673' title='bbox 1617 5635 1930 5692; x_wconf 89' lang='lat' dir='ltr'>numulum</span> 
     </span>
    </p>
   </div>
   <div class='ocr_carea' id='block_1_92' title="bbox 282 5712 1934 5798">
    <p class='ocr_par' dir='ltr' id='par_1_92' title="bbox 282 5712 1934 5798">
     <span class='ocr_line' id='line_1_92' title="bbox 282 5712 1934 5798; baseline 0.007 -28"><span class='ocrx_word' id='word_1_674' title='bbox 282 5712 380 5770; x_wconf 91' lang='lat' dir='ltr'>hic</span> <span class='ocrx_word' id='word_1_675' title='bbox 439 5715 789 5785; x_wconf 86' lang='lat' dir='ltr'>immutans,</span> <span class='ocrx_word' id='word_1_676' title='bbox 821 5737 937 5776; x_wconf 90' lang='lat' dir='ltr'>non</span> <span class='ocrx_word' id='word_1_677' title='bbox 968 5719 1099 5775; x_wconf 88' lang='lat' dir='ltr'>falsi</span> <span class='ocrx_word' id='word_1_678' title='bbox 1132 5719 1438 5776; x_wconf 88' lang='lat' dir='ltr'>monetarii</span> <span class='ocrx_word' id='word_1_679' title='bbox 1469 5720 1658 5779; x_wconf 85' lang='lat' dir='ltr'>instar</span> <span class='ocrx_word' id='word_1_680' title='bbox 1696 5725 1797 5780; x_wconf 88' lang='lat' dir='ltr'>sed</span> <span class='ocrx_word' id='word_1_681' title='bbox 1830 5742 1934 5798; x_wconf 90' lang='lat' dir='ltr'>per</span> 
     </span>
    </p>
   </div>
   <div class='ocr_carea' id='block_1_93' title="bbox 285 5805 1928 5889">
    <p class='ocr_par' dir='ltr' id='par_1_93' title="bbox 285 5805 1928 5889">
     <span class='ocr_line' id='line_1_93' title="bbox 285 5805 1928 5889; baseline 0.008 -29"><span class='ocrx_word' id='word_1_682' title='bbox 285 5805 1029 5876; x_wconf 81' lang='lat' dir='ltr'>mutationem,placentem</span> <span class='ocrx_word' id='word_1_683' title='bbox 1060 5810 1118 5862; x_wconf 93' lang='lat' dir='ltr'>et</span> <span class='ocrx_word' id='word_1_684' title='bbox 1145 5807 1335 5878; x_wconf 89' lang='lat' dir='ltr'>ipsam</span> <span class='ocrx_word' id='word_1_685' title='bbox 1369 5826 1604 5868; x_wconf 90' lang='lat' dir='ltr'>summo</span> <span class='ocrx_word' id='word_1_686' title='bbox 1637 5815 1754 5886; x_wconf 78' lang='lat' dir='ltr'>regi</span> <span class='ocrx_word' id='word_1_687' title='bbox 1787 5813 1928 5889; x_wconf 90' lang='lat' dir='ltr'>Deo,</span> 
     </span>
    </p>
   </div>
   <div class='ocr_carea' id='block_1_94' title="bbox 2023 3460 3686 3546">
    <p class='ocr_par' dir='ltr' id='par_1_94' title="bbox 2023 3460 3686 3546">
     <span class='ocr_line' id='line_1_94' title="bbox 2023 3460 3686 3546; baseline -0.008 -18"><span class='ocrx_word' id='word_1_688' title='bbox 2023 3472 2204 3528; x_wconf 79' lang='grc' dir='ltr'>τᾶλλα</span> <span class='ocrx_word' id='word_1_689' title='bbox 2263 3474 2357 3546; x_wconf 76' lang='grc' dir='ltr'>μὲν</span> <span class='ocrx_word' id='word_1_690' title='bbox 2433 3471 2607 3525; x_wconf 90' lang='grc' dir='ltr'>πάντα</span> <span class='ocrx_word' id='word_1_691' title='bbox 2680 3469 3020 3540; x_wconf 86' lang='grc' dir='ltr'>κτησάμενος</span> <span class='ocrx_word' id='word_1_692' title='bbox 3100 3465 3289 3541; x_wconf 80' lang='grc' dir='ltr'>ἀγαθὰ,</span> <span class='ocrx_word' id='word_1_693' title='bbox 3346 3462 3398 3518; x_wconf 84' lang='grc' dir='ltr'>ἐν</span> <span class='ocrx_word' id='word_1_694' title='bbox 3479 3460 3537 3516; x_wconf 71' lang='grc' dir='ltr'>δὲ</span> <span class='ocrx_word' id='word_1_695' title='bbox 3605 3464 3686 3531; x_wconf 79' lang='grc' dir='ltr'>τῷ</span> 
     </span>
    </p>
   </div>
   <div class='ocr_carea' id='block_1_95' title="bbox 2029 3547 3682 3628">
    <p class='ocr_par' dir='ltr' id='par_1_95' title="bbox 2029 3547 3682 3628">
     <span class='ocr_line' id='line_1_95' title="bbox 2029 3547 3682 3628; baseline -0.01 -12"><span class='ocrx_word' id='word_1_696' title='bbox 2029 3559 2257 3616; x_wconf 86' lang='grc' dir='ltr'>ἀκοῦσαί</span> <span class='ocrx_word' id='word_1_697' title='bbox 2308 3573 2474 3624; x_wconf 91' lang='grc' dir='ltr'>ποθεν</span> <span class='ocrx_word' id='word_1_698' title='bbox 2512 3602 2525 3628; x_wconf 91' lang='grc'>,</span> <span class='ocrx_word' id='word_1_699' title='bbox 2587 3560 2668 3612; x_wconf 81' lang='grc' dir='ltr'>ὅτι</span> <span class='ocrx_word' id='word_1_700' title='bbox 2729 3583 2756 3609; x_wconf 94' lang='grc'><strong>‹‹</strong></span> <span class='ocrx_word' id='word_1_701' title='bbox 2817 3559 2912 3611; x_wconf 85' lang='grc' dir='ltr'>Ἕν</span> <span class='ocrx_word' id='word_1_702' title='bbox 2968 3576 3054 3609; x_wconf 90' lang='grc' dir='ltr'>σοι</span> <span class='ocrx_word' id='word_1_703' title='bbox 3113 3552 3311 3618; x_wconf 87' lang='grc' dir='ltr'>λείπει,</span> <span class='ocrx_word' id='word_1_704' title='bbox 3373 3574 3402 3602; x_wconf 91' lang='grc'><strong>››</strong></span> <span class='ocrx_word' id='word_1_705' title='bbox 3457 3547 3682 3624; x_wconf 78' lang='grc' dir='ltr'>ἐξευρὼν</span> 
     </span>
    </p>
   </div>
   <div class='ocr_carea' id='block_1_96' title="bbox 2029 3643 3688 3724">
    <p class='ocr_par' dir='ltr' id='par_1_96' title="bbox 2029 3643 3688 3724">
     <span class='ocr_line' id='line_1_96' title="bbox 2029 3643 3688 3724; baseline -0.009 -18"><span class='ocrx_word' id='word_1_706' title='bbox 2029 3651 2223 3718; x_wconf 82' lang='grc' dir='ltr'>ἐκεῖνο,</span> <span class='ocrx_word' id='word_1_707' title='bbox 2259 3651 2310 3720; x_wconf 80' lang='grc' dir='ltr'>ἐξ</span> <span class='ocrx_word' id='word_1_708' title='bbox 2343 3649 2404 3704; x_wconf 83' lang='grc' dir='ltr'>οῦ</span> <span class='ocrx_word' id='word_1_709' title='bbox 2433 3653 2502 3724; x_wconf 81' lang='grc' dir='ltr'>τῇ</span> <span class='ocrx_word' id='word_1_710' title='bbox 2534 3648 2770 3724; x_wconf 73' lang='grc' dir='ltr'>προτέρᾳ</span> <span class='ocrx_word' id='word_1_711' title='bbox 2815 3646 2974 3716; x_wconf 81' lang='grc' dir='ltr'>κακίᾳ</span> <span class='ocrx_word' id='word_1_712' title='bbox 3006 3646 3106 3700; x_wconf 83' lang='grc' dir='ltr'>ὅσα</span> <span class='ocrx_word' id='word_1_713' title='bbox 3158 3643 3246 3698; x_wconf 83' lang='grc' dir='ltr'>καὶ</span> <span class='ocrx_word' id='word_1_714' title='bbox 3302 3643 3541 3717; x_wconf 80' lang='grc' dir='ltr'>φραγμῷ</span> <span class='ocrx_word' id='word_1_715' title='bbox 3578 3659 3688 3692; x_wconf 88' lang='grc' dir='ltr'>τινι</span> 
     </span>
    </p>
   </div>
   <div class='ocr_carea' id='block_1_97' title="bbox 2029 3727 3685 3816">
    <p class='ocr_par' dir='ltr' id='par_1_97' title="bbox 2029 3727 3685 3816">
     <span class='ocr_line' id='line_1_97' title="bbox 2029 3727 3685 3816; baseline -0.009 -21"><span class='ocrx_word' id='word_1_716' title='bbox 2029 3739 2408 3816; x_wconf 84' lang='grc' dir='ltr'>ἀπετειχίζετο</span> <span class='ocrx_word' id='word_1_717' title='bbox 2441 3782 2456 3808; x_wconf 87' lang='grc'>,</span> <span class='ocrx_word' id='word_1_718' title='bbox 2513 3737 2606 3792; x_wconf 84' lang='grc' dir='ltr'>καὶ</span> <span class='ocrx_word' id='word_1_719' title='bbox 2677 3737 2750 3799; x_wconf 83' lang='grc' dir='ltr'>ὡς</span> <span class='ocrx_word' id='word_1_720' title='bbox 2825 3735 2876 3806; x_wconf 81' lang='grc' dir='ltr'>ἐξ</span> <span class='ocrx_word' id='word_1_721' title='bbox 2952 3734 3263 3806; x_wconf 82' lang='grc' dir='ltr'>αὐτομάτου</span> <span class='ocrx_word' id='word_1_722' title='bbox 3349 3727 3685 3805; x_wconf 84' lang='grc' dir='ltr'>ἐγκαταστάς</span> 
     </span>
    </p>
   </div>
   <div class='ocr_carea' id='block_1_98' title="bbox 2031 3814 3688 3904">
    <p class='ocr_par' dir='ltr' id='par_1_98' title="bbox 2031 3814 3688 3904">
     <span class='ocr_line' id='line_1_98' title="bbox 2031 3814 3688 3904; baseline -0.008 -21"><span class='ocrx_word' id='word_1_723' title='bbox 2031 3814 2316 3904; x_wconf 78' lang='grc' dir='ltr'>αὐτοφυῶς</span> <span class='ocrx_word' id='word_1_724' title='bbox 2363 3833 2444 3899; x_wconf 80' lang='grc' dir='ltr'>τῷ</span> <span class='ocrx_word' id='word_1_725' title='bbox 2489 3827 2671 3902; x_wconf 86' lang='grc' dir='ltr'>ἀγαθῷ</span> <span class='ocrx_word' id='word_1_726' title='bbox 2710 3827 2823 3898; x_wconf 81' lang='grc' dir='ltr'>ἅμα</span> <span class='ocrx_word' id='word_1_727' title='bbox 2862 3828 2932 3898; x_wconf 75' lang='grc' dir='ltr'>τῇ</span> <span class='ocrx_word' id='word_1_728' title='bbox 2983 3822 3217 3877; x_wconf 86' lang='grc' dir='ltr'>ἐκκλίσει</span> <span class='ocrx_word' id='word_1_729' title='bbox 3249 3823 3345 3874; x_wconf 90' lang='grc' dir='ltr'>τοῦ</span> <span class='ocrx_word' id='word_1_730' title='bbox 3399 3821 3591 3875; x_wconf 88' lang='grc' dir='ltr'>κακοῦ.</span> <span class='ocrx_word' id='word_1_731' title='bbox 3622 3814 3688 3870; x_wconf 76' lang='grc' dir='ltr'><strong>ΕΙ</strong></span> 
     </span>
    </p>
   </div>
   <div class='ocr_carea' id='block_1_99' title="bbox 2034 3905 3691 3992">
    <p class='ocr_par' dir='ltr' id='par_1_99' title="bbox 2034 3905 3691 3992">
     <span class='ocr_line' id='line_1_99' title="bbox 2034 3905 3691 3992; baseline -0.009 -18"><span class='ocrx_word' id='word_1_732' title='bbox 2034 3916 2092 3973; x_wconf 67' lang='grc' dir='ltr'>δέ</span> <span class='ocrx_word' id='word_1_733' title='bbox 2119 3940 2202 3980; x_wconf 90' lang='grc' dir='ltr'>τις</span> <span class='ocrx_word' id='word_1_734' title='bbox 2251 3919 2327 3992; x_wconf 74' lang='grc' dir='ltr'>μὴ</span> <span class='ocrx_word' id='word_1_735' title='bbox 2378 3915 2631 3972; x_wconf 89' lang='grc' dir='ltr'>πλουτῶν</span> <span class='ocrx_word' id='word_1_736' title='bbox 2682 3915 2902 3989; x_wconf 80' lang='grc' dir='ltr'>ἀγαθοῖς</span> <span class='ocrx_word' id='word_1_737' title='bbox 2953 3908 3273 3981; x_wconf 79' lang='grc' dir='ltr'>ἀπολέξεται</span> <span class='ocrx_word' id='word_1_738' title='bbox 3322 3907 3512 3963; x_wconf 87' lang='grc' dir='ltr'>κακίαν</span> <span class='ocrx_word' id='word_1_739' title='bbox 3557 3905 3691 3976; x_wconf 78' lang='grc' dir='ltr'>ἐπη-</span> 
     </span>
    </p>
   </div>
   <div class='ocr_carea' id='block_1_100' title="bbox 2036 3995 3686 4084">
    <p class='ocr_par' dir='ltr' id='par_1_100' title="bbox 2036 3995 3686 4084">
     <span class='ocr_line' id='line_1_100' title="bbox 2036 3995 3686 4084; baseline -0.009 -21"><span class='ocrx_word' id='word_1_740' title='bbox 2036 4008 2347 4084; x_wconf 81' lang='grc' dir='ltr'>ρεάζουσαν,</span> <span class='ocrx_word' id='word_1_741' title='bbox 2402 4005 2471 4061; x_wconf 87' lang='grc' dir='ltr'>δι’</span> <span class='ocrx_word' id='word_1_742' title='bbox 2518 4008 2584 4073; x_wconf 69' lang='grc' dir='ltr'>ἧς</span> <span class='ocrx_word' id='word_1_743' title='bbox 2627 4002 2925 4079; x_wconf 78' lang='grc' dir='ltr'>πτωχεύει,</span> <span class='ocrx_word' id='word_1_744' title='bbox 2977 4001 3276 4073; x_wconf 85' lang='grc' dir='ltr'>πενόμενος</span> <span class='ocrx_word' id='word_1_745' title='bbox 3326 3995 3686 4084; x_wconf 85' lang='grc' dir='ltr'>παντὸςάγα-</span> 
     </span>
    </p>
   </div>
   <div class='ocr_carea' id='block_1_101' title="bbox 2036 4083 3690 4166">
    <p class='ocr_par' dir='ltr' id='par_1_101' title="bbox 2036 4083 3690 4166">
     <span class='ocr_line' id='line_1_101' title="bbox 2036 4083 3690 4166; baseline -0.008 -15"><span class='ocrx_word' id='word_1_746' title='bbox 2036 4083 2154 4166; x_wconf 89' lang='grc' dir='ltr'>θοῦ,</span> <span class='ocrx_word' id='word_1_747' title='bbox 2217 4095 2417 4158; x_wconf 83' lang='grc' dir='ltr'>ἐκεῖνος</span> <span class='ocrx_word' id='word_1_748' title='bbox 2477 4095 2693 4156; x_wconf 86' lang='grc' dir='ltr'>πάντως</span> <span class='ocrx_word' id='word_1_749' title='bbox 2750 4090 3001 4153; x_wconf 76' lang='grc' dir='ltr'>ἐκκλίνας</span> <span class='ocrx_word' id='word_1_750' title='bbox 3059 4090 3165 4144; x_wconf 84' lang='grc' dir='ltr'>ἀπὸ</span> <span class='ocrx_word' id='word_1_751' title='bbox 3219 4091 3388 4143; x_wconf 87' lang='grc' dir='ltr'>κακοῦ</span> <span class='ocrx_word' id='word_1_752' title='bbox 3447 4083 3690 4159; x_wconf 86' lang='grc' dir='ltr'>ἀνάγκην</span> 
     </span>
    </p>
   </div>
   <div class='ocr_carea' id='block_1_102' title="bbox 2034 4176 3691 4261">
    <p class='ocr_par' dir='ltr' id='par_1_102' title="bbox 2034 4176 3691 4261">
     <span class='ocr_line' id='line_1_102' title="bbox 2034 4176 3691 4261; baseline -0.008 -18"><span class='ocrx_word' id='word_1_753' title='bbox 2034 4185 2136 4258; x_wconf 65' lang='grc' dir='ltr'>ἕξει</span> <span class='ocrx_word' id='word_1_754' title='bbox 2194 4183 2528 4261; x_wconf 79' lang='grc' dir='ltr'>προσλαϐεῖν</span> <span class='ocrx_word' id='word_1_755' title='bbox 2583 4191 2661 4257; x_wconf 80' lang='grc' dir='ltr'>τῷ</span> <span class='ocrx_word' id='word_1_756' title='bbox 2710 4183 2944 4256; x_wconf 75' lang='grc' dir='ltr'>τοιούτῳ</span> <span class='ocrx_word' id='word_1_757' title='bbox 2993 4182 3120 4255; x_wconf 84' lang='grc' dir='ltr'>θείῳ</span> <span class='ocrx_word' id='word_1_758' title='bbox 3188 4179 3439 4250; x_wconf 78' lang='grc' dir='ltr'>ταλάντῳ</span> <span class='ocrx_word' id='word_1_759' title='bbox 3486 4177 3576 4232; x_wconf 87' lang='grc' dir='ltr'>καὶ</span> <span class='ocrx_word' id='word_1_760' title='bbox 3626 4176 3691 4230; x_wconf 85' lang='grc' dir='ltr'>τὸ</span> 
     </span>
    </p>
   </div>
   <div class='ocr_carea' id='block_1_103' title="bbox 2039 4264 3690 4354">
    <p class='ocr_par' dir='ltr' id='par_1_103' title="bbox 2039 4264 3690 4354">
     <span class='ocr_line' id='line_1_103' title="bbox 2039 4264 3690 4354; baseline -0.005 -23"><span class='ocrx_word' id='word_1_761' title='bbox 2039 4275 2308 4354; x_wconf 74' lang='grc' dir='ltr'>δεύτερον,</span> <span class='ocrx_word' id='word_1_762' title='bbox 2337 4276 2428 4332; x_wconf 71' lang='grc' dir='ltr'>’ίνα</span> <span class='ocrx_word' id='word_1_763' title='bbox 2481 4277 2556 4349; x_wconf 81' lang='grc' dir='ltr'>μὴ</span> <span class='ocrx_word' id='word_1_764' title='bbox 2607 4279 2702 4330; x_wconf 86' lang='grc' dir='ltr'>τοῦ</span> <span class='ocrx_word' id='word_1_765' title='bbox 2751 4274 2955 4350; x_wconf 78' lang='grc' dir='ltr'>ἀγαθοῦ</span> <span class='ocrx_word' id='word_1_766' title='bbox 3000 4269 3326 4344; x_wconf 87' lang='grc' dir='ltr'>λειπόμενος</span> <span class='ocrx_word' id='word_1_767' title='bbox 3371 4266 3452 4338; x_wconf 50' lang='grc' dir='ltr'>εἴδη</span> <span class='ocrx_word' id='word_1_768' title='bbox 3487 4264 3690 4336; x_wconf 76' lang='grc' dir='ltr'>ἀτελὴς</span> 
     </span>
    </p>
   </div>
   <div class='ocr_carea' id='block_1_104' title="bbox 2038 4355 3690 4441">
    <p class='ocr_par' dir='ltr' id='par_1_104' title="bbox 2038 4355 3690 4441">
     <span class='ocr_line' id='line_1_104' title="bbox 2038 4355 3690 4441; baseline -0.015 -10"><span class='ocrx_word' id='word_1_769' title='bbox 2038 4365 2347 4440; x_wconf 77' lang='grc' dir='ltr'>ἅνθρωπος,</span> <span class='ocrx_word' id='word_1_770' title='bbox 2401 4367 2618 4441; x_wconf 85' lang='grc' dir='ltr'>ἀγγεῖον</span> <span class='ocrx_word' id='word_1_771' title='bbox 2670 4365 2812 4418; x_wconf 91' lang='grc' dir='ltr'>θεῖον</span> <span class='ocrx_word' id='word_1_772' title='bbox 2864 4361 3139 4430; x_wconf 81' lang='grc' dir='ltr'>ὑπόκενον,</span> <span class='ocrx_word' id='word_1_773' title='bbox 3187 4360 3338 4420; x_wconf 81' lang='grc' dir='ltr'>οἶκος</span> <span class='ocrx_word' id='word_1_774' title='bbox 3389 4359 3522 4412; x_wconf 90' lang='grc' dir='ltr'>Θεοῦ</span> <span class='ocrx_word' id='word_1_775' title='bbox 3570 4355 3690 4441; x_wconf 86' lang='grc' dir='ltr'>ἀνε-</span> 
     </span>
    </p>
   </div>
   <div class='ocr_carea' id='block_1_105' title="bbox 2037 4440 3695 4527">
    <p class='ocr_par' dir='ltr' id='par_1_105' title="bbox 2037 4440 3695 4527">
     <span class='ocr_line' id='line_1_105' title="bbox 2037 4440 3695 4527; baseline -0.007 -19"><span class='ocrx_word' id='word_1_776' title='bbox 2037 4457 2308 4526; x_wconf 79' lang='grc' dir='ltr'>πίξεστος,</span> <span class='ocrx_word' id='word_1_777' title='bbox 2367 4440 2605 4515; x_wconf 82' lang='grc' dir='ltr'>ἀνείδεος</span> <span class='ocrx_word' id='word_1_778' title='bbox 2653 4451 2784 4524; x_wconf 78' lang='grc' dir='ltr'>ὕλη,</span> <span class='ocrx_word' id='word_1_779' title='bbox 2839 4450 3034 4527; x_wconf 87' lang='grc' dir='ltr'>ἀγαθὸν</span> <span class='ocrx_word' id='word_1_780' title='bbox 3083 4448 3144 4504; x_wconf 81' lang='grc' dir='ltr'>οὐ</span> <span class='ocrx_word' id='word_1_781' title='bbox 3175 4445 3364 4518; x_wconf 88' lang='grc' dir='ltr'>καλὸν,</span> <span class='ocrx_word' id='word_1_782' title='bbox 3425 4442 3510 4498; x_wconf 75' lang='grc' dir='ltr'>διὸ</span> <span class='ocrx_word' id='word_1_783' title='bbox 3563 4440 3695 4498; x_wconf 72' lang='grc' dir='ltr'>οὐδὲ</span> 
     </span>
    </p>
   </div>
   <div class='ocr_carea' id='block_1_106' title="bbox 2041 4533 3692 4617">
    <p class='ocr_par' dir='ltr' id='par_1_106' title="bbox 2041 4533 3692 4617">
     <span class='ocr_line' id='line_1_106' title="bbox 2041 4533 3692 4617; baseline -0.007 -18"><span class='ocrx_word' id='word_1_784' title='bbox 2041 4543 2313 4614; x_wconf 80' lang='grc' dir='ltr'>ζηλωτὸν,</span> <span class='ocrx_word' id='word_1_785' title='bbox 2348 4545 2422 4606; x_wconf 87' lang='grc' dir='ltr'>ὡς</span> <span class='ocrx_word' id='word_1_786' title='bbox 2455 4541 2515 4598; x_wconf 76' lang='grc' dir='ltr'>ἄν</span> <span class='ocrx_word' id='word_1_787' title='bbox 2565 4541 2622 4598; x_wconf 74' lang='grc' dir='ltr'>δὲ</span> <span class='ocrx_word' id='word_1_788' title='bbox 2668 4543 2806 4617; x_wconf 86' lang='grc' dir='ltr'>πρὸς</span> <span class='ocrx_word' id='word_1_789' title='bbox 2858 4535 3136 4617; x_wconf 79' lang='grc' dir='ltr'>ἀκρίϐειαν</span> <span class='ocrx_word' id='word_1_790' title='bbox 3190 4537 3348 4610; x_wconf 72' lang='grc' dir='ltr'>εἴπω,</span> <span class='ocrx_word' id='word_1_791' title='bbox 3392 4536 3480 4590; x_wconf 87' lang='grc' dir='ltr'>καὶ</span> <span class='ocrx_word' id='word_1_792' title='bbox 3514 4533 3692 4604; x_wconf 87' lang='grc' dir='ltr'>πάσης</span> 
     </span>
    </p>
   </div>
   <div class='ocr_carea' id='block_1_107' title="bbox 2043 4621 3696 4710">
    <p class='ocr_par' dir='ltr' id='par_1_107' title="bbox 2043 4621 3696 4710">
     <span class='ocr_line' id='line_1_107' title="bbox 2043 4621 3696 4710; baseline -0.006 -23"><span class='ocrx_word' id='word_1_793' title='bbox 2043 4634 2136 4706; x_wconf 68' lang='grc' dir='ltr'>μὲν</span> <span class='ocrx_word' id='word_1_794' title='bbox 2171 4635 2366 4708; x_wconf 77' lang='grc' dir='ltr'>ἀρετῆς</span> <span class='ocrx_word' id='word_1_795' title='bbox 2409 4633 2702 4710; x_wconf 80' lang='grc' dir='ltr'>τρόφιμος,</span> <span class='ocrx_word' id='word_1_796' title='bbox 2740 4636 2866 4704; x_wconf 79' lang='grc' dir='ltr'>μιᾶς</span> <span class='ocrx_word' id='word_1_797' title='bbox 2917 4628 2973 4684; x_wconf 75' lang='grc' dir='ltr'>δέ</span> <span class='ocrx_word' id='word_1_798' title='bbox 3018 4649 3162 4692; x_wconf 89' lang='grc' dir='ltr'>τινος</span> <span class='ocrx_word' id='word_1_799' title='bbox 3209 4627 3556 4702; x_wconf 82' lang='grc' dir='ltr'>ἀπεχόμενος</span> <span class='ocrx_word' id='word_1_800' title='bbox 3607 4621 3696 4678; x_wconf 80' lang='grc' dir='ltr'>διὰ</span> 
     </span>
    </p>
   </div>
   <div class='ocr_carea' id='block_1_108' title="bbox 2706 4713 3692 4789">
    <p class='ocr_par' dir='ltr' id='par_1_108' title="bbox 2706 4713 3692 4789">
     <span class='ocr_line' id='line_1_108' title="bbox 2706 4713 3692 4789; baseline -0.01 -12"><span class='ocrx_word' id='word_1_801' title='bbox 2706 4721 2837 4778; x_wconf 76' lang='grc' dir='ltr'>Εἶτα</span> <span class='ocrx_word' id='word_1_802' title='bbox 2895 4716 3142 4780; x_wconf 81' lang='grc' dir='ltr'>ἐκκλίνας</span> <span class='ocrx_word' id='word_1_803' title='bbox 3207 4719 3301 4789; x_wconf 74' lang='grc' dir='ltr'>μὲν</span> <span class='ocrx_word' id='word_1_804' title='bbox 3357 4715 3420 4770; x_wconf 86' lang='grc' dir='ltr'>τὸ</span> <span class='ocrx_word' id='word_1_805' title='bbox 3477 4713 3642 4769; x_wconf 87' lang='grc' dir='ltr'>κακὸν</span> <span class='ocrx_word' id='word_1_806' title='bbox 3678 4755 3692 4782; x_wconf 96' lang='grc'>,</span> 
     </span>
    </p>
   </div>
   <div class='ocr_carea' id='block_1_109' title="bbox 2040 4803 3692 4883">
    <p class='ocr_par' dir='ltr' id='par_1_109' title="bbox 2040 4803 3692 4883">
     <span class='ocr_line' id='line_1_109' title="bbox 2040 4803 3692 4883; baseline -0.006 -16"><span class='ocrx_word' id='word_1_807' title='bbox 2040 4813 2305 4874; x_wconf 76' lang='grc' dir='ltr'>καταστὰς</span> <span class='ocrx_word' id='word_1_808' title='bbox 2365 4809 2422 4866; x_wconf 68' lang='grc' dir='ltr'>δὲ</span> <span class='ocrx_word' id='word_1_809' title='bbox 2481 4811 2555 4874; x_wconf 82' lang='grc' dir='ltr'>εἰς</span> <span class='ocrx_word' id='word_1_810' title='bbox 2609 4811 2671 4866; x_wconf 89' lang='grc' dir='ltr'>τὸ</span> <span class='ocrx_word' id='word_1_811' title='bbox 2723 4810 3014 4879; x_wconf 87' lang='grc' dir='ltr'>νεόκτητον</span> <span class='ocrx_word' id='word_1_812' title='bbox 3081 4807 3305 4883; x_wconf 87' lang='grc' dir='ltr'>ἀγαθὸν,</span> <span class='ocrx_word' id='word_1_813' title='bbox 3360 4805 3547 4880; x_wconf 87' lang='grc' dir='ltr'>ἀγῶνα</span> <span class='ocrx_word' id='word_1_814' title='bbox 3603 4803 3692 4858; x_wconf 85' lang='grc' dir='ltr'>καὶ</span> 
     </span>
    </p>
   </div>
   <div class='ocr_carea' id='block_1_110' title="bbox 2042 4895 3696 4976">
    <p class='ocr_par' dir='ltr' id='par_1_110' title="bbox 2042 4895 3696 4976">
     <span class='ocr_line' id='line_1_110' title="bbox 2042 4895 3696 4976; baseline -0.007 -20"><span class='ocrx_word' id='word_1_815' title='bbox 2042 4901 2202 4964; x_wconf 83' lang='grc' dir='ltr'>αὐτὸς</span> <span class='ocrx_word' id='word_1_816' title='bbox 2263 4897 2377 4976; x_wconf 78' lang='grc' dir='ltr'>ἔχει</span> <span class='ocrx_word' id='word_1_817' title='bbox 2451 4902 2538 4956; x_wconf 81' lang='grc' dir='ltr'>καὶ</span> <span class='ocrx_word' id='word_1_818' title='bbox 2602 4899 2892 4969; x_wconf 86' lang='grc' dir='ltr'>ἀπαίτησιν</span> <span class='ocrx_word' id='word_1_819' title='bbox 2957 4899 3032 4971; x_wconf 81' lang='grc' dir='ltr'>μὴ</span> <span class='ocrx_word' id='word_1_820' title='bbox 3097 4895 3261 4969; x_wconf 88' lang='grc' dir='ltr'>μόνον</span> <span class='ocrx_word' id='word_1_821' title='bbox 3316 4898 3413 4950; x_wconf 80' lang='grc' dir='ltr'>τοῦ</span> <span class='ocrx_word' id='word_1_822' title='bbox 3467 4899 3696 4962; x_wconf 82' lang='grc' dir='ltr'>ποιῆσαι</span> 
     </span>
    </p>
   </div>
   <div class='ocr_carea' id='block_1_111' title="bbox 2043 4980 3692 5064">
    <p class='ocr_par' dir='ltr' id='par_1_111' title="bbox 2043 4980 3692 5064">
     <span class='ocr_line' id='line_1_111' title="bbox 2043 4980 3692 5064; baseline -0.006 -19"><span class='ocrx_word' id='word_1_823' title='bbox 2043 4989 2252 5064; x_wconf 79' lang='grc' dir='ltr'>ἁπλῶς,</span> <span class='ocrx_word' id='word_1_824' title='bbox 2285 4990 2431 5047; x_wconf 87' lang='grc' dir='ltr'>ἀλλά</span> <span class='ocrx_word' id='word_1_825' title='bbox 2459 4990 2549 5046; x_wconf 83' lang='grc' dir='ltr'>καὶ</span> <span class='ocrx_word' id='word_1_826' title='bbox 2587 4995 2764 5045; x_wconf 86' lang='grc' dir='ltr'>ποιεῖν</span> <span class='ocrx_word' id='word_1_827' title='bbox 2814 4986 3119 5062; x_wconf 78' lang='grc' dir='ltr'>ἐνδελεχῶς</span> <span class='ocrx_word' id='word_1_828' title='bbox 3163 4985 3225 5039; x_wconf 88' lang='grc' dir='ltr'>τὸ</span> <span class='ocrx_word' id='word_1_829' title='bbox 3274 4983 3464 5050; x_wconf 86' lang='grc' dir='ltr'>καλὸν,</span> <span class='ocrx_word' id='word_1_830' title='bbox 3492 4980 3586 5036; x_wconf 74' lang='grc' dir='ltr'>’ίνα</span> <span class='ocrx_word' id='word_1_831' title='bbox 3618 4982 3692 5053; x_wconf 80' lang='grc' dir='ltr'>μή</span> 
     </span>
    </p>
   </div>
   <div class='ocr_carea' id='block_1_112' title="bbox 2043 5069 3693 5155">
    <p class='ocr_par' dir='ltr' id='par_1_112' title="bbox 2043 5069 3693 5155">
     <span class='ocr_line' id='line_1_112' title="bbox 2043 5069 3693 5155; baseline -0.008 -19"><span class='ocrx_word' id='word_1_832' title='bbox 2043 5080 2279 5143; x_wconf 81' lang='grc' dir='ltr'>εὐπετῶς</span> <span class='ocrx_word' id='word_1_833' title='bbox 2339 5079 2731 5155; x_wconf 84' lang='grc' dir='ltr'>ἀποστερηθείη</span> <span class='ocrx_word' id='word_1_834' title='bbox 2782 5077 2968 5148; x_wconf 72' lang='grc' dir='ltr'>αὐτοῦ,</span> <span class='ocrx_word' id='word_1_835' title='bbox 3020 5074 3167 5131; x_wconf 81' lang='grc' dir='ltr'>ἀλλά</span> <span class='ocrx_word' id='word_1_836' title='bbox 3212 5074 3514 5149; x_wconf 86' lang='grc' dir='ltr'>στερεώσας</span> <span class='ocrx_word' id='word_1_837' title='bbox 3567 5069 3693 5125; x_wconf 78' lang='grc' dir='ltr'>αὐτὸ</span> 
     </span>
    </p>
   </div>
   <div class='ocr_carea' id='block_1_113' title="bbox 2043 5159 3687 5245">
    <p class='ocr_par' dir='ltr' id='par_1_113' title="bbox 2043 5159 3687 5245">
     <span class='ocr_line' id='line_1_113' title="bbox 2043 5159 3687 5245; baseline -0.007 -21"><span class='ocrx_word' id='word_1_838' title='bbox 2043 5169 2119 5231; x_wconf 82' lang='grc' dir='ltr'>είς</span> <span class='ocrx_word' id='word_1_839' title='bbox 2151 5169 2489 5245; x_wconf 80' lang='grc' dir='ltr'>παράμονον,</span> <span class='ocrx_word' id='word_1_840' title='bbox 2517 5168 2632 5223; x_wconf 83' lang='grc' dir='ltr'>ἀντὶ</span> <span class='ocrx_word' id='word_1_841' title='bbox 2680 5171 2776 5222; x_wconf 87' lang='grc' dir='ltr'>τοῦ</span> <span class='ocrx_word' id='word_1_842' title='bbox 2827 5167 2933 5242; x_wconf 87' lang='grc' dir='ltr'>πρὸ</span> <span class='ocrx_word' id='word_1_843' title='bbox 2969 5164 3215 5242; x_wconf 85' lang='grc' dir='ltr'>βραχίων</span> <span class='ocrx_word' id='word_1_844' title='bbox 3249 5161 3500 5225; x_wconf 84' lang='grc' dir='ltr'>ἀτελοῦς,</span> <span class='ocrx_word' id='word_1_845' title='bbox 3533 5159 3687 5245; x_wconf 74' lang='grc' dir='ltr'>ὑπερ-</span> 
     </span>
    </p>
   </div>
   <div class='ocr_carea' id='block_1_114' title="bbox 2041 5243 3686 5332">
    <p class='ocr_par' dir='ltr' id='par_1_114' title="bbox 2041 5243 3686 5332">
     <span class='ocr_line' id='line_1_114' title="bbox 2041 5243 3686 5332; baseline -0.006 -20"><span class='ocrx_word' id='word_1_846' title='bbox 2041 5243 2456 5332; x_wconf 25' lang='grc' dir='ltr'>τελὴς-ἀρετῆς</span> <span class='ocrx_word' id='word_1_847' title='bbox 2514 5255 2668 5332; x_wconf 87' lang='grc' dir='ltr'>λόγῳ</span> <span class='ocrx_word' id='word_1_848' title='bbox 2722 5256 2968 5330; x_wconf 71' lang='grc' dir='ltr'>γενηται.</span> <span class='ocrx_word' id='word_1_849' title='bbox 3029 5255 3182 5310; x_wconf 81' lang='grc' dir='ltr'>Ἐστι</span> <span class='ocrx_word' id='word_1_850' title='bbox 3242 5249 3299 5306; x_wconf 70' lang='grc' dir='ltr'>δὲ</span> <span class='ocrx_word' id='word_1_851' title='bbox 3348 5250 3435 5304; x_wconf 86' lang='grc' dir='ltr'>καὶ</span> <span class='ocrx_word' id='word_1_852' title='bbox 3495 5243 3686 5314; x_wconf 76' lang='grc' dir='ltr'>ἑτέρως</span> 
     </span>
    </p>
   </div>
   <div class='ocr_carea' id='block_1_115' title="bbox 2043 5333 3691 5418">
    <p class='ocr_par' dir='ltr' id='par_1_115' title="bbox 2043 5333 3691 5418">
     <span class='ocr_line' id='line_1_115' title="bbox 2043 5333 3691 5418; baseline -0.01 -18"><span class='ocrx_word' id='word_1_853' title='bbox 2043 5346 2234 5416; x_wconf 76' lang='grc' dir='ltr'>εἶ’πεῖν,</span> <span class='ocrx_word' id='word_1_854' title='bbox 2295 5348 2376 5402; x_wconf 80' lang='grc' dir='ltr'>ὅτι</span> <span class='ocrx_word' id='word_1_855' title='bbox 2436 5348 2572 5407; x_wconf 77' lang='grc' dir='ltr'>ἅπας</span> <span class='ocrx_word' id='word_1_856' title='bbox 2629 5341 2952 5418; x_wconf 76' lang='grc' dir='ltr'>ἅνθρωπος,</span> <span class='ocrx_word' id='word_1_857' title='bbox 3014 5340 3266 5402; x_wconf 80' lang='grc' dir='ltr'>ἐκκλίνας</span> <span class='ocrx_word' id='word_1_858' title='bbox 3313 5337 3416 5392; x_wconf 89' lang='grc' dir='ltr'>ἀπὸ</span> <span class='ocrx_word' id='word_1_859' title='bbox 3469 5333 3691 5418; x_wconf 83' lang='grc' dir='ltr'>κακοῦ,</span> 
     </span>
    </p>
   </div>
   <div class='ocr_carea' id='block_1_116' title="bbox 2041 5415 3693 5508">
    <p class='ocr_par' dir='ltr' id='par_1_116' title="bbox 2041 5415 3693 5508">
     <span class='ocr_line' id='line_1_116' title="bbox 2041 5415 3693 5508; baseline -0.01 -19"><span class='ocrx_word' id='word_1_860' title='bbox 2041 5436 2230 5491; x_wconf 77' lang='grc' dir='ltr'>αὐτίκα</span> <span class='ocrx_word' id='word_1_861' title='bbox 2258 5439 2345 5492; x_wconf 82' lang='grc' dir='ltr'>καὶ</span> <span class='ocrx_word' id='word_1_862' title='bbox 2379 5435 2647 5505; x_wconf 86' lang='grc' dir='ltr'>πεποίηκὲ</span> <span class='ocrx_word' id='word_1_863' title='bbox 2673 5455 2724 5488; x_wconf 88' lang='grc' dir='ltr'>τι</span> <span class='ocrx_word' id='word_1_864' title='bbox 2759 5432 2976 5508; x_wconf 84' lang='grc' dir='ltr'>ἀγαθόν.</span> <span class='ocrx_word' id='word_1_865' title='bbox 3011 5436 3176 5488; x_wconf 91' lang='grc' dir='ltr'>Ποῖον</span> <span class='ocrx_word' id='word_1_866' title='bbox 3209 5429 3379 5485; x_wconf 84' lang='grc' dir='ltr'>ἐκεῖνο</span> <span class='ocrx_word' id='word_1_867' title='bbox 3411 5443 3426 5494; x_wconf 86' lang='grc'>;</span> <span class='ocrx_word' id='word_1_868' title='bbox 3456 5419 3600 5479; x_wconf 72' lang='grc' dir='ltr'>Αὐτὸ</span> <span class='ocrx_word' id='word_1_869' title='bbox 3625 5415 3693 5491; x_wconf 79' lang='grc' dir='ltr'>δή</span> 
     </span>
    </p>
   </div>
   <div class='ocr_carea' id='block_1_117' title="bbox 2041 5523 2925 5581">
    <p class='ocr_par' dir='ltr' id='par_1_117' title="bbox 2041 5523 2925 5581">
     <span class='ocr_line' id='line_1_117' title="bbox 2041 5523 2925 5581; baseline 0.001 -3"><span class='ocrx_word' id='word_1_870' title='bbox 2041 5529 2201 5581; x_wconf 89' lang='grc' dir='ltr'>τοῦτο</span> <span class='ocrx_word' id='word_1_871' title='bbox 2231 5527 2292 5581; x_wconf 92' lang='grc' dir='ltr'>τὸ</span> <span class='ocrx_word' id='word_1_872' title='bbox 2324 5525 2567 5581; x_wconf 74' lang='grc' dir='ltr'>ἐκκλῖναι</span> <span class='ocrx_word' id='word_1_873' title='bbox 2600 5523 2704 5578; x_wconf 86' lang='grc' dir='ltr'>ἀπὸ</span> <span class='ocrx_word' id='word_1_874' title='bbox 2733 5526 2925 5579; x_wconf 84' lang='grc' dir='ltr'>κακοῦ.</span> 
     </span>
    </p>
   </div>
   <div class='ocr_carea' id='block_1_118' title="bbox 2115 5614 3696 5712">
    <p class='ocr_par' dir='ltr' id='par_1_118' title="bbox 2115 5614 3696 5712">
     <span class='ocr_line' id='line_1_118' title="bbox 2115 5614 3696 5712; baseline -0.011 -20"><span class='ocrx_word' id='word_1_875' title='bbox 2115 5634 2206 5705; x_wconf 79' lang='grc' dir='ltr'>ξα’.</span> <span class='ocrx_word' id='word_1_876' title='bbox 2255 5633 2398 5712; x_wconf 85' lang='grc' dir='ltr'>Ἐγὼ</span> <span class='ocrx_word' id='word_1_877' title='bbox 2458 5631 2515 5689; x_wconf 78' lang='grc' dir='ltr'>δὲ</span> <span class='ocrx_word' id='word_1_878' title='bbox 2570 5631 2793 5696; x_wconf 81' lang='grc' dir='ltr'>ἐνταῦθα</span> <span class='ocrx_word' id='word_1_879' title='bbox 2849 5625 3174 5706; x_wconf 83' lang='grc' dir='ltr'>παραποιῶν</span> <span class='ocrx_word' id='word_1_880' title='bbox 3231 5627 3294 5683; x_wconf 83' lang='grc' dir='ltr'>τὸ</span> <span class='ocrx_word' id='word_1_881' title='bbox 3351 5614 3696 5712; x_wconf 72' lang='grc' dir='ltr'>προφητικὸν</span> 
     </span>
    </p>
   </div>
   <div class='ocr_carea' id='block_1_119' title="bbox 2040 5708 3702 5802">
    <p class='ocr_par' dir='ltr' id='par_1_119' title="bbox 2040 5708 3702 5802">
     <span class='ocr_line' id='line_1_119' title="bbox 2040 5708 3702 5802; baseline -0.013 -22"><span class='ocrx_word' id='word_1_882' title='bbox 2040 5724 2131 5780; x_wconf 83' lang='grc' dir='ltr'>καὶ</span> <span class='ocrx_word' id='word_1_883' title='bbox 2191 5708 2473 5802; x_wconf 80' lang='grc' dir='ltr'>βασιλικὸν</span> <span class='ocrx_word' id='word_1_884' title='bbox 2526 5721 2702 5798; x_wconf 67' lang='grc' dir='ltr'>κέρμα</span> <span class='ocrx_word' id='word_1_885' title='bbox 2756 5722 2942 5789; x_wconf 90' lang='grc' dir='ltr'>τοῦτο,</span> <span class='ocrx_word' id='word_1_886' title='bbox 2993 5716 3054 5772; x_wconf 80' lang='grc' dir='ltr'>οὐ</span> <span class='ocrx_word' id='word_1_887' title='bbox 3114 5717 3222 5791; x_wconf 73' lang='grc' dir='ltr'>μὴν</span> <span class='ocrx_word' id='word_1_888' title='bbox 3267 5708 3702 5802; x_wconf 76' lang='grc' dir='ltr'>παραχαράκτου</span> 
     </span>
    </p>
   </div>
   <div class='ocr_carea' id='block_1_120' title="bbox 2043 5796 3701 5887">
    <p class='ocr_par' dir='ltr' id='par_1_120' title="bbox 2043 5796 3701 5887">
     <span class='ocr_line' id='line_1_120' title="bbox 2043 5796 3701 5887; baseline -0.011 -17"><span class='ocrx_word' id='word_1_889' title='bbox 2043 5796 2220 5887; x_wconf 79' lang='grc' dir='ltr'>δίκην,</span> <span class='ocrx_word' id='word_1_890' title='bbox 2275 5812 2419 5871; x_wconf 85' lang='grc' dir='ltr'>ἁλλά</span> <span class='ocrx_word' id='word_1_891' title='bbox 2455 5796 2600 5868; x_wconf 14' lang='grc' dir='ltr'>κατᾶτ</span> <span class='ocrx_word' id='word_1_892' title='bbox 2635 5803 2973 5886; x_wconf 72' lang='grc' dir='ltr'>μεταϐολὴν,</span> <span class='ocrx_word' id='word_1_893' title='bbox 3022 5805 3352 5886; x_wconf 71' lang='grc' dir='ltr'>ἁρέσκουσαν</span> <span class='ocrx_word' id='word_1_894' title='bbox 3401 5800 3494 5858; x_wconf 84' lang='grc' dir='ltr'>καὶ</span> <span class='ocrx_word' id='word_1_895' title='bbox 3526 5796 3701 5866; x_wconf 74' lang='grc' dir='ltr'>αὐτὴν</span> 
     </span>
    </p>
   </div>
  </div>
