4082 6382
385 456 505 516 629

1427 450 1506 511 ΙΝ
1553 449 1620 511 S.
1667 448 2361 520 QUADRAGESIMAM
2406 449 2699 513 ORATIO
2740 451 2822 512 ΙΙ.

3690 450 3816 514 630

383 592 466 662 τῷ
514 580 862 660 παμϐασιλεῖ
898 588 1038 657 Θεῷ,
1081 584 1272 659 θεωρῷ
1328 579 1458 637 αὐτὸ
1514 579 1603 638 καὶ
1661 578 1848 643 ἄλλως
1906 581 2039 658 πρὸς

2157 582 2302 640 illud
2334 588 2391 640 et
2413 584 2587 642 aliter
2616 586 2945 643 secundum
2978 602 3170 642 meam
3202 602 3320 643 non
3358 585 3689 644 discordem
3713 603 3812 643 vo-

385 676 516 751 ἰμὸν
590 674 692 730 οὐκ
760 673 1039 751 ἄῤῥυθμον
1116 669 1356 744 θέλημα.
1414 670 1512 725 Καὶ
1579 670 1751 735 πείθω
1816 669 2047 744 ἐμαυτὸν

382 767 521 823 κατᾶ
550 763 842 840 ἑρμηνείαν
875 761 1104 818 ἀλλοίαν
1156 761 1273 835 μὶν,
1312 758 1631 836 βελτιοῦσαν
1693 757 1751 814 δὲ
1802 759 1893 815 καὶ
1951 760 2048 815 αὖ·

384 857 484 925 τὴν
542 853 667 916 τοὺς
722 854 840 909 κατ’
893 850 991 925 ἐμὲ
1048 847 1286 918 δειλοὺς,
1343 846 1629 918 ἐκκλίνειν,
1681 848 1863 924 ὥσπερ
1942 847 2048 903 άπὸ

386 949 554 1001 κακοῦ
611 942 958 1019 πράγματος,
1015 938 1158 995 οὕτω
1206 938 1295 993 καὶ
1355 938 1461 994 ἀπὸ
1514 942 1682 994 κακοῦ
1735 937 2044 1014 ἀνθρώπου·

390 1035 498 1090 εἶτα
553 1029 872 1101 σπουδάζειν
928 1029 965 1099 ἢ
1025 1027 1227 1084 ἐκεῖνον
1255 1032 1430 1083 ποιεῖν
1461 1027 1552 1083 καὶ
1578 1025 1863 1082 ἀποτελεῖν
1908 1024 2048 1102 ἀγα-

389 1123 477 1177 θὸν
503 1117 1025 1196 ἐπιστρεπτικῶς,ἢ
1084 1115 1233 1173 ἀλλὰ
1286 1120 1417 1192 γοῦν
1478 1114 1604 1191 ἐμοὶ
1661 1114 1810 1190 αὐτῷ
1864 1120 2043 1171 ποιεῖν

383 1210 579 1288 ἀγαθὸν
609 1208 674 1265 τὸ
705 1207 972 1264 ἐκκλίνειν
1023 1207 1113 1261 ἀπ’
1145 1205 1375 1275 ἐκείνου,
1411 1206 1486 1280 μὴ
1543 1210 1633 1261 καὶ
1693 1203 2046 1280 συνδιαστρα-

381 1305 487 1377 φῶ.
518 1299 759 1355 Εἰώθασι
788 1296 892 1373 γὰρ
949 1297 1025 1359 ὡς
1080 1297 1148 1351 τὰ
1207 1294 1396 1352 πολλά
1425 1296 1481 1350 αἱ
1517 1295 1653 1368 μετὰ
1678 1299 1784 1350 τῶν
1820 1292 2043 1368 φαύλων

377 1388 709 1469 ἀναστροφαὶ
753 1387 853 1443 οὐκ
908 1385 985 1448 εἰς
1039 1382 1210 1441 καλὸν
1275 1381 1667 1449 συντελεῖσθαι.
1700 1386 1855 1442 Ἔστι
1916 1379 1962 1437 δ’
1988 1380 2041 1437 ἐν

372 1478 593 1541 τούτοις
655 1479 782 1553 ὁρᾷν
843 1475 935 1531 καὶ
988 1474 1073 1530 τό·
1133 1497 1160 1526 ‹‹
1218 1474 1479 1545 Ποίησον.
1528 1496 1550 1526 ι
1615 1473 1692 1531 Οὔ
1750 1473 1851 1550 γὰρ
1904 1471 2038 1527 εἴπεο

377 1593 409 1623 ‹‹
441 1566 697 1639 Λάλησον
731 1565 957 1642 ἀγαθὸν,
994 1589 1015 1616 ι
1051 1562 1087 1633 ἢ
1138 1588 1168 1617 ‹‹
1203 1561 1439 1637 δίδαξον,
1470 1586 1497 1615 ››
1529 1563 1565 1632 ἢ
1601 1586 1630 1615 ‹‹
1663 1560 1977 1633 ἐννοήθητι,
2012 1583 2041 1611 ››

375 1656 412 1727 ἢ
441 1654 693 1712 τοιοῦτόν
726 1675 801 1724 τι,
842 1652 1007 1709 ἁλλᾶυ
1037 1675 1066 1705 ι(
1098 1652 1331 1723 Ποίησον
1394 1652 1615 1728 ἀγαθόν.
1649 1674 1678 1703 »
1709 1652 1776 1708 '0
1809 1647 1876 1720 δὴ
1910 1670 2043 1704 σκο-

375 1744 697 1820 πιμώτατον
726 1742 886 1806 τέλος
945 1741 1307 1818 ὡμολόγηται
1361 1741 1499 1796 εἶναι
1555 1740 1767 1811 ἀπάσης
1825 1739 1917 1795 καὶ
1939 1737 2039 1794 λα-

376 1833 501 1890 λιᾶς
556 1834 645 1889 καὶ
707 1830 1062 1894 διδασκαλίας
1119 1832 1207 1886 καὶ
1270 1830 1643 1904 ἐνθυμήσεως.
1686 1831 1808 1887 ’Ὁτι
1864 1825 1922 1883 δὲ
1974 1827 2039 1882 τὸ

373 1922 641 1981 ὶκκλίνειν
701 1922 808 1977 ἀπὸ
857 1925 1026 1976 κακοῦ
1076 1921 1168 1977 καὶ
1221 1925 1399 1976 ποιεῖν
1473 1919 1669 1996 ἀγαθὸν
1731 1914 1844 1973 ούδ“
1902 1917 2036 1973 αὐτὸ
2070 1964 2119 2030 Β

408 2021 437 2030 -
536 2014 548 2030 Ἷ
610 2013 620 2030 1
894 2011 906 2030 1
1163 2011 1178 2030 ι
1306 2010 1321 2030 \
1402 2016 1409 2030 |
1501 2009 1550 2030 ‘,
1610 2008 1694 2030 ικαὶ
1761 2007 1878 2030 ᾼκηὶ
1946 2027 1973 2030 __
2005 2006 2036 2030 _‘

370 2021 473 2085 τῆς
523 2013 740 2087 ἀγάπης
765 2011 1122 2086 κεχώρισται,
1156 2011 1184 2065 ὁ
1231 2010 1322 2065 καὶ
1351 2009 1553 2085 γλυκὸς
1608 2008 1696 2063 καὶ
1751 2007 1917 2086 σοφὸς
1945 2006 2038 2062 καὶ

376 2105 532 2179 ἅγιος
586 2099 842 2179 βασιλεύς
878 2102 1080 2178 [φησι],
1111 2099 1374 2174 παραθεὶς
1421 2097 1617 2153 αύτίκα
1660 2097 1743 2152 τό·
1780 2121 1808 2150 ‹‹
1858 2098 2038 2168 Ζήτη-

379 2213 469 2248 σον
529 2191 780 2268 εἰρήνην,
837 2189 927 2246 καὶ
986 2187 1179 2261 δίωξον
1241 2187 1434 2259 αὐτήν.
1498 2212 1521 2242 ε
1580 2188 1673 2249 Ὠς
1729 2186 1835 2263 γάρ
1892 2206 2042 2248 τινος

381 2280 725 2342 ὖπειπόντος·
756 2273 856 2341 Δός
908 2299 1001 2348 μοι
1058 2274 1312 2353 μέθοδον,
1344 2277 1389 2331 ὧ
1437 2273 1733 2332 διδάσκαλε
1792 2271 2040 2351 βασιλεῦ,

380 2368 456 2431 ὡς
488 2366 548 2423 ἂν
579 2365 815 2439 ἐξανύσω
867 2367 957 2422 καὶ
1013 2366 1113 2436 τὴν
1164 2365 1406 2438 ἂξάλυξιν
1437 2369 1537 2421 τοῦ
1591 2368 1764 2420 κακοῦ
1794 2363 1886 2420 καὶ
1941 2363 2039 2433 τὴν

381 2461 658 2520 συναπτιῖκ
743 2454 967 2527 ποίησιν
1040 2459 1138 2510 τοῦ
1201 2454 1427 2531 ἀγαθοῦ,
1486 2452 1807 2525 ὑποτίθησιν
1885 2451 2042 2516 εὐθὺς

383 2546 851 2621 ἑπιστημονικῶς,
886 2545 961 2608 ὡς
1012 2542 1102 2599 διὰ
1140 2543 1388 2618 εἰρήνης,
1419 2539 1519 2600 εἴτ’
1564 2541 1656 2599 οῦν
1712 2543 1954 2620 ἀγάπης,
1979 2543 2043 2599 τὸ

369 2640 616 2693 τοιοῦτον
712 2634 1203 2712 ἐκπληρωθήσεται
1303 2633 1524 2711 ἀγαθόν.
1615 2633 1861 2710 Ἀγάπης
1938 2631 2042 2708 γὰρ

371 2723 672 2803 ἁδρομερές
729 2746 785 2781 τι
841 2723 1037 2799 κόμμα
1063 2723 1154 2779 καὶ
1183 2726 1218 2794 ἡ
1254 2722 1467 2797 εἰρήνη,
1501 2724 1604 2778 οὐκ
1643 2720 1869 2779 ἔλαττον
1902 2718 2043 2799 ἤπερ

374 2817 413 2885 ἡ
470 2813 648 2893 φιλία,
683 2814 757 2877 ὡς
790 2808 900 2870 ἔστι
926 2811 1317 2869 κατασκευάσαι
1374 2813 1466 2868 τὸν
1535 2812 1868 2888 σκεψόμενον
1899 2810 2044 2888 πρὸς

393 2902 674 2975 ἀλήθειαν.

453 2992 552 3067 ξβ’.
598 2990 661 3049 Εἰ
708 2990 882 3047 τοίνυν
943 2991 1044 3048 οὐκ
1114 2989 1225 3047 ἔστι
1307 2989 1550 3067 δρασμὸς
1608 2990 1669 3046 ἐκ
1720 2993 1894 3046 κακοῦ
1951 2979 2042 3045 καὶ

381 3080 605 3152 ποίησις
652 3082 854 3157 ἀγαθοῦ
906 3078 1095 3144 ἄλλως
1154 3080 1198 3136 εἰ
1271 3082 1347 3156 μὴ
1412 3078 1483 3136 δι’
1531 3079 1779 3158 εἰρήνης,
1832 3085 1932 3150 τῆς
1985 3080 2047 3133 τε

376 3166 581 3241 ἄλλης,
613 3171 703 3226 καὶ
736 3177 836 3242 τῆς
869 3169 920 3226 ἐν
966 3171 1177 3243 ἑκάστῳ
1225 3173 1410 3245 ἡμῶν,
1445 3171 1572 3225 καθ’
1598 3171 1665 3240 ἦν
1724 3170 1861 3225 ἅπαν
1921 3170 2049 3225 ἀντ’

375 3264 529 3314 αῖοον
571 3259 812 3336 ψυχικὸν
864 3260 1035 3325 πάθος
1084 3257 1403 3330 δουλοῦται,
1437 3259 1528 3315 καὶ
1583 3258 1757 3322 οὕτως
1816 3257 2050 3314 ὑποτάσ’

2157 672 2444 731 luntatem
2505 675 2831 732 considero.
2871 674 3132 748 Mihique
3172 676 3342 747 juxta
3382 675 3813 750 interpretatio-

2160 780 2296 819 nem
2328 764 2567 837 quidem
2602 764 2874 837 alienam,
2914 766 3015 821 sed
3066 769 3124 822 et
3151 764 3340 837 ipsam
3371 764 3642 820 meliores
3673 765 3811 821 red-

2159 853 2394 909 dentem
2422 854 2576 910 sicut
2618 870 2709 911 me
2740 855 3003 922 timidos,
3062 855 3386 927 persuadeo
3442 854 3806 926 fugiendum,

2158 945 2660 1015 quemadmodum
2694 961 2728 999 ιι
2757 961 2818 999 re
2840 943 3017 1011 male,
3049 943 3134 1000 sic
3165 948 3222 1000 et
3251 944 3323 1000 ab
3356 942 3592 999 homine
3624 940 3804 998 malo:

2158 1032 2368 1089 deinde
2420 1034 2776 1105 conandum,
2824 1032 2914 1090 vel
2957 1033 3128 1090 illum
3188 1031 3567 1091 conversione
3623 1030 3812 1087 facere

2155 1122 2553 1195 perﬁcereque
2576 1122 2935 1192 bonum,ch
2964 1123 3079 1197 ipsi
3120 1121 3267 1179 mihi
3324 1123 3514 1178 facere
3561 1121 3808 1188 bonum,

2157 1211 2231 1267 ab
2263 1210 2364 1269 illo
2395 1211 2710 1284 declinare,
2745 1230 2817 1270 ne
2842 1213 2969 1286 ipse
2986 1229 3219 1286 quoque
3249 1228 3385 1269 cum
3409 1209 3513 1266 illo
3544 1223 3807 1266 corrum-

2156 1317 2281 1374 par.
2307 1298 2509 1357 Solent
2538 1300 2696 1357 enim
2730 1300 3074 1375 plerumque
3112 1318 3246 1358 cum
3282 1300 3456 1357 malis
3513 1297 3809 1356 consortia

2154 1407 2273 1446 non
2312 1390 2462 1446 bene
2492 1389 2682 1447 ﬁnire.
2752 1391 2817 1446 In
2876 1390 2968 1447 bis
3017 1394 3212 1448 autem
3258 1389 3451 1446 videre
3480 1387 3658 1446 etiam
3717 1390 3809 1444 est

2152 1478 2334 1535 illud:
2367 1500 2396 1530 «
2428 1482 2557 1536 Fac.
2594 1501 2622 1529 »
2649 1479 2776 1535 Non
2796 1479 3147 1537 enimdixil:
3184 1502 3211 1531 «
3243 1480 3473 1536 Bonum
3496 1476 3804 1551 loquere,»

2149 1567 2241 1624 vel
2277 1590 2304 1620 «
2332 1569 2494 1641 doce,
2516 1591 2544 1619 »
2574 1568 2663 1625 vel
2699 1589 2728 1620 ‹‹
2758 1568 2971 1641 cogita,
3006 1591 3034 1621 ››
3092 1568 3184 1625 vel
3237 1568 3399 1624 aliud
3446 1566 3584 1633 tale,
3635 1565 3738 1622 sed
3787 1581 3802 1620 :

2158 1675 2182 1705 ι
2215 1656 2327 1713 Fac
2358 1658 2600 1713 bonum.
2636 1679 2665 1707 »
2696 1658 2859 1724 Quod
2884 1662 3040 1715 certe
3068 1657 3318 1714 ultimus
3381 1655 3515 1712 ﬁnis
3537 1655 3803 1710 intentus

2150 1746 2492 1802 conceditur
2520 1762 2649 1803 esse
2677 1747 2871 1803 omnis
2921 1746 3189 1820 loquelas,
3249 1744 3527 1801 doctrinm
3577 1759 3645 1800 ac
3702 1757 3804 1798 co-

2148 1834 2469 1906 gitationis.
2501 1836 2665 1900 Quod
2698 1840 2893 1892 autem
2926 1852 2960 1891 a
2989 1835 3144 1892 malo
3174 1834 3468 1890 declinare
3499 1832 3803 1903 facereque

2148 1924 2369 1979 bonum
2402 1941 2517 1981 non
2550 1925 2747 1998 ipsum
2769 1924 3026 1981 alienum
3054 1925 3133 1981 sit
3162 1941 3196 1980 a
3224 1919 3731 1995 cbaritate,dulcis
3744 1923 3801 1975 et

2150 2013 2386 2086 sapiens
2416 2018 2473 2069 et
2495 2019 2737 2071 sanctus
2766 2031 2865 2070 rex
2903 2014 3004 2084 ait,
3066 2013 3175 2070 hoc
3231 2012 3499 2086 protinus
3548 2009 3798 2081 subjun-

2151 2118 2335 2176 gens:
2372 2126 2401 2155 «
2432 2105 2631 2171 Quaere
2660 2120 2885 2176 pacem,
2916 2107 2974 2159 et
2999 2118 3350 2177 persequere
3380 2117 3509 2158 eam
3540 2100 3619 2154 ⁹.‹‹
3649 2103 3800 2155 Tan-

2152 2209 2331 2265 quam
2354 2193 2511 2249 enim
2544 2193 2741 2266 aliquo
2758 2193 3237 2267 suggerentezDa
3255 2192 3398 2248 mihi
3432 2189 3800 2259 methodum,

2152 2286 2471 2355 praeceptor
2508 2298 2629 2349 rex,
2686 2286 2752 2338 ut
2798 2281 2941 2339 mali
2993 2281 3334 2338 vitationem
3396 2283 3454 2336 et
3500 2296 3619 2335 una
3664 2276 3804 2333 boni

2153 2372 2550 2444 operationem
2585 2372 2922 2445 perﬁciam;
2947 2371 3149 2428 statim
3180 2372 3347 2428 docte
3377 2368 3642 2441 subjicit,
3705 2383 3809 2439 per

2153 2477 2382 2533 pacem,
2413 2461 2535 2518 sive
2556 2479 2659 2535 per
2679 2461 3045 2531 charitatem,
3079 2459 3227 2517 tales
3256 2460 3478 2516 bonum
3513 2472 3643 2514 esse
3655 2470 3811 2512 com-

2153 2550 2456 2622 plendum.
2488 2549 2804 2608 Charitatis
2835 2549 2991 2607 enim
3024 2549 3262 2622 aliquod
3285 2547 3540 2606 solidum
3562 2549 3654 2603 est
3677 2561 3809 2618 seg-

2154 2644 2420 2696 mentum
2452 2658 2584 2714 pax,
2613 2657 2731 2697 non
2763 2639 2964 2696 minus
2984 2657 3049 2696 ac
3080 2638 3364 2709 amicitia,
3396 2636 3553 2694 sicut
3608 2632 3808 2692 consi-

2154 2728 2383 2786 deranti
2406 2730 2581 2803 juxta
2609 2730 2915 2787 veritatem
2938 2729 3104 2787 facile
3125 2729 3428 2803 probatur.

2224 2998 2314 3052 62.
2345 2997 2405 3053 Si
2434 3013 2570 3070 ergo
2583 3014 2701 3054 non
2731 3000 2822 3054 eet
2848 2996 3270 3055 malidevitatio
3291 3010 3399 3052 nec
3418 2991 3678 3068 operatio
3697 2990 3803 3047 bo-

2156 3085 2217 3142 ni
2229 3085 2537 3159 aliter,nisi
2555 3103 2658 3160 per
2668 3092 3023 3160 pacem,tum
3041 3103 3145 3160 per
3156 3076 3803 3159 qualemcumque,tum

2156 3192 2393 3249 peream
2435 3193 2562 3248 quas
2580 3177 2637 3232 in
2661 3194 3020 3249 unoquoque
3040 3180 3311 3233 nostrum
3330 3178 3441 3242 est,
3473 3171 3801 3229 secundum

2159 3282 2337 3338 quam
2368 3264 2564 3321 omnis
2593 3264 2858 3322 exoriens
2886 3265 3095 3323 animas
3155 3264 3351 3333 passio
3408 3261 3697 3335 redigitur
3743 3257 3806 3314 in

377 3368 521 3403 σεται
550 3335 908 3425 τῷηβασιλεῖ
957 3347 1235 3425 λογισμῷο
1293 3350 1553 3420 ζητητεον
1598 3347 1787 3418 αὐτὴν,
1821 3342 1877 3403 εἷ’
1926 3368 2033 3402 που

2153 3335 2514 3423 servitutem,
2546 3359 2603 3410 et
2633 3356 2713 3410 ita
2771 3355 3086 3427 subjicitur
3115 3353 3333 3427 regine
3359 3350 3571 3410 rationi
3599 3370 3614 3420 ς
3643 3365 3802 3422 qum-

374 3435 467 3493 καί
524 3437 843 3513 κρύπτεται.
878 3438 975 3493 Καὶ
1032 3437 1249 3502 πάντως
1310 3439 1637 3515 εὑρήσομεν,
1696 3437 1744 3493 εἰ
1796 3438 2032 3508 ζητήσο-

378 3546 500 3601 μεν.
533 3531 643 3589 Πᾶς
698 3528 803 3604 γὰρ
857 3527 884 3582 ὁ
938 3531 1114 3598 ζητῶν
1173 3526 1430 3604 εὑρίσκει,
1488 3528 1627 3591 καθὰ
1690 3525 2031 3601 μανθάνομεν

376 3616 517 3693 πρὸς
576 3614 858 3688 ἀλήθειαν.
907 3616 972 3671 Εἰ
1030 3614 1090 3672 δὶ
1155 3619 1484 3689 ζητήσαντες
1559 3616 1649 3672 καὶ
1719 3615 2031 3689 εὑρηκότες,

379 3705 484 3761 οὐκ
540 3702 740 3784 ἔχομεν
796 3706 966 3777 αὐτῆς
1026 3703 1313 3784 δράξασθαι
1366 3704 1454 3761 διὰ
1501 3705 1689 3762 πολλὰ
1744 3706 1809 3761 τὰ
1866 3703 2033 3773 αἶ’τια,

379 3796 455 3851 ὧν
520 3794 784 3869 ὀκνοῦμεν
855 3800 1126 3861 ποιεῖσθαι
1198 3794 1404 3869 μνείαν,
1467 3797 1543 3869 μὴ
1601 3794 1692 3850 καὶ
1742 3793 1819 3860 εἰς
1874 3791 2030 3850 οὑδὲν

381 3881 500 3939 δέον
565 3881 997 3960 ὀχλοκοπῶμεν,
1049 3878 1407 3961 θορυϐοῦντες
1477 3883 1607 3948 τοὺς
1676 3882 2035 3959 ἁγχινουστε-

382 3994 511 4051 ρους
560 3972 826 4050 ἀκροατάς
855 3994 869 4009 ο
913 3973 1037 4030 τότε
1089 3971 1157 4043 δὴ
1228 3974 1318 4029 καὶ
1362 3971 1629 4047 διώξομεν
1679 3972 1848 4042 αὐτὴν
1908 3970 2035 4050 φεύ-

377 4083 600 4138 γουσαν,
655 4060 789 4138 ὅπερ
848 4061 980 4118 ἐστί’
1042 4059 1395 4139 δραμούμεθα
1451 4059 1757 4124 σπουδαίως
1813 4060 1890 4123 εἰς
1942 4059 2036 4115 αύ-

379 4153 505 4221 τὴν,
535 4151 889 4230 κουφίζοντος
955 4154 1092 4226 ἡμῖν
1143 4151 1237 4207 τὸν
1267 4149 1474 4228 δρόμον
1530 4155 1628 4206 τοῦ
1682 4149 2034 4226 κατέχοντος,

386 4238 437 4293 ἒν
469 4246 659 4317 χεροῖν
712 4242 774 4297 τὸ
826 4236 1081 4318 βραϐεῖον
1138 4247 1239 4312 τῆς
1296 4237 1407 4295 ἄνω
1461 4240 1732 4311 κλήσεως,
1790 4242 1888 4294 τοῦ
1935 4244 2036 4308 τῆς

389 4327 611 4404 εἰρήνης
645 4327 879 4408 δοτῆρος
906 4333 1043 4405 ἡμῖν
1102 4334 1221 4393 τοῖς
1281 4326 1738 4403 ἐπικαλουμένοις
1769 4329 1832 4384 τὸ
1871 4327 2036 4383 αὐτοῦ

384 4412 580 4492 ὄνομα.
614 4420 839 4483 Πάντως
886 4420 991 4497 γὰρ
1043 4420 1071 4474 ὁ
1117 4418 1356 4491 καθάπαξ
1401 4417 1572 4474 εἰπὼν
1619 4416 1703 4473 τό·
1759 4439 1788 4468 ‹‹
1831 4416 2033 4491 Εἰρήνη

387 4507 538 4581 ὑμῖν,
574 4529 602 4560 »
633 4509 726 4563 καὶ
754 4509 840 4565 τό·
879 4533 901 4562 ε
953 4508 1195 4587 Εἰρήνην
1235 4509 1336 4579 τὴν
1388 4506 1528 4583 ἐμὴν
1574 4505 1778 4582 δίδωμι
1820 4507 1971 4582 ὑμῖν,
2007 4532 2030 4562 ι

380 4600 502 4659 τοῖς
560 4595 719 4670 ἐμοῖς
780 4595 1022 4671 δηλαδὴ,
1071 4598 1171 4654 οὐκ
1227 4595 1286 4654 ἂν
1348 4599 1684 4672 ζητουμένην
1743 4595 2034 4672 ἀποκρύψῃ

2143 3445 2394 3501 rendum
2425 3448 2516 3500 est
2535 3444 2744 3513 eam,si
2793 3444 2938 3500 forte
2987 3443 3390 3500 absconditur.
3425 3444 3495 3495 Et
3526 3443 3701 3509 certe,
3749 3436 3801 3492 si

2143 3549 2501 3606 quaeramus,
2533 3532 2925 3590 inveniemus.
2961 3554 2990 3585 «
3013 3530 3219 3589 Omnis
3257 3531 3415 3588 enim
3439 3528 3537 3601 qui
3570 3522 3799 3601 quaerit,

2143 3622 2369 3678 invenit
2400 3623 2465 3691 ιθ,
2503 3645 2532 3673 ››
2590 3621 2746 3678 sicut
2803 3622 2864 3678 in
2916 3622 3162 3679 veritate
3211 3619 3521 3677 discimus.
3579 3616 3639 3672 Si
3666 3631 3801 3671 vero

2143 3716 2459 3784 postquam
2483 3710 2862 3784 quaesivimus
2893 3711 3449 3779 etinvenimus,non
3481 3720 3800 3781 possumus

2145 3816 2273 3857 eam
2306 3817 2513 3873 capere
2542 3805 2781 3873 propter
2809 3799 3031 3858 multas
3061 3815 3547 3873 causas,quarum
3580 3791 3797 3852 omitti-

2144 3905 2282 3946 mus
2314 3891 2502 3946 facere
2534 3890 2915 3960 mentionem,
2947 3907 3019 3946 ne
3042 3890 3171 3946 sine
3229 3889 3586 3946 necessitate
3614 3882 3789 3940 taadio

2145 3977 2535 4051 molestiaque
2591 3978 2921 4035 afﬁciamus
2955 3977 3268 4035 benevolos
3298 3976 3630 4044 auditores;
3657 3977 3800 4029 tunc

2145 4067 2356 4124 saltem
2387 4070 2444 4123 et
2471 4083 2898 4140 persequemur
2926 4084 3052 4125 eam
3083 4068 3430 4141 fugientem,
3471 4064 3627 4138 quod
3659 4067 3750 4119 est
3781 4078 3796 4117 :

2145 4157 2219 4212 ad
2247 4172 2375 4211 eam
2414 4155 2765 4212 festinanter
2793 4172 3121 4228 curremus,
3136 4172 3379 4213 cursum
3411 4153 3580 4211 nobis
3612 4151 3798 4208 levem

2145 4244 2397 4300 faciente
2455 4244 2555 4317 qui
2615 4245 2890 4301 manibus
2954 4248 3115 4302 tenet
3170 4243 3426 4302 cmlestis
3477 4239 3801 4298 vocationis

2144 4333 2436 4401 bravium,
2471 4332 2570 4405 qui
2602 4349 2805 4406 pacem
2828 4334 2928 4390 dat
2946 4333 3118 4390 nobis
3147 4332 3561 4405 invocantibus
3580 4345 3795 4387 nomen

2146 4424 2295 4495 ejus.
2327 4423 2492 4480 Certe
2520 4423 2678 4478 enim
2710 4423 2809 4496 qui
2864 4422 3044 4480 semel
3097 4422 3246 4479 dixit
3289 4422 3401 4478 hoc
3435 4436 3449 4476 :
3488 4420 3665 4493 «:an
3697 4435 3796 4476 vo-

2145 4512 2239 4570 bis
2272 4515 2352 4582 “;
2386 4533 2414 4563 »
2445 4515 2503 4568 et
2517 4512 2703 4569 hoc:«
2722 4517 2931 4570 Pacem
2948 4529 3140 4570 meam
3155 4513 3229 4569 do
3260 4510 3424 4569 vobis
3455 4511 3553 4579 ",n
3575 4507 3801 4566 scilicet

2147 4601 2315 4674 meis,
2349 4618 2464 4659 non
2494 4601 2657 4658 illam
2689 4601 2996 4674 quaesitam
3052 4602 3374 4659 abscondet
3411 4617 3444 4657 a
3473 4598 3664 4669 nobis,
3696 4596 3799 4654 sed

387 4685 553 4775 αῦτὴν
586 4687 675 4765 ἀφ’
705 4689 891 4761 ἡμῶν,
921 4686 1048 4744 ἀλλ’
1098 4686 1330 4760 ἐπιτάξει
1388 4685 1676 4766 προελθεῖν
1734 4686 1813 4750 εἰς
1866 4689 2036 4775 ἡμᾶς,

2153 4690 2376 4763 iubebit
2404 4690 2477 4746 ad
2509 4707 2618 4747 nos
2646 4690 2860 4762 venire,
2878 4692 3198 4748 dummodo
3217 4690 3403 4747 Deum
3434 4689 3799 4756 invocemus,

387 4773 433 4828 εἰ
487 4774 653 4848 μόνον
700 4775 1161 4851 θεοκλυτήσομεν,
1214 4776 1260 4833 εἰ
1310 4775 1730 4851 δυσωπήσομεν,
1780 4775 1827 4832 εἰ
1873 4774 2038 4852 γενώ-

387 4874 523 4939 μεθα
553 4864 760 4937 ἐπάξιοι
791 4872 979 4944 τυχεῖν
1015 4867 1261 4943 εἰρήνης,
1292 4873 1393 4938 τῆς
1448 4871 1527 4939 τῷ
1584 4871 1701 4940 Θεῷ
1748 4864 2036 4945 φιλτάτης’

379 4954 450 5023 ἧς
506 4954 601 5009 καὶ
659 4955 713 5008 οἰ
766 4955 1031 5031 τυχόντες
1092 4956 1377 5031 μακάριοι,
1435 4954 1525 5010 καὶ
1580 4955 1632 5011 οἰ
1683 4955 1933 5032 πρόξενοι
1982 4951 2041 5009 δὲ

382 5042 911 5119 συμμακαρίζονται,
961 5044 1036 5108 ὡς
1100 5043 1209 5100 υἱοὶ
1269 5045 1416 5100 θετοὶ
1462 5048 1541 5119 τῷ
1598 5048 1733 5119 Θεῷ.
1771 5068 1800 5096 ‹‹
1856 5044 2044 5101 Μακά-

382 5151 493 5208 ριοι
536 5156 558 5185 ιι
603 5133 729 5210 γὰρ,
763 5134 953 5214 φησὶν,
987 5156 1016 5187 ιι
1068 5134 1121 5189 οἰ
1181 5133 1548 5208 εἰρηνοποιοί,
1581 5131 1665 5189 ὅτι
1718 5132 1871 5190 αὐτοὶ
1929 5133 2037 5188 υἱοὶ

382 5224 520 5277 Θεοῦ
547 5219 656 5294 κλη
665 5224 944 5295 θήσονται.
980 5247 1002 5277 ι

456 5310 547 5388 ξγ’.
585 5309 683 5369 Καὶ
733 5311 838 5389 ἐγὼ
891 5313 989 5387 μὲν
1035 5310 1126 5368 καὶ
1188 5312 1241 5367 οἳ
1306 5311 1423 5368 κατ’
1470 5310 1570 5387 ἐμὲ
1617 5310 1760 5367 οὕτω
1810 5315 2040 5391 φρονοῢ.

388 5420 485 5473 μεν
522 5402 645 5477 περὶ
678 5408 779 5473 τῆς
809 5403 1155 5479 ἁγαπητικῆς
1185 5400 1409 5478 εἰρήνης
1463 5404 1561 5457 τοῦ
1607 5405 1761 5475 Θεοῦ,
1792 5399 1882 5456 καὶ
1934 5405 2040 5457 τῶν

381 5489 522 5544 κατὰ
578 5490 680 5560 τὴν
747 5492 1009 5563 τοιαύτην
1068 5491 1358 5567 εἰρηνικῶν
1418 5490 1739 5567 ἀνθρώπων.
1791 5487 1929 5549 Οἶδα
1985 5488 2042 5548 δέ.

380 5598 533 5642 τινας
593 5575 781 5644 ἄλλως
831 5577 1205 5656 διακειμένους
1250 5578 1342 5636 καὶ
1391 5578 1758 5657 ἀχθομένους,
1803 5576 1862 5637 εἷ’
1892 5600 2042 5646 τινας

2147 4780 2471 4837 dummodo
2537 4779 2837 4853 supplices
2885 4797 3187 4855 rogemus,
3245 4779 3570 4836 dummodo
3631 4775 3798 4850 digni

2148 4869 2361 4925 ﬁamus
2388 4869 2489 4942 qui
2523 4886 2725 4942 pacem
2756 4870 3130 4927 inveniamus
3161 4875 3275 4926 Deo
3332 4866 3748 4925 charissimam
3781 4880 3797 4932 ;

2149 4959 2322 5031 cujus
2352 4963 2651 5032 compotes
2683 4958 2837 5016 beati
2870 4964 3031 5027 sunt,
3055 4960 3158 5016 sed
3205 4962 3265 5015 et
3320 4962 3589 5015 auctores
3644 4954 3805 5013 beati

2151 5046 2330 5105 simul
2360 5048 2658 5116 dicuntur,
2689 5052 2976 5120 tanquam
3008 5048 3113 5104 ﬁlii
3145 5047 3246 5104 Dei
3278 5046 3557 5119 ad0ptivi.
3592 5068 3620 5096 «
3644 5041 3805 5101 Beati

2150 5136 2332 5206 enim,
2355 5137 2461 5205 ait,
2500 5136 2752 5210 paciﬁci,
2781 5136 3062 5210 quoniam
3085 5136 3203 5210 ipsi
3242 5136 3348 5192 ﬁlii
3376 5135 3480 5193 Dei
3504 5133 3802 5191 vocabun-

2148 5229 2272 5282 tur.
2306 5247 2336 5276 »
3080 5248 3097 5257 κ

2221 5316 2312 5370 63.
2341 5316 2460 5388 Ego
2491 5314 2731 5388 quidem
2792 5319 2850 5372 et
2873 5316 2976 5387 qui
3000 5318 3171 5387 juxta
3219 5332 3313 5372 me
3374 5317 3535 5383 sunt,
3596 5312 3680 5370 ita
3733 5313 3805 5369 de

2152 5420 2294 5478 pace
2316 5404 2442 5473 Dei,
2466 5421 2595 5478 quae
2625 5404 2912 5462 charitate
2942 5409 3197 5473 constat,
3220 5409 3278 5462 et
3324 5404 3397 5461 de
3426 5402 3688 5478 paciﬁcis
3719 5419 3804 5460 se-

2151 5496 2412 5552 cundum
2469 5493 2632 5552 illam
2683 5495 3051 5565 hominibus,
3111 5495 3422 5553 sentimus.
3481 5494 3612 5551 Scio
3667 5510 3802 5551 vero

2150 5584 2441 5657 quosdam
2463 5583 2635 5642 aliter
2665 5585 2985 5661 dispositos
3001 5583 3412 5658 etirascentes,
3429 5582 3480 5642 si
3509 5583 3801 5657 quosdam

460 5794 484 5832 ’
513 5794 671 5856 Psal.
698 5813 898 5876 una,
932 5799 1022 5861 15.
1055 5800 1102 5842 ιο
1129 5798 1277 5863 ibid.
1305 5799 1351 5838 “
1384 5798 1526 5859 Luc.
1556 5815 1711 5873 ων,
1741 5799 1831 5858 36.
1869 5800 1916 5840 ί²
1942 5800 2039 5871 Jca

2153 5841 2156 5858 .
2189 5816 2305 5871 xiv,
2327 5800 2419 5857 27.
