4082 6382
256 477 370 537 631
1033 478 1454 539 EUSTATHll
1497 473 2270 575 THESSALDNICENSIS
2317 477 2530 538 METR
2541 477 2904 539 OPOLIT/E
3565 479 3686 539 632

251 611 454 666 vident
485 627 613 666 sese
645 609 993 684 regulariter
1017 611 1677 684 diligentesinvicem,et
1700 628 1907 668 secun-
1938 663 1947 677 ι

2065 607 2290 665 λέπουσι
2324 609 2714 686 φιλιουμένους
2741 613 3043 675 κανονικῶς
3075 609 3372 682 ἀλλήλοις,
3403 613 3493 666 καὶ
3541 610 3681 666 κατᾶ

257 700 398 754 dum
437 701 619 754 Deum
646 703 997 766 amantes,et
1023 701 1411 771 spiritualiter
1434 718 1636 774 pacem
1658 700 1916 758 custodi-

2059 698 2156 753 lebv
2210 701 2550 774 ἀγαπῶντας,
2600 701 2689 755 καὶ
2744 705 3123 774 πνευματικῶς
3175 699 3567 776 είρηνεύοντας.
3617 701 3686 757 Οἳ

258 787 556 851 entes.Qui
602 788 1126 860 quoque,gladium
1161 789 1480 857 vibrantes,
1507 790 1656 846 tales
1690 789 1919 845 interci-

2059 786 2115 840 ui
2180 789 2455 863 μαχαίρας
2515 787 2836 865 βάλλοντες,
2869 789 2964 852 τὰς
3017 789 3270 852 τοιαύτας
3323 790 3691 861 ἀποτέμνουσι

261 878 410 932 dunt
441 876 1071 946 unanimitates,etnon
1095 879 1507 933 verenturvitae
1538 879 1920 934 commiscere

2059 875 2320 954 υμφυίας,
2351 879 2442 933 xui
2493 878 2589 932 οὐκ
2637 879 2922 954 ἀνέχονται
2977 879 3053 952 μὴ
3102 880 3382 954 ταράχους
3438 883 3517 950 τῷ
3578 878 3684 954 βίῳ

260 966 466 1021 turbas
496 969 553 1020 et
573 965 1043 1036 perturbationes
1075 970 1131 1021 et
1160 966 1293 1022 lites
1323 972 1381 1022 et
1411 968 1834 1024 commotiones
1864 971 1922 1022 et

2062 966 2480 1037 μπολιτεύεσθαι
2526 967 2616 1022 καὶ
2667 967 2932 1044 ὀχλήσεις
2985 967 3073 1022 καὶ
3133 965 3284 1029 δίκας
3340 967 3431 1022 καὶ
3490 963 3692 1042 τύρϐας

259 1054 551 1110 vindictas
581 1059 638 1110 et
678 1054 993 1125 aliquando
1024 1055 1395 1127 punitiones:
1430 1057 1599 1128 quasi
1633 1055 1922 1128 sanguine

2059 1056 2116 1109 ,αἶ
2154 1055 2375 1129 ζημίας,
2407 1055 2516 1126 ἤδη
2579 1056 2635 1111 δέ
2687 1079 2793 1112 που
2842 1058 2930 1112 καὶ
2984 1054 3259 1119 κολάσεις·
3296 1057 3370 1118 ὡς
3421 1058 3510 1111 οἷα
3566 1055 3696 1132 χαί-

258 1141 541 1214 laetantes,
601 1143 1025 1215 cupientesque
1056 1144 1113 1198 in
1151 1144 1288 1200 filiis
1321 1145 1420 1200 Dei
1467 1145 1646 1201 libere
1668 1143 1920 1199 exerceri

2069 1165 2215 1207 οντες
2248 1143 2461 1219 α’ίμασι,
2494 1145 2583 1200 καὶ
2640 1146 2734 1207 τὰς
2790 1151 2899 1200 τῶν
2964 1143 3218 1200 παλαεῶν
3276 1146 3552 1201 Λακώνων
3590 1166 3693 1199 πο-

257 1235 524 1286 veterum
568 1231 802 1304 flagella
834 1237 1123 1288 Laconum
1155 1236 1212 1288 et
1244 1233 1664 1289 irrationabilia
1693 1233 1922 1288 Mithrae

2059 1235 2248 1297 ›οῦντες
2290 1234 2339 1290 ἰν
2384 1240 2500 1298 τοῖς
2548 1239 2645 1289 τοῦ
2693 1239 2826 1290 Θεοῦ
2874 1235 3337 1312 παρρησιάζεσθαι
3403 1236 3695 1310 μάστιγας,

259 1319 809 1392 supplicia,necnon
856 1321 1192 1376 mortiferos
1225 1321 1516 1378 Celtarum
1541 1339 1610 1378 ex
1643 1322 1923 1378 ebrietate

2059 1325 2119 1378 Lui
2176 1324 2240 1379 τὰ
2302 1327 2438 1380 κατᾶ
2502 1325 2592 1380 τὸν
2664 1324 2867 1397 Μίθραν
2918 1323 3181 1401 ἀλόγιστα
3237 1324 3531 1400 κόλαστρα,
3583 1321 3694 1394 ἤδη

257 1407 450 1480 lusus,
483 1414 538 1464 et
560 1410 903 1482 Scytharum
937 1411 1282 1478 tentamina,
1319 1412 1534 1482 quibus
1565 1412 1836 1467 homines
1862 1410 1923 1464 in

2059 1414 2092 1466 Ci»:
2121 1413 2209 1468 xui
2240 1413 2306 1467 τὰ
2354 1413 2593 1470 Κελτικὰ
2649 1415 2921 1486 θανάσιμα
2980 1413 3039 1468 ἐκ
3100 1415 3270 1487 μέθης
3327 1413 3571 1488 παίγνια,
3604 1411 3698 1466 καὶ

261 1497 448 1553 altum
505 1499 779 1570 projecti,
840 1500 1050 1555 deinde
1107 1499 1329 1573 illapsi,
1378 1500 1600 1557 lenosis
1633 1501 1692 1556 in
1738 1500 1923 1556 altum

2059 1503 2100 1555 ’ὰ
2142 1502 2278 1556 κατά
2337 1503 2569 1575 Σκύθας,
2619 1505 2744 1578 παρ’
2790 1504 2871 1566 οἷς
2919 1499 3197 1579 ἄνθρωποι
3257 1500 3702 1578 ἀναῤῥιπτούμε-

262 1588 522 1643 sublatis
555 1589 1077 1660 transﬁgeliantur.
1109 1589 1210 1644 His
1244 1595 1441 1645 autem
1477 1589 1560 1644 sic
1593 1589 1924 1662 agentibus,

2069 1612 2149 1652 οις
2210 1591 2260 1653 ἐς
2309 1590 2466 1666 ὕψος,
2501 1592 2613 1647 εἶτα
2663 1591 2938 1654 κατιόντες
2980 1590 3216 1668 λόγχαις
3280 1591 3467 1668 ὀρθαῖς
3518 1613 3702 1660 πεπη-

265 1693 394 1748 quea
427 1677 588 1748 pacis
624 1683 766 1732 sunt
799 1677 967 1732 aliter
1021 1679 1224 1748 etiam,
1287 1685 1350 1734 ut
1405 1680 1656 1748 videtur,
1719 1683 1928 1750 praeter

272 1782 648 1820 communem
682 1770 739 1821 et
762 1771 1056 1822 assuetam
1088 1771 1145 1822 et
1171 1774 1389 1823 rectam
1424 1768 1872 1837 sentontiam,et
1895 1784 1928 1821 a

271 1853 388 1910 Deo
419 1854 698 1909 traditum
758 1855 1101 1912 Davidicum
1163 1858 1234 1912 de
1284 1874 1426 1929 pace
1467 1857 1730 1923 verbum,
1782 1855 1928 1911 exci-

2037 1679 2215 1754 γυίαις
2273 1682 2704 1756 περιεπείροντο.
2763 1686 2889 1743 Τοῖς
2953 1678 3008 1736 δέ
3077 1681 3219 1736 οὕτω
3293 1680 3697 1756 κατεργαζομέο

2036 1791 2153 1832 νοις
2208 1769 2274 1824 τὰ
2331 1769 2583 1847 εἷ’ρηνικᾶ
2638 1770 2728 1825 καὶ
2785 1767 2995 1839 ἄλλως,
3043 1771 3116 1832 ὡς
3173 1765 3337 1839 ἔοικε,
3397 1771 3544 1845 παρᾶ
3594 1771 3694 1838 τὴν

2037 1859 2224 1926 κοινὴν
2257 1858 2346 1912 xui
2398 1861 2603 1929 συνήθη
2637 1855 2840 1914 ἔννοιαν
2898 1859 2990 1913 καὶ
3045 1859 3212 1934 ὀρθήν
3274 1859 3366 1914 καὶ
3433 1859 3700 1933 θεοπαρά-

269 1943 534 2014 piuntur.
569 1945 846 2009 Quaerunt
879 1945 1037 2000 enim
1070 1946 1310 2017 quidem
1373 1945 1520 2001 tales
1576 1944 1928 2017 pacem,ubi

269 2033 410 2053 ιιμι-
474 2032 804 2053 :___-__,_.___
893 2038 935 2053 ,ι
1139 2035 1149 2045 .
1203 2052 1244 2053 η
1312 2035 1322 2045 -
1402 2036 1412 2045 -
1511 2052 1519 2053 ,
1779 2033 1926 2053 μη,

2059 1949 2195 2001 Ξοτον
2227 1949 2289 2001 τὸ
2329 1946 2452 2023 περὶ
2500 1953 2600 2017 τῆς
2649 1947 2876 2024 εῗρήνης
2928 1948 3211 2002 Δαυϊτικὸν
3271 1948 3434 2024 ῥητὸν
3491 1945 3700 2020 ἐκλαμ-

2059 2032 2103 2053 ΏΙ
2317 2043 2347 2053 ν.
2458 2041 2482 2051 Q-
2641 2036 2656 2053 ἱ
2806 2038 2820 2053 \
2947 2037 2960 2053 9
3023 2039 3035 2053 Ι
3224 2038 3236 2053 ο
3395 2041 3422 2052 ~
3578 2038 3602 2053 l'

269 2033 417 2088 forte
474 2032 828 2104 inveniatur,
884 2038 940 2089 et
989 2035 1346 2107 odorisequi,
1399 2035 1707 2090 inveniunt
1772 2033 1929 2105 apud

266 2121 520 2178 colentes
557 2139 836 2187 eam,non
861 2128 1055 2179 autem
1086 2125 1242 2196 apud
1275 2141 1373 2180 eos
1405 2141 1642 2179 manere
1675 2124 1880 2179 sinunt
1914 2140 1928 2190 ;

265 2212 381 2267 sed
418 2219 858 2283 persequuntur
889 2213 1000 2268 alio
1036 2214 1231 2280 modo,
1265 2231 1376 2268 non
1415 2219 1479 2268 ut
1507 2213 1934 2283 comprehensa

263 2302 652 2370 custodiatur,
678 2302 777 2356 sed
809 2307 874 2356 ut
904 2306 1060 2357 terra
1095 2307 1360 2369 exeat,et
1393 2302 1505 2373 ipsi
1537 2301 1832 2357 exsultant
1863 2302 1934 2357 de

267 2389 698 2460 interpretabili
745 2389 1088 2461 duplicitate
1147 2390 1559 2462 persequendi,
1619 2390 1787 2462 quasi
1833 2406 1936 2461 per

274 2495 405 2534 eam
465 2478 786 2550 sophistica
839 2479 1298 2551 triumphantes.
1346 2479 1627 2552 Persequi
1675 2495 1934 2549 namque

279 2567 457 2624 etiam
492 2568 562 2622 de
594 2567 905 2623 dilectione
937 2569 994 2623 in
1020 2569 1322 2639 Scriptura
1359 2569 1607 2624 habetur
1641 2569 1774 2623 :sed
1811 2568 1934 2640 ple-

280 2672 534 2728 rumque
558 2657 629 2712 de
659 2656 810 2712 odio.
844 2657 933 2712 Sic
966 2658 1122 2712 enim
1156 2659 1309 2730 apud
1371 2663 1553 2712 Deum
1600 2657 1936 2713 beatiﬁcan-

284 2749 403 2814 tur,
438 2763 587 2818 quos
618 2746 860 2818 quidam
919 2746 1149 2819 probris
1177 2747 1443 2803 afﬁciunt
1501 2752 1739 2820 prOpter
1769 2745 1937 2801 illum

290 2840 350 2890 et
378 2841 828 2906 persequuntur.
861 2836 968 2890 Sed
992 2835 1225 2906 quidem
1248 2835 1462 2892 talibus
1512 2842 1669 2890 sorte
1707 2835 1940 2891 contin-

291 2927 391 2994 gat
421 2924 819 2995 gratumipsis
849 2924 1144 2991 odium,ut
1174 2942 1305 2980 cum
1330 2925 1584 2990 diabolo,
1622 2923 1940 2979 inimicitia;

291 3014 460 3083 duce,
492 3014 899 3085 congaudeant
925 3031 939 3083 ;
970 3032 1078 3070 nos
1101 3019 1294 3071 autem
1344 3015 1403 3070 in
1443 3014 1613 3070 nobis
1644 3015 1789 3086 ipsis
1836 3014 1940 3069 ha-

290 3101 536 3157 beamus
569 3119 798 3174 pacem,
830 3103 983 3159 sicut
1029 3109 1180 3160 Deus
1213 3105 1498 3178 precipit,
1551 3110 1608 3159 et
1655 3104 1817 3160 illam
1875 3121 1944 3158 ex

286 3193 409 3246 tota
440 3191 642 3247 anima
672 3191 958 3248 colamus.

357 3389 446 3443 64.
497 3393 810 3444 Precemur
868 3389 1081 3444 deinde
1139 3394 1205 3444 ut
1256 3389 1668 3460 potentissimo
1740 3353 2016 3444 nostroc

288 3477 644 3533 dominatori
705 3479 895 3548 major
951 3495 985 3532 a
1032 3478 1149 3532 Deo
1194 3479 1458 3548 potentia
1514 3479 1638 3544 ﬁat,
1699 3477 1770 3531 ad
1815 3492 1944 3531 eam

286 3565 512 3636 integre
543 3566 908 3636 perfecteque
955 3565 1016 3619 in
1053 3566 1273 3620 mundo
1296 3583 1401 3634 pro
1425 3566 1726 3620 communi
1756 3563 1946 3620 salute

293 3654 837 3708 exercendam.Etsi
871 3653 1030 3708 enim
1062 3652 1305 3724 quidam
1338 3653 1607 3708 homines
1647 3669 1798 3723 saepe
1829 3669 1946 3707 non

294 3741 761 3798 animadvertere
817 3747 1026 3796 curant
1091 3742 1309 3812 quibus
1359 3742 1468 3797 iste
1547 3742 1951 3797 circumdatur

297 3828 608 3901 periculis;
662 3834 859 3884 tamen
906 3830 966 3884 in
1014 3834 1266 3885 mentem
1317 3830 1736 3886 descendentes
1776 3847 1950 3885 accu-

300 3921 426 3973 rate
459 3918 675 3974 sciunt.
707 3919 896 3974 Habet
944 3919 1184 3989 quidem
1244 3935 1377 3974 vere
1430 3924 1830 3990 perpetuoque
1878 3919 1951 3974 de

301 4005 444 4062 coelo
475 4007 756 4063 auxilium
783 4025 849 4063 ac
877 4007 1614 4074 levamentum.Quomodo
1635 4009 1791 4064 enim
1819 4007 1952 4064 istis

301 4113 418 4152 non
469 4097 863 4168 locupletetur
895 4097 991 4152 ille
1024 4097 1125 4169 qui
1156 4097 1364 4152 exinde
1394 4097 1523 4152 sine
1580 4098 1772 4153 medio
1803 4097 1950 4153 elec-

297 4190 396 4241 tus
426 4189 516 4241 est
545 4202 578 4240 a
607 4185 708 4242 Dei
767 4185 1057 4258 sapientia
1113 4203 1292 4257 quam
1353 4186 1644 4242 deamavit
1681 4191 1739 4242 et
1770 4186 1829 4241 in
1863 4203 1951 4242 re-

297 4291 480 4347 gnum
512 4275 796 4343 elevatus,
823 4292 1058 4347 unaque
1117 4276 1276 4347 regia
1325 4292 1538 4331 corona
1575 4277 1950 4348 trOpaaisque,

300 4381 552 4435 quorum
583 4381 691 4420 nos
723 4364 996 4435 primitiae
1027 4381 1258 4430 sumus,
1289 4369 1602 4420 exornatus
1629 4364 1656 4418 ?
1679 4370 1850 4420 Decet
1866 4369 1952 4419 ta-

303 4470 436 4508 men
452 4469 736 4524 nos,quos
751 4453 1038 4525 ipse,post
1053 4453 1612 4519 Deum,liberavit,et
1627 4454 1955 4508 secundum

305 4557 481 4612 quem
511 4541 785 4608 vivimus,
819 4542 876 4596 in
899 4558 1214 4596 commune
1247 4541 1663 4612 libenterquod
1689 4547 1955 4596 nostrum

304 4634 396 4686 est
419 4630 625 4685 afferre
656 4645 759 4702 per
817 4647 1040 4701 preces,
1085 4647 1338 4700 quarum
1389 4628 1752 4685 auditionem
1803 4629 1957 4684 Deus

2041 2032 2278 2091 ϐἀνεται.
2313 2041 2542 2108 Ζητοῦσι
2602 2036 2696 2108 μὲν
2759 2038 2862 2112 γὰρ
2918 2037 3137 2114 εἰρήνην
3190 2038 3242 2092 οἱ
3273 2041 3537 2104 τοιοῦτοι,
3573 2038 3700 2091 ὅποι

2041 2126 2173 2180 ποτε
2267 2124 2651 2182 πολιτεύεται·
2726 2126 2816 2180 καὶ
2909 2124 3319 2202 ῥινηλατοῦντες
3414 2125 3693 2201 εὑρίσκου-

2044 2237 2097 2270 σι
2177 2219 2269 2286 μὶν
2345 2216 2490 2291 παρὰ
2560 2221 2676 2277 τοῖς
2754 2215 3294 2291 πραγματευομένοις
3351 2215 3541 2284 αὐτὴν,
3601 2214 3701 2270 οὐκ

2045 2305 2230 2382 ἀφιᾶσι
2293 2303 2350 2360 δὲ
2419 2305 2598 2378 μένειν
2655 2308 2780 2379 παρ’
2841 2305 3092 2367 ἐκείνοις·
3145 2302 3400 2360 διώκουσι
3462 2301 3518 2359 δὶ
3574 2303 3701 2379 τρό-

2044 2413 2144 2447 πον
2206 2389 2396 2460 ἄλλον,
2460 2393 2568 2469 οὐχ
2618 2392 2712 2448 ’ίνα
2767 2394 3177 2472 καταληφθεῖσα
3235 2393 3522 2469 φυλαχθῇ,
3575 2392 3704 2449 ἀλλ’

2039 2479 2130 2535 *ίνα
2198 2481 2248 2551 ἐξ
2315 2481 2615 2553 ἀνθρώπων
2692 2484 2934 2556 γένηται·
2990 2483 3079 2537 καί
3149 2505 3255 2538 που
3313 2483 3403 2538 καὶ
3462 2480 3705 2558 ἐπαγαλ-

2047 2569 2237 2626 λονται
2291 2575 2358 2643 τῇ
2413 2573 2532 2625 κατ’
2588 2566 2794 2625 ἔννοιαν
2858 2569 3062 2646 διπλόῃ
3131 2578 3234 2641 τῆς
3307 2569 3563 2642 διώξεως,
3617 2573 3704 2626 οἷα

2048 2660 2538 2735 κατασοφιζόμενοι
2612 2657 2681 2714 δι’
2756 2661 2946 2730 αὐτῆς.
3000 2661 3223 2715 Διώκειν
3305 2661 3409 2737 γὰρ
3474 2659 3563 2716 xui
3617 2659 3699 2714 ἐπὶ

2050 2747 2237 2827 φιλίας
2271 2749 2364 2822 μὲν
2394 2747 2598 2813 τίθεται
2646 2755 2944 2828 γραφικῶς,
2975 2751 3040 2805 τὰ
3095 2748 3285 2805 πολλὰ
3343 2747 3402 2805 δὲ
3459 2750 3544 2805 ἐπὶ
3612 2747 3697 2821 μί-

2050 2857 2194 2898 σους.
2228 2836 2388 2894 Οὕτω
2444 2837 2546 2912 γὰρ
2610 2840 2866 2913 μακάριοι
2926 2839 3072 2916 παρὰ
3126 2843 3205 2910 τῷ
3262 2842 3400 2910 Θεῷ,
3437 2838 3528 2899 οῦς
3571 2837 3708 2892 ὀνει-

2052 2924 2263 2982 δίσουσί
2319 2949 2461 2990 τινες
2517 2924 2693 2982 ἕνεκεν
2772 2928 2936 2983 αὐτοῦ
3006 2927 3096 2982 καὶ
3165 2925 3472 2998 διώξουσιν.
3531 2923 3711 2983 Ἀλλὰ

2051 3015 2176 3078 τοὺς
2206 3015 2488 3078 τοιούτους
2537 3017 2630 3090 μὲν
2665 3016 2834 3092 λάχοι
2864 3017 2925 3071 τὸ
2961 3014 3127 3093 φίλον
3177 3015 3361 3074 αὐτοῖς
3413 3018 3592 3085 μῖσος,
3622 3009 3713 3065 τίνα

2049 3110 2128 3177 τῷ
2177 3101 2424 3177 διαϐόλῳ
2487 3105 2854 3180 συγχαίροιεν,
2913 3108 2994 3175 τῷ
3042 3109 3144 3171 τῆς
3198 3100 3400 3178 ἔχθρας
3454 3097 3707 3172 ἄρχοντι·

2052 3197 2217 3268 ἡμεῖς
2251 3192 2308 3248 δὲ
2341 3193 2716 3267 εἷ’ρηνεύοιμεν
2750 3191 2800 3245 ἐν
2834 3193 2970 3262 ἡμῖν
3002 3190 3210 3255 αὐτοῖς,
3242 3189 3316 3250 ὡς
3353 3188 3381 3241 ὁ
3413 3185 3544 3247 Θεὸς
3572 3204 3709 3258 παρ-

2057 3280 2336 3356 αγγέλλει,
2368 3280 2456 3334 καὶ
2488 3301 2634 3355 πραγ
2649 3277 3013 3352 ματευοίμεθα
3035 3280 3198 3330 τοῦτο
3240 3275 3292 3346 ἐξ
3324 3273 3459 3345 ὅλης
3502 3277 3710 3348 ψυχῆς.

2127 3384 2215 3455 ξδ’.
2255 3385 2574 3459 Εὐχοίμεθα
2631 3381 2688 3437 δὲ
2749 3382 2959 3453 καὶτῷ
3006 3381 3276 3455 κρατίστῳ
3335 3383 3498 3454 ἡμῶν
3556 3380 3716 3433 αὐτο-

2055 3475 2280 3549 κράτορι
2336 3471 2638 3548 ἐγγίνεσθαι
2715 3469 2895 3525 πλείω
2958 3467 3184 3544 δύναμιν
3247 3471 3307 3525 ἐκ
3358 3474 3514 3534 Θεοῦ,
3564 3488 3718 3543 περι-

2056 3564 2386 3632 ποιήσασθαι
2454 3561 2621 3630 αὐτὴν
2697 3561 2774 3622 εἷς
2849 3559 3097 3636 ἀκέραιον
3171 3560 3264 3614 καὶ
3323 3556 3582 3620 παντελὲς
3640 3561 3719 3629 τῷ

2055 3651 2250 3724 κόσμῳ
2301 3650 2388 3704 έπὶ
2448 3648 2693 3726 σωτηρίᾳ
2747 3647 2906 3722 κοινῇ
2942 3669 2955 3682 ·
3018 3649 3100 3719 ὃς,
3162 3647 3207 3702 εί
3261 3647 3353 3702 καί
3400 3667 3540 3708 τινες
3585 3641 3718 3707 ἴσως

2059 3740 2159 3796 οὐκ
2204 3734 2566 3794 ἐπιϐάλλουσι
2626 3743 2792 3809 νοεῖν,
2845 3736 3058 3799 ὁποίαις
3125 3734 3418 3813 έργωδίαις
3469 3754 3722 3812 περιτρο-

2059 3829 2306 3905 χάζεται,
2340 3827 2484 3883 ἀλλὰ
2519 3826 2815 3904 βάπτοντες
2843 3826 2920 3888 εἷς
2978 3829 3103 3880 νοῦν
3138 3823 3315 3880 οἷ’δασι
3369 3824 3506 3901 πρὸς
3565 3822 3717 3898 ἀκρί-

2061 3914 2231 3976 ϐειαν.
2267 3915 2369 3974 Καὶ
2417 3913 2536 3991 ἔχει
2587 3917 2684 3988 μὶν
2727 3914 2953 3982 ἀληθῶς
2991 3914 3094 3983 τήν
3147 3913 3439 3988 οὐρανόθεν
3499 3911 3719 3967 ἐπικου-

2061 4007 2198 4083 ρίαν,
2268 4008 2355 4062 xui
2430 4005 2676 4082 σύναρσιν
2747 4004 2953 4061 εἷσαεί·
3013 4005 3104 4059 καὶ
3173 4009 3291 4067 πῶς
3345 4003 3444 4080 γὰρ
3502 4002 3600 4058 οὐκ
3657 3998 3718 4056 ἃν

2059 4097 2328 4168 πλουτοίη
2393 4095 2560 4165 αὐτὴν
2610 4097 2638 4151 ὁ
2686 4095 2777 4150 καὶ
2832 4092 3070 4168 ἐκλεγεῖς
3129 4091 3328 4158 ἐκεῖθεν
3383 4091 3600 4166 ἀμέσως
3635 4088 3726 4146 διὰ

2058 4191 2159 4252 τῆς
2185 4190 2286 4241 τοῦ
2343 4188 2478 4239 Θεοῦ
2519 4183 2734 4263 σοφίας,
2763 4185 2827 4252 ἢν
2889 4181 3281 4258 ὑπερεπάθησε,
3340 4181 3432 4237 καὶ
3487 4180 3563 4244 είς
3626 4181 3725 4257 βα-

2064 4275 2267 4332 σιλείαν
2330 4269 2732 4343 ἀναϐιϐασθεὶς,
2792 4273 2882 4328 καὶ
2968 4271 3081 4345 ἅμα
3163 4270 3432 4348 βασιλικῷ
3487 4291 3548 4325 τε
3604 4269 3726 4325 στέ-

2064 4388 2150 4445 φει
2209 4366 2297 4421 καὶ
2349 4364 2636 4440 τροπαίοις
2695 4362 3003 4440 ὡραϊσθεὶς,
3036 4364 3110 4418 ὧν
3163 4365 3329 4436 ἡμεῖς
3381 4362 3446 4417 τὸ
3504 4361 3730 4438 πρωτό-

2063 4455 2250 4524 λιιονς
2301 4455 2513 4530 ΙΙρέπον
2559 4451 2617 4508 δὲ
2668 4455 2841 4526 ὅμως,
2892 4453 2982 4508 καὶ
3030 4455 3198 4525 ἡμᾶς,
3252 4451 3378 4514 τοὺς
3432 4449 3503 4506 δι’
3558 4451 3728 4506 αὐτοῦ

2071 4545 2204 4618 μετὰ
2260 4544 2386 4598 Θεὸν
2447 4543 2954 4617 ἠλευθερωμένους,
3003 4543 3093 4596 καὶ
3144 4539 3262 4596 ἰδοὺ
3316 4545 3542 4612 ζῶντας,
3600 4561 3734 4595 συν-

2069 4633 2298 4708 εισάγειν
2357 4632 2619 4693 εὐνοϊκῶς
2677 4629 2739 4686 τὸ
2797 4632 3065 4707 ἡμέτερον
3128 4627 3194 4685 δι’
3257 4630 3464 4706 εὐχῶν,
3496 4631 3570 4684 ὧν
3630 4629 3731 4685 οὐκ

307 4736 447 4775 sane
474 4735 588 4774 non
621 4719 938 4774 recusabit.
975 4717 1206 4773 Scimus
1238 4719 1417 4785 enim,
1453 4723 1509 4774 et
1551 4719 1692 4790 quid
1726 4719 1803 4774 sit
1835 4735 1947 4774 ora-

2068 4719 2127 4776 ἂν
2179 4717 2263 4791 εἷή
2322 4721 2607 4794 παρήκοος
2669 4721 2696 4775 ὁ
2755 4719 2906 4782 Θεός.
2939 4719 3311 4792 Ἐπιστάμεθα
3361 4719 3465 4793 γὰρ
3519 4716 3726 4795 ὥσπερ,

308 4808 410 4878 tio,
435 4812 491 4863 et
522 4809 677 4879 quod
709 4812 862 4862 Deus
901 4807 1225 4863 orationem
1253 4809 1478 4878 justam
1537 4808 1793 4863 aversari
1843 4824 1959 4863 non

312 4901 522 4970 potest.
556 4896 850 4968 Numquid
907 4897 1064 4951 enim
1109 4896 1416 4951 incensum
1457 4897 1785 4952 inanimum
1819 4896 1958 4952 olim

310 4988 371 5043 in
402 4987 580 5043 veteri
601 4986 727 5058 lege
757 4992 813 5042 et
844 5003 1000 5040 nunc
1028 4986 1184 5058 apud
1217 5003 1323 5041 nos
1355 4987 1662 5041 incensum
1687 4987 1840 5058 quod
1865 4987 1961 5042 de-

313 5082 406 5133 cet
461 5082 719 5144 sanctos,
803 5077 1092 5147 acciperet
1155 5075 1308 5131 sicut
1372 5077 1668 5132 credimus
1728 5076 1962 5148 (accipit

312 5172 508 5224 autem
539 5165 698 5222 velut
737 5165 1070 5221 divinorum
1119 5165 1530 5237 mysteriorum
1579 5166 1958 5238 symbolum),

309 5257 632 5313 orationem
665 5273 794 5311 vero
825 5273 952 5326 quae
985 5256 1134 5310 solet
1163 5255 1235 5310 ad
1264 5255 1430 5309 illum
1455 5255 1626 5326 dirigi
1656 5254 1958 5310 rationalis

307 5351 366 5404 et
388 5347 664 5410 animata,
721 5362 790 5401 ex
820 5345 1064 5400 veritate
1115 5349 1391 5415 rectaque
1434 5343 1793 5400 conscientia
1823 5360 1957 5416 pro-

310 5435 530 5502 ﬁciens,
556 5453 670 5490 non
697 5434 981 5507 reciperet
1009 5433 1036 5488 ‘2

380 5627 471 5683 65.
529 5628 968 5686 Rationabiliter
1031 5633 1228 5687 autem
1287 5646 1443 5686 nunc
1507 5630 1960 5702 deprecaremur

318 5719 707 5787 opportunam
755 5718 1011 5790 plagam,
1070 5723 1157 5788 ut,
1225 5719 1380 5775 sicut
1425 5719 1584 5775 istud
1655 5719 1954 5777 servitutis

321 5803 553 5875 pondus
582 5803 720 5860 olim
769 5821 804 5861 a
853 5805 1024 5864 nobis
1053 5807 1314 5890 ablatum
1353 5811 1462 5879 est,
1496 5809 1610 5864 Deo
1649 5807 1887 5878 quidem
1925 5826 1958 5868 e

2071 4809 2172 4864 ὅτί
2224 4809 2354 4864 ποτέ
2400 4808 2539 4864 ἐστιν
2572 4810 2606 4877 ἡ
2641 4806 2803 4886 εὐχὴ,
2836 4807 2981 4864 οὕτω
3009 4809 3122 4876 xui,
3151 4806 3235 4863 ὅτι
3282 4803 3492 4869 δικαίας
3553 4808 3730 4884 εὐχῆς

2070 4898 2172 4953 οὐκ
2234 4891 2374 4952 ἔστιν
2436 4899 2752 4952 ἀποστατεῖν
2829 4897 2921 4952 τὸν
2989 4895 3140 4954 Θεόν.
3192 4896 3265 4951 Ἢ
3331 4895 3581 4970 θυμίαμα
3631 4898 3726 4970 μὲν

2070 4984 2284 5062 ἄψυχον
2317 4985 2488 5042 πάλαι
2536 4987 2629 5060 μὲν
2683 4986 2746 5040 τὸ
2804 4987 2940 5041 κατὰ
2986 4985 3152 5059 νόμον
3214 4984 3416 5040 ἐκεῖνον
3475 4987 3566 5040 τὸν
3625 5007 3728 5041 πα-

2071 5074 2249 5146 λαιὸν,
2281 5074 2371 5129 καὶ
2425 5079 2512 5129 νῦν
2547 5072 2604 5130 δὲ
2659 5075 2722 5128 τὸ
2779 5075 2898 5138 καθ’
2930 5076 3078 5146 ἡμᾶς
3112 5073 3440 5150 ἁγιοπρεπὶς
3485 5071 3722 5150 δέχεται,

2071 5163 2208 5228 καθᾶ
2273 5161 2596 5237 πιστεύομεν
2674 5163 2784 5237 (xui
2847 5157 3218 5238 ἀποδέχεται,
3279 5157 3559 5235 σύμϐολον
3635 5157 3722 5213 καὶ

2071 5252 2200 5308 αὐτό
2278 5251 2433 5317 θείων
2517 5253 2833 5328 μυστηρίων
2909 5251 3204 5329 τυγχάνον)
3239 5272 3251 5285 ο
3299 5250 3611 5323 προσευχὴν
3667 5245 3724 5301 δὲ

2069 5341 2478 5405 κατευθύνεσθαι
2554 5341 2784 5396 ἐωθυῖαν
2863 5339 2940 5404 εἷς
3017 5340 3179 5395 αὐτὸν
3240 5340 3301 5396 οὐ
3356 5334 3724 5410 προσδέξεται,

2068 5433 2166 5500 τὴν
2224 5432 2313 5486 καὶ
2345 5429 2576 5506 ἔλλογον
2604 5429 2694 5486 xui
2729 5428 3001 5507 ἔμψυχον,
3032 5432 3169 5486 κατά
3197 5451 3259 5506 γε
3304 5428 3366 5486 τὸ
3422 5427 3555 5502 πρὸς
3586 5424 3729 5498 ἀλή-

2068 5523 2235 5590 θειαν,
2265 5520 2355 5574 xui
2388 5520 2562 5595 ὀρθῶς
2592 5517 2929 5589 ἐνδιάθετον;

2141 5632 2226 5702 ξε’.
2257 5629 2575 5706 Εὐχοίμεθα
2618 5627 2677 5685 δὲ
2727 5626 2785 5684 ἂν
2843 5628 3084 5706 εὐλόγως
3137 5629 3256 5705 ἄρτι
3305 5629 3524 5705 καιρίαν
3578 5626 3734 5699 πλη-

2067 5721 2192 5797 γὴν,
2246 5717 2359 5792 τίνα,
2416 5720 2552 5775 καθὰ
2626 5719 2688 5774 τὸ
2767 5715 3014 5774 δούλειον
3099 5717 3272 5774 ἐκεῖνό
3356 5737 3491 5773 ποτε
3559 5717 3729 5794 βάρος

2069 5807 2329 5884 ἀπηύχθη
2373 5809 2559 5881 ἡμῶν,
2592 5809 2726 5864 Θεοῦ
2775 5807 2870 5881 μὶν
2924 5803 3213 5872 ἐθέλοντος
3271 5807 3498 5881 ἄνωθεν,
3531 5803 3610 5862 ἔτι
3671 5805 3732 5863 Si
