4082 6372
309 499 430 558 633

1320 492 1400 554 IN
1443 492 1508 554 S.
1555 489 2240 564 QUADRAGESIMAM
2286 493 2580 555 ORATIO
2624 491 2734 554 III.

3617 490 3733 548 634

309 630 403 685 καὶ
454 621 910 699 ἀναϐαλλομένου
955 626 1046 680 τὸν
1096 623 1176 700 ἐφ’
1223 627 1358 698 ἡμῖν
1411 623 1586 694 ἔλεον,
1633 630 1735 680 τοῦ
1785 622 1842 680 δὲ
1881 623 1968 678 αὐ-

2101 625 2227 681 :celo
2258 627 2508 697 volente,
2542 627 2640 683 sed
2677 628 2855 682 etiam
2891 642 3069 698 super
3115 641 3220 680 nos
3269 622 3735 679 misericordiam

311 718 648 794 τοκράτορος
703 713 1032 790 βιασαμένου
1077 711 1278 768 ἐκεῖνον
1327 716 1641 785 θεοπιιθῶς,
1691 713 1780 768 καὶ
1841 724 1970 775 καθ-

317 791 648 856 ελκόσαντος
701 796 765 849 τὸ
825 793 1024 858 ἐκεῖθεν
1080 794 1280 869 ἀγαθὸν
1341 795 1418 858 εἰς
1467 799 1640 867 ἡμᾶς,
1697 794 1839 848 οὕτω
1883 791 1974 846 καὶ

321 893 416 942 νῦν
446 887 559 954 τὸν,
614 884 690 948 ὠς
733 881 791 938 ἅν
849 905 930 945 τις
984 881 1153 953 εἶ’ποι,
1206 885 1491 960 αἱμοχαρῆ
1555 885 1712 958 ζυγὸν
1771 881 1978 954 (οἴδατε

329 976 496 1045 δέ,’ὸν
558 975 720 1051 λέγω)
778 976 869 1030 τὸν
932 969 1284 1050 βαρϐαρικὸν,
1315 977 1406 1030 τὸν
1461 973 1652 1039 ἄλλως
1711 975 1804 1048 μὲν
1861 975 1976 1028 ἀεί-

330 1064 546 1133 δουλον,
580 1062 699 1139 ἄρτι
742 1062 800 1119 δὲ
855 1068 1016 1140 ζυγοῦ
1065 1061 1223 1132 δίκην
1275 1063 1712 1138 ἀναιδευόμενον,
1763 1065 1978 1139 τραχή-

331 1156 448 1220 λοις
496 1155 846 1224 ἕπιπίπτειν,
907 1156 990 1218 οἷς
1051 1152 1206 1210 οὐδὲν
1273 1177 1326 1210 τι
1403 1153 1653 1220 δουλείας
1715 1154 1976 1228 μέτεστιν,

329 1245 595 1321 ἀπαγάγοι
651 1249 757 1298 τῶν
813 1245 1092 1314 ἀσυνήθων
1148 1244 1390 1320 αὐχένων
1429 1289 1442 1313 ,

331 1334 558 1410 ῥαγέντα
614 1333 704 1388 καὶ
762 1340 866 1388 πᾶν
927 1338 1175 1388 τοιοῦτον
1227 1334 1470 1398 παθόντα
1525 1335 1688 1390 κακόν
1720 1355 1732 1367 ·
1795 1333 1864 1388 δι’
1918 1336 1979 1389 οὗ

325 1422 654 1493 ἐπιλάθηται
716 1424 810 1497 μὲν
872 1429 970 1478 τοῦ
1029 1424 1186 1500 ζυγὸς
1238 1424 1394 1492 εἶναι,
1443 1424 1888 1500 ἀποταχθήσεται
1923 1422 1981 1479 δὲ

324 1513 401 1575 εἷς
447 1515 738 1588 πυρκαϊὰν,
786 1512 974 1568 ὁποίαν
1024 1511 1283 1567 ἀποτελεῖ
1329 1515 1582 1590 συμφορᾶ
1632 1513 1977 1576 δουλώσεως.

327 1603 548 1664 Πάντως
604 1603 707 1678 γὰρ
767 1603 794 1656 ὁ
846 1609 947 1672 τῆς
1005 1602 1130 1676 περὶ
1205 1605 1353 1674 ἡμᾶς
1407 1602 1714 1678 ἐλευθερίας
1770 1603 1978 1674 ἐκείνης

330 1692 457 1753 Θεὸς
489 1692 518 1747 ὁ
571 1689 734 1753 αὐτός
784 1691 894 1745 ἐστι
946 1693 1036 1746 καὶ
1082 1696 1196 1760 νῦν,
1253 1691 1396 1746 οὕτω
1450 1691 1507 1747 δὲ
1561 1693 1910 1768 αὐτοκράτωρ
1952 1693 1980 1746 ὁ

332 1779 489 1841 αὐτός
523 1823 537 1836 .
598 1779 698 1834 Καὶ
773 1780 992 1854 γένηται
1052 1778 1112 1833 ἂν
1184 1779 1274 1834 καὶ
1326 1784 1415 1834 νῦν
1471 1782 1608 1835 κατὰ
1659 1782 1722 1835 τὸ
1782 1781 1977 1856 ἀγαθὸν

333 1869 526 1935 ἐκεῖνο,
581 1867 732 1944 εἷ’περ
784 1867 937 1923 αὐτοὶ
992 1869 1276 1942 ἐθίλομεν,
1309 1868 1407 1924 οὐκ
1437 1869 1488 1924 ἐν
1522 1869 1728 1945 χρόνου
1760 1867 1977 1937 πλάτει,

1501 1248 1832 1318 Θραυσοέντα
1887 1243 1979 1299 καὶ

2082 713 2456 787 immittente,
2494 717 2862 772 dominature
2893 722 3086 772 autem
3122 714 3290 769 illum
3327 729 3428 784 per
3461 711 3742 767 obedien-

2084 805 2226 859 tiam
2259 813 2521 878 cogente,
2554 811 2609 862 et
2637 807 2846 862 exinde
2900 807 3121 861 bonum
3184 805 3243 858 in
3294 819 3400 856 nos
3445 801 3737 864 eliciente,

2087 893 2168 947 ita
2199 899 2256 949 et
2289 912 2441 949 nunc
2474 895 2648 965 illud,
2679 904 2738 950 ut
2771 895 2880 950 dici
2916 893 3420 966 potuerit,jugum
3447 889 3737 960 sanguine

2086 984 2350 1054 gaudens
2381 983 2564 1054 (scitis
2592 989 2785 1038 autem
2821 983 2976 1054 quod
3009 981 3225 1052 dicam)
3277 979 3421 1034 illud
3475 977 3737 1032 barbari-

2087 1088 2244 1139 cum,
2278 1072 2422 1127 illud
2457 1072 2693 1128 aliunde
2751 1089 2983 1144 semper
3031 1086 3262 1126 servum
3315 1068 3577 1139 quidem,
3633 1065 3736 1120 sed

2088 1178 2244 1216 nunc
2268 1161 2392 1233 jngi
2423 1162 2610 1217 instar
2641 1163 3015 1233 impudenter
3045 1161 3270 1214 audens
3317 1172 3445 1212 sese
3495 1154 3735 1211 cervici-

2089 1251 2200 1306 bus
2229 1251 2549 1322 imponere,
2581 1252 2794 1320 quibus
2825 1250 2969 1305 nihil
3001 1255 3090 1305 est
3115 1264 3250 1304 cum
3283 1246 3560 1303 servitute
3584 1260 3742 1300 com-

2091 1355 2288 1407 mune,
2329 1340 2402 1394 ab
2450 1339 2708 1396 insolitis
2759 1339 2924 1394 collis
2969 1339 3226 1393 abducat
3267 1336 3632 1391 confractum
3684 1336 3742 1386 et

2089 1428 2390 1500 diruptum
2423 1434 2479 1483 et
2509 1445 2862 1501 quocunque
2897 1428 2990 1483 tali
3027 1427 3180 1481 malo
3219 1427 3529 1480 affectum:
3583 1422 3740 1477 unde

2094 1518 2476 1573 obliviscatur
2501 1520 2654 1590 quod
2687 1519 2765 1573 sit
2787 1519 3024 1590 jugum,
3058 1516 3376 1572 collocetur
3428 1518 3622 1568 autem
3681 1511 3741 1565 in

2093 1623 2326 1678 rogum,
2360 1607 2592 1678 qualem
2630 1608 2808 1662 efﬁcit
2838 1606 3137 1661 servitutis
3197 1610 3440 1672 strages.
3494 1601 3740 1656 Prorsus

2090 1697 2246 1750 enim
2273 1701 2423 1752 Deus
2444 1695 2604 1752 illius
2621 1702 2832 1751 nostris
2856 1695 3146 1750 libertatis
3170 1698 3224 1748 et
3243 1709 3398 1747 nunc
3416 1692 3569 1746 idem
3589 1695 3739 1744 Deus

2090 1789 2200 1852 est,
2236 1784 2387 1840 sicut
2415 1789 2471 1840 et
2501 1773 2836 1840 dominator
2888 1785 3066 1838 idem.
3125 1787 3295 1836 Nunc
3350 1780 3527 1836 etiam
3578 1779 3744 1832 ﬁeret

2082 1874 2255 1944 juxta
2282 1875 2500 1929 bonum
2532 1875 2712 1941 istud,
2765 1875 2815 1928 si
2873 1872 3109 1944 quidem
3156 1870 3465 1933 vellemus,
3515 1884 3631 1922 non
3681 1867 3741 1922 in

330 1957 476 2014 ἀλλὰ
527 1961 744 2035 τάχιον·
804 1957 851 2013 εἴ
911 1957 970 2013 δὲ
1029 1959 1129 2032 μὴ,
1189 1951 1282 2022 ὡς¹
1319 1957 1370 2013 ἐν
1402 1959 1535 2035 ῥιπῇ
1599 1959 1909 2036 ὀφθαλμοῦ,
1944 1957 1979 2028 ἢ

2101 1962 2266 2034 longo
2298 1968 2577 2034 tempore,
2611 1963 2710 2018 sed
2770 1962 2986 2028 citius;
3048 1961 3216 2016 sinon
3278 1958 3450 2030 quasi
3509 1957 3567 2010 in
3618 1956 3741 2011 ictu

329 2049 466 2103 κατᾶ
521 2047 802 2122 ἀστραπῆς
851 2049 1045 2124 τάχος,
1103 2049 1192 2103 καὶ
1251 2048 1281 2103 ὅ
1323 2071 1448 2128 φασι
1500 2051 1626 2125 πρὶν
1682 2051 1716 2118 ἣ
1767 2051 1854 2104 καὶ
1901 2048 1977 2111 εἷς

333 2136 540 2198 ἐντελὲς
593 2144 787 2206 νοῆσαι
839 2136 874 2206 ἢ
929 2135 1199 2208 εἰὶξασθαν
1253 2137 1284 2192 ἃ
1334 2139 1425 2192 καὶ
1474 2139 1666 2194 αὖτάό
1708 2140 1837 2203 Θεὸς
1889 2137 1980 2193 δύο

335 2247 509 2293 ναται,
563 2223 689 2282 ἀλλ’
743 2225 834 2281 οὖν
890 2228 1080 2282 θᾶττον
1137 2225 1278 2302 ἤπερ
1330 2226 1650 2301 ἐλπίζομεν.
1686 2228 1788 2284 Καὶ
1839 2227 1978 2283 ἔστιν

345 2315 470 2369 αὐτὸ
527 2314 584 2369 ἐκ
636 2319 744 2370 τῶν
803 2316 920 2370 καθ’
974 2319 1123 2388 ἡμᾶς
1183 2315 1423 2384 ἐκείνων,
1475 2321 1582 2372 τῶν
1628 2315 1680 2372 ἐν
1729 2321 1798 2391 τῇ
1854 2317 1980 2392 αἰχ-

346 2403 608 2477 μαλωσίᾳ,
666 2407 1063 2478 τεκμήρασθαι.
1124 2405 1189 2462 Εἴ
1244 2407 1347 2482 γὰρ
1399 2405 1556 2474 τότε,
1612 2408 1702 2462 ὅτε
1756 2404 1985 2479 οὐδεμία

338 2494 496 2548 ποθὲν
551 2493 707 2556 ἐλπὶς
763 2492 1063 2568 ἐνέλαμπεν
1099 2537 1113 2562 ,
1167 2493 1296 2550 οὐδὲ
1350 2495 1614 2568 τρίμηνος
1673 2495 1985 2571 ὠροοεσμία

332 2580 636 2653 τετέλεστο,
685 2583 764 2647 εἰς
809 2579 1122 2659 ὁλόκληρον
1177 2585 1266 2638 καὶ
1321 2583 1678 2660 ἐρῥύσθημεν,
1723 2583 1795 2638 ὧν
1829 2582 1986 2660 εἷ’χο-

339 2693 452 2746 μεν,
517 2670 767 2747 μεγάλων
819 2676 1000 2728 κακῶν
1032 2719 1046 2746 ,
1105 2672 1179 2737 ὠς
1237 2672 1336 2727 οὐκ
1389 2674 1447 2727 ἅν
1511 2671 1635 2728 οὐδὲ
1692 2673 1984 2749 ἐλογίσατό

335 2781 438 2826 τις·
489 2766 569 2832 τῷ
618 2762 779 2817 παντὶ
836 2763 1003 2818 πλέον
1068 2761 1295 2826 ἐνταῦθα
1342 2758 1487 2817 ἔσται
1536 2763 1679 2839 ταχὺ
1735 2763 1983 2840 ῥᾳστώνη

341 2857 458 2913 τοῖς
503 2850 604 2905 οὐκ
647 2852 702 2906 εὖ
747 2853 1073 2927 πάσχουσιν,
1126 2851 1174 2906 εἷ’
1234 2852 1398 2925 μόνον
1449 2858 1832 2928 κατανυγῶμεν
1892 2854 1987 2929 βα·-

350 2936 506 3009 θὲως,
561 2937 650 2992 καὶ
707 2938 931 3010 στόμασι
990 2937 1463 3013 πεπλατυσμὲνοις
1527 2940 1618 2994 καὶ
1676 2940 1818 2996 οὕτω
1871 2962 1990 2996 πε-

347 3023 737 3100 πληρωμένοις
773 3025 903 3082 Θεοῦ
950 3022 1296 3100 ἐκϐοήσομεν
1351 3030 1487 3104 πρὸς
1539 3029 1740 3084 ἐκεῖνον
1768 3031 1834 3085 τὰ
1864 3030 1989 3085 ἱλα-

345 3115 560 3188 στήρια.
611 3114 768 3172 Οὕτω
817 3117 917 3193 γὰρ
966 3114 1141 3171 κλινεῖ
1188 3117 1250 3171 τὸ
1319 3116 1409 3180 οὖς
1462 3117 1628 3173 αὐτοῦ
1682 3119 1762 3197 ἐφ’
1811 3123 1989 3193 ἡμᾶς,

341 3202 430 3257 καὶ
479 3202 871 3277 ἐπιμελήσεται
923 3206 1132 3260 πάντων
1186 3205 1261 3268 εἰς
1308 3205 1555 3276 εὐζωίαν,
1612 3208 1703 3263 καὶ
1756 3209 1881 3272 τοὺς
1939 3209 1991 3264 ἐν

341 3297 520 3367 ζυγοῖς
575 3290 920 3361 ἀδικοῦντας,
981 3294 1080 3349 οὐκ
1137 3295 1438 3372 ἀνθρώπων
1493 3297 1665 3364 υἱοὺς,
1726 3295 1872 3353 ἀλλά
1923 3299 1986 3354 τὸ

335 3379 388 3434 ἰν
419 3379 602 3444 αὐτοῖς
663 3381 930 3458 θηριῶδες
991 3385 1080 3438 καὶ
1140 3382 1428 3461 ἀλόγιστον
1484 3383 1853 3460 ψευδομένους
1894 3389 1985 3443 τὸν

335 3469 643 3546 ἄνθρωπον,
704 3472 1008 3537 ἀφαντώσει
1066 3471 1208 3549 ῥοπῇ⁹
1273 3479 1433 3548 ζυγοῦ
1488 3479 1586 3530 τοῦ
1637 3473 1860 3532 ἄνωθεν·
1906 3478 1996 3533 καὶ

345 3557 488 3614 οὕτω
535 3561 604 3616 τὰ
650 3563 843 3639 πρώην
898 3565 1034 3636 ἡμῖν
1090 3563 1471 3638 ἐμπολιτεύσει
1505 3567 1677 3642 ἀγαθὰ
1727 3569 1803 3632 εἷς
1839 3567 1996 3641 δόξαν

344 3649 512 3704 αὐτοῦ
570 3652 660 3706 καὶ
718 3649 917 3707 αἶ’νεσιν
952 3699 966 3724 ,
1021 3654 1120 3723 τὴν
1182 3653 1257 3716 εἷς
1315 3655 1514 3718 αἰῶνας
1569 3661 1677 3712 τῶν
1735 3656 1946 3714 αἰώνων
1981 3702 1996 3718 .

344 3739 548 3813 Ἀμήν.

2092 2050 2267 2118 oculi,
2297 2051 2384 2106 vel
2407 2053 2576 2122 juxta
2600 2051 2851 2123 fulguris
2881 2049 3273 2116 velocitatem,
3315 2053 3373 2103 et
3413 2047 3568 2118 quod
3604 2044 3746 2099 diei-

2090 2147 2207 2210 tur,
2245 2143 2588 2214 priusquam
2621 2142 2708 2198 vel
2741 2143 2983 2198 omnino
3014 2142 3303 2212 cogitetur
3327 2141 3419 2195 vel
3480 2143 3739 2209 rogetur.

2093 2232 2160 2286 Et
2190 2232 2311 2287 haec
2340 2233 2465 2304 ipse
2497 2238 2685 2302 potest
2715 2233 2867 2288 Deus
2892 2231 3148 2288 velocius
3197 2247 3374 2302 quam
3409 2243 3739 2300 speramus.

2093 2321 2163 2375 Et
2186 2321 2296 2376 hoc
2325 2338 2393 2376 ex
2423 2321 2540 2377 illis
2573 2321 2789 2377 nostris
2820 2321 2877 2376 in
2911 2321 3251 2392 captivitate
3272 2317 3581 2374 tormentis
3603 2333 3742 2371 con-

2087 2409 2411 2479 jiciendum
2442 2414 2551 2466 est.
2584 2409 2642 2465 Si
2675 2410 2831 2465 enim
2866 2415 3027 2477 tunc,
3062 2426 3195 2464 eum
3240 2408 3403 2463 nulla
3453 2423 3590 2478 spes
3635 2422 3742 2476 ap-

2095 2504 2458 2569 pareret,nec
2473 2499 2658 2554 ullum
2674 2499 2967 2554 trimestre
2979 2499 3109 2572 sign
3121 2515 3216 2553 um
3232 2499 3553 2569 perfectum
3569 2497 3744 2559 esset,

2096 2589 2337 2643 omnino
2384 2589 2614 2644 liberati
2655 2605 2863 2644 sumus
2894 2590 2966 2645 ab
2999 2589 3092 2644 his
3123 2605 3250 2659 quae
3283 2585 3746 2658 perferebamus.

2098 2677 2268 2733 malis
2299 2678 2443 2733 adeo
2475 2677 2726 2749 magnis,
2761 2682 2826 2734 ut
2865 2695 3034 2733 nemo
3067 2681 3407 2748 computare
3423 2691 3490 2729 ea
3509 2676 3746 2745 posset;

2101 2766 2285 2822 multo
2314 2767 2502 2839 magis
2538 2767 2634 2822 hic
2663 2768 2774 2823 erit
2795 2766 2951 2822 brevi
2977 2763 3486 2822 sublevamenillis
3504 2763 3604 2832 qui
3628 2777 3747 2816 non

2098 2873 2374 2928 prospere
2400 2857 2642 2928 degunt,
2673 2857 2996 2911 dummodo
3048 2855 3336 2926 profunde
3385 2851 3619 2908 contriti
3669 2850 3752 2905 si-

2103 2961 2258 3012 mus,
2289 2950 2346 3001 et
2375 2945 2576 3001 oribus
2637 2949 2875 3017 apertis,
2937 2949 2994 3000 et
3050 2945 3134 2999 sic
3187 2944 3302 2998 Deo
3359 2941 3622 3013 repletis,
3673 2939 3746 2995 ad

2099 3033 2265 3089 illum
2300 3051 2426 3106 quae
2468 3034 2940 3106 propitiationem
3003 3036 3237 3088 movent
3290 3029 3748 3103 proclamemus.

2101 3124 2196 3178 Sic
2225 3121 2380 3178 enim
2413 3124 2485 3178 ad
2520 3141 2626 3179 nos
2656 3122 2970 3178 inclinabit
2996 3137 3220 3191 aurem,
3254 3133 3576 3190 omnesque
3607 3131 3743 3171 cum

2099 3211 2502 3268 benevolentia
2531 3213 2780 3278 curabit,
2812 3217 2867 3266 et
2896 3228 2995 3267 eos
3045 3211 3142 3282 qui
3194 3209 3415 3280 injuste
3463 3211 3646 3278 agunt
3690 3205 3750 3259 in

2093 3301 2278 3374 jugis,
2299 3301 2398 3372 qui
2432 3318 2544 3356 non
2571 3301 2879 3356 hominum
2906 3299 3005 3354 filii
3039 3303 3198 3365 sunt,
3224 3299 3324 3353 sed
3379 3314 3487 3352 sua
3521 3295 3754 3350 feritate

2106 3395 2160 3447 et
2190 3391 2698 3446 irrationabilitate
2729 3389 3096 3445 mentiuntur
3125 3388 3450 3448 hominem.
3497 3383 3754 3440 inclina-

2108 3485 2306 3536 mento
2336 3481 2569 3535 trutinae
2601 3478 2850 3536 ccelestis
2884 3477 3236 3549 dissipabit:
3272 3480 3328 3531 et
3357 3475 3442 3531 sic
3475 3474 3532 3530 in
3566 3473 3755 3545 patria

2109 3570 2280 3627 nobis
2313 3570 2610 3642 primitiva
2641 3570 2794 3626 bona
2824 3568 3117 3635 restituet,
3151 3567 3222 3622 ad
3268 3565 3459 3638 ipsius
3506 3563 3756 3636 gloriam

2111 3664 2168 3716 et
2197 3660 2457 3728 laudem,
2485 3677 2612 3732 quae
2644 3664 2734 3716 est
2763 3659 2823 3714 in
2867 3656 3080 3715 sacula
3129 3655 3502 3713 seculorum.
3550 3655 3758 3708 Amen.

1308 3956 3766 3985 W

1687 4141 1855 4271 Ε]
1877 4139 2422 4274 USDEM

725 4400 903 4523 IN
999 4399 1792 4524 SANCTAM
1893 4400 3384 4552 QUADRAGESIMAM

1729 4655 2180 4746 ORATIO
2239 4659 2389 4748 III.

350 4985 455 5063 Τοξὶ
500 4984 689 5063 ᾕαῦτοῦ
771 4985 1076 5063 Εὖσταθίου
1153 4985 1552 5063 Θεσσαλονίκης
1630 4986 1794 5063 λόγος
1869 5007 1986 5062 προ·

2118 4990 2376 5062 Ejusdem
2408 4991 2697 5047 Eustathii
2731 4990 3230 5046 Thessalonicensis
3277 4990 3338 5044 in
3365 4990 3611 5044 sanctam
3646 5003 3772 5040 ma-

423 5051 742 5136 λαληθεὶς“
776 5064 875 5126 τῆς
951 5059 1105 5133 ἀγίας
1181 5079 1270 5114 και
1353 5051 1598 5136 μεγάλης
1675 5051 2010 5136 Τέσσαρακο-

425 5132 576 5198 στῆς,
609 5129 686 5190 ὡς
717 5125 861 5192 ἔθος.

427 5253 493 5309 α’.
524 5278 552 5306 ‹‹
586 5253 868 5331 Μακάριος
913 5256 940 5310 ὁ
995 5257 1232 5326 ποιήσας
1287 5256 1376 5311 καὶ
1435 5254 1672 5328 διδάξας.
1736 5281 1764 5309 ››
1813 5254 1917 5312 Δῦο
1945 5258 2009 5312 τὸ

355 5339 522 5416 ῥητὸν
581 5347 743 5398 τοῦτο
793 5343 997 5407 ἐννοίας
1054 5343 1404 5421 προίσχεται,
1457 5347 1530 5400 ὧν
1567 5347 1667 5419 μία
1700 5347 1792 5418 μὲν
1847 5345 2005 5417 αὕτη·

353 5433 638 5508 Μακάριός
687 5433 828 5489 ἐστιν
887 5434 940 5489 ἐν
998 5435 1311 5511 ἀνθρώποις
1371 5437 1398 5489 ὁ
1442 5440 1634 5512 πρῶτα
1696 5436 1790 5508 μὶν
1845 5437 2011 5506 ποιή-

353 5541 494 5595 σας,
539 5521 654 5578 εἶτα
708 5524 798 5578 καὶ
854 5521 1046 5601 λόγοις
1101 5521 1316 5595 διδάξας
1373 5525 1438 5579 τὰ
1495 5525 1545 5587 ἐς
1593 5525 1790 5598 ὁμοίαν
1842 5526 2010 5596 ποίη-

353 5631 461 5685 σιν,
495 5611 568 5675 ώς
613 5615 795 5690 χρεὼν
844 5614 902 5669 ὃν
956 5614 1048 5671 τὸν
1106 5613 1347 5689 μαθόντα
1385 5619 1559 5670 ποιεῖν
1601 5614 1822 5690 ἀγαθὸν,
1868 5614 2012 5671 οὕτω

430 5839 476 5877 ¹³
504 5839 713 5900 Matth.
744 5858 802 5913 v,
833 5841 923 5900 49.

2187 5080 2461 5132 gnamque
2516 5064 3027 5134 Quadragesimam,
3062 5063 3230 5132 juxta
3288 5077 3516 5130 morem,
3591 5063 3770 5114 oratio

2187 5137 2618 5206 praparatoria.

2193 5259 2245 5314 1.
2279 5259 2492 5314 Beatus
2524 5259 2622 5331 qui
2661 5259 2794 5315 fecit
2824 5261 2880 5314 et
2927 5257 3207 5324 docuit”,
3233 5279 3260 5308 »
3315 5261 3467 5312 Duos
3517 5255 3626 5309 hoc
3681 5253 3771 5309 di-

2123 5353 2282 5404 ctum
2317 5366 2432 5419 pra:
2465 5365 2524 5404 se
2569 5350 2679 5404 fert
2735 5365 2968 5414 sensus,
3029 5363 3280 5418 quorum
3334 5363 3488 5400 unus
3534 5344 3774 5415 quidem

2122 5437 2218 5492 hic
2241 5443 2363 5494 est:
2398 5439 2609 5493 Beatus
2641 5443 2731 5493 est
2755 5437 2906 5493 inter
2927 5436 3221 5500 homines,
3258 5434 3357 5506 qui
3391 5433 3579 5506 primo
3638 5433 3739 5505 qui
3761 5464 3777 5476 -

2125 5529 2255 5583 dem
2280 5527 2435 5598 fecit,
2460 5527 2670 5583 deinde
2708 5544 2843 5583 vero
2881 5543 3006 5598 quas
3043 5525 3309 5580 facienda
3331 5529 3472 5579 sunt
3501 5524 3572 5580 ad
3607 5523 3779 5580 simi-

2123 5617 2237 5674 lem
2267 5615 2688 5689 operationem,
2715 5615 3320 5684 sermonibusdocuit,
3339 5615 3510 5687 quasi
3537 5629 3778 5672 necesse
