4082 6358
349 443 466 505 635

347 662 493 719 alios
526 665 732 721 docere
765 692 778 733 ;
811 668 981 736 cujus
1007 685 1174 738 porro
1195 668 1381 723 virtus
1424 673 1511 723 est
1544 685 1760 724 munus
1793 686 1998 740 accep-

342 756 470 807 tum
507 756 717 825 partim
752 757 822 810 ab
856 757 1218 823 hominibus,
1256 761 1468 829 partim
1503 776 1535 813 a
1567 758 1702 826 Deo,
1741 757 1996 830 plerum-

345 858 461 914 que
487 845 561 898 ab
593 845 897 911 ambolus;
935 847 1014 900 ita
1047 851 1109 900 ut
1147 847 1193 901 ei
1231 848 1329 917 qui
1366 865 1481 901 non
1517 848 1707 902 adhuc
1761 849 1894 902 fecit
1942 853 1998 903 et

345 933 768 1001 operationem,
803 932 962 988 velut
991 935 1128 1006 quis
1160 935 1508 990 naturaliter
1539 937 1774 1006 sapiens
1807 938 1995 1002 docet,

345 1021 555 1075 merito
587 1023 907 1076 cavendum
940 1028 1116 1089 esset,
1152 1040 1221 1078 ne
1271 1024 1382 1079 sibi
1437 1024 1761 1079 diceretur:
1817 1025 1995 1082 Num-

346 1108 486 1179 quid
522 1126 783 1180 unquam
818 1111 944 1182 ipse
977 1111 1160 1167 fecisti
1193 1113 1352 1183 quod
1382 1130 1537 1168 nunc
1570 1114 1744 1168 doces
1769 1113 1797 1168 Ῡ
1825 1117 1880 1168 et
1913 1113 1996 1168 sic

345 1197 716 1254 erubesceret
773 1201 1013 1270 pudere.
1069 1200 1227 1257 Talis
1285 1207 1376 1257 est
1433 1202 1671 1272 quidem
1733 1203 1994 1274 praedicti

341 1286 499 1341 verbi
533 1304 687 1343 unus
718 1305 950 1345 sensus.
985 1289 1145 1345 Alter
1195 1296 1389 1345 autem
1446 1291 1541 1346 hic
1589 1296 1719 1346 est:
1781 1295 1994 1347 Beatus

343 1376 445 1446 qui
480 1376 695 1442 fecerit,
729 1382 786 1432 et
817 1378 926 1433 hac
958 1379 1196 1450 quidem
1222 1380 1560 1452 operatione
1586 1380 1712 1436 sola
1733 1382 1996 1436 docuerit

341 1469 400 1520 et
431 1464 576 1521 alios
607 1465 759 1522 idem
794 1468 979 1524 facere
1006 1469 1249 1524 bonum.

411 1572 466 1627 2.
527 1577 782 1628 Duarum
833 1573 1083 1630 istarum
1147 1575 1572 1631 sententiarum
1620 1578 1813 1648 prima
1861 1577 1993 1648 qui-

343 1661 478 1715 dem
512 1663 809 1733 proposita
839 1662 1191 1735 simpliciter
1239 1664 1465 1718 homini
1518 1666 1806 1733 convenit,
1847 1682 1992 1736 qua-

342 1752 516 1804 tenus
549 1751 690 1806 artis
721 1757 810 1806 est
837 1751 1042 1814 forma,
1077 1755 1237 1822 juxta
1265 1771 1441 1824 quam
1478 1770 1592 1809 non
1640 1754 1808 1809 aliter
1858 1754 1992 1824 quis

341 1837 584 1892 edocere
644 1845 857 1910 potest.
917 1842 1030 1896 nisi
1087 1843 1249 1913 prius
1279 1842 1690 1898 exercitatione
1764 1844 1991 1913 experi-

1133 447 1548 510 EUSTATHII
1597 447 1893 510 'fIiESSA
1908 449 2367 510 LONICENSIS
2413 449 2999 512 METROPOLIT/E

347 573 496 629 foret
527 591 658 630 eum
695 576 794 648 qui
829 577 1014 633 facere
1074 577 1292 633 bonum
1353 583 1441 634 est
1490 579 1757 649 edoctus,
1809 578 1894 636 sic
1944 583 1995 634 et

2111 579 2198 632 xui
2263 579 2466 653 ἑτέροις
2526 576 2793 634 διδάσκειν
2830 599 2842 611 ο

3646 447 3762 508 636

2905 578 2966 633 οὗ
3028 576 3094 647 δὴ
3157 577 3320 652 ἀρετὴ
3379 577 3441 631 τὸ
3497 571 3762 649 ἔμμισθον

2108 670 2185 732 πῆ
2247 669 2343 740 μὲν
2394 668 2896 744 ἀνθρωπίνως,”πῆ
2949 665 3006 722 δὲ
3054 667 3113 722 ix
3163 671 3318 737 Θεοῦ,
3363 667 3438 730 ὡς
3485 665 3551 720 τὰ
3580 663 3767 720 πολλὰ

2109 754 2166 810 δε
2226 756 2275 827 ἐξ
2331 757 2556 836 ἀμφοῖν·
2619 758 2694 821 ὡς
2753 757 2782 812 δ
2838 778 2902 832 γε
2963 758 3036 830 μή
3097 755 3415 824 πεποιηκὼς
3466 751 3564 825 ἔτι,
3621 753 3766 808 ἀλλά

2109 841 2375 900 διδάσκων
2424 846 2500 908 εἷς
2550 840 2731 921 ἔργον,
2784 848 2876 900 οἶα
2921 845 3011 900 καί
3059 867 3140 907 τις
3186 845 3534 922 θυμόσοφος,
3597 840 3760 897 εὐλα-

2107 929 2260 989 ϐοῖτο
2306 933 2364 989 ἂν
2414 935 2637 996 εἷ’κότως
2669 983 2683 1006 ,
2733 937 2808 1007 μή
2861 947 3023 998 ποθεν
3070 935 3292 989 ἀκούσοι
3339 933 3440 988 τό·
3503 931 3641 1006 Ἀρά
3701 952 3764 1005 γε

2105 1021 2410 1094 πεποίηκάς
2465 1045 2596 1079 ποτε
2644 1023 2824 1091 αὐτὸς,
2874 1024 2902 1078 '6
2951 1028 3040 1078 νῦν
3091 1021 3408 1092 διδάσκεις;
3451 1022 3537 1076 καὶ
3586 1019 3760 1082 οὕτως

2105 1112 2440 1187 αἰσχυνεῖται
2540 1109 3064 1186 κατακαλυψάμενος
3128 1159 3138 1170 .
3228 1111 3334 1168 Καὶ
3417 1109 3550 1179 αὕτη
3664 1111 3760 1182 μὲν

2105 1196 2285 1256 ἔννοια
2374 1202 2469 1274 μία
2550 1206 2647 1256 τοῦ
2735 1200 3160 1275 προτεθειμένου
3247 1201 3442 1278 ῥητοῦ.
3524 1199 3758 1273 Δευτέρα

2106 1286 2164 1345 δὲ
2215 1290 2298 1346 τό·
2361 1289 2686 1367 Μακάριος,
2745 1291 2806 1353 ὃς
2864 1289 2924 1345 ἃν
2995 1293 3228 1366 ποιήσῃ,
3285 1290 3376 1344 καὶ
3448 1287 3621 1350 οὕτως
3708 1287 3763 1344 έν

2108 1378 2262 1452 μόνῳ
2316 1384 2396 1451 τῷ
2465 1380 2821 1450 πεποιηκέναι
2903 1376 3088 1454 διδάξῃ
3163 1377 3251 1435 καὶ
3313 1374 3525 1453 ἑτέρους
3581 1382 3762 1432 ποιεῖν

2104 1468 2299 1542 ἀγαθὸν
2325 1469 2541 1542 ὅμοιον.

2181 1578 2244 1651 β’.
2277 1575 2492 1631 Τούτων
2539 1580 2647 1631 τῶν
2700 1573 2796 1631 δύο
2843 1575 3062 1631 ἐννοιῶν
3106 1577 3140 1644 ἡ
3196 1574 3290 1647 μὲν
3327 1567 3759 1648 προϐεϐλημένη

2102 1667 2294 1741 πρώτη
2363 1666 2638 1742 ἀνθρώπῳ
2715 1665 3001 1740 ἐπιπρέπει
3072 1669 3154 1736 τῷ
3223 1662 3460 1734 ἁπλῶς,
3523 1659 3763 1733 ἴνὸαλμα

2101 1756 2303 1830 τέχνης
2351 1754 2503 1824 οὖσα,
2552 1756 2672 1818 καθ’
2713 1757 2774 1824 ἢν
2827 1756 2930 1810 οὐκ
2979 1753 3094 1829 ἔχει
3143 1775 3226 1816 τις
3277 1750 3462 1812 ἄλλως
3523 1748 3756 1820 mam"

2104 1845 2149 1898 εἰ
2215 1845 2290 1916 μὴ
2370 1844 2632 1920 πρότερον
2705 1843 3182 1918 ἐγγυμνασάμενος
3254 1840 3344 1896 καὶ
3422 1835 3758 1913 καταλαχὼν

338 1931 649 1999 mentoque
679 1929 940 1984 docenda
973 1931 1158 1985 facere
1187 1931 1433 1986 sciverit.
1474 1931 1765 1987 Posterior
1793 1937 1988 1987 autem

2110 1929 2296 1987 εἶ’σεται
2341 1938 2539 2000 ποιεῖν,
2595 1933 2624 1986 ’ὁ
2673 1931 2864 2005 μέλλει
2933 1929 3223 1986 διδάσκειν.
3276 1931 3337 1984 Ἡ
3395 1925 3452 1983 δὲ
3511 1925 3754 2003 δευτέρα,

333 2015 506 2085 juxta
537 2033 714 2088 quam
751 2017 965 2089 aliquis
1006 2037 1254 2091 operans
1303 2021 1500 2076 statim
1552 2021 1747 2076 erudit
1792 2027 1848 2076 et
1897 2021 1986 2076 in-

341 2105 521 2159 struit
575 2112 632 2160 et
713 2109 890 2162 efﬁcit
983 2110 1272 2179 quosdam
1359 2111 1606 2166 scientia
1691 2111 1986 2181 praeditos,

343 2193 488 2248 nihil
522 2195 756 2260 docens,
793 2197 892 2252 sed
946 2197 1126 2253 silens
1176 2199 1245 2252 ad
1293 2216 1361 2254 ea
1406 2216 1531 2269 quae
1580 2199 1651 2254 ad
1703 2199 1988 2254 methodi-

343 2298 471 2336 cam
505 2285 798 2354 pertinent
849 2286 1246 2358 disciplinam,
1305 2287 1526 2358 aliquid
1577 2293 1667 2343 est
1712 2287 1990 2355 divinius,

344 2375 402 2426 et
433 2389 548 2426 non
607 2375 934 2430 secundum
993 2376 1295 2432 hominem
1353 2378 1498 2432 artis
1557 2375 1828 2447 peritum,
1889 2377 1989 2432 sed

342 2460 747 2533 archetypum,
781 2470 1009 2520 etcum
1071 2466 1292 2521 mundo
1350 2466 1644 2537 primitivo
1700 2472 1990 2534 exortum,

346 2553 404 2604 et
460 2550 590 2606 ideo
646 2553 1032 2623 primitivum,
1087 2560 1144 2610 et
1226 2555 1310 2611 sic
1383 2555 1988 2611 honorandissimum.

348 2639 572 2694 Etenim
606 2642 676 2696 ab
707 2641 874 2698 initio
907 2643 1061 2698 Deus
1092 2643 1226 2699 fecit
1255 2649 1313 2699 et
1370 2645 1456 2699 sic
1507 2645 1760 2711 edocuit,
1814 2661 1990 2715 ange-

343 2725 432 2782 los
465 2745 594 2785 cum
629 2731 819 2802 primo
861 2733 1143 2800 condidit,
1207 2742 1421 2789 terram
1479 2734 1769 2799 formavit,
1816 2734 1992 2790 cmlos

346 2819 580 2888 creavit,
613 2825 670 2874 et
699 2821 852 2876 inter
881 2821 1002 2887 illa,
1037 2821 1223 2878 multa
1250 2823 1431 2888 varia,
1491 2840 1618 2895 quas
1665 2824 1756 2879 vix
1808 2823 1992 2896 aspici

344 2915 614 2978 possunt,
646 2910 1080 2966 disseminavit:
1117 2929 1184 2968 ex
1215 2913 1432 2984 quibus
1473 2913 1640 2969 factis
1697 2913 1991 2970 eﬂ'ormari

344 2995 636 3064 potuisset
664 2997 752 3053 his
803 3000 1091 3070 posterior
1139 3001 1333 3057 omnis
1394 3001 1592 3069 homo,
1652 3001 1787 3058 licet
1843 3003 1990 3058 nihil

348 3099 608 3155 unquam
683 3105 716 3142 a
789 3089 1124 3146 doctoribus
1208 3091 1492 3148 audisset.
1576 3091 1721 3147 Cum
1798 3098 1989 3148 autem

347 3174 553 3229 mundi
587 3176 885 3248 praeclara,
914 3180 986 3235 de
1039 3180 1256 3251 quibus
1304 3185 1361 3236 et
1410 3198 1512 3252 per
1551 3199 1679 3252 quas
1719 3181 1995 3238 laudatur

343 3262 520 3333 Deus,
555 3282 670 3321 non
728 3267 987 3324 valerent
1043 3271 1173 3340 ipsa
1216 3271 1422 3324 docere
1479 3271 1802 3335 hominem,
1863 3285 1992 3324 sese

343 3355 872 3423 quomodocunque
904 3359 1183 3414 acciderit
1240 3364 1568 3430 gyrantem,
1628 3364 1686 3412 et
1728 3360 1799 3412 ad
1853 3373 1988 3412 eum

343 3442 443 3511 qui
476 3443 692 3500 fecerat
720 3452 779 3500 et
808 3445 887 3500 ita
938 3448 1217 3502 docuerat
1274 3465 1388 3502 non
1435 3465 1497 3504 se
1543 3451 1884 3511 vertentem,
1928 3450 1993 3499 ut

342 3529 659 3586 imitationi
688 3534 860 3602 juxta
889 3535 1040 3590 vires
1073 3535 1143 3590 ad
1190 3535 1511 3606 imaginem
1545 3535 1704 3589 illius
1755 3533 1995 3604 efﬁnge-

344 3622 538 3686 retur;
572 3623 714 3675 tunc
742 3621 977 3678 Creator
1018 3624 1266 3694 desuper
1315 3624 1369 3677 in
1424 3632 1635 3679 terram
1687 3621 1981 3694 plasmati‘

346 3723 614 3778 parcens,
647 3709 895 3780 illapsus
925 3714 981 3765 et
1007 3711 1254 3782 loquens
1284 3711 1503 3767 animal
1535 3713 1607 3766 ad
1640 3711 1986 3767 salvandum

345 3793 536 3866 ipsius
565 3813 751 3869 genus
791 3799 1056 3868 indutus,
1113 3801 1360 3870 praefatis
1421 3801 1631 3873 prioris
1692 3803 1994 3857 sententiis

347 3884 542 3941 factus
573 3891 684 3953 est,
718 3888 790 3943 ad
826 3889 1163 3945 faciendum
1198 3891 1586 3962 personaliter
1616 3907 1684 3947 ea
1715 3909 1839 3962 qua:
1876 3909 1997 3947 me-

349 3973 556 4030 liorem
585 3993 788 4032 verum
821 3977 1123 4035 hominem
1159 3979 1498 4049 reddunt,et
1519 3980 1622 4036 illa
1643 3982 1996 4050 docendum,

351 4069 408 4119 et
438 4064 700 4137 seipsum
732 4067 1004 4124 humanis
1037 4068 1412 4140 perfectionis
1452 4069 1749 4141 exemplar
1798 4075 1997 4126 osten-

353 4153 636 4211 dendum.
671 4160 737 4212 Et
767 4157 849 4213 ita
882 4157 1122 4230 quidem
1164 4158 1357 4214 omnis
1389 4158 1489 4231 qui
1522 4160 1662 4214 facit
1693 4165 1750 4215 et
1781 4176 1880 4230 per
1906 4177 1999 4216 so-

352 4241 468 4298 lam
516 4246 915 4315 operationem
969 4248 1157 4315 docet,
1215 4248 1439 4304 anteire
1483 4248 1800 4316 videretur,
1833 4250 2003 4320 juxta

357 4333 514 4404 quod
554 4339 644 4389 est
673 4334 952 4402 divinius,
985 4337 1155 4391 illum
1206 4336 1308 4409 qui
1355 4336 1494 4392 facit
1540 4341 1596 4392 et
1646 4337 1832 4404 docet,
1883 4338 2002 4392 sive

357 4421 457 4492 qui
489 4425 765 4493 praecedit
795 4426 864 4479 ad
894 4441 1088 4496 opera,
1125 4425 1336 4481 deinde
1367 4425 1695 4481 doctrinam
1726 4426 1872 4498 ipsis
1901 4427 2000 4481 ad-

358 4510 466 4576 dit,
499 4516 554 4565 et
583 4513 803 4569 edoctis
833 4515 1124 4583 adjicere:
1161 4515 1667 4580 Quemadmodum
1703 4531 1789 4570 me
1848 4516 2002 4571 vide-

358 4598 436 4652 tis
468 4599 800 4665 facientem,
834 4602 914 4657 ita
947 4607 1004 4658 et
1030 4619 1132 4658 vos
1159 4602 1348 4658 facite.
1385 4605 1575 4673 Atque
1607 4603 1687 4658 ita
1744 4603 2002 4675 plerum-

2098 2023 2217 2076 καθ’
2265 2024 2326 2089 ἣν
2373 2026 2547 2077 ποιῶν
2595 2043 2676 2083 τις
2725 2020 2914 2076 αὐτίκα
2965 2021 3052 2076 καὶ
3123 2017 3369 2074 παιδεύει
3412 2016 3501 2072 καὶ
3553 2017 3758 2071 συνετί-

2102 2116 2176 2179 ζει
2223 2113 2312 2166 καὶ
2381 2110 2636 2167 ἀποτελεῖ
2683 2131 2833 2172 τινας
2903 2109 3292 2181 ἐπιστήμονας,
3344 2104 3512 2180 μηδέν
3566 2127 3618 2161 τι
3662 2103 3746 2160 δι-

2101 2197 2335 2269 δάσκων,
2397 2198 2522 2255 ἀλλ’
2577 2202 2798 2274 ἠρεμῶν
2847 2198 2914 2254 τὰ
2944 2198 3020 2261 εἷς
3069 2195 3361 2272 μεθοδικὴν
3394 2194 3746 2266 ἀκολουθίαν,

2102 2289 2369 2362 θειότερόν
2427 2289 2480 2343 τί
2539 2289 2671 2357 ἐστι,
2727 2288 2817 2343 καὶ
2885 2287 2946 2343 οὗ
3021 2288 3139 2343 κατ’
3211 2283 3492 2362 ἄνθρωπον
3546 2283 3746 2359 τέχνης

2101 2375 2386 2450 εΐδνςμονα,
2463 2378 2552 2432 καὶ
2629 2377 2928 2452 ἀρχέγονον
3003 2377 3092 2431 καὶ
3165 2369 3746 2452 συγκαταϐεὖλημένον

2099 2472 2178 2538 τῷ
2207 2463 2398 2540 κόσμῳ
2455 2465 2506 2521 ἐν
2561 2467 2731 2542 ἀρχῇ,
2791 2467 2881 2521 καὶ
2940 2464 3028 2521 διὰ
3083 2470 3244 2521 τοῦτο
3303 2467 3602 2540 πρωτεῦον,
3658 2462 3748 2517 καὶ

2103 2556 2244 2611 οὕτω
2297 2557 2629 2628 τιμιώτατον
2663 2599 2676 2612 .
2734 2558 3000 2631 Ἀρχῆθεν
3064 2557 3158 2629 μὲν
3217 2555 3318 2629 γὰρ
3379 2555 3406 2608 6
3467 2554 3597 2615 Θεὸς
3655 2573 3746 2607 πε-

2102 2646 2316 2718 οπίηκε,
2367 2647 2456 2702 καὶ
2517 2646 2687 2708 οὕτως
2738 2643 3015 2716 ἐδίδαξεν,
3075 2642 3342 2722 ἀγγέλους
3400 2643 3741 2719 προϋποστή-

2100 2758 2239 2810 σας,
2296 2737 2398 2810 γῆν
2456 2736 2749 2811 κεντρίσας,
2801 2735 3026 2812 οὐρανὸν
3086 2736 3426 2805 ὑποστήσας,
3483 2736 3594 2793 τοῖς
3651 2726 3738 2783 διὰ

2107 2826 2281 2900 μέσων
2348 2827 2659 2900 μεστώσας,
2715 2830 2832 2890 τοῖς
2887 2822 3122 2886 πολλοῖς
3179 2825 3270 2879 καὶ
3327 2820 3604 2883 ποικίλοις
3656 2815 3743 2872 xui

2103 2914 2524 2991 δυσθεωρήτοις·
2587 2915 2638 2985 ἐξ
2691 2916 2765 2969 ὧν
2820 2915 3205 2986 πεποιημένων
3277 2913 3418 2987 εἶχεν
3478 2909 3538 2965 ἂν
3599 2927 3750 2964 συνε-

2100 3005 2393 3075 τίζεσθαιὸ
2456 3006 2570 3078 μετ’
2629 3004 2763 3060 αὐτὰ
2816 3011 2920 3067 πᾶς
2977 3003 3284 3077 ἅνθρωπος,
3331 2999 3379 3054 εἲ
3431 2997 3521 3053 xui
3576 2993 3747 3069 μηδέν

2101 3115 2153 3149 τι
2203 3092 2605 3154 διδασκαλικῶς
2680 3105 2840 3156 ποθεν
2919 3088 3292 3165 παρήγγελτο.
3354 3084 3499 3142 Ἐπεὶ
3569 3081 3627 3137 δὲ
3683 3085 3751 3137 τὰ

2104 3182 2371 3257 ὲγκόσμια
2426 3181 2588 3249 καλὰ,
2641 3180 2720 3255 ἐφ’
2768 3183 2851 3242 οἷς
2909 3179 2998 3233 καὶ
3054 3175 3124 3230 δι’
3171 3174 3242 3228 ὧν
3294 3173 3517 3257 αἶνεῖται
3574 3171 3746 3257 θεὸς,

2106 3250 2203 3326 06x
2259 3250 2450 3343 ihxuo»
2509 3267 2644 3322 αὒτᾶ
2700 3265 2905 3337 διδάξαι
2965 3264 3054 3318 τὸν
3114 3260 3421 3335 ἄνθρωπον,
3481 3250 3750 3332 ῥεμϐόμε-

2103 3379 2234 3425 νον,
2287 3359 2435 3418 δπως
2485 3355 2544 3409 ἂν
2596 3354 2682 3409 καὶ
2730 3353 2914 3426 τύχοι,
2964 3351 3052 3405 καὶ
3108 3355 3204 3404 τοῦ
3234 3345 3602 3417 πεποιηκότος
3659 3343 3750 3398 καὶ

2103 3444 2245 3499 οὕτω
2277 3441 2630 3517 δεδιδαχότος
2687 3442 2762 3512 μὴ
2815 3438 3293 3516 ἐπιστρεφόμενον,
3333 3434 3425 3490 ’ίνα
3453 3439 3522 3509 τῇ
3569 3433 3620 3496 ές
3655 3431 3752 3487 δυ-

2101 3533 2260 3586 νατὸν
2323 3530 2618 3604 ἐκμιμησει
2676 3530 2812 3604 πρὸς
2881 3528 3081 3584 ἐκεῖνον
3138 3526 3524 3600 ἐξεικονίζηται
3559 3541 3571 3555 ·
3632 3522 3754 3577 τότε

2105 3617 2171 3690 δὴ
2200 3618 2477 3675 κατελθὼν
2529 3622 2556 3674 6
2604 3620 2840 3689 ποιητὴς
2890 3615 3087 3681 ἄνωθεν
3144 3617 3219 3680 εἰς
3275 3619 3374 3691 γῆν
3431 3610 3608 3692 φειδοῖ
3658 3607 3754 3665 τοῦ

2104 3707 2448 3782 πλάσματος,
2496 3708 2585 3763 καὶ
2643 3709 2706 3763 τὸ
2765 3706 3006 3778 λαλητὸν
3061 3710 3196 3774 ζῶον
3255 3702 3610 3776 ἐνδυσάμενος
3666 3699 3754 3756 ἐπὶ

2107 3799 2350 3874 σωτηρίᾳ
2407 3802 2501 3852 τοῦ
2558 3799 2674 3852 κατ’
2732 3797 2866 3852 αὐτὸ
2919 3795 3150 3870 γένους,
3209 3796 3398 3870 γέγονε
3451 3795 3549 3860 τῆς
3605 3789 3756 3844 έκτε-

2108 3886 2362 3958 θειμένης
2399 3885 2623 3960 πρώτης
2671 3884 2900 3954 ἐννοίας,
2948 3887 3045 3938 τοῦ
3091 3883 3181 3936 καὶ
3229 3887 3458 3950 ποιῆσαι
3508 3877 3638 3933 αὐτὸ
3691 3878 3757 3931 τὰ

2113 3973 2432 4050 βελτιοῦντα
2484 3975 2576 4030 τὸν
2637 3969 2802 4036 ὅντως
2855 3971 3136 4044 ἄνθρωπον
3173 4015 3187 4038 ,
3242 3969 3332 4024 καὶ
3413 3967 3497 4023 ἐπ’
3573 3967 3758 4029 αὐτοῖς

2108 4075 2196 4119 και
2252 4061 2510 4134 διδάξαι,
2559 4064 2645 4118 καὶ
2726 4059 3070 4138 παράδειγμα
3144 4058 3329 4114 ἑαυτὸν
3414 4057 3594 4112 θέσθαι
3659 4061 3760 4123 τῆς

2108 4154 2225 4208 κατ’
2285 4152 2565 4226 ἄνθρωπον
2622 4151 2988 4221 τελειότητος.
3050 4147 3154 4205 Καὶ
3205 4147 3346 4201 οὕτω
3400 4145 3493 4219 μὲν
3539 4145 3675 4206 ἅπας
3732 4144 3760 4196 6

2110 4245 2304 4311 ποιῶν,
2348 4241 2436 4295 καὶ
2491 4239 2582 4295 διὰ
2631 4242 2799 4313 μόνου
2844 4243 2941 4294 τοῦ
2985 4243 3158 4293 ποιεῖν
3212 4233 3517 4305 διδάσκων,
3570 4253 3765 4306 προτε-

2113 4329 2282 4407 ρεύειν
2313 4331 2450 4385 κατὰ
2477 4330 2539 4384 τὸ
2589 4328 2856 4404 θειότερον
2911 4323 3056 4397 δόξοι
3091 4325 3147 4381 ἂν
3195 4329 3290 4381 τοῦ
3340 4324 3427 4380 xui
3469 4326 3765 4384 ποιοῦντος

2186 4418 2200 4440 \
2359 4421 2368 4438 Ι
2705 4415 2730 4438 )I
2761 4420 2772 4438 ν
2854 4415 2882 4436 ν
3083 4417 3092 4435 r
3359 4413 3407 4450 Ἀ
3457 4407 3480 4428 ’Ῐ
3675 4411 3702 4452 γ

2111 4440 2202 4474 και
2252 4416 2624 4490 διδάσκοντος,
2674 4439 2754 4472 ειτ
2823 4439 2913 4471 ουν
2955 4436 3287 4491 προαγοντος
3331 4435 3405 4477 ει..
3455 4433 3606 4489 εργα,
3652 4432 3765 4466 ε.τα

2111 4507 2199 4562 xui
2231 4509 2292 4563 τὸ
2348 4506 2695 4562 διδασκάλιον
2754 4507 2938 4568 αὐτοῖς
2996 4505 3317 4580 ἐπάγοντος,
3365 4502 3455 4558 καὶ
3487 4499 3762 4576 ἐπιλέγειν

2111 4602 2229 4659 τοῖς
2289 4595 2736 4670 διδασκομένοις,
2790 4595 2874 4650 ὅτι
2931 4595 3078 4659 Καθὰ
3133 4593 3230 4667 ἐμὲ
3285 4596 3550 4648 ποιοῦντα
3611 4590 3763 4667 βλέ-

359 4705 472 4760 que
503 4694 704 4744 aratur
735 4695 794 4745 et
823 4691 1152 4747 seminatur
1184 4692 1479 4748 fructuosa
1512 4698 1721 4747 nostras
1769 4709 1995 4748 conver-

2111 4705 2258 4752 πετε,
2311 4685 2453 4740 οὕτω
2505 4685 2593 4740 xui
2643 4687 2799 4759 ὑμεῖς
2842 4690 3086 4740 ποιεῖτε.
3142 4682 3248 4738 Καὶ
3305 4681 3481 4736 τοίνυν
3541 4681 3766 4734 ὡσεπι-

355 4777 605 4834 sationis
637 4796 772 4850 ager
805 4795 907 4852 per
954 4780 1339 4837 oeconomiam
1395 4786 1518 4837 tum
1571 4781 1836 4838 facientis
1879 4786 2008 4838 tum

357 4867 642 4924 docentis.

425 5159 478 5214 3.
507 5159 598 5214 Sic
620 5163 814 5215 autem
877 5159 1139 5216 stabilito
1201 5161 1434 5218 duabus
1487 5161 1792 5218 sententiis
1850 5163 2004 5221 isto:

359 5246 629 5304 «Beatus
653 5254 748 5320 qui
777 5251 909 5304 fecit
947 5255 1003 5305 et
1042 5251 1261 5318 docuit,
1286 5277 1306 5302 ι
1338 5251 1563 5323 aliquid
1598 5251 1786 5323 magis
1817 5257 2006 5308 extra-

357 5354 532 5393 neum
590 5340 972 5411 preesecundo
1007 5340 1611 5412 superanimadverto.
1637 5342 1828 5396 Potest
1849 5341 2006 5396 enim

354 5425 578 5496 aliquid
612 5429 745 5483 boni
775 5429 893 5484 fieri
921 5429 994 5484 ab
1019 5429 1276 5496 homine,
1301 5430 1439 5500 quin
1465 5429 1648 5485 ullam
1677 5430 1877 5485 statim
1906 5431 2001 5484 ha-

357 5512 494 5567 beat
515 5516 866 5586 doctrinam,
897 5519 978 5574 ita
1002 5525 1065 5574 ut
1083 5537 1184 5591 per
1206 5519 1348 5574 illud
1375 5519 1613 5592 quidem
1650 5521 2007 5574 ascendatur

362 5600 432 5656 ad
466 5615 534 5654 ea
563 5619 690 5672 quin
716 5612 856 5661 sunt
882 5612 1016 5663 ante
1047 5606 1278 5673 saecula,
1322 5607 1393 5662 ad
1443 5624 1638 5663 veram
1692 5607 2004 5663 beatitudi-

361 5703 519 5755 nem,
551 5693 622 5746 ad
655 5692 1380 5768 felicitatem‘jmmortalis
1413 5695 1510 5752 Dei
1537 5714 1550 5764 ;
1582 5695 1876 5768 siquidem
1905 5695 2006 5752 ille

359 5777 570 5836 beauts
591 5785 650 5838 et
677 5782 1028 5843 immortalis
1075 5801 1257 5858 supra
1286 5802 1414 5858 quas
1445 5785 1617 5844 nobis
1647 5802 1713 5844 eo
1762 5785 2008 5844 veniunt

2119 4773 2265 4830 πολὺ
2323 4777 2545 4852 ἀροῦται
2598 4776 2688 4831 καὶ
2747 4776 3015 4850 σπείρεται
3077 4773 3154 4838 εἲς
3209 4771 3536 4851 τελεσφόρον
3583 4773 3618 4840 ἡ
3667 4774 3766 4826 τοῧ

2118 4867 2238 4921 καθ’
2295 4868 2443 4939 ἡμᾶς
2503 4866 2622 4941 βίου
2683 4865 2884 4942 ἄρουρα
2919 4909 2933 4935 ,
2993 4864 3136 4919 οὕτω
3195 4861 3415 4938 συζυγίᾳ
3474 4858 3765 4915 διοικονο-

2125 4953 2400 5030 μουμένου
2464 4956 2535 5028 τῇ
2566 4953 2624 5011 ἔκ
2663 4975 2721 5011 τε
2756 4958 2854 5010 τοῦ
2883 4957 3191 5022 ποιοῦντος,
3248 4950 3308 5008 ἔκ
3361 4971 3420 5006 τε
3464 4953 3564 5006 τοῦ
3611 4945 3768 5004 διδάο

2117 5053 2360 5109 σκοντος.

2190 5159 2258 5227 γ’.
2303 5149 2462 5210 Οὕτω
2537 5149 2594 5206 δὲ
2655 5152 3054 5226 καθεσταμένου
3113 5147 3263 5204 δυσὶν
3331 5145 3564 5208 ἐννοίαις
3618 5145 3755 5197 τοῦ·

2123 5242 2458 5317 «Μακάριος
2517 5243 2545 5296 6
2599 5246 2834 5312 ποιήσας
2892 5241 2982 5296 καὶ
3053 5236 3294 5310 διδάξας.
3382 5262 3409 5288 ››
3476 5251 3700 5308 προσεπι
3734 5258 3756 5269 ο

2120 5333 2311 5408 θεωρῶ
2386 5335 2466 5402 τῷ
2543 5327 2778 5406 δευτέρῳ
2833 5329 2925 5385 καί
2974 5350 3028 5384 τι
3080 5326 3544 5404 παραδοξότερον.
3606 5322 3760 5408 ’Έοτι

2115 5406 2239 5496 γὰρ
2273 5419 2545 5475 ποιεῖσθαί
2595 5441 2646 5475 τι
2701 5421 2898 5494 ἀγαθὸν
2961 5419 3098 5495 πρὸς
3155 5417 3440 5493 ἀνθρώπου
3471 5457 3484 5483 ,
3533 5410 3624 5466 καὶ
3680 5406 3768 5463 δι-

2118 5510 2410 5568 δασκαλίαν
2471 5513 2546 5585 μή
2599 5509 2744 5588 ἔχειν
2803 5511 2956 5574 εὐθὺς
3013 5513 3335 5580 ἡντιναοῦν,
3388 5505 3477 5562 καὶ
3539 5500 3772 5579 ἀναδρα-

2121 5608 2242 5677 μεῖν
2277 5603 2372 5676 μὶν
2423 5602 2498 5666 εἷς
2548 5603 2616 5658 τὰ
2661 5604 2768 5675 πρὸ
2813 5601 3050 5670 αἰώνων,
3105 5599 3179 5662 εἰς
3227 5600 3329 5669 τήν
3371 5595 3546 5660 ὅντως
3597 5615 3764 5670 μακα-

2119 5692 2364 5768 ριότητα,
2418 5693 2518 5762 τὴν
2564 5691 2700 5746 κατὰ
2745 5691 2835 5746 τὸν
2884 5689 3151 5755 ἀθάνατον
3202 5689 3353 5744 Θεόν·
3413 5688 3522 5763 εἴγε
3575 5684 3769 5741 ταυτὸν

2120 5781 2382 5858 μακάριον
2443 5780 2611 5838 εἴπεῖν
2669 5783 2760 5839 καὶ
2814 5780 3077 5847 ἀθάνατον
3135 5779 3382 5859 ἀτεχνῶς
3437 5777 3581 5835 ἐστιν
3638 5777 3772 5852 ὑπὲρ
