4082 6364
272 482 414 545 637

1327 484 1409 545 IN
1455 485 1520 546 S.
1568 483 2259 556 QUADRAGESIMAM
2304 486 2601 547 ORATIO
2647 486 2750 546 III.

3601 480 3724 544 638

273 613 358 670 τὰ
407 615 528 670 καθ’
803 612 1097 690 Εἷργάζετο
1157 614 1251 686 μὶν
1305 615 1409 690 γὰρ
1483 616 1561 670 ἀεὶ
1635 617 1850 677 πάντως
1920 615 1940 668 ὁ

2064 617 2349 673 dicendus
2374 622 2483 673 est.
2519 617 2883 688 Operabatur
2910 615 3066 673 enim
3117 631 3359 688 prorsus
3389 614 3461 669 ab
3504 618 3720 669 interno

271 707 397 780 πρὸ
455 702 552 759 τοῦ
611 703 826 777 κόσμου
888 705 1021 766 Θεὸς
1078 705 1146 758 τά
1205 705 1416 775 ἑαυτοῦ,
1473 707 1532 768 ’ὃς
1569 706 1659 760 καὶ
1689 706 1794 768 ἓως
1830 703 1949 780 ἄρτι

279 792 600 870 ἐργάζεται·
655 793 758 846 οὐκ
811 795 930 868 εἶχε
960 790 1017 847 δέ
1075 813 1196 847 τινα
1249 794 1340 847 τὸν
1373 791 1787 867 διδασκόμενον,
1823 790 1954 850 ἀλλ’

280 885 362 952 ἦν
425 881 582 944 αὐτὸς
638 880 970 958 αὐτόχρημα
1025 880 1077 936 ἐν
1105 887 1223 944 τοῖς
1276 882 1460 938 αὐτοῦ.
1527 884 1628 939 Καὶ
1663 880 1781 938 ἰδοὺ
1813 904 1946 956 προ-

285 972 523 1035 αιώνιός
550 993 633 1034 τις
688 970 824 1042 αὕτη
880 969 1088 1046 δρᾶσις,
1142 972 1217 1045 μὴ
1277 969 1687 1041 ἐκδιδάσκουσα,
1735 973 1801 1043 ἧς
1833 971 1948 1050 ἐφι-

287 1059 478 1116 κέσθαι
529 1061 630 1115 οὐκ
681 1058 742 1114 ’ὰν
799 1057 1014 1115 δύναιτο
1061 1063 1188 1122 νοῦς
1247 1060 1606 1132 ἀνθρώπινος,
1664 1059 1746 1115 ὅτι
1810 1059 1950 1134 μηδὲ

292 1147 465 1226 ἀγγελ
477 1150 608 1212 ικός.

362 1235 773 1308 δ’.Ἐνδείξεται
828 1235 884 1292 δέ
937 1259 1020 1300 τις
1077 1236 1230 1312 ὅμως
1287 1237 1453 1308 αὐτὴν
1505 1239 1644 1314 πρὸς
1695 1236 1946 1315 ἀμυδρὰν

280 1323 545 1404 ἔμφασιν,
576 1326 706 1389 τοὺς
763 1325 988 1401 ὕστερον
1052 1327 1299 1400 μιμητὰς
1353 1331 1451 1382 τοῦ
1489 1327 1740 1383 τοιούτου
1771 1327 1945 1384 καλοῦ

275 1414 525 1486 ἀσκητάς
555 1413 1050 1492 διαχειρισάμενος·
1087 1413 1139 1470 οἵ
1189 1415 1327 1492 πρὸς
1379 1417 1443 1470 τὸ
1475 1414 1697 1472 δυνατὸν
1735 1418 1944 1492 ἀνθρώ-

277 1525 411 1566 ποις
443 1505 640 1578 ὅμοιον
698 1503 1114 1579 ἐκτυπούμενοι,
1168 1506 1256 1560 καὶ
1316 1501 1787 1580 παραϐεῦυσμένοι
1835 1528 1944 1582 γω-

278 1593 429 1656 νίαις
459 1600 872 1668 πνευματικαῖς,
929 1594 1020 1648 καὶ
1081 1593 1416 1662 σππηΛαίοις
1475 1596 1563 1650 καὶ
1625 1594 1784 1658 ὀπαῖς
1841 1602 1946 1670 γῆς

285 1680 876 1759 ἐγκατακεκρυμμένοι,
944 1682 1034 1738 καὶ
1092 1683 1272 1756 μόιίαι
1328 1689 1446 1746 τοῖς
1501 1679 1678 1761 ὄρεσιν
1739 1682 1944 1740 ἐνδιαι-

285 1771 548 1843 τώμενοι,
613 1773 704 1826 καὶ
776 1770 918 1826 οὕτω
975 1776 1257 1834 ποιοῦντες
1296 1777 1378 1845 τῷ
1430 1775 1767 1850 προανάρχῳ
1827 1779 1942 1846 Θεῷ

289 1859 447 1936 φίλα,
501 1857 691 1916 οὐδένα
743 1858 1084 1916 διδάσκουσιν
1162 1861 1438 1939 ἐμφανῶς,
1501 1862 1546 1917 εἰ
1605 1864 1680 1935 μὴ
1737 1860 1839 1938 ἄρα
1890 1864 1942 1934 ἐξ

291 1947 468 2002 αὐτῶν
525 1949 635 2025 οὐχ
691 1950 923 2004 ἑκόντων
988 1951 1182 2026 ὀχετός
1233 1972 1316 2013 τις
1368 1950 1613 2027 ἐκτρέχει
1646 1953 1720 2015 ὡς
1754 1952 1813 2008 ἐκ
1840 1974 1943 2023 πη-

283 2045 387 2112 γῆς
447 2037 779 2114 ἀπορρύτου,
839 2039 875 2108 ἢ
924 2038 1012 2093 καὶ
1046 2035 1289 2114 διαύγεια
1336 2038 1604 2112 ἐκλάμπει
1665 2041 1800 2095 καθά
1854 2041 1942 2096 καὶ

298 2124 445 2188 ἀκτὶς
479 2125 530 2197 ἐξ
560 2123 752 2195 ἡλίου,
811 2128 839 2181 ὁ
875 2128 968 2200 μὶν
998 2125 1237 2198 ἀρδεύων
1298 2125 1720 2198 διδασκαλικῶς,
1767 2132 1850 2191 οἷς
1881 2129 1943 2184 ἂν

302 2211 610 2289 ἐπιδράμοι,
668 2219 704 2285 ἡ
737 2213 795 2270 δὲ
853 2216 1179 2294 φωτίζουσα,
1234 2219 1316 2279 οἷς
1347 2217 1408 2271 ἃν
1443 2216 1768 2292 ἐπιλάμψοι.
1802 2225 1942 2293 Προ-

299 2302 527 2367 τίθενται
584 2307 678 2379 μὲν
733 2305 836 2381 γὰρ
888 2305 1167 2370 λανθάνειν
1209 2307 1259 2361 οὶ
1316 2307 1451 2361 κατὰ
1498 2309 1624 2363 Θεὸν
1676 2309 1945 2382 ἀσκούμε-

299 2412 398 2461 νοι,
430 2393 517 2448 καὶ
578 2395 729 2467 αὐτῷ
788 2395 939 2467 μόνῳ
997 2394 1238 2466 ἀρέσκειν
1276 2395 1632 2470 πειρώμενοι,
1681 2397 1769 2451 καὶ
1802 2397 1944 2452 οὕτω

293 2483 569 2556 ποιητικοῖ
616 2489 716 2540 τοῦ
764 2484 958 2540 καλοῦο
993 2483 1092 2539 οὐκ
1144 2479 1330 2560 ἔχουσι
1367 2483 1423 2540 δὶ
1453 2485 1780 2560 κρύπτεσθαι
1810 2487 1948 2542 καθά

289 2573 376 2628 καὶ
409 2571 608 2649 λύχνοι
674 2571 854 2647 μοδίῳ
914 2575 1263 2647 σκεπόμενοι,
1323 2573 1448 2630 ἀλλ’
1481 2575 1818 2654 ἐκφαίνονται
1849 2598 1947 2631 πο-

291 2661 605 2740 λυτρόπως,
661 2667 796 2718 Θεοῦ
853 2662 1332 2727 ἀνακαλύπτοντος
1368 2684 1381 2697 ’
1434 2665 1521 2719 ἐπὶ
1583 2663 1725 2738 μηδὲ
1783 2665 1948 2736 ἥλιος

292 2749 423 2821 ὑπὲρ
454 2756 561 2824 γῆς
593 2750 729 2804 θέων
762 2749 1012 2828 ἀφανίσαι
1045 2749 1106 2804 ἂν
1158 2751 1365 2821 ἑαυτὸν,
1421 2751 1469 2806 εἴ
1503 2753 1578 2826 μὴ
1643 2751 1792 2826 μάλα
1843 2775 1946 2827 μυ-

297 2839 386 2911 ρία
411 2839 547 2916 νὲφη
590 2837 1020 2915 ἐπιπροσθοῦντα
1077 2839 1409 2918 ἐπηλυγάζει
1459 2843 1521 2896 τὸ
1570 2846 1689 2897 κατ’
1740 2842 1941 2898 ἐκεῖνον

299 2931 431 3004 φῶς.

373 3016 428 3072 ε’.
461 3015 560 3070 Καὶ
595 3013 713 3070 ἰδοὺ
739 3017 825 3071 καὶ
857 3023 1016 3073 τοῦτο
1047 3017 1225 3094 τρίτον
1283 3040 1336 3074 τι
1390 3021 1531 3075 θεῖον
1593 3019 1940 3078 διδασκάλων

293 3103 344 3158 ἐν
396 3105 726 3180 ἀνθρώποις·
779 3107 1136 3183 ὑπεξῃρήσθω
1179 3109 1278 3185 γὰρ
1329 3110 1391 3164 τὸ
1452 3110 1617 3165 αὐτοῦ
1671 3112 1945 3167 θειότατον

290 3195 628 3268 προαιώνιον
724 3195 1053 3270 ἀρχέτυπον.
1147 3202 1476 3252 Ὑπονοεῖται
1554 3196 1610 3253 δέ
1682 3221 1732 3254 τι
1809 3203 1944 3275 πρὸς

289 3283 506 3345 τούτοις
569 3283 660 3338 καὶ
735 3285 1014 3359 τέταρτον,
1085 3287 1354 3351 ἀντίθετον
1412 3293 1491 3360 τῷ
1545 3294 1762 3345 ποιοῦτι
1823 3294 1941 3365 μὲν,

2065 723 2190 776 quae
2222 711 2490 776 spectant
2519 707 2588 760 ad
2616 706 2901 777 seipsum,
2933 709 3068 760 ante
3109 703 3396 757 mundum
3429 702 3716 757 exsistens

2061 795 2238 860 Deus,
2272 795 2370 865 qui
2406 811 2592 866 usque
2620 812 2775 850 nunc
2807 795 2981 849 etiam
3015 799 3326 865 operatur;
3362 808 3476 846 non
3519 796 3714 846 autem

2062 884 2310 939 habebat
2346 883 2597 954 aliquem
2633 884 2732 956 qui
2774 885 3100 951 doceretur,
3153 883 3253 938 sed
3305 883 3432 952 ipse
3465 880 3625 935 solus
3659 881 3714 933 in

2060 973 2186 1028 suis
2216 973 2655 1044 operationibus
2685 977 2826 1026 erat.
2892 973 2960 1027 Et
2989 988 3121 1027 ecce
3153 971 3272 1026 haec
3304 975 3524 1025 (eterna
3555 985 3716 1040 quae-

2058 1063 2194 1117 dam
2227 1066 2315 1117 est
2345 1061 2605 1134 operatio
2637 1079 2750 1116 non
2803 1063 3041 1128 docens,
3099 1063 3170 1116 ad
3204 1077 3383 1132 quam
3417 1059 3713 1130 attingen-

2058 1150 2190 1206 dam
2223 1167 2338 1206 non
2373 1151 2592 1206 sufficit
2624 1167 2790 1206 mens
2821 1151 3102 1219 humana,
3137 1152 3254 1205 imo
3287 1165 3394 1204 nec
3424 1147 3713 1220 angelica.

2128 1241 2182 1295 4.
2217 1245 2490 1295 Attamen
2523 1240 2738 1311 aliquis
2769 1256 2897 1296 eam
2931 1241 3040 1295 sub
3062 1240 3314 1296 obscura
3344 1239 3713 1293 demonstra-

2056 1328 2143 1383 bit
2174 1329 2450 1400 imagine,
2481 1330 2581 1400 qui
2614 1329 2954 1399 hujusmodi
2987 1328 3123 1383 boni
3178 1327 3471 1399 posterius
3519 1326 3712 1380 imita-

2055 1422 2212 1473 tores
2241 1417 2646 1473 manifestabit
2685 1423 2948 1474 ascetas:
3001 1417 3099 1489 qui
3143 1419 3308 1487 juxta
3340 1416 3496 1487 quod
3527 1413 3711 1470 homi-

2055 1506 2231 1562 nibus
2270 1506 2550 1578 possibile
2600 1512 2689 1562 est
2743 1506 2966 1561 similes
3023 1505 3304 1577 expressi,
3363 1504 3712 1576 angulisque

2055 1595 2464 1667 spiritualibus
2478 1595 2885 1662 intromissi,et
2899 1595 3199 1667 speluncis
3233 1600 3291 1650 et
3320 1593 3707 1650 foraminibus

2053 1688 2220 1740 terra;
2253 1685 2604 1752 absconditi,
2638 1685 3004 1755 solitariique
3037 1700 3214 1755 super
3245 1684 3547 1738 montibus
3578 1699 3710 1737 con-

2052 1779 2378 1838 versantes,
2411 1778 2468 1828 et
2492 1773 2574 1829 ita
2604 1791 2730 1846 quia
2789 1773 2904 1829 Deo
2963 1773 3284 1828 immortali
3319 1771 3527 1844 placita
3570 1775 3712 1826 sunt

2054 1865 2294 1933 agentes
2327 1863 2621 1918 neminem
2655 1863 2963 1918 manifeste
3019 1863 3251 1927 docent,
3314 1860 3430 1916 nisi
3463 1878 3528 1916 ex
3590 1860 3708 1915 illis

2053 1950 2251 2006 invitis
2282 1951 2496 2022 aliquis
2557 1957 2837 2023 tanquam
2869 1969 2937 2007 ex
2985 1951 3265 2006 invisibili
3299 1950 3454 2006 fonte
3513 1967 3709 2005 erum-

2055 2046 2154 2112 pat
2174 2041 2404 2111 ﬂuvius,
2436 2040 2522 2096 vel
2555 2039 2788 2096 claritas
2813 2045 3097 2111 tanquam
3121 2057 3151 2094 e
3181 2038 3303 2096 sole
3333 2041 3534 2094 radius
3559 2039 3709 2094 emi-

2055 2135 2165 2196 cet,
2198 2129 2295 2185 ille
2313 2131 2549 2202 quidem
2574 2147 2706 2185 cum
2723 2130 3059 2202 magisterio
3084 2135 3269 2184 ﬂuens
3290 2129 3348 2183 in
3374 2146 3480 2183 suo
3499 2145 3708 2195 cursu,

2056 2217 2169 2274 ista
2230 2236 2362 2275 vero
2419 2219 2766 2274 illuminans
2817 2236 2921 2275 suo
2981 2217 3311 2290 splendore.
3371 2219 3708 2288 Proponunt

2055 2308 2209 2362 enim
2246 2308 2357 2364 sibi
2398 2307 2576 2364 latere
2607 2309 2930 2364 secundum
2973 2309 3154 2364 Deum
3213 2323 3340 2363 sese
3369 2310 3705 2362 exercentes

2055 2397 2250 2469 etipsi
2284 2397 2394 2453 soli
2453 2398 2680 2469 placere
2739 2399 3061 2467 studentes,
3120 2403 3300 2469 atque
3353 2397 3436 2451 ita
3483 2396 3702 2451 bonum

2055 2486 2377 2543 facientes:
2412 2505 2524 2542 non
2567 2492 2758 2543 autem
2789 2491 3038 2559 possunt
3092 2486 3370 2542 abscondi
3413 2485 3567 2540 sicut
3613 2483 3704 2538 lu-

2055 2591 2240 2630 cernas
2274 2577 2468 2632 modio
2501 2580 2805 2649 cooperta,
2835 2579 2958 2644 sed,
3011 2576 3127 2632 Deo
3159 2574 3467 2644 revelante,
3515 2573 3705 2629 diver-

2055 2663 2282 2720 simode
2329 2665 2661 2738 refulgent:
2695 2682 2830 2721 nam
2893 2681 3080 2737 neque
3136 2664 3221 2721 sol
3281 2680 3459 2736 super
3487 2667 3704 2718 terram

2055 2754 2369 2810 ambulans
2389 2771 2518 2811 sese
2540 2760 2731 2827 potest
2758 2755 3137 2824 abscondere,
3169 2753 3282 2809 nisi
3316 2753 3502 2808 nubes
3534 2752 3705 2806 innu-

2053 2859 2230 2900 merae
2260 2844 2618 2917 interpositae
2641 2844 2840 2901 lumen
2872 2844 3032 2900 illius
3061 2843 3274 2899 velent.

2123 3026 2177 3079 5.
2215 3027 2425 3081 Etecce
2446 3026 2684 3081 tertium
2711 3025 2850 3098 quid
2865 3024 3126 3080 divinum
3151 3023 3209 3078 in
3232 3021 3574 3079 hominibus
3590 3038 3705 3076 ma-

2053 3115 2352 3187 gisterium
2383 3133 2395 3183 ;
2428 3115 2794 3171 subducatur
2821 3115 2976 3170 enim
3035 3115 3222 3185 ipsius
3266 3110 3704 3167 divinissimum

2055 3208 2112 3258 et
2139 3209 2422 3260 aeternum
2457 3204 2858 3276 archetypum.
2879 3203 3219 3275 Concipitur
3240 3206 3436 3256 autem
3465 3201 3708 3271 insuper

2055 3291 2211 3348 aliud
2245 3294 2400 3365 quod
2435 3298 2732 3364 quartum,
2793 3293 3128 3364 oppositum
3163 3291 3245 3346 illi
3304 3289 3405 3362 qui
3463 3289 3703 3360 quidem

289 3371 389 3426 οὐκ
444 3371 765 3428 ἐκλαλοῦντι
825 3372 882 3429 δὲ
923 3372 1342 3440 διδασκαλικῶς
1397 3379 1517 3433 καθ’
1567 3380 1595 3434 ’ὀ
1648 3377 1809 3435 λαλεῖ
1863 3403 1940 3446 τις

2059 3383 2214 3449 facit,
2240 3383 2338 3438 scd
2374 3399 2487 3437 non
2513 3381 3392 3454 magistraliterloquiturjuxta
3416 3378 3571 3450 quod
3599 3376 3706 3433 ali-

281 3461 354 3515 τά
406 3461 606 3535 ἀγαθὰ,
663 3464 918 3538 πράττων
969 3462 1121 3519 οὐδὲν
1185 3471 1457 3537 τοιοῦτον,
1529 3466 1674 3523 ἀλλὰ
1739 3491 1940 3544 παραι-

282 3554 392 3604 νῶν
448 3551 541 3623 μῖεν
599 3554 666 3606 τὰ
717 3551 920 3625 λῴονα,
983 3557 1065 3616 οἷς
1124 3553 1182 3610 δὲ
1239 3557 1402 3620 αὐτὸς
1458 3559 1702 3634 πράττει,
1781 3561 1940 3615 ais-5v-

281 3657 492 3712 τροχος
551 3637 624 3692 ὣν
677 3640 757 3705 οἷς
812 3641 992 3699 λαλεῖ.
1061 3645 1158 3700 Καὶ
1217 3641 1376 3712 δῆλοι
1433 3648 1532 3716 τὴν
1565 3647 1820 3719 τοιαύτην
1856 3646 1940 3703 δι-

286 3722 624 3796 δασκαλικὴν
681 3729 972 3804 παράθεσιν
1035 3731 1062 3784 ὁ
1121 3729 1399 3807 παραδοὺς
1459 3735 1712 3810 μέγιστος
1746 3759 1941 3810 μυστα-

283 3814 465 3889 γωγὸς
522 3814 625 3870 τό’
688 3841 716 3868 «
777 3815 977 3888 Πάντα,
1038 3816 1135 3873 ὅσα
1191 3817 1250 3873 ἃν
1313 3815 1535 3876 εἷ’πωσιν
1591 3823 1719 3894 ὑμῖν
1753 3825 1806 3878 οἱ
1859 3826 1940 3878 ἰε-

285 3908 399 3977 ρεῖς
455 3909 656 3974 ποιεῖν,
710 3911 954 3962 ποιεῖτε⁶
1015 3909 1151 3964 κατὰ
1208 3907 1266 3964 δὲ
1320 3911 1386 3964 τὰ
1442 3909 1570 3987 ἔργα
1627 3913 1803 3968 αὑτῶν
1859 3917 1934 3989 μὴ

287 4013 518 4050 ποιειτε.
554 4019 586 4047 >>

360 4084 424 4146 ς’.
487 4085 775 4161 Τεσσάρων
836 4087 926 4142 οὗν
985 4086 1192 4144 τούτων
1253 4087 1636 4163 ἂτεθειμὲνων
1678 4095 1812 4165 ἡμῖν
1859 4097 1938 4166 τῷ

285 4170 444 4241 τὲως,
500 4173 616 4237 ἑνὸς
653 4175 746 4248 μὲν
808 4180 905 4232 τοῦ
960 4178 1270 4252 καταμόνας
1327 4180 1599 4235 ποιεῖντά
1649 4187 1784 4256 πρὸς
1814 4181 1936 4257 ἀρε-

287 4261 413 4346 τὴν,
470 4263 585 4328 ἐνὸς
644 4262 940 4340 βλέποντος
1000 4268 1073 4329 ὡς
1129 4266 1219 4322 καὶ
1280 4265 1626 4344 διδαχθῆναιο
1685 4268 1936 4346 δευτέρου

289 4345 347 4404 δὲ
399 4352 600 4426 τρόπον
660 4351 827 4410 ἄλλον
911 4357 1268 4429 μονάζοντος,
1327 4362 1422 4412 τοῦ
1483 4359 1560 4431 μὴ
1615 4365 1790 4415 ποιεῖν
1840 4345 1933 4435 μὲν

286 4439 479 4515 ἀγαθὰ,
537 4439 809 4500 διδάσκειν
867 4441 924 4501 δὲ
981 4446 1197 4521 ἐτέρους
1255 4445 1428 4502 αὐτάο
1492 4447 1679 4523 τρίτου
1728 4447 1786 4505 δὲ
1839 4455 1936 4506 τοῦ

283 4535 480 4594 ποιεῖν,
527 4531 624 4604 μὶν
674 4529 807 4608 ἔργα
886 4539 1002 4607 Θεῷ
1077 4535 1390 4611 ἀρέσκοντα,
1468 4537 1553 4593 καὶ
1627 4538 1768 4594 οὕτω
1821 4545 1938 4604 πῶς

284 4617 515 4693 ἀφώνως
571 4616 862 4690 διδάσκειν,
922 4623 1199 4701 προφορὰν
1261 4623 1319 4680 δὲ
1373 4627 1449 4699 μὴ
1483 4623 1752 4683 ἐκδιδόναι
1786 4626 1936 4685 διδα-

2054 3473 2186 3544 quis
2218 3471 2473 3544 loquitur
2504 3473 2678 3538 bona,
2713 3471 2854 3527 nihil
2919 3472 3139 3526 faciens
3196 3471 3312 3525 tale
3346 3469 3464 3524 imo
3497 3467 3707 3523 exhor-

2051 3566 2186 3618 tans
2218 3562 2460 3633 quidem
2492 3562 2561 3617 ad
2597 3561 2860 3628 meliora,
2899 3560 3012 3615 illis
3045 3565 3240 3615 autem
3288 3575 3414 3630 quae
3463 3557 3589 3630 ipse
3631 3557 3712 3610 fa-

2051 3651 2149 3721 cit,
2183 3651 2512 3709 contrarius
2543 3651 2636 3706 his
2695 3668 2824 3724 quae
2865 3650 3147 3722 loquitur.
3208 3649 3368 3704 Hanc
3429 3646 3705 3703 doctrinae

2049 3741 2430 3797 traditionem
2462 3741 2800 3796 manifestat
2832 3740 3124 3796 maximus
3182 3738 3278 3794 ille
3329 3743 3704 3810 mystagogus

2051 3830 2152 3903 qui
2175 3831 2354 3886 dixit:
2391 3831 2600 3887 Omnia
2634 3847 2760 3901 quae
2794 3829 3229 3886 dixerintvobis
3252 3829 3586 3884 sacerdotes
3618 3825 3710 3880 fa-

2049 3936 2200 3991 cere,
2231 3919 2442 3986 facite;
2476 3921 2804 3976 secundum
2858 3925 3056 3976 autem
3088 3918 3324 3974 illorum
3383 3933 3580 3990 opera,
3613 3931 3710 3970 no-

2048 4009 2150 4065 lite
2177 4010 2384 4064 facere.
2412 4010 2477 4063 1⁸.
2515 4031 2543 4058 ››

2118 4099 2172 4153 6.
2206 4099 2247 4154 E
2278 4101 2533 4170 quatuor
2562 4097 2744 4170 igitur
2775 4114 2808 4153 a
2837 4097 3006 4152 nobis
3063 4097 3371 4167 hucusque
3404 4093 3705 4167 expostiis,

2049 4204 2165 4243 uno
2198 4188 2462 4259 quidem,
2519 4188 2674 4259 quod
2735 4185 3006 4258 privatim
3036 4201 3104 4242 ea
3135 4202 3264 4257 quae
3302 4189 3445 4241 sunt
3474 4183 3706 4238 virtutis

2049 4282 2317 4349 agantur,
2373 4293 2488 4332 uno
2517 4276 2747 4331 vidente
2804 4280 2868 4330 ut
2897 4277 3071 4331 etiam
3101 4276 3414 4343 doceatur;
3447 4272 3704 4330 secundo

2048 4382 2206 4436 vero,
2239 4383 2341 4438 per
2371 4364 2552 4421 alium
2586 4365 2824 4420 modum
2859 4364 3174 4436 separatim
3207 4366 3498 4435 agentem,
3547 4360 3704 4432 quod

2048 4455 2289 4527 quidem
2314 4472 2430 4510 non
2461 4459 2713 4527 agantur
2741 4455 2912 4520 bona,
2949 4454 3049 4509 sed
3084 4453 3184 4508 illa
3215 4452 3406 4508 caeteri
3451 4452 3704 4506 docean-

2046 4549 2146 4600 tur
2170 4571 2184 4611 ;
2207 4545 2378 4601 tertio
2407 4551 2626 4610 autem,
2662 4545 2817 4616 quod
2851 4550 3106 4616 agantur
3136 4543 3375 4616 quidem
3396 4558 3572 4614 opera
3589 4541 3705 4596 Deo

2050 4634 2360 4707 placentia,
2389 4640 2447 4690 et
2477 4634 2561 4690 sic
2591 4633 2788 4705 aliquo
2849 4634 3020 4690 modo
3060 4632 3187 4688 sine
3245 4648 3382 4688 voce
3441 4631 3708 4686 doctrina

287 4703 593 4779 σκαλικήν·
651 4711 741 4764 καὶ
815 4711 1072 4786 τετάρτου
1153 4713 1243 4768 καὶ
1311 4713 1684 4793 ἐντελεστέρου
1734 4719 1803 4774 τά
1861 4719 1936 4783 εἷς

2055 4703 2339 4791 tradatur,
2373 4726 2474 4780 sed
2507 4740 2621 4779 non
2654 4703 2756 4779 fiat
2813 4724 3301 4779 documentorum
3334 4720 3662 4777 enuntiatio
3691 4736 3703 4787 ;

287 4794 482 4883 ἀρετῆς
536 4795 877 4871 τελεωτάτην
941 4800 1198 4874 μάθησιν,
1254 4808 1354 4859 τοῦ
1407 4805 1497 4860 καὶ
1529 4805 1942 4883 ἐργάζεσθαιτά

285 4880 499 4955 δέοντα,
556 4888 644 4943 καὶ
695 4886 922 4964 γλώσσῃ
977 4890 1232 4967 προάγειν
1291 4880 1611 4967 εὐμεθόδως-
1663 4899 1938 4973 προθέσει,

279 4978 378 5030 τοῦ
409 4975 499 5030 καὶ
554 4974 743 5042 ἄλλως
797 4977 1159 5054 ἐπαγαγέσθαι
1213 4982 1350 5056 πρὸς
1400 4983 1461 5038 τὸ
1521 4984 1788 5060 ἐνάρετον,
1846 4988 1937 5043 καὶ

281 5061 426 5118 οὕτω
473 5063 750 5136 πληθῦναι
804 5072 884 5140 τῷ
949 5073 1067 5141 Θεῷ
1122 5070 1442 5146 θεράποντα,
1493 5071 1582 5126 καί
1641 5073 1936 5148 στρατολο-

277 5160 445 5228 γῆσαι
501 5155 638 5212 κατὰ
696 5153 970 5231 δαιμόνων
1031 5159 1224 5222 αὐτοὺς
1284 5161 1371 5237 ὑφ’
1449 5163 1621 5237 ἑαυτῷ
1648 5166 1936 5244 στρατηγῷ

275 5243 358 5316 (τὸ
416 5246 520 5320 γὰρ
579 5243 775 5301 λοιπὸν
826 5246 914 5302 καὶ
973 5246 1220 5321 πέμπτον
1278 5251 1340 5305 τὸ
1395 5253 1532 5325 μήτε
1561 5259 1758 5322 ποιεῖν,
1795 5243 1933 5329 μήτε

274 5329 574 5406 διδάσκειν,
636 5339 1017 5412 σκορακιστέον
1079 5337 1138 5394 ἐκ
1177 5344 1285 5394 τῶν
1334 5342 1452 5396 κατ’
1499 5342 1800 5420 ἄνθρωπον,
1851 5350 1931 5418 τῷ

271 5424 434 5478 παντὶ
468 5421 526 5479 δὲ
583 5424 820 5499 μάλιστα
869 5425 929 5482 ἐκ
983 5432 1093 5483 τῶν
1125 5428 1304 5485 θείων.
1339 5428 1518 5500 Δῆλον
1563 5432 1689 5506 γὰρ,
1724 5434 1806 5489 ὅτι
1838 5435 1928 5488 ού-

271 5509 384 5567 δενῖ
440 5519 547 5569 τῶν
603 5516 868 5572 τοιούτων
929 5517 1240 5594 ἥρμοσται,
1301 5517 1448 5575 ἀλλά
1499 5519 1658 5598 φύλῳ
1682 5527 1761 5595 τῷ
1792 5525 1928 5580 κατὰ

269 5599 364 5659 τόν
418 5600 654 5680 δαίμονα
705 5606 995 5680 ᾤκείωται.
1042 5607 1406 5688 Διαγραπτέον
1438 5607 1494 5666 δὶ
1526 5607 1712 5676 ἄλλως
1742 5613 1828 5669 καὶ
1860 5614 1924 5672 τὸ

351 5821 399 5859 ¹⁴
428 5823 636 5882 Matth.
665 5841 830 5899 um,
860 5826 914 5882 3.

2051 4820 2261 4886 quarto
2292 4830 2427 4869 vero
2458 4818 2514 4869 et
2545 4814 2614 4869 ad
2650 4813 3141 4885 perfectissimam
3172 4811 3410 4867 virtutis
3443 4809 3707 4881 discipli-

2051 4919 2188 4959 nam
2223 4902 2588 4975 perfectiore,
2623 4903 2777 4973 quod
2817 4901 3015 4958 debita
3071 4904 3340 4972 agantur,
3402 4903 3460 4955 et
3506 4898 3709 4969 lingua

2048 5008 2118 5048 ex
2145 4991 2445 5064 proposito
2476 4995 2842 5062 exponentur
2874 4989 3136 5062 agenda;
3168 4989 3324 5061 quod
3347 4987 3703 5058 caeteroquin

2047 5083 2116 5136 ad
2150 5081 2423 5136 virtutem
2473 5078 2571 5134 alii
2605 5079 2933 5148 trahantur,
2997 5082 3054 5134 et
3097 5077 3181 5133 sic
3238 5076 3706 5148 multiplicantur

2044 5169 2146 5226 Dei
2177 5169 2349 5238 servi,
2378 5173 2434 5225 et
2461 5186 2495 5225 a
2525 5169 2792 5236 docente,
2825 5172 3107 5239 tanquam
3136 5169 3302 5233 duce,
3337 5170 3542 5222 contra
3586 5165 3703 5219 dai-

2041 5276 2246 5315 mones
2277 5258 2680 5314 inscribantur
2711 5256 2926 5313 milites
2948 5257 3079 5327 (hoc
3107 5255 3400 5327 reliquum
3435 5260 3493 5311 et
3526 5255 3703 5326 quin-

2042 5353 2205 5405 tum:
2240 5363 2429 5420 neque
2463 5347 2668 5417 facere,
2732 5363 2920 5419 neque
2977 5348 3207 5412 docere,
3267 5343 3698 5400 contumeliose

2039 5439 2426 5509 rejiciendum
2460 5442 2548 5492 est
2576 5453 2606 5492 e
2641 5436 2815 5492 rebus
2849 5436 3147 5503 humanis,
3183 5435 3434 5490 maxime
3487 5451 3620 5489 vero
3673 5452 3704 5491 ο

2037 5527 2272 5585 divinis.
2307 5527 2554 5582 Evidens
2587 5530 2677 5582 est
2706 5526 2860 5581 enim
2887 5526 3038 5596 quod
3099 5524 3333 5580 illorum
3367 5525 3513 5581 nulli
3546 5542 3706 5580 com-

2033 5619 2205 5691 petit,
2239 5618 2340 5676 sed
2377 5615 2539 5690 genti
2571 5632 2698 5690 quae
2733 5615 3059 5672 secundum
3092 5616 3419 5674 daemonem
3449 5619 3557 5684 est,
3593 5633 3696 5689 ap-
