  <div class='ocr_page' id='page_1' title='image "/cluster/home/n/w/nwhite01/storage/ocr_20150623/135:no.2/coo.31924054870401/325.png"; bbox 0 0 4082 6350; ppageno 0'>
   <div class='ocr_carea' id='block_1_1' title="bbox 340 451 459 512">
    <p class='ocr_par' dir='ltr' id='par_1_1' title="bbox 340 451 459 512">
     <span class='ocr_line' id='line_1_1' title="bbox 340 451 459 512; baseline 0 0"><span class='ocrx_word' id='word_1_1' title='bbox 340 451 459 512; x_wconf 80' lang='grc'>639</span> 
     </span>
    </p>
   </div>
   <div class='ocr_carea' id='block_1_2' title="bbox 1114 446 2994 513">
    <p class='ocr_par' dir='ltr' id='par_1_2' title="bbox 1114 446 2994 513">
     <span class='ocr_line' id='line_1_2' title="bbox 1114 446 2994 513; baseline 0.001 -4"><span class='ocrx_word' id='word_1_2' title='bbox 1114 449 1534 512; x_wconf 83' lang='lat' dir='ltr'>EUSTHATII</span> <span class='ocrx_word' id='word_1_3' title='bbox 1581 446 2355 509; x_wconf 76' lang='lat' dir='ltr'>THESSALONICENSIS</span> <span class='ocrx_word' id='word_1_4' title='bbox 2400 446 2994 513; x_wconf 64' lang='lat' dir='ltr'>METROPOLITAE-</span> 
     </span>
    </p>
   </div>
   <div class='ocr_carea' id='block_1_3' title="bbox 3634 448 3755 512">
    <p class='ocr_par' dir='ltr' id='par_1_3' title="bbox 3634 448 3755 512">
     <span class='ocr_line' id='line_1_3' title="bbox 3634 448 3755 512; baseline -0.033 0"><span class='ocrx_word' id='word_1_5' title='bbox 3634 448 3755 512; x_wconf 67' lang='lat'>640</span> 
     </span>
    </p>
   </div>
   <div class='ocr_carea' id='block_1_4' title="bbox 341 574 2026 656">
    <p class='ocr_par' dir='ltr' id='par_1_4' title="bbox 341 578 2026 656">
     <span class='ocr_line' id='line_1_4' title="bbox 341 578 2026 656; baseline -0.002 -18"><span class='ocrx_word' id='word_1_6' title='bbox 341 583 696 656; x_wconf 89' lang='lat' dir='ltr'>propriatur.</span> <span class='ocrx_word' id='word_1_7' title='bbox 730 581 809 638; x_wconf 89' lang='lat' dir='ltr'>De</span> <span class='ocrx_word' id='word_1_8' title='bbox 841 584 1046 638; x_wconf 68' lang='lat' dir='ltr'>caetero</span> <span class='ocrx_word' id='word_1_9' title='bbox 1077 596 1213 637; x_wconf 81' lang='lat' dir='ltr'>vero</span> <span class='ocrx_word' id='word_1_10' title='bbox 1244 584 1471 638; x_wconf 84' lang='lat' dir='ltr'>sextum</span> <span class='ocrx_word' id='word_1_11' title='bbox 1502 579 1658 636; x_wconf 89' lang='lat' dir='ltr'>inter</span> <span class='ocrx_word' id='word_1_12' title='bbox 1678 578 1988 650; x_wconf 84' lang='lat' dir='ltr'>hujusmo-</span> <span class='ocrx_word' id='word_1_13' title='bbox 2019 633 2026 649; x_wconf 29' lang='grc' dir='ltr'><em>Α</em></span> 
     </span>
    </p>
   </div>
   <div class='ocr_carea' id='block_1_5' title="bbox 2140 574 3757 656">
    <p class='ocr_par' dir='ltr' id='par_1_5' title="bbox 2140 574 3757 655">
     <span class='ocr_line' id='line_1_5' title="bbox 2140 574 3757 655; baseline 0.002 -24"><span class='ocrx_word' id='word_1_14' title='bbox 2140 599 2155 630; x_wconf 66' lang='grc' dir='ltr'>ν</span> <span class='ocrx_word' id='word_1_15' title='bbox 2206 583 2323 643; x_wconf 86' lang='grc' dir='ltr'>τοῖς</span> <span class='ocrx_word' id='word_1_16' title='bbox 2372 581 2644 643; x_wconf 79' lang='grc' dir='ltr'>τοιούτοις</span> <span class='ocrx_word' id='word_1_17' title='bbox 2699 577 2877 649; x_wconf 71' lang='grc' dir='ltr'>ἕκτον,</span> <span class='ocrx_word' id='word_1_18' title='bbox 2934 580 2998 635; x_wconf 87' lang='grc' dir='ltr'>τὸ</span> <span class='ocrx_word' id='word_1_19' title='bbox 3028 584 3207 635; x_wconf 83' lang='grc' dir='ltr'>ποιεῖν</span> <span class='ocrx_word' id='word_1_20' title='bbox 3241 580 3360 654; x_wconf 74' lang='grc' dir='ltr'>μὶν,</span> <span class='ocrx_word' id='word_1_21' title='bbox 3408 580 3485 653; x_wconf 83' lang='grc' dir='ltr'>μὴ</span> <span class='ocrx_word' id='word_1_22' title='bbox 3518 574 3665 655; x_wconf 71' lang='grc' dir='ltr'>ἔχειν</span> <span class='ocrx_word' id='word_1_23' title='bbox 3698 577 3757 635; x_wconf 67' lang='grc' dir='ltr'>δὲ</span> 
     </span>
    </p>
   </div>
   <div class='ocr_carea' id='block_1_6' title="bbox 342 662 2026 743">
    <p class='ocr_par' dir='ltr' id='par_1_6' title="bbox 342 669 1992 741">
     <span class='ocr_line' id='line_1_6' title="bbox 342 669 1992 741; baseline -0.002 -14"><span class='ocrx_word' id='word_1_24' title='bbox 342 672 401 727; x_wconf 92' lang='lat' dir='ltr'>di</span> <span class='ocrx_word' id='word_1_25' title='bbox 428 671 919 729; x_wconf 78' lang='lat' dir='ltr'>conscribendam</span> <span class='ocrx_word' id='word_1_26' title='bbox 968 675 1093 727; x_wconf 90' lang='lat' dir='ltr'>est:</span> <span class='ocrx_word' id='word_1_27' title='bbox 1156 671 1341 726; x_wconf 90' lang='lat' dir='ltr'>facere</span> <span class='ocrx_word' id='word_1_28' title='bbox 1399 671 1659 741; x_wconf 88' lang='lat' dir='ltr'>quidem,</span> <span class='ocrx_word' id='word_1_29' title='bbox 1717 669 1817 724; x_wconf 88' lang='lat' dir='ltr'>sed</span> <span class='ocrx_word' id='word_1_30' title='bbox 1877 684 1992 723; x_wconf 89' lang='lat' dir='ltr'>non</span> 
     </span>
    </p>
   </div>
   <div class='ocr_carea' id='block_1_7' title="bbox 2140 662 3755 743">
    <p class='ocr_par' dir='ltr' id='par_1_7' title="bbox 2141 665 3755 743">
     <span class='ocr_line' id='line_1_7' title="bbox 2141 665 3755 743; baseline 0.003 -23"><span class='ocrx_word' id='word_1_31' title='bbox 2141 665 2373 722; x_wconf 87' lang='grc' dir='ltr'>ιδάσκειν</span> <span class='ocrx_word' id='word_1_32' title='bbox 2424 666 2513 723; x_wconf 80' lang='grc' dir='ltr'>διὰ</span> <span class='ocrx_word' id='word_1_33' title='bbox 2567 669 2628 725; x_wconf 85' lang='grc' dir='ltr'>τὸ</span> <span class='ocrx_word' id='word_1_34' title='bbox 2684 667 2737 724; x_wconf 73' lang='grc' dir='ltr'>ἐν</span> <span class='ocrx_word' id='word_1_35' title='bbox 2795 673 2912 731; x_wconf 88' lang='grc' dir='ltr'>τοῖς</span> <span class='ocrx_word' id='word_1_36' title='bbox 2975 668 3441 743; x_wconf 87' lang='grc' dir='ltr'>μαθητευομένοις</span> <span class='ocrx_word' id='word_1_37' title='bbox 3497 669 3755 739; x_wconf 78' lang='grc' dir='ltr'>ἀνήκοον.</span> 
     </span>
    </p>
   </div>
   <div class='ocr_carea' id='block_1_8' title="bbox 337 757 1993 833">
    <p class='ocr_par' dir='ltr' id='par_1_8' title="bbox 337 757 1993 833">
     <span class='ocr_line' id='line_1_8' title="bbox 337 757 1993 833; baseline -0.004 -16"><span class='ocrx_word' id='word_1_38' title='bbox 337 778 512 833; x_wconf 82' lang='lat' dir='ltr'>posse</span> <span class='ocrx_word' id='word_1_39' title='bbox 544 762 750 817; x_wconf 89' lang='lat' dir='ltr'>docere</span> <span class='ocrx_word' id='word_1_40' title='bbox 782 765 1020 832; x_wconf 84' lang='lat' dir='ltr'>propter</span> <span class='ocrx_word' id='word_1_41' title='bbox 1074 758 1500 830; x_wconf 79' lang='lat' dir='ltr'>discipulorum</span> <span class='ocrx_word' id='word_1_42' title='bbox 1550 757 1993 813; x_wconf 87' lang='lat' dir='ltr'>indocilitatem.</span> 
     </span>
    </p>
   </div>
   <div class='ocr_carea' id='block_1_9' title="bbox 2103 756 3757 835">
    <p class='ocr_par' dir='ltr' id='par_1_9' title="bbox 2103 756 3757 835">
     <span class='ocr_line' id='line_1_9' title="bbox 2103 756 3757 835; baseline -0.001 -21"><span class='ocrx_word' id='word_1_43' title='bbox 2103 758 2433 829; x_wconf 80' lang='grc' dir='ltr'>Ἀπῴκισται</span> <span class='ocrx_word' id='word_1_44' title='bbox 2491 759 2595 835; x_wconf 75' lang='grc' dir='ltr'>γὰρ</span> <span class='ocrx_word' id='word_1_45' title='bbox 2654 759 3001 835; x_wconf 76' lang='grc' dir='ltr'>μακαρισμοῦ</span> <span class='ocrx_word' id='word_1_46' title='bbox 3069 758 3158 814; x_wconf 83' lang='grc' dir='ltr'>καὶ</span> <span class='ocrx_word' id='word_1_47' title='bbox 3217 758 3367 814; x_wconf 81' lang='grc' dir='ltr'>αὐτό·</span> <span class='ocrx_word' id='word_1_48' title='bbox 3431 756 3486 814; x_wconf 77' lang='grc' dir='ltr'>εἶ’</span> <span class='ocrx_word' id='word_1_49' title='bbox 3540 779 3600 834; x_wconf 91' lang='grc' dir='ltr'>γε</span> <span class='ocrx_word' id='word_1_50' title='bbox 3653 778 3757 831; x_wconf 83' lang='grc' dir='ltr'>μα-</span> 
     </span>
    </p>
   </div>
   <div class='ocr_carea' id='block_1_10' title="bbox 337 845 2026 924">
    <p class='ocr_par' dir='ltr' id='par_1_10' title="bbox 337 846 1996 920">
     <span class='ocr_line' id='line_1_10' title="bbox 337 846 1996 920; baseline -0.001 -17"><span class='ocrx_word' id='word_1_51' title='bbox 337 849 686 905; x_wconf 82' lang='lat' dir='ltr'>Excluditur</span> <span class='ocrx_word' id='word_1_52' title='bbox 700 849 857 905; x_wconf 90' lang='lat' dir='ltr'>enim</span> <span class='ocrx_word' id='word_1_53' title='bbox 882 850 991 904; x_wconf 91' lang='lat' dir='ltr'>hoc</span> <span class='ocrx_word' id='word_1_54' title='bbox 1013 848 1208 920; x_wconf 86' lang='lat' dir='ltr'>ipsum</span> <span class='ocrx_word' id='word_1_55' title='bbox 1223 866 1256 903; x_wconf 90' lang='lat' dir='ltr'>a</span> <span class='ocrx_word' id='word_1_56' title='bbox 1277 848 1676 914; x_wconf 85' lang='lat' dir='ltr'>beatitudine;</span> <span class='ocrx_word' id='word_1_57' title='bbox 1702 846 1996 913; x_wconf 84' lang='lat' dir='ltr'>siquidem</span> 
     </span>
    </p>
   </div>
   <div class='ocr_carea' id='block_1_11' title="bbox 2140 845 3759 924">
    <p class='ocr_par' dir='ltr' id='par_1_11' title="bbox 2144 845 3759 924">
     <span class='ocr_line' id='line_1_11' title="bbox 2144 845 3759 924; baseline 0.006 -25"><span class='ocrx_word' id='word_1_58' title='bbox 2144 847 2295 919; x_wconf 78' lang='grc' dir='ltr'>άριος</span> <span class='ocrx_word' id='word_1_59' title='bbox 2352 847 2446 921; x_wconf 73' lang='grc' dir='ltr'>μὲν</span> <span class='ocrx_word' id='word_1_60' title='bbox 2505 849 2533 903; x_wconf 90' lang='lat'>6</span> <span class='ocrx_word' id='word_1_61' title='bbox 2589 846 2760 924; x_wconf 75' lang='grc' dir='ltr'>λέγων</span> <span class='ocrx_word' id='word_1_62' title='bbox 2823 848 2900 912; x_wconf 66' lang='grc' dir='ltr'>εἷς</span> <span class='ocrx_word' id='word_1_63' title='bbox 2955 849 3221 913; x_wconf 74' lang='grc' dir='ltr'>εὐπειθεῖς</span> <span class='ocrx_word' id='word_1_64' title='bbox 3251 847 3436 917; x_wconf 81' lang='grc' dir='ltr'>ἄκοᾶς,</span> <span class='ocrx_word' id='word_1_65' title='bbox 3469 845 3759 921; x_wconf 79' lang='grc' dir='ltr'>ἀναλόγως</span> 
     </span>
    </p>
   </div>
   <div class='ocr_carea' id='block_1_12' title="bbox 339 934 1997 1010">
    <p class='ocr_par' dir='ltr' id='par_1_12' title="bbox 339 934 1997 1010">
     <span class='ocr_line' id='line_1_12' title="bbox 339 934 1997 1010; baseline -0.003 -16"><span class='ocrx_word' id='word_1_66' title='bbox 339 939 551 995; x_wconf 89' lang='lat' dir='ltr'>beatus</span> <span class='ocrx_word' id='word_1_67' title='bbox 581 942 671 995; x_wconf 89' lang='lat' dir='ltr'>est</span> <span class='ocrx_word' id='word_1_68' title='bbox 701 939 801 1010; x_wconf 89' lang='lat' dir='ltr'>qui</span> <span class='ocrx_word' id='word_1_69' title='bbox 834 938 1097 1010; x_wconf 77' lang='lat' dir='ltr'>loquitur</span> <span class='ocrx_word' id='word_1_70' title='bbox 1131 938 1201 993; x_wconf 89' lang='lat' dir='ltr'>ad</span> <span class='ocrx_word' id='word_1_71' title='bbox 1237 937 1474 993; x_wconf 84' lang='lat' dir='ltr'>sedulos</span> <span class='ocrx_word' id='word_1_72' title='bbox 1521 938 1843 1001; x_wconf 83' lang='lat' dir='ltr'>auditores,</span> <span class='ocrx_word' id='word_1_73' title='bbox 1897 934 1997 989; x_wconf 88' lang='lat' dir='ltr'>sed</span> 
     </span>
    </p>
   </div>
   <div class='ocr_carea' id='block_1_13' title="bbox 347 1022 1997 1098">
    <p class='ocr_par' dir='ltr' id='par_1_13' title="bbox 347 1022 1997 1098">
     <span class='ocr_line' id='line_1_13' title="bbox 347 1022 1997 1098; baseline -0.004 -15"><span class='ocrx_word' id='word_1_74' title='bbox 347 1028 609 1084; x_wconf 91' lang='lat' dir='ltr'>conditio</span> <span class='ocrx_word' id='word_1_75' title='bbox 638 1029 775 1084; x_wconf 89' lang='lat' dir='ltr'>talis</span> <span class='ocrx_word' id='word_1_76' title='bbox 809 1044 923 1082; x_wconf 91' lang='lat' dir='ltr'>non</span> <span class='ocrx_word' id='word_1_77' title='bbox 956 1031 1047 1083; x_wconf 91' lang='lat' dir='ltr'>est</span> <span class='ocrx_word' id='word_1_78' title='bbox 1074 1027 1225 1098; x_wconf 82' lang='lat' dir='ltr'>ejus,</span> <span class='ocrx_word' id='word_1_79' title='bbox 1258 1026 1357 1098; x_wconf 87' lang='lat' dir='ltr'>qui</span> <span class='ocrx_word' id='word_1_80' title='bbox 1390 1026 1462 1081; x_wconf 92' lang='lat' dir='ltr'>ad</span> <span class='ocrx_word' id='word_1_81' title='bbox 1493 1024 1778 1081; x_wconf 81' lang='lat' dir='ltr'>indociles</span> <span class='ocrx_word' id='word_1_82' title='bbox 1805 1022 1997 1095; x_wconf 79' lang='lat' dir='ltr'>loqui-</span> 
     </span>
    </p>
   </div>
   <div class='ocr_carea' id='block_1_14' title="bbox 347 1111 2002 1188">
    <p class='ocr_par' dir='ltr' id='par_1_14' title="bbox 347 1111 2002 1188">
     <span class='ocr_line' id='line_1_14' title="bbox 347 1111 2002 1188; baseline -0.002 -17"><span class='ocrx_word' id='word_1_83' title='bbox 347 1120 469 1186; x_wconf 87' lang='lat' dir='ltr'>tur,</span> <span class='ocrx_word' id='word_1_84' title='bbox 500 1116 659 1171; x_wconf 90' lang='lat' dir='ltr'>velut</span> <span class='ocrx_word' id='word_1_85' title='bbox 689 1116 787 1171; x_wconf 91' lang='lat' dir='ltr'>ille</span> <span class='ocrx_word' id='word_1_86' title='bbox 818 1116 916 1187; x_wconf 91' lang='lat' dir='ltr'>qui</span> <span class='ocrx_word' id='word_1_87' title='bbox 949 1116 1081 1188; x_wconf 88' lang='lat' dir='ltr'>rupi</span> <span class='ocrx_word' id='word_1_88' title='bbox 1127 1115 1251 1187; x_wconf 80' lang='lat' dir='ltr'>lyra</span> <span class='ocrx_word' id='word_1_89' title='bbox 1308 1114 1590 1186; x_wconf 66' lang='lat' dir='ltr'>praecinit)</span> <span class='ocrx_word' id='word_1_90' title='bbox 1623 1146 1690 1154; x_wconf 91' lang='lat'><strong>—</strong></span> <span class='ocrx_word' id='word_1_91' title='bbox 1720 1111 2002 1184; x_wconf 82' lang='lat' dir='ltr'>expositis</span> 
     </span>
    </p>
   </div>
   <div class='ocr_carea' id='block_1_15' title="bbox 348 1202 2001 1277">
    <p class='ocr_par' dir='ltr' id='par_1_15' title="bbox 348 1202 2001 1277">
     <span class='ocr_line' id='line_1_15' title="bbox 348 1202 2001 1277; baseline -0.003 -17"><span class='ocrx_word' id='word_1_92' title='bbox 348 1206 533 1277; x_wconf 79' lang='lat' dir='ltr'>igitur</span> <span class='ocrx_word' id='word_1_93' title='bbox 549 1205 663 1272; x_wconf 90' lang='lat' dir='ltr'>bis,</span> <span class='ocrx_word' id='word_1_94' title='bbox 700 1210 763 1260; x_wconf 95' lang='lat' dir='ltr'>ut</span> <span class='ocrx_word' id='word_1_95' title='bbox 779 1206 1060 1273; x_wconf 82' lang='lat' dir='ltr'>diximus,</span> <span class='ocrx_word' id='word_1_96' title='bbox 1083 1204 1227 1259; x_wconf 91' lang='lat' dir='ltr'>illud</span> <span class='ocrx_word' id='word_1_97' title='bbox 1261 1203 1497 1275; x_wconf 87' lang='lat' dir='ltr'>quidem</span> <span class='ocrx_word' id='word_1_98' title='bbox 1521 1202 2001 1274; x_wconf 88' lang='lat' dir='ltr'>suprapositum,</span> 
     </span>
    </p>
   </div>
   <div class='ocr_carea' id='block_1_16' title="bbox 358 1289 2007 1368">
    <p class='ocr_par' dir='ltr' id='par_1_16' title="bbox 358 1289 2007 1368">
     <span class='ocr_line' id='line_1_16' title="bbox 358 1289 2007 1368; baseline -0.003 -19"><span class='ocrx_word' id='word_1_99' title='bbox 358 1301 415 1350; x_wconf 90' lang='lat' dir='ltr'>et</span> <span class='ocrx_word' id='word_1_100' title='bbox 445 1294 527 1350; x_wconf 88' lang='lat' dir='ltr'>ita</span> <span class='ocrx_word' id='word_1_101' title='bbox 584 1295 841 1368; x_wconf 91' lang='lat' dir='ltr'>primum</span> <span class='ocrx_word' id='word_1_102' title='bbox 897 1296 953 1350; x_wconf 89' lang='lat' dir='ltr'>in</span> <span class='ocrx_word' id='word_1_103' title='bbox 1021 1293 1296 1367; x_wconf 63' lang='lat' dir='ltr'>praefatis,</span> <span class='ocrx_word' id='word_1_104' title='bbox 1350 1296 1691 1348; x_wconf 89' lang='lat' dir='ltr'>sanctorum</span> <span class='ocrx_word' id='word_1_105' title='bbox 1746 1289 2007 1347; x_wconf 89' lang='lat' dir='ltr'>solitarie</span> 
     </span>
    </p>
   </div>
   <div class='ocr_carea' id='block_1_17' title="bbox 355 1382 2009 1457">
    <p class='ocr_par' dir='ltr' id='par_1_17' title="bbox 355 1382 2009 1457">
     <span class='ocr_line' id='line_1_17' title="bbox 355 1382 2009 1457; baseline -0.004 -17"><span class='ocrx_word' id='word_1_106' title='bbox 355 1383 685 1440; x_wconf 87' lang='lat' dir='ltr'>viventibus</span> <span class='ocrx_word' id='word_1_107' title='bbox 716 1384 1016 1457; x_wconf 84' lang='lat' dir='ltr'>proprium</span> <span class='ocrx_word' id='word_1_108' title='bbox 1039 1387 1148 1450; x_wconf 88' lang='lat' dir='ltr'>est,</span> <span class='ocrx_word' id='word_1_109' title='bbox 1167 1383 1269 1454; x_wconf 91' lang='lat' dir='ltr'>qui</span> <span class='ocrx_word' id='word_1_110' title='bbox 1299 1399 1540 1455; x_wconf 84' lang='lat' dir='ltr'>prorsus</span> <span class='ocrx_word' id='word_1_111' title='bbox 1561 1382 1632 1437; x_wconf 89' lang='lat' dir='ltr'>ad</span> <span class='ocrx_word' id='word_1_112' title='bbox 1667 1386 1921 1437; x_wconf 89' lang='lat' dir='ltr'>mentem</span> <span class='ocrx_word' id='word_1_113' title='bbox 1947 1394 2009 1434; x_wconf 87' lang='lat' dir='ltr'>se</span> 
     </span>
    </p>
   </div>
   <div class='ocr_carea' id='block_1_18' title="bbox 358 1467 2005 1545">
    <p class='ocr_par' dir='ltr' id='par_1_18' title="bbox 358 1467 2005 1545">
     <span class='ocr_line' id='line_1_18' title="bbox 358 1467 2005 1545; baseline -0.003 -18"><span class='ocrx_word' id='word_1_114' title='bbox 358 1475 761 1545; x_wconf 84' lang='lat' dir='ltr'>purificantes,</span> <span class='ocrx_word' id='word_1_115' title='bbox 793 1478 850 1529; x_wconf 88' lang='lat' dir='ltr'>et</span> <span class='ocrx_word' id='word_1_116' title='bbox 881 1474 1035 1544; x_wconf 84' lang='lat' dir='ltr'>quod</span> <span class='ocrx_word' id='word_1_117' title='bbox 1066 1472 1124 1527; x_wconf 92' lang='lat' dir='ltr'>in</span> <span class='ocrx_word' id='word_1_118' title='bbox 1177 1472 1323 1543; x_wconf 86' lang='lat' dir='ltr'>ipsis</span> <span class='ocrx_word' id='word_1_119' title='bbox 1379 1476 1437 1528; x_wconf 90' lang='lat' dir='ltr'>et</span> <span class='ocrx_word' id='word_1_120' title='bbox 1493 1470 1799 1544; x_wconf 87' lang='lat' dir='ltr'>spirituale</span> <span class='ocrx_word' id='word_1_121' title='bbox 1838 1467 2005 1541; x_wconf 88' lang='lat' dir='ltr'>quasi</span> 
     </span>
    </p>
   </div>
   <div class='ocr_carea' id='block_1_19' title="bbox 354 1559 2010 1634">
    <p class='ocr_par' dir='ltr' id='par_1_19' title="bbox 354 1559 2010 1634">
     <span class='ocr_line' id='line_1_19' title="bbox 354 1559 2010 1634; baseline -0.004 -16"><span class='ocrx_word' id='word_1_122' title='bbox 354 1563 885 1634; x_wconf 86' lang='lat' dir='ltr'>conglomerantes,</span> <span class='ocrx_word' id='word_1_123' title='bbox 916 1567 974 1617; x_wconf 92' lang='lat' dir='ltr'>et</span> <span class='ocrx_word' id='word_1_124' title='bbox 1003 1562 1239 1634; x_wconf 88' lang='lat' dir='ltr'>punctis</span> <span class='ocrx_word' id='word_1_125' title='bbox 1268 1564 1410 1617; x_wconf 89' lang='lat' dir='ltr'>adeo</span> <span class='ocrx_word' id='word_1_126' title='bbox 1441 1560 1718 1616; x_wconf 90' lang='lat' dir='ltr'>tenuibus</span> <span class='ocrx_word' id='word_1_127' title='bbox 1758 1564 1822 1614; x_wconf 91' lang='lat' dir='ltr'>ut</span> <span class='ocrx_word' id='word_1_128' title='bbox 1858 1559 2010 1614; x_wconf 92' lang='lat' dir='ltr'>invi-</span> 
     </span>
    </p>
   </div>
   <div class='ocr_carea' id='block_1_20' title="bbox 352 1648 2011 1721">
    <p class='ocr_par' dir='ltr' id='par_1_20' title="bbox 352 1648 2011 1721">
     <span class='ocr_line' id='line_1_20' title="bbox 352 1648 2011 1721; baseline -0.003 -13"><span class='ocrx_word' id='word_1_129' title='bbox 352 1652 549 1708; x_wconf 89' lang='lat' dir='ltr'>sibilia</span> <span class='ocrx_word' id='word_1_130' title='bbox 579 1652 697 1707; x_wconf 88' lang='lat' dir='ltr'>fere</span> <span class='ocrx_word' id='word_1_131' title='bbox 736 1652 1029 1716; x_wconf 89' lang='lat' dir='ltr'>dicantur,</span> <span class='ocrx_word' id='word_1_132' title='bbox 1063 1651 1134 1706; x_wconf 92' lang='lat' dir='ltr'>ad</span> <span class='ocrx_word' id='word_1_133' title='bbox 1168 1656 1386 1706; x_wconf 84' lang='lat' dir='ltr'>terram</span> <span class='ocrx_word' id='word_1_134' title='bbox 1432 1655 1490 1705; x_wconf 92' lang='lat' dir='ltr'>et</span> <span class='ocrx_word' id='word_1_135' title='bbox 1541 1654 1775 1706; x_wconf 89' lang='lat' dir='ltr'>terrena</span> <span class='ocrx_word' id='word_1_136' title='bbox 1831 1648 2011 1721; x_wconf 82' lang='lat' dir='ltr'>perti-</span> 
     </span>
    </p>
   </div>
   <div class='ocr_carea' id='block_1_21' title="bbox 357 1740 2011 1810">
    <p class='ocr_par' dir='ltr' id='par_1_21' title="bbox 357 1740 2011 1810">
     <span class='ocr_line' id='line_1_21' title="bbox 357 1740 2011 1810; baseline -0.001 -13"><span class='ocrx_word' id='word_1_137' title='bbox 357 1747 583 1810; x_wconf 85' lang='lat' dir='ltr'>nentes,</span> <span class='ocrx_word' id='word_1_138' title='bbox 621 1740 719 1797; x_wconf 91' lang='lat' dir='ltr'>alii</span> <span class='ocrx_word' id='word_1_139' title='bbox 765 1741 911 1797; x_wconf 90' lang='lat' dir='ltr'>nulli</span> <span class='ocrx_word' id='word_1_140' title='bbox 970 1742 1229 1810; x_wconf 87' lang='lat' dir='ltr'>student,</span> <span class='ocrx_word' id='word_1_141' title='bbox 1273 1741 1387 1796; x_wconf 89' lang='lat' dir='ltr'>nisi</span> <span class='ocrx_word' id='word_1_142' title='bbox 1415 1740 1530 1796; x_wconf 91' lang='lat' dir='ltr'>Deo</span> <span class='ocrx_word' id='word_1_143' title='bbox 1587 1740 1716 1806; x_wconf 86' lang='lat' dir='ltr'>soli,</span> <span class='ocrx_word' id='word_1_144' title='bbox 1773 1756 2011 1795; x_wconf 81' lang='lat' dir='ltr'>accura-</span> 
     </span>
    </p>
   </div>
   <div class='ocr_carea' id='block_1_22' title="bbox 356 1829 2016 1902">
    <p class='ocr_par' dir='ltr' id='par_1_22' title="bbox 356 1829 2016 1902">
     <span class='ocr_line' id='line_1_22' title="bbox 356 1829 2016 1902; baseline -0.002 -15"><span class='ocrx_word' id='word_1_145' title='bbox 356 1831 588 1888; x_wconf 85' lang='lat' dir='ltr'>tissime</span> <span class='ocrx_word' id='word_1_146' title='bbox 620 1830 901 1886; x_wconf 87' lang='lat' dir='ltr'>salutaria</span> <span class='ocrx_word' id='word_1_147' title='bbox 929 1836 1225 1899; x_wconf 88' lang='lat' dir='ltr'>curantes,</span> <span class='ocrx_word' id='word_1_148' title='bbox 1275 1834 1351 1896; x_wconf 90' lang='lat' dir='ltr'>et,</span> <span class='ocrx_word' id='word_1_149' title='bbox 1414 1830 1499 1885; x_wconf 87' lang='lat' dir='ltr'>uti</span> <span class='ocrx_word' id='word_1_150' title='bbox 1559 1829 1693 1902; x_wconf 88' lang='lat' dir='ltr'>quis</span> <span class='ocrx_word' id='word_1_151' title='bbox 1750 1846 1867 1885; x_wconf 89' lang='lat' dir='ltr'>non</span> <span class='ocrx_word' id='word_1_152' title='bbox 1917 1830 2016 1884; x_wconf 89' lang='lat' dir='ltr'>ab-</span> 
     </span>
    </p>
   </div>
   <div class='ocr_carea' id='block_1_23' title="bbox 360 1918 2012 1992">
    <p class='ocr_par' dir='ltr' id='par_1_23' title="bbox 360 1918 2012 1992">
     <span class='ocr_line' id='line_1_23' title="bbox 360 1918 2012 1992; baseline -0.002 -17"><span class='ocrx_word' id='word_1_153' title='bbox 360 1921 538 1975; x_wconf 84' lang='lat' dir='ltr'>surde</span> <span class='ocrx_word' id='word_1_154' title='bbox 569 1920 800 1984; x_wconf 83' lang='lat' dir='ltr'>dixerit,</span> <span class='ocrx_word' id='word_1_155' title='bbox 832 1920 890 1974; x_wconf 93' lang='lat' dir='ltr'>in</span> <span class='ocrx_word' id='word_1_156' title='bbox 949 1921 1125 1976; x_wconf 88' lang='lat' dir='ltr'>rebus</span> <span class='ocrx_word' id='word_1_157' title='bbox 1185 1920 1422 1976; x_wconf 88' lang='lat' dir='ltr'>virtutis</span> <span class='ocrx_word' id='word_1_158' title='bbox 1469 1924 1665 1992; x_wconf 86' lang='lat' dir='ltr'>aperte</span> <span class='ocrx_word' id='word_1_159' title='bbox 1735 1918 2012 1990; x_wconf 90' lang='lat' dir='ltr'>parcissi-</span> 
     </span>
    </p>
   </div>
   <div class='ocr_carea' id='block_1_24' title="bbox 360 2098 2014 2167">
    <p class='ocr_par' dir='ltr' id='par_1_24' title="bbox 360 2098 2014 2167">
     <span class='ocr_line' id='line_1_24' title="bbox 360 2098 2014 2167; baseline -0.002 -13"><span class='ocrx_word' id='word_1_160' title='bbox 360 2099 501 2155; x_wconf 91' lang='lat' dir='ltr'>bum</span> <span class='ocrx_word' id='word_1_161' title='bbox 528 2116 541 2167; x_wconf 94' lang='lat'><strong>;</strong></span> <span class='ocrx_word' id='word_1_162' title='bbox 575 2116 692 2154; x_wconf 89' lang='lat' dir='ltr'>non</span> <span class='ocrx_word' id='word_1_163' title='bbox 724 2099 1007 2154; x_wconf 82' lang='lat' dir='ltr'>familiam</span> <span class='ocrx_word' id='word_1_164' title='bbox 1038 2098 1095 2152; x_wconf 90' lang='lat' dir='ltr'>in</span> <span class='ocrx_word' id='word_1_165' title='bbox 1128 2098 1354 2153; x_wconf 85' lang='lat' dir='ltr'>ratione</span> <span class='ocrx_word' id='word_1_166' title='bbox 1386 2102 1675 2164; x_wconf 89' lang='lat' dir='ltr'>tenentes,</span> <span class='ocrx_word' id='word_1_167' title='bbox 1722 2114 1828 2153; x_wconf 88' lang='lat' dir='ltr'>nec</span> <span class='ocrx_word' id='word_1_168' title='bbox 1860 2113 2014 2152; x_wconf 91' lang='lat' dir='ltr'>rem-</span> 
     </span>
    </p>
   </div>
   <div class='ocr_carea' id='block_1_25' title="bbox 362 2186 2014 2259">
    <p class='ocr_par' dir='ltr' id='par_1_25' title="bbox 362 2186 2014 2259">
     <span class='ocr_line' id='line_1_25' title="bbox 362 2186 2014 2259; baseline -0.002 -16"><span class='ocrx_word' id='word_1_169' title='bbox 362 2187 686 2259; x_wconf 86' lang='lat' dir='ltr'>publicam,</span> <span class='ocrx_word' id='word_1_170' title='bbox 747 2186 899 2243; x_wconf 85' lang='lat' dir='ltr'>sicut</span> <span class='ocrx_word' id='word_1_171' title='bbox 956 2203 1061 2242; x_wconf 89' lang='lat' dir='ltr'>nec</span> <span class='ocrx_word' id='word_1_172' title='bbox 1130 2187 1383 2253; x_wconf 86' lang='lat' dir='ltr'>divitias,</span> <span class='ocrx_word' id='word_1_173' title='bbox 1444 2203 1549 2243; x_wconf 91' lang='lat' dir='ltr'>nec</span> <span class='ocrx_word' id='word_1_174' title='bbox 1608 2188 1849 2247; x_wconf 85' lang='lat' dir='ltr'>famam,</span> <span class='ocrx_word' id='word_1_175' title='bbox 1908 2201 2014 2240; x_wconf 89' lang='lat' dir='ltr'>nec</span> 
     </span>
    </p>
   </div>
   <div class='ocr_carea' id='block_1_26' title="bbox 363 2273 2013 2349">
    <p class='ocr_par' dir='ltr' id='par_1_26' title="bbox 363 2273 2013 2349">
     <span class='ocr_line' id='line_1_26' title="bbox 363 2273 2013 2349; baseline -0.002 -17"><span class='ocrx_word' id='word_1_176' title='bbox 363 2276 558 2349; x_wconf 91' lang='lat' dir='ltr'>ipsum</span> <span class='ocrx_word' id='word_1_177' title='bbox 590 2282 780 2332; x_wconf 88' lang='lat' dir='ltr'>totum</span> <span class='ocrx_word' id='word_1_178' title='bbox 806 2276 1118 2343; x_wconf 91' lang='lat' dir='ltr'>mundum,</span> <span class='ocrx_word' id='word_1_179' title='bbox 1153 2277 1251 2331; x_wconf 91' lang='lat' dir='ltr'>sed</span> <span class='ocrx_word' id='word_1_180' title='bbox 1311 2279 1551 2332; x_wconf 86' lang='lat' dir='ltr'>econtra</span> <span class='ocrx_word' id='word_1_181' title='bbox 1598 2275 1670 2330; x_wconf 89' lang='lat' dir='ltr'>ad</span> <span class='ocrx_word' id='word_1_182' title='bbox 1709 2273 2013 2346; x_wconf 82' lang='lat' dir='ltr'>perfectio-</span> 
     </span>
    </p>
   </div>
   <div class='ocr_carea' id='block_1_27' title="bbox 364 2362 2014 2437">
    <p class='ocr_par' dir='ltr' id='par_1_27' title="bbox 364 2362 2014 2437">
     <span class='ocr_line' id='line_1_27' title="bbox 364 2362 2014 2437; baseline -0.002 -16"><span class='ocrx_word' id='word_1_183' title='bbox 364 2382 499 2422; x_wconf 90' lang='lat' dir='ltr'>nem</span> <span class='ocrx_word' id='word_1_184' title='bbox 531 2364 791 2421; x_wconf 77' lang='lat' dir='ltr'>solitaria</span> <span class='ocrx_word' id='word_1_185' title='bbox 820 2364 1099 2429; x_wconf 84' lang='lat' dir='ltr'>viventes,</span> <span class='ocrx_word' id='word_1_186' title='bbox 1132 2370 1189 2419; x_wconf 92' lang='lat' dir='ltr'>et</span> <span class='ocrx_word' id='word_1_187' title='bbox 1234 2364 1388 2420; x_wconf 91' lang='lat' dir='ltr'>sicut</span> <span class='ocrx_word' id='word_1_188' title='bbox 1445 2365 1626 2437; x_wconf 82' lang='lat' dir='ltr'>fugati</span> <span class='ocrx_word' id='word_1_189' title='bbox 1659 2381 1693 2420; x_wconf 91' lang='lat' dir='ltr'>a</span> <span class='ocrx_word' id='word_1_190' title='bbox 1725 2362 1877 2418; x_wconf 73' lang='lat' dir='ltr'>malo</span> <span class='ocrx_word' id='word_1_191' title='bbox 1923 2363 2014 2417; x_wconf 81' lang='lat' dir='ltr'>fu-</span> 
     </span>
    </p>
   </div>
   <div class='ocr_carea' id='block_1_28' title="bbox 364 2451 2019 2528">
    <p class='ocr_par' dir='ltr' id='par_1_28' title="bbox 364 2451 2019 2528">
     <span class='ocr_line' id='line_1_28' title="bbox 364 2451 2019 2528; baseline -0.003 -18"><span class='ocrx_word' id='word_1_192' title='bbox 364 2454 612 2528; x_wconf 89' lang='lat' dir='ltr'>gientes,</span> <span class='ocrx_word' id='word_1_193' title='bbox 646 2460 711 2509; x_wconf 90' lang='lat' dir='ltr'>ut</span> <span class='ocrx_word' id='word_1_194' title='bbox 742 2456 1092 2525; x_wconf 88' lang='lat' dir='ltr'>semetipsos</span> <span class='ocrx_word' id='word_1_195' title='bbox 1122 2453 1464 2522; x_wconf 84' lang='lat' dir='ltr'>salviﬁcent,</span> <span class='ocrx_word' id='word_1_196' title='bbox 1498 2453 1777 2522; x_wconf 83' lang='lat' dir='ltr'>contenti,</span> <span class='ocrx_word' id='word_1_197' title='bbox 1811 2452 1860 2507; x_wconf 88' lang='lat' dir='ltr'>si</span> <span class='ocrx_word' id='word_1_198' title='bbox 1893 2451 2019 2507; x_wconf 89' lang='lat' dir='ltr'>sola</span> 
     </span>
    </p>
   </div>
   <div class='ocr_carea' id='block_1_29' title="bbox 366 2541 2014 2615">
    <p class='ocr_par' dir='ltr' id='par_1_29' title="bbox 366 2541 2014 2615">
     <span class='ocr_line' id='line_1_29' title="bbox 366 2541 2014 2615; baseline -0.004 -15"><span class='ocrx_word' id='word_1_199' title='bbox 366 2542 573 2600; x_wconf 91' lang='lat' dir='ltr'>mundi</span> <span class='ocrx_word' id='word_1_200' title='bbox 606 2544 739 2615; x_wconf 73' lang='lat' dir='ltr'>fuga</span> <span class='ocrx_word' id='word_1_201' title='bbox 768 2544 995 2615; x_wconf 88' lang='lat' dir='ltr'>seipsos</span> <span class='ocrx_word' id='word_1_202' title='bbox 1025 2543 1293 2599; x_wconf 89' lang='lat' dir='ltr'>homines</span> <span class='ocrx_word' id='word_1_203' title='bbox 1325 2543 1614 2614; x_wconf 86' lang='lat' dir='ltr'>perfectos</span> <span class='ocrx_word' id='word_1_204' title='bbox 1643 2541 1758 2597; x_wconf 89' lang='lat' dir='ltr'>Deo</span> <span class='ocrx_word' id='word_1_205' title='bbox 1780 2542 2014 2609; x_wconf 82' lang='lat' dir='ltr'>sistant;</span> 
     </span>
    </p>
   </div>
   <div class='ocr_carea' id='block_1_30' title="bbox 365 2633 2017 2705">
    <p class='ocr_par' dir='ltr' id='par_1_30' title="bbox 365 2633 2017 2705">
     <span class='ocr_line' id='line_1_30' title="bbox 365 2633 2017 2705; baseline 0 -17"><span class='ocrx_word' id='word_1_206' title='bbox 365 2633 694 2705; x_wconf 86' lang='lat' dir='ltr'>opinantes,</span> <span class='ocrx_word' id='word_1_207' title='bbox 729 2633 886 2704; x_wconf 88' lang='lat' dir='ltr'>quod</span> <span class='ocrx_word' id='word_1_208' title='bbox 908 2633 1018 2704; x_wconf 90' lang='lat' dir='ltr'>ipsi</span> <span class='ocrx_word' id='word_1_209' title='bbox 1053 2649 1166 2689; x_wconf 91' lang='lat' dir='ltr'>non</span> <span class='ocrx_word' id='word_1_210' title='bbox 1197 2633 1405 2688; x_wconf 86' lang='lat' dir='ltr'>exinde</span> <span class='ocrx_word' id='word_1_211' title='bbox 1436 2633 1657 2688; x_wconf 89' lang='lat' dir='ltr'>crimen</span> <span class='ocrx_word' id='word_1_212' title='bbox 1690 2633 2017 2700; x_wconf 87' lang='lat' dir='ltr'>incurrent,</span> 
     </span>
    </p>
   </div>
   <div class='ocr_carea' id='block_1_31' title="bbox 365 2720 2015 2794">
    <p class='ocr_par' dir='ltr' id='par_1_31' title="bbox 365 2720 2015 2794">
     <span class='ocr_line' id='line_1_31' title="bbox 365 2720 2015 2794; baseline -0.002 -17"><span class='ocrx_word' id='word_1_213' title='bbox 365 2722 413 2777; x_wconf 91' lang='lat' dir='ltr'>si</span> <span class='ocrx_word' id='word_1_214' title='bbox 435 2738 552 2776; x_wconf 91' lang='lat' dir='ltr'>non</span> <span class='ocrx_word' id='word_1_215' title='bbox 575 2720 723 2777; x_wconf 89' lang='lat' dir='ltr'>alios</span> <span class='ocrx_word' id='word_1_216' title='bbox 754 2721 1028 2777; x_wconf 73' lang='lat' dir='ltr'>humanis</span> <span class='ocrx_word' id='word_1_217' title='bbox 1060 2720 1355 2777; x_wconf 86' lang='lat' dir='ltr'>societalis</span> <span class='ocrx_word' id='word_1_218' title='bbox 1399 2720 1525 2794; x_wconf 91' lang='lat' dir='ltr'>lege</span> <span class='ocrx_word' id='word_1_219' title='bbox 1549 2720 2015 2791; x_wconf 88' lang='lat' dir='ltr'>juvent.Lauda-</span> 
     </span>
    </p>
   </div>
   <div class='ocr_carea' id='block_1_32' title="bbox 366 2809 2017 2883">
    <p class='ocr_par' dir='ltr' id='par_1_32' title="bbox 366 2809 2017 2883">
     <span class='ocr_line' id='line_1_32' title="bbox 366 2809 2017 2883; baseline -0.001 -19"><span class='ocrx_word' id='word_1_220' title='bbox 366 2810 563 2865; x_wconf 87' lang='lat' dir='ltr'>biliter</span> <span class='ocrx_word' id='word_1_221' title='bbox 589 2810 743 2865; x_wconf 91' lang='lat' dir='ltr'>enim</span> <span class='ocrx_word' id='word_1_222' title='bbox 770 2810 1043 2881; x_wconf 88' lang='lat' dir='ltr'>judicant</span> <span class='ocrx_word' id='word_1_223' title='bbox 1073 2827 1562 2883; x_wconf 88' lang='lat' dir='ltr'>unumquemque</span> <span class='ocrx_word' id='word_1_224' title='bbox 1612 2810 1909 2864; x_wconf 82' lang='lat' dir='ltr'>hominem</span> <span class='ocrx_word' id='word_1_225' title='bbox 1945 2809 2017 2863; x_wconf 89' lang='lat' dir='ltr'>ad</span> 
     </span>
    </p>
   </div>
   <div class='ocr_carea' id='block_1_33' title="bbox 366 2897 2023 2972">
    <p class='ocr_par' dir='ltr' id='par_1_33' title="bbox 366 2897 2023 2972">
     <span class='ocr_line' id='line_1_33' title="bbox 366 2897 2023 2972; baseline 0 -19"><span class='ocrx_word' id='word_1_226' title='bbox 366 2898 615 2954; x_wconf 86' lang='lat' dir='ltr'>salutem</span> <span class='ocrx_word' id='word_1_227' title='bbox 652 2898 765 2953; x_wconf 87' lang='lat' dir='ltr'>sibi</span> <span class='ocrx_word' id='word_1_228' title='bbox 787 2899 1077 2967; x_wconf 85' lang='lat' dir='ltr'>sufﬁcere,</span> <span class='ocrx_word' id='word_1_229' title='bbox 1111 2900 1157 2955; x_wconf 91' lang='lat' dir='ltr'>si</span> <span class='ocrx_word' id='word_1_230' title='bbox 1193 2900 1347 2969; x_wconf 86' lang='lat' dir='ltr'>velit,</span> <span class='ocrx_word' id='word_1_231' title='bbox 1382 2898 1662 2971; x_wconf 90' lang='lat' dir='ltr'>nulloque</span> <span class='ocrx_word' id='word_1_232' title='bbox 1688 2916 1857 2972; x_wconf 89' lang='lat' dir='ltr'>egere</span> <span class='ocrx_word' id='word_1_233' title='bbox 1886 2897 2023 2955; x_wconf 84' lang='lat' dir='ltr'>alie-</span> 
     </span>
    </p>
   </div>
   <div class='ocr_carea' id='block_1_34' title="bbox 367 2987 2017 3061">
    <p class='ocr_par' dir='ltr' id='par_1_34' title="bbox 367 2987 2017 3061">
     <span class='ocr_line' id='line_1_34' title="bbox 367 2987 2017 3061; baseline 0.001 -18"><span class='ocrx_word' id='word_1_234' title='bbox 367 3005 441 3043; x_wconf 91' lang='lat' dir='ltr'>no</span> <span class='ocrx_word' id='word_1_235' title='bbox 476 2988 766 3058; x_wconf 82' lang='lat' dir='ltr'>exemplo,</span> <span class='ocrx_word' id='word_1_236' title='bbox 796 2987 883 3042; x_wconf 90' lang='lat' dir='ltr'>vel</span> <span class='ocrx_word' id='word_1_237' title='bbox 915 2988 1117 3053; x_wconf 90' lang='lat' dir='ltr'>ductu,</span> <span class='ocrx_word' id='word_1_238' title='bbox 1159 2988 1247 3044; x_wconf 90' lang='lat' dir='ltr'>vel</span> <span class='ocrx_word' id='word_1_239' title='bbox 1281 2990 1637 3057; x_wconf 85' lang='lat' dir='ltr'>directione;</span> <span class='ocrx_word' id='word_1_240' title='bbox 1673 2989 1812 3061; x_wconf 90' lang='lat' dir='ltr'>quia</span> <span class='ocrx_word' id='word_1_241' title='bbox 1842 2989 2017 3057; x_wconf 76' lang='lat' dir='ltr'>Deus,</span> 
     </span>
    </p>
   </div>
   <div class='ocr_carea' id='block_1_35' title="bbox 366 3076 2025 3151">
    <p class='ocr_par' dir='ltr' id='par_1_35' title="bbox 366 3076 2025 3151">
     <span class='ocr_line' id='line_1_35' title="bbox 366 3076 2025 3151; baseline 0.001 -19"><span class='ocrx_word' id='word_1_242' title='bbox 366 3076 494 3133; x_wconf 87' lang='lat' dir='ltr'>sine</span> <span class='ocrx_word' id='word_1_243' title='bbox 549 3077 881 3149; x_wconf 81' lang='lat' dir='ltr'>acceptione</span> <span class='ocrx_word' id='word_1_244' title='bbox 939 3093 1347 3150; x_wconf 86' lang='lat' dir='ltr'>personarum,</span> <span class='ocrx_word' id='word_1_245' title='bbox 1426 3080 1596 3135; x_wconf 89' lang='lat' dir='ltr'>nobis</span> <span class='ocrx_word' id='word_1_246' title='bbox 1652 3078 1904 3151; x_wconf 81' lang='lat' dir='ltr'>largitus</span> <span class='ocrx_word' id='word_1_247' title='bbox 1934 3083 2025 3134; x_wconf 88' lang='lat' dir='ltr'>est</span> 
     </span>
    </p>
   </div>
   <div class='ocr_carea' id='block_1_36' title="bbox 367 3165 2023 3240">
    <p class='ocr_par' dir='ltr' id='par_1_36' title="bbox 367 3165 2023 3240">
     <span class='ocr_line' id='line_1_36' title="bbox 367 3165 2023 3240; baseline -0.001 -18"><span class='ocrx_word' id='word_1_248' title='bbox 367 3165 552 3222; x_wconf 89' lang='lat' dir='ltr'>animi</span> <span class='ocrx_word' id='word_1_249' title='bbox 586 3165 982 3238; x_wconf 82' lang='lat' dir='ltr'>principatum</span> <span class='ocrx_word' id='word_1_250' title='bbox 1033 3167 1341 3240; x_wconf 87' lang='lat' dir='ltr'>ipsiusque</span> <span class='ocrx_word' id='word_1_251' title='bbox 1370 3168 1629 3234; x_wconf 88' lang='lat' dir='ltr'>divitias,</span> <span class='ocrx_word' id='word_1_252' title='bbox 1690 3173 1867 3239; x_wconf 89' lang='lat' dir='ltr'>atque</span> <span class='ocrx_word' id='word_1_253' title='bbox 1896 3184 2023 3223; x_wconf 87' lang='lat' dir='ltr'>om-</span> 
     </span>
    </p>
   </div>
   <div class='ocr_carea' id='block_1_37' title="bbox 370 3255 2021 3329">
    <p class='ocr_par' dir='ltr' id='par_1_37' title="bbox 370 3255 2021 3329">
     <span class='ocr_line' id='line_1_37' title="bbox 370 3255 2021 3329; baseline -0.001 -19"><span class='ocrx_word' id='word_1_254' title='bbox 370 3256 547 3312; x_wconf 89' lang='lat' dir='ltr'>nibus</span> <span class='ocrx_word' id='word_1_255' title='bbox 580 3255 903 3328; x_wconf 72' lang='lat' dir='ltr'>zequaliter,</span> <span class='ocrx_word' id='word_1_256' title='bbox 935 3262 1217 3328; x_wconf 86' lang='lat' dir='ltr'>tanquam</span> <span class='ocrx_word' id='word_1_257' title='bbox 1253 3262 1418 3328; x_wconf 89' lang='lat' dir='ltr'>pater</span> <span class='ocrx_word' id='word_1_258' title='bbox 1465 3256 1624 3329; x_wconf 88' lang='lat' dir='ltr'>prole</span> <span class='ocrx_word' id='word_1_259' title='bbox 1661 3257 1796 3312; x_wconf 86' lang='lat' dir='ltr'>felix</span> <span class='ocrx_word' id='word_1_260' title='bbox 1850 3261 1907 3311; x_wconf 91' lang='lat' dir='ltr'>et</span> <span class='ocrx_word' id='word_1_261' title='bbox 1954 3255 2021 3310; x_wconf 89' lang='lat' dir='ltr'>li-</span> 
     </span>
    </p>
   </div>
   <div class='ocr_carea' id='block_1_38' title="bbox 373 3345 2027 3416">
    <p class='ocr_par' dir='ltr' id='par_1_38' title="bbox 373 3345 2027 3416">
     <span class='ocr_line' id='line_1_38' title="bbox 373 3345 2027 3416; baseline -0.002 -17"><span class='ocrx_word' id='word_1_262' title='bbox 373 3345 580 3400; x_wconf 89' lang='lat' dir='ltr'>berum</span> <span class='ocrx_word' id='word_1_263' title='bbox 613 3361 841 3413; x_wconf 88' lang='lat' dir='ltr'>amans,</span> <span class='ocrx_word' id='word_1_264' title='bbox 899 3345 1261 3416; x_wconf 89' lang='lat' dir='ltr'>principatus</span> <span class='ocrx_word' id='word_1_265' title='bbox 1318 3345 1674 3401; x_wconf 88' lang='lat' dir='ltr'>ambrosiam</span> <span class='ocrx_word' id='word_1_266' title='bbox 1731 3348 1789 3400; x_wconf 88' lang='lat' dir='ltr'>et</span> <span class='ocrx_word' id='word_1_267' title='bbox 1827 3347 2027 3398; x_wconf 89' lang='lat' dir='ltr'>nectar</span> 
     </span>
    </p>
   </div>
   <div class='ocr_carea' id='block_1_39' title="bbox 371 3430 2021 3505">
    <p class='ocr_par' dir='ltr' id='par_1_39' title="bbox 371 3430 2021 3505">
     <span class='ocr_line' id='line_1_39' title="bbox 371 3430 2021 3505; baseline -0.002 -18"><span class='ocrx_word' id='word_1_268' title='bbox 371 3430 700 3502; x_wconf 89' lang='lat' dir='ltr'>instillavit,</span> <span class='ocrx_word' id='word_1_269' title='bbox 730 3449 798 3489; x_wconf 86' lang='lat' dir='ltr'>ex</span> <span class='ocrx_word' id='word_1_270' title='bbox 857 3450 973 3505; x_wconf 91' lang='lat' dir='ltr'>quo</span> <span class='ocrx_word' id='word_1_271' title='bbox 1031 3433 1446 3490; x_wconf 88' lang='lat' dir='ltr'>immortaliter</span> <span class='ocrx_word' id='word_1_272' title='bbox 1486 3434 1695 3498; x_wconf 88' lang='lat' dir='ltr'>vivere,</span> <span class='ocrx_word' id='word_1_273' title='bbox 1729 3431 1780 3485; x_wconf 89' lang='lat' dir='ltr'>si</span> <span class='ocrx_word' id='word_1_274' title='bbox 1811 3431 2021 3502; x_wconf 86' lang='lat' dir='ltr'>placet,</span> 
     </span>
    </p>
   </div>
   <div class='ocr_carea' id='block_1_40' title="bbox 372 3521 658 3577">
    <p class='ocr_par' dir='ltr' id='par_1_40' title="bbox 372 3521 658 3577">
     <span class='ocr_line' id='line_1_40' title="bbox 372 3521 658 3577; baseline -0.003 -1"><span class='ocrx_word' id='word_1_275' title='bbox 372 3521 658 3577; x_wconf 88' lang='lat' dir='ltr'>valemus.</span> 
     </span>
    </p>
   </div>
   <div class='ocr_carea' id='block_1_41' title="bbox 442 3622 2025 3699">
    <p class='ocr_par' dir='ltr' id='par_1_41' title="bbox 442 3622 2025 3699">
     <span class='ocr_line' id='line_1_41' title="bbox 442 3622 2025 3699; baseline -0.001 -19"><span class='ocrx_word' id='word_1_276' title='bbox 442 3626 498 3682; x_wconf 92' lang='lat'>7.</span> <span class='ocrx_word' id='word_1_277' title='bbox 531 3627 1039 3699; x_wconf 88' lang='lat' dir='ltr'>Supernumerant</span> <span class='ocrx_word' id='word_1_278' title='bbox 1068 3631 1264 3683; x_wconf 88' lang='lat' dir='ltr'>autem</span> <span class='ocrx_word' id='word_1_279' title='bbox 1294 3626 1392 3683; x_wconf 87' lang='lat' dir='ltr'>isti</span> <span class='ocrx_word' id='word_1_280' title='bbox 1426 3625 1705 3682; x_wconf 65' lang='lat' dir='ltr'>solitarire</span> <span class='ocrx_word' id='word_1_281' title='bbox 1733 3622 2025 3696; x_wconf 83' lang='lat' dir='ltr'>operatio-</span> 
     </span>
    </p>
   </div>
   <div class='ocr_carea' id='block_1_42' title="bbox 377 3713 2027 3785">
    <p class='ocr_par' dir='ltr' id='par_1_42' title="bbox 377 3713 2027 3785">
     <span class='ocr_line' id='line_1_42' title="bbox 377 3713 2027 3785; baseline -0.001 -14"><span class='ocrx_word' id='word_1_282' title='bbox 377 3716 471 3772; x_wconf 89' lang='lat' dir='ltr'>nis</span> <span class='ocrx_word' id='word_1_283' title='bbox 525 3720 753 3785; x_wconf 69' lang='lat' dir='ltr'>ascetzs,</span> <span class='ocrx_word' id='word_1_284' title='bbox 814 3718 1145 3773; x_wconf 88' lang='lat' dir='ltr'>viventibus</span> <span class='ocrx_word' id='word_1_285' title='bbox 1201 3716 1554 3785; x_wconf 90' lang='lat' dir='ltr'>absconditi,</span> <span class='ocrx_word' id='word_1_286' title='bbox 1608 3719 1667 3770; x_wconf 90' lang='lat' dir='ltr'>et</span> <span class='ocrx_word' id='word_1_287' title='bbox 1747 3713 2027 3770; x_wconf 88' lang='lat' dir='ltr'>facientes</span> 
     </span>
    </p>
   </div>
   <div class='ocr_carea' id='block_1_43' title="bbox 378 3802 2030 3879">
    <p class='ocr_par' dir='ltr' id='par_1_43' title="bbox 378 3802 2030 3879">
     <span class='ocr_line' id='line_1_43' title="bbox 378 3802 2030 3879; baseline -0.002 -19"><span class='ocrx_word' id='word_1_288' title='bbox 378 3804 640 3879; x_wconf 89' lang='lat' dir='ltr'>quidem,</span> <span class='ocrx_word' id='word_1_289' title='bbox 674 3806 776 3861; x_wconf 84' lang='lat' dir='ltr'>sed</span> <span class='ocrx_word' id='word_1_290' title='bbox 808 3822 923 3861; x_wconf 93' lang='lat' dir='ltr'>non</span> <span class='ocrx_word' id='word_1_291' title='bbox 982 3807 1281 3875; x_wconf 86' lang='lat' dir='ltr'>docentes,</span> <span class='ocrx_word' id='word_1_292' title='bbox 1329 3804 1595 3879; x_wconf 90' lang='lat' dir='ltr'>quinimo</span> <span class='ocrx_word' id='word_1_293' title='bbox 1636 3803 1925 3877; x_wconf 89' lang='lat' dir='ltr'>quidquid</span> <span class='ocrx_word' id='word_1_294' title='bbox 1957 3802 2030 3858; x_wconf 91' lang='lat' dir='ltr'>ad</span> 
     </span>
    </p>
   </div>
   <div class='ocr_carea' id='block_1_44' title="bbox 379 3891 2030 3967">
    <p class='ocr_par' dir='ltr' id='par_1_44' title="bbox 379 3891 2030 3967">
     <span class='ocr_line' id='line_1_44' title="bbox 379 3891 2030 3967; baseline -0.002 -16"><span class='ocrx_word' id='word_1_295' title='bbox 379 3895 709 3951; x_wconf 92' lang='lat' dir='ltr'>docendum</span> <span class='ocrx_word' id='word_1_296' title='bbox 742 3895 953 3950; x_wconf 87' lang='lat' dir='ltr'>attinet</span> <span class='ocrx_word' id='word_1_297' title='bbox 980 3894 1038 3951; x_wconf 91' lang='lat' dir='ltr'>in</span> <span class='ocrx_word' id='word_1_298' title='bbox 1070 3896 1403 3967; x_wconf 88' lang='lat' dir='ltr'>semetipsis</span> <span class='ocrx_word' id='word_1_299' title='bbox 1434 3895 1788 3950; x_wconf 71' lang='lat' dir='ltr'>suffocantes</span> <span class='ocrx_word' id='word_1_300' title='bbox 1830 3896 1888 3949; x_wconf 92' lang='lat' dir='ltr'>et</span> <span class='ocrx_word' id='word_1_301' title='bbox 1918 3891 2030 3948; x_wconf 90' lang='lat' dir='ltr'>cir-</span> 
     </span>
    </p>
   </div>
   <div class='ocr_carea' id='block_1_45' title="bbox 380 3982 2028 4058">
    <p class='ocr_par' dir='ltr' id='par_1_45' title="bbox 380 3982 2028 4058">
     <span class='ocr_line' id='line_1_45' title="bbox 380 3982 2028 4058; baseline -0.001 -19"><span class='ocrx_word' id='word_1_302' title='bbox 380 3982 864 4056; x_wconf 89' lang='lat' dir='ltr'>cumscribentes,</span> <span class='ocrx_word' id='word_1_303' title='bbox 897 3986 1052 4057; x_wconf 91' lang='lat' dir='ltr'>quod</span> <span class='ocrx_word' id='word_1_304' title='bbox 1112 3985 1611 4058; x_wconf 88' lang='lat' dir='ltr'>quemadmodum</span> <span class='ocrx_word' id='word_1_305' title='bbox 1642 3982 1743 4055; x_wconf 91' lang='lat' dir='ltr'>qui</span> <span class='ocrx_word' id='word_1_306' title='bbox 1769 3999 1912 4039; x_wconf 83' lang='lat' dir='ltr'>sane</span> <span class='ocrx_word' id='word_1_307' title='bbox 1940 3998 2028 4038; x_wconf 93' lang='lat' dir='ltr'>re-</span> 
     </span>
    </p>
   </div>
   <div class='ocr_carea' id='block_1_46' title="bbox 381 4072 2032 4146">
    <p class='ocr_par' dir='ltr' id='par_1_46' title="bbox 381 4072 2032 4146">
     <span class='ocr_line' id='line_1_46' title="bbox 381 4072 2032 4146; baseline -0.001 -18"><span class='ocrx_word' id='word_1_308' title='bbox 381 4072 542 4146; x_wconf 84' lang='lat' dir='ltr'>gitur</span> <span class='ocrx_word' id='word_1_309' title='bbox 570 4074 757 4130; x_wconf 91' lang='lat' dir='ltr'>oculis</span> <span class='ocrx_word' id='word_1_310' title='bbox 787 4074 861 4131; x_wconf 87' lang='lat' dir='ltr'>ad</span> <span class='ocrx_word' id='word_1_311' title='bbox 917 4091 1162 4132; x_wconf 85' lang='lat' dir='ltr'>sensum</span> <span class='ocrx_word' id='word_1_312' title='bbox 1220 4074 1627 4141; x_wconf 86' lang='lat' dir='ltr'>attinentibus,</span> <span class='ocrx_word' id='word_1_313' title='bbox 1687 4089 1866 4129; x_wconf 89' lang='lat' dir='ltr'>manu</span> <span class='ocrx_word' id='word_1_314' title='bbox 1925 4072 2032 4127; x_wconf 91' lang='lat' dir='ltr'>du-</span> 
     </span>
    </p>
   </div>
   <div class='ocr_carea' id='block_1_47' title="bbox 383 4163 2033 4238">
    <p class='ocr_par' dir='ltr' id='par_1_47' title="bbox 383 4163 2033 4238">
     <span class='ocr_line' id='line_1_47' title="bbox 383 4163 2033 4238; baseline -0.002 -18"><span class='ocrx_word' id='word_1_315' title='bbox 383 4168 549 4221; x_wconf 88' lang='lat' dir='ltr'>cente</span> <span class='ocrx_word' id='word_1_316' title='bbox 580 4181 694 4221; x_wconf 90' lang='lat' dir='ltr'>non</span> <span class='ocrx_word' id='word_1_317' title='bbox 726 4169 857 4238; x_wconf 83' lang='lat' dir='ltr'>eget</span> <span class='ocrx_word' id='word_1_318' title='bbox 885 4165 957 4222; x_wconf 90' lang='lat' dir='ltr'>ad</span> <span class='ocrx_word' id='word_1_319' title='bbox 990 4164 1443 4231; x_wconf 86' lang='lat' dir='ltr'>ambulandum,</span> <span class='ocrx_word' id='word_1_320' title='bbox 1472 4164 1556 4220; x_wconf 89' lang='lat' dir='ltr'>ita</span> <span class='ocrx_word' id='word_1_321' title='bbox 1587 4179 1693 4220; x_wconf 90' lang='lat' dir='ltr'>nec</span> <span class='ocrx_word' id='word_1_322' title='bbox 1723 4163 1825 4236; x_wconf 88' lang='lat' dir='ltr'>qui</span> <span class='ocrx_word' id='word_1_323' title='bbox 1869 4178 2033 4218; x_wconf 88' lang='lat' dir='ltr'>men-</span> 
     </span>
    </p>
   </div>
   <div class='ocr_carea' id='block_1_48' title="bbox 380 4251 2036 4325">
    <p class='ocr_par' dir='ltr' id='par_1_48' title="bbox 380 4251 2036 4325">
     <span class='ocr_line' id='line_1_48' title="bbox 380 4251 2036 4325; baseline -0.002 -14"><span class='ocrx_word' id='word_1_324' title='bbox 380 4257 501 4311; x_wconf 89' lang='lat' dir='ltr'>tem</span> <span class='ocrx_word' id='word_1_325' title='bbox 533 4254 774 4311; x_wconf 83' lang='lat' dir='ltr'>sortitus</span> <span class='ocrx_word' id='word_1_326' title='bbox 804 4260 914 4325; x_wconf 91' lang='lat' dir='ltr'>est,</span> <span class='ocrx_word' id='word_1_327' title='bbox 947 4259 1005 4311; x_wconf 88' lang='lat' dir='ltr'>et</span> <span class='ocrx_word' id='word_1_328' title='bbox 1032 4257 1117 4312; x_wconf 91' lang='lat' dir='ltr'>sic</span> <span class='ocrx_word' id='word_1_329' title='bbox 1147 4272 1180 4311; x_wconf 84' lang='grc' dir='ltr'>ιι</span> <span class='ocrx_word' id='word_1_330' title='bbox 1209 4255 1324 4312; x_wconf 90' lang='lat' dir='ltr'>Deo</span> <span class='ocrx_word' id='word_1_331' title='bbox 1354 4253 1747 4324; x_wconf 85' lang='lat' dir='ltr'>illuminatur,</span> <span class='ocrx_word' id='word_1_332' title='bbox 1781 4269 1894 4309; x_wconf 91' lang='lat' dir='ltr'>non</span> <span class='ocrx_word' id='word_1_333' title='bbox 1925 4251 2036 4307; x_wconf 88' lang='lat' dir='ltr'>ha-</span> 
     </span>
    </p>
   </div>
   <div class='ocr_carea' id='block_1_49' title="bbox 383 4343 2034 4418">
    <p class='ocr_par' dir='ltr' id='par_1_49' title="bbox 383 4343 2034 4418">
     <span class='ocr_line' id='line_1_49' title="bbox 383 4343 2034 4418; baseline -0.002 -18"><span class='ocrx_word' id='word_1_334' title='bbox 383 4344 483 4400; x_wconf 87' lang='lat' dir='ltr'>bet</span> <span class='ocrx_word' id='word_1_335' title='bbox 538 4343 778 4401; x_wconf 90' lang='lat' dir='ltr'>aliunde</span> <span class='ocrx_word' id='word_1_336' title='bbox 835 4346 1209 4418; x_wconf 69' lang='lat' dir='ltr'>quzsrendam</span> <span class='ocrx_word' id='word_1_337' title='bbox 1261 4345 1335 4402; x_wconf 89' lang='lat' dir='ltr'>ad</span> <span class='ocrx_word' id='word_1_338' title='bbox 1393 4344 1614 4400; x_wconf 88' lang='lat' dir='ltr'>bonum</span> <span class='ocrx_word' id='word_1_339' title='bbox 1676 4343 2034 4408; x_wconf 86' lang='lat' dir='ltr'>ductionem,</span> 
     </span>
    </p>
   </div>
   <div class='ocr_carea' id='block_1_50' title="bbox 387 4430 2036 4506">
    <p class='ocr_par' dir='ltr' id='par_1_50' title="bbox 387 4430 2036 4506">
     <span class='ocr_line' id='line_1_50' title="bbox 387 4430 2036 4506; baseline -0.002 -18"><span class='ocrx_word' id='word_1_340' title='bbox 387 4449 566 4505; x_wconf 84' lang='lat' dir='ltr'>quam</span> <span class='ocrx_word' id='word_1_341' title='bbox 598 4432 751 4490; x_wconf 88' lang='lat' dir='ltr'>Deus</span> <span class='ocrx_word' id='word_1_342' title='bbox 784 4435 1017 4491; x_wconf 87' lang='lat' dir='ltr'>abunde</span> <span class='ocrx_word' id='word_1_343' title='bbox 1047 4433 1409 4506; x_wconf 87' lang='lat' dir='ltr'>dispensavit</span> <span class='ocrx_word' id='word_1_344' title='bbox 1464 4437 1521 4488; x_wconf 86' lang='lat' dir='ltr'>et</span> <span class='ocrx_word' id='word_1_345' title='bbox 1550 4449 1655 4505; x_wconf 88' lang='lat' dir='ltr'>per</span> <span class='ocrx_word' id='word_1_346' title='bbox 1681 4431 1858 4487; x_wconf 90' lang='lat' dir='ltr'>vitam</span> <span class='ocrx_word' id='word_1_347' title='bbox 1916 4430 2036 4486; x_wconf 88' lang='lat' dir='ltr'>dis-</span> 
     </span>
    </p>
   </div>
   <div class='ocr_carea' id='block_1_51' title="bbox 387 4520 2040 4596">
    <p class='ocr_par' dir='ltr' id='par_1_51' title="bbox 387 4520 2040 4596">
     <span class='ocr_line' id='line_1_51' title="bbox 387 4520 2040 4596; baseline -0.003 -18"><span class='ocrx_word' id='word_1_348' title='bbox 387 4526 617 4595; x_wconf 88' lang='lat' dir='ltr'>pensat,</span> <span class='ocrx_word' id='word_1_349' title='bbox 660 4522 776 4578; x_wconf 89' lang='lat' dir='ltr'>nisi</span> <span class='ocrx_word' id='word_1_350' title='bbox 840 4523 1088 4596; x_wconf 90' lang='lat' dir='ltr'>quisque</span> <span class='ocrx_word' id='word_1_351' title='bbox 1165 4523 1548 4594; x_wconf 89' lang='lat' dir='ltr'>semetipsum</span> <span class='ocrx_word' id='word_1_352' title='bbox 1624 4520 1930 4577; x_wconf 87' lang='lat' dir='ltr'>obnubilet</span> <span class='ocrx_word' id='word_1_353' title='bbox 1983 4521 2040 4574; x_wconf 89' lang='lat' dir='ltr'>et</span> 
     </span>
    </p>
   </div>
   <div class='ocr_carea' id='block_1_52' title="bbox 391 4608 2039 4685">
    <p class='ocr_par' dir='ltr' id='par_1_52' title="bbox 391 4608 2039 4685">
     <span class='ocr_line' id='line_1_52' title="bbox 391 4608 2039 4685; baseline -0.004 -16"><span class='ocrx_word' id='word_1_354' title='bbox 391 4612 661 4682; x_wconf 65' lang='lat' dir='ltr'>obcaecet,</span> <span class='ocrx_word' id='word_1_355' title='bbox 696 4612 895 4669; x_wconf 87' lang='lat' dir='ltr'>lumen</span> <span class='ocrx_word' id='word_1_356' title='bbox 923 4612 1392 4685; x_wconf 90' lang='lat' dir='ltr'>intercludendo,</span> <span class='ocrx_word' id='word_1_357' title='bbox 1423 4616 1481 4669; x_wconf 91' lang='lat' dir='ltr'>et</span> <span class='ocrx_word' id='word_1_358' title='bbox 1511 4611 1594 4667; x_wconf 88' lang='lat' dir='ltr'>sic</span> <span class='ocrx_word' id='word_1_359' title='bbox 1624 4608 2039 4668; x_wconf 89' lang='lat' dir='ltr'>abscondendo</span> 
     </span>
    </p>
   </div>
   <div class='ocr_carea' id='block_1_53' title="bbox 2109 929 3763 1011">
    <p class='ocr_par' dir='ltr' id='par_1_53' title="bbox 2109 929 3763 1011">
     <span class='ocr_line' id='line_1_53' title="bbox 2109 929 3763 1011; baseline 0.001 -25"><span class='ocrx_word' id='word_1_360' title='bbox 2109 929 2167 986; x_wconf 78' lang='grc' dir='ltr'>δὲ</span> <span class='ocrx_word' id='word_1_361' title='bbox 2198 933 2262 988; x_wconf 84' lang='grc' dir='ltr'>ού</span> <span class='ocrx_word' id='word_1_362' title='bbox 2291 939 2539 998; x_wconf 89' lang='grc' dir='ltr'>τοιοῦτος</span> <span class='ocrx_word' id='word_1_363' title='bbox 2600 936 2628 990; x_wconf 85' lang='lat'>6</span> <span class='ocrx_word' id='word_1_364' title='bbox 2674 937 2812 1011; x_wconf 84' lang='grc' dir='ltr'>πρὸς</span> <span class='ocrx_word' id='word_1_365' title='bbox 2869 932 3369 1006; x_wconf 83' lang='grc' dir='ltr'>ἀνηκόους’λαλῶν</span> <span class='ocrx_word' id='word_1_366' title='bbox 3422 935 3563 999; x_wconf 80' lang='grc' dir='ltr'>καθὰ</span> <span class='ocrx_word' id='word_1_367' title='bbox 3606 933 3697 990; x_wconf 77' lang='grc' dir='ltr'>καὶ</span> <span class='ocrx_word' id='word_1_368' title='bbox 3735 933 3763 987; x_wconf 89' lang='lat'>6</span> 
     </span>
    </p>
   </div>
   <div class='ocr_carea' id='block_1_54' title="bbox 2108 1022 3765 1098">
    <p class='ocr_par' dir='ltr' id='par_1_54' title="bbox 2108 1022 3765 1098">
     <span class='ocr_line' id='line_1_54' title="bbox 2108 1022 3765 1098; baseline 0 -22"><span class='ocrx_word' id='word_1_369' title='bbox 2108 1022 2247 1096; x_wconf 84' lang='grc' dir='ltr'>πρὸς</span> <span class='ocrx_word' id='word_1_370' title='bbox 2303 1022 2501 1098; x_wconf 73' lang='grc' dir='ltr'>πέτραν</span> <span class='ocrx_word' id='word_1_371' title='bbox 2550 1024 2807 1098; x_wconf 78' lang='grc' dir='ltr'>λυρίζων)</span> <span class='ocrx_word' id='word_1_372' title='bbox 2863 1059 2932 1068; x_wconf 94' lang='lat'>—-</span> <span class='ocrx_word' id='word_1_373' title='bbox 2963 1023 3346 1098; x_wconf 72' lang='grc' dir='ltr'>ἐκτεθειμένων</span> <span class='ocrx_word' id='word_1_374' title='bbox 3403 1024 3494 1080; x_wconf 80' lang='grc' dir='ltr'>οὗν</span> <span class='ocrx_word' id='word_1_375' title='bbox 3525 1022 3765 1092; x_wconf 89' lang='grc' dir='ltr'>τούτων,</span> 
     </span>
    </p>
   </div>
   <div class='ocr_carea' id='block_1_55' title="bbox 2112 1105 3768 1189">
    <p class='ocr_par' dir='ltr' id='par_1_55' title="bbox 2112 1105 3768 1189">
     <span class='ocr_line' id='line_1_55' title="bbox 2112 1105 3768 1189; baseline 0.002 -26"><span class='ocrx_word' id='word_1_376' title='bbox 2112 1109 2186 1172; x_wconf 84' lang='grc' dir='ltr'>ὡς</span> <span class='ocrx_word' id='word_1_377' title='bbox 2216 1105 2437 1188; x_wconf 67' lang='grc' dir='ltr'>ἔφαμεν,</span> <span class='ocrx_word' id='word_1_378' title='bbox 2496 1114 2559 1167; x_wconf 86' lang='grc' dir='ltr'>τὸ</span> <span class='ocrx_word' id='word_1_379' title='bbox 2619 1113 2713 1185; x_wconf 70' lang='grc' dir='ltr'>μὲν</span> <span class='ocrx_word' id='word_1_380' title='bbox 2779 1113 3165 1189; x_wconf 74' lang='grc' dir='ltr'>ὑπερκείμενον</span> <span class='ocrx_word' id='word_1_381' title='bbox 3224 1114 3314 1169; x_wconf 83' lang='grc' dir='ltr'>καὶ</span> <span class='ocrx_word' id='word_1_382' title='bbox 3362 1112 3506 1168; x_wconf 77' lang='grc' dir='ltr'>οὕτω</span> <span class='ocrx_word' id='word_1_383' title='bbox 3554 1112 3768 1188; x_wconf 85' lang='grc' dir='ltr'>πρώτι-</span> 
     </span>
    </p>
   </div>
   <div class='ocr_carea' id='block_1_56' title="bbox 2113 1198 3769 1277">
    <p class='ocr_par' dir='ltr' id='par_1_56' title="bbox 2113 1198 3769 1277">
     <span class='ocr_line' id='line_1_56' title="bbox 2113 1198 3769 1277; baseline 0.001 -24"><span class='ocrx_word' id='word_1_384' title='bbox 2113 1218 2236 1254; x_wconf 88' lang='grc' dir='ltr'>στον</span> <span class='ocrx_word' id='word_1_385' title='bbox 2269 1198 2321 1253; x_wconf 87' lang='grc' dir='ltr'>ἐν</span> <span class='ocrx_word' id='word_1_386' title='bbox 2348 1205 2461 1263; x_wconf 86' lang='grc' dir='ltr'>τοῖς</span> <span class='ocrx_word' id='word_1_387' title='bbox 2493 1201 2875 1274; x_wconf 72' lang='grc' dir='ltr'>προκειμένοις</span> <span class='ocrx_word' id='word_1_388' title='bbox 2902 1208 3018 1265; x_wconf 87' lang='grc' dir='ltr'>τοῖς</span> <span class='ocrx_word' id='word_1_389' title='bbox 3057 1200 3392 1276; x_wconf 81' lang='grc' dir='ltr'>ἐρημάζουαι</span> <span class='ocrx_word' id='word_1_390' title='bbox 3439 1205 3546 1257; x_wconf 83' lang='grc' dir='ltr'>τῶν</span> <span class='ocrx_word' id='word_1_391' title='bbox 3596 1199 3769 1277; x_wconf 81' lang='grc' dir='ltr'>ἁγίων</span> 
     </span>
    </p>
   </div>
   <div class='ocr_carea' id='block_1_57' title="bbox 2115 1290 3774 1369">
    <p class='ocr_par' dir='ltr' id='par_1_57' title="bbox 2115 1290 3774 1369">
     <span class='ocr_line' id='line_1_57' title="bbox 2115 1290 3774 1369; baseline 0.001 -24"><span class='ocrx_word' id='word_1_392' title='bbox 2115 1290 2376 1361; x_wconf 84' lang='grc' dir='ltr'>ὡσίωται,</span> <span class='ocrx_word' id='word_1_393' title='bbox 2437 1291 2489 1347; x_wconf 64' lang='grc' dir='ltr'>ο⁸ί</span> <span class='ocrx_word' id='word_1_394' title='bbox 2518 1293 2953 1367; x_wconf 79' lang='grc' dir='ltr'>ἀποκαθάραντες</span> <span class='ocrx_word' id='word_1_395' title='bbox 2984 1293 3060 1358; x_wconf 83' lang='grc' dir='ltr'>είς</span> <span class='ocrx_word' id='word_1_396' title='bbox 3089 1292 3422 1369; x_wconf 81' lang='grc' dir='ltr'>αὐτόχρημα</span> <span class='ocrx_word' id='word_1_397' title='bbox 3468 1296 3589 1347; x_wconf 93' lang='grc' dir='ltr'>νοῦν</span> <span class='ocrx_word' id='word_1_398' title='bbox 3640 1292 3774 1347; x_wconf 70' lang='grc' dir='ltr'>ἐαυ-</span> 
     </span>
    </p>
   </div>
   <div class='ocr_carea' id='block_1_58' title="bbox 2113 1379 3776 1460">
    <p class='ocr_par' dir='ltr' id='par_1_58' title="bbox 2113 1379 3776 1460">
     <span class='ocr_line' id='line_1_58' title="bbox 2113 1379 3776 1460; baseline 0 -26"><span class='ocrx_word' id='word_1_399' title='bbox 2113 1380 2266 1450; x_wconf 80' lang='grc' dir='ltr'>τοὺς,</span> <span class='ocrx_word' id='word_1_400' title='bbox 2297 1381 2333 1451; x_wconf 74' lang='grc' dir='ltr'><strong>ἢ</strong></span> <span class='ocrx_word' id='word_1_401' title='bbox 2364 1381 2453 1437; x_wconf 81' lang='grc' dir='ltr'>καὶ</span> <span class='ocrx_word' id='word_1_402' title='bbox 2520 1382 2592 1445; x_wconf 85' lang='grc' dir='ltr'>ὡς</span> <span class='ocrx_word' id='word_1_403' title='bbox 2648 1385 2764 1437; x_wconf 82' lang='grc' dir='ltr'>οἷον</span> <span class='ocrx_word' id='word_1_404' title='bbox 2819 1382 3337 1460; x_wconf 79' lang='grc' dir='ltr'>ἀποσφαιρώσαντες</span> <span class='ocrx_word' id='word_1_405' title='bbox 3389 1382 3452 1437; x_wconf 87' lang='grc' dir='ltr'>τὸ</span> <span class='ocrx_word' id='word_1_406' title='bbox 3492 1379 3546 1437; x_wconf 88' lang='grc' dir='ltr'>ἐν</span> <span class='ocrx_word' id='word_1_407' title='bbox 3580 1381 3776 1442; x_wconf 82' lang='grc' dir='ltr'>αὐτοῖς</span> 
     </span>
    </p>
   </div>
   <div class='ocr_carea' id='block_1_59' title="bbox 2116 1467 3780 1547">
    <p class='ocr_par' dir='ltr' id='par_1_59' title="bbox 2116 1467 3780 1547">
     <span class='ocr_line' id='line_1_59' title="bbox 2116 1467 3780 1547; baseline -0.002 -22"><span class='ocrx_word' id='word_1_408' title='bbox 2116 1471 2324 1545; x_wconf 84' lang='grc' dir='ltr'>νοερὸν,</span> <span class='ocrx_word' id='word_1_409' title='bbox 2384 1471 2473 1526; x_wconf 81' lang='grc' dir='ltr'>καὶ</span> <span class='ocrx_word' id='word_1_410' title='bbox 2530 1471 2781 1544; x_wconf 79' lang='grc' dir='ltr'>σημείοις</span> <span class='ocrx_word' id='word_1_411' title='bbox 2830 1471 2978 1527; x_wconf 79' lang='grc' dir='ltr'>οὕτω</span> <span class='ocrx_word' id='word_1_412' title='bbox 3030 1470 3396 1547; x_wconf 82' lang='grc' dir='ltr'>βραχυτάτοις</span> <span class='ocrx_word' id='word_1_413' title='bbox 3445 1469 3535 1525; x_wconf 80' lang='grc' dir='ltr'>καὶ</span> <span class='ocrx_word' id='word_1_414' title='bbox 3570 1469 3647 1532; x_wconf 89' lang='grc' dir='ltr'>ὡς</span> <span class='ocrx_word' id='word_1_415' title='bbox 3696 1467 3780 1523; x_wconf 76' lang='grc' dir='ltr'>εἴ·</span> 
     </span>
    </p>
   </div>
   <div class='ocr_carea' id='block_1_60' title="bbox 2118 1558 3779 1635">
    <p class='ocr_par' dir='ltr' id='par_1_60' title="bbox 2118 1558 3779 1635">
     <span class='ocr_line' id='line_1_60' title="bbox 2118 1558 3779 1635; baseline -0.001 -22"><span class='ocrx_word' id='word_1_416' title='bbox 2118 1564 2239 1613; x_wconf 83' lang='grc' dir='ltr'>πεῖν</span> <span class='ocrx_word' id='word_1_417' title='bbox 2293 1558 2546 1635; x_wconf 80' lang='grc' dir='ltr'>ἁμερὲσιν</span> <span class='ocrx_word' id='word_1_418' title='bbox 2602 1559 2967 1635; x_wconf 80' lang='grc' dir='ltr'>ἐφαπτόμενοι</span> <span class='ocrx_word' id='word_1_419' title='bbox 3025 1563 3129 1634; x_wconf 81' lang='grc' dir='ltr'>γῆς</span> <span class='ocrx_word' id='word_1_420' title='bbox 3184 1559 3275 1614; x_wconf 81' lang='grc' dir='ltr'>καὶ</span> <span class='ocrx_word' id='word_1_421' title='bbox 3325 1563 3432 1615; x_wconf 83' lang='grc' dir='ltr'>τῶν</span> <span class='ocrx_word' id='word_1_422' title='bbox 3464 1558 3592 1634; x_wconf 84' lang='grc' dir='ltr'>περὶ</span> <span class='ocrx_word' id='word_1_423' title='bbox 3646 1560 3779 1632; x_wconf 74' lang='grc' dir='ltr'>γῆν,</span> 
     </span>
    </p>
   </div>
   <div class='ocr_carea' id='block_1_61' title="bbox 2118 1648 3781 1727">
    <p class='ocr_par' dir='ltr' id='par_1_61' title="bbox 2118 1648 3781 1727">
     <span class='ocr_line' id='line_1_61' title="bbox 2118 1648 3781 1727; baseline 0 -22"><span class='ocrx_word' id='word_1_424' title='bbox 2118 1652 2254 1725; x_wconf 88' lang='grc' dir='ltr'>πρὸς</span> <span class='ocrx_word' id='word_1_425' title='bbox 2312 1648 2490 1706; x_wconf 78' lang='grc' dir='ltr'>οὐδενὶ</span> <span class='ocrx_word' id='word_1_426' title='bbox 2541 1649 2701 1725; x_wconf 76' lang='grc' dir='ltr'>ἄλλῳ</span> <span class='ocrx_word' id='word_1_427' title='bbox 2729 1651 2819 1706; x_wconf 88' lang='grc' dir='ltr'>τὸν</span> <span class='ocrx_word' id='word_1_428' title='bbox 2852 1655 2976 1705; x_wconf 90' lang='grc' dir='ltr'>νοῦν</span> <span class='ocrx_word' id='word_1_429' title='bbox 3009 1648 3226 1727; x_wconf 75' lang='grc' dir='ltr'>ἔχουσιν</span> <span class='ocrx_word' id='word_1_430' title='bbox 3259 1652 3295 1722; x_wconf 71' lang='grc' dir='ltr'>ἢ</span> <span class='ocrx_word' id='word_1_431' title='bbox 3325 1651 3463 1727; x_wconf 88' lang='grc' dir='ltr'>πρὸς</span> <span class='ocrx_word' id='word_1_432' title='bbox 3514 1650 3666 1724; x_wconf 85' lang='grc' dir='ltr'>μόνῳ</span> <span class='ocrx_word' id='word_1_433' title='bbox 3691 1654 3781 1723; x_wconf 78' lang='grc' dir='ltr'>τῷ</span> 
     </span>
    </p>
   </div>
   <div class='ocr_carea' id='block_1_62' title="bbox 2066 1735 3781 1816">
    <p class='ocr_par' dir='ltr' id='par_1_62' title="bbox 2066 1735 3781 1816">
     <span class='ocr_line' id='line_1_62' title="bbox 2066 1735 3781 1816; baseline -0.001 -21"><span class='ocrx_word' id='word_1_434' title='bbox 2066 1792 2072 1799; x_wconf 85' lang='grc'>,</span> <span class='ocrx_word' id='word_1_435' title='bbox 2121 1743 2259 1812; x_wconf 78' lang='grc' dir='ltr'>Θεῷ,</span> <span class='ocrx_word' id='word_1_436' title='bbox 2291 1735 2819 1816; x_wconf 79' lang='grc' dir='ltr'>ἀκριϐολογούμενοι</span> <span class='ocrx_word' id='word_1_437' title='bbox 2876 1741 2944 1795; x_wconf 76' lang='grc' dir='ltr'><strong>τᾶ</strong></span> <span class='ocrx_word' id='word_1_438' title='bbox 2992 1742 3259 1815; x_wconf 78' lang='grc' dir='ltr'>σωτήρια,</span> <span class='ocrx_word' id='word_1_439' title='bbox 3306 1739 3418 1808; x_wconf 84' lang='grc' dir='ltr'>καὶ,</span> <span class='ocrx_word' id='word_1_440' title='bbox 3473 1739 3548 1801; x_wconf 83' lang='grc' dir='ltr'>ὡς</span> <span class='ocrx_word' id='word_1_441' title='bbox 3582 1738 3642 1793; x_wconf 83' lang='grc' dir='ltr'>’ἀν</span> <span class='ocrx_word' id='word_1_442' title='bbox 3688 1760 3781 1802; x_wconf 92' lang='grc' dir='ltr'>τις</span> 
     </span>
    </p>
   </div>
   <div class='ocr_carea' id='block_1_63' title="bbox 2124 1826 3783 1908">
    <p class='ocr_par' dir='ltr' id='par_1_63' title="bbox 2124 1826 3783 1908">
     <span class='ocr_line' id='line_1_63' title="bbox 2124 1826 3783 1908; baseline 0 -23"><span class='ocrx_word' id='word_1_443' title='bbox 2124 1828 2269 1885; x_wconf 69' lang='grc' dir='ltr'>εἴποι</span> <span class='ocrx_word' id='word_1_444' title='bbox 2318 1830 2417 1886; x_wconf 83' lang='grc' dir='ltr'>οὐκ</span> <span class='ocrx_word' id='word_1_445' title='bbox 2472 1832 2692 1908; x_wconf 75' lang='grc' dir='ltr'>ἀφυῶς,</span> <span class='ocrx_word' id='word_1_446' title='bbox 2741 1826 3193 1905; x_wconf 79' lang='grc' dir='ltr'>κιμϐικευόμενοι</span> <span class='ocrx_word' id='word_1_447' title='bbox 3241 1829 3533 1894; x_wconf 80' lang='grc' dir='ltr'>ἀπλάστως</span> <span class='ocrx_word' id='word_1_448' title='bbox 3580 1830 3650 1886; x_wconf 77' lang='grc' dir='ltr'>τὰ</span> <span class='ocrx_word' id='word_1_449' title='bbox 3698 1829 3783 1893; x_wconf 83' lang='grc' dir='ltr'>είς</span> 
     </span>
    </p>
   </div>
   <div class='ocr_carea' id='block_1_64' title="bbox 2043 1919 3782 2011">
    <p class='ocr_par' dir='ltr' id='par_1_64' title="bbox 2043 1919 3782 2011">
     <span class='ocr_line' id='line_1_64' title="bbox 2043 1919 3782 2011; baseline 0 -35"><span class='ocrx_word' id='word_1_450' title='bbox 2043 1945 2091 2011; x_wconf 84' lang='grc' dir='ltr'><strong>Β</strong></span> <span class='ocrx_word' id='word_1_451' title='bbox 2125 1923 2344 2011; x_wconf 77' lang='grc' dir='ltr'>ἀρετὴν,</span> <span class='ocrx_word' id='word_1_452' title='bbox 2376 1921 2438 1977; x_wconf 77' lang='grc' dir='ltr'>οὗ</span> <span class='ocrx_word' id='word_1_453' title='bbox 2490 1920 2989 2011; x_wconf 77' lang='grc' dir='ltr'>προσλογιζόμενοι</span> <span class='ocrx_word' id='word_1_454' title='bbox 3028 1923 3213 2011; x_wconf 11' lang='grc' dir='ltr'>νγένος,</span> <span class='ocrx_word' id='word_1_455' title='bbox 3274 1922 3336 2011; x_wconf 76' lang='grc' dir='ltr'>ού</span> <span class='ocrx_word' id='word_1_456' title='bbox 3390 1919 3567 2000; x_wconf 77' lang='grc' dir='ltr'>φυλὴν</span> <span class='ocrx_word' id='word_1_457' title='bbox 3615 1919 3782 2011; x_wconf 19' lang='grc' dir='ltr'>,ἐνθυ-</span> 
     </span>
    </p>
   </div>
   <div class='ocr_carea' id='block_1_65' title="bbox 360 2008 2055 2081">
    <p class='ocr_par' dir='ltr' id='par_1_65' title="bbox 360 2008 2055 2081">
     <span class='ocr_line' id='line_1_65' title="bbox 360 2008 2055 2081; baseline -0.002 -16"><span class='ocrx_word' id='word_1_458' title='bbox 360 2010 476 2065; x_wconf 90' lang='lat' dir='ltr'>mi:</span> <span class='ocrx_word' id='word_1_459' title='bbox 513 2027 629 2066; x_wconf 89' lang='lat' dir='ltr'>non</span> <span class='ocrx_word' id='word_1_460' title='bbox 662 2026 847 2081; x_wconf 90' lang='lat' dir='ltr'>genus</span> <span class='ocrx_word' id='word_1_461' title='bbox 881 2014 1315 2081; x_wconf 87' lang='lat' dir='ltr'>computantes,</span> <span class='ocrx_word' id='word_1_462' title='bbox 1373 2026 1488 2064; x_wconf 90' lang='lat' dir='ltr'>non</span> <span class='ocrx_word' id='word_1_463' title='bbox 1524 2013 1862 2081; x_wconf 88' lang='lat' dir='ltr'>reputantes</span> <span class='ocrx_word' id='word_1_464' title='bbox 1908 2008 2012 2062; x_wconf 86' lang='lat' dir='ltr'>tri-</span> <span class='ocrx_word' id='word_1_465' title='bbox 2044 2008 2055 2039; x_wconf 62' lang='grc' dir='ltr'><strong>ῖ</strong></span> 
     </span>
    </p>
   </div>
   <div class='ocr_carea' id='block_1_66' title="bbox 2126 2009 3782 2088">
    <p class='ocr_par' dir='ltr' id='par_1_66' title="bbox 2126 2009 3782 2088">
     <span class='ocr_line' id='line_1_66' title="bbox 2126 2009 3782 2088; baseline -0.001 -22"><span class='ocrx_word' id='word_1_466' title='bbox 2126 2009 2414 2084; x_wconf 85' lang='grc' dir='ltr'>μούμενοι,</span> <span class='ocrx_word' id='word_1_467' title='bbox 2460 2009 2522 2065; x_wconf 85' lang='grc' dir='ltr'>ού</span> <span class='ocrx_word' id='word_1_468' title='bbox 2572 2012 2821 2086; x_wconf 74' lang='grc' dir='ltr'>φρήτρην</span> <span class='ocrx_word' id='word_1_469' title='bbox 2872 2010 2922 2065; x_wconf 89' lang='grc' dir='ltr'>ἐν</span> <span class='ocrx_word' id='word_1_470' title='bbox 2969 2009 3119 2087; x_wconf 89' lang='grc' dir='ltr'>λόγῳ</span> <span class='ocrx_word' id='word_1_471' title='bbox 3166 2010 3514 2083; x_wconf 77' lang='grc' dir='ltr'>ποιούμενοι,</span> <span class='ocrx_word' id='word_1_472' title='bbox 3572 2009 3635 2064; x_wconf 83' lang='grc' dir='ltr'>οὐ</span> <span class='ocrx_word' id='word_1_473' title='bbox 3688 2031 3782 2088; x_wconf 81' lang='grc' dir='ltr'>ιρι-</span> 
     </span>
    </p>
   </div>
   <div class='ocr_carea' id='block_1_67' title="bbox 2123 2097 3782 2175">
    <p class='ocr_par' dir='ltr' id='par_1_67' title="bbox 2123 2097 3782 2175">
     <span class='ocr_line' id='line_1_67' title="bbox 2123 2097 3782 2175; baseline -0.001 -20"><span class='ocrx_word' id='word_1_474' title='bbox 2123 2098 2245 2155; x_wconf 89' lang='grc' dir='ltr'>λίαν</span> <span class='ocrx_word' id='word_1_475' title='bbox 2271 2097 2324 2154; x_wconf 80' lang='grc' dir='ltr'>ἐν</span> <span class='ocrx_word' id='word_1_476' title='bbox 2355 2100 2571 2173; x_wconf 79' lang='grc' dir='ltr'>ἀριθμῷ</span> <span class='ocrx_word' id='word_1_477' title='bbox 2597 2100 2893 2174; x_wconf 69' lang='grc' dir='ltr'>τιθέμενοι,</span> <span class='ocrx_word' id='word_1_478' title='bbox 2954 2098 3017 2154; x_wconf 81' lang='grc' dir='ltr'>οὐ</span> <span class='ocrx_word' id='word_1_479' title='bbox 3072 2097 3392 2168; x_wconf 79' lang='grc' dir='ltr'>πολιτείαν,</span> <span class='ocrx_word' id='word_1_480' title='bbox 3443 2098 3506 2154; x_wconf 85' lang='grc' dir='ltr'>οὐ</span> <span class='ocrx_word' id='word_1_481' title='bbox 3555 2118 3782 2175; x_wconf 88' lang='grc' dir='ltr'>περιου-</span> 
     </span>
    </p>
   </div>
   <div class='ocr_carea' id='block_1_68' title="bbox 2125 2186 3783 2264">
    <p class='ocr_par' dir='ltr' id='par_1_68' title="bbox 2125 2186 3783 2264">
     <span class='ocr_line' id='line_1_68' title="bbox 2125 2186 3783 2264; baseline 0.001 -21"><span class='ocrx_word' id='word_1_482' title='bbox 2125 2190 2267 2256; x_wconf 78' lang='grc' dir='ltr'>σίαν,</span> <span class='ocrx_word' id='word_1_483' title='bbox 2322 2188 2388 2243; x_wconf 83' lang='grc' dir='ltr'>ού</span> <span class='ocrx_word' id='word_1_484' title='bbox 2447 2190 2859 2264; x_wconf 87' lang='grc' dir='ltr'>γνωριμότητα,</span> <span class='ocrx_word' id='word_1_485' title='bbox 2891 2190 2956 2244; x_wconf 82' lang='grc' dir='ltr'>οὐ</span> <span class='ocrx_word' id='word_1_486' title='bbox 3012 2188 3218 2261; x_wconf 88' lang='grc' dir='ltr'>κόσμον</span> <span class='ocrx_word' id='word_1_487' title='bbox 3251 2187 3409 2244; x_wconf 74' lang='grc' dir='ltr'>αὐτὸν</span> <span class='ocrx_word' id='word_1_488' title='bbox 3440 2186 3593 2244; x_wconf 84' lang='grc' dir='ltr'>ὅλον⁶</span> <span class='ocrx_word' id='word_1_489' title='bbox 3630 2186 3783 2245; x_wconf 74' lang='grc' dir='ltr'>ἄλλᾶ</span> 
     </span>
    </p>
   </div>
   <div class='ocr_carea' id='block_1_69' title="bbox 2129 2274 3781 2355">
    <p class='ocr_par' dir='ltr' id='par_1_69' title="bbox 2129 2274 3781 2355">
     <span class='ocr_line' id='line_1_69' title="bbox 2129 2274 3781 2355; baseline 0 -23"><span class='ocrx_word' id='word_1_490' title='bbox 2129 2278 2450 2351; x_wconf 82' lang='grc' dir='ltr'>μονάζοντες</span> <span class='ocrx_word' id='word_1_491' title='bbox 2484 2277 2536 2341; x_wconf 87' lang='grc' dir='ltr'>ἐς</span> <span class='ocrx_word' id='word_1_492' title='bbox 2567 2274 2845 2355; x_wconf 77' lang='grc' dir='ltr'>ἀκρίϐειαν</span> <span class='ocrx_word' id='word_1_493' title='bbox 2890 2277 2979 2334; x_wconf 79' lang='grc' dir='ltr'>καὶ</span> <span class='ocrx_word' id='word_1_494' title='bbox 3022 2279 3161 2334; x_wconf 81' lang='grc' dir='ltr'>κατὰ</span> <span class='ocrx_word' id='word_1_495' title='bbox 3204 2276 3333 2342; x_wconf 79' lang='grc' dir='ltr'>τοὺς</span> <span class='ocrx_word' id='word_1_496' title='bbox 3387 2274 3781 2354; x_wconf 81' lang='grc' dir='ltr'>προτροπάδην</span> 
     </span>
    </p>
   </div>
   <div class='ocr_carea' id='block_1_70' title="bbox 2124 2362 3776 2446">
    <p class='ocr_par' dir='ltr' id='par_1_70' title="bbox 2124 2362 3776 2446">
     <span class='ocr_line' id='line_1_70' title="bbox 2124 2362 3776 2446; baseline 0.001 -24"><span class='ocrx_word' id='word_1_497' title='bbox 2124 2362 2185 2422; x_wconf 74' lang='grc' dir='ltr'>ἔκ</span> <span class='ocrx_word' id='word_1_498' title='bbox 2239 2379 2402 2432; x_wconf 77' lang='grc' dir='ltr'>ποθεν</span> <span class='ocrx_word' id='word_1_499' title='bbox 2461 2372 2630 2423; x_wconf 81' lang='grc' dir='ltr'>κακοῦ</span> <span class='ocrx_word' id='word_1_500' title='bbox 2684 2368 2997 2446; x_wconf 75' lang='grc' dir='ltr'>φεύγοντας,</span> <span class='ocrx_word' id='word_1_501' title='bbox 3048 2366 3142 2422; x_wconf 67' lang='grc' dir='ltr'>’ίνα</span> <span class='ocrx_word' id='word_1_502' title='bbox 3184 2372 3318 2445; x_wconf 77' lang='grc' dir='ltr'>σφᾶς</span> <span class='ocrx_word' id='word_1_503' title='bbox 3373 2365 3569 2429; x_wconf 78' lang='grc' dir='ltr'>αὐτοὺς</span> <span class='ocrx_word' id='word_1_504' title='bbox 3623 2388 3776 2445; x_wconf 86' lang='grc' dir='ltr'>περι-</span> 
     </span>
    </p>
   </div>
   <div class='ocr_carea' id='block_1_71' title="bbox 2126 2454 3773 2534">
    <p class='ocr_par' dir='ltr' id='par_1_71' title="bbox 2126 2454 3773 2534">
     <span class='ocr_line' id='line_1_71' title="bbox 2126 2454 3773 2534; baseline -0.001 -23"><span class='ocrx_word' id='word_1_505' title='bbox 2126 2458 2426 2526; x_wconf 85' lang='grc' dir='ltr'>σώζωνται,</span> <span class='ocrx_word' id='word_1_506' title='bbox 2504 2456 2856 2532; x_wconf 81' lang='grc' dir='ltr'>ἀρκούμενοι,</span> <span class='ocrx_word' id='word_1_507' title='bbox 2918 2454 3006 2511; x_wconf 69' lang='grc' dir='ltr'>ἐὰν</span> <span class='ocrx_word' id='word_1_508' title='bbox 3079 2458 3148 2530; x_wconf 78' lang='grc' dir='ltr'>τῇ</span> <span class='ocrx_word' id='word_1_509' title='bbox 3214 2459 3311 2510; x_wconf 88' lang='grc' dir='ltr'>τοῦ</span> <span class='ocrx_word' id='word_1_510' title='bbox 3364 2454 3574 2529; x_wconf 86' lang='grc' dir='ltr'>κόσμου</span> <span class='ocrx_word' id='word_1_511' title='bbox 3632 2459 3773 2534; x_wconf 80' lang='grc' dir='ltr'>φυγῇ</span> 
     </span>
    </p>
   </div>
   <div class='ocr_carea' id='block_1_72' title="bbox 2131 2541 3774 2621">
    <p class='ocr_par' dir='ltr' id='par_1_72' title="bbox 2131 2541 3774 2621">
     <span class='ocr_line' id='line_1_72' title="bbox 2131 2541 3774 2621; baseline 0 -21"><span class='ocrx_word' id='word_1_512' title='bbox 2131 2541 2269 2620; x_wconf 81' lang='grc' dir='ltr'>μόνῃ</span> <span class='ocrx_word' id='word_1_513' title='bbox 2329 2543 2523 2607; x_wconf 76' lang='grc' dir='ltr'>αὐτοὺς</span> <span class='ocrx_word' id='word_1_514' title='bbox 2576 2544 2895 2621; x_wconf 77' lang='grc' dir='ltr'>ἀνθρώπους</span> <span class='ocrx_word' id='word_1_515' title='bbox 2956 2542 3202 2600; x_wconf 83' lang='grc' dir='ltr'>τελείους</span> <span class='ocrx_word' id='word_1_516' title='bbox 3272 2546 3642 2619; x_wconf 81' lang='grc' dir='ltr'>περιστήσωσι</span> <span class='ocrx_word' id='word_1_517' title='bbox 3698 2549 3774 2617; x_wconf 82' lang='grc' dir='ltr'>τῷ</span> 
     </span>
    </p>
   </div>
   <div class='ocr_carea' id='block_1_73' title="bbox 2127 2630 3769 2711">
    <p class='ocr_par' dir='ltr' id='par_1_73' title="bbox 2127 2630 3769 2711">
     <span class='ocr_line' id='line_1_73' title="bbox 2127 2630 3769 2711; baseline -0.001 -23"><span class='ocrx_word' id='word_1_518' title='bbox 2127 2638 2266 2706; x_wconf 81' lang='grc' dir='ltr'>Θεῷ·</span> <span class='ocrx_word' id='word_1_519' title='bbox 2313 2632 2737 2711; x_wconf 73' lang='grc' dir='ltr'>φιλοσοφοῦντες</span> <span class='ocrx_word' id='word_1_520' title='bbox 2771 2677 2785 2703; x_wconf 92' lang='grc'>,</span> <span class='ocrx_word' id='word_1_521' title='bbox 2846 2630 2997 2688; x_wconf 75' lang='grc' dir='ltr'>οὐδὲν</span> <span class='ocrx_word' id='word_1_522' title='bbox 3051 2631 3206 2687; x_wconf 73' lang='grc' dir='ltr'>αὐτοὶ</span> <span class='ocrx_word' id='word_1_523' title='bbox 3255 2630 3493 2688; x_wconf 87' lang='grc' dir='ltr'>ἐντεῦθεν</span> <span class='ocrx_word' id='word_1_524' title='bbox 3552 2633 3769 2705; x_wconf 76' lang='grc' dir='ltr'>αἰτίαμα</span> 
     </span>
    </p>
   </div>
   <div class='ocr_carea' id='block_1_74' title="bbox 2128 2720 3764 2799">
    <p class='ocr_par' dir='ltr' id='par_1_74' title="bbox 2128 2720 3764 2799">
     <span class='ocr_line' id='line_1_74' title="bbox 2128 2720 3764 2799; baseline -0.003 -19"><span class='ocrx_word' id='word_1_525' title='bbox 2128 2723 2474 2792; x_wconf 77' lang='grc' dir='ltr'>ἐπισπᾶσθαι,</span> <span class='ocrx_word' id='word_1_526' title='bbox 2535 2722 2580 2779; x_wconf 86' lang='grc' dir='ltr'>εί</span> <span class='ocrx_word' id='word_1_527' title='bbox 2647 2723 2723 2797; x_wconf 83' lang='grc' dir='ltr'>μὴ</span> <span class='ocrx_word' id='word_1_528' title='bbox 2803 2720 3011 2786; x_wconf 72' lang='grc' dir='ltr'>ἄλλους</span> <span class='ocrx_word' id='word_1_529' title='bbox 3088 2722 3355 2799; x_wconf 75' lang='grc' dir='ltr'>ὥφελοῖεν</span> <span class='ocrx_word' id='word_1_530' title='bbox 3434 2721 3764 2793; x_wconf 78' lang='grc' dir='ltr'>ἀνθρωπίνης</span> 
     </span>
    </p>
   </div>
   <div class='ocr_carea' id='block_1_75' title="bbox 2127 2809 3773 2890">
    <p class='ocr_par' dir='ltr' id='par_1_75' title="bbox 2127 2809 3773 2890">
     <span class='ocr_line' id='line_1_75' title="bbox 2127 2809 3773 2890; baseline -0.004 -20"><span class='ocrx_word' id='word_1_531' title='bbox 2127 2813 2411 2876; x_wconf 82' lang='grc' dir='ltr'>κοινωνίας</span> <span class='ocrx_word' id='word_1_532' title='bbox 2465 2813 2660 2886; x_wconf 88' lang='grc' dir='ltr'>νόμῳ.</span> <span class='ocrx_word' id='word_1_533' title='bbox 2732 2812 2987 2888; x_wconf 88' lang='grc' dir='ltr'>Κρίνουσι</span> <span class='ocrx_word' id='word_1_534' title='bbox 3054 2812 3159 2890; x_wconf 79' lang='grc' dir='ltr'>γὰρ</span> <span class='ocrx_word' id='word_1_535' title='bbox 3220 2812 3512 2874; x_wconf 83' lang='grc' dir='ltr'>ἐπαινετῶς</span> <span class='ocrx_word' id='word_1_536' title='bbox 3558 2809 3773 2867; x_wconf 69' lang='grc' dir='ltr'>ἕκαστον</span> 
     </span>
    </p>
   </div>
   <div class='ocr_carea' id='block_1_76' title="bbox 2130 2895 3785 2978">
    <p class='ocr_par' dir='ltr' id='par_1_76' title="bbox 2130 2895 3785 2978">
     <span class='ocr_line' id='line_1_76' title="bbox 2130 2895 3785 2978; baseline -0.004 -18"><span class='ocrx_word' id='word_1_537' title='bbox 2130 2902 2415 2971; x_wconf 76' lang='grc' dir='ltr'>ἄνθρωπον</span> <span class='ocrx_word' id='word_1_538' title='bbox 2478 2900 2663 2978; x_wconf 77' lang='grc' dir='ltr'>ἄρκιον</span> <span class='ocrx_word' id='word_1_539' title='bbox 2725 2904 2899 2976; x_wconf 70' lang='grc' dir='ltr'>ἑαυτῷ</span> <span class='ocrx_word' id='word_1_540' title='bbox 2956 2901 3091 2958; x_wconf 77' lang='grc' dir='ltr'>εἶναι</span> <span class='ocrx_word' id='word_1_541' title='bbox 3144 2903 3279 2977; x_wconf 86' lang='grc' dir='ltr'>πρὸς</span> <span class='ocrx_word' id='word_1_542' title='bbox 3343 2901 3649 2976; x_wconf 82' lang='grc' dir='ltr'>σωτηρίαν,</span> <span class='ocrx_word' id='word_1_543' title='bbox 3706 2895 3785 2954; x_wconf 73' lang='grc' dir='ltr'>εἴ·</span> 
     </span>
    </p>
   </div>
   <div class='ocr_carea' id='block_1_77' title="bbox 2130 2986 3787 3069">
    <p class='ocr_par' dir='ltr' id='par_1_77' title="bbox 2130 2986 3787 3069">
     <span class='ocr_line' id='line_1_77' title="bbox 2130 2986 3787 3069; baseline -0.004 -20"><span class='ocrx_word' id='word_1_544' title='bbox 2130 3014 2230 3069; x_wconf 89' lang='grc' dir='ltr'>περ</span> <span class='ocrx_word' id='word_1_545' title='bbox 2291 2992 2487 3061; x_wconf 69' lang='grc' dir='ltr'>ἐθέλει,</span> <span class='ocrx_word' id='word_1_546' title='bbox 2534 2992 2624 3047; x_wconf 83' lang='grc' dir='ltr'>καὶ</span> <span class='ocrx_word' id='word_1_547' title='bbox 2678 2989 2952 3066; x_wconf 77' lang='grc' dir='ltr'>μηδεμιᾶς</span> <span class='ocrx_word' id='word_1_548' title='bbox 3011 2991 3328 3046; x_wconf 81' lang='grc' dir='ltr'>ἐπεισάκτου</span> <span class='ocrx_word' id='word_1_549' title='bbox 3382 2987 3586 3052; x_wconf 85' lang='grc' dir='ltr'>δεῖσθαι</span> <span class='ocrx_word' id='word_1_550' title='bbox 3636 2986 3787 3043; x_wconf 83' lang='grc' dir='ltr'>διδα-</span> 
     </span>
    </p>
   </div>
   <div class='ocr_carea' id='block_1_78' title="bbox 2133 3073 3788 3156">
    <p class='ocr_par' dir='ltr' id='par_1_78' title="bbox 2133 3073 3788 3156">
     <span class='ocr_line' id='line_1_78' title="bbox 2133 3073 3788 3156; baseline -0.005 -19"><span class='ocrx_word' id='word_1_551' title='bbox 2133 3082 2360 3143; x_wconf 80' lang='grc' dir='ltr'>σκαλίας</span> <span class='ocrx_word' id='word_1_552' title='bbox 2411 3080 2446 3150; x_wconf 75' lang='grc' dir='ltr'><strong>ἢ</strong></span> <span class='ocrx_word' id='word_1_553' title='bbox 2501 3080 2772 3156; x_wconf 85' lang='grc' dir='ltr'>χορηγίας</span> <span class='ocrx_word' id='word_1_554' title='bbox 2822 3079 2858 3149; x_wconf 77' lang='grc' dir='ltr'><strong>ἢ</strong></span> <span class='ocrx_word' id='word_1_555' title='bbox 2907 3076 3154 3153; x_wconf 81' lang='grc' dir='ltr'>ὁδηγίας·</span> <span class='ocrx_word' id='word_1_556' title='bbox 3192 3079 3274 3132; x_wconf 81' lang='grc' dir='ltr'>ὅτι</span> <span class='ocrx_word' id='word_1_557' title='bbox 3337 3073 3480 3149; x_wconf 75' lang='grc' dir='ltr'>μηδὶ</span> <span class='ocrx_word' id='word_1_558' title='bbox 3530 3076 3788 3148; x_wconf 71' lang='grc' dir='ltr'>ἑτεροζή-</span> 
     </span>
    </p>
   </div>
   <div class='ocr_carea' id='block_1_79' title="bbox 2134 3160 3788 3242">
    <p class='ocr_par' dir='ltr' id='par_1_79' title="bbox 2134 3160 3788 3242">
     <span class='ocr_line' id='line_1_79' title="bbox 2134 3160 3788 3242; baseline -0.008 -16"><span class='ocrx_word' id='word_1_559' title='bbox 2134 3173 2247 3234; x_wconf 92' lang='grc' dir='ltr'>λως</span> <span class='ocrx_word' id='word_1_560' title='bbox 2307 3172 2334 3225; x_wconf 92' lang='lat'>6</span> <span class='ocrx_word' id='word_1_561' title='bbox 2376 3170 2505 3230; x_wconf 86' lang='grc' dir='ltr'>Θεὸς</span> <span class='ocrx_word' id='word_1_562' title='bbox 2548 3167 2791 3242; x_wconf 75' lang='grc' dir='ltr'>ἐμέρισεν</span> <span class='ocrx_word' id='word_1_563' title='bbox 2852 3170 2987 3238; x_wconf 76' lang='grc' dir='ltr'>ἡμῖν</span> <span class='ocrx_word' id='word_1_564' title='bbox 3046 3166 3108 3219; x_wconf 89' lang='grc' dir='ltr'>τὸ</span> <span class='ocrx_word' id='word_1_565' title='bbox 3165 3162 3492 3238; x_wconf 80' lang='grc' dir='ltr'>ἡγεμονικὸν</span> <span class='ocrx_word' id='word_1_566' title='bbox 3543 3160 3635 3214; x_wconf 83' lang='grc' dir='ltr'>καὶ</span> <span class='ocrx_word' id='word_1_567' title='bbox 3693 3160 3788 3213; x_wconf 85' lang='grc' dir='ltr'>τὸν</span> 
     </span>
    </p>
   </div>
   <div class='ocr_carea' id='block_1_80' title="bbox 2134 3247 3785 3324">
    <p class='ocr_par' dir='ltr' id='par_1_80' title="bbox 2134 3247 3785 3324">
     <span class='ocr_line' id='line_1_80' title="bbox 2134 3247 3785 3324; baseline -0.01 -6"><span class='ocrx_word' id='word_1_568' title='bbox 2134 3261 2254 3318; x_wconf 78' lang='grc' dir='ltr'>κατ’</span> <span class='ocrx_word' id='word_1_569' title='bbox 2281 3259 2411 3314; x_wconf 80' lang='grc' dir='ltr'>αὐτὸ</span> <span class='ocrx_word' id='word_1_570' title='bbox 2443 3257 2707 3324; x_wconf 87' lang='grc' dir='ltr'>πλοῦτον,</span> <span class='ocrx_word' id='word_1_571' title='bbox 2758 3253 2905 3310; x_wconf 69' lang='grc' dir='ltr'>ἀλλὰ</span> <span class='ocrx_word' id='word_1_572' title='bbox 2959 3258 3119 3308; x_wconf 81' lang='grc' dir='ltr'>πᾶσιν</span> <span class='ocrx_word' id='word_1_573' title='bbox 3172 3250 3362 3321; x_wconf 89' lang='grc' dir='ltr'>ἐπίσης</span> <span class='ocrx_word' id='word_1_574' title='bbox 3393 3251 3482 3304; x_wconf 79' lang='grc' dir='ltr'>οἶα</span> <span class='ocrx_word' id='word_1_575' title='bbox 3537 3247 3628 3303; x_wconf 85' lang='grc' dir='ltr'>καὶ</span> <span class='ocrx_word' id='word_1_576' title='bbox 3675 3269 3785 3302; x_wconf 89' lang='grc' dir='ltr'>πα-</span> 
     </span>
    </p>
   </div>
   <div class='ocr_carea' id='block_1_81' title="bbox 2133 3335 3790 3422">
    <p class='ocr_par' dir='ltr' id='par_1_81' title="bbox 2133 3335 3790 3422">
     <span class='ocr_line' id='line_1_81' title="bbox 2133 3335 3790 3422; baseline -0.008 -19"><span class='ocrx_word' id='word_1_577' title='bbox 2133 3350 2239 3422; x_wconf 79' lang='grc' dir='ltr'>τήρ</span> <span class='ocrx_word' id='word_1_578' title='bbox 2298 3344 2487 3407; x_wconf 70' lang='grc' dir='ltr'>εὔπαις</span> <span class='ocrx_word' id='word_1_579' title='bbox 2542 3343 2633 3397; x_wconf 83' lang='grc' dir='ltr'>καὶ</span> <span class='ocrx_word' id='word_1_580' title='bbox 2691 3341 3011 3419; x_wconf 82' lang='grc' dir='ltr'>φιλότεκνος</span> <span class='ocrx_word' id='word_1_581' title='bbox 3065 3337 3128 3393; x_wconf 82' lang='grc' dir='ltr'>τὸ</span> <span class='ocrx_word' id='word_1_582' title='bbox 3172 3344 3289 3403; x_wconf 84' lang='grc' dir='ltr'>καθ’</span> <span class='ocrx_word' id='word_1_583' title='bbox 3344 3335 3644 3412; x_wconf 83' lang='grc' dir='ltr'>ἠγεμονίαν</span> <span class='ocrx_word' id='word_1_584' title='bbox 3694 3335 3790 3390; x_wconf 83' lang='grc' dir='ltr'>καὶ</span> 
     </span>
    </p>
   </div>
   <div class='ocr_carea' id='block_1_82' title="bbox 2136 3423 3785 3511">
    <p class='ocr_par' dir='ltr' id='par_1_82' title="bbox 2136 3423 3785 3511">
     <span class='ocr_line' id='line_1_82' title="bbox 2136 3423 3785 3511; baseline -0.007 -20"><span class='ocrx_word' id='word_1_585' title='bbox 2136 3430 2435 3511; x_wconf 79' lang='grc' dir='ltr'>ἀμϐρόσιον</span> <span class='ocrx_word' id='word_1_586' title='bbox 2463 3430 2553 3485; x_wconf 77' lang='grc' dir='ltr'>καὶ</span> <span class='ocrx_word' id='word_1_587' title='bbox 2581 3429 2859 3504; x_wconf 85' lang='grc' dir='ltr'>νεκτάρεον</span> <span class='ocrx_word' id='word_1_588' title='bbox 2915 3425 3254 3499; x_wconf 74' lang='grc' dir='ltr'>ὶνεστάλαξε,</span> <span class='ocrx_word' id='word_1_589' title='bbox 3287 3424 3357 3481; x_wconf 89' lang='grc' dir='ltr'>δι’</span> <span class='ocrx_word' id='word_1_590' title='bbox 3401 3426 3463 3482; x_wconf 81' lang='grc' dir='ltr'>οὗ</span> <span class='ocrx_word' id='word_1_591' title='bbox 3504 3423 3785 3490; x_wconf 84' lang='grc' dir='ltr'>ἁθανάτως</span> 
     </span>
    </p>
   </div>
   <div class='ocr_carea' id='block_1_83' title="bbox 2142 3512 3217 3598">
    <p class='ocr_par' dir='ltr' id='par_1_83' title="bbox 2142 3512 3217 3598">
     <span class='ocr_line' id='line_1_83' title="bbox 2142 3512 3217 3598; baseline -0.005 -21"><span class='ocrx_word' id='word_1_592' title='bbox 2142 3524 2293 3598; x_wconf 92' lang='grc' dir='ltr'>βιοῦν</span> <span class='ocrx_word' id='word_1_593' title='bbox 2317 3517 2660 3593; x_wconf 79' lang='grc' dir='ltr'>ἐξισχύομεν.</span> <span class='ocrx_word' id='word_1_594' title='bbox 2696 3512 2843 3592; x_wconf 77' lang='grc' dir='ltr'>εἷ’περ</span> <span class='ocrx_word' id='word_1_595' title='bbox 2880 3514 3217 3592; x_wconf 83' lang='grc' dir='ltr'>βουλόμεθα.</span> 
     </span>
    </p>
   </div>
   <div class='ocr_carea' id='block_1_84' title="bbox 2212 3618 3797 3697">
    <p class='ocr_par' dir='ltr' id='par_1_84' title="bbox 2212 3618 3797 3697">
     <span class='ocr_line' id='line_1_84' title="bbox 2212 3618 3797 3697; baseline -0.006 -17"><span class='ocrx_word' id='word_1_596' title='bbox 2212 3626 2272 3694; x_wconf 85' lang='grc' dir='ltr'>ζ’.</span> <span class='ocrx_word' id='word_1_597' title='bbox 2314 3620 2824 3697; x_wconf 74' lang='grc' dir='ltr'>Συνεπιλογίζονται</span> <span class='ocrx_word' id='word_1_598' title='bbox 2857 3618 2915 3675; x_wconf 76' lang='grc' dir='ltr'>δὲ</span> <span class='ocrx_word' id='word_1_599' title='bbox 2945 3621 2997 3675; x_wconf 73' lang='grc' dir='ltr'>οἱ</span> <span class='ocrx_word' id='word_1_600' title='bbox 3042 3622 3143 3685; x_wconf 79' lang='grc' dir='ltr'>τῆς</span> <span class='ocrx_word' id='word_1_601' title='bbox 3192 3620 3466 3691; x_wconf 73' lang='grc' dir='ltr'>μονήρους</span> <span class='ocrx_word' id='word_1_602' title='bbox 3516 3618 3797 3687; x_wconf 81' lang='grc' dir='ltr'>ποιήσεως</span> 
     </span>
    </p>
   </div>
   <div class='ocr_carea' id='block_1_85' title="bbox 2142 3699 3799 3786">
    <p class='ocr_par' dir='ltr' id='par_1_85' title="bbox 2142 3699 3799 3786">
     <span class='ocr_line' id='line_1_85' title="bbox 2142 3699 3799 3786; baseline -0.007 -15"><span class='ocrx_word' id='word_1_603' title='bbox 2142 3714 2368 3786; x_wconf 76' lang='grc' dir='ltr'>ἀσκηταὶ</span> <span class='ocrx_word' id='word_1_604' title='bbox 2421 3710 2611 3783; x_wconf 78' lang='grc' dir='ltr'>οὗτοι,</span> <span class='ocrx_word' id='word_1_605' title='bbox 2659 3711 2787 3773; x_wconf 81' lang='grc' dir='ltr'>τοὺς</span> <span class='ocrx_word' id='word_1_606' title='bbox 2840 3711 3089 3785; x_wconf 80' lang='grc' dir='ltr'>βιοῦντας</span> <span class='ocrx_word' id='word_1_607' title='bbox 3148 3708 3254 3763; x_wconf 86' lang='grc' dir='ltr'>ἀπὸ</span> <span class='ocrx_word' id='word_1_608' title='bbox 3302 3706 3655 3784; x_wconf 78' lang='grc' dir='ltr'>ῥυπτόμενοι,</span> <span class='ocrx_word' id='word_1_609' title='bbox 3704 3699 3799 3761; x_wconf 84' lang='grc' dir='ltr'>καὶ</span> 
     </span>
    </p>
   </div>
   <div class='ocr_carea' id='block_1_86' title="bbox 2144 3794 3805 3876">
    <p class='ocr_par' dir='ltr' id='par_1_86' title="bbox 2144 3794 3805 3876">
     <span class='ocr_line' id='line_1_86' title="bbox 2144 3794 3805 3876; baseline -0.008 -14"><span class='ocrx_word' id='word_1_610' title='bbox 2144 3806 2286 3862; x_wconf 70' lang='grc' dir='ltr'>οὕτω</span> <span class='ocrx_word' id='word_1_611' title='bbox 2316 3808 2599 3865; x_wconf 87' lang='grc' dir='ltr'>ποιοῦντες</span> <span class='ocrx_word' id='word_1_612' title='bbox 2660 3803 2778 3876; x_wconf 77' lang='grc' dir='ltr'>μὲν,</span> <span class='ocrx_word' id='word_1_613' title='bbox 2838 3799 2900 3855; x_wconf 82' lang='grc' dir='ltr'>οὐ</span> <span class='ocrx_word' id='word_1_614' title='bbox 2932 3796 3278 3860; x_wconf 81' lang='grc' dir='ltr'>διδάσκοντες</span> <span class='ocrx_word' id='word_1_615' title='bbox 3309 3794 3385 3870; x_wconf 78' lang='grc' dir='ltr'>δὲ,</span> <span class='ocrx_word' id='word_1_616' title='bbox 3429 3794 3574 3852; x_wconf 82' lang='grc' dir='ltr'>ἀλλὰ</span> <span class='ocrx_word' id='word_1_617' title='bbox 3600 3795 3663 3851; x_wconf 88' lang='grc' dir='ltr'>τὸ</span> <span class='ocrx_word' id='word_1_618' title='bbox 3693 3800 3805 3850; x_wconf 78' lang='grc' dir='ltr'>πᾶν</span> 
     </span>
    </p>
   </div>
   <div class='ocr_carea' id='block_1_87' title="bbox 2140 3879 3810 3964">
    <p class='ocr_par' dir='ltr' id='par_1_87' title="bbox 2140 3879 3810 3964">
     <span class='ocr_line' id='line_1_87' title="bbox 2140 3879 3810 3964; baseline -0.008 -15"><span class='ocrx_word' id='word_1_619' title='bbox 2140 3898 2238 3950; x_wconf 84' lang='grc' dir='ltr'>τοῦ</span> <span class='ocrx_word' id='word_1_620' title='bbox 2297 3889 2565 3947; x_wconf 82' lang='grc' dir='ltr'>διδάσκειν</span> <span class='ocrx_word' id='word_1_621' title='bbox 2634 3887 3050 3964; x_wconf 86' lang='grc' dir='ltr'>καταπνίγοντες</span> <span class='ocrx_word' id='word_1_622' title='bbox 3111 3879 3164 3940; x_wconf 73' lang='grc' dir='ltr'>ἕν</span> <span class='ocrx_word' id='word_1_623' title='bbox 3249 3886 3458 3946; x_wconf 70' lang='grc' dir='ltr'>ἑαυτοῖς</span> <span class='ocrx_word' id='word_1_624' title='bbox 3513 3882 3603 3938; x_wconf 77' lang='grc' dir='ltr'>κκὶ</span> <span class='ocrx_word' id='word_1_625' title='bbox 3650 3901 3810 3956; x_wconf 82' lang='grc' dir='ltr'>περι-</span> 
     </span>
    </p>
   </div>
   <div class='ocr_carea' id='block_1_88' title="bbox 2142 3970 3808 4061">
    <p class='ocr_par' dir='ltr' id='par_1_88' title="bbox 2142 3970 3808 4061">
     <span class='ocr_line' id='line_1_88' title="bbox 2142 3970 3808 4061; baseline -0.008 -23"><span class='ocrx_word' id='word_1_626' title='bbox 2142 3982 2461 4061; x_wconf 78' lang='grc' dir='ltr'>γράφοντες.</span> <span class='ocrx_word' id='word_1_627' title='bbox 2539 3979 2637 4036; x_wconf 82' lang='grc' dir='ltr'>Καὶ</span> <span class='ocrx_word' id='word_1_628' title='bbox 2712 3976 2819 4049; x_wconf 75' lang='grc' dir='ltr'>ὅτι,</span> <span class='ocrx_word' id='word_1_629' title='bbox 2894 3974 3136 4061; x_wconf 83' lang='grc' dir='ltr'>καθάπερ</span> <span class='ocrx_word' id='word_1_630' title='bbox 3195 3975 3222 4028; x_wconf 96' lang='lat'>6</span> <span class='ocrx_word' id='word_1_631' title='bbox 3282 3970 3808 4061; x_wconf 78' lang='grc' dir='ltr'>διοικονομούμενος</span> 
     </span>
    </p>
   </div>
   <div class='ocr_carea' id='block_1_89' title="bbox 2150 4056 3807 4147">
    <p class='ocr_par' dir='ltr' id='par_1_89' title="bbox 2150 4056 3807 4147">
     <span class='ocr_line' id='line_1_89' title="bbox 2150 4056 3807 4147; baseline -0.009 -19"><span class='ocrx_word' id='word_1_632' title='bbox 2150 4056 2314 4147; x_wconf 52' lang='grc' dir='ltr'>ύγιῶς</span> <span class='ocrx_word' id='word_1_633' title='bbox 2375 4068 2702 4142; x_wconf 83' lang='grc' dir='ltr'>όσθαλμοῖς,</span> <span class='ocrx_word' id='word_1_634' title='bbox 2754 4069 2872 4127; x_wconf 83' lang='grc' dir='ltr'>τοῖς</span> <span class='ocrx_word' id='word_1_635' title='bbox 2902 4063 3041 4139; x_wconf 89' lang='grc' dir='ltr'>πρὸς</span> <span class='ocrx_word' id='word_1_636' title='bbox 3071 4058 3344 4133; x_wconf 63' lang='grc' dir='ltr'>αἴσθησιν,</span> <span class='ocrx_word' id='word_1_637' title='bbox 3390 4058 3452 4116; x_wconf 77' lang='grc' dir='ltr'>οὒ</span> <span class='ocrx_word' id='word_1_638' title='bbox 3483 4056 3807 4135; x_wconf 83' lang='grc' dir='ltr'>προσδεῖται.</span> 
     </span>
    </p>
   </div>
   <div class='ocr_carea' id='block_1_90' title="bbox 2144 4149 3810 4238">
    <p class='ocr_par' dir='ltr' id='par_1_90' title="bbox 2144 4149 3810 4238">
     <span class='ocr_line' id='line_1_90' title="bbox 2144 4149 3810 4238; baseline -0.008 -19"><span class='ocrx_word' id='word_1_639' title='bbox 2144 4167 2242 4219; x_wconf 88' lang='grc' dir='ltr'>τοῦ</span> <span class='ocrx_word' id='word_1_640' title='bbox 2272 4163 2746 4238; x_wconf 84' lang='grc' dir='ltr'>χειραγωγοῦντος</span> <span class='ocrx_word' id='word_1_641' title='bbox 2803 4156 2879 4219; x_wconf 84' lang='grc' dir='ltr'>εἷς</span> <span class='ocrx_word' id='word_1_642' title='bbox 2942 4151 3175 4231; x_wconf 84' lang='grc' dir='ltr'>βάδισιν,</span> <span class='ocrx_word' id='word_1_643' title='bbox 3211 4153 3385 4217; x_wconf 78' lang='grc' dir='ltr'>οὕτως</span> <span class='ocrx_word' id='word_1_644' title='bbox 3423 4149 3549 4207; x_wconf 77' lang='grc' dir='ltr'>οὐδὲ</span> <span class='ocrx_word' id='word_1_645' title='bbox 3596 4151 3624 4205; x_wconf 90' lang='lat'>6</span> <span class='ocrx_word' id='word_1_646' title='bbox 3672 4154 3810 4206; x_wconf 84' lang='grc' dir='ltr'>νοῦν</span> 
     </span>
    </p>
   </div>
   <div class='ocr_carea' id='block_1_91' title="bbox 2148 4237 3807 4327">
    <p class='ocr_par' dir='ltr' id='par_1_91' title="bbox 2148 4237 3807 4327">
     <span class='ocr_line' id='line_1_91' title="bbox 2148 4237 3807 4327; baseline -0.008 -20"><span class='ocrx_word' id='word_1_647' title='bbox 2148 4237 2398 4327; x_wconf 41' lang='grc' dir='ltr'>εἰληχὼς</span> <span class='ocrx_word' id='word_1_648' title='bbox 2444 4248 2533 4305; x_wconf 80' lang='grc' dir='ltr'>καὶ</span> <span class='ocrx_word' id='word_1_649' title='bbox 2592 4250 2772 4311; x_wconf 84' lang='grc' dir='ltr'>θεόθεν</span> <span class='ocrx_word' id='word_1_650' title='bbox 2821 4242 2963 4300; x_wconf 72' lang='grc' dir='ltr'>οὕτω</span> <span class='ocrx_word' id='word_1_651' title='bbox 3011 4243 3427 4320; x_wconf 70' lang='grc' dir='ltr'>πεφωτισμένος</span> <span class='ocrx_word' id='word_1_652' title='bbox 3491 4237 3685 4311; x_wconf 85' lang='grc' dir='ltr'>ζητοίη</span> <span class='ocrx_word' id='word_1_653' title='bbox 3738 4238 3807 4294; x_wconf 70' lang='grc' dir='ltr'>’ἂν</span> 
     </span>
    </p>
   </div>
   <div class='ocr_carea' id='block_1_92' title="bbox 2146 4327 3810 4411">
    <p class='ocr_par' dir='ltr' id='par_1_92' title="bbox 2146 4327 3810 4411">
     <span class='ocr_line' id='line_1_92' title="bbox 2146 4327 3810 4411; baseline -0.009 -14"><span class='ocrx_word' id='word_1_654' title='bbox 2146 4343 2245 4411; x_wconf 74' lang='grc' dir='ltr'>τὴν</span> <span class='ocrx_word' id='word_1_655' title='bbox 2288 4339 2364 4402; x_wconf 81' lang='grc' dir='ltr'>εἷς</span> <span class='ocrx_word' id='word_1_656' title='bbox 2416 4338 2480 4394; x_wconf 85' lang='grc' dir='ltr'>τὸ</span> <span class='ocrx_word' id='word_1_657' title='bbox 2528 4334 2694 4394; x_wconf 75' lang='grc' dir='ltr'>καλὸν</span> <span class='ocrx_word' id='word_1_658' title='bbox 2744 4331 3013 4408; x_wconf 83' lang='grc' dir='ltr'>ποδηγίαν</span> <span class='ocrx_word' id='word_1_659' title='bbox 3046 4332 3328 4407; x_wconf 75' lang='grc' dir='ltr'>ὲτέρωθεν.</span> <span class='ocrx_word' id='word_1_660' title='bbox 3388 4331 3453 4399; x_wconf 76' lang='grc' dir='ltr'>ἧν</span> <span class='ocrx_word' id='word_1_661' title='bbox 3488 4330 3516 4384; x_wconf 89' lang='grc' dir='ltr'>ὁ</span> <span class='ocrx_word' id='word_1_662' title='bbox 3551 4329 3683 4391; x_wconf 87' lang='grc' dir='ltr'>Θεὸς</span> <span class='ocrx_word' id='word_1_663' title='bbox 3712 4327 3810 4383; x_wconf 80' lang='grc' dir='ltr'>καὶ</span> 
     </span>
    </p>
   </div>
   <div class='ocr_carea' id='block_1_93' title="bbox 2149 4416 3809 4504">
    <p class='ocr_par' dir='ltr' id='par_1_93' title="bbox 2149 4416 3809 4504">
     <span class='ocr_line' id='line_1_93' title="bbox 2149 4416 3809 4504; baseline -0.01 -17"><span class='ocrx_word' id='word_1_664' title='bbox 2149 4427 2599 4504; x_wconf 80' lang='grc' dir='ltr'>ἐνεδαψιλεύσατο</span> <span class='ocrx_word' id='word_1_665' title='bbox 2656 4425 2747 4480; x_wconf 87' lang='grc' dir='ltr'>καὶ</span> <span class='ocrx_word' id='word_1_666' title='bbox 2804 4420 3209 4496; x_wconf 75' lang='grc' dir='ltr'>ἐνδαψιλεύεται</span> <span class='ocrx_word' id='word_1_667' title='bbox 3270 4416 3361 4474; x_wconf 82' lang='grc' dir='ltr'>διὰ</span> <span class='ocrx_word' id='word_1_668' title='bbox 3422 4416 3567 4495; x_wconf 90' lang='grc' dir='ltr'>βίου,</span> <span class='ocrx_word' id='word_1_669' title='bbox 3628 4416 3676 4473; x_wconf 73' lang='grc' dir='ltr'>εἴ</span> <span class='ocrx_word' id='word_1_670' title='bbox 3728 4416 3809 4491; x_wconf 84' lang='grc' dir='ltr'>μὴ</span> 
     </span>
    </p>
   </div>
   <div class='ocr_carea' id='block_1_94' title="bbox 2152 4506 3815 4586">
    <p class='ocr_par' dir='ltr' id='par_1_94' title="bbox 2152 4506 3815 4586">
     <span class='ocr_line' id='line_1_94' title="bbox 2152 4506 3815 4586; baseline -0.009 -12"><span class='ocrx_word' id='word_1_671' title='bbox 2152 4518 2312 4582; x_wconf 81' lang='grc' dir='ltr'>αὐτὸς</span> <span class='ocrx_word' id='word_1_672' title='bbox 2333 4514 2557 4577; x_wconf 68' lang='grc' dir='ltr'>ἕκαστος</span> <span class='ocrx_word' id='word_1_673' title='bbox 2616 4512 2804 4568; x_wconf 75' lang='grc' dir='ltr'>ἑαυτὸν</span> <span class='ocrx_word' id='word_1_674' title='bbox 2858 4508 3055 4586; x_wconf 83' lang='grc' dir='ltr'>ἁχλύει</span> <span class='ocrx_word' id='word_1_675' title='bbox 3104 4508 3195 4564; x_wconf 81' lang='grc' dir='ltr'>καὶ</span> <span class='ocrx_word' id='word_1_676' title='bbox 3228 4507 3484 4580; x_wconf 84' lang='grc' dir='ltr'>σκοτίζει,</span> <span class='ocrx_word' id='word_1_677' title='bbox 3542 4506 3815 4581; x_wconf 71' lang='grc' dir='ltr'>ἐπιπροσ-</span> 
     </span>
    </p>
   </div>
   <div class='ocr_carea' id='block_1_95' title="bbox 2153 4595 3815 4676">
    <p class='ocr_par' dir='ltr' id='par_1_95' title="bbox 2153 4595 3815 4676">
     <span class='ocr_line' id='line_1_95' title="bbox 2153 4595 3815 4676; baseline -0.008 -14"><span class='ocrx_word' id='word_1_678' title='bbox 2153 4612 2285 4676; x_wconf 83' lang='grc' dir='ltr'>θῶν,</span> <span class='ocrx_word' id='word_1_679' title='bbox 2315 4605 2407 4660; x_wconf 85' lang='grc' dir='ltr'>καὶ</span> <span class='ocrx_word' id='word_1_680' title='bbox 2439 4602 2612 4665; x_wconf 72' lang='grc' dir='ltr'>οὕτως</span> <span class='ocrx_word' id='word_1_681' title='bbox 2644 4598 3005 4674; x_wconf 80' lang='grc' dir='ltr'>ἀποκρύπτων</span> <span class='ocrx_word' id='word_1_682' title='bbox 3041 4598 3232 4654; x_wconf 88' lang='grc' dir='ltr'>πάθεσι</span> <span class='ocrx_word' id='word_1_683' title='bbox 3278 4597 3370 4653; x_wconf 83' lang='grc' dir='ltr'>τὸν</span> <span class='ocrx_word' id='word_1_684' title='bbox 3427 4595 3480 4651; x_wconf 82' lang='grc' dir='ltr'>ἐν</span> <span class='ocrx_word' id='word_1_685' title='bbox 3539 4595 3815 4671; x_wconf 80' lang='grc' dir='ltr'>ἀνθρώπῳ</span> 
     </span>
    </p>
   </div>
   <div class='ocr_carea' id='block_1_96' title="bbox 389 4670 2026 4775">
    <p class='ocr_par' dir='ltr' id='par_1_96' title="bbox 389 4696 2026 4775">
     <span class='ocr_line' id='line_1_96' title="bbox 389 4696 2026 4775; baseline -0.003 -19"><span class='ocrx_word' id='word_1_686' title='bbox 389 4701 768 4773; x_wconf 89' lang='lat' dir='ltr'>passionibus</span> <span class='ocrx_word' id='word_1_687' title='bbox 796 4701 990 4771; x_wconf 89' lang='lat' dir='ltr'>illum,</span> <span class='ocrx_word' id='word_1_688' title='bbox 1023 4702 1124 4775; x_wconf 91' lang='lat' dir='ltr'>qui</span> <span class='ocrx_word' id='word_1_689' title='bbox 1180 4702 1240 4758; x_wconf 92' lang='lat' dir='ltr'>in</span> <span class='ocrx_word' id='word_1_690' title='bbox 1281 4701 1522 4758; x_wconf 90' lang='lat' dir='ltr'>homine</span> <span class='ocrx_word' id='word_1_691' title='bbox 1578 4703 1687 4772; x_wconf 91' lang='lat' dir='ltr'>est,</span> <span class='ocrx_word' id='word_1_692' title='bbox 1742 4696 2026 4756; x_wconf 86' lang='lat' dir='ltr'>divinissi-</span> 
     </span>
    </p>
   </div>
   <div class='ocr_carea' id='block_1_97' title="bbox 2140 4670 2646 4775">
    <p class='ocr_par' dir='ltr' id='par_1_97' title="bbox 2155 4691 2646 4765">
     <span class='ocr_line' id='line_1_97' title="bbox 2155 4691 2646 4765; baseline 0 -13"><span class='ocrx_word' id='word_1_693' title='bbox 2155 4696 2428 4753; x_wconf 88' lang='grc' dir='ltr'>θειότατον</span> <span class='ocrx_word' id='word_1_694' title='bbox 2456 4691 2646 4765; x_wconf 79' lang='grc' dir='ltr'>ἥλιον.</span> 
     </span>
    </p>
   </div>
   <div class='ocr_carea' id='block_1_98' title="bbox 389 4791 790 4849">
    <p class='ocr_par' dir='ltr' id='par_1_98' title="bbox 389 4791 790 4849">
     <span class='ocr_line' id='line_1_98' title="bbox 389 4791 790 4849; baseline 0.002 -2"><span class='ocrx_word' id='word_1_695' title='bbox 389 4807 552 4848; x_wconf 91' lang='lat' dir='ltr'>mum</span> <span class='ocrx_word' id='word_1_696' title='bbox 584 4791 790 4849; x_wconf 89' lang='lat' dir='ltr'>solem.</span> 
     </span>
    </p>
   </div>
   <div class='ocr_carea' id='block_1_99' title="bbox 456 4896 2045 4971">
    <p class='ocr_par' dir='ltr' id='par_1_99' title="bbox 456 4896 2045 4971">
     <span class='ocr_line' id='line_1_99' title="bbox 456 4896 2045 4971; baseline -0.003 -17"><span class='ocrx_word' id='word_1_697' title='bbox 456 4900 512 4955; x_wconf 91' lang='lat'>8.</span> <span class='ocrx_word' id='word_1_698' title='bbox 544 4898 615 4955; x_wconf 90' lang='lat' dir='ltr'>Et</span> <span class='ocrx_word' id='word_1_699' title='bbox 642 4899 727 4956; x_wconf 91' lang='lat' dir='ltr'>ita</span> <span class='ocrx_word' id='word_1_700' title='bbox 780 4899 1022 4971; x_wconf 90' lang='lat' dir='ltr'>quidem</span> <span class='ocrx_word' id='word_1_701' title='bbox 1076 4898 1418 4970; x_wconf 87' lang='lat' dir='ltr'>bujusmodi</span> <span class='ocrx_word' id='word_1_702' title='bbox 1486 4901 1692 4954; x_wconf 91' lang='lat' dir='ltr'>contra</span> <span class='ocrx_word' id='word_1_703' title='bbox 1748 4896 2045 4952; x_wconf 66' lang='lat' dir='ltr'>daemones</span> 
     </span>
    </p>
   </div>
   <div class='ocr_carea' id='block_1_100' title="bbox 389 4986 2047 5062">
    <p class='ocr_par' dir='ltr' id='par_1_100' title="bbox 389 4986 2047 5062">
     <span class='ocr_line' id='line_1_100' title="bbox 389 4986 2047 5062; baseline -0.005 -15"><span class='ocrx_word' id='word_1_704' title='bbox 389 4989 619 5047; x_wconf 79' lang='lat' dir='ltr'>athletae</span> <span class='ocrx_word' id='word_1_705' title='bbox 669 4988 1004 5046; x_wconf 89' lang='lat' dir='ltr'>hominibus</span> <span class='ocrx_word' id='word_1_706' title='bbox 1036 4989 1275 5062; x_wconf 91' lang='lat' dir='ltr'>quidem</span> <span class='ocrx_word' id='word_1_707' title='bbox 1308 4988 1515 5062; x_wconf 82' lang='lat' dir='ltr'>ignoti,</span> <span class='ocrx_word' id='word_1_708' title='bbox 1547 4986 1657 5043; x_wconf 90' lang='lat' dir='ltr'>soli</span> <span class='ocrx_word' id='word_1_709' title='bbox 1689 4989 1887 5041; x_wconf 89' lang='lat' dir='ltr'>autem</span> <span class='ocrx_word' id='word_1_710' title='bbox 1933 4989 2047 5040; x_wconf 91' lang='lat' dir='ltr'>Deo</span> 
     </span>
    </p>
   </div>
   <div class='ocr_carea' id='block_1_101' title="bbox 392 5077 2050 5153">
    <p class='ocr_par' dir='ltr' id='par_1_101' title="bbox 392 5077 2050 5153">
     <span class='ocr_line' id='line_1_101' title="bbox 392 5077 2050 5153; baseline -0.004 -16"><span class='ocrx_word' id='word_1_711' title='bbox 392 5080 634 5153; x_wconf 84' lang='lat' dir='ltr'>cogniti,</span> <span class='ocrx_word' id='word_1_712' title='bbox 667 5084 896 5135; x_wconf 86' lang='lat' dir='ltr'>actores</span> <span class='ocrx_word' id='word_1_713' title='bbox 955 5079 1322 5151; x_wconf 83' lang='lat' dir='ltr'>factoresque</span> <span class='ocrx_word' id='word_1_714' title='bbox 1367 5077 1604 5134; x_wconf 90' lang='lat' dir='ltr'>virtutis</span> <span class='ocrx_word' id='word_1_715' title='bbox 1658 5080 1833 5143; x_wconf 89' lang='lat' dir='ltr'>sunt;</span> <span class='ocrx_word' id='word_1_716' title='bbox 1903 5090 2050 5146; x_wconf 91' lang='lat' dir='ltr'>quos</span> 
     </span>
    </p>
   </div>
   <div class='ocr_carea' id='block_1_102' title="bbox 394 5168 2054 5243">
    <p class='ocr_par' dir='ltr' id='par_1_102' title="bbox 394 5168 2054 5243">
     <span class='ocr_line' id='line_1_102' title="bbox 394 5168 2054 5243; baseline -0.004 -17"><span class='ocrx_word' id='word_1_717' title='bbox 394 5170 745 5243; x_wconf 88' lang='lat' dir='ltr'>plerumque</span> <span class='ocrx_word' id='word_1_718' title='bbox 775 5173 998 5225; x_wconf 87' lang='lat' dir='ltr'>secreta</span> <span class='ocrx_word' id='word_1_719' title='bbox 1019 5168 1145 5225; x_wconf 93' lang='lat' dir='ltr'>loca</span> <span class='ocrx_word' id='word_1_720' title='bbox 1198 5168 1559 5232; x_wconf 90' lang='lat' dir='ltr'>subducunt,</span> <span class='ocrx_word' id='word_1_721' title='bbox 1592 5170 1658 5222; x_wconf 90' lang='lat' dir='ltr'>ut</span> <span class='ocrx_word' id='word_1_722' title='bbox 1687 5170 1827 5222; x_wconf 85' lang='lat' dir='ltr'>sunt</span> <span class='ocrx_word' id='word_1_723' title='bbox 1875 5180 2054 5221; x_wconf 89' lang='lat' dir='ltr'>aurea</span> 
     </span>
    </p>
   </div>
   <div class='ocr_carea' id='block_1_103' title="bbox 391 5256 2054 5331">
    <p class='ocr_par' dir='ltr' id='par_1_103' title="bbox 391 5256 2054 5331">
     <span class='ocr_line' id='line_1_103' title="bbox 391 5256 2054 5331; baseline -0.004 -14"><span class='ocrx_word' id='word_1_724' title='bbox 391 5261 648 5325; x_wconf 89' lang='lat' dir='ltr'>metalla,</span> <span class='ocrx_word' id='word_1_725' title='bbox 683 5278 805 5331; x_wconf 68' lang='lat' dir='ltr'>quae</span> <span class='ocrx_word' id='word_1_726' title='bbox 831 5260 947 5315; x_wconf 88' lang='lat' dir='ltr'>fodi</span> <span class='ocrx_word' id='word_1_727' title='bbox 971 5264 1028 5314; x_wconf 86' lang='lat' dir='ltr'>et</span> <span class='ocrx_word' id='word_1_728' title='bbox 1057 5259 1112 5314; x_wconf 92' lang='lat' dir='ltr'>in</span> <span class='ocrx_word' id='word_1_729' title='bbox 1148 5260 1475 5315; x_wconf 85' lang='lat' dir='ltr'>humanum</span> <span class='ocrx_word' id='word_1_730' title='bbox 1516 5259 1826 5317; x_wconf 84' lang='lat' dir='ltr'>numisma</span> <span class='ocrx_word' id='word_1_731' title='bbox 1854 5256 2054 5329; x_wconf 83' lang='lat' dir='ltr'>efﬁngi</span> 
     </span>
    </p>
   </div>
   <div class='ocr_carea' id='block_1_104' title="bbox 394 5349 2055 5423">
    <p class='ocr_par' dir='ltr' id='par_1_104' title="bbox 394 5349 2055 5423">
     <span class='ocr_line' id='line_1_104' title="bbox 394 5349 2055 5423; baseline 0.001 -18"><span class='ocrx_word' id='word_1_732' title='bbox 394 5351 645 5422; x_wconf 79' lang='lat' dir='ltr'>fugiunt,</span> <span class='ocrx_word' id='word_1_733' title='bbox 680 5366 746 5406; x_wconf 91' lang='lat' dir='ltr'>eo</span> <span class='ocrx_word' id='word_1_734' title='bbox 773 5349 928 5423; x_wconf 90' lang='lat' dir='ltr'>quod</span> <span class='ocrx_word' id='word_1_735' title='bbox 961 5349 1035 5405; x_wconf 92' lang='lat' dir='ltr'>ad</span> <span class='ocrx_word' id='word_1_736' title='bbox 1080 5349 1451 5423; x_wconf 80' lang='lat' dir='ltr'>superficiem</span> <span class='ocrx_word' id='word_1_737' title='bbox 1500 5369 1614 5408; x_wconf 92' lang='lat' dir='ltr'>non</span> <span class='ocrx_word' id='word_1_738' title='bbox 1647 5351 1916 5419; x_wconf 85' lang='lat' dir='ltr'>attinent,</span> <span class='ocrx_word' id='word_1_739' title='bbox 1953 5350 2055 5407; x_wconf 89' lang='lat' dir='ltr'>sed</span> 
     </span>
    </p>
   </div>
   <div class='ocr_carea' id='block_1_105' title="bbox 393 5439 2057 5514">
    <p class='ocr_par' dir='ltr' id='par_1_105' title="bbox 393 5439 2057 5514">
     <span class='ocr_line' id='line_1_105' title="bbox 393 5439 2057 5514; baseline 0.002 -23"><span class='ocrx_word' id='word_1_740' title='bbox 393 5439 454 5493; x_wconf 91' lang='lat' dir='ltr'>in</span> <span class='ocrx_word' id='word_1_741' title='bbox 486 5441 774 5509; x_wconf 87' lang='lat' dir='ltr'>profundo</span> <span class='ocrx_word' id='word_1_742' title='bbox 819 5446 1006 5508; x_wconf 75' lang='lat' dir='ltr'>terras,</span> <span class='ocrx_word' id='word_1_743' title='bbox 1067 5455 1139 5495; x_wconf 90' lang='lat' dir='ltr'>ne</span> <span class='ocrx_word' id='word_1_744' title='bbox 1188 5439 1518 5512; x_wconf 88' lang='lat' dir='ltr'>videantur,</span> <span class='ocrx_word' id='word_1_745' title='bbox 1575 5459 1638 5499; x_wconf 89' lang='lat' dir='ltr'>se</span> <span class='ocrx_word' id='word_1_746' title='bbox 1695 5443 2057 5514; x_wconf 87' lang='lat' dir='ltr'>immergunt</span> 
     </span>
    </p>
   </div>
   <div class='ocr_carea' id='block_1_106' title="bbox 398 5525 2057 5597">
    <p class='ocr_par' dir='ltr' id='par_1_106' title="bbox 398 5525 2057 5597">
     <span class='ocr_line' id='line_1_106' title="bbox 398 5525 2057 5597; baseline 0.002 -16"><span class='ocrx_word' id='word_1_747' title='bbox 398 5525 483 5581; x_wconf 84' lang='lat' dir='ltr'>vel</span> <span class='ocrx_word' id='word_1_748' title='bbox 516 5528 906 5586; x_wconf 90' lang='lat' dir='ltr'>abscondunt.</span> <span class='ocrx_word' id='word_1_749' title='bbox 942 5530 1164 5597; x_wconf 84' lang='lat' dir='ltr'>Quibus</span> <span class='ocrx_word' id='word_1_750' title='bbox 1198 5535 1393 5586; x_wconf 89' lang='lat' dir='ltr'>autem</span> <span class='ocrx_word' id='word_1_751' title='bbox 1426 5532 1648 5588; x_wconf 91' lang='lat' dir='ltr'>bonum</span> <span class='ocrx_word' id='word_1_752' title='bbox 1682 5548 1798 5587; x_wconf 91' lang='lat' dir='ltr'>non</span> <span class='ocrx_word' id='word_1_753' title='bbox 1837 5531 1898 5585; x_wconf 93' lang='lat' dir='ltr'>in</span> <span class='ocrx_word' id='word_1_754' title='bbox 1930 5528 2057 5585; x_wconf 89' lang='lat' dir='ltr'>ani-</span> 
     </span>
    </p>
   </div>
   <div class='ocr_carea' id='block_1_107' title="bbox 404 5617 2060 5694">
    <p class='ocr_par' dir='ltr' id='par_1_107' title="bbox 404 5617 2060 5694">
     <span class='ocr_line' id='line_1_107' title="bbox 404 5617 2060 5694; baseline 0.004 -26"><span class='ocrx_word' id='word_1_755' title='bbox 404 5630 511 5668; x_wconf 81' lang='lat' dir='ltr'>mas</span> <span class='ocrx_word' id='word_1_756' title='bbox 542 5617 830 5687; x_wconf 83' lang='lat' dir='ltr'>profundo</span> <span class='ocrx_word' id='word_1_757' title='bbox 847 5619 1026 5689; x_wconf 86' lang='lat' dir='ltr'>jacet,</span> <span class='ocrx_word' id='word_1_758' title='bbox 1060 5619 1162 5676; x_wconf 89' lang='lat' dir='ltr'>sed</span> <span class='ocrx_word' id='word_1_759' title='bbox 1193 5619 1254 5675; x_wconf 90' lang='lat' dir='ltr'>in</span> <span class='ocrx_word' id='word_1_760' title='bbox 1285 5618 1411 5677; x_wconf 87' lang='lat' dir='ltr'>sola</span> <span class='ocrx_word' id='word_1_761' title='bbox 1439 5619 1663 5694; x_wconf 85' lang='lat' dir='ltr'>lingua,</span> <span class='ocrx_word' id='word_1_762' title='bbox 1713 5619 2060 5693; x_wconf 81' lang='lat' dir='ltr'>superficia-</span> 
     </span>
    </p>
   </div>
   <div class='ocr_carea' id='block_1_108' title="bbox 409 5698 2062 5783">
    <p class='ocr_par' dir='ltr' id='par_1_108' title="bbox 409 5698 2062 5783">
     <span class='ocr_line' id='line_1_108' title="bbox 409 5698 2062 5783; baseline 0.003 -25"><span class='ocrx_word' id='word_1_763' title='bbox 409 5698 540 5758; x_wconf 83' lang='lat' dir='ltr'>liter</span> <span class='ocrx_word' id='word_1_764' title='bbox 568 5710 935 5777; x_wconf 83' lang='lat' dir='ltr'>supernatat,</span> <span class='ocrx_word' id='word_1_765' title='bbox 960 5711 1019 5763; x_wconf 89' lang='lat' dir='ltr'>et</span> <span class='ocrx_word' id='word_1_766' title='bbox 1066 5707 1150 5765; x_wconf 89' lang='lat' dir='ltr'>sic</span> <span class='ocrx_word' id='word_1_767' title='bbox 1206 5709 1583 5767; x_wconf 86' lang='lat' dir='ltr'>manifestum</span> <span class='ocrx_word' id='word_1_768' title='bbox 1616 5711 1900 5783; x_wconf 87' lang='lat' dir='ltr'>apparet;</span> <span class='ocrx_word' id='word_1_769' title='bbox 1960 5705 2062 5781; x_wconf 90' lang='lat' dir='ltr'>qui</span> 
     </span>
    </p>
   </div>
   <div class='ocr_carea' id='block_1_109' title="bbox 407 5791 2065 5872">
    <p class='ocr_par' dir='ltr' id='par_1_109' title="bbox 407 5791 2065 5872">
     <span class='ocr_line' id='line_1_109' title="bbox 407 5791 2065 5872; baseline 0.004 -25"><span class='ocrx_word' id='word_1_770' title='bbox 407 5791 644 5861; x_wconf 90' lang='lat' dir='ltr'>quidem</span> <span class='ocrx_word' id='word_1_771' title='bbox 665 5796 811 5855; x_wconf 77' lang='lat' dir='ltr'>alios</span> <span class='ocrx_word' id='word_1_772' title='bbox 830 5799 1044 5854; x_wconf 87' lang='lat' dir='ltr'>docent</span> <span class='ocrx_word' id='word_1_773' title='bbox 1062 5797 1412 5870; x_wconf 85' lang='lat' dir='ltr'>semetipsos</span> <span class='ocrx_word' id='word_1_774' title='bbox 1432 5798 1733 5872; x_wconf 79' lang='lat' dir='ltr'>relinquat</span> <span class='ocrx_word' id='word_1_775' title='bbox 1756 5797 1981 5855; x_wconf 89' lang='lat' dir='ltr'>ruditer</span> <span class='ocrx_word' id='word_1_776' title='bbox 1997 5813 2065 5854; x_wconf 88' lang='lat' dir='ltr'>ao</span> 
     </span>
    </p>
   </div>
   <div class='ocr_carea' id='block_1_110' title="bbox 2227 4881 3815 4966">
    <p class='ocr_par' dir='ltr' id='par_1_110' title="bbox 2227 4881 3815 4966">
     <span class='ocr_line' id='line_1_110' title="bbox 2227 4881 3815 4966; baseline -0.008 -16"><span class='ocrx_word' id='word_1_777' title='bbox 2227 4895 2298 4966; x_wconf 88' lang='grc' dir='ltr'>η’.</span> <span class='ocrx_word' id='word_1_778' title='bbox 2330 4893 2438 4950; x_wconf 85' lang='grc' dir='ltr'>Καὶ</span> <span class='ocrx_word' id='word_1_779' title='bbox 2470 4889 2613 4947; x_wconf 72' lang='grc' dir='ltr'>οὕτω</span> <span class='ocrx_word' id='word_1_780' title='bbox 2647 4890 2743 4963; x_wconf 74' lang='grc' dir='ltr'>μὶν</span> <span class='ocrx_word' id='word_1_781' title='bbox 2776 4888 2828 4943; x_wconf 70' lang='grc' dir='ltr'>οἳ</span> <span class='ocrx_word' id='word_1_782' title='bbox 2855 4890 3102 4943; x_wconf 86' lang='grc' dir='ltr'>τοιοῦτοι</span> <span class='ocrx_word' id='word_1_783' title='bbox 3131 4887 3273 4941; x_wconf 86' lang='grc' dir='ltr'>κατᾶ</span> <span class='ocrx_word' id='word_1_784' title='bbox 3313 4884 3588 4958; x_wconf 85' lang='grc' dir='ltr'>δαιμόνων</span> <span class='ocrx_word' id='word_1_785' title='bbox 3639 4881 3815 4954; x_wconf 81' lang='grc' dir='ltr'>ἀθλη-</span> 
     </span>
    </p>
   </div>
   <div class='ocr_carea' id='block_1_111' title="bbox 2156 4973 3815 5060">
    <p class='ocr_par' dir='ltr' id='par_1_111' title="bbox 2156 4973 3815 5060">
     <span class='ocr_line' id='line_1_111' title="bbox 2156 4973 3815 5060; baseline -0.008 -18"><span class='ocrx_word' id='word_1_786' title='bbox 2156 4986 2266 5060; x_wconf 86' lang='grc' dir='ltr'>ταὶ,</span> <span class='ocrx_word' id='word_1_787' title='bbox 2317 4985 2629 5060; x_wconf 65' lang='grc' dir='ltr'>ἁθθρώποις</span> <span class='ocrx_word' id='word_1_788' title='bbox 2691 4981 2785 5051; x_wconf 72' lang='grc' dir='ltr'>μὲν</span> <span class='ocrx_word' id='word_1_789' title='bbox 2834 4976 3125 5055; x_wconf 69' lang='grc' dir='ltr'>ἄγνωστοι,</span> <span class='ocrx_word' id='word_1_790' title='bbox 3186 4981 3305 5049; x_wconf 85' lang='grc' dir='ltr'>Θεῷ</span> <span class='ocrx_word' id='word_1_791' title='bbox 3361 4973 3421 5031; x_wconf 78' lang='grc' dir='ltr'>δὶ</span> <span class='ocrx_word' id='word_1_792' title='bbox 3476 4975 3629 5050; x_wconf 82' lang='grc' dir='ltr'>μόνῳ</span> <span class='ocrx_word' id='word_1_793' title='bbox 3676 4996 3815 5051; x_wconf 90' lang='grc' dir='ltr'>γνω-</span> 
     </span>
    </p>
   </div>
   <div class='ocr_carea' id='block_1_112' title="bbox 2160 5060 3812 5151">
    <p class='ocr_par' dir='ltr' id='par_1_112' title="bbox 2160 5060 3812 5151">
     <span class='ocr_line' id='line_1_112' title="bbox 2160 5060 3812 5151; baseline -0.011 -19"><span class='ocrx_word' id='word_1_794' title='bbox 2160 5075 2299 5146; x_wconf 82' lang='grc' dir='ltr'>στοὶ,</span> <span class='ocrx_word' id='word_1_795' title='bbox 2341 5080 2656 5151; x_wconf 83' lang='grc' dir='ltr'>πρηκτῆρες</span> <span class='ocrx_word' id='word_1_796' title='bbox 2709 5068 2802 5125; x_wconf 83' lang='grc' dir='ltr'>καὶ</span> <span class='ocrx_word' id='word_1_797' title='bbox 2860 5067 3089 5139; x_wconf 85' lang='grc' dir='ltr'>ποιηταὶ</span> <span class='ocrx_word' id='word_1_798' title='bbox 3145 5065 3388 5144; x_wconf 88' lang='grc' dir='ltr'>γίνονται</span> <span class='ocrx_word' id='word_1_799' title='bbox 3450 5067 3667 5142; x_wconf 81' lang='grc' dir='ltr'>ἀρετῆς”</span> <span class='ocrx_word' id='word_1_800' title='bbox 3720 5060 3812 5151; x_wconf 70' lang='grc' dir='ltr'>οὕς</span> 
     </span>
    </p>
   </div>
   <div class='ocr_carea' id='block_1_113' title="bbox 2162 5146 3806 5233">
    <p class='ocr_par' dir='ltr' id='par_1_113' title="bbox 2162 5146 3806 5233">
     <span class='ocr_line' id='line_1_113' title="bbox 2162 5146 3806 5233; baseline -0.013 -11"><span class='ocrx_word' id='word_1_801' title='bbox 2162 5167 2237 5229; x_wconf 87' lang='grc' dir='ltr'>ὡς</span> <span class='ocrx_word' id='word_1_802' title='bbox 2290 5146 2606 5221; x_wconf 46' lang='grc' dir='ltr'>τὰ’πολλὰ</span> <span class='ocrx_word' id='word_1_803' title='bbox 2662 5161 2717 5215; x_wconf 82' lang='grc' dir='ltr'>οὶ</span> <span class='ocrx_word' id='word_1_804' title='bbox 2773 5155 3259 5233; x_wconf 81' lang='grc' dir='ltr'>ἀνακεχωρηκότες</span> <span class='ocrx_word' id='word_1_805' title='bbox 3305 5155 3469 5211; x_wconf 89' lang='grc' dir='ltr'>τόποι</span> <span class='ocrx_word' id='word_1_806' title='bbox 3518 5156 3679 5209; x_wconf 86' lang='grc' dir='ltr'>ὁποῖα</span> <span class='ocrx_word' id='word_1_807' title='bbox 3719 5146 3806 5202; x_wconf 77' lang='grc' dir='ltr'>καὶ</span> 
     </span>
    </p>
   </div>
   <div class='ocr_carea' id='block_1_114' title="bbox 2168 5235 3808 5331">
    <p class='ocr_par' dir='ltr' id='par_1_114' title="bbox 2168 5235 3808 5331">
     <span class='ocr_line' id='line_1_114' title="bbox 2168 5235 3808 5331; baseline -0.012 -18"><span class='ocrx_word' id='word_1_808' title='bbox 2168 5253 2413 5331; x_wconf 68' lang='grc' dir='ltr'>μέταλλα</span> <span class='ocrx_word' id='word_1_809' title='bbox 2444 5259 2624 5330; x_wconf 87' lang='grc' dir='ltr'>χρυσᾶ</span> <span class='ocrx_word' id='word_1_810' title='bbox 2652 5247 3073 5324; x_wconf 83' lang='grc' dir='ltr'>ἐνδομυχοῦσιν,</span> <span class='ocrx_word' id='word_1_811' title='bbox 3132 5245 3495 5325; x_wconf 72' lang='grc' dir='ltr'>ἐκπεφευγότα</span> <span class='ocrx_word' id='word_1_812' title='bbox 3549 5242 3611 5296; x_wconf 84' lang='grc' dir='ltr'>τὸ</span> <span class='ocrx_word' id='word_1_813' title='bbox 3644 5235 3808 5331; x_wconf 48' lang='lat' dir='ltr'>cxi}:-</span> 
     </span>
    </p>
   </div>
   <div class='ocr_carea' id='block_1_115' title="bbox 2164 5323 3818 5413">
    <p class='ocr_par' dir='ltr' id='par_1_115' title="bbox 2164 5323 3818 5413">
     <span class='ocr_line' id='line_1_115' title="bbox 2164 5323 3818 5413; baseline -0.014 -11"><span class='ocrx_word' id='word_1_814' title='bbox 2164 5323 2351 5409; x_wconf 79' lang='grc' dir='ltr'>λεσθαι</span> <span class='ocrx_word' id='word_1_815' title='bbox 2544 5340 2620 5404; x_wconf 76' lang='grc' dir='ltr'>εἷς</span> <span class='ocrx_word' id='word_1_816' title='bbox 2678 5323 2925 5413; x_wconf 77' lang='grc' dir='ltr'>νόμισμα</span> <span class='ocrx_word' id='word_1_817' title='bbox 2953 5323 3666 5409; x_wconf 16' lang='grc' dir='ltr'>τυποῦσθαιίὰνθρώπινον,</span> <span class='ocrx_word' id='word_1_818' title='bbox 3726 5323 3818 5382; x_wconf 80' lang='grc' dir='ltr'>διὰ</span> 
     </span>
    </p>
   </div>
   <div class='ocr_carea' id='block_1_116' title="bbox 2165 5416 3824 5510">
    <p class='ocr_par' dir='ltr' id='par_1_116' title="bbox 2165 5416 3824 5510">
     <span class='ocr_line' id='line_1_116' title="bbox 2165 5416 3824 5510; baseline -0.012 -17"><span class='ocrx_word' id='word_1_819' title='bbox 2165 5437 2228 5492; x_wconf 85' lang='grc' dir='ltr'>τὸ</span> <span class='ocrx_word' id='word_1_820' title='bbox 2265 5436 2339 5510; x_wconf 77' lang='grc' dir='ltr'>μὴ</span> <span class='ocrx_word' id='word_1_821' title='bbox 2367 5436 2467 5504; x_wconf 81' lang='grc' dir='ltr'>τῆς</span> <span class='ocrx_word' id='word_1_822' title='bbox 2511 5428 2784 5499; x_wconf 76' lang='grc' dir='ltr'>ἐπιπολῆς</span> <span class='ocrx_word' id='word_1_823' title='bbox 2825 5430 2985 5495; x_wconf 81' lang='grc' dir='ltr'>εἶναι,</span> <span class='ocrx_word' id='word_1_824' title='bbox 3040 5424 3166 5481; x_wconf 89' lang='grc' dir='ltr'>ἁλλ’</span> <span class='ocrx_word' id='word_1_825' title='bbox 3215 5424 3266 5480; x_wconf 67' lang='grc' dir='ltr'>ἐν</span> <span class='ocrx_word' id='word_1_826' title='bbox 3333 5423 3484 5501; x_wconf 87' lang='grc' dir='ltr'>βάθει</span> <span class='ocrx_word' id='word_1_827' title='bbox 3529 5416 3728 5510; x_wconf 17' lang='grc' dir='ltr'>γῆς,τά</span> 
     </span>
    </p>
   </div>
   <div class='ocr_carea' id='block_1_117' title="bbox 2169 5501 3828 5601">
    <p class='ocr_par' dir='ltr' id='par_1_117' title="bbox 2169 5501 3828 5601">
     <span class='ocr_line' id='line_1_117' title="bbox 2169 5501 3828 5601; baseline -0.012 -19"><span class='ocrx_word' id='word_1_828' title='bbox 2169 5501 2275 5589; x_wconf 40' lang='grc' dir='ltr'>εἷς.</span> <span class='ocrx_word' id='word_1_829' title='bbox 2303 5501 2487 5601; x_wconf 74' lang='grc' dir='ltr'>ὅρασιν</span> <span class='ocrx_word' id='word_1_830' title='bbox 2545 5518 2896 5587; x_wconf 77' lang='grc' dir='ltr'>ὑποδύεσθαι,</span> <span class='ocrx_word' id='word_1_831' title='bbox 2942 5514 2979 5585; x_wconf 77' lang='grc' dir='ltr'>’ἢ</span> <span class='ocrx_word' id='word_1_832' title='bbox 3028 5513 3119 5570; x_wconf 85' lang='grc' dir='ltr'>καὶ</span> <span class='ocrx_word' id='word_1_833' title='bbox 3174 5510 3579 5601; x_wconf 40' lang='grc' dir='ltr'>καταδύεσθαι.-</span> <span class='ocrx_word' id='word_1_834' title='bbox 3618 5501 3828 5601; x_wconf 12' lang='grc' dir='ltr'>Οξςῄδὶ</span> 
     </span>
    </p>
   </div>
   <div class='ocr_carea' id='block_1_118' title="bbox 2168 5597 3829 5689">
    <p class='ocr_par' dir='ltr' id='par_1_118' title="bbox 2168 5597 3829 5689">
     <span class='ocr_line' id='line_1_118' title="bbox 2168 5597 3829 5689; baseline -0.018 -20"><span class='ocrx_word' id='word_1_835' title='bbox 2168 5615 2231 5669; x_wconf 85' lang='grc' dir='ltr'>τὸ</span> <span class='ocrx_word' id='word_1_836' title='bbox 2263 5597 2461 5689; x_wconf 78' lang='grc' dir='ltr'>ἀγαθὸν</span> <span class='ocrx_word' id='word_1_837' title='bbox 2494 5610 2594 5667; x_wconf 79' lang='grc' dir='ltr'>οὐκ</span> <span class='ocrx_word' id='word_1_838' title='bbox 2641 5608 2693 5665; x_wconf 71' lang='grc' dir='ltr'>ἐν</span> <span class='ocrx_word' id='word_1_839' title='bbox 2732 5608 2884 5683; x_wconf 86' lang='grc' dir='ltr'>βάθει</span> <span class='ocrx_word' id='word_1_840' title='bbox 2915 5609 3089 5661; x_wconf 85' lang='grc' dir='ltr'>κεῖται</span> <span class='ocrx_word' id='word_1_841' title='bbox 3136 5605 3346 5679; x_wconf 82' lang='grc' dir='ltr'>ψυχῆς,</span> <span class='ocrx_word' id='word_1_842' title='bbox 3377 5599 3507 5658; x_wconf 78' lang='grc' dir='ltr'>ἀλλ’</span> <span class='ocrx_word' id='word_1_843' title='bbox 3537 5597 3613 5661; x_wconf 67' lang='grc' dir='ltr'>εἲς</span> <span class='ocrx_word' id='word_1_844' title='bbox 3641 5597 3829 5689; x_wconf 53' lang='grc' dir='ltr'>γλῶσ-</span> 
     </span>
    </p>
   </div>
   <div class='ocr_carea' id='block_1_119' title="bbox 2173 5686 3827 5775">
    <p class='ocr_par' dir='ltr' id='par_1_119' title="bbox 2173 5686 3827 5775">
     <span class='ocr_line' id='line_1_119' title="bbox 2173 5686 3827 5775; baseline -0.012 -17"><span class='ocrx_word' id='word_1_845' title='bbox 2173 5723 2265 5758; x_wconf 92' lang='grc' dir='ltr'>σαν</span> <span class='ocrx_word' id='word_1_846' title='bbox 2311 5686 2415 5758; x_wconf 38' lang='grc' dir='ltr'>-καὶ</span> <span class='ocrx_word' id='word_1_847' title='bbox 2475 5700 2644 5775; x_wconf 90' lang='grc' dir='ltr'>μόνην</span> <span class='ocrx_word' id='word_1_848' title='bbox 2699 5690 3044 5762; x_wconf 85' lang='grc' dir='ltr'>ἐπιπολάζει,</span> <span class='ocrx_word' id='word_1_849' title='bbox 3094 5689 3186 5745; x_wconf 81' lang='grc' dir='ltr'>καὶ</span> <span class='ocrx_word' id='word_1_850' title='bbox 3244 5689 3390 5746; x_wconf 75' lang='grc' dir='ltr'>οὕτω</span> <span class='ocrx_word' id='word_1_851' title='bbox 3443 5686 3827 5767; x_wconf 75' lang='grc' dir='ltr'>προφαίνεται·</span> 
     </span>
    </p>
   </div>
   <div class='ocr_carea' id='block_1_120' title="bbox 2179 5778 3832 5868">
    <p class='ocr_par' dir='ltr' id='par_1_120' title="bbox 2179 5778 3832 5868">
     <span class='ocr_line' id='line_1_120' title="bbox 2179 5778 3832 5868; baseline -0.011 -18"><span class='ocrx_word' id='word_1_852' title='bbox 2179 5791 2232 5849; x_wconf 68' lang='grc' dir='ltr'>ο⁹ί</span> <span class='ocrx_word' id='word_1_853' title='bbox 2281 5792 2495 5868; x_wconf 72' lang='grc' dir='ltr'>ἐτέρους</span> <span class='ocrx_word' id='word_1_854' title='bbox 2558 5788 2654 5865; x_wconf 76' lang='grc' dir='ltr'>μὶν</span> <span class='ocrx_word' id='word_1_855' title='bbox 2688 5783 3026 5855; x_wconf 84' lang='grc' dir='ltr'>διδάσκουσι,</span> <span class='ocrx_word' id='word_1_856' title='bbox 3058 5785 3194 5862; x_wconf 72' lang='grc' dir='ltr'>σφᾶς</span> <span class='ocrx_word' id='word_1_857' title='bbox 3251 5778 3312 5839; x_wconf 77' lang='grc' dir='ltr'>δὶ</span> <span class='ocrx_word' id='word_1_858' title='bbox 3360 5779 3560 5845; x_wconf 77' lang='grc' dir='ltr'>αὐτοὺς</span> <span class='ocrx_word' id='word_1_859' title='bbox 3610 5778 3832 5857; x_wconf 74' lang='grc' dir='ltr'>ἀφιᾶσιν</span> 
     </span>
    </p>
   </div>
  </div>
