4082 6358
344 416 462 476 6H

1354 404 1438 466 IN
1481 401 1548 464 S.
1593 388 2276 472 QUADRAGESIMAM
2323 387 2615 450 ORATIO
2660 387 2768 450 ΠΙ.

3646 394 3770 456 642

343 543 670 609 ἀδιδάκτους
719 541 1088 618 ἀλογίζεσθαι,
1140 532 1402 612 κύμϐαλα
1464 535 1499 603 ἢ
1553 528 1808 618 κώδωνες
1836 524 1875 595 ἢ
1905 522 1995 618 αύῖ

2111 522 2519 618 imprudenter
2542 535 2736 593 agere,
2777 536 2911 576 cum
2942 520 3061 577 sint
3110 520 3223 594 ipsi
3273 502 3622 597 cymbalum,
3657 531 3762 585 aut

337 631 434 692 λοὶ
487 634 645 690 αὐτοὶ
703 611 876 700 ὄντες,
903 611 909 612 ⁷
934 628 1006 685 ὧν
1059 611 1285 684 ἕκαστον
1334 623 1521 703 φωνὴν
1558 628 1651 695 μὲν
1683 616 1873 696 ἀφίησι
1904 611 1997 671 καί

341 748 449 781 που
502 723 595 780 καὶ
651 723 791 799 πρὸς
837 719 1063 790 ἡδονὴν,
1124 717 1188 773 ού
1242 714 1454 784 συνίησι
1512 709 1590 779 δὲ,
1615 710 1667 764 τί
1726 728 1859 762 ποτε
1903 703 1996 759 καὶ

349 818 452 894 βοᾷ
479 847 547 857 -—-
577 815 629 869 οὶ
681 809 924 867 τοιοῦτοι
970 806 1175 886 ἔρημον
1230 806 1324 879 μὲν
1357 803 1392 874 ἢ
1444 801 1681 874 ἑτεροῖόν
1718 819 1835 854 τινα
1890 816 1993 851 πα-

350 900 611 981 ραϐυστον
640 902 811 957 τόπον
870 899 971 955 οὐκ
1026 897 1088 952 ’ἀν
1146 896 1552 965 έπιζητήσαιεν.
1601 892 1722 949 Πῶς
1768 889 1872 963 γὰρ
1926 883 1990 939 ’ἀν

352 975 401 1049 οἱ
447 997 514 1067 τῇ
567 990 793 1069 γλώσσῃ
844 985 1226 1062 πανηγυρίζειν
1261 983 1609 1055 προθέμενοι,
1658 975 1996 1069 καὶῌάγορά-

355 1060 529 1153 ζοντες
575 1060 663 1136 έπὶ
712 1060 1013 1150 ἀσπασμῷ,
1065 1060 1155 1128 καὶ
1212 1072 1274 1127 τὸ
1330 1070 1612 1133 καλεῖσθαι
1653 1060 1840 1121 Ῥαϐϐὶ
1889 1064 1995 1140 πρὸ

349 1170 546 1234 παντὸς
590 1164 754 1244 ἔργου
797 1165 1187 1237 ποιησάμενοι,
1225 1161 1315 1216 καὶ
1365 1159 1428 1214 τὸ
1484 1160 1577 1231 μὲν
1629 1157 1745 1211 κατ’
1796 1155 1992 1231 ἀρετὴν

347 1242 638 1336 πρακτικὸν
680 1254 1073 1324 συστείλαντες,
1109 1251 1273 1325 μόνον
1309 1247 1367 1304 δέ
1394 1248 1457 1303 τὸ
1489 1244 1729 1318 λαλητὸν
1782 1242 1997 1320 θεατρί-

348 1354 529 1418 ζοντες
554 1366 568 1418 ;

417 1457 482 1520 θ’.
516 1455 614 1510 Καὶ
673 1452 825 1527 ὅμως
878 1448 993 1506 οὐδ’
1050 1448 1206 1504 αὐτοὶ
1257 1444 1464 1502 τέλειον
1511 1444 1845 1498 ἐπισπῶνται
1894 1438 1996 1514 ψό-

344 1566 465 1621 γον,
500 1545 589 1599 οἵα
636 1543 699 1597 τὸ
741 1538 934 1610 καλὸν,
995 1539 1046 1593 οἱ
1094 1537 1185 1592 καὶ
1245 1536 1321 1609 μὴ
1371 1531 1724 1607 ἡμισεύουσιν
1756 1523 1993 1604 ἀκριϐῶς

347 1616 473 1690 ἀλλ’
534 1631 609 1694 εἷς
670 1626 863 1706 μερίδα
914 1631 1043 1702 γοῦν
1087 1646 1208 1681 τινα
1238 1620 1690 1699 έγκολπούμενοι’
1724 1618 1813 1674 καὶ
1848 1616 1997 1672 εἴποι

345 1745 430 1787 τις
478 1721 538 1776 ’ὰν
597 1702 808 1790 δεξιῶς,
859 1716 1037 1795 φέρειν
1100 1712 1293 1774 αὐτοὺς
1326 1711 1389 1767 οὐ
1437 1707 1644 1786 φαῦλον
1680 1702 1995 1785 γλωσσὸκο-

353 1834 475 1887 μον,
536 1809 792 1866 ὑπόκενον
823 1805 881 1863 δὲ
937 1807 1150 1869 πάντως
1205 1804 1411 1878 ἀγαθοῦ
1467 1802 1758 1877 κέρματος.
1790 1799 1864 1854 Τὸ
1893 1798 1994 1874 γὰρ

2105 610 2571 667 tintinnabulum
2586 613 2686 665 aut
2706 609 2882 679 tibias,
2909 626 3158 682 quorum
3176 615 3638 688 unumquodque
3668 634 3762 674 ao-

2108 717 2250 756 num
2283 700 2521 773 quidem
2553 698 2771 755 emittit
2799 705 2857 755 et
2889 700 3152 756 forsitam
3178 702 3249 757 ad
3300 704 3763 776 jucunditatem,

2108 793 2207 847 sed
2243 808 2356 846 non
2388 790 2684 863 intelligit,
2721 792 2859 863 quid
2895 808 3155 864 unquam
3188 793 3405 861 reboet,
3436 795 3583 851 tales
3641 814 3762 854 ere-

2107 897 2271 936 mum
2288 881 2375 936 vel
2397 880 2578 936 alium
2602 887 2893 936 secretum
2908 881 3098 937 locum
3120 899 3237 939 non
3254 884 3768 954 quaesierintouo-

2109 971 2282 1025 modo
2312 969 2470 1024 enim
2500 969 2585 1024 sic
2617 971 2981 1041 εδει-ειη,ᾳυί
3005 970 3208 1042 lingua
3235 972 3459 1045 fulgere
3490 977 3756 1047 cupiunt,

2108 1061 2418 1131 torumque
2441 1061 2813 1131 frequentant
2843 1065 2907 1116 ut
2937 1062 3287 1129 salutentur,
3310 1070 3361 1119 et
3383 1081 3562 1136 super
3590 1082 3762 1123 omne

2107 1167 2255 1222 opus
2280 1149 2474 1205 vocari
2504 1149 2688 1205 Rabbi
2720 1154 3019 1221 satagunt,
3054 1156 3111 1207 et
3149 1152 3209 1207 in
3260 1154 3510 1209 obscuro
3561 1155 3776 1223 minu-,

2107 1244 2229 1294 tam
2274 1238 2509 1294 virtutis
2555 1239 3027 1295 exercitationem
3080 1242 3392 1308 reducunt,
3451 1243 3758 1316 solamque

2106 1327 2396 1401 loquelam
2422 1328 2479 1381 in
2513 1327 2914 1400 spectaculum
2945 1331 3239 1386 tradunt?

2176 1431 2230 1486 9.
2255 1432 2323 1486 Et
2352 1438 2549 1487 tamen
2581 1431 2695 1503 ipsi
2728 1449 2842 1487 non
2872 1433 2984 1487 sibi
3042 1434 3394 1505 completam
3454 1437 3761 1493 attrahunt

2106 1520 2618 1593 vituperationem,
2647 1538 2761 1577 non
2779 1539 2948 1578 secus
2968 1540 3033 1577 ac
3064 1523 3609 1598 bonum,siquidem
3642 1544 3759 1583 non

2107 1615 2377 1665 accurate
2408 1610 2553 1665 forte
2585 1609 2918 1677 dimidiant,
2953 1611 3055 1666 sed
3111 1618 3264 1669 certe
3320 1613 3379 1668 in
3437 1617 3759 1686 quamdam

2108 1698 2362 1754 mediam
2396 1704 2620 1770 partem
2650 1699 3045 1770 involvuntur,
3079 1706 3137 1756 et
3165 1702 3378 1774 aliquis
3411 1721 3524 1759 non
3565 1705 3763 1774 inepte

2106 1789 2326 1844 diceret
2353 1788 2512 1861 ipsos
2540 1788 2688 1843 ferre
2719 1804 2825 1844 nos
2846 1789 3016 1844 vilem
3046 1791 3488 1862 capsulam,sed
3520 1810 3764 1866 prorsus

350 1878 402 1959 έν
460 1878 625 1978 ἀρετῇ
672 1896 992 1977 κεφάλαιον,
1047 1895 1147 1963 τὴν
1215 1890 1514 1948 έπαινετέαν
1547 1892 1760 1965 πρᾶξιν,
1797 1890 1995 1943 ἀπονο-

2111 1879 2263 1934 bono
2299 1878 2543 1934 numulo
2576 1895 2842 1934 vacuam.
2876 1880 3035 1944 Quod
3071 1881 3229 1937 enim
3276 1883 3334 1938 in
3368 1883 3581 1940 virtute
3612 1902 3759 1957 prae-

347 1993 626 2073 σορίσαντες
669 1992 896 2057 ἑαυτῶν,
973 1987 1070 2055 τὴν
1116 1988 1249 2061 γοῦν
1313 1981 1557 2056 ἐνάρετον
1614 1978 1810 2035 λαλιὰν
1872 1999 1996 2056 σφε-

346 2083 646 2160 τερίζονται
677 2101 691 2113 ·
748 2078 840 2136 καὶ
900 2075 1184 2154 φιλοῦνται
1241 2073 1332 2128 καὶ
1388 2071 1541 2126 αὐτοὶ
1597 2072 1695 2138 τῆς
1748 2068 1998 2144 ἐναρέτου

350 2171 698 2250 φωνασκίας,
762 2167 901 2224 καθά
949 2186 1058 2220 που
1113 2164 1204 2219 καὶ
1255 2166 1363 2217 τῶν
1424 2159 1657 2232 ὀρνίθων
1716 2158 1833 2212 ὅσοι
1881 2156 2000 2220 κατ’

353 2246 631 2337 ἀνθρωττοι
691 2256 881 2314 λαλεῖν
941 2251 1377 2329 ὑποκορίζονται,
1451 2248 1540 2304 καὶ
1590 2246 1665 2308 εἷς
1740 2249 1995 2300 τοσοῦτον

359 2333 518 2422 μόνον
550 2345 1004 2422 ἀνθρωπίζονται.
1059 2340 1159 2396 Καὶ
1216 2337 1407 2401 ἄλλως
1455 2335 1514 2392 δὲ
1558 2336 1736 2415 φάναι,
1766 2334 1828 2389 τὸ
1859 2333 1998 2408 γλυ-

352 2439 584 2494 κύτατον
614 2435 766 2492 αὐτοὶ
817 2433 944 2508 μέλι
997 2430 1421 2506 μυσαττόμενοι,
1475 2427 1639 2501 οὗπερ
1699 2426 1728 2479 ὁ
1769 2423 1997 2501 γευόμεο

347 2557 436 2600 νος
493 2536 692 2596 ἐκεῖνος
750 2529 910 2601 οἶδεν,
970 2530 1000 2585 ’ὁ
1050 2528 1103 2585 τί
1158 2526 1292 2582 ποτέ
1347 2524 1457 2581 ἔστι
1510 2524 1573 2580 τὸ
1628 2526 1724 2577 τοῦ
1777 2519 1999 2594 μέλιτος

344 2620 528 2702 ἔργον,
588 2621 718 2680 ἀλλ’
767 2618 858 2676 οὗν
913 2618 1006 2674 καὶ
1065 2615 1394 2690 ὀνομάζουσι
1428 2613 1577 2702 μέλι,
1625 2611 1714 2667 καὶ
1743 2610 2001 2688 φυσιολο-

346 2701 534 2791 γοῧσιν
567 2712 719 2781 αὐτὸ,
767 2708 858 2766 καὶ
918 2705 1181 2762 ἐντιθέασι
1235 2723 1433 2780 γνωσιν
1493 2701 1657 2756 αὐτοῦ
1685 2705 1802 2762 τοῖς
1831 2701 1998 2773 ἀκρο-

352 2787 606 2877 ωμένοις,
652 2799 743 2857 καὶ
775 2796 1066 2874 ἐπάγονται
1125 2792 1320 2854 αὐτοὺς
1377 2791 1549 2852 οὕτως
1601 2787 1723 2864 έρᾷν
1754 2792 1852 2843 τοῦ
1903 2788 1998 2861 μέ-

356 2890 530 2959 λιτος,
585 2888 676 2943 καὶ
726 2887 885 2943 τοῦτό
943 2906 1004 2960 γε
1061 2881 1309 2938 δοκοῦσιν
1357 2877 1504 2955 ἔχειν
1562 2900 1615 2933 τι
1640 2876 1861 2934 ἐπαίνου
1909 2876 1998 2931 καὶ

360 2978 538 3034 αὐτοί·
603 2981 725 3041 σῦες
785 2976 898 3049 μὶν,
940 2975 970 3029 ὅ
1026 2992 1210 3052 φασιν,
1270 2964 1420 3031 ὅντες
1472 2967 1538 3022 τὰ
1569 2965 1623 3029 ἐς
1653 2967 1872 3041 ἀποχὴν
1902 2969 1999 3020 τοῦ

357 3064 839 3145 πραγματειώδους
897 3062 1156 3138 μέλιτος,
1221 3056 1640 3135 ὑποκρινόμενοι
1697 3053 1754 3110 δὲ
1812 3052 1999 3117 ἄλλως

350 3157 414 3211 τὸ
445 3155 496 3211 ἐν
530 3155 839 3227 ἀνθρωποις
870 3149 1175 3231 φιλόκαλον
1210 3145 1301 3203 διὰ
1329 3148 1429 3217 τὴν
1464 3144 1872 3231 χρηστολογίαν
1904 3148 1999 3199 τοῦ

2110 1967 2348 2039 oipuum
2381 1971 2488 2036 est,
2522 1965 2877 2022 laudabilem
2912 1967 3201 2024 actionem
3238 1985 3271 2025 a
3314 1988 3376 2026 se
3434 1972 3764 2043 rejicientes

2110 2055 2639 2111 commendabilem
2673 2061 2963 2127 usurpant
2990 2056 3321 2129 lequelam;
3354 2065 3411 2116 et
3453 2062 3565 2134 ipsi
3624 2068 3767 2120 sunt

2110 2151 2401 2202 amatores
2433 2146 2687 2219 pulchras
2708 2145 3047 2213 locutionis,
3081 2146 3231 2203 sicut
3262 2164 3332 2204 ex
3387 2151 3593 2207 avibus
3650 2152 3765 2209 illa

2110 2252 2236 2308 quas
2269 2236 2589 2291 secundum
2653 2236 2949 2292 hominem
3008 2236 3168 2308 loqui
3217 2238 3474 2295 molliter
3525 2242 3763 2311 callent,

2109 2329 2167 2381 et
2193 2325 2253 2380 in
2284 2324 2394 2380 hoc
2423 2324 2614 2381 solum
2649 2325 2917 2380 homines
2941 2324 3241 2394 simulant,
3267 2329 3334 2383 ad
3369 2329 3538 2386 aliter
3566 2338 3764 2390 autem

2109 2414 2496 2487 loquendum,
2552 2413 2968 2470 dulcissimum
3012 2415 3124 2487 ipsi
3184 2416 3299 2472 mel
3356 2418 3760 2493 abhorrentes,

2107 2505 2260 2575 quod
2294 2503 2392 2574 qui
2422 2503 2854 2575 gustavit,quid
2885 2502 2962 2559 sit
2986 2502 3102 2559 mel
3128 2505 3446 2577 ipsenovit,
3481 2515 3761 2569 attamem

2110 2591 2225 2647 mel
2258 2593 2586 2660 nominant,
2620 2597 2677 2647 et
2706 2592 2896 2665 ipsius
2925 2591 3219 2664 explicant
3244 2600 3536 2667 naturam,
3570 2604 3627 2655 et
3654 2618 3762 2657 no-

2108 2683 2330 2739 tionem
2362 2686 2491 2754 ejus
2521 2683 2890 2739 auditoribus
2921 2690 3240 2756 exponunt,
3275 2691 3331 2741 et
3361 2687 3445 2744 sic
3476 2689 3769 2749 inducunt

2110 2790 2209 2827 eos
2242 2773 2310 2827 ad
2345 2774 2460 2828 mel
2491 2774 2832 2839 amandum,
2868 2779 2925 2829 et
2954 2773 3014 2829 in
3049 2774 3153 2830 hoc
3185 2776 3395 2832 saltem
3446 2778 3559 2850 ipsi
3618 2796 3763 2852 quo-

2110 2879 2222 2934 que
2252 2861 2446 2917 laudis
2479 2862 2716 2935 aliquod
2752 2862 2961 2919 habere
2991 2864 3282 2919 videntur.
3306 2870 3472 2938 Sues,
3503 2872 3570 2923 ut
3614 2870 3766 2926 dici-

2108 2953 2226 3017 tur,
2259 2967 2392 3007 cum
2426 2950 2546 3006 sint
2576 2951 2805 3023 operosi
2849 2950 3041 3006 mellis
3101 2952 3486 3021 abstinentes,
3538 2956 3770 3029 fingunt

2109 3038 2346 3095 aliunde
2375 3041 2526 3110 quod
2552 3038 2611 3093 in
2639 3039 2977 3094 hominibus
3007 3040 3161 3095 inest
3207 3040 3346 3096 hom
3407 3043 3765 3102 desiderium

2111 3144 2215 3200 per
2235 3145 2527 3184 ammnam
2558 3129 2630 3184 de
2660 3127 2945 3183 suavitate
2983 3126 3338 3184 locutionem
3366 3156 3380 3199 ς
3440 3131 3528 3187 vel
3585 3134 3766 3191 ictero

352 3215 742 3320 γλυκάζοντοιςι
801 3241 838 3312 ἢ
882 3215 1306 3318 τυραννούμενοι
1364 3215 1995 3310 μέν’-’ἱκτέρῳ,”εῗδότες

2116 3218 2437 3291 subjugati,
2471 3218 2798 3274 secundum
2829 3217 3131 3273 veritatem
3151 3218 3347 3274 vident
3366 3225 3424 3276 et
3444 3219 3767 3292 loquuntur

352 3333 409 3389 δὲ
464 3333 554 3388 καὶ
606 3330 966 3392 έκλαλοῦντες
1025 3328 1163 3404 πρὸς
1220 3325 1484 3396 ἀλήθειαν
1541 3323 1605 3379 τὸ
1663 3321 1812 3396 μέλι,
1867 3320 1999 3398 ὅπερ

348 3423 505 3478 αὐτοὶ
565 3419 893 3477 ἐκκλίνουσι·
944 3417 1035 3473 καὶ
1070 3417 1206 3493 ὀρθά
1249 3414 1342 3488 μὲν
1375 3413 1620 3491 προϊέναι
1652 3411 1753 3467 οὐκ
1778 3405 1999 3486 ἔχοντες

348 3510 476 3567 ἀλλ’
532 3508 631 3565 ὅσα
685 3508 776 3564 καὶ
832 3504 1081 3583 καρκίνοι
1108 3492 1127 3498 θ’
1168 3497 1557 3580 ῥαιὸούμενοι,
1611 3498 1999 3575 ἑρμηνεύοντες

346 3598 407 3656 δὲ
448 3600 548 3669 τὴν
612 3598 802 3674 ὀρθὴν,
858 3596 933 3658 ὡς
987 3593 1105 3670 ἔχει
1161 3591 1391 3672 φύσεως·
1441 3590 1533 3645 καὶ
1590 3588 1667 3651 εἰς
1726 3583 1848 3662 ὄψιν
1903 3588 2000 3660 μὲν

343 3691 816 3763 κακοπραγοῦντες
873 3685 1087 3758 μήποτε
1114 3680 1203 3736 καὶ
1233 3680 1308 3742 ὡς
1341 3676 1670 3757 ἀσφάλακες,
1712 3675 1999 3755 φιλοῦντες

347 3777 408 3834 δὲ
433 3777 588 3853 ὅμως
615 3779 679 3833 τὸ
709 3782 844 3857 φῶς,
875 3775 965 3831 κκὶ
1014 3773 1285 3850 ένάγοντες
1312 3769 1389 3833 εἷς
1422 3767 1571 3840 αὐτὸ,
1602 3767 1693 3822 καὶ
1726 3764 1815 3822 διὰ
1832 3764 1999 3829 τοῦτρ

345 3875 635 3947 προσοχῆς
665 3862 811 3930 ὄντες
841 3863 1000 3937 ἄξιοι.

425 3978 476 4032 ι’.
510 3976 603 4030 Διὸ
631 3973 721 4030 καὶ
775 3973 803 4028 ὁ
837 3971 1031 4047 Σωτὴρ
1062 3971 1248 4043 ἡμῶν,
1282 3968 1309 4022 ὁ
1352 3965 1443 4022 καὶ
1497 3965 1734 4035 ποιήσας
1779 3961 2000 4033 ἀληθῶς

336 4065 429 4121 καὶ
460 4060 676 4135 διδάξας
705 4056 966 4139 ἀκριϐῶς,
1000 4058 1089 4114 καὶ
1151 4054 1334 4128 ιῗδὼς,
1378 4053 1515 4109 εἷναί
1562 4073 1683 4107 τινα
1716 4048 1999 4129 ⁴ὠφέλειαν

336 4153 430 4209 καῖ
487 4152 540 4208 έν
589 4155 657 4227 τῇ
713 4138 903 4212 ἀπλως
961 4149 1134 4225 ἀγαθῇ
1195 4141 1542 4212 διδασκαλίᾳ,
1579 4140 1674 4195 κᾶν
1710 4138 1755 4194 εί
1800 4138 1998 4227 καὶῗέκ

343 4241 624 4315 στομάτων
685 4239 901 4317 ἀλόγων
960 4239 1023 4307 ἣν
1084 4234 1251 4304 αὐτὴν
1312 4231 1699 4310 προφέρεσθαι,
1757 4226 1995 4305 παραδέ-

345 4327 505 4401 δωκε,
565 4327 707 4404 μηδὲ
762 4330 889 4391 τοὺς
946 4324 1188 4406 φαύλους
1215 4323 1380 4399 ἱερεῖς
1441 4319 1992 4393 ἀποπροσποιεῖσθαι,

338 4420 513 4495 ἀγαθᾶ
559 4402 627 4475 τὰ
672 4418 810 4474 κατά
874 4402 1003 4472 Θεὸν
1071 4410 1445 4472 διδάσκοντας.
1506 4407 1684 4495 Δῆλον
1742 4406 1846 4482 γὰρ
1887 4402 1993 4468 ἕως

337 4494 429 4564 καὶ
484 4512 592 4563 τῶν
651 4502 772 4584 ἄρτι
831 4498 1087 4571 εὐσεϐῶν,
1152 4500 1234 4557 ὅτι
1263 4496 1442 4561 οὐδεὶς
1474 4496 1536 4552 ’ἀν
1584 4494 1818 4569 τολμῴη
1852 4514 1994 4570 σχη-

2112 3310 2182 3365 de
2216 3307 2387 3363 melle
2417 3308 2573 3379 quod
2605 3306 2719 3378 ipsi
2753 3305 3022 3377 fugiunt;
3055 3311 3113 3362 et
3142 3313 3297 3362 recta
3350 3308 3587 3379 quidem
3638 3329 3771 3384 pro-

2111 3398 2314 3452 cedere
2374 3413 2487 3451 non
2545 3394 2784 3462 assueti,
2855 3393 3012 3450 velut
3077 3395 3270 3450 cancri
3353 3399 3623 3465 tortuosi,
3684 3416 3773 3455 re-

2111 3485 2458 3543 ctitudinem
2492 3484 2880 3540 nihilominus
2907 3483 3066 3556 quali
3100 3488 3310 3540 natura
3340 3486 3439 3552 sit,
3490 3487 3770 3561 interpre-

2108 3577 2349 3641 tantur;
2370 3578 2427 3629 et
2457 3574 2612 3629 circa
2640 3573 2833 3628 visum
2867 3570 3016 3628 male
3036 3573 3276 3644 quidem
3310 3572 3768 3644 habentes,forte

2111 3663 2267 3719 sicut
2293 3662 2482 3734 talpae,
2517 3662 2718 3717 lumen
2752 3666 2949 3716 tamen
2973 3664 3197 3729 amant,
3230 3669 3286 3717 et
3306 3662 3378 3719 ad
3410 3661 3552 3719 illud
3587 3664 3760 3721 indu-

2111 3756 2270 3823 cunt,
2302 3757 2360 3808 et
2385 3751 2517 3808 ideo
2546 3756 2688 3807 sunt
2715 3750 3038 3807 attentione
3058 3748 3239 3820 digni.

2191 3957 2278 4011 10.
2303 3951 2613 4022 Propterea
2642 3946 2910 4003 Salvator
2940 3951 3159 4013 noster,
3188 3947 3291 4017 qui
3341 3964 3472 4004 vere
3520 3949 3656 4007 fecit
3705 3956 3762 4008 et

2110 4047 2380 4103 accurate
2401 4037 2599 4096 docuit
2626 4042 2683 4092 et
2712 4036 2857 4090 vidit
2878 4051 3008 4090 esse
3066 4036 3383 4106 quamdam
3443 4038 3762 4097 utilitatem

2107 4139 2168 4193 in
2200 4130 2455 4204 simplici
2480 4130 2635 4184 bona
2667 4125 2955 4195 doctrina,
2994 4124 3132 4180 licet
3184 4142 3253 4181 ex
3306 4128 3509 4183 oribus
3559 4137 3764 4201 posset

2106 4219 2548 4281 irrationalibus
2579 4215 2793 4281 emitti,
2827 4230 2932 4268 nec
2966 4213 3153 4269 malos
3185 4217 3537 4285 sacerdotes,
3606 4219 3762 4277 bona

2107 4312 2435 4371 secundum
2463 4313 2644 4362 Deum
2658 4305 2957 4369 docentes,
2978 4306 3341 4375 respuendos
3354 4322 3480 4361 esse
3496 4308 3758 4365 tradidit.

2105 4402 2484 4460 Manifestum
2516 4400 2607 4451 est
2644 4393 2800 4450 enim
2855 4409 3042 4464 usque
3099 4394 3169 4448 ad
3232 4392 3550 4451 hodiernos
3608 4396 3760 4469 pios,

2105 4492 2260 4565 quod
2293 4504 2465 4544 nemo
2489 4485 2597 4541 rite
2629 4487 2932 4556 promotus
2964 4482 3020 4536 in
3064 4482 3358 4538 doctorem
3417 4490 3614 4557 aperte
3666 4504 3765 4544 au-

344 4572 705 4669 ματιζόμενος
746 4594 823 4657 εἷς
881 4589 1205 4649 διδάσκαλον
1263 4585 1736 4663 ἀπαρακαλύπτως
1796 4580 1987 4653 ἀνέδην

2111 4584 2234 4638 lere
2268 4578 2582 4652 praedicare
2612 4590 2740 4645 quae
2770 4589 2885 4628 non
2910 4576 3049 4627 sunt
3071 4572 3243 4642 bona,
3278 4588 3383 4628 nec
3417 4574 3767 4633 heterodoxa

341 4685 628 4760 κηρύσσειν
687 4684 754 4740 τὰ
804 4685 881 4758 μὴ
967 4680 1110 4737 καλᾶ
1164 4679 1255 4734 καὶ
1317 4672 1839 4754 ἔτεροδιδασκαλεῖν,
1898 4671 1996 4728 κᾶν

341 4757 590 4831 ἀπάντων
622 4757 922 4851 ἀνθρώπων
984 4771 1070 4843 εἴη
1134 4770 1162 4824 ὁ
1221 4767 1523 4844 χείριστος·
1556 4757 1991 4841 πεπληροφόρη-

334 4885 423 4919 ται
451 4865 553 4941 γὰρ
612 4861 808 4938 μηδενὶ
865 4865 977 4917 τῶν
1035 4860 1210 4933 ὀρθῶς
1251 4854 1618 4941 ἀκροωμένων
1647 4853 1993 4926 ἀποκεκρυμ-

337 4940 472 5027 μένα
525 4953 662 5008 εἶκαι
716 4953 786 5008 τά
839 4955 920 5023 τῷ
949 4953 1067 5022 Θεῷ
1099 4948 1413 5023 ἀρέσκοντα,
1468 4940 1616 4997 ἀλλὰ
1669 4943 1770 5009 τὴν
1826 4941 1995 5017 ὀρθὴν

334 5043 471 5118 πρὸς
502 5044 565 5098 τὸ
594 5041 765 5097 καλὸν
827 5037 951 5095 ὁδὸν
1007 5036 1307 5114 λεωφόρων
1365 5033 1657 5103 ἐκκεῖσθαι,
1714 5031 1806 5084 καὶ
1862 5036 1992 5118 πᾶσι

330 5117 631 5207 τρίϐεσθαι,
693 5130 792 5186 ὅσα
837 5130 928 5185 καὶ
981 5124 1330 5193 πλατυτάτην
1362 5120 1622 5195 ἀμαξιτὸν
1662 5124 1779 5181 τοῖς
1839 5117 1996 5173 εὐθέα

335 5221 625 5299 βλέπουσι.
663 5218 934 5277 Βλέπουσι
985 5214 1043 5271 δὲ
1072 5215 1267 5276 πάντες
1300 5213 1353 5268 oi.
1408 5209 1691 5270 πλείοντες
1723 5212 1858 5264 Θεοῦ
1888 5208 1991 5282 χά-

332 5331 468 5387 ριτι,
500 5308 570 5366 δι’
603 5310 665 5365 οὗ
694 5303 900 5364 ἔννοιαν
929 5306 1105 5362 κοιναὶ
1157 5303 1247 5359 καὶ
1306 5299 1554 5371 ἀξιώσεις
1583 5298 1652 5353 τὰ
1708 5301 1825 5362 θεῖα
1855 5295 1990 5372 πρό-

331 5420 542 5455 κεινται
572 5396 1030 5474 παραγγέλματα.

407 5510 481 5545 ια.
516 5472 699 5546 Ούκου
736 5472 1095 5557 ἀποϐλητέος
1153 5480 1243 5537 8ιά
1295 5484 1463 5534 ταῦτα
1519 5477 1645 5533 οόδὶ
1697 5477 1725 5531 ὁ
1784 5472 1992 5553 φαῦλος

329 5579 642 5651 ἄνθρωπος,
701 5575 746 5631 εἰ
803 5576 898 5631 τὸν
930 5575 1027 5648 μὶν
1063 5566 1336 5649 βόρϐορον
1366 5568 1454 5623 καὶ
1504 5568 1597 5623 τὸν
1628 5568 1728 5631 τῆς
1761 5563 1992 5639 σαπρίας

329 5665 504 5745 τρύγα
550 5666 687 5743 πρὸς
744 5668 823 5739 τῷ
879 5661 1108 5736 πυθμένι
1184 5665 1283 5730 τῆς
1334 5653 1557 5733 καρδίας
1613 5655 1857 5724 καθιστᾷ,
1916 5653 1992 5716 ὡς

331 5740 475 5833 μήτε
524 5740 649 5831 ὄψιν
706 5752 922 5825 λυπεῖν,
985 5754 1126 5827 μήτε
1181 5746 1382 5827 ὅσφραν
1426 5744 1771 5822 προπέμπειν
1805 5740 1992 5799 δυσέν-

2105 4664 2611 4739 docere,quamvis
2641 4661 2903 4719 omnium
2926 4660 3235 4717 hominum
3266 4668 3422 4717 esset
3444 4666 3760 4734 pessimus:

2105 4766 2311 4816 notum
2343 4760 2433 4812 est
2463 4753 2620 4810 enim
2656 4748 2877 4806 nemini
2910 4754 3062 4804 recte
3092 4750 3460 4806 audientium
3516 4753 3763 4810 abscon-

2104 4850 2227 4905 dita
2252 4861 2383 4902 esse
2414 4860 2542 4916 quas
2572 4841 2691 4897 Deo
2722 4838 2976 4911 placent,
3005 4839 3105 4893 sed
3138 4844 3355 4894 rectam
3407 4841 3479 4895 ad
3540 4842 3762 4899 bonum

2102 4939 2256 4993 viam
2278 4933 2439 4991 omni
2468 4937 2666 5003 patere
2690 4926 2924 4997 populo,
2958 4942 2992 4981 a
3017 4927 3367 4997 cunctisque
3396 4930 3528 4997 teri,
3590 4933 3763 5002 quasi

2103 5024 2509 5097 largissimum
2543 5020 2652 5074 iter
2682 5020 2835 5071 recte
2882 5014 3240 5070 videntibus.
3291 5015 3508 5072 Vident
3561 5023 3759 5077 autem

2105 5130 2309 5172 omnes
2343 5125 2588 5167 numero
2613 5106 2869 5176 majores
2900 5101 3091 5175 gratia
3124 5103 3245 5169 Dei,
3270 5120 3373 5175 per
3399 5123 3569 5176 quem
3626 5125 3760 5164 seu-

2103 5203 2298 5260 tentiis
2311 5212 2654 5257 communes
2674 5199 2732 5249 et
2747 5194 3026 5264 dogmata
3046 5198 3356 5263 protegunt
3372 5195 3571 5250 divina
3591 5211 3761 5254 man-

2104 5295 2260 5350 data.

2177 5471 2264 5527 tl.
2297 5468 2421 5526 Non
2456 5466 2640 5539 igitur
2664 5461 3021 5532 rejiciendus
3051 5464 3144 5516 est
3172 5463 3411 5532 propter
3463 5460 3580 5518 ista
3634 5479 3762 5522 ma-

2103 5561 2199 5618 lus
2229 5560 2427 5628 homo,
2459 5556 2506 5611 si
2533 5569 2764 5610 caenum
2804 5550 3042 5623 quidem
3099 5554 3157 5605 et
3212 5549 3387 5607 cariei
3444 5551 3641 5609 facem
3700 5555 3761 5612 in

2101 5647 2357 5724 pectoris
2388 5643 2679 5719 prefundo
2708 5638 2967 5712 deponit,
3001 5641 3069 5693 ut
3124 5655 3316 5711 neque
3371 5640 3564 5698 visum
3625 5659 3765 5700 con-

2101 5739 2358 5807 tristent,
2412 5750 2602 5806 neque
2659 5728 3070 5788 maleolentem
3144 5728 3417 5787 emittant
3500 5732 3763 5802 odorem,
