4082 6368
409 384 531 446 643
927 421 930 424 ~
1185 379 1610 442 USTHATII
1654 379 2423 444 THESSALONICENSIS
2469 380 3055 447 METROPOLITE
3713 387 3829 452 6M

410 515 655 573 scaturit
694 518 912 583 autem,
945 512 996 568 si
1035 511 1176 584 quid
1234 512 1381 566 forte
1427 511 1650 567 fontani
1690 511 2022 584 jucundiqu

2215 532 2419 584 ευκτον,
2473 508 2816 583 ἐξαναϐλῦζει
2875 511 2954 583 δὲ,
3009 513 3066 570 εἷ’
3101 515 3155 571 τί
3183 537 3289 572 που
3344 522 3602 594 κρηναῖον
3656 517 3827 594 ὕγρα-

409 605 674 662 humoris
699 604 1018 658 introrsum
1045 601 1497 667 commiscetur;
1533 617 1786 673 namque
1808 602 1880 657 de
1907 606 2021 657 terr

2210 622 2284 673 μα
2311 599 2416 671 ἡδὺ
2469 599 2619 657 ἔνδον
2676 599 3041 659 συλλείϐεται·
3101 603 3218 660 ἐπεί
3274 627 3358 661 τοι
3409 607 3498 662 καὶ
3548 609 3614 662 τὰ
3659 616 3819 685 γῆθεν

401 695 722 751 ebullentia
753 691 971 747 fervida
1004 692 1230 745 lavacra
1275 691 1549 744 deorsum
1610 691 1669 744 in
1731 691 1889 747 cavis
1949 709 2013 746 su

2207 685 2570 764 »ιϐραττόμενα
2646 693 2819 766 θερμὰ
2894 693 3098 767 λουτρὰ
3173 697 3320 750 κάτω
3401 696 3496 769 μὲν
3572 695 3622 751 ἐν
3700 704 3819 762 ταῖς

400 791 637 850 terram,
673 784 828 837 unde
859 786 1102 847 scatent,
1131 797 1269 848 non,
1297 785 1361 834 ut
1389 779 1638 848 videtur,
1663 781 1816 835 bona
1842 781 2012 836 foren‘

2204 779 2300 832 ατὰ
2354 785 2458 854 γῆν
2511 779 2748 843 κοιλίαις
2779 825 2792 850 ,
2855 783 2973 837 ὅθεν
3027 781 3380 838 ἐκκόπτουσιν
3441 785 3540 840 οὐκ
3594 785 3654 841 3':
3716 787 3816 842 εἶεν

404 876 505 930 sed
538 890 668 928 cum
698 872 767 926 ad
816 869 1156 924 exteriorem
1202 885 1393 923 aerem
1443 869 1745 925 efﬂuentia
1786 886 2016 925 excurre

2207 868 2380 941 ρηστά
2433 869 2506 930 ὡς
2572 868 2737 938 εἰκὸς,
2790 869 2880 925 ὅτε
2933 868 2990 926 δὲ
3052 871 3127 934 εἷς
3185 873 3278 927 τὸν
3333 871 3484 936 ἐκτὸς
3543 874 3673 946 ἀέρα
3729 874 3817 931 ἐκ·

402 971 563 1034 runt,
592 961 956 1019 accessibilia
983 959 1381 1031 salutariaque
1411 960 1583 1015 ﬁunt.

2209 956 2411 1030 »ἀμωσι
2476 957 2859 1034 μεταῤῥυέντα,
2914 961 3147 1035 προσιτὰ
3202 962 3291 1016 καὶ
3340 964 3584 1041 σωτήρια
3637 965 3821 1040 γίνον-

2155 1065 2265 1103 ται.

469 1210 555 1264 12.
590 1207 721 1262 Sine
744 1205 844 1278 qui
877 1205 1094 1259 bonum
1129 1200 1392 1274 loquitur
1423 1201 1606 1274 loqui,
1664 1200 1846 1257 veluti
1901 1220 2044 1276 puc-

2230 1200 2320 1274 ιβ’.
2377 1201 2545 1278 ’Ἄφες
2601 1202 2694 1257 τὸν
2750 1201 2812 1257 τὸ
2860 1203 3026 1259 καλὸν
3086 1202 3359 1260 λαλοῦντα
3415 1203 3628 1276 λαλεῖν,
3683 1208 3816 1264 ὡσεῖ

390 1315 521 1354 rum
555 1299 613 1352 in
641 1294 824 1352 sacris
855 1293 1152 1361 lectorem,
1181 1291 1503 1362 qualesque
1553 1291 1891 1363 palmiferos
1950 1292 2002 1348 in

2205 1289 2236 1343 ti
2299 1286 2516 1344 παιδίον
2576 1291 2968 1365 ἁναγνωστικὸν
3023 1293 3076 1348 έν
3124 1299 3240 1358 τοῖς
3271 1295 3463 1370 ἱεροῖς,
3527 1296 3691 1351 ὁποῖα
3748 1299 3817 1354 τὰ

386 1389 616 1454 fantes;
650 1389 706 1441 et
737 1400 852 1438 non
887 1381 1078 1438 solum
1104 1380 1400 1452 permitte,
1433 1380 1532 1434 sed
1565 1380 1740 1435 etiam
1775 1379 1952 1436 lauda
1982 1396 1998 1437 ε

2202 1378 2421 1455 ιϊοφόρα
2487 1381 2676 1449 νήπια·
2745 1380 2834 1436 καὶ
2896 1384 2971 1454 μή
3034 1382 3201 1455 μόνον
3283 1385 3432 1460 ἄφες,
3503 1384 3649 1441 ἀλλᾶ
3718 1389 3814 1442 καὶ

381 1477 601 1543 excita;
636 1479 700 1530 ut
730 1471 1168 1527 hisimmorans
1199 1469 1595 1535 sermonibus,
1629 1473 1685 1524 et
1715 1474 1993 1541 occupatu

2201 1463 2554 1542 εευλόγησον,
2603 1468 2691 1522 καὶ
2749 1467 3022 1544 έρέθισον,
3077 1468 3170 1525 ’ίνα
3228 1467 3581 1547 ἐμϐραδύνων
3628 1494 3813 1530 τοιου-

381 1581 650 1632 manens,
683 1568 738 1618 et
769 1562 840 1616 ad
874 1559 1017 1614 nihil
1042 1559 1200 1614 aliud
1245 1557 1549 1630 applicans
1603 1563 1857 1613 mentem
1918 1559 1993 1612 ni:

2195 1575 2266 1616 >ις
2300 1553 2512 1631 λόγοις,
2563 1558 2647 1610 καὶ
2711 1557 2956 1634 ἄσχολος
3017 1561 3214 1632 μένων,
3260 1562 3350 1615 καὶ
3407 1562 3544 1636 πρὸς
3607 1561 3807 1635 μηδενὶ

378 1657 449 1711 ad
481 1656 624 1710 bene
652 1651 1039 1722 loquendum,
1072 1647 1144 1702 ab
1175 1647 1400 1718 agendo
1423 1646 1575 1701 male
1597 1647 1853 1718 quodam
1883 1651 1990 1702 tem

2194 1643 2309 1717 έρῳ
2362 1643 2452 1697 τὸν
2505 1642 2772 1719 λογισμὸν
2833 1643 3001 1722 ἔχων,
3053 1646 3177 1703 ἀλλ’
3209 1648 3244 1716 ἢ
3280 1650 3449 1722 μόνον
3484 1650 3806 1726 χρηστολο-

378 1761 516 1818 pore
548 1742 859 1798 abstineat.
893 1737 1159 1792 Forsitan
1193 1740 1388 1790 autem
1440 1751 1568 1790 sese
1616 1735 1890 1807 corriget.
1923 1735 1990 1790 ali

2190 1736 2253 1785 ὧν
2292 1775 2305 1800 ,
2360 1731 2628 1808 ἀπέχηται
2687 1739 2784 1788 τοῦ
2861 1743 3230 1812 κακοπραγεῖν
3290 1738 3426 1811 πρὸς
3452 1739 3638 1813 καιρὸν
3668 1746 3802 1816 γοῦν

376 1834 611 1906 quando
641 1829 922 1895 sentiens,
953 1841 1307 1890 sermonem,
1345 1828 1406 1879 ut
1429 1825 1508 1879 ita
1529 1825 1742 1891 dicam,
1776 1826 1988 1897 dignur

2192 1843 2270 1877 να.
2333 1822 2508 1897 Τυχὸν
2573 1820 2630 1877 δὲ
2679 1825 2767 1878 καὶ
2817 1822 3169 1900 διωρθώσατο
3203 1828 3411 1896 ἑαυτὸν,
3468 1827 3801 1903 αἰσθόμενός

372 1940 440 1978 ex
475 1921 712 1991 indigno
754 1934 851 1973 ore
887 1933 948 1972 se
1006 1914 1284 1986 proferre.
1347 1913 1488 1978 Quis
1543 1914 1701 1969 enim
1765 1915 1924 1969 novit
1954 1931 1984 1969 a

2189 1931 2270 1964 οτε
2303 1908 2493 1984 λόγον,
2547 1911 2621 1972 ὡς
2674 1911 2847 1974 οὕτως
2892 1912 3087 1985 εἷ’πεῖν,
3142 1914 3286 1985 ἄξιον
3336 1915 3385 1989 ἒξ
3417 1915 3633 1989 ἀναξίου
3663 1938 3801 1995 προ-

369 2013 497 2084 ipse
520 2014 855 2065 sanctorum
887 2005 1198 2060 verborum
1233 2003 1561 2072 frequentia
1600 2003 1981 2058 sanctiﬁcetm

2185 2019 2279 2072 (ειν
2329 1998 2623 2070 στόματος.
2681 1999 2772 2063 Τίς
2825 2001 2925 2078 γὰρ
2983 2000 3150 2073 οἶδεν,
3201 2003 3245 2058 εί
3292 2006 3381 2060 καὶ
3415 2005 3580 2068 αὐτὸς
3638 2006 3797 2083 ἅγια-

369 2099 567 2156 virtuti
603 2098 905 2154 adhaerens
930 2099 986 2149 et
1012 2093 1095 2148 sic
1141 2092 1508 2148 assuefactus
1534 2090 1561 2144 ‘I
1592 2092 1660 2146 Et
1712 2091 1981 2163 discipuli

2182 2087 2281 2158 θείη
2313 2093 2392 2160 τῷ
2424 2093 2610 2164 συχνῷ
2659 2094 2757 2144 τοῦ
2805 2090 2962 2165 ἁγίου
3016 2092 3353 2170 φθέγματος,
3413 2093 3794 2169 ἐπακολουθή-

369 2192 570 2246 offeret
609 2205 670 2244 se
703 2195 981 2256 tanquam
1023 2182 1258 2252 aliquod
1318 2180 1581 2236 divinum
1641 2198 1981 2237 coronamen

2177 2199 2223 2240 ις
2257 2227 2272 2252 ,
2333 2180 2423 2234 καὶ
2483 2180 2626 2236 οὕτω
2686 2184 3012 2247 συνεθισθεὶς
3071 2182 3149 2245 εἷς
3202 2186 3301 2254 τὴν
3370 2186 3612 2260 ἀρετήν;
3687 2191 3789 2243 Καὶ

365 2285 422 2336 et
453 2279 614 2351 pium
640 2274 897 2348 perficiet
918 2288 1210 2341 acervum,
1237 2271 1337 2342 qui
1363 2270 1435 2325 ab
1458 2270 1571 2326 isto
1593 2286 1776 2340 grano
1799 2271 1977 2342 profet

2174 2270 2427 2342 ροσθήσει
2475 2275 2595 2332 τοῖς
2663 2272 2932 2344 μαθηταῖς
2991 2272 3178 2327 ἑαυτὸν
3233 2271 3307 2335 ὡς
3369 2273 3478 2328 οἶόν
3527 2295 3578 2329 τι
3637 2282 3786 2341 θεῖον

362 2374 420 2423 to
437 2365 855 2423 cumulabitur.
888 2362 1033 2426 Quid
1072 2359 1340 2432 prohibet
1370 2358 1670 2414 hominem
1702 2359 1786 2415 sic
1817 2360 1973 2414 divin

2171 2357 2450 2430 ιιροθίνιον,
2511 2358 2600 2412 καὶ
2661 2360 2834 2433 σωρὸν
2895 2361 3180 2437 ἀπαρτίσει
3233 2361 3486 2438 θεοφιλῆ,
3537 2365 3595 2426 ὅς
3637 2367 3783 2439 παρὰ

361 2463 419 2515 et
447 2453 775 2512 laudabilia
804 2455 861 2507 et
891 2452 962 2506 ab
984 2450 1260 2505 omnibus
1313 2448 1688 2503 audientibus
1747 2449 1973 2520 probate

2168 2465 2215 2498 να
2244 2450 2432 2501 τοῦτον
2465 2451 2653 2502 τοῦτον
2685 2444 2881 2503 κόκκον
2917 2450 3215 2525 σεσώρευτο
3258 2450 3335 2513 εἰς
3364 2450 3600 2514 ἀντελές.
3635 2460 3703 2510 ’Ἠ
3728 2455 3780 2510 τί

361 2549 668 2603 docentem
720 2540 1176 2609 omnimodeque
1241 2537 1721 2608 acceptissimum
1793 2538 1973 2608 puder

2159 2533 2325 2588 ωλύει
2384 2533 2666 2611 ἄνθρωπον
2729 2535 2872 2592 οὕτω
2933 2535 3254 2594 διδάσκοντα
3313 2541 3430 2595 θεῖα
3484 2542 3573 2596 καὶ
3625 2541 3771 2598 ἐπαι-

363 2650 595 2706 semper
617 2647 747 2687 esse
769 2628 1110 2685 mendacem
1129 2630 1305 2696 atque
1329 2624 1612 2680 absistere
1637 2641 1974 2696 semperess

2151 2622 2241 2676 ετὰ
2269 2624 2357 2678 καὶ
2402 2624 2541 2698 πρὸς
2593 2626 2842 2680 ἁπάντων
2904 2627 3183 2701 ἀκροατῶν
3241 2626 3634 2706 εὖλογούμενα,
3681 2633 3763 2686 καί

358 2723 655 2796 duplicem
689 2719 858 2775 aliter
891 2735 956 2772 ac
989 2719 1237 2787 oportet,
1268 2719 1323 2770 et
1353 2713 1566 2769 habere
1625 2715 1793 2770 taedio
1851 2731 1965 2786 quo

2143 2711 2388 2774 παντοίως
2441 2711 2807 2787 δεξιούμενον,
2867 2713 3173 2786 αἰδεσθῆναι
3234 2715 3524 2792 ψεύδεσθαι
3579 2717 3755 2774 διόλου

354 2815 558 2884 lingua
588 2810 827 2882 quidem
862 2805 1099 2878 fulgeat,
1138 2805 1236 2860 sed
1274 2803 1471 2858 animo
1526 2803 1873 2859 tenebrosus
1931 2821 1966 2859 s‘

2149 2803 2331 2872 αυτὸν,
2416 2803 2507 2858 καὶ
2591 2804 2944 2876 ἀπείπασθαι,
3005 2803 3234 2862 διπλοῦν
3297 2809 3432 2863 εἶναι
3489 2809 3571 2865 ἀεὶ
3625 2808 3761 2883 παρὰ

353 2913 780 2970 sermonesque
813 2897 1090 2968 proferat,
1119 2892 1338 2964 quibus
1363 2897 1685 2947 mereretur
1706 2909 1965 2948 coronan

2155 2892 2180 2945 ὸ
2239 2889 2381 2965 δέον,
2439 2893 2529 2948 καὶ
2586 2894 2812 2960 ὀκνῆσαι
2867 2899 2935 2970 τῇ
2965 2895 3191 2972 γλώσσῃ
3255 2897 3350 2970 μὲν
3397 2897 3767 2973 προλάμπειν,

351 2993 450 3048 sed
476 3005 653 3062 opera
674 2986 980 3060 producat,
1011 2998 1262 3055 quorum
1297 2998 1468 3053 pinna
1496 2982 1639 3038 foret
1669 2982 1860 3055 ipsius
1909 2998 1963 3039 ca

2154 2983 2448 3036 τκοτῶσθαι
2509 2980 2566 3037 δί
2619 2985 2686 3038 τὰ
2743 2983 2794 3046 ές
2849 2986 2948 3053 τὴν
2999 2988 3207 3059 ψυχήν·
3263 2985 3353 3040 καὶ
3411 2983 3610 3062 λόγους
3672 2986 3766 3060 μὲν

347 3081 484 3157 pitis
521 3073 861 3135 abscissio?
2112 3072 2427 3147 προφέρειν,
2488 3069 2535 3126 δ’
2591 3074 2664 3127 ὧν
2715 3075 3102 3149 καταστέφοιτο
3134 3072 3217 3142 ἃν,
3273 3071 3406 3145 ἔργα
3453 3071 3510 3128 δὲ
3534 3074 3769 3151 προφαίο

2109 3181 2240 3230 νειν,
2275 3161 2347 3215 ὧν
2379 3160 2602 3234 τίμημα
2630 3161 2719 3215 καὶ
2752 3161 2918 3230 αὐτῆς
2945 3157 3189 3234 κεφαλῆς
3217 3159 3492 3236 ἀφαίρεσις
3521 3179 3534 3229 ;

426 3325 510 3381 13.
547 3323 840 3378 Habemus
873 3321 928 3373 et
955 3313 1264 3372 historiam
1307 3331 1434 3385 quas
1478 3314 1658 3370 tradit
1716 3330 1823 3368 nec
1871 3329 1997 3368 esse
2031 3286 2038 3330 ⁴

2185 3319 2272 3386 ιγ’.
2321 3314 2562 3387 Ἔχομεν
2615 3313 2704 3365 καὶ
2752 3309 2990 3385 ἱστορίαν
3037 3306 3462 3384 παραδιδοῦσαν,
3515 3311 3590 3372 ὡς
3651 3309 3755 3364 οὐκ

345 3409 892 3487 reprehendendum
913 3421 1047 3462 eum
1071 3403 1166 3474 qui
1190 3401 1503 3458 laudabilia
1516 3401 1753 3472 quidem
1770 3400 1957 3470 eloqui

2143 3421 2214 3453 ru
2287 3401 2465 3474 ψέγειν
2543 3395 2669 3452 οὐδὲ
2744 3398 2834 3452 τὸν
2905 3396 3266 3474 φθεγγόμενον
3348 3397 3442 3470 μὲν
3513 3397 3755 3473 ἐνάρετα,

345 3483 465 3573 tur,
499 3503 598 3558 sed
623 3501 696 3554 de
717 3495 940 3553 caeteris
984 3509 1096 3546 non
1132 3492 1214 3546 ita
1272 3489 1467 3544 sentit.
1522 3489 1696 3542 Illum
1752 3489 1957 3559 quidet

2144 3492 2404 3561 ρονοῦντα
2434 3484 2491 3542 δὲ
2548 3486 2629 3541 ἐπ’
2660 3483 2857 3547 ἄλλοις
2905 3485 3012 3562 οὐχ
3043 3485 3206 3544 οὕτω.
3243 3486 3339 3541 Καὶ
3370 3486 3462 3541 τὸν
3497 3487 3591 3560 μὶν
3634 3487 3755 3542 ἐσύ-

343 3593 638 3670 posterius
667 3586 968 3643 hominem
993 3595 1248 3644 sacrum,
1282 3576 1785 3648 quipostquamin
1821 3576 1948 3630 ﬁrm

2143 3596 2286 3651 τερον
2346 3576 2489 3650 ἱερὸν
2547 3574 2710 3652 ἄνδρα
2765 3574 2989 3647 ἐκεῖνον,
3045 3575 3103 3638 ὅς
3163 3574 3500 3653 ἐσφαλμένος
3557 3577 3630 3630 ὥν
3685 3577 3755 3632 τὰ

339 3662 454 3741 iide
479 3675 891 3737 vacillavisset,
927 3675 1182 3724 attamen
1216 3665 1547 3720 necessario
1578 3681 1858 3735 magnum
1930 3665 1942 3718 i

2143 3685 2153 3726 ;
2185 3665 2398 3743 ἀσφαλῆ
2433 3665 2632 3733 πίστιν,
2663 3666 2816 3738 ὅμως
2879 3664 3183 3739 ἀναγκαίως
3243 3664 3318 3727 εἰς
3382 3664 3544 3742 μέγαν
3580 3685 3755 3740 προη-

338 3776 634 3830 doctorem
669 3765 972 3835 provectus
1002 3759 1112 3820 est,
1147 3755 1378 3808 ﬁrmato
1404 3753 1558 3823 quod
1588 3752 1715 3823 ipse
1746 3753 1950 3824 quidet

2137 3744 2266 3829 έχθη
2358 3752 2705 3826 διδάσκαλον,
2778 3756 3026 3828 κυρώσας
3101 3753 3262 3816 αὐτὸς
3341 3755 3434 3826 μὲν
3509 3760 3749 3832 φρονεῖν,

338 3859 636 3932 cogitaret,
669 3861 1055 3923 quaecumque
1086 3843 1419 3932 cogitasset,
1472 3858 1587 3932 non
1629 3847 1821 3897 autem
1881 3843 1950 3897 Ec

2140 3864 2228 3898 ιτα
2289 3843 2349 3898 ἃν
2407 3846 2496 3898 καὶ
2540 3844 2796 3922 φρονοίη,
2851 3843 2910 3896 ἂν
2961 3845 3037 3916 μὴ
3069 3841 3126 3898 δὲ
3157 3841 3490 3922 διαστρέφειν
3521 3845 3622 3913 τὴν
3653 3849 3752 3899 τοῦ

337 3930 578 4008 clesiam
615 3941 710 3997 Dei
759 3937 1129 4009 perverteret,
1186 3931 1287 3986 sed
1338 3935 1496 3985 recta
1561 3931 1813 3997 doceret,
1869 3948 1949 3986 no

2139 3937 2227 3988 εοῦ
2259 3931 2611 4002 Ἐκκλησίαν,
2670 3932 2816 3987 ἀλλὰ
2873 3930 3138 3987 διδάσκειν
3192 3933 3260 3987 τὰ
3318 3933 3471 4010 ὀρθὰ,
3531 3931 3631 3987 οὐκ
3685 3932 3749 3988 ἂν

334 4036 527 4096 fusius
569 4029 846 4088 historico
899 4039 1060 4079 more
1115 4021 1456 4092 producam.
1515 4020 1623 4075 Sed
1683 4019 1793 4075 hoc
1859 4037 1946 4074 ser

2141 4031 2170 4083 ’ς
2228 4020 2396 4077 πλέον
2455 4021 2663 4085 πλάτος
2725 4022 2938 4092 έκθείην
3006 4027 3343 4096 καθιστορῶν
3379 4065 3392 4079 .
3459 4027 3632 4077 Τοῦτο
3691 4020 3753 4078 δὲ

331 4126 492 4186 moni
526 4126 762 4197 propter
791 4131 986 4171 veram
1019 4109 1397 4184 praesentium
1457 4109 1772 4164 utilitatem
1831 4109 1943 4180 adji

2139 4111 2386 4182 ροσθείην
2441 4116 2520 4184 τῷ
2577 4111 2732 4187 λόγῳ
2761 4109 2850 4165 διὰ
2903 4111 2965 4165 τὸ
3021 4111 3159 4165 πάνυ
3188 4116 3304 4173 τοῖς
3335 4115 3567 4188 παροῦσι
3600 4115 3751 4187 χρή⁴

329 4221 503 4288 ciam,
536 4211 692 4287 quod
720 4208 837 4278 ille,
859 4203 960 4277 qui
987 4201 1224 4274 quidem
1258 4201 1420 4253 intus
1453 4215 1567 4254 non
1599 4203 1724 4254 erat
1765 4200 1941 4255 bonus

2134 4221 2271 4272 ιμον,
2327 4199 2410 4254 ὅτι
2469 4201 2559 4255 καὶ
2616 4199 2820 4262 ἐκεῖνος
2880 4201 2908 4255 ὁ
2963 4205 3030 4255 τὰ
3087 4199 3193 4254 ἔσω
3252 4201 3346 4274 μὲν
3391 4200 3490 4254 οὐκ
3522 4199 3746 4276 ἀγαθὰς,

325 4311 387 4366 in
420 4287 661 4363 haeresis
702 4315 817 4356 non
849 4294 1098 4350 laudatae
1121 4289 1368 4346 scientia
1398 4305 1639 4359 prorsus
1685 4295 1937 4345 versatus

2137 4289 2260 4360 άντη
2322 4289 2642 4364 ἐπιστήμων
2700 4290 2838 4344 κατὰ
2894 4287 3094 4364 α’ίρεσιν
3157 4291 3258 4344 οὐκ
3303 4287 3700 4362 έπαινουμένην
3735 4336 3749 4360 ,

326 4401 387 4456 in
417 4398 513 4453 his
557 4397 751 4449 autem
803 4402 930 4458 quae
963 4387 1103 4438 sunt
1154 4387 1334 4445 extra,
1397 4379 1586 4434 bonus
1629 4384 1773 4446 erat,
1825 4379 1938 4436 aliu

2137 4381 2150 4432 ἱ
2182 4376 2239 4432 δὲ
2268 4377 2419 4442 ἐκτὸς
2471 4379 2690 4454 ἀγαθὸς,
2725 4375 2898 4440 ἄλλος
2933 4375 3263 4440 διδάσκαλος
3304 4377 3524 4453 ὕστερον
3558 4378 3749 4452 χρόνῳ

323 4491 528 4562 postea
559 4485 759 4538 doctor
789 4476 1086 4530 correctus
1125 4473 1234 4562 est,
1264 4473 1320 4521 et
1349 4467 1754 4562 duplicitatem
1815 4470 1874 4524 in
1916 4489 1935 4524 r

2131 4468 2458 4540 prtiiboa'co,
2489 4468 2578 4522 καὶ
2634 4468 2732 4536 τὴν
2767 4464 2817 4520 ἐν
2853 4466 2915 4520 οὐ
2969 4464 3144 4522 δέοντι
3208 4465 3442 4536 διπλόην
3481 4467 3743 4538 μονάσας,

323 4551 439 4634 non
474 4573 670 4629 debita
701 4567 986 4622 reducens
1019 4560 1090 4613 ad
1123 4555 1436 4624 unitatem,
1463 4560 1526 4610 ut
1555 4556 1817 4624 decebat,
1863 4559 1935 4612 mi

2139 4575 2162 4614 ς
2241 4551 2492 4627 ἔπρεπεν,
2571 4553 2784 4622 ἀπῆλθε
2851 4553 3012 4631 φίλος
3087 4555 3435 4630 παραστάτης
3502 4558 3619 4625 Θεῷ
3669 4558 3742 4628 τῇ

323 4668 407 4723 les
434 4665 550 4720 Deo
583 4673 755 4715 carus
789 4651 993 4717 evasit,
1027 4647 1227 4717 lingua
1259 4643 1465 4698 melior
1495 4643 1754 4712 effectus,
1788 4650 1845 4700 et
1876 4664 1935 4718 pe

2130 4640 2306 4717 λώττῃ
2347 4641 2686 4717 βελτιωθεῖς,
2716 4642 2807 4697 καὶ
2839 4641 2909 4697 δι’
2939 4644 3108 4714 αὐτῆς
3164 4645 3262 4699 ὅσα
3317 4642 3408 4698 καί
3454 4664 3601 4704 τινος
3652 4645 3742 4698 ἁν-

320 4772 471 4820 eam,
504 4747 673 4822 quasi
709 4761 810 4816 per
856 4735 1248 4794 hauritorium
1296 4748 1366 4786 ex
1413 4730 1698 4822 interiore
1756 4734 1932 4803 reject

2129 4739 2357 4805 int-ﬁco;
2391 4731 2584 4809 ἐκχέας
2641 4734 2738 4800 τήν
2767 4730 2918 4788 ἔνδον
2969 4733 3114 4801 ἰλὺν,
3147 4731 3217 4787 δι’
3247 4733 3315 4802 ἧς
3345 4733 3409 4787 τὸ
3440 4731 3608 4788 καλὸν
3635 4740 3741 4802 τῆς

318 4815 475 4910 faece,
510 4815 628 4913 qua
657 4815 809 4891 bona
838 4825 1116 4913 doctrina
1144 4837 1310 4913 aqua
1328 4820 1685 4913 reddebatur
1713 4822 1930 4913 inutilis

2124 4815 2432 4883 ,δασκαλίας
2465 4822 2766 4896 ἠχρειοῦτο
2798 4819 2966 4897 ὕδωρ.
3027 4821 3095 4878 Ei
3154 4819 3210 4876 δέ
3264 4841 3346 4882 τις
3376 4821 3736 4898 ἀνθυποφέρει

317 4935 375 4990 Si
405 4905 545 4988 vero
575 4925 708 4998 quis
739 4916 942 4990 objicit
970 4912 1139 4967 illum
1173 4909 1412 4980 quidem
1436 4908 1517 4963 ita
1537 4909 1691 4964 bona
1721 4911 1929 4966 fruitur

2120 4915 2284 4964 ιεῖνον
2341 4911 2436 4982 μὲν
2485 4910 2628 4966 οὕτω
2687 4917 2787 4980 τῆς
2816 4911 3018 4987 ἀγαθῆς
3042 4909 3296 4986 γλώττης
3350 4905 3595 4977 ὄνασθαι,
3657 4911 3732 4984 μὴ

317 5039 445 5080 esse
475 4994 700 5089 lingua,
725 5009 827 5066 sed
860 5021 975 5059 non
1007 5000 1189 5056 alium
1243 4999 1560 5067 quemdam
1601 5015 1730 5055 esse
1785 4999 1929 5056 tale:

2119 5021 2135 5051 ν
2194 4996 2251 5053 δὲ
2307 5001 2441 5054 εἶναι
2499 5000 2588 5054 καὶ
2617 4999 2800 5076 ’ἐτερόν
2845 5021 2961 5055 τινα
2989 5005 3237 5055 τοιοῦτον
3268 4994 3565 5069 ἀποϐῆναι,
3595 5000 3731 5054 ἁπο-

314 5088 651 5170 evasurum,
688 5095 926 5155 fortuito
955 5089 1239 5160 loquitur,
1271 5091 1327 5141 et
1361 5092 1597 5158 propter
1628 5092 1920 5160 paradoxo

2115 5088 2438 5163 ληρωτικῶς
2489 5089 2660 5165 λέγει,
2709 5091 2800 5144 καὶ
2859 5088 2948 5145 διὰ
3000 5090 3063 5146 τὸ
3119 5088 3423 5167 παράδοξον
3459 5095 3559 5159 τῆς
3597 5090 3727 5144 ὑπο-

311 5203 492 5273 hujus
525 5185 946 5269 propositionis
976 5178 1188 5273 thesim
1221 5176 1491 5273 inutilem
1533 5182 1590 5273 et
1623 5178 1923 5273 instabile!

2111 5180 2298 5252 νίψεως
2349 5179 2550 5251 ταύτης
2597 5179 2744 5256 τάχα
2800 5179 2858 5234 ἂν
2913 5181 3052 5235 θέσιν
3116 5182 3382 5260 φυλάττοι
3421 5179 3510 5234 καὶ
3558 5177 3717 5244 αὐτὴν

312 5266 458 5348 ἴοι-ἰθ
470 5266 827 5343 defenderet.
843 5274 968 5329 Non
984 5268 1139 5324 enim
1165 5266 1500 5337 Opinionem
1532 5267 1924 5339 impossibile;

2100 5267 2295 5343 χρείαν
2328 5269 2417 5324 καὶ
2450 5271 2880 5345 άσυνηγόρητον.
2938 5268 3073 5326 Οῦτε
3122 5272 3223 5348 γὰρ
3283 5268 3540 5326 ἀδυνάτου
3591 5284 3712 5318 κατ-

310 5397 376 5435 ac
406 5379 468 5432 in
497 5375 767 5431 eventum
797 5357 1136 5420 testimonio
1162 5355 1468 5426 probatum
1503 5373 1616 5411 non
1649 5359 1922 5414 adducta:

2103 5366 2367 5436 πιχειρεῖν
2429 5359 2600 5424 ἐθέλει
2663 5359 2823 5434 δόξης
2861 5405 2875 5431 ,
2932 5364 3021 5416 καὶ
3078 5361 3203 5417 οὐδὲ
3281 5355 3715 5429 ἀπενηνεγμένης

306 5468 432 5522 vult
455 5474 818 5534 oppugnare.
851 5452 1064 5506 Adeste
1085 5445 1266 5534 enim,
1299 5461 1505 5534 omnes
1547 5445 1620 5534 ab
1677 5449 1918 5503 exterior

2109 5449 2148 5510 ῖς
2207 5451 2516 5526 ἀμάρτυρον
2575 5445 2890 5507 ἁπέκϐασιν.
2953 5456 3112 5506 Δεῦτε
3167 5452 3291 5528 γὰρ,
3345 5451 3390 5504 ὦ
3447 5446 3640 5506 πάντες
3669 5444 3721 5498 οἳ

309 5554 416 5610 viri
447 5531 667 5616 selecti,
701 5555 954 5618 quorum
986 5534 1046 5590 ni
1095 5531 1189 5588 his
1247 5549 1374 5603 qua
1430 5533 1564 5588 fidei
1625 5539 1766 5589 sunt
1823 5535 1921 5591 lice

2110 5540 2381 5614 Ξωτερικοὶ
2467 5538 2714 5618 λογάδες,
2788 5543 2860 5595 ὧν
2917 5540 3252 5618 ἀλλοφύλων
3305 5542 3373 5595 τὰ
3431 5537 3484 5600 ές
3541 5535 3722 5590 πίστιν

307 5642 658 5699 alienorum,
692 5631 850 5688 mille
877 5633 1076 5684 tamen
1107 5619 1285 5676 rectis
1324 5621 1608 5679 doctrinis
1658 5639 1790 5679 cum
1852 5626 1919 5681 de

2109 5648 2236 5683 I‘ttov
2293 5631 2447 5703 ὅμως
2496 5627 2871 5693 διδασκαλίαις
2952 5630 3170 5708 μυρίαις
3229 5630 3404 5706 ὀρθῶς
3458 5623 3721 5703 ἐχούσαις

305 5733 465 5789 tectu
491 5723 754 5791 student.
771 5719 852 5791 pii
896 5715 1164 5781 lectores,
1216 5712 1274 5765 et
1329 5710 1494 5783 ipsas
1541 5713 1917 5785 producente:

2109 5717 2440 5792 ιμελετῶσιν
2517 5717 2809 5796 ἐπιλέγδην
2871 5720 2922 5774 οἱ
2981 5720 3264 5799 θεόφρονες
3337 5715 3721 5793 ἁναγνῶσθαι,
