4082 6372
310 420 432 479 645

1320 412 1399 474 IN
1443 410 1509 475 S.
1552 407 2231 484 QUADRAGESIMAM
2279 408 2573 474 ORATIO
2616 411 2727 475 III.

3611 418 3732 479 646

308 549 401 604 xui
460 546 629 610 αὐτὰς
651 543 1008 620 προάγοντες,
1044 540 1350 620 βελτιοῦσιν
1400 539 1508 605 ἕως
1537 539 1629 598 καὶ
1673 539 1792 617 ἄρτι
1838 538 1968 605 τοὺς

2083 541 2350 599 meliores
2380 561 2568 616 usque
2596 561 2755 602 nunc
2808 546 3106 603 auditores
3139 547 3393 618 faciunt;
3429 565 3560 622 qua
3592 551 3731 622 qui-

308 639 608 717 ἀκροατάςο
660 636 695 691 ’ὰ
748 636 843 710 μὲν
903 635 1100 690 ἐκεῖνοι
1177 632 1365 698 ἄλλως
1434 629 1717 711 έφρὸνουν,
1776 652 1968 706 παρω-

311 728 595 803 θοόμενοι,
625 726 693 782 τὰ
723 724 910 781 πολλὰ
940 722 997 779 δὲ
1034 724 1125 779 xui
1168 722 1613 799 κασαχωννύντες
1664 723 1814 798 βυθῷ
1864 718 1969 791 λή-

312 831 431 891 θης·
463 816 499 872 ’ἀ
557 814 616 871 δὲ
669 816 807 889 πρὸς
865 813 1138 889 ὀρθότητα
1184 811 1441 881 ἐλάλουν,
1493 813 1852 887 ἐγκρίνοντες,
1879 808 1969 864 καὶ

314 910 391 974 ὡς
437 907 496 962 ἐκ
543 903 849 981 βαθυτάτης
892 901 1090 981 τέφρας
1140 909 1243 971 τῆς
1285 905 1393 956 τῶν
1451 900 1621 966 ἀθέων
1682 900 1972 979 φρονημά-

314 1019 423 1055 των
486 993 706 1069 ζώπυρά
773 1013 895 1048 τινα
966 988 1245 1065 ἐπιμελῶς
1304 990 1720 1070 ἀναλεγόμενοι,
1776 988 1846 1044 δι’
1896 990 1970 1043 ῶν

318 1086 633 1143 ἀνάπτονται
686 1081 777 1137 καὶ
822 1086 977 1157 φῶτα
1032 1079 1263 1157 βιωτικὰ
1305 1079 1397 1135 καὶ
1446 1077 1777 1157 φιλοσοφίας
1834 1098 1973 1155 φρυ-

322 1173 545 1250 κτωρίαι
577 1172 868 1247 σωτήριοι,
894 1167 989 1224 *ίνα
1033 1170 1169 1224 κατὰ
1213 1167 1304 1223 τὸν
1350 1164 1672 1241 Ψαλμῳδὸν
1703 1163 1975 1221 κάνταῦθα

319 1265 392 1327 ὡς
424 1263 476 1319 ἐν
512 1260 689 1316 σκότει
746 1256 1239 1333 ἐξανατελλόμενον
1292 1254 1377 1328 εἴη
1438 1261 1552 1335 φῶς
1607 1262 1724 1319 τοῖς
1785 1253 1972 1333 διορᾷν

318 1351 618 1409 ἐθέλουσιν.

389 1474 474 1533 ιδ’.
528 1472 743 1533 Ἐατέον
797 1469 888 1528 οὖν
946 1468 1036 1527 διὰ
1088 1475 1256 1526 ταῦτα
1304 1470 1396 1526 καὶ
1446 1471 1541 1527 τὸν
1600 1470 1851 1526 ὁπωσοῦν
1906 1468 1974 1524 τά

311 1565 390 1628 εἰς
453 1563 651 1640 ἀρετὴν
716 1559 1038 1617 διδάσκοντα
1100 1562 1437 1639 φθέγγεσθαι,
1484 1560 1575 1615 καὶ
1645 1559 1786 1613 οὕτω
1844 1556 1971 1634 βελ-

307 1659 460 1712 τιοῦν
519 1652 647 1715 τοὺς
707 1651 1022 1723 ἀκούοντας,
1076 1650 1165 1706 καὶ
1239 1647 1609 1723 ἀναπεμπτέον
1672 1648 1836 1724 εὐχὰς
1891 1652 1971 1719 τῷ

315 1747 455 1818 Θεῷ,
487 1744 860 1818 ἐπαναχθῆναι
911 1742 1001 1797 καὶ
1061 1740 1219 1796 αὐτὸν
1280 1740 1354 1803 εἷς
1403 1740 1613 1796 τέλειον
1661 1740 1851 1793 πιστὸν
1883 1736 1971 1793 ἄν·

317 1851 553 1914 θρωπον,
601 1832 740 1897 καθὰ
805 1831 894 1887 καὶ
954 1828 1164 1893 ἄλλους
1221 1830 1386 1885 αὑτοῦ
1448 1829 1715 1904 μαθητὰς,
1772 1826 1864 1890 οὓς
1919 1826 1970 1899 ἐξ

2079 632 2210 686 dem
2244 632 2327 687 illi
2360 650 2474 688 non
2506 633 2589 689 ita
2618 635 2969 704 sentiebant,
3002 635 3328 708 rejioientes
3354 642 3412 693 et
3468 639 3729 711 plerum-

2080 737 2193 791 que
2250 723 2543 793 profunda
2612 723 2960 796 sepelientes
3026 724 3317 781 oblivione
3366 743 3381 795 ;
3442 729 3539 783 sed
3597 746 3725 801 quis

2071 810 2245 881 juxta
2299 811 2714 869 rectitudinem
2817 814 3244 887 loquebantur,
3304 816 3726 888 discernentes,

2081 905 2137 954 et
2167 899 2323 956 velut
2355 917 2423 956 ex
2454 902 2916 973 profundissimo
2948 904 3368 976 cogitationum
3407 906 3727 979 impiarum

2081 989 2275 1045 cinere
2304 991 2591 1061 quaedam
2624 992 2829 1048 sedulo
2859 994 3215 1065 excipientes
3258 995 3566 1064 scintillas,
3599 998 3730 1069 qui-

2082 1079 2194 1135 bus
2225 1078 2626 1136 accenduntur
2645 1082 2774 1137 vitas
2797 1081 3024 1137 lumina
3049 1082 3458 1154 salutaresque
3479 1086 3733 1157 philoso-

2082 1167 2231 1240 phia
2276 1168 2454 1239 faces,
2515 1173 2600 1237 ut,
2652 1171 2977 1226 secundum
3036 1172 3409 1230 Psalmistam
3444 1175 3507 1243 “,
3558 1179 3615 1231 et
3645 1176 3729 1232 ibi

2081 1261 2366 1329 tanquam
2400 1257 2460 1313 in
2479 1260 2736 1316 tenebris
2757 1265 2952 1317 ortum
2974 1261 3051 1318 sit
3080 1261 3278 1318 lumen
3304 1262 3499 1320 videre
3530 1265 3729 1322 volen-

2081 1345 2264 1402 tibus.

2154 1473 2240 1528 14.
2276 1473 2737 1531 Permittendum
2768 1478 2858 1531 est
2885 1475 3068 1548 igitur
3118 1481 3355 1550 propter
3382 1478 3505 1536 haec
3536 1479 3730 1554 illum,

2084 1562 2185 1634 qui
2216 1562 2701 1636 qualitercumque
2730 1565 2899 1621 docet
2956 1582 3024 1621 ea
3082 1584 3208 1639 qua
3254 1567 3530 1625 virtutem
3563 1588 3730 1643 spec-

2082 1656 2232 1718 tant,
2262 1652 2445 1724 loqui,
2505 1654 2708 1726 sicque
2764 1654 3034 1711 meliores
3092 1656 3280 1712 facere
3308 1658 3642 1719 auditores:
3676 1666 3734 1718 et

2081 1741 2155 1796 ad
2187 1741 2371 1797 Deum
2406 1742 2702 1798 mittenda:
2722 1746 2862 1799 sunt
2893 1750 3186 1816 preces,ut
3215 1749 3271 1802 et
3300 1746 3426 1818 ipse
3457 1749 3733 1806 sublime-

2082 1834 2180 1885 tur
2209 1831 2281 1886 ad
2341 1830 2661 1902 perfectum
2711 1832 2843 1888 fidei
2908 1832 3232 1904 hominem,
3285 1835 3438 1892 sicut
3495 1841 3553 1893 et
3582 1838 3730 1895 alios

313 1921 613 2002 ἀλλοτρίου
662 1915 803 1977 ἔστιν
856 1921 919 1975 οὗ
970 1918 1180 1999 σοφίζει
1219 1919 1511 1993 σώματος’
1567 1917 1683 1974 ἐπεί
1735 1938 1822 1972 τοι
1880 1916 1968 1972 καὶ

2083 1918 2268 1991 ipsius
2297 1919 2642 1993 discipulos,
2674 1938 2822 1992 quos
2867 1921 3185 1995 aliquando
3241 1924 3386 1981 forte
3441 1942 3510 1982 ex
3540 1927 3737 1984 alieno-

313 2012 534 2088 ἀνόμων
591 2012 741 2084 ἡμᾶς
801 2004 1286 2081 ὑπερεδυνάμωσαν
1321 2003 1475 2081 λόγοι
1506 2005 1642 2061 κατὰ
1670 2007 1769 2075 τὴν
1822 2004 1966 2078 ἱερὰν

316 2104 470 2181 ῥῆσιν
527 2101 618 2157 καὶ
676 2100 957 2175 ἐξήγησιν,
996 2097 1230 2172 τοιούτῳ
1279 2095 1337 2152 δὲ
1380 2096 1530 2174 λόγῳ
1586 2096 1676 2152 xui
1735 2094 1970 2171 χαλκὲες

318 2190 625 2271 ἀλλόφυλοι
682 2189 750 2245 τὰ
807 2187 953 2243 ὅπλα
1006 2188 1271 2262 ἐστόμουν
1327 2192 1450 2249 τοῖς
1498 2190 1594 2241 τοῦ
1627 2184 1869 2262 Ἰσραὴλ,
1898 2181 1969 2239 δι’

322 2283 395 2336 ὢν
451 2282 502 2337 οἱ
554 2278 745 2350 νοητοὶ
802 2275 1065 2349 πολέμιοι
1121 2275 1212 2331 καὶ
1259 2271 1486 2331 ἔπιπτον
1545 2274 1635 2330 καὶ
1686 2274 1966 2330 πίπτουσι.

319 2368 515 2443 Τοιᾷδέ
541 2389 645 2423 τινι
677 2366 857 2439 ἐννοίᾳ
886 2366 976 2422 καὶ
1034 2366 1125 2420 τὸν
1157 2367 1321 2440 μέγαν
1357 2367 1593 2434 Μωϋσῆν
1650 2364 1965 2437 ἐστόμωσαν

318 2460 402 2517 ἐπ’
430 2458 709 2538 ἀμφότερα
805 2477 864 2511 τε
893 2452 1130 2535 φιλτάτη
1186 2455 1277 2509 xui
1341 2456 1526 2530 μήτηρ
1579 2453 1669 2508 καὶ
1725 2454 1966 2525 τιθηνὸς,

312 2554 346 2622 ἡ
379 2548 675 2619 πιστοτάτη
724 2541 969 2620 Ἑϐραία,
1001 2546 1091 2600 καὶ
1139 2545 1173 2615 ἠ
1226 2542 1414 2609 ἄλλως
1459 2541 1738 2623 φιλήσασα
1796 2541 1967 2599 ἀλλό-

309 2639 486 2718 φυλὸς
535 2638 587 2709 ἐξ
645 2634 965 2711 Αἲγυπτίων
1025 2633 1309 2711 βασίλισσα
1342 2654 1355 2668 σ
1410 2633 1593 2707 νόημα
1644 2639 1745 2688 πᾶν
1802 2631 1964 2705 αὕτη,

311 2724 629 2806 ἀλλόφυλον
693 2725 813 2799 μὲν,
875 2722 1175 2801 βασιλικῶς
1256 2720 1314 2777 δὲ
1391 2721 1771 2800 ὑπερκείμενον
1855 2726 1964 2777 τῶν

315 2816 605 2894 ὁμοειδῶν.

397 3023 473 3080 ιε’.
507 3023 670 3097 Ἔχοι
701 3018 759 3075 δὲ
804 3016 865 3075 ἄν
919 3041 1002 3083 τις
1029 3019 1121 3075 καὶ
1145 3016 1346 3093 τοιῷδε
1394 3016 1547 3096 λόγῳ
1578 3012 1966 3095 προσϐιϐάζειν

319 3112 395 3175 εἰς
453 3109 737 3188 ἑρμηνείαν
812 3109 900 3165 καὶ
960 3113 1066 3165 τῶν
1123 3113 1221 3165 τοῦ
1278 3107 1574 3184 ἱερωτάτου
1626 3106 1967 3185 Εὐαγγελίου

311 3200 413 3257 τό·
472 3224 502 3252 ‹‹
558 3196 933 3258 Εἶσελεόσεται
962 3239 977 3267 ,
1035 3197 1125 3252 καὶ
1205 3196 1557 3268 ἐξελεύσεται,
1617 3196 1707 3251 καὶ
1791 3196 1968 3269 νομὴν

2083 2026 2180 2065 ore
2211 2010 2414 2077 docet;
2446 2009 2740 2081 siquidem
2771 2014 2828 2067 et
2849 2010 3186 2084 iniquorum
3216 2014 3386 2070 nobis
3412 2016 3731 2088 praavalue-

2079 2103 2221 2153 runt
2247 2114 2550 2155 sermones
2606 2101 2933 2155 secundum
2979 2117 3207 2157 sacram
3262 2102 3643 2163 directionem
3674 2111 3733 2165 et

2080 2187 2525 2259 expositionem,
2556 2188 2659 2244 tali
2689 2205 2822 2244 vero
2854 2189 3076 2246 ratione
3134 2191 3322 2248 aerarii
3352 2209 3422 2248 ex
3450 2194 3728 2268 alienige-

2082 2276 2175 2332 nis
2208 2276 2356 2332 fabri
2388 2294 2554 2333 arma
2584 2276 2864 2333 lsraelitis
2896 2279 3495 2352 indurabant.quibus
3521 2284 3732 2340 intelli-

2077 2370 2280 2435 gentes
2301 2364 2523 2420 inimici
2546 2365 2832 2421 cadebant
2854 2371 2910 2420 et
2935 2365 3128 2422 adhuc
3153 2368 3393 2424 cadunt.
3425 2369 3550 2424 Tali
3582 2387 3728 2443 quo-

2079 2470 2193 2524 que
2223 2470 2400 2510 sensu
2426 2469 2705 2525 magnum
2740 2454 2975 2527 Moysen
3002 2455 3275 2529 utrinque
3308 2458 3731 2516 roboraverunt

2076 2542 2465 2599 dilectissima
2494 2549 2681 2600 mater
2708 2549 2766 2600 et
2822 2544 3041 2612 nutrix,
3089 2545 3433 2603 fidelissima
3463 2548 3727 2621 Hebraea,

2079 2636 2138 2687 et
2167 2632 2267 2687 illa
2295 2649 2424 2705 qua:
2456 2632 2624 2687 aliter
2670 2632 2955 2689 dilexerat
3010 2632 3341 2707 alienigena
3368 2652 3435 2692 ex
3463 2638 3729 2711 {Egyptis

2080 2721 2317 2793 regina:
2367 2738 2602 2777 omnem
2659 2722 2968 2778 scientiam
3027 2721 3148 2779 haec
3200 2723 3442 2795 habens,
3476 2727 3729 2784 alienam

2078 2810 2341 2882 quidem,
2374 2812 2478 2868 sed
2534 2810 2843 2883 aequalium
2888 2810 3198 2868 scientiam
3257 2813 3525 2887 regaliter
3557 2832 3730 2888 supe-

2078 2904 2327 2956 rantem.

2150 3018 2235 3072 15.
2270 3021 2474 3073 Posset
2522 3022 2718 3074 autem
2765 3018 2982 3091 aliquis
3010 3020 3190 3076 simili
3246 3021 3491 3088 ratione,
3527 3023 3597 3077 ad
3631 3023 3725 3078 in-

2076 3108 2554 3178 terpretationem
2608 3125 2808 3163 eorum
2866 3126 2997 3181 quae
3047 3115 3188 3165 sunt
3243 3109 3301 3165 in
3348 3111 3726 3171 sanctissimo

2075 3195 2410 3267 Evangelio,
2445 3197 2701 3268 proferre
2759 3198 2903 3254 hoc:
2945 3218 2967 3247 ι
3034 3198 3400 3272 lngredietur
3449 3205 3510 3257 et
3563 3219 3723 3274 egre-

312 3291 610 3365 εὑρήσει.»
643 3288 1021 3344 Εἰσελεύσεται
1084 3286 1178 3360 μὲν
1232 3287 1337 3361 γὰρ
1389 3288 1418 3342 6
1466 3284 1818 3362 εὐαγγελικὸς
1874 3282 1966 3340 ἄν·

2083 3285 2296 3353 dietur,
2326 3290 2384 3341 et
2412 3302 2698 3356 pascuum
2730 3286 2987 3344 inveniet
3017 3289 3079 3342 “.
3116 3310 3145 3338 »
3178 3289 3545 3360 Ingredietur
3571 3292 3728 3348 enim

313 3390 533 3456 θρωπος
597 3376 959 3454 πρωτοθέτως
1028 3376 1107 3438 είς
1161 3376 1262 3445 τήν
1314 3380 1411 3431 τοῦ
1464 3379 1599 3432 Θεοῦ
1650 3374 1825 3443 αὐΛήν
1879 3373 1969 3429 ἐπὶ

311 3472 487 3542 νομῇι
538 3468 658 3531 καθ’
707 3468 774 3537 ἢν
834 3465 1074 3542 ἐγκρίνει
1124 3464 1508 3538 ποιμαίνεσθαι
1564 3463 1655 3518 καὶ
1713 3464 1742 3518 ὁ
1805 3463 1969 3537 μέγας

313 3553 503 3622 Δαυῗδ,
536 3552 689 3610 οὐδὲν
752 3552 1240 3628 ὑστερούμενος,ἐί
1300 3557 1519 3627 νέμεται
1571 3555 1637 3608 τὰ
1695 3554 1834 3623 θεῖα,
1884 3556 1970 3616 οῖς

310 3645 401 3701 καὶ
460 3645 489 3699 ὁ
546 3649 842 3722 κορυφαῖος
899 3643 952 3698 ἐν
1010 3639 1343 3704 ἀποστόλοις
1396 3643 1603 3715 Πέτρος
1664 3640 1848 3716 βόσκει
1902 3643 1972 3697 τὰ

309 3733 448 3790 κατὰ
502 3733 632 3790 Θεὸν
674 3733 931 3806 ποίμνια.
963 3728 1329 3802 Ἑξελεόσεται
1386 3728 1445 3785 δὲ
1500 3730 1591 3785 καὶ
1647 3730 1723 3793 εἷς
1779 3729 1966 3802 ἐξωτε-

314 3822 469 3898 ρικάς
525 3818 808 3891 πεδιάδας,
866 3818 974 3896 οὐχ
1030 3817 1168 3874 ὥστε
1224 3819 1492 3895 κροαίνειν
1541 3818 1632 3874 καὶ
1678 3839 1971 3891 κατασκιρ-

311 3916 408 3983 τᾷν
465 3910 557 3965 καὶ
616 3910 751 3974 θέειν
784 3909 922 3983 πρὸς
980 3908 1182 3983 ἄλογον
1216 3905 1447 3983 ἀγλαίαν
1508 3907 1584 3970 εἷς
1639 3903 1792 3962 οὐδὲν
1828 3904 1967 3977 δέον,

315 3998 444 4055 ἀλλ’
473 3998 562 4055 ἐπὶ
594 3999 933 4075 ψυχοτρόφῳ
962 4000 1132 4071 νομῇ,
1165 3996 1357 4051 ὁποίαν
1392 3996 1587 4070 μυρίαν
1620 3996 1710 4050 καὶ
1768 3996 1820 4051 0i
1867 4002 1968 4067 τῆς

317 4087 438 4166 ἔξω.
478 4087 667 4166 σοφίας
723 4087 990 4161 λειμῶνες
1046 4085 1260 4164 φύουσι.
1322 4085 1422 4140 Καὶ
1478 4086 1541 4140 τὸ
1585 4084 1816 4161 ψυχικὸν
1874 4106 1968 4140 τα-

321 4160 492 4250 μιεῖιον
546 4176 690 4232 οὕτω
720 4176 999 4249 μεστώσας
1031 4176 1059 4229 6
1088 4178 1338 4235 τοιοῦτος
1389 4172 1782 4246 πλουτισμοῖς,
1815 4171 1906 4235 οὓς
1940 4173 1968 4227 ό

316 4260 690 4338 παμϐασιλεὺς
739 4265 869 4327 Θεὸς
927 4262 1097 4342 φιλεῖ,
1141 4261 1394 4337 ἐξαγάγοι
1451 4260 1509 4317 ἂν
1572 4260 1632 4316 ἐκ
1675 4264 1965 4337 Θησαυρῶν

313 4356 517 4413 τούτων
542 4362 651 4413 τῶν
703 4357 838 4413 κατὰ
868 4357 1052 4433 ψυχὴν
1099 4356 1259 4411 καινά
1303 4375 1362 4410 τε
1408 4354 1498 4409 καὶ
1547 4356 1777 4411 παλαιά
1811 4354 1970 4410 καινὰ

313 4447 434 4520 μὲν,
463 4447 548 4502 τᾶο
588 4444 964 4523 θεοπαράδοτα
1017 4444 1108 4501 καὶ
1168 4443 1334 4500 αὐτοῦ
1394 4448 1528 4500 Θεοῦ
1577 4439 1725 4500 ὄντα·
1758 4443 1970 4500 παλαιά

307 4533 387 4601 δὲ,
412 4536 481 4591 τὰ
511 4536 602 4591 καὶ
635 4533 703 4591 δι’
734 4536 955 4612 ἑτέρων,
987 4538 1071 4591 οἷς
1113 4534 1541 4607 ἁπεξενωμένοις
1595 4533 1764 4589 αὐτοῦ
1815 4532 1970 4606 ὅμως

309 4624 831 4726 ἐνελαμψειγνῶσις,
857 4626 1053 4726 ἀγαθὴ,
1093 4622 1180 4679 ἐπ’
1209 4621 1446 4726 ὠφελείᾳ
1495 4627 1604 4726 τῶν
1650 4622 1963 4726 ἐσύστερον·
1998 4658 2051 4726 D

305 4710 400 4767 ’ἱνα
455 4714 543 4768 καὶ
595 4713 646 4785 ἐξ
704 4712 909 4788 ἀγρίων
958 4713 1170 4768 τούτων
1240 4712 1437 4777 ἀνθέων
1500 4712 1592 4767 καὶ
1646 4712 1696 4786 ἐξ
1756 4712 1970 4768 ἐκείνων

310 4802 531 4877 ἡμέρων
567 4802 989 4876 μελιτοποιῆται
1019 4807 1139 4866 τοῖς
1195 4802 1332 4856 κατὰ
1381 4802 1509 4857 Θεὸν
1568 4802 1636 4856 τὰ
1694 4804 1969 4878 χρήσιμα,

306 4891 397 4946 καὶ
458 4889 632 4966 μηδὲν
692 4897 801 4949 τῶν
838 4893 889 4948 ἐν
922 4892 1115 4965 κόσμῳ
1143 4887 1433 4954 ἀσυντελὶς
1484 4893 1621 4966 ἡμῖν
1684 4888 1770 4963 εἷή
1830 4892 1969 4968 πρὸς

306 4979 525 5056 ἀρετήν.

379 5116 466 5179 ις’.
499 5115 620 5174 Ἐτι
654 5112 714 5170 δὶ
746 5114 836 5170 καὶ
890 5110 1081 5178 ἄλλως
1135 5115 1215 5185 τῷ
1262 5109 1498 5185 τοιούτῳ
1552 5114 1790 5185 νοήματι
1852 5111 1967 5167 έπι-

302 5197 532 5259 ϐαλεῖνο
593 5207 630 5275 ἡ
690 5202 886 5278 σάλπίξ
939 5200 1143 5280 ὠφελεῖ
1199 5201 1265 5255 τὰ
1315 5198 1369 5262 ἐς
1428 5201 1637 5275 μάχην,
1702 5198 1872 5273 μηδέν
1915 5222 1967 5255 τι

300 5290 440 5361 αὐτὴ
512 5296 808 5370 φρονοῦσα,
853 5293 900 5365 ᾧ
947 5289 1175 5359 κλάζει·
1229 5285 1413 5343 δοτέον
1474 5286 1567 5342 οὗν
1625 5289 1715 5343 xui
1764 5289 1856 5343 τὸν
1914 5288 1965 5343 ἐν

302 5377 495 5456 λόγοις
582 5381 767 5454 μόνοις
842 5379 1038 5456 ἀγαθὸν
1113 5373 1443 5433 διδάσκαλον
1496 5375 1774 5446 σαλπίζειν
1833 5376 1969 5432 κατὰ

306 5470 499 5544 μάχης
558 5467 984 5545 δαιμονιώδους,
1041 5467 1129 5523 καὶ
1192 5463 1517 5542 προσεκτέον
1579 5463 1753 5528 οὕτως
1811 5465 1964 5524 αὐτό.

294 5564 511 5617 Κτυπεῖ
539 5559 630 5615 καὶ
678 5558 958 5634 τύμπανον
992 5556 1134 5613 ἔστιν
1189 5554 1327 5612 ὅπου
1371 5553 1558 5631 καίρια
1615 5553 1666 5610 έν
1720 5559 1799 5628 τῷ
1861 5576 1967 5630 μη-

367 5780 411 5817 ¹⁸
441 5779 596 5840 Psal.
623 5797 741 5855 cxx,
771 5781 825 5838 ι.
904 5778 949 5820 ﬂ
977 5778 1148 5839 Joan.
1192 5793 1254 5848 ι,
1282 5777 1339 5833 9.

2081 3375 2320 3446 quidem
2366 3375 2740 3448 evangelicus
2797 3376 2972 3432 homo
3003 3378 3062 3432 in
3120 3378 3218 3433 Dei
3252 3377 3448 3435 aulam
3488 3382 3562 3436 ad
3594 3398 3731 3453 pas-

2079 3480 2280 3529 cuum,
2312 3466 2638 3519 secundum
2673 3466 2829 3537 quod
2884 3468 3043 3538 pasci
3075 3468 3283 3539 probat
3336 3485 3590 3537 magnus
3619 3471 3734 3528 Da-

2080 3552 2197 3624 vid,
2229 3552 2322 3608 cui
2357 3542 2503 3609 nihil
2537 3554 2719 3623 deest,
2751 3555 2851 3611 ubi
2888 3555 3328 3613 distribuuntur
3356 3558 3575 3625 divina,
3603 3561 3732 3631 qui-

2080 3642 2192 3697 bus
2222 3642 2565 3715 corypheus
2581 3643 2734 3699 inter
2754 3644 3050 3716 apostolos
3070 3649 3276 3703 Petrus
3297 3646 3528 3703 divinos
3550 3649 3737 3721 pascit

2080 3747 2306 3803 greges.
2342 3732 2680 3804 Egredietur
2727 3739 2922 3790 autem
2974 3736 3046 3790 ad
3096 3740 3404 3792 extraneas
3435 3737 3733 3808 planities,

2082 3837 2197 3876 non
2230 3821 2300 3876 ad
2334 3820 2690 3892 pulsandum
2723 3822 2992 3894 pedibus,
3025 3841 3132 3879 nec
3160 3824 3599 3898 exsultandum,
3628 3844 3735 3883 nec

2081 3911 2435 3965 currendum
2469 3927 2571 3982 per
2602 3911 2999 3967 irrationalem
3030 3912 3447 3983 jubilationem
3479 3916 3548 3971 ad
3588 3915 3735 3972 nihil

2081 3999 2325 4070 bonum,
2358 3999 2458 4054 sed
2487 3999 2558 4054 ad
2601 4000 2971 4072 sp‘iritualem
3003 4018 3307 4072 pascuam,
3332 4020 3508 4075 quam
3542 4005 3736 4061 abun-

2082 4090 2319 4144 dantem
2350 4088 2651 4143 exterioris
2683 4090 2983 4161 sapientiaa
3017 4096 3183 4162 prata
3219 4093 3569 4148 naturaliter
3598 4112 3738 4167 pro-

2081 4177 2328 4231 ducunt.
2386 4177 2458 4231 Et
2510 4177 2648 4233 talis
2704 4177 2916 4247 homo,
2976 4180 3271 4251 spirituali
3332 4184 3737 4254 promptuario

2081 4265 2167 4320 sic
2200 4264 2418 4321 divitiis
2451 4264 2690 4337 repleto.
2719 4283 2866 4338 quas
2900 4272 3073 4333 Deus,
3098 4285 3372 4326 summus
3403 4272 3740 4328 dominator

2082 4357 2366 4422 amat,-ex
2398 4354 2527 4411 istis
2560 4354 2856 4412 thesauris
2888 4358 2959 4412 ad
3008 4358 3267 4415 animam
3302 4360 3736 4431 pertinentibus

2080 4443 2366 4515 producet
2424 4461 2573 4500 nova
2629 4462 2695 4500 ac
2753 4450 2985 4502 vetera:
3042 4464 3191 4504 nova
3251 4449 3491 4521 quidem
3540 4467 3574 4505 a
3616 4450 3733 4507 Deo

2079 4532 2297 4588 tradita
2347 4533 2560 4604 Deique
2619 4536 2890 4606 propria;
2950 4542 3144 4593 vetera
3202 4544 3395 4594 autem
3447 4556 3575 4612 quae
3632 4557 3738 4613 per

2081 4623 2229 4678 alios
2263 4623 2432 4694 fiunt,
2464 4624 2680 4694 quibus
2740 4625 2968 4697 abipso
3027 4626 3298 4683 alienatis
3356 4628 3508 4686 bona
3538 4634 3737 4687 tamen

2082 4712 2332 4768 scientia
2360 4712 2432 4767 ad
2493 4712 2807 4769 utilitatem
2868 4731 3069 4770 eorum
3132 4717 3233 4787 qui
3290 4719 3517 4773 venturi
3550 4725 3738 4791 erant,

2080 4802 2317 4865 illuxit:
2350 4802 2434 4857 ita
2490 4806 2575 4868 ut,
2608 4819 2675 4858 ex
2734 4804 3065 4875 agrestibus
3122 4805 3253 4861 istis
3285 4806 3530 4864 ﬂoribus
3584 4814 3642 4864 et
3672 4826 3741 4865 ex

2080 4890 2198 4945 illis
2232 4889 2484 4962 lenibus,
2544 4891 2960 4949 melliﬁcentur
3021 4893 3117 4949 Dei
3172 4895 3515 4954 hominibus
3546 4897 3739 4970 utilia,

2080 4982 2139 5035 et
2166 4980 2312 5035 nihil
2346 4980 2402 5036 in
2434 4981 2655 5036 mundo
2690 4981 2767 5036 sit
2796 4982 2967 5039 nobis
3001 4983 3071 5039 ad
3105 4984 3380 5041 virtutem
3415 4986 3609 5042 inane.

2149 5113 2239 5168 46.
2275 5113 2485 5170 Verum
2517 5118 2576 5170 et
2613 5112 2784 5170 aliter
2814 5116 3008 5172 adhuc
3055 5117 3402 5189 hujusmodi
3436 5123 3738 5178 sententias

2078 5202 2535 5259 insistendum:
2598 5204 2669 5258 ad
2727 5210 3022 5261 certamen
3083 5209 3312 5278 proﬁcit
3369 5211 3530 5280 tuba,
3592 5211 3742 5268 nihil

2077 5292 2229 5364 ipsa,
2293 5291 2450 5363 quod
2509 5292 2749 5362 clangit,
2813 5293 3186 5365 intelligens:
3249 5299 3511 5355 dandum
3557 5300 3743 5373 igitur

2076 5387 2167 5437 est
2196 5379 2361 5435 illum
2422 5379 2525 5451 qui
2556 5380 2699 5436 solis
2754 5382 3127 5438 sermonibus
3184 5394 3275 5442 est
3304 5388 3496 5445 bonus
3552 5392 3741 5463 magi-

2076 5474 2220 5537 ster,
2262 5466 2534 5538 clangere
2589 5474 2796 5524 contra
2851 5468 3277 5527 dmmoniorum
3336 5491 3622 5548 pugnam,
3680 5483 3740 5535 et

2074 5557 2160 5615 sic
2188 5556 2291 5614 illa
2322 5556 2576 5614 tenenda
2606 5561 2714 5614 est.
2755 5556 2971 5629 Strepit
3017 5559 3194 5617 etiam
3225 5566 3596 5637 tympanum,
3632 5569 3736 5625 ubi
