4082 6354
390 371 507 432 64⁸1

1164 365 1593 430 EUSTATHII
1631 359 2397 424 TBESSALONICENSIS
2439 361 3028 426 METROPOLITJE

3696 371 3814 433 648

389 502 640 574 requirit
669 500 1103 575 Opportunitas,
1138 499 1279 571 quin
1312 496 1456 552 nihil
1488 494 1777 567 intelligat
1805 494 2002 566 ipsum

2163 487 2250 544 δέν
2283 511 2336 545 τι
2377 492 2511 547 αὐτὸ
2561 497 2776 568 φρονεῖν
2805 511 2818 525 ·
2853 494 3137 568 λογιστέον
3188 496 3266 560 εἷς
3314 498 3570 554 τοιοῦτόν
3620 522 3674 555 τι
3726 504 3817 557 καὶ

388 594 532 648 item
564 593 760 664 aliquo
821 592 993 646 modo
1059 588 1530 643 ratiocinandum
1589 590 1678 640 est
1728 585 1798 638 de
1846 599 1912 638 eo
1945 581 2046 653 qui

390 682 562 737 malis
593 682 830 752 quidem
875 686 966 734 est
1014 677 1297 745 moribus,
1331 676 1430 730 sed
1464 674 1640 728 verba
1697 673 1932 726 virtutis
1961 670 2046 726 lo-

391 773 611 842 quitur,
645 775 700 825 et
757 770 843 824 sic
903 768 1231 824 auditorem
1293 765 1438 819 bene
1496 763 1777 833 disponit.
1828 760 2046 815 Fistula

389 866 710 930 caeteraque
768 859 1022 913 musices
1079 871 1298 926 organa
1356 852 1670 919 laetificant,
1731 867 1865 906 cum
1916 851 2045 920 ipsa

389 951 627 1023 quidem
664 947 812 1003 nihil
845 947 1040 1001 sciunt
1069 948 1125 998 et
1154 944 1227 998 ab
1256 942 1388 997 aliis
1435 939 1822 998 artificialiter
1851 940 1920 994 ad
1948 939 2046 1009 ju-

386 1040 748 1095 cunditatem
780 1036 1172 1092 ordinantur:
1207 1031 1460 1087 laetificat
1506 1031 1688 1101 igitur
1719 1029 1840 1100 qui,
1873 1027 2042 1099 quasi

383 1130 537 1194 talis,
597 1132 687 1182 est
742 1125 1147 1180 doctrinarum
1208 1122 1583 1192 explanator,
1635 1118 1905 1190 quamvis
1968 1117 2039 1172 ad

383 1235 450 1274 ea
480 1233 607 1288 quae
640 1219 907 1288 spectant
937 1213 1196 1268 animam
1230 1209 1384 1265 male
1415 1209 1492 1264 sit
1521 1207 1866 1280 dispositus.
1902 1207 2039 1261 For-

381 1324 488 1362 san
545 1305 701 1360 enim
754 1304 911 1358 Deus
971 1299 1432 1357 misericorditer
1488 1297 1813 1362 sollicitus,
1865 1295 2037 1350 dimi-

380 1395 536 1450 diam
571 1392 870 1465 prohibuit
928 1390 1324 1462 iniquitatem,
1358 1387 1548 1458 ipsius
1606 1403 1670 1441 os
1715 1385 2037 1456 disponens

379 1485 451 1540 ad
487 1482 848 1554 loquendum
881 1479 1233 1552 sapientiam
1261 1495 1273 1533 :
1316 1477 1376 1530 in
1410 1481 1673 1547 tempore
1705 1479 1902 1529 autem
1934 1491 2036 1545 op-

379 1577 632 1645 portuno
663 1570 833 1624 illum
880 1569 951 1623 ad
1011 1567 1338 1622 curandum
1370 1581 1467 1620 cor
1498 1569 1674 1636 atque
1733 1563 2040 1619 conscien-

377 1663 519 1716 tiam
556 1659 904 1731 diriget.Sed
939 1658 1114 1712 etiam
1148 1656 1196 1711 si
1229 1654 1375 1709 nihil
1407 1653 1698 1724 ejusmodi
1721 1655 1793 1708 de
1824 1653 1922 1707 illo
1949 1669 2038 1707 ve-

377 1750 558 1804 limus
587 1751 943 1818 exspectare,
977 1746 1186 1799 saltem
1237 1760 1371 1799 eum
1403 1743 1560 1797 velut
1589 1743 1815 1798 asinam
1856 1742 2034 1812 jussu

381 1837 478 1894 Dei
511 1837 766 1892 locutam
829 1835 1197 1890 mirabimur.
1232 1833 1572 1905 Cogitemus
1630 1837 1825 1886 autem
1859 1831 2034 1886 etiam
2065 1873 2112 1939 B

378 1928 534 2000 quod
569 1925 837 1981 fortassis
872 1925 983 1978 ista
1019 1923 1300 1994 loquitur,
1335 1939 1461 1994 quae
1495 1921 1657 1993 cupit
1687 1920 1925 1992 quidem
1959 1921 2028 1974 ad

375 2022 567 2073 actum
629 2017 874 2072 educere
928 2013 1182 2081 virtutis,
1245 2012 1343 2068 sed
1407 2028 1524 2066 non
1573 2015 1766 2081 potest
1797 2015 2032 2082 propter

374 2122 613 2179 pravam
645 2103 1051 2158 habitudinem
1079 2119 1093 2169 ;
1129 2102 1282 2156 unde
1331 2099 1645 2156 verisimile
1697 2104 1788 2154 est
1813 2116 1882 2154 ex
1905 2104 2030 2154 tota

373 2195 573 2252 anima
596 2211 729 2248 eum
764 2192 1006 2246 meliora
1061 2192 1288 2256 docere,
1321 2190 1523 2262 sicque
1572 2187 1739 2254 velle,
1768 2189 2029 2244 bonitate

371 2300 731 2348 sermonum,
767 2281 920 2353 quod
957 2281 1014 2334 in
1066 2296 1127 2334 se
1177 2278 1448 2333 vitiosum
1483 2283 1590 2343 est,
1624 2293 2024 2348 compensare.

367 2373 434 2429 Et
464 2373 545 2427 ita
576 2371 813 2443 quidem
873 2386 978 2424 nec
1025 2368 1265 2423 omnino
1326 2367 1691 2437 abjiciendus
1721 2371 1810 2420 est
1839 2382 2027 2421 sacer-

370 2462 497 2529 dos,
532 2459 631 2531 qui
695 2457 903 2513 nonin
959 2456 1220 2510 bonitate
1251 2454 1460 2509 animae
1517 2470 1623 2508 nec
1679 2469 1919 2524 operum
1953 2454 2023 2507 ad

366 2566 495 2607 eam
531 2547 926 2620 spectantium
959 2546 1158 2600 divina
1188 2544 1691 2615 loquitur,docens
1713 2543 2023 2613 utjustum

365 2639 588 2704 est.()ui
620 2654 753 2692 vero
786 2637 922 2691 fecit
971 2635 1233 2706 quidem,
1267 2635 1365 2688 sed
1414 2632 1620 2705 lingua
1676 2632 2024 2687 convenien-

365 2730 447 2785 tia
505 2745 620 2782 non
686 2726 966 2798 loquitur,
1027 2723 1278 2778 multam
1336 2728 1390 2777 et
1446 2722 1572 2794 ipse
1628 2723 1859 2777 laudem
1923 2738 2025 2793 per

363 2818 473 2874 hoc
505 2816 696 2872 solum
733 2816 920 2870 facere
971 2814 1079 2869 sibi
1133 2811 1424 2868 conciliat.
1481 2817 1620 2868 Cum
1653 2813 1808 2867 enim
1842 2812 2021 2868 semel

354 2906 647 2979 judicavit
677 2922 823 2976 opus
851 2905 1149 2959 efficacius
1205 2919 1334 2958 esse
1365 2919 1655 2973 sermone,
1705 2901 2020 2974 reputavit-

363 3012 477 3069 que
509 2995 868 3051 ferventibus
898 2992 1176 3065 operibus
1227 2991 1396 3064 quasi
1448 2992 1785 3047 fermentari
1828 2990 2020 3046 consi-

363 3087 665 3141 derantem
696 3085 767 3139 de
797 3083 869 3139 iis
927 3081 1277 3146 doctrinam,
1312 3081 1502 3136 solum
1558 3082 1712 3152 quod
1775 3087 1862 3136 est
1891 3080 2019 3135 efﬁ-

362 3175 560 3232 cacius
593 3173 897 3246 amplexus
950 3183 1075 3227 est:
1129 3176 1186 3226 et
1241 3171 1460 3226 faciens
1517 3168 1694 3225 simul
1726 3171 1930 3235 docet;
1964 3175 2021 3224 et

2162 580 2255 634 τὸν
2305 581 2503 654 ἑτέρως
2560 583 2656 656 μὲν
2709 579 2877 651 ἤθους
2955 579 3083 638 ὄντα
3159 584 3557 660 ἐξηυλημένου,
3616 591 3684 644 τά
3744 592 3822 654 είς

2162 670 2356 745 ἀρετὴν
2391 667 2448 725 δὲ
2500 669 2792 742 λαλοῦντα,
2825 672 2914 726 καὶ
2952 672 3127 738 οὕτως
3183 676 3239 730 εὗ
3299 677 3388 731 τὸν
3437 677 3706 752 ἀκροατὴν
3735 682 3824 757 ἁρ-

2158 759 2450 830 μόττοντα.
2492 762 2553 815 ἹΙ
2612 760 2820 836 σύριγξ,
2868 761 2958 816 καὶ
3013 762 3112 817 ὅσα
3163 761 3338 820 λοιπὰ
3387 771 3495 822 τῶν
3553 768 3821 843 ὀργάνων,

2153 844 2425 920 ἔμμουσα,
2488 850 2800 920 τέρπουσιν,
2866 848 3020 906 οὐδὲν
3113 853 3206 926 μὲν
3287 855 3422 910 αὐτὰ
3495 855 3825 930 ἐπιστάμενα

2155 937 2242 991 ὑπ’
2270 935 2456 992 ἄλλων
2518 935 2574 993 δὲ
2625 944 2890 1015 τεχνικῶς
2949 941 3086 1014 πρὸς
3144 939 3350 1013 ἡδονὴν
3409 944 3817 1020 ἀρμοττόμένα·

2150 1026 2392 1101 τερπέτω
2421 1027 2597 1081 τοίνυν
2633 1028 2709 1090 ὡς
2737 1028 2985 1091 τοιοῦτός
3041 1051 3127 1094 τις
3181 1031 3271 1086 καὶ
3331 1034 3358 1087 ὁ
3414 1039 3523 1088 τῶν
3558 1032 3820 1092 διδασκα-

2152 1112 2287 1200 λιῶν
2349 1115 2641 1192 ἐξηγητὴς,
2689 1116 2734 1172 εί
2808 1118 2901 1172 καὶ
2972 1123 3040 1174 τά
3095 1118 3147 1182 ἐς
3206 1123 3393 1196 ψυχὴν
3456 1124 3819 1200 ἀναρμόστως

2150 1198 2287 1279 ἔχει·
2324 1205 2485 1280 Τάχα
2511 1205 2614 1280 γὰρ
2649 1208 2676 1262 6
2709 1207 2840 1270 Θεὸς
2874 1205 3204 1281 κηδόμενος,
3249 1211 3386 1273 τέως
3422 1212 3516 1284 μὶν
3548 1198 3609 1268 τὸ
3639 1213 3820 1287 ἥμισυ

2145 1301 2247 1363 τῆς
2294 1295 2483 1357 κακίας
2528 1295 2798 1371 ἀπήγαγε,
2843 1297 2905 1351 τὸ
2958 1298 3135 1371 στόμα
3183 1299 3444 1375 ῥυθμίσας
3496 1304 3664 1358 αὐτοῦ
3722 1327 3821 1360 σο-

2147 1382 2270 1460 φίαν
2323 1381 2536 1438 λαλεῖνο
2589 1384 2642 1439 ἐν
2693 1391 2869 1462 καιρῷ
2919 1383 2977 1441 δὲ
3015 1391 3383 1462 καθηγήσεται
3445 1389 3672 1464 μελετᾷν
3722 1397 3824 1449 καὶ

2145 1473 2246 1540 τὴν
2286 1469 2513 1547 καρδίαν
2562 1475 2727 1529 αὐτοῦ
2757 1474 2988 1530 σύνεσιν.
3022 1475 3087 1533 Εἰ
3135 1473 3192 1530 δὲ
3245 1477 3335 1532 καὶ
3383 1476 3554 1551 μηδέν
3597 1501 3651 1535 τι
3693 1503 3821 1537 τοι-

2147 1565 2302 1616 οῦτον
2374 1559 2632 1636 ἐθέλομεν
2704 1561 2791 1617 ἐπ’
2850 1563 3014 1619 αὐτοῦ
3089 1563 3481 1640 καραδοκῆσαι,
3532 1567 3661 1625 ἀλλ’
3719 1572 3818 1628 οὖν

2144 1649 2492 1723 θαυμάσομεν
2550 1651 2708 1706 αὐτὸν
2767 1653 2906 1707 κατά
2976 1655 3078 1722 τήν
3147 1652 3464 1726 λαλήσασαν
3535 1655 3658 1713 ὄνον
3719 1683 3820 1717 κε-

2146 1736 2324 1793 λεύσει
2393 1743 2547 1796 Θεοῦ.
2603 1742 2965 1815 Λογισώμεθα
3022 1741 3081 1798 δὲ
3137 1744 3248 1812 καὶ,
3304 1747 3378 1808 ὡς
3443 1742 3574 1809 ἴσως
3633 1748 3816 1807 ἐκεῖνα

2147 1823 2327 1895 λαλεῖ,
2381 1828 2479 1880 ὅσα
2533 1828 2788 1902 βούλεται
2840 1831 2934 1904 μὲν
2981 1835 3298 1908 κατορθοῦν,
3348 1835 3412 1888 οὐ
3472 1834 3689 1892 δύναται
3751 1839 3817 1896 δὲ

2143 1910 2232 1969 διὰ
2271 1913 2475 1993 φαῦλον
2510 1918 2849 1990 συνεθισμόν’
2887 1919 3006 1983 ὅθεν
3063 1921 3147 1976 καὶ
3210 1921 3260 1995 ἐξ
3321 1921 3461 1994 ὅλης
3510 1928 3696 2002 ψυχῆς
3729 1929 3808 1984 εἷ-

2140 2004 2234 2068 κὸς
2265 2002 2534 2059 διδάσκειν
2569 2005 2728 2060 αὐτὸν
2770 2008 2835 2062 τὰ
2881 2009 3182 2084 κρείττονα,
3209 2012 3298 2066 καὶ
3361 2013 3536 2077 οὕτως
3594 2014 3804 2079 ἐθέλειν

2140 2093 2507 2164 ἀντισηκῶσαι
2560 2099 2628 2169 τῇ
2693 2095 3008 2174 ἀγαθωσύνῃ
3067 2105 3172 2154 τῶν
3207 2099 3422 2176 ἀγαθῶν
3452 2103 3514 2157 τὸ
3545 2107 3664 2159 κατ’
3706 2109 3808 2163 αὐ-

2136 2183 2227 2237 τὸν
2276 2185 2663 2256 περιπόνηρον.
2697 2185 2800 2239 Καὶ
2834 2186 2976 2241 οὕτω
3034 2187 3129 2258 μὲν
3177 2189 3238 2243 ού
3287 2191 3423 2244 πάνυ
3476 2189 3804 2264 ἀπόϐλητος

2139 2268 2267 2326 οὐδὲ
2297 2271 2492 2347 ἱερεὺς,
2525 2273 2583 2334 ὃς
2620 2275 2695 2344 μὴ
2729 2274 2781 2327 ἐν
2814 2274 3154 2352 ἀγαθότητιφ
3192 2281 3379 2354 ψυχῆς
3411 2280 3497 2334 καὶ
3536 2287 3644 2336 τῶν
3685 2288 3806 2340 κατ’

2137 2360 2304 2427 αὐτὴν
2361 2356 2534 2435 ἔργων
2567 2364 2681 2416 θεῖα
2712 2360 2894 2431 λαλεῖ,
2929 2362 3220 2434 διδάσκων,
3257 2367 3332 2430 ὡς
3387 2369 3563 2442 θέμις.
3598 2373 3690 2436 Ὁς
3743 2373 3802 2431 δὲ

2135 2454 2311 2504 ποιῶν
2347 2452 2464 2522 μὶν,
2500 2451 2561 2505 ού
2584 2451 2771 2507 λαλῶν
2807 2451 2865 2508 δὲ
2906 2453 3134 2531 γλώσσῃ
3169 2460 3234 2512 τὰ
3291 2461 3590 2533 πρέποντα,
3623 2465 3797 2522 πολὺν

2133 2541 2224 2594 καὶ
2256 2539 2416 2601 αὐτὸς
2447 2538 2664 2596 ἔπαινον
2699 2541 2980 2620 ἐφέλκεται
3031 2548 3148 2600 κατ’
3174 2547 3304 2602 αὐτὸ
3355 2546 3422 2619 δὴ
3483 2552 3572 2606 καὶ
3631 2555 3792 2627 μόνον

2132 2629 2194 2682 τὸ
2239 2635 2436 2684 ποιεῖν.
2491 2631 2693 2706 Κρίνας
2744 2632 2846 2707 γάρ
2896 2633 3161 2708 καθάπαξ,
3218 2633 3649 2717 δραστικώτερον
3695 2643 3787 2699 λό-

2133 2738 2235 2793 γου
2290 2719 2352 2773 τὸ
2405 2717 2562 2794 ἔργον
2627 2720 2776 2792 εἶναι,
2840 2723 2929 2778 καὶ
2998 2725 3073 2789 ὡς
3145 2728 3261 2780 οἷον
3315 2727 3615 2803 ἐςυμῶσθαι
3668 2736 3778 2793 τοῖς

2133 2805 2453 2871 σπουδαίοις
2493 2808 2677 2885 ἔργοις
2725 2818 3002 2869 κατανοῶν
3052 2817 3142 2870 καὶ
3200 2819 3300 2886 τήν
3331 2817 3413 2873 ἐπ’
3472 2821 3656 2884 αὐτοῖς
3702 2818 3782 2875 δι-

2134 2893 2456 2967 δασκαλίαν,
2529 2904 2627 2954 τοῦ
2702 2900 3074 2980 ἐνεργεστέρου
3149 2905 3352 2980 γίνεται
3434 2909 3641 2979 μόνουο
3703 2909 3788 2963 καὶ

2131 2989 2382 3058 πράττων
2435 2989 2550 3060 ἅμα
2594 2989 2685 3044 καὶ
2737 2987 3014 3046 διδάσκει·
3070 2993 3160 3048 καὶ
3218 2993 3444 3067 ἐνεργῶν
3505 2999 3669 3059 αὐτὸς
3724 2998 3794 3052 τὰ

2131 3075 2416 3151 εὐλογητά,
2441 3077 2491 3130 ἐν
2527 3083 2606 3149 τῷ
2658 3080 2774 3133 κατ’
2804 3080 3001 3153 ἀρετὴν
3037 3085 3152 3150 ζῇν,
3184 3081 3274 3134 τόν
3327 3101 3385 3134 τε
3445 3083 3572 3135 Θεὸν
3625 3085 3792 3139 εὐλο-

2131 3173 2216 3241 γεῖ
2241 3167 2414 3231 οὕτως
2472 3168 2524 3222 ἐν
2579 3173 2646 3242 τῇ
2703 3171 2818 3239 ζωῇ
2874 3169 3058 3237 αὐτοῦ,
3109 3169 3402 3242 ψαλμικῶς
3453 3171 3645 3242 εἷ’πεῖν,
3697 3175 3787 3226 καί

361 3281 612 3338 operans
669 3242 793 3334 ipse
843 3279 971 3333 qua
1033 3260 1334 3332 probanda
1367 3263 1526 3328 sunt,
1584 3259 1826 3313 vivendo
1851 3261 2018 3327 juxta

2133 3256 2350 3323 ἐτέρους
2409 3254 2671 3323 παιδεύει,
2723 3255 3002 3329 ὁρώμενος
3051 3257 3087 3325 ἢ
3145 3257 3499 3327 ἀκουόμενος.
3536 3258 3788 3330 Ἀληθῶς

358 3355 656 3417 virtutem,
704 3351 789 3406 sic
822 3356 1000 3405 Deum
1031 3349 1086 3402 in
1153 3366 1262 3403 sua
1293 3348 1426 3415 vita,
1485 3348 1810 3402 secundum
1863 3345 2018 3400 Psal-

360 3458 592 3498 morum
625 3440 822 3504 verba,
883 3438 1196 3507 benedicit,
1231 3441 1287 3489 et
1342 3435 1510 3505 alios,
1557 3435 1717 3489 visus
1765 3438 1822 3488 et
1851 3433 2016 3487 audi-

353 3527 477 3597 tus,
509 3528 720 3584 erudit.
771 3527 918 3582 Vere
978 3526 1134 3580 enim
1194 3522 1522 3593 discipulus
1583 3521 1920 3591 intelligens
1950 3537 2018 3574 ex

2128 3343 2231 3417 γὰρ
2263 3345 2292 3396 6
2323 3343 2540 3406 συνετὸς
2589 3344 2862 3414 μαθητής,
2896 3342 2956 3396 ἐκ
3001 3349 3109 3398 τῶν
3153 3341 3555 3401 διδασκαλικῶν
3614 3346 3786 3424 ἔργων

2126 3429 2486 3501 τυπούμενος,
2523 3428 2574 3483 ἐν
2606 3435 2726 3491 ταῖς
2757 3437 3081 3504 πρακτικαῖς
3137 3437 3244 3487 τῶν
3286 3433 3487 3508 ἀρετῶν
3537 3436 3701 3514 ἀλίγα
3747 3438 3787 3509 ἢ

2129 3513 2281 3572 οὐδὲν
2313 3521 2421 3571 τῶν
2449 3517 2530 3572 ἐπ’
2562 3518 2750 3580 αὐταῖς
2784 3517 3150 3577 διδασκαλιῶν
3184 3521 3526 3600 προσδέεται.

351 3613 630 3692 uberibus
664 3613 1095 3671 doctrinalibus
1127 3612 1487 3681 eli‘ormatus,
1519 3611 1581 3664 in
1611 3611 1895 3664 virtutum
1929 3609 2220 3664 exercitiis
2253 3625 2434 3680 pauca
2484 3608 2572 3664 vel
2623 3611 2778 3666 nulla
2812 3628 2989 3682 super
3044 3612 3138 3669 his
3167 3614 3523 3671 documenta
3576 3635 3781 3675 neces-

350 3707 507 3766 saria
537 3706 734 3761 habet.

424 3815 510 3869 17.
544 3811 773 3867 Scimus
799 3811 977 3865 etiam
1029 3807 1088 3862 in
1133 3804 1500 3862 discentibus
1557 3809 1709 3862 artes
1740 3805 2001 3877 plerum-

349 3919 464 3974 que
521 3900 798 3973 operibus
857 3912 1236 3968 prosperare:
1299 3895 1616 3950 observans
1674 3895 1853 3962 enim,
1902 3895 2001 3966 qui

349 3992 549 4049 studet
581 3989 712 4053 arti,
746 3987 1092 4059 magistrum
1128 3985 1448 4041 secundum
1483 3984 1643 4040 illius
1675 4001 1823 4056 opus
1862 3985 2002 4039 diri-

347 4082 526 4154 gitur.
559 4080 614 4133 Si
663 4095 794 4133 vero
852 4077 997 4132 forte
1056 4093 1171 4131 non
1222 4075 1545 4129 secundum
1585 4074 2001 4146 perfectionem

345 4171 549 4245 egerit,
580 4174 722 4223 tunc
773 4182 1102 4222 sermonem
1163 4164 1342 4219 habet
1401 4163 1665 4235 magistri
1705 4163 2000 4234 corrigen-

346 4267 486 4317 tem.
548 4260 842 4331 Frequens
900 4255 1080 4310 tradit
1148 4253 1506 4324 experientia
1561 4251 1887 4323 discipulos
1945 4257 2002 4307 et

347 4351 664 4418 magistros
690 4347 950 4419 Opiﬁces,
979 4345 1196 4414 quibus
1227 4360 1291 4398 ex
1327 4343 1626 4398 nativitate
1651 4342 1848 4397 surdis
1881 4359 2000 4395 ma-

346 4437 618 4512 gistrales
675 4441 888 4490 natura
943 4433 1242 4503 subripuit
1297 4447 1520 4499 voces;
1581 4437 1637 4486 et
1685 4437 1882 4486 tamen
1941 4430 1999 4485 hi

347 4528 585 4599 quidem
645 4527 1008 4590 docuerunt,
1069 4522 1153 4576 illi
1210 4537 1343 4576 vero
1401 4521 1753 4590 didicerunt,
1812 4536 2080 4631 nequeD

347 4615 792 4690 praemittentes,
853 4628 1044 4682 neque
1110 4610 1459 4681 recipientes
1519 4626 1843 4674 sermones,
1902 4611 1998 4662 sed

345 4704 680 4762 erudientes
712 4706 768 4756 et
797 4700 1013 4756 eruditi
1071 4699 1347 4770 operibus
1375 4717 1386 4764 ;
1421 4715 1547 4768 quas
1606 4698 1842 4768 quidem
1874 4714 1993 4754 ser-

342 4809 586 4851 monum
620 4790 1009 4853 substantias,
1043 4788 1128 4843 vel
1179 4787 1503 4842 ineffabiles
1553 4803 1875 4853 sermones,
1908 4787 1994 4842 vel

339 4886 600 4940 viventes
658 4880 982 4936 sententias
1042 4895 1157 4932 non
1216 4877 1514 4931 immerito
1569 4877 1704 4946 quis
1748 4882 1994 4932 vocaret.

342 4974 560 5031 Omitto
605 4971 798 5025 dicere
855 4967 1180 5022 annuentia
1235 4965 1323 5022 vel
1375 4966 1680 5021 renuentia
1740 4967 1908 5037 signa
1939 4967 1995 5020 in

341 5061 563 5135 templo
587 5058 890 5114 Ammonis
920 5063 978 5112 et
1009 5056 1278 5111 fortassis
1307 5054 1444 5110 alibi
1480 5055 1753 5126 usitata,a
1783 5055 2000 5127 quibus

342 5155 470 5210 sine
502 5166 640 5206 voce
670 5148 980 5204 discebant
1010 5145 1343 5201 desiderata
1389 5144 1761 5200 consulentes
1793 5162 1998 5200 oracu-

339 5243 487 5299 lum.
522 5237 909 5295 Celebrantur
965 5240 1022 5290 et
1064 5233 1179 5290 alia
1237 5235 1504 5305 quaedam
1565 5234 1862 5290 actionum
1895 5235 1997 5290 do-

341 5334 620 5386 cumenta
677 5344 780 5398 per
835 5341 1119 5380 manuum
1175 5322 1526 5394 ministeria,
1562 5323 1784 5394 absque
1837 5323 1998 5379 locu-

337 5420 517 5474 tione.
555 5421 621 5471 Et
649 5417 778 5482 hoc,
813 5419 1108 5486 quatenus
1143 5417 1330 5467 totum
1364 5428 1480 5467 uno
1532 5416 1724 5482 potest
1754 5413 2000 5468 demon-

342 5504 516 5562 strari
547 5503 834 5576 exemplo,
867 5503 1074 5558 exinde
1106 5500 1486 5555 manifestum
1520 5505 1631 5556 est.

420 5609 504 5663 18.
534 5609 652 5660 Rex
709 5609 949 5679 quidam
1004 5624 1073 5663 ex
1130 5605 1450 5678 antiquisa
1508 5606 1770 5664 factiosis
1799 5609 2000 5680 gravia

338 5694 649 5755 sustinens
681 5699 738 5750 et
768 5695 968 5750 auxilii
995 5694 1150 5751 viam
1197 5710 1465 5766 quaerens
1512 5696 1674 5753 misit
1701 5698 1774 5753 ad
1806 5697 1997 5754 virum

2188 3809 2271 3872 tC’.
2304 3801 2541 3877 Οἴδαμεν
2597 3804 2685 3859 καὶ
2715 3825 2912 3881 τεχνας
2971 3807 3039 3861 τὰ
3083 3806 3262 3863 πλείω
3314 3809 3408 3881 μὶν
3455 3806 3632 3888 ἔργοις
3658 3811 3777 3867 εὐο-

2114 3889 2379 3966 δουμένας
2438 3892 2490 3948 ἐν
2554 3899 2670 3955 τοῖς
2728 3893 3082 3968 μανθάνουσιν
3119 3917 3133 3930 ·
3193 3895 3512 3972 ἐντρανίζων
3571 3902 3676 3975 γὰρ
3737 3902 3766 3956 ὁ

2109 3983 2478 4059 τεχνούμενος
2504 3988 2585 4055 τῷ
2629 3985 2936 4060 καθηγητῇ,
2969 3985 3106 4060 πρὸς
3166 3987 3228 4040 τὸ
3271 3989 3386 4042 κατ’
3435 3986 3638 4044 ἐκεῖνον
3677 3987 3764 4065 ἕρ-

2109 4093 2205 4148 γον
2239 4070 2534 4127 εὐθύνεται.
2567 4073 2629 4128 Εί
2685 4071 2741 4127 δέ
2771 4095 2876 4127 που
2905 4073 2995 4128 κάὶ
3023 4073 3323 4153 σφάλλοιτο
3353 4081 3450 4130 τοῦ
3479 4077 3554 4139 εἰς
3613 4077 3766 4153 ἀκρί-

2113 4157 2284 4229 ὕειαν,
2316 4160 2440 4216 τότε
2479 4159 2544 4230 δὴ
2579 4162 2669 4216 καὶ
2730 4161 2894 4238 λόγον
2938 4164 3174 4240 εὑρίσκει
3232 4163 3633 4240 ἐπανορθοῦντα
3680 4165 3768 4221 δι-

2113 4247 2884 4327 δασκαλικῶς.1ῐαραδίδωσιν
2944 4253 2978 4320 ἡ
3043 4254 3214 4327 συχνὴ
3251 4259 3410 4330 πεῖρα
3464 4257 3552 4309 καὶ
3589 4268 3767 4328 μαθη-

2108 4340 2205 4402 τὰς
2235 4340 2324 4394 καὶ
2369 4338 2729 4403 διδασκάλους
2778 4342 3172 4417 χειρώνακτας,
3207 4345 3280 4397 ὧν
3330 4343 3620 4420 παρείλετο
3677 4346 3767 4402 καὶ

2108 4431 2204 4491 τὰς
2267 4426 2635 4492 διδασκάλους
2710 4431 2891 4508 φωνὰς
2939 4433 2974 4500 ἡ
3025 4431 3182 4508 φύσις
3249 4436 3642 4512 κωφευσάντων
3711 4434 3774 4491 ἐκ

2109 4525 2344 4591 γενετῆς·
2379 4519 2466 4573 καὶ
2529 4517 2682 4590 ὅμως
2743 4520 2792 4572 οἱ
2859 4520 2954 4592 μὶν
3015 4518 3279 4594 ἐδίδαξαν,
3321 4524 3374 4577 οἱ
3433 4521 3492 4578 δὲ
3545 4521 3774 4598 ἔμαθον,

2113 4606 2174 4660 οὐ
2210 4606 2411 4682 λόγους
2449 4608 2765 4680 προϊέμενοι
2823 4609 2914 4663 καὶ
2965 4607 3365 4684 εἷσδεχόμενοι,
3418 4610 3562 4668 ἀλλὰ
3612 4614 3775 4671 σοφί-

2113 4701 2294 4763 ζοντες
2352 4695 2438 4749 καὶ
2483 4696 2832 4774 σοφιζόμενοι
2883 4695 3084 4774 ἔργοις·
3119 4700 3254 4775 ἅπερ
3314 4701 3416 4756 οὐκ
3473 4700 3532 4756 ἂν
3588 4703 3776 4781 ἀφυῶς

2112 4782 2290 4859 λόγων
2338 4783 2542 4855 οὐσίας,
2582 4784 2617 4854 ἢ
2671 4784 2872 4860 λόγους
2912 4784 3337 4860 ἀνεκλαλήτους,
3371 4789 3406 4859 ἢ
3458 4789 3631 4858 ζώσας
3690 4792 3774 4846 έν-

2109 4871 2258 4933 νοίας
2327 4872 2589 4946 ὀνομάσοι
2647 4895 2754 4936 τις.
2817 4876 2923 4929 Ἐῶ
3019 4876 3193 4951 λέγειν
3266 4877 3607 4940 κατανεύσεις
3680 4880 3770 4935 καὶ

2108 4961 2417 5026 ἀνανεύσεις
2465 4963 2535 5017 τὰ
2589 4963 2639 5017 ἐν
2701 4964 3024 5037 Ἄμμωνος,
3067 4961 3198 5027 ἴσως
3259 4963 3316 5020 δὲ
3371 4967 3460 5021 καὶ
3521 4967 3766 5045 ἑτέρωθι,

2111 5047 2184 5106 δι’
2213 5049 2284 5104 ὧν
2316 5051 2549 5129 ἀφώνως
2581 5049 2928 5107 ἐδιδάσκοντο
2967 5052 3035 5107 τὰ
3083 5051 3287 5124 θελητᾶ
3340 5055 3391 5109 οὶ
3440 5054 3762 5131 χρησμοδο-

2107 5140 2388 5214 τούμενοι.
2437 5140 2788 5217 Περιᾴδονται
2841 5143 2947 5218 καὶ1
2990 5140 3177 5206 ἄλλως
3237 5141 3579 5199 διδασκαλίαι
3627 5144 3760 5202 τινὲς

2109 5230 2353 5306 πράξεων
2415 5231 2468 5286 ἐν
2529 5231 2852 5307 ὑπουργίαις
2911 5236 3114 5307 χειρῶν
3181 5230 3315 5308 δίχα
3391 5232 3601 5293 λαλιᾶς.
3651 5229 3754 5284 Καὶ

2111 5319 2282 5389 δῆλον
2318 5320 2448 5375 αὐτὸ
2479 5321 2700 5389 ἐκεῖθεν,
2733 5323 2808 5384 ὡς
2835 5321 2887 5392 ἐξ
2915 5321 3034 5384 ἐνὸς
3083 5321 3322 5400 ἐμφῆναι
3369 5323 3428 5378 τὸ
3475 5324 3574 5374 πᾶν
3629 5319 3759 5374 ὑπο-

2110 5408 2423 5486 δείγματος.

2184 5607 2274 5675 ιη’.
2310 5604 2573 5670 Βασιλεύς
2631 5628 2716 5673 τις
2778 5611 2887 5662 τῶν
2941 5605 3112 5662 πάλαι
3176 5605 3321 5664 δεινᾶ
3375 5606 3608 5682 πάσχων
3672 5606 3777 5661 ὑπὸ

2111 5701 2470 5770 στασιαστῶν,
2529 5698 2617 5752 καὶ
2683 5698 3032 5774 τεχνώμενος
3105 5695 3420 5772 ἐπικουρίας
3509 5692 3773 5771 μέθοδον,
