4082 6364
361 425 483 486 649

1367 421 1450 482 lN
1493 420 1559 482 S.
1605 421 2290 494 QUADRAGESIMAM
2334 422 2633 484 ORATIO
2677 422 2783 484 Ill.

3599 429 3789 492 -650

355 553 664 613 ἐπέστειλεν
752 552 906 632 ἀνδρὶ
989 559 1143 634 σοφῷ
1224 551 1675 630 προκαλούμενος
1756 550 2005 626 διδάξειν,

2127 555 2454 628 sapientem
2483 556 2749 628 rogitans
2771 559 2834 612 ut
2864 557 3099 614 doceret
3121 576 3376 631 quanam
3408 561 3635 619 ratione
3655 565 3784 620 tuto

356 645 536 720 ὁποίῳ
591 643 658 716 δή
717 665 822 700 τινι
878 644 1070 720 τρόπῳ
1126 643 1179 700 ἐν
1230 642 1462 722 ἀσφαλεῖ
1489 644 1881 712 καταστήσεται
1913 645 2012 713 τὴν

357 738 562 813 ἀρχήν.
620 734 719 789 Καὶ
783 732 1036 807 ἐπέμενεν
1089 733 1117 787 6
1161 732 1442 809 βασιλικὸς
1491 730 1822 800 ἀπόστολος,
1855 733 2020 786 ἀπαι-

357 831 462 881 τῶν
496 823 850 901 ἀντιγραφὴν,
916 818 972 877 εἷ’
1022 825 1140 882 πῶς
1195 819 1586 893 παλινοστήσει
1626 819 1769 895 ταχῦ
1804 820 1891 875 ἐπὶ
1922 820 2014 875 τὸν

362 916 669 989 πέμψαντα.
700 914 788 974 Ὠς
821 909 879 967 δὲ
931 911 1092 974 αὐτὸς
1156 911 1250 985 μὶν
1316 910 1574 982 ἐνέκειτο,
1632 910 1770 965 πάνυ
1803 907 2012 987 ὀχλῶν,

366 1007 394 1060 6
425 1001 481 1059 δὲ
505 1003 669 1078 σοφὸς
700 999 858 1056 ὤκνει
887 1002 986 1070 τήν
1018 1001 1258 1078 γραφὴν,
1319 997 1535 1070 δεδιὼς,
1587 999 1764 1072 οἶμαι,
1816 1001 1892 1072 μή
1925 999 2015 1053 καὶ

363 1095 568 1170 γράψας
614 1088 875 1148 ἔκπυστον
935 1092 1089 1160 θήσει
1145 1091 1207 1146 τὸ
1274 1089 1605 1164 μυσνηρικὸν
1663 1085 2012 1143 διδασκάλων

362 1181 653 1256 ὁτῳδήτινι
683 1180 872 1258 τρόπῳ
909 1180 1000 1235 καὶ
1057 1178 1242 1256 βλάψῃ
1270 1181 1362 1234 τὸν
1419 1178 1788 1254 ἐρωτήσαντα,
1844 1198 2015 1254 προσ-

361 1267 694 1346 λαμϐάνεται
751 1271 842 1325 τὸν
876 1268 1284 1342 ἀπεσταλμένον
1337 1267 1413 1331 είς
1444 1265 1671 1323 ὀπαδόν·
1703 1269 1794 1322 καὶ
1826 1263 2015 1343 (ἔλαχε

355 1364 456 1438 γὰρ
516 1361 665 1434 ἀκμὴ
724 1358 912 1433 θέρους
942 1359 1096 1432 εἶναι)
1153 1355 1484 1434 παραδύεται
1517 1357 1593 1419 εἰς
1644 1357 1776 1433 βαθὺ
1827 1355 2012 1427 λήϊον,

355 1453 444 1507 καὶ
476 1451 770 1527 γυμνώσας
835 1450 1154 1524 μαχαίριον,
1188 1446 1361 1524 ἔκειρε
1391 1445 1666 1523 σποράδας
1701 1450 1809 1501 τῶν
1853 1447 2014 1500 ἀστα-

354 1542 531 1618 χύων,
592 1538 719 1594 ὅποι
752 1538 958 1613 ἐξεῖχον
992 1536 1046 1600 ἐς
1082 1544 1256 1611 μῆκος
1302 1537 1433 1613 ὑπὲρ
1462 1535 1590 1599 τοὺς
1640 1534 1891 1598 λοιπούς·
1922 1535 2013 1590 καὶ

353 1635 513 1685 τοῦτο
562 1631 796 1700 ποιήσας
856 1626 1143 1698 ὑπεξῆλθε,
1198 1625 1287 1681 καὶ
1341 1624 1610 1692 ἀπῆλθεν⁵
1642 1622 1807 1695 οἷ’κοι,
1849 1636 2011 1689 καθε-

357 1719 516 1790 στὼς,
577 1719 658 1796 εφ’
715 1719 799 1780 οἷς
847 1719 913 1786 ἦν
946 1716 1036 1771 καὶ
1067 1716 1284 1793 πρώην.
1343 1717 1400 1770 Ὁ
1433 1713 1489 1770 δὲ
1524 1713 1810 1791 βασιλικὸς
1841 1712 2007 1769 πάλιν

354 1809 420 1878 ἦν
449 1805 518 1863 δι’
573 1804 772 1883 ὄχλου,
806 1805 1073 1879 ἀπαιτὼν,
1130 1805 1160 1860 6'
1210 1806 1300 1861 καὶ
1347 1806 1634 1880 πρότερον.
1689 1805 1778 1868 Ὠς
1809 1801 1866 1859 δὲ
1914 1809 2011 1859 τοῦ

353 1898 527 1974 σοφοῦ
581 1893 751 1970 μηδὲν
789 1897 927 1970 μήτε
956 1893 1237 1970 λὲγοντος,
1298 1897 1437 1968 μήτε
1492 1892 1846 1970 πράττοντος,
1875 1892 2006 1964 ἐξω-

349 1986 573 2044 νείδισεν
607 1988 635 2042 6
666 1988 762 2040 τοῦ
815 1981 1102 2060 βασιλέως,
1137 1984 1199 2039 ού
1228 1983 1372 2040 καλά
1420 1982 1649 2060 πάσχειν
1700 1983 2001 2060 γογγύζων,

351 2078 397 2134 εἰ
433 2074 574 2151 μηδὲ
601 2075 772 2151 λόγου
801 2074 1030 2145 ἀξιοῖτο,
1092 2075 1300 2150 μακράν
1355 2094 1413 2128 τε
1443 2072 1587 2128 οὕτω
1642 2073 1780 2128 κατά
1832 2093 2001 2127 σπου-

351 2165 448 2238 δῆν
508 2163 633 2222 ὁδὸν
685 2163 1057 2237 στειλάμενος,
1114 2164 1204 2218 καὶ
1259 2166 1360 2232 τῆς
1403 2159 1627 2224 ἐλπίδος
1659 2161 1712 2224 ἐς
1742 2166 2000 2217 τοσοῦτον

351 2255 738 2332 ἀπαιωρηθεὶςο
799 2253 1026 2308 ἐμιταῦοά
1056 2274 1120 2328 γε
1179 2253 1207 2307 ὁ
1265 2249 1578 2327 ἔμπρακτος
1610 2249 1874 2322 ἐπιλύτης
1904 2258 2004 2322 τῆς

356 2343 643 2422 βασιλικῆς
674 2343 903 2419 ἀπορίας
953 2342 1280 2411 λακωνίσας,
1343 2340 1524 2418 ὥσπερ
1557 2337 1700 2416 ἔργῳ
1742 2345 1824 2414 τῷ
1866 2343 2003 2396 κατά

345 2436 446 2504 τήν
475 2432 720 2508 ἐπτομήν
751 2437 860 2488 τῶν
919 2431 1226 2508 ἀσταχύων,
1261 2430 1405 2487 οὕτω
1448 2431 1537 2486 καὶ
1569 2428 1728 2506 λόγῳ
1755 2431 1835 2503 τῷ
1867 2432 2003 2506 πρὸς

347 2523 614 2593 ἐπίλυσιν,
671 2521 938 2592 "Audiit,
1001 2522 1165 2592 εἶπεν,
1202 2523 1319 2576 ὅθεν
1375 2519 1631 2590 ἐστάλης,
1672 2518 1762 2574 καὶ
1809 2519 1874 2576 τὸ
1911 2541 1997 2575 τε-

344 2615 605 2689 θεαμένον
638 2610 984 2689 ἀνάγγειλον.
1035 2612 1137 2669 Καὶ
1193 2611 1352 2675 αὐτὸς
1407 2611 1502 2684 μὶν
1536 2609 1680 2666 οὕτω
1737 2608 1998 2686 φάμενος,

345 2701 556 2760 ἔκλεισε
581 2703 645 2758 τὸ
699 2697 918 2778 βιϐλίον
965 2707 1064 2770 τῆς
1115 2698 1333 2762 λαλιᾶς.
1379 2701 1435 2753 Ὀ
1493 2697 1550 2754 δὲ
1597 2698 1830 2762 ἀκούσας
1871 2700 2002 2754 ἀπέ-

347 2812 498 2866 κρινε
541 2792 634 2865 μὲν
663 2791 756 2847 τὸν
811 2791 974 2870 σοφὸν
1003 2787 1170 2863 ἄνδρα
1215 2793 1322 2844 τῶν
1376 2788 1508 2865 ὁρθά
1539 2786 1901 2865 φρονούντων,
1936 2789 2000 2844 οὐ

354 2881 596 2957 φρενήρη
635 2878 1020 2956 γνωματεύσας
1070 2878 1294 2933 ἐκεῖνον·
1359 2877 1590 2952 ἐψεύσθη
1645 2875 1702 2932 δὲ
1729 2881 1828 2943 τῆς
1877 2878 2001 2954 κρί-

357 2989 491 3031 σεως
522 2968 574 3031 ἐς
612 2969 675 3024 τὸ
703 2973 828 3026 πᾶν.
893 2970 954 3026 Ὁ
991 2967 1092 3044 γάρ
1143 2982 1234 3023 τοι
1287 2967 1475 3041 κύριος
1535 2964 1790 3042 βασιλεὺς
1839 2987 2000 3021 κατα-

348 3060 522 3132 κύψας
552 3058 627 3121 εἰς
682 3058 843 3134 βάθος
897 3062 995 3113 τοῦ
1048 3054 1396 3133 ἠγγελμένου
1455 3051 1637 3132 ἔργου,
1687 3056 2002 3132 καθεώρακε

345 3148 445 3217 τὴν
507 3147 872 3224 ἀγχίστροφον
903 3146 993 3202 καὶ
1031 3146 1244 3223 βαθεῖαν
1301 3141 1652 3201 διδασκαλίαν
1679 3148 1776 3199 τοῦ
1809 3149 1999 3224 σοφοῦ,

341 3237 429 3292 καὶ
461 3237 562 3305 τὴν
595 3233 684 3291 διὰ
729 3237 922 3312 χειρὸς
952 3233 1182 3313 ἔμφασιν
1240 3239 1337 3290 τοῦ
1391 3233 1527 3290 κατά
1578 3235 1763 3310 ψυχὴν
1808 3232 1997 3310 λόγουο

340 3325 431 3381 καὶ
463 3311 795 3399 ἀπελύσατο,
840 3327 940 3396 τὴν
1001 3311 1109 3380 τῶν
1137 3327 1492 3402 προεχόντων
1525 3324 1812 3401 ἀσταχύων
1859 3325 1996 3380 ἀπο·
2028 3311 2072 3379 C

338 3415 518 3488 τομὴν
552 3412 795 3491 δίδαγμα
824 3415 957 3469 εἶναι
1023 3415 1118 3469 τοῦ
1170 3421 1375 3491 χρῆναι
1431 3412 1686 3470 κολούειν
1714 3412 1841 3477 τοὺς
1888 3418 1996 3468 τῶν

344 3501 590 3560 πολιτῶν
625 3504 703 3568 εἰς
757 3504 954 3580 θράσος
1004 3502 1399 3578 ἐπαιρομένους
1468 3504 1848 3582 ὑπερηφάνως,
1909 3504 1998 3559 καὶ

344 3593 519 3657 οὕτως
548 3593 852 3670 ἐξέχοντας.
913 3593 1017 3653 Καὶ
1072 3598 1234 3650 τοῦτο
1294 3591 1573 3670 διαγνοὺς,
1604 3593 1693 3648 καὶ
1724 3594 1842 3648 κατ’
1870 3593 1998 3649 αὐτὸ

342 3689 540 3759 ποιῶν,
574 3685 746 3758 ἐαυτῷ
795 3686 895 3756 τὴν
959 3682 1239 3761 βασιλείαν
1289 3682 1745 3762 κατησφαλίζετο,
1811 3682 1994 3756 μαθὼν

342 3772 459 3831 οὐδ’
488 3772 649 3838 αὐτὸς
681 3773 831 3852 λόγω
862 3774 924 3830 τὸ
955 3772 1292 3848 ποθούμενον
1320 3770 1824 3844 διδασκάλιον,ἀλλ’
1855 3769 1999 3849 ἔργῳ

337 3866 419 3938 τῷ
452 3861 544 3919 διὰ
568 3859 898 3919 διδασκάλου
929 3867 1119 3942 σοφοῦ.

417 3973 504 4036 ιϐ’.
537 3971 746 4030 Οὐκοῦν
779 3971 1026 4050 φανερὸν,
1071 3968 1165 4025 ’ίνα
1225 3971 1301 4045 μὴ
1342 3967 1521 4025 πλείω
1552 3968 1607 4025 ἐν
1651 3973 1769 4032 τοῖς
1816 3969 2001 4024 τοιού-

339 4084 457 4124 τοις
515 4055 902 4135 διατρίϐωμεν,
971 4060 1048 4122 ὡς
1127 4056 1238 4115 ἔστι
1313 4056 1657 4122 διδάσκεσθαι
1728 4061 1878 4131 ἡμᾶς
1936 4057 2003 4112 τὰ

341 4149 507 4219 καλα,
567 4150 659 4205 καὶ
717 4151 807 4205 ὅτε
861 4149 1113 4226 πράξεσιν
1153 4148 1425 4224 ἐναρέτοις
1474 4142 1850 4220 ἐμϐλέπομεν,
1909 4147 2000 4201 καὶ

354 4241 429 4302 ὡς
484 4239 770 4317 ἐγκωμίων
812 4238 958 4312 ἄξίος
1004 4238 1093 4295 καὶ
1145 4240 1173 4294 6
1203 4243 1376 4294 ποιῶν
1416 4238 1479 4292 τὸ
1527 4235 1692 4293 καλὸν
1733 4236 1998 4311 σιγηλῶς,

348 4331 435 4384 καὶ
495 4329 792 4407 μονονουχὶ
823 4328 876 4384 ἐν
933 4333 1014 4402 τῷ
1065 4327 1377 4404 ἐργάζεσθαι
1436 4325 1608 4403 λὲγων
1637 4331 1756 4388 τοῖς
1790 4325 2002 4398 θεωμέ-

345 4439 460 4481 νοις
489 4418 574 4475 τό·
613 4443 641 4470 ‹‹
671 4420 759 4484 Ὠς
816 4418 946 4494 ἐγὼ,
1008 4415 1152 4474 οὕτω
1202 4416 1292 4472 καὶ
1342 4416 1517 4490 ὑμεῖς.
1577 4437 1607 4466 ››
1657 4414 1817 4474 Οὕτω
1867 4414 2004 4470 κατὰ

340 4509 404 4563 τὸ
435 4510 591 4584 ἅγιον
634 4506 973 4585 Εὐαγγέλιον
1031 4508 1083 4563 οἱ
1140 4505 1434 4583 βλέποντες
1483 4505 1548 4561 τὰ
1594 4501 1649 4560 ἓν
1699 4525 1809 4560 τισι
1861 4501 2004 4560 καλά

345 4592 481 4672 ἔργα
506 4595 789 4668 δοξάζουσι
819 4599 912 4652 τὸν
944 4596 1095 4653 Θεόνο
1151 4596 1242 4652 καὶ
1302 4594 1444 4651 οὕτω
1503 4593 1711 4669 λάμπει
1767 4594 1830 4649 τὸ
1863 4595 2000 4649 ἀπο·-

2127 644 2352 702 salvam
2418 645 2660 702 haberet
2717 650 3091 718 potestatem.
3150 649 3218 704 Et
3283 652 3639 723 exspectavit
3693 670 3784 709 re-

2125 734 2258 804 gius
2286 734 2537 806 legatus,
2582 736 2931 808 rescriptum
2982 742 3186 810 petens
3236 742 3301 794 ut
3331 739 3489 795 brevi
3542 742 3615 797 ad
3647 759 3784 799 eum

2127 822 2228 895 qui
2277 823 2539 892 miserat,
2602 825 2833 880 rediret.
2893 827 3036 882 Cum
3098 831 3296 883 autem
3357 830 3482 901 ipse
3529 831 3783 888 multum

2126 911 2417 968 sollicitus
2465 913 2731 984 instaret,
2761 918 2819 970 et
2865 913 3100 986 sapiens
3131 916 3420 988 scriptum
3471 919 3610 975 dare
3655 937 3782 976 mo-

2126 1005 2373 1069 raretur,
2425 1001 2662 1070 timens,
2713 1007 2877 1074 puto,
2923 1020 2994 1059 ne
3040 1004 3433 1078 qualicunque
3482 1009 3678 1076 modo,
3733 1010 3784 1067 si

2126 1092 2344 1162 scripto
2381 1092 2732 1162 patefaceret
2775 1093 3190 1164 mysteriosum
3222 1097 3665 1167 documentum,
3697 1098 3785 1154 illi

2126 1179 2228 1251 qui
2258 1179 2717 1252 interrogaverat
2765 1187 3020 1251 noceret,
3053 1183 3304 1240 missum
3338 1185 3452 1241 sibi
3503 1187 3780 1244 comitem

2125 1269 2435 1342 adjungit;
2489 1273 2564 1338 et,
2601 1286 2734 1325 cum
2782 1276 2920 1327 tunc
2968 1273 3161 1328 media
3213 1274 3458 1330 ferveret
3494 1279 3688 1347 testas,
3721 1278 3781 1333 in

2125 1375 2297 1430 agros
2351 1359 2771 1414 frumentarios
2827 1365 3145 1432 penetrat;
3206 1366 3281 1433 et,
3342 1365 3561 1420 nudato
3619 1381 3780 1436 ense,

2124 1448 2386 1504 diversas
2431 1449 2725 1504 abscindit
2772 1451 2986 1521 spicas,
3033 1467 3395 1523 quiscunque
3443 1470 3620 1527 super
3666 1472 3780 1511 cae-

2121 1540 2278 1592 teras
2311 1537 2618 1594 altitudine
2671 1539 3028 1610 prestabant
3056 1557 3068 1608 ;
3103 1545 3179 1611 et,
3234 1541 3344 1597 hoc
3377 1542 3548 1612 facto,
3579 1560 3779 1617 egres-

2124 1643 2227 1681 sus
2277 1631 2386 1698 est,
2420 1631 2478 1683 et
2523 1628 2767 1683 domum
2818 1627 3009 1694 rediit,
3043 1629 3138 1696 iis,
3189 1630 3406 1701 quibus
3436 1636 3562 1688 erat
3609 1639 3781 1692 antea

2123 1717 2474 1789 praepositus
2507 1717 2578 1773 de
2612 1733 2757 1772 novo
2806 1717 3127 1790 imperans.
3160 1719 3379 1792 Regius
3428 1725 3624 1778 autem
3656 1726 3781 1780 erat

2121 1807 2312 1861 denuo
2344 1805 2654 1873 sollicitus,
2678 1807 2880 1862 eadem
2912 1825 3035 1878 quae
3067 1807 3258 1880 prius,
3279 1809 3471 1866 denuo
3494 1812 3780 1884 rogitans.

2120 1897 2264 1952 Cum
2296 1912 2429 1952 vero
2461 1895 2698 1968 sapiens
2738 1895 2883 1951 nihil
2916 1895 3136 1954 diceret
3167 1914 3270 1954 nec
3303 1898 3539 1966 faceret,
3571 1917 3778 1974 expro-

2113 1984 2362 2040 bravita
2394 2000 2548 2057 ,rege
2593 1983 2836 2052 missus,
2887 2001 3002 2041 non
3033 1985 3183 2042 bene
3232 2003 3434 2043 secum
3483 1989 3577 2062 agi
3610 2007 3778 2047 mus-

2113 2073 2323 2144 sitans,
2374 2073 2490 2129 nisi
2547 2073 2720 2130 verbo
2768 2075 2984 2147 dignus
3033 2074 3368 2146 haberetur,
3422 2081 3545 2134 tam
3601 2079 3778 2152 longa

2112 2163 2227 2218 cito
2279 2164 2514 2219 functus
2561 2163 2674 2231 via,
2725 2168 3006 2236 tantaque
3061 2181 3165 2236 spe
3225 2165 3565 2223 frustratus.
3612 2172 3777 2226 Tunc

2111 2257 2391 2308 strenuus
2404 2254 2573 2325 regite
2586 2251 3003 2310 sollicitudinis
3015 2253 3706 2328 solutor,quemadmodu
3717 2276 3769 2315 m

2111 2340 2172 2396 in
2203 2341 2564 2398 abscissione
2595 2341 2892 2414 spicarum
2923 2346 3112 2412 antea,
3137 2343 3221 2400 sic
3254 2361 3410 2401 nunc
3431 2344 3492 2402 in
3515 2347 3775 2420 explica—

2109 2431 2269 2488 tione
2297 2431 2517 2488 verbali
2563 2429 2884 2501 laconicus,
2920 2454 2948 2482 ‹‹
2981 2432 3114 2502 Abi,
3148 2433 3363 2506 inquit,
3394 2439 3454 2491 et
3499 2437 3654 2508 quod
3683 2437 3770 2493 vi-

2111 2521 2252 2578 disti
2279 2522 2573 2578 renuntia.
2607 2543 2637 2572 »
2676 2522 2748 2578 Et
2777 2521 2862 2578 sic
2891 2521 3019 2595 ipse
3051 2523 3227 2595 fatus,
3261 2523 3574 2582 locutionis
3605 2526 3772 2582 clau-

2111 2610 2190 2667 sit
2235 2609 2475 2666 librum.
2537 2611 2646 2678 Qui
2694 2628 2826 2668 vero
2875 2611 3160 2681 audierat,
3214 2611 3480 2670 distinxit
3529 2615 3770 2687 quidem

2109 2701 2299 2756 virum
2344 2701 2670 2773 sapientem
2720 2717 2790 2757 ex
2821 2705 2976 2758 recte
3025 2703 3414 2774 sapientibus,
3465 2721 3580 2761 non
3612 2723 3772 2763 sanas

2111 2791 2328 2849 mentis
2359 2808 2493 2848 eum
2521 2793 2860 2860 aestimans;
2893 2793 2995 2848 sed
3019 2809 3261 2864 prorsus
3293 2794 3506 2851 erravit
3519 2796 3772 2868 judicio.

2109 2881 2392 2936 Dominus
2435 2881 2593 2936 enim
2626 2882 2754 2952 ejus
2803 2897 2904 2936 rex
2953 2881 3011 2936 in
3044 2881 3236 2954 operis
3285 2885 3604 2941 renuntiati
3635 2904 3770 2959 pro-

2111 2969 2364 3026 fundum
2410 2971 2670 3041 intuens,
2700 2970 2956 3027 vividam
2991 2987 3058 3027 ac
3107 2971 3288 3028 altam
3337 2973 3622 3046 sapientis
3671 2977 3768 3032 do-

2111 3059 2384 3126 ctrinam,
2409 3064 2466 3116 et
2497 3060 2844 3132 patefactam
2866 3077 3070 3129 manu,
3090 3061 3382 3118 sermonis
3404 3063 3564 3121 intus
3585 3063 3768 3122 laten-

2109 3147 2187 3204 tis
2217 3148 2633 3205 revelationem
2683 3149 3023 3222 conspexit;
3075 3153 3133 3206 et
3164 3149 3447 3208 intellexit
3479 3169 3766 3227 superan-

2110 3239 2262 3294 tium
2319 3238 2617 3310 spicarum
2676 3239 3100 3295 abscissionem
3149 3241 3574 3299 documentum
3636 3259 3767 3303 esse

2110 3329 2182 3385 de
2211 3329 2562 3385 necessitate
2594 3345 2694 3385 eos
2723 3344 2754 3384 e
2785 3329 2976 3385 medio
3008 3329 3252 3386 tollendi
3283 3330 3384 3402 qui
3417 3331 3568 3388 inter
3611 3332 3766 3391 cives

2110 3420 2169 3474 in
2204 3420 2458 3490 majores
2502 3419 2669 3490 justo
2721 3418 2968 3490 spiritus
3015 3417 3235 3475 sublati
3285 3421 3666 3478 excedebant.
3700 3422 3768 3478 Et

2108 3509 2220 3565 hoc
2263 3508 2460 3582 agnito
2510 3511 2566 3564 et
2615 3525 2676 3564 re
2705 3523 2841 3564 vera
2887 3509 3062 3578 facto,
3094 3508 3207 3565 sibi
3255 3526 3497 3582 regnum
3529 3511 3589 3568 in
3639 3515 3766 3567 tuto

2108 3599 2327 3672 posuit,
2359 3615 2475 3654 non
2507 3598 2634 3671 ipse
2661 3596 2838 3654 verbo
2889 3602 3098 3655 nactus
3128 3598 3522 3658 desideratam
3551 3601 3767 3657 doctri-

2108 3705 2270 3761 nam,
2303 3688 2404 3746 sed
2435 3686 2720 3761 sapientis
2753 3685 3020 3760 exemplo
3051 3687 3344 3762 magistri.

2185 3972 2271 4027 19.
2323 3973 2526 4043 Itaque
2575 3970 2955 4028 manifestum
3004 3975 3113 4040 est,
3147 3975 3215 4028 ut
3259 3971 3320 4028 in
3351 3971 3446 4030 his
3492 3991 3608 4031 non
3639 3974 3770 4032 lon-

2110 4062 2242 4134 gius
2265 4060 2672 4128 immoremur,
2692 4077 2808 4116 non
2828 4076 3002 4132 posse
3033 4060 3188 4116 bona
3211 4061 3408 4118 doceri
3431 4063 3608 4119 etiam
3633 4081 3770 4121 cum

2110 4148 2438 4206 laudabiles
2494 4148 2798 4204 intuemur
2852 4148 3133 4216 actiones,
3192 4155 3251 4206 et
3306 4149 3584 4208 laudibus
3640 4170 3772 4210 esse

2112 4239 2360 4311 dignum
2408 4237 2584 4294 etiam
2633 4238 2733 4308 qui
2783 4237 3025 4295 silenter
3054 4243 3114 4294 et
3160 4238 3423 4295 solitario
3472 4243 3770 4313 operando

2111 4329 2334 4383 bonum
2366 4326 2508 4400 agit,
2531 4325 2732 4382 dicens
2763 4326 3302 4398 contemplantibus
3329 4327 3488 4385 istud
3513 4346 3526 4384 :
3554 4353 3582 4380 ‹‹
3606 4331 3772 4388 Sicut

2112 4433 2241 4489 ego,
2274 4415 2355 4471 ita
2406 4421 2463 4472 et
2494 4433 2617 4472 vos.
2646 4437 2676 4466 ››
2729 4417 2823 4472 Sic
2863 4417 3036 4488 juxta
3066 4421 3338 4473 sanctum
3387 4420 3769 4492 Evangelium

2114 4507 2216 4578 qui
2274 4505 2475 4562 vident
2531 4505 2592 4560 in
2647 4504 2945 4576 aliquibus
3003 4522 3181 4578 opera
3232 4507 3387 4564 bona
3441 4507 3775 4581 gloriﬁcent

2113 4595 2298 4651 Deum
2324 4613 2337 4663 ;
2373 4595 2576 4666 sicque
2595 4594 2779 4668 fulget
2798 4611 2995 4652 coram
3019 4595 3362 4653 hominibus
3385 4598 3774 4670 apostolicum

351 4685 600 4742 στολικὸν
662 4691 777 4765 φῶς
836 4687 1067 4742 ἐνώπιον
1097 4690 1206 4741 τῶν
1260 4686 1584 4760 ἀνθρώπων,
1619 4681 1788 4760 ἔργων
1817 4681 2003 4738 καλῶν

2119 4685 2336 4754 lumen,
2386 4685 2664 4756 operibus
2691 4685 2864 4741 bonis
2895 4685 3241 4758 hujusmodi
3273 4687 3520 4744 luminis
3549 4687 3774 4762 lampa-

357 4775 776 4831 ὑπαναπτόντων
810 4775 900 4831 καὶ
933 4775 1295 4851 ἐκφαινόντων
1327 4775 1426 4842 τὴν
1455 4771 1720 4846 λαμπάδα
1769 4777 1866 4828 τοῦ
1917 4793 2009 4827 το-

359 4865 539 4920 ιούτου
588 4865 766 4942 φωτός
803 4908 816 4922 .
894 4865 1434 4941 Προσενθυμηθῶμεν
1493 4863 1714 4917 ἐνταῦθα
1768 4863 1858 4917 καὶ
1914 4862 2010 4925 τὰς

351 4956 500 5029 ἱερὰς
556 4954 992 5033 εἶκονογραφίας,
1025 4953 1076 5024 ἐξ
1109 4951 1182 5008 ὧν
1216 4953 1304 5008 καὶ
1337 4953 1514 5008 αὐτῶν
1572 4949 1760 5007 πολλά
1803 4950 2011 5024 μανθά-

347 5065 513 5116 νομεν
549 5043 613 5098 ού
645 5043 890 5106 λαλιαῖς.
923 5044 1257 5116 ἀναμνήσεσι
1290 5038 1348 5096 δὲ
1373 5044 1482 5096 τῶν
1513 5035 1708 5116 ἔργων,
1754 5041 1828 5094 ὧν
1875 5038 2014 5095 κατά

349 5135 478 5188 Θεὸν
531 5131 762 5206 ἔπραξαν
797 5133 850 5187 ol.
881 5135 988 5187 τῶν
1018 5130 1242 5186 εἰκόνων
1273 5130 1594 5207 ἀρχέτυποι.

419 5241 488 5296 κ’.
519 5239 737 5295 Τούτων
794 5237 850 5294 δὲ
899 5238 1044 5294 οὕτω
1099 5238 1544 5313 τεθεωρημένων,
1600 5235 1742 5291 ίτέον
1771 5235 1858 5290 ἐπὶ
1915 5235 2009 5289 τὸν

351 5334 638 5398 ποιοῦντα,
707 5329 794 5384 ναὶ
877 5326 936 5383 δὲ
1008 5327 1098 5382 καὶ
1171 5323 1517 5382 διδάσκοντα.
1575 5327 1776 5401 Ἕργου
1837 5323 2010 5379 ἐκεῖνο

353 5418 661 5491 ἐπαινετοῦ,
748 5417 918 5495 λόγου
1000 5414 1386 5472 διδασκαλικοῦ
1459 5415 1524 5470 τὸ
1583 5411 1852 5488 δεύτερον.
1912 5415 2008 5468 Καὶ

352 5507 495 5564 ἔστιν
524 5507 686 5571 αὐτὸς
745 5507 977 5569 ἐντελῶς
1041 5507 1308 5580 μακάριος
1341 5501 1490 5558 δυοῖν
1545 5503 1823 5580 ὀργάνοιν,
1877 5504 2011 5580 ἅπερ

352 5598 413 5653 ἐκ
438 5601 538 5652 τοῦ
563 5598 844 5675 πανσόφου
874 5595 1128 5674 τεχνίτου
1176 5598 1312 5650 Θεοῦ
1366 5590 1726 5666 πολυδύναμα
1781 5589 2010 5668 ἔχομεν,

351 5683 642 5742 ἀποτελῶν
696 5688 884 5743 ἑαυτὸν
936 5686 1027 5742 καὶ
1096 5684 1278 5739 εἰκόνα
1334 5681 1538 5738 ἐκείνου
1585 5682 1676 5737 καὶ
1729 5681 1877 5736 οἶκον
1922 5682 2013 5737 καὶ

355 5777 504 5846 ναὸν,
555 5777 644 5832 καὶ
694 5775 751 5833 εἷ’
772 5797 822 5833 τι
883 5773 1025 5834 ἄλλο
1082 5777 1327 5830 τοιοῦτον
1356 5771 1408 5828 ἐν
1441 5771 1671 5847 ὀνόμασι
1707 5769 2014 5848 βέλτιστον,

679 5911 954 5972 ΡΑνι-ειοι..
1001 5907 1114 5970 Gs.
1161 5904 1453 5969 CXXXV.

2119 4775 2251 4830 dem
2301 4774 2714 4830 accedentibus
2763 4778 2938 4846 atque
2984 4774 3482 4832 illuminantibus.
3530 4779 3778 4851 Insuper

2118 4863 2214 4919 hic
2243 4880 2477 4935 quoque
2503 4863 2894 4936 recogitemus
2921 4881 3119 4921 sacras
3152 4864 3462 4937 imagines,
3497 4883 3528 4922 θ
3559 4867 3775 4939 quibus

2120 4953 2264 5024 ipsis
2295 4951 2484 5008 multa
2512 4953 2798 5008 discimus
2831 4969 2946 5008 non
2977 4953 3370 5023 sermonibus,
3395 4955 3498 5011 sed
3530 4972 3775 5028 operum

2119 5041 2544 5112 recordatione,
2613 5057 2745 5112 quae
2798 5042 3128 5098 secundum
3195 5043 3381 5100 Deum
3440 5043 3773 5115 imaginum

2121 5130 2417 5202 archetypi
2450 5131 2731 5186 fecerunt.

2190 5239 2276 5292 20.
2318 5239 2416 5292 His
2469 5241 2664 5292 autem
2713 5237 2796 5291 ita
2843 5235 3248 5305 consideratis,
3300 5238 3654 5295 veniendum
3685 5245 3777 5297 est

2121 5328 2194 5383 ad
2249 5326 2584 5390 facientem,
2642 5325 2759 5380 imo
2815 5330 2872 5381 et
2921 5325 3251 5384 docentem.
3310 5326 3576 5384 Primum
3625 5346 3776 5402 opus

2120 5415 2416 5473 laudabile
2481 5419 2727 5485 spectat,
2787 5416 3111 5470 secundum
3179 5416 3252 5471 ad
3319 5432 3588 5475 normam
3646 5420 3780 5476 doc-

2121 5503 2394 5561 trinalem
2422 5503 2698 5576 pertinet.
2732 5504 2832 5558 Est
2861 5507 3059 5559 autem
3091 5503 3219 5575 ipse
3250 5521 3492 5576 prorsus
3541 5508 3779 5575 beatus,

2124 5595 2355 5651 duobus
2386 5591 2644 5665 organis,
2677 5609 2804 5665 quae
2837 5609 2870 5647 a
2921 5592 3363 5664 sapientissimo
3411 5598 3632 5653 artiﬁce
3662 5598 3782 5655 Deo

2121 5682 2535 5741 efﬁcacissima
2583 5687 2878 5749 tenemus,
2911 5698 3040 5738 sese
3089 5684 3397 5754 perficiens
3442 5686 3602 5743 illius
3630 5689 3783 5744 ima-

2121 5772 2321 5848 ginem
2371 5776 2427 5827 et
2484 5771 2726 5828 domum
2786 5775 2842 5828 et
2901 5771 3212 5844 templum,
3264 5779 3322 5830 et
3379 5775 3666 5848 quidquid
3722 5775 3783 5831 in

3381 5904 3454 5961 21
