4082 6362
365 407 477 469 651

1149 405 1574 469 EUSTATHII
1615 401 2389 468 THESSALONICENSIS
2433 399 3020 464 METROPOLITE

3685 403 3795 463 652

362 542 704 601 nominibu
751 543 841 598 est
898 539 1212 613 optimum,
1273 542 1349 606 et,
1405 541 1469 594 ut
1519 538 2011 610 opportunissime

2135 535 2469 610 καιριώτατα
2528 529 2586 587 Si
2641 529 2835 601 εἰπεῖν,
2893 526 3177 604 ἄνθρωπον
3237 531 3327 586 τὸν
3396 531 3476 596 ὡς
3547 529 3786 602 ἆληθως,

361 631 575 701 dicam,
599 629 898 686 hominem
919 629 1316 696 verissimum,
1343 627 1444 682 sed
1471 631 1528 682 et
1555 628 1794 682 beatum
1824 629 2021 698 reipsa

362 737 429 776 ac
478 719 626 775 citra
673 735 908 774 omnem
968 715 1496 788 reprehensionem.
1554 721 1622 770 Et
1671 715 2018 786 hujusmodi

362 808 578 881 speciei
633 808 971 863 obtinemus
1016 804 1354 876 qualitates,
1403 805 1455 860 si
1513 804 1865 876 magistrum
1916 803 2020 875 qui

364 914 544 971 super
572 896 748 953 caelos
779 901 866 952 est
915 896 1219 950 imitemur
1252 910 1264 949 :
1303 893 1404 966 qui
1435 893 1582 950 alias
1613 894 1853 966 quidem
1885 897 2021 949 ante

365 987 581 1044 saecula
628 1002 898 1058 operans,
949 990 1013 1038 ut
1061 981 1195 1055 quis
1244 982 1506 1038 humana
1551 982 1778 1039 ratione
1833 981 2022 1038 conci-

364 1092 502 1150 pere
533 1093 647 1130 non
696 1074 904 1141 valeat,
958 1078 1324 1145 postremum
1371 1077 1566 1128 autem
1620 1073 1822 1128 mundi
1856 1088 2020 1126 crea-

363 1166 507 1221 tioni
559 1180 800 1220 manum
847 1163 1186 1232 admovens,
1221 1161 1423 1217 statim
1473 1178 1507 1216 a
1556 1161 1844 1234 principio
1877 1165 2021 1216 tunc

362 1253 693 1309 doctrinam
742 1251 1049 1307 hominum
1100 1249 1402 1306 mentibus
1449 1249 1685 1315 indidit,
1717 1266 1845 1306 eam
1892 1265 2020 1320 qua

361 1360 430 1398 ex
459 1343 602 1415 ipsis
634 1342 763 1414 ejus
795 1341 1070 1413 operibus
1103 1345 1212 1408 est,
1245 1339 1436 1411 iisque
1467 1356 1646 1412 super
1664 1339 1924 1408 laudem,
1947 1339 2021 1394 iis

362 1432 715 1504 magniﬁcis,
750 1431 822 1486 iis
873 1429 1327 1486 rationabilibus
1379 1433 1437 1483 et
1483 1445 1665 1500 supra
1709 1429 2018 1484 rationem.

361 1521 649 1578 Erudiunt
680 1522 836 1577 enim
869 1521 983 1576 alia
1015 1519 1253 1592 quidem
1287 1518 1434 1585 coeli,
1469 1517 1583 1573 alia
1603 1522 1797 1574 autem
1821 1523 1975 1573 terra
2005 1535 2020 1588 ;

367 1615 425 1666 et
456 1609 590 1680 alia,
623 1626 751 1680 quae
773 1610 933 1680 jacet
964 1608 1022 1663 in
1065 1609 1258 1663 medio
1289 1623 1490 1662 eorum
1522 1607 1865 1663 omnimoda
1897 1605 2022 1677 ple-

362 1700 591 1755 nitudo.
635 1699 951 1754 Discebant
1003 1698 1156 1753 enim
1193 1714 1434 1768 prorsus
1467 1699 1537 1752 ab
1589 1697 1697 1752 hoc
1729 1696 1887 1752 illius
1920 1693 2023 1751 avi

358 1789 632 1846 homines
660 1788 837 1859 quod,
871 1787 1025 1844 sicut
1055 1787 1112 1842 in
1147 1787 1462 1854 creatione,
1495 1785 1576 1842 sic
1610 1790 1668 1840 et
1699 1785 1758 1840 in
1809 1786 2023 1841 creatis

363 1876 480 1932 alia
510 1876 748 1948 quidem
796 1876 1255 1948 supereminent,
1291 1874 1406 1930 alia
1435 1890 1568 1930 vero
1599 1874 1793 1930 locum
1823 1877 2026 1930 tenent

359 1966 750 2021 inferiorem:
805 1971 860 2021 et
911 1966 1076 2020 decet
1136 1981 1203 2020 ea
1263 1964 1502 2036 quidem
1561 1964 1621 2019 in
1683 1964 2028 2020 hominibus

362 2054 644 2110 sublimia
693 2052 1143 2126 splendidaque,
1181 2053 1512 2110 veneranda
1542 2052 1884 2124 intactaque
1913 2053 2029 2108 hu-

358 2143 693 2200 milioribus
741 2160 871 2200 esse
920 2143 1238 2216 (siquidem
1291 2147 1350 2197 et
1399 2159 1526 2214 quae
1574 2151 1708 2198 sunt
1761 2159 2024 2210 sursum,

356 2233 498 2289 talia
545 2233 734 2305 sunt),
766 2250 892 2305 quae
937 2249 1073 2289 vero
1125 2233 1402 2288 deorsum
1435 2237 1494 2288 et
1541 2231 1788 2288 humilia
1818 2235 2025 2288 etnon

353 2321 758 2394 splendentia‘,
821 2337 959 2377 eum
1017 2339 1192 2394 quem
1251 2321 1458 2377 sortita
1517 2326 1697 2390 sunt,
1758 2321 2023 2377 ordinem

353 2427 571 2478 amare,
602 2410 973 2483 propriisque
1001 2409 1274 2466 terminis
1307 2409 1738 2466 circumscribi.
1762 2413 1831 2464 Et
1856 2425 2025 2466 mens

350 2499 557 2556 exinde
609 2499 866 2572 concipit
921 2500 1359 2570 superjacentia
1417 2500 1664 2570 ideoque
1715 2497 2026 2555 venerabi-

350 2587 497 2644 liora
530 2605 712 2660 super
741 2588 1019 2644 inferiora
1044 2592 1220 2660 atque
1255 2589 1502 2644 humilia
1537 2605 1652 2644 non
1685 2587 1741 2643 in
1774 2604 2018 2656 vanum,

353 2694 457 2733 nec
491 2694 654 2744 casu,
690 2693 795 2732 nec
843 2693 912 2733 ex
942 2677 1303 2749 semetipsis,
1352 2677 1662 2763 sublimari
1707 2693 1773 2732 ac
1807 2676 2022 2760 lucere,

351 2766 455 2822 sed
499 2781 568 2822 ex
612 2767 868 2836 quodam
921 2769 1155 2822 auctore
1205 2767 1488 2822 validiore
1541 2770 1717 2838 atque
1748 2765 2020 2837 omnipo-

351 2859 534 2920 tente,
567 2855 666 2926 qui
697 2855 928 2923 quidem
966 2856 1164 2927 posuit
1194 2855 1407 2911 cmlum
1438 2857 1498 2910 in
1533 2854 1841 2925 altissimo,
1875 2871 2017 2926 sup-

352 2943 551 3015 posuit
602 2947 798 3000 autem
853 2945 1267 3000 universorum
1327 2948 1574 3000 matrem
1632 2949 1850 2999 terram
1913 2959 2019 3015 per

351 3033 596 3089 modum
628 3033 1084 3104 conjunctionis,
1120 3039 1185 3090 ut
1213 3033 1418 3106 irriget
1445 3049 1572 3090 eam
1599 3033 1832 3103 quidem
1867 3032 2012 3088 illud

350 3125 408 3176 et
438 3122 566 3194 ipsa
599 3122 866 3194 proprios
898 3127 1131 3193 generet
1162 3123 1424 3190 fructus;
1459 3123 1558 3178 sed
1595 3127 1655 3177 et
1698 3121 2013 3193 magniﬁce

348 3211 712 3283 dispensavit
739 3211 1245 3285 {inextinguibiles
1295 3211 1569 3267 lucernas
1618 3210 1906 3278 caelestes,
1947 3214 2013 3266 ut

2126 623 2217 679 xui
2281 623 2542 699 μακάριον
2602 617 2681 686 δὲ,
2737 619 2830 675 τὸν
2892 615 3063 682 ὅντως
3095 619 3186 674 καὶ
3239 617 3470 683 τελείως
3501 620 3595 675 καὶ
3655 621 3782 697 ὑπὲρ

2128 718 2300 768 πᾶσαν
2354 706 2629 767 ἀνάϐασιν.
2691 709 2797 766 Καὶ
2841 709 3038 765 τούτου
3091 712 3188 764 τοῦ
3245 705 3424 772 εἷ’δους
3466 708 3786 786 εὗρίσκομεν

2132 801 2386 876 συνοχὲα,
2447 797 2598 875 εἷ’περ
2663 797 2981 872 μιμούμεθα
3035 798 3127 853 τὸν
3187 797 3578 875 ὑπερουράνιον
3645 796 3790 854 διδά-

2131 889 2356 945 σκαλον
2417 889 2475 952 ὃς
2535 887 2723 950 ἄλλως
2778 888 2872 961 μὶν
2933 887 3039 964 πρὸ
3069 888 3178 942 τῶν
3242 887 3460 943 αἰώνων
3492 891 3690 956 ποιῶν,
3723 889 3791 954 ὡς

2132 980 2232 1034 οὐκ
2264 979 2324 1034 ἂν
2355 999 2438 1041 τις
2492 977 2844 1049 ἐννοήσασθαι
2879 981 3135 1054 λογισμῷ
3163 975 3487 1053 ἀνθρωπίνῳ
3530 976 3791 1056 ἐφίκοιτο,

2132 1065 2438 1144 ὕστερονδὲ
2490 1071 2560 1141 τῇ
2618 1070 2714 1123 τοῦ
2743 1066 2956 1140 κόσμου
3006 1067 3225 1136 ποιήσει
3276 1060 3582 1136 ἐπιϐαλὼν,
3644 1064 3789 1122 διδα-

2133 1155 2359 1212 σκαλίαν
2417 1155 2610 1212 αὐτίκα
2663 1155 2787 1211 τότε
2851 1156 2951 1225 τήν
2994 1155 3174 1230 ἀρχὴν
3199 1159 3318 1217 ταῖς
3345 1159 3456 1210 τῶν
3487 1155 3786 1231 ἀνθρώπων

2131 1251 2338 1324 ψυχαῖς
2388 1240 2856 1321 προκατεϐάλετο,
2883 1245 2985 1314 τὴν
3017 1243 3069 1315 ἐξ
3099 1243 3273 1298 αὐτῶν
3302 1248 3414 1299 τῶν
3473 1240 3646 1321 ἔργων
3697 1243 3787 1300 αὗ-

2131 1339 2249 1406 τοῦ,
2284 1340 2391 1391 τῶν
2423 1337 2563 1412 πέρα
2594 1332 2776 1406 δόξης,
2807 1338 2914 1390 τῶν
2948 1331 3330 1405 παντοδαπῶν,
3361 1337 3472 1388 τῶν
3503 1335 3595 1388 καὶ
3627 1332 3783 1391 ἐλλό-

2132 1446 2244 1500 γων
2300 1426 2392 1479 καὶ
2450 1425 2584 1500 ὑπὲρ
2644 1424 2829 1501 λόγον.
2892 1420 3213 1478 Παιδεόουσι
3263 1422 3367 1498 γὰρ
3437 1421 3586 1479 ἄλλα
3637 1424 3788 1499 μένὸ

2133 1513 2384 1589 οὐρανὸς,
2445 1511 2593 1568 ἄλλα
2648 1511 2705 1568 δὲ
2761 1516 2795 1584 ἡ
2854 1519 2947 1590 γῆ·
3007 1512 3094 1566 καὶ
3128 1513 3340 1585 ἑτεροῖα
3367 1513 3432 1568 τὸ
3486 1513 3639 1587 μὲσῳ
3663 1512 3786 1570 τοῦ·

2131 1625 2239 1657 των
2296 1608 2554 1658 παντοῖον
2613 1600 2918 1679 πλήρωμα.
2975 1599 3354 1657 Ἐδιδάσκοντο
3413 1601 3522 1679 γὰρ
3580 1600 3788 1668 πάντως

2135 1690 2224 1747 διὰ
2252 1691 2450 1746 τούτου
2489 1692 2578 1746 καὶ
2631 1693 2683 1746 οἱ
2731 1692 2854 1747 τότε
2911 1688 3210 1767 ἅνθρωποι,
3271 1691 3369 1761 ὡς,
3420 1693 3564 1757 καθὰ
3613 1691 3665 1748 ἐν
3719 1695 3784 1767 τῇ

2133 1781 2326 1849 κτίσει,
2387 1779 2528 1836 οὕτω
2558 1782 2649 1835 καὶ
2709 1781 2760 1835 ἐν
2790 1785 2909 1842 τοῖς
2939 1782 3055 1836 κατ’
3095 1781 3264 1850 αὑτὴν
3298 1779 3364 1835 τὰ
3395 1780 3497 1854 μὲν
3555 1782 3788 1859 ὑπερῆρ-

2132 1891 2242 1940 ται,
2300 1869 2368 1924 τὰ
2421 1867 2479 1924 δὲ
2535 1874 2801 1931 ταπεινῶς
2861 1867 2997 1946 ἔχει·
3059 1869 3149 1924 καὶ
3202 1871 3418 1943 πρέπει,
3481 1869 3548 1926 τὰ
3579 1871 3672 1945 μὶν
3701 1872 3785 1927 ἀν-

2141 1959 2386 2033 θρώποις
2447 1957 2633 2033 ὑψηλὰ
2691 1959 2780 2014 καὶ
2858 1956 3088 2033 λαμπρὰ
3161 1954 3432 2032 σεϐάσμιοι
3508 1960 3636 2015 εἶναι
3700 1961 3785 2017 καὶ

2136 2046 2297 2123 atem",
2330 2052 2447 2110 τοῖς
2477 2049 2878 2124 ταπεινοτέροις
2912 2045 3116 2119 (ἐπειδὴ
3149 2047 3238 2102 καὶ
3269 2048 3335 2102 τὰ
3381 2048 3496 2103 ἅνω
3525 2052 3782 2123 τοιαῦτα),

2132 2138 2198 2190 τά
2259 2134 2317 2191 δὲ
2366 2138 2515 2192 κάτω
2571 2137 2659 2192 καὶ
2692 2135 2918 2192 ταπεινᾶ
2946 2138 3033 2191 καὶ
3074 2139 3148 2210 μὴ
3183 2133 3609 2212 ὕπερλάμποντα
3635 2137 3777 2214 στέρ-

2131 2246 2264 2301 γειν,
2324 2227 2382 2294 ἣν
2440 2223 2663 2302 ἔλαχον,
2722 2227 2890 2298 τάξιν,
2922 2225 3011 2280 καὶ
3042 2232 3157 2287 τοῖς
3193 2225 3415 2290 οἰκείοις
3443 2225 3589 2304 ὅροις
3617 2226 3775 2301 ἐμπε-

2133 2315 2508 2392 ριγράφεσθαι.
2562 2315 2662 2369 Καὶ
2712 2319 2838 2376 νοῦς
2891 2314 3125 2378 ἐντεῦθεν
3188 2310 3577 2389 ὑποϐάλλεται,
3601 2315 3771 2372 ὅτιτᾶ

2138 2402 2497 2479 ὑπερκείμενα
2556 2403 2644 2459 καὶ
2697 2403 2840 2458 οὕτω
2890 2405 3192 2478 τιμιώτερα
3239 2405 3372 2478 ὑπὲρ
3400 2404 3466 2460 τὰ
3507 2406 3765 2481 κατώτερα

2130 2492 2218 2546 καὶ
2253 2491 2480 2547 ταπεινᾶ
2538 2491 2599 2546 οὐ
2635 2493 2808 2564 μάτην
2859 2492 2947 2547 καὶ
2981 2492 3123 2561 εἰκῆ,
3182 2490 3308 2548 οὐδὲ
3353 2493 3404 2567 ἐξ
3449 2493 3756 2566 αὐτομάτων

2134 2580 2394 2654 ὑψοῦνται
2425 2580 2512 2636 καὶ
2546 2579 2948 2655 ἐλλάμπονται,
2981 2580 3106 2635 ἀλλ’
3137 2579 3195 2636 ἔκ
3223 2602 3360 2645 τινος
3391 2579 3554 2636 αἰτίου
3579 2579 3751 2656 κρείττ

2131 2691 2288 2732 τονος
2317 2672 2406 2725 καὶ
2440 2667 2877 2745 παντοδυνάμου,
2921 2672 3284 2734 ἂνεσπακότος
3335 2669 3422 2745 μὶν
3464 2670 3545 2725 τὸν
3599 2661 3746 2743 οὗραζ

2130 2760 2220 2814 νὸν
2283 2759 2335 2814 ἐν
2393 2757 2749 2833 ὑψηλοτάτῳ,
2787 2759 3122 2834 ὑποθεμένου
3184 2757 3241 2815 δὲ
3297 2760 3394 2829 τὴν
3443 2760 3746 2834 παμμήτορα

2132 2855 2235 2923 γῆν
2293 2848 2367 2910 ὡς
2417 2846 2468 2902 ἐν
2530 2847 2786 2924 συζυγίας
2846 2844 3023 2923 λόγῳ,
3067 2847 3160 2904 ’ἶνα
3221 2845 3483 2925 ἐπαρδεύῃ
3510 2847 3595 2922 μὲν
3625 2845 3754 2902 ἐκεῖ·

2129 2958 2241 3005 νος,
2292 2936 2428 3008 αὐτή
2475 2934 2535 2992 δὲ
2565 2942 2724 3012 γεννᾷ
2754 2938 2818 2992 τὰ
2848 2940 3174 3008 καθήκοντα,
3209 2934 3662 3013 δαψιλευσαμὲνου
3705 2932 3758 2991 δὲ

2131 3021 2359 3080 ἄσϐεστα
2388 3023 2568 3102 λύχνα
2598 3025 2838 3102 οὐράνια,
2891 3025 2981 3081 τίνοι
3031 3027 3084 3081 ἐν
3149 3027 3288 3106 φωτὶ
3341 3026 3424 3082 ἀεὶ
3479 3023 3766 3103 διάγωμεν,

2127 3115 2338 3191 ἡμέρας
2376 3115 2469 3188 μὲν
2507 3112 2653 3188 ἡλίῳ
2681 3115 3192 3188 καταλαμπόμενοι,
3225 3117 3416 3181 νυκτὸς
3447 3114 3506 3174 δὲ
3537 3145 3598 3166 -ι
3630 3114 3765 3171 ἀλλὰ

2125 3205 2248 3260 τότε
2295 3202 2676 3280 πολυμὲριστα
2723 3204 3083 3267 πλουτοῦντες
3140 3211 3331 3281 φῶτα,
3393 3206 3470 3270 εἷς
3525 3209 3770 3262 τοσοῦτον

345 3315 579 3370 semper
602 3299 662 3354 in
695 3299 920 3356 lumine
950 3300 1261 3372 degamus,
1294 3300 1388 3356 die
1418 3299 1657 3372 quidem
1692 3298 2008 3354 illuminati

2125 3291 2384 3370 ἀμυδρῶς
2419 3291 2784 3349 ἀνατέλλοντα
2823 3291 2958 3371 δίχα
3011 3316 3072 3370 γε
3129 3299 3224 3350 τοῦ
3272 3297 3411 3352 κατά
3433 3297 3689 3368 σελήνην,
3719 3293 3770 3357 ἐς

346 3387 491 3457 sole,
525 3393 694 3445 nocte
735 3406 892 3456 vero,
925 3389 1058 3446 aliis
1104 3389 1437 3445 innumeris
1468 3387 1804 3444 lucentibus
1831 3387 2010 3442 lumi-

348 3477 546 3548 nibus,
580 3477 638 3532 in
687 3481 923 3534 tantum
958 3478 1322 3534 subobscure
1371 3476 1755 3549 surgentibus
1789 3477 2015 3548 absque

349 3565 576 3621 lumine
605 3565 777 3633 lunas,
823 3569 1111 3638 quantum
1144 3569 1375 3638 oportet
1419 3570 1482 3620 ut
1512 3581 1628 3620 non
1661 3565 2018 3620 advocemur

350 3654 412 3709 in
447 3653 684 3725 aliquod
732 3655 1084 3711 continuum
1134 3672 1284 3728 opus
1315 3657 1640 3727 campestre
1688 3657 1748 3708 et
1777 3653 2016 3709 aliunde

351 3742 735 3809 laboriosum,
759 3745 832 3800 ad
866 3744 1233 3815 tatigandum
1266 3759 1364 3798 eos
1387 3742 1487 3814 qui
1514 3758 1628 3798 non
1652 3743 2018 3798 sustinerent

2123 3381 2246 3438 ὅσον
2285 3383 2360 3455 μὴ
2421 3380 2811 3459 προκαλεῖσθαι
2846 3385 2995 3456 ἡμᾶς
3056 3384 3143 3438 ἐπὶ
3199 3385 3263 3440 τὸ
3289 3385 3370 3440 ἀεὶ
3400 3384 3695 3462 γεωργικόν
3723 3405 3769 3438 τι

2122 3472 2214 3526 καὶ
2247 3469 2434 3532 ἄλλως
2490 3470 2725 3547 ἐνεργὸν,
2781 3472 2856 3536 ὡς
2885 3471 3218 3547 ἆπύκάμνειν
3262 3473 3697 3550 ἀπαγορεύοντας
3724 3472 3774 3530 ἐν

2122 3563 2203 3627 τῷ
2263 3556 2527 3630 διηνεκῶς
2556 3561 2851 3629 πονεῖσθαι,
2897 3559 3023 3617 ἀλλ’
3076 3558 3224 3638 ἔχειν
3257 3561 3635 3640 ἐγρηγορότως
3680 3565 3770 3637 μὲν

2128 3646 2218 3704 διὰ
2246 3648 2344 3717 τὴν
2371 3653 2478 3703 τῶν
2513 3647 2709 3704 ἐκεῖθεν
2744 3651 2939 3728 φώτων
2970 3649 3156 3727 χάριν,
3206 3651 3666 3727 ἀναπεπαυμὲνως
3719 3649 3774 3708 δὲ

2127 3735 2216 3794 διὰ
2238 3739 2337 3807 τὴν
2371 3737 2624 3815 νύκτερον
2678 3737 3081 3813 ἐπιπρόσθεσιν.

353 3831 758 3888 intermissam
810 3849 1088 3905 operam;
1141 3833 1243 3889 sed
1293 3831 1537 3905 vigilare
1569 3831 1808 3904 quidem
1841 3849 1945 3904 per
1992 3829 2333 3904 hujusmodi
2381 3829 2678 3886 luminum
2729 3831 3000 3904 gratiam,
3029 3836 3086 3889 et
3115 3831 3416 3905 quiescam
3454 3850 3563 3907 per
3592 3834 3776 3892 noctis

354 3919 864 3994 interpositionem
892 3922 1210 3993 possimus.

414 4029 506 4083 21.
540 4028 672 4084 Haec
716 4027 897 4102 igitur
949 4029 1307 4098 ediscebant,
1356 4032 1433 4101 et,
1465 4029 1716 4086 istorum
1764 4027 2004 4098 auxilio,

341 4117 458 4174 alia
494 4117 668 4192 plura
696 4134 763 4174 ac
813 4117 1078 4174 meliora.
1113 4119 1360 4190 Insuper
1407 4123 1605 4174 autem
1640 4119 2005 4174 docebantur

338 4208 494 4280 quod
545 4212 802 4264 mentem
851 4213 908 4264 et
948 4208 1236 4265 rationem
1287 4208 1559 4264 homines
1609 4207 1914 4277 habentes,
1946 4212 2003 4264 et

335 4296 444 4353 hoc
489 4297 721 4370 insigne
751 4314 931 4369 super
962 4298 1356 4368 quodcunque
1408 4296 1566 4353 aliud
1617 4297 1837 4352 animal
1870 4295 1997 4352 feli-

334 4385 479 4441 citer
537 4386 730 4442 sortiti
785 4402 854 4441 ex
911 4385 1096 4442 altero
1155 4386 1395 4442 meliore
1454 4385 1687 4457 spiritu,
1741 4386 1998 4442 ratione-

331 4489 447 4544 quo
489 4478 825 4544 praestante,
857 4474 1126 4530 omnium
1175 4491 1302 4546 quae
1337 4478 1477 4530 sunt
1508 4475 1565 4529 in
1604 4475 1825 4529 mundo
1857 4491 1994 4530 auc-

330 4566 479 4628 tore,
513 4562 851 4633 hujusmodi
885 4563 1056 4618 bonis
1107 4563 1393 4632 ditantur,
1424 4567 1628 4634 utpote
1658 4563 2000 4620 hasreditate

2186 4026 2286 4082 xu'.
2321 4023 2504 4082 Ταῦτά
2532 4047 2591 4081 τε
2623 4026 2714 4082 οῦν
2747 4023 3118 4098 ἐδιδάσκοντο,
3150 4028 3239 4083 καὶ
3289 4025 3382 4084 διὰ
3429 4028 3611 4103 μέσων
3661 4031 3777 4086 τού-

2113 4136 2219 4170 των
2265 4111 2421 4190 ἓτερα
2472 4117 2560 4170 καὶ
2596 4115 2772 4172 πλείω
2801 4118 2892 4172 καὶ
2940 4116 3239 4192 κρείττονα·
3287 4116 3772 4195 προσεδιδὲσκοντο

2113 4201 2172 4259 δὲ
2207 4204 2297 4260 καὶ
2349 4203 2431 4259 ὅτι
2461 4209 2584 4260 νοῦν
2636 4206 2724 4261 καὶ
2758 4203 2924 4280 λόγον
2961 4207 3013 4262 οἱ
3055 4205 3330 4284 ἄνθρωποι
3384 4203 3634 4284 σχόντες,
3683 4211 3772 4266 καὶ

2107 4298 2269 4350 τοῦτο
2304 4293 2572 4370 ἐξαίρετον
2610 4296 2740 4372 ὑπὲρ
2789 4299 2925 4365 ζῶον
2988 4297 3126 4353 ἅπαν
3177 4296 3318 4354 ἄλλο
3377 4296 3774 4375 εὐκληροῦντες

2111 4380 2170 4439 ἔκ
2198 4385 2362 4440 ποθεν
2398 4383 2706 4460 κρείττονος
2735 4385 2920 4460 ἑτάρου
2967 4387 3059 4441 καὶ
3098 4391 3194 4442 νοῦ
3242 4387 3335 4442 καὶ
3383 4384 3576 4464 λόγου,
3639 4389 3775 4445 πάν-

2108 4494 2222 4528 των
2254 4478 2360 4527 τῶν
2385 4472 2522 4528 κατᾶ
2569 4470 2773 4548 κόσμον
2805 4474 3000 4550 αἰτίου,
3061 4476 3127 4531 τὰ
3176 4481 3398 4533 τοιαῦτα
3439 4475 3773 4534 πλουτοῦσιν

2109 4563 2298 4638 ἀγαθὰ,
2358 4562 2487 4617 ὡσεὶ
2533 4563 2622 4618 καὶ
2670 4561 2879 4640 κλῆρον
2947 4568 3256 4637 καθήκοντα
3306 4567 3383 4632 εἷς
3440 4566 3662 4632 αὐτούς·
3715 4570 3769 4624 ὃν

329 4652 403 4707 ad
437 4651 598 4722 ipsos
623 4650 952 4723 pertinente
979 4670 992 4720 ;
1027 4669 1206 4724 quam
1228 4668 1449 4722 semper
1471 4654 1646 4707 etiam
1681 4651 2000 4724 requirere,

2125 4651 2203 4708 (αἱ
2257 4651 2426 4727 ἐχρῆν
2489 4651 2763 4724 ἐπιζηνεῖν
2822 4653 2997 4725 ἐσαεὶ,
3055 4657 3182 4712 ὡσεί
3231 4658 3321 4713 καὶ
3370 4663 3498 4719 παῖς
3545 4659 3768 4736 εὐγενὴς

330 4740 486 4796 sicut
517 4738 734 4795 nobilis
784 4738 941 4795 ﬁlius
993 4741 1296 4812 proprium
1349 4745 1599 4812 patrem,
1634 4745 1883 4812 oportet.
1927 4743 1998 4798 Et

327 4829 413 4886 sic
443 4828 683 4900 quidem
707 4828 818 4900 ipsi
839 4830 1166 4886 doctrinam
1198 4829 1567 4902 accipiebant
1589 4827 1994 4888 absconditam

326 4935 506 4992 quam
537 4918 798 4976 mundus
850 4917 997 4990 ipsis
1049 4919 1399 4990 subjiciebat
1446 4922 1798 4991 conspectus
1828 4925 1887 4977 et
1931 4925 1996 4977 ut

328 5010 496 5065 decet
527 5007 908 5081 recogitatus.

393 5116 484 5170 22.
517 5116 664 5173 Cum
699 5118 896 5170 autem
929 5113 1075 5170 illud
1119 5116 1324 5173 efﬁcax
1357 5133 1390 5173 a
1420 5117 1537 5173 Deo
1569 5117 1990 5174 documentum

326 5204 520 5262 nullos
550 5204 840 5260 inveniret
884 5209 1141 5261 mentem
1193 5207 1263 5262 ad
1295 5206 1494 5278 ipsum
1547 5206 1853 5275 habentes,
1889 5207 1990 5264 sed

321 5309 497 5365 prave
526 5293 927 5367 intelligerent
958 5294 1115 5350 hunc
1147 5294 1516 5367 primitivum
1557 5295 1856 5368 spiritum,
1891 5296 1992 5366 qui

327 5386 386 5437 et
441 5383 686 5453 spiritus
760 5382 1055 5457 angelicas
1134 5386 1372 5452 creavit,
1429 5390 1487 5441 et
1546 5383 1826 5441 mortales
1885 5385 1986 5456 qui

324 5469 501 5539 paulo
534 5471 731 5527 minus
762 5472 834 5527 ab
866 5471 1093 5544 angelis
1129 5478 1289 5542 sunt,
1321 5491 1388 5530 ac
1420 5474 1476 5528 in
1512 5473 1832 5531 amentiam
1864 5473 1988 5546 ple-

321 5557 493 5629 rique
525 5558 786 5615 daemone
817 5559 973 5631 pulsi
1024 5567 1519 5632 converterentur,
1555 5567 1611 5621 et
1644 5580 1758 5619 non
1793 5562 1986 5620 solum

317 5643 378 5700 in
409 5644 545 5701 aliis
598 5646 956 5716 quibusdam
1009 5650 1358 5723 insanirent,
1392 5654 1492 5708 sed
1526 5656 1580 5709 et
1631 5656 1822 5710 creata
1859 5669 1988 5709 cor-

317 5731 750 5808 ruptibiliaque
771 5735 828 5790 in
854 5737 1016 5808 deos,
1043 5745 1442 5812 repugnantes
1462 5740 1986 5818 Deohextollerent,

2105 4740 2310 4815 πατέρα
2338 4739 2428 4796 τὸν
2465 4738 2624 4799 ἴδιον.
2688 4743 2786 4797 Καὶ
2847 4742 2989 4799 οὕτω
3045 4745 3140 4817 μὲν
3197 4746 3356 4801 αὐτοὶ
3415 4742 3770 4810 διδασκαλίας

2106 4829 2255 4905 εἶχον
2307 4830 2690 4907 σεσιγημὲνης,
2749 4834 2810 4902 ἢν
2867 4834 2894 4888 ὁ
2951 4834 3160 4908 κόσμος
3219 4834 3404 4898 αὐτοῖς
3457 4831 3764 4892 ὑπέϐαλλεν

2105 4920 2408 4996 ὁρώμενος,
2439 4921 2528 4975 xui
2559 4921 2634 4985 ὡς
2665 4917 2772 4977 ἔδει
2804 4928 3261 4998 κατανοοῦμενοςο

2173 5118 2277 5194 κβ’.
2312 5118 2464 5176 Ἐπεὶ
2514 5114 2571 5172 δὲ
2621 5117 2683 5173 τὸ
2726 5114 3038 5194 ἔμπρακτον
3083 5125 3246 5177 τοῦτο
3303 5120 3363 5177 ἐκ
3417 5123 3553 5179 Θεοῦ
3617 5119 3759 5178 διδα-

2100 5205 2324 5263 σκάλιον
2377 5204 2598 5269 οὐδένας
2657 5205 2935 5281 εὕρισκεν,
3004 5203 3233 5284 ἔχοντας
3289 5212 3384 5266 τὸν
3444 5214 3568 5266 νοῦν
3627 5211 3750 5287 πρὸς

2103 5298 2252 5369 αὐτῷ
2305 5295 2451 5352 ἀλλὰ
2509 5294 2804 5371 παρενόουν
2846 5298 2938 5352 τὸν
3006 5300 3319 5375 πρώτιστον
3366 5303 3516 5369 νοῦν,
3569 5302 3633 5366 ὃς
3674 5298 3752 5354 καὶ

2100 5387 2226 5448 τοὺς
2261 5383 2586 5463 ἀγγελικοὺς
2635 5385 2761 5446 νόας
2811 5386 3100 5461 ὑπέστησε,
3155 5390 3245 5444 καὶ
3300 5389 3449 5461 τοὺς,
3486 5391 3606 5445 ὅσοι
3655 5393 3755 5445 τῶν

2105 5474 2285 5550 βραχύ
2312 5497 2363 5531 τι
2395 5477 2522 5550 παρ’
2579 5473 2841 5552 ἄγγὲλους
2896 5475 3304 5553 ἡλαττωμὲνων
3366 5479 3492 5548 εἶσὶ,
3543 5481 3637 5534 καί
3688 5477 3763 5540 εἰς

2049 5624 2062 5639 ο
2103 5563 2359 5621 ἀπόνοιαν
2421 5567 2475 5620 oi
2529 5563 2756 5628 πλείους
2801 5562 3142 5639 δαιμονιώδη
3197 5569 3624 5646 παρετρὲποντο,
3675 5567 3765 5624 καὶ

2103 5652 2164 5708 οὗ
2201 5652 2365 5726 μόνον
2399 5653 2546 5711 ἄλλα
2573 5655 2697 5710 τινὰ
2718 5656 3115 5733 παρεφρόνουν,
3151 5656 3297 5714 ἀλλά
3339 5657 3528 5714 καὶτὰ
3572 5656 3767 5714 κτιστὰ

2097 5743 2187 5799 xui
2245 5744 2456 5820 φθαρτὰ
2491 5743 2592 5819 ⁵εἷς
2653 5742 2807 5809 θεοὺς
2867 5745 3561 5823 ἀνῆγονιθεομαχοῦντεςο
3629 5747 3758 5802 τότε
