  <div class='ocr_page' id='page_1' title='image "/cluster/home/n/w/nwhite01/storage/ocr_20150623/135:no.2/coo.31924054870401/332.png"; bbox 0 0 4082 6376; ppageno 0'>
   <div class='ocr_carea' id='block_1_1' title="bbox 353 436 474 495">
    <p class='ocr_par' dir='ltr' id='par_1_1' title="bbox 353 436 474 495">
     <span class='ocr_line' id='line_1_1' title="bbox 353 436 474 495; baseline 0 0"><span class='ocrx_word' id='word_1_1' title='bbox 353 436 474 495; x_wconf 78' lang='grc'>653</span> 
     </span>
    </p>
   </div>
   <div class='ocr_carea' id='block_1_2' title="bbox 1356 428 2779 502">
    <p class='ocr_par' dir='ltr' id='par_1_2' title="bbox 1356 428 2779 502">
     <span class='ocr_line' id='line_1_2' title="bbox 1356 428 2779 502; baseline 0 -12"><span class='ocrx_word' id='word_1_2' title='bbox 1356 430 1438 490; x_wconf 89' lang='lat' dir='ltr'>lN</span> <span class='ocrx_word' id='word_1_3' title='bbox 1483 431 1549 493; x_wconf 92' lang='lat' dir='ltr'>S.</span> <span class='ocrx_word' id='word_1_4' title='bbox 1597 428 2290 502; x_wconf 80' lang='lat' dir='ltr'>OUADRAGESIMAM</span> <span class='ocrx_word' id='word_1_5' title='bbox 2333 428 2625 490; x_wconf 81' lang='lat' dir='ltr'>ORATIO</span> <span class='ocrx_word' id='word_1_6' title='bbox 2672 430 2779 490; x_wconf 91' lang='lat' dir='ltr'>Ill.</span> 
     </span>
    </p>
   </div>
   <div class='ocr_carea' id='block_1_3' title="bbox 3658 432 3778 494">
    <p class='ocr_par' dir='ltr' id='par_1_3' title="bbox 3658 432 3778 494">
     <span class='ocr_line' id='line_1_3' title="bbox 3658 432 3778 494; baseline 0.008 -2"><span class='ocrx_word' id='word_1_7' title='bbox 3658 432 3778 494; x_wconf 76' lang='lat'>654</span> 
     </span>
    </p>
   </div>
   <div class='ocr_carea' id='block_1_4' title="bbox 358 559 2023 639">
    <p class='ocr_par' dir='ltr' id='par_1_4' title="bbox 358 559 2015 639">
     <span class='ocr_line' id='line_1_4' title="bbox 358 559 2015 639; baseline -0.004 -16"><span class='ocrx_word' id='word_1_8' title='bbox 358 565 424 638; x_wconf 78' lang='grc' dir='ltr'>δὴ</span> <span class='ocrx_word' id='word_1_9' title='bbox 458 565 690 638; x_wconf 74' lang='grc' dir='ltr'>ἐλεήσας</span> <span class='ocrx_word' id='word_1_10' title='bbox 741 563 869 628; x_wconf 74' lang='grc' dir='ltr'>τοὺς</span> <span class='ocrx_word' id='word_1_11' title='bbox 913 563 1197 626; x_wconf 72' lang='grc' dir='ltr'>τοιούτους</span> <span class='ocrx_word' id='word_1_12' title='bbox 1242 564 1343 632; x_wconf 79' lang='grc' dir='ltr'>τῆς</span> <span class='ocrx_word' id='word_1_13' title='bbox 1391 559 1702 639; x_wconf 76' lang='grc' dir='ltr'>παροινίας,</span> <span class='ocrx_word' id='word_1_14' title='bbox 1754 560 1844 617; x_wconf 86' lang='grc' dir='ltr'>καὶ</span> <span class='ocrx_word' id='word_1_15' title='bbox 1891 581 2015 617; x_wconf 91' lang='grc' dir='ltr'>ποι-</span> 
     </span>
    </p>
   </div>
   <div class='ocr_carea' id='block_1_5' title="bbox 2139 559 3782 639">
    <p class='ocr_par' dir='ltr' id='par_1_5' title="bbox 2139 562 3782 635">
     <span class='ocr_line' id='line_1_5' title="bbox 2139 562 3782 635; baseline 0.002 -18"><span class='ocrx_word' id='word_1_16' title='bbox 2139 593 2198 605; x_wconf 87' lang='lat'>—-</span> <span class='ocrx_word' id='word_1_17' title='bbox 2226 566 2351 619; x_wconf 92' lang='lat' dir='ltr'>tum</span> <span class='ocrx_word' id='word_1_18' title='bbox 2382 563 2664 619; x_wconf 82' lang='lat' dir='ltr'>misertus</span> <span class='ocrx_word' id='word_1_19' title='bbox 2695 562 2928 618; x_wconf 91' lang='lat' dir='ltr'>illorum</span> <span class='ocrx_word' id='word_1_20' title='bbox 2960 563 3287 632; x_wconf 65' lang='lat' dir='ltr'>dementiae,</span> <span class='ocrx_word' id='word_1_21' title='bbox 3319 564 3420 635; x_wconf 87' lang='lat' dir='ltr'>qui</span> <span class='ocrx_word' id='word_1_22' title='bbox 3455 566 3667 621; x_wconf 87' lang='lat' dir='ltr'>cuncta</span> <span class='ocrx_word' id='word_1_23' title='bbox 3693 564 3782 621; x_wconf 83' lang='lat' dir='ltr'>fe-</span> 
     </span>
    </p>
   </div>
   <div class='ocr_carea' id='block_1_6' title="bbox 357 648 2016 728">
    <p class='ocr_par' dir='ltr' id='par_1_6' title="bbox 357 648 2016 728">
     <span class='ocr_line' id='line_1_6' title="bbox 357 648 2016 728; baseline -0.004 -16"><span class='ocrx_word' id='word_1_24' title='bbox 357 659 496 728; x_wconf 67' lang='grc' dir='ltr'>¹ιιςσας</span> <span class='ocrx_word' id='word_1_25' title='bbox 523 655 592 712; x_wconf 78' lang='grc' dir='ltr'>τὰ</span> <span class='ocrx_word' id='word_1_26' title='bbox 650 654 825 711; x_wconf 87' lang='grc' dir='ltr'>πάντα</span> <span class='ocrx_word' id='word_1_27' title='bbox 879 653 969 710; x_wconf 85' lang='grc' dir='ltr'>καὶ</span> <span class='ocrx_word' id='word_1_28' title='bbox 1029 651 1085 709; x_wconf 73' lang='grc' dir='ltr'>εὖ</span> <span class='ocrx_word' id='word_1_29' title='bbox 1136 653 1392 723; x_wconf 76' lang='grc' dir='ltr'>ποιήσας,</span> <span class='ocrx_word' id='word_1_30' title='bbox 1447 649 1664 707; x_wconf 81' lang='grc' dir='ltr'>εὐδοκεῖ</span> <span class='ocrx_word' id='word_1_31' title='bbox 1714 649 1796 706; x_wconf 84' lang='grc' dir='ltr'>ἐπ’</span> <span class='ocrx_word' id='word_1_32' title='bbox 1826 648 2016 724; x_wconf 83' lang='grc' dir='ltr'>ἐκείνῳ</span> 
     </span>
    </p>
   </div>
   <div class='ocr_carea' id='block_1_7' title="bbox 355 739 2014 820">
    <p class='ocr_par' dir='ltr' id='par_1_7' title="bbox 355 739 2014 820">
     <span class='ocr_line' id='line_1_7' title="bbox 355 739 2014 820; baseline -0.004 -18"><span class='ocrx_word' id='word_1_33' title='bbox 355 752 436 820; x_wconf 78' lang='grc' dir='ltr'>τῷ</span> <span class='ocrx_word' id='word_1_34' title='bbox 478 751 710 815; x_wconf 87' lang='grc' dir='ltr'>ποιῆσαι</span> <span class='ocrx_word' id='word_1_35' title='bbox 757 744 825 799; x_wconf 75' lang='grc' dir='ltr'>τὰ</span> <span class='ocrx_word' id='word_1_36' title='bbox 874 747 1085 819; x_wconf 90' lang='grc' dir='ltr'>πρῶτα,</span> <span class='ocrx_word' id='word_1_37' title='bbox 1139 743 1251 798; x_wconf 74' lang='grc' dir='ltr'>εἶτα</span> <span class='ocrx_word' id='word_1_38' title='bbox 1297 740 1387 796; x_wconf 83' lang='grc' dir='ltr'>καί</span> <span class='ocrx_word' id='word_1_39' title='bbox 1436 739 1664 814; x_wconf 80' lang='grc' dir='ltr'>διδάξαι·</span> <span class='ocrx_word' id='word_1_40' title='bbox 1716 741 1804 796; x_wconf 86' lang='grc' dir='ltr'>καὶ</span> <span class='ocrx_word' id='word_1_41' title='bbox 1851 745 2014 796; x_wconf 90' lang='grc' dir='ltr'>τοῦτο</span> 
     </span>
    </p>
   </div>
   <div class='ocr_carea' id='block_1_8' title="bbox 357 827 2014 910">
    <p class='ocr_par' dir='ltr' id='par_1_8' title="bbox 357 827 2014 910">
     <span class='ocr_line' id='line_1_8' title="bbox 357 827 2014 910; baseline -0.005 -19"><span class='ocrx_word' id='word_1_42' title='bbox 357 833 694 910; x_wconf 82' lang='grc' dir='ltr'>πολυτρόπῳ</span> <span class='ocrx_word' id='word_1_43' title='bbox 752 829 968 907; x_wconf 81' lang='grc' dir='ltr'>μεθόδῳ</span> <span class='ocrx_word' id='word_1_44' title='bbox 1018 829 1646 910; x_wconf 71' lang='grc' dir='ltr'>ἰπιφιλοτιμησάμενος,</span> <span class='ocrx_word' id='word_1_45' title='bbox 1687 827 2014 886; x_wconf 84' lang='grc' dir='ltr'>ἀποστέλλει</span> 
     </span>
    </p>
   </div>
   <div class='ocr_carea' id='block_1_9' title="bbox 360 917 2015 1001">
    <p class='ocr_par' dir='ltr' id='par_1_9' title="bbox 360 917 2015 1001">
     <span class='ocr_line' id='line_1_9' title="bbox 360 917 2015 1001; baseline -0.005 -20"><span class='ocrx_word' id='word_1_46' title='bbox 360 924 689 1001; x_wconf 87' lang='grc' dir='ltr'>θεράποντας</span> <span class='ocrx_word' id='word_1_47' title='bbox 747 922 912 977; x_wconf 79' lang='grc' dir='ltr'>αὐτοῦ</span> <span class='ocrx_word' id='word_1_48' title='bbox 973 918 1334 982; x_wconf 71' lang='grc' dir='ltr'>διδασκάλους</span> <span class='ocrx_word' id='word_1_49' title='bbox 1386 925 1495 975; x_wconf 90' lang='grc' dir='ltr'>τῶν</span> <span class='ocrx_word' id='word_1_50' title='bbox 1553 919 1708 984; x_wconf 83' lang='grc' dir='ltr'>θείων</span> <span class='ocrx_word' id='word_1_51' title='bbox 1770 917 2015 992; x_wconf 84' lang='grc' dir='ltr'>θελημά-</span> 
     </span>
    </p>
   </div>
   <div class='ocr_carea' id='block_1_10' title="bbox 361 1006 2013 1086">
    <p class='ocr_par' dir='ltr' id='par_1_10' title="bbox 361 1006 2013 1086">
     <span class='ocr_line' id='line_1_10' title="bbox 361 1006 2013 1086; baseline -0.004 -16"><span class='ocrx_word' id='word_1_52' title='bbox 361 1035 467 1070; x_wconf 91' lang='grc' dir='ltr'>των</span> <span class='ocrx_word' id='word_1_53' title='bbox 498 1010 766 1074; x_wconf 80' lang='grc' dir='ltr'>πολλούς’</span> <span class='ocrx_word' id='word_1_54' title='bbox 799 1011 851 1066; x_wconf 84' lang='grc' dir='ltr'>έν</span> <span class='ocrx_word' id='word_1_55' title='bbox 885 1010 967 1072; x_wconf 78' lang='grc' dir='ltr'>οἷς</span> <span class='ocrx_word' id='word_1_56' title='bbox 1015 1008 1147 1086; x_wconf 81' lang='grc' dir='ltr'>δίχα</span> <span class='ocrx_word' id='word_1_57' title='bbox 1176 1013 1286 1065; x_wconf 88' lang='grc' dir='ltr'>τῶν</span> <span class='ocrx_word' id='word_1_58' title='bbox 1329 1006 1538 1078; x_wconf 78' lang='grc' dir='ltr'>ὀίλλών,</span> <span class='ocrx_word' id='word_1_59' title='bbox 1569 1012 1679 1065; x_wconf 91' lang='grc' dir='ltr'>τῶν</span> <span class='ocrx_word' id='word_1_60' title='bbox 1709 1009 1800 1064; x_wconf 82' lang='grc' dir='ltr'>καὶ</span> <span class='ocrx_word' id='word_1_61' title='bbox 1834 1011 2013 1084; x_wconf 81' lang='grc' dir='ltr'>σοφῶν</span> 
     </span>
    </p>
   </div>
   <div class='ocr_carea' id='block_1_11' title="bbox 363 1096 2014 1177">
    <p class='ocr_par' dir='ltr' id='par_1_11' title="bbox 363 1096 2014 1177">
     <span class='ocr_line' id='line_1_11' title="bbox 363 1096 2014 1177; baseline -0.003 -18"><span class='ocrx_word' id='word_1_62' title='bbox 363 1102 450 1159; x_wconf 72' lang='grc' dir='ltr'>καὶ</span> <span class='ocrx_word' id='word_1_63' title='bbox 503 1096 860 1177; x_wconf 84' lang='grc' dir='ltr'>πολυσχιδῶν</span> <span class='ocrx_word' id='word_1_64' title='bbox 898 1144 912 1170; x_wconf 92' lang='grc'>,</span> <span class='ocrx_word' id='word_1_65' title='bbox 965 1099 1056 1154; x_wconf 87' lang='grc' dir='ltr'>καὶ</span> <span class='ocrx_word' id='word_1_66' title='bbox 1134 1103 1407 1177; x_wconf 78' lang='grc' dir='ltr'>προφῆται</span> <span class='ocrx_word' id='word_1_67' title='bbox 1483 1097 1668 1173; x_wconf 90' lang='grc' dir='ltr'>γένους</span> <span class='ocrx_word' id='word_1_68' title='bbox 1738 1096 2014 1172; x_wconf 64' lang='grc' dir='ltr'>ἑκατέρου.</span> 
     </span>
    </p>
   </div>
   <div class='ocr_carea' id='block_1_12' title="bbox 360 1184 2016 1265">
    <p class='ocr_par' dir='ltr' id='par_1_12' title="bbox 360 1184 2016 1265">
     <span class='ocr_line' id='line_1_12' title="bbox 360 1184 2016 1265; baseline -0.004 -19"><span class='ocrx_word' id='word_1_69' title='bbox 360 1188 494 1246; x_wconf 72' lang='grc' dir='ltr'>Οὐδὲ</span> <span class='ocrx_word' id='word_1_70' title='bbox 536 1190 638 1265; x_wconf 80' lang='grc' dir='ltr'>γὰρ</span> <span class='ocrx_word' id='word_1_71' title='bbox 688 1186 814 1245; x_wconf 70' lang='grc' dir='ltr'>οὐδὲ</span> <span class='ocrx_word' id='word_1_72' title='bbox 859 1188 920 1244; x_wconf 84' lang='grc' dir='ltr'>τὸ</span> <span class='ocrx_word' id='word_1_73' title='bbox 973 1186 1118 1253; x_wconf 81' lang='grc' dir='ltr'>θῆλυ</span> <span class='ocrx_word' id='word_1_74' title='bbox 1163 1185 1446 1250; x_wconf 76' lang='grc' dir='ltr'>ἀσυντελὶς</span> <span class='ocrx_word' id='word_1_75' title='bbox 1496 1184 1612 1242; x_wconf 65' lang='grc' dir='ltr'>οὐδ’</span> <span class='ocrx_word' id='word_1_76' title='bbox 1671 1185 1898 1250; x_wconf 81' lang='grc' dir='ltr'>ἐνταῦθα</span> <span class='ocrx_word' id='word_1_77' title='bbox 1938 1185 2016 1248; x_wconf 77' lang='grc' dir='ltr'>εἲς</span> 
     </span>
    </p>
   </div>
   <div class='ocr_carea' id='block_1_13' title="bbox 360 1271 2015 1351">
    <p class='ocr_par' dir='ltr' id='par_1_13' title="bbox 360 1271 2015 1351">
     <span class='ocr_line' id='line_1_13' title="bbox 360 1271 2015 1351; baseline -0.004 -16"><span class='ocrx_word' id='word_1_78' title='bbox 360 1276 707 1336; x_wconf 76' lang='grc' dir='ltr'>διδασκαλίαν</span> <span class='ocrx_word' id='word_1_79' title='bbox 755 1276 900 1332; x_wconf 79' lang='grc' dir='ltr'>θείαν</span> <span class='ocrx_word' id='word_1_80' title='bbox 953 1271 1152 1348; x_wconf 96' lang='grc' dir='ltr'>ἀπέϐη,</span> <span class='ocrx_word' id='word_1_81' title='bbox 1203 1273 1350 1332; x_wconf 85' lang='grc' dir='ltr'>ἀλλᾶ</span> <span class='ocrx_word' id='word_1_82' title='bbox 1400 1275 1606 1332; x_wconf 82' lang='grc' dir='ltr'>πολλοὶ</span> <span class='ocrx_word' id='word_1_83' title='bbox 1647 1273 2015 1351; x_wconf 73' lang='grc' dir='ltr'>ἐδιδάχθησαν</span> 
     </span>
    </p>
   </div>
   <div class='ocr_carea' id='block_1_14' title="bbox 357 1367 767 1425">
    <p class='ocr_par' dir='ltr' id='par_1_14' title="bbox 357 1367 767 1425">
     <span class='ocr_line' id='line_1_14' title="bbox 357 1367 767 1425; baseline 0 -1"><span class='ocrx_word' id='word_1_84' title='bbox 357 1368 447 1425; x_wconf 85' lang='grc' dir='ltr'>καὶ</span> <span class='ocrx_word' id='word_1_85' title='bbox 479 1367 508 1423; x_wconf 90' lang='lat'>8</span> <span class='ocrx_word' id='word_1_86' title='bbox 519 1370 552 1423; x_wconf 85' lang='grc' dir='ltr'>ι’</span> <span class='ocrx_word' id='word_1_87' title='bbox 581 1367 767 1424; x_wconf 70' lang='grc' dir='ltr'>αὐτοῦ.</span> 
     </span>
    </p>
   </div>
   <div class='ocr_carea' id='block_1_15' title="bbox 429 1451 2016 1534">
    <p class='ocr_par' dir='ltr' id='par_1_15' title="bbox 429 1451 2016 1534">
     <span class='ocr_line' id='line_1_15' title="bbox 429 1451 2016 1534; baseline -0.003 -22"><span class='ocrx_word' id='word_1_88' title='bbox 429 1457 532 1534; x_wconf 85' lang='grc' dir='ltr'>κγ’.</span> <span class='ocrx_word' id='word_1_89' title='bbox 588 1454 738 1514; x_wconf 80' lang='grc' dir='ltr'>Ἐπεὶ</span> <span class='ocrx_word' id='word_1_90' title='bbox 795 1451 854 1510; x_wconf 73' lang='grc' dir='ltr'>δὲ</span> <span class='ocrx_word' id='word_1_91' title='bbox 922 1452 1212 1530; x_wconf 82' lang='grc' dir='ltr'>κατίσχυεν</span> <span class='ocrx_word' id='word_1_92' title='bbox 1275 1455 1302 1508; x_wconf 86' lang='grc' dir='ltr'>ὁ</span> <span class='ocrx_word' id='word_1_93' title='bbox 1366 1457 1468 1519; x_wconf 79' lang='grc' dir='ltr'>τῆς</span> <span class='ocrx_word' id='word_1_94' title='bbox 1526 1451 1794 1530; x_wconf 80' lang='grc' dir='ltr'>ἁμαρτίας</span> <span class='ocrx_word' id='word_1_95' title='bbox 1851 1452 2016 1508; x_wconf 75' lang='grc' dir='ltr'>εἰσέτι</span> 
     </span>
    </p>
   </div>
   <div class='ocr_carea' id='block_1_16' title="bbox 358 1539 2020 1620">
    <p class='ocr_par' dir='ltr' id='par_1_16' title="bbox 358 1539 2020 1620">
     <span class='ocr_line' id='line_1_16' title="bbox 358 1539 2020 1620; baseline -0.004 -18"><span class='ocrx_word' id='word_1_96' title='bbox 358 1548 530 1620; x_wconf 86' lang='grc' dir='ltr'>νόμος</span> <span class='ocrx_word' id='word_1_97' title='bbox 561 1545 650 1600; x_wconf 86' lang='grc' dir='ltr'>καὶ</span> <span class='ocrx_word' id='word_1_98' title='bbox 681 1547 745 1600; x_wconf 86' lang='grc' dir='ltr'>τὸ</span> <span class='ocrx_word' id='word_1_99' title='bbox 787 1543 904 1599; x_wconf 86' lang='grc' dir='ltr'>κατ’</span> <span class='ocrx_word' id='word_1_100' title='bbox 954 1543 1122 1611; x_wconf 78' lang='grc' dir='ltr'>αὐτὴν</span> <span class='ocrx_word' id='word_1_101' title='bbox 1173 1539 1315 1611; x_wconf 82' lang='grc' dir='ltr'>ἔθος,</span> <span class='ocrx_word' id='word_1_102' title='bbox 1363 1542 1452 1598; x_wconf 88' lang='grc' dir='ltr'>καὶ</span> <span class='ocrx_word' id='word_1_103' title='bbox 1503 1539 1632 1598; x_wconf 75' lang='grc' dir='ltr'>οὐδὲ</span> <span class='ocrx_word' id='word_1_104' title='bbox 1678 1540 1854 1604; x_wconf 78' lang='grc' dir='ltr'>οὕτως</span> <span class='ocrx_word' id='word_1_105' title='bbox 1894 1541 2020 1615; x_wconf 74' lang='grc' dir='ltr'>ἐξη-</span> 
     </span>
    </p>
   </div>
   <div class='ocr_carea' id='block_1_17' title="bbox 364 1629 2016 1712">
    <p class='ocr_par' dir='ltr' id='par_1_17' title="bbox 364 1629 2016 1712">
     <span class='ocr_line' id='line_1_17' title="bbox 364 1629 2016 1712; baseline -0.003 -22"><span class='ocrx_word' id='word_1_106' title='bbox 364 1635 606 1712; x_wconf 73' lang='grc' dir='ltr'>λείφετο,</span> <span class='ocrx_word' id='word_1_107' title='bbox 653 1631 801 1689; x_wconf 79' lang='grc' dir='ltr'>ἀλλᾶ</span> <span class='ocrx_word' id='word_1_108' title='bbox 851 1637 995 1686; x_wconf 82' lang='grc' dir='ltr'>πᾶσα</span> <span class='ocrx_word' id='word_1_109' title='bbox 1052 1629 1378 1687; x_wconf 88' lang='grc' dir='ltr'>διδασκαλία</span> <span class='ocrx_word' id='word_1_110' title='bbox 1434 1631 1522 1687; x_wconf 86' lang='grc' dir='ltr'>καὶ</span> <span class='ocrx_word' id='word_1_111' title='bbox 1604 1630 1872 1710; x_wconf 74' lang='grc' dir='ltr'>ἔγγραφος</span> <span class='ocrx_word' id='word_1_112' title='bbox 1925 1630 2016 1686; x_wconf 83' lang='grc' dir='ltr'>καὶ</span> 
     </span>
    </p>
   </div>
   <div class='ocr_carea' id='block_1_18' title="bbox 365 1715 2020 1799">
    <p class='ocr_par' dir='ltr' id='par_1_18' title="bbox 365 1715 2020 1799">
     <span class='ocr_line' id='line_1_18' title="bbox 365 1715 2020 1799; baseline -0.003 -20"><span class='ocrx_word' id='word_1_113' title='bbox 365 1725 608 1799; x_wconf 79' lang='grc' dir='ltr'>ἄγραφος</span> <span class='ocrx_word' id='word_1_114' title='bbox 660 1721 823 1797; x_wconf 89' lang='grc' dir='ltr'>ἀργὸς</span> <span class='ocrx_word' id='word_1_115' title='bbox 881 1721 970 1789; x_wconf 77' lang='grc' dir='ltr'>ἦν·</span> <span class='ocrx_word' id='word_1_116' title='bbox 1027 1720 1151 1776; x_wconf 89' lang='grc' dir='ltr'>τότε</span> <span class='ocrx_word' id='word_1_117' title='bbox 1203 1718 1271 1789; x_wconf 77' lang='grc' dir='ltr'>δὴ</span> <span class='ocrx_word' id='word_1_118' title='bbox 1331 1715 1686 1793; x_wconf 79' lang='grc' dir='ltr'>ἆμεταϐάτως</span> <span class='ocrx_word' id='word_1_119' title='bbox 1741 1719 1829 1775; x_wconf 83' lang='grc' dir='ltr'>καὶ</span> <span class='ocrx_word' id='word_1_120' title='bbox 1890 1716 2020 1774; x_wconf 68' lang='grc' dir='ltr'>οὐδὲ</span> 
     </span>
    </p>
   </div>
   <div class='ocr_carea' id='block_1_19' title="bbox 365 1805 2021 1888">
    <p class='ocr_par' dir='ltr' id='par_1_19' title="bbox 365 1805 2021 1888">
     <span class='ocr_line' id='line_1_19' title="bbox 365 1805 2021 1888; baseline -0.002 -21"><span class='ocrx_word' id='word_1_121' title='bbox 365 1811 674 1888; x_wconf 88' lang='grc' dir='ltr'>χθαμαλῶς</span> <span class='ocrx_word' id='word_1_122' title='bbox 725 1805 917 1873; x_wconf 76' lang='grc' dir='ltr'>διαϐὰς</span> <span class='ocrx_word' id='word_1_123' title='bbox 969 1807 1172 1874; x_wconf 72' lang='grc' dir='ltr'>ἄνωθεν</span> <span class='ocrx_word' id='word_1_124' title='bbox 1225 1809 1301 1872; x_wconf 69' lang='grc' dir='ltr'>εἷς</span> <span class='ocrx_word' id='word_1_125' title='bbox 1347 1811 1414 1864; x_wconf 80' lang='grc' dir='ltr'>τὰ</span> <span class='ocrx_word' id='word_1_126' title='bbox 1463 1811 1711 1878; x_wconf 68' lang='grc' dir='ltr'>ταπεινὰ,</span> <span class='ocrx_word' id='word_1_127' title='bbox 1759 1809 1848 1864; x_wconf 86' lang='grc' dir='ltr'>καὶ</span> <span class='ocrx_word' id='word_1_128' title='bbox 1900 1830 2021 1864; x_wconf 88' lang='grc' dir='ltr'>κοι-</span> 
     </span>
    </p>
   </div>
   <div class='ocr_carea' id='block_1_20' title="bbox 361 1893 2014 1976">
    <p class='ocr_par' dir='ltr' id='par_1_20' title="bbox 361 1893 2014 1976">
     <span class='ocr_line' id='line_1_20' title="bbox 361 1893 2014 1976; baseline -0.002 -20"><span class='ocrx_word' id='word_1_129' title='bbox 361 1903 611 1972; x_wconf 74' lang='grc' dir='ltr'>νωνήσας</span> <span class='ocrx_word' id='word_1_130' title='bbox 653 1904 762 1954; x_wconf 89' lang='grc' dir='ltr'>τῶν</span> <span class='ocrx_word' id='word_1_131' title='bbox 815 1899 930 1954; x_wconf 81' lang='grc' dir='ltr'>κατ’</span> <span class='ocrx_word' id='word_1_132' title='bbox 979 1895 1293 1976; x_wconf 71' lang='grc' dir='ltr'>ἄνθρωπον,</span> <span class='ocrx_word' id='word_1_133' title='bbox 1324 1898 1400 1961; x_wconf 87' lang='grc' dir='ltr'>ὡς</span> <span class='ocrx_word' id='word_1_134' title='bbox 1450 1897 1566 1972; x_wconf 86' lang='grc' dir='ltr'>Θεῷ</span> <span class='ocrx_word' id='word_1_135' title='bbox 1612 1893 1864 1976; x_wconf 77' lang='grc' dir='ltr'>ἔπρεπεν,</span> <span class='ocrx_word' id='word_1_136' title='bbox 1895 1896 2014 1953; x_wconf 75' lang='grc' dir='ltr'>ἐκά-</span> 
     </span>
    </p>
   </div>
   <div class='ocr_carea' id='block_1_21' title="bbox 363 1984 2015 2064">
    <p class='ocr_par' dir='ltr' id='par_1_21' title="bbox 363 1984 2015 2064">
     <span class='ocr_line' id='line_1_21' title="bbox 363 1984 2015 2064; baseline -0.002 -19"><span class='ocrx_word' id='word_1_137' title='bbox 363 2003 506 2056; x_wconf 81' lang='grc' dir='ltr'>θισεν</span> <span class='ocrx_word' id='word_1_138' title='bbox 541 1989 628 2044; x_wconf 75' lang='grc' dir='ltr'>ἐπὶ</span> <span class='ocrx_word' id='word_1_139' title='bbox 665 1989 862 2064; x_wconf 78' lang='grc' dir='ltr'>θρόνου</span> <span class='ocrx_word' id='word_1_140' title='bbox 914 1986 1074 2059; x_wconf 80' lang='grc' dir='ltr'>δόξης</span> <span class='ocrx_word' id='word_1_141' title='bbox 1125 1985 1536 2056; x_wconf 77' lang='grc' dir='ltr'>διδασκαλικῆς·</span> <span class='ocrx_word' id='word_1_142' title='bbox 1589 1989 1677 2043; x_wconf 84' lang='grc' dir='ltr'>καὶ</span> <span class='ocrx_word' id='word_1_143' title='bbox 1729 1986 1790 2043; x_wconf 83' lang='grc' dir='ltr'>ἐκ</span> <span class='ocrx_word' id='word_1_144' title='bbox 1822 1984 2015 2049; x_wconf 86' lang='grc' dir='ltr'>παιδὸς</span> 
     </span>
    </p>
   </div>
   <div class='ocr_carea' id='block_1_22' title="bbox 358 2075 2015 2151">
    <p class='ocr_par' dir='ltr' id='par_1_22' title="bbox 358 2075 2015 2151">
     <span class='ocr_line' id='line_1_22' title="bbox 358 2075 2015 2151; baseline -0.004 -15"><span class='ocrx_word' id='word_1_145' title='bbox 358 2077 464 2142; x_wconf 64' lang='grc' dir='ltr'>’έως</span> <span class='ocrx_word' id='word_1_146' title='bbox 512 2077 603 2133; x_wconf 78' lang='grc' dir='ltr'>καὶ</span> <span class='ocrx_word' id='word_1_147' title='bbox 661 2077 739 2140; x_wconf 77' lang='grc' dir='ltr'>εἷς</span> <span class='ocrx_word' id='word_1_148' title='bbox 792 2076 1013 2148; x_wconf 85' lang='grc' dir='ltr'>ἠλικίαν</span> <span class='ocrx_word' id='word_1_149' title='bbox 1057 2075 1271 2133; x_wconf 78' lang='grc' dir='ltr'>τελείαν</span> <span class='ocrx_word' id='word_1_150' title='bbox 1315 2076 1646 2151; x_wconf 84' lang='grc' dir='ltr'>προσμείνας</span> <span class='ocrx_word' id='word_1_151' title='bbox 1699 2078 1778 2149; x_wconf 84' lang='grc' dir='ltr'>τῷ</span> <span class='ocrx_word' id='word_1_152' title='bbox 1838 2081 2015 2132; x_wconf 85' lang='grc' dir='ltr'>ποιεῖν</span> 
     </span>
    </p>
   </div>
   <div class='ocr_carea' id='block_1_23' title="bbox 358 2165 2017 2242">
    <p class='ocr_par' dir='ltr' id='par_1_23' title="bbox 358 2165 2017 2242">
     <span class='ocr_line' id='line_1_23' title="bbox 358 2165 2017 2242; baseline -0.002 -18"><span class='ocrx_word' id='word_1_153' title='bbox 358 2169 447 2225; x_wconf 79' lang='grc' dir='ltr'>καὶ</span> <span class='ocrx_word' id='word_1_154' title='bbox 479 2165 776 2237; x_wconf 83' lang='grc' dir='ltr'>διδάσκειν,</span> <span class='ocrx_word' id='word_1_155' title='bbox 809 2165 996 2238; x_wconf 76' lang='grc' dir='ltr'>ἐξήνυε</span> <span class='ocrx_word' id='word_1_156' title='bbox 1040 2167 1106 2220; x_wconf 82' lang='grc' dir='ltr'>τὰ</span> <span class='ocrx_word' id='word_1_157' title='bbox 1151 2166 1225 2229; x_wconf 84' lang='grc' dir='ltr'>εἷς</span> <span class='ocrx_word' id='word_1_158' title='bbox 1279 2166 1553 2242; x_wconf 83' lang='grc' dir='ltr'>σωτηρίαν</span> <span class='ocrx_word' id='word_1_159' title='bbox 1605 2169 1792 2240; x_wconf 77' lang='grc' dir='ltr'>ἡμῶν,</span> <span class='ocrx_word' id='word_1_160' title='bbox 1846 2186 2017 2240; x_wconf 86' lang='grc' dir='ltr'>μακα-</span> 
     </span>
    </p>
   </div>
   <div class='ocr_carea' id='block_1_24' title="bbox 367 2249 2020 2335">
    <p class='ocr_par' dir='ltr' id='par_1_24' title="bbox 367 2249 2020 2335">
     <span class='ocr_line' id='line_1_24' title="bbox 367 2249 2020 2335; baseline -0.003 -22"><span class='ocrx_word' id='word_1_161' title='bbox 367 2259 627 2335; x_wconf 86' lang='grc' dir='ltr'>ριώτατον</span> <span class='ocrx_word' id='word_1_162' title='bbox 683 2260 850 2312; x_wconf 89' lang='grc' dir='ltr'>τοῦτο</span> <span class='ocrx_word' id='word_1_163' title='bbox 908 2254 1266 2317; x_wconf 59' lang='grc' dir='ltr'>ἐπιτετελεκὼς</span> <span class='ocrx_word' id='word_1_164' title='bbox 1321 2260 1569 2330; x_wconf 79' lang='grc' dir='ltr'>πρᾶγμα,</span> <span class='ocrx_word' id='word_1_165' title='bbox 1629 2254 1679 2327; x_wconf 78' lang='grc' dir='ltr'>ἐξ</span> <span class='ocrx_word' id='word_1_166' title='bbox 1739 2252 1800 2309; x_wconf 75' lang='grc' dir='ltr'>οὗ</span> <span class='ocrx_word' id='word_1_167' title='bbox 1856 2249 2020 2311; x_wconf 86' lang='grc' dir='ltr'>διεϐι-</span> 
     </span>
    </p>
   </div>
   <div class='ocr_carea' id='block_1_25' title="bbox 371 2341 2019 2420">
    <p class='ocr_par' dir='ltr' id='par_1_25' title="bbox 371 2341 2019 2420">
     <span class='ocr_line' id='line_1_25' title="bbox 371 2341 2019 2420; baseline -0.003 -17"><span class='ocrx_word' id='word_1_168' title='bbox 371 2343 540 2418; x_wconf 87' lang='grc' dir='ltr'>ϐάσθη</span> <span class='ocrx_word' id='word_1_169' title='bbox 589 2347 617 2401; x_wconf 77' lang='grc' dir='ltr'><strong>ὁ</strong></span> <span class='ocrx_word' id='word_1_170' title='bbox 673 2344 1016 2420; x_wconf 84' lang='grc' dir='ltr'>μακαρισμὸς</span> <span class='ocrx_word' id='word_1_171' title='bbox 1069 2343 1160 2399; x_wconf 85' lang='grc' dir='ltr'>καὶ</span> <span class='ocrx_word' id='word_1_172' title='bbox 1211 2343 1286 2406; x_wconf 82' lang='grc' dir='ltr'>είς</span> <span class='ocrx_word' id='word_1_173' title='bbox 1315 2344 1516 2407; x_wconf 79' lang='grc' dir='ltr'>πάντας</span> <span class='ocrx_word' id='word_1_174' title='bbox 1549 2341 1777 2414; x_wconf 78' lang='grc' dir='ltr'>ἄλλους,</span> <span class='ocrx_word' id='word_1_175' title='bbox 1811 2342 1862 2398; x_wconf 73' lang='grc' dir='ltr'>οἲ</span> <span class='ocrx_word' id='word_1_176' title='bbox 1902 2341 2019 2398; x_wconf 88' lang='grc' dir='ltr'>δια-</span> 
     </span>
    </p>
   </div>
   <div class='ocr_carea' id='block_1_26' title="bbox 370 2430 2021 2512">
    <p class='ocr_par' dir='ltr' id='par_1_26' title="bbox 370 2430 2021 2512">
     <span class='ocr_line' id='line_1_26' title="bbox 370 2430 2021 2512; baseline -0.003 -21"><span class='ocrx_word' id='word_1_177' title='bbox 370 2434 678 2512; x_wconf 77' lang='grc' dir='ltr'>διδεγμένοι</span> <span class='ocrx_word' id='word_1_178' title='bbox 727 2433 891 2488; x_wconf 81' lang='grc' dir='ltr'>αὐτὸν</span> <span class='ocrx_word' id='word_1_179' title='bbox 943 2437 1166 2488; x_wconf 89' lang='grc' dir='ltr'>ποιοῦσι</span> <span class='ocrx_word' id='word_1_180' title='bbox 1210 2431 1300 2488; x_wconf 85' lang='grc' dir='ltr'>καὶ</span> <span class='ocrx_word' id='word_1_181' title='bbox 1346 2430 1687 2488; x_wconf 86' lang='grc' dir='ltr'>διδάσκουσιν</span> <span class='ocrx_word' id='word_1_182' title='bbox 1728 2431 2021 2489; x_wconf 82' lang='grc' dir='ltr'>ἀποστολι-</span> 
     </span>
    </p>
   </div>
   <div class='ocr_carea' id='block_1_27' title="bbox 365 2521 2020 2598">
    <p class='ocr_par' dir='ltr' id='par_1_27' title="bbox 365 2521 2020 2598">
     <span class='ocr_line' id='line_1_27' title="bbox 365 2521 2020 2598; baseline -0.004 -16"><span class='ocrx_word' id='word_1_183' title='bbox 365 2530 493 2596; x_wconf 89' lang='grc' dir='ltr'>κῶς,</span> <span class='ocrx_word' id='word_1_184' title='bbox 551 2523 627 2579; x_wconf 84' lang='grc' dir='ltr'>ὧν</span> <span class='ocrx_word' id='word_1_185' title='bbox 684 2523 926 2597; x_wconf 67' lang='grc' dir='ltr'>ἑκατέρῳ</span> <span class='ocrx_word' id='word_1_186' title='bbox 984 2521 1267 2598; x_wconf 80' lang='grc' dir='ltr'>ἀμφότερα</span> <span class='ocrx_word' id='word_1_187' title='bbox 1332 2521 1721 2598; x_wconf 73' lang='grc' dir='ltr'>ἕνθεωροῦνται</span> <span class='ocrx_word' id='word_1_188' title='bbox 1757 2569 1772 2596; x_wconf 85' lang='grc'>,</span> <span class='ocrx_word' id='word_1_189' title='bbox 1832 2521 1880 2577; x_wconf 66' lang='grc' dir='ltr'>εἴ</span> <span class='ocrx_word' id='word_1_190' title='bbox 1929 2521 2020 2577; x_wconf 82' lang='grc' dir='ltr'>καὶ</span> 
     </span>
    </p>
   </div>
   <div class='ocr_carea' id='block_1_28' title="bbox 365 2608 2024 2688">
    <p class='ocr_par' dir='ltr' id='par_1_28' title="bbox 365 2608 2024 2688">
     <span class='ocr_line' id='line_1_28' title="bbox 365 2608 2024 2688; baseline -0.003 -17"><span class='ocrx_word' id='word_1_191' title='bbox 365 2613 552 2676; x_wconf 76' lang='grc' dir='ltr'>ἄλλως</span> <span class='ocrx_word' id='word_1_192' title='bbox 582 2614 658 2676; x_wconf 86' lang='grc' dir='ltr'>ὡς</span> <span class='ocrx_word' id='word_1_193' title='bbox 689 2613 780 2666; x_wconf 76' lang='grc' dir='ltr'>οἷα</span> <span class='ocrx_word' id='word_1_194' title='bbox 811 2608 880 2666; x_wconf 89' lang='grc' dir='ltr'>δι’</span> <span class='ocrx_word' id='word_1_195' title='bbox 932 2609 1200 2682; x_wconf 71' lang='grc' dir='ltr'>ἀλλήλων</span> <span class='ocrx_word' id='word_1_196' title='bbox 1245 2609 1468 2681; x_wconf 76' lang='grc' dir='ltr'>ἥκοντα.</span> <span class='ocrx_word' id='word_1_197' title='bbox 1523 2611 1752 2682; x_wconf 87' lang='grc' dir='ltr'>Ποίησίς</span> <span class='ocrx_word' id='word_1_198' title='bbox 1800 2633 1857 2666; x_wconf 91' lang='grc' dir='ltr'>τε</span> <span class='ocrx_word' id='word_1_199' title='bbox 1887 2611 2024 2688; x_wconf 79' lang='grc' dir='ltr'>ἀγα-</span> 
     </span>
    </p>
   </div>
   <div class='ocr_carea' id='block_1_29' title="bbox 365 2697 2023 2772">
    <p class='ocr_par' dir='ltr' id='par_1_29' title="bbox 365 2697 2023 2772">
     <span class='ocr_line' id='line_1_29' title="bbox 365 2697 2023 2772; baseline -0.002 -13"><span class='ocrx_word' id='word_1_200' title='bbox 365 2706 462 2759; x_wconf 87' lang='grc' dir='ltr'>θοῦ</span> <span class='ocrx_word' id='word_1_201' title='bbox 508 2705 690 2759; x_wconf 79' lang='grc' dir='ltr'>ἅπασα</span> <span class='ocrx_word' id='word_1_202' title='bbox 739 2699 814 2765; x_wconf 75' lang='grc' dir='ltr'>εἷς</span> <span class='ocrx_word' id='word_1_203' title='bbox 863 2697 1214 2756; x_wconf 86' lang='grc' dir='ltr'>διδασκαλίαν</span> <span class='ocrx_word' id='word_1_204' title='bbox 1269 2699 1603 2772; x_wconf 82' lang='grc' dir='ltr'>ἀποτελευτᾷ</span> <span class='ocrx_word' id='word_1_205' title='bbox 1648 2706 1755 2756; x_wconf 91' lang='grc' dir='ltr'>τῶν</span> <span class='ocrx_word' id='word_1_206' title='bbox 1807 2699 2023 2765; x_wconf 76' lang='grc' dir='ltr'>ἐθελόν-</span> 
     </span>
    </p>
   </div>
   <div class='ocr_carea' id='block_1_30' title="bbox 366 2787 2022 2866">
    <p class='ocr_par' dir='ltr' id='par_1_30' title="bbox 366 2787 2022 2866">
     <span class='ocr_line' id='line_1_30' title="bbox 366 2787 2022 2866; baseline -0.002 -18"><span class='ocrx_word' id='word_1_207' title='bbox 366 2814 474 2848; x_wconf 88' lang='grc' dir='ltr'>των</span> <span class='ocrx_word' id='word_1_208' title='bbox 505 2791 726 2862; x_wconf 85' lang='grc' dir='ltr'>ζηλοῦν·</span> <span class='ocrx_word' id='word_1_209' title='bbox 785 2789 876 2846; x_wconf 79' lang='grc' dir='ltr'>καὶ</span> <span class='ocrx_word' id='word_1_210' title='bbox 935 2787 1260 2845; x_wconf 89' lang='grc' dir='ltr'>διδασκαλία</span> <span class='ocrx_word' id='word_1_211' title='bbox 1301 2787 1358 2844; x_wconf 73' lang='grc' dir='ltr'>δὲ</span> <span class='ocrx_word' id='word_1_212' title='bbox 1416 2789 1614 2866; x_wconf 87' lang='grc' dir='ltr'>ἀγαθοῦ</span> <span class='ocrx_word' id='word_1_213' title='bbox 1661 2788 1890 2846; x_wconf 90' lang='grc' dir='ltr'>παντοία</span> <span class='ocrx_word' id='word_1_214' title='bbox 1945 2788 2022 2853; x_wconf 75' lang='grc' dir='ltr'>εἷς</span> 
     </span>
    </p>
   </div>
   <div class='ocr_carea' id='block_1_31' title="bbox 373 2877 2021 2959">
    <p class='ocr_par' dir='ltr' id='par_1_31' title="bbox 373 2877 2021 2959">
     <span class='ocr_line' id='line_1_31' title="bbox 373 2877 2021 2959; baseline -0.001 -23"><span class='ocrx_word' id='word_1_215' title='bbox 373 2880 590 2951; x_wconf 87' lang='grc' dir='ltr'>ποίησιν</span> <span class='ocrx_word' id='word_1_216' title='bbox 641 2879 808 2934; x_wconf 75' lang='grc' dir='ltr'>αὐτοῦ</span> <span class='ocrx_word' id='word_1_217' title='bbox 859 2877 1055 2959; x_wconf 81' lang='grc' dir='ltr'>ἀφορᾷ,</span> <span class='ocrx_word' id='word_1_218' title='bbox 1105 2878 1182 2941; x_wconf 84' lang='grc' dir='ltr'>ὠς</span> <span class='ocrx_word' id='word_1_219' title='bbox 1231 2879 1532 2956; x_wconf 79' lang='grc' dir='ltr'>ἆπολήγειν</span> <span class='ocrx_word' id='word_1_220' title='bbox 1581 2881 1643 2936; x_wconf 84' lang='grc' dir='ltr'>τὸ</span> <span class='ocrx_word' id='word_1_221' title='bbox 1697 2881 1792 2954; x_wconf 73' lang='grc' dir='ltr'>μὲν</span> <span class='ocrx_word' id='word_1_222' title='bbox 1842 2884 2021 2935; x_wconf 80' lang='grc' dir='ltr'>ποιεῖν</span> 
     </span>
    </p>
   </div>
   <div class='ocr_carea' id='block_1_32' title="bbox 377 2964 2022 3040">
    <p class='ocr_par' dir='ltr' id='par_1_32' title="bbox 377 2964 2022 3040">
     <span class='ocr_line' id='line_1_32' title="bbox 377 2964 2022 3040; baseline -0.002 -15"><span class='ocrx_word' id='word_1_223' title='bbox 377 2968 455 3032; x_wconf 78' lang='grc' dir='ltr'>εἷς</span> <span class='ocrx_word' id='word_1_224' title='bbox 484 2969 547 3024; x_wconf 77' lang='grc' dir='ltr'>τὸ</span> <span class='ocrx_word' id='word_1_225' title='bbox 596 2965 884 3039; x_wconf 82' lang='grc' dir='ltr'>διδάσκειν,</span> <span class='ocrx_word' id='word_1_226' title='bbox 933 2969 995 3024; x_wconf 85' lang='grc' dir='ltr'>τὸ</span> <span class='ocrx_word' id='word_1_227' title='bbox 1041 2964 1100 3023; x_wconf 75' lang='grc' dir='ltr'>δὲ</span> <span class='ocrx_word' id='word_1_228' title='bbox 1143 2965 1411 3024; x_wconf 86' lang='grc' dir='ltr'>διδάσκειν</span> <span class='ocrx_word' id='word_1_229' title='bbox 1463 2968 1538 3025; x_wconf 77' lang='grc' dir='ltr'>εἷς</span> <span class='ocrx_word' id='word_1_230' title='bbox 1585 2970 1648 3025; x_wconf 79' lang='grc' dir='ltr'>τὸ</span> <span class='ocrx_word' id='word_1_231' title='bbox 1700 2973 1902 3040; x_wconf 79' lang='grc' dir='ltr'>ποιεῖν,</span> <span class='ocrx_word' id='word_1_232' title='bbox 1933 2968 2022 3024; x_wconf 86' lang='grc' dir='ltr'>καὶ</span> 
     </span>
    </p>
   </div>
   <div class='ocr_carea' id='block_1_33' title="bbox 379 3053 2024 3137">
    <p class='ocr_par' dir='ltr' id='par_1_33' title="bbox 379 3053 2024 3137">
     <span class='ocr_line' id='line_1_33' title="bbox 379 3053 2024 3137; baseline 0 -23"><span class='ocrx_word' id='word_1_233' title='bbox 379 3058 551 3121; x_wconf 79' lang='grc' dir='ltr'>οὕτως</span> <span class='ocrx_word' id='word_1_234' title='bbox 606 3057 682 3120; x_wconf 81' lang='grc' dir='ltr'>εἷς</span> <span class='ocrx_word' id='word_1_235' title='bbox 737 3055 896 3123; x_wconf 88' lang='grc' dir='ltr'>τέλος</span> <span class='ocrx_word' id='word_1_236' title='bbox 963 3057 1286 3136; x_wconf 80' lang='grc' dir='ltr'>ἀμφοτέρων</span> <span class='ocrx_word' id='word_1_237' title='bbox 1363 3053 1624 3114; x_wconf 81' lang='grc' dir='ltr'>ἐκϐαίνειν</span> <span class='ocrx_word' id='word_1_238' title='bbox 1693 3059 1976 3137; x_wconf 80' lang='grc' dir='ltr'>ἀμφότερα</span> <span class='ocrx_word' id='word_1_239' title='bbox 2010 3101 2024 3114; x_wconf 95' lang='grc'>.</span> 
     </span>
    </p>
   </div>
   <div class='ocr_carea' id='block_1_34' title="bbox 373 3145 2022 3225">
    <p class='ocr_par' dir='ltr' id='par_1_34' title="bbox 373 3145 2022 3225">
     <span class='ocr_line' id='line_1_34' title="bbox 373 3145 2022 3225; baseline -0.001 -21"><span class='ocrx_word' id='word_1_240' title='bbox 373 3147 481 3204; x_wconf 79' lang='grc' dir='ltr'>Καὶ</span> <span class='ocrx_word' id='word_1_241' title='bbox 538 3145 676 3202; x_wconf 76' lang='grc' dir='ltr'>ἔστιν</span> <span class='ocrx_word' id='word_1_242' title='bbox 739 3147 1011 3209; x_wconf 83' lang='grc' dir='ltr'>οἰκείωσις</span> <span class='ocrx_word' id='word_1_243' title='bbox 1057 3146 1148 3202; x_wconf 77' lang='grc' dir='ltr'>καὶ</span> <span class='ocrx_word' id='word_1_244' title='bbox 1205 3145 1339 3218; x_wconf 74' lang='grc' dir='ltr'>αὕτη</span> <span class='ocrx_word' id='word_1_245' title='bbox 1403 3145 1702 3223; x_wconf 78' lang='grc' dir='ltr'>φυλακικὴ,</span> <span class='ocrx_word' id='word_1_246' title='bbox 1764 3167 2022 3225; x_wconf 86' lang='grc' dir='ltr'>μεατχω-</span> 
     </span>
    </p>
   </div>
   <div class='ocr_carea' id='block_1_35' title="bbox 375 3235 2022 3318">
    <p class='ocr_par' dir='ltr' id='par_1_35' title="bbox 375 3235 2022 3318">
     <span class='ocr_line' id='line_1_35' title="bbox 375 3235 2022 3318; baseline 0.002 -27"><span class='ocrx_word' id='word_1_247' title='bbox 375 3235 612 3314; x_wconf 79' lang='grc' dir='ltr'>ροῦντων</span> <span class='ocrx_word' id='word_1_248' title='bbox 670 3235 938 3312; x_wconf 67' lang='grc' dir='ltr'>ἑκατέρων</span> <span class='ocrx_word' id='word_1_249' title='bbox 998 3237 1073 3300; x_wconf 77' lang='grc' dir='ltr'>εἷς</span> <span class='ocrx_word' id='word_1_250' title='bbox 1131 3236 1355 3314; x_wconf 70' lang='grc' dir='ltr'>ἑκάτερα</span> <span class='ocrx_word' id='word_1_251' title='bbox 1413 3235 1564 3315; x_wconf 87' lang='grc' dir='ltr'>λόγῳ</span> <span class='ocrx_word' id='word_1_252' title='bbox 1637 3237 2022 3318; x_wconf 80' lang='grc' dir='ltr'>ἀντιστροφῆς,</span> 
     </span>
    </p>
   </div>
   <div class='ocr_carea' id='block_1_36' title="bbox 372 3322 1746 3406">
    <p class='ocr_par' dir='ltr' id='par_1_36' title="bbox 372 3322 1746 3406">
     <span class='ocr_line' id='line_1_36' title="bbox 372 3322 1746 3406; baseline 0.001 -23"><span class='ocrx_word' id='word_1_253' title='bbox 372 3327 464 3383; x_wconf 82' lang='grc' dir='ltr'>καὶ</span> <span class='ocrx_word' id='word_1_254' title='bbox 487 3324 962 3406; x_wconf 74' lang='grc' dir='ltr'>τελεσφορούντων</span> <span class='ocrx_word' id='word_1_255' title='bbox 991 3322 1276 3404; x_wconf 76' lang='grc' dir='ltr'>ἄνθρωπον</span> <span class='ocrx_word' id='word_1_256' title='bbox 1305 3329 1399 3384; x_wconf 87' lang='grc' dir='ltr'>τὸν</span> <span class='ocrx_word' id='word_1_257' title='bbox 1429 3329 1565 3383; x_wconf 72' lang='grc' dir='ltr'>κατὰ</span> <span class='ocrx_word' id='word_1_258' title='bbox 1594 3329 1746 3386; x_wconf 80' lang='grc' dir='ltr'>Θεόν.</span> 
     </span>
    </p>
   </div>
   <div class='ocr_carea' id='block_1_37' title="bbox 445 3431 2028 3514">
    <p class='ocr_par' dir='ltr' id='par_1_37' title="bbox 445 3431 2028 3514">
     <span class='ocr_line' id='line_1_37' title="bbox 445 3431 2028 3514; baseline 0.001 -23"><span class='ocrx_word' id='word_1_259' title='bbox 445 3431 545 3492; x_wconf 83' lang='grc' dir='ltr'>κδ’.</span> <span class='ocrx_word' id='word_1_260' title='bbox 579 3434 990 3507; x_wconf 82' lang='grc' dir='ltr'>Καθεσταμένου</span> <span class='ocrx_word' id='word_1_261' title='bbox 1046 3431 1112 3504; x_wconf 83' lang='grc' dir='ltr'>δὴ</span> <span class='ocrx_word' id='word_1_262' title='bbox 1160 3432 1302 3491; x_wconf 75' lang='grc' dir='ltr'>οὕτω</span> <span class='ocrx_word' id='word_1_263' title='bbox 1348 3435 1438 3491; x_wconf 81' lang='grc' dir='ltr'>καὶ</span> <span class='ocrx_word' id='word_1_264' title='bbox 1484 3439 1582 3491; x_wconf 90' lang='grc' dir='ltr'>τοῦ</span> <span class='ocrx_word' id='word_1_265' title='bbox 1639 3436 1805 3514; x_wconf 78' lang='grc' dir='ltr'>ἄμφω</span> <span class='ocrx_word' id='word_1_266' title='bbox 1860 3440 2028 3493; x_wconf 87' lang='grc' dir='ltr'>ταῦτα</span> 
     </span>
    </p>
   </div>
   <div class='ocr_carea' id='block_1_38' title="bbox 372 3521 2028 3600">
    <p class='ocr_par' dir='ltr' id='par_1_38' title="bbox 372 3521 2028 3600">
     <span class='ocr_line' id='line_1_38' title="bbox 372 3521 2028 3600; baseline 0.001 -20"><span class='ocrx_word' id='word_1_267' title='bbox 372 3523 442 3580; x_wconf 85' lang='grc' dir='ltr'>τὰ</span> <span class='ocrx_word' id='word_1_268' title='bbox 471 3522 642 3600; x_wconf 79' lang='grc' dir='ltr'>ἄγαθᾶ</span> <span class='ocrx_word' id='word_1_269' title='bbox 671 3521 984 3593; x_wconf 82' lang='grc' dir='ltr'>δυάζοντος,</span> <span class='ocrx_word' id='word_1_270' title='bbox 1042 3524 1104 3579; x_wconf 86' lang='grc' dir='ltr'>τὸ</span> <span class='ocrx_word' id='word_1_271' title='bbox 1153 3521 1370 3597; x_wconf 86' lang='grc' dir='ltr'>δηλαδή</span> <span class='ocrx_word' id='word_1_272' title='bbox 1423 3524 1512 3580; x_wconf 78' lang='grc' dir='ltr'>καὶ</span> <span class='ocrx_word' id='word_1_273' title='bbox 1543 3530 1718 3582; x_wconf 87' lang='grc' dir='ltr'>ποιεῖν</span> <span class='ocrx_word' id='word_1_274' title='bbox 1751 3525 1841 3582; x_wconf 85' lang='grc' dir='ltr'>καὶ</span> <span class='ocrx_word' id='word_1_275' title='bbox 1871 3523 2028 3582; x_wconf 85' lang='grc' dir='ltr'>διδά-</span> 
     </span>
    </p>
   </div>
   <div class='ocr_carea' id='block_1_39' title="bbox 375 3613 2028 3691">
    <p class='ocr_par' dir='ltr' id='par_1_39' title="bbox 375 3613 2028 3691">
     <span class='ocr_line' id='line_1_39' title="bbox 375 3613 2028 3691; baseline 0.001 -20"><span class='ocrx_word' id='word_1_276' title='bbox 375 3635 548 3685; x_wconf 89' lang='grc' dir='ltr'>σκειν,</span> <span class='ocrx_word' id='word_1_277' title='bbox 579 3614 926 3670; x_wconf 73' lang='grc' dir='ltr'>ἐπισκεπτέον</span> <span class='ocrx_word' id='word_1_278' title='bbox 975 3614 1066 3670; x_wconf 83' lang='grc' dir='ltr'>καὶ</span> <span class='ocrx_word' id='word_1_279' title='bbox 1113 3616 1204 3670; x_wconf 89' lang='grc' dir='ltr'>τὸν</span> <span class='ocrx_word' id='word_1_280' title='bbox 1258 3617 1434 3687; x_wconf 85' lang='grc' dir='ltr'>πάντη</span> <span class='ocrx_word' id='word_1_281' title='bbox 1466 3613 1716 3690; x_wconf 75' lang='grc' dir='ltr'>ἕξαλλον,</span> <span class='ocrx_word' id='word_1_282' title='bbox 1759 3615 1851 3673; x_wconf 80' lang='grc' dir='ltr'>τὸν</span> <span class='ocrx_word' id='word_1_283' title='bbox 1887 3619 2028 3691; x_wconf 74' lang='grc' dir='ltr'>μήτε</span> 
     </span>
    </p>
   </div>
   <div class='ocr_carea' id='block_1_40' title="bbox 373 3701 2018 3780">
    <p class='ocr_par' dir='ltr' id='par_1_40' title="bbox 373 3701 2018 3780">
     <span class='ocr_line' id='line_1_40' title="bbox 373 3701 2018 3780; baseline 0 -18"><span class='ocrx_word' id='word_1_284' title='bbox 373 3704 642 3762; x_wconf 87' lang='grc' dir='ltr'>ποιοῦντά</span> <span class='ocrx_word' id='word_1_285' title='bbox 695 3724 748 3759; x_wconf 90' lang='grc' dir='ltr'>τι</span> <span class='ocrx_word' id='word_1_286' title='bbox 795 3703 1020 3780; x_wconf 86' lang='grc' dir='ltr'>ἀγαθὸν,</span> <span class='ocrx_word' id='word_1_287' title='bbox 1076 3701 1216 3779; x_wconf 71' lang='grc' dir='ltr'>μηδὲ</span> <span class='ocrx_word' id='word_1_288' title='bbox 1268 3706 1376 3779; x_wconf 77' lang='grc' dir='ltr'>μὴν</span> <span class='ocrx_word' id='word_1_289' title='bbox 1431 3703 1770 3763; x_wconf 85' lang='grc' dir='ltr'>διδάσκοντα·</span> <span class='ocrx_word' id='word_1_290' title='bbox 1811 3705 1900 3762; x_wconf 90' lang='grc' dir='ltr'>καὶ</span> <span class='ocrx_word' id='word_1_291' title='bbox 1934 3703 2018 3777; x_wconf 87' lang='grc' dir='ltr'>εἰή</span> 
     </span>
    </p>
   </div>
   <div class='ocr_carea' id='block_1_41' title="bbox 370 3789 2025 3872">
    <p class='ocr_par' dir='ltr' id='par_1_41' title="bbox 370 3789 2025 3872">
     <span class='ocr_line' id='line_1_41' title="bbox 370 3789 2025 3872; baseline 0.002 -22"><span class='ocrx_word' id='word_1_292' title='bbox 370 3793 434 3850; x_wconf 80' lang='grc' dir='ltr'>ἂν</span> <span class='ocrx_word' id='word_1_293' title='bbox 469 3791 632 3858; x_wconf 81' lang='grc' dir='ltr'>αὐτός</span> <span class='ocrx_word' id='word_1_294' title='bbox 674 3792 774 3848; x_wconf 79' lang='grc' dir='ltr'>οὐκ</span> <span class='ocrx_word' id='word_1_295' title='bbox 821 3791 881 3848; x_wconf 76' lang='grc' dir='ltr'>ἂν</span> <span class='ocrx_word' id='word_1_296' title='bbox 926 3789 1056 3850; x_wconf 78' lang='grc' dir='ltr'>οὖδὶ</span> <span class='ocrx_word' id='word_1_297' title='bbox 1104 3797 1239 3864; x_wconf 88' lang='grc' dir='ltr'>ζῶον</span> <span class='ocrx_word' id='word_1_298' title='bbox 1285 3791 1509 3872; x_wconf 77' lang='grc' dir='ltr'>ἄλογον,</span> <span class='ocrx_word' id='word_1_299' title='bbox 1559 3793 1688 3852; x_wconf 82' lang='grc' dir='ltr'>οὐδέ</span> <span class='ocrx_word' id='word_1_300' title='bbox 1729 3817 1812 3860; x_wconf 90' lang='grc' dir='ltr'>τις</span> <span class='ocrx_word' id='word_1_301' title='bbox 1868 3795 2025 3872; x_wconf 71' lang='grc' dir='ltr'>ἑτέρα</span> 
     </span>
    </p>
   </div>
   <div class='ocr_carea' id='block_1_42' title="bbox 369 3880 2024 3962">
    <p class='ocr_par' dir='ltr' id='par_1_42' title="bbox 369 3880 2024 3962">
     <span class='ocr_line' id='line_1_42' title="bbox 369 3880 2024 3962; baseline 0.001 -22"><span class='ocrx_word' id='word_1_302' title='bbox 369 3887 479 3940; x_wconf 84' lang='grc' dir='ltr'>τῶν</span> <span class='ocrx_word' id='word_1_303' title='bbox 513 3880 848 3962; x_wconf 78' lang='grc' dir='ltr'>ἀλλοφύλων</span> <span class='ocrx_word' id='word_1_304' title='bbox 890 3881 1124 3961; x_wconf 76' lang='grc' dir='ltr'>φύσεων,</span> <span class='ocrx_word' id='word_1_305' title='bbox 1155 3882 1190 3938; x_wconf 78' lang='grc' dir='ltr'>ἃ</span> <span class='ocrx_word' id='word_1_306' title='bbox 1233 3885 1324 3939; x_wconf 86' lang='grc' dir='ltr'>καὶ</span> <span class='ocrx_word' id='word_1_307' title='bbox 1373 3883 1510 3940; x_wconf 81' lang='grc' dir='ltr'>αὖτά</span> <span class='ocrx_word' id='word_1_308' title='bbox 1558 3883 1868 3962; x_wconf 86' lang='grc' dir='ltr'>λελόγωται</span> <span class='ocrx_word' id='word_1_309' title='bbox 1898 3887 2024 3961; x_wconf 90' lang='grc' dir='ltr'>τρό-</span> 
     </span>
    </p>
   </div>
   <div class='ocr_carea' id='block_1_43' title="bbox 374 3969 2025 4050">
    <p class='ocr_par' dir='ltr' id='par_1_43' title="bbox 374 3969 2025 4050">
     <span class='ocr_line' id='line_1_43' title="bbox 374 3969 2025 4050; baseline 0.001 -21"><span class='ocrx_word' id='word_1_310' title='bbox 374 3993 479 4029; x_wconf 89' lang='grc' dir='ltr'>πον</span> <span class='ocrx_word' id='word_1_311' title='bbox 509 3971 649 4042; x_wconf 78' lang='grc' dir='ltr'>τινὰ,</span> <span class='ocrx_word' id='word_1_312' title='bbox 683 3969 766 4034; x_wconf 78' lang='grc' dir='ltr'>οἷς</span> <span class='ocrx_word' id='word_1_313' title='bbox 795 3969 870 4035; x_wconf 83' lang='grc' dir='ltr'>εἷς</span> <span class='ocrx_word' id='word_1_314' title='bbox 918 3975 1052 4028; x_wconf 87' lang='grc' dir='ltr'>Θεοῦ</span> <span class='ocrx_word' id='word_1_315' title='bbox 1100 3973 1244 4029; x_wconf 74' lang='grc' dir='ltr'>αἶνον</span> <span class='ocrx_word' id='word_1_316' title='bbox 1298 3971 1726 4048; x_wconf 85' lang='grc' dir='ltr'>μετακαλοῦνται</span> <span class='ocrx_word' id='word_1_317' title='bbox 1779 3974 2025 4050; x_wconf 84' lang='grc' dir='ltr'>ψαλμῳ-</span> 
     </span>
    </p>
   </div>
   <div class='ocr_carea' id='block_1_44' title="bbox 379 4057 2020 4140">
    <p class='ocr_par' dir='ltr' id='par_1_44' title="bbox 379 4057 2020 4140">
     <span class='ocr_line' id='line_1_44' title="bbox 379 4057 2020 4140; baseline 0.001 -23"><span class='ocrx_word' id='word_1_318' title='bbox 379 4059 546 4124; x_wconf 85' lang='grc' dir='ltr'>δικῶς</span> <span class='ocrx_word' id='word_1_319' title='bbox 598 4057 691 4116; x_wconf 78' lang='grc' dir='ltr'>διὰ</span> <span class='ocrx_word' id='word_1_320' title='bbox 736 4061 803 4116; x_wconf 82' lang='grc' dir='ltr'>τὰ</span> <span class='ocrx_word' id='word_1_321' title='bbox 849 4058 902 4117; x_wconf 82' lang='grc' dir='ltr'>έν</span> <span class='ocrx_word' id='word_1_322' title='bbox 951 4060 1137 4124; x_wconf 83' lang='grc' dir='ltr'>αὐτοῖς</span> <span class='ocrx_word' id='word_1_323' title='bbox 1189 4063 1482 4136; x_wconf 83' lang='grc' dir='ltr'>θαυμάσια.</span> <span class='ocrx_word' id='word_1_324' title='bbox 1533 4064 1826 4140; x_wconf 82' lang='grc' dir='ltr'>Αογίζοιτο</span> <span class='ocrx_word' id='word_1_325' title='bbox 1876 4060 1924 4118; x_wconf 91' lang='grc' dir='ltr'>δ’</span> <span class='ocrx_word' id='word_1_326' title='bbox 1961 4063 2020 4119; x_wconf 80' lang='grc' dir='ltr'>ἂν</span> 
     </span>
    </p>
   </div>
   <div class='ocr_carea' id='block_1_45' title="bbox 377 4148 2024 4230">
    <p class='ocr_par' dir='ltr' id='par_1_45' title="bbox 377 4148 2024 4230">
     <span class='ocr_line' id='line_1_45' title="bbox 377 4148 2024 4230; baseline 0.001 -24"><span class='ocrx_word' id='word_1_327' title='bbox 377 4148 810 4230; x_wconf 77' lang='grc' dir='ltr'>προσφυέστερον</span> <span class='ocrx_word' id='word_1_328' title='bbox 859 4151 889 4206; x_wconf 83' lang='grc' dir='ltr'>ὁ</span> <span class='ocrx_word' id='word_1_329' title='bbox 931 4154 1179 4214; x_wconf 90' lang='grc' dir='ltr'>τοιοῦτος</span> <span class='ocrx_word' id='word_1_330' title='bbox 1230 4152 1304 4214; x_wconf 83' lang='grc' dir='ltr'>εἰς</span> <span class='ocrx_word' id='word_1_331' title='bbox 1357 4153 1644 4228; x_wconf 73' lang='grc' dir='ltr'>ἄνθρωπον</span> <span class='ocrx_word' id='word_1_332' title='bbox 1675 4152 1711 4224; x_wconf 70' lang='grc' dir='ltr'><strong>ἢ</strong></span> <span class='ocrx_word' id='word_1_333' title='bbox 1751 4152 1956 4218; x_wconf 89' lang='grc' dir='ltr'>λίθινον</span> <span class='ocrx_word' id='word_1_334' title='bbox 1988 4152 2024 4223; x_wconf 75' lang='grc' dir='ltr'><strong>ἢ</strong></span> 
     </span>
    </p>
   </div>
   <div class='ocr_carea' id='block_1_46' title="bbox 387 4237 2023 4315">
    <p class='ocr_par' dir='ltr' id='par_1_46' title="bbox 387 4237 2023 4315">
     <span class='ocr_line' id='line_1_46' title="bbox 387 4237 2023 4315; baseline 0.002 -19"><span class='ocrx_word' id='word_1_335' title='bbox 387 4239 736 4314; x_wconf 78' lang='grc' dir='ltr'>μαινόμενον,</span> <span class='ocrx_word' id='word_1_336' title='bbox 768 4241 821 4296; x_wconf 83' lang='grc' dir='ltr'>οἳ</span> <span class='ocrx_word' id='word_1_337' title='bbox 868 4237 991 4296; x_wconf 69' lang='grc' dir='ltr'>οὔτε</span> <span class='ocrx_word' id='word_1_338' title='bbox 1039 4237 1258 4315; x_wconf 80' lang='grc' dir='ltr'>δρῶσιν,</span> <span class='ocrx_word' id='word_1_339' title='bbox 1290 4238 1414 4297; x_wconf 72' lang='grc' dir='ltr'>οὔτε</span> <span class='ocrx_word' id='word_1_340' title='bbox 1466 4238 1808 4298; x_wconf 85' lang='grc' dir='ltr'>διδάσκουσιν</span> <span class='ocrx_word' id='word_1_341' title='bbox 1844 4240 2023 4314; x_wconf 72' lang='grc' dir='ltr'>οὐδὲν,</span> 
     </span>
    </p>
   </div>
   <div class='ocr_carea' id='block_1_47' title="bbox 382 4327 2028 4408">
    <p class='ocr_par' dir='ltr' id='par_1_47' title="bbox 382 4327 2028 4408">
     <span class='ocr_line' id='line_1_47' title="bbox 382 4327 2028 4408; baseline 0.002 -24"><span class='ocrx_word' id='word_1_342' title='bbox 382 4327 510 4384; x_wconf 78' lang='grc' dir='ltr'>ἀΑλ⁹</span> <span class='ocrx_word' id='word_1_343' title='bbox 552 4327 587 4398; x_wconf 73' lang='grc' dir='ltr'>ἢ</span> <span class='ocrx_word' id='word_1_344' title='bbox 636 4328 801 4403; x_wconf 87' lang='grc' dir='ltr'>μόνον</span> <span class='ocrx_word' id='word_1_345' title='bbox 862 4327 1139 4386; x_wconf 69' lang='grc' dir='ltr'>ἱλεοῦνται</span> <span class='ocrx_word' id='word_1_346' title='bbox 1185 4334 1282 4386; x_wconf 89' lang='grc' dir='ltr'>τοῦ</span> <span class='ocrx_word' id='word_1_347' title='bbox 1328 4330 1730 4408; x_wconf 87' lang='grc' dir='ltr'>παρενηνέχθαι</span> <span class='ocrx_word' id='word_1_348' title='bbox 1765 4338 1868 4402; x_wconf 81' lang='grc' dir='ltr'>τῆς</span> <span class='ocrx_word' id='word_1_349' title='bbox 1893 4331 2028 4388; x_wconf 76' lang='grc' dir='ltr'>κατὰ</span> 
     </span>
    </p>
   </div>
   <div class='ocr_carea' id='block_1_48' title="bbox 379 4415 2025 4499">
    <p class='ocr_par' dir='ltr' id='par_1_48' title="bbox 379 4415 2025 4499">
     <span class='ocr_line' id='line_1_48' title="bbox 379 4415 2025 4499; baseline 0.002 -26"><span class='ocrx_word' id='word_1_350' title='bbox 379 4417 537 4499; x_wconf 78' lang='grc' dir='ltr'>φύσιν</span> <span class='ocrx_word' id='word_1_351' title='bbox 566 4415 841 4482; x_wconf 78' lang='grc' dir='ltr'>πλάσεωςο</span> <span class='ocrx_word' id='word_1_352' title='bbox 884 4419 959 4475; x_wconf 85' lang='grc' dir='ltr'>ὧν</span> <span class='ocrx_word' id='word_1_353' title='bbox 1009 4416 1316 4494; x_wconf 75' lang='grc' dir='ltr'>ἐπιμᾶλλον</span> <span class='ocrx_word' id='word_1_354' title='bbox 1369 4416 1727 4495; x_wconf 84' lang='grc' dir='ltr'>δυσμίμητοι,</span> <span class='ocrx_word' id='word_1_355' title='bbox 1779 4419 1830 4477; x_wconf 75' lang='grc' dir='ltr'>έν</span> <span class='ocrx_word' id='word_1_356' title='bbox 1883 4422 1960 4485; x_wconf 75' lang='grc' dir='ltr'>οἷς</span> <span class='ocrx_word' id='word_1_357' title='bbox 1991 4424 2025 4492; x_wconf 86' lang='grc' dir='ltr'>ἡ</span> 
     </span>
    </p>
   </div>
   <div class='ocr_carea' id='block_1_49' title="bbox 2049 1945 2097 2012">
    <p class='ocr_par' dir='ltr' id='par_1_49' title="bbox 2049 1945 2097 2012">
     <span class='ocr_line' id='line_1_49' title="bbox 2049 1945 2097 2012; baseline 0 0"><span class='ocrx_word' id='word_1_358' title='bbox 2049 1945 2097 2012; x_wconf 89' lang='grc' dir='ltr'><strong>Β</strong></span> 
     </span>
    </p>
   </div>
   <div class='ocr_carea' id='block_1_50' title="bbox 2128 652 3782 723">
    <p class='ocr_par' dir='ltr' id='par_1_50' title="bbox 2128 652 3782 723">
     <span class='ocr_line' id='line_1_50' title="bbox 2128 652 3782 723; baseline 0.002 -15"><span class='ocrx_word' id='word_1_359' title='bbox 2128 655 2286 708; x_wconf 84' lang='lat' dir='ltr'>cerat</span> <span class='ocrx_word' id='word_1_360' title='bbox 2313 655 2370 708; x_wconf 90' lang='lat' dir='ltr'>et</span> <span class='ocrx_word' id='word_1_361' title='bbox 2398 652 2546 707; x_wconf 88' lang='lat' dir='ltr'>bene</span> <span class='ocrx_word' id='word_1_362' title='bbox 2577 652 2806 720; x_wconf 79' lang='lat' dir='ltr'>fecerat,</span> <span class='ocrx_word' id='word_1_363' title='bbox 2857 652 3056 723; x_wconf 61' lang='lat' dir='ltr'>prima;</span> <span class='ocrx_word' id='word_1_364' title='bbox 3113 653 3391 708; x_wconf 91' lang='lat' dir='ltr'>creationi</span> <span class='ocrx_word' id='word_1_365' title='bbox 3451 653 3782 711; x_wconf 81' lang='lat' dir='ltr'>doctrinam</span> 
     </span>
    </p>
   </div>
   <div class='ocr_carea' id='block_1_51' title="bbox 2128 740 3781 816">
    <p class='ocr_par' dir='ltr' id='par_1_51' title="bbox 2128 740 3781 816">
     <span class='ocr_line' id='line_1_51' title="bbox 2128 740 3781 816; baseline 0.001 -18"><span class='ocrx_word' id='word_1_366' title='bbox 2128 741 2376 813; x_wconf 84' lang='lat' dir='ltr'>adjecit;</span> <span class='ocrx_word' id='word_1_367' title='bbox 2435 745 2492 796; x_wconf 90' lang='lat' dir='ltr'>et</span> <span class='ocrx_word' id='word_1_368' title='bbox 2520 741 2658 796; x_wconf 88' lang='lat' dir='ltr'>huic</span> <span class='ocrx_word' id='word_1_369' title='bbox 2689 740 3001 814; x_wconf 81' lang='lat' dir='ltr'>multiplici</span> <span class='ocrx_word' id='word_1_370' title='bbox 3034 741 3307 798; x_wconf 90' lang='lat' dir='ltr'>methodo</span> <span class='ocrx_word' id='word_1_371' title='bbox 3334 759 3470 798; x_wconf 90' lang='lat' dir='ltr'>cum</span> <span class='ocrx_word' id='word_1_372' title='bbox 3501 743 3663 799; x_wconf 72' lang='lat' dir='ltr'>adhes</span> <span class='ocrx_word' id='word_1_373' title='bbox 3681 745 3781 816; x_wconf 86' lang='lat' dir='ltr'>sit,</span> 
     </span>
    </p>
   </div>
   <div class='ocr_carea' id='block_1_52' title="bbox 2129 829 3785 890">
    <p class='ocr_par' dir='ltr' id='par_1_52' title="bbox 2129 829 3785 890">
     <span class='ocr_line' id='line_1_52' title="bbox 2129 829 3785 890; baseline 0.002 -4"><span class='ocrx_word' id='word_1_374' title='bbox 2129 830 2350 886; x_wconf 90' lang='lat' dir='ltr'>multos</span> <span class='ocrx_word' id='word_1_375' title='bbox 2379 845 2408 884; x_wconf 90' lang='lat' dir='ltr'>e</span> <span class='ocrx_word' id='word_1_376' title='bbox 2435 829 2560 886; x_wconf 88' lang='lat' dir='ltr'>suis</span> <span class='ocrx_word' id='word_1_377' title='bbox 2591 830 2772 886; x_wconf 85' lang='lat' dir='ltr'>servis</span> <span class='ocrx_word' id='word_1_378' title='bbox 2803 829 3136 886; x_wconf 89' lang='lat' dir='ltr'>divinarum</span> <span class='ocrx_word' id='word_1_379' title='bbox 3167 830 3535 888; x_wconf 78' lang='lat' dir='ltr'>voluntatum</span> <span class='ocrx_word' id='word_1_380' title='bbox 3579 833 3785 890; x_wconf 88' lang='lat' dir='ltr'>docto-</span> 
     </span>
    </p>
   </div>
   <div class='ocr_carea' id='block_1_53' title="bbox 2128 917 3789 992">
    <p class='ocr_par' dir='ltr' id='par_1_53' title="bbox 2128 917 3789 992">
     <span class='ocr_line' id='line_1_53' title="bbox 2128 917 3789 992; baseline 0.002 -18"><span class='ocrx_word' id='word_1_381' title='bbox 2128 935 2220 974; x_wconf 85' lang='lat' dir='ltr'>res</span> <span class='ocrx_word' id='word_1_382' title='bbox 2252 917 2499 990; x_wconf 82' lang='lat' dir='ltr'>ablegat,</span> <span class='ocrx_word' id='word_1_383' title='bbox 2530 918 2589 973; x_wconf 90' lang='lat' dir='ltr'>in</span> <span class='ocrx_word' id='word_1_384' title='bbox 2621 919 2839 990; x_wconf 85' lang='lat' dir='ltr'>quibus</span> <span class='ocrx_word' id='word_1_385' title='bbox 2870 923 3078 990; x_wconf 82' lang='lat' dir='ltr'>praeter</span> <span class='ocrx_word' id='word_1_386' title='bbox 3135 918 3302 986; x_wconf 86' lang='lat' dir='ltr'>alios,</span> <span class='ocrx_word' id='word_1_387' title='bbox 3364 921 3662 992; x_wconf 80' lang='lat' dir='ltr'>sapientes</span> <span class='ocrx_word' id='word_1_388' title='bbox 3729 924 3789 978; x_wconf 83' lang='lat' dir='ltr'>et</span> 
     </span>
    </p>
   </div>
   <div class='ocr_carea' id='block_1_54' title="bbox 2126 1006 3784 1080">
    <p class='ocr_par' dir='ltr' id='par_1_54' title="bbox 2126 1006 3784 1080">
     <span class='ocr_line' id='line_1_54' title="bbox 2126 1006 3784 1080; baseline 0.002 -18"><span class='ocrx_word' id='word_1_389' title='bbox 2126 1007 2341 1078; x_wconf 88' lang='lat' dir='ltr'>varios,</span> <span class='ocrx_word' id='word_1_390' title='bbox 2397 1006 2706 1080; x_wconf 83' lang='lat' dir='ltr'>utriusque</span> <span class='ocrx_word' id='word_1_391' title='bbox 2734 1007 2963 1080; x_wconf 82' lang='lat' dir='ltr'>generis</span> <span class='ocrx_word' id='word_1_392' title='bbox 2994 1007 3310 1080; x_wconf 66' lang='lat' dir='ltr'>propheta.</span> <span class='ocrx_word' id='word_1_393' title='bbox 3342 1013 3458 1065; x_wconf 89' lang='lat' dir='ltr'>Nec</span> <span class='ocrx_word' id='word_1_394' title='bbox 3487 1009 3644 1065; x_wconf 91' lang='lat' dir='ltr'>enim</span> <span class='ocrx_word' id='word_1_395' title='bbox 3675 1009 3784 1066; x_wconf 94' lang='lat' dir='ltr'>hic</span> 
     </span>
    </p>
   </div>
   <div class='ocr_carea' id='block_1_55' title="bbox 2102 1096 3783 1156">
    <p class='ocr_par' dir='ltr' id='par_1_55' title="bbox 2102 1096 3783 1156">
     <span class='ocr_line' id='line_1_55' title="bbox 2102 1096 3783 1156; baseline 0.001 -4"><span class='ocrx_word' id='word_1_396' title='bbox 2102 1096 2418 1152; x_wconf 82' lang='lat' dir='ltr'>femineus</span> <span class='ocrx_word' id='word_1_397' title='bbox 2444 1113 2618 1153; x_wconf 87' lang='lat' dir='ltr'>sexus</span> <span class='ocrx_word' id='word_1_398' title='bbox 2649 1097 2720 1152; x_wconf 91' lang='lat' dir='ltr'>ad</span> <span class='ocrx_word' id='word_1_399' title='bbox 2753 1096 3010 1153; x_wconf 83' lang='lat' dir='ltr'>divinam</span> <span class='ocrx_word' id='word_1_400' title='bbox 3041 1098 3368 1155; x_wconf 82' lang='lat' dir='ltr'>doctrinam</span> <span class='ocrx_word' id='word_1_401' title='bbox 3399 1098 3579 1156; x_wconf 82' lang='lat' dir='ltr'>evasit</span> <span class='ocrx_word' id='word_1_402' title='bbox 3606 1099 3783 1155; x_wconf 89' lang='lat' dir='ltr'>inuti-</span> 
     </span>
    </p>
   </div>
   <div class='ocr_carea' id='block_1_56' title="bbox 2127 1185 3198 1255">
    <p class='ocr_par' dir='ltr' id='par_1_56' title="bbox 2127 1185 3198 1255">
     <span class='ocr_line' id='line_1_56' title="bbox 2127 1185 3198 1255; baseline 0.001 -14"><span class='ocrx_word' id='word_1_403' title='bbox 2127 1185 2223 1255; x_wconf 88' lang='lat' dir='ltr'>lis,</span> <span class='ocrx_word' id='word_1_404' title='bbox 2254 1185 2356 1242; x_wconf 91' lang='lat' dir='ltr'>sed</span> <span class='ocrx_word' id='word_1_405' title='bbox 2389 1185 2558 1241; x_wconf 89' lang='lat' dir='ltr'>multi</span> <span class='ocrx_word' id='word_1_406' title='bbox 2589 1186 2659 1242; x_wconf 91' lang='lat' dir='ltr'>ab</span> <span class='ocrx_word' id='word_1_407' title='bbox 2690 1185 2790 1241; x_wconf 89' lang='lat' dir='ltr'>illo</span> <span class='ocrx_word' id='word_1_408' title='bbox 2821 1186 3006 1242; x_wconf 91' lang='lat' dir='ltr'>edocti</span> <span class='ocrx_word' id='word_1_409' title='bbox 3039 1190 3198 1242; x_wconf 91' lang='lat' dir='ltr'>sunt.</span> 
     </span>
    </p>
   </div>
   <div class='ocr_carea' id='block_1_57' title="bbox 2197 1454 3788 1528">
    <p class='ocr_par' dir='ltr' id='par_1_57' title="bbox 2197 1454 3788 1528">
     <span class='ocr_line' id='line_1_57' title="bbox 2197 1454 3788 1528; baseline 0.003 -20"><span class='ocrx_word' id='word_1_410' title='bbox 2197 1455 2288 1509; x_wconf 88' lang='lat'>23.</span> <span class='ocrx_word' id='word_1_411' title='bbox 2322 1455 2465 1510; x_wconf 90' lang='lat' dir='ltr'>Cum</span> <span class='ocrx_word' id='word_1_412' title='bbox 2492 1457 2690 1510; x_wconf 87' lang='lat' dir='ltr'>autem</span> <span class='ocrx_word' id='word_1_413' title='bbox 2719 1454 2912 1510; x_wconf 89' lang='lat' dir='ltr'>adhuc</span> <span class='ocrx_word' id='word_1_414' title='bbox 2943 1455 3280 1526; x_wconf 76' lang='lat' dir='ltr'>praevaleret</span> <span class='ocrx_word' id='word_1_415' title='bbox 3307 1456 3528 1528; x_wconf 82' lang='lat' dir='ltr'>peccati</span> <span class='ocrx_word' id='word_1_416' title='bbox 3577 1455 3669 1511; x_wconf 78' lang='lat' dir='ltr'>lex</span> <span class='ocrx_word' id='word_1_417' title='bbox 3727 1459 3788 1513; x_wconf 89' lang='lat' dir='ltr'>et</span> 
     </span>
    </p>
   </div>
   <div class='ocr_carea' id='block_1_58' title="bbox 2128 1542 3788 1616">
    <p class='ocr_par' dir='ltr' id='par_1_58' title="bbox 2128 1542 3788 1616">
     <span class='ocr_line' id='line_1_58' title="bbox 2128 1542 3788 1616; baseline 0.001 -18"><span class='ocrx_word' id='word_1_418' title='bbox 2128 1560 2323 1599; x_wconf 89' lang='lat' dir='ltr'>mores</span> <span class='ocrx_word' id='word_1_419' title='bbox 2353 1559 2422 1599; x_wconf 85' lang='lat' dir='ltr'><strong>ex</strong></span> <span class='ocrx_word' id='word_1_420' title='bbox 2449 1543 2564 1599; x_wconf 88' lang='lat' dir='ltr'>ista</span> <span class='ocrx_word' id='word_1_421' title='bbox 2593 1542 2890 1600; x_wconf 89' lang='lat' dir='ltr'>venientes</span> <span class='ocrx_word' id='word_1_422' title='bbox 2923 1559 2994 1599; x_wconf 90' lang='lat' dir='ltr'>ne</span> <span class='ocrx_word' id='word_1_423' title='bbox 3011 1543 3095 1601; x_wconf 90' lang='lat' dir='ltr'>sic</span> <span class='ocrx_word' id='word_1_424' title='bbox 3112 1544 3351 1616; x_wconf 84' lang='lat' dir='ltr'>quidem</span> <span class='ocrx_word' id='word_1_425' title='bbox 3384 1544 3788 1614; x_wconf 86' lang='lat' dir='ltr'>abolerentur,</span> 
     </span>
    </p>
   </div>
   <div class='ocr_carea' id='block_1_59' title="bbox 2129 1631 3785 1705">
    <p class='ocr_par' dir='ltr' id='par_1_59' title="bbox 2129 1631 3785 1705">
     <span class='ocr_line' id='line_1_59' title="bbox 2129 1631 3785 1705; baseline 0.001 -16"><span class='ocrx_word' id='word_1_426' title='bbox 2129 1633 2230 1689; x_wconf 90' lang='lat' dir='ltr'>sed</span> <span class='ocrx_word' id='word_1_427' title='bbox 2262 1631 2456 1688; x_wconf 85' lang='lat' dir='ltr'>omnis</span> <span class='ocrx_word' id='word_1_428' title='bbox 2488 1632 2754 1688; x_wconf 85' lang='lat' dir='ltr'>doctrina</span> <span class='ocrx_word' id='word_1_429' title='bbox 2783 1633 3004 1705; x_wconf 87' lang='lat' dir='ltr'>scripta</span> <span class='ocrx_word' id='word_1_430' title='bbox 3033 1636 3090 1688; x_wconf 89' lang='lat' dir='ltr'>et</span> <span class='ocrx_word' id='word_1_431' title='bbox 3121 1650 3233 1688; x_wconf 91' lang='lat' dir='ltr'>non</span> <span class='ocrx_word' id='word_1_432' title='bbox 3265 1633 3486 1705; x_wconf 90' lang='lat' dir='ltr'>scripta</span> <span class='ocrx_word' id='word_1_433' title='bbox 3513 1633 3785 1690; x_wconf 80' lang='lat' dir='ltr'>inefﬁcax</span> 
     </span>
    </p>
   </div>
   <div class='ocr_carea' id='block_1_60' title="bbox 2129 1720 3793 1792">
    <p class='ocr_par' dir='ltr' id='par_1_60' title="bbox 2129 1720 3793 1792">
     <span class='ocr_line' id='line_1_60' title="bbox 2129 1720 3793 1792; baseline 0.001 -14"><span class='ocrx_word' id='word_1_434' title='bbox 2129 1726 2305 1790; x_wconf 90' lang='lat' dir='ltr'>esset,</span> <span class='ocrx_word' id='word_1_435' title='bbox 2337 1725 2480 1776; x_wconf 91' lang='lat' dir='ltr'>tunc</span> <span class='ocrx_word' id='word_1_436' title='bbox 2508 1720 2732 1792; x_wconf 87' lang='lat' dir='ltr'>absque</span> <span class='ocrx_word' id='word_1_437' title='bbox 2765 1721 3090 1777; x_wconf 84' lang='lat' dir='ltr'>mutatione</span> <span class='ocrx_word' id='word_1_438' title='bbox 3123 1725 3180 1778; x_wconf 87' lang='lat' dir='ltr'>et</span> <span class='ocrx_word' id='word_1_439' title='bbox 3208 1721 3567 1778; x_wconf 89' lang='lat' dir='ltr'>demissione</span> <span class='ocrx_word' id='word_1_440' title='bbox 3615 1724 3793 1779; x_wconf 88' lang='lat' dir='ltr'>desu-</span> 
     </span>
    </p>
   </div>
   <div class='ocr_carea' id='block_1_61' title="bbox 2128 1809 3785 1884">
    <p class='ocr_par' dir='ltr' id='par_1_61' title="bbox 2128 1809 3785 1884">
     <span class='ocr_line' id='line_1_61' title="bbox 2128 1809 3785 1884; baseline 0.001 -18"><span class='ocrx_word' id='word_1_441' title='bbox 2128 1828 2234 1884; x_wconf 87' lang='lat' dir='ltr'>per</span> <span class='ocrx_word' id='word_1_442' title='bbox 2282 1810 2340 1864; x_wconf 94' lang='lat' dir='ltr'>in</span> <span class='ocrx_word' id='word_1_443' title='bbox 2396 1809 2646 1865; x_wconf 87' lang='lat' dir='ltr'>humilia</span> <span class='ocrx_word' id='word_1_444' title='bbox 2690 1810 3051 1867; x_wconf 87' lang='lat' dir='ltr'>descendens</span> <span class='ocrx_word' id='word_1_445' title='bbox 3085 1813 3143 1866; x_wconf 88' lang='lat' dir='ltr'>et</span> <span class='ocrx_word' id='word_1_446' title='bbox 3174 1811 3350 1868; x_wconf 90' lang='lat' dir='ltr'>rebus</span> <span class='ocrx_word' id='word_1_447' title='bbox 3381 1811 3684 1882; x_wconf 84' lang='lat' dir='ltr'>humanis,</span> <span class='ocrx_word' id='word_1_448' title='bbox 3721 1818 3785 1868; x_wconf 88' lang='lat' dir='ltr'>ut</span> 
     </span>
    </p>
   </div>
   <div class='ocr_carea' id='block_1_62' title="bbox 2131 1898 3785 1975">
    <p class='ocr_par' dir='ltr' id='par_1_62' title="bbox 2131 1898 3785 1975">
     <span class='ocr_line' id='line_1_62' title="bbox 2131 1898 3785 1975; baseline 0.003 -22"><span class='ocrx_word' id='word_1_449' title='bbox 2131 1898 2376 1954; x_wconf 85' lang='lat' dir='ltr'>decebat</span> <span class='ocrx_word' id='word_1_450' title='bbox 2404 1902 2608 1967; x_wconf 91' lang='lat' dir='ltr'>Deum,</span> <span class='ocrx_word' id='word_1_451' title='bbox 2641 1898 3022 1971; x_wconf 86' lang='lat' dir='ltr'>participans,</span> <span class='ocrx_word' id='word_1_452' title='bbox 3055 1899 3116 1956; x_wconf 91' lang='lat' dir='ltr'>in</span> <span class='ocrx_word' id='word_1_453' title='bbox 3163 1899 3362 1973; x_wconf 74' lang='lat' dir='ltr'>gloriae</span> <span class='ocrx_word' id='word_1_454' title='bbox 3418 1901 3785 1975; x_wconf 88' lang='lat' dir='ltr'>magistralis</span> 
     </span>
    </p>
   </div>
   <div class='ocr_carea' id='block_1_63' title="bbox 2126 1986 3787 2062">
    <p class='ocr_par' dir='ltr' id='par_1_63' title="bbox 2126 1986 3787 2062">
     <span class='ocr_line' id='line_1_63' title="bbox 2126 1986 3787 2062; baseline 0.002 -19"><span class='ocrx_word' id='word_1_455' title='bbox 2126 1987 2338 2044; x_wconf 86' lang='lat' dir='ltr'>throno</span> <span class='ocrx_word' id='word_1_456' title='bbox 2370 1986 2553 2056; x_wconf 89' lang='lat' dir='ltr'>sedit;</span> <span class='ocrx_word' id='word_1_457' title='bbox 2585 1992 2641 2043; x_wconf 90' lang='lat' dir='ltr'>et</span> <span class='ocrx_word' id='word_1_458' title='bbox 2672 1987 2742 2042; x_wconf 88' lang='lat' dir='ltr'>ab</span> <span class='ocrx_word' id='word_1_459' title='bbox 2770 1986 3017 2044; x_wconf 76' lang='lat' dir='ltr'>infantia</span> <span class='ocrx_word' id='word_1_460' title='bbox 3048 2005 3236 2062; x_wconf 92' lang='lat' dir='ltr'>usque</span> <span class='ocrx_word' id='word_1_461' title='bbox 3265 1991 3337 2046; x_wconf 91' lang='lat' dir='ltr'>ad</span> <span class='ocrx_word' id='word_1_462' title='bbox 3369 1993 3598 2046; x_wconf 80' lang='lat' dir='ltr'>aetatem</span> <span class='ocrx_word' id='word_1_463' title='bbox 3657 2007 3787 2062; x_wconf 89' lang='lat' dir='ltr'>per-</span> 
     </span>
    </p>
   </div>
   <div class='ocr_carea' id='block_1_64' title="bbox 2130 2076 3788 2153">
    <p class='ocr_par' dir='ltr' id='par_1_64' title="bbox 2130 2076 3788 2153">
     <span class='ocr_line' id='line_1_64' title="bbox 2130 2076 3788 2153; baseline 0.002 -21"><span class='ocrx_word' id='word_1_464' title='bbox 2130 2077 2363 2148; x_wconf 86' lang='lat' dir='ltr'>fectam,</span> <span class='ocrx_word' id='word_1_465' title='bbox 2421 2076 2609 2132; x_wconf 89' lang='lat' dir='ltr'>facere</span> <span class='ocrx_word' id='word_1_466' title='bbox 2661 2077 2985 2149; x_wconf 91' lang='lat' dir='ltr'>docereque</span> <span class='ocrx_word' id='word_1_467' title='bbox 3044 2095 3448 2151; x_wconf 88' lang='lat' dir='ltr'>perseverans,</span> <span class='ocrx_word' id='word_1_468' title='bbox 3483 2097 3613 2153; x_wconf 64' lang='lat' dir='ltr'>qua</span> <span class='ocrx_word' id='word_1_469' title='bbox 3645 2083 3788 2136; x_wconf 90' lang='lat' dir='ltr'>sunt</span> 
     </span>
    </p>
   </div>
   <div class='ocr_carea' id='block_1_65' title="bbox 2130 2165 3788 2240">
    <p class='ocr_par' dir='ltr' id='par_1_65' title="bbox 2130 2165 3788 2240">
     <span class='ocr_line' id='line_1_65' title="bbox 2130 2165 3788 2240; baseline 0.003 -18"><span class='ocrx_word' id='word_1_470' title='bbox 2130 2167 2201 2222; x_wconf 91' lang='lat' dir='ltr'>ad</span> <span class='ocrx_word' id='word_1_471' title='bbox 2235 2169 2493 2222; x_wconf 89' lang='lat' dir='ltr'>nostram</span> <span class='ocrx_word' id='word_1_472' title='bbox 2538 2165 2789 2222; x_wconf 89' lang='lat' dir='ltr'>salutem</span> <span class='ocrx_word' id='word_1_473' title='bbox 2849 2167 3209 2240; x_wconf 88' lang='lat' dir='ltr'>adimplevit,</span> <span class='ocrx_word' id='word_1_474' title='bbox 3273 2167 3383 2223; x_wconf 90' lang='lat' dir='ltr'>hoc</span> <span class='ocrx_word' id='word_1_475' title='bbox 3439 2168 3788 2227; x_wconf 79' lang='lat' dir='ltr'>felicissimo</span> 
     </span>
    </p>
   </div>
   <div class='ocr_carea' id='block_1_66' title="bbox 2131 2254 3789 2330">
    <p class='ocr_par' dir='ltr' id='par_1_66' title="bbox 2131 2254 3789 2330">
     <span class='ocr_line' id='line_1_66' title="bbox 2131 2254 3789 2330; baseline 0.002 -19"><span class='ocrx_word' id='word_1_476' title='bbox 2131 2254 2474 2328; x_wconf 80' lang='lat' dir='ltr'>perfunctus</span> <span class='ocrx_word' id='word_1_477' title='bbox 2532 2255 2787 2327; x_wconf 89' lang='lat' dir='ltr'>negotio,</span> <span class='ocrx_word' id='word_1_478' title='bbox 2840 2273 2906 2312; x_wconf 87' lang='lat' dir='ltr'>ex</span> <span class='ocrx_word' id='word_1_479' title='bbox 2935 2272 3047 2327; x_wconf 92' lang='lat' dir='ltr'>quo</span> <span class='ocrx_word' id='word_1_480' title='bbox 3079 2254 3375 2313; x_wconf 89' lang='lat' dir='ltr'>felicitatis</span> <span class='ocrx_word' id='word_1_481' title='bbox 3409 2257 3789 2330; x_wconf 85' lang='lat' dir='ltr'>privilegium</span> 
     </span>
    </p>
   </div>
   <div class='ocr_carea' id='block_1_67' title="bbox 2129 2342 3792 2418">
    <p class='ocr_par' dir='ltr' id='par_1_67' title="bbox 2129 2342 3792 2418">
     <span class='ocr_line' id='line_1_67' title="bbox 2129 2342 3792 2418; baseline 0.004 -20"><span class='ocrx_word' id='word_1_482' title='bbox 2129 2343 2364 2400; x_wconf 87' lang='lat' dir='ltr'>transiit</span> <span class='ocrx_word' id='word_1_483' title='bbox 2391 2345 2463 2399; x_wconf 91' lang='lat' dir='ltr'>ad</span> <span class='ocrx_word' id='word_1_484' title='bbox 2495 2342 2642 2400; x_wconf 87' lang='lat' dir='ltr'>alios</span> <span class='ocrx_word' id='word_1_485' title='bbox 2673 2345 3006 2417; x_wconf 90' lang='lat' dir='ltr'>omnes,qui</span> <span class='ocrx_word' id='word_1_486' title='bbox 3028 2344 3379 2418; x_wconf 88' lang='lat' dir='ltr'>recipientes</span> <span class='ocrx_word' id='word_1_487' title='bbox 3409 2344 3568 2402; x_wconf 92' lang='lat' dir='ltr'>illius</span> <span class='ocrx_word' id='word_1_488' title='bbox 3592 2345 3792 2404; x_wconf 90' lang='lat' dir='ltr'>locum</span> 
     </span>
    </p>
   </div>
   <div class='ocr_carea' id='block_1_68' title="bbox 2133 2432 3794 2508">
    <p class='ocr_par' dir='ltr' id='par_1_68' title="bbox 2133 2432 3794 2508">
     <span class='ocr_line' id='line_1_68' title="bbox 2133 2432 3794 2508; baseline 0.002 -20"><span class='ocrx_word' id='word_1_489' title='bbox 2133 2432 2450 2506; x_wconf 82' lang='lat' dir='ltr'>apostolica</span> <span class='ocrx_word' id='word_1_490' title='bbox 2478 2433 2702 2490; x_wconf 87' lang='lat' dir='ltr'>faciunt</span> <span class='ocrx_word' id='word_1_491' title='bbox 2731 2440 2787 2490; x_wconf 91' lang='lat' dir='ltr'>et</span> <span class='ocrx_word' id='word_1_492' title='bbox 2816 2434 3046 2504; x_wconf 83' lang='lat' dir='ltr'>docent,</span> <span class='ocrx_word' id='word_1_493' title='bbox 3102 2451 3353 2508; x_wconf 88' lang='lat' dir='ltr'>quorum</span> <span class='ocrx_word' id='word_1_494' title='bbox 3423 2435 3485 2490; x_wconf 91' lang='lat' dir='ltr'>in</span> <span class='ocrx_word' id='word_1_495' title='bbox 3544 2441 3794 2508; x_wconf 89' lang='lat' dir='ltr'>utroque</span> 
     </span>
    </p>
   </div>
   <div class='ocr_carea' id='block_1_69' title="bbox 2133 2521 3797 2597">
    <p class='ocr_par' dir='ltr' id='par_1_69' title="bbox 2133 2521 3797 2597">
     <span class='ocr_line' id='line_1_69' title="bbox 2133 2521 3797 2597; baseline 0.002 -19"><span class='ocrx_word' id='word_1_496' title='bbox 2133 2523 2306 2578; x_wconf 91' lang='lat' dir='ltr'>ambo</span> <span class='ocrx_word' id='word_1_497' title='bbox 2336 2521 2800 2596; x_wconf 89' lang='lat' dir='ltr'>conspiciuntur,</span> <span class='ocrx_word' id='word_1_498' title='bbox 2831 2523 2940 2580; x_wconf 89' lang='lat' dir='ltr'>etsi</span> <span class='ocrx_word' id='word_1_499' title='bbox 2971 2523 3117 2580; x_wconf 88' lang='lat' dir='ltr'>alias</span> <span class='ocrx_word' id='word_1_500' title='bbox 3147 2524 3318 2597; x_wconf 88' lang='lat' dir='ltr'>quasi</span> <span class='ocrx_word' id='word_1_501' title='bbox 3386 2540 3490 2597; x_wconf 90' lang='lat' dir='ltr'>per</span> <span class='ocrx_word' id='word_1_502' title='bbox 3542 2524 3797 2582; x_wconf 85' lang='lat' dir='ltr'>invicem</span> 
     </span>
    </p>
   </div>
   <div class='ocr_carea' id='block_1_70' title="bbox 2131 2611 3800 2672">
    <p class='ocr_par' dir='ltr' id='par_1_70' title="bbox 2131 2611 3800 2672">
     <span class='ocr_line' id='line_1_70' title="bbox 2131 2611 3800 2672; baseline 0.003 -6"><span class='ocrx_word' id='word_1_503' title='bbox 2131 2612 2391 2667; x_wconf 89' lang='lat' dir='ltr'>veniant.</span> <span class='ocrx_word' id='word_1_504' title='bbox 2425 2611 2630 2668; x_wconf 90' lang='lat' dir='ltr'>Omnis</span> <span class='ocrx_word' id='word_1_505' title='bbox 2661 2613 2952 2669; x_wconf 85' lang='lat' dir='ltr'>exsecutio</span> <span class='ocrx_word' id='word_1_506' title='bbox 2985 2613 3123 2670; x_wconf 91' lang='lat' dir='ltr'>boni</span> <span class='ocrx_word' id='word_1_507' title='bbox 3156 2614 3511 2672; x_wconf 83' lang='lat' dir='ltr'>terminatur</span> <span class='ocrx_word' id='word_1_508' title='bbox 3548 2615 3620 2670; x_wconf 90' lang='lat' dir='ltr'>ad</span> <span class='ocrx_word' id='word_1_509' title='bbox 3661 2616 3800 2671; x_wconf 91' lang='lat' dir='ltr'>doc-</span> 
     </span>
    </p>
   </div>
   <div class='ocr_carea' id='block_1_71' title="bbox 2133 2701 3796 2770">
    <p class='ocr_par' dir='ltr' id='par_1_71' title="bbox 2133 2701 3796 2770">
     <span class='ocr_line' id='line_1_71' title="bbox 2133 2701 3796 2770; baseline 0.003 -14"><span class='ocrx_word' id='word_1_510' title='bbox 2133 2701 2348 2757; x_wconf 87' lang='lat' dir='ltr'>trinam</span> <span class='ocrx_word' id='word_1_511' title='bbox 2406 2701 2669 2758; x_wconf 80' lang='lat' dir='ltr'>aemulari</span> <span class='ocrx_word' id='word_1_512' title='bbox 2725 2701 3082 2770; x_wconf 88' lang='lat' dir='ltr'>volentium;</span> <span class='ocrx_word' id='word_1_513' title='bbox 3145 2707 3202 2760; x_wconf 89' lang='lat' dir='ltr'>et</span> <span class='ocrx_word' id='word_1_514' title='bbox 3255 2704 3450 2760; x_wconf 91' lang='lat' dir='ltr'>omnis</span> <span class='ocrx_word' id='word_1_515' title='bbox 3481 2703 3618 2760; x_wconf 90' lang='lat' dir='ltr'>boni</span> <span class='ocrx_word' id='word_1_516' title='bbox 3653 2704 3796 2761; x_wconf 91' lang='lat' dir='ltr'>doc-</span> 
     </span>
    </p>
   </div>
   <div class='ocr_carea' id='block_1_72' title="bbox 2133 2790 3796 2867">
    <p class='ocr_par' dir='ltr' id='par_1_72' title="bbox 2133 2790 3796 2867">
     <span class='ocr_line' id='line_1_72' title="bbox 2133 2790 3796 2867; baseline 0.001 -20"><span class='ocrx_word' id='word_1_517' title='bbox 2133 2790 2288 2848; x_wconf 86' lang='lat' dir='ltr'>trina</span> <span class='ocrx_word' id='word_1_518' title='bbox 2317 2791 2388 2846; x_wconf 90' lang='lat' dir='ltr'>ad</span> <span class='ocrx_word' id='word_1_519' title='bbox 2421 2790 2583 2847; x_wconf 91' lang='lat' dir='ltr'>illius</span> <span class='ocrx_word' id='word_1_520' title='bbox 2609 2791 3039 2849; x_wconf 84' lang='lat' dir='ltr'>exsecutionem</span> <span class='ocrx_word' id='word_1_521' title='bbox 3073 2792 3469 2866; x_wconf 85' lang='lat' dir='ltr'>prospicit,ita</span> <span class='ocrx_word' id='word_1_522' title='bbox 3496 2795 3560 2850; x_wconf 89' lang='lat' dir='ltr'>ut</span> <span class='ocrx_word' id='word_1_523' title='bbox 3589 2810 3796 2867; x_wconf 89' lang='lat' dir='ltr'>opera-</span> 
     </span>
    </p>
   </div>
   <div class='ocr_carea' id='block_1_73' title="bbox 2133 2880 3795 2956">
    <p class='ocr_par' dir='ltr' id='par_1_73' title="bbox 2133 2880 3795 2956">
     <span class='ocr_line' id='line_1_73' title="bbox 2133 2880 3795 2956; baseline 0.002 -20"><span class='ocrx_word' id='word_1_524' title='bbox 2133 2881 2215 2937; x_wconf 87' lang='lat' dir='ltr'>tio</span> <span class='ocrx_word' id='word_1_525' title='bbox 2247 2880 2476 2937; x_wconf 88' lang='lat' dir='ltr'>desinat</span> <span class='ocrx_word' id='word_1_526' title='bbox 2503 2881 2563 2936; x_wconf 92' lang='lat' dir='ltr'>in</span> <span class='ocrx_word' id='word_1_527' title='bbox 2597 2881 2946 2952; x_wconf 85' lang='lat' dir='ltr'>doctrinam,</span> <span class='ocrx_word' id='word_1_528' title='bbox 2980 2885 3036 2938; x_wconf 90' lang='lat' dir='ltr'>et</span> <span class='ocrx_word' id='word_1_529' title='bbox 3065 2882 3332 2938; x_wconf 88' lang='lat' dir='ltr'>doctrina</span> <span class='ocrx_word' id='word_1_530' title='bbox 3383 2882 3443 2938; x_wconf 89' lang='lat' dir='ltr'>in</span> <span class='ocrx_word' id='word_1_531' title='bbox 3501 2882 3795 2956; x_wconf 87' lang='lat' dir='ltr'>operatio-</span> 
     </span>
    </p>
   </div>
   <div class='ocr_carea' id='block_1_74' title="bbox 2135 2970 3794 3045">
    <p class='ocr_par' dir='ltr' id='par_1_74' title="bbox 2135 2970 3794 3045">
     <span class='ocr_line' id='line_1_74' title="bbox 2135 2970 3794 3045; baseline 0.002 -20"><span class='ocrx_word' id='word_1_532' title='bbox 2135 2987 2293 3040; x_wconf 89' lang='lat' dir='ltr'>nem,</span> <span class='ocrx_word' id='word_1_533' title='bbox 2353 2973 2410 3027; x_wconf 89' lang='lat' dir='ltr'>et</span> <span class='ocrx_word' id='word_1_534' title='bbox 2439 2970 2524 3027; x_wconf 92' lang='lat' dir='ltr'>sic</span> <span class='ocrx_word' id='word_1_535' title='bbox 2553 2971 2808 3028; x_wconf 85' lang='lat' dir='ltr'>ﬁnaliter</span> <span class='ocrx_word' id='word_1_536' title='bbox 2840 2975 3086 3045; x_wconf 89' lang='lat' dir='ltr'>utraque</span> <span class='ocrx_word' id='word_1_537' title='bbox 3116 2989 3184 3028; x_wconf 82' lang='lat' dir='ltr'><strong>ex</strong></span> <span class='ocrx_word' id='word_1_538' title='bbox 3213 2976 3462 3044; x_wconf 88' lang='lat' dir='ltr'>utraque</span> <span class='ocrx_word' id='word_1_539' title='bbox 3491 2973 3794 3045; x_wconf 87' lang='lat' dir='ltr'>procedat.</span> 
     </span>
    </p>
   </div>
   <div class='ocr_carea' id='block_1_75' title="bbox 2133 3060 3794 3134">
    <p class='ocr_par' dir='ltr' id='par_1_75' title="bbox 2133 3060 3794 3134">
     <span class='ocr_line' id='line_1_75' title="bbox 2133 3060 3794 3134; baseline 0.001 -18"><span class='ocrx_word' id='word_1_540' title='bbox 2133 3061 2204 3116; x_wconf 87' lang='lat' dir='ltr'>Et</span> <span class='ocrx_word' id='word_1_541' title='bbox 2232 3060 2450 3116; x_wconf 90' lang='lat' dir='ltr'>etenim</span> <span class='ocrx_word' id='word_1_542' title='bbox 2483 3060 2808 3132; x_wconf 90' lang='lat' dir='ltr'>proprietas</span> <span class='ocrx_word' id='word_1_543' title='bbox 2839 3060 2940 3117; x_wconf 89' lang='lat' dir='ltr'>illa</span> <span class='ocrx_word' id='word_1_544' title='bbox 2988 3065 3207 3134; x_wconf 89' lang='lat' dir='ltr'>custos,</span> <span class='ocrx_word' id='word_1_545' title='bbox 3271 3060 3372 3117; x_wconf 91' lang='lat' dir='ltr'>ubi</span> <span class='ocrx_word' id='word_1_546' title='bbox 3424 3066 3672 3134; x_wconf 86' lang='lat' dir='ltr'>utraque</span> <span class='ocrx_word' id='word_1_547' title='bbox 3731 3061 3794 3118; x_wconf 90' lang='lat' dir='ltr'>in</span> 
     </span>
    </p>
   </div>
   <div class='ocr_carea' id='block_1_76' title="bbox 2133 3150 3794 3222">
    <p class='ocr_par' dir='ltr' id='par_1_76' title="bbox 2133 3150 3794 3222">
     <span class='ocr_line' id='line_1_76' title="bbox 2133 3150 3794 3222; baseline 0.002 -17"><span class='ocrx_word' id='word_1_548' title='bbox 2133 3153 2447 3222; x_wconf 88' lang='lat' dir='ltr'>utramque</span> <span class='ocrx_word' id='word_1_549' title='bbox 2476 3153 2684 3206; x_wconf 89' lang='lat' dir='ltr'>mutua</span> <span class='ocrx_word' id='word_1_550' title='bbox 2713 3150 2836 3208; x_wconf 88' lang='lat' dir='ltr'>vice</span> <span class='ocrx_word' id='word_1_551' title='bbox 2866 3151 3081 3209; x_wconf 88' lang='lat' dir='ltr'>transit</span> <span class='ocrx_word' id='word_1_552' title='bbox 3111 3155 3168 3208; x_wconf 89' lang='lat' dir='ltr'>et</span> <span class='ocrx_word' id='word_1_553' title='bbox 3213 3150 3518 3208; x_wconf 88' lang='lat' dir='ltr'>hominem</span> <span class='ocrx_word' id='word_1_554' title='bbox 3579 3166 3794 3208; x_wconf 80' lang='lat' dir='ltr'>secun-</span> 
     </span>
    </p>
   </div>
   <div class='ocr_carea' id='block_1_77' title="bbox 2135 3239 2773 3312">
    <p class='ocr_par' dir='ltr' id='par_1_77' title="bbox 2135 3239 2773 3312">
     <span class='ocr_line' id='line_1_77' title="bbox 2135 3239 2773 3312; baseline 0.002 -17"><span class='ocrx_word' id='word_1_555' title='bbox 2135 3240 2278 3295; x_wconf 90' lang='lat' dir='ltr'>dum</span> <span class='ocrx_word' id='word_1_556' title='bbox 2307 3239 2492 3296; x_wconf 91' lang='lat' dir='ltr'>Deum</span> <span class='ocrx_word' id='word_1_557' title='bbox 2523 3239 2773 3312; x_wconf 83' lang='lat' dir='ltr'>perﬁcit.</span> 
     </span>
    </p>
   </div>
   <div class='ocr_carea' id='block_1_78' title="bbox 2205 3436 3799 3511">
    <p class='ocr_par' dir='ltr' id='par_1_78' title="bbox 2205 3436 3799 3511">
     <span class='ocr_line' id='line_1_78' title="bbox 2205 3436 3799 3511; baseline 0.002 -19"><span class='ocrx_word' id='word_1_558' title='bbox 2205 3437 2296 3493; x_wconf 86' lang='grc'>21.</span> <span class='ocrx_word' id='word_1_559' title='bbox 2330 3436 2523 3493; x_wconf 87' lang='lat' dir='ltr'>Posito</span> <span class='ocrx_word' id='word_1_560' title='bbox 2553 3453 2787 3509; x_wconf 90' lang='lat' dir='ltr'>quoque</span> <span class='ocrx_word' id='word_1_561' title='bbox 2816 3437 2898 3494; x_wconf 87' lang='lat' dir='ltr'>ita</span> <span class='ocrx_word' id='word_1_562' title='bbox 2927 3437 3058 3511; x_wconf 91' lang='lat' dir='ltr'>hoc,</span> <span class='ocrx_word' id='word_1_563' title='bbox 3109 3438 3267 3511; x_wconf 91' lang='lat' dir='ltr'>quod</span> <span class='ocrx_word' id='word_1_564' title='bbox 3328 3436 3564 3510; x_wconf 86' lang='lat' dir='ltr'>copulat</span> <span class='ocrx_word' id='word_1_565' title='bbox 3623 3437 3799 3495; x_wconf 90' lang='lat' dir='ltr'>ambo</span> 
     </span>
    </p>
   </div>
   <div class='ocr_carea' id='block_1_79' title="bbox 2136 3525 3797 3597">
    <p class='ocr_par' dir='ltr' id='par_1_79' title="bbox 2136 3525 3797 3597">
     <span class='ocr_line' id='line_1_79' title="bbox 2136 3525 3797 3597; baseline 0 -15"><span class='ocrx_word' id='word_1_566' title='bbox 2136 3525 2252 3583; x_wconf 89' lang='lat' dir='ltr'>ista</span> <span class='ocrx_word' id='word_1_567' title='bbox 2281 3527 2455 3595; x_wconf 88' lang='lat' dir='ltr'>bona,</span> <span class='ocrx_word' id='word_1_568' title='bbox 2485 3526 2672 3583; x_wconf 88' lang='lat' dir='ltr'>facere</span> <span class='ocrx_word' id='word_1_569' title='bbox 2700 3525 2922 3583; x_wconf 89' lang='lat' dir='ltr'>scilicet</span> <span class='ocrx_word' id='word_1_570' title='bbox 2949 3531 3007 3584; x_wconf 91' lang='lat' dir='ltr'>et</span> <span class='ocrx_word' id='word_1_571' title='bbox 3037 3528 3276 3597; x_wconf 91' lang='lat' dir='ltr'>docere,</span> <span class='ocrx_word' id='word_1_572' title='bbox 3327 3526 3797 3584; x_wconf 82' lang='lat' dir='ltr'>considerandus</span> 
     </span>
    </p>
   </div>
   <div class='ocr_carea' id='block_1_80' title="bbox 2136 3614 3796 3689">
    <p class='ocr_par' dir='ltr' id='par_1_80' title="bbox 2136 3614 3796 3689">
     <span class='ocr_line' id='line_1_80' title="bbox 2136 3614 3796 3689; baseline 0 -18"><span class='ocrx_word' id='word_1_573' title='bbox 2136 3615 2313 3671; x_wconf 87' lang='lat' dir='ltr'>etiam</span> <span class='ocrx_word' id='word_1_574' title='bbox 2375 3618 2465 3672; x_wconf 90' lang='lat' dir='ltr'>est</span> <span class='ocrx_word' id='word_1_575' title='bbox 2514 3614 2612 3672; x_wconf 91' lang='lat' dir='ltr'>ille</span> <span class='ocrx_word' id='word_1_576' title='bbox 2667 3632 2910 3688; x_wconf 90' lang='lat' dir='ltr'>prorsus</span> <span class='ocrx_word' id='word_1_577' title='bbox 2951 3616 3126 3686; x_wconf 89' lang='lat' dir='ltr'>alius,</span> <span class='ocrx_word' id='word_1_578' title='bbox 3163 3615 3262 3674; x_wconf 91' lang='lat' dir='ltr'>ille</span> <span class='ocrx_word' id='word_1_579' title='bbox 3294 3617 3398 3689; x_wconf 91' lang='lat' dir='ltr'>qui</span> <span class='ocrx_word' id='word_1_580' title='bbox 3429 3633 3534 3674; x_wconf 91' lang='lat' dir='ltr'>nec</span> <span class='ocrx_word' id='word_1_581' title='bbox 3564 3615 3796 3688; x_wconf 88' lang='lat' dir='ltr'>aliquid</span> 
     </span>
    </p>
   </div>
   <div class='ocr_carea' id='block_1_81' title="bbox 2133 3702 3792 3777">
    <p class='ocr_par' dir='ltr' id='par_1_81' title="bbox 2133 3702 3792 3777">
     <span class='ocr_line' id='line_1_81' title="bbox 2133 3702 3792 3777; baseline 0.001 -19"><span class='ocrx_word' id='word_1_582' title='bbox 2133 3702 2274 3758; x_wconf 92' lang='lat' dir='ltr'>boni</span> <span class='ocrx_word' id='word_1_583' title='bbox 2306 3702 2466 3772; x_wconf 82' lang='lat' dir='ltr'>facit,</span> <span class='ocrx_word' id='word_1_584' title='bbox 2497 3719 2602 3760; x_wconf 87' lang='lat' dir='ltr'>nec</span> <span class='ocrx_word' id='word_1_585' title='bbox 2630 3703 2831 3772; x_wconf 84' lang='lat' dir='ltr'>docet;</span> <span class='ocrx_word' id='word_1_586' title='bbox 2871 3704 3010 3775; x_wconf 91' lang='lat' dir='ltr'>quin</span> <span class='ocrx_word' id='word_1_587' title='bbox 3075 3704 3202 3777; x_wconf 90' lang='lat' dir='ltr'>ipse</span> <span class='ocrx_word' id='word_1_588' title='bbox 3261 3704 3340 3761; x_wconf 90' lang='lat' dir='ltr'>sit</span> <span class='ocrx_word' id='word_1_589' title='bbox 3394 3708 3496 3761; x_wconf 91' lang='lat' dir='ltr'>aut</span> <span class='ocrx_word' id='word_1_590' title='bbox 3550 3705 3792 3760; x_wconf 88' lang='lat' dir='ltr'>brutum</span> 
     </span>
    </p>
   </div>
   <div class='ocr_carea' id='block_1_82' title="bbox 2136 3792 3789 3866">
    <p class='ocr_par' dir='ltr' id='par_1_82' title="bbox 2136 3792 3789 3866">
     <span class='ocr_line' id='line_1_82' title="bbox 2136 3792 3789 3866; baseline 0 -16"><span class='ocrx_word' id='word_1_591' title='bbox 2136 3792 2377 3862; x_wconf 86' lang='lat' dir='ltr'>animal,</span> <span class='ocrx_word' id='word_1_592' title='bbox 2427 3796 2530 3848; x_wconf 90' lang='lat' dir='ltr'>aut</span> <span class='ocrx_word' id='word_1_593' title='bbox 2555 3795 2822 3866; x_wconf 69' lang='lat' dir='ltr'>quaedam</span> <span class='ocrx_word' id='word_1_594' title='bbox 2853 3792 3176 3851; x_wconf 89' lang='lat' dir='ltr'>alienarum</span> <span class='ocrx_word' id='word_1_595' title='bbox 3203 3794 3530 3866; x_wconf 87' lang='lat' dir='ltr'>specierum</span> <span class='ocrx_word' id='word_1_596' title='bbox 3561 3793 3789 3863; x_wconf 85' lang='lat' dir='ltr'>altera;</span> 
     </span>
    </p>
   </div>
   <div class='ocr_carea' id='block_1_83' title="bbox 2135 3875 3791 3954">
    <p class='ocr_par' dir='ltr' id='par_1_83' title="bbox 2135 3875 3791 3954">
     <span class='ocr_line' id='line_1_83' title="bbox 2135 3875 3791 3954; baseline 0.001 -17"><span class='ocrx_word' id='word_1_597' title='bbox 2135 3897 2259 3954; x_wconf 82' lang='lat' dir='ltr'>quas</span> <span class='ocrx_word' id='word_1_598' title='bbox 2289 3882 2529 3954; x_wconf 89' lang='lat' dir='ltr'>quidem</span> <span class='ocrx_word' id='word_1_599' title='bbox 2550 3885 2608 3938; x_wconf 89' lang='lat' dir='ltr'>et</span> <span class='ocrx_word' id='word_1_600' title='bbox 2635 3881 2762 3954; x_wconf 89' lang='lat' dir='ltr'>ipsa</span> <span class='ocrx_word' id='word_1_601' title='bbox 2789 3883 3225 3954; x_wconf 89' lang='lat' dir='ltr'>quodammodo</span> <span class='ocrx_word' id='word_1_602' title='bbox 3269 3875 3596 3941; x_wconf 87' lang='lat' dir='ltr'>assimilata</span> <span class='ocrx_word' id='word_1_603' title='bbox 3648 3884 3791 3939; x_wconf 89' lang='lat' dir='ltr'>sunt</span> 
     </span>
    </p>
   </div>
   <div class='ocr_carea' id='block_1_84' title="bbox 2135 3970 3800 4046">
    <p class='ocr_par' dir='ltr' id='par_1_84' title="bbox 2135 3970 3800 4046">
     <span class='ocr_line' id='line_1_84' title="bbox 2135 3970 3800 4046; baseline 0.002 -21"><span class='ocrx_word' id='word_1_604' title='bbox 2135 3970 2443 4042; x_wconf 88' lang='lat' dir='ltr'>rationi,eo</span> <span class='ocrx_word' id='word_1_605' title='bbox 2472 3972 2629 4042; x_wconf 91' lang='lat' dir='ltr'>quod</span> <span class='ocrx_word' id='word_1_606' title='bbox 2663 3976 2898 4044; x_wconf 88' lang='lat' dir='ltr'>propter</span> <span class='ocrx_word' id='word_1_607' title='bbox 2927 3971 3219 4029; x_wconf 88' lang='lat' dir='ltr'>mirabilia</span> <span class='ocrx_word' id='word_1_608' title='bbox 3247 3971 3308 4029; x_wconf 90' lang='lat' dir='ltr'>in</span> <span class='ocrx_word' id='word_1_609' title='bbox 3338 3973 3422 4030; x_wconf 87' lang='lat' dir='ltr'>eis</span> <span class='ocrx_word' id='word_1_610' title='bbox 3446 3976 3800 4046; x_wconf 88' lang='lat' dir='ltr'>conspecta,</span> 
     </span>
    </p>
   </div>
   <div class='ocr_carea' id='block_1_85' title="bbox 2134 4059 3790 4135">
    <p class='ocr_par' dir='ltr' id='par_1_85' title="bbox 2134 4059 3790 4135">
     <span class='ocr_line' id='line_1_85' title="bbox 2134 4059 3790 4135; baseline 0.002 -18"><span class='ocrx_word' id='word_1_611' title='bbox 2134 4061 2204 4117; x_wconf 87' lang='lat' dir='ltr'>ad</span> <span class='ocrx_word' id='word_1_612' title='bbox 2239 4059 2342 4116; x_wconf 90' lang='lat' dir='ltr'>Dei</span> <span class='ocrx_word' id='word_1_613' title='bbox 2370 4060 2673 4116; x_wconf 88' lang='lat' dir='ltr'>laudema</span> <span class='ocrx_word' id='word_1_614' title='bbox 2726 4060 3044 4118; x_wconf 85' lang='lat' dir='ltr'>Psalmista</span> <span class='ocrx_word' id='word_1_615' title='bbox 3098 4065 3520 4120; x_wconf 86' lang='lat' dir='ltr'>convooautur.</span> <span class='ocrx_word' id='word_1_616' title='bbox 3577 4063 3790 4135; x_wconf 85' lang='lat' dir='ltr'>Aptius</span> 
     </span>
    </p>
   </div>
   <div class='ocr_carea' id='block_1_86' title="bbox 2135 4148 3790 4223">
    <p class='ocr_par' dir='ltr' id='par_1_86' title="bbox 2135 4148 3790 4223">
     <span class='ocr_line' id='line_1_86' title="bbox 2135 4148 3790 4223; baseline 0 -17"><span class='ocrx_word' id='word_1_617' title='bbox 2135 4153 2334 4206; x_wconf 88' lang='lat' dir='ltr'>autem</span> <span class='ocrx_word' id='word_1_618' title='bbox 2393 4148 2528 4205; x_wconf 88' lang='lat' dir='ltr'>talis</span> <span class='ocrx_word' id='word_1_619' title='bbox 2563 4153 3007 4222; x_wconf 70' lang='lat' dir='ltr'>repraasentaret</span> <span class='ocrx_word' id='word_1_620' title='bbox 3034 4149 3338 4207; x_wconf 89' lang='lat' dir='ltr'>hominem</span> <span class='ocrx_word' id='word_1_621' title='bbox 3366 4149 3457 4206; x_wconf 87' lang='lat' dir='ltr'>vel</span> <span class='ocrx_word' id='word_1_622' title='bbox 3487 4149 3790 4223; x_wconf 89' lang='lat' dir='ltr'>lapideum</span> 
     </span>
    </p>
   </div>
   <div class='ocr_carea' id='block_1_87' title="bbox 2135 4238 3792 4312">
    <p class='ocr_par' dir='ltr' id='par_1_87' title="bbox 2135 4238 3792 4312">
     <span class='ocr_line' id='line_1_87' title="bbox 2135 4238 3792 4312; baseline 0.001 -17"><span class='ocrx_word' id='word_1_623' title='bbox 2135 4238 2225 4295; x_wconf 88' lang='lat' dir='ltr'>vel</span> <span class='ocrx_word' id='word_1_624' title='bbox 2257 4238 2663 4310; x_wconf 88' lang='lat' dir='ltr'>insanum,qui</span> <span class='ocrx_word' id='word_1_625' title='bbox 2694 4255 2800 4295; x_wconf 90' lang='lat' dir='ltr'>nec</span> <span class='ocrx_word' id='word_1_626' title='bbox 2829 4238 3050 4311; x_wconf 88' lang='lat' dir='ltr'>aliquid</span> <span class='ocrx_word' id='word_1_627' title='bbox 3082 4244 3286 4312; x_wconf 88' lang='lat' dir='ltr'>agunt,</span> <span class='ocrx_word' id='word_1_628' title='bbox 3321 4256 3426 4296; x_wconf 86' lang='lat' dir='ltr'>nec</span> <span class='ocrx_word' id='word_1_629' title='bbox 3453 4239 3792 4311; x_wconf 84' lang='lat' dir='ltr'>docent,ssd</span> 
     </span>
    </p>
   </div>
   <div class='ocr_carea' id='block_1_88' title="bbox 2136 4328 3801 4401">
    <p class='ocr_par' dir='ltr' id='par_1_88' title="bbox 2136 4328 3801 4401">
     <span class='ocr_line' id='line_1_88' title="bbox 2136 4328 3801 4401; baseline 0.002 -19"><span class='ocrx_word' id='word_1_630' title='bbox 2136 4331 2367 4385; x_wconf 81' lang='lat' dir='ltr'>tantum</span> <span class='ocrx_word' id='word_1_631' title='bbox 2399 4328 2862 4400; x_wconf 88' lang='lat' dir='ltr'>miserationem,</span> <span class='ocrx_word' id='word_1_632' title='bbox 2893 4346 2962 4385; x_wconf 88' lang='lat' dir='ltr'>ea</span> <span class='ocrx_word' id='word_1_633' title='bbox 2996 4329 3152 4401; x_wconf 90' lang='lat' dir='ltr'>quod</span> <span class='ocrx_word' id='word_1_634' title='bbox 3185 4345 3220 4386; x_wconf 90' lang='lat' dir='ltr'>a</span> <span class='ocrx_word' id='word_1_635' title='bbox 3274 4329 3530 4386; x_wconf 89' lang='lat' dir='ltr'>naturali</span> <span class='ocrx_word' id='word_1_636' title='bbox 3585 4329 3801 4386; x_wconf 86' lang='lat' dir='ltr'>forma-</span> 
     </span>
    </p>
   </div>
   <div class='ocr_carea' id='block_1_89' title="bbox 2137 4417 3800 4491">
    <p class='ocr_par' dir='ltr' id='par_1_89' title="bbox 2137 4417 3800 4491">
     <span class='ocr_line' id='line_1_89' title="bbox 2137 4417 3800 4491; baseline 0.001 -19"><span class='ocrx_word' id='word_1_637' title='bbox 2137 4417 2296 4474; x_wconf 87' lang='lat' dir='ltr'>tione</span> <span class='ocrx_word' id='word_1_638' title='bbox 2347 4417 2585 4474; x_wconf 88' lang='lat' dir='ltr'>alienati</span> <span class='ocrx_word' id='word_1_639' title='bbox 2642 4417 2785 4487; x_wconf 88' lang='lat' dir='ltr'>sint,</span> <span class='ocrx_word' id='word_1_640' title='bbox 2817 4417 3074 4476; x_wconf 87' lang='lat' dir='ltr'>excitant</span> <span class='ocrx_word' id='word_1_641' title='bbox 3103 4434 3117 4476; x_wconf 87' lang='lat'><strong>:</strong></span> <span class='ocrx_word' id='word_1_642' title='bbox 3153 4417 3368 4491; x_wconf 88' lang='lat' dir='ltr'>quibus</span> <span class='ocrx_word' id='word_1_643' title='bbox 3401 4417 3586 4475; x_wconf 90' lang='lat' dir='ltr'>multo</span> <span class='ocrx_word' id='word_1_644' title='bbox 3618 4418 3800 4474; x_wconf 80' lang='lat' dir='ltr'>mise-</span> 
     </span>
    </p>
   </div>
   <div class='ocr_carea' id='block_1_90' title="bbox 378 4505 2023 4588">
    <p class='ocr_par' dir='ltr' id='par_1_90' title="bbox 378 4505 2023 4588">
     <span class='ocr_line' id='line_1_90' title="bbox 378 4505 2023 4588; baseline 0.002 -24"><span class='ocrx_word' id='word_1_645' title='bbox 378 4506 522 4585; x_wconf 70' lang='grc' dir='ltr'>ἄκρα</span> <span class='ocrx_word' id='word_1_646' title='bbox 568 4505 806 4585; x_wconf 86' lang='grc' dir='ltr'>πονηρία</span> <span class='ocrx_word' id='word_1_647' title='bbox 855 4507 947 4564; x_wconf 84' lang='grc' dir='ltr'>καὶ</span> <span class='ocrx_word' id='word_1_648' title='bbox 996 4510 1237 4584; x_wconf 77' lang='grc' dir='ltr'>κοσμικὴ</span> <span class='ocrx_word' id='word_1_649' title='bbox 1286 4509 1530 4586; x_wconf 81' lang='grc' dir='ltr'>καχεξία.</span> <span class='ocrx_word' id='word_1_650' title='bbox 1574 4515 1881 4588; x_wconf 84' lang='grc' dir='ltr'>Δυσπραγεῖ</span> <span class='ocrx_word' id='word_1_651' title='bbox 1939 4512 2023 4567; x_wconf 75' lang='grc' dir='ltr'><strong>καῖ</strong></span> 
     </span>
    </p>
   </div>
   <div class='ocr_carea' id='block_1_91' title="bbox 2139 4505 3804 4588">
    <p class='ocr_par' dir='ltr' id='par_1_91' title="bbox 2140 4507 3804 4580">
     <span class='ocr_line' id='line_1_91' title="bbox 2140 4507 3804 4580; baseline 0.001 -16"><span class='ocrx_word' id='word_1_652' title='bbox 2140 4507 2321 4564; x_wconf 88' lang='lat' dir='ltr'>riores</span> <span class='ocrx_word' id='word_1_653' title='bbox 2343 4509 2405 4566; x_wconf 90' lang='lat' dir='ltr'>hi</span> <span class='ocrx_word' id='word_1_654' title='bbox 2433 4512 2576 4565; x_wconf 90' lang='lat' dir='ltr'>sunt</span> <span class='ocrx_word' id='word_1_655' title='bbox 2597 4508 3013 4580; x_wconf 86' lang='lat' dir='ltr'>imitatores,in</span> <span class='ocrx_word' id='word_1_656' title='bbox 3051 4509 3270 4580; x_wconf 91' lang='lat' dir='ltr'>quibus</span> <span class='ocrx_word' id='word_1_657' title='bbox 3300 4513 3390 4566; x_wconf 90' lang='lat' dir='ltr'>est</span> <span class='ocrx_word' id='word_1_658' title='bbox 3415 4524 3653 4566; x_wconf 90' lang='lat' dir='ltr'>summa</span> <span class='ocrx_word' id='word_1_659' title='bbox 3683 4524 3804 4566; x_wconf 86' lang='lat' dir='ltr'>ma-</span> 
     </span>
    </p>
   </div>
   <div class='ocr_carea' id='block_1_92' title="bbox 380 4595 2023 4678">
    <p class='ocr_par' dir='ltr' id='par_1_92' title="bbox 380 4595 2023 4678">
     <span class='ocr_line' id='line_1_92' title="bbox 380 4595 2023 4678; baseline 0.002 -26"><span class='ocrx_word' id='word_1_660' title='bbox 380 4595 458 4660; x_wconf 75' lang='grc' dir='ltr'>εἲς</span> <span class='ocrx_word' id='word_1_661' title='bbox 489 4595 682 4668; x_wconf 87' lang='grc' dir='ltr'>πλέον,</span> <span class='ocrx_word' id='word_1_662' title='bbox 728 4596 792 4651; x_wconf 86' lang='grc' dir='ltr'>τὸ</span> <span class='ocrx_word' id='word_1_663' title='bbox 839 4596 1054 4653; x_wconf 88' lang='grc' dir='ltr'>πάντων</span> <span class='ocrx_word' id='word_1_664' title='bbox 1105 4597 1403 4676; x_wconf 86' lang='grc' dir='ltr'>χείριστον.</span> <span class='ocrx_word' id='word_1_665' title='bbox 1453 4599 1575 4657; x_wconf 82' lang='grc' dir='ltr'>Εἰσὶ</span> <span class='ocrx_word' id='word_1_666' title='bbox 1621 4601 1724 4678; x_wconf 81' lang='grc' dir='ltr'>γὰρ</span> <span class='ocrx_word' id='word_1_667' title='bbox 1775 4621 1918 4664; x_wconf 86' lang='grc' dir='ltr'>τινες</span> <span class='ocrx_word' id='word_1_668' title='bbox 1951 4599 2023 4664; x_wconf 79' lang='grc' dir='ltr'>εἷς</span> 
     </span>
    </p>
   </div>
   <div class='ocr_carea' id='block_1_93' title="bbox 2139 4595 3802 4678">
    <p class='ocr_par' dir='ltr' id='par_1_93' title="bbox 2139 4597 3802 4672">
     <span class='ocr_line' id='line_1_93' title="bbox 2139 4597 3802 4672; baseline 0 -18"><span class='ocrx_word' id='word_1_669' title='bbox 2139 4597 2268 4654; x_wconf 84' lang='lat' dir='ltr'>litis</span> <span class='ocrx_word' id='word_1_670' title='bbox 2295 4598 2347 4656; x_wconf 87' lang='lat' dir='ltr'>ei</span> <span class='ocrx_word' id='word_1_671' title='bbox 2378 4599 2439 4654; x_wconf 91' lang='lat' dir='ltr'>in</span> <span class='ocrx_word' id='word_1_672' title='bbox 2470 4615 2681 4672; x_wconf 87' lang='lat' dir='ltr'>genere</span> <span class='ocrx_word' id='word_1_673' title='bbox 2710 4599 2866 4656; x_wconf 86' lang='lat' dir='ltr'>mala</span> <span class='ocrx_word' id='word_1_674' title='bbox 2896 4599 3229 4672; x_wconf 89' lang='lat' dir='ltr'>dispositio.</span> <span class='ocrx_word' id='word_1_675' title='bbox 3259 4598 3448 4672; x_wconf 84' lang='lat' dir='ltr'>Magis</span> <span class='ocrx_word' id='word_1_676' title='bbox 3479 4602 3677 4656; x_wconf 85' lang='lat' dir='ltr'>autem</span> <span class='ocrx_word' id='word_1_677' title='bbox 3708 4598 3802 4654; x_wconf 91' lang='lat' dir='ltr'>in-</span> 
     </span>
    </p>
   </div>
   <div class='ocr_carea' id='block_1_94' title="bbox 384 4680 2023 4767">
    <p class='ocr_par' dir='ltr' id='par_1_94' title="bbox 384 4680 2023 4767">
     <span class='ocr_line' id='line_1_94' title="bbox 384 4680 2023 4767; baseline 0.002 -25"><span class='ocrx_word' id='word_1_678' title='bbox 384 4686 640 4742; x_wconf 82' lang='grc' dir='ltr'>τοσοῦτον</span> <span class='ocrx_word' id='word_1_679' title='bbox 691 4680 1138 4762; x_wconf 76' lang='grc' dir='ltr'>κεκολοϐωμένοι</span> <span class='ocrx_word' id='word_1_680' title='bbox 1194 4695 1293 4758; x_wconf 84' lang='grc' dir='ltr'>τῆς</span> <span class='ocrx_word' id='word_1_681' title='bbox 1350 4687 1428 4751; x_wconf 77' lang='grc' dir='ltr'>εἴς</span> <span class='ocrx_word' id='word_1_682' title='bbox 1489 4690 1687 4764; x_wconf 83' lang='grc' dir='ltr'>ἀγαθὸν</span> <span class='ocrx_word' id='word_1_683' title='bbox 1745 4687 2023 4767; x_wconf 55' lang='grc' dir='ltr'>διαρτίας1</span> 
     </span>
    </p>
   </div>
   <div class='ocr_carea' id='block_1_95' title="bbox 2139 4680 3803 4767">
    <p class='ocr_par' dir='ltr' id='par_1_95' title="bbox 2146 4687 3803 4762">
     <span class='ocr_line' id='line_1_95' title="bbox 2146 4687 3803 4762; baseline 0 -18"><span class='ocrx_word' id='word_1_684' title='bbox 2146 4689 2283 4746; x_wconf 84' lang='lat' dir='ltr'>felix</span> <span class='ocrx_word' id='word_1_685' title='bbox 2307 4689 2499 4746; x_wconf 89' lang='lat' dir='ltr'>adhuc</span> <span class='ocrx_word' id='word_1_686' title='bbox 2528 4689 2913 4758; x_wconf 89' lang='lat' dir='ltr'>est,omnium</span> <span class='ocrx_word' id='word_1_687' title='bbox 2947 4689 3454 4762; x_wconf 88' lang='lat' dir='ltr'>pessimum.Sunt</span> <span class='ocrx_word' id='word_1_688' title='bbox 3481 4688 3640 4745; x_wconf 90' lang='lat' dir='ltr'>enim</span> <span class='ocrx_word' id='word_1_689' title='bbox 3671 4687 3803 4761; x_wconf 90' lang='lat' dir='ltr'>qui-</span> 
     </span>
    </p>
   </div>
   <div class='ocr_carea' id='block_1_96' title="bbox 385 4772 2023 4853">
    <p class='ocr_par' dir='ltr' id='par_1_96' title="bbox 385 4772 2023 4853">
     <span class='ocr_line' id='line_1_96' title="bbox 385 4772 2023 4853; baseline 0.002 -23"><span class='ocrx_word' id='word_1_690' title='bbox 385 4773 525 4830; x_wconf 80' lang='grc' dir='ltr'>ὥστε</span> <span class='ocrx_word' id='word_1_691' title='bbox 552 4772 650 4830; x_wconf 78' lang='grc' dir='ltr'>σὺν</span> <span class='ocrx_word' id='word_1_692' title='bbox 679 4779 760 4848; x_wconf 78' lang='grc' dir='ltr'>τῷ</span> <span class='ocrx_word' id='word_1_693' title='bbox 811 4773 980 4850; x_wconf 65' lang='grc' dir='ltr'>μηδὲν</span> <span class='ocrx_word' id='word_1_694' title='bbox 1029 4775 1463 4852; x_wconf 75' lang='grc' dir='ltr'>εὐηρεστημένον</span> <span class='ocrx_word' id='word_1_695' title='bbox 1518 4783 1634 4851; x_wconf 87' lang='grc' dir='ltr'>Θεῷ</span> <span class='ocrx_word' id='word_1_696' title='bbox 1683 4780 1718 4849; x_wconf 77' lang='grc' dir='ltr'><strong>ἢ</strong></span> <span class='ocrx_word' id='word_1_697' title='bbox 1767 4781 2023 4853; x_wconf 65' lang='grc' dir='ltr'>ποιεῖν,ίέ</span> 
     </span>
    </p>
   </div>
   <div class='ocr_carea' id='block_1_97' title="bbox 2139 4772 3804 4853">
    <p class='ocr_par' dir='ltr' id='par_1_97' title="bbox 2146 4776 3804 4851">
     <span class='ocr_line' id='line_1_97' title="bbox 2146 4776 3804 4851; baseline -0.002 -15"><span class='ocrx_word' id='word_1_698' title='bbox 2146 4779 2283 4836; x_wconf 89' lang='lat' dir='ltr'>dam</span> <span class='ocrx_word' id='word_1_699' title='bbox 2313 4795 2348 4835; x_wconf 91' lang='lat' dir='ltr'>a</span> <span class='ocrx_word' id='word_1_700' title='bbox 2379 4779 2568 4836; x_wconf 80' lang='lat' dir='ltr'>forma</span> <span class='ocrx_word' id='word_1_701' title='bbox 2593 4797 2720 4851; x_wconf 67' lang='lat' dir='ltr'>quas</span> <span class='ocrx_word' id='word_1_702' title='bbox 2750 4779 2941 4835; x_wconf 89' lang='lat' dir='ltr'>tendit</span> <span class='ocrx_word' id='word_1_703' title='bbox 2971 4779 3045 4836; x_wconf 87' lang='lat' dir='ltr'>ad</span> <span class='ocrx_word' id='word_1_704' title='bbox 3074 4779 3296 4835; x_wconf 90' lang='lat' dir='ltr'>bonum</span> <span class='ocrx_word' id='word_1_705' title='bbox 3349 4779 3492 4835; x_wconf 88' lang='lat' dir='ltr'>adeo</span> <span class='ocrx_word' id='word_1_706' title='bbox 3540 4776 3804 4848; x_wconf 86' lang='lat' dir='ltr'>alienati,</span> 
     </span>
    </p>
   </div>
   <div class='ocr_carea' id='block_1_98' title="bbox 383 4861 2023 4942">
    <p class='ocr_par' dir='ltr' id='par_1_98' title="bbox 383 4861 2023 4942">
     <span class='ocr_line' id='line_1_98' title="bbox 383 4861 2023 4942; baseline 0.002 -21"><span class='ocrx_word' id='word_1_707' title='bbox 383 4861 684 4934; x_wconf 80' lang='grc' dir='ltr'>διδάσκειν,</span> <span class='ocrx_word' id='word_1_708' title='bbox 718 4862 1052 4921; x_wconf 72' lang='grc' dir='ltr'>έκέλίνουσιν</span> <span class='ocrx_word' id='word_1_709' title='bbox 1102 4863 1179 4928; x_wconf 78' lang='grc' dir='ltr'>εἰς</span> <span class='ocrx_word' id='word_1_710' title='bbox 1232 4865 1296 4921; x_wconf 77' lang='grc' dir='ltr'>τὰ</span> <span class='ocrx_word' id='word_1_711' title='bbox 1359 4863 1500 4940; x_wconf 80' lang='grc' dir='ltr'>μηδὲ</span> <span class='ocrx_word' id='word_1_712' title='bbox 1556 4865 1725 4939; x_wconf 78' lang='grc' dir='ltr'>ἄξιον,</span> <span class='ocrx_word' id='word_1_713' title='bbox 1776 4873 1893 4941; x_wconf 86' lang='grc' dir='ltr'>Θεῷ</span> <span class='ocrx_word' id='word_1_714' title='bbox 1941 4889 2023 4942; x_wconf 83' lang='grc' dir='ltr'>μι-</span> 
     </span>
    </p>
   </div>
   <div class='ocr_carea' id='block_1_99' title="bbox 2139 4861 3804 4942">
    <p class='ocr_par' dir='ltr' id='par_1_99' title="bbox 2147 4867 3804 4942">
     <span class='ocr_line' id='line_1_99' title="bbox 2147 4867 3804 4942; baseline -0.002 -17"><span class='ocrx_word' id='word_1_715' title='bbox 2147 4875 2213 4925; x_wconf 91' lang='lat' dir='ltr'>ut</span> <span class='ocrx_word' id='word_1_716' title='bbox 2268 4869 2408 4925; x_wconf 88' lang='lat' dir='ltr'>dum</span> <span class='ocrx_word' id='word_1_717' title='bbox 2465 4885 2708 4942; x_wconf 90' lang='lat' dir='ltr'>prorsus</span> <span class='ocrx_word' id='word_1_718' title='bbox 2767 4867 2914 4924; x_wconf 91' lang='lat' dir='ltr'>nihil</span> <span class='ocrx_word' id='word_1_719' title='bbox 2945 4872 3058 4925; x_wconf 89' lang='lat' dir='ltr'>Deo</span> <span class='ocrx_word' id='word_1_720' title='bbox 3089 4871 3324 4940; x_wconf 87' lang='lat' dir='ltr'>gratum</span> <span class='ocrx_word' id='word_1_721' title='bbox 3355 4883 3462 4924; x_wconf 91' lang='lat' dir='ltr'>nec</span> <span class='ocrx_word' id='word_1_722' title='bbox 3492 4869 3671 4939; x_wconf 84' lang='lat' dir='ltr'>agant</span> <span class='ocrx_word' id='word_1_723' title='bbox 3697 4882 3804 4922; x_wconf 89' lang='lat' dir='ltr'>nec</span> 
     </span>
    </p>
   </div>
   <div class='ocr_carea' id='block_1_100' title="bbox 383 4950 2037 5031">
    <p class='ocr_par' dir='ltr' id='par_1_100' title="bbox 383 4950 2037 5031">
     <span class='ocr_line' id='line_1_100' title="bbox 383 4950 2037 5031; baseline 0.001 -21"><span class='ocrx_word' id='word_1_724' title='bbox 383 4953 525 5026; x_wconf 76' lang='grc' dir='ltr'>σητὰ</span> <span class='ocrx_word' id='word_1_725' title='bbox 581 4953 673 5009; x_wconf 83' lang='grc' dir='ltr'>καὶ</span> <span class='ocrx_word' id='word_1_726' title='bbox 725 4950 1183 5029; x_wconf 83' lang='grc' dir='ltr'>διαπραττόμενοι</span> <span class='ocrx_word' id='word_1_727' title='bbox 1241 4954 1331 5011; x_wconf 82' lang='grc' dir='ltr'>καὶ</span> <span class='ocrx_word' id='word_1_728' title='bbox 1391 4955 1802 5031; x_wconf 83' lang='grc' dir='ltr'>ὑποτιθέμενοι,</span> <span class='ocrx_word' id='word_1_729' title='bbox 1862 4957 2037 5014; x_wconf 78' lang='grc' dir='ltr'>οὐκέτ’</span> 
     </span>
    </p>
   </div>
   <div class='ocr_carea' id='block_1_101' title="bbox 386 5038 2039 5120">
    <p class='ocr_par' dir='ltr' id='par_1_101' title="bbox 386 5038 2039 5120">
     <span class='ocr_line' id='line_1_101' title="bbox 386 5038 2039 5120; baseline 0.002 -21"><span class='ocrx_word' id='word_1_730' title='bbox 386 5041 542 5100; x_wconf 73' lang='grc' dir='ltr'>αὐτοὶ</span> <span class='ocrx_word' id='word_1_731' title='bbox 589 5041 718 5099; x_wconf 72' lang='grc' dir='ltr'>οὐδὲ</span> <span class='ocrx_word' id='word_1_732' title='bbox 761 5041 1039 5120; x_wconf 79' lang='grc' dir='ltr'>ἅνθρωποι</span> <span class='ocrx_word' id='word_1_733' title='bbox 1089 5038 1262 5117; x_wconf 76' lang='grc' dir='ltr'>ὅντες,</span> <span class='ocrx_word' id='word_1_734' title='bbox 1311 5043 1440 5100; x_wconf 86' lang='grc' dir='ltr'>ἀλλ’</span> <span class='ocrx_word' id='word_1_735' title='bbox 1493 5043 1572 5108; x_wconf 67' lang='grc' dir='ltr'>εἷς</span> <span class='ocrx_word' id='word_1_736' title='bbox 1621 5043 1884 5120; x_wconf 85' lang='grc' dir='ltr'>δαίμονας</span> <span class='ocrx_word' id='word_1_737' title='bbox 1913 5047 2039 5111; x_wconf 85' lang='grc' dir='ltr'>τοὺς</span> 
     </span>
    </p>
   </div>
   <div class='ocr_carea' id='block_1_102' title="bbox 382 5130 2038 5212">
    <p class='ocr_par' dir='ltr' id='par_1_102' title="bbox 382 5130 2038 5212">
     <span class='ocr_line' id='line_1_102' title="bbox 382 5130 2038 5212; baseline 0.002 -24"><span class='ocrx_word' id='word_1_738' title='bbox 382 5132 476 5189; x_wconf 86' lang='grc' dir='ltr'>καὶ</span> <span class='ocrx_word' id='word_1_739' title='bbox 507 5130 849 5210; x_wconf 80' lang='grc' dir='ltr'>ἀρχεκάκους</span> <span class='ocrx_word' id='word_1_740' title='bbox 878 5132 969 5190; x_wconf 85' lang='grc' dir='ltr'>καὶ</span> <span class='ocrx_word' id='word_1_741' title='bbox 1018 5132 1393 5212; x_wconf 79' lang='grc' dir='ltr'>φαυλοποιοὺς</span> <span class='ocrx_word' id='word_1_742' title='bbox 1424 5133 1516 5191; x_wconf 82' lang='grc' dir='ltr'>καὶ</span> <span class='ocrx_word' id='word_1_743' title='bbox 1564 5133 2038 5212; x_wconf 84' lang='grc' dir='ltr'>πονηροδιδασκά-</span> 
     </span>
    </p>
   </div>
   <div class='ocr_carea' id='block_1_103' title="bbox 378 5221 1005 5299">
    <p class='ocr_par' dir='ltr' id='par_1_103' title="bbox 378 5221 1005 5299">
     <span class='ocr_line' id='line_1_103' title="bbox 378 5221 1005 5299; baseline 0.002 -20"><span class='ocrx_word' id='word_1_744' title='bbox 378 5221 521 5286; x_wconf 83' lang='grc' dir='ltr'>λους</span> <span class='ocrx_word' id='word_1_745' title='bbox 553 5222 822 5280; x_wconf 78' lang='grc' dir='ltr'>ἀποταττό</span> <span class='ocrx_word' id='word_1_746' title='bbox 831 5244 1005 5299; x_wconf 89' lang='grc' dir='ltr'>μενοι.</span> 
     </span>
    </p>
   </div>
   <div class='ocr_carea' id='block_1_104' title="bbox 457 5328 2041 5406">
    <p class='ocr_par' dir='ltr' id='par_1_104' title="bbox 457 5328 2041 5406">
     <span class='ocr_line' id='line_1_104' title="bbox 457 5328 2041 5406; baseline 0.002 -21"><span class='ocrx_word' id='word_1_747' title='bbox 457 5331 554 5388; x_wconf 85' lang='grc' dir='ltr'>κε’.</span> <span class='ocrx_word' id='word_1_748' title='bbox 582 5329 736 5388; x_wconf 84' lang='grc' dir='ltr'>Ἐπεὶ</span> <span class='ocrx_word' id='word_1_749' title='bbox 793 5328 884 5388; x_wconf 79' lang='grc' dir='ltr'>οῦν</span> <span class='ocrx_word' id='word_1_750' title='bbox 940 5328 1084 5385; x_wconf 76' lang='grc' dir='ltr'>οὕτω</span> <span class='ocrx_word' id='word_1_751' title='bbox 1138 5333 1305 5386; x_wconf 89' lang='grc' dir='ltr'>ταῦτα</span> <span class='ocrx_word' id='word_1_752' title='bbox 1361 5331 1475 5405; x_wconf 86' lang='grc' dir='ltr'>(καὶ</span> <span class='ocrx_word' id='word_1_753' title='bbox 1523 5331 1586 5387; x_wconf 80' lang='grc' dir='ltr'>οὗ</span> <span class='ocrx_word' id='word_1_754' title='bbox 1641 5330 2041 5406; x_wconf 74' lang='grc' dir='ltr'>διεξεπέσομεν,</span> 
     </span>
    </p>
   </div>
   <div class='ocr_carea' id='block_1_105' title="bbox 385 5417 2041 5497">
    <p class='ocr_par' dir='ltr' id='par_1_105' title="bbox 385 5417 2041 5497">
     <span class='ocr_line' id='line_1_105' title="bbox 385 5417 2041 5497; baseline 0.002 -23"><span class='ocrx_word' id='word_1_755' title='bbox 385 5418 568 5492; x_wconf 78' lang='grc' dir='ltr'>ὸῖμαι,</span> <span class='ocrx_word' id='word_1_756' title='bbox 597 5423 697 5476; x_wconf 86' lang='grc' dir='ltr'>τοῦ</span> <span class='ocrx_word' id='word_1_757' title='bbox 746 5421 922 5497; x_wconf 81' lang='grc' dir='ltr'>ὀρθῶς</span> <span class='ocrx_word' id='word_1_758' title='bbox 968 5417 1214 5493; x_wconf 79' lang='grc' dir='ltr'>διελεῖν),</span> <span class='ocrx_word' id='word_1_759' title='bbox 1246 5418 1373 5496; x_wconf 78' lang='grc' dir='ltr'>φέρε</span> <span class='ocrx_word' id='word_1_760' title='bbox 1417 5417 1485 5490; x_wconf 83' lang='grc' dir='ltr'>δὴ</span> <span class='ocrx_word' id='word_1_761' title='bbox 1533 5419 1864 5495; x_wconf 77' lang='grc' dir='ltr'>ἐξετάσὼμεν</span> <span class='ocrx_word' id='word_1_762' title='bbox 1891 5423 2041 5496; x_wconf 79' lang='grc' dir='ltr'>ἡμᾶς</span> 
     </span>
    </p>
   </div>
   <div class='ocr_carea' id='block_1_106' title="bbox 383 5504 2043 5586">
    <p class='ocr_par' dir='ltr' id='par_1_106' title="bbox 383 5504 2043 5586">
     <span class='ocr_line' id='line_1_106' title="bbox 383 5504 2043 5586; baseline 0.002 -23"><span class='ocrx_word' id='word_1_763' title='bbox 383 5506 610 5580; x_wconf 75' lang='grc' dir='ltr'>αὐτοὺς,</span> <span class='ocrx_word' id='word_1_764' title='bbox 659 5504 1034 5572; x_wconf 75' lang='grc' dir='ltr'>ἄναϐαίνοντες</span> <span class='ocrx_word' id='word_1_765' title='bbox 1085 5507 1146 5564; x_wconf 85' lang='grc' dir='ltr'>ἐκ</span> <span class='ocrx_word' id='word_1_766' title='bbox 1201 5513 1307 5563; x_wconf 86' lang='grc' dir='ltr'>τῶν</span> <span class='ocrx_word' id='word_1_767' title='bbox 1368 5508 1612 5585; x_wconf 76' lang='grc' dir='ltr'>ἐσχάτων</span> <span class='ocrx_word' id='word_1_768' title='bbox 1667 5509 1755 5565; x_wconf 79' lang='grc' dir='ltr'>ἐπὶ</span> <span class='ocrx_word' id='word_1_769' title='bbox 1811 5511 1880 5564; x_wconf 80' lang='grc' dir='ltr'>τὰ</span> <span class='ocrx_word' id='word_1_770' title='bbox 1934 5513 2043 5586; x_wconf 86' lang='grc' dir='ltr'>πρὸ</span> 
     </span>
    </p>
   </div>
   <div class='ocr_carea' id='block_1_107' title="bbox 383 5595 2041 5676">
    <p class='ocr_par' dir='ltr' id='par_1_107' title="bbox 383 5595 2041 5676">
     <span class='ocr_line' id='line_1_107' title="bbox 383 5595 2041 5676; baseline 0.002 -24"><span class='ocrx_word' id='word_1_771' title='bbox 383 5595 588 5668; x_wconf 76' lang='grc' dir='ltr'>αὐτῶν,</span> <span class='ocrx_word' id='word_1_772' title='bbox 637 5601 728 5653; x_wconf 78' lang='grc' dir='ltr'>καὶ</span> <span class='ocrx_word' id='word_1_773' title='bbox 778 5600 1170 5674; x_wconf 75' lang='grc' dir='ltr'>θεωρήσωμεν,</span> <span class='ocrx_word' id='word_1_774' title='bbox 1223 5596 1274 5653; x_wconf 72' lang='grc' dir='ltr'>ἰν</span> <span class='ocrx_word' id='word_1_775' title='bbox 1326 5597 1472 5672; x_wconf 85' lang='grc' dir='ltr'>ποίῳ</span> <span class='ocrx_word' id='word_1_776' title='bbox 1517 5603 1628 5655; x_wconf 89' lang='grc' dir='ltr'>τῶν</span> <span class='ocrx_word' id='word_1_777' title='bbox 1673 5596 2041 5676; x_wconf 84' lang='grc' dir='ltr'>διαιρεμάτων</span> 
     </span>
    </p>
   </div>
   <div class='ocr_carea' id='block_1_108' title="bbox 380 5684 2043 5763">
    <p class='ocr_par' dir='ltr' id='par_1_108' title="bbox 380 5684 2043 5763">
     <span class='ocr_line' id='line_1_108' title="bbox 380 5684 2043 5763; baseline 0.002 -21"><span class='ocrx_word' id='word_1_778' title='bbox 380 5687 718 5761; x_wconf 81' lang='grc' dir='ltr'>τεταξόμεθα</span> <span class='ocrx_word' id='word_1_779' title='bbox 772 5690 938 5762; x_wconf 71' lang='grc' dir='ltr'>ἡμεῖς</span> <span class='ocrx_word' id='word_1_780' title='bbox 999 5689 1053 5743; x_wconf 75' lang='grc' dir='ltr'>οἱ</span> <span class='ocrx_word' id='word_1_781' title='bbox 1101 5692 1194 5743; x_wconf 89' lang='grc' dir='ltr'>νῦν</span> <span class='ocrx_word' id='word_1_782' title='bbox 1246 5684 1608 5751; x_wconf 85' lang='grc' dir='ltr'>διδάσκοντες.</span> <span class='ocrx_word' id='word_1_783' title='bbox 1662 5689 1762 5744; x_wconf 81' lang='grc' dir='ltr'>Καὶ</span> <span class='ocrx_word' id='word_1_784' title='bbox 1815 5690 1898 5745; x_wconf 82' lang='grc' dir='ltr'>ὅτι</span> <span class='ocrx_word' id='word_1_785' title='bbox 1946 5691 2043 5763; x_wconf 70' lang='grc' dir='ltr'>μὲν</span> 
     </span>
    </p>
   </div>
   <div class='ocr_carea' id='block_1_109' title="bbox 387 5773 2045 5854">
    <p class='ocr_par' dir='ltr' id='par_1_109' title="bbox 387 5773 2045 5854">
     <span class='ocr_line' id='line_1_109' title="bbox 387 5773 2045 5854; baseline 0.001 -21"><span class='ocrx_word' id='word_1_786' title='bbox 387 5775 469 5840; x_wconf 76' lang='grc' dir='ltr'>εἰς</span> <span class='ocrx_word' id='word_1_787' title='bbox 536 5773 770 5852; x_wconf 67' lang='grc' dir='ltr'>ἔσχατον</span> <span class='ocrx_word' id='word_1_788' title='bbox 839 5777 1034 5842; x_wconf 87' lang='grc' dir='ltr'>κακίας</span> <span class='ocrx_word' id='word_1_789' title='bbox 1111 5775 1518 5840; x_wconf 78' lang='grc' dir='ltr'>διικπίπτοντες</span> <span class='ocrx_word' id='word_1_790' title='bbox 1597 5778 2045 5854; x_wconf 83' lang='grc' dir='ltr'>ἁποσυριχθησό-</span> 
     </span>
    </p>
   </div>
   <div class='ocr_carea' id='block_1_110' title="bbox 2149 4953 3805 5030">
    <p class='ocr_par' dir='ltr' id='par_1_110' title="bbox 2149 4953 3805 5030">
     <span class='ocr_line' id='line_1_110' title="bbox 2149 4953 3805 5030; baseline -0.002 -16"><span class='ocrx_word' id='word_1_791' title='bbox 2149 4959 2417 5027; x_wconf 89' lang='lat' dir='ltr'>doceant,</span> <span class='ocrx_word' id='word_1_792' title='bbox 2448 4956 2508 5015; x_wconf 92' lang='lat' dir='ltr'>in</span> <span class='ocrx_word' id='word_1_793' title='bbox 2542 4958 2698 5030; x_wconf 93' lang='lat' dir='ltr'>quod</span> <span class='ocrx_word' id='word_1_794' title='bbox 2729 4957 2975 5014; x_wconf 90' lang='lat' dir='ltr'>minime</span> <span class='ocrx_word' id='word_1_795' title='bbox 3007 4957 3255 5030; x_wconf 89' lang='lat' dir='ltr'>dignum</span> <span class='ocrx_word' id='word_1_796' title='bbox 3295 4960 3385 5013; x_wconf 87' lang='lat' dir='ltr'>est</span> <span class='ocrx_word' id='word_1_797' title='bbox 3435 4953 3805 5022; x_wconf 89' lang='lat' dir='ltr'>delabantur,</span> 
     </span>
    </p>
   </div>
   <div class='ocr_carea' id='block_1_111' title="bbox 2151 5041 3807 5120">
    <p class='ocr_par' dir='ltr' id='par_1_111' title="bbox 2151 5041 3807 5120">
     <span class='ocr_line' id='line_1_111' title="bbox 2151 5041 3807 5120; baseline -0.004 -16"><span class='ocrx_word' id='word_1_798' title='bbox 2151 5047 2356 5104; x_wconf 86' lang='lat' dir='ltr'>odiosa</span> <span class='ocrx_word' id='word_1_799' title='bbox 2383 5047 2501 5104; x_wconf 94' lang='lat' dir='ltr'>Deo</span> <span class='ocrx_word' id='word_1_800' title='bbox 2531 5047 2812 5103; x_wconf 84' lang='lat' dir='ltr'>facientes</span> <span class='ocrx_word' id='word_1_801' title='bbox 2841 5049 2898 5103; x_wconf 87' lang='lat' dir='ltr'>et</span> <span class='ocrx_word' id='word_1_802' title='bbox 2926 5050 3444 5120; x_wconf 88' lang='lat' dir='ltr'>suggerentes,nec</span> <span class='ocrx_word' id='word_1_803' title='bbox 3463 5046 3592 5117; x_wconf 84' lang='lat' dir='ltr'>jam</span> <span class='ocrx_word' id='word_1_804' title='bbox 3617 5041 3807 5100; x_wconf 89' lang='lat' dir='ltr'>homi-</span> 
     </span>
    </p>
   </div>
   <div class='ocr_carea' id='block_1_112' title="bbox 2150 5132 3812 5209">
    <p class='ocr_par' dir='ltr' id='par_1_112' title="bbox 2150 5132 3812 5209">
     <span class='ocr_line' id='line_1_112' title="bbox 2150 5132 3812 5209; baseline -0.004 -15"><span class='ocrx_word' id='word_1_805' title='bbox 2150 5137 2505 5209; x_wconf 90' lang='lat' dir='ltr'>nes,quippe</span> <span class='ocrx_word' id='word_1_806' title='bbox 2536 5136 2638 5208; x_wconf 91' lang='lat' dir='ltr'>qui</span> <span class='ocrx_word' id='word_1_807' title='bbox 2669 5136 2729 5192; x_wconf 93' lang='lat' dir='ltr'>in</span> <span class='ocrx_word' id='word_1_808' title='bbox 2761 5137 3060 5193; x_wconf 71' lang='lat' dir='ltr'>daemones</span> <span class='ocrx_word' id='word_1_809' title='bbox 3091 5135 3382 5208; x_wconf 87' lang='lat' dir='ltr'>pessimos</span> <span class='ocrx_word' id='word_1_810' title='bbox 3412 5132 3571 5191; x_wconf 89' lang='lat' dir='ltr'>mala</span> <span class='ocrx_word' id='word_1_811' title='bbox 3598 5132 3812 5193; x_wconf 82' lang='lat' dir='ltr'>facien-</span> 
     </span>
    </p>
   </div>
   <div class='ocr_carea' id='block_1_113' title="bbox 2150 5225 3426 5299">
    <p class='ocr_par' dir='ltr' id='par_1_113' title="bbox 2150 5225 3426 5299">
     <span class='ocr_line' id='line_1_113' title="bbox 2150 5225 3426 5299; baseline -0.002 -16"><span class='ocrx_word' id='word_1_812' title='bbox 2150 5231 2241 5284; x_wconf 85' lang='lat' dir='ltr'>tes</span> <span class='ocrx_word' id='word_1_813' title='bbox 2271 5232 2330 5284; x_wconf 89' lang='lat' dir='ltr'>et</span> <span class='ocrx_word' id='word_1_814' title='bbox 2359 5243 2536 5299; x_wconf 84' lang='lat' dir='ltr'>prava</span> <span class='ocrx_word' id='word_1_815' title='bbox 2563 5226 2840 5283; x_wconf 88' lang='lat' dir='ltr'>docentes</span> <span class='ocrx_word' id='word_1_816' title='bbox 2866 5225 3237 5283; x_wconf 82' lang='lat' dir='ltr'>tranformati</span> <span class='ocrx_word' id='word_1_817' title='bbox 3265 5229 3426 5283; x_wconf 89' lang='lat' dir='ltr'>sunt.</span> 
     </span>
    </p>
   </div>
   <div class='ocr_carea' id='block_1_114' title="bbox 2221 5332 3813 5406">
    <p class='ocr_par' dir='ltr' id='par_1_114' title="bbox 2221 5332 3813 5406">
     <span class='ocr_line' id='line_1_114' title="bbox 2221 5332 3813 5406; baseline -0.002 -17"><span class='ocrx_word' id='word_1_818' title='bbox 2221 5335 2312 5390; x_wconf 84' lang='lat'>25.</span> <span class='ocrx_word' id='word_1_819' title='bbox 2373 5337 2517 5389; x_wconf 89' lang='lat' dir='ltr'>Cum</span> <span class='ocrx_word' id='word_1_820' title='bbox 2572 5333 2755 5406; x_wconf 89' lang='lat' dir='ltr'>igitur</span> <span class='ocrx_word' id='word_1_821' title='bbox 2806 5332 2928 5388; x_wconf 66' lang='lat' dir='ltr'>haec</span> <span class='ocrx_word' id='word_1_822' title='bbox 2982 5334 3066 5388; x_wconf 85' lang='lat' dir='ltr'>ita</span> <span class='ocrx_word' id='word_1_823' title='bbox 3122 5333 3249 5388; x_wconf 89' lang='lat' dir='ltr'>sint</span> <span class='ocrx_word' id='word_1_824' title='bbox 3293 5335 3375 5402; x_wconf 90' lang='lat' dir='ltr'>(et</span> <span class='ocrx_word' id='word_1_825' title='bbox 3405 5347 3546 5402; x_wconf 90' lang='lat' dir='ltr'>non,</span> <span class='ocrx_word' id='word_1_826' title='bbox 3578 5333 3742 5402; x_wconf 87' lang='lat' dir='ltr'>puto,</span> <span class='ocrx_word' id='word_1_827' title='bbox 3777 5346 3813 5386; x_wconf 94' lang='lat' dir='ltr'>a</span> 
     </span>
    </p>
   </div>
   <div class='ocr_carea' id='block_1_115' title="bbox 2151 5419 3814 5494">
    <p class='ocr_par' dir='ltr' id='par_1_115' title="bbox 2151 5419 3814 5494">
     <span class='ocr_line' id='line_1_115' title="bbox 2151 5419 3814 5494; baseline -0.004 -13"><span class='ocrx_word' id='word_1_828' title='bbox 2151 5429 2306 5481; x_wconf 86' lang='lat' dir='ltr'>recta</span> <span class='ocrx_word' id='word_1_829' title='bbox 2334 5423 2628 5479; x_wconf 88' lang='lat' dir='ltr'>sententia</span> <span class='ocrx_word' id='word_1_830' title='bbox 2685 5421 3052 5492; x_wconf 85' lang='lat' dir='ltr'>defecimus),</span> <span class='ocrx_word' id='word_1_831' title='bbox 3085 5422 3177 5478; x_wconf 89' lang='lat' dir='ltr'>eia</span> <span class='ocrx_word' id='word_1_832' title='bbox 3235 5438 3344 5478; x_wconf 90' lang='lat' dir='ltr'>nos</span> <span class='ocrx_word' id='word_1_833' title='bbox 3391 5421 3554 5494; x_wconf 89' lang='lat' dir='ltr'>ipsos</span> <span class='ocrx_word' id='word_1_834' title='bbox 3584 5419 3814 5476; x_wconf 84' lang='lat' dir='ltr'>exami-</span> 
     </span>
    </p>
   </div>
   <div class='ocr_carea' id='block_1_116' title="bbox 2153 5509 3814 5582">
    <p class='ocr_par' dir='ltr' id='par_1_116' title="bbox 2153 5509 3814 5582">
     <span class='ocr_line' id='line_1_116' title="bbox 2153 5509 3814 5582; baseline -0.002 -13"><span class='ocrx_word' id='word_1_835' title='bbox 2153 5528 2385 5581; x_wconf 90' lang='lat' dir='ltr'>nemus,</span> <span class='ocrx_word' id='word_1_836' title='bbox 2423 5511 2496 5566; x_wconf 88' lang='lat' dir='ltr'>ab</span> <span class='ocrx_word' id='word_1_837' title='bbox 2527 5510 2757 5566; x_wconf 82' lang='lat' dir='ltr'>ultimis</span> <span class='ocrx_word' id='word_1_838' title='bbox 2790 5511 2862 5567; x_wconf 88' lang='lat' dir='ltr'>ad</span> <span class='ocrx_word' id='word_1_839' title='bbox 2895 5527 2965 5566; x_wconf 87' lang='lat' dir='ltr'>ea</span> <span class='ocrx_word' id='word_1_840' title='bbox 2993 5527 3122 5582; x_wconf 78' lang='lat' dir='ltr'>quae</span> <span class='ocrx_word' id='word_1_841' title='bbox 3162 5509 3359 5582; x_wconf 89' lang='lat' dir='ltr'>priora</span> <span class='ocrx_word' id='word_1_842' title='bbox 3414 5514 3557 5566; x_wconf 88' lang='lat' dir='ltr'>sunt</span> <span class='ocrx_word' id='word_1_843' title='bbox 3615 5525 3814 5565; x_wconf 89' lang='lat' dir='ltr'>ascen-</span> 
     </span>
    </p>
   </div>
   <div class='ocr_carea' id='block_1_117' title="bbox 2154 5598 3815 5671">
    <p class='ocr_par' dir='ltr' id='par_1_117' title="bbox 2154 5598 3815 5671">
     <span class='ocr_line' id='line_1_117' title="bbox 2154 5598 3815 5671; baseline -0.003 -12"><span class='ocrx_word' id='word_1_844' title='bbox 2154 5604 2384 5668; x_wconf 89' lang='lat' dir='ltr'>dentes,</span> <span class='ocrx_word' id='word_1_845' title='bbox 2417 5605 2476 5658; x_wconf 90' lang='lat' dir='ltr'>et</span> <span class='ocrx_word' id='word_1_846' title='bbox 2504 5600 2900 5670; x_wconf 90' lang='lat' dir='ltr'>videamus,in</span> <span class='ocrx_word' id='word_1_847' title='bbox 2930 5617 3046 5670; x_wconf 89' lang='lat' dir='ltr'>qua</span> <span class='ocrx_word' id='word_1_848' title='bbox 3074 5599 3362 5656; x_wconf 89' lang='lat' dir='ltr'>divisione</span> <span class='ocrx_word' id='word_1_849' title='bbox 3392 5615 3500 5656; x_wconf 91' lang='lat' dir='ltr'>nos</span> <span class='ocrx_word' id='word_1_850' title='bbox 3529 5598 3632 5671; x_wconf 91' lang='lat' dir='ltr'>qui</span> <span class='ocrx_word' id='word_1_851' title='bbox 3657 5615 3815 5654; x_wconf 90' lang='lat' dir='ltr'>nunc</span> 
     </span>
    </p>
   </div>
   <div class='ocr_carea' id='block_1_118' title="bbox 2158 5686 3818 5758">
    <p class='ocr_par' dir='ltr' id='par_1_118' title="bbox 2158 5686 3818 5758">
     <span class='ocr_line' id='line_1_118' title="bbox 2158 5686 3818 5758; baseline -0.002 -12"><span class='ocrx_word' id='word_1_852' title='bbox 2158 5692 2461 5758; x_wconf 92' lang='lat' dir='ltr'>docemus,</span> <span class='ocrx_word' id='word_1_853' title='bbox 2496 5689 2812 5746; x_wconf 80' lang='lat' dir='ltr'>ordinandi</span> <span class='ocrx_word' id='word_1_854' title='bbox 2844 5689 3226 5754; x_wconf 86' lang='lat' dir='ltr'>simus.Quod</span> <span class='ocrx_word' id='word_1_855' title='bbox 3254 5688 3315 5746; x_wconf 93' lang='lat' dir='ltr'>in</span> <span class='ocrx_word' id='word_1_856' title='bbox 3347 5687 3622 5745; x_wconf 88' lang='lat' dir='ltr'>ultimum</span> <span class='ocrx_word' id='word_1_857' title='bbox 3654 5686 3818 5744; x_wconf 89' lang='lat' dir='ltr'>mali-</span> 
     </span>
    </p>
   </div>
   <div class='ocr_carea' id='block_1_119' title="bbox 2155 5777 3815 5852">
    <p class='ocr_par' dir='ltr' id='par_1_119' title="bbox 2155 5777 3815 5852">
     <span class='ocr_line' id='line_1_119' title="bbox 2155 5777 3815 5852; baseline -0.004 -13"><span class='ocrx_word' id='word_1_858' title='bbox 2155 5782 2250 5839; x_wconf 68' lang='lat' dir='ltr'>tiae</span> <span class='ocrx_word' id='word_1_859' title='bbox 2280 5779 2528 5852; x_wconf 87' lang='lat' dir='ltr'>delapsi,</span> <span class='ocrx_word' id='word_1_860' title='bbox 2559 5777 2838 5836; x_wconf 87' lang='lat' dir='ltr'>sibilandi</span> <span class='ocrx_word' id='word_1_861' title='bbox 2870 5780 3082 5847; x_wconf 89' lang='lat' dir='ltr'>simus,</span> <span class='ocrx_word' id='word_1_862' title='bbox 3117 5797 3234 5837; x_wconf 91' lang='lat' dir='ltr'>non</span> <span class='ocrx_word' id='word_1_863' title='bbox 3265 5779 3483 5837; x_wconf 89' lang='lat' dir='ltr'>dicam.</span> <span class='ocrx_word' id='word_1_864' title='bbox 3505 5779 3815 5836; x_wconf 87' lang='lat' dir='ltr'>Conﬁdens</span> 
     </span>
    </p>
   </div>
  </div>
