4082 6362
343 435 462 497 655

1120 430 1543 494 EUSTATHlI
1585 427 2359 492 THESSALONICENSIS
2403 425 2995 489 METROPOLITE

3647 426 3761 486 656

342 566 502 623 enim
531 565 706 622 istam
737 564 1171 622 accusationcm
1196 563 1414 635 rejicio.
1443 563 1625 619 Nemo
1653 561 1833 628 enim,
1887 575 1992 616 nec

2126 558 2265 626 ιεθα,
2325 555 2426 612 ούκ
2469 553 2530 612 ἃν
2575 556 2810 630 εἴποιμι.
2869 555 3096 634 Θαρῥῶν
3143 557 3248 632 γάρ
3289 553 3596 630 ἀποφάσκω
3629 555 3758 629 ἐμοῦ

343 658 445 728 qui
501 655 849 712 vestimenta
905 654 1199 723 laceravit,
1261 669 1365 709 nec
1397 654 1496 724 qui
1525 656 1701 724 caput
1732 650 1999 720 nudavit,

343 759 451 800 nec
481 744 581 816 qui
614 745 866 798 frontem
899 743 1214 810 induravit,
1249 759 1351 798 nec
1383 742 1483 813 qui
1518 742 1801 814 pudorem
1849 738 2000 794 ami-

345 835 446 902 sit,
475 833 850 904 exprobraret
875 832 1068 898 nobis,
1099 848 1287 902 neque
1318 831 1540 886 malum
1571 829 1819 884 firmiter
1850 827 2002 898 abji-

347 924 647 988 ciendum,
679 922 832 993 quod
861 920 1083 976 scilicet
1113 922 1172 974 in
1226 921 1456 976 actibus
1514 919 1602 975 vel
1661 917 1720 974 in
1781 933 2002 973 sermo-

349 1012 526 1068 nibus
539 1010 862 1067 doctrinam
876 1009 1161 1065 diabolice
1173 1006 2000 1081 depravatamtradiderimus,

352 1115 542 1170 neque
561 1100 715 1171 quod
736 1098 883 1154 nihil
902 1098 1036 1153 boui
1056 1099 1366 1154 fecerimus
1385 1114 1573 1170 neque
1607 1095 2002 1160 docuerimus,

353 1189 414 1244 in
448 1188 538 1243 his
565 1205 691 1259 quae
723 1189 794 1243 ad
829 1204 936 1243 nos
966 1187 1061 1242 hic
1085 1188 1354 1254 attinent,
1402 1189 1578 1259 quue
1634 1183 2003 1258 negligentiae

352 1277 441 1333 vel
473 1277 718 1348 ignavia
749 1293 945 1347 causa,
977 1275 1064 1332 vel
1093 1278 1419 1333 secundum
1452 1275 1835 1346 aliam,quam
1870 1272 2003 1344 quis

351 1365 657 1436 inveniret,
689 1382 950 1422 causam.
985 1365 1043 1420 Si
1074 1382 1207 1421 vero
1239 1365 1395 1437 quis,
1446 1363 1737 1419 diabolica
1787 1365 2003 1432 mente,

349 1455 410 1509 in
440 1459 666 1510 tantam
695 1455 1008 1510 adversum
1041 1472 1148 1510 nos
1178 1453 1712 1510 manifestationem
1762 1449 2008 1506 audacia

349 1545 620 1609 ferretur,
650 1559 784 1600 ecce
815 1549 1072 1614 tempus,
1107 1544 1234 1615 ipse
1265 1544 1498 1615 quidem
1547 1559 1612 1598 os
1661 1539 2004 1613 adaperiat;

351 1649 458 1688 nos
515 1637 714 1689 autem
770 1632 999 1688 hiatum
1031 1632 1463 1688 obturamentis
1491 1650 1524 1687 a
1551 1631 1668 1686 Deo
1701 1627 2003 1698 adhibitis,

352 1722 572 1792 quibus
600 1727 659 1778 et
684 1739 786 1778 ora
814 1721 1050 1778 leonum
1083 1721 1241 1776 lenta
1270 1719 1463 1776 reddit
1515 1719 1612 1774 ille
1670 1719 1743 1774 ad
1794 1733 2004 1773 voran-

352 1810 493 1866 dum
526 1827 624 1866 eos
655 1810 755 1882 qui
788 1811 1091 1866 conﬁdunt
1119 1810 1178 1865 in
1212 1810 1430 1881 ipsum,
1463 1809 1859 1865 occludemus.

2109 648 2172 702 τὸ
2219 642 2476 721 ἔγκλημα
2524 651 2711 704 τοῦτο.
2761 645 2834 701 Ού
2885 646 2984 720 γὰρ
3034 645 3094 700 ἄν
3128 667 3232 714 τις,
3286 641 3410 700 οὔτε
3454 644 3525 699 τᾶ
3576 646 3763 718 ἱμάτια

2113 734 2426 812 διαρῥήξας,
2461 734 2583 792 οὔτε
2625 737 2723 805 τὴν
2773 735 3015 812 κεφαλὴν
3066 735 3359 811 γυμνώσας
3402 731 3528 790 οὔτε
3574 735 3638 790 τὸ
3673 737 3761 810 μέ-

2109 847 2290 880 τωπον
2354 827 2836 900 παρατριψάμενος
2870 872 2885 898 ,
2945 822 3071 879 ούδὶ
3131 825 3239 898 μὴν
3293 820 3763 897 ἀναιδευσάμενος,

2113 913 2410 990 ἐπικαλέσῃ
2470 918 2607 987 ἡμῖν
2660 912 2782 970 οὕτε
2827 915 2891 970 τὸ
2937 918 3228 990 προσεχῶς
3287 907 3613 982 ἀπόϐλητον
3669 935 3764 969 κα-

2111 1004 2360 1073 κὸν,τὴν
2420 1001 2474 1059 ἔν
2523 1025 2581 1059 τε
2635 1003 2886 1080 πράξεσιν
2948 999 3001 1058 ἕν
3057 1023 3116 1057 τε
3172 1001 3360 1078 λόγοις
3419 999 3760 1074 δαιμονιώδη

2113 1091 2641 1170 έτεροδιδασκαλίαν,
2701 1091 2826 1148 οὐδὲ
2887 1093 3016 1166 μὴν,
3069 1093 3145 1154 ὡς
3204 1088 3327 1146 οὔτε
3383 1090 3760 1164 ἐποιήσαμεν,

2113 1183 2236 1238 οὕτε
2283 1180 2598 1257 ἐδιδάξαμεν
2642 1183 2839 1258 ἀγαθὸν
2874 1179 3030 1236 οὐδὲν
3085 1179 3137 1236 ἐν
3168 1186 3284 1242 τοῖς
3309 1182 3430 1245 καθ’
3459 1183 3611 1254 ἡμᾶς
3641 1179 3762 1251 ὦδε,

2117 1271 2374 1346 ὀκνηρίας
2432 1271 2466 1341 ἢ
2524 1273 2760 1346 ἀμαθίας
2818 1269 2994 1348 λόγῳ,
3053 1270 3088 1340 ἢ
3147 1271 3266 1334 καθ’
3327 1269 3537 1347 ἑτέραν,
3595 1271 3655 1340 ἣν
3704 1269 3758 1326 ἃν

2114 1361 2318 1437 ἐξεύροι
2355 1383 2456 1430 τις,
2509 1361 2706 1419 αἰτίαν.
2752 1359 2815 1416 Εἰ
2865 1359 2922 1415 δέ
2972 1381 3055 1424 τις
3099 1354 3361 1422 διάϐολος
3407 1356 3484 1414 ὥν
3529 1359 3760 1434 ἀποθρα-

2115 1452 2333 1522 συνθείη
2392 1452 2508 1505 καθ’
2565 1453 2727 1523 ἡμῶν
2785 1449 2837 1512 ἐς
2894 1453 3152 1504 τοσοῦτον
3212 1448 3593 1526 ἀποφάνσεως,
3651 1446 3762 1503 ἰδοὺ

2114 1541 2326 1615 καιρὸς,
2383 1539 2473 1594 καὶ
2521 1538 2683 1601 αὐτὸς
2745 1540 2839 1612 μὲν
2898 1537 3306 1614 καταχασκέτωο
3335 1540 3503 1611 ἡμεῖς
3560 1535 3616 1592 δὲ
3664 1559 3761 1592 πα-

2117 1624 2422 1705 ραϐύσομεν
2455 1634 2534 1701 τῷ
2564 1630 2809 1704 χάσματι
2862 1628 2930 1684 τὰ
2975 1628 3035 1683 έκ
3083 1625 3216 1684 Θεοῦ
3265 1625 3650 1703 έμφράγματα,
3683 1629 3757 1689 οἷς

2114 1718 2205 1772 καὶ
2261 1717 2503 1792 πόματα
2560 1717 2793 1778 λεόντων
2853 1718 2994 1793 ἀργὰ
3045 1718 3245 1779 έκεῖνος
3292 1721 3443 1773 ποιεῖ
3501 1715 3756 1772 ἀπεσθίειν

2115 1805 2242 1870 τοὺς
2269 1806 2668 1884 τεθαρρηκότας
2697 1807 2866 1881 αύτῷ.

427 1936 517 1989 26.
550 1935 669 1990 Hac
697 1939 890 1989 autem
923 1951 956 1988 a
986 1934 1155 1989 nobis
1199 1935 1411 2003 rejecta
1437 1933 1658 2005 duplici
1703 1931 2006 2004 pravitate,

2189 1935 2283 1995 κς”
2343 1931 2560 2001 Ταύτης
2619 1929 2677 1986 δὲ
2721 1935 2820 2001 τῆς
2891 1928 3172 2006 δισχιδοῦς
3229 1929 3576 2001 φαυλότητος
3630 1930 3755 1986 ἀπο-

360 2023 454 2078 cui
511 2023 570 2078 iu
628 2023 1030 2095 superioribus
1085 2023 1331 2094 quintus
1384 2022 1721 2094 assignatus
1772 2028 1863 2077 est
1919 2022 2009 2078 lo-

360 2116 550 2183 cus,et
577 2113 755 2168 etiam
777 2113 951 2168 etiam
983 2112 1099 2167 ista
1124 2128 1252 2182 quae
1283 2116 1417 2184 post
1447 2112 1640 2183 ipsam
1672 2111 1730 2165 in
1763 2129 2009 2167 numero

358 2206 520 2257 sexto
549 2201 742 2273 posita
771 2205 879 2270 est,
904 2201 1076 2272 juxta
1105 2217 1282 2272 quam
1316 2218 1350 2256 a
1379 2202 1614 2256 doctore
1657 2203 1822 2255 abest
1868 2201 2010 2256 doc-

356 2290 526 2346 trinae
583 2294 840 2362 systema
895 2289 1126 2359 (omitto
1167 2290 1324 2346 enim
1359 2289 1519 2345 illam
1550 2289 1784 2360 longius
1818 2307 2008 2345 recor-

357 2378 595 2449 dari),in
627 2384 904 2450 quartum
938 2379 1265 2434 necessario
1296 2379 1650 2448 incidemus,
1676 2383 1738 2433 ut
1767 2378 2011 2450 polliciti

357 2474 651 2534 sumus,et
681 2467 1072 2539 iuquiremus,
1093 2484 1164 2523 an
1197 2467 1418 2540 aliquid
1448 2468 1586 2523 boni
1620 2467 1893 2523 facientes
1921 2465 2012 2522 vel

356 2556 631 2612 docentes
663 2573 780 2611 non
810 2557 1090 2628 pudorem
1123 2557 1570 2612 excitaverimus
1593 2573 1795 2612 eorum
1815 2557 1915 2628 qui
1939 2557 2011 2612 ad

356 2644 734 2717 disciplinam
767 2645 936 2701 nobis
967 2645 1172 2701 crediti
1195 2646 1550 2718 sunt.Etego
1569 2645 1804 2717 quidem
1825 2646 2015 2702 multa

359 2751 456 2790 me
485 2734 694 2790 fecisse
723 2739 778 2790 et
809 2735 878 2790 ad
913 2735 1239 2790 doctrinam
1273 2735 1588 2806 protulisse
1618 2741 1790 2807 puto;
1825 2740 1883 2791 et
1911 2735 2012 2806 qui

360 2823 484 2878 vult
515 2840 683 2879 meus
714 2824 1087 2880 adversarius
1118 2841 1269 2895 esse,
1301 2829 1472 2880 acuat
1520 2825 1806 2896 linguam,
1859 2825 2015 2880 sicut

363 2916 421 2966 et
477 2928 699 2976 ensem,
733 2913 805 2967 ad
837 2917 1130 2984 apertum,
1162 2917 1220 2968 et
1249 2929 1354 2984 ego
1382 2914 1706 2969 obtundam
1738 2931 1861 2969 eam
1895 2931 2012 2969 non
2053 2938 2057 2942 ·

363 3000 426 3056 in
456 3005 576 3057 tres
603 3001 692 3056 vel
723 3006 974 3073 quatuor
1003 3009 1198 3074 partes
1228 3002 1674 3074 disrumpendo,
1722 3005 2016 3075 praebente

363 3088 480 3146 Deo
511 3091 860 3163 potentiam,
890 3091 992 3147 sed
1021 3091 1199 3146 etiam
1232 3091 1290 3146 in
1323 3096 1549 3147 atomos
1607 3092 1964 3148 attenuando
1998 3108 2012 3148 :

365 3195 483 3234 non
515 3179 672 3234 enim
704 3179 849 3234 mihi
882 3180 966 3237 sic
998 3180 1267 3235 inutilem
1301 3197 1429 3236 esse
1455 3197 1690 3236 servum
1723 3183 1853 3252 ejus
1884 3197 2017 3236 con-

364 3283 597 3324 cessum
628 3276 732 3337 est,
767 3273 832 3324 ut
861 3268 1242 3341 imperfectus
1302 3270 1500 3324 ﬁerem
1559 3271 1632 3326 ad
1691 3270 1910 3341 omnia,
1961 3273 2019 3326 et

363 3356 512 3412 nihil
543 3357 638 3412 hic
670 3357 1058 3430 praesentibus
1087 3373 1279 3414 essem
1312 3358 1498 3414 utilis.
1523 3359 1582 3413 Si
1607 3375 1740 3414 vero
1769 3359 2018 3414 ﬁrmiter

362 3445 426 3500 in
491 3446 809 3502 certamine
873 3447 1160 3503 contendo
1217 3464 1310 3503 me
1375 3447 1592 3519 duplex
1665 3449 2017 3520 participare

365 3533 610 3602 bonum,
675 3535 863 3590 facere
928 3536 1152 3591 scilicet
1209 3552 1275 3591 ac
1326 3537 1554 3602 docere,
1607 3552 1723 3592 non
1778 3537 2018 3592 omnino

369 3621 610 3678 cuilibet
637 3623 966 3679 adversanti
997 3626 1264 3680 cederem
1299 3625 1443 3679 mihi
1474 3642 1591 3681 non
1621 3642 1751 3681 esse
1792 3631 2019 3698 partem

373 3728 507 3767 cum
539 3713 922 3784 operantibus
953 3719 1012 3769 et
1042 3714 1126 3768 sic
1181 3713 1239 3767 in
1299 3715 1594 3786 operando
1651 3714 2016 3770 docentibus.

375 3800 486 3857 Ubi
515 3800 673 3856 enim
704 3800 920 3873 duplex
949 3807 1057 3870 est,
1089 3802 1171 3857 ibi
1205 3819 1436 3874 quoque
1467 3808 1557 3859 est
1588 3803 1856 3875 simplex.
1907 3804 2025 3859 Ita-

379 3905 516 3960 que,
575 3890 624 3945 si
683 3889 916 3946 fecerim
975 3907 1042 3947 ac
1097 3892 1418 3960 docuerim,
1460 3892 1594 3962 quis
1625 3909 1781 3948 sanae
1813 3892 2028 3947 mentis

382 3979 631 4034 faciendi
663 3979 850 4051 gloria
880 3997 972 4036 me
1001 3980 1175 4036 vellet
1203 3981 1496 4051 orbatum,
1547 3982 1648 4052 qui
1701 3998 2031 4053 consequor

375 4084 559 4125 unum
589 4073 647 4125 et
672 4068 927 4125 alterum
957 4071 1248 4126 comitans
1283 4071 1511 4126 fortiter
1541 4071 1752 4126 teneo?
1780 4071 1838 4126 Si
1896 4087 2029 4126 vero

375 4157 509 4229 quis
567 4159 742 4215 modo
793 4161 1116 4232 expositam
1147 4159 1552 4232 duplicitatem
1583 4161 1904 4232 explicans,
1938 4177 2031 4216 res

373 4251 608 4304 nostras
639 4247 853 4304 rationi
883 4247 1103 4318 sujicit,
1136 4247 1306 4320 quasi
1337 4265 1444 4304 nos
1502 4249 1572 4303 ad
1634 4250 1855 4306 bonum
1913 4267 2030 4305 non

371 4337 633 4410 duplicia
689 4341 1124 4412 conjungamus
1181 4340 1482 4411 (docentes
1515 4339 1751 4411 quidem
1783 4340 2028 4408 bonum,

370 4443 486 4482 non
519 4433 716 4483 autem
747 4433 805 4485 et
836 4429 1157 4500 facientes),
1180 4429 1472 4485 ascendat
1503 4429 1679 4484 etiam
1714 4431 1786 4485 ad
1820 4431 2029 4501 hujus-

371 4517 530 4572 modi
562 4521 878 4587 certamen,
903 4522 962 4573 et
992 4517 1052 4573 in
1085 4535 1179 4573 me
1213 4522 1436 4588 spectet
1466 4519 2030 4587 sacerdotem,malis

372 4604 612 4676 quidem
643 4605 916 4664 omnibus
948 4607 1172 4664 artibus
1204 4608 1466 4678 undique
1497 4613 1861 4680 coepertum,
1924 4608 2026 4664 sed

369 4694 524 4750 bona
583 4696 919 4764 docentem;
980 4702 1039 4752 et
1091 4713 1197 4768 ego
1225 4696 1463 4768 quidem
1496 4697 1716 4752 desisto
1746 4715 2024 4754 concessa
2053 4682 2101 4747 D

368 4785 790 4857 propositione,
821 4786 978 4858 quod
1007 4785 1162 4841 bona
1193 4788 1433 4841 doceam
1459 4786 1638 4842 simul
1671 4793 1728 4842 et
1758 4789 2024 4855 edocear,

368 4874 662 4945 siquidem
695 4877 822 4930 vitae
853 4881 1086 4947 tempus
1116 4876 1607 4947 extenditur.lpse
1636 4893 1768 4931 vero
1789 4878 2030 4932 demon-

363 4967 513 5018 stret
543 4964 602 5019 in
635 4964 783 5021 meis
815 4965 1090 5036 operibus
1120 4963 1500 5030 malitiam,ut
1531 4965 1851 5036 perfectum
1877 4965 2024 5020 mihi

363 5053 586 5110 bonum
617 5054 678 5109 in
713 5054 1042 5122 dimidiam,
1076 5054 1323 5125 redigat.
1367 5054 1434 5109 Et
1490 5055 1541 5109 si
1598 5059 1661 5108 tu
1726 5055 2025 5110 adversari

366 5158 483 5198 non
513 5142 693 5208 vales,
728 5142 1023 5199 abduxisti
1057 5143 1161 5198 tibi
1194 5143 1597 5214 nigredinem;
1634 5143 1684 5200 si
1714 5161 1847 5200 vero
1897 5161 2024 5215 qua:

363 5230 588 5287 faciunt
619 5232 688 5287 ad
724 5231 1288 5289 demonstrationem
1321 5237 1506 5303 potes,
1539 5237 1679 5288 tunc
1711 5234 2022 5289 adversum

359 5322 416 5374 te
474 5320 771 5391 judicium
861 5321 1114 5392 proferet
1198 5336 1433 5376 sacrum
1500 5322 1902 5394 Evangelium,
1970 5330 2026 5378 et

359 5409 734 5478 exprobrabit
764 5410 1148 5479 tibi,diversis
1172 5410 1242 5464 de
1273 5410 1554 5478 causis,et
1577 5427 1642 5466 eo
1662 5411 1816 5484 quod
1851 5427 2020 5483 opor-

361 5494 528 5550 tebat
553 5498 612 5549 te
640 5504 849 5554 cuncta
876 5515 1005 5570 quae
1033 5515 1139 5571 ego
1190 5499 1368 5555 doceo
1429 5499 1638 5569 facere,
1701 5517 1831 5557 mea
1885 5516 2020 5556 vero

363 5597 547 5654 opera
597 5598 712 5640 non
773 5587 1351 5644 imitari.Prwscribit
1383 5594 1581 5645 autem
1615 5590 1721 5646 tibi
1753 5605 2018 5662 arguere,

359 5675 418 5725 et
451 5667 898 5744 reprehendere,
931 5681 987 5731 et
1017 5677 1330 5745 exhortari,
1363 5680 1420 5732 et
1475 5679 1559 5734 sic
1614 5697 1738 5751 quas
1798 5679 2022 5734 ducunt

353 5759 424 5814 ad
508 5765 699 5815 meam
759 5763 1176 5822 correctionem
1237 5766 1518 5824 adhibere
1549 5813 1564 5839 ,
1633 5786 1751 5826 non
1823 5772 2017 5826 tamen

2122 2022 2470 2102 φασκομένης
2501 2024 2534 2090 ἠ
2547 2025 2688 2093 μῶν,
2717 2021 2785 2090 ἧς
2837 2022 2864 2075 6
2912 2021 3078 2082 τόπος
3110 2018 3162 2075 έν
3194 2025 3311 2082 τοῖς
3343 2019 3598 2094 ἀνωτέρω
3625 2019 3752 2092 πέμ-

2119 2133 2252 2173 πτος
2307 2132 2389 2172 τις
2447 2110 2679 2185 ἐτάχθη,
2731 2110 2814 2164 ναὶ
2872 2112 2981 2181 μὴν
3037 2109 3126 2164 καὶ
3183 2115 3285 2178 τῆς
3343 2111 3459 2182 μετ’
3507 2109 3664 2178 αύτήν
3702 2107 3748 2162 ἐν

2119 2203 2339 2276 ἀριθμῷ
2367 2197 2530 2272 ἕκτῳ,
2579 2201 2695 2253 καθ’
2744 2201 2804 2268 ἣν
2852 2196 3006 2260 ὄντος
3062 2202 3159 2252 τοῦ
3204 2195 3549 2260 διδάσκοντος
3577 2196 3746 2253 ἄπεστι

2118 2294 2180 2346 τό
2214 2287 2602 2362 διδασκόμενον
2651 2288 2901 2360 σύστημα
2947 2287 3116 2362 (ὀκνῶ
3162 2286 3265 2364 γὰρ
3319 2287 3399 2350 τίς
3438 2285 3596 2342 πλέον
3647 2285 3748 2340 ἐπι-

2125 2385 2427 2453 μνησθῆναι
2483 2377 2698 2448 αὐτῆς),
2758 2371 3126 2449 έπιϐαλοῦμεν
3198 2377 3500 2452 ἀναγκαίως
3551 2381 3621 2446 τῷ
3669 2396 3745 2429 τε·

2119 2471 2324 2544 τάρτῳ,
2377 2467 2514 2531 καθὰ
2564 2467 2942 2542 ὑπεσχήμεθα,
2993 2467 3080 2520 καὶ
3132 2463 3542 2540 ἐπελευσόμεθα,
3597 2460 3652 2518 εἴ
3686 2463 3738 2518 τί

2120 2579 2226 2613 που
2255 2555 2420 2612 καλὸν
2472 2556 2508 2624 ἢ
2556 2560 2838 2617 ποιοῦντες
2869 2554 2905 2624 ἢ
2939 2552 3283 2617 διδάσκοντες
3313 2553 3374 2610 οὗ
3415 2549 3727 2626 κατῃσχύνα-

2126 2668 2219 2720 μεν
2278 2645 2402 2708 τοὺς
2471 2645 2546 2706 εἷς
2622 2643 2916 2717 μαθητείαν
2976 2639 3489 2716 έμπεπιπευμένους
3553 2641 3713 2711 ἡμῖν⁸

2123 2734 2221 2789 Καὶ
2254 2733 2364 2809 ἐγώ
2399 2735 2493 2807 μὲν
2551 2735 2705 2807 οἶμαι
2763 2731 2949 2788 πολλὰ
3005 2732 3094 2786 καὶ
3144 2727 3608 2802 πεποιηκέναι,καὶ
3650 2725 3716 2786 εἷς

2124 2823 2476 2880 διδασκαλίαν
2531 2823 2981 2895 προτεθεικέναι·
3040 2821 3128 2876 καὶ
3189 2823 3216 2875 ὁ
3283 2819 3455 2884 θέλων
3509 2817 3724 2884 ἰνστατης

2125 2913 2255 2986 έμὸς
2302 2913 2541 2987 γενέσθαι
2593 2912 2882 2985 στομούτω
2927 2911 3027 2979 τήν
3091 2908 3367 2985 γλῶσσαν,
3423 2911 3510 2964 οἷα
3549 2907 3628 2962 καὶ
3671 2905 3736 2974 ξί-

2125 3024 2246 3081 φος,
2306 3002 2384 3064 εἷς
2443 3000 2675 3079 ἐμφανὲς
2711 3045 2725 3070 ,
2775 3000 2864 3054 καὶ
2918 2999 3027 3075 ἐγὼ
3082 2993 3428 3071 ἀπαμϐλυνῶ
3482 2997 3634 3064 αὐτὴν
3688 2993 3741 3048 ού

2123 3091 2324 3168 τριχθά
2353 3091 2441 3146 καὶ
2491 3090 2765 3165 τετραχθὰ
2813 3087 3133 3164 διαθρύψας,
3164 3085 3578 3162 ἐνδυναμοῦντος
3607 3088 3745 3153 Θεοῦ,

2127 3178 2272 3236 ἀλλά
2328 3181 2418 3234 καὶ
2473 3181 2550 3242 εἷς
2608 3179 2847 3253 ἀτόμους
2903 3177 3304 3240 ἀπολεπτύναςο
3366 3178 3432 3231 οὐ
3481 3177 3576 3250 γὰρ
3622 3173 3750 3228 οὕτω

2125 3270 2605 3345 παρακεχώρημαι
2656 3269 2880 3344 ἀχρεῖος
2927 3268 3172 3344 γενέσθαι
3218 3262 3418 3327 δοῦλος
3473 3264 3648 3320 αὐτοῦ.
3689 3262 3753 3322 ὡς

2127 3356 2423 3427 ἀσυντελὴς
2477 3352 2746 3422 ἀποϐῆναι
2802 3358 2940 3412 κατά
2984 3355 3048 3411 τὸ
3076 3357 3204 3423 πὰν,
3232 3355 3323 3410 καὶ
3356 3353 3432 3417 εἲς
3471 3351 3623 3408 οὐδὲν
3650 3355 3754 3412 τοῖς

2127 3446 2354 3510 ἐνταῦθα
2384 3449 2686 3522 χρήσιμος.
2720 3445 2784 3500 El
2814 3443 2880 3516 δὴ
2929 3449 3028 3500 τοῦ
3076 3442 3444 3514 διπλάζοντος
3475 3441 3642 3498 καλοῦ
3673 3461 3756 3514 με-

2126 3536 2306 3612 τέχειν
2357 3535 2788 3610 έπαγωνίζομαι,
2836 3539 2934 3588 τοῦ
2985 3532 3076 3588 καί
3129 3539 3356 3602 ποιῆσαι
3410 3532 3501 3587 καὶ
3547 3529 3757 3603 διδάξαι,

2132 3626 2234 3680 οὐκ
2271 3623 2330 3679 ἂν
2369 3624 2585 3686 πάντως
2634 3621 2958 3693 ὑπεκσταίην
3009 3619 3187 3677 οὐδενὶ
3234 3621 3644 3688 ἀντιπίπτοντι,
3694 3619 3759 3678 ὡς

2134 3716 2237 3769 οὐκ
2266 3712 2406 3769 ἔστιν
2458 3713 2583 3785 ἐμοὶ
2645 3712 2798 3787 μερὶς
2849 3711 2939 3766 καὶ
3003 3710 3136 3785 μετά
3189 3715 3297 3765 τῶν
3356 3709 3657 3765 ποιούντων
3687 3706 3768 3762 καὶ

2137 3803 2280 3858 οὕτω
2329 3800 2690 3858 διδασκόντων
2746 3801 2798 3856 έν
2851 3806 2930 3873 τῷ
2973 3806 3180 3857 πονεῖν.
3231 3803 3410 3857 ’Ὀπου
3463 3800 3566 3876 γὰρ
3613 3799 3673 3852 τὸ
3703 3795 3774 3852 δι-

2137 3891 2335 3964 πλοῦν⁹
2385 3892 2498 3947 ἐκεῖ
2541 3891 2757 3954 πάντως
2811 3891 2900 3946 καὶ
2958 3891 3021 3946 τὸ
3074 3889 3306 3946 ἅπλοῦν.
3357 3890 3575 3947 Οὐκοῦν
3623 3887 3771 3943 εἶκαὶ

2139 3981 2371 4051 ἐποίησα
2417 3982 2506 4036 καί
2555 3978 2768 4050 ἐδίδαξα
2801 4024 2814 4048 ,
2871 3979 2952 4041 τίς
3011 3976 3072 4033 ἂν
3137 3978 3385 4056 ἐχέφρων
3446 3978 3778 4052 ἀποστερήσῃ

2145 4093 2211 4145 με
2251 4075 2350 4136 τῆς
2399 4075 2497 4125 τοῦ
2540 4075 2715 4125 ποιεῖν
2763 4067 3137 4140 ένδοξότητος,
3190 4069 3248 4130 ὃς
3295 4068 3386 4121 καὶ
3437 4067 3610 4122 αὐτοῦ
3639 4086 3779 4140 περι·

2141 4157 2358 4231 έπολαι,
2389 4159 2606 4214 καὶτοῦ
2655 4157 3090 4236 σάνεφεπομένου
3139 4153 3197 4212 δὲ
3249 4157 3551 4232 ἀντέχομαι
3596 4175 3609 4225 ;
3641 4154 3701 4210 Εἰ
3731 4150 3782 4208 δέ

2139 4271 2222 4311 τις
2271 4250 2371 4318 τὴν
2417 4247 2794 4321 ἐκτεθειμένην
2841 4244 2959 4323 ἄρτι
3011 4243 3245 4315 διπλόην
3290 4244 3664 4310 ἀναπτύσσων,
3695 4241 3782 4296 λο-

2139 4338 2369 4414 γιστεύει
2399 4339 2467 4392 τὰ
2493 4337 2614 4400 καθ’
2661 4339 2832 4410 ἡμᾶς,
2883 4335 2958 4398 ὡς
3003 4336 3079 4407 μὴ
3133 4331 3498 4406 δυαζομένους
3552 4333 3629 4395 εἰς
3659 4331 3783 4404 ἀγα-

2141 4428 2230 4482 θὸν
2294 4424 2585 4502 (διδάσκειν
2649 4426 2742 4498 μὲν
2799 4426 2899 4498 γάρ
2953 4424 3016 4479 τὸ
3066 4422 3257 4495 καλὸν,
3317 4422 3384 4477 ού
3441 4424 3550 4494 μὴν
3607 4419 3664 4477 δὶ
3700 4417 3781 4474 καὶ

2141 4520 2363 4590 ποιεῖν),
2413 4511 2670 4586 ἀναϐήτω
2716 4514 2805 4569 καὶ
2854 4513 2929 4576 εἷς
2973 4517 3222 4568 τοιοῦτον
3273 4513 3469 4587 ἀγῶνα,
3521 4511 3615 4566 καὶ
3660 4521 3782 4574 θεω-

2143 4606 2303 4682 ρείτω
2340 4626 2405 4678 με
2445 4605 2522 4666 εἰς
2570 4605 2736 4677 ἱερέα,
2784 4607 2972 4664 κακοῖς
3026 4603 3119 4674 μὲν
3175 4602 3368 4655 ἅπασιν
3416 4599 3781 4670 ἀποτελέσμα-

2136 4718 2216 4750 σιν
2280 4691 2590 4772 ἔμφορτον,
2643 4690 2960 4748 διδάσκοντα
3013 4688 3070 4745 δὲ
3127 4690 3319 4764 ἀγαθά⁶
3379 4692 3468 4744 καὶ
3529 4688 3638 4764 ἐγὼ
3697 4686 3782 4760 μὶν

2135 4785 2331 4858 ἀπορῶ
2388 4787 2684 4856 Λήμματος
2733 4779 3189 4856 ὁμολογουμένου
3232 4784 3329 4834 τοῦ
3381 4778 3560 4853 ἀγαθὰ
3590 4777 3678 4832 καὶ
3711 4772 3781 4828 δι·

2138 4872 2350 4929 δάσκειν
2402 4875 2492 4928 καὶ
2542 4869 2855 4942 διδάξασθαι
2913 4869 2988 4935 δὲ,
3039 4867 3190 4945 εἷ’περ
3218 4870 3246 4923 6
3280 4867 3484 4945 χρόνος
3515 4875 3616 4937 τῆς
3653 4870 3782 4935 ζωῆς

2135 4963 2510 5039 παρατείνεται
2569 4961 2729 5022 αὐτὸς
2788 4958 2845 5014 δὲ
2902 4957 3164 5013 δεικνύτω
3220 4958 3322 5027 τὴν
3375 4958 3427 5012 ἐν
3481 4963 3604 5021 τοῖς
3640 4955 3780 5027 ἐμοῖς

2135 5051 2314 5127 ἔργοις
2347 5052 2563 5119 κακίαν,
2603 5049 2695 5105 ’ίνα
2740 5050 2802 5122 τὸ
2850 5045 3057 5103 τέλειόν
3104 5068 3199 5120 μοι
3251 5047 3445 5123 ἀγαθὸν
3495 5045 3575 5110 είς
3623 5045 3776 5119 ἥμισυ
3859 5119 3862 5124 Ι

2134 5143 2462 5215 καταστήσῃ.
2518 5140 2614 5194 Καὶ
2665 5139 2711 5194 εἰ
2763 5138 2858 5211 μὶν
2910 5135 3284 5206 ἀδυνατήσεις,
3347 5132 3392 5190 ὦ
3441 5134 3504 5189 σὺ
3548 5133 3767 5195 ἐνστάτα,

2133 5231 2425 5306 ἀπηνέγκω
2475 5231 2571 5298 τήν
2625 5227 2904 5302 μέλαιναν
2959 5225 3005 5281 εἰ
3055 5223 3112 5280 δὲ
3141 5225 3230 5279 καὶ
3280 5224 3593 5295 εύτονήσεις
3624 5217 3762 5279 τᾶεἶς

2133 5318 2424 5391 ἀπόδειξιν,
2479 5317 2835 5393 δικηγορήσει
2883 5319 3183 5387 τηνικαῦτα
3224 5316 3362 5369 κατά
3408 5317 3504 5368 σοῦ
3552 5315 3618 5369 τὸ
3650 5310 3766 5385 ἱερὸν

2131 5408 2481 5486 Εὐαγγέλιον,
2529 5409 2620 5464 καὶ
2671 5407 2985 5479 ἐπιτιμήσει
3018 5402 3205 5465 ἄλλως
3247 5423 3307 5458 τι
3335 5403 3668 5478 πολλαχῶς,
3697 5395 3772 5452 καὶ

2133 5496 2222 5553 διὰ
2247 5503 2344 5553 τοῦ
2376 5505 2575 5574 χρῆναι
2625 5496 2798 5552 πάντα
2847 5497 2964 5568 μὲν,
3015 5491 3114 5547 ὅσα
3162 5491 3273 5567 ἐγὼ
3321 5489 3582 5560 διδάσκω,
3616 5490 3778 5546 ποιεῖν

2132 5609 2210 5660 σε,
2236 5594 2358 5652 τοῖς
2408 5585 2466 5642 δὲ
2515 5586 2670 5660 ἐμοῖς
2717 5582 2898 5660 ἔργοις
2954 5583 3030 5655 μή
3083 5579 3498 5645 ἐπακολουθεῖν.
3546 5586 3778 5654 Παρακε-

2131 5675 2343 5732 λεύεται
2395 5675 2454 5732 δέ
2503 5697 2587 5731 σοι
2633 5675 2722 5730 καὶ
2779 5674 2840 5729 τὸ
2900 5670 3134 5746 ἐλέγξαι,
3164 5672 3254 5726 καὶ
3311 5670 3654 5743 ἐπιτιμῆσαι,
3695 5662 3777 5720 καὶ

2129 5764 2546 5840 παρακαλέσαι,
2604 5764 2693 5819 καὶ
2753 5763 2895 5818 οὕτω
2963 5759 3247 5840 φρονίμως
3309 5757 3779 5836 μεταχειρίσασθαι

3739 5788 3779 5809 Li

3835 5788 3974 6350 δ’]
