4082 6364
398 459 516 518 65⁸7
587 514 592 521 .

1402 455 1481 515 ΙΝ
1528 454 1592 514 S.
1641 453 2330 525 QUADRAGESIMAM
2375 453 2670 516 ORATIO
2712 453 2820 516 IlI.

3703 453 3823 517 658

389 590 461 644 τὰ
493 587 570 649 εἰς
604 585 745 659 έμήν
789 581 1101 660 διόρθωσιν,
1135 584 1196 640 οὐ
1252 585 1360 659 μὴν
1419 581 1699 662 ὀφεωδῶς,
1733 582 1822 640 καὶ
1870 583 1944 645 ὡς
1991 581 2042 639 ἂν

2169 587 2505 658 serpentino
2562 587 2755 657 modo,
2797 589 2856 641 et
2909 585 2992 641 ita
3038 588 3104 640 ut
3153 584 3443 640 daemones
3499 585 3814 657 gaudeant.

391 676 644 753 χαίροιεν
677 671 952 748 δαίμονες.
986 675 1158 748 Οἶμαι
1205 671 1283 746 δὲ,
1316 672 1398 729 ὅτι
1445 672 1532 728 καὶ
1582 671 1767 734 ἄλλως
1815 673 2050 728 αἰτιάσε-

390 766 478 822 ταί
509 786 568 820 σε
607 764 636 818 ὁ
671 763 832 838 ὀρθὸς
865 762 1054 839 λόγος,
1089 763 1139 818 εἴ
1170 765 1244 838 μὴ
1305 762 1436 839 χθές
1494 784 1599 817 που
1656 764 1745 818 καὶ
1807 762 1913 836 πρὸ
1940 762 2053 834 τρί-

393 877 494 926 της
552 853 642 909 καὶ
699 851 779 908 ἔτι
813 852 1006 928 μικρόν
1065 875 1119 909 τι
1171 852 1384 922 ἀνόπιν,
1413 851 1537 908 ἀλλ’
1567 851 1619 923 ἐξ
1646 851 1812 922 αὐτῆς
1844 853 2047 928 ἀρχῆς,

399 945 487 1000 ὅτε
513 948 610 999 τοῦ
640 944 790 1019 ἱεροῦ
817 943 1014 998 τούτου
1047 941 1256 1019 λάχους
1289 941 1556 1017 ἐγενόμην
1622 941 1787 1018 μέχρι
1834 942 1926 995 καὶ
1955 942 2051 1012 τή-

402 1053 561 1109 μερον
621 1029 1037 1108 ἁνεξελέγκτως,
1088 1031 1454 1107 λογοπραγεῖς
1507 1051 1596 1105 με,
1642 1032 1737 1086 τὸν
1789 1029 1878 1085 καὶ
1928 1027 2049 1084 διά-

395 1143 548 1178 κονον
624 1125 732 1175 τῶν
804 1124 901 1176 τοῦ
981 1125 1116 1177 Θεοῦ
1193 1121 1531 1196 μυστηρίων,
1586 1119 1677 1174 κὰὶ
1735 1118 1900 1196 ἱερέα,
1955 1117 2046 1174 καὶ

393 1208 671 1287 ἀρχιερέα,
703 1208 792 1264 καὶ
842 1208 1031 1281 θύτην,
1080 1209 1171 1264 καὶ
1223 1209 1431 1284 μύστην
1492 1213 1648 1280 Θεοῦ,
1691 1208 1781 1264 καὶ
1843 1228 2044 1281 μυστα-

385 1301 566 1377 γωγὸν
623 1298 675 1354 έν
733 1299 882 1374 ὑμῖν,
913 1299 1000 1354 καὶ
1053 1300 1258 1374 πατέρα
1303 1298 1439 1354 κατά
1475 1302 1708 1372 πνεῦμα,
1737 1296 1828 1353 καὶ
1888 1292 2044 1351 διδά-

386 1388 609 1461 σκαλον,
657 1387 751 1442 καὶ
813 1389 1070 1464 ἁγιαστὴν
1127 1386 1179 1442 ἐν
1239 1393 1392 1461 Θεῷ·
1447 1387 1537 1442 καὶ
1589 1390 1881 1463 πράγματα
1935 1405 2041 1439 πα-

386 1478 572 1555 ρέχεις
602 1478 692 1532 καὶ
722 1478 1096 1554 κατακραυγὰς
1127 1477 1218 1532 καὶ
1273 1475 1560 1553 ὀχλήσεις,
1591 1477 1682 1533 καὶ
1732 1474 1800 1531 δι’
1832 1470 2040 1552 ὕϐρεων

384 1563 553 1642 ἄγεις,
602 1565 694 1620 καὶ
768 1567 869 1635 τὴν
941 1562 1288 1643 ἀδελφότητα
1342 1563 1532 1641 ψεύδῃ,
1581 1567 1669 1621 καὶ
1731 1571 1833 1636 τῆς
1891 1565 2038 1639 ἱερᾶς

384 1656 662 1733 ἀποσχίζῃ
713 1655 1000 1726 συνάξεως,
1031 1655 1121 1710 καὶ
1180 1653 1304 1711 οὐδὲ
1359 1657 1459 1725 τὴν
1519 1655 1688 1726 αὐτὴν
1744 1661 1846 1730 γῆν
1900 1657 2036 1727 ἡμῖν

385 1746 551 1822 ἀνέχῃ
604 1750 816 1815 πατεῖν,
863 1742 988 1800 οὐδὲ
1059 1745 1152 1800 τὸν
1214 1745 1374 1800 αὐτὸν
1435 1745 1679 1800 έναπνεῖν
1736 1743 1887 1821 ἀέρα,
1947 1742 2036 1798 καὶ

384 1836 712 1905 συναντήσας
772 1831 829 1889 δέ
885 1855 992 1888 που
1043 1836 1160 1899 καθ’
1217 1832 1341 1890 ὁδὸν
1402 1832 1634 1910 ἐκτρέπῃ
1693 1832 2033 1910 πλαγιάζων,

377 1925 468 1980 καὶ
527 1924 749 1980 σεαυτὸν
815 1923 1093 2002 ἀφορίζεις
1151 1923 1201 1997 ἐξ
1245 1927 1428 1997 ἡμῶν,
1485 1925 1574 1978 καὶ
1644 1921 1806 1987 δίδως
1861 1922 2033 1984 οὕτως
2068 1962 2115 2028 Β

380 2012 470 2070 ἐπὶ
499 2014 594 2069 τὸν
630 2013 803 2069 νῶτόν
856 2034 951 2068 σου
1000 2012 1294 2068 τεκταίνειν
1339 2012 1467 2075 τοὺς
1509 2011 1872 2089 ἁμαρτωλοὺς
1922 2009 2036 2066 δαί-

391 2123 584 2177 μονας,
632 2102 723 2158 καὶ
778 2101 875 2165 τὰς
932 2101 1069 2176 ψόας
1129 2123 1224 2157 σου
1281 2099 1557 2176 ἐμπιπλᾷν
1618 2101 2036 2176 ἐμπαιγμάτων.

392 2197 562 2263 Στῆθι
611 2191 830 2268 μικρὸν,
861 2186 1160 2266 ἕμϐλεψον,
1193 2189 1436 2262 λάλησον
1491 2189 1569 2253 εἲς
1627 2190 1882 2268 ἐμφανὲς,
1910 2210 2042 2265 προ-

393 2274 562 2336 ϐαλοῦ
616 2282 684 2336 τὰ
760 2279 1056 2350 λυποῦντα,
1113 2277 1491 2350 καταδίκασὸν,
1552 2277 1898 2350 δικαιώθητι,
1947 2277 2040 2333 καὶ

393 2369 514 2425 τότε
557 2370 724 2440 ποίει,
778 2369 909 2447 ὅπερ
968 2369 1192 2435 ἐθέλεις·
1244 2371 1333 2426 ὅτε
1367 2373 1588 2442 νικήσας
1653 2371 1746 2444 μὶν
1811 2367 2041 2444 βελτιώ-

390 2479 499 2523 σεις
547 2461 717 2533 ἡμᾶς,
762 2458 1004 2531 νικηθεὶς
1062 2457 1120 2514 δὶ
1172 2459 1262 2515 καὶ
1315 2459 1571 2534 ἐπιγνοὺς
1623 2459 1860 2530 τάληθὲς
1914 2457 2040 2534 βελ-

385 2549 653 2623 τιωθήσῃ,
707 2548 1080 2613 ἁποκαταστὰς
1127 2549 1203 2614 εἷς
1256 2545 1533 2628 ἔμφρονα·
1569 2547 1755 2611 ἄλλως
1808 2547 1866 2603 δὲ
1923 2546 2041 2603 δια-

387 2632 534 2706 ϐίου,
566 2641 706 2712 ἡμῖν
761 2638 987 2714 ἀπέχειν
1023 2637 1214 2713 μανίας
1246 2637 1497 2714 ἄντικρυς
1547 2639 1719 2704 πάθος
1751 2637 2045 2709 έξιστώσης

386 2746 623 2805 φρενων.

460 2835 562 2902 κζ’.
614 2833 792 2890 Ἀλλὰ
834 2835 1266 2905 καταστήσαντες
1323 2836 1414 2889 καὶ
1469 2837 1631 2889 τοῦτο
1682 2831 1931 2900 ἐνταῦθα,
1981 2832 2044 2888 ού

397 2919 701 2996 δεησόμεθα
735 2928 948 3000 μακρῶν
983 2923 1166 2998 λόγων
1227 2921 1353 2978 οὐδὲ
1405 2922 1481 2986 εἷς
1537 2923 1599 2978 τὸ
1637 2926 1878 2998 πρῶτον,
1911 2920 2043 2998 ὅπερ

396 3011 463 3080 ἦν
515 3011 578 3065 τὸ
627 3011 976 3090 ἀγαθουργεῖν
1033 3012 1124 3068 καὶ
1193 3014 1316 3087 ἄτερ
1395 3009 1769 3073 διδασκαλίας.
1821 3009 1886 3068 Εἴ
1940 3012 2043 3085 γὰρ

394 3098 687 3175 ἐδείξαμεν,
723 3104 804 3158 ὅσι
855 3104 946 3158 καὶ
1009 3103 1341 3177 ἐποιήσαμεν
1399 3103 1490 3159 καὶ
1548 3107 1839 3176 ποιοῦμεν,
1891 3122 2046 3155 συνα-

388 3187 728 3246 ποδέδεικται
755 3189 1023 3264 δήπουθεν
1083 3193 1170 3248 καὶ
1227 3191 1356 3247 αὐτὸ
1409 3191 1547 3254 τέως
1604 3212 1667 3266 γε
1729 3191 1857 3264 μὴν,
1893 3187 2043 3264 εἷ’περ

386 3278 666 3336 καὶτοῦτο
692 3280 850 3336 πέσοι
908 3281 959 3344 ές
1014 3278 1397 3352 ἀπόδειξιν.⁶0
1441 3281 1569 3342 Θεὸς
1617 3281 1710 3354 μὲν
1762 3278 1928 3350 εἰδείη
1981 3277 2042 3333 ἂν

385 3368 476 3422 καὶ
535 3370 588 3424 o't
648 3370 883 3426 ἑκάστων
945 3370 1182 3449 φύλακες
1236 3368 1457 3447 ἄγγελοι
1511 3371 1685 3425 πάντα
1745 3368 1813 3424 τὰ
1865 3373 2043 3431 κακῶς

388 3457 711 3532 ποιούμενα,
748 3457 1032 3536 ἅνθρωπος
1093 3457 1151 3515 δὲ
1200 3459 1299 3516 ούκ
1357 3461 1509 3533 οἶμαι
1577 3457 1727 3535 εἷ’περ
1777 3459 1937 3520 ἅπας.
1979 3457 2048 3514 Ei'

388 3546 491 3622 γὰρ
515 3553 624 3602 τῶν
659 3553 871 3622 σεμνῶς
895 3549 985 3604 καὶ
1035 3547 1164 3604 οὐδὲ
1214 3550 1444 3611 κανόνος
1495 3545 1595 3621 ἔξω
1653 3547 2042 3624 πραττομένων

384 3635 456 3690 τὰ
485 3633 663 3691 πλείω
695 3635 995 3716 διεκφεύγει
1051 3638 1146 3700 τὰς
1201 3643 1308 3693 τῶν
1342 3636 1571 3693 πολλῶν
1625 3637 1900 3708 αἰσθήσεις
1953 3637 2045 3691 καὶ

381 3726 482 3789 τὰς
510 3724 748 3790 ἐντεῦθεν
778 3725 1031 3798 εἰδήσεις,
1065 3726 1249 3803 σχολῇ
1281 3749 1342 3804 γε
1373 3727 1430 3782 ἂν
1463 3727 1529 3782 τὰ
1558 3724 1807 3804 σφοδρῶς
1858 3727 2045 3801 ἡμαρ-

384 3813 618 3886 τημένα,
652 3815 740 3871 καὶ
795 3811 990 3872 σκότου
1038 3815 1178 3888 ἄξια,
1211 3817 1300 3872 καὶ
1351 3815 1612 3892 αἷσχύνην
1655 3810 2043 3892 έπισυρόμενα,

381 3905 473 3958 καὶ
531 3901 720 3968 αἰδοῦς
775 3903 943 3976 αἴτια,
979 3906 1231 3983 πρόοπτα
1284 3905 1525 3982 γίνοιντο
1585 3902 1668 3975 ἂν,
1730 3905 1820 3960 καὶ
1875 3908 2045 3959 ταῦτα

383 3997 503 4054 τοῖς
539 3995 680 4066 μήτε
707 4001 807 4064 τῆς
839 3994 1006 4066 αὐτῆς
1033 3993 1232 4064 έστίας,
1268 3997 1406 4069 μήτε
1455 3994 1658 4072 ὀρόφου
1701 3998 1799 4049 τοῦ
1854 3992 2040 4062 αὐτοῦ,

389 4083 532 4154 μήτε
559 4085 832 4158 τραπέζης
866 4090 992 4159 μιᾶς
1020 4089 1325 4146 κοινωνοῖς.

459 4286 564 4350 κη’.
597 4278 695 4335 Καὶ
754 4278 898 4336 οὕτω
949 4281 1042 4355 μὲν
1097 4278 1207 4355 ἐγὼ
1265 4278 1402 4359 ἀμφὶ
1453 4278 1670 4341 τούτοις
1702 4276 1838 4354 ἔχω,
1868 4277 2038 4353 τυχὸν

389 4366 486 4440 μὲν
535 4368 668 4443 ὀρθὰ
730 4367 990 4440 δοξάζων,
1020 4367 1152 4432 ἴσως
1212 4366 1271 4423 δὲ
1321 4370 1409 4424 καὶ
1453 4365 1853 4447 σφαλλόμενος·
1887 4366 2041 4439 ὑμεῖς

383 4452 464 4526 Si,
499 4456 544 4510 ὧ
594 4457 757 4532 φίλον
795 4459 1186 4536 ἀκροατήριον,
1239 4458 1284 4512 ὧ
1334 4457 1387 4513 έν
1436 4458 1656 4532 Χριστῴ
1712 4453 1961 4533 ἀδελφοὶ,
1995 4456 2040 4509 ὦ

383 4542 578 4601 δοῦλοι
611 4552 745 4604 Θεοῦ
774 4549 912 4613 καθὰ
939 4549 1030 4603 καὶ
1063 4547 1190 4624 ἐγὼ,
1218 4548 1264 4603 ὦ
1299 4547 1390 4602 καὶ
1436 4550 1654 4625 φρονεῖν
1715 4544 1892 4621 ἄκροι,
1949 4543 2039 4599 καὶ

383 4635 589 4710 κρίνειν
615 4636 682 4692 τὰ
707 4638 948 4713 πρακτέα
1004 4638 1179 4714 ὀρθῶς
1239 4635 1426 4710 δεξιοὶ,
1457 4637 1594 4713 πρὸς
1648 4640 1756 4691 τῶν
1813 4633 2037 4710 ἀρετῶν,

387 4723 450 4786 ἃς
479 4722 599 4780 ἴδοὒ
650 4726 1110 4805 ἐπεμαρτυράμην
1158 4729 1308 4800 ὑμῖν,
1356 4727 1495 4802 πρὸς
1548 4725 1710 4782 αὐτοῦ
1770 4728 1903 4780 Θεοῦ
1945 4727 2041 4779 τοῦ

389 4813 522 4889 ὑπὲρ
596 4816 803 4871 ἅπασαν
881 4817 1100 4892 ἀρετὴν,
1151 4813 1460 4892 διακρίνατε
1526 4816 1615 4871 καὶ
1691 4814 2042 4892 ἀποφήνασθε

381 4903 475 4958 καὶ
509 4901 754 4978 διδάξατέ
787 4927 870 4980 με,
907 4905 1014 4977 ὅπη
1046 4910 1154 4960 τῶν
1179 4905 1652 4980 ἀπηριθμημένων
1711 4903 1893 4959 τόπων
1951 4923 2042 4956 τε-

381 4991 640 5066 τάξομαιο
675 4995 750 5058 ὡς
804 4994 865 5049 ἂν
923 4994 1107 5068 μαθὼν
1160 4995 1251 5050 τὸν
1307 4993 1438 5068 ἐμὸν
1479 4994 1672 5064 τόπον,
1725 4993 2040 5048 κατασταθῶ

381 5080 464 5142 εἷς
514 5103 568 5137 τι
626 5083 820 5160 πάγιον
879 5083 916 5153 ἢ
968 5084 1222 5160 γνώσεως
1250 5085 1285 5153 ἢ
1331 5083 1717 5159 ἀπογνώσεως,
1751 5083 1825 5144 ὡς
1856 5086 1949 5137 νῦν
1979 5102 2043 5157 γε

380 5171 600 5243 νομίζω
656 5177 951 5250 σταθερῶς,
986 5171 1068 5228 ὅτι
1126 5172 1217 5228 καὶ
1276 5171 1506 5244 ἐποίησα
1556 5173 1647 5228 καὶ
1706 5175 1853 5228 ποιῶ
1905 5171 2041 5248 πρὸς

384 5257 617 5334 δύναμιν
665 5260 826 5336 έμήν,
857 5263 946 5318 καὶ
1006 5259 1220 5332 ἐδίδαξα
1273 5262 1364 5317 καὶ
1424 5259 1682 5330 διδάσκω,
1739 5260 1877 5315 καθὰ
1932 5259 2042 5314 ἐνε-

379 5347 581 5425 χώρει.
617 5355 772 5407 Δοκῶ
824 5353 900 5426 μὴ
952 5352 1157 5426 μακρὰν
1205 5352 1339 5406 εἶναι
1383 5354 1481 5406 τοῦ
1529 5351 1620 5406 καὶ
1664 5349 1773 5426 ἐγὼ
1833 5350 2042 5424 ἅνθρω-

379 5459 489 5502 πος
545 5440 677 5495 εἶναι
732 5445 892 5515 Θεοῦ,
947 5441 1021 5504 ὡς
1074 5440 1165 5496 καὶ
1224 5440 1377 5515 ὑμῶν
1437 5436 1698 5502 ἕκαστος·
1751 5438 1840 5494 καὶ
1900 5437 2042 5494 οὕτω

383 5525 626 5598 δοξάζων
687 5530 820 5602 ἀξιῶ
878 5529 928 5604 ἐξ
1000 5528 1605 5606 ἀνάγκης,ἀναλόγως
1661 5533 1730 5604 τῇ
1777 5529 1892 5584 κατ’
1945 5527 2043 5602 ἐμὲ

385 5617 772 5692 ἀνθρωπότητι
822 5619 1138 5696 ἐξευρίσκειν
1194 5617 1263 5674 τὰ
1308 5617 1446 5695 πρὸς
1505 5617 1603 5692 ἐμὲ
1657 5617 1734 5681 ὡς
1792 5615 2044 5673 ἑκάστοτε

388 5707 797 5783 συμπτώματα.
829 5709 962 5769 Οἴόν
1009 5731 1062 5766 τι
1104 5707 1292 5787 λέγω;
1326 5706 1535 5774 Ἐθέλω
1595 5706 1834 5786 εὐλογῶν
1894 5728 2044 5772 τινας

386 5793 550 5860 αὐτὸς
595 5799 671 5874 μὴ
719 5799 1166 5880 κακολογεῖσθαι,
1223 5794 1364 5876 μηδὲ
1417 5795 1468 5854 ἐν
1522 5802 1602 5873 τῷ
1658 5797 1890 5856 ἐπαινεῖν
1945 5817 2041 5853 πε-

2163 676 2307 731 Puto
2341 693 2473 731 vero
2501 677 2650 745 quod
2687 676 2865 730 etiam
2896 674 3136 730 aliunde
3167 679 3222 729 te
3251 679 3409 730 recta
3439 674 3585 730 ratio
3619 690 3817 746 repre-

2160 765 2396 832 hendet,
2431 766 2480 820 si
2518 782 2631 820 non
2683 764 2827 836 heri,
2863 780 3051 835 neque
3100 763 3318 818 nudius
3359 763 3592 827 tertius,
3624 779 3814 835 neque

2160 854 2334 927 paulo
2357 859 2510 920 ante,
2541 855 2642 910 sed
2666 870 2735 910 ex
2754 854 2882 925 ipso
2905 853 3215 925 principio,
3247 869 3381 908 cum
3401 868 3628 908 sacram
3660 853 3814 908 hanc

2159 949 2377 1000 sortem
2410 943 2866 1014 obtinui,usque
2899 943 2969 998 ad
3001 945 3347 1013 praesentem
3380 942 3556 1008 diem,
3592 942 3812 1012 absque

2159 1033 2499 1105 probatione
2545 1031 2927 1088 calumniaris
2976 1048 3089 1100 me,
3135 1036 3192 1086 et
3242 1031 3656 1103 mysteriorum
3707 1029 3812 1085 Dei

2157 1122 2513 1191 ministrum,
2547 1126 2605 1177 et
2644 1123 3029 1192 sacerdotem,
3062 1126 3120 1176 et
3167 1120 3722 1188 archisacerdotem,
3754 1122 3814 1176 et

2155 1211 2584 1277 sacricolam,et
2597 1211 2694 1267 Dei
2719 1214 3055 1284 mystam,et
3076 1215 3488 1282 mystagogum
3513 1209 3666 1264 inter
3680 1225 3806 1278 vos,

2153 1304 2210 1356 et
2256 1302 2583 1357 secundum
2612 1299 2887 1373 spiritum
2920 1304 3168 1372 patrem,
3201 1303 3260 1354 et
3304 1299 3623 1365 doctorem,
3657 1301 3714 1353 et
3745 1298 3806 1355 in

2152 1390 2269 1446 Deo
2299 1391 2823 1457 sanctiﬁcatorem;
2854 1393 2911 1445 et
2942 1387 3173 1459 negotia
3203 1388 3424 1460 praebes
3478 1390 3535 1443 et
3585 1386 3804 1443 clamo-

2151 1496 2244 1536 res
2275 1484 2330 1535 et
2358 1480 2566 1536 turbas
2594 1480 2795 1551 cies,et
2823 1479 2879 1533 in
2883 1477 3108 1548 juriose
3137 1477 3346 1550 agis,et
3375 1477 3805 1533 fraternitatem

2152 1568 2442 1641 mentiris,
2475 1573 2533 1624 et
2562 1586 2596 1624 a
2652 1584 2822 1624 sacra
2868 1566 3284 1624 communione
3339 1571 3397 1621 te
3453 1583 3714 1638 separes,
3749 1570 3808 1622 et

2149 1673 2255 1712 nec
2285 1658 2553 1712 eamdem
2603 1661 2821 1712 terram
2857 1673 2921 1712 ac
2963 1673 3070 1711 nos
3101 1655 3342 1722 calcare,
3377 1671 3484 1711 nec
3526 1656 3802 1711 eumdem

2147 1747 2372 1818 spirare
2402 1763 2595 1803 aerem
2629 1746 2910 1812 sustines,
2942 1750 3001 1802 et
3030 1746 3079 1800 si
3111 1745 3260 1800 forte
3289 1744 3461 1800 nobis
3504 1761 3800 1812 occurras,

2147 1851 2465 1892 conversus
2513 1836 2750 1908 oblique
2782 1852 2812 1890 a
2844 1835 2936 1890 via
2980 1833 3258 1902 declinas,
3293 1838 3349 1890 et
3380 1838 3436 1890 te
3466 1849 3740 1906 segreges
3768 1850 3802 1889 α

2146 1925 2338 1991 nobis,
2371 1929 2428 1980 et
2470 1925 2552 1980 ita
2591 1926 2697 1980 das
2756 1940 2934 1995 super
2992 1924 3234 1978 dorsum
3292 1927 3462 1978 tuum
3513 1923 3801 1979 fabricare

2147 2017 2480 2086 peccatores
2509 2015 2825 2081 daemones,
2858 2015 2915 2068 et
2940 2027 3108 2068 renes
3138 2015 3274 2066 tuos
3305 2010 3537 2083 impleri
3569 2010 3798 2067 illusio-

2147 2104 2343 2160 nibus.
2377 2104 2525 2159 Siste
2584 2102 2914 2174 paululum,
2948 2101 3200 2167 intuere,
3246 2100 3519 2172 loquetur
3575 2104 3798 2172 aperte,

2148 2191 2366 2264 projice
2415 2209 2544 2264 quas
2594 2197 2651 2248 te
2704 2191 3077 2261 contristant,
3127 2190 3473 2255 condemns,
3506 2189 3799 2260 justitiam

2151 2299 2338 2348 sume,
2371 2287 2428 2338 et
2456 2285 2598 2337 tunc
2631 2282 2719 2337 fac
2749 2281 2907 2353 quod
2957 2279 3043 2335 vis
3073 2297 3086 2334 :
3121 2279 3277 2351 quod
3309 2279 3360 2334 si
3406 2278 3616 2334 viceris
3665 2278 3804 2351 qui-

2150 2374 2308 2441 dem,
2340 2371 2612 2428 meliores
2665 2387 2773 2426 nos
2803 2370 2982 2426 facies
3009 2388 3022 2439 ;
3055 2369 3105 2425 si
3136 2384 3270 2424 vero
3320 2369 3509 2423 victus
3541 2367 3723 2424 fueris
3749 2371 3808 2422 et

2150 2478 2354 2518 verum
2385 2459 2963 2533 cognoveris,melior
2989 2459 3224 2527 evades,
3248 2458 3319 2513 ad
3352 2473 3593 2513 sensum
3625 2472 3811 2514 rever-

2152 2569 2274 2608 sus.
2307 2551 2591 2607 Caaterum
2624 2553 2821 2606 autem
2853 2551 2997 2620 vive,
3031 2565 3139 2605 nos
3170 2564 3204 2603 a
3235 2545 3427 2603 mania
3457 2563 3588 2619 quze
3643 2562 3808 2617 pror-

2155 2658 2258 2697 sus
2289 2640 2582 2698 subvertit
2613 2655 2855 2696 sensum
2889 2637 3255 2695 abalienans.

2222 2840 2314 2896 27.
2343 2837 2562 2894 Verum
2610 2837 2789 2893 etiam
2837 2836 2948 2892 hoc
2994 2834 3078 2890 ibi
3130 2833 3342 2906 posito,
3373 2849 3563 2905 neque
3613 2830 3808 2904 longis

2154 2945 2300 3000 opus
2332 2927 2444 2983 erit
2472 2926 2642 2983 nobis
2675 2925 3050 2982 sermonibus
3080 2925 3151 2980 ad
3182 2923 3461 2997 primum,
3495 2923 3651 2994 quod
3684 2923 3811 2977 erat

2155 3033 2322 3088 agere
2365 3017 2584 3072 bonum
2639 3015 2817 3071 etiam
2868 3014 3088 3084 absque
3139 3012 3422 3068 doctrina;
3467 3010 3806 3067 traditione.

2153 3107 2209 3161 Si
2241 3105 2399 3162 enim
2430 3104 2823 3175 ostendimus,
2858 3104 3012 3175 quod
3045 3106 3103 3158 et
3133 3101 3377 3157 fecimus
3425 3104 3483 3156 et
3529 3098 3805 3165 facimus,

2154 3195 2332 3250 simul
2364 3193 2559 3266 aliquo
2610 3193 2783 3249 modo
2812 3192 3282 3248 demonstratum
3327 3193 3418 3246 est
3446 3189 3556 3244 hoc
3584 3188 3809 3260 ipsum,

2155 3283 2388 3350 saltem,
2423 3287 2708 3355 quantum
2763 3286 2821 3337 et
2868 3281 3026 3336 istud
3082 3281 3193 3336 sub
3249 3277 3811 3335 demonstrationem

2155 3374 2362 3430 cadere
2420 3376 2633 3445 potest.
2686 3371 2840 3426 Deus
2897 3370 3136 3442 quidem
3191 3368 3320 3436 scil,
3381 3383 3606 3423 necnon
3665 3383 3812 3422 cun-

2156 3469 2385 3520 ctorum
2445 3462 2718 3518 custodes
2774 3459 2968 3533 angeli
3023 3457 3223 3514 omnia
3279 3456 3432 3512 male
3489 3456 3662 3525 facta,
3693 3471 3810 3511 non

2155 3557 2351 3608 autem
2404 3551 2836 3622 unusquisque,
2891 3551 3053 3621 puto,
3114 3546 3474 3604 mortalium.
3536 3544 3597 3600 Si
3652 3544 3812 3600 enim

2155 3645 2355 3697 sancte
2395 3645 2452 3696 et
2496 3657 2612 3696 non
2662 3643 2825 3695 extra
2876 3637 3140 3710 regulam
3192 3637 3480 3691 factorum
3533 3633 3813 3706 pleraque

2156 3731 2386 3802 fugiant
2416 3729 2814 3786 multitudinis
2858 3744 3070 3783 sensus
3115 3727 3364 3796 ideoque
3395 3721 3808 3797 cognitionem,

2155 3819 2338 3875 multo
2361 3819 2559 3874 minus
2577 3834 2701 3890 quae
2725 3816 2976 3889 graviter
2997 3815 3401 3885 suntfpeccata
3431 3811 3810 3882 tenebrisque

2153 3909 2352 3982 digna,
2385 3912 2443 3963 et
2494 3908 2777 3979 pudorem
2828 3904 3111 3961 habentia
3159 3901 3456 3972 comitem,
3506 3905 3564 3957 et
3609 3898 3810 3973 probri

2153 4014 2364 4068 causae,
2399 3997 2713 4053 manifesta
2757 3995 2986 4061 ﬁerent,
3021 3997 3078 4049 et
3124 3992 3218 4049 his
3250 3991 3352 4064 qui
3383 4007 3489 4047 nec
3538 3990 3808 4062 ejusdem

2151 4091 2296 4143 sunt
2325 4087 2557 4154 domus,
2573 4101 2678 4140 nec
2710 4087 2926 4140 tectum
2950 4083 3107 4138 idem
3129 4097 3316 4154 neque
3338 4096 3516 4136 unam
3539 4093 3810 4136 mensam

2151 4175 2524 4248 participant.

2219 4282 2310 4338 28.
2342 4283 2414 4338 Et
2461 4281 2546 4337 sic
2597 4280 2836 4352 quidem
2885 4295 3064 4352 super
3107 4277 3204 4336 his
3249 4293 3357 4350 ego
3407 4274 3616 4346 sentio,
3663 4273 3810 4331 forte

2151 4370 2390 4443 quidem
2423 4373 2576 4427 recte
2607 4369 2880 4442 opinans,
2916 4369 3160 4426 forsitan
3193 4372 3389 4424 autem
3420 4369 3477 4423 et
3505 4365 3810 4436 deceptus.

2149 4460 2267 4518 Vos
2323 4465 2542 4530 autem,
2575 4477 2608 4516 ο
2660 4460 2907 4517 charum
2967 4458 3349 4524 auditorium,
3389 4473 3422 4513 ο
3477 4455 3686 4511 fratres
3746 4453 3808 4508 in

2149 4549 2468 4622 Christo,,o
2497 4550 2594 4606 Dei
2618 4549 2767 4606 servi
2790 4549 2948 4604 sicut
2967 4551 3026 4604 et
3058 4563 3185 4619 ego,
3219 4563 3251 4602 o
3276 4560 3517 4619 sagaces
3547 4541 3806 4616 ingenio,

2150 4638 2498 4711 habilesque
2529 4639 2602 4695 ad
2623 4638 3014 4711 judicandum
3049 4653 3175 4708 quae
3207 4641 3361 4692 recte
3390 4633 3511 4691 sint
3541 4636 3690 4699 acta,
3709 4648 3809 4704 per

2151 4729 2418 4797 virtutes,
2452 4729 2523 4785 de
2553 4728 2772 4800 quibus
2800 4727 2995 4784 testati
3026 4743 3234 4782 sumus
3264 4724 3449 4792 vobis,
3475 4739 3580 4796 per
3608 4723 3802 4794 ipsum

2153 4823 2334 4875 Deum
2371 4820 2471 4891 qui
2503 4834 2682 4890 super
2728 4833 2962 4873 omnem
2993 4815 3264 4872 virtutem
3319 4818 3428 4884 est,
3461 4811 3804 4884 dijudicate,

2151 4913 2209 4965 et
2237 4909 2663 4978 denuntiate,et
2690 4908 2890 4963 docete
2920 4922 3015 4961 me
3045 4921 3302 4977 quonam
3327 4904 3805 4959 enumeratorum

2152 4996 2416 5054 locorum
2462 4997 2840 5070 reponendus
2871 4994 3030 5051 sim:
3067 4997 3152 5063 ut,
3199 5009 3328 5049 meo
3376 4990 3610 5063 cognito
3657 4987 3804 5054 loco,

2153 5086 2480 5143 constituar
2527 5087 2586 5142 in
2634 5085 2890 5157 quadam
2942 5081 3262 5138 stabilitate
3309 5077 3662 5153 cognitionis
3713 5075 3803 5131 vel

2156 5174 2560 5246 ignorationis,
2594 5175 2748 5230 sicut
2795 5189 2949 5228 nunc
2981 5171 3230 5226 firmiter
3277 5170 3473 5237 credo,
3505 5167 3660 5240 quod
3712 5181 3807 5222 se-

2155 5265 2414 5320 cundum
2461 5281 2654 5320 meam
2704 5266 3052 5335 potestatem
3102 5259 3208 5316 feci
3256 5263 3313 5316 et
3343 5259 3511 5329 facio,
3545 5261 3601 5312 et
3638 5256 3812 5327 juxta

2151 5353 2329 5425 vires,
2361 5353 2534 5409 docui
2592 5357 2648 5408 et
2703 5353 2902 5407 doceo.
2962 5350 3111 5405 Puto
3169 5365 3285 5404 non
3343 5345 3546 5419 procul
3604 5345 3811 5401 abesse

2153 5441 2294 5514 quin
2323 5447 2381 5498 et
2430 5459 2535 5515 ego
2583 5441 2693 5498 sim
2747 5441 2922 5496 homo
2953 5438 3074 5506 Dei,
3109 5437 3262 5494 sicut
3291 5441 3347 5492 et
3399 5435 3810 5508 unusquisque

2151 5535 2456 5600 vestrum;
2519 5535 2576 5587 et
2626 5531 2708 5586 ita
2766 5533 3001 5602 putans,
3035 5527 3278 5598 dignum
3335 5543 3403 5583 ex
3458 5525 3809 5582 necessitate

2152 5620 2439 5690 existimo,
2472 5624 2560 5686 ut,
2610 5635 2680 5675 ex
2729 5616 2999 5689 analogia
3045 5633 3178 5672 cum
3231 5615 3602 5672 humanitate
3650 5631 3803 5683 mea,

2152 5708 2437 5780 reperiam
2485 5724 2623 5782 ergo
2675 5725 2770 5764 me
2828 5721 3064 5778 semper
3117 5705 3322 5762 eadem
3381 5707 3801 5780 symptomata.

2151 5797 2301 5863 Quid
2318 5797 2448 5855 dico
2471 5797 2500 5855 ?
2518 5797 2663 5858 Volo
2684 5795 2974 5872 quodam
2993 5795 3346 5854 benedicens
3365 5811 3484 5856 non
3504 5790 3796 5864 maledici,
