4082 6396
347 467 470 527 659
1123 468 1546 532 EUSTATHII
1589 466 2364 533 THESSALONICENSIS
2412 469 2998 533 METROPOLIT/E
3681 473 3795 534 660

349 614 479 666 nec,
512 598 653 655 dum
684 597 880 668 laudo,
913 599 1227 673 vituperari
1254 619 1265 655 :
1299 618 1445 673 aegre
1480 602 1621 672 fero,
1657 618 1772 657 non
1803 600 2009 657 furens

2137 595 2491 675 ›ιυϐρίζεσθαι
2553 601 2885 678 βάρύνομαι,
2950 603 3024 674 μὴ
3113 601 3367 658 κλέπτων
3432 604 3795 675 κλέπτεσθαι,

348 687 469 759 pati
501 687 746 759 furtum,
782 707 896 746 non
929 690 1163 762 rapiens
1192 690 1459 763 rapinam
1514 690 1740 758 subire,
1774 707 1890 745 non
1924 688 2007 744 la-

2137 693 2199 760 εὴ
2250 692 2502 766 ἁρπάζων
2582 691 2929 766 ἁρπάζεσθαι,
2984 693 3060 764 μὴ
3125 690 3490 765 συμποδίζων
3554 694 3796 772 σφάλλε-

351 793 530 847 queos
562 794 790 850 ponens
831 779 1222 851 supplantari,
1257 797 1370 834 non
1423 779 1653 835 luctans
1687 779 1746 834 in
1790 784 2008 834 terram

2137 781 2262 847 πΟαι,
2321 781 2396 852 μή
2482 778 2731 834 παλαίων
2817 779 3320 856 καταῤῥιπτεῖσθαι.
3408 780 3593 839 Οὐδὲν
3680 781 3799 838 οὔτε

353 865 582 937 projici.
615 868 729 923 Nec
760 868 1046 940 subripio,
1067 885 1171 923 nec
1202 869 1479 924 abstraho
1511 869 1771 924 alienum
1805 884 1818 922 :
1854 868 2012 923 unde

2137 869 2475 946 Βφαιροῦμαι,
2531 867 2653 924 οὕτε
2726 869 2960 924 ἀποσπῶ
3034 868 3353 946 ἀλλότριονο
3421 871 3651 926 ἀπαιτῶ
3711 871 3796 928 οὖν

353 960 508 1026 peto,
541 960 606 1011 ut
635 973 738 1012 nec
769 957 864 1012 alii
897 957 1044 1014 nihil
1073 957 1268 1013 simile
1312 959 1708 1025 committant,
1739 973 1845 1012 nec
1876 973 2012 1027 erga

2137 955 2266 1027 ,ιηδὶ
2322 956 2527 1022 ἄλλους
2553 958 2800 1014 τοιοῦτόν
2826 979 2879 1013 τι
2910 957 3264 1032 πλημμελεῖν
3325 962 3474 1033 μήτε
3537 961 3631 1016 ἐπί
3661 983 3795 1016 τισιν

355 1044 623 1113 quaedam
657 1044 791 1114 alia,
818 1063 921 1102 nec
953 1063 1091 1119 erga
1121 1051 1402 1103 mea.Mea
1431 1047 1591 1103 enim
1623 1046 1773 1113 dico,
1806 1050 1864 1102 et
1894 1062 2009 1100 non

2137 1044 2340 1114 ἵλλοις,
2385 1050 2522 1120 μήτε
2579 1047 2667 1103 ἐπὶ
2721 1052 2844 1112 τοῖς
2900 1046 3080 1120 ἐμοῖς.
3115 1049 3254 1122 Ἐμᾶ.
3303 1051 3408 1125 γάρ
3475 1071 3655 1128 φημι,
3709 1049 3798 1105 καὶ

353 1130 798 1206 immerito,quze
828 1135 971 1190 mihi
1007 1141 1156 1193 Deus
1187 1136 1246 1192 in
1267 1136 1694 1209 providentiam
1715 1134 2010 1192 submini-

2137 1133 2248 1190 >ὐδέ
2279 1135 2611 1215 ἐπισφαλῶς,
2645 1136 2678 1191 ἃ
2726 1158 2819 1210 μοι
2871 1136 3193 1213 ἐνεχείρισεν
3255 1139 3283 1193 ὁ
3337 1139 3473 1201 Θεὸς
3532 1139 3614 1203 είς
3666 1161 3798 1216 προ-

351 1221 777 1296 stravit.Arguo
808 1240 934 1296 quae
968 1225 1066 1281 Dei
1099 1230 1239 1282 sunt
1268 1231 1326 1281 et
1354 1229 1698 1282 sanctorum
1731 1226 1858 1296 ejus
1890 1223 2011 1278 fur-

2137 1227 2376 1294 ιῆθειαν.
2438 1223 2688 1302 Ἐλέγχω
2734 1225 2861 1287 τοὺς
2903 1226 3340 1303 ἀφαιρουμένους
3389 1225 3690 1304 ἁρπάγδην
3733 1230 3797 1283 τὰ

349 1310 458 1364 tim
489 1311 924 1385 subripientes;
955 1320 1012 1370 et
1042 1315 1168 1388 ipse
1198 1332 1395 1387 quaero
1436 1314 1931 1378 criminationem,
1963 1312 2010 1367 i

2137 1318 2217 1368 τοῦ
2267 1318 2402 1370 Θεοῦ
2457 1314 2547 1370 καὶ
2575 1320 2682 1370 τῶν
2719 1313 2884 1392 ἁγίων
2915 1313 3102 1370 αὐτοῦ·
3139 1321 3286 1386 ζητῶ
3313 1317 3407 1370 καὶ
3440 1317 3615 1380 αὐτὸς
3649 1313 3798 1394 ἔλεγ·

350 1403 409 1454 et
437 1416 541 1472 ego
572 1401 632 1456 in
663 1419 846 1459 causa
871 1403 1056 1460 simili
1090 1405 1273 1461 stulte
1303 1403 1851 1478 egerim.Terminis
1885 1421 2012 1458 ma-

2137 1423 2250 1478 χον,
2282 1401 2369 1458 ἐὰν
2401 1404 2490 1458 καὶ
2522 1403 2626 1480 ἐγὼ
2657 1403 2734 1466 εἵς
2777 1425 2829 1458 τι
2879 1405 3073 1477 ὅμοιον
3120 1403 3472 1480 ἐμωράνθην.
3529 1407 3794 1480 ὉρογΑυ-

350 1484 531 1559 lignis
563 1495 726 1562 petor
755 1509 788 1547 a
820 1491 1022 1548 multis
1057 1510 1070 1548 :
1106 1493 1278 1564 cujus
1309 1495 1548 1549 tandem
1593 1492 1860 1549 omnium
1897 1492 2012 1548 hie-

2137 1495 2330 1568 ροῦμαι
2411 1493 2705 1570 προφανῶς
2782 1492 2885 1547 ὑπὸ
2943 1489 3171 1547 πολλῶν
3207 1511 3221 1526 ·
3279 1492 3434 1556 τίνος
3484 1498 3623 1569 γοῦν
3683 1498 3790 1550 τῶν

354 1576 590 1633 reditati
618 1579 937 1638 insidiatus
968 1598 1101 1638 sum
1122 1582 1149 1636 ?

2137 1580 2374 1636 ima'zv1wv
2407 1579 2726 1656 κληρουχία
2756 1574 3205 1636 ἐπιϐεϐούλευται
3239 1582 3328 1635 ὑπ’
3360 1580 3504 1655 ἐμοῦ
3531 1601 3546 1652 ;

425 1683 518 1738 29.
553 1683 656 1740 Illa
703 1702 830 1758 qua
862 1703 932 1742 ex
980 1688 1179 1744 animo
1230 1688 1386 1745 dicta
1434 1693 1573 1745 sunt
1601 1689 1730 1745 volo
1784 1703 1890 1743 nec
1919 1703 2015 1742 ca-

358 1769 654 1830 lumniose
685 1776 891 1848 impoti
921 1793 1026 1832 nec
1051 1777 1454 1849 detrahi,quia
1485 1795 1591 1834 nec
1621 1795 1727 1851 ego
1759 1777 1875 1834 tale
1891 1776 2014 1831 vul-

361 1878 475 1919 nus
506 1864 714 1921 anima:
733 1867 1444 1939 memimpressiNulnera
1474 1871 1630 1925 enim
1665 1885 1771 1941 ego
1801 1885 2014 1940 oppor-

359 1955 500 2050 tune
529 1953 659 2010 dico
691 1956 1040 2028 spiritualia,
1073 1975 1202 2029 quae
1232 1959 1475 2014 veniunt
1504 1976 1573 2014 ex
1612 1957 1926 2014 calumniis
1959 1962 2014 2013 et
2045 1984 2094 2050 Β

363 2043 914 2115 detractionibus,et
934 2049 1176 2106 vulnera
1195 2055 1336 2106 sunt
1363 2067 1476 2106 non
1504 2050 1876 2122 patientium,
1912 2049 2014 2104 sed

357 2133 540 2191 multo
589 2138 778 2210 magis
827 2138 1188 2194 facientium.
1221 2139 1328 2206 Qui
1377 2139 1537 2195 enim
1595 2137 1926 2194 calumnias
1958 2141 2016 2193 et

355 2222 746 2283 detractiones
792 2229 951 2299 passi
998 2233 1160 2294 sunt,
1191 2245 1469 2284 coronam
1528 2227 1751 2283 habent
1801 2244 1834 2282 a
1877 2227 2015 2295 Deo,

359 2313 461 2384 qui
515 2315 749 2371 virtutis
807 2317 1130 2373 certamina
1187 2321 1619 2385 remuneratur,
1686 2316 1806 2372 sive
1861 2315 2018 2388 capti

361 2404 600 2461 malitia
685 2406 910 2463 retibus
995 2408 1236 2474 fuerint,
1306 2408 1428 2464 sive
1494 2406 1598 2463 illa
1682 2407 2016 2480 etl‘ugerint.

363 2492 473 2559 Qui
515 2510 650 2550 vero
708 2495 1068 2552 calumniam
1112 2500 1170 2552 et
1227 2496 1553 2552 convicium
1611 2500 2015 2564 exercuerunt,

363 2583 454 2652 si,
511 2584 741 2640 coronis
798 2585 1028 2655 orbati,
1101 2585 1248 2641 nihil
1300 2587 1428 2658 jam
1498 2585 1728 2657 possint
1785 2588 2020 2657 propter

365 2672 788 2745 opprobrium,
855 2672 1022 2744 quasi
1108 2674 1236 2746 pice
1317 2674 1546 2730 inuncti
1638 2674 1867 2729 ridendi
1933 2674 2019 2729 l'o-

365 2765 528 2830 rent;
575 2761 685 2818 hoc
741 2767 935 2818 tamen
994 2779 1166 2834 grave
1223 2779 1337 2818 non
1395 2767 1486 2818 est
1547 2781 1559 2818 :
1619 2761 1764 2818 illud
1825 2767 2019 2819 autem

365 2849 650 2906 miserum
683 2856 742 2908 et
786 2852 1062 2924 lacrymis
1095 2851 1271 2924 plane
1318 2852 1589 2925 dignum,
1621 2852 1778 2924 quod
1815 2851 2021 2907 vulne-

364 2945 570 2996 rentur
597 2939 780 3011 intus,
814 2940 1176 2998 conscientia
1207 2942 1449 3014 quidem
1497 2941 1659 3014 ipsos
1690 2945 2018 3014 torquente,

359 3029 504 3085 dum
538 3035 773 3103 pectora
798 3048 930 3087 vero
974 3031 1329 3102 lacerantur,
1362 3037 1648 3104 tanquam
1697 3031 1843 3086 nihil
1874 3031 2021 3103 ipsis

359 3124 596 3192 gratum
625 3120 995 3192 perfecerint.
1027 3122 1098 3177 Et
1132 3121 1203 3176 de
1232 3119 1364 3177 istis
1396 3126 1486 3176 est
1533 3120 1775 3192 pulchre
1821 3120 2020 3176 dicen-

361 3208 526 3279 dum,
557 3210 715 3281 quod
747 3210 808 3265 in
859 3209 1020 3283 ipsos
1051 3209 1177 3266 tela
1201 3214 1405 3266 contra
1431 3209 1772 3266 innocentes
1803 3209 2024 3266 directa

361 3301 580 3354 retorta
619 3303 782 3369 sunt,
812 3303 869 3356 et
912 3300 1176 3371 ipsorum
1227 3314 1399 3355 enses
1448 3299 1509 3354 in
1561 3300 1736 3355 corda
1784 3298 2022 3371 pr0pria

362 3385 732 3443 intraverunt
765 3405 778 3443 :
811 3390 948 3443 nam
1001 3405 1129 3461 quis
1170 3388 1409 3460 quidem
1465 3387 1576 3459 ipsi
1625 3388 2020 3460 projecerunt,

362 3475 543 3532 veluti
602 3476 853 3550 puerilia
926 3477 1044 3534 tela
1097 3477 1298 3534 habita
1353 3481 1515 3546 sunt,
1573 3481 1632 3533 et
1706 3477 1853 3532 forte
1907 3493 2024 3532 non

367 3569 822 3636 percusserunt;
855 3582 984 3638 quae
1035 3583 1170 3622 vero
1214 3565 1449 3637 justitia
1496 3569 1700 3622 contra
1745 3565 1906 3637 ipsos
1937 3581 2028 3620 re-

366 3653 559 3725 torsit,
605 3653 665 3710 in
697 3653 979 3711 interiora
1027 3654 1220 3711 cordis
1269 3653 1637 3710 intraverunt
1683 3657 1740 3710 et
1783 3653 2029 3710 vulnera

372 3741 433 3798 in
443 3741 734 3801 dixerunt.

445 3940 534 3996 30.
568 3945 816 4014 Insuper
842 3941 970 3998 volo
1008 3941 1178 4014 justa
1207 3942 1454 4014 loquens
1486 3958 1603 3998 non
1647 3940 1890 4014 despici,
1924 3939 2026 3996 sed

372 4028 588 4086 audiri.
622 4029 747 4086 Non
780 4030 938 4087 enim
971 4029 1050 4087 ibi
1080 4029 1339 4104 vulgaris
1387 4034 1489 4087 aut
1526 4030 1803 4103 ignobilis
1852 4030 2027 4086 homo

373 4135 528 4188 sum,
561 4121 661 4176 sed
696 4119 768 4176 ad
802 4121 1133 4176 docendum
1171 4124 1339 4176 teneo
1387 4120 1780 4192 principatum
1808 4137 1822 4188 ;
1854 4124 1909 4175 et
1939 4118 2027 4174 di-

373 4209 573 4264 scendi
606 4208 941 4266 facultatem
975 4211 1088 4266 sub
1119 4227 1212 4265 me
1243 4209 1526 4282 magistro
1549 4209 1816 4264 obtinent
1846 4207 2026 4279 hujus

373 4297 487 4353 loci
516 4298 692 4355 cives.
725 4299 842 4354 Hoc
889 4297 1068 4354 divini
1099 4298 1350 4370 Spiritus
1396 4299 1619 4354 donum
1658 4302 1766 4365 est,
1801 4297 1900 4368 qui
1935 4313 2027 4352 me

374 4388 434 4442 in
465 4392 694 4444 tantum
725 4405 875 4459 opus
904 4388 1514 4460 ordinavit,cujusque
1543 4387 1733 4459 gratia
1761 4385 1861 4442 Dei
1892 4403 2027 4458 apo-

375 4476 564 4532 stolus
616 4481 674 4532 et
717 4476 844 4548 ipse
891 4477 1128 4533 habeor.
1161 4477 1477 4548 Apostolus
1525 4481 1744 4545 autem,
1777 4475 1930 4530 sicut
1967 4478 2026 4530 et

375 4564 570 4620 omnis
618 4565 940 4638 presbyter,
998 4582 1114 4622 non
1161 4563 1442 4633 indignus
1498 4565 1820 4626 attentione
1859 4562 2024 4635 judi-

375 4657 562 4724 catur,
595 4654 696 4710 sed
741 4654 998 4726 primum
1048 4653 1217 4709 illum
1249 4654 1520 4721 audiunt,
1553 4653 1654 4725 qui
1697 4657 1848 4708 cmtu
1885 4669 2022 4708 con-

2193 1688 2294 1749 κθ’.
2331 1688 2414 1744 Τά
2463 1707 2522 1742 τε
2577 1686 2667 1741 οὖν
2730 1686 2992 1760 εἰρημένα
3077 1687 3378 1763 ὁλοψύχως
3438 1686 3620 1752 ἐθέλω
3701 1689 3788 1744 καὶ

2128 1772 2269 1848 μηδὲ
2325 1777 2792 1852 συκοφαντεῖσθαι,
2856 1772 2997 1849 μηδὲ
3057 1771 3476 1844 διαϐάλλεσθαι,
3513 1778 3600 1834 ὅτι
3651 1776 3789 1851 μηδέ

2125 1863 2235 1937 ἐγὼ
2288 1869 2538 1919 τοιοῦτον
2599 1863 2940 1938 ἐνεμαξάμην
2995 1868 3212 1939 τραῦμα
3281 1868 3352 1939 τῇ
3424 1865 3539 1940 ἐμῇ
3610 1869 3782 1942 ψυχῇ.

2125 1952 2425 2027 Τραύματα
2493 1954 2594 2029 γὰρ
2671 1949 2910 2030 ἀκριϐῶς
2977 1953 3352 2032 ἀποφαίνομαι
3433 1955 3527 2009 καὶ
3624 1955 3782 2017 αὐτὸς

2124 2043 2334 2117 ψυχικὰ
2381 2042 2450 2097 τὰ
2503 2043 2562 2097 ἐκ
2618 2046 2990 2120 συκοφαντιῶν
3047 2043 3136 2098 καὶ
3167 2037 3470 2114 διαϐολῶν,
3502 2045 3776 2122 καὶτραυ-

2129 2152 2270 2204 ματα
2325 2132 2387 2186 ού
2439 2137 2546 2187 τῶν
2578 2133 2928 2208 πασχόντων,
2957 2131 3103 2188 ἀλλὰ
3132 2130 3333 2204 πολλῶ
3364 2134 3629 2210 πρότερον
3668 2134 3771 2189 τῶν

2124 2221 2450 2277 ποιούντων.
2509 2222 2579 2278 Οἱ
2641 2221 2734 2294 μὲν
2789 2222 2890 2296 γὰρ
2955 2219 3456 2299 συκοφαντούμενοι
3515 2223 3602 2278 καὶ
3659 2219 3768 2277 δια-

2124 2302 2462 2382 ϐαλλόμενοι
2521 2306 2712 2385 ἔχουσι
2770 2310 3027 2386 στέφανον
3087 2308 3147 2365 ἐκ
3201 2314 3358 2378 Θεοῦ,
3388 2316 3485 2367 τοῦ
3545 2307 3767 2388 βραϐευ-

2123 2402 2221 2452 τοῦ
2274 2404 2381 2453 τῶν
2441 2401 2559 2454 κατ’
2589 2400 2782 2474 ἀρετὴν
2834 2400 3080 2476 ἀγώνων,
3141 2398 3250 2455 εἷ’τε
3306 2399 3625 2476 κατάσχετοι

2126 2507 2346 2556 νωνται,
2407 2485 2512 2543 εἷίτε
2567 2488 2656 2543 καὶ
2715 2487 3135 2554 διεκπετασθῶσι
3190 2494 3301 2545 τῶν
3376 2487 3607 2565 παγίδων
3659 2495 3756 2556 τῆς

2126 2577 2440 2640 κακώσεως*
2500 2578 2551 2632 οἱ
2610 2576 2666 2633 δέ
2721 2599 2785 2654 γε
2838 2579 2938 2648 την
2995 2572 3263 2648 διαϐολὴν
3313 2580 3401 2634 καί
3450 2579 3545 2645 τήν
3597 2596 3748 2630 συκο-

2128 2666 2350 2743 φαντίαν
2435 2664 2818 2743 ἐνηργηκότες,
2871 2667 2916 2722 εί
3001 2669 3095 2741 μὲν
3181 2667 3579 2742 ἀπεστερημένοι
3638 2667 3739 2718 τῶν

2129 2755 2404 2833 στεφάοων
2467 2757 2812 2832 ἀχρειοῦνται
2875 2755 2943 2812 δι’
2975 2756 3261 2832 αἰσχύνης,
3309 2757 3381 2818 ὡς
3432 2755 3476 2810 εἴ
3517 2753 3598 2810 καὶ
3645 2771 3736 2806 κα-

2126 2845 2414 2920 τάχριστοι
2443 2846 2607 2921 πίσσῃ
2665 2845 3034 2919 ἐπόμπευσαν,
3064 2845 3210 2902 ἀλλά
3263 2850 3427 2902 τοῦτο
3488 2843 3568 2919 μὶν
3621 2839 3743 2918 βαρῦ

2131 2932 2310 2989 οὐδέν·
2373 2934 2544 2990 ἐκεῖνο
2605 2933 2664 2990 δὶ
2719 2938 2858 2990 πάνυ
2917 2933 3163 3012 ἀλγεινὸν
3222 2935 3314 2990 καὶ
3375 2935 3632 3013 ἀφόρητον
3684 2929 3752 2991 εἷς

2131 3021 2351 3096 ὀδύνην,
2413 3024 2495 3079 ὅτι
2551 3024 3009 3099 τραυματίζονται
3063 3025 3131 3080 τὰ
3180 3025 3356 3094 ἐντὸς,
3413 3025 3482 3078 τὰ
3535 3023 3622 3096 μὶν
3669 3025 3758 3088 τῆς

2129 3110 2488 3184 συνειδήσεως
2535 3111 2888 3185 πληττούσης
2945 3113 3158 3180 αὐτοὺς,
3195 3115 3264 3169 τὰ
3321 3111 3381 3169 δὲ
3442 3107 3761 3188 σπαραττού-

2132 3223 2233 3274 σης
2282 3209 2384 3272 τῆς
2450 3199 2817 3278 καρδιώξεως,
2872 3203 2917 3258 εἰ
2987 3200 3156 3277 μηδὶν
3225 3201 3549 3258 ἀπετέλεσαν
3619 3198 3762 3278 φίλον

2131 3291 2338 3354 αὐτοῖς.
2398 3293 2503 3348 Καὶ
2557 3286 2667 3347 ἔστι
2720 3298 3010 3371 προσφυῶς
3067 3291 3154 3347 ἐπὶ
3217 3297 3327 3347 τῶν
3379 3291 3640 3347 τοιούτων
3697 3287 3770 3342 εί-

2137 3387 2280 3448 πεῖν,
2313 3382 2388 3443 ὡς
2444 3383 2879 3458 περιετράπησαν
2935 3381 3120 3446 αὐτοῖς
3170 3382 3226 3436 αἱ
3281 3381 3419 3436 κατὰ
3461 3385 3572 3436 τῶν
3627 3378 3771 3433 ἀναι-

2134 3469 2264 3526 τίων
2311 3468 2496 3546 βολαὶ,
2528 3471 2617 3526 καὶ
2648 3473 2703 3526 αἱ
2762 3471 3027 3548 ῥομφαῖαι
3086 3469 3261 3526 αὐτῶν
3329 3469 3648 3542 εἷσήλθοσαν
3703 3465 3772 3528 είς

2134 3561 2232 3622 τὰς
2296 3556 2520 3635 καρδίας
2574 3559 2790 3616 αὐτῶν·
2849 3560 2938 3616 καὶ
2997 3559 3030 3615 ἃ
3091 3559 3185 3634 μὶν
3255 3558 3411 3616 αὐτοὶ
3487 3559 3776 3637 ἐπαφῆκεν,

2138 3649 2212 3711 ὡς
2250 3646 2385 3724 βέλη
2416 3650 2630 3720 νηπίων
2679 3648 3064 3726 ἐλογίσθησαν,
3095 3648 3186 3704 καὶ
3223 3650 3393 3726 τυχὸν
3439 3645 3566 3704 οὐδὲ
3615 3643 3778 3716 ἔπλη-

2139 3737 2248 3808 ξαν·
2286 3737 2319 3792 ἃ
2349 3735 2407 3793 δὲ
2435 3739 2470 3808 ἡ
2527 3736 2650 3810 δίκη
2706 3740 2824 3795 κατ’
2864 3738 3039 3795 αὐτῶν
3097 3733 3372 3816 ἔστρεψεν,
3403 3734 3511 3794 ἔσω
3569 3731 3776 3814 καρδίας

2137 3827 2470 3904 παρέκυψαν,
2499 3828 2589 3883 καὶ
2618 3828 2904 3904 τραύματα
2929 3823 3270 3888 ἐνεϐάθυναν.

2210 3935 2278 3993 λ’.
2339 3938 2458 3994 Ἐτι
2512 3935 2683 4003 ἐθέλω
2739 3937 2928 3995 λαλῶν
2983 3935 3164 3994 δίκαια
3223 3938 3298 4012 μὴ
3358 3935 3781 4008 ἐξουθενοὼθαι,

2138 4024 2264 4082 ἀλλ’
2322 4024 2714 4092 εἶ’σακούεσθαι.
2759 4027 2841 4086 Οὐ
2888 4027 2990 4104 γάρ
3055 4027 3168 4102 είμι
3227 4027 3454 4084 ἐνταῦθα
3509 4023 3636 4081 οὔτε
3687 4043 3782 4100 χυ-

2139 4112 2290 4178 δαῖος
2351 4113 2472 4171 οὕτε
2522 4121 2750 4191 τυχαῖος
2783 4119 3090 4194 ἄνθρωπος,
3123 4113 3252 4173 ἀλλ’
3282 4116 3498 4193 ἐξάρχω
3539 4113 3780 4171 διδασκα-

2139 4204 2349 4269 λικῶς’
2407 4206 2496 4261 καὶ
2587 4207 2882 4278 μαθητείας
2969 4206 3232 4284 ἐπέχουσι
3290 4204 3459 4262 τόπον
3520 4204 3611 4261 ὑπ’
3666 4200 3781 4278 ἐμοὶ

2137 4292 2451 4369 διδασκάλῳ
2508 4296 2559 4352 οἱ
2619 4295 2846 4361 ἐνταῦθα
2900 4295 3148 4354 πολῖται.
3199 4295 3356 4352 Θείου
3413 4299 3576 4351 τοῦτο
3627 4291 3782 4352 Πνεύ-

2141 4406 2308 4459 ματος
2369 4384 2568 4461 δῶρον,
2618 4387 2876 4457 τάξαντος
2951 4386 3095 4460 κάμὲ
3167 4385 3244 4448 εἷς
3292 4389 3549 4441 τοιοῦτον
3610 4383 3784 4460 ἔργον,

2135 4475 2198 4530 οὗ
2257 4476 2418 4552 χάριν
2472 4475 2563 4530 καὶ
2623 4474 2929 4538 ἀπόστολος
2985 4481 3118 4531 Θεοῦ
3161 4473 3459 4551 λογίζομαι
3484 4472 3578 4529 καὶ
3611 4470 3781 4533 αὐτός.

2135 4552 2472 4626 Ἀπόστολος
2526 4561 2603 4636 δὲ,
2657 4565 2840 4640 ὥσπερ
2891 4564 2981 4620 καὶ
3039 4559 3276 4641 πρέσϐυς
3332 4563 3494 4634 ἅπας,
3556 4562 3622 4618 οὐ
3676 4559 3784 4638 κρί-

2137 4674 2284 4708 νεται
2324 4652 2535 4726 ἀνάξιος
2577 4661 2884 4730 προσοχῆς,
2913 4653 3061 4711 ἀλλὰ
3109 4659 3302 4732 πρῶτα
3349 4654 3445 4727 μὲν
3505 4652 3782 4708 ἀκούουσιν

373 4743 598 4816 gregati
629 4725 807 4812 sunt;
840 4743 1049 4799 deinde
1083 4742 1460 4813 sicujusdam
1496 4741 1768 4797 utilitatis
1801 4745 1858 4797 et
1877 4757 2023 4797 com-

2138 4743 2302 4798 αὐτοῦ
2370 4744 2422 4798 οἱ
2498 4743 2899 4820 συνειλεγμένοι
2969 4745 3088 4800 κατ’
3163 4743 3414 4821 ἐντυχίαν
3443 4762 3457 4777 ·
3491 4744 3648 4812 εἶτα,
3705 4739 3783 4796 ἐὰν

375 4831 533 4888 modi
583 4836 907 4905 agnoscant
956 4849 1086 4889 esse
1140 4832 1317 4902 dicta,
1368 4831 1638 4898 audiunt,
1693 4830 2031 4902 docilesque

375 4928 602 4995 parent,
633 4929 693 4980 et
731 4924 792 4981 in
835 4941 978 4996 pace
1009 4923 1273 4980 locutum
1327 4923 1653 4978 dimittunt.
1687 4923 1803 4978 Cur
1849 4923 2032 4995 igitur

375 5029 492 5068 non
523 5029 629 5086 ego
653 5029 888 5085 quoque
913 5011 1029 5069 tale
1050 5013 1286 5069 obtineo
1317 5013 1537 5068 bonum
1557 5011 1584 5066 τ
1607 5016 1812 5082 Deceo,
1845 5016 1902 5068 et
1929 5027 2031 5066 vos

375 5102 601 5159 discere
647 5107 876 5175 oportet
907 5120 921 5172 ;
954 5101 1246 5175 legatione
1279 5101 1513 5174 fungor,
1549 5100 1766 5168 audite,
1799 5105 1872 5158 et.
1902 5117 2031 5172 quae

370 5190 644 5249 facienda
664 5192 784 5248 sint
804 5191 1271 5256 animadvertite;
1293 5190 1513 5246 missus
1540 5191 2030 5258 sum,observate.

373 5283 432 5338 Si
461 5297 597 5338 vero
630 5281 786 5337 dicta
839 5299 954 5337 non
988 5281 1240 5353 placent,
1273 5280 1558 5348 dubitate,
1592 5285 1651 5335 et
1697 5280 1756 5334 in
1807 5280 2034 5336 trutina

373 5372 774 5443 ponderentur
803 5375 1074 5428 accurate
1096 5369 1420 5426 solutiones
1444 5374 1501 5425 et
1525 5370 1925 5441 oppositiones
1945 5386 1959 5438 ;
1978 5373 2035 5425 et

369 5458 454 5514 ita
483 5473 680 5514 sermo
731 5465 927 5517 noster
955 5459 1134 5515 libere
1184 5465 1418 5528 currat;
1449 5458 1561 5529 vel,
1596 5458 1646 5514 si
1697 5477 1824 5531 quae
1869 5457 2031 5514 falsi-

366 5543 514 5602 tatis
546 5548 803 5616 suspicio
834 5548 1131 5622 spirituali
1163 5549 1408 5604 numulo
1441 5547 1813 5618 subjiciatur,
1845 5565 2030 5604 unus-

364 5631 634 5705 quisque
653 5643 912 5694 vestrum
934 5639 1112 5694 habet
1133 5638 1192 5694 in
1233 5637 1443 5710 spiritu
1476 5637 1722 5709 Lydium
1753 5637 2029 5710 lapidem,

360 5725 420 5777 οι
452 5726 572 5785 Per
599 5729 734 5778 eum
764 5727 1064 5799 explorare
1094 5731 1307 5798 potest,
1335 5729 1558 5797 quanta
1604 5726 1830 5798 puritas
1864 5727 1942 5784 sit
1970 5727 2031 5784 in

344 5803 725 5871 huiusmodi
783 5815 1258 5888 cogitationibus.
1317 5815 1389 5872 Et
1443 5814 1530 5874 sic
1587 5816 1827 5888 quidem
1882 5817 2032 5876 bene

2137 4833 2274 4907 πρός
2343 4853 2449 4888 τινι
2514 4832 2754 4911 ὠφελείᾳ
2836 4833 2927 4889 καὶ
3004 4831 3316 4906 λυσιτελείᾳ
3400 4830 3781 4909 διεγνώσκωσιν

2141 4921 2274 4978 εἶναι
2312 4922 2380 4978 τὰ
2427 4921 2762 4996 λαλούμενα,
2795 4923 3147 4994 ἐπακούουσι,
3201 4923 3294 4980 καὶ
3350 4923 3653 4990 πείθονται,
3703 4917 3782 4976 καὶ

2139 5011 2192 5067 ἐν
2254 5012 2440 5089 εἰρήνῃ
2496 5011 2894 5070 ἀποστέλλουσι
2950 5015 3042 5069 τὸν
3101 5011 3444 5084 λαλήσαντα.
3484 5011 3553 5070 Τί
3596 5010 3687 5068 οὖν
3716 5008 3779 5084 μὴ

2141 5102 2232 5157 καὶ
2286 5101 2398 5177 ἐγὼ
2453 5101 2706 5157 τοιούτου
2765 5101 3112 5178 ἐπιτυγχάνω
3162 5100 3377 5172 καλοῦ;
3410 5096 3779 5170 Διδάσκω,καῖ

2143 5189 2256 5266 χρὴ
2318 5189 2596 5263 μανθάνειν
2657 5192 2821 5265 ὑμᾶς’
2882 5186 3188 5268 πρεσϐεύω,
3244 5191 3536 5261 ἀκούσατε,
3588 5189 3682 5246 καὶ
3727 5183 3771 5238 τὸ

2142 5279 2401 5350 ποιητέον
2455 5280 2764 5354 κυρώυατε·
2820 5279 3188 5355 ἀπέσταλμαι,
3238 5281 3558 5356 προσέχετε.
3615 5278 3682 5336 Ei
3726 5269 3771 5326 δὲ

2139 5368 2208 5424 τὰ
2277 5366 2596 5443 λαλούμενα
2649 5369 2754 5425 οὐκ
2835 5369 3087 5447 ἀρέσκει,
3148 5369 3500 5443 ἀπορήσατε,
3554 5368 3647 5424 καὶ
3704 5359 3776 5419 ἐπὶ

2139 5456 2406 5532 τρυτάνης
2479 5456 2995 5530 ταλαντευθήτωσαν
3084 5456 3139 5514 α⁹ί
3213 5479 3274 5514 τε
3349 5455 3643 5521 ἀντιθέσεις
3705 5449 3781 5509 καὶ

2141 5548 2199 5602 αἱ
2255 5546 2438 5611 λύσεις
2486 5548 2622 5621 πρὸς
2679 5543 2996 5622 ἀκρίϐειαν’
3053 5548 3144 5604 καὶ
3215 5546 3359 5604 οὕτω
3424 5547 3489 5602 τὸ
3543 5545 3599 5602 ἐν
3656 5545 3780 5618 ἡμῖν

2142 5633 2402 5712 λογάριον
2460 5637 2496 5706 ἢ
2541 5636 2993 5714 παρῥησιαζέσθω
3027 5655 3040 5672 ’
3091 5637 3128 5707 ἢ
3185 5635 3330 5708 ἀλλ’,
3385 5635 3437 5692 εἰ
3507 5657 3592 5699 τις
3661 5631 3783 5691 ὑπό·

2140 5746 2258 5782 νοια
2301 5721 2708 5797 κιϐδηλεύσεως
2755 5727 2844 5783 ἐπὶ
2889 5731 2969 5800 τῷ
3024 5731 3380 5803 πνευματικῷ
3437 5725 3626 5782 ὕπεστι
3675 5722 3784 5795 κέρα

2144 5837 2296 5892 ματι,
2350 5813 2478 5872 ἀλλ’
2531 5813 2754 5882 ἕκαστος
2809 5818 2962 5892 ὑμῶν
3023 5811 3143 5893 ἐχει
3218 5817 3320 5887 τὴν
3395 5814 3532 5872 κατὰ
3577 5817 3784 5888 πνεῦμα
