4082 6358
365 461 480 521 661

1373 461 1452 521 IN
1499 462 1563 522 S.
1607 459 2295 534 QUADRAGESIMAM
2341 460 2637 524 ORATIO
2683 459 2791 524 IIl.

3676 462 3794 524 662

365 588 570 650 Λυδίαν
645 589 821 660 λίθον,
898 592 988 646 καὶ
1069 588 1285 647 δύναται
1362 590 1431 647 δι’
1494 593 1661 665 αὐτῆς
1709 592 2026 672 βασανίζειν,

2147 596 2495 651 constabunt
2541 613 2670 668 qu
2727 594 3040 668 legationis
3098 598 3156 651 et
3217 610 3348 666 qua
3405 594 3797 668 discipulatus

368 681 491 736 ὅσον
549 678 602 736 έν
655 685 776 743 τοῖς
821 679 1095 742 τοιούτοις
1153 684 1424 755 νοήμασιν
1503 681 1811 760 ὰρρύπαρον
1847 727 1860 740 .
1922 683 2020 738 Καὶ

2147 689 2293 740 sunt.
2323 685 2676 756 Priusquam
2716 689 2916 740 autem
2959 684 3076 740 tale
3107 684 3208 756 qui
3242 685 3362 755 fiat,
3395 683 3607 756 vulgus
3648 701 3796 741 vane

371 769 514 826 οὕτω
577 770 674 843 μὶν
730 769 782 824 ἐν
839 766 996 842 καλῷ
1043 773 1428 842 καταστήσεται
1467 772 1536 827 τὰ
1562 780 1662 844 τῆς
1723 773 1830 829 εἴτε
1859 794 2022 850 πρεσ-

374 853 544 929 ϐείας,
604 856 710 914 sifts
782 858 1100 932 μαθητείας.
1176 862 1350 936 Πρινὴ
1425 859 1482 916 δὲ
1536 862 1784 917 τοιοῦτόν
1841 883 1901 917 τε
1940 884 2024 938 γε·

373 947 575 1016 νέσθαι,
640 947 866 1022 μάταιος
930 943 1106 1023 ὄχλος
1179 951 1206 1004 6
1280 947 1667 1007 ἀποδυσπιτῶν
1726 950 1833 1007 εἶτε
1887 952 2023 1027 πρὸς

376 1033 722 1106 διδάσκαλον,
783 1034 891 1093 εἷ’τε
944 1037 1081 1113 πρὸς
1134 1035 1388 1115 ὂίγγελον.
1441 1041 1560 1098 Οὐκ
1617 1041 1947 1113 ἀπεστάλην,
1981 1042 2026 1096 ὦ

376 1123 544 1198 οὗτοι,
594 1125 764 1197 κόλαξ
817 1125 1080 1195 ἐνταῦθα,
1141 1128 1217 1192 ὡς
1275 1129 1596 1208 προσφέρειν
1653 1131 1816 1186 ἅπασι
1887 1129 2026 1204 μαλ-

376 1214 570 1280 θακοὺς
620 1214 821 1292 λόγους
867 1214 958 1270 καὶ
1002 1213 1152 1279 οἵους
1194 1216 1406 1293 τέρπειν
1452 1219 1616 1292 μόνον
1665 1219 1754 1275 καὶ
1788 1216 2024 1296 διαχέειν

373 1308 545 1360 Τοῦτο
593 1304 698 1380 γὰρ
748 1299 1104 1376 σκηνοϐατεῖν
1149 1305 1260 1361 ἐστι
1320 1313 1659 1383 χορευτικῶς
1705 1309 1795 1364 καὶ
1847 1309 2029 1385 ὀρχη-

373 1397 594 1455 στικῶς·
637 1391 825 1458 ἄλλως
869 1391 927 1448 δὲ
977 1393 1149 1449 εἰπεῖν
1188 1394 1552 1470 ὑψηλότερον,
1609 1397 1882 1473 ἐχθραίνει
1935 1399 2026 1453 τὸν

381 1482 510 1537 Θεὸν
565 1485 646 1554 τῷ
702 1481 937 1555 τοιούτῳ
993 1479 1326 1557 διδασκάλῳ.
1378 1484 1554 1556 Κόλαξ
1590 1485 1686 1560 μὶν
1729 1487 1832 1563 γὰρ
1891 1487 2029 1550 ἅπας

371 1567 652 1645 ψεύδεται,
704 1571 882 1626 κοινὸν
914 1569 973 1627 δὶ
1002 1569 1155 1628 οὐδὲν
1187 1571 1371 1648 ψεύδει
1400 1595 1459 1629 τι
1513 1575 1601 1630 καὶ
1637 1580 1773 1648 Θεῷ·
1835 1575 2028 1632 οὐκοῦν

375 1659 555 1737 ὥσπερ
590 1656 716 1715 οὐδὶ
747 1661 775 1716 6
805 1658 1030 1736 ψευδὴς,
1074 1661 1249 1725 οὕτως
1289 1660 1417 1718 οὐδὲ
1473 1664 1502 1720 ὁ
1551 1663 1717 1738 κόλαξ
1777 1663 2035 1740 φιλόθεός

376 1746 514 1806 ἐστι.

448 1855 550 1915 λα’.
582 1855 879 1932 Μέμνημαι
935 1856 1025 1913 καὶ
1082 1858 1243 1923 αὐτὸς
1273 1857 1334 1914 οὕ
1392 1881 1444 1915 τι
1502 1861 1620 1916 νέον
1673 1882 1755 1936 γε,
1805 1859 1933 1916 ἀλλ’
1976 1859 2036 1916 έκ

2133 772 2252 828 sive
2299 772 2360 828 in
2430 775 2802 846 magistrum,
2861 773 2980 829 sive
3046 773 3104 828 in
3174 772 3422 829 missum
3471 772 3790 829 invehitur.

2132 861 2258 917 Non
2290 862 2424 931 huc,
2459 864 2676 919 credite
2727 862 2894 929 mihi,
2947 862 3166 918 missus
3221 879 3356 918 sum
3407 850 3695 928 adulator,
3728 866 3795 918 ut

2137 951 2414 1007 omnibus
2448 952 2651 1008 molles
2683 954 3001 1024 proferrem
3036 967 3360 1020 sermones,
3403 952 3473 1007 ad
3527 951 3790 1007 mulcen-

2137 1040 2280 1096 dum
2312 1045 2369 1096 et
2398 1041 2838 1097 dissolvendum
2890 1041 3304 1097 tantummodo
3356 1041 3619 1096 idoneos.
3671 1041 3791 1098 Hoc

2136 1129 2293 1184 enim
2325 1134 2416 1184 est
2444 1131 2860 1186 choreutarum
2892 1147 2958 1185 ac
2987 1130 3383 1186 orchistarum
3443 1129 3748 1202 proprium
3776 1149 3791 1201 ;

2138 1222 2414 1275 caeterum
2445 1235 2603 1288 vero,
2638 1224 2702 1275 ut
2730 1218 2938 1291 loquar
2967 1219 3276 1286 excelsius,
3330 1219 3516 1276 Deum
3548 1219 3658 1275 hoc
3688 1219 3797 1275 tali

2139 1307 2422 1380 magistro
2466 1308 2660 1364 reddit
2699 1307 3022 1366 inimicum.
3078 1307 3366 1364 Adulator
3411 1307 3569 1363 enim
3601 1307 3797 1364 omnis

2139 1397 2444 1464 mentitur,
2479 1401 2536 1453 et
2567 1395 2717 1452 nihil
2767 1402 2881 1452 Dec
2933 1413 3068 1453 cum
3121 1396 3430 1454 mendacio
3483 1412 3798 1454 commune

2140 1489 2248 1554 est,
2280 1486 2502 1558 itaque,
2537 1486 3042 1558 quemadmodum
3075 1501 3265 1558 neque
3296 1486 3658 1557 mendax,sic
3691 1502 3796 1542 ne-

2143 1590 2256 1648 que
2277 1574 2550 1632 adulator
2579 1574 2806 1632 amicus
2836 1575 2953 1632 Deo
2985 1580 3094 1632 est.

2214 1861 2441 1934 3l.lpse
2470 1860 2716 1918 memini
2746 1878 2863 1917 non
2894 1877 2928 1917 a
2952 1860 3192 1931 recenti,
3234 1860 3335 1916 sed
3370 1877 3404 1916 a
3431 1859 3624 1932 longis
3643 1862 3795 1916 tem-

386 1949 606 2020 μακρῶν
667 1946 884 2022 χρόνων
948 1943 1127 2009 ἀθιΐας
1201 1946 1528 2020 κολακικῆς,
1583 1947 2033 2024 δημοσιιυθείσης

2147 1950 2384 2023 poribus
2413 1950 2735 2024 impietatis
2769 1949 3127 2018 adulatoriae,
3160 1949 3221 2004 in
3251 1948 3490 2004 urbium
3535 1947 3794 2005 maxima

385 2032 436 2089 έν
468 2037 537 2108 τῇ
575 2034 804 2110 μεγίστῃ
833 2039 942 2090 τῶν
1000 2035 1238 2107 πόλεων,
1289 2036 1379 2093 ὅτε
1405 2059 1490 2101 τις
1521 2037 1835 2111 έπίτριπτος
1865 2037 2032 2110 κόλαξ

389 2123 557 2197 μυρία
607 2122 902 2196 τολμήσας
951 2125 1270 2199 παράσημα,
1330 2126 1443 2182 εἶτα
1494 2127 1583 2182 καὶ
1641 2127 1715 2190 εἰς
1749 2132 1883 2183 Θεοῦ
1915 2128 2030 2182 υἱὸν

383 2210 639 2287 ἐνέγραψε
711 2212 803 2267 τὸν
877 2213 1331 2288 κολακευόμενον’
1413 2217 1648 2287 ὁπηνίκα
1723 2217 1750 2273 6
1827 2215 1886 2273 ἐκ
1929 2223 2034 2287 τῆς

386 2301 631 2366 Ἀτθίκος
662 2300 945 2376 λαματὴρ,
996 2302 1124 2365 τούς
1173 2304 1604 2382 πατριαρχικοὺς
1662 2305 1856 2362 ἰθύνων
1909 2304 2033 2362 οἷά-

382 2411 496 2462 κας,
574 2391 914 2466 ἰπάμφαινεν
989 2390 1156 2468 ἄνδρα
1223 2393 1447 2465 ἐκεῖνον,
1528 2397 1695 2470 μέγαν
1770 2397 1863 2470 μὲν
1939 2398 2028 2452 καὶ

377 2478 498 2550 ἀξίᾳ
551 2481 642 2535 καὶ
702 2480 843 2557 γένει
901 2481 993 2536 καὶ
1054 2479 1226 2558 λόγῳ,
1289 2481 1343 2538 εἷ’
1389 2505 1473 2547 τις
1519 2483 1636 2540 οἶδε
1697 2486 1879 2559 μαθὼν
1938 2486 2029 2540 τὸν

377 2567 547 2624 πάλαι
615 2569 914 2639 Ἰκανάτον,
972 2571 1032 2633 ὅς
1091 2571 1181 2626 καὶ
1250 2570 1478 2637 ἐνταῦθα
1532 2574 1856 2651 προεκάθισε
1912 2572 2033 2630 δου-

369 2658 564 2730 κικῶς,
623 2657 956 2732 σμικρόνοον
1017 2655 1114 2729 δὲ,
1163 2662 1248 2724 οἷς
1305 2662 1728 2736 Θεοποιούμενον
1785 2663 2032 2719 ἰπίστευε

378 2745 472 2800 καὶ
527 2745 850 2817 συνετίθετο,
911 2745 1100 2813 ἄλλως
1157 2746 1214 2804 δέ
1269 2770 1332 2825 γε
1381 2750 1469 2805 καὶ
1499 2750 1846 2823 ἀναίσθητον,
1879 2751 2028 2825 εἷ’περ

375 2836 865 2911 κατατρωγόμενος
923 2834 1142 2908 κόλακι,
1199 2838 1377 2915 θηρίῳ
1436 2839 1683 2914 ὑπούλῳ,
1718 2841 1816 2897 οὑκ
1858 2840 2028 2915 ᾐσθά-

385 2943 530 2980 νετο.

456 3027 565 3104 λβ’.
623 3030 848 3107 Γράφειν
925 3029 1200 3105 μεθοδεύει
1277 3035 1308 3088 6
1361 3033 1529 3107 κόλαξ
1588 3036 1664 3099 εἷς
1745 3036 2024 3115 εὐεργέτην

378 3118 470 3173 τὸν
501 3115 733 3196 ἅρπαγα,
789 3121 880 3176 τὸν
949 3119 1135 3177 ἔκδικα
1186 3120 1399 3199 δρῶντα
1454 3124 1532 3188 εἲς
1582 3123 1884 3198 εύθυδίκην,
1932 3127 2026 3183 τὸν

377 3206 688 3286 ὁρογλύφον
745 3209 1049 3285 προσθέτην
1102 3209 1336 3288 γηδίου,
1395 3214 1488 3269 τὸν
1539 3215 1884 3291 τοκογλύφον
1941 3237 2029 3289 με·

2143 2041 2478 2113 propalatae,
2512 2057 2644 2096 cum
2669 2040 2886 2113 aliquis
2931 2041 3091 2097 vafer
3137 2039 3430 2108 adulator,
3472 2044 3791 2112 postquam

2143 2130 2305 2187 mille
2337 2131 2526 2186 fuerat
2555 2148 2738 2187 ausus
2769 2134 3061 2200 extranea,
3094 2132 3456 2202 postremum
3507 2129 3686 2185 etiam
3729 2128 3792 2183 in

2141 2223 2245 2279 Dei
2279 2223 2460 2278 filium
2494 2221 2799 2295 inscripsit
2828 2222 3157 2287 adulatum,
3189 2225 3328 2276 tunc
3379 2237 3512 2276 cum
3550 2219 3655 2276 illa
3699 2219 3795 2275 fax

2141 2328 2211 2368 ex
2237 2312 2443 2383 Attica,
2477 2311 2864 2384 patriarchica
2884 2310 3146 2382 dirigens
3177 2307 3796 2382 gubernacula,splen-

2143 2401 2378 2457 deucere
2435 2400 2574 2457 fecit
2626 2400 2796 2456 illum
2854 2399 3180 2468 hominem,
3223 2415 3507 2471 magnum
3557 2397 3796 2470 quidem

2141 2491 2450 2564 dignitate,
2483 2507 2693 2563 genere
2722 2493 2780 2546 et
2833 2504 3128 2560 sermone,
3197 2488 3248 2544 si
3306 2489 3440 2559 quis
3486 2486 3797 2558 antiquum

2142 2581 2366 2637 audivit
2395 2581 2770 2647 Hicanatum,
2803 2579 2903 2650 qui
2926 2578 3134 2634 huicoe
3164 2578 3404 2633 ducatui
3424 2575 3800 2650 praefuit,pu-

2140 2670 2497 2727 sillanimem
2531 2669 2908 2741 autem,qucd
2933 2667 3239 2748 deiﬁcatus
3270 2666 3590 2723 adhibebat
3620 2665 3796 2720 fidem

2140 2759 2522 2816 adulantibus
2554 2763 2612 2815 et
2657 2758 3113 2823 assentiebatur,
3168 2755 3406 2812 aliunde
3453 2771 3587 2811 vero
3620 2752 3793 2809 stoli-

2138 2849 2303 2918 dum,
2338 2849 2632 2920 siquidem
2664 2847 2736 2903 ab
2765 2845 3089 2917 adulatore,
3123 2843 3375 2902 subdola
3413 2844 3556 2915 fera,
3580 2858 3643 2899 se
3686 2857 3790 2899 vo-

2137 2941 2332 2994 ratum
2363 2954 2478 2993 non
2511 2937 2820 2993 sentiebat.

2207 3045 2294 3100 32.
2329 3045 2563 3117 Erigere
2594 3043 2742 3100 solet
2771 3041 3040 3099 adulator
3085 3042 3148 3097 in
3195 3041 3547 3105 beneﬁcum,
3588 3041 3786 3111 rapto-

2137 3151 2281 3204 rem,
2314 3133 2374 3189 in
2400 3135 2655 3204 justum,
2692 3133 2793 3206 qui
2827 3131 2963 3188 facit
2990 3131 3214 3202 iniqua,
3266 3129 3326 3185 in
3382 3129 3786 3200 adjunctorem

2137 3225 2283 3297 agri,
2308 3223 2409 3296 qui
2435 3221 2868 3295 transgreditur
2922 3219 3234 3286 terminos,
3288 3218 3350 3273 in
3410 3231 3785 3291 generosum,

379 3293 738 3402 χαλόδωρον,
781 3297 874 3354 τὸν
927 3295 1195 3402 ’ὑϐριστην
1246 3302 1552 3375 ἐπαινέτην.
1613 3305 1693 3362 Τὰ
1738 3304 1844 3361 ὅλα
1900 3326 2024 3361 συν-

2147 3293 2546 3382 feneratorem,
2577 3293 2637 3367 in
2670 3310 3056 3378 laudatorem,
3091 3308 3192 3380 qui
3223 3307 3486 3380 loquitur
3515 3304 3788 3376 injurias.

374 3383 522 3440 ελοῖν
585 3385 662 3448 εἷς
711 3385 786 3457 ἓν,
844 3387 982 3463 πρὸς
1039 3389 1432 3465 ἀντονομασίαν
1488 3391 1716 3450 ἔκτοπον
1782 3392 2022 3465 ἕλκεται,

377 3470 446 3528 δι’
513 3474 582 3544 ἦς
642 3477 848 3552 ἀρετῶν
882 3476 1139 3551 ὀνόμασιν
1202 3481 1257 3535 αἱ
1326 3481 1511 3537 κακίαι
1567 3483 1915 3558 σεμνύνοιντο
1948 3483 2028 3538 ἂν⁶

379 3561 443 3617 οὗ
498 3562 552 3618 τί
599 3584 734 3619 ποτε
792 3564 852 3619 ἃν
912 3563 994 3638 εἴη
1054 3573 1267 3642 χεῖρον,
1323 3567 1433 3646 εἴγε
1498 3571 1792 3648 ύπάγονται
1844 3573 1932 3628 καὶ
1982 3573 2033 3628 oi

380 3656 624 3708 τοιοῦτοι
657 3657 721 3709 τὸ
780 3678 810 3707 ‹‹
843 3655 1003 3727 οὔαι;
1050 3680 1078 3710 ››
1141 3658 1332 3714 ὁποίου
1377 3660 1787 3736 κληρονομοῦσι
1835 3664 1925 3718 καὶ
1983 3665 2036 3717 οἱ

373 3742 441 3796 τὸ
499 3743 695 3818 πικρὸν
719 3742 810 3798 καὶ
842 3744 898 3798 οἱ
925 3745 989 3800 τὸ
1048 3747 1238 3810 σκότος
1277 3748 1498 3826 φαύλως
1555 3752 2033 3825 ἀντονομάζοντες.

387 3836 456 3885 ’Ὢ
512 3832 656 3887 πόσα
709 3833 801 3887 καὶ
859 3836 948 3888 οἵα
1001 3834 1092 3890 καὶ
1151 3834 1325 3906 ἡλίκα
1397 3839 1464 3893 τὰ
1513 3838 1573 3895 ἐκ
1621 3845 1728 3896 τῶν
1785 3840 2036 3898 κολάκων

385 3918 571 4006 δεινάί
631 3925 799 3996 Φῦμα
872 3924 997 3999 περὶ
1054 3925 1146 3979 τὸν
1222 3924 1682 4002 κολακευόμενον,
1732 3929 1821 3985 καὶ
1875 3929 2032 4006 ῥαγὶν

385 4005 590 4064 ὄδωδεν
652 4010 1043 4086 ἀποτρόπαιονο
1094 4013 1183 4068 καὶ
1247 4015 1276 4068 6
1332 4014 1499 4087 κόλαξ
1552 4015 1754 4092 νάρδου
1781 4005 2039 4087 πιστικῆς

2144 3402 2218 3459 Ut
2245 3403 2308 3459 in
2338 3418 2520 3457 unum
2551 3404 2756 3456 cuncta
2785 3399 3079 3471 colligam,
3114 3398 3173 3453 in
3196 3395 3664 3453 antonomasiam
3687 3395 3792 3450 ad-

2144 3492 2380 3548 ducitur
2405 3490 2900 3561 inusitatam,qua
2920 3488 3205 3542 virtutum
3228 3485 3571 3542 nominibus
3604 3482 3796 3554 pravi-

2141 3586 2293 3638 tates
2326 3581 2672 3636 honorandae
2706 3578 2916 3634 forent.
2950 3579 3072 3643 Quo
3131 3574 3300 3647 pejus
3350 3573 3492 3646 quid
3551 3571 3800 3627 forsitan

2144 3674 2320 3739 esset,
2353 3669 2668 3742 siquidem
2699 3671 2758 3723 et
2803 3667 3116 3738 subjacent
3161 3665 3260 3735 qui
3310 3663 3459 3719 tales
3509 3665 3672 3731 sunt,
3710 3659 3798 3715 illi

2144 3778 2228 3818 vae
2253 3760 2280 3815 ?
2313 3760 2482 3829 cujus
2512 3757 2690 3814 etiam
2727 3761 2952 3828 partem
2987 3754 3257 3810 obtinent
3288 3753 3386 3823 qui
3437 3751 3592 3823 quod
3641 3765 3807 3805 ama-

2146 3867 2278 3906 rum
2321 3853 2378 3904 et
2424 3847 2802 3902 tenebrosum
2862 3849 2953 3900 est
3009 3840 3478 3899 antonomastiee
3539 3841 3598 3894 et
3655 3837 3802 3893 falso

2144 3936 2463 3994 vocant.0h
2491 3935 2502 3990 ί
2538 3938 2682 4007 quot
2711 3938 2767 3988 et
2787 3932 2985 4004 qualia
3015 3936 3358 4004 quantaque
3383 3928 3541 3984 mala
3559 3927 3805 3984 veniunt

2147 4045 2217 4083 ex
2263 4021 2978 4081 adulatoribuslVomica
3028 4036 3207 4091 super
3254 4017 3560 4075 adulatum
3605 4020 3696 4072 est
3741 4019 3800 4071 et

387 4093 529 4167 ὄζειν
559 4098 623 4153 τὸ
676 4098 895 4174 τραῦμά
924 4121 1108 4178 φησιν.
1140 4104 1244 4160 Τὸν
1276 4101 1504 4178 ἀδρανῆ,
1561 4105 1652 4160 καὶ
1711 4106 1823 4161 οῖον
1855 4107 2033 4180 ἀνέμῳ

2148 4117 2415 4186 disrupta
2427 4111 2682 4184 graviter
2705 4112 2950 4180 fmtet,et
2964 4108 3236 4164 adulator
3248 4107 3521 4179 pisticam
3543 4105 3796 4160 nardum

383 4186 749 4242 καταπνέοντα
804 4187 1142 4258 σκιλίζεσθαι
1215 4190 1292 4253 εἷς
1360 4189 1578 4268 ἀνδρίαν
1637 4193 1884 4270 ἐπαίρειο
1947 4195 2033 4250 καὶ

2147 4203 2366 4258 vulnus
2396 4201 2550 4257 olere
2581 4199 2744 4255 dicit.
2778 4200 2926 4253 Eum
2969 4197 3069 4266 qui
3101 4194 3313 4251 debilis
3343 4197 3434 4250 est
3463 4197 3522 4249 et
3565 4191 3702 4248 talis
3733 4195 3801 4248 ut

390 4273 596 4351 ἔποχον
645 4271 800 4350 ἵππῳ
855 4277 1145 4341 ἀναπείσας
1182 4279 1450 4355 γενέσθαι,
1508 4284 1626 4336 εἶτα
1673 4285 2033 4339 καταπεσόντα

2151 4294 2352 4346 contra
2373 4291 2612 4344 ventum
2635 4285 2957 4358 spirantem
2979 4280 3480 4355 supplantetur,in
3493 4279 3803 4336 audaciam

390 4361 458 4416 ού
519 4364 808 4443 μέμφεται,
861 4363 1009 4422 ἀλλὰ
1061 4369 1163 4438 τὴν
1191 4367 1474 4446 ἐφεστρίδα
1503 4369 1736 4427 αἰτιᾶται
1767 4376 1863 4427 τοῦ
1891 4375 2033 4428 πτώ-

2153 4378 2416 4446 extollit;
2453 4380 2510 4432 et
2559 4381 2875 4448 postquam
2924 4389 3076 4444 equo
3134 4372 3372 4426 ﬁrmum
3429 4369 3806 4425 insessurum

389 4471 584 4524 ματος.
646 4451 752 4508 Κᾶν
803 4459 1023 4528 τραῦμα
1072 4453 1270 4522 ἐκεῖθεν
1349 4458 1515 4522 πάθοι
1589 4461 1651 4515 τὸ
1709 4465 1889 4534 σῶμα,
1946 4461 2033 4516 τὸν

2152 4483 2282 4524 esse
2311 4465 2519 4536 suasit,
2550 4464 2754 4536 lapum
2785 4480 2904 4519 non
2936 4460 3257 4532 redarguit,
3299 4459 3404 4516 sed
3433 4457 3807 4531 chlamydem

385 4544 605 4616 χιτῶνα
662 4542 834 4620 ψέγει,
895 4543 968 4606 ὡς
1025 4547 1117 4601 οἵα
1155 4545 1392 4624 τραχὺν,
1423 4547 1514 4603 καὶ
1545 4548 1689 4605 οὕτω
1739 4550 1839 4619 τὴν
1872 4550 2033 4625 σάρκα

2153 4558 2224 4613 de
2255 4572 2393 4612 casu
2437 4557 2738 4610 causatur.
2792 4555 2860 4608 Et
2906 4551 3007 4608 ubi
3058 4548 3275 4606 vulnus
3324 4547 3534 4604 exinde
3561 4559 3807 4619 passum

385 4629 672 4704 τρίψαντα⁹
727 4631 824 4715 κᾶν
900 4633 1148 4712 ἀπορρυῇ
1224 4638 1384 4712 αἷμα,
1449 4636 1601 4694 τάσιν
1685 4637 1887 4714 μέλους
1961 4639 2033 4703 εἷς

2153 4645 2332 4702 fuerit
2361 4659 2594 4715 corpus,
2624 4643 2888 4698 tunicam
2922 4640 3135 4713 arguit,
3167 4642 3370 4711 utpote
3399 4635 3717 4705 hirsutum,
3749 4635 3810 4690 et

397 4701 600 4792 μέμψιν
650 4701 1056 4796 προϐάλλεταί,
1109 4701 1180 4778 δι’
1229 4701 1559 4804 ἦς’φλεϐίου
1615 4701 2033 4804 ῥαγέντοςναῒμα

2148 4734 2234 4791 sic
2261 4747 2499 4789 carnem
2529 4734 2928 4788 conterentem
2954 4747 2968 4797 ;
3002 4733 3060 4784 et
3089 4728 3140 4785 si
3197 4726 3440 4797 sanguis
3487 4722 3802 4789 efﬂuxerit,

392 4804 664 4880 Ξξέκυψεν.
736 4809 824 4880 Ἐξ
900 4811 1199 4887 ἀνθρώπων
1279 4814 1307 4869 6
1359 4813 1526 4885 κόλαξ
1579 4817 1886 4892 γινόμενος,
1940 4819 2033 4874 οὐκ

2147 4821 2474 4878 tensionem
2507 4818 2754 4876 membri
2788 4821 2959 4875 vocat
2987 4818 3048 4873 in
3097 4815 3638 4888 reprehensionem,
3669 4813 3807 4867 tan-

391 4894 471 4959 εΐς
503 4895 699 4971 ἀγαθόν
722 4918 780 4953 τι
809 4903 974 4971 ζῶον,
1035 4900 1160 4957 ἀλλ’
1217 4902 1294 4964 sic
1347 4903 1554 4978 κόρακα
1587 4905 2036 4979 μεταπλάττεται.

390 4985 466 5042 Ἦ
519 4986 622 5062 γὰρ
679 4986 744 5041 ού
799 4988 992 5045 ταυτόν
1047 5010 1104 5045 τι
1160 4989 1227 5046 τὰ
1283 4988 1340 5053 ις
1397 4991 1584 5047 κακίαν
1619 5035 1635 5064 ,
1683 4992 1894 5050 κόλακα
1945 4995 2040 5051 καὶ

388 5073 600 5148 κόρακα
653 5072 848 5148 εἷπεῖν,
907 5077 1045 5132 κατὰ
1071 5078 1164 5133 τὸν
1213 5078 1392 5155 ὀρθῶς
1419 5078 1592 5136 πάλαι
1647 5084 1780 5138 ποτὶ
1836 5087 2045 5158 σκηψά-

393 5181 576 5235 μενον,
623 5163 715 5251 καὶ
749 5163 898 5239 ὀρθῷ
945 5166 1300 5242 στραυλισμῷ
1351 5167 1442 5224 τὸν
1491 5169 1702 5226 κόλακα
1761 5177 1911 5251 φωνῇ
1957 5173 2047 5230 κό-

391 5269 556 5327 ρακος
613 5250 1115 5327 ὑποκορισάμενον;
1176 5253 1369 5325 Πολλή
1427 5275 1512 5319 τις
1578 5250 1810 5333 αἰσχύνη
1873 5260 2042 5336 ῥύπον

393 5338 492 5412 μὲν
549 5336 641 5412 ἐπὶ
689 5340 992 5417 προσώπου
1048 5340 1278 5419 φανέντα
1335 5340 1488 5398 ὕδατι
1546 5345 1900 5420 ἀποπλύνειν,
1966 5352 2043 5423 μὴ

392 5446 515 5489 πως
572 5427 602 5482 6
658 5428 884 5506 φυσικδς
932 5430 1258 5507 ἀχρειωθείη
1320 5435 1604 5508 χαρακτὴρ
1673 5439 1771 5491 τοῦ
1834 5433 2045 5501 εἴδους·

392 5513 636 5605 κόλακος
694 5514 752 5573 δὲ
807 5519 1113 5596 ἀνέχεσθαι,
1176 5519 1433 5598 ῥυπαρῶς
1487 5527 2049 5605 παραζωγραφοῢντος

403 5603 470 5660 οὗ
531 5602 696 5679 μόνον
751 5607 848 5665 τὸν
891 5605 995 5682 ἔξω
1051 5605 1359 5685 ἄνθρωπον,
1405 5606 1554 5674 ἀλλὰ
1605 5612 1698 5668 καὶ
1751 5602 1844 5672 τὸν
1902 5615 2052 5680 ἐντός

397 5693 496 5763 Μὴ
555 5692 661 5770 γὰρ
687 5693 788 5753 οὐκ
846 5695 1148 5762 ἀπόλλυσιν
1197 5698 1229 5755 6
1273 5695 1442 5770 κόλαξ
1485 5698 1584 5762 ¹καὶ
1638 5703 1830 5780 ψυχὴν
1881 5705 2052 5777 αὐτὴν

2149 4925 2330 4982 quam
2360 4924 2462 4980 per
2489 4907 2651 4962 illam
2699 4910 2873 4978 rupta
2913 4921 3063 4961 vena
3112 4919 3288 4958 cruor
3333 4902 3559 4957 eil‘usus
3593 4898 3690 4955 sit.
3722 4896 3806 4954 Ex

2149 4997 2493 5055 hominibus
2521 4995 2791 5051 adulator
2820 4992 3219 5061 natus,nonin
3251 4990 3550 5062 quoddam
3580 4987 3803 5043 bonum

2152 5085 2394 5152 animal,
2455 5084 2556 5140 sed
2617 5084 2677 5139 in
2738 5099 2977 5139 corvum
3035 5079 3514 5136 transformatur.
3597 5074 3806 5130 Nonne

2165 5176 2324 5233 enim
2374 5174 2597 5247 pariter
2650 5172 3012 5229 malitiosum
3069 5173 3159 5226 est
3210 5166 3466 5223 colacem
3519 5161 3810 5235 (adulato-

2157 5269 2305 5334 rem)
2333 5268 2390 5319 et
2436 5279 2701 5318 coracem
2758 5261 2975 5327 dicere,
3034 5264 3326 5330 quatenus
3385 5253 3607 5324 aliquis
3665 5249 3808 5306 olim

2156 5354 2301 5410 forte
2356 5356 2514 5408 recte
2571 5352 2799 5422 ﬁngens
2848 5353 2907 5405 et
2965 5350 3119 5404 recte
3187 5341 3525 5400 balbutiens
3581 5356 3614 5396 e
3668 5353 3811 5394 voce

2157 5440 2380 5498 coracis
2429 5439 2764 5496 blandicule
2825 5434 3447 5504 sonuerit?Magnum
3507 5427 3809 5502 quoddam

2161 5527 2540 5602 opprobrium
2632 5531 2741 5594 est,
2797 5523 3095 5582 maculam
3180 5521 3243 5576 in
3299 5519 3463 5575 vultu
3523 5531 3810 5591 apparen-

2157 5621 2280 5675 tem
2319 5615 2557 5674 abluere
2586 5632 2762 5690 aqua,
2794 5631 2868 5671 ne
2920 5610 3161 5685 physica
3214 5607 3412 5664 vultus
3458 5608 3649 5664 forma
3702 5603 3808 5659 de-

2161 5705 2372 5773 leatur,
2403 5705 2768 5766 adulatorem
2798 5718 2935 5760 vero
2963 5695 3280 5766 sustinere,
3308 5696 3414 5769 qui
3461 5711 3579 5754 non
3609 5691 3806 5751 solum

407 5780 688 5860 χρώματα
738 5782 944 5866 τριξων
995 5783 1230 5870 apalis,
1295 5787 1382 5855 οἷς
1433 5779 1757 5868 χριομένοις
1809 5792 2033 5874 ὀπογρω

2161 5791 2468 5854 hominem
2491 5789 2975 5863 exterioremned
3003 5785 3182 5850 etiam
3199 5784 3542 5848 interiorem
3569 5779 3808 5853 sordide
