4082 6364
313 465 432 526 663
1075 463 1498 528 EUSTATHII
1542 459 2314 524 THESSALONICENSIS
2363 457 2952 520 METROPOLITE
3631 455 3750 514 661

311 595 593 669 depingit.
625 596 831 653 Nonne
879 597 1036 652 enim
1096 597 1287 670 perdit
1343 595 1611 652 adulator
1663 599 1720 650 et
1769 594 1992 674 ipsam‘

2106 589 2310 664 νόμενος
2362 591 2685 676 ,ἀχρειοῦται
2716 590 2744 644 6
2769 586 2938 649 καλὸς
2965 583 3274 662 ἅνθρωπος.
3305 586 3368 676 i0
3398 585 3546 676 πρδς
3576 583 3748 676 κολα-

313 686 596 758 animem,
630 691 939 743 extraneos
970 691 1281 743 conterens
1321 685 1568 754 colores,
1598 685 1817 756 quibus
1865 684 1966 740 ad-

2106 678 2224 734 ιείαν
2286 675 2470 734 λαλῶν
2528 674 2748 750 δαίμονι
2805 675 3249 752 ἐξυπηρετεῖται,
3307 675 3368 736 ὃς
3427 673 3528 728 καὶ
3591 673 3752 736 αὐτὸς

314 774 522 831 hibitis
581 775 812 832 deletur
866 776 1124 832 hominis
1181 774 1608 848 pulchritudo?
1665 774 1774 837 Qui
1833 789 1966 828 cum

2106 768 2339 830 remotas:
2375 766 2680 822 ὑποσαίνων
2713 762 3024 842 ἁμαρτάδας
3053 763 3332 842 ἐπαλείφει
3362 767 3751 836 κομμωτικῶς

319 864 653 920 adulatione
710 864 999 937 loquitur,
1059 864 1306 920 daemoni
1366 862 1805 932 subministrat,
1867 863 1969 933 qui

2106 858 2170 912 ιαὶ
2203 858 2276 919 ὡς
2303 856 2378 918 εἷς
2410 855 2710 934 εὐμορφίαν
2739 857 2941 931 ἀρετῶν
2993 852 3302 928 ἐξωραΐζειν
3363 852 3750 925 ὑποκρίνεται,

319 956 377 1008 et
430 953 556 1025 ipse
616 959 853 1026 peccata
897 953 1336 1009 adulationibus
1401 951 1742 1007 demulcens
1798 969 1970 1008 orna-

2106 948 2254 1022 ιγαθὰ
2284 945 2598 1022 ἐπιγράφων
2631 943 2724 999 ὂνό
2733 964 2895 1018 ματα.

319 1043 538 1099 mentis
570 1044 819 1115 decorat,
851 1048 908 1100 et
936 1047 1219 1116 tanquam
1251 1043 1323 1098 ad
1354 1041 1642 1099 virtutum
1674 1039 2197 1114 pulchritudinem,
2231 1039 2384 1094 bona
2413 1037 2742 1093 inscribens
2772 1031 3754 1124 nomina,similitudinem‘habere

320 1131 582 1188 simulat.

390 1221 480 1275 33.
511 1225 594 1276 Ne
619 1237 712 1276 me
731 1237 868 1294 ergo
899 1237 1162 1293 unquam
1196 1222 1312 1279 ista
1336 1221 1532 1294 capiat
1581 1219 1878 1295 cogitatio,
1910 1223 1976 1274 ut

321 1307 671 1380 magistrum
695 1309 1032 1382 ignobiliter
1044 1309 1336 1378 aduler,et
1359 1309 1650 1381 decipiam
1674 1313 1731 1365 et
1753 1308 1972 1364 fallam.

320 1396 537 1453 Fidelis
569 1397 715 1454 mihi
741 1399 910 1455 testis
941 1404 1032 1456 est
1061 1399 1237 1468 Deus,
1273 1399 1428 1472 quod
1461 1415 1529 1454 ex
1561 1397 1701 1465 illis,
1735 1399 1978 1469 quibus-

322 1502 457 1541 cum
489 1502 725 1559 semper
752 1504 1083 1557 conversor,
1116 1488 1373 1545 amicum
1407 1487 1793 1554 invenio,non
1825 1485 1974 1541 adu-

324 1574 676 1645 lantem,sed
709 1577 1132 1649 reprehendere
1159 1578 1538 1634 scientemEt
1567 1576 1743 1632 talem
1774 1573 1978 1646 diligo,

327 1668 386 1720 et
416 1663 476 1720 in
491 1665 600 1721 hoc
617 1688 644 1716 ‹‹
661 1667 898 1738 sapien
920 1683 1110 1734 sum,»
1127 1668 1296 1738 juxta
1315 1666 1722 1722 testimonium
1746 1662 1980 1736 sapien-

327 1753 547 1810 tissimi
577 1755 987 1826 parcemiastse.
1021 1756 1091 1810 Et
1118 1760 1181 1811 tu
1211 1755 1682 1827 igitur,quisque
1712 1751 1858 1808 mihi
1889 1751 1978 1806 di-

326 1840 636 1911 lectorum,
669 1844 889 1900 bonum
921 1861 991 1900 ex
1019 1849 1075 1900 te
1107 1844 1217 1915 fac,
1248 1849 1307 1900 et
1338 1846 1426 1900 fac
1486 1844 1645 1899 istud
1697 1842 1976 1914 primum.

329 1932 444 1988 Fac
475 1937 669 1988 autem
703 1933 879 1989 etiam
912 1950 980 1989 ex
1019 1932 1152 1989 aliis
1183 1934 1427 2000 bonum,
1483 1939 1548 1989 ut
1603 1931 1976 1996 conveniens,

2157 1213 2257 1292 λγ.
2286 1215 2376 1284 Μὴ
2410 1214 2508 1288 ἐμὶ
2536 1217 2668 1289 γοῦν
2699 1213 2857 1274 οὗτος
2921 1206 3082 1267 λάϐοι
3145 1209 3412 1286 λογισμός
3458 1229 3622 1276 ποτε,
3677 1209 3751 1270 ὡς

2083 1306 2322 1379 ἀγεννῶς
2383 1302 2703 1359 κολακετειν
2764 1302 2853 1357 καὶ
2909 1303 3112 1372 ἁπατᾷν
3157 1300 3248 1354 καὶ
3307 1295 3607 1373 ψεύδεσθαι
3659 1298 3750 1353 τὸν

2088 1390 2434 1449 διδάσκαλον.
2499 1391 2696 1455 Πιστός
2757 1411 2850 1464 μοι
2915 1391 3120 1465 μάρτυς
3168 1389 3196 1443 ὁ
3249 1387 3400 1458 Θεὸς,
3431 1385 3520 1464 ἐφ’
3556 1389 3644 1451 οῖς
3673 1385 3753 1441 ἀεὶ

2085 1481 2590 1558 πραγματεύομαι,
2653 1480 2812 1560 φίλον
2873 1479 3134 1555 εὑρίσκειν
3191 1476 3291 1532 οὐκ
3346 1474 3539 1532 εἰδότα
3587 1473 3750 1531 κολα-

2085 1571 2283 1638 κεύειν,
2353 1569 2479 1627 ἁλλ’
2536 1570 2858 1646 ἐξελέγχειν.
2918 1569 3016 1622 Καὶ
3078 1569 3270 1642 ἀγαπῶ
3317 1565 3413 1620 τὸν
3471 1568 3747 1632 τοιοῦτον,

2086 1661 2178 1715 καὶ
2230 1685 2258 1712 ‹‹
2307 1662 2468 1715 τοῦτό
2497 1662 2558 1736 γέ
2610 1660 2724 1732 εἶμι
2780 1659 2967 1736 σοφὸς,
3003 1655 3201 1712 »κατὰ
3244 1653 3596 1730 γνωματεύει
3655 1655 3742 1708 καὶ

2090 1750 2119 1803 6
2176 1747 2451 1827 mivoocpoc
2506 1749 2931 1825 παροιμιαστής.
2988 1746 3194 1801 Οὐκοῦν
3252 1741 3344 1798 καί
3403 1742 3472 1797 σὺ
3519 1742 3744 1806 ἕκαστος

2086 1843 2194 1893 τῶν
2228 1838 2352 1912 ἐμοὶ
2412 1837 2609 1917 φίλων,
2656 1835 2807 1892 ποίοι
2837 1836 2900 1891 τὸ
2957 1833 3124 1890 καλὸν
3159 1829 3395 1888 οἴκοθεν·
3456 1832 3622 1887 τοῦτο
3677 1830 3740 1900 δή

2087 1927 2150 1982 τὸ
2188 1932 2426 2002 πρῶτον.
2461 1927 2611 1983 Ποίει
2656 1924 2714 1981 δὲ
2769 1925 2859 1980 καὶ
2907 1925 2969 1978 τὸ
3017 1924 3296 1999 ἑτέρωθεν,
3358 1921 3618 1985 ὑποτεθὲν
3668 1920 3741 1984 ὡς

326 2022 726 2092 suppositum,
761 2027 816 2077 et
845 2039 917 2078 ne
950 2022 1180 2094 fugiens
1213 2022 1750 2093 reprehensionem,
1797 2035 1976 2091 quam

2106 2015 2255 2079 ιίκόςο
2313 2018 2398 2072 καὶ
2473 2018 2572 2090 μὴ,
2634 2014 2843 2092 φεύγων
2882 2014 2973 2068 τὸν
3032 2009 3286 2086 ἔλεγχον,
3346 2010 3404 2064 ’ὸν
3471 2010 3652 2085 ἀγαπᾷ
3709 2011 3736 2064 6

323 2114 486 2164 amat
515 2109 690 2165 homo
721 2110 978 2183 sapiens,
1012 2111 1410 2168 adulationem
1446 2111 1710 2184 accipere
1739 2108 1885 2165 velis
1917 2111 1977 2164 et

2106 2107 2248 2184 τοφὸς
2304 2081 2483 2182 ἀνὴρ,
2524 2081 2657 2170 θέλε.
2701 2081 3114 2171 κολακεύεσθαι,
3147 2101 3235 2156 καὶ
3280 2098 3425 2154 οὕτω
3456 2100 3732 2174 παραγρά-

325 2197 410 2254 sic
441 2197 779 2255 deformari.

397 2304 489 2359 34.
517 2303 736 2360 Verum
787 2305 1089 2378 quoniam,
1137 2309 1202 2361 ut
1249 2305 1388 2374 dixi,
1441 2323 1559 2362 non
1609 2305 1681 2361 ad
1734 2303 1979 2360 adulan-

329 2392 474 2448 dum
507 2393 725 2450 missus
758 2411 914 2463 sum,
938 2399 1140 2463 restat,
1175 2398 1241 2450 ut
1288 2411 1394 2468 ego
1445 2395 1558 2450 sim
1607 2391 1982 2450 rectitudinis

328 2479 667 2537 vindicatio.
701 2482 1054 2554 Hujusmodi
1081 2487 1278 2539 autem
1309 2483 1416 2539 viri
1440 2483 1700 2539 ofﬁcium
1751 2485 1839 2537 est
1889 2479 1983 2534 di-

333 2586 462 2626 cere
491 2587 695 2626 verum
726 2573 798 2626 ad
833 2573 1176 2640 accidentia,
1205 2590 1332 2646 quea
1361 2573 1520 2629 varia
1551 2577 1692 2628 sunt
1720 2576 1777 2628 et
1805 2571 1984 2626 innu-

334 2662 664 2733 merabilia,
689 2679 1064 2735 quorumque
1093 2669 1260 2737 pater
1289 2669 1379 2721 est
1427 2665 1669 2738 longum
1726 2667 1984 2735 tempus,

334 2749 654 2806 artiﬁciosa
684 2752 933 2824 gignens
963 2756 1020 2808 et
1066 2753 1299 2826 negotia
1344 2757 1400 2809 et
1437 2753 1691 2826 cogitata
1723 2769 1737 2820 ;
1771 2751 1988 2823 quibus

337 2839 437 2910 qui
464 2840 536 2895 ad
560 2841 1062 2898 enumerationem
1089 2842 1438 2899 immoratus
1468 2847 1745 2910 est,astra
1775 2841 1991 2914 ipsam-

336 2945 450 3000 que
505 2944 744 2986 arenam
795 2947 1109 2988 numerare
1157 2948 1329 3004 posse
1370 2933 1441 2989 de
1470 2937 1678 2989 caetero
1709 2930 1984 2988 conﬁdat.

332 3018 404 3073 Et
433 3017 516 3074 ita
545 3019 779 3089 quidem
812 3020 1160 3093 plerumque
1191 3038 1398 3092 puram
1431 3022 1656 3094 absque
1686 3019 1990 3077 reticentia

333 3107 529 3180 qualis
589 3113 697 3180 est,
755 3111 941 3182 ipsam
1001 3111 1380 3168 administrat
1435 3112 1739 3186 veritatem
1795 3110 1989 3167 omnis

332 3197 534 3269 homo,
567 3199 668 3254 sed
701 3201 1026 3271 praesertim
1060 3201 1159 3272 qui
1191 3201 1463 3257 eruditus
1504 3206 1614 3271 est,
1664 3200 1854 3273 magis
1886 3217 1988 3254 au-

331 3291 453 3344 tem
482 3288 580 3359 qui
615 3287 926 3345 institutus
958 3293 1047 3345 est
1073 3291 1131 3344 in
1175 3291 1523 3357 sacerdotio,
1571 3290 1826 3346 maxime
1857 3305 1990 3345 vero

337 3377 440 3448 qui
469 3377 798 3432 secundum
840 3379 1344 3450 praeeminentiam
1393 3384 1485 3435 est
1527 3379 1988 3435 archisacerdos.

2088 2207 2302 2272 φεσθαι.

2159 2297 2262 2358 λδ’.
2297 2299 2450 2358 Ἀλλ’
2507 2297 2718 2370 ἐπειδὴ,
2769 2297 2900 2372 ὅπερ
2961 2294 3197 2374 ἐφάμην,
3257 2294 3358 2350 οὐκ
3395 2293 3730 2367 ἀπέσταλμαι

2088 2389 2428 2458 κολακεύειν,
2461 2388 2705 2444 λείπεται
2739 2384 2797 2442 δὲ
2839 2384 3137 2456 ὀρθότητος
3184 2383 3317 2438 εἶναί
3370 2404 3438 2456 με
3486 2379 3720 2458 ἔλεγχον.

2088 2464 2318 2555 Ἀνδρὸς
2391 2475 2450 2532 δὲ
2517 2477 2769 2533 τοιούτου
2851 2470 3010 2551 ἔργον
3082 2472 3432 2543 ἀληθίζεσθαι
3491 2472 3618 2548 πρὸς
3663 2471 3728 2524 τὰ

2091 2567 2522 2644 παραπίπτοντα,
2595 2564 2826 2620 ποικίλα
2897 2558 3024 2618 ὅντα
3096 2560 3188 2617 καὶ
3265 2557 3573 2632 ἀδιεξίτητα,
3645 2557 3716 2608 ὧν

2093 2659 2273 2732 πατὴρ
2340 2658 2369 2711 ὁ
2430 2655 2634 2729 μακρὸς
2691 2654 2916 2730 χρόνος,
2979 2647 3208 2706 δαίδαλα
3247 2648 3383 2725 φύων
3430 2644 3702 2732 καίπράγ-

2100 2729 2253 2821 ματα*
2297 2745 2386 2801 καὶ
2444 2729 2730 2818 νοήματαέ
2792 2743 2872 2803 οἷς
2929 2741 2957 2796 ὁ
3015 2737 3355 2814 ἐνδιατρίψας
3407 2734 3478 2797 εἲς
3527 2729 3702 2805 ἀπαρί-

2096 2839 2294 2911 θμησιν
2328 2833 2594 2911 θαῤῥείτω
2639 2836 2737 2887 τοῦ
2797 2831 3000 2887 λοιποῦ
3047 2829 3134 2884 καὶ
3198 2827 3422 2900 ἀστέρας
3450 2822 3579 2899 ἕγειν
3635 2840 3714 2911 pes

2095 2907 2241 3003 τρεῖν
2308 2907 2652 2996 καὶ-τᾶμμον
2712 2920 2918 2990 αὐτήν.
2993 2917 3093 2973 Καὶ
3173 2915 3316 2971 οὕτω
3370 2914 3464 2988 μὶν
3521 2911 3588 3003 ὡς
3623 2907 3722 3003 Αέπὶ

2097 2995 2354 3070 πλεῖστον
2411 2995 2580 3088 ψιλὴν
2617 3007 3000 3070 ἀνυποστόλως
3038 3005 3202 3076 αὐτὴν
3251 3004 3370 3068 καθ’
3429 3002 3591 3070 αὐτὴν
3621 2995 3725 3054 δια-

2098 3103 2398 3181 χειρίσεται
2464 3103 2566 3172 τὴν
2623 3100 2884 3170 ἀλήθειαν
2963 3096 3054 3152 καὶ
3129 3099 3233 3156 πᾶς
3291 3093 3386 3181 μέν
3446 3093 3731 3181 ἅνθρωπος,

2104 3176 2316 3266 μᾶλλον
2361 3190 2420 3247 δὲ
2478 3193 2506 3246 6
2562 3187 3014 3262 πεπαιδευμένος,
3074 3183 3161 3240 ἐπὶ
3193 3182 3270 3238 ἔτι
3325 3180 3384 3236 δέ
3439 3180 3602 3238 πλέον
3631 3176 3734 3266 ὁγέν

2099 3265 2385 3359 ίερωσύνῃ,
2449 3279 2685 3354 μάλιστα
2743 3275 2801 3332 δὲ
2854 3277 2973 3331 καθ’
3032 3273 3313 3350 ὑπεροχὴν
3373 3271 3401 3324 ὁ
3444 3265 3738 3359 ἀρχιερεύς.

2103 3355 2455 3447 Περιπετείας
2507 3367 2564 3424 δέ
2617 3388 2760 3430 τινος
2811 3362 3194 3441 ἐπιγενομένης
3228 3407 3242 3432 ,
3317 3360 3407 3415 καὶ
3487 3355 3743 3447 ἐπαινέτης

339 3464 694 3522 Occurrente
717 3483 850 3522 vero
882 3469 1140 3539 quodam
1155 3469 1493 3540 eventu,qui
1517 3469 1652 3524 talis
1683 3472 1770 3524 est
1803 3468 1873 3522 de
1889 3483 1987 3522 cu-

2106 3441 2192 3517 ταί
2221 3459 2488 3532 ἀκροατὴν
2538 3458 2575 3526 ἢ
2631 3455 2914 3530 ἄνθρωπυν
2975 3454 3011 3523 ἢ
3061 3449 3244 3540 δῆμον
3285 3449 3320 3540 6
3374 3451 3623 3540 τοιοῦτος
3663 3441 3745 3540 διὶ

333 3554 574 3624 jusdam
598 3554 735 3610 boni
749 3555 1175 3626 gratiﬁcatione
1187 3557 1514 3613 auditorem
1527 3557 1616 3613 vel
1632 3555 1994 3629 singularem

343 3640 434 3696 vel
467 3641 749 3713 populum
794 3643 1079 3699 laudabit.
1137 3645 1207 3702 Et
1263 3645 1373 3701 hoc
1403 3663 1518 3702 non
1573 3649 1662 3702 est
1713 3643 1993 3702 adulatio.

345 3728 600 3786 Multum
627 3730 782 3786 enim
815 3731 1044 3788 adulari
1075 3733 1536 3806 spiritaliterque
1576 3734 1818 3790 laudare
1846 3733 1999 3788 inter

347 3834 412 3875 se
441 3819 794 3891 discrepant,
816 3823 1484 3894 tantumque,quantum
1515 3823 1731 3880 veritas
1763 3841 1796 3879 a
1828 3839 1994 3878 men-

345 3908 534 3976 dacio,
567 3909 952 3982 studiumque
983 3927 1113 3966 acre
1142 3929 1175 3966 a
1204 3911 1340 3969 lusu
1374 3913 1587 3968 differt.
1641 3915 1702 3968 In
1751 3913 1999 3970 veritate

345 3996 562 4067 quippe
594 4001 790 4053 manet
815 3998 1140 4070 spiritualis
1171 3999 1462 4066 laudator,
1495 4001 1594 4072 qui
1633 4017 1766 4057 vero
1794 4000 2000 4056 laudat

344 4085 407 4140 in
438 4085 793 4155 adulatione,
853 4083 1283 4158 praevaricatum
1341 4089 1492 4146 Laus
1551 4094 1771 4161 autem,
1819 4105 1998 4162 quam

348 4190 506 4230 nunc
537 4191 782 4247 expono,
823 4192 1016 4232 sermo
1046 4183 1136 4233 est
1165 4179 1237 4233 ad
1268 4179 1734 4236 benedictionem
1793 4193 1996 4235 eorum

350 4263 452 4334 qui
477 4263 646 4333 juxta
684 4265 961 4320 virtutem
1010 4266 1250 4334 vivunt;
1285 4270 1345 4322 et
1377 4266 1487 4322 iste
1515 4267 1603 4324 vel
1659 4268 1853 4324 brevis
1911 4266 2000 4323 vel

350 4351 544 4423 gravis
574 4356 682 4420 est,
714 4354 1042 4409 secundum
1076 4355 1341 4426 magistri
1364 4357 1682 4426 judicium,
1715 4357 2002 4429 quemad-

354 4439 598 4494 modum
627 4440 844 4496 iterum
873 4441 1249 4513 reprebensio
1279 4459 1472 4499 sermo
1516 4450 1608 4500 est
1655 4444 2000 4516 hujusmodi

352 4526 517 4582 laudi
547 4528 876 4598 oppositus,
909 4545 1044 4584 eum
1078 4529 1182 4601 qui
1214 4530 1492 4587 virtutem
1525 4549 1641 4588 non
1672 4533 1813 4589 colit
1851 4533 2002 4588 vitu-

355 4630 587 4686 perans.
618 4616 703 4670 Ad
736 4631 914 4688 quem
964 4617 1162 4690 ipsum
1205 4619 1384 4674 etiam
1433 4630 1758 4693 Opportune
1804 4638 2003 4678 recur-

357 4704 609 4760 rendum
638 4709 728 4762 est
755 4706 827 4760 ab
858 4722 924 4762 eo
955 4707 1052 4777 qui
1083 4706 1292 4779 spiritu
1336 4709 1521 4777 docet,
1569 4710 1816 4777 enitens,
1864 4710 2004 4766 hinc

2104 3531 2452 3612 xaloirtwoc
2505 3543 2766 3602 ἐπίδοσιν·
2825 3543 2914 3598 καὶ
2976 3540 3116 3596 ἔστιν
3176 3538 3307 3593 αὐτὸ
3365 3537 3429 3592 οὐ
3467 3531 3743 3590 κολακεία.

2106 3638 2342 3709 Πλείστη
2392 3637 2496 3713 γὰρ
2549 3634 2649 3706 ὅση
2721 3631 2954 3709 διαφορὰ
2997 3635 3094 3685 τοῦ
3148 3625 3468 3683 καλακεύειν
3522 3624 3613 3679 καὶ
3657 3625 3747 3713 τοῦ

2105 3711 2484 3802 πνευματικῶς
2547 3724 2800 3793 ἐπαινεῖν,
2856 3719 3117 3790 τοσαύτη,
3192 3716 3292 3784 ὅση
3349 3715 3438 3770 καὶ
3499 3711 3751 3785 ἀληθείας

2105 3818 2243 3893 πρὸς
2303 3813 2502 3890 ψεῦδος
2535 3857 2548 3883 ,
2611 3814 2699 3868 καὶ
2761 3808 3006 3879 σπουδῆς
3061 3808 3200 3880 πρὸς
3256 3804 3536 3880 παίγνιον.
3590 3804 3751 3893 Ἀλη-

2108 3889 2277 3961 θεύειν
2319 3889 2434 3978 μὲν
2491 3904 2593 3979 γὰρ
2627 3903 2655 3957 ὁ
2695 3897 3062 3974 πνευματικὸς
3119 3894 3426 3965 ἐπαινέτης,
3486 3889 3754 3979 παρεργᾴ-

2111 4001 2252 4064 ζεται
2312 3977 2369 4048 δέ
2422 3994 2449 4048 ὁ
2506 3977 2643 4047 κατὰ
2669 3987 2974 4046 κολακείαν.
3041 3991 3195 4040 ’Ἐστι
3237 3981 3294 4038 δὲ
3324 3984 3353 4037 6
3404 3979 3652 4048 ἔπαινος,
3698 3977 3752 4032 ὃν

2110 4083 2216 4158 ἐγὼ
2273 4081 2393 4159 ἄρτι
2453 4081 2727 4154 ἐκτίθεμαι
2759 4123 2774 4149 ,
2833 4075 2998 4154 λόγος
3058 4071 3412 4148 εὖλογθτικὸς
3479 4073 3590 4159 τῶν
3647 4066 3756 4159 καῖ’

2110 4155 2318 4249 ἀρετὴν·
2368 4171 2621 4242 ζώντων.
2680 4168 2780 4222 Καὶ
2833 4167 2994 4228 αὐτὸς
3049 4163 3086 4233 ἢ
3144 4162 3198 4218 ἐν
3251 4158 3659 4249 στενολεσχίᾳ,
3720 4155 3754 4249 ti

2109 4241 2439 4330 ἀποτάδην,
2499 4260 2573 4320 ὡς
2625 4259 2653 4312 6
2710 4251 3037 4316 διδάσκαλος
3093 4249 3400 4324 διακρινεῖ·
3463 4247 3645 4323 ὥςπερ
3697 4241 3758 4299 αὗ

2109 4349 2275 4406 πάλιν
2331 4351 2500 4426 ψόγος
2555 4349 2584 4403 6
2633 4351 2714 4418 τῷ
2748 4343 2982 4416 τοιούτῳ
3029 4340 3232 4412 ἐπαίνῳ
3262 4337 3538 4426 ἀντίεετος
3569 4333 3757 4410 λόγος,

2112 4438 2283 4517 δυσφή
2297 4425 2427 4512 μῶν
2469 4438 2560 4492 τὸν
2619 4437 2695 4509 μὴ
2755 4433 3049 4507 ἀρετῶντα.
3107 4426 3186 4488 Οὗ
3219 4425 3519 4517 -καὶῗαύτοῦ
3551 4443 3761 4498 στοχα-

2112 4513 2262 4583 στέον
2297 4527 2347 4582 ἐν
2397 4525 2573 4602 καίρῷ
2626 4523 2718 4578 τὸν
2773 4521 2910 4578 κατὰ
2945 4524 3158 4594 πνεῦμα
3215 4513 3559 4602 διδάσκοντα,
3591 4532 3760 4590 πραγ-

2117 4599 2508 4690 ματευόμενον,
2565 4619 2640 4682 πῆ
2675 4614 2768 4685 μὶν
2830 4610 3010 4684 μέλιτι
3039 4609 3129 4664 καὶ
3197 4606 3418 4666 λοιποῖς
3458 4599 3761 4674 ἡδύσμασιν

2114 4707 2437 4768 ἀνακτᾶσθαι
2493 4703 2592 4772 τὴν
2668 4697 2901 4778 θεοφιλῆ
2957 4695 3153 4775 ὄρεξιν,
3201 4701 3278 4764 πῆ
3333 4690 3393 4747 δὲ
3448 4691 3760 4766 πικράσμαο

357 4792 598 4865 quidem
627 4793 800 4850 melle
829 4778 1171 4866 casterisque
1200 4797 1592 4854 suavitatibus
1624 4799 1788 4870 pium
1835 4815 1992 4855 sanc-

2116 4815 2197 4850 σιν
2260 4789 2752 4869 ίατρευτικοῖς·καὶ
2815 4787 3037 4848 λοιπαῖς
3095 4782 3422 4858 δριμύτησιν
3481 4778 3758 4884 ἐπανάγειν

357 4884 601 4952 tumque
629 4883 916 4939 suscitare
944 4884 1326 4955 desiderium,
1358 4885 1517 4942 illinc
1547 4891 1743 4943 autem
1766 4888 2003 4945 medici-

362 4968 599 5027 nalibus
657 4971 877 5027 amaris
933 4988 1000 5027 ac
1053 4972 1298 5044 reliquis
1352 4975 1770 5032 acerbitatibus
1845 4978 2002 5049 quod

362 5059 707 5115 morbosum
749 5063 840 5116 est
895 5061 967 5116 ad
1025 5060 1337 5119 sanitatem
1391 5063 1688 5121 reducere.
1745 5066 2005 5130 Quorum

362 5145 544 5219 priori
573 5147 730 5204 dicta
756 5147 888 5205 laus
913 5150 1428 5221 proportionaliter
1454 5152 2008 5228 infunditur,poste-

359 5235 618 5294 rioribus
647 5240 844 5294 autem
872 5237 1268 5309 reprehensio.

432 5343 524 5399 35.
555 5344 656 5400 His
683 5343 1028 5417 praemissis,
1060 5346 1182 5416 iam
1212 5345 1385 5418 plane
1416 5349 1661 5406 intellixi
1693 5349 1840 5407 mihi
1889 5365 2007 5405 non

364 5443 495 5484 esse
526 5429 753 5488 licitum
779 5431 1009 5487 adulari
1036 5449 1140 5488 vos
1170 5434 1265 5505 qui
1298 5437 1415 5492 mei
1453 5438 1616 5509 estis,
1650 5439 1868 5510 quibus
1918 5437 2008 5492 in-

357 5515 608 5588 servire,
641 5535 790 5590 quos
819 5520 890 5576 ad
918 5519 1135 5576 bonum
1168 5536 1538 5596 componere,
1571 5543 1717 5598 quos
1747 5525 1809 5581 in
1855 5525 2008 5581 veri-

374 5604 557 5660 tatem
586 5605 864 5664 inducere
889 5607 1040 5666 volo.
1073 5607 1290 5667 Vereor
1333 5613 1512 5681 enim,
1557 5630 1652 5682 ne,
1701 5613 2009 5670 blandiens

370 5685 431 5776 in
463 5690 722 5748 docendo
751 5693 952 5765 sicque
965 5696 1490 5769 mentiens,contra
1519 5704 1701 5759 Deum
1732 5716 2008 5776 pugnem.

373 5775 606 5836 Etenim
630 5777 945 5852 aliquando
974 5783 1285 5858 blandiar;
1327 5791 1430 5848 sed
1452 5807 1587 5850 cum
1625 5792 1699 5850 ad
1753 5791 2012 5865 aliquem

2111 4884 2175 4939 τὸ
2225 4863 2527 4958 καχεκτοῦν
2587 4877 2663 4941 εἷς
2729 4875 2951 4953 ὑγίειαν
3011 4876 3083 4929 ὧν
3140 4876 3222 4946 τῷ
3257 4871 3350 4945 μὶν
3405 4868 3612 4958 πρώτιμ
3641 4863 3763 4958 ἀνᾴ-

2119 4953 2630 5049 λογονδιεκπίπτει
2683 4968 2712 5022 6
2774 4963 2959 5042 ῥηθεὶς
3015 4959 3258 5033 ἔπαινος,
3315 4959 3484 5034 ψόγος
3540 4953 3600 5011 δὶ
3655 4957 3761 5014 τοῖς

2119 5058 2413 5136 δευτέροις.

2191 5343 2288 5402 λε’.
2339 5341 2564 5399 Τούτων
2633 5339 3124 5416 προεκτεθειμένων
3159 5377 3175 5406 ,
3251 5330 3394 5410 iiij
3449 5330 3747 5408 ωναγαγῶν

2117 5431 2229 5504 ἤδη
2270 5429 2520 5502 ἐντελῶς,
2577 5429 2653 5492 ὡς
2712 5429 2812 5484 οὐκ
2866 5425 3036 5498 ἔξεστί
3098 5446 3192 5500 μοι
3248 5421 3567 5479 κολακεύειν
3628 5420 3757 5492 ὑμᾶς

2117 5523 2246 5586 τοὺς
2305 5521 2496 5597 ἐμοὺς,
2556 5519 2650 5582 οὕς
2697 5515 2928 5596 ὠφελεῖν
2961 5513 3154 5584 ἐθέλω,
3183 5513 3276 5576 οὕς
3326 5513 3405 5574 εἷς
3442 5508 3639 5585 ἀγαθὸν
3671 5523 3760 5597 κα·

2117 5593 2405 5689 ταρτίζειν,
2465 5609 2559 5673 οὕς
2610 5593 2818 5684 ἐνάγειν
2860 5606 2999 5681 πρὸς
3049 5597 3608 5689 ἁλήθειαν.Αέδοικα
3636 5593 3758 5689 γὰρ,

2123 5675 2201 5774 μη
2250 5675 2339 5755 καὶ
2390 5675 2680 5774 δεομαχῶ,
2717 5675 3050 5749 ’κολακεύων
3107 5675 3162 5748 ἐν
3214 5695 3297 5765 τῷ
3352 5675 3759 5774 διδάσκεινηκαξ

2120 5765 2264 5845 δύτω
2324 5765 2678 5862 ψευδόμενλςί
2737 5779 3067 5846 Κολακεύσω
3127 5780 3222 5856 μὶν
3281 5779 3383 5857 γάρ
3432 5793 3588 5832 ποτεο
3637 5765 3760 5828 ἀλλ’
