4082 6360
321 447 438 506 665

1343 446 1422 506 ΙΝ
1472 445 1538 506 S.
1586 443 2266 516 QUADRAGESIMAM
2314 443 2605 506 ORATIO
2650 443 2758 504 ΙΙΙ.

3624 437 3744 496 666

321 573 412 632 ὅτε
465 572 741 644 ποππύζω
798 571 934 647 πρός
991 593 1131 644 τινα,
1189 575 1318 630 ὡσεὶ
1387 573 1476 630 καὶ
1532 572 1702 629 ’ίππον
1763 574 1969 650 ἀγριούι

2091 575 2284 644 sibilo,
2317 580 2601 648 tanquam
2633 577 2705 632 ad
2738 589 2953 646 equum
2985 573 3297 642 agrestem,
3321 569 3408 626 vel
3439 569 3623 626 feram
3647 569 3741 626 in-

327 685 510 738 μενον,
543 663 578 732 ἢ
629 663 718 718 καὶ
776 665 1003 737 καταψῶ
1061 663 1248 739 θηρίον
1309 664 1618 728 άτίθασσον·
1671 664 1752 725 οἷς
1813 683 1980 738 προσ-

322 752 501 818 θετέον
557 752 648 807 καὶ
697 751 966 821 ἀφύκτους
1023 751 1277 827 ἐχθροὺς,
1342 751 1394 806 εἷ’
1463 764 1625 816 ποθεν
1700 751 1976 823 κατάσκή-

319 845 498 916 ψαιεν.
528 840 626 896 Καὶ
685 842 792 912 μὴν
845 840 953 915 ἐγὼ
982 840 1070 913 (ἦν
1123 861 1260 896 ποτε
1313 842 1500 914 καιρὸς
1561 840 1765 903 ἐκεῖνος
1797 842 1975 896 ’ἀπευ-

318 935 528 1004 κταῖος,
557 931 584 985 6
612 929 750 986 κατὰ
793 931 896 998 τήν
948 929 1356 1004 αἶ’χμαλωσίαν)
1405 929 1495 985 καί
1545 926 1751 985 ὤκνουν
1799 929 1970 984 κολα-

324 1019 519 1089 κεύειν,
545 1018 692 1074 καὶὸ
740 1018 872 1081 Θεὸς
926 1016 1112 1074 ἵστατο
1161 1020 1287 1095 παρ’
1321 1019 1442 1092 ἰμοὶ
1502 1019 1591 1075 καὶ
1651 1017 1741 1074 διὰ
1788 1024 1971 1074 τοῦτο·

325 1105 645 1182 εὐδοκίμουν
703 1109 808 1182 γὰρ
879 1105 1094 1178 τάληθῆ
1173 1105 1350 1183 λέγων
1413 1106 1745 1181 εὐμεθόδως.
1801 1108 1864 1164 Εἰ
1918 1105 1976 1163 δέ

321 1218 452 1253 ποτε
506 1195 598 1252 καὶ
653 1195 834 1272 χολήν
891 1217 1010 1252 τινα
1063 1201 1181 1258 τοῖς
1213 1194 1498 1259 δεσπόταις
1528 1197 1751 1259 ἐκείνοις
1785 1197 1973 1252 ὑπεκί-

318 1283 640 1359 νουν,ἀλλὰ
696 1285 788 1340 καὶ
835 1285 1024 1348 αὐτοῖς
1079 1285 1222 1362 ταχὺ
1269 1286 1332 1341 τὸ
1390 1291 1498 1363 πῦρ
1551 1281 1856 1354 ἐσϐέννυτο,
1902 1289 1972 1360 τῇ

319 1374 516 1440 ἄνωθεν
550 1375 731 1451 δρόσῳ
764 1373 1186 1450 μαραινόμενον.

391 1463 496 1529 λς’.
526 1466 648 1520 Ἔτι
693 1467 1106 1540 προσεπιζητῶ,
1135 1462 1224 1519 καί
1282 1463 1484 1543 σοφοὺς
1549 1465 1682 1520 εἶναι
1736 1465 1826 1520 καὶ
1875 1463 1972 1538 ἐμὲ

313 1552 405 1610 καὶ
467 1553 630 1621 ὑμᾶς.
681 1551 951 1625 Ἐσόμεθα
1008 1550 1066 1607 δὲ
1119 1557 1360 1608 τοιοῦτοι
1421 1551 1482 1608 ού
1539 1553 1692 1626 πόνῳ
1748 1551 1970 1626 πολλῶ,

318 1642 380 1698 ού
415 1637 648 1718 βιϐλίων
705 1641 1070 1710 ἰπελεύσεσιν,
1121 1642 1201 1720 ἐφ’
1253 1644 1335 1706 οἷς
1392 1641 1673 1717 ἀφθαλμοῖ
1730 1643 1969 1716 κάμνου-

320 1752 425 1801 σιν,
449 1731 512 1786 ού
543 1728 885 1786 διδασκάλων
946 1731 1284 1806 αὐστηρίαις,
1320 1733 1395 1786 ὧν
1439 1733 1494 1785 αἱ
1549 1737 1731 1808 χεῖρες
1789 1730 1970 1807 ἀλγει-

313 1819 438 1883 νοὺς
497 1814 797 1896 ἐντρίϐουσι
859 1819 1163 1894 μώλωπας,
1216 1820 1323 1896 οὐχ
1379 1819 1550 1875 ὕπνου
1603 1822 1838 1898 άργίαις,
1900 1818 1970 1876 δι’

315 1911 392 1966 ὧν
446 1911 536 1965 καὶ
596 1910 771 1964 αὐτῶν
829 1909 974 1965 πολὺ
1024 1911 1088 1965 τὸ
1146 1915 1295 1972 σῖνος
1341 1916 1458 1972 τοῖς
1491 1911 1875 1985 ἀγρυπνοῦσιν,
1907 1911 1968 1965 οὐ
2003 1953 2047 2017 Β

394 1996 456 2017 ἣν
660 1998 671 2017 Ι
837 1997 883 2017 ’ν
936 1996 990 2017 σθ
1193 2003 1220 2013 αι·
1361 1998 1374 2017 9
1431 1996 1454 2017 ᾗ
1553 2001 1562 2017 ρ
1812 2005 1834 2015 ν

311 1996 498 2054 ποδῶν
530 1998 795 2073 καμάτοις
833 1997 884 2069 ἐξ
929 1996 1286 2074 ὁδοιποριῶν,
1320 1998 1382 2054 οὐ
1427 1996 1687 2062 δαπάναις
1742 2005 1860 2062 ταῖς
1913 2021 1972 2055 τε

321 2086 519 2149 ἄλλαις
577 2103 669 2142 και
725 2086 877 2150 ὅσαις
910 2087 1354 2163 ἐκθεραπεύονται
1387 2086 1568 2164 λίχνοι
1629 2086 1970 2157 διδάσκαλοι,

324 2175 425 2230 οὐκ
477 2171 676 2236 ἄλλοις
704 2174 943 2244 τούτοις,
976 2175 1050 2229 ὢν
1088 2174 1292 2248 μυρίων
1323 2177 1359 2244 ἡ
1403 2175 1539 2230 κατὰ
1588 2173 1775 2251 σοφίαν
1827 2173 1969 2252 ἐφίε-

323 2283 412 2317 ται
439 2262 656 2339 ἀγωγή.
693 2261 870 2319 ’Δλλά
915 2265 1029 2341 χρὴ
1088 2263 1252 2336 μόνον
1307 2259 1563 2334 ἐθελῆσαι
1614 2263 1706 2319 καὶ
1761 2263 1972 2320 ἐπινεῦ-

326 2371 410 2406 σαι
439 2353 608 2425 ἡμᾶς,
636 2351 726 2406 καὶ
757 2352 949 2408 αὐτίκα
980 2351 1340 2430 σεσοφίσμεθα
1371 2350 1620 2415 ἐντελῶς.

393 2527 494 2598 λζ’.
526 2528 747 2604 Σοφίζει
812 2525 870 2584 δὲ
925 2527 1098 2592 οὕτως
1148 2531 1298 2603 ἡμᾶς
1356 2530 1721 2606 ἀγαπώμενος
1753 2531 1780 2586 6
1811 2524 1971 2606 ἔλεγ-

317 2636 446 2694 χος·
484 2641 512 2669 ‹‹
542 2618 786 2694 Ἔλεγχε
816 2617 940 2694 γὰρ,
999 2641 1029 2671 ››
1085 2619 1239 2697 φησὶ,
1267 2643 1296 2671 ‹‹
1338 2619 1525 2693 σοφὰν,
1558 2621 1648 2675 καὶ
1702 2621 1970 2696 ἀγαπήσει

318 2727 401 2776 σε,
436 2731 464 2759 ››
495 2707 751 2784 ἀφορμὴν
784 2707 1020 2762 ἐντεῦθεν
1054 2703 1238 2763 λαϐὼν
1267 2713 1366 2763 τοῦ
1408 2709 1499 2764 καὶ
1548 2711 1856 2787 σοφώτερος
1899 2710 1970 2764 εἶ-

319 2815 432 2851 ναι.
481 2797 548 2849 Ὠ
595 2793 920 2858 διδάσκαλος
979 2797 1138 2859 οὗτος
1196 2797 1533 2870 εὖπόριστος,
1594 2795 1638 2852 ὢ
1697 2799 1892 2876 σαφής,
1927 2796 1972 2852 ὢ

322 2884 550 2958 γοργὸς,
583 2881 628 2939 ὣ
658 2884 851 2961 δώροις
877 2884 1179 2958 ἀνάλωτος,
1213 2883 1257 2941 ὢ
1285 2888 1375 2941 καὶ
1428 2883 1696 2942 διδάσκων
1741 2889 1854 2959 ἅμα
1881 2887 1970 2941 καὶ

329 2969 608 3048 ἰατρεύων,
640 2974 702 3028 τὸ
753 2975 867 3048 μὲν,
902 2976 984 3037 οἷς
1037 2972 1313 3048 μεθοδεύει
1371 2978 1438 3030 τὰ
1495 2978 1759 3050 σωτήρια,
1790 2977 1852 3030 τὸ
1902 2974 1970 3046 δ’,

328 3061 412 3114 ὅτι
469 3068 571 3131 τῆς
627 3066 868 3139 ψυχικῆς
928 3063 1182 3139 καχεξίας
1237 3064 1538 3120 ἀποκενοῖο
1597 3063 1643 3119 ὣ
1691 3064 1779 3120 καὶ
1837 3066 1973 3141 πρὸς

323 3148 463 3225 χάος
516 3145 745 3207 ἄϐυσσον
799 3152 1047 3228 κατάγων
1119 3154 1210 3208 καὶ
1267 3154 1404 3228 πρὸς
1460 3153 1688 3228 οὐρανὸν
1745 3155 1892 3229 ὑψῶν
1945 3155 1972 3210 ὁ

318 3239 502 3309 αὐτὸς,
559 3242 621 3295 τὸ
671 3245 912 3317 πρῶτον,
964 3243 1045 3305 οἷς
1091 3248 1462 3297 ταπεινοποιεῖ
1516 3242 1576 3297 ἐκ
1632 3241 1971 3317 μεταμέλου,

2089 666 2372 721 domitam
2408 665 2750 731 demulceo;
2801 662 3017 735 quibus
3067 660 3424 732 adjungendi
3475 665 3616 715 sunt
3647 660 3738 715 in-

2087 755 2425 810 eluctabiles
2469 753 2714 818 inimici,
2763 770 2810 808 BI
2861 751 3132 806 alicunde
3181 749 3429 804 irruant.
3468 749 3538 803 Et
3586 754 3740 804 certe

2087 860 2214 916 ego,
2251 876 2319 884 —
2350 851 2474 900 erat
2503 844 2639 899 olim
2673 849 2908 914 tempus
2956 839 3104 895 illud
3137 838 3492 910 captivitatis
3522 839 3739 894 abomi-

2086 935 2372 1001 nandum,
2405 965 2472 974 ——
2500 932 2728 988 adulari
2759 931 3062 1003 quondum
3107 927 3399 992 nolebam,
3434 931 3491 982 et
3520 927 3738 982 idcirco

2087 1023 2231 1078 mihi
2288 1024 2436 1078 Deus
2486 1023 2728 1077 aderat:
2764 1023 3004 1076 amabar
3051 1018 3209 1073 enim
3260 1017 3436 1088 plana
3482 1017 3576 1071 via
3605 1033 3740 1072 vera

2085 1111 2352 1184 loquens.
2387 1112 2447 1168 Si
2479 1111 2715 1184 quando
2746 1125 2876 1165 vero
2909 1107 3081 1164 bilem
3116 1105 3586 1163 dominatoribus
3617 1104 3738 1162 illis

2086 1217 2401 1265 moverem,
2451 1217 2582 1256 ecce
2628 1199 2788 1258 brevi
2838 1198 3014 1271 ignis,
3063 1214 3192 1253 rore
3241 1197 3493 1268 desuper
3541 1194 3736 1250 infuso

2085 1290 2582 1363 exstinguebatur.

2153 1467 2242 1523 36.
2275 1467 2346 1522 Et
2373 1467 2566 1522 adhuc
2598 1483 2690 1522 me
2719 1470 2775 1522 et
2805 1482 2906 1520 vos
2937 1481 3064 1522 esse
3095 1465 3390 1536 sapientes
3421 1479 3731 1535 praesumo.

2082 1556 2254 1613 Tales
2284 1561 2478 1612 autem
2521 1555 2745 1611 erimus
2793 1572 2908 1610 non
2943 1552 3128 1608 multo
3158 1551 3376 1622 labore,
3405 1569 3522 1607 non
3555 1551 3732 1606 libro-

2082 1663 2214 1701 rum
2263 1647 2617 1712 accessione,
2667 1660 2846 1716 super
2902 1643 3120 1714 quibus
3179 1642 3501 1712 fatigantur
3555 1639 3733 1710 oculi,

2082 1752 2196 1791 non
2227 1734 2647 1808 magistrorum
2681 1732 3043 1796 austeritate,
3077 1747 3327 1802 quorum
3362 1745 3575 1784 manus
3607 1745 3734 1783 mo-

2080 1823 2260 1879 lestas
2326 1823 2544 1878 vibices
2608 1823 2981 1894 imprimunt,
3044 1837 3159 1875 non
3226 1818 3563 1886 insomniis,
3634 1833 3737 1888 per

2082 1930 2210 1984 quae
2269 1913 2524 1967 multum
2592 1912 2943 1966 damnorum
3015 1910 3257 1963 affertur
3327 1905 3733 1979 vigilantibus,

2083 2017 2198 2056 non
2249 2002 2464 2072 pedum
2511 2016 2580 2056 ex
2611 2000 2921 2055 itineribus
2963 1998 3262 2064 zerumnis,
3297 2013 3413 2052 non
3442 1995 3733 2068 {expensis

2080 2089 2420 2145 istiusmodi
2464 2089 2679 2160 quibus
2735 2088 2966 2160 cupidis
3021 2085 3321 2158 magistris
3373 2083 3732 2150 deserviunt,

2082 2195 2200 2234 non
2231 2178 2362 2234 aliis
2392 2178 2551 2233 mille
2580 2177 2820 2243 talibus,
2853 2193 2984 2248 qua:
3013 2179 3340 2232 secundum
3383 2172 3732 2245 sapientiam

2081 2268 2351 2324 educatio
2384 2267 2660 2338 attingit;
2693 2267 2794 2322 sed
2845 2264 3214 2321 solummodo
3249 2280 3356 2318 nos
3386 2262 3529 2318 velle
3559 2266 3616 2317 et
3645 2279 3733 2317 as-

2083 2356 2287 2414 sentiri
2317 2360 2560 2428 oportet,
2584 2361 2642 2412 et
2669 2356 2868 2412 statim
2900 2370 3134 2410 omnem
3157 2351 3506 2425 sapientiam
3539 2349 3733 2422 acqui-

2081 2445 2416 2502 siveiimus.

2152 2535 2241 2590 37.
2275 2535 2488 2591 Reddit
2517 2539 2711 2591 autem
2745 2534 2824 2590 ita
2847 2550 2951 2589 nos
2984 2531 3280 2604 sapientes
3301 2529 3631 2586 desiderata
3652 2544 3734 2584 re-

2081 2624 2414 2696 prehensio.
2453 2647 2474 2674 ι
2511 2624 2891 2696 Reprehende
2921 2621 3099 2686 enim,
3134 2620 3348 2692 inquit,
3383 2619 3733 2690 sapientem,

2081 2717 2140 2768 et
2169 2712 2391 2768 amabit
2420 2718 2497 2780 te,
2535 2734 2563 2761 ››
2593 2712 2958 2768 occasionem
2983 2710 3117 2765 inde
3147 2725 3389 2765 sumens
3422 2712 3486 2762 ut
3505 2707 3736 2778 sapien-

2080 2802 2341 2858 tiortiat.
2391 2803 2435 2858 0
2468 2801 2748 2873 magister
2777 2799 2874 2854 ille
2921 2799 3083 2853 aditu
3128 2796 3352 2853 facilis!
3397 2811 3573 2867 quam
3609 2811 3734 2849 ma-

2085 2890 2351 2954 nifestus,
2388 2907 2563 2962 quam
2595 2890 2827 2956 ardens,
2853 2904 3029 2959 quam
3063 2888 3232 2942 donis
3262 2883 3689 2941 inaccessibilis
3716 2882 3728 2936 l

2087 2979 2209 3035 Una
2238 2980 2407 3035 docet
2454 2984 2510 3034 et
2556 2982 2745 3046 sanat,
2779 2977 2936 3032 istud
2989 2975 3222 3047 quidem
3275 2991 3341 3030 eo
3385 2973 3540 3044 quod
3573 2971 3734 3026 salu-

2081 3069 2231 3124 taria
2263 3068 2607 3141 praescribit,
2643 3069 2748 3123 hoc
2776 3072 2972 3122 autem
3022 3082 3087 3120 eo
3120 3064 3275 3135 quod
3307 3063 3511 3118 morbo
3557 3060 3734 3131 spiri-

2081 3157 2184 3214 tali
2217 3155 2463 3230 purgat!
2497 3157 2656 3213 Idem
2690 3157 2746 3211 in
2775 3154 3119 3226 profundam
3143 3153 3420 3224 abyssum
3454 3149 3735 3218 demittit,

2083 3253 2141 3303 et
2190 3247 2248 3302 in
2300 3247 2509 3302 cmlum
2558 3245 2802 3313 extollit,
2851 3243 3018 3312 illud,
3068 3243 3224 3314 quod
3273 3258 3342 3297 ex
3389 3237 3737 3312 poenitentia

315 3328 380 3383 τὸ
425 3326 696 3404 δεύτερον,
759 3332 840 3392 οἷς
898 3331 1084 3406 ἀνάγει
1141 3335 1209 3405 τῇ
1259 3330 1319 3386 ἐκ
1379 3331 1660 3405 μετανοίας
1715 3334 1968 3409 καθάρσει

2085 3335 2382 3404 humiliat,
2444 3337 2572 3406 hoc,
2631 3336 2788 3406 quod
2840 3335 3095 3406 puritate
3142 3349 3212 3387 ex
3269 3328 3614 3404 poenitentia
3663 3327 3735 3381 ad

315 3419 456 3491 πρὸς
486 3419 576 3473 τὸν
609 3418 832 3492 ὕψιστον
879 3418 1097 3496 Κύριον.
1133 3420 1196 3477 Ei’
1254 3418 1311 3476 δέ
1367 3443 1450 3484 τις
1501 3423 1820 3497 ἁμαρτάνων
1877 3423 1969 3478 τὸν

313 3510 565 3562 τοιοῦτον
625 3502 855 3584 ἔλεγχον
927 3509 1263 3585 σκορακίζειν
1341 3510 1533 3565 ἑαυτοῦ
1612 3517 1883 3587 πειρᾶται,
1943 3513 1970 3567 6

312 3599 564 3657 τοιοῦτος
621 3596 884 3670 φριξάτω,
935 3592 1355 3670 εὐλαϐούμενος,
1419 3599 1493 3671 μή
1553 3619 1687 3654 ποτε
1739 3600 1828 3654 καὶ
1879 3599 1970 3654 αὐ-

312 3684 408 3746 τὸς
436 3683 703 3755 αίτιαθείη
739 3682 945 3755 δεινῶς,
979 3686 1054 3748 ὡς
1084 3686 1213 3750 τοὺς
1254 3684 1493 3750 δικαίους
1544 3686 1812 3764 ἐλέγχους
1861 3689 1975 3762 μώο

316 3771 510 3836 λωπας
542 3773 716 3846 ἑαυτῷ
746 3774 1074 3849 ἡγούμενος.

390 3877 498 3950 λη.
533 3880 598 3934 Ὠ
646 3879 976 3956 ἁμαρτωλὸς
1022 3880 1150 3958 ἐγὼ,
1199 3883 1288 3938 καὶ
1347 3881 1402 3938 εἷ’
1461 3905 1544 3946 τις
1620 3880 1804 3960 ἕτερος
1852 3884 1969 3939 κατ’

316 3965 436 4041 ἐμά.
495 3967 566 4026 Τί
623 3965 828 4039 δήποτε
879 3969 1400 4045 κεκαυτηριασμένοι
1471 3973 1569 4041 τὴν
1639 3970 1967 4043 συνείδησιν,

315 4058 401 4119 οἷς
435 4055 658 4130 οἴδαμεν
691 4059 1108 4133 ἁμαρτάνοντες,
1138 4060 1229 4114 τὸν
1261 4059 1321 4115 ἐκ
1345 4064 1443 4116 τοῦ
1497 4059 1671 4137 λόγου
1726 4069 1971 4137 καυτῆρα

319 4143 756 4220 δυσωπούμεθα;
816 4149 1054 4204 Ἐπαινῶ
1121 4148 1391 4224 καχὲκτας
1445 4148 1706 4221 ἐκείνους,
1767 4151 1820 4204 οἳ
1877 4149 1968 4205 καὶ

317 4239 492 4289 νοσεῖν
551 4235 917 4305 αἰσθάνονται,
975 4236 1066 4292 καὶ
1123 4236 1407 4314 ἀνέχονται
1482 4237 1770 4311 καιόμενοι
1830 4239 1967 4312 πρὸς

323 4323 549 4400 ὑγίειαν.
581 4327 642 4383 Ὁ
693 4321 996 4403 πραόίζων
1040 4326 1317 4405 ἐμφανῶς,
1351 4327 1438 4382 ἐὰν
1489 4327 1712 4402 ἀκούσῃ,
1757 4327 1967 4390 εὐωπὸς

315 4413 475 4484 εἶναι,
533 4411 793 4490 γελᾶσθαι
850 4415 1043 4490 κρίνει,
1100 4416 1190 4470 καὶ
1262 4416 1356 4471 τὸν
1415 4416 1648 4471 ἐπαινεῖν
1710 4414 1969 4472 δοκοῦντα

317 4503 612 4580 μέμφεται.
654 4503 811 4562 Οὕτω
860 4502 917 4559 δὲ
953 4505 1042 4561 καὶ
1089 4507 1116 4560 6
1165 4502 1579 4578 κυλλοποδίων,
1629 4503 1776 4581 ε’ίπερ
1838 4505 1970 4582 ὀρθὰ

319 4589 558 4662 Βαδίζειν
592 4591 828 4669 λέγοιτο.
856 4595 930 4649 Τὸ
963 4591 1011 4649 δ’
1039 4593 1168 4650 αὐτὸ
1197 4595 1286 4649 καὶ
1337 4594 1423 4650 ἐπὶ
1478 4593 1586 4651 τῶν
1641 4594 1827 4651 ἄλλων
1876 4616 1970 4650 κα-

2083 3427 2442 3483 altissimum
2474 3425 2792 3481 Dominum
2840 3422 3061 3479 elevat!
3109 3421 3169 3476 Si
3202 3419 3336 3492 quis
3387 3434 3518 3474 vero
3550 3414 3736 3471 delin-

2085 3533 2294 3588 quens,
2326 3514 2668 3586 hujusmodi
2719 3511 3232 3586 reprehensionem
3281 3527 3315 3564 a
3363 3525 3424 3564 se
3455 3507 3741 3579 projicere

2083 3610 2294 3673 tentat,
2328 3604 2463 3660 talis
2494 3603 2928 3669 contremiscat,
2962 3602 3207 3665 veritus,
3241 3614 3312 3653 ne
3345 3596 3660 3668 aliquando
3684 3597 3740 3649 et

2081 3696 2208 3767 ipse
2265 3695 2324 3750 in
2383 3712 2564 3750 causa
2620 3693 2926 3750 tremenda
2984 3690 3397 3753 constituatur,
3452 3693 3736 3757 tanquam

2073 3787 2272 3857 justas
2303 3784 2789 3856 reprehensiones
2821 3782 2933 3838 sibi
2962 3781 3180 3836 vibices
3208 3778 3528 3833 aestimans.

2151 3893 2241 3948 38.
2273 3892 2316 3947 Ο
2362 3895 2630 3963 peccator
2677 3907 2804 3962 ego,
2857 3893 3311 3960 peccatoresque
3341 3883 3391 3939 si
3442 3883 3588 3938 forte
3619 3881 3740 3938 sint

2082 3980 2228 4036 mihi
2275 3979 2523 4044 similes,
2564 3995 2668 4034 cur
2709 3978 2948 4033 tandem
3001 3974 3356 4031 conscientia
3407 3971 3734 4038 oauteriati,

2080 4070 2178 4140 qui
2208 4084 2314 4124 nos
2345 4084 2474 4123 esse
2507 4070 2841 4138 peccatores
2885 4063 3126 4130 scimus,
3160 4060 3484 4117 cauterium
3515 4075 3584 4114 ex
3613 4075 3734 4114 ser—

2081 4157 2355 4213 monibus
2412 4172 2563 4228 tegre
2623 4151 2911 4209 ferimus?
2960 4152 3158 4207 Morbo
3204 4149 3538 4205 laborantes
3586 4147 3734 4202 istos

2078 4245 2278 4311 laudo,
2311 4245 2409 4318 qui
2442 4262 2504 4300 se
2533 4242 2796 4299 sentiunt
2841 4245 3120 4312 mgrotare
3149 4237 3732 4305 combustionemque

2079 4335 2376 4392 sustinent
2405 4335 2476 4390 ad
2507 4332 2841 4389 sanitatem.
2875 4330 2982 4394 Qui
3013 4329 3324 4384 manifeste
3353 4325 3586 4382 strabus
3617 4329 3730 4391 est,

2079 4424 2130 4482 si
2160 4424 2314 4496 quod
2346 4424 2495 4479 bene
2524 4423 2600 4478 sit
2647 4421 2832 4476 oculis
2861 4420 3084 4486 audiat,
3129 4415 3363 4473 irrideri
3393 4431 3457 4471 se
3479 4413 3732 4485 judicat,

2077 4522 2132 4570 et
2187 4530 2322 4569 eum
2382 4511 2480 4584 qui
2542 4511 2786 4565 laudare
2842 4509 3074 4564 videtur
3132 4506 3346 4578 arguit.
3408 4503 3502 4560 Sic
3559 4519 3731 4575 porro

2077 4603 2254 4659 etiam
2288 4601 2553 4669 claudus,
2589 4599 2637 4655 si
2669 4603 2825 4654 recte
2846 4596 3383 4653 dicaturincedere.
3418 4594 3576 4649 ldem
3598 4609 3732 4648 vero

316 4680 386 4735 τὰ
449 4685 611 4755 σῶμα
665 4683 990 4759 πηρώσεων.
1049 4685 1240 4756 Ἡμεῖς
1299 4681 1376 4758 δὲ,
1428 4687 1501 4740 ὧν
1560 4690 1778 4760 πρῶτος
1840 4684 1967 4761 ἐγὼ,

2085 4696 2170 4747 est
2217 4705 2451 4762 quoque
2508 4688 2579 4743 de
2629 4687 2851 4743 cieteris
2911 4684 3174 4757 corporis
3231 4683 3572 4739 defectibus.
3616 4681 3732 4738 Nos

318 4769 610 4846 ἁμαρτίαις
659 4771 1020 4850 ὲζοιρωμὲνοι,
1076 4774 1168 4828 καὶ
1229 4775 1606 4847 μανθάνοντες,
1665 4779 1780 4851 φῶς
1835 4776 1966 4830 εἶναι

312 4858 407 4914 καὶ
465 4858 705 4930 ἡλιῶδες
761 4860 1184 4938 ἀπαστράπτειν,
1245 4859 1388 4917 διατί
1448 4863 1511 4918 ού
1567 4868 1822 4936 νοοῦμεν,
1883 4864 1964 4918 ὅτι

309 4945 645 5024 γελώμιθα;
679 4949 973 5023 Ἐθὲλομεν
1025 4948 1083 5005 δὲ
1139 4956 1381 5027 συνεχῶς
1436 4951 1566 5007 αὐτὸ
1620 4952 1832 5007 ἀκούειν
1887 4953 1964 5015 εἷς

313 5033 557 5094 ἔπαινον.
590 5037 652 5094 Ei
685 5035 745 5092 δὶ
774 5039 802 5093 6
831 5033 1144 5114 παραϐλὼψ
1173 5041 1264 5095 καὶ
1305 5039 1517 5116 χωλὸς,
1550 5041 1640 5096 καὶ
1689 5039 1815 5105 ὅσος
1871 5039 1966 5096 ἄλ-

313 5123 438 5188 λοις
477 5128 513 5196 ἡ
564 5129 702 5182 κατὰ
757 5131 917 5201 σῶμα
967 5129 1284 5204 ἡμάρτηται
1341 5128 1563 5202 πλάσις,
1621 5130 1791 5204 Θυμὸν
1839 5130 1963 5184 ἀνα-

310 5211 705 5289 λαμϐάνουσιν,
765 5215 856 5272 ὅτε
911 5217 1044 5271 ποτε
1101 5217 1470 5290 σκώπτονται,
1517 5220 1607 5274 καί
1654 5240 1737 5281 τις
1795 5216 1962 5274 οῚεται

309 5300 405 5358 διὰ
451 5307 639 5373 ταῦτα,
665 5304 754 5360 καὶ
785 5305 876 5360 τὸν
904 5303 1269 5382 ἱλεγχόμενον
1300 5307 1390 5362 καὶ
1447 5306 1590 5363 οὕτω
1620 5307 1959 5384 χολούμενον

310 5390 547 5456 δεόντως
595 5392 931 5470 ἀγανακτεῖν,
978 5392 1053 5456 ὡς
1105 5397 1194 5449 οἵα
1239 5390 1747 5472 περιυϐριζόμενον,
1801 5416 1964 5470 γινω-

309 5481 486 5537 σκέτω
518 5481 581 5537 οὐ
613 5479 801 5546 καλῶς
830 5480 1055 5539 δίεσθαι.
1087 5483 1166 5541 Οὐ
1213 5485 1320 5560 γὰρ
1374 5485 1568 5540 ταῦτὸν
1622 5485 1960 5549 σκώπτεσθαι

307 5569 402 5625 γαὶ
445 5569 782 5647 ἐλέγχεσθαι.
812 5571 890 5628 Τὸ
951 5571 1045 5644 μὶν
1093 5572 1196 5649 γὰρ
1253 5577 1493 5648 σκῶμμα
1545 5573 1724 5642 παίζει
1775 5593 1960 5651 κυριο-

311 5656 703 5734 λεκτούμενον,
735 5660 764 5715 6
796 5655 854 5714 δὶ
882 5656 1118 5737 ἔλεγχος
1149 5658 1429 5732 ἰπουδάζει
1459 5661 1550 5718 καὶ
1574 5659 1810 5738 διορθοῖ.

385 5762 491 5830 λθ’.
522 5763 601 5824 Οὐ
626 5763 808 5822 τοίνυν
840 5761 970 5823 οὐδὲ
1021 5767 1187 5842 ἡμεῖς
1245 5764 1646 5834 διδασκαλικῶς
1701 5767 1960 5848 ἐλέγχον-

2079 4783 2296 4847 autem,
2313 4793 2564 4852 quorum
2582 4793 2719 4848 ergo
2740 4776 2988 4847 primus,
3009 4773 3264 4846 peccatis
3282 4771 3577 4842 obcaecati,
3597 4786 3732 4825 cum

2078 4869 2353 4924 audimus
2396 4883 2526 4924 esse
2575 4865 2775 4920 lumen
2823 4871 2880 4920 et
2935 4863 3088 4919 sicut
3138 4862 3223 4918 sol
3273 4861 3519 4933 fulgere,
3550 4875 3731 4930 quare

2076 4974 2184 5013 nos
2231 4955 2456 5012 irrideri
2504 4971 2618 5010 non
2669 4952 2992 5024 putamus?
3039 4953 3151 5007 Sed
3194 4956 3472 5023 perpetuo
3519 4947 3729 5003 lauda-

2072 5045 2292 5100 tionem
2325 5044 2522 5099 audire
2545 5041 2837 5098 volumus.
2861 5041 2917 5096 Si
2946 5057 3078 5096 vero
3099 5041 3340 5095 strabus
3369 5042 3429 5094 et
3457 5036 3727 5104 claudus,

2074 5138 2132 5190 et
2175 5135 2514 5205 quicunque
2563 5129 2665 5186 tali
2697 5129 2960 5202 corporis
3009 5129 3431 5185 deformatione
3477 5125 3724 5194 laborat,

2073 5223 2161 5278 ira
2192 5221 2518 5291 moventur,
2551 5235 2686 5275 cum
2732 5217 3156 5274 cavillationem
3209 5217 3476 5285 audiunt,
3512 5221 3570 5270 et
3597 5213 3728 5268 ideo

2074 5313 2209 5384 quis
2261 5315 2426 5384 putat
2472 5325 2607 5365 eum
2659 5305 2759 5380 qui
2808 5306 3275 5379 reprehenditur,
3326 5321 3462 5360 cum
3493 5304 3578 5359 sic
3609 5303 3724 5358 ira-

2073 5401 2279 5469 scitur,
2305 5398 2508 5454 merito
2526 5395 2823 5468 indignari
2841 5400 3123 5468 tanquam
3154 5395 3430 5467 injuriam
3456 5408 3727 5465 passum,

2072 5489 2328 5545 multum
2358 5491 2533 5543 errat.
2583 5489 2708 5540 Non
2756 5484 2912 5540 enim
2944 5484 3101 5540 idem
3149 5483 3580 5540 cavillationem
3610 5483 3722 5539 sub

2071 5579 2156 5635 ire
2185 5584 2244 5634 et
2281 5574 2627 5648 reprehendi
2662 5591 2674 5630 :
2709 5572 3000 5630 cavillatio
3052 5573 3210 5630 enim
3243 5573 3476 5645 proprie
3505 5589 3607 5644 per
3636 5572 3722 5629 lu-

2071 5669 2214 5724 dum
2245 5666 2384 5740 agit,
2434 5663 2811 5736 reprehensio
2840 5678 2974 5719 vero
3017 5663 3169 5720 serio
3199 5663 3322 5736 agit
3367 5667 3425 5718 et
3454 5662 3714 5735 corrigit.

2140 5775 2229 5832 39.
2255 5773 2373 5831 Nec
2402 5773 2583 5846 igitur
2611 5787 2740 5842 nos,
2769 5785 2906 5826 cum
2937 5770 3200 5829 docendo
3229 5768 3714 5844 reprehendimus
