4082 6364
390 454 508 512 667

1169 453 1586 516 EUSTATHII
1632 453 2405 516 THESSALONICENSIS
2452 455 3035 519 METROPOLITIE

3720 455 3831 515 668

389 600 506 639 non
539 585 840 656 probrose,
874 602 1064 656 neque
1093 585 1396 658 injuriose,
1442 587 1540 642 sed
1575 586 1647 642 ad
1678 585 1882 658 lapsus
1915 603 2041 644 cor-

2170 605 2264 653 ιες,
2297 586 2384 641 καὶ
2438 588 2578 660 μήτε
2627 585 3017 657 ὀνειδιπικῶς,
3073 584 3214 662 μηδὲ
3261 587 3400 664 πρὸς
3463 580 3658 661 ὕϐριν,
3691 583 3830 641 ἀλλὰ

387 675 705 730 rectionem
750 674 1284 747 revelationemque
1330 692 1523 743 casus,
1555 677 1644 732 vel
1676 675 2042 733 cavillatione

388 763 656 833 capimur
700 765 787 819 vel
832 766 1276 837 exprobramus.
1329 771 1400 820 At
1431 783 1562 821 vero
1615 767 1767 821 sicut
1805 767 1904 838 qui
1939 767 2036 821 de-

387 855 514 907 vios
545 870 578 908 a
609 860 765 908 recta
793 855 884 908 via
907 855 1192 909 reducunt
1221 854 1290 909 ad
1324 854 1509 926 illam,
1536 861 1594 910 et
1623 855 2041 928 impugnantes

393 943 770 1008 errationem,
828 949 884 999 et
932 946 1085 998 viam
1136 945 1590 1000 directissimam
1643 945 1800 1000 illico
1851 950 2042 1001 osten-

393 1032 618 1098 dentes,
653 1049 764 1086 non
811 1032 1188 1100 invehuntur,
1225 1050 1326 1088 nec
1373 1035 1654 1104 injuriose
1701 1039 1902 1106 agunt,
1937 1050 2040 1088 nec

393 1121 823 1186 convitiantur;
875 1121 958 1176 sic
1005 1138 1195 1194 neque
1243 1123 1343 1193 qui
1375 1124 1814 1195 reprehendunt
1840 1123 1898 1178 in
1945 1140 2043 1178 ex-

389 1207 696 1276 hortando,
749 1209 1062 1266 molestum
1111 1211 1254 1283 quid
1306 1211 1564 1277 faciunt,
1592 1213 1693 1268 sed
1746 1230 1896 1285 opus
1931 1214 2042 1270 Deo

388 1303 622 1368 gratum
656 1299 985 1369 perficiunt,
1019 1302 1159 1356 dum
1211 1302 1270 1356 in
1305 1303 1476 1357 rectis
1507 1302 1735 1374 legibus
1765 1307 1822 1357 et
1853 1303 1910 1358 in
1943 1320 2043 1358 ca-

389 1402 612 1441 nonum
646 1387 994 1444 rectitudine
1017 1390 1256 1446 ﬁrmant
1279 1407 1378 1447 eos
1399 1390 1499 1463 qui
1529 1391 1603 1447 ab
1634 1391 1752 1447 illis
1783 1391 2042 1447 declina-

389 1482 618 1530 verunt.

465 1565 553 1618 40.
589 1565 673 1620 Ad
726 1567 866 1638 quid
917 1567 1062 1623 mihi
1115 1569 1275 1624 ista?
1321 1570 1539 1626 Idcirco
1572 1573 1638 1625 ut
1685 1587 1801 1625 non
1841 1585 2043 1625 omnes

389 1669 661 1710 moneam
692 1655 942 1712 invicem
976 1659 1421 1730 reprehendere,
1452 1664 1509 1716 et
1539 1661 1610 1716 ab
1643 1660 1890 1715 invicem
1923 1659 2040 1729 spi-

389 1743 681 1799 rilualiter
708 1749 767 1800 et
805 1746 1058 1802 fraterne
1104 1749 1474 1820 reprehendi,
1505 1759 1558 1805 et
1606 1750 1686 1805 ita
1717 1766 1830 1804 non
1861 1765 2042 1803 caecos

393 1831 700 1888 ambulare
748 1834 807 1888 in
859 1834 994 1905 vita,
1041 1840 1142 1891 sed
1202 1837 1515 1909 diligenter
1558 1839 1703 1893 illud
1753 1837 1905 1910 quod
1951 1852 2042 1892 se-

395 1921 654 1976 cundum
689 1921 870 1978 Deum
921 1931 1029 1993 est,
1062 1925 1174 1981 iter
1203 1926 1466 1998 implere,
1500 1928 1700 1999 sicque
1750 1927 2043 1999 sapientes
2075 1958 2122 2024 B

393 2010 636 2066 evadere
681 2013 851 2082 juxta
900 2013 1055 2069 istud
1110 2031 1122 2070 :
1184 2037 1213 2066 «
1245 2016 1529 2072 Dominus
1585 2017 1884 2073 illuminat
1938 2031 2046 2070 caa-

401 2101 605 2165 cos”;
638 2122 666 2150 »
715 2101 814 2172 qui
865 2119 1006 2158 sane
1059 2104 1215 2160 velut
1246 2106 1302 2160 in
1352 2107 1628 2174 tenebris,
1662 2107 1721 2162 in
1774 2106 1884 2162 hac
1933 2104 2049 2160 vita

401 2194 832 2258 conversantes,
883 2208 916 2246 a
966 2192 1081 2249 Deo
1138 2199 1291 2249 recte
1337 2196 1696 2267 diriguntur,
1737 2201 1794 2251 et
1841 2196 2051 2250 itinera

401 2277 713 2347 perﬁciunt
738 2281 810 2335 ad
843 2281 1212 2352 splendidam
1238 2283 1530 2340 luminum
1555 2285 1762 2352 facem,
1796 2301 2048 2356 quorum

400 2366 742 2424 excellentia
771 2375 910 2425 sunt
948 2370 1237 2444 ellychnia
1265 2373 1619 2445 spiritalium
1654 2373 2054 2446 reprehensio-

401 2471 545 2510 num
577 2457 921 2530 disciplinae.

474 2545 562 2600 41.
609 2549 855 2619 Insuper
898 2553 955 2603 et
985 2549 1053 2604 ad
1086 2550 1314 2606 virilem
1367 2551 1734 2608 nobilitatem
1783 2552 2054 2608 exhortor

402 2633 501 2705 qui
535 2651 766 2690 mecum
815 2641 957 2692 sunt
995 2639 1168 2709 cives,
1201 2647 1258 2696 et
1299 2640 1514 2697 induco
1565 2641 2051 2706 recordationem,

401 2728 467 2777 ut
497 2723 870 2780 dimittantur
897 2725 1008 2781 illze
1041 2727 1323 2800 imperitae
1358 2747 1423 2785 ac
1472 2731 1822 2802 importuna;
1857 2731 2049 2798 minas,

402 2812 497 2866 hic
547 2814 809 2869 dentium
865 2815 1308 2888 intempestivus
1361 2820 1591 2887 stridor,
1627 2819 1685 2874 hi
1738 2820 1794 2874 in
1837 2835 2053 2875 vanum

400 2901 616 2972 linguas
663 2903 921 2972 ardores,
954 2905 1013 2960 in
1065 2914 1254 2963 mente
1304 2908 1606 2979 proverbio
1655 2908 1852 2964 habito
1897 2907 2052 2979 quod

400 3011 428 3040 «
463 2989 720 3046 virorum
752 2998 841 3048 est
869 3010 1060 3066 agere,
1095 2995 1410 3052 mulierum
1443 3002 1640 3054 autem
1669 2996 1852 3069 loqui.
1891 3018 1912 3046 ι

473 3171 564 3224 42.
596 3171 713 3243 Ego
749 3171 928 3244 igitur
956 3174 1210 3244 extabui,
1243 3176 1327 3231 sic
1361 3177 1695 3249 frequenter
1742 3176 2052 3233 exterritus

403 3259 606 3330 minis,
637 3260 828 3334 iisque
858 3263 917 3317 in
951 3280 1044 3319 me
1078 3265 1371 3333 maximis,
1399 3267 1625 3322 fratres.
1657 3267 1701 3322 Ο
1728 3284 1852 3330 vos,
1874 3283 2050 3333 unus,

2150 675 2286 747 πρὸς
2319 672 2610 752 διόρθωσιν
2645 675 2961 756 σφὰλματος
3016 678 3105 732 καὶ
3155 676 3430 752 ἀνέγερσιν
3494 676 3821 749 πτώματος,

2151 763 2185 832 ἢ
2217 763 2552 838 ἀλισκόμεθα
2602 768 2959 840 σκώμματος,
3009 768 3042 836 ἧ
3093 763 3458 840 ὀνειδίζομεν.
3499 764 3664 822 Ἀλλ’
3728 767 3824 820 ὥσ-

2149 873 2249 928 περ
2301 855 2351 908 οἱ
2398 854 2524 917 τοὺς
2577 856 2934 932 ἐκτραπέντας
2963 859 3061 924 τῆς
3103 857 3270 932 ὀρθῆς
3333 852 3466 909 ὁὸοὖ
3525 853 3821 930 ἐπανάγον-

2148 962 2236 1004 τες
2269 942 2344 1005 εἷς
2394 944 2584 1014 αὐτὴν,
2611 945 2701 1000 καὶ
2752 942 3096 1007 διδάσκοντες
3135 947 3235 1015 τήν
3279 941 3704 1015 ἀποπλάνησιν,
3737 945 3819 998 καὶ

2149 1032 2250 1099 τὴν
2319 1035 2742 1106 σκοπιμωτάτην
2817 1033 3140 1097 ἐνπατικῶς
3221 1031 3669 1100 ὑποδεικνύντες,
3730 1031 3824 1088 οὐκ

2152 1119 2492 1191 ἐπιτίθενται,
2554 1120 2669 1178 οὐδ’
2753 1123 3107 1197 ἀτιμάζουσιν
3140 1165 3155 1192 ,
3213 1121 3338 1178 οὐδὲ
3431 1119 3818 1192 ὀνειδίζουσιν

2153 1210 2325 1272 οὕτως
2381 1209 2506 1266 οὐδὲ
2555 1212 2606 1266 οἱ
2659 1211 3036 1288 ἐξελέγχοντες
3069 1213 3208 1289 πρὸς
3266 1211 3615 1287 παραίνεσιν,
3656 1211 3824 1283 λυπη-

2153 1299 2244 1374 ρόν
2273 1322 2327 1356 τι
2352 1306 2623 1369 ποιοῦσιν,
2655 1300 2801 1357 ἀλλὰ
2847 1306 2964 1374 Θεῷ
3010 1301 3236 1377 ἀρέσκον
3296 1295 3458 1376 ἔργον
3517 1299 3821 1356 ἀποτελοῦ-

2150 1410 2224 1458 σι,
2255 1390 2446 1462 νόμοις
2481 1390 2664 1465 ὀρθοῖς
2711 1391 2802 1444 καὶ
2847 1391 3088 1446 κανόνων
3136 1388 3422 1462 εὐθύτησιν
3498 1384 3825 1463 ἐμϐιϐάζον-

2150 1499 2236 1541 τες
2267 1477 2396 1542 τοὺς
2420 1477 2470 1550 ἐξ
2502 1479 2678 1534 αὐτῶν
2708 1482 3236 1556 παροιστρήσαντας.

2227 1569 2298 1640 μ’.
2329 1568 2470 1641 Πρὸς
2524 1568 2576 1623 τί
2612 1590 2720 1644 ,μοι
2772 1568 3121 1642 ἀποτέλεσμα
3172 1566 3510 1639 ταῦταςΕἷς
3565 1569 3633 1623 τὸ
3690 1569 3822 1622 πάν-

2150 1676 2245 1718 τας
2276 1658 2423 1729 ἡμᾶς
2456 1660 2658 1732 χρῆναι
2706 1655 2991 1729 ἀλλήλους
3043 1657 3316 1733 ἐλάγχειν,
3350 1655 3441 1712 καὶ
3499 1657 3594 1712 ὑπ’
3647 1654 3822 1727 ἀλλή-

2153 1741 2264 1798 λων
2325 1744 2643 1822 ἐλέγχεσθαι
2704 1752 3089 1820 πνευματικῶς
3167 1746 3258 1801 καὶ
3329 1743 3678 1822 ἀδελφικῶς,
3731 1745 3816 1800 καὶ

2153 1832 2294 1889 οὕτω
2330 1836 2403 1907 μὴ
2431 1833 2671 1913 τυφλοὺς
2711 1841 3025 1912 περιπατεῖν
3075 1834 3128 1892 ἐν
3165 1835 3292 1911 βίῳ,
3322 1832 3449 1890 ἀλλ’
3501 1829 3816 1910 ἐξακριϐοῦ-

2155 1925 2274 1978 σθαι
2332 1925 2399 1978 τὰ
2453 1926 2589 1980 κατά
2644 1927 2772 1980 Θεὸν
2847 1919 3181 1999 διαδήματα,
3237 1925 3325 1979 καὶ
3403 1922 3556 1979 οὕτω
3614 1922 3810 2002 σοφοὺς

2155 2008 2496 2068 ἀπεκϐαίνειν
2551 2014 2685 2069 κατά
2737 2015 2820 2070 τό·
2861 2037 2888 2070 α
2918 2015 3115 2090 Κύριος
3171 2018 3335 2089 σοφοῖ
3388 2011 3656 2092 τυφλούς·
3693 2037 3721 2066 ιο
3759 2014 3809 2068 οἳ

2157 2100 2372 2173 δηλαδὴ
2405 2105 2478 2165 ὡς
2509 2103 2560 2158 ἐν
2592 2105 2794 2177 σκότῳ,
2821 2108 2903 2176 τῷ
2954 2104 3059 2180 βίῳ
3096 2103 3296 2176 τούτῳ,
3331 2103 3805 2181 ἀναστρεφόμενοι,

2161 2192 2293 2267 ὀρθὰ
2323 2190 2746 2267 ποδηγετοῦνται
2787 2193 2988 2263 θεόθεν,
3017 2192 3106 2248 καὶ
3158 2193 3262 2248 ὑπὸ
3310 2192 3507 2270 φώτων
3557 2191 3804 2268 λαμπρο-

2157 2283 2334 2337 τάτων
2385 2281 2660 2354 ἐξανύουσι
2709 2283 2806 2344 τὰς
2853 2281 3096 2358 πορείας,
3151 2281 3225 2336 ὧν
3282 2278 3608 2356 θρυαλλίδες
3656 2281 3806 2354 εὐγε-

2160 2377 2269 2436 νεῖς
2299 2372 2389 2426 καὶ
2438 2372 2492 2425 αἱ
2543 2371 2681 2427 κατὰ
2733 2370 2860 2434 τοὺς
2905 2369 3304 2445 πνευματικοὺς
3334 2369 3602 2448 ἐλίγχους
3656 2367 3805 2424 διδα-

2161 2459 2407 2518 σκαλίαι.

2237 2552 2344 2624 μα’.
2379 2549 2502 2608 Ἐπὶ
2569 2547 2636 2619 δή
2705 2549 2921 2612 τούτοις
2978 2547 3366 2625 προκαλοῦμαι
3422 2547 3497 2610 είς
3545 2545 3797 2621 ἀνδρικὴν

2163 2639 2427 2715 εὐγένειαν
2481 2639 2609 2702 τοὺς
2655 2639 2749 2694 σὺν
2793 2639 2916 2713 ἐμοὶ
2979 2635 3238 2708 πολίτας,
3287 2637 3370 2695 καί
3421 2635 3609 2709 εἰσάγω
3662 2636 3793 2704 μνή-

2167 2749 2272 2801 μην
2336 2728 2581 2804 ἀφίεσθαι
2634 2733 2743 2783 τῶν
2802 2728 2892 2781 καὶ
2949 2725 3184 2800 ἀπείρων
3239 2726 3328 2782 καὶ
3367 2723 3583 2798 ἀκαίρων
3636 2722 3778 2775 ἀπει-

2164 2815 2300 2890 λῶν,
2333 2818 2427 2872 τοῦ
2457 2817 2603 2892 παρᾶ
2654 2816 2796 2892 ὥραν
2853 2816 3105 2891 βρυγμοῦ
3151 2819 3261 2870 τῶν
3310 2811 3672 2883 ὁδόντων,τῶν
3727 2807 3778 2864 ἐν

2163 2912 2340 2968 κενοῖς
2383 2903 2804 2982 γλωσσαλγιῶν,
2856 2903 3294 2978 ἐνθυμουμένους
3365 2903 3428 2958 τὸ
3481 2896 3790 2975 περιᾳδόμε-

2161 3017 2274 3064 νον,
2306 2997 2382 3058 ὡς
2413 3021 2441 3049 ‹‹
2474 2993 2682 3072 ἀνδρῶν
2721 2995 2816 3068 μὶν
2845 2994 2910 3049 τὸ
2956 2999 3158 3062 ποιεῖν,
3188 2995 3455 3070 γυναικῶν
3507 2988 3561 3046 δὲ
3601 2989 3660 3044 τὸ
3703 2985 3795 3044 λα-

2165 3085 2277 3140 λεῖν
2289 3127 2300 3140 .
2336 3108 2364 3138 ››

2239 3169 2347 3249 μ6“.
2380 3175 2520 3250 Ἐγὼ
2579 3172 2669 3227 οὗν
2735 3171 3016 3243 ἐκτέτηκα,
3073 3170 3216 3228 οὕτω
3277 3171 3453 3246 συχνὰ
3524 3161 3806 3243 καταϐρον-

2163 3265 2410 3338 τώμενος
2461 3260 2736 3334 ἀπειλαῖς,
2784 3261 2874 3316 καὶ
2942 3265 3113 3316 ταῦτα
3164 3265 3285 3323 ταῖς
3335 3258 3463 3334 ἐμοὶ
3518 3257 3806 3332 μεγίσταις,

402 3349 540 3415 duo,
574 3355 714 3418 tres,
748 3350 966 3422 plures,
1000 3355 1100 3424 qui
1135 3354 1314 3410 nimis
1345 3356 1415 3410 ad
1450 3355 1597 3411 iram
1631 3356 1942 3421 ferventes,
1977 3357 2048 3412 ad

2170 3327 2417 3426 ἀδελφοί.
2447 3353 2509 3406 Ὀ
2537 3355 2634 3420 εἷς,
2669 3327 2732 3405 οῖ’
2761 3348 2881 3418 δύο,
2912 3352 2964 3405 οἱ
3007 3355 3178 3425 τρεῖς,
3211 3351 3262 3405 οἱ
3319 3327 3528 3404 τούτων
3571 3327 3808 3416 πλείους,

404 3436 744 3493 charitatem
779 3440 999 3512 frigetis
1042 3446 1098 3496 et
1128 3445 1197 3497 ad
1251 3443 1625 3500 dilectionem
1659 3446 1804 3501 forte
1837 3447 2056 3502 mortui

404 3525 565 3591 estis,
598 3527 773 3582 sinite
805 3545 897 3583 me
948 3529 1104 3584 brevi
1138 3531 1326 3586 vivere
1380 3537 1666 3605 tempore,
1715 3551 1829 3606 quo
1861 3536 2057 3591 victu-

405 3630 508 3670 rus
556 3632 708 3682 sum,
742 3615 827 3671 vel
873 3618 1048 3673 citius
1096 3619 1282 3676 tollite
1338 3637 1431 3676 me
1461 3624 1531 3677 de
1578 3624 1719 3678 vita.
1772 3624 2057 3681 Dimittite

407 3703 679 3760 calcaneo
713 3705 856 3761 mihi
907 3707 1192 3780 insidiari,
1227 3710 1500 3776 scientes,
1539 3713 1896 3784 praecipuum
1929 3729 2059 3769 esse

407 3795 481 3848 ad
537 3794 844 3851 interitum
900 3797 1182 3854 inhaerere
1235 3800 1418 3870 cordi,
1462 3801 1799 3874 visceraque
1849 3803 2059 3860 dilace-

407 3900 535 3939 rare
577 3887 636 3939 et
677 3883 940 3960 lambere
989 3903 1275 3944 cruorem.
1328 3891 1607 3962 Cogitate,
1652 3891 1808 3964 quod
1862 3908 1963 3948 sex
2004 3895 2061 3948 et

410 3975 610 4028 decem
658 3974 796 4028 anni
821 3975 948 4046 jam
997 3982 1160 4044 sunt,
1193 3979 1412 4049 quibus
1464 3981 1737 4036 adversos
1785 3998 1893 4037 nos
1923 3982 2061 4036 den-

414 4066 502 4117 tes
534 4063 764 4119 acuitisL
797 4063 1112 4137 Usquequo
1143 4067 1226 4122 sic
1268 4067 1602 4125 laborantes
1649 4070 2063 4126 sustinebitis?

413 4152 578 4220 Ecce,
602 4153 1002 4224 postjudicem
1024 4155 1370 4226 maximum,
1387 4159 1679 4215 ccelestem
1704 4161 1854 4227 dico,
1877 4159 2063 4214 maxi-

410 4258 547 4297 mus
578 4241 637 4296 in
669 4241 760 4298 his
804 4243 904 4314 qui
935 4249 1077 4300 sunt
1125 4261 1302 4317 super
1332 4252 1546 4303 terram
1582 4264 1594 4302 :
1629 4248 1689 4303 in
1721 4265 1954 4304 causam
1991 4249 2064 4304 ad

410 4330 582 4386 illum
631 4331 1013 4389 adducendus
1070 4339 1160 4390 est
1214 4335 1406 4391 malus
1464 4337 1903 4394 archisacerdos
1946 4337 2064 4406 ille,

413 4420 516 4491 qui
568 4435 670 4475 vos
713 4422 987 4491 excoriat,
1039 4423 1138 4494 qui
1187 4422 1362 4493 laedit,
1415 4425 1515 4495 qui
1567 4426 1903 4497 injuriatur,
1965 4425 2066 4497 qui

415 4509 590 4579 rapit,
636 4508 735 4579 qui
786 4512 1182 4584 quodcunque
1231 4512 1451 4568 malum
1501 4514 1658 4569 facit.
1713 4519 1780 4568 Et
1820 4514 1917 4570 ille
1945 4531 2069 4570 ma-

415 4613 600 4669 gnum
650 4597 912 4653 scandali
963 4599 1220 4672 lapidem
1273 4602 1516 4669 auferet,
1562 4607 1620 4658 et
1646 4619 1751 4658 vos
1800 4602 1882 4658 ita
1912 4608 2067 4660 recte

2167 3444 2219 3497 oi
2250 3441 2396 3516 παρὰ
2421 3442 2484 3495 τὸ
2516 3438 2634 3496 δέον
2669 3439 2861 3516 θερμοὶ
2893 3439 2945 3504 ἐς
2984 3440 3176 3516 ὀργὴν,
3209 3439 3261 3494 οἱ
3308 3439 3376 3493 τὰ
3432 3438 3528 3512 μὶν
3589 3436 3642 3499 ἐς
3700 3433 3814 3510 ἀγᾶ-

2165 3553 2274 3601 πην
2329 3530 2558 3606 ψυχροὶ,
2609 3530 2675 3584 τὰ
2731 3526 2789 3583 δὲ
2845 3528 2898 3591 ἐς
2953 3527 3136 3606 φιλίαν
3203 3529 3418 3602 μήποτε
3469 3526 3559 3582 καὶ
3620 3522 3812 3600 νεκροί·

2168 3621 2327 3696 ἅφετέ
2390 3641 2456 3694 με
2516 3623 2612 3693 ζῇν
2667 3619 2756 3673 τὸν
2821 3618 3028 3694 βραχὺν
3097 3617 3320 3694 χρόνον,
3352 3618 3411 3672 ’ὸν
3449 3611 3817 3693 βιώσομαι,ἢ

2169 3708 2314 3766 ἀλλά
2342 3710 2536 3784 τάχιον
2569 3707 2874 3783 ἀπαγάγετέ
2926 3727 2991 3780 με
3043 3711 3140 3762 τοῦ
3201 3706 3344 3782 βίου.
3379 3712 3586 3780 ’Ἄφετε
3641 3708 3816 3779 τηρεῖν

2175 3820 2268 3872 μοι
2316 3800 2414 3868 τήν
2465 3798 2718 3874 πτέρναν,
2754 3793 2959 3858 εἰδότες
3010 3795 3220 3871 καίριον
3267 3795 3400 3850 εἶναι
3459 3795 3538 3857 είς
3601 3791 3817 3867 ὄλεθρον

2169 3887 2400 3966 ἐμφῦναι
2475 3889 2544 3960 τῇ
2619 3883 2818 3962 καρδιᾳ
2891 3884 2981 3940 καὶ
3059 3884 3325 3960 σπαράξαι
3385 3881 3697 3958 σπλάγχνα,
3739 3879 3820 3937 καὶ

2171 3974 2393 4032 λάπτειν
2426 3973 2676 4049 α’ίματος.
2710 3969 2919 4029 Λάϐετε
2945 3975 3082 4030 κατὰ
3127 3978 3275 4046 νοῦν,
3311 3973 3397 4028 ὅτι
3563 3969 3674 4043 ἤδη
3724 3990 3820 4027 που

2170 4067 2260 4122 καὶ
2292 4063 2421 4121 δέκα
2449 4064 2706 4131 ἐνιαυτοὶ,
2738 4063 2790 4118 ἐν
2825 4065 2908 4127 οἷς
2961 4065 3078 4118 καθ’
3109 4065 3270 4135 ἡμῶν
3318 4061 3622 4124 ἀκονῶντες
3675 4057 3825 4116 ὁδόν-

2171 4176 2266 4217 τας
2304 4155 2535 4228 ὁξύνετε.
2569 4151 2758 4229 Μέχρι
2807 4151 2953 4216 τίνος
3007 4151 3253 4223 ἀνίξεσθε
3300 4149 3445 4208 οὕτω
3491 4151 3824 4223 κάμνοντες;

2175 4242 2316 4302 Ἰδοὺ
2364 4245 2392 4299 ὁ
2445 4243 2579 4316 μετᾶ
2621 4242 2714 4298 τὸν
2770 4241 3020 4315 μέγιστον
3073 4238 3353 4310 δικαστήν,
3400 4240 3492 4295 τὸν
3553 4238 3824 4316 οὐράνιον,

2180 4333 2431 4408 μέγιστος
2496 4331 2547 4386 ἐν
2603 4336 2722 4393 τοῖς
2771 4329 2862 4385 ἐπὶ
2918 4335 3022 4405 γῆς
3074 4327 3264 4384 ἀκτέον
3320 4328 3446 4401 παρ’
3496 4326 3692 4400 ἐκείνῳ
3743 4326 3825 4381 τὸν

2175 4423 2336 4478 κακὸν
2361 4420 2640 4497 ἀρχιερὲα,
2675 4421 2766 4475 τὸν
2821 4415 3132 4474 σκύλλοντα
3167 4418 3328 4492 ὑμᾶς,
3357 4416 3454 4473 τὸν
3498 4415 3828 4492 βλάπτοντα,

2173 4513 2265 4566 τὸν
2348 4507 2659 4582 ἀδικοῦντα,
2732 4509 2824 4563 τὸν
2901 4506 3234 4582 ἁρπάζοντα,
3285 4506 3377 4561 τὸν
3459 4507 3596 4561 ἅπαν
3677 4504 3830 4562 κακὸν

2173 4604 2458 4657 ποιοῦντα.
2514 4597 2616 4653 Καὶ
2674 4596 2877 4660 ἐκεῖνος
2939 4595 3276 4672 ἐξαιρήσεται
3334 4596 3398 4650 τὸ
3468 4593 3602 4670 μέγα
3666 4593 3831 4670 πρόσ-

417 4685 788 4758 gradiemini.
824 4688 956 4744 Esto
987 4690 1253 4760 quaedam
1285 4695 1342 4746 et
1385 4707 1454 4746 ex
1482 4690 1642 4748 vobis
1668 4691 1876 4762 gratia,
1906 4693 2056 4764 quod

2172 4710 2384 4763 κομμα,
2426 4687 2518 4743 καὶ
2579 4689 2735 4761 ὑμεῖς
2800 4687 2934 4762 ὀρθὰ
2991 4685 3133 4741 οὕτω
3197 4681 3458 4761 βαδίσετε.
3518 4684 3701 4740 Ἔστω
3755 4699 3829 4741 τις

417 4791 487 4831 ex
539 4776 934 4833 Romanorum
993 4784 1149 4834 terra
1197 4795 1300 4851 per
1346 4796 1448 4837 vos
1492 4780 1756 4836 deleatur
1802 4781 2069 4837 omnium

418 4869 622 4921 auctor
653 4865 943 4922 malorum
995 4868 1357 4923 Eustathius.
1408 4868 1756 4925 Denuntiate
1801 4887 1916 4942 me,
1949 4871 2070 4926 dis-

417 4953 765 5011 simulatum
812 4956 1074 5025 malum;
1133 4957 1381 5014 revelata
1437 4975 1552 5026 me,
1586 4959 1902 5030 perniciem
1954 4977 2071 5016 non

422 5046 698 5101 omnibus
765 5047 1161 5102 manifestam.
1225 5048 1540 5104 Invenietis
1605 5051 1858 5121 gratiam
1916 5049 2072 5121 apud

421 5134 603 5190 Deum
636 5138 693 5190 et
736 5135 1025 5203 homines,
1057 5153 1125 5192 ex
1153 5136 1263 5192 hoc
1294 5153 1460 5193 sacro
1505 5138 1651 5209 loco,
1696 5138 1865 5194 illum
1897 5155 2073 5210 quem

420 5240 524 5279 vos
550 5223 827 5280 indicatis
858 5223 1260 5289 maledictum,
1293 5227 1642 5283 auferentes.
1669 5232 1791 5282 Non
1824 5244 1924 5283 vos
1955 5244 2077 5282 om-

423 5330 548 5384 nes,
599 5312 830 5381 fratres,
887 5313 1109 5387 pudore
1156 5315 1418 5371 afficiens
1463 5315 1586 5373 hinc
1635 5316 1785 5372 dico.
1823 5316 2077 5371 Perfecta

424 5402 643 5472 quippe
675 5403 831 5469 novi,
855 5403 1010 5458 sicut
1042 5404 1440 5461 numerabiles
1468 5404 1760 5473 inimicos,
1785 5404 1868 5459 sic
1897 5404 2075 5459 etiam

423 5492 661 5543 castores
705 5492 805 5561 qui
841 5494 1045 5562 Deum,
1079 5490 1176 5562 qui
1225 5491 1563 5564 Ecclesiam,
1609 5492 1712 5564 qui
1744 5493 2078 5548 sacerdotes

423 5578 645 5640 amant,
691 5593 806 5636 uno
852 5583 1053 5654 verbo,
1106 5581 1208 5653 qui
1255 5582 1315 5638 in
1364 5583 1481 5640 Deo
1528 5583 1737 5639 fratres
1782 5581 2075 5654 diligunt;

487 5784 535 5821 ιτ
566 5781 726 5845 Psal.
759 5806 918 5866 chv,
950 5799 1005 5853 8.

2180 4779 2344 4855 χάρις
2372 4777 2463 4833 καὶ
2493 4775 2545 4848 ἐξ
2583 4777 2735 4850 ὑμῶν
2768 4774 2852 4831 ὅτι
2908 4781 3010 4845 τῆς
3051 4772 3355 4847 Ῥωμαΐδος
3395 4771 3466 4828 δι’
3502 4773 3664 4846 ὑμῶν
3711 4773 3830 4828 ἀπα·

2183 4868 2471 4946 λιφήσεται
2526 4867 2555 4921 ὁ
2603 4869 2818 4921 πάντων
2872 4869 3051 4919 κακῶν
3106 4859 3284 4925 αἴτιος
3340 4861 3666 4926 Εὐστάθιος.
3717 4863 3824 4917 Ἐκ·

2181 4958 2384 5036 φήνατέ
2417 4977 2503 5030 με,
2535 4955 2598 5010 τὸ
2642 4953 2882 5010 ὕπουλον
2941 4948 3125 5008 κακόν·
3176 4949 3556 5025 ἀνακαλύψατὲ
3613 4972 3708 5024 με,
3745 4949 3822 5026 τὸν

2185 5047 2246 5102 οὗ
2276 5043 2580 5114 πασίδηλον
2614 5038 2863 5119 ὄλεθρον.
2893 5042 3168 5118 Εὑρήσετε
3224 5040 3387 5118 χάριν
3442 5041 3592 5116 παρά
3617 5061 3683 5097 τε
3721 5037 3822 5107 Θεῷ

2182 5133 2275 5188 καὶ
2323 5133 2654 5208 ἀνθρώποις,
2707 5129 3074 5208 ἀπαγαγόντες
3145 5126 3366 5185 τοιοῦδε
3431 5127 3605 5186 τόπου
3686 5125 3817 5202 ἁγίου

2185 5223 2275 5277 τὸν
2334 5223 2410 5284 ὡς
2467 5222 2622 5295 ὑμεῖς
2680 5219 2886 5297 κρίνετε
2943 5219 3134 5295 ἐναγῆ.
3195 5218 3312 5277 Οὐκ
3365 5217 3640 5293 ἐντρέπων
3701 5217 3810 5288 dph

2188 5313 2443 5382 ἅπαντας,
2494 5309 2539 5365 ὦ
2586 5308 2840 5390 ἀδελφοὶ,
2881 5313 3054 5365 ταῦτα
3103 5307 3272 5384 λέγω.
3323 5303 3686 5383 Ἦκριῦωκὼς
3728 5301 3816 5390 γὰρ

2187 5398 2328 5475 ἔχω,
2376 5399 2514 5457 καθά
2574 5398 2702 5464 τοὺς
2737 5386 3074 5476 *μετρητοὺς
3131 5395 3492 5474 φιλέχθρους,
3555 5395 3700 5452 οὕτω
3746 5386 3824 5446 καὶ

2185 5490 2314 5554 τοὺς
2370 5488 2600 5553 λοιποὺς
2655 5489 2970 5564 φιλοθέους,
3017 5485 3146 5550 τοὺς
3215 5483 3671 5564 φιλεκκλησίους,
3714 5479 3827 5540 τοὺς

2188 5576 2565 5658 φιλαργιερεῖς
2603 5579 2666 5636 τὸ
2711 5584 2817 5634 πᾶν
2877 5576 3073 5651 εἴπεῖν,
3100 5574 3230 5639 τοὺς
3277 5573 3329 5630 ἐν
3394 5578 3513 5648 Θεῷ
3567 5567 3830 5652 eausa-
