4082 6358
319 446 440 510 669

1329 442 1410 504 IN
1457 440 1520 503 S.
1559 441 2245 514 QUADRAGESIMAM
2291 446 2584 508 ORATIO
2627 447 2735 510 III.

3626 450 3746 510 6'10

321 596 456 656 φους
488 592 503 608 ο
555 573 648 637 οὓς
674 574 765 629 καὶ
812 570 1048 629 δυσωπῶ
1099 570 1422 647 ἰπεύχεσθαι
1478 574 1548 645 τῇ
1597 569 1758 626 πόλει
1807 571 1975 647 ταύτῃ

2098 592 2238 648 quos
2265 577 2608 650 suppliciter
2627 579 2924 648 deprecor,
2953 582 3021 635 ut
3061 583 3336 650 exoptant
3353 579 3488 635 huic
3519 579 3742 638 civitati

319 667 388 720 τὰ
422 662 696 740 βελτίονα,
721 660 815 716 ’ίνα
849 663 925 735 μὴ
971 661 1061 716 καὶ
1111 659 1340 716 ἐνταυθα
1385 666 1566 716 κακῶν
1626 658 1835 735 ἀνδρῶν
1863 659 1979 716 ὀλι-

320 757 518 835 γίστων
603 755 705 810 οὔκ
779 754 855 816 εἷς
932 753 1134 828 ἀγαθὸν
1211 751 1529 808 ἀπολαύωσι
1585 754 1654 808 τὰ
1709 753 1972 825 ἡμέτερα.

323 852 442 918 Θεὶ,
478 868 704 922 παναγιε
738 845 981 923 βασιλεῦ,
1023 845 1112 900 καὶ
1164 843 1391 921 βασιλεῦ
1447 842 1589 909 ἔνθεε
1623 865 1635 877 ⁸
1672 840 1974 919 ιπιϐλᾶψα-

321 959 385 995 τε
414 937 494 1016 ἐφ’
539 937 712 1011 ᾑμᾶς,
759 936 849 991 καὶ
893 935 1348 1007 κατασειομένους
1399 935 1750 1010 στερεώσατε,
1797 933 1888 988 ’ίνα
1937 932 1974 1003 ἤ

327 1026 382 1088 ἐν
412 1023 643 1104 ἀσφαλεῖ
685 1024 1016 1096 στησώμεθα
1060 1023 1516 1100 προφαινόμενοι,
1565 1020 1602 1091 ἤ
1634 1020 1781 1078 ἀλλά
1809 1043 1975 1077 κατα-

327 1115 576 1176 πεσόντες
623 1112 919 1185 κεισόμεθα
967 1112 1044 1177 εἷς
1099 1111 1414 1189 ἀνάγερτον.
1469 1116 1626 1166 Δυοῖν
1674 1113 1777 1186 γὰρ
1821 1110 1973 1176 θάτε-

327 1226 442 1284 ρον,
473 1203 510 1274 ἤ
561 1203 746 1265 καλῶς
796 1205 914 1277 ζῇν,
946 1199 983 1272 ἥ
1035 1203 1283 1267 τεθνάναι
1333 1201 1540 1270 καλῶς,
1587 1200 1846 1277 ἐφιέμεθα
1881 1199 1972 1255 καὶ

323 1294 509 1367 maele,
560 1292 638 1355 ὡς
682 1292 962 1366 ἄνθρωποι
1012 1289 1103 1345 καὶ
1159 1289 1420 1363 ἐμπαθεῖς
1485 1288 1578 1344 καὶ
1635 1289 1971 1364 περιπαθεῖς,

323 1385 508 1440 Ταῦτα
557 1381 750 1450 εἰπὼν,
801 1381 881 1442 οῖς
931 1379 1030 1435 οὐκ
1081 1377 1140 1434 ἂν
1195 1380 1340 1434 εἶ’ποι
1378 1400 1462 1444 τις
1496 1380 1571 1452 μὴ
1602 1378 1692 1434 καὶ
1728 1375 1976 1434 διδασκα-

321 1469 443 1526 λίαν
496 1470 707 1539 πυκνὴν
767 1467 1223 1544 παρενεσπάρθαι,
1285 1468 1356 1537 ἧς
1397 1465 1572 1523 ἕνεκεν
1622 1467 1976 1544 ὀφειλετικῶς

319 1558 549 1616 ἐνταῦθα
607 1556 1047 1633 συνηνέχθημεν,
1106 1559 1407 1633 σιγήσομαι
1455 1561 1554 1612 τοῦ
1602 1554 1824 1628 λοιποῦ,
1869 1553 1975 1620 ἓως

321 1648 382 1704 ἄν
414 1648 464 1722 ἐξ
499 1649 653 1722 ὑμῶν
715 1648 946 1720 μάθοιμι
991 1647 1394 1721 ἀποφαντικῶς,
1437 1645 1564 1702 ὅποι
1615 1649 1725 1701 τῶν
1758 1653 1977 1722 ἠρωτη-

330 1739 504 1811 μένων
584 1735 768 1792 τόπων
850 1733 1167 1807 κατατάξετε
1244 1737 1415 1808 ἡμᾶς,
1491 1733 1620 1797 τοὺς
1683 1729 1817 1796 ἴσως
1879 1734 1975 1807 μὲν

327 1826 575 1902 χρείους,
634 1823 771 1880 καθά
797 1845 882 1886 τις
919 1817 1020 1902 ἔφη
1049 1824 1240 1900 σοφὸς,
1271 1821 1404 1886 ἴσως
1437 1821 1497 1878 δὲ
1524 1823 1804 1899 ἀχρείους.
1839 1823 1977 1879 Τότε

2088 666 2350 733 meliora,
2385 685 2456 723 ne
2488 668 2582 723 hic
2609 685 2840 740 quoque
2885 685 2954 724 ex
3003 671 3381 742 paucissimis
3426 671 3599 726 malis
3631 670 3740 725 ho-

2089 756 2349 812 minibus
2406 773 2498 812 res
2557 763 2768 814 nostris
2824 758 3184 832 afﬂigantur.
3249 765 3421 829 Deus,
3482 760 3738 814 sanctis-

2087 847 2238 900 sime
2269 862 2384 909 rex,
2419 851 2475 900 et
2509 863 2608 901 rex
2639 849 2856 916 divine,
2888 847 2947 903 in
2983 865 3089 904 nos
3134 849 3386 920 aspicias
3429 854 3486 904 et
3534 850 3744 904 robora

2086 950 2426 1006 concussos,
2459 941 2525 990 ut
2551 936 2640 990 vel
2684 937 2744 991 in
2775 941 2876 992 tuo
2911 937 3204 993 manifesti
3260 941 3621 1003 constemus,
3654 937 3742 993 vel

2086 1027 2398 1095 postquam
2431 1025 2904 1091 ceciderimus,in
2937 1027 3131 1097 quiete
3155 1028 3576 1098 jaceamus.Ex
3604 1027 3744 1082 duo-

2086 1113 2198 1167 bus
2247 1129 2455 1178 unum,
2486 1113 2573 1168 vel
2627 1113 2869 1185 pulchre
2916 1114 3128 1181 vivere,
3160 1115 3247 1171 vel
3299 1115 3541 1187 pulchre
3590 1115 3740 1171 mori

2085 1200 2491 1257 desideramus
2520 1207 2578 1257 et
2607 1219 2737 1270 nos,
2768 1207 3051 1275 tanquam
3087 1205 3358 1260 homines
3394 1203 3614 1259 turbidi
3643 1219 3740 1260 vo-

2085 1290 2502 1362 hementerque
2551 1292 2850 1362 exagitati.
2887 1293 2988 1348 His
3034 1294 3226 1362 dictis,
3259 1293 3474 1364 quibus
3505 1309 3618 1348 non
3653 1292 3742 1347 di-

2085 1380 2232 1436 xerit
2279 1380 2493 1452 aliquis
2541 1398 2654 1437 non
2705 1382 2948 1437 densam
2991 1382 3376 1438 intermisceri
3410 1382 3740 1437 doctrinam

2083 1474 2322 1540 propter
2353 1486 2530 1542 quam
2565 1470 2791 1526 utiliter
2818 1471 2914 1526 hic
2936 1487 3141 1526 sumus
3171 1470 3609 1543 congregati,de
3639 1486 3743 1524 caa-

2083 1562 2208 1613 tero
2241 1575 2396 1614 nunc
2442 1560 2670 1628 tacebo,
2700 1561 2884 1615 donec
2915 1575 2984 1614 ex
3029 1559 3194 1615 vobis
3242 1565 3442 1632 aperte
3490 1559 3740 1622 discam,

2085 1663 2202 1718 quo
2261 1649 2695 1718 propositorum
2753 1649 3016 1705 locorum
3076 1649 3362 1705 ordinatis
3418 1665 3548 1716 nos,
3597 1648 3744 1703 forte

2085 1737 2325 1808 quidem
2357 1738 2551 1804 utiles,
2586 1743 2651 1794 ut
2679 1739 2811 1809 quis
2842 1739 2924 1795 ait
2951 1739 3208 1810 sapiens,
3244 1739 3392 1794 forte
3438 1754 3573 1794 vero
3603 1737 3745 1792 inu-

2085 1826 2238 1882 tiles.
2266 1827 2570 1898 Postquam
2602 1833 2800 1884 autem
2833 1827 3255 1894 audiverimus,
3290 1827 3625 1900 loquemur,
3656 1824 3746 1881 vel

325 1914 385 1971 δὶ
435 1913 755 1976 ἀκούσαντες
803 1913 1122 1987 λαλήσομεν
1171 1909 1208 1983 ἤ
1252 1913 1645 1990 περεισμένως,
1692 1911 1728 1982 ἤ
1773 1909 1980 1992 ἀφειδέ-

2098 1931 2284 1988 parce,
2314 1915 2402 1972 vel
2434 1916 2632 1972 minus
2663 1917 2925 1972 remisse.

327 2025 538 2080 στερον.

407 2115 518 2190 μγ’.
550 2115 648 2185 Τῷ
678 2109 814 2175 τέως
866 2111 924 2167 δὶ
953 2111 1220 2191 ἀναφωνῶ
1261 2113 1504 2183 συνήθως
1538 2111 1664 2186 ύμῖν
1699 2108 1980 2167 διασκευά-

336 2203 515 2272 ζεσθαι
571 2203 708 2276 πρὸς
763 2201 855 2256 τὸν
926 2199 1148 2256 ἐπιόντα
1219 2208 1324 2271 τῆς
1373 2201 1625 2272 νηστείας
1684 2201 1975 2276 ἁγιασμὸν,

334 2291 451 2346 καθ’
503 2287 654 2354 οἷόυς
716 2290 956 2366 τρόπους
1000 2289 1168 2361 κόλαξ
1227 2291 1497 2364 ὑπιθέμην
1545 2291 1695 2364 ὑμῖν.
1728 2289 1838 2345 Οὐκ
1862 2284 1981 2365 ἔχω

333 2381 431 2456 γάρ
487 2401 539 2436 τι
599 2377 814 2435 ἐκείνων
889 2380 1088 2455 φράσαι
1143 2377 1375 2436 κάλλιον
1441 2377 1478 2449 if
1550 2375 1926 2454 ἀκριϐέστερον
1963 2400 1978 2415 ·

331 2467 544 2545 ἄρτυμα
598 2466 656 2524 δὶ
705 2464 844 2524 ἔστω
901 2469 1026 2543 ὑμῖν
1096 2472 1194 2524 τοῦ
1271 2469 1557 2544 θεαρέστου
1607 2468 1980 2541 νηστεύματος

337 2559 413 2633 μή
451 2557 616 2633 μόνον
661 2560 697 2628 ἠ
751 2555 1061 2635 ὀλιγοσιτία
1112 2558 1202 2613 καὶ
1252 2559 1316 2613 τὸ
1374 2556 1648 2634 ἐγκρατῶς
1694 2554 1980 2635 αὔταρκες,

327 2648 398 2703 τὰ
441 2652 562 2710 τοῖς
609 2645 857 2702 πλείοσιν
907 2645 1134 2722 εὐχερῆ,
1173 2645 1319 2702 ἀλλᾶ
1368 2646 1459 2701 καὶ
1493 2645 1728 2719 μάλιστα
1771 2647 1798 2701 ὁ
1844 2648 1981 2720 πρὸς

327 2735 458 2799 τοὺς
489 2733 779 2810 δεομένους
812 2733 964 2798 ἔλεος
1017 2737 1045 2791 6
1095 2736 1230 2791 κατὰ
1277 2733 1504 2809 δύναμιν
1534 2753 1550 2772 ο
1583 2737 1640 2790 ’ὸν
1674 2735 1788 2792 οὐδ’
1819 2737 1980 2793 αὐτὸν

335 2826 822 2901 ἀποπροσποιεῖται
871 2827 902 2881 6
946 2826 1246 2901 πάγκοινος
1296 2825 1548 2899 ἐλεήμων
1595 2827 1748 2898 Θεὸς,
1799 2827 1898 2882 οὐκ
1927 2827 1980 2884 ἐν

338 2917 419 2985 τῷ
461 2911 659 2985 πολλῷ
708 2913 855 2986 μόνῳ
901 2913 964 2968 τὸ
1017 2913 1153 2989 μέγα
1195 2919 1298 2983 τῆς
1347 2910 1728 2986 έλεημοσύνης
1773 2915 1984 2990 τιθέμε-

341 3022 453 3070 νος,
485 2999 632 3058 ἀλλὰ
683 3002 771 3058 καὶ
818 3002 871 3058 ἐν
919 3007 1000 3076 τῷ
1045 3003 1218 3080 ὀλίγῳ
1263 3007 1346 3076 τῷ
1390 3005 1525 3058 κατὰ
1574 3003 1756 3080 ἰσχὺν,
1806 3005 1896 3060 καὶ
1928 3005 1979 3062 ἐν

340 3091 482 3165 αύτῷ
511 3089 569 3147 δὲ
597 3097 677 3165 τῷ
720 3091 1010 3169 ὀλιγίστῳ,
1061 3093 1105 3148 εἶ
1155 3093 1243 3148 καὶ
1312 3092 1442 3148 αὐτὸ
1504 3091 1711 3170 ἱλαρῶς
1739 3095 1828 3149 καὶ
1865 3093 1983 3151 δια-

335 3185 592 3258 κριτικῶς
642 3179 875 3241 δίδοται.
918 3185 986 3241 Ὀ
1036 3180 1093 3238 δὲ
1149 3181 1200 3238 ἐν
1242 3188 1360 3246 τοῖς
1389 3183 1669 3249 τοιούτοις
1700 3183 1776 3247 εἷς
1810 3184 1982 3241 νόστι-

337 3293 438 3348 μον
465 3269 604 3336 ἄλας
633 3272 930 3349 λογίζεται,
967 3271 1098 3348 μηδ’
1125 3274 1260 3330 αὐτὸ
1285 3272 1606 3332 ὲλλειπέτω.

410 3377 516 3454 με’.
577 3380 729 3436 ’Ἐστι
789 3378 848 3436 δὶ
895 3378 1069 3436 έκεῖνο
1115 3383 1150 3452 ἠ
1203 3381 1406 3458 ἀγάπη,
1452 3382 1515 3438 τὸ
1545 3381 1635 3436 καὶ
1669 3381 1983 3450 εὐπόριστον

335 3469 559 3548 ἀγαθὸν,
617 3468 768 3547 εἷ’περ
827 3469 1087 3546 ἐθέλομεν
1154 3467 1479 3528 ἀναϐλέπειν
1547 3471 1636 3527 καὶ
1704 3470 1986 3552 ψηλαφᾷν,

333 3560 424 3614 καὶ
471 3555 854 3635 δυσπόριστον,
912 3555 1022 3635 εἷίγε
1075 3559 1424 3635 καταμύομεν
1482 3560 1572 3616 καὶ
1625 3559 1984 3638 διερευνώμε-

335 3649 404 3702 θα
437 3666 451 3680 ·
479 3647 603 3722 περὶ
637 3647 704 3718 ἧς
758 3647 982 3724 μυρίους
1033 3647 1192 3712 ὅσους
1250 3650 1448 3725 Λόγους
1489 3649 1729 3726 χέαντες,
1777 3650 1877 3706 οὐκ
1906 3651 1985 3706 οἷ-

335 3733 423 3810 δα,
453 3733 603 3810 εἶ’περ
651 3737 748 3800 τὰς
798 3737 874 3802 εἰς
923 3735 1105 3814 φιλίαν
1158 3739 1443 3814 ἀτέγκτους
1501 3739 1693 3816 ψμχὰς
1755 3739 1988 3818 ὑγράνα-

340 3846 460 3900 μεν,
507 3825 598 3882 καὶ
649 3827 725 3889 είς
773 3826 1046 3905 κάρπιμον
1106 3825 1470 3903 διηνοίξαμεν.
1517 3829 1732 3902 Ταύτης
1780 3828 1990 3886 ἐπιλει-

334 3915 572 3987 πούσης,
661 3918 838 3991 μάτην
924 3920 1237 3993 πονήσομεν
1314 3919 1405 3975 καὶ
1475 3919 1821 3996 εὐχόμενοι,
1899 3920 1990 3976 καὶ

341 4007 715 4078 νηστεύοντες,
773 4007 866 4064 καὶ
924 4014 1366 4086 γονυπετοῦντες,
1423 4009 1513 4065 καὶ
1569 4007 2007 4088 ἀγρυπνοῦντες,

336 4096 428 4150 καὶ
477 4091 630 4152 ἔλεον
670 4091 1147 4172 προϐεϐλημένοι,
1206 4098 1297 4154 καὶ
1355 4095 1560 4174 δάκρυα
1611 4097 1940 4174 προχέοντες
1972 4119 1987 4134 ⁸

347 4183 410 4238 οὐ
455 4184 554 4260 γὰρ
604 4182 664 4241 ἂν
698 4185 784 4258 εἴη
834 4187 928 4242 τὸν
975 4185 1128 4260 Θεὸν,
1176 4189 1276 4257 τήν
1337 4186 1711 4264 αύτοαγάπην,
1758 4185 1990 4264 προσδέ-

347 4271 532 4343 ξασθαί
575 4295 627 4330 τι
680 4275 740 4332 ἐκ
792 4280 902 4331 τῶν
958 4277 1057 4346 τήν
1124 4275 1338 4353 ἀγάπην
1398 4274 1841 4350 ἐξουθενούντων,
1899 4279 1991 4332 καὶ

339 4361 486 4420 οὕτω
543 4367 1063 4442 κατανωτιζομένων
1111 4368 1202 4422 καὶ
1249 4367 1348 4437 τήν
1380 4365 1432 4439 ἐξ
1472 4366 1679 4423 ἐκείνου
1714 4368 1988 4444 βοήθειαν.

340 4453 586 4531 Πονηροῖ
627 4455 678 4511 οἱ
723 4458 798 4529 μὴ
849 4456 1163 4533 ἀγαπῶντες
1196 4476 1210 4490 ’
1261 4458 1536 4535 πονηροὺς
1567 4455 1624 4513 δὲ
1651 4458 1678 4512 6
1711 4457 1898 4538 φίλιος
1929 4457 1990 4513 ού

337 4543 644 4619 προσίεται.
675 4543 892 4602 ’Ἀδικοι
927 4547 978 4601 o't
1032 4548 1107 4620 μή
1155 4547 1472 4624 ἀγαπῶντες
1508 4565 1522 4581 ⁸
1555 4545 1766 4613 ἀδίκοις
1803 4545 1863 4604 δὲ
1894 4547 1994 4603 οὐκ

341 4631 643 4708 ἐπιλάμπει
685 4635 714 4690 6
765 4641 867 4706 τῆς
917 4633 1266 4708 δικαίοσύνης
1319 4635 1505 4707 ἥλιος.
1564 4635 1732 4696 Οὐδὲν
1795 4638 1990 4715 ἀγαθὸν

341 4721 490 4796 παρὰ
531 4728 649 4787 τοῖς
701 4725 778 4798 μὴ
831 4726 1110 4801 ἀγαπῶσιν
1147 4747 1159 4760 ·
1213 4726 1241 4782 6
1295 4723 1356 4782 δὶ
1402 4725 1534 4790 Θεὸς
1575 4727 1788 4805 ἀγαθῶν
1823 4727 1990 4783 ἀπάθ-

339 4831 450 4866 των
477 4811 674 4877 αἶ’τιος.
701 4813 972 4870 Κοινωνία
1001 4813 1094 4871 οὖν
1123 4812 1352 4889 οὐδεμία
1391 4821 1509 4879 τοῖς
1557 4816 1832 4881 τοιούτοις
1853 4817 1992 4892 πρὸς

336 4901 432 4956 τὸν
483 4902 637 4961 Θεόν.
694 4905 1038 4976 Βοηθητικὸν
1089 4907 1124 4976 ἡ
1177 4904 1379 4982 ἀγάπη,
1424 4903 1725 4981 ἐπικουρεῖ,
1773 4929 1993 4980 συμμα-

336 4995 455 5066 χεῖ,
503 4994 722 5068 θερμῶς
791 4993 1100 5071 ὗπερπενεῖ.
1169 4999 1420 5050 Πονεῖται
1497 4993 1795 5072 ὁλοψύχως
1858 4996 1992 5073 ὑπὲρ

335 5084 447 5136 τῶν
480 5081 886 5159 ἀγαπωμένων.
918 5083 1009 5140 καὶ
1053 5085 1155 5154 τὴν
1200 5085 1386 5160 ψυχὴν
1419 5084 1584 5141 αὑτοῦ
1607 5085 1821 5157 τίθησιν
1857 5087 1992 5164 ὑπὲρ

335 5168 517 5228 αὐτῶν
545 5191 561 5206 ο
595 5173 771 5230 πάντα
809 5173 1034 5251 πάσχει,
1084 5173 1258 5230 πάντα
1307 5179 1475 5245 ποιεῖ,
1532 5175 1705 5231 πάντα
1737 5174 1992 5250 ὑπομένει

337 5260 369 5315 6
404 5260 648 5337 ἀγαπῶν.

415 5441 516 5514 με’.
544 5441 613 5499 Τί
642 5440 701 5497 ’ἂν
731 5441 978 5522 ὠφελοίη
1013 5444 1144 5514 ζῶν,
1174 5438 1212 5512 ἤ
1241 5441 1326 5506 τίς
1364 5441 1528 5499 αὐτοῦ
1558 5441 1719 5519 χρεία
1745 5441 1798 5498 ἐν
1837 5443 1943 5520 βίῳ
1975 5463 1990 5515 ;

333 5531 530 5606 Ὁρᾶτε
560 5532 698 5608 πρὸς
725 5533 789 5589 τὸ
841 5532 932 5589 καὶ
980 5536 1201 5610 πρῶτον
1248 5531 1338 5588 καὶ
1398 5531 1561 5606 μόνον
1610 5534 1701 5589 καὶ
1735 5533 1990 5609 μέγιστον

338 5615 396 5673 ἰν
425 5623 542 5682 τοῖς
591 5615 712 5696 ἄρτι
769 5618 1136 5698 παράδειγμα,
1185 5619 1277 5676 τὸν
1333 5618 1728 5698 αὐτοκράτορα,
1768 5619 1826 5684 ’ὸς
1856 5620 1990 5698 ἀγα.

337 5711 464 5763 πῶν
491 5708 585 5765 τὸν
612 5709 844 5786 κόσμον,
897 5709 987 5767 οἶα
1035 5710 1127 5768 καὶ
1170 5709 1251 5775 είς
1297 5712 1416 5777 θεὸν
1449 5711 1596 5787 αὖτῷ
1624 5709 1994 5789 ἐπικεκλημέ-

339 5817 437 5862 νος
486 5799 624 5874 μετὰ
673 5801 766 5858 τὸν
837 5799 1252 5879 ὖπερουπάνιον,
1331 5799 1518 5860 οὗσίαν
1577 5801 1759 5883 ὥσπερ
1816 5803 1993 5878 ἑαυτῷ

2022 4687 2072 4753 D

2160 2114 2250 2169 43.
2288 2113 2602 2185 Hucusque
2650 2129 2783 2169 vero
2832 2113 2902 2168 de
2952 2127 3114 2168 more
3160 2113 3412 2186 praedico
3455 2112 3643 2182 vobis,
3677 2115 3744 2168 ut

2090 2202 2500 2276 praeparemini
2530 2203 2599 2258 ad
2634 2203 3181 2274 instantemjejunii
3215 2202 3742 2258 sanctiﬁcationem

2088 2291 2208 2347 illis
2240 2291 2454 2358 modis,
2485 2292 2651 2362 queis
2680 2291 2845 2347 vobis
2894 2291 3163 2348 adulator
3209 2290 3553 2363 suppositus
3584 2305 3743 2345 sum.

2091 2381 2216 2438 Non
2247 2382 2404 2437 enim
2437 2381 2623 2437 habeo
2654 2381 2844 2437 dicere
2892 2381 3214 2452 quidquam
3247 2380 3366 2436 illis
3411 2380 3625 2436 melius
3655 2376 3748 2434 vel

2093 2471 2424 2543 perfectius.
2459 2470 2546 2526 Sit
2593 2475 2786 2526 autem
2819 2470 2985 2526 vobis
3025 2470 3240 2541 jejunii
3291 2475 3404 2525 Deo
3457 2469 3744 2542 placentis

2091 2560 2533 2616 condimentum
2583 2577 2698 2616 non
2749 2559 2939 2616 solum
2994 2559 3108 2615 cibi
3161 2560 3436 2632 parcitas,
3468 2563 3526 2615 et
3573 2559 3746 2614 ﬁrma

2089 2649 2500 2722 temperantia,
2551 2667 2682 2722 quae
2727 2648 3025 2721 plerisque
3084 2649 3278 2705 facilia
3334 2651 3493 2716 sunt,
3527 2648 3628 2704 sed
3689 2652 3749 2704 et

2093 2738 2345 2794 maxime
2400 2754 2540 2808 erga
2586 2755 2870 2810 pauperes
2927 2737 3329 2794 misericordia
3377 2739 3548 2809 juxta
3594 2737 3746 2793 vires

2091 2827 2380 2896 exercita;
2415 2843 2593 2900 quam
2625 2843 2729 2882 nec
2759 2827 2948 2899 ipsam
2983 2827 3217 2898 abjiciet
3247 2827 3510 2882 omnium
3566 2827 3746 2882 mise-

2093 2921 2254 2972 rator
2286 2922 2454 2986 Deus,
2481 2916 2581 2988 qui
2613 2933 2728 2971 non
2762 2916 2951 2972 solum
2986 2918 3151 2988 ponit
3181 2917 3238 2971 in
3275 2915 3463 2971 multo
3494 2915 3746 2971 eleemo-

2093 3022 2248 3078 synm
2281 3005 2767 3077 magnitudinem,
2803 3006 2904 3062 sed
2953 3006 3131 3062 etiam
3175 3005 3236 3061 in
3287 3021 3473 3078 pauco
3520 3004 3745 3060 viribus

2093 3096 2502 3168 respondente,
2534 3096 2634 3151 sed
2667 3099 2724 3152 et
2751 3097 2812 3150 in
2851 3095 2980 3168 ipso
3011 3095 3392 3169 paucissimo,
3425 3095 3474 3150 si
3515 3094 3624 3150 hoc
3652 3093 3746 3165 ip-

2094 3201 2226 3242 sum
2262 3184 2524 3241 hilariter
2552 3189 2609 3242 et
2637 3185 2887 3242 discreta
2919 3187 3104 3241 detur.
3142 3187 3306 3252 Quod
3338 3189 3533 3241 autem
3564 3183 3625 3239 in
3653 3182 3746 3238 his

2099 3274 2242 3332 utile
2272 3274 2358 3330 sal
2389 3279 2713 3348 reputatur,
2745 3291 2852 3332 nec
2882 3275 3078 3348 ipsum
3111 3275 3280 3331 desit.

2173 3383 2259 3440 44,
2291 3385 2394 3440 Est
2441 3388 2636 3441 autem
2665 3383 2824 3440 istud
2871 3383 3144 3452 Charitas,
3177 3383 3394 3455 adeptu
3427 3380 3596 3439 facile
3643 3381 3748 3436 bo-

2098 3490 2262 3542 num,
2297 3474 2614 3530 dummodo
2639 3472 2888 3529 velimus
2920 3490 3160 3529 sursum
3209 3473 3470 3544 aspicere
3501 3476 3558 3528 et
3587 3487 3750 3544 quaa-

2098 3580 2244 3630 rere,
2273 3562 2511 3620 difficile
2558 3579 2694 3620 vero
2738 3563 2981 3618 inventu
3040 3563 3086 3619 si
3145 3562 3492 3618 claudamus
3549 3560 3751 3617 oculos

2099 3658 2157 3709 et
2186 3653 2658 3726 inquiramus,de
2689 3669 2805 3725 qua
2835 3669 2968 3708 cum
3001 3651 3164 3708 mille
3194 3668 3491 3708 sermones
3521 3650 3751 3706 infude-

2098 3743 2306 3810 rimus,
2336 3743 2534 3800 nescio
2587 3761 2660 3799 an
2716 3743 2909 3799 aridas
2962 3743 3032 3798 ad
3093 3741 3464 3798 dilectionem
3524 3739 3750 3795 animas

2100 3833 2611 3903 madefecerimus,
2634 3834 2701 3887 et
2721 3832 2792 3888 ad
2844 3830 3354 3887 fructificationem
3385 3828 3749 3902 aperuimus.

2099 3922 2217 3978 Ista
2242 3921 2876 3994 praetermissa,frustra
2895 3920 3297 3977 laborabimus
3323 3925 3558 3976 orantes
3588 3924 3645 3974 et
3664 3919 3755 3989 je-

2093 4011 2396 4082 junantes,
2429 4014 2486 4066 et
2514 4009 2998 4083 genuﬂectentes,
3033 4013 3088 4065 et
3135 4009 3465 4082 vigilantes,
3498 4011 3554 4063 et
3583 4007 3754 4062 mise-

2101 4099 2414 4155 ricordiam
2445 4104 2798 4167 exercentes,
2832 4102 2887 4154 et
2927 4097 3216 4170 lacrymas
3247 4098 3561 4153 fundentes
3595 4113 3608 4151 :
3640 4096 3752 4151 im-
3844 4141 3851 4148 .

2101 4188 2380 4261 possibile
2431 4189 2588 4244 enim
2620 4194 2730 4257 est,
2763 4189 2917 4260 quod
2950 4187 3126 4253 Deus,
3159 4187 3290 4259 ipsa
3331 4185 3608 4253 charitas,
3639 4185 3752 4241 ali—

2101 4279 2241 4350 quid
2291 4277 2540 4350 accipiat
2568 4294 2631 4334 ex
2655 4276 2746 4332 his
2788 4278 2888 4349 qui
2937 4277 3282 4333 charitatem
3319 4275 3754 4348 parvipendunt

2101 4372 2159 4424 et
2188 4367 2272 4424 sic
2303 4366 2588 4423 auxilium
2640 4382 2708 4422 ex
2740 4365 2837 4422 illo
2868 4370 3274 4422 contemnunt.
3307 4364 3446 4421 Mali
3481 4367 3620 4420 sunt
3651 4363 3752 4435 qui

2102 4473 2219 4512 non
2275 4457 2494 4513 habent
2541 4455 2889 4512 charitatem
2921 4474 2936 4525 ;
2971 4456 3154 4513 malos
3209 4461 3408 4513 autem
3463 4459 3756 4527 protector

2102 4545 2430 4602 dilectionis
2477 4545 2727 4618 benigne
2775 4562 2892 4601 non
2924 4545 3320 4618 prosequitur.
3352 4544 3758 4617 Injusti_sunt

2103 4654 2220 4692 non
2252 4641 2548 4692 amantes:
2579 4635 2819 4707 injustis
2866 4641 3060 4691 autem
3089 4652 3204 4691 non
3237 4633 3632 4692 illucescitsol
3656 4635 3755 4705 ju-

2105 4725 2297 4782 stitiaa.
2329 4725 2486 4782 Nihil
2533 4725 2674 4781 boni
2718 4724 2876 4782 venit
2918 4743 2953 4781 a
2995 4743 3112 4781 non
3159 4724 3517 4782 habentibus
3566 4723 3757 4780 chari-

2101 4820 2281 4872 tatem
2309 4833 2322 4871 :
2379 4816 2529 4871 Deus
2558 4819 2756 4871 autem
2787 4814 3055 4871 omnium
3100 4815 3389 4870 bonorum
3416 4817 3506 4870 est
3533 4816 3754 4869 auctor.

2103 4905 2475 4976 Nullaigitur
2496 4904 2714 4960 talibus
2736 4905 2809 4961 ad
2857 4904 3042 4960 Deum
3095 4909 3184 4960 est
3213 4902 3600 4975 participatio.
3633 4908 3755 4958 Au-

2102 4994 2359 5052 xiliatrix
2389 4999 2479 5052 est
2506 4994 2782 5061 charitas,
2815 4994 3126 5061 succurrit,
3160 4993 3220 5048 in
3253 5009 3452 5066 pugna
3493 4992 3757 5063 adjuvat,

2103 5085 2390 5142 ferventer
2436 5083 2770 5140 oollaborat.
2823 5082 2901 5138 Ex
2945 5083 3142 5140 animo
3193 5083 3472 5153 fatigatur
3521 5084 3759 5153 propter

2103 5173 2346 5231 dilectos
2395 5177 2454 5230 et
2499 5173 2753 5229 animam
2788 5188 2958 5228 suam
2989 5189 3093 5244 pro
3137 5171 3284 5244 ipsis
3317 5171 3478 5244 ponit
3511 5187 3524 5226 :
3558 5171 3760 5227 omnia

2104 5265 2331 5332 suffert,
2376 5261 2575 5320 omnia
2619 5261 2778 5330 facit,
2810 5261 3008 5317 omnia
3057 5261 3310 5318 sustinet
3358 5261 3458 5333 qui
3509 5259 3759 5318 charita-

2103 5358 2221 5412 tem
2251 5353 2445 5411 habet.

2175 5445 2264 5499 45.
2297 5444 2445 5511 Quid
2474 5442 2676 5499 vivens
2707 5443 3034 5515 prodesset,
3063 5442 3151 5499 vel
3185 5443 3342 5515 quod
3388 5441 3552 5498 illius
3602 5444 3759 5499 esset

2102 5533 2162 5591 in
2193 5533 2312 5590 vita
2354 5533 2728 5590 commodum
2754 5533 2782 5588 ?
2825 5532 3138 5589 Intuemini
3188 5531 3446 5604 primum
3473 5535 3532 5587 et
3562 5529 3756 5588 solum

2102 5630 2162 5682 et
2185 5623 2514 5682 maximum
2545 5621 2781 5679 illorum
2811 5621 2915 5694 qui
2948 5638 3103 5678 nunc
3130 5626 3268 5679 sunt
3298 5620 3618 5694 exemplar,
3649 5625 3758 5680 Do-

2103 5713 2333 5771 minum
2355 5711 2842 5787 omnipotentem,
2875 5711 2975 5785 qui
3004 5711 3258 5786 diligens
3289 5712 3602 5780 mundum,
3634 5718 3760 5768 tan-

2103 5819 2282 5877 quam
2333 5803 2462 5876 ipse
2511 5803 2658 5862 deus
2705 5805 2839 5876 post
2889 5800 3368 5876 superccelestem
3418 5803 3761 5874 deputatus,
