2041 3179
207 220 264 249 671

597 220 807 251 EUSTATHII
830 218 1214 250 THESSALONICENSIS
1237 218 1530 249 METROPOLITIE

1855 218 1907 248 672

209 286 295 322 quasi
310 285 507 314 substantiam
522 286 576 314 sibi
593 294 644 322 pro
662 286 746 314 nobis
761 286 878 314 labores
892 285 1028 321 assignat,

1089 284 1152 315 τοὺς
1179 284 1245 322 ὑπὲρ
1271 284 1352 321 ἡμῶν
1375 283 1476 316 πόνους
1502 284 1623 322 optarat,
1641 282 1687 311 καὶ
1710 281 1750 314 εἴς
1773 284 1853 310 τοῦτο
1866 294 1907 321 γε-

207 333 235 358 et
250 331 285 358 ad
302 330 357 358 hoc
379 339 408 358 se
419 331 536 367 judicat
551 333 663 364 natum,
679 334 708 358 et
729 340 781 367 pro
797 331 907 359 mundo
922 330 1035 358 laboret

206 378 235 402 et
250 375 365 403 labores
392 376 446 403 sibi
471 384 529 403 non
555 375 707 403 obstacula
727 376 836 403 faciant
857 384 909 411 per
931 375 1033 409 vitam,

207 428 303 456 neque
318 420 474 456 die,neque
490 423 583 454 nocte,
600 429 694 456 neque
709 420 929 456 byeme,ipsum
944 420 1033 448 etiam

207 464 360 492 humorem
376 464 405 492 in
429 464 568 492 membris
584 465 763 493 animalibus
786 465 967 501 congelante,
983 474 1033 493 ne-

207 516 264 543 que
279 511 377 537 estate
398 512 516 543 urente;
535 509 576 537 ita
593 512 625 537 ut
639 509 759 537 difﬁcile
775 510 814 538 sit
828 510 925 537 videre
948 509 1032 537 illum

207 553 243 580 de
258 553 423 580 actionibus
439 562 490 589 pro
507 554 592 581 nobis
607 554 691 582 factis
707 554 800 582 otium
816 556 1032 590 agentemmon

206 597 270 625 dico
299 598 335 625 ad
365 598 586 634 quiescendum,
615 599 666 626 sed
694 599 783 627 etiam
813 599 849 626 ad
879 598 1032 635 paululum

204 643 420 678 respirandum.
436 643 508 671 Ecce
529 644 608 671 enim
625 644 711 671 modo
736 652 789 671 nos
808 643 912 680 hyeme
935 643 1032 672 inclu-

204 687 292 714 debat
305 687 334 714 in
361 687 463 715 domos
488 690 630 723 tanquam
660 688 691 715 in
720 687 913 716 latibulorum
937 697 1032 717 reces-

204 740 256 759 sus
285 732 453 768 impellens,
469 735 498 761 et
526 734 740 769 unusquisque,
768 734 847 762 velut
873 734 929 762 sub
958 735 1032 762 Tar-

203 778 267 803 taro
283 779 406 809 stantes,
421 777 510 812 gelidi
526 778 717 813 degebamus,
737 781 765 806 et
780 783 893 814 torpore
909 780 1031 806 vexaba-

206 829 291 854 mur;
307 829 360 848 nos
376 821 463 848 etiam
482 821 597 857 pigebat
611 822 752 850 inclinare
768 827 856 858 caput
871 824 905 850 ad
923 832 1030 858 aerem,

205 867 238 892 ut
253 865 294 892 ita
308 866 416 896 dicam,
437 866 643 900 domesticum,
661 868 710 902 qui
736 868 870 894 circumit
895 868 987 900 atria;
1004 871 1032 895 et

207 912 267 937 arte
283 911 509 938 conficiebamus
532 920 643 938 amoena
661 913 766 947 pedum
788 912 947 945 involucra,
964 921 1030 940 enc-

1089 330 1232 367 γεννῆσθαι
1247 330 1345 368 κρίνει,
1362 329 1393 357 τὸ
1410 329 1476 367 ὑπὲρ
1500 331 1549 356 τοῦ
1573 328 1678 365 κόσμου
1704 329 1906 363 πονεῖσθαι,καὶ

1087 373 1152 405 τοὺς
1180 374 1283 407 κόπους
1312 374 1386 411 αὐτῷ
1415 375 1452 411 μὴ
1490 373 1666 412 ἐγκόπτεσθαι
1696 371 1742 400 διὰ
1771 372 1841 411 βίου,
1872 375 1904 409 μὴ

1088 418 1204 455 ἡμέρας,
1237 420 1275 455 μὴ
1306 419 1412 453 νυκτὸς,
1445 419 1483 455 μὴ
1514 420 1665 456 χειμῶνος,
1694 417 1848 456 πηγνύντπ
1867 418 1905 445 καὶ

1088 463 1171 497 αὐτὴν
1196 463 1334 501 ὑγρότητα
1356 464 1406 499 τὴν
1432 463 1459 491 έν
1486 463 1579 500 μέλεσι
1610 464 1734 497 ζωϊκοῖς,
1756 462 1794 498 μὴ
1819 462 1904 500 θέρους

1088 507 1261 546 φλέγοντος·
1290 509 1327 539 ὡς
1351 507 1430 547 ἔργον
1458 509 1528 535 εἶναι
1557 506 1660 535 ἰδέσθαι
1693 506 1776 534 αὐτὸν
1805 506 1904 544 σχολὴν

1087 552 1210 590 πράξεων
1225 555 1279 580 τῶν
1299 553 1365 591 ὑπὲρ
1390 551 1470 589 ἡμῶν
1498 551 1610 590 ἄγοντα,
1639 552 1678 589 μὴ
1694 552 1738 579 ὅτι
1753 561 1784 589 γε
1799 551 1835 583 ὡς
1848 551 1904 579 ἀνα-

1086 595 1248 631 παύσασθαι,
1273 595 1347 624 ἀλλὰ
1372 599 1471 635 μικροῦ
1502 595 1573 634 μηδὲ
1602 596 1640 628 εἰς
1665 595 1759 624 ἄνετον
1783 595 1905 624 ἀναπνιῦ-

1087 649 1141 668 σαι.
1161 638 1230 668 Ἰδοὺ
1254 641 1307 678 γὰρ
1328 640 1373 668 καὶ
1398 643 1444 668 νῦν
1469 641 1543 677 ἡμᾶς
1572 640 1620 678 μὲν
1641 640 1655 668 ὁ
1671 639 1780 678 χειμὼν
1796 638 1904 667 ένέκλειι

1086 682 1233 722 παραϐύων
1259 685 1296 716 ὡς
1326 685 1364 717 εἲς
1394 685 1509 725 φωλεῶν
1535 683 1693 716 καταδύσεις
1718 683 1784 715 τοὺς
1801 683 1827 711 έν
1841 684 1902 719 ἡμῖν

1086 727 1235 763 οἷκίσκους,
1265 729 1311 757 καὶ
1341 728 1450 761 ἕκαστος
1479 730 1516 761 ὡς
1546 730 1591 757 οἶα
1624 729 1670 757 καὶ
1701 729 1755 756 ὑπὸ
1780 727 1903 766 ταρτάρου

1087 773 1173 807 ὄντες,
1202 775 1311 811 κρυεροὶ
1340 773 1484 811 διήγομεν,
1517 774 1562 802 καὶ
1595 774 1696 812 νάρκην
1730 773 1902 811 ἐπάσχομεν

1085 818 1130 844 καὶ
1159 818 1191 851 ἦν
1220 820 1287 855 ἡμῖν
1319 817 1408 852 ὄκνος,
1433 819 1477 846 καὶ
1503 818 1666 857 προκύπτειν
1696 818 1736 850 εἷς
1762 817 1835 856 ἀέρα,
1861 816 1901 844 τὸν

1087 863 1123 892 ὡς
1147 863 1229 890 εἶπεῖν
1259 863 1435 900 κατοικίδιον,
1459 864 1488 895 ὃς
1511 864 1556 891 καὶ
1581 863 1761 902 περικέχυται
1788 862 1834 893 τὰς
1859 862 1901 890 αὖ·

1087 908 1136 939 λάξ
1154 918 1159 924 “
1177 910 1221 936 καὶ
1248 909 1422 948 ἐτεχνώμεθα
1450 909 1541 937 ποδῶν
1566 909 1650 948 ἱλαρὰ
1677 908 1899 947 προκαλύμματα,

207 954 358 989 midesque
383 955 558 987 luxuriosas,
576 958 603 983 et
627 957 748 983 vestitus
764 957 921 984 velleribus
946 966 1028 984 onus-

1086 953 1130 980 καὶ
1157 954 1293 991 κνημῖδας
1331 956 1486 994 τρυφώσαις,
1523 955 1567 982 καὶ
1598 954 1759 992 ἀμπεχόνας
1789 952 1898 991 μαλλοῖς

204 1000 260 1024 tos.
297 998 378 1025 Multi
421 1008 486 1026 vero
528 1000 641 1027 dulcem
687 1001 874 1029 enutriebant
918 1002 1026 1037 ignem,

206 1050 256 1077 per
284 1051 369 1077 quem
399 1044 434 1071 ab
464 1044 593 1072 humano
624 1054 744 1081 corpore
774 1044 906 1082 hyemale
937 1047 1028 1082 frigus

205 1087 394 1121 ejiciebatur;
413 1089 528 1116 mollior
552 1092 650 1117 autem
675 1091 710 1117 ad
728 1090 800 1118 tales
827 1091 961 1118 ferendas
977 1091 1030 1117 im-

204 1132 380 1166 pressiones,
402 1133 431 1160 in
463 1134 557 1161 balnei
584 1134 679 1162 calore
706 1136 884 1163 consistebat
913 1136 947 1163 ad
977 1135 1029 1162 fri—

204 1184 260 1212 gus
274 1177 401 1205 exterius
417 1179 629 1206 circumdatum
645 1179 749 1215 aequali
764 1180 790 1207 vi
804 1180 1028 1208 devincendum.

206 1221 239 1248 Et
253 1221 362 1249 talibus
378 1223 498 1257 quidem
514 1224 676 1252 rationibus
692 1225 768 1252 aeris
784 1226 966 1253 severitatem
984 1234 1028 1252 re-

205 1265 398 1301 pellebamus.
430 1268 599 1295 Dominator
630 1272 738 1302 autem,
761 1272 896 1297 assuetus
919 1270 981 1305 jam
1013 1279 1029 1297 a

206 1318 313 1346 magno
339 1314 367 1338 et
382 1320 399 1338 a
414 1320 500 1347 parvo
526 1316 592 1348 post
616 1313 765 1342 inl'antiles
789 1315 894 1342 fascias
919 1315 1029 1342 talibus

204 1355 355 1383 horrorem
381 1357 629 1393 imprimentibus,
647 1362 684 1391 et,
711 1359 798 1386 veluti
827 1360 893 1395 quis
919 1361 1028 1388 urbane

204 1400 322 1433 diceret,
335 1401 504 1436 jamdulum
522 1403 600 1430 frons
626 1405 687 1439 ipse
703 1407 782 1432 totus
798 1413 861 1432 esse
886 1405 981 1432 sciens
999 1406 1027 1432 in

203 1445 249 1472 his
265 1453 330 1480 quas
346 1449 477 1481 spectant
493 1448 527 1474 ad
545 1451 726 1476 constantem
743 1450 977 1477 exercitationem
992 1450 1028 1477 ad

203 1490 391 1524 perferendas
407 1491 479 1518 tales
496 1492 571 1519 aeris
586 1493 840 1528 injurias,quand0
856 1495 1027 1521 constantia:

203 1538 317 1569 tempus
332 1535 458 1569 advenit,
475 1536 548 1563 nihil
574 1537 774 1566 circumdatus
794 1541 845 1566 aut
869 1539 1028 1574 praemuni-

202 1580 261 1614 tus,
279 1582 382 1615 prazter
410 1584 513 1608 aestum
537 1583 571 1609 ad
598 1583 749 1617 quodlibet
777 1592 851 1619 opus
879 1592 930 1619 pro
961 1585 1027 1617 Deo,

202 1623 356 1660 zelumque
380 1634 436 1661 quo
454 1626 581 1654 fervebat
604 1628 639 1654 ad
661 1627 757 1663 illum,
774 1629 845 1656 adeo
870 1631 902 1656 ut
928 1629 1028 1655 incen-

202 1669 320 1697 deretur
336 1670 364 1697 in
390 1670 564 1706 injustitiam
582 1672 768 1700 inimicorum
794 1674 877 1708 ejus;
895 1682 946 1709 pro
972 1673 1027 1700 mi—

202 1713 262 1741 hilo
278 1716 417 1749 reputans
433 1716 529 1743 minas
544 1718 572 1743 et
587 1716 698 1752 plagas,
712 1718 812 1752 quales
825 1718 860 1745 ad
877 1726 1029 1745 summum

203 1758 361 1786 extollebat
385 1759 497 1795 byems,
526 1761 731 1789 ardentiSsime
756 1763 866 1796 currit;
893 1765 921 1790 et
944 1762 1030 1790 irruit

204 1803 321 1830 medius
347 1803 423 1831 inter
445 1804 581 1832 inimicos
597 1806 729 1834 alienatae
758 1807 864 1834 mentis
879 1810 907 1834 et
928 1807 1030 1835 alienae

203 1847 310 1881 linguae
341 1856 536 1884 prospereque
564 1850 692 1885 procedit
721 1852 756 1878 ad
788 1852 1028 1886 extraordinaria,

203 1899 330 1927 quorum
347 1892 433 1920 modo
455 1901 507 1929 per
527 1894 680 1922 ecclesiam
708 1895 880 1931 legebantur
905 1905 1029 1931 evange-

203 1935 253 1971 lia,
270 1936 435 1973 exemplum
452 1941 478 1965 et
494 1938 558 1974 ipsa
582 1939 734 1967 charitatis
756 1940 859 1968 exinde
882 1941 1028 1976 proﬂuen-

203 1980 261 2015 tis;
283 1989 334 2017 per
361 1990 424 2017 quae
448 1991 500 2010 nos
528 1983 615 2011 etiam
641 1984 811 2019 bujusmodi
836 1985 1027 2013 festivitatum

204 2024 360 2061 participes
385 2027 511 2054 assumit
526 2026 574 2056 ille
595 2029 645 2064 qui
673 2038 730 2057 non
756 2030 850 2058 solum
875 2030 905 2057 in
928 2031 1028 2066 fugam

204 2072 376 2106 perpetuam
393 2071 528 2100 inimicos
537 2074 624 2100 vertit
639 2076 667 2101 et
682 2074 822 2110 quidquid
839 2075 869 2102 in
885 2075 958 2111 ipsis
970 2083 1029 2102 cer-

204 2116 308 2144 tamini
335 2117 497 2153 proprium,
514 2119 626 2153 evertit,
642 2120 691 2146 sed
711 2120 799 2147 etiam
827 2120 957 2156 ipsorum
974 2124 1030 2148 ter-

205 2169 268 2188 ram
284 2161 502 2190 habitatoribus
514 2163 659 2191 desertam
672 2164 749 2197 fecit,
765 2164 890 2201 illosque
906 2165 1030 2200 subjecit

204 2206 290 2233 nobis
306 2206 333 2233 in
350 2207 592 2243 servilutem,qua
603 2208 659 2243 ipsi
674 2217 738 2236 vere
753 2209 835 2246 digni
850 2213 919 2237 sunt
934 2212 962 2238 et
977 2218 1029 2238 no-

205 2258 273 2278 men
288 2250 325 2278 ad
341 2250 369 2278 id
386 2251 494 2279 ferunt.

240 2359 284 2387 46.
300 2359 383 2388 Tales
408 2360 498 2396 igitur
514 2361 620 2397 regalis
635 2370 703 2398 erga
730 2371 783 2390 nos
804 2363 942 2398 Charitas,
960 2364 1027 2392 talis

203 2406 322 2440 propter
335 2413 388 2432 nos
412 2408 441 2433 et
464 2405 575 2434 similes
599 2406 684 2434 nobis
707 2407 788 2435 zelus
812 2408 1027 2436 dominatorem

203 2448 272 2476 urit.
288 2449 334 2477 Sic
349 2449 398 2477 ille
424 2451 610 2479 sermonibus
632 2452 740 2480 docens
763 2453 884 2488 optima,
901 2461 1027 2488 quorum

202 2495 291 2529 caput
315 2497 360 2521 cst
386 2494 524 2531 cbaritas,
541 2496 703 2524 doctrinam
720 2499 749 2524 et
771 2498 910 2533 operibus
933 2498 1028 2526 consi-

201 2541 283 2574 gnat,
298 2538 429 2575 seipsum
444 2540 474 2567 in
491 2540 629 2569 omnibus
647 2541 763 2570 virtutis
778 2543 911 2578 praabens
927 2543 1027 2570 arche-

199 2585 313 2619 typum.
330 2583 418 2611 Illum
442 2586 471 2612 et
485 2584 541 2617 hic,
558 2588 702 2621 quantum
727 2586 867 2622 possibile
890 2589 945 2619 est,
961 2587 1027 2615 imi-

201 2633 305 2664 temur,
323 2629 462 2665 quoniam
478 2629 528 2657 ille
542 2630 638 2667 imago
661 2631 757 2658 cuncti
782 2631 850 2659 boni
872 2632 1025 2667 ﬁguratus,

201 2673 364 2701 maximum
394 2673 575 2702 Salvatorem
610 2677 745 2703 nostrum
773 2675 802 2703 in
831 2675 1025 2704 imitationem

200 2716 399 2753 imaginaliter
419 2727 597 2755 proponens,
613 2721 641 2747 et
667 2720 826 2756 gratuitam
847 2720 927 2749 illius
952 2730 1028 2749 mor-

201 2763 260 2788 tem
276 2765 395 2799 propter
419 2772 473 2792 nos
498 2763 528 2792 in
544 2767 673 2792 mentem
699 2765 878 2801 exprimens,
895 2765 1025 2802 seipsum

203 2807 321 2840 propter
335 2815 389 2835 nos
413 2808 500 2836 morti
524 2809 623 2837 tradit.
639 2809 706 2837 Ideo
731 2818 851 2846 prorsus
874 2810 1025 2846 gauderet,

202 2847 319 2877 discens
343 2853 372 2879 et
395 2859 449 2880 nos
473 2852 503 2881 in
535 2853 611 2881 bono
636 2852 802 2889 diligentes,
831 2854 970 2890 quoniam
998 2857 1028 2882 et

191 2891 343 2928 vmagiter
356 2897 385 2924 et
409 2896 507 2925 omnis
533 2897 603 2925 boni
627 2905 738 2933 gnarus
759 2899 920 2928 monarcba
942 2899 1026 2928 nobis

1089 996 1253 1035 βεϐριθυίας.
1273 999 1377 1027 Πολλοὶ
1395 999 1422 1027 δέ
1438 1011 1506 1031 τινες
1522 1000 1566 1027 καὶ
1579 1002 1632 1037 πῦρ
1651 999 1773 1036 μαλακὸν
1789 1008 1897 1036 περιειρ-

1086 1043 1210 1079 γάζοντο,
1223 1043 1257 1071 δι’
1274 1043 1303 1071 οὗ
1318 1045 1445 1081 σώματος
1470 1044 1640 1082 ἀνθρωπίνου
1661 1045 1752 1081 ψῦχος
1767 1041 1896 1082 χειμέριον

1088 1086 1257 1125 ἐκπορίζεται
1275 1098 1281 1104 ·
1310 1090 1323 1116 ὁ
1349 1088 1377 1117 δὲ
1405 1089 1610 1126 μαλακώτερος,
1637 1086 1797 1127 προσϐολὰς
1817 1087 1896 1127 φέρειν

1086 1132 1224 1167 τοιαύτας,
1246 1134 1290 1160 καὶ
1316 1133 1471 1171 λουτρῶνος
1499 1134 1602 1171 ἐγίνετο
1629 1132 1659 1160 ἂν
1681 1131 1823 1161 ἀντίπαλον
1835 1131 1895 1169 πρὸς

1088 1176 1118 1203 τὸ
1149 1176 1231 1215 δριμὺ
1259 1180 1307 1205 τοῦ
1336 1178 1385 1214 ἔξω
1410 1178 1602 1216 περιέχοντος.
1627 1177 1682 1206 Καὶ
1696 1177 1827 1209 τοιαύταις
1851 1176 1893 1212 μὶν

1089 1222 1171 1257 ἡμεῖς
1202 1222 1326 1259 μεθόδοις
1349 1225 1379 1251 τὸ
1404 1227 1451 1251 τοῦ
1477 1224 1554 1261 ἂέρος
1573 1223 1676 1251 λυποῦν
1692 1222 1891 1262 ἀπικρουόμιθα.

1089 1267 1119 1295 Ὁ
1136 1266 1164 1294 δὲ
1188 1269 1371 1308 αὐτοκράτωρ,
1398 1270 1459 1302 ἐθὰς
1485 1269 1539 1305 ἤδη
1565 1269 1594 1297 έκ
1620 1271 1723 1307 μακροῦ
1744 1269 1785 1297 καὶ
1796 1269 1888 1306 μικροῦ

1091 1314 1157 1349 μετᾷ
1184 1315 1217 1341 τὰ
1248 1316 1361 1352 βρεφικὰ
1394 1317 1533 1354 σπάργανα
1572 1318 1626 1343 τῶν
1655 1314 1722 1342 οὕτω
1748 1311 1885 1352 φρικαλέων

1087 1360 1300 1395 καταστημάτων
1331 1361 1488 1398 γενόμενος,
1526 1360 1582 1395 καὶ,
1621 1360 1636 1387 ’ὸ
1663 1358 1696 1395 δή
1720 1369 1758 1390 τις
1781 1356 1882 1388 ἀστείως

1088 1401 1150 1440 ἔφη,
1168 1404 1253 1432 πάλαι
1278 1405 1343 1432 ποτὲ
1361 1405 1484 1442 μέτωπον
1508 1406 1587 1436 αὐτὸς
1611 1404 1678 1436 ὅλος
1702 1400 1885 1439 εἶναιδιαγνοῦς

1087 1449 1119 1475 τά
1134 1460 1163 1486 γε
1194 1449 1231 1481 εἰς
1254 1451 1415 1488 καρτερικήν
1439 1450 1589 1488 γυμνασίαν
1614 1452 1662 1477 τοῦ
1693 1448 1828 1486 ὑπομένειο
1851 1446 1892 1485 ῥᾳ-

1088 1493 1229 1531 διουργίας
1254 1496 1339 1533 ἀέρων
1369 1496 1506 1530 τοιαύτας,
1536 1496 1581 1523 ὅτε
1609 1494 1767 1535 φερεπονίας
1798 1492 1890 1531 καιρὸς-

1086 1537 1322 1575 περιϐεϐλημένος
1348 1539 1365 1575 ἥ
1395 1538 1623 1578 προϐεϐλημένος
1659 1539 1736 1568 οὐδὲν
1771 1537 1894 1576 περιττὸν,

1087 1583 1151 1611 am
1198 1585 1246 1619 τὴν
1264 1586 1316 1622 πρὸ
1340 1585 1439 1617 πάντὸς
1462 1585 1542 1623 ἔργου
1569 1585 1636 1622 μετὰ
1663 1585 1729 1613 Θεὸν
1749 1582 1895 1620 θαλπωρὴν,

1086 1628 1129 1655 καὶ
1154 1629 1185 1655 τὸ
1210 1628 1443 1666 διαθερμαίνεσθαι
1469 1630 1507 1661 εἷς
1531 1630 1577 1657 τὸν
1607 1629 1673 1666 ὑπὶρ
1698 1627 1799 1656 ἐκείνου
1821 1625 1896 1662 ζῆλον

1085 1673 1128 1699 καὶ
1146 1673 1182 1703 ὡς
1199 1674 1242 1700 οἷα
1267 1675 1463 1712 πυρφορεῗσθαι
1486 1673 1570 1711 ταύτῃ
1599 1673 1667 1711 πρὸς
1692 1672 1827 1708 ἐκδίκησιν
1853 1670 1896 1704 τὴν

1084 1717 1152 1744 κατᾶ
1175 1720 1228 1744 τῶν
1255 1718 1359 1745 ἐκείνου
1386 1718 1504 1756 ἐχθρῶν,
1529 1719 1591 1755 παρ1
1622 1716 1699 1745 οὐδὲν
1730 1717 1836 1754 θέμενος
1856 1714 1898 1747 τὰς

1084 1762 1127 1788 καὶ
1159 1762 1272 1793 ἀπειλὰς
1295 1763 1339 1790 καὶ
1367 1763 1461 1801 βολὰς,
1487 1762 1584 1794 ὁποίας
1612 1763 1626 1790 ὁ
1647 1762 1757 1800 χειμὼν
1772 1762 1811 1793 εἰς
1824 1759 1898 1798 ἄκρον

1085 1806 1262 1842 ἐξησκήσατο,
1285 1807 1407 1846 ἐκτρέχει
1435 1807 1502 1835 κατὰ.
1518 1806 1639 1843 σπουδήν
1662 1817 1669 1824 ·
1685 1806 1731 1835 καὶ
1747 1807 1803 1843 ἅμα
1817 1805 1900 1842 ἒμπη-

1085 1850 1117 1886 ὃᾷ
1131 1855 1189 1884 τοῖς
1204 1852 1356 1891 ἀλλόφροσι
1382 1853 1427 1880 καὶ
1457 1851 1667 1890 ἀλλογλώσσοις
1686 1851 1842 1888 πολεμίοις,
1861 1848 1899 1877 καὶ

1085 1895 1225 1923 εὺοδοῦται
1255 1897 1293 1928 εἰς
1321 1908 1355 1924 τα
1384 1897 1485 1932 ἐξαίσια
1502 1907 1508 1913 ·
1550 1897 1586 1924 ὧν
1621 1893 1736 1935 ἔναγχος
1764 1893 1901 1933 εὐαγγέλια

1084 1940 1125 1967 ἐπ’
1153 1940 1301 1977 ἐκκλησίας
1327 1942 1551 1979 ἀνεγινώσκοντο,
1577 1940 1674 1979 δεῖγμα
1697 1941 1743 1968 καὶ
1770 1939 1836 1968 αὐτὰ
1856 1938 1900 1980 τῆς

1084 1984 1182 2017 ἐκεῖθεν
1213 1987 1330 2023 ἁγαπης,
1362 1985 1396 2013 δι’
1426 1987 1462 2014 ὦν
1500 1986 1650 2017 κοικωνοὺς
1677 1987 1753 2022 ἡμᾶς
1782 1984 1828 2013 καὶ
1852 1985 1900 2011 τῶν

1083 2030 1215 2057 τοιούτων
1240 2030 1422 2068 χαρμοσύνων
1447 2028 1689 2069 προσλαμϐάνεται
1714 2031 1728 2057 ὁ
1760 2030 1799 2067 μὴ
1826 2028 1900 2066 μόνον

1084 2074 1122 2106 εἷς
1146 2077 1234 2113 φυγὴν
1257 2075 1475 2113 ἀμετάστρεπτον
1503 2076 1566 2107 τοὺς
1592 2074 1708 2113 ἐχθροὺς
1734 2074 1842 2108 κλίνας,
1862 2072 1903 2101 καὶ

1083 2121 1266 2157 καταστρέψας
1295 2121 1326 2148 τὸ
1351 2121 1377 2148 έν
1408 2121 1501 2152 αὐτοῖς
1534 2121 1668 2159 μάχιμον,
1693 2118 1769 2147 ἀλλὰ
1791 2119 1836 2147 καὶ
1858 2118 1902 2152 τὴν

1083 2165 1141 2192 κατ’
1165 2165 1262 2196 αὐτοὺς
1289 2169 1340 2203 γῆν
1366 2165 1513 2203 ἐρημώσας
1533 2167 1588 2192 τῶν
1605 2163 1773 2201 οἷκητόρων,
1789 2166 1835 2191 καῖ
1848 2161 1905 2201 χώ-

1084 2219 1132 2245 ρας
1160 2209 1326 2241 πολυτενοῦς
1351 2209 1546 2248 αἰχμαλωσίας
1576 2209 1736 2247 ἀπαγαγὼν,
1765 2208 1810 2236 καὶ
1835 2207 1904 2245 ἔγκα-

1082 2255 1218 2289 ταστήσας
1232 2257 1290 2285 τοῖς
1311 2255 1368 2282 καθ’
1395 2256 1469 2291 ἡμᾶς
1495 2254 1533 2285 εἰς
1562 2252 1699 2290 δουλείαν,
1724 2252 1760 2288 ἧς
1774 2252 1851 2281 αὐτοὶ
1861 2260 1904 2279 κα-

1082 2299 1168 2335 ταξιοι
1184 2300 1228 2327 καὶ
1244 2299 1396 2337 ἐπώνυμοι.

1121 2366 1171 2398 με’.
1188 2362 1314 2390 Τοίοῦτον
1335 2364 1353 2398 ἡ
1378 2362 1507 2401 βασιλικὴ
1536 2361 1598 2400 περὶ
1625 2362 1699 2398 ἡμᾶς
1727 2361 1832 2400 ἀγάπη,
1853 2370 1903 2388 τοι·

1084 2409 1163 2438 οὗτος
1195 2407 1260 2444 ὑπὲρ
1285 2409 1364 2445 ἡμῶν
1390 2408 1435 2435 καὶ
1459 2409 1512 2435 τῶν
1534 2408 1593 2439 καθ’
1614 2407 1690 2443 ἡμᾶς
1706 2405 1808 2434 ίκκαίει
1825 2403 1902 2440 ζῆλος

1083 2452 1128 2478 τὸν
1156 2451 1341 2489 αὐτοκράτορα
1357 2461 1363 2468 ·
1389 2450 1476 2484 οὕτως
1498 2451 1599 2483 ἐκεῖνος
1622 2451 1667 2478 καὶ
1689 2449 1786 2488 λόγοις
1816 2447 1901 2478 διδάσ-

1084 2506 1138 2523 κων
1163 2496 1198 2523 τὰ
1223 2496 1360 2534 βέλτιστα,
1386 2497 1423 2523 ὦν
1448 2494 1596 2533 κεφάλαιον
1621 2496 1639 2530 ἡ
1661 2494 1765 2533 ἀγάπη,
1782 2494 1902 2532 ἐπισφρα-

1085 2540 1152 2577 γίζει
1180 2542 1229 2575 τὴν
1260 2539 1434 2568 διδασκαλίαν
1475 2540 1520 2567 καὶ
1550 2539 1650 2578 ἔργοις,
1681 2539 1838 2577 ἀρχέτυπον
1864 2535 1899 2576 ἆτ’

1086 2585 1183 2612 ἅπασιν
1212 2585 1310 2623 ἀρετῆς
1339 2586 1432 2613 ἑαυτὸν
1462 2586 1609 2622 προϊστῶν.
1646 2585 1748 2613 Τοῦτον
1778 2579 1898 2626 μιμηειό·

1087 2636 1154 2666 μεθα
1196 2630 1340 2665 κάνταῦθα,
1384 2629 1446 2658 ὅσον
1487 2628 1612 2666 δύναμις,
1650 2628 1707 2656 ἐπεὶ
1736 2629 1783 2656 καὶ
1809 2627 1895 2657 ἐκεῖνος

1084 2673 1228 2712 ἐκμαγεῖον
1258 2674 1356 2705 παντὸς
1390 2674 1493 2711 ἀγαθοῦ
1523 2673 1669 2708 τυπωθεὶς,
1706 2672 1752 2700 τὸν
1784 2674 1898 2711 μέγιστον

1085 2721 1201 2756 Σωτῆρα
1217 2720 1297 2756 ἡμῶν
1319 2719 1358 2750 εἷς
1375 2718 1492 2756 μίμησιν
1509 2718 1649 2749 εἶκονικῶς
1672 2718 1902 2755 προστησάμενος,

1082 2763 1128 2790 καὶ
1169 2764 1214 2791 τὸν
1257 2763 1358 2792 ἐκείνου
1414 2763 1517 2802 δωρεὰν
1554 2763 1620 2801 ὑπὲρ
1672 2764 1753 2800 ἡμῶν
1795 2763 1903 2790 θᾶνατον

1083 2809 1121 2840 εἷς
1150 2811 1212 2837 νοῦν
1242 2820 1422 2847 τυπουμενος,
1455 2810 1579 2845 θνήσκειν
1610 2808 1702 2837 ἑαυτὸν
1734 2808 1800 2847 ὑπὶρ
1828 2806 1903 2844 ἠμῦν

1083 2854 1241 2892 προτίθησι.
1271 2855 1318 2882 Διὸ
1346 2855 1392 2883 καὶ
1422 2854 1518 2893 χαίροι
1556 2852 1586 2881 ἂν
1616 2855 1736 2889 πάντως,
1766 2852 1903 2891 μανθάνων

1085 2898 1113 2926 αὶ
1141 2899 1215 2936 ἡμᾶς
1243 2898 1432 2938 ἀγαπητικοὺς
1462 2898 1487 2927 έν
1514 2897 1604 2935 καλῷ,
1629 2897 1688 2926 ἐπεὶ
1711 2897 1757 2926 καὶ
1781 2895 1905 2926 διδάσκα-

1854 2913 1993 3174 Ἀ
