4082 6362
300 433 420 492 673

1307 429 1388 490 ΙΝ
1431 429 1496 490 S.
1544 429 2229 501 QUADRAGESIMAM
2273 431 2566 492 ORATIO
2609 433 2715 493 III.

3602 443 3722 500 674

298 561 401 626 λος
429 565 568 636 ἡμῖν
597 561 685 616 mi
737 561 936 649 παντὸς
992 560 1480 649 ἰπιστημονάρχης
1519 561 1736 649 ,ἀγαθοῦ
1768 555 1950 616 θεὸθεν

2074 562 2420 635 proponitur
2447 581 2482 620 a
2511 569 2645 620 Deo.
2681 565 2958 639 Magister
2987 585 3117 624 vero
3148 586 3265 626 non
3295 571 3353 626 in
3413 573 3528 629 vidi
3584 593 3718 649 pro-

299 647 699 731 προϐιϐληται.
753 648 1090 706 Διδασκάλου
1121 647 1179 705 δὲ
1225 649 1460 728 ἀφθόνου
1515 645 1652 705 ἴδιον
1713 651 1954 727 χαίρειν,

301 745 381 806 οἷς
444 738 831 814 εὐδοκιμοῦσιν
855 741 906 795 οἱ
938 737 1342 813 διδασκόμενοι.
1401 737 1727 797 Τούναντίον
1772 738 1957 812 μέντοι

304 828 555 889 θλίϐοιτο
587 831 670 903 ἂν,
705 829 855 906 εἶ’περ
888 831 1047 894 αὐτὸς
1082 832 1176 906 μὲν
1203 828 1498 887 κινδυνεύει
1527 829 1596 885 δι’
1626 833 1776 905 ἡμᾶς
1806 833 1873 886 τὰ
1902 829 1956 893 ἐς

305 922 570 997 πόλεμον,
602 922 649 994 ᾧ
677 922 768 976 καὶ
798 922 1012 976 Θάνατοι
1040 925 1506 998 παρομαρτοῦσιν,
1558 924 1723 995 ἡμεῖς
1754 919 1810 975 δὶ
1842 922 1958 976 κατ’

308 1011 571 1082 ἀλλήλων
604 1010 947 1084 ἂνιστώμεθα
997 1012 1259 1086 μάχιμοι,
1311 1010 1400 1065 καὶ
1448 1009 1622 1074 οὕτως
1670 1010 1746 1072 είς
1799 1009 1954 1065 οὐδὲν

311 1100 426 1158 δέον
462 1099 818 1178 βροτολοιγοὶ
849 1095 1140 1155 ἀπεκϐαίνο
1150 1122 1268 1174 μεν.

381 1193 485 1265 μζζ
519 1190 913 1262 Ἐνθυμώμεθα
959 1190 1096 1264 πρὸς
1148 1189 1362 1251 τούτοις
1409 1191 1496 1245 καὶ
1524 1190 1587 1245 τὸ
1637 1189 1956 1260 κατάντημα

303 1285 399 1336 τοῦ
441 1279 806 1356 προκειμένου
853 1283 1205 1350 νηστευτικοῦ
1262 1277 1480 1334 σταδίου
1511 1325 1524 1349 ,
1580 1280 1680 1347 τὴν
1740 1299 1955 1351 κοσμο-

301 1371 574 1444 σωτήριον
620 1367 954 1443 πασχάλιον,
1006 1370 1106 1438 τὴν
1165 1370 1428 1443 κυριακὴν
1490 1369 1798 1438 ἀνάστασιν,
1851 1369 1952 1437 τὴν

294 1460 386 1514 καὶ
465 1455 655 1520 ἄλλως
736 1457 828 1530 μὶν
889 1457 1228 1527 ἐξανάστασιν
1287 1457 1553 1530 ἡμετέραν
1622 1457 1682 1513 ἐκ
1737 1478 1952 1534 παραπ-

296 1546 567 1620 τωμάτων
599 1545 830 1602 πολλῶν
885 1546 974 1601 καὶ
1033 1550 1142 1601 τῶν
1172 1551 1271 1612 τῆς
1299 1554 1488 1617 κοινῆς
1549 1545 1606 1602 δὲ
1633 1546 1724 1601 καὶ
1768 1545 1954 1602 τελευ-

299 1637 454 1698 ταίας
508 1635 596 1690 καὶ
659 1641 888 1712 φρικτῆς
947 1634 1254 1710 προοιμίων
1325 1637 1732 1714 ἑπισφράγισμα
1788 1635 1952 1711 ἐκφα-

303 1727 576 1783 νὲστατον.
643 1721 1106 1796 Ἀνασκάλλωμεν
1164 1728 1233 1798 τῇ
1295 1722 1504 1796 διανοίᾳ
1554 1736 1652 1793 τὴν
1704 1725 1951 1779 εὐκταίαν

301 1815 502 1885 ταύτην
559 1812 947 1888 κυριώνυμον,
994 1815 1113 1878 καθ’
1169 1814 1230 1882 ἣν
1291 1814 1495 1876 σκοπὸς
1551 1817 1686 1888 ἡμῖν
1744 1814 1955 1888 καίριος

302 1905 465 1960 αὐτὸν
547 1902 749 1958 ἐκεῖνον
820 1901 912 1957 τὸν
972 1897 1325 1976 παμϐασιλέα
1381 1906 1614 1979 Σωτῆρα
1666 1902 1954 1963 ,ἐνοικίσα-

302 2005 424 2058 σθαι
454 1992 506 2054 ἐς
536 1992 744 2067 ψυχὴν,
777 1993 1304 2067 προκαθηραμὲνους
1358 1989 1597 2062 δηλαδὴ,
1637 1993 1728 2048 καὶ
1761 2013 1954 2069 συρφε-

298 2085 395 2140 τοῦ
425 2083 625 2145 παντὸς
690 2083 780 2136 τὸν
838 2083 974 2136 κατά
1027 2086 1151 2136 νοῦν
1208 2083 1259 2137 ἐν
1296 2083 1541 2145 ἑκάστοις
1572 2085 1716 2138 οἶκον
1778 2085 1954 2159 σαρώ-

304 2193 518 2236 σαντας.

381 2263 489 2333 μή.
522 2257 1029 2334 Προσλογισώμεθα
1087 2259 1177 2315 καὶ
1236 2259 1423 2324 ἄλλως
1488 2263 1605 2335 μὲν,
1639 2263 1666 2318 ὃ
1715 2264 1805 2318 καὶ
1840 2264 1954 2318 ἕτε-

308 2351 441 2425 ρωθι
469 2345 695 2424 ἔφαμεν,
754 2352 870 2409 πῶς
924 2345 983 2403 ἂν
1048 2347 1099 2403 ἐν
1154 2351 1290 2422 ἡμῖν
1343 2353 1579 2426 χωρήσῃ
1614 2352 1641 2406 ὁ
1697 2353 1952 2427 μέγιστος

307 2437 530 2516 ἅρχων.
585 2439 613 2493 δ
661 2432 1042 2510 παμϐασιλεὺς
1085 2439 1254 2508 Θεὸς,
1316 2439 1499 2502 αὐτοῖς
1559 2439 1786 2503 ὀπαδοῖς
1839 2447 1954 2504 τοῖς

303 2529 427 2601 περὶ
476 2527 634 2583 αὐτὸν
671 2572 686 2597 ,
745 2525 832 2580 ἐὰν
905 2525 1048 2581 οὕτω
1122 2525 1361 2603 γὲμωσιν
1440 2528 1593 2601 ὑμῶν
1674 2532 1728 2584 αἱ
1787 2530 1952 2587 οἰκίαι

304 2615 529 2694 φαύλων
597 2619 924 2692 περιουσιῶν
999 2617 1090 2670 καὶ
1147 2620 1375 2688 σκευῶν,
1433 2618 1507 2680 ὡς
1571 2621 1646 2691 μὴ
1707 2616 1957 2676 δεδόσθαι

306 2703 522 2776 οἴκησιν
583 2705 750 2776 αὐτῷ.
815 2703 1070 2761 Μάλιστα
1127 2702 1185 2759 δὲ
1236 2709 1848 2782 προσιπιλογισώμεθα,
1883 2711 1956 2772 ὡς

311 2793 358 2848 εἲ
413 2791 503 2847 καί
554 2799 724 2848 πᾶσαν
778 2793 916 2864 ὓλην
999 2793 1180 2868 ἑτέραν
1243 2794 1612 2870 ἀπαγάγωμεν
1669 2802 1765 2852 τοῦ
1822 2801 1957 2854 κατᾶ

313 2882 498 2956 ψυχὴν
556 2878 730 2950 οἷ’κου,
777 2879 1245 2959 φιλοκαλήσαντες
1289 2883 1508 2946 ἑαυτοὺς
1555 2886 1952 2960 ἀπειροκάΛως,

314 2968 406 3024 καὶ
465 2967 541 3030 εἰς
601 2968 940 3046 ἀρῥυπάρους
998 2972 1085 3025 καὶ
1140 2971 1458 3048 καθαρείους
1515 2977 1954 3048 καταστήσομεν,

312 3053 366 3113 ἔν
396 3055 453 3113 δὲ
509 3057 595 3112 καὶ
652 3054 814 3132 μόνον
843 3057 1164 3135 ἐνδομύχως
1227 3058 1515 3139 ὑφεδρεῦον
1553 3062 1805 3138 ἐάσομεν,
1855 3067 1955 3136 τὴν

307 3154 408 3217 τῆς
443 3144 653 3211 δικαίας
685 3149 775 3203 καὶ
846 3147 1014 3224 ὀρθῆς
1064 3150 1156 3204 καὶ
1205 3150 1650 3226 ἁπραγματευτου
1689 3154 1779 3209 καὶ
1835 3155 1956 3210 ἀκι-

307 3231 528 3307 δδήλου
559 3237 771 3313 ἀγάπης
823 3236 1117 3294 ἀντίπαλον
1152 3236 1375 3314 ἔχθραν,
1434 3245 1551 3303 πῶς
1597 3240 1657 3296 ἂν
1704 3244 1803 3311 τὴν
1858 3244 1958 3299 αὗ-

2070 653 2265 724 prium
2323 658 2412 708 est
2467 653 2540 709 iis
2595 657 2870 728 gaudere,
2932 659 3148 727 quibus
3197 660 3471 734 discipuli
3503 664 3718 722 clariﬁ-

2068 746 2295 797 cantur.
2322 743 2620 800 Contrarie
2651 762 2822 816 porro
2857 746 3053 802 forsan
3105 748 3483 824 affligeretur,
3534 753 3717 826 siqui-

2068 830 2198 885 dem
2233 830 2329 886 ille
2361 849 2462 904 pro
2495 834 2664 890 nobis
2694 835 2943 890 incurrit
2970 837 3227 908 pericula
3259 840 3417 909 belli,
3452 843 3544 897 cui
3569 861 3721 900 mor-

2065 924 2154 976 tes
2200 922 2574 992 comitantur,
2606 925 2748 979 dum
2783 942 2888 981 nos
2946 926 3005 981 in
3062 928 3310 986 invicem
3343 931 3712 1006 insurgimus

2068 1015 2416 1082 pugnantes,
2447 1017 2504 1068 et
2535 1014 2759 1085 absque
2791 1031 2969 1071 causa
2999 1016 3305 1075 homicidae
3334 1024 3658 1082 evadimus.

2135 1188 2223 1243 47.
2260 1189 2669 1260 Recogitemus
2700 1192 2942 1265 insuper
2998 1198 3281 1268 propositi
3332 1201 3720 1271 jejunationis

2065 1277 2240 1333 stadii
2273 1278 2615 1346 terminum,
2647 1281 2903 1338 salutare
2934 1284 3063 1340 dico
3096 1286 3711 1355 Pascha,Dominicam

2064 1367 2575 1438 resurrectionem,
2611 1375 2873 1428 nostram
2932 1373 3169 1431 aliunde
3227 1382 3714 1439 resurrectionem

2063 1472 2133 1511 ex
2165 1457 2369 1512 multis
2396 1457 2684 1530 lapsibus,
2719 1462 2819 1515 sed
2851 1468 2906 1516 et
2937 1465 3352 1534 prooemiorum
3384 1474 3716 1530 communis

2065 1545 2408 1617 ultimasque
2473 1563 2539 1601 ac
2606 1547 2908 1604 horrendae
2977 1553 3088 1607 dici
3161 1557 3713 1618 manifestissimum

2065 1633 2351 1706 sigillum.
2393 1636 2800 1708 Inspectemus
2860 1642 3210 1713 cogitatione
3265 1646 3713 1708 desiderabilem

2065 1723 2217 1779 hanc
2247 1724 2480 1780 Domini
2511 1726 2687 1796 diem,
2719 1745 2833 1799 qua
2863 1731 3030 1786 nobis
3063 1737 3153 1788 est
3182 1743 3547 1806 opportunus
3582 1740 3716 1798 finis

2064 1812 2350 1883 intentus,
2381 1815 2577 1887 ipsum
2637 1816 2794 1873 hunc
2851 1837 3046 1892 regem
3107 1826 3586 1894 potentissimum
3649 1848 3716 1887 ac

2063 1901 2416 1958 Salvatorem
2451 1906 2507 1959 in
2544 1911 2800 1962 mentem
2832 1908 3204 1981 hospitaliter
3223 1915 3718 1988 accipiendi,sane

2066 1996 2200 2063 post
2227 1994 2707 2065 praeparationem
2737 2001 2793 2051 et
2821 1998 2894 2052 ab
2921 2001 3079 2054 omni
3113 2003 3284 2058 sorde
3315 2006 3598 2076 spiritalis
3657 2010 3716 2065 in

2070 2097 2424 2153 unoquoque
2455 2083 2669 2141 domus
2698 2087 3194 2158 puriﬁcationem.

2136 2259 2226 2314 48.
2258 2258 2710 2319 Consideremus
2741 2270 2946 2335 praeter
2975 2267 3116 2336 hac,
3148 2273 3300 2341 quod
3361 2273 3506 2332 alias
3565 2277 3715 2333 dixi-

2067 2365 2222 2416 mus,
2255 2351 2546 2420 quomodo
2577 2351 2766 2408 locum
2795 2354 2854 2409 in
2888 2357 3058 2412 nobis
3090 2357 3302 2417 habere
3334 2365 3519 2433 possit
3542 2369 3724 2422 maxi-

2066 2454 2200 2494 mus
2231 2439 2369 2506 dux,
2393 2441 2838 2511 potentissimus
2868 2462 2967 2500 rex
2997 2452 3170 2517 Deus,
3198 2467 3333 2507 cum
3365 2454 3541 2512 sociis
3571 2457 3720 2525 suis,

2067 2527 2358 2583 sidomus
2416 2535 2620 2584 vestrae
2677 2531 2896 2589 vilibus
2947 2537 3301 2595 substantiis
3360 2546 3416 2596 et
3474 2544 3716 2602 vasibus

2065 2617 2210 2672 adeo
2241 2617 2597 2689 repleantur,
2635 2626 2699 2675 ut
2728 2621 2840 2693 ipsi
2874 2640 2988 2678 non
3022 2629 3380 2684 concedatur
3407 2631 3716 2692 habitatio.

2065 2705 2393 2761 Praesertim
2425 2712 2621 2763 autem
2657 2713 3032 2769 attendamus
3064 2716 3249 2784 {istud
3288 2737 3300 2774 :
3335 2721 3382 2775 si
3441 2728 3717 2780 cunctam

2067 2795 2305 2865 quidem
2336 2799 2671 2852 extraneam
2705 2801 3008 2857 materiam
3029 2807 3327 2878 espiritali
3359 2810 3531 2866 domo
3559 2814 3721 2885 abje-

2067 2884 2322 2939 cerimus
2354 2902 2471 2956 qua
2511 2888 2903 2961 nosmetipsos
2965 2891 3272 2952 inhoneste
3329 2884 3715 2960 exornavera-

2069 2990 2222 3041 mus,
2257 2990 2480 3046 nosque
2513 2993 2690 3047 puros
2720 2983 2778 3033 et
2807 2987 3155 3052 expurgatos
3210 2989 3714 3057 constituerimus,

2071 3079 2252 3118 unum
2285 3068 2483 3120 autem
2515 3065 2706 3122 solum
2738 3069 2985 3126 interius
3020 3074 3459 3141 permiserimus
3513 3082 3714 3153 sedile,

2067 3152 2460 3208 adversariam
2505 3156 2702 3225 justas,
2735 3163 2792 3211 et
2822 3165 3011 3232 rectae,
3045 3161 3471 3239 incuriosaeque
3502 3187 3565 3224 ac
3598 3152 3717 3226 sin-

2067 3257 2210 3298 cerae
2240 3242 2562 3314 charitatis,
2597 3245 2988 3320 inimicitiam,
3040 3256 3334 3320 quomodo
3375 3258 3718 3317 charitatem

305 3327 633 3401 τοαγάπην,
720 3328 811 3382 τὸν
893 3326 1088 3404 Κύριον
1123 3375 1138 3402 ,
1215 3329 1666 3404 εἷσοικισώμεθα;
1742 3336 1910 3408 Οἶμαι
1944 3382 1957 3408 ,

2074 3329 2282 3402 ipsam,
2344 3331 2681 3403 Dominum,
2739 3335 2796 3391 in
2856 3337 3178 3411 hospitium
3224 3344 3476 3418 recipere
3506 3351 3721 3422 poteri-

307 3416 411 3471 οὐκ
440 3415 524 3472 ἄν.

385 3525 492 3596 μθί.
549 3522 920 3597 Ἑξελάσωμεν
997 3525 1088 3579 οῦν
1161 3531 1354 3602 πρῶτα
1407 3527 1500 3581 τὸν
1558 3533 1656 3584 τοῦ
1707 3531 1960 3587 τοιούτου

313 3611 584 3687 βασιλέως
647 3612 844 3689 ἐχθρὸν
905 3613 993 3691 ἀφ’
1048 3615 1322 3686 ἡμῶν,τὸ
1354 3615 1640 3693 ἀλόγιστον
1689 3617 1836 3694 λέγω
1871 3627 1962 3694 μῖ-

313 3721 428 3769 σος,
460 3701 597 3776 πρὸς
654 3698 712 3756 δέ
767 3722 828 3777 γε
879 3703 969 3756 καὶ
1024 3704 1124 3771 τὴν
1175 3704 1343 3759 αὐτοῦ
1399 3707 1670 3779 στρατιὰν,
1711 3709 1806 3772 τὰς
1841 3709 1959 3765 ἐπι-

309 3784 538 3858 ϐουλὰς,
589 3790 684 3852 τὰς
742 3785 1114 3860 διαϐολὰς,τὸ
1165 3791 1356 3870 ὲφόἷς
1410 3795 1479 3849 οὐ
1527 3795 1720 3869 πρέπει
1768 3799 1962 3873 κρυψί-

304 3882 460 3947 νοῦν,
509 3879 572 3933 τὸ
623 3876 862 3953 ἀγκύλον
920 3881 1078 3949 ἦθος,
1137 3881 1231 3943 τὰς
1279 3882 1675 3950 πολυελίκτους
1714 3891 1958 3961 καμπὰς,

300 3967 368 4022 τὸ
399 3965 786 4042 κακόγλωσσον
841 3965 1056 4042 ψεῦδος,
1115 3969 1176 4024 τὸ
1233 3969 1320 4025 ἐπὶ
1380 3971 1536 4049 φιλίᾳ
1587 3973 1960 4051 ὑποκριτικὸν,

300 4056 398 4118 τὰς
482 4053 804 4118 λεοντώδεις
873 4057 1138 4133 ἀρπαγάς,
1206 4060 1302 4121 τὰς
1376 4059 1632 4123 ἀετώδεις
1701 4063 1960 4141 κλαγγάς,

305 4143 388 4220 ἀφ’
447 4146 529 4208 οἷς
581 4145 671 4199 καὶ
724 4143 1040 4219 ἀδικοῦμεν,
1072 4147 1132 4202 τὸ
1162 4149 1297 4203 κατὰ
1346 4153 1454 4204 τῶν
1485 4157 1750 4207 ταπεινῶν
1801 4152 1962 4210 ἀδελ-

309 4237 427 4307 φῶν
458 4233 547 4288 καὶ
604 4232 752 4290 δεινᾶ
808 4236 1036 4311 βροντᾷν
1087 4237 1175 4292 καὶ
1235 4233 1462 4313 ὄλεθρον
1517 4237 1959 4316 κεραυνοϐολεῖν,

307 4319 376 4375 τὰ
404 4317 550 4376 ἄλλα
602 4322 798 4391 πάντα,
858 4320 930 4378 δι’
977 4325 1052 4378 ὧν
1107 4325 1548 4402 πρατολογεῖται
1609 4334 1770 4402 μῖσος
1819 4331 1961 4387 ἀντί-

302 4408 482 4466 παλον
545 4410 726 4487 ἀγάπῃ
785 4415 854 4487 τῇ
913 4413 1050 4469 κατὰ
1098 4415 1250 4471 Θεόν.
1308 4415 1512 4471 Τούτου
1568 4423 1666 4473 τοῦ
1721 4421 1962 4477 πολυκε-

302 4499 484 4578 φάλου
526 4495 767 4574 βλάϐους
796 4499 1155 4578 ἐξαιρεθέντος
1197 4506 1287 4582 ἀφ’
1341 4507 1527 4580 ἡμῶν,
1589 4509 1725 4563 ἅπαν
1759 4509 1961 4590 ὠφέλι-

309 4609 409 4660 μον
455 4587 932 4647 ἀντεισελεύσεται.
989 4591 1163 4671 Νέφος
1224 4593 1335 4650 ἐστὶ
1391 4597 1452 4651 τὸ
1511 4595 1718 4674 φαῦλον
1778 4587 1958 4673 μίσος,

2072 3419 2251 3476 mus?
2280 3421 2424 3477 Puto
2454 3423 2575 3478 fieri
2610 3441 2724 3480 non
2757 3442 2948 3498 posse.

2145 3529 2611 3601 49.Expellamus
2640 3531 2819 3602 igitur
2847 3535 3104 3607 primum
3124 3556 3156 3593 a
3177 3542 3347 3598 nobis
3379 3543 3726 3615 hujusmodi

2072 3633 2269 3689 regem
2300 3617 2837 3688 inimicum,odium
2874 3625 3002 3681 dico
3029 3627 3724 3708 irrationale,deindeque

2071 3707 2260 3778 ipsius
2291 3708 2636 3781 exercitum,
2668 3712 2937 3784 insidias,
2997 3717 3349 3790 calumnias,
3408 3723 3468 3778 in
3527 3707 3723 3796 rebus,

2072 3797 2286 3866 quibus
2348 3814 2462 3853 non
2523 3800 2704 3867 decet,
2751 3801 3245 3875 dissimulatione,
3280 3813 3602 3869 tortuosam
3637 3815 3726 3870 in-

2073 3886 2288 3954 dolem,
2339 3887 2663 3944 multifidos
2721 3891 2909 3958 sinus,
2972 3912 3158 3966 pravae
3214 3897 3428 3972 lingua:
3487 3905 3727 3960 menda-

2073 3975 2251 4042 cium,
2309 3975 2368 4030 in
2417 3978 2679 4034 amicitia
2707 3980 3166 4050 simulationem,
3200 3985 3468 4046 leoninos
3501 3999 3726 4064 raptus,

2073 4063 2366 4134 aquilinos
2395 4065 2681 4122 clamores
2712 4068 2770 4122 in
2816 4086 2915 4126 eos
2967 4074 3184 4142 quibus
3240 4077 3520 4146 injuriam
3571 4063 3728 4137 ifaci—

2073 4169 2228 4218 mus,
2289 4154 2360 4208 ad
2420 4153 2543 4209 haec
2594 4161 2797 4214 contra
2850 4158 3106 4218 humiles
3170 4167 3378 4222 fratres
3422 4172 3725 4226 tremenda

2071 4241 2333 4298 tonitrua
2361 4243 2652 4301 letbaliter
2684 4247 3076 4322 fulminantia,
3102 4261 3307 4311 caetera
3337 4264 3568 4326 cuncta,
3592 4260 3723 4332 qui-

2070 4331 2184 4387 bus
2216 4333 2454 4404 agmina
2483 4337 2784 4408 componit
2805 4339 3007 4394 odium
3035 4342 3306 4401 charitati
3339 4364 3465 4418 quas
3515 4331 3729 4404 secun?

2073 4423 2214 4476 dum
2248 4422 2432 4478 Deum
2464 4429 2555 4478 est
2585 4426 3011 4485 adversarium.
3047 4435 3165 4488 Hoc
3194 4435 3351 4490 enim
3386 4437 3726 4510 multicipiti

2071 4511 2287 4566 damno
2320 4528 2353 4566 a
2385 4512 2554 4568 nobis
2581 4513 2793 4583 ablato,
2831 4518 3157 4588 quodilibet
3185 4527 3558 4582 commodum
3595 4545 3729 4583 suc-

2071 4601 2255 4655 cedet.
2289 4600 2484 4656 Nubes
2517 4607 2606 4657 est
2637 4620 2881 4674 pravum
2908 4608 3129 4677 odium,
3165 4619 3299 4668 ante
3333 4613 3517 4670 solem
3543 4618 3725 4687 justi-

307 4674 667 4750 ἐπιπροσθοῦν
739 4685 818 4752 τῷ
889 4688 988 4750 τῆς
1067 4680 1414 4756 δικαιοσύνης
1493 4685 1661 4760 ἡλίῳ,
1731 4691 1822 4744 καὶ
1884 4693 1957 4764 μὴ

2074 4689 2166 4744 tim
2197 4690 2408 4760 posita,
2442 4707 2558 4746 non
2591 4693 2792 4749 sinens
2821 4695 3017 4767 ipsum
3051 4698 3290 4757 illucere
3340 4705 3528 4760 nobis.
3593 4707 3726 4762 Pro-

306 4764 461 4839 ἀφιὲν
515 4766 672 4822 αὐτὸν
704 4767 1033 4842 ἐπιλάμπειν
1089 4774 1248 4845 ἡμῖν.
1314 4775 1588 4851 Ἐκνεφίας
1648 4777 1781 4847 ἐστὶ,
1819 4779 1959 4852 μᾶλ-

308 4851 408 4909 λον
445 4856 539 4926 μὲν
572 4855 667 4911 οῦν
693 4859 883 4934 Τυφὼν
913 4859 1239 4935 βιαιότατος,
1277 4863 1532 4936 βυσσόθεν
1559 4851 1958 4942 ἀναμοχλεύων

303 4946 404 5014 τήν
464 4950 560 5000 τοῦ
618 4948 733 5002 καθ’
791 4949 940 5020 ἡμᾶς
1001 4949 1122 5024 βίου
1181 4949 1473 5020 θάλασσαν,
1525 4953 1615 5008 καὶ
1669 4956 1769 5023 τὴν
1829 4956 1963 5012 κατά

304 5033 435 5088 Θεὸν
465 5032 713 5110 γαλήνην
756 5037 846 5090 καὶ
906 5037 1179 5110 εἷρηναίαν
1214 5035 1492 5115 διαγωγὴν
1541 5042 1630 5095 καὶ
1689 5043 1960 5120 ἡσυχαίαν

301 5122 627 5178 κατάστασιν
675 5124 896 5199 ἀπάγων
948 5123 999 5195 ἐξ
1047 5129 1228 5199 ἡμῶν.
1282 5128 1580 5203 Τραχύτης
1624 5131 1788 5203 ἐστὶν,
1821 5134 1960 5188 ἅπαν

301 5209 606 5288 ἀχρειοῦσα
637 5211 784 5267 λεῖον
831 5212 921 5267 καὶ
979 5214 1150 5283 εὐθὲς,
1187 5213 1255 5270 δι’
1288 5216 1349 5270 οὗ
1401 5219 1540 5292 πρὸς
1573 5220 1702 5274 Θεὸν
1746 5219 1964 5276 εὐοδού-

307 5311 464 5373 μεθα.
525 5301 732 5376 Είρκτή
816 5300 927 5356 ἔστι
985 5303 1201 5381 ζοφερὰ,
1259 5305 1675 5379 κατακλείουσα,
1733 5309 1808 5373 ὡς
1867 5310 1964 5366 οὐκ

303 5389 366 5444 ἂν
423 5389 633 5460 εῦξαιτό
688 5413 794 5457 τις,
825 5390 1004 5446 καὶού
1049 5393 1210 5466 μόνον
1270 5394 1656 5472 ἀποφραγνῦσα
1709 5398 1798 5453 καὶ
1853 5420 1962 5454 κω-

304 5476 514 5532 λύουσα
580 5479 730 5554 βιοῦν
764 5480 1145 5551 ἀνθρωπίνως,
1206 5481 1296 5546 οὕς
1353 5481 1413 5537 ἂν
1467 5482 1616 5540 ἐνδον
1665 5482 1960 5561 ἀπολαὸοι,

299 5566 453 5622 ἀλλὰ
481 5569 572 5622 καὶ
628 5569 809 5646 φωτὸς
839 5569 1230 5646 ἀποστεροῦσα,
1266 5571 1361 5635 οῦς
1393 5571 1717 5651 ἐναπείργει.

378 5675 438 5731 ν’.
470 5675 530 5729 Τί
573 5673 760 5730 πολλὰ
809 5673 982 5751 λέγειν
1033 5675 1110 5738 εἰς
1162 5673 1486 5754 παραϐολὴν
1537 5680 1958 5757 αἲνιγματώδης

300 5763 572 5838 Δαίμονος
622 5761 781 5843 ἔργον
845 5765 907 5821 τὸ
961 5765 1305 5825 ἀκανόνιστον
1370 5775 1549 5848 μῖσος,
1609 5773 1776 5848 οὗπερ
1831 5774 1958 5854 ἀφε-

2072 4779 2221 4834 cella
2277 4784 2404 4846 est,
2466 4786 2566 4836 aut
2624 4788 2687 4837 ut
2743 4784 2955 4840 melius
3015 4789 3205 4844 dicam
3263 4790 3724 4851 violentissimus

2071 4869 2316 4940 typhon,
2350 4875 2560 4925 nostrae
2594 4889 2753 4928 mare
2783 4872 3050 4932 funditus
3081 4888 3548 4950 commovens,et
3579 4883 3725 4938 divi-

2071 4973 2206 5011 nam
2243 4958 2731 5029 tranquillitatem
2779 4963 3205 5038 pacificumque
3263 4972 3601 5038 transitum,
3663 4989 3730 5028 ac

2074 5061 2343 5102 securam
2403 5049 2714 5104 stationem
2775 5067 2808 5105 a
2867 5053 3037 5108 nobis
3070 5073 3397 5113 removens.
3435 5061 3729 5133 Asperitas

2073 5142 2179 5199 est,
2214 5136 2541 5206 quodilibet
2571 5139 2881 5196 destrucns
2913 5142 3157 5213 planum
3209 5163 3272 5202 ac
3313 5153 3556 5216 rectum,
3614 5168 3732 5222 qua

2072 5225 2143 5278 ad
2178 5225 2360 5279 Deum
2395 5225 2640 5282 feliciter
2671 5231 3093 5299 progredimur.
3129 5237 3332 5291 Carcer
3353 5244 3442 5293 est
3471 5240 3732 5297 tenebro-

2072 5330 2198 5381 sus,
2228 5314 2529 5384 claudens,
2565 5321 2629 5370 ut
2660 5333 2832 5372 nemo
2863 5319 3097 5391 gloriari
3134 5331 3353 5395 posset,
3385 5331 3442 5382 et
3469 5345 3580 5383 non
3635 5347 3728 5385 so-

2071 5401 2194 5458 lum
2254 5403 2651 5459 intercludens
2709 5411 2765 5460 et
2812 5425 2929 5464 non
2986 5411 3187 5467 sinens
3219 5413 3478 5471 humane
3515 5418 3726 5486 vivere,

2073 5509 2219 5562 quos
2251 5493 2405 5549 intro
2433 5495 2833 5566 suscepit,sed
2867 5498 3042 5554 etiam
3077 5501 3293 5559 orbane
3324 5503 3727 5582 lumine,quos

2071 5581 2341 5637 includit.

2136 5691 2226 5744 50.
2246 5690 2394 5754 Quid
2418 5691 2608 5748 multa
2629 5693 2822 5748 dicam
2846 5695 2904 5749 in
2931 5698 3210 5768 parabole
3233 5706 3289 5758 et
3310 5703 3365 5758 in
3392 5705 3730 5778 aenigmate?

2069 5780 2360 5836 Damonis
2390 5785 2481 5839 est
2511 5798 2658 5854 opus
2690 5783 2961 5856 iniquum
2994 5787 3218 5858 odium,
3252 5809 3287 5848 a
3314 5809 3432 5865 quo
3480 5811 3724 5865 prorsus
