4082 6372
376 423 496 484 875

1160 419 1584 484 EUSTATHII
1626 378 2394 484 THESSALONICENSIS
2438 422 3019 491 METROPOLITE

3683 445 3818 506 676

371 553 489 610 illis
521 554 621 628 qui
658 553 753 611 Dei
783 558 925 612 sunt
951 555 1366 612 abstinendum
1395 552 1788 625 est.lniquum
1823 555 1998 608 auten

2136 550 2258 648 ἰτέον
2305 552 2522 648 παντως
2577 554 2705 622 τοὺς
2759 561 2855 614 τοῦ
2881 565 3037 618 Θεοῦ.
3087 563 3458 625 ’Δκιινόνιστον
3527 568 3587 628 δὶ
3636 575 3810 648 μίσος

375 644 575 700 odium
607 645 760 714 dico,
791 645 1133 702 discernens
1173 643 1328 700 istud
1362 643 1434 699 ab
1467 641 1590 710 illo,
1642 642 1805 740 quod.
1847 643 1998 740 etian

2135 639 2298 740 ἔφην,
2353 641 2810 740 διαστελιλόμενος
2867 649 2996 740 αὐτὸ
3052 658 3150 708 τοῦ
3209 654 3430 732 ἑτέρου,
3492 661 3522 716 ὃ
3569 639 3662 718 δια-ἶ
3717 639 3811 740 rip

373 735 442 789 ad
475 733 887 806 gloriationem
948 734 1151 789 Davidi
1195 737 1516 804 reputatur.
1551 731 1688 787 Odit
1715 731 1871 787 enim
1906 731 2021 802 ille,

2135 730 2303 830 Δαυῗῦ
2357 734 2433 796 εἰς
2483 735 2750 830 καύμχημα
2795 737 3124 816 ἐπιλέγεται.
3185 746 3352 802 Μισεῖ
3405 730 3509 827 γὰρ
3565 730 3804 830 εκεῖνος,

375 839 525 895 quos
555 823 737 878 amari
767 840 881 879 non
912 823 1214 896 oportebat
1246 839 1258 876 :
1295 821 1355 875 bi
1386 837 1519 876 vero
1551 824 1689 876 sunt
1743 819 1844 892 qui
1903 821 1997 876 odi

2132 819 2224 918 οῦς
2285 822 2492 918 ἐχρῆν-
2660 828 3003 918 ἀγαπᾶαθαι·
3067 833 3119 886 οἱ
3179 831 3236 890 δι
3294 819 3430 892 εἰσιν
3479 819 3538 895 ὀἱ
3598 819 3804 918 λόγοις

373 913 745 968 sermonibus
777 917 1102 978 versantur,
1133 914 1189 966 et
1215 909 1398 982 gratis
1426 909 1581 965 bella
1602 908 1882 964 inferunt.
1907 909 2021 964 Nec

369 1000 680 1057 abscondit
705 1000 1064 1072 {hujusmodi
1119 1017 1286 1055 suam
1346 1003 1631 1067 mentem,
1680 999 1782 1054 sed
1839 998 2018 1054 etiam

367 1089 685 1161 cogitatum
741 1089 962 1162 psallit,
1020 1088 1340 1162 perfectum
1399 1088 1600 1144 odium
1632 1087 1854 1156 dicens,
1886 1087 2019 1145 illos

367 1177 581 1243 odisse,
614 1195 761 1248 quos
789 1179 968 1234 etiam
1001 1177 1061 1232 in
1092 1177 1363 1234 inimicos
1393 1176 1520 1233 ﬁeri
1550 1177 1662 1233 sibi
1693 1178 2013 1234 asserebat.

361 1265 531 1322 Esset
559 1273 756 1322 autem
787 1267 1132 1338 hujusmodi
1177 1266 1524 1323 Davidicum
1582 1267 1806 1333 odium,
1862 1267 2014 1338 quod

357 1354 513 1411 intra
570 1357 811 1412 domum
872 1361 938 1412 ut
994 1358 1160 1412 decet
1187 1357 1246 1412 in
1271 1355 1534 1411 animam
1569 1355 1922 1426 infunditur,
1957 1360 2014 1412 et

357 1445 612 1501 exterius
641 1445 1235 1518 irreprehensibiliter
1265 1445 1679 1517 apparet.Cum
1705 1445 1862 1500 enim
1888 1462 2017 1518 per-

356 1533 572 1590 fectum
605 1540 694 1591 est
724 1535 782 1590 in
811 1535 1002 1606 nobis,
1036 1536 1193 1608 quod
1227 1551 1295 1592 ex
1326 1535 1636 1591 manifesto
1667 1542 1723 1590 et
1749 1550 1818 1590 ex
1844 1551 2010 1591 men-

353 1621 430 1678 tis
462 1623 804 1680 abscondito
835 1622 1479 1696 componitur,pulcbre
1508 1625 1825 1694 perfectum
1849 1623 2009 1680 Psal-

360 1711 547 1768 mistze
573 1712 964 1784 explicaretur
987 1713 1208 1781 odium,
1243 1713 1396 1785 quod
1432 1711 1594 1768 intus
1625 1716 1823 1768 manet
1852 1717 1908 1768 et
1947 1714 2008 1769 in

359 1800 745 1856 exterioribus
776 1801 986 1872 prodit,
1020 1805 1078 1856 et
1107 1802 1162 1856 in
1196 1806 1428 1857 tantum
1461 1817 1531 1857 ex
1575 1801 1805 1858 duobus
1855 1818 2009 1858 cres-

359 1890 459 1957 cit,
491 1895 554 1944 ut
610 1889 980 1947 inimicitiam
1039 1891 1476 1946 convenientem
1537 1907 1714 1962 quam
1765 1908 2001 1948 sursum

352 1979 529 2035 habet
561 1979 894 2047 Deus,infra
919 1980 1326 2051 moveat,quod
1355 1980 1671 2035 dicendum
1695 1981 1767 2036 de
1793 1981 1998 2050 David,

349 2068 493 2136 Elia,
530 2067 760 2137 Phinee,
797 2085 1130 2141 magnoque
1162 2069 1456 2141 Moyse,et
1487 2069 1709 2125 caeteris
1738 2069 2000 2126 zelatori-

347 2157 484 2223 bus,
516 2159 796 2214 adversus
828 2158 1011 2214 malos
1041 2158 1320 2214 inimicis.
1370 2157 1497 2214 Alio
1557 2175 1690 2214 vero
1746 2159 1878 2214 odio
1937 2161 1994 2214 in

344 2246 583 2302 offensis
614 2247 685 2302 ad
717 2247 966 2302 invicem
997 2247 1424 2316 abstineamus,
1453 2246 1501 2302 si
1535 2247 1851 2304 Christiani
1894 2267 1994 2304 su-

347 2352 502 2406 mus,
535 2339 834 2392 servantes
864 2335 1006 2392 illud
1035 2336 1314 2392 adversus
1345 2335 1504 2409 pravi
1535 2338 1825 2409 serpentis
1875 2338 1994 2394 dis-

343 2424 571 2497 cipulos
600 2429 658 2481 et
687 2434 1063 2498 pugnatores,
1098 2442 1323 2482 necnon
1355 2431 1411 2482 et
1440 2425 1608 2482 illum
1640 2427 1860 2499 ipsum,
1892 2428 1993 2498 qui

343 2514 716 2570 inimicitiam
767 2516 1047 2571 adversus
1104 2515 1431 2571 humanum
1491 2532 1678 2588 genus
1726 2533 1990 2586 servans,

343 2604 506 2659 illam
539 2604 746 2659 exinde
778 2604 982 2660 merito
1013 2603 1254 2660 haberet
1281 2604 1340 2658 in
1375 2621 1436 2660 se
1462 2604 1824 2677 replicatam.

405 2693 494 2748 51.
530 2695 686 2750 Hanc
715 2695 996 2750 adversus
1028 2700 1327 2750 auctorem
1357 2692 1494 2748 mali
1527 2699 1583 2749 et
1612 2711 1848 2767 semper
1877 2695 1991 2751 ini-

337 2781 556 2838 micum
587 2781 956 2838 inimicitiam
983 2783 1134 2838 Deus
1165 2781 1222 2836 in
1257 2782 1424 2839 nobis
1450 2787 1786 2840 constanter
1815 2784 1994 2839 obfir-

335 2876 474 2939 met,
509 2872 860 2944 roboretque
892 2889 998 2928 nos
1028 2873 1099 2928 ad
1131 2888 1367 2944 semper
1407 2872 1758 2928 vincendum
1825 2872 1989 2929 illam

333 2961 722 3030 separationi
755 2960 1268 3034 maceriam,quam
1292 2965 1616 3018 avertentes
1632 2963 1689 3017 in
1710 2961 1978 3019 dilectam

329 3048 684 3107 intrabimus
715 3050 1158 3121 habitationem,
1190 3067 1362 3123 aqua
1412 3069 1517 3107 nos
1575 3050 1669 3106 ille
1729 3069 1980 3125 nequam

329 3137 636 3209 prohibere
692 3155 923 3212 semper
969 3140 1091 3196 vult
1147 3146 1203 3196 et
1255 3140 1561 3197 annititur.
1617 3141 1744 3197 Haec
1777 3147 1973 3199 autem

325 3232 416 3283 est
445 3227 622 3285 chara
651 3229 953 3298 habitatio,
987 3231 1277 3300 omnium,
1337 3248 1485 3303 quas
1542 3232 1676 3303 quis
1734 3232 1982 3304 diceret,

2133 909 2324 982 μίσους
2371 911 2737 988 κυκλοῦντες,
2793 917 2883 972 καὶ
2940 915 3146 996 δωρεὰν
3199 922 3589 998 πολεμοῦντες.
3653 909 3802 990 όὺτε

2128 1000 2350 1076 κρύπτει
2403 1003 2494 1057 τὸν
2548 1009 2795 1061 τοιοῦτον
2828 1005 2992 1064 αὐτοῦ
3023 1014 3174 1084 νοῦν,
3234 1012 3382 1071 ἀλλὰ
3439 1018 3528 1072 καὶ
3581 1019 3798 1094 ψάλλει

2124 1087 2421 1180 τὸμνό-ημα,
2479 1089 2687 1147 τέλειον
2755 1099 2915 1168 μῖσος
2950 1095 3122 1175 λέγων
3183 1109 3361 1174 μισεῖν
3423 1087 3641 1180 αὐτοὺς,
3696 1110 3801 1175 οῦς

2122 1175 2212 1231 καὶ
2247 1177 2326 1240 εἰς
2367 1177 2598 1256 ἐχθροὺς
2637 1181 2785 1256 αὐτῷ
2831 1186 3094 1262 γενέσθαι.
3144 1187 3248 1262 Εῗη
3305 1189 3364 1249 δὲ
3411 1193 3474 1249 ἂν
3531 1175 3793 1256 τοιοῦτον

2123 1263 2408 1358 Δαυὶξτικὸν
2460 1275 2648 1358 μῖσος,
2702 1272 2731 1328 ὃ
2787 1274 2878 1329 καὶ
2921 1275 3070 1340 ἐντὸς
3122 1276 3275 1336 οἴκου
3326 1281 3411 1358 ῥεῖ
3459 1281 3691 1351 δεόντως
3735 1289 3796 1353 ἐς

2121 1357 2328 1432 ψυχὴν,
2384 1357 2475 1413 καὶ
2527 1357 2679 1424 ἐκτὸς
2732 1363 3036 1436 ἀμέμπτως
3088 1357 3474 1445 ἐπιφαίνεκαι.
3530 1373 3792 1434 Τελειου-

2124 1445 2285 1544 μένου
2341 1448 2446 1524 γὰρ
2479 1454 2588 1544 ’τοῦ
2619 1450 2670 1506 ἐν
2703 1454 3120 1544 ἡμῖνλουνθὲτου
3178 1454 3240 1514 ἔκ
3296 1482 3356 1517 τε
3383 1467 3482 1518 τοῦ
3543 1485 3792 1544 προφαι-

2118 1535 2350 1607 νομένου
2406 1538 2496 1592 καὶ
2552 1544 2648 1594 τοῦ
2704 1540 2909 1618 νοερῶς
2967 1549 3420 1622 κρυμπτομάνου,
3476 1535 3680 1620 mlific-
3721 1554 3786 1612 ἄν

2121 1628 2281 1696 μῖσος
2335 1624 2612 1700 ψαλμικὸν
2688 1630 3046 1706 ἑρμηνεύοιτο
3101 1635 3339 1708 τέλειον,
3401 1641 3465 1698 τὸ
3521 1647 3614 1700 καὶ
3671 1643 3786 1702 ἔσω

2122 1713 2282 1784 μὲνον
2339 1717 2425 1770 καὶ
2483 1716 2536 1772 ἐν
2589 1725 2705 1782 τοῖς
2749 1716 2851 1792 ἔξω
2907 1731 3177 1797 προῆκον,
3231 1729 3320 1784 καὶ
3382 1731 3460 1794 εἰς
3518 1738 3784 1791 τοσοῦτον

2115 1803 2453 1894 παραυξηθὶν
2525 1803 2595 1861 δι’
2671 1809 2872 1888 ἀμφοῖν
2903 1855 2917 1881 ,
2993 1812 3084 1868 καί
3158 1812 3358 1892 ἔχθραν
3445 1821 3777 1894 ὑποκινῆσαι

2113 1893 2419 1966 πρέπουσαν
2481 1895 2591 1950 ἄνω
2649 1903 2824 1969 Θεοῦ,
2883 1902 3074 1958 ὁποῖον
3123 1904 3214 1959 καὶ
3273 1907 3300 1962 6
3343 1908 3533 1982 Acuta,
3593 1893 3682 1968 xci
3747 1916 3777 1970 6

2110 1979 2318 2071 :Hliae,
2375 1984 2462 2038 καὶ
2525 1985 2552 2039 6
2605 1988 2811 2060 Φινεές,
2870 1990 2960 2045 καὶ
3019 1993 3048 2048 6
3111 1994 3276 2071 μέγας
3334 1979 3563 2071 Μωσῆς,
3595 2002 3688 2058 καὶ
3721 2009 3775 2062 οἱ

2107 2065 2294 2124 λοιποὶ
2355 2071 2620 2144 ζηλωταὶ,
2707 2078 2760 2131 οἱ
2833 2081 2969 2136 κατὰ
3043 2085 3150 2139 τῶν
3229 2090 3416 2142 κακῶν
3479 2088 3771 2167 πολέμιοι,

2103 2158 2379 2247 Ἑτεροίου
2457 2159 2514 2218 δὲ
2589 2164 2779 2237 μίσους
2856 2168 3305 2247 ἀπαλλαγείημεν
3370 2175 3424 2232 ἐν
3481 2158 3777 2245 τοῖςνκατι

2104 2245 2371 2347 ἀλλήλιιυν
2429 2260 2736 2347 συρφετοῖς,
2787 2255 2876 2313 ἐὰν
2935 2245 3107 2347 ὦμεν⁸
3145 2245 3492 2340 Χριστιανοὶ,
3538 2277 3773 2347 τηροῦν-

2098 2356 2185 2398 τες
2210 2338 2337 2393 αὐτὸ
2367 2341 2502 2395 κατᾶ
2529 2347 2636 2398 τῶν
2671 2350 2767 2400 τοῦ
2800 2353 3047 2424 πονηροῦ
3079 2338 3259 2428 ὅφεὼς
3294 2357 3568 2428 μαθητῶν
3593 2338 3659 2416 *τε
3681 2362 3774 2418 καὶ

2169 2695 2262 2752 να’.
2324 2695 2537 2769 Ταύτην
2585 2701 2683 2770 τὴν
2735 2697 2934 2780 ἔχθραν
2982 2707 3082 2777 τὴν
3141 2711 3276 2766 κατὰ
3317 2714 3408 2766 τοῦ
3433 2712 3738 2788 ἀρχεκάκου

2097 2783 2183 2838 καὶ
2241 2784 2322 2840 ἀεὶ
2381 2787 2652 2862 πολεμίου
2709 2794 2978 2870 παγιώσαι
3059 2798 3088 2852 6
3146 2801 3279 2862 Θεὸς
3351 2799 3401 2854 ἒν
3454 2783 3583 2873 ἡμῖν
3636 2823 3739 2856 πα-

2099 2874 2429 2962 ραμόνιμον,
2461 2878 2549 2932 καὶ
2613 2877 2984 2956 ἐνδυναμώσαι
3039 2888 3188 2960 ἡμᾶς
3233 2887 3314 2952 εἰς
3369 2889 3430 2944 τὸ
3461 2895 3611 2962 νικᾷν
3669 2890 3751 2946 ἀεὶ

2099 2959 2325 3056 ἰδιεῖνον,
2355 2967 2417 3021 τὸ
2460 2968 2622 3056 καξιὸν
2671 2971 3021 3050 μεσότοιχον,
3072 2959 3130 3032 6'v
3163 2959 3573 3044 καταϐαλόντες
3598 3002 3757 3056 γενη-

2096 3051 2300 3125 σόμεθα
2327 3061 2426 3125 τῆς
2488 3055 2657 3132 φίλης
2691 3059 2979 3136 οἰκήσεως,
3011 3063 3081 3134 ἧς
3129 3065 3516 3143 ἀποτειχίζειν
3549 3051 3698 3142 ἡμᾶς
3731 3071 3762 3125 6

2095 3143 2336 3230 πονηρὸς
2367 3145 2456 3199 καὶ
2491 3144 2745 3220 βούλεται
2779 3151 2867 3205 καὶ
2908 3159 3165 3228 τεχνᾶται
3216 3142 3470 3215 πάντοτε.
3525 3156 3676 3230 Φίλη
3706 3142 3785 3215 ὃὶδ

2095 3227 2334 3305 οἶειησις,
2389 3235 2606 3290 ἀπασῶν
2662 3235 2920 3312 φιλτάτη,
2982 3242 3056 3296 ὧν
3117 3242 3179 3299 ἃν
3240 3243 3386 3302 εἷ’ποι
3441 3268 3553 3316 τις,
3610 3250 3646 3318 ἡ
3707 3247 3763 3304 ἐν

325 3316 696 3386 charissima,
755 3318 814 3374 in
869 3320 1142 3393 paradiso
1191 3320 1328 3388 sita,
1388 3321 1542 3392 quod
1604 3323 1813 3377 sumus
1843 3339 1979 3378 cum

2112 3321 2425 3398 ταραδείσῳ,
2472 3323 2562 3381 διὰ
2605 3305 2703 3383 τοῦ
2751 3329 2843 3385 σὺν
2883 3305 3012 3405 *Θεῷ
3059 3334 3149 3390 καὶ
3197 3335 3248 3390 ἐν
3297 3341 3418 3410 Θεῷ
3473 3305 3566 3394 καὶ
3628 3305 3768 3412 μετὰ

328 3410 440 3460 Deo
469 3412 525 3462 et
557 3407 615 3462 in
649 3413 781 3480 Deo,
815 3409 1053 3479 etjuxta
1082 3410 1266 3466 Deum
1295 3427 1397 3482 per
1425 3410 1671 3483 gratiam
1704 3410 1970 3468 omnium

329 3494 737 3552 dominatricis
768 3498 1156 3554 sanctissime:
1187 3498 1514 3570 Trinitatis,
1546 3498 1638 3554 cui
1669 3497 1858 3571 gloria
1915 3499 1974 3554 in

331 3583 544 3642 saecula
571 3586 944 3643 seculorum.
978 3593 1186 3644 Amen.

2088 3416 2222 3466 Θεοῦ
2267 3413 2424 3484 εἶναι,
2484 3417 2672 3492 χάριτι
2718 3426 2822 3490 τῆς
2879 3421 3096 3478 πάντων
3157 3427 3524 3502 κυριευούσης
3586 3449 3766 3483 πανα-

2090 3502 2367 3575 γιωτάτης
2396 3503 2645 3580 Τριάδος,
2770 3505 2896 3580 δόξα
2937 3510 3015 3574 εἰς
3042 3511 3172 3578 τοὺς
3221 3514 3425 3578 αἰῶνας
3455 3519 3579 3572 τῶν
3623 3515 3765 3572 αῗώ-

2091 3612 2220 3649 νων.
2251 3593 2458 3665 Ἀμήν.
