4082 6354
302 415 426 474 6'77

1337 407 1418 469 IN
1463 406 1530 468 8.
1578 399 2267 476 QUADRAGESIMAM
2309 400 2601 464 ORATIO
2643 401 2746 464 ιν.

3607 407 3728 468 6'78

1590 743 2447 906 EJUSDEM

982 1017 1096 1104 IN
1168 1015 1259 1105 s.
1320 1014 2324 1130 QUADRAGESIMAM
2384 1012 2831 1102 ORATIO
2890 1018 3039 1105 IV.

426 1418 533 1470 Τοῦ
563 1411 729 1469 αὐτοῦ
758 1409 924 1488 λόγος
952 1406 1296 1500 προεισόδιος
1325 1415 1426 1480 τῆς
1458 1407 1609 1487 ἁγίας
1638 1411 1839 1468 Τεσσα-

981 1502 1272 1556 ρακοστης.

375 1613 441 1668 α’.
499 1608 616 1668 Οὐκ
671 1607 887 1682 εὐπορῶ
945 1603 1174 1661 συνιδεῖν
1211 1653 1226 1679 ,
1288 1603 1333 1660 ὦ
1390 1603 1638 1684 ἀδελφοὶ,
1691 1603 1843 1669 ὅπως
1901 1607 1960 1660 ἂν

304 1700 434 1763 τοὺς
496 1697 696 1775 λόγους
754 1698 890 1769 ἡμῖν
951 1693 1283 1771 ἁρμόσωμαι
1340 1696 1600 1771 σήμερον.
1652 1699 1828 1771 Τριχῆ
1851 1694 1959 1770 γὰρ

309 1788 604 1866 διασχίζων
653 1787 716 1842 τὸ
772 1792 872 1855 τῆς
923 1785 1044 1862 ἄρτι
1093 1782 1453 1847 συνελεύσεως
1502 1781 1697 1853 αἷίτιον,
1744 1783 1843 1838 οὐκ
1899 1783 1958 1839 ἂν

309 1877 505 1956 ἐγγύας
538 1875 692 1947 δοίην
728 1873 1008 1953 ἀσφαλεῖς,
1059 1870 1378 1944 δυνήσεσθαι
1421 1874 1558 1948 πρὸς
1604 1875 1671 1928 τὰ
1719 1874 1847 1949 τρία
1878 1872 1959 1944 ἐξ-

309 1969 580 2046 αρκέσειν,
629 1965 704 2027 ὡς
750 1963 855 2040 ἐγώ
899 1984 958 2019 τε
1006 1963 1277 2036 ἐπιθυμῶ,
1328 1964 1417 2018 καὶ
1450 1965 1523 2025 ὡς
1569 1963 1630 2018 τὸ
1659 1968 1759 2018 τοῦ
1789 1964 1961 2038 πράγ-

313 2079 484 2132 ματος
539 2055 686 2110 ὅσιον
742 2054 978 2109 ἀπαιτεῖ.
1013 2048 1302 2129 Πρόδηλον
1360 2052 1483 2128 γὰρ,
1546 2053 1618 2114 ὡς
1676 2050 1737 2106 οὐ
1797 2053 1962 2125 μόνον

306 2148 479 2222 εὐχῆς
533 2141 710 2200 ἕνεκεν
767 2141 947 2211 ἥκετε,
1008 2141 1075 2210 ἦς
1130 2141 1290 2217 χάριν
1347 2141 1599 2205 ἀνέκαθεν
1669 2143 1704 2210 ἡ
1765 2141 1956 2215 ἄθροι-

311 2257 392 2298 σις
425 2232 558 2305 αὕτη
611 2229 978 2294 συντελεῖσθαι
1030 2227 1238 2298 εἶ’ωθεν,
1301 2231 1375 2292 ὡς
1435 2229 1494 2285 ἂν
1545 2231 1606 2284 τὸ
1663 2251 1959 2302 πνευματι-

308 2325 402 2378 κὸν
451 2320 667 2378 στάδιον
716 2317 1031 2388 ἀθλητικῶς
1079 2317 1437 2390 ἐξανύσαντες,
1487 2317 1577 2373 καὶ
1626 2323 1732 2374 τῶν
1781 2339 1962 2390 σκαμ-

311 2413 494 2486 μάτων
548 2409 856 2487 γεγονότες,
907 2402 1090 2483 ἔχοιτε
1149 2406 1209 2461 οὐ
1262 2407 1424 2480 μόνον
1477 2408 1543 2462 τὰ
1593 2409 1960 2482 νενομισμένα

306 2501 562 2572 ἐξανύειν,
594 2496 722 2554 ἀλλ’
772 2493 827 2553 εἷ’
872 2517 978 2551 που
1034 2492 1279 2569 δυνατὸν,
1313 2496 1402 2551 καὶ
1463 2497 1594 2572 ὗπὶρ
1642 2499 1710 2553 τὰ
1755 2497 1962 2570 ἐσκαμ-

311 2593 449 2666 μένα
503 2589 805 2665 ἐκτρέχειν,
861 2585 950 2642 καὶ
1015 2585 1450 2661 ὑπερακοντίζειν
1509 2585 1794 2658 ἀλλήλους
1845 2593 1962 2650 τοῖς

304 2683 422 2737 καθ’
483 2673 793 2755 ὑπερϐολὴν
849 2673 966 2748 Θεῷ
1015 2673 1180 2749 φίλην
1243 2676 1330 2730 καὶ
1391 2676 1784 2752 ἀγωνίσμασιν·
1845 2675 1958 2733 ἐπεὶ

307 2769 401 2824 καὶ
435 2769 462 2822 6
494 2773 638 2831 θεῖος
686 2765 851 2841 λόγος
901 2763 1138 2842 φάμενος
1165 2763 1229 2818 τὸ
1261 2788 1289 2815 ‹‹
1323 2764 1408 2819 Ἑν
1457 2764 1648 2828 κόποις
1685 2761 1960 2841 ὑπερϐαλ-

313 2855 547 2922 λόντως,
584 2879 606 2908 ι
665 2849 921 2924 διδάσκει,
986 2853 1062 2926 μὴ
1122 2857 1292 2906 πᾶσαν
1348 2849 1684 2927 ὑπερϐολὴν,
1743 2853 1870 2910 ἀλλ’
1923 2854 1958 2924 ἢ

320 2945 492 3018 μόνην
548 2944 645 3012 τὴν
707 2942 1036 3021 ἐφάμαρτον,
1093 2940 1182 2997 καὶ
1234 2937 1304 2996 δι’
1332 2941 1463 2998 αὐτὸ
1514 2945 1590 3016 μὴ
1623 2943 1960 3022 φιλουμένην

315 3039 452 3107 Θεῷ,
497 3031 686 3110 ψόγοις
730 3029 1100 3109 ἀποκληροῦν.
1155 3030 1364 3088 Οὔκουν
1409 3031 1578 3109 εὐχῆς
1632 3028 1806 3107 μόνης
1850 3031 1961 3087 ἓνε-

313 3144 421 3195 κεν,
482 3123 556 3185 ὡς
611 3120 846 3198 ἐρρέθη,
909 3121 936 3174 6
991 3124 1092 3186 τῆς
1146 3119 1354 3196 ¹ἡμέρας
1409 3119 1611 3193 ταύτης
1664 3120 1958 3200 σύλλογος,

308 3211 455 3268 ἀλλὰ
501 3210 590 3266 καὶ
635 3206 1011 3276 διδασκαλίας,
1063 3211 1130 3280 ἣν
1187 3210 1238 3264 οἱ
1270 3210 1537 3265 Θειότατοι
1580 3211 1812 3288 Πατέρες
1844 3215 1961 3267 ἐνο-

311 3300 643 3374 μοθέτησαν,
675 3299 754 3362 οἷς
785 3297 1000 3353 ἐποίουν
1033 3297 1108 3360 ὡς
1135 3297 1406 3354 ἑκάστοτε.

384 3390 449 3466 β’.
482 3388 552 3444 Τὸ
587 3385 632 3444 δ’
664 3388 716 3443 ἐν
764 3392 881 3449 τοῖς
928 3390 1018 3442 νῦν
1067 3387 1247 3465 τρίτον
1296 3385 1470 3443 αἷίειον
1503 3392 1597 3443 τοῦ
1656 3387 1955 3460 συνελθεῖν,

305 3479 336 3534 ’ὁ
392 3481 585 3554 καιροῦ
640 3475 954 3554 περιπέτεια
1009 3470 1218 3552 ἔφηνε,
1276 3477 1593 3552 παραμυθία
1648 3478 1738 3534 καὶ
1797 3476 1963 3555 λόγος

308 3569 654 3643 παρήγορος,
714 3565 903 3642 οὗπερ,
963 3564 1037 3628 ὡς
1097 3566 1290 3638 οἶμαι,
1350 3565 1440 3620 καὶ
1499 3565 1664 3622 αὐτοῦ
1725 3565 1963 3642 μάλιστα

311 3653 658 3729 προσδέεσθε,
710 3653 756 3709 εἳ
785 3675 838 3709 τι
894 3655 1006 3731 χρὴ
1062 3659 1179 3718 τοῖς
1238 3653 1393 3728 ἐμοῖς
1447 3658 1822 3734 τεκμήρασθαι
1869 3659 1960 3714 καὶ

307 3751 376 3803 τά
407 3745 660 3821 ὑμέτερα.
719 3743 818 3799 Καὶ
864 3743 966 3820 γάρ
1005 3765 1092 3800 τοι
1138 3745 1227 3800 καὶ
1279 3743 1440 3808 αὐτὸς
1488 3745 1541 3802 ἐν
1573 3752 1692 3810 τοῖς
1733 3752 1826 3803 νῦν
1859 3747 1960 3804 ἄλ-

303 3857 423 3913 γεσι
483 3834 576 3890 καὶ
629 3830 845 3889 τοιοῦδε
895 3833 1187 3913 φαρμάκου
1236 3831 1666 3910 προσδεδέημαι,
1717 3839 1955 3894 ποτνιώ-

304 3945 470 4000 μενος
523 3924 772 4000 εὑρέσθαι
828 3924 990 3987 ποθὶν
1053 3921 1302 3997 μέθοδον,
1365 3921 1437 3980 δι’
1486 3927 1552 3994 ἧς
1599 3925 1662 3981 τὸ
1694 3925 1958 4002 ἶάτρευμά

303 4037 397 4088 μοι
433 4011 582 4070 ἔσται
613 4013 925 4088 ἠπιώτερον
957 4013 1340 4090 φιλανθρωπίᾳ
1385 4019 1541 4084 Θεοῦ,
1573 4015 1663 4070 καὶ
1708 4018 1783 4089 μὴ
1819 4018 1956 4093 πρὸς

304 4101 504 4173 ὀδύνην
534 4102 596 4158 οὐ
627 4103 898 4181 φορητήν.
932 4103 1002 4160 Τί
1045 4099 1102 4157 δέ
1157 4124 1252 4176 μοι
1301 4101 1503 4179 λέγειν,
1537 4105 1613 4166 ὡς
1642 4106 1738 4160 τοῦ
1769 4126 1955 4182 τριτου

300 4190 391 4245 καὶ
428 4191 593 4263 μόνου
625 4190 733 4266 ἐγὼ
764 4187 979 4264 δέομαι,
1027 4187 1144 4245 δέον
1191 4190 1382 4262 εἰπεῖν,
1418 4189 1500 4246 ὅτι
1531 4193 1620 4248 καὶ
1647 4197 1756 4248 τῶν
1787 4200 1955 4271 τριῶν

302 4275 531 4342 ἐπιδεῶς
591 4277 728 4356 ἔχω,
780 4279 872 4334 καὶ
935 4279 1279 4356 ὑπερκαίεταί
1332 4303 1425 4355 μοι
1479 4289 1577 4352 τῆς
1626 4281 1800 4339 αὐτῶν
1833 4283 1953 4340 ἐπι-

294 4367 492 4444 τυχίας
523 4370 557 4439 ἡ
590 4370 742 4444 ψυχή
780 4395 795 4439 ;
827 4367 1015 4444 Εὐχήν
1062 4390 1120 4424 τε
1171 4371 1276 4446 γὰρ
1324 4369 1414 4426 καὶ
1447 4370 1606 4435 αὐτὸς
1650 4371 1823 4438 ἐθέλω
1851 4375 1950 4444 τὴν

294 4457 345 4529 ἐξ
382 4459 559 4532 ὑμῶν,
621 4455 771 4533 εἷ’περ
829 4458 982 4530 ποτὲ,
1039 4457 1130 4514 καὶ
1187 4455 1538 4517 διδασκαλίαν
1590 4459 1648 4517 δὲ
1704 4464 1955 4540 καταρτί-

295 4551 513 4617 ζουσαν,
549 4543 630 4624 ἐφ’
661 4549 742 4608 οἷς
791 4544 868 4610 εἷς
921 4548 1019 4616 τήν
1073 4548 1210 4604 κατά
1255 4550 1384 4606 Θεὸν
1433 4552 1497 4606 οὐ
1547 4551 1794 4627 παύομαι
1825 4551 1949 4610 οδὸν

297 4628 646 4721 σκαμϐεὐων,
697 4629 824 4689 οὐδὲ
869 4639 1120 4711 κατορθῶ
1147 4638 1243 4700 τὰς
1271 4634 1514 4716 τρίϐους,
1545 4641 1813 4718 χωλεύων
1847 4642 1955 4721 οὐχ

295 4719 510 4795 ἅπλῶς,
564 4720 692 4778 ἀλλ’
741 4721 821 4778 ἐπ’
879 4723 1211 4803 ἀμφοτέραις
1268 4725 1501 4804 ἰγνύαις,
1561 4727 1656 4786 εἱίιτν
1710 4729 1801 4788 οῦν
1833 4719 1954 4797 τοῖς

292 4809 429 4866 κατά
457 4809 619 4887 λόγον
669 4811 758 4866 καὶ
804 4813 994 4888 πρᾶξιν
1053 4810 1408 4891 διαϐήμασιν.
1458 4825 1577 4874 ’Έτι
1625 4818 1683 4876 δὲ
1711 4823 1802 4878 καὶ
1850 4842 1952 4877 πα-

293 4898 557 4976 ραμύθιον
608 4906 994 4978 προσεπιζητῶ
1052 4902 1132 4969 ἐφ’
1192 4905 1436 4979 ὁμοίοις,
1469 4907 1549 4986 ἐφ’
1594 4911 1676 4972 οἷς
1734 4907 1948 4983 δηλαδὴ

289 4989 378 5044 καὶ
413 4988 567 5045 αὐτοὶ
624 4988 989 5067 προκαλεῖσθε
1048 4993 1204 5066 οἶμαι
1249 4995 1340 5051 τὸν
1394 4999 1950 5075 παραμυθησόμενον.

289 5077 393 5135 Καὶ
454 5079 611 5154 ὑμεῖς
673 5079 768 5154 μὶν
831 5081 984 5144 ὅπως
1037 5081 1096 5136 ἂν
1123 5087 1240 5148 τοῖς
1297 5083 1451 5159 ἐμοῖς
1486 5087 1749 5162 αἰτήμασι
1781 5110 1952 5164 προσ-

287 5169 665 5245 ενεχθήσεσθε,
723 5166 959 5242 εἷδοίητε
1016 5169 1076 5226 ἂν
1136 5173 1342 5244 αὐτοὶ,
1400 5175 1491 5232 καὶ
1551 5178 1657 5254 πρὸ
1716 5178 1870 5252 ὑμῶν
1923 5181 1952 5235 6

287 5256 442 5330 Θεὸς,
477 5258 505 5312 6
539 5254 868 5331 μεθοδεύσας
900 5258 989 5314 καὶ
1033 5259 1171 5334 ὑμᾶς
1204 5261 1280 5324 εἰς
1311 5261 1377 5318 τὰ
1424 5265 1551 5342 τρία
1597 5264 1762 5336 καλὰ,
1815 5266 1949 5342 ὑπὲρ

286 5343 364 5399 ὧν
396 5343 519 5420 ἐμοὶ
565 5343 658 5418 δέη
670 5368 773 5410 σις.

357 5438 422 5509 1.
453 5433 602 5523 Ἐγὼ
636 5432 712 5505 δὲ,
747 5436 878 5509 ὅπερ
932 5432 1100 5518 ἔφθην
1152 5438 1341 5511 εἰπὼν,
1396 5441 1458 5498 οὐ
1509 5445 1647 5499 πάνυ
1702 5443 1947 5523 εὐπόρως

1991 2787 2041 2853 Β
2069 2767 2371 2822 laboribus
2402 2767 2805 2822 abundantius
2837 2771 2880 2834 ¹,

1988 1411 2044 1480 Α
2073 1411 2336 1482 Eiusdem
2384 1414 2565 1470 oratio
2607 1418 3013 1486 praeparatorta
3064 1417 3125 1471 in
3172 1423 3418 1472 sanctam
3467 1416 3720 1486 Quadra-

2752 1488 3035 1557 gesimam.

2143 1608 2196 1664 1.
2246 1609 2372 1664 Non
2421 1609 2592 1666 facile
2641 1611 2954 1682 perspicio,
2990 1613 3218 1680 lratres,
3273 1614 3566 1683 quomodo
3614 1613 3728 1668 bo-

2071 1697 2340 1753 diernum
2394 1715 2724 1755 sermonem
2784 1702 2946 1757 vobis
3007 1701 3117 1756 sim
3178 1702 3526 1772 adepturus.
3578 1703 3724 1759 Tres

2071 1787 2252 1856 enim,
2285 1787 2435 1842 inter
2493 1804 2554 1844 se
2585 1787 2849 1854 diversae,
2913 1793 3262 1860 praesentem
3323 1792 3726 1862 congregatio-

2073 1891 2204 1931 nem
2239 1882 2629 1946 provocarunt
2663 1894 2852 1932 caussa
2883 1896 2896 1945 ;
2929 1883 3022 1934 ast
3053 1895 3145 1934 me
3177 1879 3358 1934 ﬁdum
3393 1896 3508 1934 non
3569 1881 3721 1935 dabo

2072 1981 2414 2036 sponsorem
2447 1965 2703 2036 capitum
2737 1965 2916 2021 trium
2940 1967 3020 2021 ita
3038 1969 3584 2037 pertractandorum
3609 1967 3722 2024 sic-

2072 2059 2137 2109 ut
2167 2052 2436 2109 desidero
2465 2053 2592 2126 ipse
2622 2058 2680 2109 et
2718 2054 2800 2109 rei
2853 2055 3106 2127 gravitas
3150 2055 3497 2128 expostulat.
3532 2057 3720 2112 Mani-

2070 2144 2284 2198 festum
2310 2147 2401 2198 est
2431 2143 2716 2209 enim,vos
2739 2143 2853 2198 huc
2873 2145 3108 2199 venisse
3138 2161 3252 2199 non
3277 2149 3516 2218 propter
3535 2145 3723 2201 solam

2070 2231 2718 2303 supplicationem,quaa
2732 2233 2980 2286 antehac
2994 2233 3192 2288 ﬁdeles
3205 2249 3560 2306 congregare
3581 2235 3727 2290 sole-

2071 2320 2193 2390 bat,
2227 2324 2290 2375 ut
2320 2319 2625 2392 spirituale
2657 2321 2915 2376 stadium
2965 2321 3318 2378 athletarum
3369 2339 3531 2379 more
3589 2341 3726 2395 per-

2073 2415 2376 2464 currentes
2406 2408 2625 2464 limites
2646 2426 2819 2466 cursu
2849 2411 3207 2484 attingastis;
3238 2427 3440 2466 verum
3463 2411 3721 2479 etiam,si

2071 2498 2196 2554 fieri
2231 2503 2448 2570 posset,
2502 2497 2719 2554 limites
2776 2500 3053 2556 excedere
3113 2500 3364 2556 studetis
3420 2517 3525 2556 vos
3574 2501 3722 2556 invi-

2073 2605 2195 2643 cem
2227 2605 2524 2660 superare,
2557 2593 2848 2644 certamen
2886 2593 3179 2646 certantes
3227 2591 3721 2662 superabundans

2073 2682 2129 2733 et
2156 2678 2273 2733 Deo
2303 2682 2629 2749 acceptum.
2664 2677 2966 2750 Siquidem
3017 2679 3319 2750 Scriptura
3372 2679 3514 2734 dicit
3547 2696 3560 2736 :
3595 2703 3624 2731 «
3661 2683 3723 2736 In

2912 2790 2940 2820 ››
2985 2769 3153 2823 docet
3201 2773 3398 2824 autem
3451 2785 3564 2823 non
3597 2786 3726 2826 om-

2077 2871 2207 2910 nem
2241 2855 2663 2910 abundantiam
2693 2861 2921 2926 gratam
2953 2873 3082 2912 esse
3141 2862 3278 2923 Deo,
3311 2858 3411 2911 sed
3462 2870 3588 2912 eam
3623 2875 3721 2914 so-

2072 2943 2188 2998 lam
2223 2961 2350 3015 qu
2384 2949 2618 3016 peccato
2663 2949 2860 3000 careat
2917 2950 2973 3000 et
3005 2946 3312 3018 vituperio.
3365 2946 3552 3018 Igitur
3610 2963 3728 3003 non

2074 3037 2311 3105 propter
2340 3049 2539 3104 preces
2569 3033 2913 3099 tantum,uti
2945 3034 3168 3090 dictum
3202 3037 3312 3089 est.
3347 3034 3489 3090 hum
3521 3051 3731 3090 conve-

2074 3121 2246 3178 nistis
2276 3121 2577 3194 hodie,sed
2602 3123 3182 3196 propterdoctrinam
3208 3141 3386 3196 quam
3406 3123 3588 3179 divini
3613 3129 3724 3180 Pa-

2071 3215 2191 3266 tres
2221 3210 2451 3284 legibus
2508 3210 2743 3284 scriptis
2793 3215 2971 3284 atque
3022 3211 3193 3268 factis
3247 3213 3418 3269 nobis
3465 3214 3725 3270 tradide-

2073 3306 2232 3355 runt.

2142 3389 2197 3442 2.
2228 3388 2423 3444 Tertia
2469 3388 2652 3459 hujus
2706 3389 3008 3445 concionis
3065 3407 3243 3446 caua
3297 3405 3366 3445 ex
3415 3406 3614 3446 rerum
3674 3393 3732 3445 et

2069 3480 2404 3549 temporum
2443 3483 2653 3534 natura
2683 3478 2928 3535 deﬂuit:
2962 3477 3446 3544 consolationem,
3485 3480 3731 3534 verbum

2070 3567 2444 3639 permulcens
2462 3566 2641 3624 vultis
2661 3569 2982 3640 percipere,
2999 3585 3114 3640 quo
3129 3569 3368 3640 quidem
3390 3568 3558 3624 vobis
3581 3585 3732 3640 Opus

2070 3661 2181 3725 est,
2215 3657 2264 3712 si
2295 3657 2368 3713 de
2412 3657 2559 3714 meis
2591 3658 2663 3713 ad
2716 3663 2910 3714 vestra
2967 3658 3265 3730 quandam
3325 3658 3731 3729 conjecturam

2071 3746 2329 3819 proferre
2359 3745 2512 3803 licet.
2555 3747 2673 3820 Ego
2704 3746 2861 3803 enim
2894 3747 3040 3818 ipse,
3099 3747 3194 3803 his
3251 3747 3311 3802 in
3370 3746 3727 3803 calamitati-

2067 3836 2206 3905 bus,
2235 3834 2428 3893 solatii
2460 3836 2787 3892 remedium
2823 3837 3112 3906 desidero,
3146 3840 3204 3892 et
3252 3835 3406 3892 viam
3439 3835 3727 3904 invenire,

2071 3942 2208 3998 qua,
2243 3927 2595 3982 concedente
2627 3925 2766 3991 Deo,
2800 3927 3028 3981 sanatio
3061 3913 3262 3981 nostra
3295 3925 3504 3982 evadat
3552 3925 3726 3982 nobis

2069 4013 2296 4070 facilior
2315 4018 2373 4069 et
2403 4031 2519 4070 non
2551 4015 2621 4069 ad
2655 4014 2915 4070 dolorem
2946 4015 3232 4086 perducat
3261 4013 3725 4070 intolerandum.

2068 4103 2186 4159 Cur
2212 4107 2410 4159 autem
2443 4103 2573 4158 dico
2604 4103 2865 4167 tertium,
2899 4102 3008 4158 hoc
3038 4103 3185 4158 mihi
3231 4101 3426 4158 solum
3460 4118 3590 4158 esse
3619 4119 3726 4159 ne-

2067 4191 2411 4257 cessarium,
2443 4207 2576 4247 cum
2609 4197 2766 4248 esset
2795 4191 3198 4247 conﬁtendum
3243 4207 3338 4247 me
3372 4191 3564 4247 tribus
3597 4192 3732 4249 istis

2063 4281 2328 4354 indigere
2357 4284 2413 4336 et
2443 4279 2701 4336 animam
2735 4296 2927 4336 meam
2962 4278 3202 4335 illorum
3231 4278 3556 4351 efﬂagitare
3586 4296 3731 4337 con-

2066 4369 2426 4428 secutionem
2457 4370 2485 4425 ‘I
2515 4373 2721 4426 Preces
2767 4369 2924 4425 enim
2977 4373 3201 4425 vestras
3253 4373 3311 4424 et
3359 4369 3485 4440 ipse
3537 4370 3728 4443 magis

2066 4477 2244 4533 quam
2277 4464 2449 4517 antea
2477 4458 2728 4531 imploro
2757 4464 2814 4515 et
2843 4459 3204 4514 droctrinam
3251 4461 3724 4515 corroborantem

2066 4557 2198 4606 uta
2240 4550 2351 4606 viis
2402 4547 2636 4606 Domini
2694 4566 2810 4605 non
2868 4547 3190 4616 declinem;
3223 4550 3469 4605 semitas
3529 4554 3728 4606 autem

2010 4641 2021 4651 “
2063 4657 2226 4696 meas
2259 4657 2372 4696 non
2403 4638 2612 4711 dirigo,
2646 4639 2788 4711 quia
2820 4655 2935 4694 non
2969 4655 3086 4694 uno
3119 4637 3384 4693 claudico
3415 4638 3588 4709 pede,
3622 4639 3725 4696 sed

2065 4729 2352 4786 ambobus
2384 4727 2629 4785 deﬂecte
2661 4729 2937 4802 genibus,
2965 4728 3162 4784 verbis
3193 4727 3417 4783 scilicet
3445 4732 3503 4782 et
3531 4727 3725 4784 factis.

2060 4817 2280 4875 Deinde
2309 4819 2586 4875 solatium
2621 4819 2832 4874 iisdem
2866 4817 3139 4890 perquiro
3172 4815 3526 4883 rationibus,
3589 4818 3726 4888 qui-

2063 4908 2176 4964 bus
2205 4925 2307 4965 vos
2327 4908 2440 4980 ipsi
2470 4907 2787 4981 implorare
2809 4905 3091 4963 videmini
3115 4905 3566 4962 consolatorem.
3589 4905 3724 4962 Ideo

2063 4999 2291 5056 rescitis
2323 4999 2755 5073 ipsiquomodo
2803 4997 2950 5054 meis
3001 4995 3391 5070 implicemini
3423 4996 3717 5068 negotiis;

2061 5091 2219 5147 Deus
2248 5097 2444 5148 autem
2465 5093 2632 5164 prius
2655 5107 2777 5146 rem
2795 5095 2978 5146 totam
3003 5088 3427 5162 perspexit,qui
3458 5089 3531 5144 ad
3563 5088 3720 5145 bona

2061 5182 2196 5254 tria,
2230 5198 2357 5253 quae
2389 5182 2448 5238 in
2481 5181 2632 5237 votis
2668 5180 2812 5236 meis
2842 5183 3001 5247 sunt,
3033 5195 3136 5235 vos
3166 5180 3283 5251 jam
3320 5177 3457 5234 olim
3491 5177 3717 5233 condu-

2060 5270 2166 5327 xit.

2133 5450 2188 5506 3.
2220 5449 2529 5522 Equidem,
2561 5448 2716 5505 sicut
2747 5447 2874 5519 jam
2923 5447 3091 5513 dixit,
3123 5462 3242 5502 non
3291 5461 3532 5519 prorsus
3571 5445 3722 5503 bene

282 5516 436 5599 ἔχων
467 5522 604 5599 πρὸς
635 5523 702 5580 τὰ
731 5526 784 5597 ἐξ
818 5516 981 5602 ἐμοῦ,
1008 5529 1089 5585 ὅτι
1125 5527 1267 5604 μηδὲ
1295 5532 1394 5602 τὴν
1425 5533 1619 5610 πρώην
1667 5516 1944 5611 εὐκαιρίαν

2074 5538 2240 5596 ιαὺοο
2261 5516 2527 5609 {divitias
2560 5516 2856 5606 abierunt,
2892 5553 2997 5592 nec
3021 5537 3150 5608 jam
3197 5535 3258 5590 in
3289 5516 3543 5608 pristina
3575 5551 3717 5592 con-

362 5739 384 5781 ι
415 5738 466 5794 II
497 5736 626 5796 Cor.
663 5755 742 5809 x1,
774 5739 866 5796 23.
