4082 6382
429 442 548 501 679

1207 438 1622 501 EUSTATHII
1664 435 2432 500 THESSALONICENSIS
2475 441 3064 505 METROPOLITJE

3727 445 3832 511 680

425 568 646 624 ditione
689 583 846 638 sum,
889 567 959 621 de
988 581 1103 638 qua
1124 564 1362 638 gloriari
1412 565 1668 633 licebat;
1705 565 1804 620 sed
1861 561 2052 618 menti:

2189 561 2436 637 πλουτῶ,
2513 564 2640 622 ούδὶ
2716 568 3036 625 κατάστασιν
3095 567 3304 642 ἰκείνην
3365 568 3484 646 ἔχω
3543 573 3667 649 περὶ
3721 571 3826 646 ἐμὲ,

424 655 952 730 cogitationes,imo
967 672 1157 711 sermo
1184 655 1305 727 ipse
1323 658 1585 710 mutatus
1602 654 1766 709 estin
1792 652 2074 723 deterius,

425 765 492 804 ac
523 763 874 802 numerosus
907 762 1035 800 esse
1068 744 1242 798 desiit
1272 761 1284 810 ;
1318 744 1502 799 oratio
1529 743 1687 800 enim
1731 760 1846 814 quo
1879 742 2076 797 minus

425 836 569 890 ﬂuat
597 852 810 890 maeror
829 832 1204 906 impedit.Ubi
1231 834 1386 897 enim
1421 833 1550 888 fons
1572 830 2078 902 obstruitur,aqua

423 941 596 998 parce
626 923 1178 995 fluit,quia,quando
1210 923 1366 991 origo
1382 919 1742 977 minusbene
1756 922 2076 975 constituta

423 1021 533 1080 est,
567 1014 853 1086 quidquid
889 1013 1022 1066 inde
1051 1012 1316 1083 provenit
1348 1011 1608 1083 languet.
1642 1011 1863 1065 Tamen
1897 1026 2072 1082 opor-

416 1108 498 1159 tet
529 1121 708 1158 causa
756 1105 1022 1157 cessante
1067 1102 1336 1156 effectum
1393 1116 1627 1172 quoque
1678 1115 1930 1155 cessare.
1972 1098 2068 1153 Ni-

415 1193 739 1248 hilominus
772 1193 842 1246 ad
879 1191 1237 1261 promissum
1280 1191 1724 1261 exsequendum
1774 1189 2069 1260 accingor,

411 1283 494 1338 ita
525 1287 717 1336 tamen
751 1286 816 1335 ut
846 1282 1002 1352 quod
1038 1281 1290 1335 maxime
1315 1286 1405 1335 est
1437 1279 1836 1335 necessarium
1860 1278 1918 1332 in
1952 1294 2069 1332 me-

410 1372 572 1426 dium
603 1371 920 1441 proferam,
953 1369 1092 1440 quia
1124 1370 1300 1424 talem
1346 1368 1651 1424 materiam
1716 1365 2065 1438 amplificari

407 1459 704 1515 auditores
737 1459 934 1513 minus
965 1462 1199 1530 gratum
1233 1457 1671 1512 habent.Pauca
1699 1455 1856 1512 enim
1891 1455 2066 1511 verba

405 1549 596 1605 oranti
620 1554 678 1604 et
699 1547 1025 1604 orationem
1052 1547 1398 1618 suscipienti
1427 1545 2062 1615 sutﬁciuntEjusmodi

404 1657 576 1712 porro
601 1656 801 1712 preces
831 1639 1098 1694 omnium
1129 1637 1390 1694 locorum
1439 1654 1506 1692 ac
1553 1642 1883 1708 temporum
1933 1652 2062 1690 esse

402 1746 576 1784 nemo
604 1727 976 1783 inﬁtiabitur.

2185 653 2304 706 καθ’
2355 655 2416 723 ἣν
2475 654 2828 732 ἠγλαῖζόμην
2907 657 3088 734 λέγων
3150 658 3227 722 εἷς
3297 659 3366 715 τὰ
3420 659 3560 716 κατὰ
3618 663 3824 718 σκοπόν⁶

2187 739 2334 797 ἀλλά
2367 757 2466 816 μοι
2494 745 2584 800 καὶ
2636 747 2698 801 τὸ
2729 747 2914 820 νοερὸν
2968 747 3291 822 κατάστημα
3343 750 3678 826 ἑτεροιοῦται
3707 752 3825 826 πρὸς

2185 832 2252 886 τὰ
2305 833 2601 908 πρότερον,
2659 836 2748 891 καὶ
2801 839 2836 907 ἡ
2894 840 3151 916 προφορὰ
3210 835 3268 893 δὲ
3321 843 3430 893 τῶν
3488 837 3820 914 λαλουμένων

2183 930 2624 998 καινοπραγεῖται
2659 971 2673 997 ,
2722 926 2813 980 καὶ
2873 925 2981 1002 ούχ
3029 925 3116 981 οἵα
3165 926 3225 982 τὲ
3278 926 3419 982 ἐστιν
3480 927 3821 1001 ἐμπλατύνε-

2184 1021 2303 1073 σθαι
2337 1012 2413 1074 είς
2444 1009 2741 1089 ἁϐρότητα.
2775 1016 2877 1071 Καὶ
2929 1014 3046 1091 ἔχει
3093 1016 3257 1093 λόγον
3310 1017 3373 1072 τὸ
3426 1017 3620 1080 πάθος.
3653 1025 3823 1094 Πηγῆς

2181 1100 2284 1175 γὰρ
2339 1101 2648 1178 ἀπορρύτου
2698 1104 3189 1182 ἐμπεφραγμένης,
3248 1105 3574 1178 ἀκόλουθον,
3632 1107 3822 1164 ἐπιλεί-

2178 1210 2296 1243 πειν
2331 1190 2420 1244 καὶ
2451 1193 2549 1261 τήν
2581 1190 2800 1268 ἐκροήν,
2840 1193 2935 1248 Καὶ
2969 1190 3156 1256 ἄλλως
3189 1191 3246 1249 δὲ
3288 1196 3424 1270 χρὴ,
3455 1200 3555 1250 τοῦ
3602 1202 3819 1272 γεννῶν-

2175 1299 2268 1340 τος
2327 1277 2584 1350 ἐξιτήλου
2630 1283 2949 1358 γενομὲνου,
3015 1281 3157 1355 μηδὲ
3201 1283 3268 1338 τὰ
3316 1285 3637 1359 γεννώμενα
3673 1288 3818 1357 τεθη-

2178 1366 2350 1424 λὲναι.
2413 1369 2512 1424 Καὶ
2560 1371 2713 1443 ὅμως
2765 1373 3220 1448 προεκτιθέμενος
3280 1372 3695 1449 ὑπισχνοῦμαι,
3750 1377 3817 1438 ὡς

2175 1456 2342 1532 εύχήν
2408 1459 2502 1531 μὶν
2562 1458 2861 1515 ἀποδοῦναι
2919 1463 3061 1516 πάνυ
3115 1483 3168 1517 τι
3223 1461 3688 1537 ἀναγκαιότατον,
3737 1465 3815 1519 καὶ

2174 1543 2298 1600 οὐδὲ
2328 1543 2645 1618 διεξοδικὸν,
2700 1549 2783 1605 ὅτι
2825 1547 2961 1622 μηδέ
3019 1548 3370 1626 λιχνεύονται
3407 1553 3480 1607 τά
3525 1574 3586 1627 γε
3612 1558 3817 1608 τοιαῦτα

2173 1637 2225 1690 οἱ
2283 1637 2541 1712 ἀκροαταὶ
2601 1639 2680 1702 εἴς
2736 1639 2910 1695 πολὺν
2980 1638 3302 1713 πλατυσμόν
3335 1685 3348 1698 .
3410 1641 3670 1717 Ἀρκοῦσι
3721 1644 3812 1719 γὰρ

2168 1725 2258 1779 καὶ
2308 1726 2515 1802 βραχέα
2571 1728 2810 1803 ῥήματα,
2870 1729 2969 1796 τὴν
3029 1728 3321 1802 ἐπιθυμίαν
3381 1729 3699 1796 ἀποπλῆσαι
3741 1735 3811 1802 τῷ

401 1817 695 1892 εὐχομὲνῳ
724 1837 782 1870 τε
820 1816 908 1870 καὶ
947 1819 1025 1886 τῷ
1065 1811 1461 1890 ὑποδεχομὲνῳ
1498 1813 1564 1869 τὰ
1596 1819 1696 1883 τῆς
1730 1813 1926 1888 εὐχῆς,
1959 1813 2048 1866 καὶ
2089 1813 2187 1868 οὐκ
2226 1811 2285 1868 ἂν
2313 1816 2525 1890 γένοιτό
2555 1839 2688 1873 ποτε
2723 1817 2845 1873 κίαν
2888 1816 3333 1895 πραγματιιῶδες
3371 1819 3436 1874 τὸ
3479 1820 3532 1876 ἐν
3558 1821 3811 1884 τοιούτοις

400 1904 678 1982 εὔχεσθαι.

465 2019 520 2071 6.
553 2019 690 2080 Quae
719 2016 791 2070 ad
823 2013 1146 2069 orationem
1181 2013 1494 2084 pertinent,
1531 2013 1736 2084 paucis
1758 2013 1882 2082 jam
1918 2027 2044 2082 per-
2080 2013 2124 2077 Β

402 2105 612 2163 strinxi
640 2122 653 2172 ;
710 2103 974 2159 doctrina
1006 2102 1391 2174 subsequitur
1420 2111 1478 2157 et
1521 2101 1652 2174 ipsa
1682 2100 1912 2172 triplex.
1947 2103 2053 2155 Ast

398 2197 458 2250 in
492 2192 744 2266 singulis
762 2193 980 2248 eadem
1003 2195 1142 2246 sunt
1173 2190 1780 2246 dil‘ﬁcultates.Primo
1812 2189 2052 2262 quidem

396 2285 708 2340 verborum
725 2281 968 2354 penuria
983 2297 1074 2337 me
1095 2280 1391 2352 vexat,qui
1406 2281 1476 2335 ab
1490 2278 1869 2335 incunabulis
1884 2278 2055 2334 aliter

398 2375 639 2430 edoctus
652 2371 756 2440 fui;
771 2371 984 2426 deinde
1002 2370 1075 2425 ab
1093 2370 1353 2441 antiquis
1370 2368 1737 2441 temporibus
1750 2385 2051 2424 sacrorum

399 2463 595 2519 cultus
625 2466 682 2516 et
711 2461 977 2516 doctrina
1009 2459 1315 2514 nobiscum
1359 2463 1497 2514 nata
1546 2458 1874 2540 consenuit.
1909 2457 2050 2514 Pro-

399 2557 600 2623 pterea
634 2550 850 2622 plures,
886 2554 1045 2620 puto,
1097 2564 1399 2603 sermones
1449 2548 1751 2603 hortantes
1801 2547 1871 2601 ad
1897 2546 2052 2616 jeju-

397 2639 888 2711 nium,0ptimam
921 2642 1248 2692 tractarunt
1281 2637 1586 2692 materiam
1615 2680 1627 2703 ,
1664 2637 1744 2690 ita
1774 2634 2051 2690 onerarias

399 2746 595 2796 naves,
633 2727 836 2782 multis
865 2726 1117 2798 gravidae
1153 2725 1642 2791 mercibus,mare
1673 2726 2048 2795 trajecerant.

400 2817 796 2874 Novissimam
850 2816 1056 2871 dicunt
1107 2816 1460 2870 cantilenam
1526 2831 1655 2869 esse
1719 2817 2050 2885 pergratam

403 2907 778 2973 hominibus;
808 2922 1009 2960 verum
1045 2905 1142 2959 ubi
1175 2921 1407 2969 carmen
1451 2921 1603 2976 saepe
1633 2904 1848 2975 saepius
1879 2902 2053 2958 luerit

402 3001 726 3062 cantatum,
759 2995 810 3050 si
844 2995 1059 3051 mentis
1090 3009 1228 3066 ager
1258 2993 1436 3049 fuerit
1476 2993 1716 3049 omnino
1763 2991 2047 3060 sulcatus,

396 3101 596 3140 vereor
625 3085 696 3139 ad
731 3100 968 3156 Operam
1011 3083 1305 3139 accedere.
1357 3081 1740 3154 Eloquentem
1802 3098 2050 3152 praever-

394 3180 531 3230 tunt
557 3176 857 3230 auditores
888 3181 943 3229 et
973 3176 1183 3229 rubore
1214 3174 1584 3243 suffundunt,
1619 3174 1760 3228 dum
1794 3173 2050 3244 peregri-

397 3269 615 3321 nantur
643 3263 1065 3319 aures.Natura
1094 3263 1252 3317 enim
1285 3263 1367 3317 ita
1395 3279 1603 3317 sumus
1636 3263 2052 3333 comparati,ut

399 3355 748 3427 plerumque
778 3354 1030 3408 assuetis
1054 3353 1229 3407 rebus
1261 3369 1434 3408 aures
1464 3351 2051 3422 occludamus,atque

399 3445 746 3498 recedamus
775 3459 844 3498 ex
873 3442 1119 3497 ecclesia
1148 3442 1208 3497 in
1255 3458 1372 3513 qua
1405 3443 1576 3496 nobis
1627 3447 1882 3513 permota:
1914 3457 2050 3512 pro-

399 3537 700 3605 ponuntur
729 3532 1008 3599 :naterize,
1040 3532 1300 3586 dicentes
1335 3547 1347 3586 :
1384 3531 1617 3586 Scimus
1667 3531 1788 3585 baac
1827 3530 2044 3597 omnia,

397 3626 456 3676 et
486 3621 576 3675 his
607 3620 982 3675 sermonibus
1015 3619 1292 3674 nolumus
1347 3619 1677 3690 defatigari.
1732 3619 1878 3685 Quid
1914 3620 2047 3675 inde

396 3709 706 3781 sequitur?
738 3709 799 3764 In
829 3725 1048 3763 vanum
1073 3708 1299 3764 laborat
1320 3714 1517 3764 orator
1548 3713 1612 3764 ut
1634 3710 2050 3765 suosincantet

396 3798 695 3854 auditores
717 3817 734 3865 ;
755 3797 1017 3869 loquitur
1038 3797 1195 3853 enim
1221 3797 1373 3852 sicut
1395 3796 1730 3868 cymbalum
1762 3798 2043 3854 tiuniens.

393 3886 524 3942 Haec
591 3885 734 3941 mihi
798 3887 1059 3941 secunda
1124 3902 1303 3942 causa
1368 3891 1458 3942 est
1527 3903 1631 3941 cur
1714 3903 2045 3943 sermonem

394 3975 859 4048 perborrescam.

2229 2009 2290 2070 δ’.
2327 2013 2422 2067 Καὶ
2457 2015 2599 2069 οὕτω
2653 2017 2747 2088 μὲν
2799 2014 3313 2094 προκεφαλαιοῢμαι
3355 2017 3424 2071 τά
3451 2038 3515 2094 γε
3542 2015 3620 2079 είς
3651 2015 3803 2093 χάριν

2163 2099 2299 2176 εύχῆ
2312 2123 2355 2164 ς·
2392 2100 2599 2175 διδάξαι
2629 2102 2686 2159 δὲ
2711 2105 2850 2177 ὑμᾶς
2874 2139 2938 2148 -
2960 2105 3106 2160 ἀλΛᾶ
3127 2111 3295 2181 τριχῆ
3321 2106 3412 2160 καὶ
3439 2105 3806 2181 αύτό.Ἕμοιγ’

2164 2189 2254 2244 οὖν
2337 2190 2540 2264 ἄπορον
2617 2193 2897 2272 φαίνεται·
2960 2195 3050 2249 καὶ
3116 2199 3309 2270 πρῶτα
3381 2196 3478 2269 μὶν
3531 2199 3660 2252 κατὰ
3710 2197 3798 2265 τήν

2161 2281 2282 2355 περὶ
2339 2279 2538 2357 λόγους
2596 2284 2801 2353 πενίαν,
2861 2284 2922 2352 ἣν
2985 2281 3192 2358 δαψιλῆ
3252 2283 3502 2354 πλουτῶ,
3631 2284 3796 2340 συντί-

2164 2381 2433 2445 θραμμαι·
2498 2374 2606 2427 εῖνα
2661 2374 2747 2427 καὶ
2809 2371 2892 2427 ότι
2949 2372 3174 2435 αἰώνιος
3232 2373 3418 2445 ἆξότου
3488 2376 3677 2452 χρόνος
3731 2377 3793 2447 τῇ

2160 2461 2277 2522 καθ²
2353 2463 2501 2533 ἡμᾶς
2554 2461 2822 2536 ἱερωτάτῃ
2883 2461 3142 2538 θρησκείᾳ
3200 2462 3428 2536 τοιαύτη
3497 2469 3586 2519 τοῦ
3639 2459 3790 2539 λόγον

2163 2546 2273 2604 ἰδία
2327 2549 2418 2603 καὶ
2479 2551 2869 2625 συγγεγένηται
2918 2551 3008 2606 καὶ
3067 2553 3519 2627 παρεκτειναμένη
3577 2571 3783 2626 συγγε-

2159 2640 2384 2713 γήρακε.
2420 2640 2512 2694 Διὸ
2559 2641 2648 2695 καὶ
2695 2638 2965 2713 πλείονες,
3027 2640 3206 2712 οἶμαι,
3257 2638 3400 2716 λόγοι
3443 2641 3501 2695 τὸ
3541 2642 3775 2693 τοιοῦτον

2160 2727 2354 2801 ἀγαθὸν
2416 2727 2658 2804 ἔτριψαν,
2715 2729 2781 2784 τὰ
2836 2730 3161 2799 νηστευτικὰ
3212 2724 3677 2804 παραγγὲλλοντεσ,
3733 2724 3767 2792 ἢ

2158 2838 2258 2892 περ
2290 2823 2565 2896 φορτηγοὶ
2615 2826 2741 2889 νῆες
2794 2819 3008 2893 ἀγαθῶν
3065 2817 3376 2890 πλήθουσαι
3411 2819 3502 2888 τὴν
3529 2814 3768 2870 Θάλασσαν

2159 2902 2373 2978 ἔτεμον.
2407 2909 2566 2964 "Ost
2623 2906 2900 2976 νεωτάτης
2960 2907 3053 2980 μὶν
3111 2907 3193 2961 ἀεὶ
3253 2903 3576 2982 φιλουμὲνης
3623 2900 3781 2976 ᾠδῆς,

2159 2994 2372 3062 ἀπάσης
2409 2993 2464 3050 δὶ
2504 2997 2767 3065 τοιαύτης
2805 2995 3012 3057 ἐννοίας
3058 2995 3329 3060 κάνταῦθα
3358 2993 3621 3056 πολλάκις
3653 2993 3788 3066 ἁμα-

2160 3085 2454 3155 ξευθείσης,
2488 3085 2516 3139 ὃ
2566 3083 2632 3154 δὴ
2686 3083 2925 3160 λέγεται,
2980 3085 3069 3140 καὶ
3117 3082 3393 3158 μηδεμιᾶς
3425 3081 3676 3159 ἀτρίπτου
3703 3101 3792 3135 πε-

2161 3171 2617 3248 ριλελειμμένης,
2655 3170 2812 3228 ὄκνον
2858 3169 3099 3248 ἕλλογον
3149 3172 3265 3249 ἔχω
3317 3171 3529 3244 λαλεῖν,
3573 3173 3700 3245 ἅπερ
3746 3169 3796 3223 οἱ

2160 3263 2504 3336 ἀκροώμενοι
2566 3261 3008 3339 προαρπάζοντες
3068 3263 3166 3336 ἑμὶ
3223 3263 3316 3336 μὲν
3365 3259 3794 3331 καταιδεσουσιν,

2083 3381 2126 3448 C
2163 3350 2320 3404 αὐτοὶ
2370 3347 2428 3404 δὲ
2471 3349 2886 3404 ἀποκναίσονται
2946 3350 3083 3426 πρὸς
3137 3350 3238 3418 τὴν
3291 3345 3483 3405 διόλου
3532 3348 3794 3424 ἀκρόασιν·

2164 3439 2276 3495 ἐπεὶ
2323 3441 2413 3494 καὶ
2469 3440 2623 3517 φύσει
2671 3445 2832 3495 τοῦτο
2880 3441 3167 3515 πάσχομεν
3219 3437 3519 3514 ἅνθρωποι,
3569 3439 3642 3500 ὡς
3693 3437 3799 3492 im-

2156 3528 2300 3584 πολὺ
2333 3528 2599 3592 κλείοντες
2632 3528 2686 3584 ἐν
2728 3534 2844 3591 τοῖς
2885 3529 3158 3590 τοιούτοις
3210 3529 3306 3592 τὰς
3353 3529 3541 3600 ἀκοὰς,
3587 3525 3676 3582 καί
3705 3547 3802 3581 που

2155 3619 2246 3674 καὶ
2306 3617 2693 3689 ἀποπηδῶντες
2747 3625 2847 3689 τῆς
2907 3617 3170 3688 συνάξεως
3219 3617 3270 3672 ὲν
3324 3616 3405 3690 τῷ
3448 3618 3802 3693 κατηχεῖσθαι

2154 3711 2222 3764 τὰ
2248 3709 2520 3786 γνώριμα,
2575 3709 2665 3763 καὶ
2714 3710 3142 3786 ἁναφωνοῦντες,
3194 3706 3271 3770 ὡς
3313 3731 3341 3759 ‹‹
3374 3704 3616 3776 Οἴδαμεν
3647 3709 3803 3761 ταῦτα

2155 3798 2348 3869 πάντα,
2380 3797 2469 3852 καὶ
2502 3797 2566 3852 ού
2617 3795 2851 3871 δεόμεθα
2893 3794 3309 3873 ἑνασχολεῖσθαι
3339 3795 3616 3859 τοιούτοις
3649 3793 3803 3851 ἀκού-

2157 3906 2374 3960 σμασιν·
2410 3910 2438 3938 ››
2473 3887 2548 3948 ὡς
2597 3885 2834 3950 ἐντεῦθεν
2890 3886 2981 3941 τὸν
3031 3883 3351 3941 διδάσκοντα
3403 3885 3582 3958 μάτην
3625 3881 3806 3960 περιᾴ-

2159 3976 2266 4033 δειν
2297 3977 2361 4032 τὸ
2389 3973 2794 4047 διδασκαλεῖον,
2838 3975 2927 4030 καὶ
2973 3975 3050 4038 ὠς
3099 3973 3176 4036 εἷς
3216 3969 3504 4048 κύμϐαλον
3535 3971 3804 4043 ἀλαλάζον

401 4062 733 4140 λογίζεσθαι.
776 4063 953 4120 Τοῦτό
995 4084 1086 4136 μοι
1119 4061 1209 4117 καὶ
1240 4063 1300 4117 τὸ
1329 4060 1576 4139 δεύτερον
1602 4061 1776 4118 αίίτιον
1808 4068 1904 4119 τοῦ
1938 4061 2284 4131 εὐλαϐεῖσθαι
2313 4067 2411 4135 τὴν
2447 4064 2665 4121 λαλιάν.

462 4173 517 4229 5.
551 4172 745 4228 Tertia
776 4177 994 4236 autem,
1026 4189 1209 4244 eaque
1253 4173 1441 4243 major
1469 4177 1526 4228 et
1555 4173 1786 4246 gravior
1843 4191 2044 4240 causa,

389 4264 450 4318 in
482 4262 744 4319 solatorii
776 4261 1006 4335 generis
1037 4263 1163 4334 lege
1195 4265 1251 4317 et
1281 4280 1549 4319 sermone
1573 4263 1858 4318 consistit.
1891 4267 2046 4328 Quo-

392 4353 568 4408 modo
601 4352 758 4407 enim
791 4351 1090 4407 solaturus
1123 4368 1257 4406 sum
1288 4351 1454 4417 alios,
1491 4357 1594 4423 qui
1653 4353 1724 4406 ad
1795 4358 2043 4408 mortem

390 4440 580 4495 tristis
628 4457 760 4496 sum
812 4441 870 4494 in
924 4441 1123 4496 anima
1171 4439 1350 4495 mea?
1381 4442 1683 4506 Quomodo
1741 4459 1939 4496 vocem
1972 4443 2044 4497 ad

391 4528 595 4585 dulces
626 4530 934 4585 solationis
966 4531 1241 4586 modulos
1274 4529 1698 4601 inclinabo,qui
1723 4548 1838 4601 prae
1868 4531 2048 4600 gemi-

391 4617 554 4674 tibus
597 4619 774 4673 verba
830 4635 1050 4688 nequeo
1101 4619 1415 4689 proloqui?
1444 4621 1746 4685 Quomodo
1792 4619 2046 4674 afflictus

392 4708 520 4779 ipse
549 4707 797 4763 aliorum
821 4707 1125 4763 doloribus
1156 4709 1394 4763 afferam
1440 4709 1768 4762 remedium
1795 4715 1815 4762 ἐ
1843 4708 2048 4763 Nonne

393 4796 604 4852 merito
633 4796 779 4852 illud
816 4798 1130 4852 auditurus
1157 4814 1289 4852 sum
1327 4813 1338 4852 :
1375 4819 1402 4846 ‹‹
1433 4798 1671 4863 Medico,
1707 4814 1847 4852 cura
1895 4797 2048 4868 teip-

393 4902 527 4942 sum
551 4885 578 4940 ?
609 4908 638 4936 »
671 4887 787 4941 Ista
817 4891 904 4941 est
935 4902 1114 4941 causa
1143 4887 1334 4940 tertia.
1369 4885 1610 4957 Triplici
1645 4886 1826 4957 igitur
1874 4902 2046 4940 coan-

391 4980 666 5049 gustatus
699 4976 930 5030 vinculo
989 4975 1059 5029 ad
1121 4975 1420 5031 silentium
1484 4975 1752 5045 redigor;
1787 4980 2044 5030 attamen

392 5080 506 5121 non
557 5066 699 5121 cedo
735 5082 748 5120 :
782 5063 983 5120 multis
1031 5063 1186 5119 enim
1233 5065 1304 5120 de
1352 5081 1584 5120 recessu
1637 5065 1945 5137 perpensis
1976 5067 2048 5120 ad

390 5153 542 5210 hanc
562 5169 807 5227 propero
825 5152 1486 5226 concionem.Allegatas
1502 5154 1778 5210 materias
1794 5155 2051 5210 maxima

2228 4176 2287 4229 ε’.
2321 4174 2391 4228 Τὸ
2438 4169 2494 4227 δὲ
2541 4193 2605 4247 γε
2653 4173 2836 4248 τρίτον
2894 4175 2987 4226 καῖ
3051 4175 3235 4243 μεῖζον
3294 4169 3384 4225 καὶ
3447 4166 3811 4244 βιαιότερονὸ

2155 4262 2608 4338 παρηγορητικὸς
2665 4260 2754 4315 καὶ
2813 4260 2981 4333 νόμος
3039 4259 3130 4314 καὶ
3190 4258 3375 4336 λόγος.
3413 4259 3540 4320 Πῶς
3601 4257 3707 4332 γὰρ
3757 4254 3814 4309 ἂν

2155 4353 2246 4407 καὶ
2279 4349 2773 4428 παρηγορησαίμην
2816 4346 3022 4411 ἄλλους
3072 4349 3100 4403 ὁ
3129 4349 3227 4417 τήν
3269 4348 3453 4422 ψυχὴν
3509 4345 3819 4423 περίλυπος

2152 4437 2258 4501 ἕως
2323 4443 2518 4514 μικροῦ
2573 4438 2662 4492 καὶ
2721 4437 2797 4500 εἷς
2844 4435 3068 4491 θάνατον
3103 4457 3115 4506 ;
3147 4440 3270 4497 Πῶς
3305 4433 3361 4489 δὲ
3389 4433 3447 4489 ἂν
3489 4430 3816 4511 διαρθρώσω

2158 4529 2341 4605 φωνὴν
2398 4527 2486 4582 ἐπὶ
2543 4525 2858 4603 παραμυθίᾳ
2889 4526 3066 4588 ὁτοῖς
3119 4529 3444 4598 στεναγμοῖς
3501 4524 3565 4577 τὸ
3630 4519 3816 4578 λαλεῖν

2159 4617 2604 4693 ἐγκοπτόμενος;
2665 4619 2789 4678 Πῶς
2820 4611 2865 4667 8⁸
2923 4614 2983 4669 ἂν
3046 4615 3073 4669 ὁ
3131 4613 3438 4690 περιπαθὴς
3490 4610 3705 4686 ἑτέροις
3737 4609 3821 4666 ἐπὶ

2156 4707 2346 4770 πάθεσι
2409 4703 2692 4780 θεραπείαν
2735 4703 3108 4778 τεχνώμενος,
3145 4702 3248 4757 οὐκ
3300 4700 3627 4774 ἀκούσωμαί
3659 4711 3817 4762 ποθεν

2158 4798 2452 4873 πρυσφυῶς
2478 4793 2561 4850 τό.
2599 4817 2627 4844 ‹‹
2661 4792 2854 4866 ’[ατρέ,
2903 4792 3228 4868 θεράπευσον
3275 4789 3494 4845 σεαυτόν
3531 4809 3544 4857 ;
3580 4814 3614 4841 ››
3649 4779 3820 4844 Τοῦτό

2164 4907 2256 4959 μοι
2304 4885 2392 4940 καὶ
2449 4883 2512 4938 τὸ
2559 4882 2764 4954 τρίτον.
2820 4878 3025 4936 Ούκοῦν
3077 4879 3153 4943 ὡς
3186 4883 3277 4936 οἷα
3322 4878 3619 4954 τριπλόκῳ
3644 4875 3818 4947 τούτῳ

2160 4973 2390 5051 σχοινίῳ
2439 4971 2772 5046 ἀγχόμενος,
2828 4969 3087 5046 βιάζομαι
3144 4974 3324 5045 σιγᾷν,
3379 4967 3426 5023 εἷ
3454 4966 3546 5022 καὶ
3593 4968 3678 5039 μὴ
3711 4963 3820 5020 πεί-

2161 5067 2347 5137 θομαι·
2405 5082 2494 5116 και
2547 5058 2735 5115 πολλὰ
2792 5058 3154 5136 λογισάμενος
3207 5057 3287 5121 εἲς
3345 5055 3808 5126 ἁποδυσπέτησιν,

2161 5150 2282 5206 ἴδου
2306 5150 2529 5227 γίνομαι
2586 5155 2688 5217 τῆς
2718 5146 3101 5220 συνελεύσεως,
3155 5147 3247 5202 καὶ
3293 5147 3548 5219 ὁσιοῦμαι
3598 5145 3673 5200 τὰ
3697 5161 3816 5217 προ·

391 5260 719 5315 prosequor
767 5243 1110 5308 reverentia,
1162 5244 1334 5298 sicuti
1387 5245 1552 5300 decet
1599 5249 1823 5315 patrem
1875 5261 2042 5300 sene-

2166 5239 2459 5313 τεθειμένα,
2491 5239 2566 5300 ὡς
2626 5237 2768 5299 εἰκὸς
2825 5240 3051 5301 ποιῆσαι
3109 5235 3337 5313 γέροντα
3388 5240 3648 5305 παππᾰν,
3681 5231 3800 5287 οὕτω

389 5339 650 5388 scentem
687 5351 700 5400 ;
735 5333 1086 5388 necessitate
1113 5348 1247 5387 vero
1278 5339 1535 5402 coactus,
1585 5335 1700 5388 tria
1748 5333 2047 5404 proposita

391 5421 581 5493 capita
611 5422 842 5489 metior,
876 5423 934 5477 in
967 5426 1253 5492 quantum
1286 5422 1657 5492 profuturum
1691 5423 1770 5477 sit
1803 5440 1815 5476 :
1852 5420 2049 5476 multi-

389 5507 594 5588 quuia
623 5511 780 5566 enim
814 5517 871 5566 et
905 5511 1217 5565 verborum
1266 5511 1602 5566 resonantia
1647 5511 1758 5566 hoc
1810 5509 1870 5564 in
1923 5510 2046 5566 loco

391 5595 542 5652 nihil
575 5600 964 5667 prosunt.Res
993 5599 1155 5669 ipsas
1186 5599 1584 5671 dispositurus
1604 5615 1739 5655 sum
1763 5615 1867 5670 per
1895 5599 2046 5655 viam

341 5749 348 5752 _
390 5680 622 5738 facilem
653 5689 710 5739 et
739 5686 1270 5757 expeditam,atque
1301 5687 1385 5741 sic
1416 5689 1487 5742 ad
1523 5688 1699 5743 finem
1725 5691 2046 5742 conventus

389 5784 636 5841 pergam
665 5789 679 5838 ;
707 5772 946 5829 initium
978 5791 1114 5830 vero
1145 5791 1380 5831 sumam
1412 5793 1442 5832 e
1475 5793 1671 5833 rerum
1708 5780 1936 5832 natura.

2157 5329 2518 5402 διακείμενον.
2580 5328 2831 5401 Χωρήσω
2891 5324 2980 5380 οὖν
3037 5324 3337 5401 ἀναγκαίως
3398 5322 3488 5379 διὰ
3523 5327 3638 5379 τῶν
3669 5321 3802 5376 ἐκτε-

2157 5420 2417 5491 θειμὲνων
2464 5421 2627 5492 τριῶν
2679 5415 3014 5494 κεφαλαίων,
3067 5415 3143 5476 εἷς
3177 5416 3300 5469 ὅσον
3350 5415 3692 5487 σύμμετρον·
3721 5425 3814 5462 πο-

2157 5507 2392 5584 λυλογίᾳ
2420 5509 2519 5583 γὰρ
2575 5505 2900 5582 ἐγκροαίνειν
2957 5499 3276 5579 ἁδρότερον,
3316 5503 3438 5558 οὕτε
3491 5500 3664 5572 ἔστιν,
3701 5494 3825 5553 οῧτε

2155 5583 2325 5668 ἔξεστι
2358 5613 2370 5627 ·
2430 5596 2521 5650 καὶ
2578 5594 2878 5671 ἀναμιγνὺς
2915 5593 3049 5649 αὐτὰ
3088 5592 3188 5648 οὐκ
3236 5590 3520 5667 ἁμεθόδως
3559 5635 3572 5660 ,
3614 5588 3712 5644 καὶ
3755 5583 3826 5642 δι’

2155 5685 2422 5756 ἀλλήλων
2465 5680 2606 5759 ἄγων
2639 5726 2653 5752 ,
2709 5684 3088 5759 περαιώσομαι
3127 5682 3220 5738 τὸν
3264 5681 3468 5736 σκοπὸν
3507 5686 3610 5749 τῆς
3655 5675 3826 5732 συνά-

2155 5778 2308 5848 ξεως,
2349 5775 2672 5850 ἀρξάμενος,
2705 5774 2822 5829 ὅθεν
2851 5770 3152 5848 εύλογητὸν
3178 5770 3462 5848 ἄρχεσθαι.
3741 5766 3770 5813 ι

3769 6279 3880 6382 κῑῑῖ-ἓ·
3895 5919 4006 6382 J‘
