4082 6406
355 415 472 477 681

1364 417 1446 478 ΙΝ
1490 417 1558 480 S.
1604 413 2288 489 QUADBAGESIMAM
2335 414 2626 478 ORATIO
2669 418 2778 479 ιν.

3658 418 3782 481 682

427 552 493 611 ς’.
525 546 590 604 Ὁ
631 546 782 615 Θεὸς,
816 547 845 602 ὁ
900 546 1010 620 πρὸ
1063 546 1279 602 αῗώνων
1329 547 1420 602 καὶ
1478 547 1612 623 ὑπὲρ
1663 547 1883 619 αἰῶνας,
1928 544 2013 602 ὅτι

2195 548 2250 603 6.
2284 548 2455 617 Deus,
2485 550 2587 622 qui
2616 555 2707 606 est
2748 554 2884 606 ante
2911 554 2970 607 et
2996 565 3174 623 super
3201 550 3401 607 omnia
3446 549 3680 619 alecula,
3714 564 3783 606 eo

355 635 447 692 καὶ
478 636 721 705 ποιητὴς
747 634 958 691 αἰώνων
992 635 1077 710 (οὐ
1115 637 1179 691 τὸ
1226 634 1467 713 ἄναρχον
1525 636 1618 691 καί
1662 638 2013 713 προάναρχον

359 725 528 781 εἰπεῖν
563 726 658 798 μὲν
696 720 805 779 ἔστι
854 725 989 780 κατά
1043 729 1169 780 νοῦν
1231 726 1410 800 ὀρθὸν,
1440 725 1532 781 καὶ
1596 720 2015 802 βεϐαιώσασθαι,

359 815 448 870 καὶ
496 811 695 890 καρδίᾳ
738 813 831 870 καὶ
884 812 1112 888 στόματι
1143 812 1678 890 ἀνομολογήσασθαι,
1709 821 1902 884 νοῆσαι
1961 812 2019 868 δὲ

362 905 498 978 πρὸς
548 898 826 978 ἀκρίϐειαν
874 903 965 958 καὶ
1012 898 1333 977 ἐμϐαθῦναι,
1368 902 1770 980 δυσμήχανον),
1801 904 1868 973 ἦν
1920 903 2015 977 μὲν

366 993 468 1064 ἀεὶ,
501 992 681 1069 ὥσπερ
711 992 803 1047 καὶ
852 989 964 1048 ἔστι
1026 993 1117 1048 καὶ
1174 986 1359 1049 ἔσται’
1412 989 1536 1048 οὔτε
1593 990 1652 1047 δὲ
1703 997 1811 1048 τῶν
1868 1013 2016 1054 τινος

365 1080 646 1157 ἡμετέρων
707 1078 888 1152 δέησιν
949 1075 1078 1157 ἔσχε
1134 1082 1288 1149 ποτὶ,
1322 1078 1447 1136 οὔτε
1495 1079 1766 1151 δεήσεται.
1796 1081 1862 1138 Et
1913 1080 2018 1157 γὰρ

365 1168 560 1241 ἐδέετο,
593 1169 846 1241 ἐποίησεν
878 1167 938 1225 ἂν
971 1173 1118 1243 ἡμᾶς
1175 1169 1335 1247 ἐγγὺς
1381 1203 1447 1214 -
1498 1170 1865 1245 προαιωνίους
1923 1171 2018 1243 μὶν

367 1256 581 1328 οὔκουν,
613 1258 804 1315 ταύτὸν
839 1257 898 1315 δὶ
927 1260 1109 1338 φάναι,
1144 1258 1517 1331 συναιωνίους,
1551 1258 1701 1330 πλὴν
1741 1257 1870 1314 οὐδὲ
1921 1263 2020 1314 τοῦ

364 1349 598 1426 ἐσχάτου
640 1349 862 1419 αἰῶνος,
890 1346 1037 1405 ἀλλά
1084 1349 1190 1425 πρὸ
1238 1346 1466 1404 πολλῶν
1518 1347 1752 1403 αἰώνων.
1788 1347 2020 1423 Ἀρκού-

364 1459 527 1512 μενος
559 1435 618 1493 δὲ
644 1441 712 1512 τῇ
744 1437 918 1509 οἰκείᾳ
955 1436 1136 1509 οὐσίᾳ,
1169 1438 1256 1492 καὶ
1315 1438 1378 1492 τὸ
1436 1436 1810 1512 πληρέστατον
1866 1438 2019 1492 ἄπει-

362 1547 457 1601 ρον
489 1523 634 1602 ἔχων
669 1526 745 1591 εἷς
799 1524 1061 1595 ἀνενδεὲς,
1093 1525 1185 1581 καὶ
1240 1523 1476 1600 μηδενὸς
1528 1526 1855 1600 λειπόμενος
1908 1531 2017 1581 τῶν

363 1618 466 1672 ὅσα
494 1620 585 1672 καὶ
641 1612 840 1691 ἔπρεπε
896 1620 1031 1671 Θεοῦ
1079 1614 1393 1690 ἀγαθότητι,
1426 1615 1517 1670 καὶ
1573 1622 1703 1670 πᾶσι
1745 1621 2023 1677 τοιοῦτοις

364 1704 778 1777 ὑπερπλουτῶν,
830 1704 1049 1781 ὕστερον
1098 1700 1279 1760 εἷ’λιτο
1327 1706 1425 1774 τῆν
1473 1705 1745 1782 ἡμετέραν
1796 1705 2019 1775 πλάσιν,

363 1792 426 1849 οὗ
455 1791 526 1849 δι’
556 1794 766 1863 ἑαυτὸν,
800 1792 945 1849 ἀλλᾶ
992 1791 1061 1848 δι’
1101 1794 1251 1867 ἡμᾶς
1296 1791 1629 1862 αὐτοὺς,’ίνα
1679 1792 1822 1848 οὕτω
1873 1792 2022 1863 πλη-

365 1885 533 1996 θυνεῖ,
566 1883 640 1946 ὡς
690 1882 1159 1991 εἰπεῖνπθεότητι,
1205 1882 1607 1959 προστεθέντων
1649 1884 1811 1956 ἡμῶν
1867 1880 2021 1959 λόγῳ
2051 1931 2099 1996 Β

366 1969 563 2038 θέσεως
590 1976 669 2045 τῷ
697 1971 835 2028 κατὰ
859 1970 1014 2050 φύσιν
1048 1975 1184 2044 Θεῷ.

440 2154 500 2220 ζ’.
535 2149 688 2206 Ἐπεὶ
746 2145 805 2205 δὲ
858 2150 894 2219 ἡ
956 2150 1141 2224 μήτηρ
1203 2155 1276 2225 γῆ
1334 2146 1617 2212 καθέλκειν
1677 2146 1753 2210 εἷς
1828 2148 2021 2217 ἕαυτήν

369 2239 511 2314 εἶχεν
587 2241 757 2312 ἡμᾶς,
816 2238 1106 2300 ὀκνοῦντας
1182 2239 1604 2316 ἀνωφορεῖσθαι,
1676 2239 2019 2314 προϋπεστή-

373 2348 499 2382 σατο
526 2328 614 2383 καὶ
651 2326 895 2405 φύλακας
932 2329 1070 2400 ἡμῖν
1114 2324 1242 2391 τοὺς
1297 2327 1620 2401 ἀσωμάτους
1667 2327 1857 2401 ἁγίους
1913 2346 2022 2401 χο-

373 2414 520 2489 ροὺς,
571 2417 727 2492 φῶτα
781 2412 1016 2476 ἐκείνους
1073 2410 1315 2488 δεύτερα,
1373 2412 1710 2490 πυρσεύοντα
1764 2416 1900 2487 ἡμῖν
1958 2415 2020 2469 τὸ

370 2505 662 2576 σωτήριον·
695 2502 786 2558 καὶ
817 2501 1113 2572 ἐπαύξοντα
1161 2500 1231 2577 τῇ
1287 2507 1433 2579 σφῶν
1469 2501 1716 2574 διακονίᾳ
1741 2504 1841 2572 τήν
1874 2503 2021 2567 θείαν

368 2589 664 2667 ἔλλαμψιν,
696 2592 758 2646 οὗ
806 2592 972 2666 χάριν
1018 2590 1109 2646 καὶ
1166 2592 1413 2667 ζώπυρον
1472 2593 1611 2663 ἡμῖν
1665 2591 1894 2661 ἐνέθετο,
1927 2613 2022 2647 πε-

369 2682 538 2756 φυκὸς
592 2679 865 2754 Πνεῦματι
915 2679 1046 2753 θείῳ
1088 2679 1390 2755 ῥιπίζεσθαι
1420 2680 1511 2734 καὶ
1571 2681 1915 2745 ἀνάπτεσθαιι
1945 2677 2024 2743 εἵς

369 2790 430 2824 τε
456 2770 519 2823 τὸ
551 2768 770 2842 λάμπον
802 2769 854 2825 ἐν
884 2767 1097 2842 κόσμῳ,
1129 2768 1219 2823 καὶ
1258 2768 1335 2830 εἷς
1383 2768 1447 2824 τὸ
1495 2769 1586 2823 καὶ
1647 2768 1860 2841 θύματα
1889 2773 2024 2825 Θεοῦ

376 2857 467 2912 καὶ
519 2857 680 2920 θύτας
734 2860 879 2931 ἡμᾶς
940 2856 1135 2919 αὐτοὺς
1192 2855 1499 2931 ἀποτελεῖν,
1550 2856 1640 2912 καὶ
1697 2858 1772 2921 ὡς
1833 2861 2026 2932 θυμιά-

385 2965 526 3017 ματα
555 2942 612 3000 δὲ
639 2946 1044 3011 κατευθύνεσθαι
1075 2945 1151 3008 εἷς
1183 2944 1366 3002 αὐτόν.
1832 2936 1835 2941 ’

449 3052 518 3123 η’.
548 3053 691 3108 Ἐπεὶ
745 3050 802 3109 δὶ
840 3053 906 3108 τὸ
952 3051 1321 3126 ἀντικείμενον
1372 3056 1587 3125 πνεῦμα
1640 3051 2021 3127 ἐπιπωμάζον,

376 3141 603 3215 καὶμὴν
654 3143 742 3198 καὶ
788 3140 1092 3212 ἀντιπνέον,
1133 3143 1267 3198 ποτε
1325 3142 1420 3216 μὲν
1480 3141 1756 3219 μαραίνειν
1811 3143 1874 3198 τὸ
1925 3147 2024 3198 τοῦ

373 3230 519 3296 θείου
570 3232 742 3309 πυρὸς
801 3231 1052 3309 ἐπειρᾶτο
1114 3232 1350 3307 σπέρμα,
1408 3231 1499 3286 καὶ
1584 3230 1792 3310 ἀφιέναι
1881 3230 2025 3305 μηδὲ

373 3288 804 3398 ὑποσμῦχεσθαι,
850 3288 981 3377 ποτε
1038 3319 1097 3376 δὲ
1159 3288 1265 3376 κοίὶι
1307 3319 1525 3399 ἐξαφθὲν
1577 3288 1666 3376 κοίὶ
1723 3288 2021 3398 πυρσέῦσαν
2054 3288 2099 3356 C

370 3405 714 3482 ἀπεσϐέννυε,
777 3409 914 3488 βαρὺ
989 3410 1310 3480 καταπνέον,
1369 3409 1647 3465 κάντεῦθεν
1728 3410 1867 3486 χάος
1933 3410 2022 3466 καὶ

371 3493 558 3575 ἔρεϐος
614 3505 718 3555 τοῦ
766 3502 881 3555 κατ’
914 3496 1198 3575 ἄνθρωπον
1260 3499 1471 3574 κόσμου
1502 3504 1903 3576 κατεκαυχᾶτο,
1933 3501 2023 3556 καὶ

373 3587 638 3652 σκότωσις
674 3588 865 3666 βαθεῖά
918 3611 978 3645 τε
1018 3589 1112 3644 καὶ
1158 3594 1362 3664 παχεῖα
1414 3588 1513 3660 ὅση
1574 3587 2024 3666 ἐπαρῥησιάζετοο

295 3735 305 3744 ,
371 3683 564 3752 πρῶτα
617 3679 711 3751 μὲν
780 3676 834 3749 ἐξ
893 3678 1126 3754 ἀνάγκης
1181 3679 1244 3733 τὸ
1297 3676 1628 3753 ἀπαύγασμα
1681 3683 1778 3734 τοῦ
1825 3679 2028 3754 πατρὸς

370 3772 480 3823 τῶν
535 3768 756 3843 φώτων,
787 3768 814 3822 ὁ
859 3774 960 3837 τῆς
1011 3765 1357 3839 δικαιοσύνης
1411 3764 1576 3838 ἥλιος
1634 3767 1710 3831 εἰς
1767 3774 1870 3845 γῆν
1929 3767 2033 3824 ἐνε-

372 3856 548 3933 χθεὶς,
577 3856 669 3911 καὶ
726 3856 1002 3933 ἀστραπὰς
1059 3856 1367 3928 πληθύνας,
1420 3856 1513 3912 καὶ
1565 3856 1888 3933 συνταράξας
1936 3857 2031 3913 τὸν

373 3942 619 4024 ἄρχοντα
665 3950 764 4001 τοῦ
824 3948 946 4001 καθ’
974 3947 1134 4019 ήμῶν
1187 3945 1609 4014 κακοῦ,νέκεῖνον
1669 3947 1764 4019 μὲν
1816 3947 1893 4009 ὡς
1931 3947 2033 4016 τὴν

370 4023 473 4090 τοῦ
531 4023 812 4113 ἑωσφόρου
869 4035 961 4090 καὶ
1018 4033 1215 4105 κλῆσιν
1276 4034 1367 4089 καὶ
1442 4035 1631 4109 πρᾶξιν
1692 4033 2031 4106 ἀποθέμενον

373 4121 767 4199 ἀπεκλήρωσεν
815 4124 897 4187 οἷς
927 4123 1123 4200 ἐχρῆν,
1155 4124 1218 4178 τὸ
1276 4122 1448 4199 βίαιον
1490 4121 1695 4178 ἐκείνου
1745 4122 2035 4199 ἀπαγαγὼν

380 4211 433 4284 ἐξ
488 4215 648 4285 ἡμῶν
698 4217 807 4268 τῶν
865 4212 1107 4288 λογικῶν
1165 4211 1240 4277 εἴς
1270 4215 1554 4281 τοσοῦτον,
1587 4211 1661 4275 ὡς
1713 4213 1789 4284 μὴ
1836 4209 1919 4266 ὅτι
1974 4233 2036 4286 γε

391 4303 529 4374 ἡμῖν
590 4301 665 4374 μὴ
725 4298 864 4357 ἔχειν
916 4301 1253 4380 ἐπιφύεσθαι,
1284 4298 1432 4356 ἀλλὰ
1491 4297 1633 4373 μηδέ
1660 4300 1879 4376 χοίροις
1906 4305 2036 4377 γοῦν

379 4388 736 4463 ἐπεμπίπτειν
769 4390 860 4447 καὶ
892 4391 969 4454 εἷς
1000 4387 1225 4466 ὄλεθρον
1255 4387 1385 4467 δίχα
1413 4410 1472 4464 γε
1496 4387 1819 4451 κελεύσεως.

452 4498 518 4561 θ’.
549 4496 700 4554 Ἐπεὶ
731 4494 790 4553 δὶ
818 4497 1101 4575 μοχθηρία
1130 4500 1166 4568 ἡ
1206 4496 1343 4554 κατὰ
1380 4495 1718 4573 προαίρεσιν,
1751 4499 1820 4565 ῆς
1870 4497 2035 4570 ἡμεῖς

378 4585 660 4662 ἐλάχομεν
712 4588 845 4643 εἶναι
902 4586 1109 4663 κύριοι,
1158 4587 1337 4662 ὥσπερ
1394 4586 1597 4642 ἐκεῖνον
1649 4587 1740 4642 τὸν
1799 4586 2039 4662 πονηρὸν

2127 636 2284 707 quod
2317 637 2453 693 fecit
2499 642 2556 695 et
2605 637 2840 706 saecula,
2873 639 3097 710 absque
3143 636 3310 694 initio
3361 643 3495 696 ante
3541 638 3781 695 initium

2127 724 2434 793 dicendus,
2478 733 2673 783 mente
2718 732 2878 784 recta
2924 726 3364 798 concipiendos,
3395 728 3566 784 cordo
3595 732 3652 783 et
3683 744 3783 785 ore

2128 830 2277 885 puro
2337 814 2803 888 benedicendus,
2860 815 3162 873 intellectu
3222 820 3421 872 autem
3479 817 3781 888 adaequate

2127 903 2546 974 comprehendi
2578 905 2813 976 nequit;
2846 905 2973 977 ipse
3011 909 3138 961 erat
3186 921 3420 977 semper
3465 903 3640 961 sicuti
3671 908 3783 971 est,

2129 996 2309 1062 atque
2354 992 2486 1061 erit,
2521 1009 2625 1048 nec
2673 993 2854 1050 ullam
2906 995 3090 1050 nostri
3136 993 3526 1066 indigentiam
3573 993 3785 1049 habuit

2127 1097 2319 1151 neque
2349 1082 2607 1138 habebit.
2632 1083 2858 1138 Etenim
2893 1083 2943 1139 si
2974 1099 3150 1155 quam
3184 1081 3491 1139 habuisset
3518 1081 3788 1154 indigen-

2129 1169 2296 1234 tiam,
2330 1171 2729 1244 nosmetipsos
2769 1173 3135 1229 eﬂ‘ormasset
3177 1172 3441 1244 propius,
3475 1188 3591 1227 non
3652 1176 3787 1229 ante

2129 1258 2363 1326 saecula,
2388 1260 2489 1315 sed
2522 1276 2658 1315 cum
2689 1262 2949 1327 saeculis;
2984 1261 3239 1333 profecto
3271 1278 3386 1316 non
3414 1260 3648 1319 fecisset
3677 1276 3787 1317 nos

2130 1346 2337 1402 ultimo
2380 1348 2614 1416 ssaculo,
2647 1350 2748 1405 sed
2798 1349 3001 1405 multis
3048 1355 3218 1405 antea
3258 1348 3510 1405 saeculis.
3542 1347 3790 1421 Propria

2131 1436 2467 1492 substantia
2510 1437 2623 1492 sibi
2670 1438 2909 1505 sufﬁcit,
2942 1438 3289 1493 thesaurum
3321 1437 3379 1492 in
3413 1453 3475 1493 se
3523 1438 3789 1510 possidet

2130 1524 2426 1581 infinitum
2470 1530 2646 1598 atque
2694 1527 3133 1598 inexhaustum,
3166 1526 3329 1582 nulla
3359 1542 3421 1581 re
3450 1530 3612 1583 caret
3658 1541 3786 1598 quas

2131 1614 2340 1669 divinae
2399 1616 2754 1671 conveniunt
2812 1616 3081 1684 bonitati,
3131 1620 3189 1672 et
3244 1615 3520 1671 omnibus
3579 1632 3786 1687 super-

2131 1702 2395 1759 abundat
2461 1704 2720 1772 divitiis;
2774 1704 3069 1776 posterius
3135 1708 3398 1760 nostram
3460 1703 3792 1775 assumpsit

2131 1791 2403 1860 formam,
2457 1808 2573 1848 non
2632 1797 2871 1865 propter
2927 1791 3337 1865 semetipsum,
3389 1792 3493 1847 sed
3550 1795 3792 1863 propter

2131 1898 2261 1950 nos,
2295 1886 2358 1938 ut
2390 1898 2498 1939 nos
2540 1882 2975 1954 quodammodo
3005 1898 3114 1938 sua
3154 1881 3431 1954 impleret
3459 1880 3790 1951 divinitate,

2131 1987 2266 2026 eum
2320 1987 2429 2027 nos
2475 1971 2788 2045 adoptione
2845 1970 2932 2026 illi
2990 1969 3382 2043 conjunxerit,
3417 1970 3520 2043 qui
3578 1974 3793 2027 natura

2130 2060 2285 2115 Deus
2314 2063 2424 2116 est.

2196 2150 2254 2203 7.
2288 2155 2439 2204 Dum
2470 2148 2796 2221 possideret
2820 2152 2878 2205 et
2907 2148 3230 2205 attraheret
3267 2151 3459 2205 mater
3486 2155 3640 2205 terra
3677 2147 3791 2204 hc-

2131 2239 2344 2308 mines,
2369 2238 2465 2310 qui
2501 2238 2740 2310 segnius
2772 2239 2842 2293 ad
2875 2237 3086 2294 coelum
3116 2239 3455 2306 tendebant,
3484 2237 3792 2311 proposuit

2131 2328 2302 2384 nobis
2337 2329 2487 2384 Deus
2531 2329 2827 2394 custodes,
2859 2326 3128 2383 videlicet
3168 2328 3648 2399 incorporeorum
3681 2343 3786 2382 an-

2132 2417 2392 2489 gelorum
2424 2416 2656 2481 choros,
2683 2420 2748 2472 ut
2777 2415 3093 2472 luminaria
3120 2415 3222 2472 illa
3251 2415 3601 2472 secundaria
3626 2415 3782 2472 viam

2132 2505 2343 2562 salutis
2371 2505 2777 2562 illuminarent
2815 2510 2873 2562 et
2910 2505 3144 2562 servitio
3175 2522 3282 2562 suo
3312 2505 3578 2561 divinum
3611 2521 3786 2576 auge-

2134 2599 2264 2651 rent
2312 2596 2621 2668 fulgorem.
2654 2595 2833 2649 Nobis
2882 2593 3108 2649 inditus
3157 2598 3247 2649 est
3292 2593 3449 2665 ignis
3479 2594 3646 2650 vivus
3685 2594 3791 2666 qui

2133 2689 2345 2740 natura
2375 2701 2483 2740 sua
2522 2684 2761 2739 accendi
2812 2687 3005 2756 potest
3032 2686 3089 2739 et
3118 2682 3471 2738 inﬂammari
3525 2682 3597 2737 ad
3648 2681 3791 2738 illu-

2134 2772 2518 2828 minationem
2547 2772 2770 2842 mundi,
2804 2771 2905 2844 qui
2936 2788 3044 2827 nos
3074 2772 3353 2844 perﬁcere
3399 2774 3592 2843 potest
3619 2771 3794 2827 victi-

2136 2879 2264 2917 mas
2294 2861 2525 2917 divinas
2571 2865 2747 2932 atque
2778 2861 3225 2928 sacriﬁcatores,
3257 2864 3314 2916 et
3339 2859 3590 2933 dirigere
3638 2861 3795 2917 sicut

2135 2953 2442 3008 incensum
2473 2951 2535 3007 in
2571 2950 2667 3006 Dei
2697 2950 3002 3007 honorem.

2205 3058 2259 3115 8.
2292 3057 2542 3130 Spiritus
2573 3060 2771 3113 autem
2804 3056 3176 3113 adversarius
3222 3057 3378 3113 hunc
3424 3056 3622 3130 ignem
3668 3056 3796 3113 vult

2136 3146 2559 3218 comprimere;
2593 3146 2766 3202 modo
2797 3146 3000 3202 sufﬂat
3029 3163 3060 3202 e
3090 3145 3401 3203 contrariis
3450 3149 3516 3203 ut
3561 3146 3793 3203 scintil-

2134 3234 2224 3291 las
2268 3236 2517 3292 flammaa
2550 3235 2756 3291 divinae
2807 3235 3128 3307 dispergat,
3160 3235 3334 3291 modo
3383 3234 3622 3292 accendi
3673 3252 3792 3293 non

2138 3324 2313 3393 sinit;
2347 3325 2441 3381 hic
2474 3327 2836 3381 cremantem
2885 3328 2944 3381 et
2990 3323 3424 3380 illuminantem
3472 3324 3795 3398 exstinguit

2137 3415 2355 3488 ignem,
2388 3415 2567 3486 spirat
2608 3414 2767 3470 enim
2810 3414 3186 3471 vehementer
3233 3430 3265 3469 e
3311 3414 3436 3470 loco
3466 3414 3524 3470 in
3558 3431 3672 3486 quo
3702 3419 3797 3473 est

2139 3504 2312 3560 chaos
2343 3508 2402 3560 et
2430 3508 2687 3560 tartarus
2719 3507 2921 3559 contra
2960 3503 3248 3559 mundum
3284 3504 3669 3577 superiorem,
3694 3505 3796 3561 ubi

2141 3593 2442 3664 profundae
2500 3592 2781 3665 caligines
2836 3596 2893 3648 et
2949 3592 3231 3665 frigorum
3292 3592 3468 3666 rigor.
3513 3593 3800 3665 Splendor

2138 3699 2273 3738 vero
2305 3681 2495 3738 Patris
2523 3680 2842 3750 luminum,
2877 3679 2963 3737 sol
2996 3681 3219 3737 scilicet
3240 3681 3507 3753 justitias,
3540 3682 3638 3737 ubi
3675 3682 3801 3755 pri-

2142 3787 2307 3827 mum
2368 3771 2644 3843 apparuit
2705 3770 2765 3825 in
2826 3769 3022 3838 terris,
3056 3774 3111 3826 et
3157 3769 3352 3826 radios
3385 3787 3525 3827 suos
3579 3771 3799 3844 emisit,

2144 3860 2345 3917 statim
2379 3859 2749 3916 conturbavit
2790 3863 3085 3915 auctorem
3140 3858 3503 3916 infelicitatis
3551 3864 3802 3932 nostra);

2145 3948 2319 4005 sicuti
2366 3948 2532 4021 prius
2582 3947 2943 4017 Luciferum,
2982 3947 3221 4003 nomine
3269 3952 3325 4002 et
3375 3947 3586 4005 virtute
3631 3966 3804 4008 voca-

2144 4042 2293 4103 tum,
2341 4036 2643 4108 expulerat
2691 4040 2750 4092 et
2806 4036 3266 4108 proprietatibus
3314 4036 3690 4108 despoliarat,
3723 4040 3807 4097 ita

2144 4125 2467 4180 violentum
2498 4123 2773 4194 spiritum
2808 4141 2841 4178 a
2866 4124 3035 4179 nobis
3059 4124 3445 4180 rationalibus
3475 4126 3532 4180 in
3565 4130 3803 4184 tantum

2146 4214 2408 4283 abduxit,
2444 4217 2507 4268 ut
2537 4229 2645 4268 nos
2695 4213 3045 4268 immundus
3094 4214 3366 4269 invadere
3412 4231 3528 4270 non
3579 4222 3800 4289 posset,

2147 4304 2247 4360 sed
2282 4319 2355 4359 ne
2392 4303 2452 4358 in
2503 4319 2710 4375 porcos
2760 4301 3000 4375 quidem
3054 4303 3125 4358 ad
3183 4301 3420 4359 illorum
3479 4306 3803 4376 perniciem

2147 4392 2399 4449 transire
2429 4390 2556 4448 sine
2580 4392 2778 4463 jussu.

2217 4501 2270 4555 9.
2306 4502 2412 4555 Ast
2443 4497 2543 4555 ubi
2566 4498 2896 4556 voluntaria
2928 4498 3301 4573 perversitas,
3322 4516 3500 4573 quam
3533 4504 3806 4580 subigere

2150 4593 2419 4646 nostrum
2452 4591 2595 4655 erat,
2616 4588 2771 4644 sicut
2803 4591 3083 4645 Satanam
3115 4587 3252 4645 olim
3296 4589 3378 4646 ita
3407 4606 3516 4648 nos
3547 4595 3620 4650 ad
3653 4596 3810 4654 mala

378 4674 471 4729 τὸν
524 4681 789 4750 Σατανᾶν,
838 4674 981 4731 οὕτω
1032 4676 1123 4731 καὶ
1174 4678 1322 4749 ἡμᾶς
1383 4676 1484 4731 οᾶκ
1537 4675 1705 4746 ἀνῆκε
1763 4674 1898 4749 μετὰ
1942 4676 2029 4745 τὴπ

2153 4695 2330 4752 opera
2382 4679 2472 4734 vel
2531 4682 2664 4750 post
2719 4682 3122 4751 recuperatam
3183 4678 3431 4736 salutem
3501 4686 3808 4757 protrusit,

381 4767 480 4819 τοῦ
534 4770 795 4841 Σωτῆρος
844 4764 1137 4840 ἀνάληψιν,
1198 4764 1515 4821 ἀνασείουσα
1571 4763 1649 4827 εἷς
1708 4766 2041 4820 ἀποστατικὰ

385 4849 535 4929 ἔργα,
571 4850 641 4909 δι’
670 4856 745 4910 ὧν
796 4855 825 4911 ὁ
873 4849 1254 4928 παμϐασιλεὺς
1312 4854 1442 4916 Θεὸς
1488 4853 1899 4930 παροργίζεται,
1946 4875 2043 4925 τη-

384 4948 610 5000 νικαῦτα
666 4946 785 5001 ὅσοι
844 4947 1162 5025 φρονήσεως
1212 4944 1268 4999 εὗ
1335 4940 1584 5020 εἷ’χομεν,
1617 4945 1858 5020 αἰροντες
1913 4943 2041 5008 τοὺς

385 5035 545 5106 ἡμῶν
593 5034 913 5112 ὀφθαλμοὺς
972 5034 1047 5096 εἲς
1105 5031 1232 5109 ὅρος
1289 5033 1460 5089 ἐκεῖνο
1507 5034 1569 5089 τὸ
1625 5034 1870 5111 ὕφιστον,
1925 5033 2045 5099 ὅθεν

381 5124 522 5197 ἡμῖν
576 5123 694 5194 ἥξει
741 5125 988 5200 βοήθεια,
1029 5120 1488 5199 προεκαλούμεθα
1542 5122 1680 5178 κατὰ
1718 5128 1814 5178 τοῦ
1873 5144 2048 5179 κατω-

380 5213 526 5288 τέρω
555 5214 648 5268 καὶ
677 5211 738 5269 ἐκ
765 5211 1037 5270 πεδιάδων
1072 5210 1349 5285 πολεμίου
1404 5212 1494 5267 τὸν
1547 5211 1609 5269 ἐκ
1651 5215 1752 5277 τῆς
1787 5212 2046 5268 ἀνωτάτω

381 5300 746 5376 ἀκροπόλεως
792 5305 955 5376 ἡμῶν
1005 5300 1475 5378 ἀρχιστράτηγον.
1514 5302 1577 5358 Ὁ
1609 5299 1667 5356 δὲ
1722 5301 1815 5356 καὶ
1874 5298 2048 5363 ἄλλας

388 5390 486 5465 μὲν
523 5384 840 5465 ἐπικουρίας
887 5389 1206 5465 ἐξεστειλεν,
1236 5389 1311 5443 ὧν
1371 5388 1472 5444 οὐκ
1527 5386 1587 5443 ἂν
1648 5384 1898 5460 αἶ’σθησις
1956 5391 2048 5444 ἀν-

383 5474 713 5535 τιλάϐοιτο’
773 5479 824 5536 έν
884 5479 943 5536 δὲ
1006 5478 1236 5540 ἐκείναις
1293 5478 1385 5532 καὶ
1451 5479 1548 5541 τὰς
1599 5478 1747 5555 ἱερὰς
1798 5475 2051 5556 διφθέρας

387 5566 684 5643 παρέδοτο,
717 5567 787 5625 δι’
840 5568 914 5626 ὧν
975 5571 1073 5626 ὅσα
1125 5568 1217 5624 καὶ
1267 5564 1508 5623 ἀσπίδων
1569 5567 1899 5645 στερεμνίων
1956 5570 2051 5632 τὰς

386 5662 488 5714 τοῦ
517 5658 791 5731 πολεμίου
837 5658 1007 5737 βολὰς
1057 5656 1527 5733 ἀποκρουσάμεθα.
1563 5660 1736 5736 Ἔφθη
1791 5658 1891 5735 γὰρ
1949 5659 2051 5714 αὐ·

388 5752 512 5811 ταῖς
567 5751 1008 5826 προσεπιγράψαι
1053 5750 1117 5805 τὸ
1165 5748 1359 5803 ἑαυτοῦ
1398 5741 1571 5820 ὄνομα
1623 5747 1698 5810 είς
1755 5745 2049 5823 ἐπίσημον,

723 5879 984 5939 Parant.
1035 5877 1143 5939 Gn.
1190 5873 1486 5940 CXXXV.

2151 4769 2367 4842 quibus
2399 4768 2520 4824 Rex
2549 4784 2794 4842 regnum
2832 4773 2984 4824 Deus
3012 4767 3302 4837 irritatur,
3334 4773 3498 4843 tunc,
3521 4777 3810 4847 quotquot

2153 4876 2268 4915 non
2316 4857 2488 4929 plane
2541 4862 2740 4915 mente
2795 4858 2950 4930 capti
3007 4873 3265 4927 eramus,
3299 4857 3547 4917 sublatis
3600 4878 3806 4921 versus

2153 4952 2437 5014 montem,
2469 4947 2626 5003 unde
2677 4945 2838 5003 salus
2885 4948 3092 5003 nostra
3119 4945 3329 5013 veniet,
3359 4947 3572 5020 oculis,
3600 4956 3808 5010 contra

2153 5036 2457 5099 inimicum
2498 5040 2835 5093 terrestrem
2881 5039 2939 5092 et
2979 5034 3297 5106 abjectum,
3332 5051 3362 5091 e
3393 5053 3630 5094 summa
3676 5058 3808 5097 arce

2156 5126 2363 5181 ducem
2410 5124 2467 5180 in
2521 5123 2807 5181 auxilium
2851 5122 3299 5197 appellavimus.
3333 5126 3441 5191 Qui
3491 5143 3626 5183 cum
3674 5128 3808 5187 aliis

2156 5213 2491 5270 coelestibus
2540 5213 2923 5270 auxiliaribus
2972 5213 3209 5268 advenit
3255 5217 3312 5269 et
3359 5214 3559 5272 Libros
3608 5233 3809 5276 sacros

2155 5302 2418 5371 tradidit,
2451 5304 2663 5375 quibus
2695 5306 2759 5357 ut
2788 5303 2973 5358 scutis
3020 5301 3269 5358 fortibus
3299 5303 3416 5371 usi,
3448 5305 3519 5361 ab
3549 5306 3811 5366 hostium

2158 5392 2391 5460 sagittis
2410 5409 2515 5447 nos
2534 5392 2848 5448 defendere
2869 5406 3209 5463 possumus.
3226 5390 3305 5447 Iis
3322 5409 3578 5467 namque
3597 5412 3813 5457 nomen

2159 5497 2335 5537 suum
2369 5482 2523 5554 quod
2558 5481 2630 5536 ab
2660 5479 3014 5537 adversariis
3045 5479 3203 5535 cerni
3244 5488 3465 5554 posset,
3486 5485 3556 5540 ad
3590 5493 3814 5547 metum

2161 5570 2535 5626 inferendum
2592 5569 2931 5642 insculpsit,
2968 5568 3184 5624 additis
3232 5569 3477 5645 insuper
3526 5578 3820 5638 mandatis

2162 5659 2623 5731 divinis,quibus
2643 5659 2903 5732 prolatis,
2919 5673 3064 5730 gens
3082 5660 3301 5730 perﬁda
3320 5665 3547 5721 utservi
3563 5683 3818 5740 nequam

2164 5754 2223 5804 et
2277 5749 2415 5805 mali
2477 5751 2775 5806 daemones
2828 5748 3108 5820 aufugero
3166 5759 3616 5814 consueverunt.
3672 5758 3820 5815 Sunt

3418 5881 3497 5940 22
