4082 6368
329 419 449 480 683

1099 417 1524 481 EUSTATHII
1567 416 2337 479 THESSALONIGENSIS
2387 416 2977 478 METROPOLITE

3654 419 3771 480 684

333 557 529 610 autem
562 551 666 607 illa
708 550 1106 624 apostolorum
1141 559 1599 622 catarorumque
1639 549 1983 604 nuntiorum

2113 548 2170 609 bc
2208 545 2499 622 βλὲπεσθαι
2540 550 2660 608 τοῖς
2717 547 2960 622 ἐχθροῖς,
3018 546 3108 601 καὶ
3168 545 3368 625 φρίκην
3419 547 3615 611 αὐτοῖς
3675 550 3768 623 ἐμ-

334 642 546 714 spiritu
581 641 776 696 divino
809 641 1143 696 inﬂatorum
1179 645 1482 711 praecepta,
1519 639 1735 710 quibus
1767 639 1989 694 auditis

333 732 432 787 Dei
469 729 688 785 milites
740 730 982 784 animati
1015 730 1308 782 daemones
1340 729 1526 782 adorti
1577 728 1816 796 feriunt,
1851 744 1987 799 pro-

337 819 598 893 pellunt,
657 818 992 873 istiusmodi
1065 817 1246 872 armis
1303 817 1572 872 cominus
1631 833 1698 871 ac
1755 817 1990 872 eminus

339 912 595 964 utentes.

2098 641 2272 691 ποιεῖν
2310 657 2322 669 ·
2385 636 2825 710 προσεπιγράψαι
2888 633 2946 690 δὲ
2998 635 3089 690 καὶ
3144 638 3261 691 θεῖα
3339 640 3762 714 προστάγματα,

2099 727 2171 779 ὧν
2201 724 2606 797 ἐξακουομένων
2638 725 2688 778 οἱ
2720 724 3016 779 ἀποστάται
3069 726 3227 780 κακοὶ
3277 724 3475 782 δοῦλοι
3509 725 3764 802 δαίμονες

2101 812 2506 888 δραπετεύουσι.
2568 813 2647 870 Τὰ
2703 810 2760 867 δὲ
2829 813 2962 868 εἰσιν
3023 814 3076 868 αἱ
3132 818 3240 869 τῶν
3293 815 3624 871 ἀποστόλων
3679 819 3763 872 καὶ

2097 908 2204 956 τῶν
2262 899 2448 964 ἄλλως
2485 899 2542 956 δὲ
2583 901 2835 974 κηρύκων
2871 902 2931 957 ἐκ
2970 903 3114 966 θείας
3175 902 3455 966 ἐπιπνοίας
3511 901 3766 961 διδασκα-

335 994 576 1063 λίαι,ὦν
635 993 1014 1068 ἐξηχουμένων
1073 991 1425 1067 θαρῥύνονται
1488 993 1541 1046 οἱ
1589 990 1686 1047 τοῦ
1745 996 1878 1047 Θεοῦ
1919 989 2164 1058 ὁπλῖται,
2190 992 2282 1045 καὶ
2330 996 2446 1053 τοῖς
2499 989 2807 1063 δαιμονίοις
2861 989 3243 1063 ἐπεμπηδῶσι,
3274 990 3366 1047 καί
3422 991 3764 1064 πλήττουσι,

339 1086 427 1140 καὶ
464 1084 730 1160 ῥίπτουσι,
765 1084 1043 1158 χρώμενοι
1079 1088 1195 1143 τοῖς
1228 1082 1391 1137 αὐτοῦ
1424 1081 1486 1136 οὐ
1523 1083 1685 1155 μόνον
1720 1080 1959 1136 ἀσπίδων
1995 1079 2173 1149 δίκην,
2200 1080 2348 1136 ἀλλὰ
2376 1085 2466 1134 καὶ
2498 1081 2676 1135 ὅπλου
2707 1081 2926 1144 παντός.

414 1195 500 1248 10.
534 1192 591 1247 Si
623 1192 799 1261 igitur
827 1191 948 1246 haec
979 1191 1060 1246 ita
1099 1208 1160 1246 se
1207 1191 1425 1245 habent
1455 1197 1536 1260 (ut
1565 1207 1698 1246 vere
1731 1191 1992 1262 habent),

341 1281 504 1337 vobis
538 1281 632 1336 Dei
668 1280 957 1335 militibus
1000 1285 1205 1335 auctor
1249 1297 1382 1335 sum
1435 1288 1495 1334 ut
1542 1297 1610 1335 ex
1658 1281 1770 1335 isto
1798 1297 1990 1335 arma-

342 1369 1052 1442 mentario,.Scripturis
1119 1369 1301 1425 sacris
1361 1369 1524 1436 dico,
1586 1386 1652 1424 ea
1711 1370 1996 1441 promatis

343 1476 502 1515 arma
538 1475 663 1530 quas
695 1457 1049 1530 cognitionis
1079 1457 1475 1513 instrumenta
1496 1462 1656 1525 sunt,
1677 1458 1892 1530 quibus
1924 1459 1992 1513 ad

340 1553 595 1606 vestram
626 1547 1058 1602 institutionem
1096 1547 1185 1602 usi
1225 1547 1388 1614 estis,
1420 1553 1478 1602 et
1508 1565 1760 1619 quorum
1795 1565 1900 1619 ope
1931 1565 1999 1602 ex

341 1637 616 1692 hostibus
645 1635 954 1691 hominum
979 1634 1250 1691 osoribus
1282 1651 1434 1707 saepe
1456 1635 1670 1707 sapius
1698 1636 1995 1692 victoriam

345 1726 715 1798 repor'tastis.
750 1725 862 1780 Sed
897 1726 1024 1796 jam
1075 1725 1220 1780 satis
1252 1725 1360 1780 hac
1405 1726 1474 1780 de
1523 1742 1584 1781 re
1633 1726 1853 1780 dictum
1889 1730 1996 1781 est.

347 1820 538 1871 Sacrae
588 1814 743 1870 enim
802 1815 1025 1887 paginae
1073 1831 1174 1869 vos
1233 1814 1559 1870 edocebunt
1597 1818 1653 1869 et
1695 1814 1998 1870 certamini

351 1905 650 1973 favebunt,
684 1920 798 1976 quo
849 1904 1107 1960 stadium
1161 1903 1424 1976 spiritale
1470 1903 1718 1961 victores
1765 1921 2001 1976 percur-

353 1993 517 2050 retis.

427 2172 514 2228 11.
547 2171 642 2228 Sic
697 2172 877 2241 igitur
923 2173 993 2227 ad
1045 2188 1292 2244 magnos
1348 2172 1486 2227 belli
1543 2172 1722 2227 duces
1779 2171 2005 2244 ablego,

353 2277 606 2333 quorum
653 2259 865 2315 militia
896 2260 1222 2332 spiritualis
1271 2265 1325 2316 et
1373 2260 1452 2315 rei
1507 2260 1721 2316 bellicae
1772 2277 2008 2315 summa

351 2351 580 2422 peritia.
606 2367 856 2422 quorum
888 2351 1043 2405 tubae
1070 2366 1274 2404 muros
1305 2349 1641 2421 projiciunt,
1669 2366 1815 2422 quos
1846 2349 2009 2403 mali-

345 2439 588 2511 gnitatis
619 2438 921 2494 architecti
956 2455 1058 2509 per
1083 2456 1190 2493 nos
1211 2443 1641 2503 exstruxerunt,
1663 2444 2009 2510 cooperante

341 2528 577 2584 malitia:
609 2529 844 2583 doctore
866 2533 1063 2583 autem
1095 2528 1154 2583 in
1182 2527 1436 2582 nihilum
1461 2528 2005 2598 redegerunt.Quod

343 2619 392 2674 si
423 2618 637 2672 horum
679 2615 936 2688 inopiam
991 2633 1105 2671 non
1152 2617 1404 2684 habetis,
1443 2621 1700 2671 attamen
1750 2616 1808 2671 in
1861 2635 2004 2688 prae-

344 2707 496 2764 senti
521 2723 714 2762 rerum
738 2705 1082 2761 discrimine
1106 2705 1281 2760 aliam
1311 2705 1599 2777 capessite
1617 2710 2002 2761 armaturam.

343 2797 429 2853 Ad
463 2813 569 2852 nos
601 2796 860 2851 accedite
891 2799 955 2849 ut
985 2811 1283 2850 armorum
1321 2795 1656 2865 fabros,qui
1685 2795 1900 2865 quibus
1932 2797 2002 2851 ad

345 2887 457 2943 hoc
507 2889 804 2941 certamen
864 2901 1011 2955 opus
1071 2885 1322 2950 habetis,
1350 2883 1517 2939 vobis
1573 2884 2002 2955 impertiemus.

346 2975 633 3046 Equidem
666 2972 813 3028 nihil
846 2973 1151 3041 recusabo,
1184 2973 1301 3028 imo
1333 2976 1616 3044 quantum
1650 2990 1915 3045 possum,
1946 2973 2007 3029 id

350 3063 602 3120 monebo
634 3079 707 3118 ne
754 3062 826 3117 ad
872 3066 1192 3134 apparatus
1224 3061 1505 3134 pristinos
1533 3079 1636 3117 vos
1667 3062 2004 3134 accingatis.

349 3152 454 3209 Ubi
487 3153 644 3208 enim
677 3151 1010 3207 linothorax
1039 3151 1306 3224 clypeum
1348 3150 1543 3206 induit
1574 3156 1632 3207 et
1662 3151 1838 3224 gladii
1871 3151 2006 3207 hor-

344 3243 510 3298 rendi
555 3242 682 3298 loco
717 3242 932 3296 framea
967 3257 1028 3297 se
1058 3241 1326 3307 accinxit,
1359 3245 1515 3296 certe
1543 3257 1576 3295 a
1605 3241 1998 3313 cataphractis

2178 1189 2227 1245 ι’.
2262 1187 2322 1244 Ei
2351 1185 2531 1242 τοίνυν
2563 1188 2712 1251 ταῦθ’
2755 1186 2925 1249 οὕτως
2974 1183 3090 1263 ἔχει
3136 1186 3371 1261 (πάντως
3431 1187 3492 1243 δὲ
3548 1189 3648 1244 οὐκ
3705 1190 3762 1245 ἂν

2104 1275 2335 1351 ἄλλως),
2373 1275 2732 1349 ἐπιτέλλομαι
2789 1278 2915 1349 ὑμῖν
2965 1282 3082 1339 τοῖς
3139 1281 3236 1332 τοῦ
3289 1282 3422 1333 Θεοῦ
3488 1278 3762 1352 ὁπλίταις,

2106 1368 2182 1429 εἷς
2230 1367 2290 1421 τὸ
2320 1370 2568 1421 τοιοῦτον
2626 1369 2921 1442 θωρακεῖον
2974 1364 3222 1441 δραμεῖν,
3258 1368 3346 1421 καὶ
3408 1367 3764 1440 ἀναλέξασθαι

2103 1458 2170 1511 τὰ
2223 1458 2510 1534 πρόσφορα
2568 1454 2714 1510 ὅπλα
2768 1457 2834 1510 τὰ
2893 1455 2950 1510 ἐκ
3002 1460 3110 1510 τῶν
3195 1456 3350 1520 θείων
3413 1460 3669 1537 Γραφῶν,
3712 1461 3763 1514 αἳ

2105 1546 2418 1618 πρόκεινται
2480 1543 2555 1606 εἷς
2611 1546 2927 1620 ἀνάγνωσιν,
2963 1544 3023 1608 ἃς
3083 1537 3258 1620 ἔχετε,
3307 1543 3382 1600 ὦν
3439 1549 3766 1621 πεπείρασθε

2109 1633 2183 1696 εἷς
2236 1634 2567 1708 ἐπιστήμην,
2616 1637 2699 1695 αἷς
2758 1631 3030 1696 πολλάκις
3086 1635 3458 1709 περιεγένεσθε
3518 1642 3626 1692 τῶν
3671 1661 3760 1712 μι-

2111 1722 2444 1800 σανθρώπων
2505 1723 2859 1799 ἀντιμάχων·
2920 1723 3009 1777 καὶ
3077 1722 3248 1786 οὕτως
3308 1723 3546 1798 ἐμαυτὸν
3593 1727 3764 1785 ἀπαλ-

2112 1812 2293 1868 λάττω
2324 1816 2419 1867 τοῦ
2450 1810 2626 1867 πλείω
2659 1811 2855 1889 λέγειν.
2893 1812 3061 1867 Αὗταὶ
3093 1813 3196 1888 γὰρ
3252 1814 3307 1868 αἱ
3368 1819 3510 1877 θεῖαι
3567 1815 3761 1872 συλλα.

2117 1898 2208 1956 δαὶ
2267 1899 2566 1972 διδάξουσιν
2631 1901 2791 1975 ὑμᾶς,
2821 1901 2909 1956 καὶ
2957 1901 3333 1976 συλλήψονται
3359 1906 3560 1968 παντὸς
3590 1905 3760 1983 ἔργου,

2119 1989 2188 2046 δι’
2247 1991 2308 2045 οὗ
2347 1996 2754 2055 κατευθυνεῖσθε
2809 1991 2885 2054 εἰς
2938 1991 3002 2046 τὸ
3060 1993 3482 2068 προτεθειμένον
3532 2016 3761 2068 πνευμα-

2114 2081 2266 2136 τικὸν
2294 2079 2532 2138 στάδιον.

2192 2176 2276 2224 ια’.
2312 2169 2408 2223 Καὶ
2440 2167 2581 2223 οὕτω
2617 2170 2712 2242 μὲν
2746 2167 2850 2243 ἐγὼ
2899 2170 3100 2242 πὲμπω
3153 2170 3294 2242 ὑμᾶς
3351 2171 3428 2234 εἷς
3485 2172 3610 2235 τοὺς
3670 2195 3758 2247 με·

2114 2258 2313 2335 γάλους
2359 2257 2774 2334 πολεμάρχους,
2826 2259 2899 2312 ὦν
2952 2259 3019 2314 τὰ
3069 2260 3205 2313 κατά
3255 2264 3470 2333 πνεῦμα
3521 2265 3753 2336 τακτικὰ,

2117 2346 2189 2401 ὧν
2231 2349 2284 2402 αἱ
2326 2349 2463 2400 θεῖαι
2521 2349 2878 2422 στρατηγικαὶ
2945 2344 3191 2421 μὲθοδοι,
3234 2349 3307 2402 ὧν
3367 2351 3422 2403 αἱ
3481 2350 3754 2426 σάλπιγγες

2114 2437 2272 2512 τείχη
2305 2435 2784 2512 καταρριπτοῦσιν,
2817 2437 2950 2513 ἅπερ
2985 2438 3034 2490 οἱ
3091 2444 3191 2507 τῆς
3241 2439 3434 2502 κακίας
3485 2438 3746 2514 οἰκοδόμοι

2118 2524 2186 2580 δι’
2212 2529 2371 2598 ἡμῶν
2433 2523 2914 2595 ἐπλινθοποίησαν,
2949 2523 3021 2579 ὧν
3054 2526 3108 2580 αἱ
3143 2525 3424 2590 ἐλεπόλεις
3455 2529 3555 2600 ἅμα
3588 2529 3744 2600 προῦο

2117 2614 2382 2692 φάνησαν,
2413 2614 2501 2668 καὶ
2560 2613 2824 2688 πῦργους,
2871 2613 2964 2676 οὓς
3023 2615 3050 2669 6
3113 2617 3368 2694 σοφιστὴς
3413 2623 3508 2684 τῆς
3557 2615 3730 2675 κακίας

2116 2703 2424 2774 ἀνέστησεν,
2485 2703 2562 2767 εἷς
2619 2708 2755 2780 χοῦν
2834 2702 3152 2759 ἐλέπτυναν.
3205 2707 3331 2762 ’Ότε
3379 2701 3432 2758 δὲ
3482 2704 3577 2758 τῶν
3639 2703 3721 2776 μὲν

2114 2793 2377 2848 τοιούτων
2435 2791 2715 2868 αὐτάρκως
2764 2789 2938 2868 ἔχετε,
2968 2791 3056 2847 διὰ
3115 2791 3172 2848 δὲ
3228 2794 3289 2848 τὸ
3341 2793 3611 2869 πρόχειρον
3647 2791 3728 2847 καὶ

2117 2883 2434 2957 εὐπόριστον
2493 2883 2611 2937 κατ’
2642 2879 2781 2936 ἰδίαν
2843 2883 2978 2936 αὐτὰ
3023 2881 3262 2956 θέμενοι,
3312 2882 3612 2960 λιχνεόεσθε
3658 2880 3741 2934 καὶ

2116 2972 2193 3034 εἲς
2229 2971 2464 3046 ἑτεροῖον
2499 2971 2798 3045 ὁπλισμὸν,
2829 2972 2918 3026 καὶ
2977 2973 3053 3036 ὡς
3081 2970 3169 3027 ἐπὶ
3229 2971 3562 3035 ὁπλοποιοὺς
3615 2973 3749 3044 ἡμᾶς

2116 3062 2276 3132 ἥκετε
2300 3060 2726 3137 χορηγησοντάς
2751 3083 2803 3115 τι
2835 3062 2972 3137 πρὸς
3033 3062 3218 3137 μάχην
3260 3062 3360 3131 τὴν
3404 3061 3520 3139 ἄρτι
3550 3081 3749 3137 προκει-

2122 3152 2286 3226 μένην
2335 3148 2666 3222 ἐπιτήδειον
2701 3147 2954 3205 ἐπιδώσω
3009 3151 3103 3223 μὶν
3155 3150 3206 3221 ἐξ
3254 3149 3516 3228 ἀνάγκης,
3546 3170 3756 3228 προφω-⁹

2116 3243 2352 3314 νησομαι
2385 3237 2463 3307 δὲ,
2503 3241 2577 3312 μὴ
2611 3239 2670 3294 ἂν
2713 3237 2861 3314 ἔχειν
2918 3242 3064 3312 ἡμᾶς
3115 3244 3343 3295 τοιαῦτα
3399 3240 3757 3311 σκευάσασθαι,

341 3331 601 3387 immane
637 3334 923 3403 quantum
966 3331 1291 3386 distabunt.
1328 3332 1512 3396 Quam
1563 3330 1746 3402 igitur
1775 3346 1880 3402 ego
1909 3347 1997 3386 ar-

2122 3331 2286 3384 ὁποῖα
2339 3329 2407 3384 τὰ
2459 3326 2686 3401 παλαιὰ,
2721 3325 2986 3401 οῦμενουν
3046 3326 3172 3383 οὐδὲ
3229 3327 3384 3404 ἐγγὺς
3444 3329 3650 3384 ἐκείνων
3691 3327 3759 3390 εἷς

340 3427 634 3477 maturam
669 3435 967 3490 nuncupo,
1000 3436 1102 3490 pro
1149 3419 1266 3473 tela
1313 3435 1539 3474 araneis
1571 3419 1886 3474 habebitur
1932 3420 2004 3475 ab

338 3509 414 3566 iis
447 3509 547 3580 qui
598 3525 762 3564 arma
810 3524 1012 3563 severa
1049 3512 1107 3563 et
1149 3507 1450 3564 securitati
1482 3507 1860 3564 inservientia
1907 3525 2002 3564 co.-

341 3599 509 3671 gnita
537 3598 774 3654 habent.
809 3601 878 3653 Et
908 3613 1041 3653 ecce
1072 3613 1178 3669 ego
1222 3597 1346 3669 ipse
1379 3598 1451 3652 ad
1485 3614 1741 3669 pugnam
1773 3615 1876 3654 vos
1906 3615 2004 3654 ex-

339 3689 544 3745 hortor
593 3688 692 3758 qui
747 3704 872 3742 rem
932 3687 1247 3742 militarem
1307 3686 1576 3742 funditus
1635 3687 1836 3755 didici,
1869 3688 2004 3744 licet

343 3795 520 3835 senex
551 3778 743 3850 quoad
790 3776 1052 3848 corporis
1082 3776 1365 3848 vigorem,
1399 3781 1456 3831 et
1502 3775 1723 3848 ingenii
1757 3777 1829 3847 (si
1860 3777 2001 3850 quid

345 3868 608 3940 alioquin
642 3867 699 3921 in
739 3883 833 3922 me
866 3867 996 3938 fuit)
1047 3881 1294 3921 acumen
1340 3864 1724 3937 perdiderim;
1757 3867 1814 3921 id
1850 3872 2004 3923 certe

343 3973 554 4015 moneo
587 3961 649 4012 ut
680 3956 832 4028 quod
869 3972 1043 4011 omne
1083 3954 1300 4011 bellum
1353 3955 1662 4024 antecedit,
1697 3957 1767 4012 ad
1801 3973 2002 4029 preces

341 4049 426 4106 rei
458 4063 750 4120 congruas
783 4045 1112 4102 fundendas
1144 4045 1501 4116 procedatis.

2116 3417 2268 3473 οὐδὲν
2323 3418 2387 3474 Ei
2425 3418 2525 3492 γὰρ
2585 3419 2613 3472 6
2661 3419 2798 3472 κατᾶ
2852 3421 3066 3490 πνεῦμα
3123 3418 3448 3495 λινοθώραξ,
3480 3420 3569 3474 καὶ
3627 3420 3653 3474 6
3709 3418 3762 3472 ἐκ

2117 3507 2295 3583 λόγων
2343 3504 2543 3562 ἀσπίδα
2590 3507 2962 3582 περιθέμενος,
2996 3507 3086 3562 καὶ
3135 3507 3250 3563 ἀντὶ
3297 3508 3486 3585 ξίφους
3552 3510 3766 3584 βριαροῦ

2114 3597 2312 3672 ἀγεννῆ
2369 3593 2834 3674 παραξιφίδα,καὶ
2885 3598 3002 3652 ὅσοι
3048 3602 3291 3653 τοιοῦτοι
3343 3631 3412 3640 -
3461 3597 3589 3653 ἀλλ’
3620 3596 3766 3654 αὐτοὶ

2112 3691 2221 3742 τῶν
2250 3687 2641 3764 καταφράκτων
2692 3684 2934 3741 ὁπλιτῶν
2992 3686 3136 3742 πολύ
3191 3709 3244 3741 τι
3306 3685 3770 3763 διενηνόχασιν⁶ή
3835 3709 3840 3716 '

2115 3778 2215 3852 ἄρα
2267 3775 2319 3846 ἐξ
2361 3775 2496 3849 ἐμοῦ
2527 3774 2749 3838 ὅπλισις
2790 3775 3069 3852 λογισθείη
3134 3775 3191 3831 ἂν
3253 3776 3504 3853 ἀράχνης
3557 3775 3768 3832 ἐπενδυ-

2114 3887 2197 3928 σις
2253 3870 2370 3927 τοῖς
2432 3861 2618 3927 ἄλλως
2651 3863 2850 3919 εἰδόσιν
2911 3864 3226 3934 ὁπλίζεσθαι
3285 3865 3424 3941 πρὸς
3469 3861 3762 3942 ἀκρίϐειαν,

2111 3956 2200 4010 καὶ
2234 3958 2614 4030 στεγανοῦσθαι
2652 3953 2728 4017 είς
2765 3953 3108 4031 ’ἑχυρότητοα
3140 3955 3238 4010 Καὶ
3295 3955 3449 4028 ὅμως
3509 3953 3631 4010 ἴδοὺ
3685 3953 3766 4009 καὶ

2113 4044 2273 4106 αὐτὸς
2306 4044 2542 4121 ἐξαρτύω
2579 4044 2716 4116 ὑμᾶς
2750 4043 2824 4106 εἷς
2874 4041 3086 4118 μάχην,
3119 4045 3193 4108 ὡς
3244 4043 3334 4098 καὶ
3397 4041 3633 4118 μεθόδου
3679 4045 3770 4099 καὶ

339 4138 620 4212 δυνάμεως
679 4136 767 4189 καὶ
825 4131 1099 4211 χορηγίας
1157 4128 1359 4209 ἔλαχον
1423 4129 1593 4208 ἔχειν,
1654 4134 1933 4210 ἅνθρωπος
1994 4135 2169 4210 γέρων
2231 4134 2381 4208 ἀκμῇ
2439 4135 2510 4205 τῇ
2566 4133 2703 4188 κατὰ
2761 4137 2944 4206 σῶμα,
2975 4134 3066 4187 καὶ
3107 4135 3206 4203 τὴν
3261 4133 3397 4188 κατὰ
3450 4131 3651 4209 λόγους
3704 4131 3771 4205 (εἷ’

336 4229 470 4286 ποτὲ
516 4247 610 4302 μοι
662 4225 752 4280 καὶ
809 4224 968 4298 ἦσαν)
1023 4221 1496 4287 συναπολωλεκώς
1529 4244 1541 4257 ο
1601 4222 1690 4276 καὶ
1748 4227 1990 4298 πρῶτον,
2042 4225 2070 4278 ὃ
2131 4221 2197 4294 δὴ
2259 4224 2461 4286 παντὸς
2538 4221 2792 4296 πολέμου
2859 4223 3181 4299 προτρέχει,
3239 4227 3384 4278 ποιῶ
3442 4223 3530 4278 καὶ
3593 4223 3768 4287 αὐτὸς,

334 4320 506 4396 εὐχὴν
535 4314 878 4392 προγράψας,
915 4313 1076 4369 ὁποία
1104 4312 1356 4368 τοιούτου
1386 4313 1788 4388 προκατάρχειν
1824 4311 1986 4389 ἔργου
2019 4311 2190 4393 φιλεῖ.

406 4430 494 4483 12.
527 4430 604 4480 At
632 4425 741 4479 hoc
773 4424 1013 4495 quidem
1057 4423 1180 4478 loco
1213 4427 1304 4478 est
1335 4423 1488 4491 quod
1529 4438 1733 4477 omnes
1764 4426 1992 4478 metua-

334 4533 471 4573 mus
524 4531 616 4582 ne,
650 4513 750 4568 ubi
808 4513 964 4568 Deus
1011 4512 1070 4566 in
1121 4527 1473 4584 quocunque
1515 4529 1548 4566 a
1588 4510 1757 4567 nobis
1817 4511 1993 4583 perﬁ-

334 4605 541 4662 ciendo
591 4617 766 4675 opere
795 4618 858 4657 se
889 4600 1185 4671 subducit,
1219 4617 1396 4672 opera
1444 4605 1648 4655 nostra
1695 4600 1864 4655 irrita
1893 4601 1989 4656 sit.

336 4695 519 4752 Nobis
558 4696 754 4748 autem
786 4697 1083 4748 certamen
1116 4691 1266 4761 quod
1311 4689 1479 4745 nobis
1511 4689 1800 4744 incumbit
1833 4705 1994 4744 seve-

337 4784 644 4841 rissimum
678 4783 910 4853 Deoque
957 4780 1070 4851 ipsi
1103 4778 1528 4850 gratissimum,
1556 4778 1848 4849 jejunium
1882 4782 1993 4847 est,

338 4879 578 4948 propter
634 4872 789 4943 quod
848 4887 1052 4925 omnes
1121 4875 1286 4924 terrae
1356 4868 1692 4923 sacerdotes
1749 4867 1996 4938 hujusce

339 4959 827 5018 oonsiderationis
885 4959 1170 5013 rationem
1223 4957 1370 5011 inire
1416 4957 1649 5012 debent.
1684 4961 1996 5013 Precemur

336 5052 519 5124 igitur
553 5055 617 5105 ut
664 5050 722 5104 in
757 5049 849 5104 his
883 5047 1304 5103 certaminibus
1337 5063 1609 5102 summus
1659 5046 1991 5118 palmarum

336 5141 685 5198 distributor
714 5154 745 5192 e
775 5142 940 5209 parte
971 5141 1172 5191 nostra
1202 5141 1346 5204 stet;
1381 5135 1483 5206 qui
1527 5135 1767 5206 quidem
1801 5135 1991 5202 nobis,

334 5229 438 5286 ubi
493 5229 642 5284 bene
688 5225 1135 5291 certaverimus,
1170 5225 1439 5280 meritam
1492 5225 1821 5280 mercedem
1875 5242 1990 5280 non

333 5317 642 5386 refutabit;
675 5317 774 5370 ubi
806 5321 1002 5371 autem
1057 5314 1218 5370 fatali
1257 5315 1513 5385 quodam
1545 5331 1684 5369 casu
1716 5332 1749 5368 a
1783 5331 1991 5386 propo-

333 5409 448 5464 sito
479 5407 886 5477 exciderimus,
918 5406 1173 5462 victoriae
1207 5407 1552 5461 muneribus
1586 5422 1690 5461 nos
1725 5423 1839 5460 non
1873 5405 1989 5476 pri-

331 5495 491 5550 vabit
529 5500 628 5549 aut
685 5513 816 5551 cum
849 5497 1131 5552 dedecore
1182 5495 1299 5551 labi
1357 5496 1531 5551 sinet.
1563 5500 1690 5551 Non
1739 5494 1992 5549 inaniter

335 5587 533 5638 autem
564 5583 730 5647 fatali
757 5587 1000 5655 quodam
1028 5603 1161 5642 casu
1190 5585 1538 5640 addiderim.
1570 5585 1694 5642 Non
1727 5584 1886 5639 enim
1918 5584 1990 5638 de

338 5665 600 5736 corporis
632 5673 898 5725 exercitio
949 5677 1050 5727 aut
1097 5672 1293 5727 carnis
1345 5673 1598 5742 pondere
1647 5671 1841 5742 agitur
1871 5687 1990 5741 qua

338 5753 597 5812 theorice
655 5761 941 5815 certantes
999 5760 1461 5829 circumdantur,
1496 5761 1713 5832 quippe
1771 5760 1872 5832 qui
1931 5763 1990 5816 et

2182 4421 2272 4494 ιβ’.
2309 4419 2599 4492 Γινοίμεθα
2652 4419 2848 4480 πάντες
2901 4417 3128 4473 ἐνταῦθα
3182 4414 3378 4498 φόϐου,
3433 4421 3528 4489 ὡς,
3584 4422 3633 4477 εἴ
3691 4423 3761 4494 μὴ

2107 4510 2134 4563 6
2167 4509 2295 4570 Θεὸς
2327 4512 2464 4581 ἡμῖν
2508 4509 2748 4569 ἅπαντος
2808 4507 2966 4584 ἔργου
3026 4505 3324 4564 σπουδαίου
3385 4515 3761 4588 συνεφάψεται,

2105 4597 2203 4652 οὐκ
2233 4593 2343 4652 ἔστι
2387 4599 2710 4670 κατορθοῦν.
2748 4594 3186 4653 Σπουδαιότατον
3249 4595 3307 4653 δὲ
3364 4597 3445 4653 ὅτι
3509 4601 3763 4672 μάλιστα,

2107 4686 2221 4741 ἐπεὶ
2263 4687 2350 4742 καὶ
2400 4686 2834 4763 θεοφιλέστατον,
2889 4688 2948 4740 τὸ
3000 4686 3119 4758 ἄρτι
3169 4687 3528 4762 προκείμενον
3579 4690 3769 4766 ἀγώνι-

2108 4797 2238 4850 σμα,
2348 4802 2368 4827 ι
2402 4776 2638 4846 νηστεία,
2677 4773 2807 4830 »δι’
2835 4777 2899 4844 ἣν
2941 4777 2968 4830 6
3016 4775 3203 4851 παρὼν
3258 4775 3424 4853 λόγος
3473 4779 3594 4854 ἄρτι
3649 4801 3762 4834 και-

2107 4871 2205 4940 ροῦ
2235 4871 2349 4927 τοῖς
2378 4864 2697 4940 ἁπανταχοῦ
2750 4868 2855 4938 γῆς
2909 4865 3221 4940 ἀρχιερεῦσι
3277 4864 3624 4929 καθίσταται.
3658 4867 3764 4925 Οὐ-

2105 4961 2231 5010 κοῦν
2267 4954 2592 5030 εὐχοίμεθα,
2622 4955 2757 5028 πρὸς
2787 4957 2946 5026 ἡμῶν
2983 4955 3118 5007 εἶναι
3178 4955 3267 5009 τὸν
3328 4954 3379 5010 ἐν
3435 4961 3553 5017 τοῖς
3584 4955 3761 5011 τοιού-

2103 5065 2218 5106 τοις
2276 5044 2480 5118 ἁγῶσιν
2533 5043 2978 5119 ὑπερκαθήμενον
3030 5041 3251 5116 ὕψιστον
3318 5039 3661 5120 βραϐευτήνι
3706 5045 3758 5104 ὃς

2104 5133 2290 5195 καλῶς
2327 5134 2420 5206 μὲν
2447 5136 2582 5205 ἡμῖν
2617 5131 2964 5187 ἀεθλεύσασιν
3030 5131 3096 5185 οὐ
3128 5130 3403 5208 φειδωλὸς
3455 5131 3606 5189 ἔσται
3661 5138 3758 5189 τῶν

2104 5221 2377 5291 ἐπάθλων,
2433 5222 2674 5297 ἀτεχνῶς
2737 5219 2795 5276 δὲ
2845 5218 3213 5276 διεκπεσοῦσιν
3292 5219 3416 5277 οὕτε
3483 5224 3748 5296 προσηνὴς

2104 5317 2371 5389 φανεῖται,
2407 5311 2496 5365 καὶ
2528 5315 2635 5364 τῶν
2702 5304 2970 5385 βραϐείων
3022 5311 3402 5386 ἀποστερήσει,
3434 5311 3524 5365 καὶ
3581 5311 3748 5370 ἄλλως

2105 5401 2202 5456 οὐκ
2233 5401 2460 5473 ἐντίμως
2521 5400 2815 5454 ἀπώσεται.
2851 5398 2923 5454 Οὐ
2965 5398 3138 5472 μάτην
3190 5397 3248 5454 δέ
3304 5422 3397 5473 μοι
3445 5401 3508 5455 τὸ
3541 5425 3572 5454 ‹‹
3603 5403 3754 5475 ἀτεχ-

2102 5495 2269 5551 νῶς»
2303 5489 2526 5545 ἐνταῦθα
2583 5487 2948 5545 ἐπιλέλεκται.
3000 5490 3078 5546 Οὐ
3137 5489 3238 5564 γὰρ
3299 5491 3620 5564 σωμασκίας
3679 5488 3758 5545 ἐν·

2099 5581 2267 5634 ταῦθα
2314 5579 2477 5655 χρεία
2528 5579 2618 5633 καὶ
2679 5574 2904 5648 στοιϐῆς
2960 5578 3222 5653 κρεάτων,
3253 5581 3321 5648 ἢν
3378 5580 3430 5633 οἳ
3484 5582 3757 5655 θεωρικῶς

2102 5667 2394 5729 ἀθλοῦντες
2453 5669 2803 5743 περίκεινται,
2861 5672 3072 5740 σαρκῶν
3133 5668 3286 5724 αὐτοὶ
3338 5665 3488 5732 ὅντες
3547 5667 3754 5745 ἄνδρες,

2101 5757 2193 5814 καί
2250 5778 2360 5812 που
2435 5757 2526 5814 καὶ
2602 5757 2864 5834 βαρύτητι
2951 5759 3204 5833 σώματος
3279 5757 3758 5837 κεταῤῥιπτοῦντες
