4082 6378
369 416 488 478 685

1372 413 1452 474 IN
1497 412 1562 475 S.
1607 411 2301 485 QUADRAGESIMAM
2348 412 2642 475 ORATIO
2684 411 2790 476 IV.

3674 414 3804 477 686

363 521 464 601 τὸν
510 540 829 598 ἀντίπαλον·
888 539 1038 597 ἀλλὰ
1091 539 1294 618 τέχνης
1367 540 1688 616 εύμεθοδου,
1742 563 2033 619 πνευματι-

2167 545 2260 618 psi
2288 544 2522 601 carnosi
2552 548 2693 600 sunt
2734 544 3026 612 homines,
3058 548 3136 612 et,
3170 546 3433 618 corporis
3481 546 3635 603 mole
3685 564 3805 605 non

370 637 483 697 κῶς
546 630 917 709 ῥυθμιζούσης
974 632 1062 687 καὶ
1124 630 1420 707 ἆναγούσης
1462 632 1538 696 εἰς
1570 633 1631 689 τὸ
1663 633 1927 706 εύσθενὶς,
1961 631 2029 688 δι’

369 725 440 792 ἧς
495 721 569 783 ὡς
625 721 696 775 τὰ
748 717 937 775 πολλὰ
986 720 1074 775 καὶ
1108 720 1339 791 ἀπονητὶ
1395 722 1560 798 τέχνῃ
1600 723 1691 776 καὶ
1723 721 1886 800 σοφίᾳ
1916 722 2034 795 θείᾳ

376 812 528 867 κάτω
565 806 833 885 βάλλουτι
889 809 981 864 τὸν
1039 812 1160 874 καθ’
1213 813 1373 883 ἡμῶν
1430 811 1732 888 φρονούντα
1765 813 2029 886 μετέωρα,

370 901 465 957 τὸν
519 897 612 954 καὶ
643 897 782 954 πάνυ
840 898 934 972 μὲν
971 899 1217 975 βριαρὸν,
1246 901 1335 955 καὶ
1367 897 1554 964 ἄλλως
1589 898 1646 956 δὲ
1684 899 2032 978 ἀνδρανὲστα-

375 1008 495 1046 τον’
543 989 607 1043 τὸ
670 988 790 1061 μὲν,
820 988 868 1043 εἰ
922 988 1463 1065 καταρῥᾳθυμοῦντες
1518 990 1884 1068 χαυνούμεθα,
1944 989 2033 1046 ὅτε

380 1078 470 1135 καὶ
516 1077 810 1150 πίπτομεν,
868 1077 931 1133 τὸ
977 1075 1056 1147 δὲ,
1116 1074 1267 1152 εἷ’περ
1324 1078 1686 1155 ἐργηγορότες
1733 1082 1881 1153 ἡμᾶς
1931 1079 2031 1134 αὐ-

382 1166 510 1229 τοὺς
551 1164 774 1230 ἕκαστος
822 1167 902 1229 εἷς
961 1166 1155 1243 θάρσος
1211 1167 1550 1245 ἐκπυροῦμεν
1613 1170 1886 1245 μάχιμον,
1945 1168 2034 1224 ὅτε

378 1256 470 1312 καὶ
504 1255 767 1333 ῥίπτομεν
820 1254 911 1312 τὸν
971 1255 1186 1332 ἐχθρόν.
1245 1259 1454 1332 Τέχνην
1490 1256 1548 1314 δὲ
1574 1260 1831 1328 τοιαύτην
1864 1258 2035 1328 ἀθληο

375 1347 535 1416 τικὴν
592 1343 941 1421 διδαχθῆναι,
1002 1343 1233 1419 οὐδεμία
1260 1349 1421 1423 χρεία
1449 1350 1610 1421 ἡμῶν
1645 1346 1845 1406 οὐδενί.
1890 1346 2033 1402 Πάν-

374 1457 467 1500 τες
521 1435 623 1512 γὰρ
679 1434 770 1489 καὶ
831 1432 1191 1511 δεδιδάγμεθα
1246 1436 1471 1509 ἱκανῶς,
1520 1438 1607 1492 καὶ
1665 1436 2036 1513 πεπειράμεθα

376 1519 660 1600 ἐντριϐῶς,
690 1522 780 1579 καὶ
811 1520 1034 1597 οἷ’δαμεν
1090 1519 1353 1599 ἀκριϐῶς,
1378 1525 1469 1580 καὶ
1500 1523 1769 1599 δυνάμεθα
1809 1522 2036 1588 ἕκαστος

378 1612 646 1683 ἀλείπτης
680 1613 834 1682 εἶναι,
868 1614 1167 1688 στρατηγὶς
1199 1613 1526 1688 αὐτόνομος,
1566 1610 1906 1689 κυϐερνήτης
1940 1614 2035 1670 αὐ-

378 1695 788 1779 τοπρόϐλητος,
822 1698 1150 1766 διδάσκαλος
1182 1704 1485 1782 αὐτοφυὴς,
1518 1701 1719 1780 ὁδηγὸς
1750 1705 1837 1783 ἀφ’
1861 1703 2037 1766 ἑστίας

382 1791 701 1866 αὐτομαθὴς
729 1791 786 1865 ἔρ
796 1791 1020 1865 μηνεύς.

2141 634 2435 708 impediti,
2484 634 2890 690 adversarium
2941 633 3106 689 humi
3159 635 3504 707 projiciunt;
3555 638 3657 693 sed
3709 654 3809 694 ars

2141 724 2326 797 proba
2375 724 2693 795 requiritur
2732 740 2860 795 quas
2911 723 3177 796 ipsorum
3228 726 3496 796 personis
3527 727 3708 783 decus
3737 744 3805 783 ac

2142 814 2322 868 robur
2363 812 2646 884 impertit,
2682 828 2932 883 quorum
2968 812 3138 867 venia
3182 811 3311 868 sine
3356 812 3587 882 labore,
3606 816 3663 870 vi
3693 831 3797 871 au-

2140 906 2258 957 tem
2291 905 2349 955 et
2379 901 2670 973 sapientia
2701 900 2900 956 divina
2920 900 3146 956 suﬁulti
3173 917 3309 956 eum
3340 902 3507 958 humi
3530 907 3802 959 sternunt

2142 990 2243 1064 qui
2276 995 2536 1046 nostram
2568 989 2816 1055 cladem,
2852 990 2986 1045 licet
3028 990 3256 1046 robusti
3286 991 3467 1047 simul
3497 996 3554 1047 et
3581 991 3801 1064 ignavi,

2142 1080 2523 1147 meditantur,
2556 1096 2658 1135 seu
2709 1080 2781 1134 ob
2830 1078 3246 1152 negligentiam
3279 1085 3675 1138 tumescentes
3704 1097 3802 1138 ca-

2142 1168 2360 1237 dimus,
2395 1184 2498 1225 seu
2530 1167 2628 1223 ubi
2681 1184 2831 1224 novo
2863 1184 2994 1223 cum
3043 1168 3242 1241 vigore
3291 1185 3397 1225 nos
3444 1170 3693 1227 invicem
3727 1171 3802 1227 ad

2142 1257 2528 1330 pugnandum
2577 1256 2956 1313 exhortamur
2996 1258 3057 1312 in
3089 1258 3407 1314 adversarii
3458 1258 3803 1331 perniciem.

2138 1352 2305 1403 Hanc
2335 1352 2533 1402 autem
2566 1351 2753 1402 artem
2786 1362 2959 1402 nemo
2993 1352 3260 1402 nostrum
3297 1364 3447 1420 opus
3479 1347 3658 1404 habet
3675 1349 3812 1405 edo.

2143 1436 2280 1509 ceri,
2316 1435 2533 1491 Omnes
2564 1435 2721 1491 enim
2756 1435 2901 1491 satis
2941 1452 3010 1491 ea
3036 1434 3097 1490 in
3128 1452 3189 1491 re
3227 1436 3507 1492 instructi
3555 1437 3803 1508 experti-

2147 1541 2260 1597 que
2290 1540 2521 1594 sumus,
2547 1529 2603 1579 et
2633 1523 2888 1596 quisque
2919 1528 3191 1580 nostrum
3227 1524 3316 1579 sui
3349 1524 3538 1596 ipsius
3569 1529 3804 1592 unctor,

2146 1614 2267 1669 dux
2313 1612 2406 1669 sui
2447 1612 2625 1683 juris,
2659 1613 3036 1685 gubernator,
3090 1618 3429 1685 praeceptor,
3463 1614 3671 1671 ductor
3700 1614 3802 1671 do-
3860 1631 3866 1637 ·

2148 1701 2452 1771 mesticus,
2482 1702 2771 1772 interpres
2801 1702 3048 1758 idoneus
3080 1718 3210 1757 esse
3239 1706 3449 1775 potest.

460 1900 542 1974 ιγ’.
603 1899 755 1954 Ἐπεὶ
815 1896 874 1955 δὲ
929 1899 1150 1970 ὁσιότης
1206 1899 1698 1977 παρηκολούθησεν
1734 1946 1748 1972 ,
1780 1900 2040 1972 ’ἑκάστης

2220 1899 2307 1953 13.
2341 1898 2453 1954 Sed
2486 1914 2620 1954 cum
2652 1897 2868 1970 cuique
2907 1913 3125 1971 magno
3150 1899 3380 1970 jejunio
3413 1898 3809 1956 sanctimonia

391 1987 633 2064 μεγάλης
733 1989 985 2060 νηστείας
1014 2031 1028 2053 ,
1103 1992 1242 2054 καθᾶ
1312 1990 1403 2046 καὶ
1477 1990 1673 2055 παντὸς
1744 1989 1996 2064 πολέμου
2023 2038 2039 2064 ,

386 2079 748 2154 προηγεῖσθαι
800 2077 1012 2149 σύναξιν
1066 2079 1157 2134 καὶ
1215 2076 1566 2145 διδασκαλίαν
1615 2081 1714 2150 τὴν
1769 2079 1847 2135 ἐπ’
1905 2079 2040 2153 αὐτῇ

392 2166 667 2241 (πολέμου
724 2167 828 2242 γὰρ
852 2188 905 2222 τι
969 2167 1186 2231 πάντως
1247 2165 1408 2242 εἶδος,
1438 2170 1529 2225 καὶ
1560 2168 1726 2224 αὐτοῦ
1759 2190 2042 2242 σκοπιμωο

390 2256 574 2324 τάτου,
622 2253 715 2311 καὶ
743 2256 807 2311 τὸ
834 2260 927 2310 νῦν
958 2257 1097 2330 ἡμῖν
1140 2257 1496 2334 προκείμενον
1556 2257 1879 2333 σπούδασμα
1912 2258 2047 2333 μετὰ

393 2348 489 2399 τοῦ
519 2345 770 2422 ἀρχηγοῦ
824 2343 935 2400 τῶν
986 2350 1276 2402 σκοτεινῶν
1333 2348 1578 2420 τάξεων),
1627 2347 1721 2403 καὶ
1774 2346 2048 2424 ἄθροισμα

392 2437 553 2490 τοῦτο
606 2435 750 2509 ἱερὸν
811 2433 1099 2511 συνελέγη,
1131 2435 1223 2491 καὶ
1265 2436 1364 2492 ούκ
1420 2433 1529 2493 ἔστι
1589 2439 1664 2511 μὴ
1710 2437 2048 2502 καθοσιώσα-

395 2524 515 2578 σθαι
580 2523 644 2577 τὸ
700 2522 930 2600 πρέπον,
992 2523 1069 2586 εἷς
1128 2522 1251 2578 ὅσον
1282 2524 1461 2600 ἰσχύς·
1500 2522 1862 2600 μεθοδεύομεν
1919 2526 2047 2598 ὑμῖν

396 2610 707 2688 ἀναγκαίως
754 2613 863 2689 πρὸ
915 2614 1130 2668 πάντων
1191 2611 1404 2687 ἄλλων,
1461 2615 1537 2677 ὡς
1585 2615 1613 2669 ὁ
1652 2621 1755 2685 τῆς
1804 2611 2053 2670 διδασκα-

395 2699 522 2763 λίας
551 2700 680 2777 ὅρος
732 2700 1030 2771 κανονίζειν
1089 2701 1367 2777 βούλεται,
1427 2702 1506 2767 εἷς
1533 2708 1659 2758 νοῦν
1703 2698 1959 2768 Λαϐἐσθαι
1985 2702 2054 2758 τὰ

397 2794 498 2845 τοῦ
524 2794 727 2845 σκοποῦ
779 2798 879 2861 τῆς
907 2792 1183 2863 νηστείας,
1218 2791 1295 2854 εἷς
1344 2793 1406 2862 ἣν
1439 2790 1547 2865 ἤδη
1580 2788 2047 2867 προϐιϐαζόμεθα.

402 2877 610 2933 Τούτου
634 2881 738 2956 γὰρ
789 2881 1093 2957 εὖρημὲνου
1143 2880 1443 2957 (πρόοπτὸς
1484 2880 1543 2937 δὲ
1598 2883 1813 2945 πάντως
1860 2885 1895 2953 ἡ
1956 2880 2051 2937 αύ-

405 2970 502 3021 τοῦ
534 2966 687 3043 θύρα,
734 2969 822 3023 καί
879 2971 992 3046 χρή
1047 2971 1227 3048 μακρὰ
1281 2970 1676 3047 ἷσχνηλατεῖν),
1708 2971 1833 3028 οὐτε
1888 2974 2051 3046 ἡμεῖς

404 3056 888 3132 πολυλογήσομεν,
946 3056 1071 3115 οὔτε
1103 3060 1257 3134 ὑμεῖς
1286 3062 1608 3132 πονήσεσθε,
1662 3058 1790 3117 ἀλλ’
1834 3060 1896 3115 ἐκ
1922 3081 2057 3137 προ-

405 3144 596 3222 χείρου
627 3144 878 3223 δράξεσθε
914 3154 1011 3204 τοῦ
1068 3150 1432 3223 ποθουμένου·
1501 3149 1694 3205 ταῦτὸν
1757 3148 1804 3205 δ’
1863 3149 2052 3222 εἰπεῖν,

398 3236 462 3291 τὸ
492 3237 633 3291 θεῖον
690 3236 802 3311 ἐξαν
815 3236 965 3294 ύσετε
1013 3238 1253 3313 θέλημα,
1311 3239 1373 3296 τὸ
1405 3237 1463 3295 δὲ
1512 3238 1840 3313 σεμνότατον
1870 3241 2050 3317 φάναι,

400 3325 552 3399 αὐτῷ
582 3326 698 3399 Θεῷ
719 3295 1053 3403 ’ἐγγίσεσθς
1098 3295 1187 3383 καὶ
1241 3295 1414 3391 δὶλλος
1446 3295 1622 3385 ἅλλύυ
1657 3295 2056 3405 προτρέχοντες
2085 3295 2129 3369 c

400 3413 455 3470 ἐν
494 3419 573 3488 τῷ
618 3422 718 3485 τῆς
771 3415 1043 3491 παντίμου
1098 3417 1440 3481 ἀναστάσεως
1499 3421 1695 3494 καιρῷ,
1753 3418 2054 3490 ἐντεύξεσθε

395 3505 567 3577 αὑτῷ,
616 3506 708 3560 καὶ
762 3508 1208 3584 προσφωνήσετε,
1265 3508 1356 3563 καὶ
1410 3509 1474 3564 τὸ
1505 3532 1534 3562 ‹‹
1570 3508 1797 3586 Χαίρετε
1825 3530 1853 3562 ιε
1892 3506 2052 3564 ἀκού-

388 3594 567 3666 σεσθε,
616 3595 706 3650 καὶ
786 3594 882 3650 8σο
941 3594 1088 3652 ἄλλά
1130 3617 1452 3675 ,προσφορα
1505 3596 1576 3673 τῇ
1628 3603 1727 3654 τοῦ
1782 3602 1919 3654 Θεοῦ
1965 3597 2055 3652 καὶ

386 3681 674 3738 ἀναστάσει
702 3683 792 3738 καὶ
843 3681 1013 3756 λαλιᾷ
1059 3688 1128 3758 τῇ
1159 3686 1298 3761 πρὸς
1325 3684 1454 3750 τοὺς
1503 3686 1823 3763 ἀγαπῶντας
1870 3686 2054 3755 αὐτὸν,

394 3772 483 3826 καὶ
514 3771 613 3841 τὴν
636 3771 807 3827 αὐτοῦ
841 3773 1138 3847 μαθητείαν
1170 3771 1490 3854 φιλοῦντας,
1521 3776 1610 3832 καὶ
1640 3777 1883 3848 ποθητὸν
1915 3779 2061 3854 ἡγη-

402 3861 671 3934 σαμὲνους
697 3862 761 3917 τὸ
808 3860 1112 3919 κολλᾶσθαι
1142 3863 1308 3938 αὐτῷ.

479 3964 561 4023 ιδ’.
599 3969 819 4033 Σκοπὸς
848 3966 915 4040 δὴ
973 3971 1249 4043 νηστείας,
1309 3971 1386 4035 εἷς
1442 3974 1509 4042 ἣν
1551 3975 1719 4046 ἡμεῖς
1749 3971 1869 4049 ἄρτι
1901 3970 2061 4029 στελ-

403 4052 635 4131 λόμεθα,
669 4058 776 4135 οὐχ
806 4059 920 4114 οἷον
954 4058 1386 4135 ἑπιτηδευόμεθα
1417 4061 1468 4116 οἰ
1534 4061 1762 4133 πολλοὶ,
1811 4065 2062 4134 κημοῦν-

399 4165 491 4208 τις
517 4146 586 4202 τὰ
613 4146 802 4224 χείλη,
836 4149 912 4213 ὡς
943 4146 1002 4205 ἂν
1041 4151 1115 4223 μὴ
1148 4150 1211 4206 τὸ
1240 4149 1454 4224 πλῆρες
1482 4154 1581 4206 τοῦ
1620 4151 1872 4224 ταμιείου
1920 4150 2061 4227 ταχὺ

409 4233 632 4309 γενηται
678 4236 961 4307 ὑπόκενον,
1024 4235 1167 4312 μηδὲ
1222 4240 1290 4293 τὰ
1348 4240 1612 4316 ἀναγκαῖα
1657 4239 1856 4314 μύλαις
1906 4238 2062 4295 ὁδόν-

411 4342 521 4377 των
548 4323 840 4395 ἀλήθεσθαι
894 4323 1381 4404 παραϐάλλωνται,
1447 4331 1647 4401 μήπως
1697 4329 1856 4391 αὐτὸς
1887 4330 1915 4384 ὁ
1946 4328 2061 4405 βίος

408 4410 727 4472 ἐλαττοῖτο.
787 4421 917 4479 Τοῖς
969 4417 1073 4493 γὰρ
1132 4416 1276 4473 οὕτω
1331 4418 1705 4494 τεχνωμένοις
1762 4418 2062 4491 νηστεύειν,

409 4500 656 4576 ἐμπορία
682 4502 746 4557 τὸ
801 4508 1046 4579 πρᾶγμα,
1104 4506 1192 4560 καὶ
1251 4505 1333 4568 τίς
1377 4504 1807 4582 κερδαλεότητος
1838 4506 2061 4585 εὕρεσις.

2151 1988 2412 2056 inhaeret,
2445 1992 2502 2044 et
2540 1992 2604 2043 ut
2636 1988 2695 2043 in
2727 1986 2889 2044 omni
2928 1987 3083 2043 bello
3113 1987 3347 2059 accidit,
3379 1987 3583 2045 concio
3613 1991 3671 2045 et
3699 1988 3809 2047 do-

2153 2077 2340 2134 ctrina
2389 2077 2685 2133 antecedit
2715 2076 2874 2149 (belli
2915 2093 3193 2150 namque,
3225 2081 3283 2134 et
3329 2077 3568 2149 quidem
3616 2079 3689 2134 ad
3737 2078 3810 2132 fi-

2154 2182 2289 2223 nem
2314 2165 2569 2238 aliquem
2603 2165 2961 2238 perducendi
2983 2165 3239 2238 speciem
3270 2166 3487 2239 praabet
3515 2169 3813 2223 certamen

2156 2257 2310 2327 quod
2345 2273 2452 2313 nos
2484 2258 2733 2328 occupat
2763 2271 2897 2310 cum
2931 2255 3080 2311 duce
3123 2255 3449 2311 cohortium
3488 2256 3816 2313 tenebrico-

2157 2347 2408 2414 sarum),
2438 2349 2496 2400 et
2524 2344 2647 2399 haec
2676 2361 2845 2401 sacra
2874 2343 3129 2415 phalanx
3159 2348 3360 2401 coacta
3386 2349 3478 2401 est
3507 2345 3579 2402 ad
3616 2361 3818 2402 neces-

2158 2435 2378 2491 sariam
2408 2434 2940 2503 consecrationem;
2970 2449 3151 2506 quare
3172 2450 3475 2491 summum
3508 2434 3557 2490 ei
3592 2434 3676 2490 rei
3698 2438 3820 2491 stu-

2159 2524 2323 2581 dium
2357 2523 2783 2597 impendimus,
2817 2528 2884 2579 ut
2921 2524 3204 2580 doctrinae
3233 2540 3419 2581 canon
3470 2523 3817 2596 praescribit,

2160 2617 2219 2670 et
2244 2614 2316 2669 de
2341 2613 2552 2685 jejunii
2584 2614 2739 2684 quod
2792 2613 3131 2686 peragimus
3161 2613 3371 2670 ultimo
3405 2613 3521 2670 fine
3569 2612 3821 2670 medita-

2161 2719 2314 2758 mur.
2352 2704 2466 2758 Hac
2496 2701 2654 2758 enim
2687 2706 2916 2775 reperta
2963 2709 3018 2758 et
3067 2701 3256 2758 facilis
3305 2703 3547 2775 quidem
3581 2703 3819 2759 adeam

2161 2792 2359 2849 aditus
2416 2794 2546 2860 est),
2588 2808 2704 2847 non
2761 2790 2968 2847 multis
3023 2791 3192 2848 nobis
3250 2793 3466 2861 verbis,
3497 2795 3598 2847 aut
3651 2791 3822 2848 vobis

2161 2880 2441 2937 diuturno
2496 2880 2694 2937 labore
2748 2897 2898 2952 opus
2952 2880 3081 2947 erit,
3116 2881 3218 2937 sed
3278 2880 3555 2936 desiderii
3613 2879 3819 2937 statim

2163 2973 2463 3041 compotes
2493 2969 2735 3036 erimus,
2770 2973 2874 3025 aut
2902 2973 2967 3024 ut
2999 2968 3132 3025 aliis
3160 2969 3351 3025 verbis
3382 2968 3597 3040 dicam,
3618 2967 3825 3027 volun-

2161 3063 2342 3115 tatem
2377 3057 2631 3114 divinam
2667 3057 2915 3129 facietis,
2946 3058 3065 3114 imo
3107 3058 3224 3114 Deo
3254 3059 3390 3132 ipsi,
3424 3062 3488 3114 ut
3515 3074 3638 3116 rem
3672 3058 3824 3116 sole-

2165 3148 2382 3205 mniter
2413 3148 2626 3214 dicam,
2659 3147 3234 3220 appropinquabitis,
3267 3149 3407 3203 dum
3453 3148 3554 3205 alii
3583 3147 3732 3205 alios
3761 3148 3824 3205 in

2165 3238 2508 3294 venerandae
2542 3236 2990 3293 resurrectionis
3015 3241 3312 3294 momento
3338 3253 3516 3294 cursu
3547 3253 3828 3310 superare

2169 3327 2554 3384 contendetis.
2587 3325 2832 3382 Obvium
2867 3330 3061 3382 autem
3107 3342 3243 3381 eum
3293 3325 3609 3395 habebitis,
3641 3327 3828 3383 inter-

2163 3415 2459 3491 pellabitis
2490 3420 2545 3472 et
2576 3432 2645 3472 ex
2687 3416 2817 3486 ejus
2847 3430 2947 3471 ore
2976 3438 3005 3466 «
3039 3415 3268 3472 Salvete
3299 3436 3328 3466 »
3362 3420 3420 3472 et
3448 3420 3693 3473 cunctas
3722 3433 3830 3473 vo-

2165 3525 2261 3565 ces
2296 3507 2546 3564 audietis
2597 3524 2724 3580 qua
2773 3506 3220 3564 resurrectionis
3269 3507 3828 3580 pradicationisque

2166 3602 2433 3671 respectu
2463 3596 2538 3653 iis
2586 3596 2687 3670 qui
2716 3613 2853 3653 eum
2900 3595 3158 3670 diligunt
3203 3598 3448 3669 ejusque
3495 3597 3826 3654 doctrinam

2167 3691 2524 3753 reverentur,
2556 3690 2615 3743 et
2670 3702 2805 3743 cum
2864 3685 2994 3759 ipso
3053 3685 3329 3742 unionem
3374 3685 3825 3744 desiderabilem

2168 3778 2416 3834 credunt
2445 3776 2717 3849 proficuaa
2749 3780 2908 3833 sunt.

2242 3972 2330 4029 14.
2363 3972 2580 4044 Jejunii
2613 3989 2805 4045 porro,
2835 3972 2989 4045 quod
3022 3988 3180 4028 nunc
3206 3971 3580 4043 inchoamus,
3612 3989 3828 4047 propo-

2171 4063 2350 4121 situm
2381 4078 2497 4118 non
2529 4062 2589 4117 in
2620 4077 2688 4117 eo
2720 4061 3013 4132 consistit,
3047 4064 3131 4130 ut,
3162 4062 3233 4117 ad
3265 4061 3597 4135 exemplum
3631 4062 3834 4119 multi-

2170 4150 2421 4219 tudinis,
2452 4150 2610 4206 labia
2658 4166 3054 4220 coerceamus,
3087 4166 3157 4206 ex
3205 4168 3317 4223 quo
3350 4151 3416 4205 ﬁt
3456 4154 3519 4207 ut
3552 4150 3833 4208 frumenti

2173 4240 2536 4299 abundantia
2566 4240 2680 4296 cito
2727 4240 2787 4295 in
2839 4239 3095 4295 nihilum
3129 4240 3320 4308 abeat,
3355 4256 3546 4313 neque
3575 4244 3643 4297 ut
3671 4241 3833 4297 cibos

2174 4330 2450 4387 dentibus
2498 4330 2569 4386 ad
2619 4329 2802 4385 vitam
2860 4329 3312 4385 sustentandam
3364 4328 3682 4386 molamus.
3722 4329 3834 4395 Qui

2175 4421 2329 4476 enim
2358 4419 2470 4475 hac
2496 4419 2716 4474 ratione
2741 4419 3037 4491 jejunium
3061 4422 3353 4487 exercent,
3376 4434 3499 4476 rem
3531 4435 3635 4492 pro
3656 4435 3836 4493 nego-

2174 4511 2255 4566 tio
2278 4508 2480 4581 aliquo
2502 4513 2835 4580 quaestuoso
2859 4508 3100 4564 habent.
3116 4507 3285 4565 Tales
3307 4508 3547 4580 quidem
3564 4508 3837 4566 homines

407 4590 509 4644 Καὶ
543 4590 741 4667 ὑγίειαν
802 4593 898 4665 μὶν
932 4636 946 4661 ,
1005 4593 1052 4648 εἷ
1102 4594 1243 4650 οὕτω
1298 4595 1483 4672 τύχοι,
1543 4602 1954 4674 περπιοιοῦνται
2013 4599 2051 4652 ο⁴

2178 4598 2452 4656 sanitatis
2484 4615 2685 4655 curam
2720 4601 2955 4672 gerunt,
2979 4601 3036 4654 et
3067 4598 3345 4654 dentibus
3376 4603 3651 4671 parcunt;
3684 4598 3838 4656 folli-

409 4677 674 4753 τοιούτοι,
705 4679 799 4735 καὶ
857 4679 982 4737 ούδὶ
1011 4681 1139 4747 τοὺς
1172 4681 1399 4751 ὀδόντας
1455 4682 1724 4763 τρίϐουσι’
1764 4688 1957 4761 μεστὸς
2007 4684 2051 4742 δῖ

2174 4690 2344 4747 culus
2374 4693 2571 4745 autem
2603 4692 2839 4745 externa
2882 4688 2956 4744 iis
3006 4687 3216 4762 plenus
3246 4692 3356 4755 est,
3389 4689 3530 4744 dum
3582 4692 3774 4748 utrem
3806 4706 3842 4746 ε.

411 4767 602 4832 αὐτοῖς
652 4768 727 4832 ὡς
758 4769 844 4825 ἐπὶ
875 4770 1020 4827 πολὺ
1074 4775 1165 4827 καὶ
1223 4775 1251 4828 ὁ
1282 4773 1384 4848 ἔξω
1411 4775 1682 4853 κώρυκος,
1744 4778 1828 4839 οἷς
1856 4778 1950 4832 τὸν
1986 4777 2067 4832 οἰ-

413 4859 560 4910 κεῖον
616 4856 707 4911 καὶ
758 4857 1036 4936 σύμφυτον
1091 4858 1324 4915 θύλακον
1387 4860 1622 4939 λαγαρὸν
1681 4861 2066 4942 φυλάττουσιν.

411 4944 609 5019 Ἀρετή
645 4943 703 5001 δὲ
761 4945 813 5003 ἐν
870 4948 1057 5012 αὐτοῖς
1112 4946 1359 5023 οὐδεμία.
1416 4949 1626 5006 Οὔκουν
1659 4954 1795 5026 ἡμῖν
1827 4950 1949 5025 ἄρτι
1979 4975 2073 5024 νη-

416 5033 593 5097 στείας
676 5035 939 5106 τοιαύτης
1011 5040 1295 5114 κήρυγμα,
1364 5045 1463 5110 τῆς
1530 5041 1621 5095 καὶ
1678 5048 1923 5118 πονηρᾶς
1979 5041 2069 5099 καὶ

415 5121 771 5199 ΐσχνοποιοῦ,
804 5125 881 5186 εἰς
915 5123 1067 5182 οὐδὲν
1096 5125 1238 5183 δέον·
1297 5127 1761 5205 παραγγέλλομεν
1795 5129 1852 5186 δὲ
1882 5129 2073 5194 ἄλλως

411 5212 661 5282 νηστείαν
692 5215 793 5284 τὴν
853 5217 989 5289 μετὰ
1039 5215 1129 5271 καὶ
1184 5224 1394 5296 τροφῆς
1450 5220 1540 5274 καὶ
1569 5227 1779 5299 τρυφῆς
1810 5220 1899 5275 καὶ
1927 5222 2073 5288 πλη-

418 5309 655 5374 σμονῆς,
707 5304 770 5358 τὸ
828 5304 1167 5362 καινότατον.
1224 5305 1746 5385 Προκαλοῦμαιγὰρ
1808 5309 1969 5382 ὑμᾶς,
2005 5307 2077 5364 δι’

417 5389 561 5462 ὅλης
590 5399 692 5463 τῆς
719 5394 990 5467 νηστίμου
1021 5393 1111 5449 καὶ
1156 5393 1351 5459 ἐσθίειν
1399 5396 1490 5451 καὶ
1527 5397 1700 5452 πίνειν
1757 5396 1848 5452 καὶ
1899 5395 2075 5453 πλείω

414 5484 530 5535 τῶν
590 5484 897 5558 προτέρων,
954 5483 1000 5538 εἰ
1061 5481 1302 5553 δυνατὸν,
1337 5484 1424 5540 καὶ
1465 5484 1661 5564 μέχρις
1693 5485 1858 5541 αὐτοῦ
1886 5485 2073 5560 κόρου⁹

2180 4784 2393 4836 natura
2424 4779 2637 4835 datum.
2660 4778 2896 4834 inanem
2928 4781 3180 4850 gestant.
3215 4777 3284 4833 Hi
3323 4777 3525 4851 igitur,
3557 4782 3625 4834 ut
3651 4778 3839 4847 vides,

2182 4869 2252 4924 de
2279 4868 2495 4923 virtute
2533 4866 2771 4937 gloriari
2803 4881 2917 4921 non
2968 4869 3238 4937 possunt.
3273 4867 3461 4933 Quare
3492 4866 3663 4922 nobis
3693 4883 3842 4940 quo-

2182 4974 2296 5031 que
2325 4956 2613 5028 ejusmodi
2657 4954 2873 5027 jejunii
2922 4953 3318 5012 ostentatione
3367 4971 3483 5011 non
3532 4971 3679 5027 opus
3728 4959 3840 5023 est,

2182 5047 2334 5117 quod
2369 5062 2483 5102 non
2517 5044 2633 5100 nisi
2681 5043 2942 5115 corporis
2966 5043 3281 5100 maceriam
3315 5043 3525 5117 gignit,
3557 5047 3661 5100 aut
3704 5061 3841 5101 cum

2183 5136 2449 5191 ciborum
2504 5132 2871 5189 abundantia
2916 5135 2975 5187 et
3020 5132 3254 5188 luxurie
3298 5133 3679 5205 conjunctum
3729 5137 3842 5190 est.

2182 5223 2491 5280 Enimvero
2520 5238 2625 5277 vos
2672 5220 2952 5277 exhortor
2981 5225 3046 5275 ut
3075 5220 3291 5293 jejunii
3338 5225 3605 5294 tempore
3634 5222 3706 5278 ab
3735 5237 3841 5279 esu

2185 5318 2363 5386 atque
2394 5316 2533 5384 potu
2562 5309 2652 5366 vel
2697 5310 2767 5364 ad
2801 5311 3131 5366 satietatem
3166 5326 3354 5382 usque
3384 5311 3630 5366 minime
3658 5311 3844 5368 absti-

2186 5400 2397 5458 neatis.
2430 5400 2846 5456 Thesaurizate
2900 5415 3056 5465 vero,
3107 5399 3157 5455 si
3216 5399 3492 5472 potestis;
3543 5400 3629 5457 sio
3684 5401 3845 5458 enim

2187 5490 2333 5547 nihil
2364 5489 2495 5544 n‘ovi
2548 5488 2736 5544 facere
2772 5487 3137 5557 videbimlni,
3170 5492 3227 5544 et
3256 5505 3427 5545 nemo
3477 5489 3678 5564 inique
3723 5489 3849 5549 laesi

420 5567 673 5626 σπεύδειν
735 5569 792 5627 δὲ
847 5572 940 5629 καὶ
997 5572 1338 5650 θησαυρίζειν
1376 5619 1392 5645 ,
1445 5571 1556 5652 εἷ’γε
1633 5573 1859 5640 δύνασθε
1890 5620 1905 5647 ,
1986 5575 2051 5633 ’ίνι

2190 5580 2452 5652 corporis
2480 5594 2583 5634 vos
2613 5577 2903 5633 acusabit.
2927 5578 3074 5632 Cum
3106 5582 3303 5633 autem
3335 5577 3447 5635 hoc
3475 5579 3676 5653 ipsum
3708 5597 3851 5654 prm-

420 5658 568 5715 οὕτω
628 5657 799 5733 μηδὲν
865 5683 916 5717 τι
949 5669 1327 5741 καινοπραγεῖν
1366 5663 1628 5737 οἰώμεθα,
1688 5663 1795 5721 sifts
1850 5665 2045 5742 πρὸςτ

2192 5676 2426 5741 ceptum
2486 5667 2929 5723 incommodum
2987 5665 3221 5738 aliquod
3285 5684 3487 5725 secum
3548 5670 3697 5726 ferat
3724 5669 3849 5742 (qui

422 5747 705 5818 νηστεύειν
764 5749 886 5827 ἄρτι
940 5751 1276 5828 ἀπονεύομεν
1310 5797 1326 5823 ,
1386 5753 1461 5816 ὡς
1518 5754 1581 5810 τὸ
1649 5752 1848 5810 δοῦλον
1922 5761 2048 5831 σῶμ

2192 5760 2351 5817 enim
2381 5757 2503 5813 edit
2529 5765 2631 5813 aut
2659 5756 2811 5812 bibit
2839 5754 2950 5812 sibi
2980 5754 3094 5827 ipsi
3117 5754 3403 5814 molestus
3422 5758 3848 5829 quodammodo
