4082 6384
332 435 452 496 687

1122 429 1548 491 EUSTATHII
1593 427 2366 489 THESSALONIGENSIS
2412 426 3010 490 METROPOLITAE.

3642 432 3763 493 688

332 569 442 633 est,
476 564 750 636 equidem
798 561 994 619 omnis
1047 559 1330 617 molestia
1363 560 1645 615 evitandae
1675 557 1842 615 vobis
1893 574 1976 614 aut

2110 562 2446 612 κακοποιεῖν.
2482 557 2634 614 Ἐπεὶ
2682 555 2740 612 δὶ
2780 558 2870 613 καὶ
2927 561 2962 628 ἡ
3021 558 3248 628 τοιαύτη
3310 559 3542 637 ἐπιταγὴ
3597 561 3758 618 πόνον

334 659 456 710 ctor
488 654 720 708 fuerim.

409 941 497 994 15.
531 939 615 995 Ita
641 954 777 994 vero
823 953 884 991 se
931 953 1023 991 res
1072 935 1267 990 habet.
1301 934 1365 989 In
1411 933 1542 988 vitae
1593 932 1871 988 solatium
1923 947 1990 986 ac

335 1030 789 1085 allevamentum
840 1025 1119 1080 animalia
1150 1039 1326 1094 opera
1357 1023 1648 1093 gestantia
1694 1027 1751 1076 et
1796 1019 1992 1076 homi-

332 1135 474 1175 num
508 1133 696 1190 genus
727 1116 1352 1183 invenerunt,quorum
1382 1110 1497 1166 alia
1528 1127 1763 1167 servum
1790 1126 1989 1181 pecus,

329 1209 430 1262 alii
463 1205 731 1261 mercede
762 1203 1034 1258 conducti
1063 1219 1240 1273 opera
1269 1207 1503 1267 navant,
1525 1199 1606 1254 ita
1641 1204 1705 1254 ut
1735 1198 1993 1254 dominis

327 1297 444 1352 otio
474 1295 652 1350 vitam
683 1292 1010 1364 transigere
1051 1307 1219 1346 suam
1253 1289 1444 1345 liceat.
1479 1287 1682 1344 Simile
1713 1288 1854 1359 quid
1887 1303 1992 1358 ego

322 1401 559 1457 quoque
591 1398 697 1438 vos
742 1386 808 1435 ut
857 1380 1089 1435 faciatis
1120 1395 1350 1444 moneo,
1383 1377 1655 1433 homines
1704 1391 1992 1448 pauperes

326 1479 500 1545 atque
532 1487 749 1544 egenos
782 1470 854 1524 ad
887 1468 1180 1540 ejusmodi
1206 1467 1443 1522 servitia
1465 1465 1991 1536 conducendo,_qui

326 1564 532 1620 utilem
577 1561 742 1617 vobis
794 1575 1031 1631 operam
1084 1561 1390 1628 praestent;
1442 1557 1542 1611 Dei
1592 1571 1792 1610 servos
1841 1555 1991 1622 dico,

327 1654 430 1723 qui
459 1651 559 1706 vili
594 1648 864 1704 mercede
897 1650 1134 1715 accepta
1155 1644 1323 1699 duris
1355 1644 1746 1714 accinguntur
1779 1641 1993 1697 labori-

328 1743 461 1798 bus.
499 1740 568 1794 Hi
621 1751 879 1808 namque
911 1735 1006 1789 Dei
1042 1733 1361 1805 imaginem
1394 1750 1508 1803 prae
1559 1748 1620 1786 se
1673 1734 1864 1787 ferunt
1894 1747 1996 1786 eos

328 1828 715 1902 protegentis,
746 1832 800 1881 el
853 1839 1030 1880 onera
1076 1826 1307 1895 portare
1339 1821 1695 1890 didicerunt,
1729 1825 1787 1876 et
1827 1821 1994 1892 quie-

2098 639 2219 721 ἔχει
2253 651 2486 721 (μοχθεῖ
2513 647 2614 722 γὰρ
2648 648 2675 701 6
2730 647 2818 702 καὶ
2870 646 3063 712 ἐσθίων
3119 649 3209 704 καὶ
3254 649 3423 704 πίνων
3454 648 3647 705 πολλὰ
3675 669 3760 723 καὶ

2098 735 2632 810 χρηματιζόμενος),
2721 734 3001 810 μεθοδεύω
3092 738 3216 810 ὑμῖν
3278 737 3508 794 ἐνταῦθα
3557 740 3647 796 καὶ
3701 742 3762 796 τὸ

2101 846 2130 874 ‹‹
2162 823 2474 879 ἀκοπίατον.
2510 848 2539 877 ››

2175 932 2251 989 ιε’.
2311 931 2380 985 Τὸ
2439 928 2508 984 δι’
2540 927 2680 986 ἔστιν
2715 928 2858 1008 ἔχων
2889 932 3082 998 οὕτως.
3114 933 3529 1005 Ἐπινενόηνται
3560 942 3679 999 τοῖς
3709 935 3757 992 ἐν

2105 1020 2207 1094 βίῳ
2251 1019 2537 1096 ἀχθοφόρα
2587 1025 2697 1090 ζῶα
2741 1020 2910 1076 λοιπά
2956 1023 3046 1076 καὶ
3104 1023 3374 1095 πρόσωπα
3425 1022 3505 1094 δὲ,
3555 1026 3624 1080 τὰ
3670 1027 3758 1098 μὲν

2104 1106 2352 1176 δουλικὰ,
2411 1110 2479 1164 τὰ
2509 1107 2567 1162 δὲ
2602 1114 2796 1182 μισθοῦ
2833 1113 3164 1187 μοχθοῦντα,
3201 1110 3269 1166 δι’
3300 1114 3374 1166 ὧν
3431 1114 3485 1167 οἱ
3509 1111 3758 1169 δέσποται

2107 1197 2222 1272 βίον
2281 1192 2557 1272 τρίϐουσιν
2613 1197 2832 1256 ἄπονον.
2888 1205 3147 1254 Τοιοῦτον
3210 1199 3276 1272 δή
3325 1223 3378 1256 τι
3429 1201 3581 1278 κάγὼ
3637 1204 3757 1276 ὑμῖν

2102 1291 2278 1340 ποιεῖν
2309 1285 2656 1359 ὑποτίθεμαι.
2717 1289 2787 1342 Τὸ
2845 1286 2901 1343 δέ
2959 1287 3067 1343 ἐστι
3132 1291 3510 1362 μισθώσασθαι
3550 1292 3759 1355 ἑαυτοῖς

2103 1374 2228 1437 τοὺς
2298 1374 2532 1445 πένητας
2591 1377 2678 1431 καὶ
2732 1377 2992 1454 πτωχοὺς
3043 1377 3116 1440 εἷς
3163 1379 3226 1434 τὸ
3273 1384 3526 1434 τοιοῦτον
3579 1379 3754 1456 ἔργον,

2102 1464 2229 1526 τοὺς
2291 1465 2736 1540 ἀχθοφοροῦντας
2789 1467 2857 1521 τὰ
2912 1469 3048 1539 ἡμῖν
3108 1470 3397 1543 σωτήρια,
3479 1469 3611 1532 τοὺς
3667 1475 3758 1525 τοῦ

2105 1557 2238 1608 Θεοῦ
2298 1552 2548 1628 ἐργάτας,
2607 1553 2734 1617 τοὺς
2802 1555 3146 1631 βραχυτάτου
3177 1557 3468 1633 μισθαρίου
3503 1555 3756 1635 διαπρατ-

2103 1643 2365 1714 τομένους
2421 1643 2488 1697 τὰ
2543 1648 2640 1698 τοῦ
2683 1645 2882 1706 παντὸς
2927 1645 3065 1717 ἄξια,
3133 1645 3262 1709 τοὺς
3317 1647 3602 1722 προσώπῳ
3632 1651 3760 1703 Θεοῦ

2107 1729 2559 1809 ἐπιφαινομένους
2616 1735 2775 1805 ἡμῖν,
2837 1734 2910 1787 ὧν
2970 1733 3034 1788 τὸ
3062 1731 3233 1789 καλὸν
3266 1734 3567 1790 οἰκειοῦται
3611 1738 3756 1809 Θεὸς,

2105 1821 2234 1882 τοὺς
2286 1817 2701 1896 δεδιδαγμένους
2768 1820 2934 1897 αθίρειν
2994 1822 3230 1900 φόρτους
3285 1824 3596 1897 τοιούτους,
3637 1825 3758 1888 τοὺς

325 1927 444 1977 tem
475 1921 750 1984 sumunt,
785 1916 929 1970 dum
979 1929 1087 1968 nos
1135 1911 1271 1984 ipsi,
1306 1911 1584 1966 oneribus
1617 1911 1862 1979 curvati,
1897 1927 1976 1966 eo:

2105 1909 2475 1972 ἀναπαύοντας
2511 1957 2526 1981 ,
2583 1908 2730 1986 εἷίπερ
2788 1915 3087 1973 κοπιῶντες
3134 1915 3300 1985 ἡμεῖς
3359 1914 3450 1968 καὶ
3509 1935 3756 1992 πεφορτι-

325 2011 578 2068 adimus.
617 2007 715 2062 His
763 2007 963 2060 nostra
1006 2000 1445 2074 impertiamus;
1479 1999 1572 2054 his
1606 1999 1664 2053 id
1718 2015 1835 2070 quo
1881 2015 1989 2054 nos

319 2095 875 2170 superabundamus
916 2089 1213 2162 aequitatis
1261 2089 1485 2144 ratione
1517 2087 1718 2142 habita
1767 2087 1988 2159 largia-

320 2204 473 2242 mur.
506 2183 736 2240 Etenim
787 2182 846 2236 id
889 2197 992 2252 pro
1041 2183 1201 2234 certo
1259 2177 1549 2243 habeatis,
1581 2177 1820 2247 quando
1881 2177 1988 2232 hos

312 2271 685 2331 vestimentis
706 2269 1096 2334 induerimus,
1117 2267 1174 2322 id
1200 2267 1464 2322 futurum
1491 2281 1619 2320 esse
1645 2270 1710 2320 ut
1730 2283 1836 2320 nec
1870 2266 1985 2337 ipsi

315 2363 655 2420 molestiam
689 2357 928 2431 frigoris
977 2357 1281 2412 obeamus.
1315 2355 1431 2410 Deo
1481 2353 1637 2409 enim
1671 2355 1848 2409 dante
1881 2371 1987 2410 nos

315 2451 693 2519 calescimus,
727 2447 1021 2518 siquidem
1057 2443 1334 2500 malitiosi
1367 2444 1438 2498 ad
1471 2443 1666 2514 ignem
1701 2447 1984 2497 aaternum

318 2539 598 2599 destinati
628 2538 820 2608 ignem
853 2551 1210 2591 consumens
1243 2531 1530 2598 accendit,
1559 2531 1756 2603 probis
1788 2537 1984 2588 autem

321 2630 571 2688 calorem
605 2630 871 2683 amanter
914 2623 1197 2696 impertit,
1229 2622 1350 2677 sole
1388 2621 1635 2692 justitize
1665 2627 1984 2692 annuente_

320 2718 662 2778 Dum'enim
704 2715 787 2771 illi
821 2714 984 2770 cibos
1037 2730 1070 2768 a
1119 2712 1290 2767 nobis
1340 2710 1568 2766 oblatos
1603 2711 1983 2779 manducent,

321 2827 429 2866 nos
458 2808 572 2881 ipsi
607 2805 898 2862 satiamur
927 2821 1041 2858 non
1075 2806 1326 2868 tantum,
1356 2801 1510 2872 quod
1545 2800 1714 2855 nobis
1748 2817 1984 2873 quoque

322 2899 392 2955 de
423 2896 547 2954 solo
578 2910 728 2967 pane
756 2892 946 2948 vivere
982 2893 1067 2946 fas
1107 2890 1202 2956 sit,
1238 2891 1336 2946 sed
1389 2890 1527 2961 quia
1572 2906 1843 2944 summus
1876 2889 1979 2945 ali-

319 2989 655 3043 mentorum
687 2982 855 3036 dator
875 2980 1050 3034 rebus
1075 2994 1326 3050 quarum
1359 2976 1605 3048 penuria
1634 2977 1978 3047 premimur,

317 3069 826 3148 imperscrutabile
857 3070 1024 3125 offert
1049 3067 1722 3140 supplementum,sicut
1752 3066 1811 3120 in
1846 3083 1976 3139 par-

320 3183 418 3222 cos
451 3165 665 3219 famem
697 3159 969 3215 caninam
1021 3155 1256 3223 emittit,
1292 3172 1409 3227 qua
1455 3153 1846 3226 Erysichthon
1879 3160 1981 3210 aut

318 3254 702 3326 Harpocrates
731 3251 834 3303 aut
863 3246 1014 3302 alius
1067 3246 1214 3300 forte
1245 3249 1346 3300 aut
1393 3243 1662 3310 seleucis,
1687 3260 1812 3315 quae
1854 3245 1976 3300 avis

319 3349 408 3401 est
456 3338 844 3398 voracissima
881 3335 1266 3402 laboraverit;
1324 3333 1543 3405 quibus
1593 3333 1871 3389 omnibus
1924 3334 1974 3390 is

321 3429 753 3504 comparandus
770 3430 858 3482 est
877 3425 975 3497 qui
997 3424 1159 3479 solus
1179 3423 1250 3478 ad
1273 3421 1603 3477 satietatem
1620 3438 1808 3493 usque
1826 3422 1974 3494 gulae

321 3520 612 3592 indulget.
645 3516 888 3581 Quando
936 3513 1118 3584 igitur
1149 3512 1359 3566 fratres
1392 3512 1556 3582 egeni
1590 3511 1856 3567 sitientes
1885 3512 1979 3568 bi-

325 3612 499 3680 bunt,
531 3623 639 3662 nos
669 3604 827 3660 sitim
869 3601 1168 3674 pellimus,
1201 3600 1378 3672 idque
1417 3615 1531 3654 non
1567 3597 1757 3655 solum
1785 3602 1978 3671 quoad

329 3714 563 3771 corpus,
588 3694 686 3749 ubi
709 3693 863 3749 Deus
885 3690 1118 3762 copioso
1141 3706 1248 3745 nos
1278 3689 1525 3744 humore
1555 3693 1783 3743 saturat
1810 3693 1867 3744 et
1896 3707 1982 3745 re-

321 3789 463 3856 ficit,
497 3787 579 3842 ita
613 3788 675 3840 ut
703 3797 892 3853 neque
923 3779 1108 3835 nimio
1155 3778 1297 3834 solis
1327 3778 1534 3833 ardore
1579 3777 1978 3835 incommode-

322 3895 476 3945 mur,
510 3879 611 3931 aut
643 3874 700 3928 in
735 3871 1006 3928 morbum
1059 3868 1439 3924 sudoriﬁcum
1486 3866 1841 3934 incidamus,
1877 3873 1978 3925 aut

316 3968 480 4024 inani
511 3965 725 4020 sudore
765 3961 1074 4015 humorem
1107 3959 1405 4012 internum
1437 3957 1762 4027 ejiciamus,
1797 3957 1877 4012 ita
1911 3963 1977 4014 ut

314 4062 549 4113 externo
572 4052 797 4108 influxu
823 4048 988 4122 quasi
1014 4047 1278 4103 antidoto
1300 4056 1448 4118 opus
1475 4045 1828 4112 habeamus;
1854 4047 1974 4102 imo

314 4150 572 4211 econtra,
623 4147 688 4198 ut
735 4141 960 4197 famosa
1014 4137 1227 4192 mulier
1281 4135 1675 4202 Samaritana,
1709 4135 1971 4193 animam

311 4236 507 4293 divino
536 4232 708 4289 latice
749 4231 1060 4284 irroratam
1108 4223 1477 4297 experiemur
1508 4224 1636 4279 sine
1667 4240 1781 4296 quo
1811 4224 1900 4281 vel
1931 4224 1970 4280 ii

311 4325 521 4383 sitiunt
547 4322 646 4394 qui
681 4318 861 4376 maris
890 4317 1040 4372 vada
1070 4315 1253 4371 ramis
1282 4313 1606 4383 trajiciunt.

2105 1999 2292 2070 σμένοι
2351 1998 2742 2073 προσέλθωμεν
2805 1999 3012 2062 αὐτοῖς.
3067 2001 3291 2063 Τούτοις
3346 2001 3626 2077 ἀναθῶμεν
3691 2004 3754 2059 τὰ

2100 2087 2364 2161 ἡμέτερα,
2410 2087 2629 2141 τούτοισ
2679 2087 3053 2162 ἐπιτρέψωμεν
3115 2093 3224 2144 τῶν
3277 2089 3329 2144 ἐν
3382 2093 3523 2165 ἡμῖν
3581 2113 3753 2165 περιτ-

2097 2180 2226 2244 τῶν,
2257 2175 2355 2230 ὅσα
2405 2173 2786 2252 διακρινοῦμεν
2847 2177 3144 2252 ὀρθότητος
3203 2177 3375 2254 λόγῳ.
3426 2182 3599 2254 Ἀμὴν
3651 2183 3747 2258 γάρ

2100 2263 2243 2340 λέγω
2307 2265 2458 2338 ὑμῖν,
2515 2264 2728 2320 τούτων
2762 2263 3124 2339 ἐνδυομένων,
3173 2269 3338 2340 ἡμεῖς
3397 2265 3519 2325 οῦτε
3548 2290 3741 2348 φορτη-

2096 2357 2301 2426 γοῦμεν
2333 2352 2395 2408 ἐκ
2450 2360 2730 2429 περιττοῦ,
2780 2355 2869 2408 καὶ
2927 2353 3054 2410 οὐδὲ
3086 2355 3372 2431 ῥιγοῦμεν.
3415 2357 3613 2414 Θάλπει
3642 2359 3738 2433 γὰρ

2095 2444 2244 2513 ἡμᾶς
2295 2443 2325 2499 6
2355 2443 2504 2511 Θεὸς,
2561 2448 2677 2505 τοῖς
2736 2444 2830 2516 μὲν
2857 2449 2954 2498 τοῦ
2994 2448 3240 2518 πονηροῦ
3292 2449 3400 2519 πῦρ
3453 2447 3731 2502 καταναλίο

2095 2551 2220 2585 σκον
2253 2529 2632 2604 ἐξαπτόμενος,
2696 2535 2778 2594 οἷς
2822 2533 2908 2587 καὶ
2939 2533 3002 2588 τὸ
3033 2532 3254 2587 αὶώνιον
3299 2529 3566 2608 ἐπιϐρέμει
3599 2540 3716 2608 πῦρ,

2093 2625 2209 2683 τοῖς
2263 2618 2320 2674 δὲ
2377 2619 2596 2696 ἀγαθοῖς
2628 2620 2893 2696 θαλπωρή
2952 2622 3287 2698 αὐτόχρημα
3327 2620 3415 2676 ὤν’
3475 2621 3580 2675 ἐπεῖ
3628 2621 3712 2676 καὶ

2095 2706 2442 2780 δικαιοσύνης
2499 2707 2938 2788 πεφιλοσόφηται
2988 2711 3185 2779 ἥλιος.
3244 2709 3476 2767 Ἑκείνων
3522 2709 3707 2763 ἐσθιόν-

2091 2802 2199 2852 τῶν
2230 2798 2296 2852 τὰ
2356 2795 2424 2851 δι’
2465 2800 2625 2870 ἡμῶν
2685 2799 3096 2873 χορηγούμενα,
3128 2801 3293 2872 ἡμεῖς
3348 2797 3704 2874 κορεννύμεθα,

2092 2885 2153 2941 ού
2218 2885 2402 2958 μόνον,
2452 2882 2636 2941 καθὸτι
2665 2885 2795 2943 οὐδὲ
2851 2891 2998 2960 ἡμᾶς
3053 2887 3139 2942 ἐπὶ
3171 2885 3319 2964 ἅρτῷ
3348 2889 3498 2960 μόνῳ
3526 2890 3612 2960 ζῆν
3639 2883 3720 2940 ἱλ-

2091 2975 2264 3044 πίζειν
2321 2975 2536 3050 πρέπει,
2569 2974 2715 3030 ἀλλὰ
2761 2976 2852 3030 καὶ
2911 2976 2994 3031 ὅτι
3049 2975 3368 3052 παραδόξως
3409 2978 3437 3031 6
3491 2977 3723 3051 μέγιστος

2092 3062 2377 3136 σιτοδότης
2447 3063 2761 3141 ἀναπληροῖ
2807 3065 2870 3120 τὸ
2929 3063 3125 3134 ἐνδέον,
3185 3067 3262 3128 ὡς
3319 3066 3419 3121 οὐκ
3468 3066 3525 3120 ἃν
3574 3068 3728 3138 ἡμεῖς

2094 3154 2382 3226 μάθοιμεν·
2443 3153 2624 3228 ὥσπερ
2682 3152 2748 3208 αῦ
2803 3151 2968 3208 πάλιν
3002 3153 3318 3230 ἀποκληροῖ
3358 3160 3477 3217 τοῖς
3534 3154 3728 3227 ἀμετα-

2091 3243 2270 3308 δότοις
2301 3247 2401 3314 τὴν
2460 3245 2772 3322 βούπειναν,
2822 3248 2884 3315 ἣν
2918 3247 3254 3323 Ἐρυσίχθων
3285 3268 3371 3309 τις
3400 3245 3612 3317 νοσοίη,
3642 3245 3730 3302 καὶ

2089 3335 2418 3410 Ἀρποκρᾶς,
2452 3337 2486 3403 ἡ
2548 3332 2720 3396 ἄλλος
2777 3356 2860 3398 τις
2916 3333 2996 3414 ἐφ’
3053 3335 3270 3408 ὁμοίοις
3324 3334 3732 3408 θρυλλούμενος

2086 3423 2176 3477 καὶ
2206 3421 2450 3486 σελευκὶς
2483 3421 2540 3478 δὲ
2565 3421 2709 3478 τὸέν
2755 3429 2980 3494 πτηνοῖς
3041 3424 3373 3500 βορώτατον,
3424 3427 3508 3486 οἷς
3564 3445 3736 3499 παρα-

2090 3507 2323 3581 ϐλητέος
2381 3513 2408 3565 ὁ
2454 3511 2528 3574 εἷς
2585 3513 2748 3586 κόρον
2801 3517 3144 3590 μονοφαγῶν.
3205 3515 3323 3568 Ἔτι
3352 3517 3458 3568 τῶν
3491 3515 3735 3585 πενήτων

2088 3597 2338 3678 ἀδελφῶν
2373 3599 2800 3678 ἐμφορουμένων
2847 3600 3080 3672 πόσεως,
3127 3598 3292 3675 δίψης
3350 3599 3552 3677 ἔχομεν
3611 3603 3738 3667 ἄκος

2088 3692 2272 3761 ἡμεῖς,
2305 3689 2394 3744 καὶ
2431 3693 2592 3743 τοῦτο
2625 3688 2685 3743 ού
2729 3689 2893 3762 μόνον
2949 3690 3083 3744 κατά
3121 3693 3281 3762 σῶμα
3329 3689 3416 3744 οἷα
3461 3694 3560 3744 τοῦ
3607 3694 3736 3746 Θεοῦ

2087 3776 2352 3848 πολυειδῆ
2419 3779 2628 3854 βροχήν
2679 3778 3075 3853 ὑπεριστῶντος
3142 3780 3328 3850 ἡμῶν,
3387 3777 3476 3833 καὶ
3537 3777 3739 3852 ἀναψύ-

2085 3888 2307 3942 χοντος,
2363 3870 2447 3929 οἷς
2498 3865 2620 3922 οὔτε
2665 3866 2903 3922 καύσωνι
2937 3867 3376 3942 πυρακτούμεθα,
3409 3867 3575 3923 νόσου
3601 3888 3740 3943 προ·

2084 3954 2434 4029 καλουμένης
2493 3953 2680 4032 ῥανίδα
2738 3953 3116 4030 δροσίζουσαν,
3177 3953 3301 4011 οὔτε
3357 3953 3638 4030 ἱδροῦντες
3687 3956 3737 4012 ἐν

2081 4051 2284 4113 κενοῖς,
2316 4043 2404 4099 καὶ
2433 4045 2495 4098 τὸ
2523 4043 2574 4099 ἐν
2606 4047 2743 4117 ἡμῖν
2784 4043 2957 4107 οὕτως
3009 4047 3170 4120 ὑγρὸν
3232 4045 3632 4119 ἐξατμίζοντες,
3665 4047 3737 4109 ὡς

2085 4130 2288 4189 δέεσθαι
2345 4139 2444 4202 τῆς
2503 4129 2692 4204 ἔξωθεν
2749 4133 3132 4210 ἀντεπιῤῥοῆς,
3183 4133 3263 4211 ἐφ’
3313 4134 3359 4205 ᾧ
3408 4135 3548 4209 πρὸς
3613 4136 3740 4189 ἄνα-

2080 4221 2368 4298 πλήρωσιν
2426 4223 2740 4300 τέγγεσθαι·
2801 4221 2949 4279 ἀλλὰ
3022 4223 3112 4278 καὶ
3189 4224 3384 4296 ἑτέρως
3441 4225 3583 4277 κατὰ
3636 4224 3736 4292 τήν

2080 4311 2403 4388 περίκλυτον
2466 4317 2817 4386 Σαμαρεῖτιν,
2869 4313 2945 4375 ὡς
3004 4311 3064 4366 ἃν
3116 4314 3268 4388 ψυχὴ
3325 4309 3413 4366 διὰ
3441 4316 3538 4366 τοῦ
3599 4313 3739 4368 κατὰ

302 4414 432 4468 Θεὸν
505 4409 816 4481 ἁλλομένου
875 4401 1072 4466 ὕδατος
1139 4399 1512 4477 θεραπεύοιτο,
1593 4398 1655 4455 οῦ
1726 4400 2044 4476 στερόμενοι
2097 4399 2325 4476 διψῶσιν
2385 4402 2437 4456 οἱ
2489 4402 2587 4470 τὴν
2639 4399 2889 4477 ἁλμυρὰν
2951 4406 3048 4456 τοῦ
3113 4401 3235 4477 βίου
3288 4401 3572 4475 τέμνοντες
3639 4401 3735 4457 θά-

307 4502 506 4558 λασσαν
518 4544 532 4556 .

375 4611 461 4666 16.
496 4603 778 4673 Quocirca
824 4601 873 4658 si
923 4616 1210 4673 pauperes
1243 4599 1544 4665 vestimus,
1577 4602 1636 4654 et
1689 4597 1862 4654 famis
1893 4615 1960 4655 ac
1988 4605 2035 4670 Β

297 4699 428 4756 sitis
459 4693 740 4769 pellenda:
774 4707 980 4747 ansam
1010 4689 1752 4761 praebemusmequaquam
1785 4687 1961 4744 rebus

297 4789 370 4844 ad
389 4787 609 4843 victum
631 4780 977 4837 necessariis
997 4795 1102 4834 nos
1120 4777 1234 4849 ipsi
1258 4777 1580 4849 privamus,
1607 4781 1669 4831 ut
1685 4776 1961 4834 sensibus

296 4895 362 4934 ac
393 4876 657 4932 oratione
689 4872 831 4927 falsa
863 4869 1018 4942 capti
1051 4871 1390 4934 autumant;
1423 4866 1541 4922 imo
1575 4865 1796 4921 bonum
1828 4883 1956 4921 om-

295 4967 576 5026 nifarium
608 4966 667 5018 in
702 4978 807 5016 nos
838 4960 975 5014 inde
998 4956 1473 5027 redundat,quin
1497 4955 1640 5011 alios
1674 4957 1955 5028 privando

296 5075 403 5113 nos
434 5055 548 5128 ipsi
589 5051 991 5114 abundemus;
1028 5063 1126 5115 per
1162 5035 1433 5100 mutuum
1481 5045 1637 5100 enim
1690 5046 1954 5102 canalem

292 5146 527 5218 utrique
558 5140 878 5198 eorundem
914 5135 1356 5190 commodorum
1400 5133 1701 5190 affluentia
1727 5136 1952 5207 gaude-

291 5254 447 5292 mus.
479 5233 574 5288 Sic
605 5230 785 5302 igitur
817 5243 921 5281 nos
951 5224 1184 5296 quidem
1213 5224 1408 5279 cibum
1444 5241 1507 5279 ac
1543 5229 1747 5296 potum
1777 5223 1950 5279 vesti-

292 5327 628 5393 mentaque,
666 5318 722 5372 id
755 5321 844 5371 est
892 5330 984 5368 res
1027 5311 1185 5383 parvi
1221 5310 1518 5367 faciendas
1571 5311 1689 5366 illis
1726 5311 1950 5382 praebe-

291 5429 452 5478 mus;
489 5409 590 5480 qui
638 5425 704 5462 ea
751 5422 880 5479 quae
937 5402 1108 5458 nobis
1167 5401 1400 5468 debent,
1436 5418 1568 5457 cum
1633 5397 1949 5470 multiplici

287 5499 458 5554 nobis
523 5513 705 5551 usura
771 5493 1046 5559 reddunt,
1106 5489 1222 5546 Deo
1281 5490 1684 5562 omnipotente
1745 5486 1950 5542 arrhas

285 5603 388 5655 pro
438 5583 554 5655 ipsi
617 5585 926 5652 praebente,
959 5580 1056 5652 qui
1117 5580 1467 5635 beneficium
1514 5580 1574 5633 in
1625 5591 1946 5649 pauperem

281 5689 381 5740 rep
442 5670 911 5729 misericordiam
971 5669 1250 5724 collatum
1303 5668 1765 5739 aequiponderat.
1821 5665 1947 5722 Huc

271 5759 505 5815 accedit
537 5760 694 5822 quod
719 5760 937 5830 quibus
958 5757 1309 5814 beneﬁcium
1331 5757 1535 5812 datum
1571 5755 1700 5823 fuit,
1725 5753 1945 5811 datoris

2142 4599 2227 4662 ις’.
2262 4595 2361 4652 Καί
2415 4597 2557 4652 οὕτω
2619 4597 2715 4671 μὲν
2772 4601 2882 4653 τῶν
2941 4598 3187 4668 πενήτων
3257 4596 3740 4673 ἀμφιεννυμένων,

2071 4687 2162 4742 καὶ
2212 4686 2278 4742 τὰ
2334 4685 2386 4749 ἐς
2443 4688 2650 4765 τροφὴν
2711 4685 2962 4763 ἑκατέραν
3029 4689 3444 4762 προσιεμένων,
3507 4687 3590 4746 οἷς
3654 4684 3738 4742 δι-

2069 4777 2240 4841 καίως
2295 4776 2627 4851 πονούμενοι
2691 4774 3104 4851 μεταδιδόαμεν,
3141 4778 3244 4832 οὐκ
3288 4775 3620 4849 ἐλαττοῦμεν
3667 4778 3737 4833 τὰ

2067 4865 2120 4930 ἐς
2153 4868 2320 4938 ζωὴν,
2382 4867 2456 4929 ὡς
2513 4873 2629 4928 τοῖς
2686 4864 2926 4928 πολλοῖς
2976 4867 3238 4944 φαίνεται,
3299 4865 3732 4939 ἀποσκοπουμέ-

2064 4977 2180 5018 νοις
2213 4957 2351 5032 πρὸς
2383 4953 2629 5026 οἷ’σθησιν
2661 4954 2892 5030 ἄλογον.
2943 4953 3118 5011 Ἀλλὰ
3146 4954 3208 5009 τὸ
3264 4953 3606 5009 καινότατον·
3667 4956 3730 5011 τὸ

2065 5043 2266 5100 ἐκεῖθεν
2326 5045 2519 5120 ἀγαθὸν
2586 5042 3030 5122 μεταῤῥυίσκεται
3090 5043 3168 5106 εἷς
3225 5046 3407 5116 ἡμᾶς,
3467 5041 3529 5098 οὐ
3583 5045 3728 5120 πρὸς

2063 5133 2327 5209 ἀναρῥουν
2407 5135 2780 5207 ἀνακάμπτον,
2856 5134 2932 5196 ὡς
3005 5132 3492 5206 ἀντιπεριστάσεως
3565 5129 3726 5208 λόγῳ

2056 5221 2296 5286 ἐκείνους
2361 5224 2453 5298 μὲν
2495 5223 2764 5296 ἐκκενοῦν,
2823 5225 2972 5295 ἡμᾶς
3023 5219 3081 5277 δὲ
3111 5221 3414 5296 ἐμπιπλᾷν,
3447 5219 3596 5277 ἀλλά
3633 5221 3720 5277 καὶ

2062 5310 2287 5374 ἐκείνοις
2321 5311 2389 5367 δι’
2446 5316 2606 5386 ἡμῶν
2666 5313 2756 5368 καὶ
2800 5315 2938 5386 ἡμῖν
2994 5310 3145 5376 αὖθις
3173 5309 3241 5366 δι’
3274 5310 3490 5366 ἐκείνων
3521 5309 3713 5387 ἐποχε-

2058 5401 2375 5477 τευόμενον,
2409 5404 2496 5458 καὶ
2529 5403 2873 5480 ἀντεπιῤῥέον
2927 5402 2991 5457 τὸ
3039 5404 3343 5478 χρήσιμον.
3378 5400 3485 5458 Καὶ
3543 5399 3720 5461 οὕτως

2059 5490 2469 5556 ἀνταποδόσεως
2530 5490 2679 5567 λόγῳ
2736 5495 2902 5566 ἡμεῖς
2967 5493 3060 5565 μὲν
3106 5493 3196 5546 καὶ
3246 5490 3594 5566 ψωμίζομεν,
3630 5487 3723 5544 καὶ

2055 5580 2375 5654 ποτίζομεν,
2407 5584 2495 5638 καὶ
2551 5580 2917 5660 ἀμφιέννυμεν
2978 5581 3216 5643 ἐκείνους
3265 5579 3354 5636 καὶ
3409 5577 3571 5653 ὀλίγα
3628 5578 3720 5632 καὶ

2061 5669 2299 5746 βραχέος
2335 5671 2501 5749 λόγου
2530 5674 2648 5745 ἄξια
2678 5672 2766 5726 καὶ
2819 5671 2870 5726 ἐν
2917 5675 3204 5746 σωματικῇ
3260 5669 3568 5746 βραχύτητι
3619 5688 3721 5722 κα-

2056 5759 2365 5834 θορώμενοι·
2404 5760 2604 5816 ἐκεῖναι
2663 5758 2720 5816 δὲ
2792 5763 2928 5834 ἡμῖν
3008 5758 3370 5817 ἀλλάττονται
3436 5757 3556 5832 μὲν,
3625 5755 3722 5810 καὶ

4005 4081 4007 4164 l

4005 4609 4007 4710 l
