4082 6368
403 432 528 495 689

1418 435 1496 494 ΙΝ
1543 437 1608 495 S.
1657 435 2342 507 QUADBAGESIMAM
2389 439 2685 498 ORATIO
2732 438 2833 498 ιν.

3710 433 3828 496 690

402 561 503 618 ὅσα
555 559 785 636 ἔλαχον,
845 559 923 623 εἷς
978 561 1421 631 πολλαπλάσιον,
1480 565 1676 627 τόκους
1745 585 2054 640 προσεπιτι-

2179 574 2458 635 mentem,
2517 573 2583 624 ut
2625 571 2712 624 tas
2763 572 2875 634 est,
2917 568 3080 637 justo
3133 565 3390 637 pondere
3444 563 3823 632 metiuntur;

403 652 580 716 θέντες
631 647 719 704 διὰ
772 651 862 705 τὸν
922 650 1117 714 αὐτοὺς
1197 650 1536 728 ἐγγυώμενον
1595 653 2054 729 ἀπειροτάλαντον

403 737 819 809 οἰκοδεσπότην,
853 740 911 801 ὃς
941 737 1267 812 ἐλεουμένου
1297 747 1527 818 πτωχοῦ
1586 742 1662 804 εἰς
1722 743 1923 797 οἰκεῖον
1967 741 2061 797 δά-

402 851 540 886 νειον
600 829 856 907 ἐγγράφει
909 830 1002 884 τὸν
1059 829 1234 884 ἔλεονο
1267 827 1775 906 προσεπιϐάλλουσι
1835 831 1892 888 δὲ
1943 839 2061 896 τοῖς

404 921 540 995 πρὸς
570 916 819 988 αἶ’σθησιν
862 918 1048 973 καὶτὰ
1095 920 1380 993 νοούμενα.
1417 921 1518 976 Καὶ
1579 922 1686 994 μὴν
1746 923 1882 997 πρὸς
1938 922 2060 976 τυύ-

404 1029 518 1070 τοις
549 1006 859 1082 θησαυροὺς
911 1007 1277 1077 πληθύνεσθαι
1313 1010 1365 1063 o't
1396 1008 1547 1064 αὐτοὶ
1605 1015 1853 1066 ποιοῦσιν
1895 1014 2059 1084 ἡμῖν,

404 1097 493 1154 ὅτε
539 1097 628 1152 καὶ
691 1097 883 1172 μικρὸν
947 1095 1255 1174 ἀργυρίδιον
1310 1097 1345 1167 ἢ
1377 1097 1523 1154 ἀλλά
1565 1098 1796 1175 χαλκίον
1853 1094 2058 1155 ὀϐολοῦ

403 1187 587 1248 αὐτοῖς
644 1183 1128 1260 ἰνδαψιλευόμεθα.
1179 1183 1645 1262 Χρηματιζὸμεθα
1698 1189 1800 1264 γὰρ
1853 1187 1914 1243 ἐκ
1958 1193 2057 1244 τοῦ

400 1275 796 1349 παμπλουσίου
827 1279 983 1346 Θεοῦ,
1006 1274 1096 1330 ὅτε
1123 1276 1213 1330 καὶ
1243 1274 1490 1331 τοιοῦτόν
1522 1299 1574 1332 τι
1623 1283 1737 1340 τοῖς
1789 1275 2055 1352 ἀδελφοῖς

400 1364 720 1438 πορίζομεν.
783 1364 971 1438 Πατήρ
1027 1365 1128 1440 γάρ
1189 1363 1320 1436 ἐστι,
1379 1364 1469 1420 καὶ
1539 1367 1784 1441 πατέρων
1846 1365 2056 1421 πάντων

401 1453 631 1519 ὕπατος,
688 1452 780 1506 καὶ
861 1452 959 1506 οὐκ
1019 1451 1290 1528 ἀνέχεται,
1351 1450 1422 1507 δι’
1475 1453 1634 1508 αὐτὸν
1684 1454 2056 1510 ἀποπλουτεῖν

399 1545 552 1615 ἡμᾶς
596 1547 712 1604 τοῖς
772 1539 1049 1618 ἀδελφοῖς,
1103 1542 1193 1595 καὶ
1250 1540 1408 1614 πενίᾳ
1456 1541 1525 1616 τῇ
1574 1545 1690 1597 καθ’
1745 1547 1895 1617 ἡμᾶς
1951 1545 2050 1613 τὴν

2170 657 2462 712 nummuli
2522 658 2781 729 argentei
2818 661 2918 711 aut
2950 655 3102 711 oboli
3133 655 3446 726 aerei,quod
3480 653 3625 726 ipsis
3655 652 3824 707 dedi-

2173 746 2462 815 mus,loco
2478 747 2786 802 thesauros
2818 751 3049 801 nostros
3084 745 3328 816 largiter
3357 744 3816 815 augmentando.

2170 840 2325 890 Deus
2356 836 2534 904 enim,
2568 837 2738 907 cujus
2768 837 3070 890 immensae
3103 841 3242 889 sunt
3289 832 3526 902 divitiae,
3573 831 3632 886 id
3665 830 3821 901 quod

2168 925 2448 979 fratribus
2478 925 2847 990 donavimus,
2879 941 3013 979 cum
3074 938 3254 978 usura
3312 922 3482 978 nobis
3541 919 3816 975 restituit.

2171 1012 2338 1068 Pater
2366 1013 2524 1069 enim
2557 1019 2644 1068 est
2665 1014 2834 1084 isque
2859 1013 3127 1068 omnium
3151 1016 3386 1083 patrum
3421 1025 3695 1065 summus
3719 1009 3821 1079 qui

2167 1119 2281 1156 non
2313 1103 2437 1156 vult
2467 1119 2573 1158 nos
2598 1103 2771 1158 rebus
2805 1102 3056 1174 propriis
3087 1118 3195 1156 nos
3226 1099 3570 1172 spoliantes,
3604 1097 3664 1152 in
3696 1096 3822 1151 illo-

2168 1208 2297 1246 rum
2330 1208 2428 1247 eas
2460 1192 2834 1246 commodum
2858 1190 3187 1257 vertere,ita
3215 1195 3280 1244 ut
3309 1189 3390 1243 illi
3422 1204 3527 1259 per
3556 1185 3816 1258 inopiam

2165 1285 2425 1335 nostram
2460 1280 2939 1343 ditescant.Quod
2973 1279 3130 1335 enim
3163 1277 3605 1340 dedimus,cum
3634 1290 3818 1330 usura

2165 1369 2375 1436 reddit,
2409 1374 2467 1424 et
2495 1369 2594 1424 ubi
2625 1368 2682 1423 in
2719 1368 2910 1439 parvis
2941 1367 3143 1423 ﬁdeles
3174 1385 3280 1423 nos
3311 1372 3584 1438 expertus
3607 1369 3818 1433 est,eu-

2165 1474 2268 1528 per
2299 1459 2523 1528 majora
2555 1475 2661 1513 nos
2695 1457 2876 1528 ponit,
2909 1463 2968 1512 et
2996 1463 3226 1511 tantum
3259 1459 3426 1511 abest
3472 1459 3538 1510 ut
3584 1458 3816 1509 nostra-

2163 1563 2296 1602 rum
2328 1563 2526 1603 rerum
2553 1549 2847 1618 jacturam
2881 1546 3190 1612 faciamus,
3241 1549 3308 1600 ut
3357 1543 3598 1599 meliora
3626 1557 3816 1614 eaque

399 1629 618 1686 hutva
678 1629 1159 1707 έκθεραπεύεσθαι·
1223 1629 1368 1686 ἀλλά
1422 1653 1475 1686 τι
1546 1629 1805 1703 διδόντες,
1860 1631 2052 1688 πλεῖον

2170 1636 2474 1692 innumera
2503 1635 2951 1707 redipiscamur.

403 1714 905 1793 ἀντιλαμϐάνομεν.
965 1719 1221 1776 Μάλιστα
1281 1720 1375 1792 μὶν
1431 1719 1522 1775 οὖν
1585 1719 1674 1775 ἐπὶ
1737 1721 1895 1796 ὀλίγα
1949 1721 2134 1778 πιστοὶ
2186 1724 2462 1800 φανέντες,
2505 1722 2592 1778 ἰπὶ
2647 1721 2877 1778 πολλῶν
2932 1721 3338 1795 καθιστάμεθα’
3386 1721 3476 1774 καὶ
3533 1720 3645 1793 ἅμα
3697 1716 3811 1788 ἐξαν

397 1809 656 1882 τλοῦμεν,
689 1811 802 1882 ἅμα
827 1808 1086 1883 ἐπεισρέει
1116 1809 1183 1863 τὰ
1211 1809 1509 1885 κρείττονα,
1542 1811 1629 1864 καὶ
1665 1809 1797 1866 αύτά
1827 1810 1904 1872 εἷς
1941 1811 2361 1886 μυριοπλάσιον.

473 1899 556 1967 ιζ’.
589 1897 698 1953 Καὶ
762 1894 902 1969 ἰδοὺ,
967 1895 1278 1969 μεθώδευσα
1323 1897 1574 1967 νηστείαν
1633 1899 1760 1972 ὑμῖν
1819 1899 1910 1954 καὶ
1964 1897 2049 1954 ἔν-

2231 1905 2316 1957 17.
2349 1903 2492 1958 Hinc
2520 1908 2762 1973 apparet
2791 1903 2945 1974 quod
2968 1902 3264 1974 jejunium
3297 1904 3355 1956 et
3394 1897 3810 1955 abstinentiam

401 1984 566 2057 δειαν,
599 1992 807 2064 τρυφῆς
863 1985 1036 2040 αἰτίαν
1071 1987 1158 2040 καὶ
1209 1984 1696 2060 πλουτισμοῦ,’ίνα
1759 1989 1834 2061 μὴ
1886 1989 2048 2062 μόνον

2170 1991 2949 2064 praescribendo,divitiarum
2966 1991 3458 2062 acquirendarum
3478 1987 3806 2043 vobisviam

403 2069 647 2129 σάϐϐατα
682 2074 921 2152 τρυφερά
967 2073 1208 2150 λέγοιτο,
1242 2074 1389 2130 ἀλλὰ
1443 2075 1536 2130 καὶ
1594 2078 1872 2149 νήστευμα
1929 2081 2055 2131 τοῦ-

402 2185 464 2218 το
521 2163 827 2240 τρυφηλὸν,
885 2164 1170 2239 ἳσχναθσις
1228 2163 1572 2238 λιπαίνουσα,
1627 2167 1854 2228 κένωσις
1907 2165 2055 2236 πλή-

405 2255 589 2322 θουσα,
620 2247 794 2308 ἔνδεια
823 2251 1217 2316 πλουτοποιός.

475 2451 566 2520 ιη’.
594 2452 711 2505 Ἵνα
738 2446 794 2504 δὲ
825 2448 916 2504 καὶ
949 2447 1146 2513 ἄλλως,
1175 2444 1545 2522 ἐπιϐαλοῦμεν
1604 2454 1726 2512 τοῖς
1783 2448 1991 2517 αὐτοῖς,
2017 2451 2054 2519 ἡ

396 2539 623 2610 τοιαύτη
657 2538 877 2609 νηστεία
909 2535 1058 2592 δοκεῖ
1102 2539 1196 2612 μὲν
1250 2544 1370 2600 τοῖς
1428 2535 1712 2601 ἁπλοϊκῶς
1762 2543 2054 2612 θεωροῦσιν

397 2626 596 2682 ἐνιαῖον
657 2626 824 2682 καλὸν
887 2627 1049 2695 εἶναι,
1081 2630 1170 2683 καὶ
1229 2629 1403 2690 οὕτως
1452 2628 1876 2704 εύπερίληπτον,
1909 2628 1942 2696 ἢ
1977 2627 2059 2682 εύ-

397 2717 786 2792 περίγραπτον.
817 2718 895 2774 Τὸ
930 2714 973 2771 δ’
1003 2715 1190 2780 ἄλλως
1235 2715 1350 2794 ἔχει
1403 2719 1541 2793 πρὸς
1591 2717 1851 2787 ἀληθείας
1902 2715 2055 2793 ἀκρί-

405 2799 574 2859 ϐειαν.
607 2808 723 2876 Μιᾷ
755 2806 856 2881 γὰρ
905 2805 1072 2880 ταύτῃ
1104 2806 1446 2883 θεοφυτεύτῳ
1498 2805 1620 2883 ῥίζῃ
1668 2807 1758 2862 καὶ
1804 2805 1879 2860 ἐνὶ
1934 2804 2059 2860 τού-

409 2913 489 2964 τῳ
548 2891 748 2966 εύγενεῖ
801 2893 1027 2968 πρέμνῳ
1081 2892 1276 2950 κλάδοι
1364 2894 1546 2971 μυρίοι
1627 2893 2058 2950 έπανατέλλουσι

411 2977 716 3051 σπουδαῖοι,
754 2982 990 3056 καρποὺς
1049 2984 1255 3057 ἀρετῶν
1314 2983 1458 3040 ὅλων
1514 2983 1934 3060 προϊσχόμενοι,
1968 2983 2057 3038 καὶ

405 3067 742 3133 τελειοῦντες
789 3072 864 3133 εἷς
913 3073 1159 3148 ψυχικὴν
1205 3072 1528 3131 ἀπόλαυσιν.
1584 3072 1791 3128 Αὐτίκα
1841 3074 1869 3128 ὁ
1915 3072 2057 3127 οὕτω

403 3161 748 3229 νηστευτικὸς
781 3159 1066 3237 ἅνθρωπος
1095 3163 1311 3237 ἀγάπην
1343 3162 1450 3236 πρὸ
1488 3166 1596 3217 τῶν
1649 3160 1836 3218 ἄλλων
1880 3163 2054 3233 ἠσκη-

405 3245 559 3319 μένος
617 3247 939 3326 ἐκφαίνεται,
994 3251 1085 3305 καὶ
1146 3249 1483 3328 φιλάδελφος
1553 3251 1687 3306 εἶναι
1750 3247 2056 3325 διαζωγρα-

2167 2081 2486 2137 monstravi
2517 2104 2532 2148 ;
2565 2085 2622 2135 et
2650 2081 2806 2151 quod
2839 2097 2955 2135 non
3003 2078 3195 2134 solum
3255 2079 3326 2133 de
3383 2075 3560 2132 lautis
3595 2075 3814 2131 sabba-

2164 2170 2262 2238 tis,
2295 2171 2397 2226 sed
2428 2170 2501 2224 de
2530 2167 2860 2240 splendidis
2885 2167 3131 2240 jejuniis
3161 2172 3219 2222 et
3277 2168 3348 2222 de
3405 2163 3648 2220 materie
3680 2162 3808 2234 pin-

2166 2259 2266 2331 gui
2289 2261 2346 2314 et
2375 2257 2698 2314 inanitione
2729 2257 3028 2330 superﬂua
3059 2273 3124 2312 ac
3154 2257 3226 2312 de
3252 2255 3453 2327 inopia
3499 2269 3624 2324 quas
3667 2252 3813 2306 divi-

2165 2353 2255 2404 tes
2285 2347 2424 2402 facit
2451 2362 2645 2402 sermo
2671 2347 2874 2416 justus
2905 2362 3033 2402 esse
3059 2345 3294 2417 poterit.

2239 2454 2324 2508 18.
2360 2453 2638 2508 Eamdem
2669 2452 2945 2524 deinceps
2977 2451 3361 2523 quaestionem
3394 2449 3506 2505 alio
3560 2448 3814 2520 quodam

2169 2543 2342 2598 modo
2372 2541 2739 2614 explanaturi
2788 2542 3041 2596 dicimus
3101 2541 3254 2611 quod
3317 2538 3368 2594 si
3412 2537 3709 2610 jejunium
3743 2535 3816 2592 iis

2167 2631 2410 2702 quirem
2460 2630 2714 2703 simplici
2753 2630 2961 2685 obtutu
3019 2629 3492 2699 complectuntur
3521 2623 3819 2695 singulare

2170 2718 2880 2793 quidpiam,indeflnitum
2914 2717 3475 2788 atqueillimitatum
3499 2730 3627 2770 esse
3658 2713 3816 2768 vide-

2167 2815 2282 2874 tur,
2318 2811 2472 2881 quod
2506 2808 2745 2879 quidem
2777 2807 2979 2862 stricte
3010 2806 3235 2861 veritati
3269 2803 3664 2877 repugnat.Ex
3698 2819 3817 2856 una

2167 2898 2326 2954 enim
2360 2898 2467 2952 hac
2499 2897 2692 2952 radice
2721 2913 2756 2951 a
2785 2895 2900 2950 Deo
2940 2893 3200 2965 plautala
3247 2897 3303 2949 et
3333 2908 3402 2948 ex
3451 2892 3562 2947 hac
3615 2891 3816 2962 stipite

2168 2987 2350 3042 nobili
2383 2985 2637 3041 sexcenti
2669 2987 2993 3056 assurgunt
3039 2983 3210 3054 rami,
3261 2982 3546 3037 virtutum
3588 2982 3814 3035 fructus

2168 3076 2432 3132 omnium
2466 3075 2806 3130 exhibentes
2828 3078 2885 3128 et
2912 3073 2970 3126 in
2997 3072 3320 3143 spiritalem
3347 3070 3662 3126 fruilionen
3689 3069 3816 3124 laete

2169 3167 2471 3221 abeuntes.
2506 3162 2826 3219 Confestim
2858 3162 3038 3233 igitur
3067 3161 3244 3216 homo
3270 3161 3536 3232 jejunus,
3583 3174 3698 3229 quo
3730 3157 3816 3212 di-

2167 3255 2360 3310 ximus
2394 3253 2589 3323 modo,
2621 3251 2926 3307 charitatis
2961 3251 3188 3322 egregia
3220 3250 3354 3306 edet
3400 3247 3728 3320 specimina
3763 3249 3821 3302 et

401 3341 577 3412 φεῖται
627 3339 730 3410 (μὴ
787 3343 1043 3404 τοιοῦτος
1097 3339 1196 3415 γὰρ
1240 3337 1336 3408 ὢν,
1399 3339 1498 3394 ούκ
1554 3336 1613 3393 ἂν
1674 3338 1913 3413 έλεήσῃ)·
1947 3339 2052 3413 πρὸ

2170 3346 2414 3400 fratrum
2449 3357 2511 3398 se
2542 3345 2837 3396 amantem
2872 3339 3172 3411 praestabit
3199 3339 3378 3410 (quod
3412 3338 3461 3393 si
3494 3353 3608 3391 non
3641 3340 3820 3404 esset,

401 3421 458 3478 δέ
505 3445 564 3499 γε
611 3426 808 3482 τούτου
852 3429 1132 3504 θεωρεῖται
1174 3427 1452 3506 φιλόθεος.
1486 3429 1570 3486 Τά
1625 3430 1728 3504 γὰρ
1781 3433 1878 3484 τοῦ
1927 3432 2061 3483 Θεοῦ

400 3519 520 3577 τοῖς
547 3519 646 3570 τοῦ
697 3521 831 3571 Θεοῦ
882 3517 1160 3591 ἀπονέμει,
1192 3519 1254 3574 τὸ
1314 3515 1358 3572 δ’
1415 3513 1636 3593 ἀκριϐὲς
1693 3517 1882 3587 εἰπεῖν,
1918 3517 2063 3589 αὐτῷ

402 3607 539 3675 Θεῷ,
590 3609 673 3676 τῷ
747 3605 1179 3683 ἀποφηναμένῳ,
1243 3631 1269 3662 α
1321 3612 1446 3679 πᾶν,
1505 3607 1638 3681 ὅπερ
1698 3607 1757 3661 ἃν
1820 3606 1897 3661 ἑνὶ
1952 3610 2059 3660 τῶν

403 3691 663 3748 τοιούτων
688 3691 997 3770 ἐλαχίστων
1025 3696 1116 3751 καὶ
1173 3693 1420 3774 ἀδελφῶν
1475 3697 1566 3751 καὶ
1626 3693 1838 3751 δούλων
1897 3700 2060 3764 ποιῆ-

401 3801 512 3853 ται,
543 3780 692 3854 αύτῷ
720 3788 1014 3847 ποιεῖσθαι.
1053 3808 1081 3836 ››
1102 3786 1206 3841 Ἦν
1239 3782 1472 3846 δούλους
1523 3784 1618 3858 μὶν
1676 3785 1977 3859 ἡμετέρους
2007 3782 2061 3838 οἱ

401 3867 671 3946 ἐφήμεροι
756 3869 1014 3928 δεσπόται
1099 3873 1196 3929 οὐκ
1274 3873 1527 3946 ἀξιοῦμεν
1587 3872 2058 3942 πεκουλιάζεσθαι,

401 3956 526 4014 ἀλλ’
582 3961 718 4032 ἡμὶν
765 3961 954 4026 αὐτοῖς
1013 3963 1079 4016 τὰ
1132 3961 1310 4040 σφίσιν
1371 3963 1690 4038 ὑπάρχοντα
1749 3961 2058 4040 ἐπιγράφειν

399 4048 676 4122 ὁρίζομεν,
709 4048 804 4105 κᾶν
870 4051 1034 4128 μυρία
1092 4050 1294 4128 ἔχοιενο
1347 4053 1375 4106 ὁ
1435 4049 1492 4106 δὲ
1552 4053 1805 4127 μέγιστος
1859 4049 2063 4106 οἰκοδε-

399 4137 606 4207 σπότης
656 4139 786 4202 Θεὸς
845 4140 944 4195 οὐκ
999 4141 1141 4211 ἀξιοῖ
1191 4145 1352 4196 τοῦτο
1413 4138 1635 4202 δικαίως
1693 4142 1782 4216 ἀφ’
1841 4141 2054 4215 ἑαυτοῦ,

398 4226 487 4279 καὶ
537 4226 597 4281 ού
649 4224 719 4282 δι’
770 4229 980 4298 ἑαυτὸν,
1028 4229 1194 4306 οὗπέρ
1248 4229 1387 4284 ἐστιν
1446 4232 1481 4298 ἡ
1538 4232 1613 4304 γῆ
1659 4228 1749 4283 καὶ
1810 4229 1946 4283 ἅπαν
1996 4229 2059 4283 τὸ

397 4315 513 4368 κατ’
559 4317 729 4386 αὐτὴν
777 4316 1083 4394 πλήρωμα,
1137 4316 1206 4373 δι’
1254 4321 1402 4391 ἡμᾶς
1459 4315 1536 4391 δὲ,
1581 4316 1673 4372 ’ίνα
1727 4319 1911 4373 πιστοὶ
1967 4314 2056 4373 ὅν-

392 4423 479 4466 τες
535 4406 626 4460 καὶ
687 4407 839 4480 αύτῷ
893 4407 1226 4471 ἀνατιθέντες
1283 4411 1433 4482 ἡμᾶς
1506 4429 1564 4463 τε
1619 4409 1710 4464 καὶ
1763 4407 1934 4463 πάντα
1987 4409 2056 4464 τὰ

389 4494 508 4546 καθ’
556 4496 728 4568 ἡμᾶς,
761 4495 1117 4573 ἀγαπώμεθα,
1151 4499 1226 4562 ὡς
1277 4498 1368 4554 καὶ
1427 4497 1760 4574 εὐγνώμονες
1813 4498 1902 4552 καὶ
1961 4498 2052 4553 πί-

393 4603 506 4636 στιν
540 4579 764 4659 ἴχοντες
796 4587 885 4641 καὶ
914 4588 1186 4643 Δεσπότου
1217 4585 1379 4661 ἄξιοι,
1416 4587 1508 4642 γαὶ
1550 4588 1698 4653 θετοὶ
1742 4586 1889 4660 αὖτῷ
1940 4587 2050 4643 υἱοὶ

393 4670 483 4724 καὶ
515 4674 628 4736 θεοί
658 4693 671 4744 ;

467 4779 551 4832 ιθ’⁶
587 4779 795 4858 Ἀγάπη
827 4803 886 4838 τε
926 4783 1016 4838 οὖν
1048 4784 1195 4840 οὕτω
1225 4782 1407 4840 τελεία
1438 4785 1789 4862 παραπέφυκε
1835 4785 1902 4858 τῇ
1931 4804 2052 4839 τοι-

391 4865 524 4942 αύτῃ
576 4870 817 4944 νηστεία,
872 4873 933 4942 ἣν
1004 4873 1216 4948 ἀγάπην
1287 4871 1561 4935 πολλάκις
1644 4873 2049 4950 έθεατρίσαμεν,

389 4957 742 5031 σεμνύναντες
800 4962 1225 5040 πομπικώτερον
1288 4963 1378 5018 καὶ
1438 4961 1767 5037 Λαμπρότης
1826 4961 2049 5038 ἀγγελι-

386 5047 482 5114 κή,
515 5047 742 5124 πρὸς-δὲ
799 5051 1032 5124 μίμησιν
1089 5053 1177 5107 καὶ
1243 5054 1419 5123 θεϊκή.
1455 5053 1515 5110 Ὁ
1575 5053 1676 5128 γὰρ
1734 5052 1787 5106 ἐν
1843 5051 2048 5125 τῷ,ὡς

386 5133 606 5212 έῤῥέθη,
646 5140 924 5210 νηστεύειν
985 5141 1496 5220 ἀποφορτιζόμενος
1549 5143 1616 5196 τά
1670 5143 1916 5218 περιττὰ,
1957 5143 2048 5197 καὶ

387 5225 461 5279 ὧν
523 5223 676 5282 οὐδὲν
737 5226 986 5294 ούδόλως
1069 5227 1291 5310 ὄφελος,
1349 5229 1575 5305 ὕπερθεν
1635 5237 1738 5305 γῆς
1797 5229 2048 5306 φέρεσθαι

381 5317 809 5388 γνωματεύεται,
859 5319 950 5374 καὶ
1012 5317 1165 5374 οὐδὲν
1215 5322 1510 5394 προσήκειν
1563 5318 1721 5392 αὐτῇ,
1756 5322 1838 5381 οἷς
1893 5317 2046 5374 οὐδε-

382 5402 434 5456 νὶ
483 5409 591 5459 τῶν
645 5405 853 5482 γηΐνων
908 5407 1207 5484 ἐνίσχεται,
1241 5406 1388 5463 ἀλλά
1443 5407 1618 5462 πάντα
1671 5409 1819 5462 κάτω
1871 5407 2048 5482 ἀφιεὶς

381 5495 490 5545 τῶν
542 5493 802 5551 ἀνωτάτω
859 5497 1084 5573 γίνεται.
1143 5497 1264 5552 Ἐὰν
1324 5493 1383 5550 δὲ
1436 5500 1619 5568 τοῦτο,
1678 5496 1896 5559 πάντως
1956 5498 2044 5551 καὶ

381 5579 502 5636 ἀντὶ
563 5591 881 5658 σωματικοῦ
967 5585 1299 5664 θεωρητικὸς
1371 5579 1702 5658 ἀπεκϐαίνει,
1760 5585 1836 5647 ὡς
1922 5585 2037 5641 ἀντὶ

459 5763 482 5798 ²
510 5763 716 5824 Matth.
751 5784 809 5838 x,
842 5769 933 5824 42.

2081 4712 2130 4778 D

2175 3433 2507 3489 misericors
2564 3446 2868 3501 nunquam
2918 3430 3108 3500 taret).
3157 3429 3276 3484 sed
3307 3426 3408 3483 Dei
3461 3441 3694 3498 quoque
3726 3425 3823 3480 in-

2173 3523 2380 3595 primis
2427 3519 2649 3574 amicus
2700 3535 2829 3574 esse
2888 3517 3213 3589 apparebit.
3291 3519 3424 3580 Quae
3501 3515 3658 3570 enim
3719 3511 3821 3568 Dei

2171 3615 2332 3675 sunt,
2367 3615 2478 3665 Deo
2510 3608 2701 3664 reddit
2731 3607 2828 3678 qui
2860 3606 3006 3662 dixit
3037 3622 3050 3660 :
3091 3628 3119 3656 «
3151 3605 3551 3675 Quodcunque
3574 3603 3820 3658 minimo

2172 3717 2241 3756 ex
2289 3699 2418 3754 istis
2463 3696 2745 3753 fratribus
2789 3702 2845 3751 et
2892 3695 3076 3750 servis
3124 3694 3338 3764 facitis,
3385 3692 3530 3749 mihi
3581 3691 3688 3764 ipsi
3737 3691 3820 3745 fe-

2171 3788 2374 3845 ceritis
2403 3789 2446 3841 ².
2479 3791 2606 3842 Non
2637 3785 2793 3841 enim
2842 3801 3061 3854 servos,
3096 3800 3348 3855 quorum
3406 3799 3510 3854 pro
3560 3786 3821 3852 tempore

2171 3877 2394 3934 domini
2421 3893 2654 3946 sumus,
2688 3875 2956 3930 mercede
2987 3874 3332 3929 defraudare
3363 3872 3423 3927 in
3469 3871 3666 3927 animo
3716 3869 3819 3924 ha-

2171 3969 2400 4034 bemus,
2437 3969 2537 4021 aut
2564 3981 2632 4020 ea
2677 3981 2803 4036 quae
2835 3964 3100 4036 ipsorum
3149 3968 3290 4018 sunt
3333 3961 3393 4015 in
3441 3959 3820 4017 commodum

2169 4061 2441 4112 nostrum
2492 4059 2716 4110 vertere
2761 4051 3149 4118 intendimus,
3195 4051 3328 4106 licet
3395 4049 3634 4106 maximi
3701 4047 3822 4106 sint

2170 4142 2473 4200 momenti.
2517 4147 2668 4197 Deus
2717 4141 2872 4196 enim
2925 4140 3149 4195 omium
3201 4157 3330 4210 quae
3374 4138 3666 4194 exsistunt
3695 4153 3819 4192 mo-

2170 4227 2403 4289 derator
2432 4231 2574 4286 talia
2605 4229 2851 4301 respuit,
2885 4231 3054 4299 cujus
3093 4233 3184 4284 est
3210 4233 3366 4284 terra
3414 4227 3661 4298 ejusque
3691 4225 3821 4296 ple-

2166 4322 2395 4378 nitudo.
2429 4325 2470 4375 E
2501 4323 2706 4374 contra
2729 4318 2856 4374 vult
2900 4322 2967 4373 ut
3024 4316 3224 4373 fideles
3282 4321 3339 4371 et
3394 4314 3678 4371 submissi
3711 4329 3819 4369 nos

2166 4409 2415 4466 invicem
2448 4423 2716 4463 amemus
2746 4407 2974 4462 sincero
3007 4407 3180 4462 corde
3210 4405 3262 4460 ei
3296 4404 3410 4460 fide
3441 4404 3816 4473 inconcussa,

2167 4502 2249 4556 ita
2281 4507 2346 4554 ut
2371 4498 2621 4555 Domino
2652 4497 2817 4569 digni
2845 4496 2950 4551 ﬁlii
2983 4494 3340 4568 adoptionis,
3395 4493 3515 4550 imo
3572 4492 3655 4548 dii
3684 4509 3816 4550 eva-

2161 4591 2395 4646 damus.

2235 4785 2324 4842 19.
2359 4783 2482 4840 Tali
2511 4784 2741 4856 jejunio
2775 4783 3080 4840 charitatis
3112 4783 3367 4839 adhaeret
3395 4780 3626 4854 qualem
3659 4795 3813 4852 saepe

2162 4891 2295 4931 cum
2331 4891 2566 4947 pompa,
2599 4873 2910 4946 splendore
2942 4873 3198 4943 angelico
3220 4877 3278 4928 et
3299 4887 3458 4928 more
3490 4876 3602 4926 Deo
3633 4871 3812 4943 digno

2159 4966 2221 5021 in
2254 4981 2431 5021 scena
2460 4964 2870 5036 produximus.
2923 4964 3031 5028 Qui
3085 4962 3266 5030 enim,
3325 4965 3392 5018 ut
3444 4961 3666 5016 dictum
3700 4963 3811 5029 est,

2159 5053 2562 5127 perjejunium
2578 5053 2732 5124 quod
2747 5052 3113 5124 superﬂuum
3127 5050 3522 5122 est,etquibus
3535 5065 3682 5121 opus
3697 5066 3815 5105 non

2159 5144 2336 5198 habet
2365 5143 2635 5215 abrogat.
2687 5142 2860 5197 rebus
2919 5141 3299 5197 terrestribus
3357 5140 3718 5212 superiorem
3753 5155 3816 5195 se

2160 5231 2494 5297 annuntiat,
2526 5236 2582 5286 ct
2612 5231 2682 5286 iis
2713 5248 2843 5302 quae
2873 5230 3026 5285 infra
3057 5234 3199 5286 sunt
3225 5228 3463 5285 omissis
3487 5229 3557 5284 ad
3589 5244 3657 5284 ea
3686 5244 3814 5298 qua

2157 5323 2473 5376 desursum
2506 5325 2647 5376 sunt
2679 5320 2886 5376 tendit.
2921 5321 3052 5384 Quae
3087 5321 3132 5374 si
3162 5321 3244 5374 ita
3275 5335 3335 5374 se
3382 5319 3622 5384 habent,
3654 5316 3812 5372 idem

2157 5428 2225 5467 ex
2250 5410 2483 5465 homine
2515 5411 2817 5465 mundano
2841 5409 3168 5481 spiritualis
3199 5410 3423 5475 evadet;
3449 5413 3631 5463 totum
3657 5407 3814 5464 enim

2157 5517 2238 5567 se,
2275 5517 2422 5556 vana
2442 5499 2706 5555 terrestri
2733 5500 2851 5554 vita
2872 5496 3596 5569 omissa,contemplationi
3631 5513 3692 5553 se
3714 5497 3812 5552 de-

2158 5590 2398 5661 det,quo
2432 5588 2498 5644 ﬁt
2529 5587 2807 5658 veluti,ut
2837 5603 3049 5644 nomen
3082 5587 3279 5660 ipsum
3313 5586 3809 5659 indicat,Deusin
