4082 6368
281 429 396 490 691
1057 428 1484 489 EUSTATHII
1528 425 2300 489 THESSALONICENSIS
2346 424 2936 486 METROPOLITE
3597 424 3719 484 692

283 557 541 613 essentia
570 573 678 614 sua
710 557 782 613 ab
812 573 878 612 eo
911 557 1463 630 comprehendatur.
1499 559 1566 612 Et
1615 557 1756 628 quid
1790 571 1932 612 sane
1963 608 1972 623 Α

2086 552 2291 628 κράξεως
2317 560 2417 622 τῆς
2448 554 2568 625 περὶ
2609 551 2723 626 βίον
2753 551 2832 614 είς
2881 551 3109 628 θεωρίαν
3157 553 3255 619 τὴν
3309 547 3486 614 ὅντως
3546 573 3719 625 μετα-

287 647 449 703 aliud
507 646 680 702 homo
757 648 1014 720 prudens
1071 652 1128 702 et
1187 647 1288 718 qui
1369 647 1440 701 ad
1494 647 1736 702 meliora
1811 660 1937 701 sese

2086 643 2350 715 ιθέμενος,
2386 640 2455 696 δι’
2487 645 2553 710 ἧς
2587 641 2661 704 ὡς
2694 642 2782 695 καὶ
2813 640 2875 695 τὸ
2901 645 2998 695 τοῦ
3049 640 3319 713 ὀνόματος
3366 638 3570 715 ἔτυμον
3625 639 3718 710 δη-

289 735 544 808 accingit
576 736 768 805 faciet,
801 736 914 792 nisi
945 741 1009 792 ut
1039 754 1072 792 a
1097 737 1224 791 vita
1258 735 1519 791 tumultu
1578 736 1859 791 liberatus
1886 743 1941 789 et

2089 735 2164 798 οῖ,
2213 732 2341 792 Θεὸς
2384 732 2573 806 ὁρᾶται
2623 724 3204 803 καταλαμϐανόμενος.
3239 730 3307 786 Τί
3357 729 3464 804 γὰρ
3515 728 3580 784 ἂν
3626 731 3716 784 καὶ

289 841 500 898 parum
532 843 749 882 curans
784 827 993 896 iutilia,
1024 827 1174 881 bona
1191 842 1365 897 opera
1398 826 1660 897 perﬁciat
1682 831 1738 881 et
1766 826 1940 880 rebus

2086 822 2254 894 τοιήσῃ
2285 819 2424 875 ἀλλο
2469 821 2752 894 ἅνθρωπος
2803 814 3049 896 ἔμφρων,
3080 818 3320 888 καθάπαξ
3373 819 3564 874 ἑαυτὸν
3615 840 3718 873 πα-

292 914 560 972 honestis
590 932 739 987 quas
791 915 1128 986 cognoverit
1186 914 1656 971 studeat?ldem
1709 930 1943 986 quoque

2088 910 2543 982 ασκευασάμενος,
2577 907 2677 978 ἔξω
2712 909 2977 983 βιωτικῆς
3031 908 3165 962 εἶναι
3225 902 3454 984 τύρϐης,
3489 907 3581 962 καὶ
3641 909 3715 981 μὴ

295 1021 413 1059 non
444 1009 774 1060 statuarum
799 1005 998 1075 more,j
1011 1004 1206 1060 unctis
1235 1005 1514 1060 manibus
1540 1004 1940 1072 manducabit,

2086 1004 2331 1062 πονεῖσθαι
2390 999 2513 1073 περὶ
2567 998 2634 1052 τὰ
2679 998 2918 1072 βραχέος
2978 993 3096 1067 ἄξια
3150 995 3345 1072 λόγου,
3396 998 3432 1066 ἢ
3497 998 3719 1060 πάντως

294 1097 397 1149 aut
427 1092 1040 1165 disjuuctis,inertiam
1077 1110 1205 1166 quae
1237 1093 1519 1149 animalia
1551 1094 1722 1148 bruta
1753 1093 1941 1158 decet,

2088 1090 2328 1158 ενήσεται
2400 1086 2575 1142 ἄλλου
2637 1085 2800 1161 ἔργου
2865 1086 3194 1162 κρείττονος,
3253 1086 3344 1140 καὶ
3394 1088 3721 1162 περινοήσε-

293 1180 628 1238 simulando
685 1181 986 1238 hominem
1047 1199 1108 1238 se
1165 1182 1505 1248 nuntietur;
1541 1183 1660 1237 imo
1721 1182 1947 1237 ratione

2087 1199 2139 1232 αι
2177 1178 2241 1232 τὸ
2289 1173 2519 1232 κάλλιον
2573 1174 2956 1246 ἐπιλέξασθαι;
2993 1175 3098 1231 Καὶ
3158 1175 3218 1229 οὐ
3273 1177 3590 1252 συναγαγὼν
3641 1176 3720 1230 τὼ

294 1269 452 1326 salva
509 1270 728 1326 talibus
799 1271 1116 1327 clientibus
1194 1272 1399 1327 habita
1475 1271 1780 1343 (fratribus
1842 1287 1944 1323 au-

2086 1272 2210 1342 [εῖρε
2237 1264 2566 1333 καθεδεῖται,
2599 1265 2672 1326 ὡς
2735 1266 2846 1319 οἷον
2910 1262 3152 1339 ἄγαλμα,
3184 1263 3220 1333 ἢ
3263 1263 3718 1337 ἀνακλινάμενος,

293 1363 411 1415 tem
443 1359 744 1415 conservis
803 1361 1162 1432 pauperibus
1193 1361 1460 1431 inquam)
1492 1359 1780 1416 sacriﬁcia
1808 1377 1948 1431 prse-

2086 1355 2242 1431 pyiuv
2299 1353 2522 1430 ἀλόγοις
2563 1353 2870 1428 πρέπουσαν
2934 1351 3295 1427 ἀναλήψεται,
3329 1354 3420 1408 καὶ
3481 1354 3576 1408 τὸν
3632 1352 3728 1408 ἅν·-

293 1445 492 1502 stabit.
553 1447 643 1502 Illi
701 1447 859 1504 enim
917 1453 1126 1520 sponte
1178 1454 1416 1505 current
1458 1454 1515 1505 et
1573 1449 1786 1518 vivent,
1844 1465 1948 1520 op-

2086 1465 2275 1520 »ρωπον
2337 1445 2478 1499 οὕτω
2538 1445 2824 1518 ψεύσεται·
2889 1441 3038 1499 ἀλλά
3098 1443 3234 1498 κατὰ
3291 1442 3466 1517 λόγου
3529 1443 3722 1519 είρμοῦ

293 1536 444 1592 tima
474 1553 722 1610 quasque
752 1539 813 1592 in
843 1555 977 1593 eum
1009 1538 1313 1594 conferent
1347 1556 1360 1605 ;
1395 1539 1521 1610 ipse
1552 1543 1744 1593 autem
1773 1537 1951 1592 rebus

2087 1533 2276 1589 οικότα
2315 1533 2632 1608 ἐπιτρόποις
2679 1531 2950 1594 τοιούτοις
2985 1531 3136 1606 (τοὺς
3165 1529 3437 1608 ἀδελφοὺς
3490 1529 3550 1587 δὲ
3595 1535 3722 1589 κάν·

301 1641 366 1681 e
395 1625 764 1698 dignioribus
806 1627 1068 1683 studebit
1098 1632 1296 1699 utpote
1326 1627 1499 1682 homo
1532 1631 1807 1699 spectatae
1837 1627 1952 1682 vir-

2086 1627 2230 1687 ἀὖθα
2285 1622 2375 1677 xui
2431 1619 2762 1682 συνδούλους
2815 1621 3051 1691 πένητας
3112 1619 3284 1696 λέγω)
3331 1621 3401 1675 τὰ
3451 1622 3574 1675 καθ’
3607 1622 3724 1677 ἑαυ-

306 1714 450 1770 tutis
482 1719 540 1770 et
595 1716 699 1786 qui
758 1717 935 1772 rebus
993 1715 1284 1772 indecoris
1341 1733 1579 1788 operam
1640 1733 1854 1772 navare
1883 1716 1953 1770 de

2086 1713 2151 1766 τὸν
2211 1711 2442 1778 ἀναθεὶς,
2481 1712 2533 1765 οἳ
2578 1712 2667 1765 xui
2717 1710 2869 1765 αὐτοὶ
2924 1709 3203 1784 ἒρψονται,
3232 1709 3322 1764 καὶ
3380 1707 3716 1782 ἐνδύσονται,

307 1803 599 1875 dignatur.
657 1805 967 1860 Artiﬁcum
1026 1805 1182 1861 idem
1266 1805 1506 1861 honoris
1582 1805 1952 1877 cupidorum,

2086 1802 2152 1856 :ui
2185 1800 2328 1856 οὕτω
2356 1802 2602 1871 ζήσουσι,
2625 1801 2715 1856 καὶ
2757 1801 2906 1872 αὐτῷ
2954 1797 3012 1855 δὲ
3068 1799 3134 1854 τὰ
3187 1797 3416 1874 κρείττω
3479 1799 3722 1876 πορίσον-

304 1890 424 1945 imo
455 1889 854 1962 operariorum
887 1891 1217 1964 vulgarium
1264 1892 1599 1964 exemplum
1653 1898 1952 1965 sequetur,

2086 1912 2172 1962 rut,
2234 1889 2392 1950 αὐτὸς
2466 1887 2608 1944 ἄλλο
2659 1911 2711 1944 τι
2777 1894 3201 1964 μεταχειριεῖται
3282 1890 3715 1965 προσφυὲστερον

2197 1984 2224 1993 ~
2309 1979 2321 1996 ι
2409 1975 2467 1996 Ἰῗὶ
2544 1977 2556 1996 Ἰ
2603 1975 2686 1996 δι’.
2867 1979 2880 1996 \
3070 1975 3111 1996 ΙΝ
3237 1977 3250 1996 θ
3293 1988 3312 1996 Α
3379 1979 3391 1996 1
3593 1980 3607 1996 ι
3692 1979 3705 1996 \

305 1978 494 2049 quiex
542 1979 806 2036 artiﬁciis
859 1981 1157 2037 fortunam
1208 1985 1268 2038 et
1310 1999 1522 2038 nomen
1575 1983 1794 2055 adepti,
1829 1999 1952 2038 ma-

2086 1984 2260 2052 ιαυτῷ,
2293 1979 2369 2041 ὡς
2398 1975 2506 2049 ἤδη
2541 1975 2740 2051 ἐνδόξῳ
2797 1979 2883 2032 καὶ
2951 1975 3177 2052 μεγάλῳ
3225 1977 3497 2052 ἀνθρώπῳ
3521 1980 3608 2033 καὶ
3641 1979 3712 2052 μή

301 2083 488 2123 nuum
519 2085 696 2140 opera
752 2085 816 2124 se
857 2070 1140 2139 ditarunt,
1194 2075 1396 2142 postea
1451 2087 1584 2126 vero
1625 2072 1777 2128 altos
1836 2072 1955 2143 spi-

301 2155 453 2212 ritus
485 2162 872 2228 sumpserunt
903 2164 960 2214 et
991 2164 1114 2216 arte
1145 2161 1238 2216 cui
1269 2160 1505 2216 divitias
1548 2178 1686 2217 suas
1743 2162 1958 2216 debent

299 2245 362 2300 in
420 2251 758 2318 contemptu
811 2246 1034 2315 habita,
1097 2265 1294 2304 rerum
1352 2249 1777 2320 acquisitarum
1829 2251 1955 2321 jac-

299 2337 435 2389 tura
465 2334 619 2390 i‘acta
649 2335 1036 2392 nihilominus
1069 2337 1251 2393 solem
1313 2337 1510 2409 ipsum
1543 2347 1956 2410 aspernantur,

304 2427 479 2494 atque
545 2425 946 2480 instrumenta
999 2426 1164 2497 prius
1223 2427 1509 2482 salutaria
1565 2427 1625 2482 in
1685 2428 1847 2482 fumo
1904 2430 1962 2482 et

308 2509 492 2579 clavo,
526 2514 724 2584 potius
781 2531 915 2570 vero
971 2515 1029 2569 in
1083 2514 1332 2587 caligine
1388 2517 1776 2588 suspendunt.
1810 2521 1960 2571 Dum

310 2606 508 2657 autem
540 2602 752 2658 limum
802 2620 979 2660 suum
1031 2621 1145 2660 non
1196 2604 1476 2676 simplici,
1511 2607 1610 2662 sed
1657 2623 1833 2662 aureo
1866 2623 1962 2661 co-

309 2689 432 2746 lore
462 2691 702 2764 tingunt
751 2697 807 2748 et
862 2693 1038 2765 capiti
1100 2694 1603 2766 pulchritudinem
1664 2695 1962 2752 caelestem

308 2779 586 2848 induunt,
616 2798 744 2852 quas
774 2786 971 2838 autem
1003 2800 1184 2855 supra
1213 2799 1340 2839 eam
1363 2785 1652 2840 exsistunt
1681 2785 1794 2841 alio
1824 2801 1966 2856 quo-

311 2868 448 2924 dam
477 2870 651 2926 modo
681 2875 986 2939 exornant,
1021 2872 1334 2944 antiquum
1367 2873 1653 2929 artiﬁcem
1687 2874 1966 2945 abjurant

308 2961 366 3013 et
394 2958 625 3031 regium
653 2976 877 3016 morem
909 2960 1366 3032 amplectuntur.
1407 2968 1560 3017 Dum
1591 2963 1750 3019 enim
1781 2963 1964 3018 vitam

307 3048 609 3118 puriorem
640 3050 809 3122 sequi
837 3050 1180 3120 instituunt,
1215 3067 1382 3123 reges
1412 3067 1541 3108 esse
1573 3057 1898 3124 coeperunt.

2064 2070 2328 2144 πρέποντι
2392 2073 2668 2129 ταπεινοῖς
2725 2062 3052 2142 ἐντρίϐεσθαι
3111 2067 3412 2141 πράγμασι.
3474 2069 3576 2124 Καὶ
3634 2088 3716 2140 μι-

2071 2160 2300 2231 μήσεται
2385 2156 2712 2232 φιλοτίμους
2795 2155 3067 2232 τεχνίτας,
3126 2154 3200 2210 ὦν
3254 2156 3346 2211 καὶ
3427 2156 3716 2232 βαναύσους

2068 2246 2206 2302 ἔστιν
2271 2247 2362 2310 οὓς
2421 2245 2527 2301 ἴδοι
2584 2268 2667 2309 τις
2729 2245 2810 2317 ἂν,
2844 2247 2896 2301 οἳ
2941 2245 3136 2302 ἐκτῶν
3187 2247 3326 2300 κατά
3381 2245 3579 2322 τέχνην
3635 2243 3713 2321 ἔρ-

2067 2358 2173 2412 γων
2207 2336 2366 2391 ἱκανά
2412 2357 2787 2410 πορισαμενοι,
2828 2335 2917 2391 καὶ
2976 2337 3051 2397 ὡς
3113 2337 3228 2390 οἷον
3292 2333 3704 2414 ἐλλαμφθέντες,

2070 2429 2152 2488 οἷς
2203 2425 2688 2502 χρηματισάμενοι
2744 2424 2996 2498 πλοῦτον,
3029 2422 3205 2480 πολὺν
3265 2422 3704 2499 περιέθεντο,τοῦ

2071 2514 2271 2570 λοιποῦ
2319 2515 2642 2592 ὑπέρφρονες
2675 2510 3020 2569 ἀναϐαίνουσι
3075 2515 3162 2569 καὶ
3224 2521 3324 2584 τῆς
3378 2515 3700 2588 θρεψαμένης

2071 2603 2448 2660 πλουτοποιοῦ
2500 2603 2699 2679 τέχνης
2753 2604 2826 2667 ὥς
2881 2624 3028 2665 τινος
3059 2603 3284 2678 ἀχρείου
3329 2601 3691 2677 καταχρεμψά-

2078 2715 2250 2767 μενοι,
2285 2692 2396 2764 καὶ,
2430 2693 2822 2766 ἐξαθερίσαντες
2881 2693 2972 2747 τὸν
3015 2691 3216 2756 ἆκεῖθεν
3261 2691 3347 2746 καὶ
3391 2689 3539 2745 εἰσέτι
3589 2709 3687 2743 πο-

2074 2783 2289 2857 ρισμὸν,
2347 2781 2458 2850 xui,
2513 2782 2541 2836 ὃ
2601 2780 2668 2850 δὴ
2729 2780 2964 2858 λέγεται,
3021 2782 3113 2836 τὸν
3172 2779 3334 2851 ἥλιον
3387 2779 3692 2855 περιφρονή-

2075 2892 2282 2939 σαντες,
2349 2872 2480 2945 ὑπὲρ
2537 2876 2744 2926 καπνοῦ
2823 2872 2916 2944 μὲν
2975 2873 3010 2941 ἢ
3069 2869 3372 2938 πασσάλου,
3428 2870 3496 2924 τὰ
3541 2866 3703 2922 πλείω

2077 2957 2133 3014 δῖε
2205 2959 2295 3014 καὶ
2385 2960 2488 3014 ὑπὸ
2573 2959 2752 3032 σκότῳ
2844 2959 2912 3014 τὰ
2999 2960 3191 3033 πρώην
3279 2957 3413 3037 φίλα
3495 2955 3708 3020 τιθέασιν

2076 3044 2305 3125 ὄργανα·
2367 3047 2711 3111 ἐσκευακότες
2801 3046 2858 3103 δὲ
2938 3049 3032 3104 τὸν
3096 3050 3214 3103 κατ’
3271 3045 3472 3110 αὐτοὺς
3550 3043 3716 3116 πηλὸν

309 3131 386 3195 εἷς
472 3133 774 3211 ἐπίχρωσιν
855 3137 962 3213 οὐχ
1044 3137 1232 3200 ἁπλῶς
1309 3136 1656 3212 λάμπουσαν,
1717 3139 1862 3194 ἀλλά
1921 3135 2012 3193 καί
2090 3138 2412 3213 ἐπίχρυσον,
2469 3139 2559 3192 καὶ
2615 3139 2714 3207 τὴν
2780 3138 2875 3211 μὶν
2935 3135 3179 3216 κεφαλὴν
3239 3137 3314 3199 ὡς
3369 3135 3446 3198 εἷς
3505 3134 3720 3211 οὖροινοῦ

309 3221 518 3286 κάλλος
577 3224 953 3296 εὐθεείσαντες,
1001 3229 1068 3282 τὰ
1151 3226 1208 3283 δὲ
1289 3228 1376 3283 ὑπ’
1436 3229 1601 3298 αὐτὴν
1688 3225 1871 3304 ἕτερον
1950 3226 2150 3303 τρόπον
2238 3225 2644 3304 έξωραίσαντες,
2701 3227 2790 3282 τὸν
2879 3227 2973 3299 μὶν
3059 3225 3232 3282 πάλαι
3316 3225 3570 3300 τεχνίτην
3648 3221 3722 3293 ἒξ-

317 3311 595 3383 όμνυνται,
647 3314 722 3377 είς
781 3313 837 3370 δὲ
891 3316 958 3372 τὰ
1019 3315 1268 3392 βασίλεια
1326 3313 1731 3393 παραϐύσαντες
1790 3317 2045 3380 ἑαυτούς·
2102 3315 2154 3371 οτί
2196 3339 2256 3392 γε
2308 3319 2719 3393 καθαρειότερον
2774 3314 3030 3390 ἑλόμενοι
3091 3319 3206 3390 ζῇν,
3264 3316 3316 3370 οἱ
3375 3313 3579 3370 πολλοὶ
3641 3310 3728 3367 xui

322 3397 598 3475 βασιλικοὶ
631 3399 1009 3461 ἀποϐαίνουσι.

392 3509 483 3564 20.
529 3512 674 3566 Cum
724 3511 904 3583 igitur
958 3513 1054 3582 qui
1115 3513 1384 3586 religiose
1431 3516 1668 3587 jejunat
1720 3515 1970 3571 aliorum
2001 3517 2046 3584 α

325 3597 658 3669 exemplum
704 3601 970 3670 sequitur
1018 3606 1076 3657 et
1135 3603 1358 3658 nullam
1418 3621 1615 3660 rerum
1648 3604 1978 3678 vulgarium

336 3701 539 3742 curam
568 3703 787 3759 gerere,
821 3707 998 3745 unam
1029 3708 1164 3747 vero
1191 3709 1439 3764 eamque
1470 3694 1820 3764 praecipuam
1855 3711 1979 3749 am-

336 3772 535 3846 plecti,
568 3793 744 3848 quam
776 3796 1046 3835 summus
1080 3786 1229 3836 Deus
1262 3787 1438 3849 amat,
1474 3784 1629 3854 apud
1659 3801 1722 3840 se
1749 3784 1979 3854 statuit,

335 3863 491 3919 idem
544 3883 931 3940 quiscumque
990 3871 1061 3924 ad
1113 3871 1241 3926 vita;
1299 3871 1667 3927 severitatem
1721 3877 1984 3945 spectant

335 3952 654 4026 abjurabit,
689 3956 762 4012 iis
809 3956 950 4014 solis
1006 3959 1272 4026 studens,
1321 3977 1575 4031 quorum
1624 3962 1982 4033 operationis

336 4041 618 4100 beneﬁcio
651 4047 864 4102 bonam
923 4064 1100 4119 quam
1154 4048 1328 4122 elegit
1361 4054 1586 4121 partem
1642 4067 1759 4106 non
1817 4053 1985 4106 amit-

334 4134 437 4187 tet.
471 4133 618 4190 Fieri
650 4135 807 4191 enim
838 4153 954 4192 non
987 4141 1179 4209 potest
1225 4143 1290 4194 ut
1319 4138 1516 4208 homo,
1549 4155 1654 4194 nec
1686 4139 1785 4194 ubi
1817 4157 1982 4197 sum-

337 4237 500 4278 mum
531 4224 767 4280 virtutis
821 4226 1118 4298 fastigium
1174 4227 1454 4300 attigerit,
1514 4228 1609 4284 his
1653 4231 1980 4301 praesertim

334 4313 722 4385 temporibus,
775 4315 906 4371 vitae
962 4317 1275 4372 turbarum
1333 4316 1543 4372 saltem
1601 4316 1981 4389 aliquatenus

335 4400 628 4472 particeps
661 4419 790 4459 esse
847 4404 1095 4461 desinat.
1155 4410 1402 4462 Prorsus
1451 4406 1628 4476 enim,
1688 4411 1754 4462 ut
1813 4407 1980 4464 facile

335 4489 494 4544 cerni
551 4495 760 4561 potest,
811 4492 996 4565 glebae
1057 4495 1447 4564 adhaeremus,
1506 4513 1622 4550 non
1679 4496 1976 4568 reptilium

333 4578 741 4636 tantummodo
773 4581 844 4637 ad
892 4581 1080 4639 instar
1121 4589 1410 4655 repentes,
1470 4599 1654 4655 neque
1686 4585 1980 4641 subterra-

332 4665 504 4722 neiet
534 4668 668 4724 caci
701 4671 787 4726 uti
818 4670 988 4744 talpae
1025 4671 1291 4728 tellurem
1317 4673 1602 4728 fodientes
1628 4692 1639 4729 :
1667 4675 1767 4729 sed
1801 4674 1978 4730 etiam

331 4771 510 4827 super
537 4759 693 4813 terra
723 4758 910 4815 vivere
940 4764 998 4816 et
1047 4761 1220 4817 rectis
1260 4761 1508 4833 pedibus
1557 4762 1824 4820 incedere
1884 4779 1978 4818 re-

331 4853 627 4918 cusantes,
657 4867 729 4907 ne
760 4851 871 4923 ipsi
929 4853 1167 4924 quidem
1222 4852 1335 4908 arti
1390 4852 1711 4910 valedicere
1760 4855 1978 4926 satagi-

331 4952 484 5006 mus,
537 4941 708 5013 cujus
758 4957 865 5013 cpe
897 4958 990 4997 res
1048 4943 1303 4998 nefarias
1361 4956 1676 5014 operemur
1716 4947 1773 5000 et
1803 4945 1979 5002 rebus

330 5028 648 5087 mundanis
680 5020 946 5087 ccelestes
977 5031 1423 5103 posthabemus.

393 5316 484 5370 21.
518 5315 801 5382 Quocirca
829 5316 1024 5389 qui,ut
1054 5334 1235 5390 supra
1266 5318 1488 5374 dictum
1519 5323 1626 5388 est,
1660 5319 1976 5376 imitatoris

324 5412 515 5474 partes
549 5404 944 5477 amplectitur,
977 5411 1034 5463 et
1086 5408 1226 5463 facit
1276 5413 1339 5462 ut
1368 5407 1406 5463 ii
1439 5411 1543 5481 qui
1599 5409 1815 5464 artium
1847 5408 1972 5464 loco

325 5492 513 5562 regios
543 5509 732 5550 mores
763 5499 1064 5552 sectantur
1092 5501 1149 5552 et
1199 5514 1300 5568 pro
1360 5499 1593 5569 regibus
1625 5497 1827 5553 haberi
1878 5514 1975 5569 ge-

323 5580 514 5635 stiunt
543 5582 682 5648 quia
701 5586 1105 5643 auctoritatem
1124 5587 1344 5659 regiam
1363 5588 1604 5644 artiﬁcis
1617 5586 1825 5642 humili
1843 5603 1975 5642 con-

323 5665 535 5722 ditioni
567 5671 898 5744 praeferunt,
933 5683 1014 5744 ut,
1049 5677 1201 5746 quod
1231 5677 1447 5733 mirum
1481 5694 1597 5733 non
1637 5680 1745 5744 est,
1780 5677 1837 5731 in
1873 5675 1973 5732 Dei

320 5754 621 5821 manibUS,
655 5758 794 5818 dum
825 5762 982 5835 vivit,
1015 5765 1147 5837 erit,
1201 5783 1315 5838 quo
1361 5767 1418 5822 in
1452 5770 1608 5823 statu
1654 5770 1713 5822 et
1741 5765 1971 5823 deside-

2154 3514 2219 3569 κ’.
2255 3511 2353 3567 Καὶ
2405 3509 2548 3566 οὕτω
2595 3512 2730 3586 πρὸς
2781 3509 3010 3584 μίμησιν
3071 3511 3099 3564 ὁ
3157 3510 3382 3583 ὑψίνους
3438 3508 3730 3580 νηπευτὴς

2092 3603 2276 3658 ἑαυτὸν
2343 3600 2624 3673 ἀποξέσας,
2677 3601 2765 3655 καὶ
2844 3599 3083 3672 καθάπαξ
3140 3598 3392 3675 κυρώσας
3443 3599 3570 3675 παρ’
3624 3599 3739 3653 ἰαυ-

2090 3697 2186 3764 τῴ,
2225 3693 2300 3764 μὴ
2334 3685 2616 3767 τυρϐάζειν
2647 3687 2771 3765 περί
2795 3687 3012 3752 πολλὰς
3071 3689 3163 3744 καὶ
3221 3686 3457 3764 χυδαίας
3503 3687 3740 3763 πράξεις,

2093 3779 2238 3836 ἀλλὰ
2285 3787 2413 3854 μιᾶς
2469 3780 2603 3835 εἶναι
2654 3787 2754 3845 τῆς
2811 3780 3131 3856 κορυφαίας,
3159 3778 3249 3834 καὶ
3297 3779 3359 3847 ἢν
3411 3779 3438 3832 ὁ
3477 3771 3744 3850 παμϐασι-

2094 3869 2220 3934 λεὺς
2276 3867 2429 3946 φιλεῖ
2483 3869 2631 3940 θεὸς,
2675 3869 2812 3923 ἅπαν
2877 3869 2970 3942 μὲν
3026 3865 3167 3924 ἄλλο
3219 3867 3415 3941 σεμνὸν
3477 3867 3739 3942 βιώσιμον

2092 3960 2427 4033 ἀπομόσεται
2479 3959 2616 4014 κατά
2662 3979 2726 4034 γε
2770 3959 2833 4014 τὸ
2881 3955 3187 4034 ἐγχωροῦν,
3220 3954 3510 4031 ἰπιλέγὸην
3567 3955 3743 4032 κρίνας

2091 4048 2309 4104 ἐκείνων
2365 4049 2498 4104 εἶναι
2536 4049 2625 4103 xui
2678 4049 2864 4121 μόνον,
2899 4048 2970 4102 ὧν
3015 4045 3419 4122 ἐνεργουμένων
3473 4044 3601 4100 οὐδὶ
3649 4050 3744 4113 τῆς

2093 4141 2292 4215 ἀγαθῆς
2347 4135 2569 4212 μερίδος
2615 4137 2891 4214 ἀφαίρεσιν
2945 4137 3226 4192 πείσεται·
3283 4135 3367 4190 ὅτι
3415 4131 3558 4208 μηδὲ
3606 4128 3741 4188 ἔστιν

2091 4227 2386 4304 ἀνθρώπῳ,
2439 4225 2552 4282 οὐδ’
2593 4223 2743 4304 εἷ’περ
2794 4226 2869 4289 είς
2931 4223 3093 4301 ἄκρον
3144 4226 3340 4301 ἀρετῆς
3401 4221 3742 4300 ὑπερελάσει,

2090 4317 2179 4372 καὶ
2216 4315 2451 4391 μάλιστα
2479 4314 2531 4370 έν
2590 4321 2708 4378 τοῖς
2754 4316 2898 4390 ἄρτι,
2935 4316 3010 4389 μὴ
3059 4315 3150 4370 καὶ
3213 4313 3333 4389 βίου
3384 4308 3745 4387 τυρϐαστικοῦ

2095 4407 2340 4482 μετέχειν
2396 4405 2786 4482 ἐφοποσονοῦν.
2820 4405 2966 4460 Πάνυ
3017 4405 3144 4481 γὰρ,
3187 4404 3262 4468 ὡς
3325 4401 3627 4479 βλέπομεν,
3677 4401 3744 4473 τῇ

2088 4501 2158 4570 γῇ
2219 4498 2684 4572 προστετήκαμεν,
2745 4493 2853 4571 οὐχ
2932 4491 3187 4568 ἕρποντες
3269 4491 3432 4567 μόνον
3494 4488 3588 4546 διὰ
3639 4494 3743 4546 τῶν

2091 4585 2282 4654 αὐτῆς,
2315 4581 2460 4640 ἀλλὰ
2483 4587 2550 4640 τὰ
2604 4583 2791 4641 πολλά
2835 4583 2928 4639 καὶ
2979 4581 3376 4656 ίλυσπώμενοι·
3417 4582 3635 4655 μήποτε
3691 4575 3744 4633 δὶ

2088 4673 2178 4729 καὶ
2231 4673 2503 4749 ὑπόγαιοι,
2537 4673 2855 4736 ἀκολούθως
2903 4670 2960 4728 δὲ
3019 4674 3108 4728 καὶ
3163 4671 3386 4750 τυφλοὶ,
3427 4670 3564 4726 κατὰ
3621 4667 3744 4730 τοὺς

2088 4761 2427 4832 ἀσπάλακας,
2457 4764 2526 4820 τὰ
2554 4764 2690 4818 κατὰ
2745 4770 2850 4839 γῆς
2905 4761 3199 4839 ὀχλοῦντες
3262 4760 3352 4816 καὶ
3414 4761 3745 4836 ὑπορύσσον-

2086 4874 2193 4924 τες,
2224 4852 2314 4908 καί
2351 4854 2425 4927 μὴ
2485 4854 2567 4908 ὅτι
2621 4873 2682 4928 γε
2738 4852 3011 4928 ὑπέργειοι
3072 4852 3146 4924 μὴ
3209 4847 3529 4913 σπεύδοντες
3590 4850 3740 4916 εἶναι,

2090 4941 2235 4999 ἀλλὰ
2289 4944 2380 4998 καὶ
2427 4942 2491 4998 τὸ
2544 4941 2621 5006 εἰς
2667 4941 2825 5018 ὀρθὸν
2891 4939 3128 5018 βαδίζειν
3179 4938 3626 5012 ἆπαναινόμενοι,
3657 4936 3741 4994 καὶ

2087 5035 2183 5101 τῆς
2257 5034 2520 5102 συνήθους
2608 5032 2810 5105 τέχνης
2877 5029 2976 5086 οὐκ
3053 5029 3330 5093 ἰθέλοντες
3403 5028 3740 5104 ἀφίστασθαι,

2087 5121 2204 5176 καθ’
2235 5123 2299 5190 ἣν
2350 5121 2677 5196 τεχνώμεθα
2704 5120 2770 5175 τὰ
2823 5121 2899 5194 μὴ
2948 5120 3248 5194 πρέποντα,
3279 5119 3592 5194 τιμώμενοι
3642 5115 3741 5194 πρὸ

2083 5215 2190 5265 τῶν
2222 5209 2510 5266 ἀνωτάτων
2541 5211 2607 5264 τὰ
2633 5211 2812 5285 γήϊνα.

2155 5319 2256 5373 κα’.
2292 5317 2442 5380 Τέως
2498 5315 2544 5372 δ’
2591 5317 2680 5372 οὖν
2727 5318 2777 5388 ὁ,
2833 5318 2909 5380 ὡς
2965 5319 3391 5390 προεκτέθειται,
3457 5321 3734 5388 μιμεῖσθαι

2084 5406 2416 5482 προθέμενος
2453 5405 2579 5469 τοὺς
2610 5406 2716 5461 ἀπὸ
2768 5411 2977 5482 τεχνῶν
3035 5406 3112 5470 εἷς
3151 5406 3219 5462 τὰ
3281 5402 3530 5482 βασίλεια
3578 5422 3739 5480 παρα·

2083 5494 2403 5564 κύπτοντας,
2458 5497 2548 5550 καὶ
2606 5493 3037 5570 προελομένους,
3105 5493 3334 5572 βασιλέα
3387 5493 3577 5571 κύριον
3627 5493 3740 5548 ἐπι-

2083 5585 2399 5663 γράφεσθαι,
2460 5585 2549 5641 καὶ
2605 5585 2667 5640 τὸ
2724 5590 2971 5641 τοιοῦτον
3033 5585 3168 5660 ὕψος
3219 5584 3584 5661 προθεμένους
3643 5587 3740 5651 τῆς

2082 5677 2340 5750 τεχνικῆς
2390 5674 2775 5747 ὗποπτώσεως,
2823 5671 2969 5730 ἔσται
3024 5675 3112 5730 καὶ
3167 5673 3349 5746 αὐτὸς,
3391 5672 3441 5728 εί
3495 5671 3586 5727 καὶ
3641 5671 3738 5725 τοῦ

2088 5762 2208 5840 βίου
2269 5766 2406 5836 (πῶς
2452 5765 2554 5839 γὰρ
2603 5762 2717 5835 οὕς)
2747 5763 2775 5819 ὁ
2819 5758 2897 5819 ἔτι
2952 5763 3004 5820 ἐν
3071 5763 3176 5839 βίῳ
3223 5761 3372 5820 ἀλλὰ
3427 5762 3489 5817 τὸ
3545 5757 3737 5816 πλεῖον

3997 4077 3999 4194 ι
