4082 6358
392 409 512 470 693

1392 408 1472 467 ΙΝ
1520 407 1585 467 S.
1633 404 2316 477 QUADBAGESIMAM
2366 408 2659 470 ORATIO
2703 408 2804 471 ιν.

3687 407 3810 467 694

392 542 495 594 τοῦ
524 531 923 609 παμϐασιλέως
952 541 1089 592 Θεοῦ
1123 555 1137 570 ·
1170 536 1258 590 καὶ
1310 536 1556 605 ποθήσας
1584 533 1810 602 ἐκεῖνον,
1851 535 1912 589 τὸ
1949 535 2041 607 μὶν

2162 537 2246 591 rio
2279 537 2511 594 virtutis
2545 539 2798 595 sublime
2829 539 3168 594 exercitium
3201 543 3258 592 et
3289 538 3470 594 altum
3502 538 3805 611 fastigium

395 627 514 682 κατ’
576 627 772 702 ἀρετὴν
828 629 1134 700 μετάρσιον,
1209 625 1300 680 καὶ
1378 625 1441 679 τὸ
1520 623 1707 686 οὕτως
1766 622 2045 698 ἐγγυτάτω

397 718 534 794 πρὸς
570 716 758 789 ἐκείνῳ
791 714 880 770 διὰ
928 715 1157 784 θεωρίας
1212 715 1343 769 εἶναι
1379 712 1479 784 ἀεῖ,
1527 713 1722 788 ἀφησει
1752 718 1872 774 τοῖς
1905 711 2043 782 ἀλη-

398 809 506 868 θῶς
554 807 895 882 Ναζιραίοις,
953 806 1012 859 ὃν
1063 804 1312 874 ἐτάξαντο
1359 803 1444 859 ἐπὶ
1486 802 1733 878 ἀγγέλων
1782 803 1844 856 τὸ
1903 801 2045 856 οὕτω

397 897 654 960 πέτεσθαι
692 893 900 968 ὑψηλὰ,
963 895 1044 972 ὑφ’
1093 895 1164 948 ὧν
1214 892 1458 969 ἀγγέλων
1513 893 1601 946 καὶ
1633 891 1826 946 ἐκεῖνοι
1858 889 2046 964 αἶ’ρον-

397 1007 485 1041 ται
522 986 658 1059 ὑψοῦ
691 983 767 1040 εἷς
801 985 951 1040 Θεόν.
997 983 1094 1038 Καὶ
1153 984 1205 1038 οἱ
1250 981 1438 1038 λοιποὶ
1478 979 1535 1036 δὲ
1562 988 1663 1051 τῆς
1693 988 1792 1055 γῆς
1826 979 1918 1053 μέν
1953 980 2045 1033 ἄν·

398 1077 628 1147 θρωποι,
663 1077 795 1130 Θεοῦ
849 1071 906 1129 δὲ
961 1075 1037 1146 μὴ
1089 1069 1565 1144 ἐκλανθανόμενοι,
1598 1069 1808 1143 ὁμοίως
1845 1087 2046 1142 μεταρ-

392 1169 653 1234 σιοῦνται,
705 1163 780 1226 εἰς
831 1163 954 1218 ὅσον
1005 1162 1200 1233 ἔξεστιν
1238 1181 1250 1194 ·
1299 1161 1460 1223 αὐτὸς
1503 1157 1561 1215 δὲ
1608 1158 1794 1222 ἄλλως
1827 1157 2044 1228 ένευθη-

393 1257 546 1324 νήσει
601 1259 682 1326 τῷ
737 1253 975 1324 τοιούτῳ
1030 1249 1206 1324 καλῷ,
1257 1258 1358 1326 γῆν
1406 1240 1499 1323 μέν
1551 1243 1780 1326 τρίϐων,
1811 1247 1900 1302 καὶ
1940 1249 2041 1321 γῆς

395 1342 522 1422 ἔργα
566 1348 764 1412 ποιῶν,
828 1344 931 1398 ούκ
987 1340 1262 1419 ἐφέρματα
1322 1338 1528 1413 μέντοι,
1585 1338 1676 1394 καὶ
1735 1340 1823 1392 οἷα
1879 1356 2040 1410 μετα-

393 1442 569 1492 ποιεῖν
599 1434 761 1489 αύτὸν
795 1466 863 1476 —-
893 1429 1064 1487 δεινὸν
1098 1430 1216 1503 μὲν,
1245 1429 1288 1483 εἷ
1319 1429 1406 1484 καὶ
1450 1427 1524 1490 εἷς
1557 1427 1888 1502 αὐτόχρημα
1917 1430 2040 1501 γῆν,

398 1528 613 1598 μήποτε
661 1521 719 1578 δὲ
765 1522 856 1578 καὶ
910 1521 984 1582 εἰς
1042 1518 1346 1592 ὁμοιότητα
1405 1515 1685 1590 δαίμονος.
1734 1515 1946 1570 Ἀνύσει
1987 1511 2045 1569 δὲ

393 1614 560 1688 τὸμή
600 1612 932 1690 ἐφάρματον,
983 1606 1252 1681 καθαίρων
1297 1609 1398 1676 τὴν
1454 1605 1504 1660 ἓν
1557 1604 1703 1677 αύτῷ
1751 1612 1853 1680 γῆν
1904 1603 2040 1658 ἁπά-

397 1725 496 1774 σης
555 1699 921 1778 φαυλότητος,
978 1698 1069 1752 καὶ
1141 1696 1398 1766 τοιαύτην
1469 1695 1868 1759 ἀποκαθιστῶν,
1924 1691 2040 1746 οἵαν

398 1792 540 1862 ἀξίαν
576 1790 708 1845 εἶναι
761 1792 880 1860 Θεῷ
926 1787 1278 1858 κηπεύεσθαι,
1324 1785 1386 1839 τὸ
1429 1782 1485 1838 δὲ
1545 1784 1800 1858 μέγιστον
1850 1781 2039 1837 εἰπεῖν.

394 1881 669 1952 ἀξιοῦσθαι
728 1876 802 1938 εἷς
856 1881 1045 1952 χεῖρας
1105 1879 1238 1930 Θεοῦ
1295 1878 1527 1941 κεῖσθαι,
1566 1871 1656 1926 καὶ
1706 1871 1780 1934 εἷς
1842 1870 2119 1970 ἀνθρω-Β

392 1991 495 2025 πον
556 1967 933 2023 πλάττεσθαι·
969 1964 1137 2019 εἰπεῖν
1199 1960 1258 2017 δὲ
1305 1961 1494 2024 ἄλλως
1542 1961 1616 2024 εἷς
1663 1961 1726 2016 τὸ
1781 1961 2041 2038 σαφέστε-

397 2079 512 2135 ρον,
567 2054 720 2133 εἷίπερ
772 2055 956 2110 ἑαυτὸν
1005 2047 1226 2115 ἕκαστος
1288 2051 1721 2126 ἀποκαθαίρομεν
1782 2054 1890 2104 τῶν
1947 2049 2046 2105 ὅσα

396 2147 495 2204 ούκ
550 2141 690 2201 ἔστιν
743 2143 936 2213 εἰπεῖν,
995 2143 1077 2196 ὅτι
1139 2139 1483 2196 συντελοῦσιν
1558 2139 1633 2203 εἰς
1683 2139 1862 2218 φύσιν,
1922 2138 2046 2194 οὔτε

402 2237 508 2312 μὴν
550 2239 838 2290 συνιττῶσι
875 2233 976 2301 τὴν
1028 2230 1225 2287 πλάσιν
1265 2229 1355 2286 καὶ
1404 2231 1500 2300 τὴν
1543 2230 1889 2305 ἀνθρωπίνην
1925 2227 2046 2283 σύν-

404 2338 566 2396 θεσιν,
595 2322 631 2395 ἤ
665 2322 1076 2396 ἀπαρτίζουσιν,
1105 2319 1142 2390 ἥ
1164 2321 1579 2396 περισώζουσιν.

470 2433 576 2509 κβ’.
610 2431 734 2487 Οἶόν
766 2452 821 2486 τι
865 2429 1013 2504 λέγω
1048 2448 1060 2462 ’
1105 2426 1328 2484 Δέδοταί
1375 2448 1484 2482 σοι.
1536 2427 1582 2480 ὧ
1632 2425 1806 2488 οὗτος.
1842 2423 2047 2502 ὀφθαλη

404 2543 506 2598 μρν
538 2521 780 2597 συζυγία.
819 2517 998 2576 Βλέπε
1046 2514 1136 2572 οῦν
1189 2514 1490 2578 ἀκωλύτως
1526 2537 1539 2550 ο
1582 2514 1729 2571 ἀλλὰ
1763 2517 1839 2588 μὴ
1872 2515 2046 2589 παρά-

397 2608 588 2685 ϐλεπε,
617 2611 686 2666 τὰ
730 2607 917 2664 πολλὰ
960 2606 1017 2663 δὲ
1061 2607 1151 2662 καὶ
1195 2607 1435 2680 κάμμυε.
1469 2608 1537 2664 Ἢ
1613 2606 1712 2682 γάρ
1754 2605 1814 2660 ού
1845 2625 2050 2682 παραγ-

397 2701 615 2776 γέλλειν
677 2697 822 2754 δοκεῖ
877 2701 1039 2752 τοῦτο
1097 2695 1187 2751 καὶ
1245 2699 1282 2766 ἡ
1343 2695 1502 2773 φύσις
1551 2695 1711 2764 αὐτὴ,
1759 2693 2050 2765 ἐπιτάξασα

402 2795 517 2851 τοῖς
581 2785 872 2863 βλεφάροις
928 2780 1267 2840 καταϐαίνειν
1339 2805 1398 2839 τε
1459 2783 1548 2838 καὶ
1598 2778 1902 2838 ἀναϐαίνειν
1962 2804 2050 2837 συ-

408 2877 534 2951 χνὰ,
570 2875 632 2930 ού
667 2874 851 2948 μόνον,
888 2873 980 2929 ’ίνα
1030 2873 1200 2936 οὕτὼς
1251 2876 1286 2943 ἡ
1333 2872 1637 2944 λεπτοτάτη
1674 2870 1916 2941 ἐπιπολὴ
1947 2879 2049 2942 τῆς

408 2987 467 3020 τε
489 2965 654 3041 κόρης
680 2965 769 3020 καὶ
809 2972 908 3034 τῆς
951 2963 1102 3040 πέριξ
1153 2964 1340 3039 χώρας
1385 2964 1708 3038 τεγγομὲνη,
1751 2963 1886 3037 μένῃ
1917 2962 2048 3032 ἀξῆ“

407 3075 621 3130 ραντος,
683 3054 769 3109 καὶ
833 3054 908 3127 μὴ
996 3051 1297 3128 βλάπτοιτο
1372 3055 1406 3122 ἡ
1467 3048 1590 3126 ὄψις
1647 3051 2044 3127 στεγανουμένη

403 3142 760 3220 κραυρότερυν
795 3162 808 3175 ⁵
869 3140 1014 3198 ἀλλὰ
1075 3141 1165 3196 καὶ
1227 3140 1304 3204 είς
1361 3143 1659 3214 μυστήριον
1713 3135 2052 3213 συμϐολικὸν

399 3237 498 3288 τοῦ
530 3235 731 3308 χρῆναι
777 3232 870 3287 τὸν
920 3229 1208 3308 ὀφθαλμὸν
1249 3231 1327 3304 μὴ
1357 3229 1438 3284 ἀεὶ
1470 3231 1783 3303 χασμᾶσθαι
1823 3227 2049 3304 ἀνεῳγό-

401 3343 487 3390 τα,
523 3321 662 3377 καθᾶ
711 3318 933 3383 λέοντος
981 3321 1072 3375 καὶ
1117 3317 1337 3395 λαγῳοῦ
1387 3317 1720 3396 περιᾴδεται,
1769 3318 1858 3373 καὶ
1891 3317 1944 3372 εἷ’
1967 3339 2046 3372 τι-

402 3432 493 3474 νος
549 3408 725 3467 ἄλλου
795 3409 1048 3465 τοιούτου
1109 3410 1171 3464 τὸ
1239 3410 1420 3472 ἀτενὲς
1501 3414 1887 3485 κατηγορεῖται
1946 3413 2047 3476 τῆς

405 3499 580 3573 ὅψεως
617 3519 629 3532 ⁸
665 3498 812 3556 ἀλλά
841 3519 974 3554 ποτε
1001 3499 1090 3554 καὶ
1122 3500 1315 3574 έκοντῇ
1336 3499 1524 3574 τρόπῳ
1562 3497 2049 3576 κατασφαλίζεσθαι

405 3589 588 3660 πύλης
647 3587 827 3660 δίκην,
885 3591 958 3662 μή
1019 3610 1102 3648 τις
1150 3588 1396 3658 κλέπτης
1451 3587 1716 3662 λογισμὸς
1761 3583 2052 3662 παρεισδὺς

408 3676 868 3754 λῃστρικώτερον,
937 3677 1046 3754 οὐχ
1121 3676 1408 3752 ὑποκλέψῃ
1496 3675 1710 3745 ἁπλῶς,
1759 3673 1906 3730 ἀλλὰ
1959 3674 2047 3729 καὶ

406 3767 698 3843 ἃφαρπάσῃ
758 3767 850 3823 τὸν
909 3767 1088 3832 θεόθεν
1133 3773 1234 3836 τῆς
1288 3769 1472 3842 ψυχῆς
1516 3765 1786 3840 θησαυρόν
1824 3784 1834 3796 ·
1869 3765 1927 3826 ὃς
1960 3764 2049 3819 καὶ

402 3852 492 3911 διὰ
521 3855 686 3932 θύρας
720 3857 922 3928 ταύτης
969 3853 1323 3925 εἷσοδιάζεται
1355 3853 1792 3929 πληθυνόμενος,
1825 3853 1914 3909 ὅτε
1943 3875 2049 3909 σωο

400 3948 616 4023 φρόνως
650 3948 701 4003 οἷ
731 3952 827 4002 τοῦ
855 3948 992 4003 κατὰ
1047 3952 1207 4021 σῶμα
1264 3942 1420 4002 οἷ’κου
1451 3944 1705 4002 δεσπόται
1738 3944 1998 4021 διάγομεν
2032 3967 2046 3980 ·

397 4034 459 4090 οὗ
496 4035 523 4091 ὀ
555 4037 686 4099 Θεὸς
734 4035 1029 4111 οῒκοδόμος
1077 4036 1515 4113 πεφιλοσόφηται
1553 4055 1567 4104 ;
1616 4035 1713 4089 Καὶ
1743 4031 1882 4089 ἔστιν
1917 4037 2044 4111 ὁρᾷν

400 4124 496 4198 μὲν
527 4127 694 4198 ἡμᾶς,
728 4127 802 4189 ὡς
828 4126 856 4179 ὁ
887 4126 1016 4188 Θεὸς
1063 4125 1334 4198 ἐπιθυμεῖ,
1388 4123 1618 4191 ὁπηνίκα
1667 4121 1788 4178 λεῖα
1843 4122 2046 4197 βλέπο-

401 4235 517 4286 μεν,
563 4215 756 4270 ταύτὸν
807 4213 853 4269 δ’
902 4215 1094 4286 εἰπεῖν,
1128 4214 1264 4289 πρὸς
1312 4213 1596 4284 εὐθύτητα,
1631 4211 1695 4282 ἣν
1741 4213 1841 4268 ούκ
1888 4209 2047 4289 ἔχου-

397 4323 477 4358 σιν
533 4305 605 4372 οἱ,
657 4306 794 4360 καθά
841 4325 925 4368 τις
986 4305 1046 4359 ἄν
1099 4301 1338 4380 δριμέως
1381 4300 1544 4374 εἷ’ποι,
1579 4297 1902 4379 στράϐωνες.
1939 4301 2045 4359 Εὐ-

393 4391 598 4463 θύτητα
647 4389 704 4448 δέ
750 4414 923 4473 φαμεν
973 4395 1072 4462 τήν
1125 4391 1212 4447 ἐπὶ
1265 4393 1466 4454 παντὸς
1503 4395 1600 4448 τοῦ
1651 4391 1790 4446 κατᾶ
1833 4397 2046 4466 πνεῦμα

389 4482 690 4555 νοουμένου
750 4487 1065 4557 σωματικοῦ
1129 4482 1324 4559 μορίου
1374 4477 1749 4560 ἆρῤέμϐαστον
1801 4479 2042 4553 πρόοδον

387 4570 479 4625 καὶ
541 4570 799 4636 ἱθυτενῶς
862 4573 1180 4645 τοξεύουσαν
1236 4571 1370 4628 κατὰ
1429 4576 1654 4639 σκοποῦ,
1718 4571 1907 4626 ὁποίαν
1978 4571 2045 4626 οὐ

2156 627 2471 696 desperans
2501 645 2633 684 vere
2662 629 2975 684 Nazarenis
3005 628 3300 683 concedet.
3333 631 3478 682 Eum
3511 628 3668 683 enim
3701 645 3808 684 an-

2157 717 2270 787 geli
2303 717 2359 770 in
2385 717 2638 772 sublime
2655 717 2887 773 volandi
2905 717 3240 772 facultatem
3255 717 3808 772 edocueruntviam-

2156 821 2269 875 que
2299 807 2370 860 ad
2404 811 2584 861 Deum
2619 807 2810 878 ipsum
2843 806 3036 861 volatu
3097 805 3471 878 perveniendi
3527 805 3578 859 ei
3637 821 3805 860 mon-

2155 901 2439 950 strarunt.
2472 898 2577 952 Sed
2607 896 2794 952 caeteri
2829 913 3062 967 quoque
3093 894 3376 950 mortales
3409 893 3508 965 qui
3539 893 3639 949 Dei
3685 911 3807 949 me-

2156 1000 2348 1038 mores
2380 989 2436 1038 et
2461 984 2713 1041 cultores
2743 985 3036 1049 exstitere,
3070 985 3194 1057 pari
3230 986 3396 1039 modo
3427 1000 3668 1038 sursum
3702 982 3808 1038 tol-

2153 1072 2368 1142 lentur,
2403 1073 2460 1127 in
2493 1079 2777 1145 quantum
2805 1075 2926 1130 fieri
2961 1074 3193 1146 poterit.
3228 1073 3502 1144 Alioquin
3533 1073 3692 1128 idem
3724 1075 3805 1128 fe-

2152 1161 2246 1217 lici
2282 1180 2388 1218 suo
2419 1169 2575 1218 statu
2610 1164 2853 1230 fruetur,
2885 1169 3099 1218 terram
3132 1164 3372 1235 quidem
3424 1162 3702 1218 calcando
3747 1165 3807 1218 et

2152 1252 2450 1307 terrestria
2508 1269 2683 1323 opera
2720 1253 3070 1325 peragenda,
3104 1252 3324 1308 nullius
3355 1256 3549 1307 tamen
3582 1251 3806 1323 peccati

2153 1345 2418 1407 reus,aut
2449 1341 2860 1396 restaurationi
2896 1341 3178 1396 obnoxius
3210 1342 3531 1396 secundum
3567 1357 3658 1396 res
3687 1340 3801 1396 hu-

2155 1431 2600 1497 manas,nedum
2621 1431 2690 1484 ari
2712 1430 3158 1486 similitudinem
3185 1431 3278 1485 [)ei
3298 1435 3622 1502 provectus.
3646 1419 3806 1486 Bona

2152 1525 2348 1574 autem
2381 1536 2555 1591 opera
2583 1519 2862 1590 perﬁciet,
2897 1520 3184 1574 mundum
3216 1519 3328 1574 sibi
3359 1519 3686 1591 ingenitum
3726 1520 3799 1574 ab

2152 1607 2314 1663 omni
2367 1608 2744 1679 perversitate
2775 1624 3032 1679 purgans
3057 1613 3114 1662 et
3140 1607 3316 1663 talem
3347 1608 3707 1663 constituens
3739 1611 3805 1662 ut

2152 1697 2367 1768 dignus
2400 1697 2564 1753 ﬁeret
2592 1696 2689 1767 qui
2721 1697 2779 1751 in
2815 1699 2908 1752 Dei
2940 1697 3108 1752 horto
3132 1697 3497 1768 plantaretur
3525 1702 3582 1752 et
3611 1697 3671 1752 in
3706 1695 3804 1751 Dei

2154 1787 2428 1842 manibus
2460 1787 2752 1858 repositus
2780 1803 2911 1842 vere
2940 1786 3116 1842 homo
3169 1786 3350 1841 ﬁeret.
3409 1787 3573 1850 Quod
3630 1785 3802 1841 nobis

2152 1876 2393 1944 contigit
2423 1876 2785 1951 si,quotqupt
2816 1892 3048 1946 sumus,
3078 1875 3254 1931 rebus
3285 1875 3555 1931 nefandis
3582 1874 3804 1931 valedi-

2150 1965 2375 2033 cimus;
2408 1981 2539 2036 quae
2563 1965 2700 2036 quia
2731 1969 2951 2020 natura
2983 1969 3386 2020 consentaneae
3417 1968 3576 2032 sunt,
3609 1962 3801 2019 homi-

2154 2055 2328 2110 nibus
2358 2054 2466 2110 rite
2497 2054 2852 2122 excolendis,
2887 2053 3255 2126 perﬁciendis
3287 2070 3353 2109 ac
3382 2054 3686 2109 servandis
3718 2052 3810 2109 in-

2154 2144 2439 2200 serviunt.

2227 2434 2317 2485 22.
2350 2431 2608 2503 Exempli
2644 2430 2853 2504 gratia,
2885 2430 3088 2485 datum
3120 2429 3250 2498 tibi,
3283 2430 3474 2500 sodes,
3499 2433 3589 2486 est
3621 2427 3818 2485 oculo-

2159 2537 2292 2576 rum
2325 2520 2556 2592 par.His
2588 2523 2753 2576 utere
2784 2519 2911 2576 sine
2943 2518 3268 2587 obstaculo,
3299 2535 3409 2574 nec
3438 2523 3634 2575 tamen
3669 2517 3818 2574 obli-

2159 2627 2276 2682 qua
2306 2614 2492 2675 tuere,
2526 2626 2677 2682 sepe
2708 2614 2903 2665 autem
2933 2608 3140 2664 claude
3198 2624 3318 2664 eos.
3379 2609 3600 2664 Natura
3657 2607 3817 2664 enim

2160 2717 2266 2773 psa
2322 2700 2431 2755 hoc
2464 2700 2650 2755 facere
2684 2697 2982 2771 palpebris
3012 2698 3346 2770 priescribit
3378 2703 3444 2753 ut
3474 2713 3713 2754 sursum
3748 2713 3814 2752 ac

2160 2792 2435 2846 deorsum
2468 2794 2960 2858 moveantur,non
2990 2792 3224 2843 tantum
3259 2792 3323 2842 ut
3353 2786 3587 2859 pupillae
3612 2801 3814 2857 super-

2160 2879 2322 2934 ficies
2380 2877 2772 2934 sublilissima
2831 2877 3168 2932 humefacta
3226 2876 3500 2941 siccetur,
3559 2879 3614 2930 et
3647 2879 3814 2930 utne

2155 2967 2354 3024 vultus
2409 2968 2588 3022 nimis
2646 2966 2923 3022 astrictus
2970 2966 3232 3021 laedatur.
3261 2966 3373 3020 Sed
3401 2969 3457 3020 et
3486 2966 3558 3019 ob
3592 2968 3810 3036 myste-

2161 3058 2312 3112 rium
2344 3055 2734 3129 symbolicum
2761 3055 2968 3112 oculus
3014 3072 3130 3110 non
3187 3054 3360 3110 debet
3415 3057 3614 3125 aperto
3671 3052 3811 3108 orbe

2159 3146 2418 3212 hiare,nt
2447 3146 2534 3202 leo
2568 3149 2670 3201 aut
2700 3145 2869 3217 lepus
2900 3144 3085 3200 aliave
3115 3142 3394 3199 animalia
3424 3142 3666 3208 faciunt,
3707 3141 3811 3197 sed

2161 3236 2316 3291 sicut
2367 3239 2534 3306 porta
2564 3234 2857 3299 concludi,
2891 3250 2962 3288 ne
2993 3232 3268 3305 cogitatio
3300 3230 3454 3287 male
3485 3231 3601 3285 ﬁda
3630 3229 3808 3284 latro-

2163 3342 2302 3380 num
2339 3342 2498 3380 more
2528 3325 2755 3380 intrans
2786 3322 3047 3378 divinum
3079 3322 3287 3376 animae
3321 3320 3665 3376 thesaurum
3697 3317 3813 3374 suf-

2161 3415 2418 3482 furetur;
2453 3413 2550 3486 qui
2581 3414 2818 3486 quidem
2851 3413 3219 3468 abundanter
3247 3410 3596 3483 ingreditur,
3632 3424 3816 3480 quan-

2162 3505 2236 3558 do
2266 3505 2530 3572 domum,
2566 3518 2774 3574 corpus
2805 3508 3072 3558 nostrum
3104 3500 3254 3570 dico,
3289 3499 3607 3571 prudenter
3649 3497 3814 3552 inco-

2163 3592 2538 3664 limus,cujus
2570 3593 2885 3648 aediﬁcator
2913 3591 3069 3647 Deus
3099 3607 3133 3645 a
3163 3587 3529 3662 philosophis
3555 3585 3814 3642 celebra-

2159 3687 2275 3738 tur.
2304 3686 2518 3738 Sumus
2549 3687 2743 3738 autem
2803 3679 2973 3747 tales,
3034 3679 3238 3751 quales
3295 3695 3403 3733 nos
3455 3676 3581 3732 vult
3640 3678 3811 3746 Deus,

2161 3772 2396 3843 quando
2454 3775 2679 3828 rectum
2735 3771 2918 3827 oculis
2957 3771 3233 3825 obtutum
3264 3767 3716 3833 demandamus,
3751 3765 3809 3819 id

2159 3861 2310 3932 quod
2345 3861 2532 3916 facere
2563 3860 2743 3916 luscis
2775 3860 2930 3914 haud
2965 3863 3054 3913 est
3086 3857 3334 3913 licitum.
3374 3855 3552 3911 Istam
3611 3857 3808 3909 autem

2159 3950 2312 4005 oculi
2337 3949 2743 4005 rectitudinem
2775 3947 3163 4018 intelligimus
3195 3945 3541 4002 continuum
3574 3959 3812 4014 proces-

2160 4056 2291 4094 sum
2325 4039 2584 4110 corporis
2615 4055 2649 4092 a
2679 4037 2888 4109 spiritu
2917 4035 3159 4104 directi;
3193 4051 3426 4106 semper
3464 4034 3621 4090 enim
3680 4047 3810 4088 sco«

2159 4145 2299 4200 pum
2330 4128 2484 4196 visit,
2517 4127 2672 4197 quod
2706 4127 2890 4181 facere
2921 4141 3034 4179 non
3069 4127 3260 4196 potest
3290 4121 3517 4191 oculus,
3545 4138 3661 4176 non
3708 4135 3812 4192 pes

2158 4217 2256 4288 qui
2289 4233 2459 4272 omne
2489 4214 2624 4270 tulit
2655 4218 2936 4286 punctum
2969 4213 3067 4268 ubi
3101 4211 3439 4268 rectitudini
3473 4209 3680 4265 divinas
3720 4209 3814 4263 in-

2156 4305 2532 4377 sistit,neque
2565 4303 2848 4375 cor,quod
2885 4301 3387 4371 Deus,secundum
3412 4297 3810 4365 Psalmistam,

2156 4395 2391 4468 dirigit;
2422 4394 2675 4449 maxime
2702 4396 2896 4448 autem
2930 4408 3119 4459 mens,
3153 4389 3420 4446 omnium
3450 4387 3658 4444 horum
3693 4403 3814 4441 mo-

2157 4484 2434 4554 deratrix,
2467 4488 2525 4539 et
2553 4499 2680 4554 quas
2708 4498 2841 4538 eum
2874 4481 2975 4552 qui
3007 4479 3161 4552 sapit
3186 4479 3498 4552 gubernat,
3516 4475 3810 4549 siquidem

2156 4572 2400 4630 minime
2431 4573 2599 4628 lusca
2626 4575 2728 4628 aut
2755 4575 2918 4626 torva
2949 4573 3058 4625 est.

394 4661 554 4732 μόνον
605 4661 892 4740 ὀφθαλμὸς
987 4657 1132 4738 ἔχειν
1185 4663 1510 4736 άπαινεῖται,
1590 4659 1720 4718 ούδὶ
1770 4666 1928 4731 ποῦς,
1989 4663 2048 4724 ’ὸς
2101 4662 2396 4718 ἐπαινεῖται
2456 4661 2748 4733 ἱστάμενος
2797 4657 2848 4712 ἐν
2899 4661 2966 4732 τῇ
3020 4657 3156 4713 κατὰ
3207 4657 3334 4712 Θεὸν
3379 4653 3654 4725 εὖθύτητι,
3715 4651 3806 4707 οὐ-

391 4748 449 4806 δὲ
477 4750 692 4827 καρδία,
724 4753 791 4824 ἥν
836 4759 955 4816 τοῖς
1013 4753 1232 4830 ἔχουσιν
1283 4753 1538 4829 ἀγαθύνει
1579 4755 1608 4808 ὁ
1649 4753 1873 4830 Κύριος,
1924 4755 2060 4809 κατᾶ
2105 4754 2198 4808 τὸν
2248 4755 2405 4830 ἱερῶς
2453 4749 2760 4826 ψάλλοντα,
2815 4749 2961 4806 ἀλλὰ
3003 4749 3110 4824 πρὸ
3159 4749 3374 4803 πάντων
3422 4746 3511 4802 καὶ
3561 4745 3649 4800 ἐπὶ
3696 4748 3806 4798 πᾶ-

392 4861 472 4896 σιν
514 4843 690 4907 ὁτοῖς
737 4843 1012 4908 τοιούτοις
1072 4843 1372 4899 ἐπιστατῶν
1428 4848 1554 4906 νοῦς
1615 4843 1704 4898 καὶ
1736 4829 2215 4919 γπροϐαλλομενος
2272 4829 2363 4898 τὸν
2421 4841 2743 4920 εὐθύφρονα,
2792 4839 2850 4901 ὃς
2909 4838 3031 4894 οὕτε
3080 4833 3419 4911 παραϐλέπει
3477 4829 3801 4912 στραϐίζων,

391 4931 456 4986 οὗ
489 4933 597 5006 μὴν
630 4929 744 4988 οὐδ’
777 4931 946 4990 ἄλλον
977 4932 1096 4988 τινὰ
1122 4933 1348 5010 τρόπον,
1379 4933 1499 4997 καθ’
1526 4933 1585 4988 ’ὀν
1620 4931 1840 5009 λέγοιτο
1873 4933 1931 4988 ἂν
1972 4927 2306 5008 παραϐλώψ.

459 5046 560 5114 κγ’.
595 5040 712 5114 Χρή
747 5038 848 5117 γάρ
899 5061 1017 5097 τινα
1065 5039 1232 5097 ἵλεων
1284 5039 1472 5117 ἰνορᾷν
1528 5041 1663 5114 μετᾶ
1721 5037 2041 5118 διακρίσεως
2072 5047 2119 5112 D

388 5125 560 5198 θείας,
591 5127 684 5182 καὶ
733 5124 851 5200 ἅμα
891 5129 954 5182 τὸ
1001 5125 1339 5204 πολυσχιδὲς
1399 5123 1766 5204 παραϐλέπειν
1826 5129 2038 5185 ἀπεῖναι

386 5219 485 5271 τοῦ
546 5215 691 5272 οὕτω
747 5215 1070 5293 βλέποντος.
1148 5217 1213 5275 Εἰ
1291 5215 1349 5273 δὲ
1413 5217 1504 5273 καί
1562 5239 1665 5272 τινι
1726 5218 2040 5294 πρόκεινται

387 5305 578 5382 ὁρατὰ,
632 5309 717 5370 οἷς
768 5302 1248 5382 προϐεϐλημένοις
1315 5306 1379 5362 ού
1420 5308 1575 5382 θέμις
1626 5303 1918 5381 ἐμϐλέπειν
1947 5309 2036 5363 τὸν

387 5395 666 5473 σώφρονα,
717 5397 745 5451 ὸ
805 5395 862 5452 δὲ
925 5401 1224 5467 τηνικαῦτα
1298 5395 1653 5453 κατακύπτων
1714 5396 2038 5472 ἀποστρέψει

383 5485 485 5554 τὴν
521 5480 728 5560 ὅρασιν,
767 5487 843 5561 μὴ
900 5486 990 5543 καὶ
1050 5483 1379 5562 δραξάμενον
1431 5487 1494 5542 τὸ
1526 5485 1747 5543 ὀπτικὸν
1778 5483 1890 5560 ἅμα
1919 5489 2043 5543 καθ-

391 5573 595 5645 ελκυση
629 5576 722 5632 τὸν
775 5575 904 5634 ὅλον
951 5574 1260 5655 ἄνθρωπον,
1309 5577 1408 5632 ὅσα
1452 5576 1544 5632 καί
1583 5598 1636 5632 τι
1668 5578 1914 5653 σχοινίον
1951 5575 2037 5654 βί-

390 5684 533 5736 αιον,
588 5667 648 5722 ἐκ
693 5672 790 5724 τοῦ
838 5671 973 5726 κατά
1021 5671 1149 5727 Θεὸν
1199 5667 1392 5743 ὕψους,
1442 5667 1532 5724 καὶ
1566 5664 1872 5744 ὑποϐιϐάσῃ
1905 5669 2040 5743 πρὸς

391 5753 671 5820 ἀπωλείας
718 5758 988 5837 τάρταρον
1023 5779 1036 5794 ·
1087 5757 1212 5817 τότε
1255 5754 1322 5828 δὴ
1375 5756 1674 5832 κατέμυσεν
1709 5759 1737 5814 ὁ
1766 5763 2038 5833 τοιοῦτος,

2221 5043 2311 5098 ‘23.
2346 5042 2584 5113 Oportet
2613 5039 2769 5098 enim
2802 5038 3118 5094 discrimen
3151 5052 3318 5107 agere
3347 5034 3694 5091 benevolum
3743 5032 3806 5089 in

2150 5132 2242 5188 his
2275 5131 2695 5202 rebus,easque
2725 5127 2894 5185 oculo
2923 5129 3193 5183 irretorto
3224 5121 3807 5194 contemplari.Quod

2153 5221 2201 5276 si
2234 5221 2411 5277 homo
2437 5221 2716 5275 cordatus
2750 5219 2808 5273 in
2847 5234 2941 5273 res
2998 5222 3202 5287 turpes
3258 5214 3551 5280 inciderit,
3608 5209 3810 5267 oculos

2148 5310 2474 5365 verecunde
2530 5311 2767 5374 avertet,
2804 5322 2876 5362 ne
2905 5321 3037 5360 cum
3072 5304 3259 5360 oculis
3290 5306 3476 5358 totum
3510 5299 3814 5355 hominem

2152 5400 2357 5469 perdat
2392 5399 2682 5464 funditus,
2715 5411 2998 5467 rumpens
3028 5393 3280 5462 vincula,
3313 5391 3530 5462 quibus
3563 5391 3674 5445 Deo
3706 5391 3812 5444 ad-

2151 5487 2354 5554 haeret,
2386 5488 2469 5542 ita
2500 5491 2567 5542 ut
2623 5485 2683 5540 in
2743 5488 3026 5540 tartarum
3087 5498 3345 5555 praeceps
3403 5480 3593 5536 cadat.
3654 5480 3807 5534 Tum

2149 5576 2306 5633 enim
2332 5593 2362 5632 e
2392 5576 2647 5632 caecitate
2675 5576 2744 5630 ad
2775 5573 2966 5629 visum
2999 5573 3170 5638 redit,
3200 5574 3257 5627 et
3286 5569 3602 5641 Scriptura;
3629 5585 3808 5625 sacr

2150 5683 2266 5723 non
2298 5665 2546 5722 incurrit
2571 5662 2930 5736 vituperium
2961 5677 3141 5717 caecos
3179 5660 3320 5717 olim
3379 5676 3513 5716 cum
3572 5659 3806 5715 lidibrio

2149 5754 2654 5827 reprehendentis.
2714 5754 2898 5824 Equo
2927 5750 3145 5809 etenim
3203 5750 3370 5808 oculo
3423 5765 3516 5807 res
3547 5753 3806 5806 contem-
