2041 3196
142 219 203 250 695

536 219 748 251 EUSTATHll
770 217 1156 250 THESSALONICENSIS
1178 217 1471 249 METROPOLITAE

1805 221 1864 250 696

144 285 251 322 platur,
269 287 297 313 et
312 285 337 314 ei
354 285 449 322 placet
463 286 513 322 qui
531 286 561 314 in
578 287 749 314 abscondito
764 286 844 314 videt
858 288 887 314 et
909 294 975 322 pro-

1045 284 1078 312 ιαὶ
1097 283 1206 322 βλέπων
1234 283 1342 322 βλέπει,
1370 284 1414 312 καὶ
1445 283 1476 311 οὐ
1507 284 1545 321 μή
1571 283 1617 322 ἴδῃ
1647 283 1736 313 ἄλλον
1758 285 1862 323 τρόπον

144 330 241 366 palam
257 331 354 358 reddit
369 338 375 358 :
394 330 486 358 altero
503 333 603 359 autem
620 331 698 359 claro
712 331 796 358 oculo
817 331 904 358 modo
932 330 973 357 vi-

145 375 203 409 det,
220 375 306 402 modo
323 383 380 402 non
395 375 482 403 videt.

1029 329 1100 366 ἤπερ
1116 330 1133 364 ἡ
1150 329 1288 367 ἁγιωτάτη
1306 329 1400 367 Γραφὴ
1427 326 1532 366 ἔσκωψε
1552 329 1616 360 τοὺς
1636 329 1725 357 πάλαι
1740 330 1864 369 τυφλοὺς

1030 372 1213 411 διορατικούς.
1243 372 1341 400 Βλέπει
1380 373 1430 410 γὰρ
1467 373 1573 409 ὄμματι
1616 376 1656 410 τῷ
1682 375 1863 412 καιριωτάτῳ

143 418 188 445 καὶ
220 417 379 457 φιλουμένῳ
406 419 457 446 ὑπὸ
485 422 533 446 τοῦ
563 419 588 446 ἐν
615 422 725 457 κρυπτῷ
748 418 896 457 βλέποντος
925 419 970 446 καὶ
999 417 1178 449 ἀποδιδόιτος
1207 418 1233 446 ὲν
1257 420 1364 457 φανερῷ
1381 427 1387 433 ⁸
1413 420 1452 454 τῷ
1476 416 1505 445 δὲ
1530 418 1621 455 λοιπῷ
1644 418 1689 446 καὶ
1727 423 1865 459 προφανεῖ

146 461 284 501 ὀφθαλμῷ
299 467 337 498 πῆ
356 464 403 500 μὲν
423 463 528 501 βλέπει,
551 467 588 499 πῆ
607 462 636 491 δὲ
653 463 791 501 οὐδαμῶς.

182 517 282 545 24.Εει
296 520 394 545 autem
404 519 482 553 quod
493 519 557 546 dico
567 521 678 546 naturae
687 519 933 555 mysterium,non
944 518 979 545 ab

148 561 287 589 omnibus
296 562 548 595 observatum,sed
558 563 637 590 abiis
649 564 791 591 duntaxat
801 562 851 599 qui
862 564 980 599 profun-

149 605 501 634 dascrutarididicerunt.
513 608 563 634 Est
570 610 667 635 autem
676 616 721 635 res
730 607 908 642 huiusmodi.
927 606 980 634 Ubi

150 650 260 677 ﬂumen
268 649 384 678 visibile
396 650 425 678 in
436 650 557 687 planum
567 651 719 679 descendit
729 660 762 680 ac
773 651 857 687 longe
865 651 981 687 lateque

149 694 533 731 patereccepit,multis,imo
541 696 677 731 plurimis
686 696 713 723 in
722 705 809 724 cursu
820 705 873 724 suo
882 704 981 724 occur-

149 738 265 766 rit.Non
276 741 376 767 tamen
387 739 438 768 illa
450 748 508 768 uno
519 740 624 768 obtutu
634 741 755 775 videt,et
767 749 867 769 eorum
880 741 980 777 cogni-

150 783 261 811 tionem
273 784 329 811 sibi
341 784 486 819 vindicat;
501 785 551 813 sed
563 785 613 813 ubi
625 786 674 813 uni
686 788 823 821 certaque
835 786 873 813 rei
888 785 981 813 conti-

151 830 256 856 nenter
266 828 451 865 insistit,quo
466 830 603 864 tendit,id
617 830 748 864 attinget;
758 833 828 858 tunc
845 831 980 858 observa-

152 875 198 900 tor
209 875 349 901 strenuus
360 873 511 901 oculorum
523 883 556 902 ac
567 874 679 902 frandis
691 874 886 902 differentiam
902 875 981 902 vide-

153 917 265 945 bit.Ubi
276 918 356 968 epim
363 918 615 968 spiritusvisibilis
622 919 811 969 conus'telum
819 928 905 947 suum
914 919 983 955 ﬁget
998 937 1021 969 B

155 964 183 989 et
198 969 259 989 rem
275 961 420 990 visibilem
437 962 642 998 attinget,item
654 963 760 999 judicii
790 972 844 999 ope
872 967 982 991 certam

153 1005 236 1033 illam
253 1014 286 1033 ac
301 1006 437 1034 stabilem
453 1007 546 1035 sistet.
560 1008 597 1035 Ea
612 1010 710 1035 autem
726 1009 775 1044 qui
792 1009 984 1036 circumcirca

157 1052 227 1077 sunt
240 1050 339 1078 minus
354 1053 487 1079 accurate
497 1053 703 1088 tsnget,quare
712 1061 744 1080 ea
757 1053 811 1080 rite
823 1053 945 1081 definire
954 1055 984 1080 et

156 1094 320 1129 dijudicare
336 1103 393 1122 non
410 1096 525 1131 poterit,
543 1096 599 1124 nisi
616 1105 689 1124 cono
705 1098 778 1125 duce
792 1097 820 1124 in
837 1096 893 1125 alio
909 1105 981 1133 quo-

156 1147 244 1175 quam
260 1147 380 1175 corpore
395 1139 473 1167 idem
489 1141 630 1176 perﬁciat.
657 1142 692 1169 Et
720 1142 775 1169 hoc
805 1142 923 1176 quidem
952 1141 982 1169 in

156 1183 295 1211 omnibus
323 1184 473 1212 similibus
502 1193 603 1212 verum
632 1194 697 1213 esse
726 1188 817 1221 patet.
837 1186 925 1222 Atqui
941 1186 983 1213 sic

154 1228 243 1255 etiam
251 1228 403 1263 jejunator
414 1229 463 1264 qui
477 1237 541 1264 quae
550 1229 629 1257 videt
639 1230 789 1264 discernit,
803 1230 844 1258 uti
857 1239 903 1258 res
914 1239 983 1258 con-

154 1275 256 1309 specta.
271 1281 328 1300 non
345 1275 461 1301 tantum
477 1274 541 1309 ejus
557 1275 793 1308 admirationem,
811 1276 862 1303 sed
881 1275 983 1311 volup-

155 1319 245 1345 tatem
262 1325 379 1353 quoque
395 1320 500 1351 movet,
518 1321 618 1346 caveat
632 1328 668 1347 ne
683 1319 725 1347 illi
738 1319 828 1347 nimio
845 1319 911 1355 plus
939 1320 983 1347 in-

156 1362 253 1394 sistat,
268 1364 297 1389 et
313 1362 391 1397 quod
408 1362 484 1390 videt
513 1363 601 1391 nimis
628 1367 740 1400 urgeat,
773 1368 805 1392 ut
833 1372 866 1392 eo
889 1364 984 1401 magis

156 1406 255 1434 animo
266 1406 402 1441 inculcet;
415 1410 563 1435 contracto
572 1410 669 1436 autem
680 1417 767 1436 sensu
783 1409 904 1437 visionis
919 1418 984 1437 ma-

152 1450 205 1486 jus
220 1450 277 1478 sibi
289 1451 417 1486 spatium
435 1452 545 1479 creabit
559 1454 599 1486 et,
615 1453 708 1481 oculis
723 1453 984 1487 clausis,all‘ectum

158 1495 258 1522 minus
275 1495 383 1523 afﬁciet
396 1495 538 1524 laedendo.
557 1496 725 1525 istiusmodi
741 1500 838 1525 autem
852 1499 986 1531 homo,ut

154 1539 218 1574 jam
229 1539 369 1572 vidimus,
382 1540 448 1575 plus
463 1540 598 1569 minusve
612 1541 845 1575 videbit;videbit
859 1543 936 1570 enim
955 1544 987 1569 ut

157 1584 236 1611 Deus
250 1584 425 1619 praescribit,
438 1587 489 1612 aut
504 1593 562 1612 non
577 1585 779 1620 videbit,sicut
786 1587 984 1615 adversarius.

158 1626 242 1654 εἶ’πεῖν
273 1627 423 1664 παροξύνας
452 1629 482 1655 τὸ
509 1628 632 1662 ὀπτικὸν,
665 1629 735 1665 μηδὲ
764 1628 972 1667 amatam“),
1004 1630 1039 1660 ὡς
1071 1626 1221 1664 ἐμϐαϐὖνθι
1250 1628 1316 1655 αὐτὸ
1346 1627 1486 1664 προκύψαν
1518 1626 1555 1658 είς
1584 1628 1700 1665 ψυχήν·

1069 515 1206 545 κδ’.Ἒστι
1231 515 1269 550 δὲ,
1293 516 1307 543 ’ὸ
1328 515 1411 553 λέγω,
1439 518 1587 554 μυστήριον
1609 516 1728 556 φύσεως,
1743 518 1777 545 οὗ
1792 517 1866 545 πολ-

1035 560 1095 591 λοῖς
1123 561 1396 599 παρατετηρημὲνον,
1427 560 1490 588 ἀλλ’
1518 560 1536 596 ἥ
1569 561 1628 589 ὅσοι
1653 559 1864 598 ὶμϐαθύνουσιν.

1034 606 1114 643 Ἔχει
1136 604 1164 633 δέ
1189 617 1248 638 πως
1275 605 1347 633 οὕτω
1376 605 1406 632 τὸ
1436 608 1558 643 πρᾶγμα.
1587 606 1626 634 Τὸ
1656 606 1771 634 όπτικὸν
1788 607 1866 645 χύμα

1036 649 1253 687 διαπεπταμὲνον
1282 650 1320 681 εἲς
1344 650 1458 686 πλάτος,
1483 650 1528 677 καὶ
1551 648 1657 682 διαθέον
1676 651 1724 678 καὶ
1741 650 1805 688 εὐρὺ
1822 651 1865 679 καὶ

1038 696 1180 731 μήκιστον,
1206 694 1352 734 ἐφικνεῖται
1379 695 1426 731 μὶν
1454 694 1579 728 πολλῶν,
1596 695 1640 722 καί
1657 705 1725 722 ποτε
1741 695 1774 723 οὐ
1794 694 1867 723 πολ-

1037 738 1093 767 λῶν
1110 739 1215 773 ἀπλῶς,
1232 738 1305 766 ἀλΛὰ
1319 739 1364 766 καὶ
1380 739 1449 766 πάνυ
1464 737 1588 766 πολλῶν.
1604 738 1643 767 Οὖ
1665 740 1720 776 μὴν
1735 739 1782 767 καὶ
1798 741 1864 767 πάν-

1035 793 1069 810 ἰα
1092 783 1180 811 ικεῖνα
1209 783 1316 821 ὁμοίως
1341 784 1401 820 ὁρᾷ,
1425 783 1470 811 καὶ
1493 783 1543 818 τὴν
1570 782 1677 810 ἐκείνων
1703 786 1807 821 γνῶσιν
1821 784 1864 812 καὶ

1037 826 1141 863 εἴδησιν
1158 827 1254 863 ἐπίσης
1284 828 1468 864 ἀπομάττεται
1487 837 1493 843 ·
1520 827 1584 855 ἀλλ’
1601 827 1645 854 ὅτε
1660 828 1783 865 στηρίξει
1798 830 1864 857 κατά

1036 883 1109 903 τινος
1138 872 1197 904 ἑνὸς
1227 872 1322 908 μόνου,
1347 872 1393 899 καὶ
1418 872 1516 903 ἀτενῶς
1542 872 1693 909 ἀπιστήσει,
1722 873 1862 905 ἀκοντίσας

1037 917 1067 944 τὸ
1092 917 1215 952 όπτικὸν,
1242 917 1278 948 ὡς
1312 917 1397 944 ἐκεῖνο
1426 916 1471 944 καὶ
1497 917 1580 954 μόνον
1608 915 1861 955 ἐξαχριϐώσασθαν

1036 961 1099 988 τότε
1123 960 1156 996 δὴ
1172 961 1303 999 γνώσεται
1333 962 1347 989 ὁ
1370 962 1478 993 συνετὸς
1503 962 1600 996 θεατής
1625 961 1757 1001 διαφορὰν
1782 963 1863 1001 βλεμ-

1040 1016 1123 1042 ματος
1151 1005 1196 1033 καὶ
1225 1004 1397 1042 κλέμματος.
1421 1007 1501 1033 ’Ὀποι
1527 1006 1578 1044 γὰρ
1603 1006 1617 1033 ὁ
1633 1009 1722 1038 κῶνος
1737 1009 1785 1035 τοῦ
1801 1008 1861 1046 ὁρα-

1038 1052 1114 1077 τικοῦ
1143 1049 1296 1086 πνεύματος
1319 1051 1350 1077 τὸ
1376 1051 1434 1077 κατ’
1456 1050 1534 1077 αὐτὸν
1562 1049 1606 1085 ὀξὺ
1638 1050 1732 1089 βαλὼν
1759 1051 1861 1090 ἀπερεί-

1038 1105 1089 1129 σει,
1105 1095 1148 1121 καὶ
1175 1094 1269 1131 ἅψεται
1293 1097 1341 1122 τοῦ
1368 1094 1548 1131 ὑποκειμένου
1572 1095 1641 1132 πρὸς
1670 1096 1773 1133 ὅρασιν,
1793 1095 1860 1123 ἐκεῖ·

1038 1150 1068 1166 νο
1099 1136 1208 1177 ἀκριϐοῖ
1231 1139 1274 1166 καὶ
1315 1138 1460 1177 διευκρινεῖ
1498 1138 1542 1166 καὶ
1578 1139 1720 1177 εὐστόχως
1748 1139 1858 1177 διαπορ-

1038 1183 1131 1220 θμεύει
1146 1185 1180 1220 τῇ
1204 1184 1272 1211 κατὰ
1300 1186 1362 1211 νοῦν
1392 1184 1483 1221 ὁρασει
1507 1185 1542 1220 τῇ
1557 1186 1679 1221 κριτικῇ.
1696 1186 1755 1213 Τῶν
1770 1184 1797 1212 δὲ
1811 1187 1856 1212 πὲ-

1039 1229 1079 1266 ριξ
1101 1228 1154 1265 οὐχ
1171 1227 1242 1255 οὕτω
1260 1228 1325 1265 πρὸς
1349 1226 1487 1265 ἀκρίϐειαν
1515 1227 1637 1265 ἅπτεται,
1668 1229 1705 1261 ὡς
1731 1230 1772 1257 καὶ
1788 1229 1853 1256 ἐκεῖ-

1037 1282 1068 1299 να
1097 1271 1303 1308 λεπτοτομῖσαι
1333 1271 1376 1298 καὶ
1415 1271 1595 1308 παραπέμψαι
1633 1272 1671 1303 εἷς
1699 1272 1779 1309 κρίσιν
1802 1273 1849 1307 τὴν

1039 1313 1103 1353 ἔσω,
1119 1316 1142 1343 εἰ
1169 1316 1207 1352 μή
1228 1315 1361 1351 ἀποσταίη
1387 1315 1491 1343 ἐκείνου
1520 1316 1690 1354 παρενεχθεὶς
1715 1316 1727 1343 ὁ
1754 1318 1844 1350 κῶνος,

1038 1362 1084 1388 καὶ
1111 1361 1149 1391 εἷς
1172 1360 1261 1398 ἕτερον
1287 1362 1368 1397 σῶμα
1404 1360 1554 1398 ῥυσάμενος
1583 1358 1671 1397 δράσει
1703 1360 1733 1387 τὰ
1757 1358 1843 1397 ὅμοια.

1041 1406 1090 1435 Καὶ
1105 1407 1185 1433 τοῦτο
1201 1405 1247 1432 ἰπῖ
1267 1404 1374 1432 πάντων
1398 1407 1452 1432 τῶν
1479 1404 1612 1432 τοιούτων
1627 1404 1784 1441 πανάληθες.
1799 1404 1847 1433 Oll-

1039 1461 1078 1478 τω
1094 1449 1128 1484 δὴ
1144 1449 1189 1477 οὖν
1202 1449 1246 1477 γαὶ
1274 1450 1288 1476 ὁ
1313 1448 1487 1486 διαχριτικῶς
1513 1448 1623 1485 βλέπων
1647 1449 1800 1484 νηστευτὴς,
1813 1447 1854 1475 ὅτε

1039 1507 1066 1523 τι
1091 1495 1184 1522 θεατὸν
1214 1493 1389 1532 ἐφελκύσεται
1417 1493 1496 1521 αὐτὸν
1523 1493 1554 1521 οὗ
1569 1494 1638 1532 πρὸς
1650 1495 1739 1531 θαῦμα
1752 1493 1794 1521 καὶ
1810 1493 1856 1530 μό-

1041 1550 1098 1575 νον,
1114 1538 1186 1566 ἀλλά
1205 1549 1230 1565 τι
1246 1538 1290 1565 καὶ
1318 1538 1387 1576 πρὸς
1413 1536 1569 1573 εὒπαθειαν,
1596 1538 1634 1574 μὴ
1662 1538 1807 1576 στηριζίπω
1822 1536 1858 1568 είς

1042 1584 1128 1612 ἐκεῖνο
1167 1582 1383 1621 περιεργότερον,
1423 1583 1623 1619 ἀποστενώσας,
1659 1583 1702 1610 καὶ
1743 1583 1779 1613 ὡς
1808 1581 1859 1609 οἷον

1731 1626 1864 1658 συστείλας

159 1669 188 1698 δὲ
214 1672 263 1706 τὴν
293 1673 432 1710 περίεργον
464 1672 537 1709 ὄψιν,
568 1673 704 1711 διαχεάτω
736 1674 817 1709 αὐτὴν
848 1674 953 1708 ἄλλως,
979 1674 1024 1701 καὶ
1050 1673 1223 1707 πλατυνατω,
1254 1672 1298 1699 καὶ
1325 1672 1397 1699 οὕτω
1418 1672 1520 1699 κλείσει
1546 1672 1595 1706 τήν
1623 1672 1733 1708 ἐμπαθή
1765 1671 1864 1709 ὅρασιν,

159 1715 203 1742 καί
232 1716 264 1743 οὐ
293 1717 434 1753 πορνεύσει
463 1719 523 1744 κατ’
548 1718 630 1752 αὐτῆς
655 1720 686 1746 τὸ
712 1720 887 1754 παθητιεκὸν.
925 1720 972 1746 Καὶ
1011 1716 1083 1745 ἔσται
1126 1718 1139 1744 ὁ
1167 1719 1290 1747 τοιοῦτος
1321 1716 1471 1754 ἆνρθωπος,
1503 1717 1539 1747 ὡς
1565 1717 1797 1754 προτεθεώρητοιι,
1824 1715 1866 1743 καὶ

162 1760 271 1800 βλέπων
301 1762 345 1789 καὶ
375 1763 413 1799 μὴ
445 1762 575 1800 βλέπων·

161 1806 176 1832 ὁ
192 1805 388 1842 ἀντικείμενος.

608 1763 727 1801 βλέπων,
754 1765 791 1796 ὡς

197 1860 311 1888 25.Jam
326 1869 394 1889 vero
408 1861 497 1889 alium
515 1863 644 1898 aliquem
669 1865 844 1899 procedendi
871 1866 991 1893 modum
1008 1865 1028 1898 α

162 1905 384 1941 investigemus.
411 1909 594 1942 Proponatur
614 1909 775 1944 jejunatori
792 1919 865 1945 opus
881 1910 992 1945 aliquid

165 1950 290 1977 arduum
308 1951 385 1986 quod
400 1951 434 1978 ad
453 1951 632 1980 intellectum
646 1955 695 1981 aut
710 1962 819 1981 meram
831 1955 919 1982 vitam
932 1963 993 1990 per-

164 1994 266 2028 tineat,
280 1995 357 2030 quod
374 1995 493 2030 quidem
510 1996 591 2032 puris
608 1998 700 2025 oculis
717 1998 831 2033 lustret,
843 2002 874 2026 ut
890 2002 995 2026 natura

164 2038 240 2073 vult,
254 2042 281 2066 et
297 2048 312 2066 a
328 2040 439 2068 caeteris
455 2042 632 2076 spectaculis
660 2051 689 2070 se
719 2046 847 2077 avertat;
877 2053 911 2071 ex
940 2044 994 2071 hoc

164 2083 242 2111 enim
259 2085 362 2112 oculus
377 2085 411 2112 ad
430 2085 457 2112 id
475 2087 551 2121 quod
569 2087 646 2114 dicet
662 2089 850 2116 convertilur.
867 2089 925 2116 llac
942 2089 995 2124 igi-

162 2130 212 2156 tur
227 2129 338 2157 ratione
354 2130 433 2157 visus
450 2130 503 2158 rite
516 2133 704 2167 componitur
719 2135 746 2160 et
763 2142 915 2169 nunquam
929 2142 995 2169 pec-

164 2176 228 2208 cat;
246 2176 275 2201 et
289 2174 350 2202 haec
366 2177 410 2202 est
426 2183 493 2202 vera
510 2176 583 2203 ratio
599 2185 645 2204 res
662 2177 811 2205 naturales
826 2178 995 2205 contuendi.

166 2218 239 2245 Hinc
255 2227 382 2255 quoque,
401 2221 433 2246 ut
449 2228 465 2246 a
478 2221 590 2248 caeteris
614 2222 822 2249 ubstrahamus
851 2223 994 2256 animum,

167 2261 307 2290 olfactum
324 2264 432 2299 pariter
446 2264 607 2300 dirigemus
616 2267 719 2294 odores
732 2267 881 2301 jucundos
892 2275 996 2294 suave-

169 2306 317 2334 olentibus
337 2308 417 2335 verbi
434 2308 558 2336 ccelestis
572 2310 713 2345 apostolis
741 2311 937 2344 attribuenda,
970 2315 997 2339 et

170 2358 297 2386 quorum
308 2352 431 2379 odorum
444 2354 615 2389 praeparatio
628 2354 747 2390 longum
757 2355 995 2391 exigitstudium,

171 2395 248 2431 quod
265 2396 381 2430 quidem
399 2396 456 2424 alio
471 2400 602 2433 tempore
630 2399 764 2427 fecimus.
798 2401 851 2427 Sed
882 2401 997 2428 auditui

171 2448 287 2476 quoque
302 2440 506 2468 rectitudinem
522 2442 654 2474 dabit,ut
669 2443 731 2471 vult
747 2447 821 2471 Deus
834 2445 882 2479 qui
896 2454 997 2472 aurem

171 2484 337 2520 plasmavit,
353 2485 449 2513 almus
464 2487 606 2520 conditor,
624 2488 672 2522 qui
690 2489 789 2516 omnia
802 2498 864 2524 quae
881 2490 996 2517 aurium

170 2529 298 2557 castitati
313 2530 415 2557 nociva
429 2532 509 2564 sunt,
526 2531 667 2566 expellere
680 2532 750 2567 vult,
775 2536 802 2560 et
831 2534 880 2569 qui
911 2541 997 2561 omne

168 2573 373 2610 vaniloquium
390 2575 554 2602 detestatur
569 2584 626 2611 quo
643 2577 822 2611 protolastus
839 2578 924 2605 homo
941 2580 993 2606 Pa-

168 2619 311 2654 radisum,
329 2619 358 2646 id
375 2622 419 2646 est
434 2619 569 2654 patriam,
585 2621 666 2648 exsul
683 2621 848 2657 relinquere
877 2626 995 2650 coactus

166 2665 221 2692 est.
237 2664 317 2691 Idem
333 2663 423 2691 etiam
439 2667 560 2699 gustum
577 2667 735 2701 ordinabit,
752 2675 787 2694 ne
803 2675 845 2700 eo,
865 2676 922 2702 quo
953 2668 995 2694 las

167 2715 224 2735 non
241 2711 296 2741 est,
314 2708 424 2742 tendat,
442 2711 469 2735 et
485 2708 527 2736 sic
543 2711 761 2739 contaminatus
779 2711 828 2739 Dei
846 2711 995 2747 justitiam

166 2751 343 2779 annuntiare
367 2753 430 2787 jam
447 2761 504 2780 non
527 2753 632 2789 dignus
662 2755 709 2789 sit,
739 2758 839 2791 utpote
866 2755 996 2783 humidis

167 2794 341 2830 corporibus
367 2799 395 2824 et
409 2797 488 2825 vitiis
499 2798 604 2826 anima:
621 2799 649 2827 in
666 2800 825 2836 perniciem
846 2801 993 2835 delapsus.

169 2838 215 2867 Sic
244 2837 271 2865 is
300 2845 414 2875 quoque
442 2841 491 2877 qui
517 2842 546 2870 in
561 2843 662 2871 exsilio
679 2845 759 2880 degit
773 2844 995 2873 condemnatio-

169 2889 237 2912 nem
253 2882 378 2918 Spernit,
395 2893 484 2920 quam
499 2886 644 2922 diabolus,
659 2888 729 2917 hine
753 2897 860 2919 nomen
891 2891 995 2918 nactus

822 1764 918 1799 ἐθέλει,
947 1764 991 1792 καὶ
1019 1765 1054 1795 ὡς
1081 1762 1167 1799 ἔταξεν
1203 1763 1217 1789 ὁ
1243 1762 1331 1792 Θεύς·
1361 1764 1397 1799 μὴ
1428 1762 1547 1799 βλέπων,
1580 1763 1618 1793 ὡς
1652 1761 1866 1800 πραγματεύεται

1084 1863 1130 1890 κε’.
1149 1862 1198 1889 Καὶ
1228 1862 1281 1898 μὴν
1306 1860 1417 1889 ἐνταῦθα
1440 1861 1484 1888 καὶ
1512 1859 1584 1896 ἄλλη
1614 1859 1773 1897 μεθόδευσις
1803 1859 1870 1898 ὠρε-

1047 1909 1103 1935 τέα’
1133 1907 1330 1944 Προτειθείσοω
1359 1909 1399 1942 τῷ
1426 1906 1583 1941 νηστεύοντι
1620 1903 1699 1943 ἔργον
1715 1903 1869 1938 σπουδαῖον,

1049 1952 1101 1979 εἴτε
1116 1952 1271 1987 καταμόνας
1296 1950 1460 1987 ἐλλόγιμον,
1486 1950 1539 1977 εἴτε
1553 1950 1599 1977 καὶ
1616 1949 1709 1982 ἄλλως
1727 1950 1869 1987 βιώσιμον,

1049 1997 1091 2023 καὶ
1107 1996 1234 2035 ἀφοράτω
1266 1996 1303 2026 εἷς
1333 1995 1505 2031 ὲκεῗνοεμετᾶ
1532 1994 1692 2032 βλέμματος
1719 1995 1870 2034 θεοφιλοῦς,

1051 2042 1087 2072 ὡς
1104 2042 1120 2075 ἡ
1144 2041 1222 2079 φύσις
1246 2040 1338 2077 ὥρισε,
1361 2040 1461 2070 παντὸς
1486 2038 1514 2066 δὲ
1539 2038 1638 2067 λοιποῦ
1666 2038 1801 2075 θεάματος
1816 2038 1872 2077 ἀφι-

1052 2086 1155 2113 στάσθω
1171 2096 1176 2102 ·
1194 2085 1238 2112 καὶ
1264 2084 1335 2112 οὕτω
1362 2084 1517 2122 ῥυθμίζοιτ¹
1542 2083 1571 2110 ἂν
1598 2084 1612 2111 ὁ
1630 2082 1774 2122 ὀφθαλμὸς
1791 2082 1828 2114 εἷς
1842 2082 1873 2110 τὰ

1052 2130 1155 2158 δέοντα.
1184 2129 1313 2157 Τοιοῦτον
1337 2130 1354 2164 ἡ
1385 2129 1455 2155 κατὰ
1482 2129 1531 2162 τὴν
1553 2128 1645 2166 ὅρασιν
1680 2128 1766 2166 ἀγαθῆ
1797 2128 1873 2164 μεθο-

1052 2175 1110 2203 δεία
1127 2185 1132 2191 ⁸
1151 2175 1222 2202 οὕτω
1238 2173 1405 2201 συντελεῖται
1425 2174 1455 2201 τὸ
1472 2174 1529 2200 κατ’
1556 2173 1639 2207 αυτ-ἧν
1661 2172 1851 2210 ἀναμάρτητον
1866 2179 1872 2187 ⁸

1051 2222 1130 2247 τοῦτο
1160 2220 1209 2253 τὴν
1240 2219 1410 2257 [θεωρητικὴν
1441 2218 1538 2255 ἀρετ-ἦν
1568 2220 1608 2253 τῷ
1636 2218 1696 2249 καθ’
1724 2217 1800 2253 ἡμᾶς
1827 2214 1874 2253 βίῳ

1051 2266 1258 2301 παρεισήγαγεν.
1283 2264 1418 2294 Ἐντεῦθεν
1435 2261 1473 2298 δὲ,
1491 2261 1537 2288 ’ίνα
1566 2262 1603 2298 μή
1624 2262 1667 2288 καὶ
1694 2262 1751 2291 τοῖς
1768 2259 1874 2289 λοιποῖς

1052 2309 1181 2338 ὡσαύτως
1207 2307 1404 2344 ἐπεξέλθωμεν,
1429 2307 1473 2333 καὶ
1499 2307 1546 2340 τήν
1573 2305 1704 2344 ὄσφρησιν
1729 2303 1875 2343 διορθώσε⁸

1051 2352 1094 2379 ταί
1124 2363 1175 2387 τις,
1215 2351 1354 2388 εἷσκρίνων
1393 2349 1505 2381 εὐωδίας
1544 2349 1708 2386 ἀρεσκούσας
1742 2351 1802 2380 τοῖς
1829 2348 1874 2375 τοῦ

1052 2397 1213 2434 ἐπουρανίου
1253 2396 1347 2433 λόγου,
1387 2397 1518 2431 μυρεψοῖς
1552 2392 1728 2427 ἀποστόλοις,
1764 2392 1798 2424 ἃς
1819 2390 1875 2428 ἄρτι

1053 2441 1232 2476 διασκευάζειν
1257 2441 1340 2478 λόγου
1363 2441 1467 2476 μακροῦ
1487 2438 1567 2476 χρεία
1591 2437 1646 2474 (καὶ
1669 2436 1762 2467 ἄλλως
1790 2435 1819 2464 δὲ
1839 2435 1873 2466 είς

1052 2487 1116 2513 αὐτὸ
1132 2484 1222 2524 ἕτερος
1238 2487 1312 2520 ἡμᾶς
1326 2485 1422 2521 καιρὸς
1438 2483 1625 2520 ἀπεσχόλησε)
1642 2492 1648 2498 ⁶
1665 2482 1708 2509 καὶ
1725 2482 1775 2516 τήν
1795 2481 1872 2514 ἀκοήν

1053 2530 1081 2558 δὲ
1110 2530 1274 2565 καταρτίσει,
1291 2530 1328 2558 ὡς
1354 2529 1429 2566 φιλεῖ
1451 2528 1528 2561 Θεὸς,
1553 2528 1567 2554 ὁ
1584 2526 1716 2565 φυτεύσας
1727 2526 1758 2553 τὸ
1775 2525 1822 2557 οὖς
1839 2535 1844 2540 ·
1860 2525 1872 2552 ό

1052 2576 1150 2612 ἀγαθὸς
1181 2574 1343 2613 φυτουργὸς,
1370 2574 1398 2604 ὃς
1425 2572 1469 2599 καὶ
1492 2572 1525 2599 τὰ
1555 2571 1639 2599 λοιπὰ
1665 2571 1712 2607 μὶν
1739 2567 1871 2607 βλαπτικὰ

1050 2624 1099 2654 τῆς
1116 2612 1200 2651 ἀκοῆς
1230 2619 1336 2653 ἐξωθεῖν
1364 2616 1521 2653 ἀκούσματα
1551 2616 1689 2653 βούλεται,
1705 2614 1750 2642 καὶ
1765 2615 1816 2649 τήν
1831 2612 1869 2651 ψί-

1052 2670 1130 2702 θυρον
1149 2663 1177 2691 δὲ
1192 2665 1228 2694 ὡς
1260 2662 1377 2699 μάλιστα
1404 2661 1590 2701 φαυλολογίαν
1611 2659 1778 2698 ἐκκρούεται,
1796 2658 1830 2686 δι’
1841 2656 1868 2691 ἦς

1052 2710 1065 2736 ὁ
1082 2709 1230 2747 προπάτωρ
1246 2709 1295 2742 τὴς
1317 2707 1384 2734 κατὰ
1408 2706 1453 2733 τὸν
1481 2705 1642 2744 παράδεισον
1664 2703 1795 2742 πατρίδος
1810 2701 1871 2740 ἐξώ-

1053 2764 1153 2792 ριστος.
1192 2753 1372 2789 Κατακεράσει
1401 2750 1429 2778 δὲ
1462 2751 1568 2781 πάντως
1606 2751 1619 2777 ὁ
1649 2749 1729 2780 αὐτὸς
1751 2748 1797 2776 καὶ
1825 2746 1869 2781 τὴν

1051 2790 1140 2835 γεῦσιν
1157 2798 1195 2829 εἷς
1224 2798 1381 2835 ἀπρόσιτον,
1407 2795 1453 2823 ’ίνα
1479 2797 1517 2832 μὴ
1548 2795 1700 2833 καταρῥυῇ,
1723 2793 1793 2831 πρὸς
1807 2790 1869 2828 ἅπερ

1051 2842 1126 2871 οὐδέν
1142 2843 1207 2879 ἐστι,
1237 2843 1281 2870 καὶ
1308 2842 1378 2869 οὕτω
1408 2842 1555 2879 χρανθεῖσα
1581 2841 1691 2878 γένηται
1722 2836 1812 2873 ἀναξία
1825 2836 1871 2864 τοῦ

1050 2887 1232 2926 ἐκδιηγεῖσθαι
1258 2889 1325 2915 Θεοῦ
1350 2885 1530 2923 δικαιώματα,
1557 2886 1697 2923 μιανθεῖσα
1725 2882 1779 2921 οὐχ
1802 2880 1870 2910 οὕτω
