4082 6362
313 436 430 496 697

1317 436 1396 497 IN
1443 437 1504 500 S.
1552 439 2237 510 QUADRAGESIMAM
2286 439 2576 501 ORATIO
2621 439 2726 499 ιν.

3616 437 3736 500 698

313 583 428 626 τοις
462 562 942 639 σωματικωτὲροις
992 566 1081 620 καὶ
1140 565 1430 640 ἔγχύμοις,
1477 568 1602 622 ὅσον
1656 573 1772 631 τοῖς
1835 569 1966 623 ἀσω-

2083 569 2141 624 in
2174 587 2307 626 eum
2343 569 2613 626 contulit.
2666 568 3131 623 Sanctiﬁcabunt
3175 582 3310 622 vero
3341 582 3468 622 eam
3501 583 3736 639 quoque

320 651 510 724 μάτοις
540 650 904 729 φαυλότησιν·
970 652 1134 706 ὁποία
1171 652 1259 707 καὶ
1307 656 1341 722 ἡ
1373 660 1473 722 τῆς
1521 649 1809 724 διαϐολῆς,
1843 658 1902 724 ἢν
1938 656 1966 709 6

315 739 635 802 ἐνδιαθὲτως
684 740 897 816 φεύγων
949 742 1242 815 ἡγίασται,
1305 743 1624 798 καταπτύων
1667 744 1855 814 αὐτῆς,
1917 744 1966 800 εἴ

315 851 377 905 γε
406 829 549 885 οὕτω
577 828 779 900 ταύτην
835 831 1146 902 ᾠκειώσατο
1205 829 1442 905 φιλήσας
1495 834 1522 886 6
1580 833 1961 905 ἀντικείμενος.

316 920 392 981 ὡς
445 919 535 974 καὶ
602 919 693 974 ἀπ’
767 918 935 988 αὐτῆς
1009 925 1453 995 παρωνυμεῖσθαι
1531 921 1605 984 εἰς
1681 918 1961 980 διάϐολον.

315 1009 632 1083 Ἀγιασουσι
688 1004 745 1062 δὲ
800 1006 967 1076 αὐτὴν
1023 1009 1108 1062 καὶ
1171 1005 1313 1082 μέλη
1380 1011 1515 1078 θεῖα,
1589 1009 1783 1066 ἐκεῖθεν
1843 1011 1962 1083 ἐξη-

2077 659 2271 714 divina
2301 661 2719 728 carmina,quae
2751 655 3094 711 solemniter
3131 661 3365 710 cantata
3393 657 3731 712 auditorum

2077 749 2306 804 animos
2337 747 2672 803 demulcent
2702 751 2758 800 et
2786 746 2979 816 ipsum
3017 749 3314 800 cautorem
3339 743 3650 813 delectant,
3677 751 3734 801 et

2075 839 2174 908 qui
2205 843 2442 892 cantum
2475 838 2545 892 ad
2577 851 2858 908 magnum
2910 834 3184 889 Davidem
3218 835 3410 889 refert.
3445 835 3552 888 Sed
3587 835 3736 890 bona

2074 943 2306 998 quoque
2339 927 2626 991 doctrina,
2676 942 2802 995 quae
2860 924 2997 978 inde
3048 923 3315 994 emergit,
3378 922 3438 978 in
3471 922 3729 979 similem

2075 1015 2599 1071 sanctiﬁcationem
2633 1014 2872 1068 desinit.

314 1097 583 1173 χούμενα,
616 1096 707 1152 καὶ
733 1096 859 1158 τοὺς
885 1097 1270 1174 ἀκροωμένους
1303 1098 1590 1175 θέλγοντα,
1643 1101 1752 1176 οὐχ
1783 1099 1978 1170 ἥκιστα
2011 1100 2068 1159 δὲ
2097 1105 2185 1158 καὶ
2215 1105 2315 1171 τὴν
2365 1102 2528 1156 αὐτοῦ
2561 1101 2765 1155 ἐκείνου
2797 1102 2979 1175 ψυχὴν
3012 1105 3109 1153 τοῦ
3151 1099 3484 1173 ψάλλοντος,
3534 1100 3618 1154 καὶ
3652 1105 3733 1172 τῷ

320 1183 549 1260 μεγάλῳ
580 1183 745 1240 Δαυῖδ
774 1187 873 1255 τὴν
905 1184 1083 1256 καλὴν
1116 1184 1306 1257 ἀοιδὴν
1346 1183 1914 1262 συναναϐαλλομὲνου.
1950 1192 2048 1247 Καὶ
2081 1190 2401 1247 διδασκαλία
2432 1188 2489 1245 δί
2519 1190 2692 1266 ἀγαθὴ
2727 1189 2924 1244 ἐκεῖθεν
2959 1188 3314 1257 ἐκκύπτουσα,
3348 1187 3424 1250 εἰς
3465 1187 3729 1263 ἀγιασμὸν

315 1274 508 1348 ὅμοιον
540 1272 896 1346 ἀποτελευτᾷ.

384 1381 484 1445 κς’.
518 1383 672 1438 Ἐστι
723 1377 781 1436 δὲ
836 1380 1005 1437 καλὸν
1060 1384 1331 1456 στόματος
1389 1381 1542 1461 ἔργον
1596 1385 1687 1440 καὶ
1743 1389 1778 1457 ἡ
1829 1387 1966 1443 ἐκεῖ-

317 1482 400 1534 θεν
436 1469 660 1545 εὖλογίῃ
709 1472 797 1525 καὶ
861 1472 922 1526 τὸ
952 1467 1338 1550 ἀόλάσφημον.
1384 1473 1474 1536 Εἷς
1507 1475 1569 1529 τὸ
1597 1475 1836 1532 καθόλου
1865 1478 1965 1553 γὰρ

317 1557 667 1632 ἀναδραμεῖν,
719 1559 947 1636 ὀργάνου
994 1561 1195 1622 παντὸς
1245 1563 1450 1636 ἀγαθοῦ
1505 1565 1723 1640 ἀγαθὸς,
1785 1567 1964 1643 ὥσπερ

319 1649 347 1702 6
380 1649 622 1724 εὑρετὴς,
679 1647 823 1703 οὕτω
869 1650 956 1703 καὶ
993 1650 1020 1703 6
1073 1651 1296 1722 σκοπὸς,
1331 1651 1375 1706 εἰ
1407 1652 1495 1706 καὶ
1529 1651 1710 1730 φαύλη
1745 1657 1966 1730 μοχθηε

321 1736 408 1812 ρία
464 1740 655 1812 ψυχῶν
712 1737 932 1811 ἀχρειοῖ
986 1737 1163 1793 ἐκεῖνα
1222 1742 1674 1815 παραχρωμὲνη,
1749 1743 1824 1804 ὡς
1888 1749 1962 1816 μὴ

321 1825 513 1901 ἰχρῆν.
561 1825 768 1882 Οὐκοῦν
814 1825 902 1880 καί
948 1829 1010 1882 τὸ
1055 1833 1152 1882 τοῦ
1197 1825 1417 1903 βλέπειν
1453 1827 1698 1904 ὄργανον,
1756 1832 1844 1886 καὶ
1903 1833 1964 1886 τὸ

316 1918 435 1970 κατ’
488 1912 778 1990 ὄσφρησιν,
835 1917 926 1970 καὶ
977 1915 1007 1970 6'
1057 1914 1114 1970 δὲ
1168 1918 1432 1993 ὑπουργεῖ
1486 1924 1603 1981 τοῖς
1637 1920 1961 1993 ἀκούσμασι,

314 2005 496 2059 καὶτὸ
532 2004 610 2068 εἷς
635 2008 836 2080 γεῦσιν,
896 2005 925 2059 ὃ
982 2005 1073 2060 καὶ
1131 2005 1209 2068 εἷς
1255 2005 1452 2061 λαλιὰν
1509 2007 1862 2064 ἀποτέτακται
1896 2043 1964 2052 -

316 2094 480 2172 σοφός
508 2114 568 2148 τε
596 2094 686 2147 καὶ
717 2093 917 2168 ἀγαθὸς
956 2095 983 2148 6
1013 2097 1270 2165 ποιήσας,
1311 2095 1400 2150 καὶ
1453 2095 1586 2151 αὐτὰ
1617 2097 1734 2152 λίαν
1783 2098 1967 2162 καλῶς

318 2181 398 2237 ἐπ’
430 2183 614 2256 ἀγαθῷ
644 2183 988 2252 πεποίηνται.
1041 2184 1144 2239 Καὶ
1198 2185 1400 2253 τοίνυν,
1434 2185 1492 2247 ὃς
1547 2188 1640 2258 μὲν
1695 2187 1829 2242 αὐτᾶ
1876 2210 1966 2243 πε-

322 2276 608 2347 ριποιεῖται
643 2277 831 2343 σκοπῷ
885 2270 1174 2346 κρείττονι,
1234 2275 1368 2349 πρὸς
1417 2274 1475 2329 ’ὀν
1533 2276 1568 2345 ἡ
1620 2276 1776 2352 φύσις
1832 2276 1965 2332 αὐτὰ

319 2358 659 2422 κελευσθεῖςα
737 2363 1081 2435 κατήρτισεν,
1158 2360 1282 2417 οὕτε
1347 2365 1446 2432 τήν
1510 2363 1664 2442 φύσιν
1719 2362 1959 2441 ἐλέγχει,

2146 1392 2236 1446 26.
2274 1389 2591 1446 Pulchrum
2653 1405 2824 1460 porro
2881 1387 2998 1442 oris
3059 1403 3207 1458 opus
3266 1391 3356 1442 est
3384 1385 3644 1442 laudatio
3674 1390 3734 1442 et

2076 1481 2260 1535 oratio
2293 1477 2974 1534 benevola.[nstrumenti
3011 1477 3165 1530 cnim
3191 1477 3402 1547 egregii
3439 1480 3496 1530 et
3526 1475 3728 1529 inven-

2075 1573 2169 1624 tor
2198 1575 2251 1624 et
2285 1585 2498 1640 scopus
2529 1569 2720 1621 bonus
2752 1571 2862 1632 est,
2894 1565 3026 1620 licet
3058 1565 3236 1619 animi
3270 1580 3432 1618 error
3462 1580 3562 1635 per
3584 1565 3726 1619 abu-

2075 1674 2208 1713 sum
2239 1662 2533 1729 cperatur.
2565 1656 2657 1710 Sic
2688 1670 2920 1725 quoque
2952 1653 3209 1717 videndi,
3241 1653 3521 1706 odorandi
3553 1656 3729 1723 atque

2075 1746 2349 1802 audiendi
2369 1746 2767 1818 gustandique
2782 1760 3002 1815 organa
3015 1759 3144 1814 quae
3169 1741 3406 1796 vocibus
3422 1741 3729 1812 pateﬁunt,

2075 1853 2107 1891 a
2137 1835 2390 1908 benigno
2451 1840 2710 1890 creatore
2771 1833 3047 1905 praclara
3095 1836 3218 1886 arte
3247 1831 3536 1885 instructa
3566 1833 3727 1885 sunt.

2074 1925 2260 1987 Quare
2289 1924 2389 1996 qui
2420 1924 2493 1979 iis
2553 1923 2734 1978 utitur
2781 1923 2854 1976 ad
2915 1923 3131 1976 bonum
3165 1920 3343 1974 ﬁnem
3402 1919 3730 1974 secundum

1997 2019 2295 2098 Bnaturm
2356 2012 2787 2084 praescriptum,
2839 2027 2952 2064 non
3011 2009 3386 2081 reprehendit
3432 2013 3728 2078 naturam,

2077 2103 2177 2158 sed
2213 2103 2496 2159 artiﬁcem
2531 2107 2588 2157 et
2637 2107 2934 2156 auctorem
2993 2099 3263 2166 honorat,
3297 2102 3356 2152 et
3385 2097 3509 2168 ipse
3541 2098 3730 2152 bonus

2075 2209 2380 2264 operarius
2411 2208 2542 2247 esse
2571 2191 2848 2245 creditur.
2881 2189 2988 2254 Qui
3020 2193 3224 2244 contra
3253 2187 3414 2252 facit,
3445 2186 3730 2242 daemonis

2073 2281 2170 2352 qui
2204 2281 2316 2336 ista
2346 2281 2404 2335 in
2439 2278 2660 2334 malum
2693 2277 2999 2343 convertit,
3031 2294 3092 2332 se
3124 2275 3432 2340 assimilat,
3466 2280 3524 2330 et
3554 2274 3730 2330 mini-

2075 2386 2167 2424 me
2198 2375 2286 2424 est
2319 2371 2505 2424 bonus
2535 2367 2925 2434 Christianus,
2960 2382 2992 2421 o
3020 2366 3270 2437 benigne
3300 2361 3581 2420 Dominel

317 2449 405 2504 καὶ
457 2450 547 2504 τὸν
607 2447 1098 2526 δημιουργήσαντοι
1147 2449 1203 2507 δὲ
1227 2452 1484 2528 τεχνίτην
1540 2459 1676 2527 τιμᾷ
1709 2501 1723 2524 ,
1777 2457 1869 2509 καὶ
1926 2455 2087 2520 αὐτὸς
2134 2457 2330 2534 ἀγαθὸς
2386 2456 2617 2532 ἐργάτης
2669 2454 2954 2530 κρίνεται·
3015 2455 3042 2507 6
3098 2450 3155 2507 δὲ
3217 2453 3291 2525 μὴ
3349 2451 3491 2506 οὕτω
3551 2449 3725 2505 διατε-

317 2539 562 2610 θειμένος
622 2543 702 2611 τῷ
755 2540 855 2609 τήν
896 2539 1245 2617 παράχρησιν
1303 2543 1692 2616 τεκτηναμὲνῳ
1771 2542 1992 2617 δαίμονι
2046 2545 2336 2619 ᾠκείωται,
2391 2546 2420 2600 ’ὀ
2481 2541 2673 2618 μηδεὶς
2729 2543 2923 2618 ἀγαθὸς
2969 2542 3312 2618 Χριστιανὸς,
3375 2538 3730 2618 φιλάνθρωπε

315 2626 498 2703 Κύριε.

386 2720 486 2784 κζ’.
521 2717 623 2774 Καὶ
669 2723 830 2774 τοῦτο
883 2721 978 2794 μὲν
1029 2719 1202 2783 οὕτως
1264 2723 1400 2794 ἡμῖν
1455 2721 1506 2776 ἐν
1567 2721 1704 2797 εὐχῇ
1766 2723 1823 2777 δν
1881 2720 1962 2794 εἴη

322 2804 587 2860 ἐπιτελῶν
688 2812 795 2862 τῶν
829 2806 1054 2864 δικαίων
1089 2811 1264 2886 εὐγῶν
1298 2811 1450 2872 Θεός.
1508 2813 1629 2867 Τῶν
1661 2810 1718 2865 δέ
1766 2833 1828 2886 γε
1855 2833 1969 2867 τεσ-

325 2895 504 2967 σάρων
562 2895 967 2972 αἰσθητηρίων,
1021 2903 1116 2953 τοῦ
1176 2901 1345 2974 ὁρᾷν,
1403 2904 1500 2954 τοῦ
1567 2899 1966 2979 ὀσφραίνεσθαι,

324 2982 407 3037 ναὶ
437 2985 544 3055 μην
573 2984 740 3054 ἀκοῆς
769 2988 853 3041 καὶ
886 2987 1138 3064 γεύσεως,
1201 2988 1368 3062 ὁμοίᾳ
1425 2986 1606 3067 ἐφόδῳ
1653 2988 1968 3063 τετελεσμέ-

323 3093 430 3125 νων
491 3072 566 3137 εἷ⁷ς
614 3074 833 3145 ἀρετὴν,
884 3077 1018 3132 καΘὰ
1071 3077 1437 3154 προέκκειται,
1502 3079 1604 3133 ὑπὸ
1634 3084 1789 3148 Θεοῦ,
1850 3078 1968 3158 ἐφε-

322 3163 478 3233 ψεται
508 3162 656 3232 καὶὴ
690 3171 788 3234 τῆς
822 3165 964 3242 ἀφῆς
999 3163 1306 3242 διόρθωσις,
1337 3172 1434 3222 τοῦ
1485 3167 1535 3222 ἐν
1595 3171 1732 3242 ἡμῖν
1791 3166 1971 3244 δυσερ-

319 3270 420 3324 γου
496 3249 836 3328 πράγματος,
912 3260 1008 3309 τοῦ
1085 3253 1646 3326 δυσκαταπαλαίστου,
1701 3262 1798 3312 τοῦ
1852 3259 1972 3312 καθ’

2145 2728 2235 2780 27.
2271 2727 2505 2782 Utinam
2537 2743 2670 2782 vero
2731 2729 2903 2792 Deus,
2950 2725 3048 2796 qui
3109 2723 3371 2779 animum
3436 2723 3506 2777 ad
3535 2723 3730 2792 justas

2077 2831 2278 2886 preces
2327 2815 2595 2882 attendit,
2633 2814 2801 2869 nobis
2854 2815 2969 2868 ista
3018 2813 3397 2884 precantibus
3428 2812 3506 2867 sit
3536 2809 3730 2882 propi-

2077 2903 2234 2959 tius!
2269 2904 2353 2958 Ad
2386 2907 2640 2975 quatuor
2667 2908 2865 2958 autem
2890 2897 3732 2970 senseus,videndi,odorandi,

2061 2991 2351 3048 audiendi
2388 2997 2563 3062 atque
2619 2991 2894 3063 gustandi
2951 2991 3076 3061 qui,
3106 2989 3334 3044 volente
3384 2989 3501 3045 Deo
3532 3004 3735 3042 omnes

2079 3081 2147 3136 ad
2182 3081 2455 3136 virtutem
2489 3080 2758 3150 tendunt,
2790 3079 3069 3151 tangendi
3100 3095 3334 3149 quoque
3365 3077 3609 3150 quintus
3640 3093 3734 3131 ac-

2081 3170 2264 3240 cedet,
2299 3171 2368 3225 ad
2405 3187 2554 3241 opus
2587 3169 2822 3224 difﬁcile
2855 3174 2911 3223 et
2956 3185 3060 3239 per
3088 3172 3276 3222 totum
3327 3183 3538 3237 corpus
3566 3165 3735 3220 ciiil'u-

2080 3276 2212 3316 sum
2239 3259 2638 3332 peragendum
2666 3277 2682 3327 ',
2704 3258 2859 3330 quod
2885 3257 3121 3328 quidem
3144 3255 3441 3328 aliquibus
3465 3271 3567 3326 per
3587 3255 3734 3308 duos

323 3337 454 3393 ὅλον
532 3345 692 3414 σῶμα
767 3342 1240 3418 πεπλατυσμὲνου,
1321 3350 1419 3400 τοῦ
1494 3344 1886 3422 πολυσπερὲος·
1943 3348 1966 3402 ὃ

405 3426 536 3443 κς-
661 3431 676 3443 ι
781 3429 864 3443 ...ι
984 3433 1008 3443 ..
1089 3431 1111 3443 ..
1183 3439 1206 3443 _-
1296 3432 1318 3443 -
1441 3434 1476 3443 ..
1617 3434 1640 3443 ..

2086 3347 2324 3419 digitos,
2358 3347 2618 3402 medium
2659 3352 2716 3402 et
2775 3347 3050 3410 indicem,
3104 3342 3510 3399 circumscribi
3563 3357 3737 3413 posse

321 3426 564 3491 πολλοῖς
623 3431 716 3504 μὲν
777 3429 924 3505 δόξοι
983 3433 1040 3488 ἂν
1085 3431 1232 3489 δυοῖν
1293 3432 1578 3490 δακτύλοιν
1612 3434 1791 3510 ἄκρως
1820 3457 1973 3512 περι-

322 3519 644 3594 γεγράφθαι,
690 3525 769 3592 τῷ
823 3542 882 3575 τε
941 3521 1089 3595 μὲσῳ
1146 3523 1234 3577 καὶ
1282 3521 1363 3596 τῷ
1409 3529 1624 3599 Λιχανῷ
1675 3523 1764 3580 διὰ
1791 3527 1852 3580 τὸ
1882 3525 1974 3580 αύ-

322 3611 442 3669 τοῖς
501 3603 746 3683 ἀκριϐῶς
769 3613 1108 3685 γνωμονικὸν
1139 3617 1246 3667 τῶν
1293 3612 1428 3668 κατὰ
1485 3614 1792 3692 σφυγμοὺς,
1841 3614 1975 3685 ἀλη-

325 3699 431 3757 Θῶς
489 3693 547 3750 δὲ
602 3698 740 3752 κατὰ
795 3698 922 3762 τοὺς
995 3695 1431 3772 ἐπιϐεϐληκότας
1503 3703 1812 3778 σοφώτατα,
1872 3703 1974 3779 ὅλῃ

321 3781 601 3855 συνδιήκει
679 3791 748 3862 τῇ
829 3789 1048 3860 πλάσει,
1136 3791 1210 3853 ὡς
1283 3791 1394 3846 οῖον
1467 3791 1970 3869 ἐγκατεσπαρμένοι)

319 3872 478 3948 αὐτῇ.
536 3876 732 3953 Διόπερ
775 3875 889 3933 οὐδ’
944 3880 1117 3935 αὐτῶν
1166 3885 1273 3935 τῶν
1327 3881 1728 3958 ὑπερκειμένων
1788 3882 1974 3954 αἰσθή-

317 3982 455 4016 σεων
515 3962 747 4037 οὐδεμία
796 3966 996 4039 ταύτην
1056 3965 1471 4048 διεκπὲφευγεν,
1531 3970 1579 4024 ei
1627 3971 1718 4025 καὶ
1769 3971 1971 4047 τρόπος

319 4049 376 4105 ἂν
409 4051 595 4116 αὐτοῖς
627 4053 865 4130 ἑτεροῖος
897 4064 995 4126 τῆς
1049 4060 1170 4113 καθ’
1229 4059 1461 4128 εκάστην
1520 4058 1736 4134 ἐπαφῆς
1787 4060 1974 4115 τεθεώ-

323 4160 506 4215 ρηται,
538 4143 757 4223 ἀπαφής
793 4147 914 4219 μὲν,
965 4149 1116 4220 ὅμως
1169 4145 1226 4202 δὲ
1263 4146 1474 4202 πίπτων
1510 4148 1613 4202 ὑπὸ
1658 4148 1968 4224 συγγένειαν

322 4229 574 4302 ἀπτικήν.
634 4234 731 4290 Καὶ
784 4230 894 4290 ἔστι
942 4237 1030 4290 καὶ
1082 4238 1116 4305 ἡ
1171 4237 1278 4314 ἀφὴ
1324 4237 1486 4291 κακὸν
1519 4234 1659 4291 ἄλλο
1715 4235 1970 4313 ἐργῶδες,

320 4315 376 4370 εἴ
421 4321 497 4392 μή
558 4343 638 4384 τις
695 4323 786 4378 καὶ
843 4325 944 4393 τὴν
1019 4325 1187 4395 αὑτῆς
1239 4331 1440 4401 χρῆσιν
1503 4325 1655 4397 φύσει
1709 4323 1973 4401 διακρινεῖ

313 4407 454 4482 πρὸς
482 4410 648 4485 νόμον
683 4418 835 4472 Θεοῦ.
871 4413 1222 4489 Συλλτςψεται
1273 4413 1330 4470 δὲ
1384 4417 1519 4488 ἡμῖν
1572 4414 1647 4477 εἷς
1702 4414 1972 4490 ὀρθότητα

309 4496 574 4570 τοιαύτης
625 4498 941 4580 διακρίσεως
988 4507 1023 4574 ἡ
1068 4505 1286 4582 θεωρία,
1347 4506 1412 4576 ἣν
1472 4503 1968 4581 προανεταξάμεθα.

308 4586 380 4674 ῘΗ
410 4585 509 4661 γὰρ
572 4591 706 4646 κατὰ
752 4591 907 4671 φύσιν
953 4593 1006 4649 ἐν
1039 4597 1175 4667 ἡμῖν
1207 4594 1510 4672 ἀκρόπολις
1539 4594 1752 4672 ἐχυρως
1803 4594 1968 4674 ἐσφα-

313 4671 593 4751 λισμένη,
651 4681 789 4746 καθὰ
865 4681 1208 4755 δεδίδακται,
1281 4671 1700 4761 περιποιήσεται
1756 4685 1845 4740 καὶ
1878 4671 1970 4740 ⁷τὰ

2087 3437 2335 3492 credunt
2381 3443 2618 3509 propter
2667 3435 3032 3507 pulsationes
3088 3433 3492 3506 gnomonicas,
3539 3430 3737 3485 verius

2086 3530 2307 3593 autem,
2341 3531 2578 3598 propter
2624 3523 3121 3581 constructionem
3173 3519 3609 3594 primordialem
3644 3536 3736 3574 sa-

2085 3614 2313 3685 pienter
2367 3619 2717 3686 coeptatam.
2781 3614 2913 3668 Ideo
2973 3611 3134 3666 nulla
3187 3610 3612 3678 sensationum,
3663 3609 3736 3664 de

2086 3703 2303 3775 quibus
2334 3705 2587 3777 agimus,
2635 3702 2799 3758 illam
2829 3702 3083 3773 effugere
3127 3699 3357 3773 poterit,
3383 3699 3491 3754 etsi
3525 3700 3736 3754 modus

2084 3792 2311 3848 alienus
2343 3793 2496 3848 circa
2529 3795 2793 3847 mutuam
2817 3791 3334 3846 contrectationem
3361 3788 3420 3843 in
3442 3788 3517 3843 iis
3539 3788 3735 3842 obser-

2081 3881 2452 3953 vetur,fallax
2477 3881 2849 3952 quidem,sed
2882 3881 2982 3951 qui
3007 3881 3064 3934 in
3098 3879 3446 3935 afﬁnitatem
3470 3881 3730 3932 contrec-

2081 3970 2320 4026 tabilem
2352 3971 2645 4026 cadit.Sed
2668 3974 2724 4024 et
2745 3973 2937 4025 tactus
2961 3969 3018 4024 in
3052 3972 3273 4024 malum
3298 3967 3532 4038 aliquod
3560 3965 3731 4021 verti-

2081 4059 2320 4129 tur,nisi
2351 4060 2479 4130 erS
2512 4075 2686 4114 usum
2719 4059 2788 4113 ad
2823 4058 3080 4112 divinam
3109 4055 3295 4129 legem
3329 4055 3734 4110 accommoda-

2083 4165 2238 4204 mus.
2272 4147 2344 4203 Ut
2398 4153 2592 4202 autem
2625 4148 2684 4202 in
2738 4146 3053 4218 eojudicio
3096 4161 3166 4200 ne
3228 4143 3503 4200 fallamur
3532 4143 3732 4212 regula

2082 4254 2260 4309 quam
2294 4237 2634 4302 statuimus,
2668 4236 2830 4291 utilis
2859 4236 2989 4291 erit.
3023 4239 3138 4290 Arx
3160 4234 3316 4290 enim
3351 4249 3384 4289 a
3416 4236 3624 4287 natura
3646 4232 3732 4286 in-

2081 4330 2173 4382 tra
2203 4344 2308 4382 nos
2343 4326 2673 4392 fortiﬁcata,
2708 4331 2772 4380 ut
2802 4325 3024 4380 dictum
3058 4329 3428 4390 est,munere
3457 4337 3564 4377 suo
3598 4321 3728 4376 fun-

2081 4420 2250 4488 getur
2281 4424 2338 4472 et
2371 4433 2462 4472 res
2494 4423 2726 4471 nostras
2758 4415 2816 4469 in
2850 4415 2994 4470 urbe
3025 4415 3126 4470 Dei
3157 4414 3440 4468 virtutum
3474 4414 3733 4482 ponet,et

2081 4507 2406 4562 damonem
2459 4506 2858 4563 adversarium
2917 4503 3198 4575 impediet
3222 4520 3339 4575 quo
3370 4501 3570 4557 minus
3601 4517 3730 4556 eam

2079 4600 2380 4670 oppugnet
2407 4599 2507 4652 aut
2539 4597 3019 4668 appr0pinquans
3052 4593 3311 4650 turribus
3343 4595 3622 4648 coerceat.

311 4763 410 4818 ὑπ’
466 4765 656 4838 αὐτὴν,
705 4771 795 4826 καὶ
828 4773 903 4836 εἷς
936 4773 1072 4846 ὅλην
1107 4774 1268 4830 πόλιν
1299 4778 1398 4829 τοῦ
1429 4778 1564 4830 Θεοῦ
1592 4779 1700 4830 τῶν
1731 4772 2006 4848 δυνάμεων
2066 4774 2298 4848 κυρώσει
2328 4773 2395 4828 τὰ
2422 4774 2540 4837 καθ’
2567 4775 2736 4846 ἡμᾶς·
2769 4772 2859 4827 καὶ
2890 4771 2988 4827 οὐκ
3018 4772 3213 4850 ἀφήσει
3269 4771 3731 4847 παῤῥησιάζεσθαι

300 4855 429 4910 κατ’
486 4856 652 4924 αὐτῆς
682 4861 775 4916 τὸν
807 4861 1076 4936 πολέμιον
1111 4861 1361 4938 δαίμονα,
1419 4861 1590 4918 εἰπεῖν
1622 4861 1680 4918 δὲ
1706 4863 1966 4936 τάληθὲς,
2023 4861 2148 4918 οὐδὲ
2177 4857 2370 4934 ἔξωθὲν
2401 4865 2564 4918 ποθεν
2594 4861 2982 4937 πολιορκῆσαι,
3017 4862 3099 4916 ὅτι
3157 4859 3297 4934 μηδὲ
3327 4859 3562 4916 πελάσαι
3592 4858 3728 4932 αὐτῇ

297 4944 400 4998 καὶ
431 4950 919 5023 πνργηρώσασθαι.

381 5055 488 5124 κη’.
523 5055 703 5112 Ἀλλὰ
735 5080 802 5131 με
835 5060 862 5113 6
893 5057 1060 5134 λόγος
1095 5061 1252 5125 οὗτος
1295 5058 1657 5134 (ἀναμεινάτω
1690 5057 1746 5115 δὲ
1779 5062 1959 5138 βραχύ

2138 5063 2228 5117 28.
2262 5063 2372 5119 Sed
2404 5079 2596 5118 sermo
2630 5079 2886 5134 praesens
2921 5060 3168 5133 (aliquid
3200 5060 3356 5116 enim
3387 5058 3557 5131 spatii
3591 5055 3726 5113 aliis

291 5165 353 5199 τι
395 5143 540 5219 ὥρας
569 5145 636 5201 τςὶ
682 5145 895 5225 ἐφεξῆς)
950 5148 1026 5210 εἷς
1081 5153 1308 5224 μνήμην
1352 5151 1521 5225 ἤγαγε
1574 5154 1674 5218 τῆς
1733 5147 1851 5225 ἄρτι
1910 5150 1961 5205 ἐν

290 5235 444 5306 ἡμῖν
478 5237 852 5298 καταστάσεως
905 5237 990 5291 καὶ
1039 5235 1345 5301 διαθέσεως.
1406 5237 1564 5310 Εἷής,
1624 5238 1719 5292 Θεὶ
1777 5239 1965 5314 ὕψιστε

289 5315 682 5394 παμϐασιλεῦ,
733 5325 1287 5403 κατασφαλιζόμενος,
1341 5328 1416 5390 ὡς
1443 5329 1600 5394 αὐτὸς
1632 5326 1800 5398 οἶδας,
1860 5329 1960 5397 τὴν

290 5412 696 5484 οἷκουμενικήν
765 5417 926 5489 ἡμῶν
1005 5414 1331 5493 ἀκρόπολιν,
1406 5418 1498 5473 τὸν
1568 5417 1957 5494 αὐτοκράτορα,

286 5499 395 5558 καὶ
427 5503 732 5576 κρατύνων,
765 5504 842 5567 εἰς
871 5506 933 5560 16
969 5502 1109 5579 μηδὲ
1165 5508 1302 5580 ἡμῖν
1353 5507 1584 5564 πελάσαι
1633 5506 1955 5584 πολιορκίαν

2078 5169 2307 5224 quoque
2339 5151 2766 5224 quaestionibus
2797 5151 3218 5208 reservandum
3263 5150 3374 5222 est)
3405 5151 3473 5206 ad
3508 5149 3729 5206 consti-

2073 5241 2322 5297 tutionis
2354 5244 2564 5296 nostra:
2595 5239 2837 5294 internae
2865 5240 3224 5294 mentionem
3262 5237 3585 5293 faciendam
3621 5237 3728 5290 du-

2073 5329 2168 5386 cit.
2204 5334 2285 5384 Tu
2320 5333 2534 5400 autem,
2559 5328 2713 5383 Deus
2747 5327 3161 5396 altissime,rex
3191 5326 3476 5392 omnium,
3510 5342 3612 5397 pro
3637 5342 3725 5380 sa-

2071 5418 2293 5491 pientia
2321 5423 2424 5474 tua
2455 5434 2749 5474 summam
2782 5417 3003 5473 haucce
3033 5415 3352 5488 acropolim
3383 5422 3440 5471 et
3466 5415 3719 5486 impera-

2069 5512 2252 5565 torem
2284 5508 2462 5574 salva,
2495 5513 2554 5563 et
2595 5511 2798 5564 contra
2826 5506 3198 5562 inimicorum
3229 5506 3635 5578 aggressiones
3665 5508 3722 5561 et

288 5589 395 5647 καὶ
429 5595 971 5670 κατακαυχήσασθαιο
1025 5595 1102 5668 μὴ
1135 5596 1224 5651 καί
1254 5595 1439 5653 τέλεον
1494 5593 1872 5675 ἐκτριϐείημεν
1906 5597 1958 5652 οἱ

2081 5597 2409 5667 iactantiam
2442 5613 2549 5654 nos
2580 5596 2925 5670 defende,ne
2956 5597 3014 5652 in
3045 5600 3367 5654 extremam
3399 5595 3717 5669 perniciem

289 5676 688 5740 ἆλεείνὸτατοι.

376 5769 478 5826 κθ’.
539 5771 640 5827 Καὶ
667 5776 830 5830 τοῦτο
883 5775 978 5850 μὶν
1023 5773 1111 5832 ἐπὶ
1161 5780 1418 5834 τοσοῦτον
1477 5771 1958 5852 παρεμϐεϐλήσθω

2065 5686 2356 5746 labamur.

2090 5688 2566 5851 Ἓθῖηὲἷίιεωοάί
2597 5791 2769 5850 porro
2802 5775 2861 5833 in
2888 5774 3081 5833 verbis
3114 5775 3260 5834 meis
3292 5775 3560 5834 doctrina
3590 5775 3712 5831 elu-
