4082 6368
361 407 486 467 699

1135 411 1183 470 E
1199 412 1571 473 USTATHII
1618 411 2011 473 'IHESSAL(

2124 410 2392 476 CENSIS
2435 415 3024 477 ΜΕἿἬΟῬΟῙᾸΤΛΕ

3658 428 3782 487 700

359 541 512 607 ceat,
547 539 700 594 sicut
758 540 1090 611 spiritualis
1147 546 1323 598 ardor
1379 551 1704 617 opportune
1760 544 2011 600 lucescit.

2142 564 2235 615 μοι
2268 543 2322 606 ἐς
2349 547 2449 614 τὴν
2498 543 2870 613 διδασκαλίαν,
2899 547 2974 612 ὡς
3014 550 3048 618 ἡ
3089 550 3226 604 κατᾶ
3281 551 3466 626 ψυχὴν
3507 555 3781 629 θερμότης

358 627 518 694 Quod
553 633 746 682 autem
783 630 854 684 de
875 630 1109 685 civitate
1131 638 1331 687 nostra
1351 635 1641 705 spirituali
1667 635 2025 690 mentionem

2138 631 2366 702 ἐξέζεσεν
2428 635 2526 690 οὐκ
2581 631 2682 707 ἔξω
2706 642 2918 714 καιροῦ.
2978 639 3043 693 Ὃ
3102 635 3159 692 δὲ
3210 636 3424 714 ἔλεγον,
3488 666 3517 695 ‹‹
3569 648 3672 710 τῆς
3728 645 3780 702 ἐν

363 718 492 783 feci,
549 733 728 788 quam
790 724 1002 774 natura
1059 722 1367 788 ordinavit,
1433 726 1583 779 Deus
1643 723 2011 780 consolidavii

2132 724 2268 794 ἡμῖν
2330 723 2682 798 ἀκροπόλεως
2717 770 2730 793 ,
2795 750 2821 777 ››
2881 729 2945 795 ἣν
3003 727 3158 803 φύσιν
3228 729 3321 801 μὲν
3383 729 3777 808 ἐπιτεταγμένη

361 823 494 861 eum
531 807 586 860 in
622 808 820 878 finem,
855 815 920 863 ut
949 811 1147 864 omnia
1178 814 1400 881 optime
1431 814 1926 868 administrentur
1956 829 2022 868 ac

359 898 856 968 gubernentur,id
889 901 1109 954 dictum
1143 901 1311 955 velim
1338 906 1488 972 quod
1525 903 1723 958 omnia
1747 920 2021 974 prospere

361 987 676 1040 succedent
708 991 763 1041 et
796 988 1018 1058 optime
1049 991 1371 1044 constituta
1391 992 1832 1055 erunt.Quando
1861 993 2018 1048 enim

361 1073 567 1130 oculus
626 1081 779 1130 recto
839 1077 1058 1131 intuitu
1116 1085 1328 1149 praeest
1380 1084 1445 1134 ut
1501 1081 1686 1145 decet,
1737 1083 2018 1153 tangendi

359 1181 596 1235 quoque
627 1182 840 1221 sensus
872 1168 979 1221 rite
1011 1169 1436 1240 obtemperabit
1463 1189 1477 1237 ;
1527 1171 1572 1225 si
1606 1171 1880 1242 gustandi
1915 1172 2015 1227 de-

357 1254 492 1308 inde
523 1255 982 1311 instrumentum
1014 1258 1158 1312 bene
1182 1258 1413 1326 judicat
1442 1265 1498 1314 et
1531 1277 1636 1314 nos
1670 1261 1836 1314 docet
1865 1277 2013 1331 quo-

359 1343 530 1398 modo
561 1349 864 1414 unguenta
919 1345 1392 1401 administranda
1439 1353 1597 1412 sunt,
1646 1353 1857 1420 gustus
1887 1349 2014 1421 ipse

359 1448 601 1487 munere
633 1450 739 1488 suo
772 1433 883 1488 rite
915 1435 1210 1506 fungetur.
1244 1442 1464 1490 Sensus
1493 1438 1792 1492 auditivus
1819 1438 2014 1507 ubi,ut

358 1523 542 1589 decet,
577 1539 684 1577 nos
715 1522 881 1578 ducit
908 1523 965 1577 in
1001 1526 1175 1578 rebus
1206 1527 1296 1580 sui
1357 1527 1608 1596 generis.
1645 1527 1703 1581 Id
1737 1527 1917 1582 efﬁcit
1947 1531 2012 1582 ut

355 1614 547 1666 tactus
581 1610 776 1665 minus
803 1618 1187 1680 erret,contra
1217 1615 1367 1684 quod
1387 1616 1570 1685 judex
1602 1616 1926 1687 praesertim
1951 1617 2010 1672 in

357 1717 602 1756 munere
633 1702 901 1756 obeundo
933 1719 994 1756 se
1024 1702 1218 1773 ipsum
1251 1704 1562 1759 custodiet.
1595 1705 1805 1760 Gustui
1837 1721 2009 1777 porro

355 1789 414 1842 in
445 1788 519 1844 iis
551 1807 675 1860 quas
703 1791 774 1844 ad
805 1807 940 1846 eum
973 1797 1242 1863 spectant
1294 1798 1462 1848 certae
1497 1795 1710 1866 regula
1745 1795 2009 1864 prescri-

361 1882 468 1948 ptaa
501 1884 663 1943 sunt,
694 1895 838 1947 quas
871 1880 1151 1935 audacter
1201 1881 1574 1954 praetergredi
1606 1884 1693 1938 fas
1725 1900 1840 1937 non
1871 1887 1961 1938 est
1991 1900 2003 1950 ;

357 1973 415 2021 et
445 1983 576 2021 ecce
631 1967 725 2021 hic
783 1984 1016 2039 quoque
1075 1971 1193 2024 ima
1245 1971 1498 2026 summie
1557 1972 1900 2040 miscentur,
1956 1977 2012 2027 et

356 2071 507 2126 opus
538 2056 637 2110 Dei
669 2057 919 2111 maxime
950 2059 1276 2129 egregium,
1309 2060 1484 2115 homo
1519 2060 2009 2133 integer,jejuna-

354 2151 448 2200 tor
481 2146 741 2216 prudens
771 2162 905 2201 cum
939 2147 1134 2203 divino
1167 2149 1441 2221 psalterio
1472 2150 1727 2205 concinit
1764 2157 1822 2206 et
1852 2150 2009 2206 auri-

355 2235 468 2290 bus
501 2235 803 2306 mentique
833 2235 975 2293 dum
1007 2237 1080 2292 ab
1125 2237 1345 2294 artiﬁce
1394 2238 1664 2309 pulsatur
1695 2239 2008 2296 satisfecit.

429 2521 517 2577 30.
552 2522 681 2578 Haec
704 2539 838 2578 cum
863 2540 1074 2595 eo,quo
1099 2523 1356 2580 diximus
1381 2525 1553 2580 modo
1577 2523 1848 2580 instituta
1871 2523 2010 2595 sint,

359 2627 674 2667 numerum
699 2630 764 2667 ac
788 2613 1128 2685 rhythmum
1154 2613 1212 2668 in
1239 2615 1415 2669 rebus
1438 2631 1566 2686 quae
1589 2614 1660 2668 ad
1683 2613 2012 2668 doctrinam

359 2705 629 2770 spectant
659 2717 871 2772 ponere
912 2703 1235 2758 debemus:
1289 2704 1374 2758 sic
1423 2703 1580 2758 enim
1614 2719 1781 2758 sacra
1809 2703 2012 2757 concio

358 2808 474 2846 non
532 2791 772 2848 habebit
828 2794 899 2849 de
955 2811 1070 2864 quo
1113 2798 1406 2866 gravetur.
1473 2793 1786 2866 Diligenter
1815 2798 2010 2848 autem

359 2882 431 2936 ab
463 2881 634 2938 initio
691 2901 878 2954 usque
930 2885 1001 2939 ad
1063 2885 1239 2940 finem
1288 2885 1656 2940 observanda
1711 2888 1854 2940 sunt
1884 2901 2011 2956 quae

358 2969 595 3026 divinus
627 2988 812 3027 canon
846 2973 918 3027 iis
940 2973 1344 3044 quijejunium
1368 2977 1639 3028 exercent
1664 2972 2006 3044 praescribit.

359 3060 494 3124 Qua
526 3059 765 3131 quidem
796 3061 1168 3117 observantia
1207 3063 1278 3116 ad
1327 3062 1601 3117 virtutem
1652 3066 1786 3117 ante
1815 3062 2013 3117 omnia

359 3150 825 3218 spectat,nedum
859 3151 1034 3206 rebus
1068 3151 1336 3207 futilibus
1385 3154 1638 3207 studeat.
1671 3151 1875 3206 Omnis
1908 3168 2010 3206 au-

357 3241 474 3292 tem
505 3240 691 3294 virtus
723 3239 873 3295 circa
919 3240 1177 3296 medium
1209 3241 1478 3308 vertitur,
1509 3256 1686 3312 quam
1738 3238 1825 3294 vir
1854 3239 2011 3310 sapi-

357 3342 483 3396 ens,
519 3329 690 3398 cujus
722 3327 920 3384 studia
950 3329 1104 3385 circa
1137 3347 1327 3386 mores
1357 3328 1873 3400 versantur,probe
1905 3345 2009 3383 no-

355 3416 440 3471 vit
470 3420 527 3471 et
557 3419 753 3489 magni
807 3418 964 3474 facit.
1000 3420 1069 3473 Et
1117 3419 1252 3474 huic
1303 3418 1540 3490 quidem
1590 3435 1695 3473 nos
1726 3418 2012 3473 maximo-

357 3521 494 3574 pere
524 3506 762 3560 studere
813 3508 1117 3574 debemus,
1153 3508 1200 3562 si
1231 3508 1465 3562 virtutis
1523 3524 1702 3578 opera
1749 3521 2014 3562 exercere

358 3593 530 3648 nobis
587 3594 748 3649 cordi
806 3599 913 3650 est.
974 3599 1106 3651 Haec
1183 3596 1339 3650 enim
1393 3595 1769 3666 pulchritudo
1826 3594 2014 3650 varias

356 3686 622 3737 assumet
653 3683 892 3754 formas,
928 3685 1027 3739 ubi
1063 3690 1213 3739 Deus
1261 3684 1603 3740 hominibus
1636 3701 1698 3739 se
1729 3684 2012 3739 mediato-

356 3787 479 3826 rem
513 3773 844 3842 praebuerit.
911 3773 1240 3829 Divinitatis
1271 3773 1478 3846 igitur,
1534 3773 1768 3843 fratres,
1801 3777 1858 3827 et
1891 3787 2011 3828 me-

355 3859 594 3916 dietatis
625 3862 907 3918 rationem
942 3863 1464 3933 habeamus,cujus
1483 3863 1654 3918 venia
1674 3866 1731 3918 et
1761 3861 2013 3918 visibilis

355 3953 412 4004 et
445 3949 762 4005 invisibilia
791 3951 1112 4008 cernimus.
1149 3953 1290 4008 Dein
1340 3953 1440 4007 ubi
1472 3952 1738 4008 examine
1770 3953 1919 4006 facto
1953 3951 2011 4006 in

359 4041 669 4096 medietate
699 4040 890 4096 ideam
942 4042 1349 4098 rationabilem
1406 4042 1712 4098 videamus
1742 4041 2012 4097 conside-

358 4134 556 4185 rantes
588 4131 740 4200 quod
771 4129 811 4184 ii
833 4132 935 4202 qui
969 4132 1224 4186 medium
1249 4131 1404 4202 quod
1437 4130 1571 4204 plus
1603 4147 1780 4202 quam
1811 4129 2014 4185 huma-

358 4235 501 4274 num
532 4221 977 4292 est,transgredi
1007 4221 1630 4291 audent,jam,mutata
1653 4219 1867 4287 indole,
1895 4234 2010 4274 non

359 4307 755 4374 homines,sed
790 4308 981 4382 angeli
1013 4326 1079 4365 ac
1127 4308 1397 4364 coelicolzs
1445 4311 1774 4364 evaserunt.
1805 4306 2010 4363 Plures

358 4397 634 4468 deinceps
651 4399 809 4452 fuere
828 4399 925 4469 qui
942 4399 1240 4454 hominem
1261 4413 1327 4454 eo
1346 4415 1460 4469 quo
1479 4415 1585 4469 par
1601 4413 1714 4453 non
1734 4401 2011 4468 erat.per-

359 4485 390 4540 d
403 4491 672 4556 uxerunt,
697 4486 776 4540 ita
797 4491 862 4541 ut
877 4490 1028 4542 terra
1040 4504 1168 4542 esse
1183 4487 1621 4556 noluerint,imo
1644 4486 1703 4541 in
1724 4489 2010 4541 tartarum

360 4590 422 4629 se
445 4573 955 4644 precipitaverint.
989 4574 1084 4630 Sic
1139 4574 1321 4646 igitur
1351 4590 1413 4629 re
1469 4590 1756 4646 perpensa
1787 4573 2010 4628 medie-

1991 1925 2087 1993 ΞΒ

2133 809 2551 885 ᾠκοδομήσατο,
2587 817 2614 870 6
2645 817 2772 877 Θεὸς
2805 814 2862 870 δὲ
2892 818 3176 888 συμπήξας
3227 818 3568 894 ἐστερέωσεν,
3617 821 3780 900 ἐχούο

2131 921 2229 970 σης
2263 903 2319 954 εὗ
2349 906 2456 956 τῶν
2484 902 2594 958 ἄνω
2643 903 3034 982 ἐφισταμένων,
3093 909 3427 982 στρατηγίας
3482 912 3632 975 τινὸς
3689 914 3779 969 καὶ

2127 989 2447 1065 ταξιαρχίας
2509 988 2689 1062 δίκην,
2746 993 2836 1048 καὶ
2879 994 2946 1048 τὰ
2995 993 3166 1050 λοιπὰ
3221 998 3278 1050 εὖ
3331 1002 3774 1072 καθεστήξονται.

2128 1079 2448 1154 Ὀφθαλμοῦ
2507 1083 2610 1156 γὰρ
2665 1081 2797 1156 ὀρθὰ
2861 1082 3158 1158 βλέποντος
3209 1087 3300 1140 καὶ
3358 1086 3776 1164 ἐπιτάσσοντος,

2128 1169 2200 1222 ὧν
2235 1169 2492 1224 ἅπτεσθαι
2542 1169 2658 1225 δέον
2711 1169 2844 1243 ἐστὶ,
2916 1173 3274 1229 ὑπακούσεται
3328 1179 3542 1241 πάντως
3591 1181 3681 1234 καὶ
3740 1183 3774 1250 ἠ

2126 1257 2258 1344 ᾀφή.
2295 1259 2645 1337 Ὀσφρήσεως
2690 1263 3148 1336 γνωματευούσης
3205 1263 3398 1338 ὀρθῶς,
3456 1266 3607 1329 ὅπως
3660 1271 3772 1344 χρή

2125 1343 2584 1421 διοικονομεῖσθαι
2660 1352 2759 1420 τὴν
2837 1350 3045 1428 ἐπαφὴν
3107 1357 3203 1407 τοῦ
3281 1357 3597 1430 μυροῦσθαι,
3673 1358 3774 1412 οὐκ

2123 1432 2232 1500 ἔσθ’
2283 1437 2432 1499 ὅπως
2493 1440 2934 1514 ἁμαρτηθήσεται
2993 1443 3028 1510 ὴ
3087 1440 3354 1518 ἀνάλογος
3395 1445 3528 1519 ἁρή.
3585 1447 3769 1521 Ἔκρι-

2122 1545 2206 1579 νεν
2265 1528 2300 1595 ἡ
2361 1526 2654 1598 ἀκουστική
2715 1530 2850 1603 πρὸς
2920 1530 3236 1605 ὀρθότητα,
3310 1531 3470 1586 τίνων
3544 1532 3774 1598 δεόντως

2121 1613 2343 1682 ἁπτέον,
2374 1615 2463 1670 καὶ
2525 1621 2643 1678 πῶς
2673 1616 2735 1670 ἂν
2766 1620 2800 1686 ἡ
2835 1619 2944 1696 ἇφή
2989 1623 3295 1695 τυραννήσῃ
3342 1621 3477 1676 κατὰ
3513 1628 3612 1692 τῆς
3657 1622 3774 1698 κρί-

2122 1721 2276 1768 σεως,
2337 1704 2404 1771 ἧς
2465 1703 2642 1767 οὐδεὶς
2700 1706 2893 1782 ἐφέτης
2959 1709 3356 1781 ὑπερκάθηται.
3418 1709 3775 1766 Πεπαίδευται

2119 1792 2152 1858 ἡ
2198 1795 2377 1866 γεῦσις
2408 1794 2662 1848 ἅπτεσθαι
2692 1799 2799 1848 τῶν
2832 1797 2951 1850 κατ’
2984 1795 3236 1868 ἐντολήν·
3289 1799 3399 1872 (καὶ
3456 1800 3588 1854 ποία
3645 1811 3773 1876 θρα-

2122 1879 2287 1949 σύτης
2355 1880 2491 1951 αὐτῇ
2552 1881 2915 1958 ἐγγενήσεται,
2973 1894 3426 1962 κατεπιχειρῆσαι
3461 1935 3477 1960 ,
3529 1888 3619 1943 καὶ
3675 1889 3773 1957 τὴν

2125 1968 2290 2042 ὀρθὴν
2355 1966 2667 2044 διαστρέψαι
2725 1969 3006 2028 παίδευσιν
3031 1976 3070 2047 ;)
3119 1975 3208 2029 καὶ
3269 1973 3387 2030 ἰδοὺ
3423 2021 3437 2046 ,
3508 1977 3778 2033 κάνταῦθα

2119 2057 2185 2111 τὰ
2212 2058 2360 2112 κάτω
2417 2062 2517 2124 τῆς
2549 2058 2659 2115 ἄνω
2693 2069 2982 2132 συνῆπται,
3023 2065 3112 2118 καὶ
3160 2065 3222 2119 τὸ
3264 2069 3360 2120 τοῦ
3410 2071 3544 2120 Θεοῦ
3592 2067 3777 2140 ἐμμυ-

2123 2144 2212 2208 λὶς
2243 2142 2493 2222 ὄργανον,
2550 2150 2578 2203 6
2635 2147 2804 2212 καλὸς
2853 2148 3163 2228 ἅνθρωπος,
3209 2155 3237 2207 ὁ
3287 2155 3451 2231 σοφὸς
3482 2158 3778 2226 νηπευτής

2123 2235 2196 2297 εἰς
2229 2237 2545 2314 συμφωνίαν
2575 2237 2867 2314 ψαλτηρίῳ
2919 2239 3047 2312 θείῳ
3106 2241 3414 2316 πρέπουσαν
3475 2242 3776 2319 ἥρμοσται,

2122 2323 2346 2402 χορδεῖν
2379 2327 2543 2381 ὁποῖα
2575 2327 3049 2403 συγκροτούμενον
3075 2335 3154 2402 τῷ
3202 2329 3508 2406 πενταδικῷ
3563 2339 3669 2390 τῶν
3721 2356 3778 2390 τε

2121 2418 2572 2492 προφαινομένων
2603 2417 2929 2490 αἰσθήσεων,
2961 2418 3050 2474 καὶ
3081 2419 3200 2475 ὅσαι
3231 2421 3367 2477 κατά
3395 2420 3537 2480 νοῦν.

2195 2519 2263 2577 λ’.
2322 2521 2544 2578 Τούτων
2604 2521 2670 2593 δὴ
2735 2524 2876 2579 οὕτω
2937 2522 3392 2598 διεσκευασμένων
3451 2528 3587 2600 ἡμῖν
3643 2527 3771 2583 ἀκο-

2124 2607 2341 2674 λούθως
2395 2614 2480 2674 οἷς
2536 2615 3087 2692 προανεφωνήσαμεν,
3148 2613 3465 2690 ῥυθμιστέον
3520 2617 3608 2670 καὶ
3671 2615 3770 2671 ἄλ-

2123 2697 2238 2761 λως
2264 2701 2324 2754 τὸ
2358 2697 2766 2770 διδασκαλικὸν,
2821 2704 2896 2765 ὡς
2943 2703 3041 2758 οὐκ
3088 2701 3147 2757 ἂν
3183 2703 3334 2775 οἶμαι
3371 2703 3677 2778 βαρυνεῖται
3709 2705 3770 2758 τὸ

2121 2792 2237 2852 καθ’
2291 2791 2441 2862 ἡμᾶς
2504 2791 2652 2864 ἱερὸν
2711 2791 2977 2864 ὁμακόϊον
3015 2835 3027 2848 .
3090 2789 3372 2847 Σπουδαία
3429 2794 3776 2869 πραγματεία

2121 2880 2404 2956 πρόκειται
2434 2882 2570 2954 ἡμῖν
2604 2881 2710 2936 ἀπὸ
2740 2889 2841 2951 τῆς
2892 2879 3012 2958 ἄρτι
3053 2881 3141 2936 καὶ
3199 2879 3302 2944 ἕως
3351 2882 3640 2957 τέρματος,
3697 2883 3774 2946 εἷς

2123 2967 2255 3044 ὅπερ
2287 2971 2315 3024 ὁ
2346 2971 2490 3032 θεῖος
2521 2972 2696 3026 κανὼν
2745 2972 2840 3033 τὰς
2895 2971 3199 3044 νηστίμους
3259 2969 3445 3046 ὥρισε.
3511 2995 3539 3024 ι(
3594 2978 3772 3027 Σπου-

2123 3054 2274 3112 δαίαν
2310 3083 2338 3110 ››
2399 3055 2457 3113 δέ
2486 3081 2659 3137 φαμεν
2693 3061 2792 3130 τὴν
2819 3061 2934 3115 κατ’
2978 3060 3197 3136 ἀρετὴν,
3261 3059 3322 3115 ού
3374 3061 3482 3133 μὴν
3536 3061 3634 3131 τὴν
3668 3059 3772 3115 ἄλ-

2123 3144 2235 3209 λως
2293 3145 2676 3203 κενόσπουδον·
2739 3149 2935 3226 Ἀρετή
2981 3146 3038 3203 δὲ
3096 3155 3242 3204 πᾶσα
3292 3149 3381 3203 καὶ
3433 3150 3555 3225 περὶ
3611 3149 3769 3223 μεσό-

2122 3255 2260 3305 τητα
2291 3236 2632 3312 ἠσχόληται,
2687 3240 2753 3307 ἣν
2787 3240 2814 3294 ὁ
2860 3238 3052 3308 ἠθικὸς
3099 3232 3357 3312 ἀκριϐοῦν
3415 3236 3528 3293 οἶδε
3583 3239 3768 3314 σοφός·

2122 3325 2211 3379 καὶ
2257 3326 2390 3381 αὐτὸ
2447 3324 2504 3382 δὲ
2559 3331 2718 3382 τοῦτο
2780 3328 3016 3399 μεσότης
3057 3326 3147 3381 καὶ
3200 3326 3310 3382 ἐστι
3367 3327 3457 3382 καὶ
3509 3327 3772 3400 ὀνομάζε-

2120 3434 2229 3470 ται.
2290 3413 2509 3484 Ταύτης
2564 3413 2657 3469 οῦν
2708 3415 2796 3471 καὶ
2845 3417 2982 3484 ἡμῖν
3043 3415 3369 3491 στοχαστέον
3403 3416 3477 3478 ὡς
3511 3416 3771 3489 μάλιστα,

2123 3500 2236 3577 εἷίγε
2311 3502 2649 3578 βουλοίμεθα
2726 3505 2794 3558 τὰ
2865 3505 3004 3581 πρὸς
3069 3504 3265 3581 ἀρετὴν
3339 3502 3772 3581 διαπρέττεσθαι,

2123 3591 2225 3647 Καὶ
2258 3590 2403 3647 ἔσται
2439 3593 2532 3665 μὲν
2590 3596 2726 3667 ἡμῖν
2775 3595 2866 3649 καὶ
2910 3591 3097 3656 ἄλλως
3149 3593 3212 3648 τὸ
3259 3591 3427 3648 καλὸν
3454 3599 3616 3649 τοῦτο
3667 3616 3775 3651 πο-

2123 3679 2436 3754 λύτροπον,
2515 3687 2610 3737 τοῦ
2659 3688 2774 3755 Θεῷ
2831 3682 2918 3738 καὶ
2981 3683 3290 3758 ἀνθρώποις
3363 3682 3774 3756 μεσιτεύσαντος

2126 3768 2290 3843 μέσου
2341 3772 2629 3844 γινομένου
2673 3772 2940 3826 κάνταῦθα
2985 3771 3053 3825 τὰ
3103 3770 3179 3832 εἷς
3228 3772 3398 3843 ἡμᾶς.
3449 3769 3774 3844 Εὐπορηθή-

2122 3879 2266 3914 σεται
2301 3856 2499 3928 δὲκαὶ,
2531 3861 2606 3922 ὡς
2637 3861 2664 3914 ὁ
2716 3859 2880 3936 λόγος
2931 3859 3086 3924 εὐθὺς
3149 3859 3578 3915 ὑποτυπώσεται.
3641 3863 3772 3911 Στο-

2123 3949 2420 4022 χασώμεθα
2449 3956 2549 4019 τῆς
2610 3951 2890 4019 θεότητος,
2945 3948 3269 4022 μεσότητος,
3302 3951 3347 4003 ὦ
3377 3945 3625 4024 ἀδελφοὶ,
3651 3945 3770 4000 καθ’

2121 4039 2180 4106 ἣν
2234 4037 2286 4094 ἐν
2331 4041 2466 4112 ἡμῖν
2502 4035 2563 4094 τό
2592 4059 2649 4094 τε
2680 4040 2870 4115 ὁρατὸν
2897 4040 3231 4113 τεθεώρηται
3287 4039 3376 4094 καὶ
3408 4037 3471 4093 τὸ
3522 4035 3772 4111 ἀόρατον·

2119 4127 2208 4182 καὶ
2268 4127 2591 4202 σκεψάμενοι
2645 4128 3066 4202 ἐπινοησώμεθα
3126 4128 3430 4200 μεσότητος
3478 4123 3621 4181 ἰδέαν
3683 4121 3776 4180 ἕλ-

2123 4215 2304 4293 λογον,
2339 4219 2426 4272 καὶ
2461 4219 2864 4296 ἱστορήσωμεν,
2914 4218 2990 4281 ὡς
3037 4218 3088 4272 οἱ
3138 4217 3231 4290 μὶν
3285 4220 3394 4271 τῶν
3449 4217 3566 4279 καθ’
3629 4216 3780 4287 ἡμᾶς

2123 4301 2524 4378 ὗπεραναϐῆναι
2582 4309 2645 4362 τὸ
2701 4309 2818 4362 κατ’
2889 4308 3173 4380 ἄνθρωπον
3228 4304 3389 4377 μέσον
3461 4301 3782 4373 φιλονεική-

2122 4415 2330 4464 σαντες,
2357 4394 2664 4470 ἐβιάσαντο,
2702 4397 2778 4468 μὴ
2811 4393 3000 4455 ἁπλῶς
3052 4395 3333 4466 ἄνθρωποι
3397 4384 3597 4464 μεῖναι,
3647 4389 3778 4447 ἀλλ’

2121 4479 2372 4558 ἄντικρυς
2397 4486 2692 4553 νωοθῆναι,
2741 4483 2829 4536 καὶ
2868 4481 2943 4542 εἷς
3001 4480 3135 4554 ὕψος
3195 4475 3557 4549 ἀναθλιϐῆναι
3617 4481 3775 4558 ἀγγε-

2121 4568 2298 4639 λικὸν,
2330 4571 2419 4626 καὶ
2477 4570 2721 4646 γενέσθαι
2770 4569 3038 4644 οὐράνιοι.
3098 4568 3331 4631 Πλείους
3391 4565 3450 4623 δὲ
3504 4590 3566 4646 γε
3609 4569 3776 4628 ἄλλοι

358 4667 539 4718 tatem
573 4663 631 4717 in
663 4663 826 4719 hisce
856 4663 1031 4718 rebus
1088 4661 1517 4735 amplectamus
1547 4680 1560 4731 ;
1600 4667 1658 4717 et
1713 4662 1870 4733 quod
1901 4660 2011 4717 alie

2124 4661 2422 4736 κατήγαγον
2481 4661 2570 4716 τὸν
2629 4661 2933 4734 ἄνθρωπον,
2967 4657 3045 4720 εἲς
3105 4657 3238 4734 ὅπερ
3298 4658 3397 4714 οὐκ
3433 4657 3631 4736 ἐχρῆν,
3684 4660 3776 4715 καὶ

361 4753 434 4808 ad
463 4751 779 4808 volandum
829 4752 1053 4824 praediti
1084 4767 1198 4808 non
1231 4768 1442 4808 sumus
1489 4751 1705 4823 quibus
1736 4751 1795 4805 in
1826 4749 2014 4806 subli-

358 4857 514 4897 mem
546 4858 741 4897 aerom
773 4841 899 4898 tolli
949 4840 1274 4907 valeamus,
1317 4845 1623 4897 terrestres
1681 4839 2010 4896 animantes

357 4946 486 4987 esse
517 4935 881 5004 satagamus,
915 4929 1066 4986 sicut
1094 4931 1224 5003 ipsa
1254 4934 1464 4986 natura
1495 4929 1774 5003 precipit.

421 5404 511 5458 31.
545 5404 656 5458 Bos
703 5405 977 5458 naturam
1026 5415 1195 5456 suam
1255 5415 1370 5454 non
1403 5403 1580 5472 negat
1609 5399 1886 5471 equinam
1919 5398 2002 5453 si-

352 5489 764 5558 mulando,nec
821 5488 1198 5546 deetinationi
1232 5505 1351 5544 suae
1407 5488 1700 5545 contraria
1742 5488 1898 5544 facit.
1933 5487 2002 5543 Ο-

350 5576 437 5631 vis
468 5582 734 5634 eamdem
766 5595 997 5650 semper
1028 5578 1544 5634 mansuetudinem
1578 5582 1869 5634 monstrat
1893 5592 2003 5644 ;oa-

353 5679 459 5734 pra
489 5669 552 5717 ut
582 5667 882 5720 consuevit
911 5665 1193 5737 pascitur,
1227 5669 1284 5720 et
1342 5666 1427 5721 sic
1457 5672 1664 5722 caetera
1713 5665 2001 5722 animalia

351 5747 605 5806 indolem
639 5751 992 5824 peculiarem
1045 5757 1300 5811 servant.
1333 5753 1522 5819 Quare
1568 5771 1676 5812 nos
1713 5754 1826 5829 ipsi
1857 5769 2000 5827 quo-

2123 4749 2225 4802 οὐκ
2253 4748 2539 4824 ἠγάπησαν
2587 4749 2684 4804 κ’ὰν
2729 4751 2858 4824 γοῦν
2919 4746 3053 4803 εἷᾭαι
3102 4753 3195 4823 γῆ,
3257 4745 3382 4803 ἀλλ’
3443 4744 3772 4804 ὑπεϐίϐασαν

2120 4837 2346 4901 ἑαυτοὺς
2405 4839 2480 4901 ὡς
2538 4838 2616 4901 εἷς
2669 4838 2932 4911 τάρταρον
2970 4881 2983 4894 .
3041 4835 3142 4890 Καὶ
3199 4835 3345 4892 οὕτω
3401 4839 3770 4914 θεωρήσαντες

2118 4930 2282 5000 ἡμεῖς
2315 4930 2600 5004 γενώμεθα
2656 4932 2754 4984 τοῦ
2788 4927 2839 4982 ἐν
2881 4927 3096 4989 τούτοις
3152 4921 3339 5000 μέσου·
3399 4927 3488 4983 καὶ
3547 4926 3629 4982 ὅτι
3691 4928 3766 5000 μὴ

2117 5019 2288 5094 πτερὰ
2343 5013 2547 5093 ἔχομεν
2608 5017 2782 5092 φύειν,
2846 5015 2915 5072 δι’
2971 5013 3044 5070 ὧν
3106 5017 3218 5071 ἄνω
3269 5017 3611 5095 κουφίζεσθαι
3674 5012 3767 5069 δυ-

2115 5108 2394 5181 νησόμεθα
2427 5153 2440 5178 ,
2499 5105 2823 5179 σπεύδοιμεν
2882 5104 3029 5162 ἀλλὰ
3065 5109 3193 5183 γοῦν
3253 5108 3386 5162 εἶναι
3439 5106 3620 5178 γήϊνοι
3669 5101 3760 5155 καὶ

2119 5197 2289 5264 ζωῖκά
2318 5202 2555 5273 φρονεῖν,
2587 5197 2662 5258 ὡς
2695 5198 2730 5266 ἡ
2783 5194 2878 5262 τῆς
2924 5194 3133 5271 φύσεως
3182 5195 3408 5270 ὀρθότης
3455 5187 3748 5256 κανονίζειν

2114 5286 2450 5363 προτίθεται.

2186 5395 2289 5454 λα’.
2323 5397 2462 5458 Βοῦς
2494 5397 2558 5450 οὗ
2615 5391 2888 5468 ψεύδεται,
2939 5391 3071 5467 ὅπερ
3117 5389 3278 5459 ἐστὶν,
3310 5386 3436 5442 ούδὶ
3489 5390 3604 5447 τοῖς
3659 5389 3757 5440 τοῦ

2107 5485 2281 5540 ⁴ἵππου
2310 5485 2496 5554 ἤθεσιν
2529 5479 2840 5541 ἐπιϐάλλει·
2869 5481 3062 5549 ἵππος,
3093 5477 3214 5535 ἀλλ’
3277 5474 3406 5532 οὐδὲ
3449 5475 3608 5540 αὐτὸς
3650 5496 3756 5532 πα-

2111 5579 2338 5648 ρανομεῖ
2363 5577 2432 5630 τὰ
2478 5574 2559 5653 ἐφ’
2618 5575 2701 5638 οἷς
2757 5580 3050 5650 παρῆκται.
3101 5561 3380 5643 Ηρόϐατον
3437 5567 3584 5641 μένει
3629 5563 3756 5653 εὔη-

2110 5675 2196 5727 θες
2229 5661 2317 5718 διὰ
2367 5650 2527 5740 βίου.⁷
2565 5664 2664 5719 Τὸν
2723 5665 2844 5739 αἶγα
2885 5660 3065 5737 βόσκει
3114 5658 3176 5712 τὸ
3223 5657 3339 5713 κατ’
3399 5657 3558 5714 αὐτὸν
3613 5650 3754 5719 ἔθος.

2107 5755 2232 5810 Τῶν
2263 5751 2449 5811 ἄλλων
2502 5751 2724 5812 ἕκαστον
2757 5753 2858 5810 οὐκ
2884 5748 2992 5815 ἔσθ’
3025 5749 3174 5812 ὅπως
3220 5747 3284 5804 τὸ
3340 5748 3562 5828 φυσικὸν
3616 5746 3757 5822 θέμα
