4082 6384
290 458 400 521 ³701

1299 462 1379 522 ΙΝ
1421 461 1484 522 S.
1535 460 2212 534 QUADRAGESIMAM
2261 461 2555 523 ORATIO
2597 460 2709 523 IV.

3596 455 3717 515 702

292 588 647 667 παρατίθησι.
695 589 966 665 Μένοιμεν
1016 589 1107 648 οῦν
1153 593 1245 647 καὶ
1303 594 1471 665 ἡμεῖς
1516 590 1810 669 ἅνθρωποι,
1860 590 1950 647 αἲ-

2071 614 2180 669 que
2240 594 2507 651 homines
2565 609 2672 649 nos
2736 593 3102 665 praebeamus
3174 593 3232 645 et
3296 589 3716 645 erubescamus

295 678 649 755 σχυνόμενοι,
683 679 770 734 ἐὰν
820 678 904 734 ἐπ’
949 677 1145 743 ἄλλοις
1196 680 1258 735 οὐ
1289 680 1705 756 παρηγοόμενοι
1735 680 1950 750 ἀπλῶς,

297 768 446 824 ἀλλὰ
493 767 642 844 χειρὶ
692 771 827 823 Θεοῦ
874 768 1276 842 πεπλασμένοι,
1326 769 1415 824 τὸν
1457 770 1711 845 τεχνίτην
1764 770 1956 845 αἰσχύ-

297 877 478 930 νωμεν
508 899 521 913 .
571 855 919 932 Ἐτάχθημεν
966 859 1082 913 κατ’
1124 858 1305 914 εἰκόνα
1350 864 1484 915 Θεοῦ
1517 881 1530 895 ο
1596 857 1737 933 μηδὲ
1782 878 1953 935 παρα-

299 948 671 1022 χαράττοιμεν
722 947 784 1001 τὸ
832 948 975 1001 θεῖον
1017 947 1320 1021 εἶκόνισμα.
1379 947 1627 1012 Τεθὲντες
1680 948 1731 1003 ἐν
1789 969 1958 1025 παρα-

303 1033 483 1109 δείσῳ,
517 1035 631 1090 εἶτα
681 1034 1109 1105 ἆκπεπτωκότες,
1154 1037 1475 1113 βιαζοίμεθα
1520 1039 1618 1107 τήν
1670 1035 1953 1109 ἐπάνοδον,

302 1125 392 1180 καὶ
451 1124 526 1197 μή
603 1123 1029 1202 φιλοτιμώμεθα
1100 1127 1191 1181 τὸν
1251 1125 1536 1183 ἐπιπλεῖον
1607 1126 1951 1205 ἀφορισμόν.

303 1213 767 1290 Ἐντρεποίμεθα,
813 1215 863 1269 εἷ’
916 1212 1097 1269 τάλλα
1146 1216 1241 1288 μὲν
1298 1220 1409 1285 ζῶα
1452 1215 1514 1270 οὐ
1565 1213 1812 1281 θέλουσιν
1863 1216 1956 1271 ἀν-

302 1302 689 1377 θρωπίζεσθαι,
737 1304 905 1376 ἡμεῖς
953 1300 1011 1358 δὲ
1040 1303 1433 1380 ἀλογιζόμεθα,
1464 1304 1553 1360 καὶ
1587 1305 1652 1360 τὸ
1679 1308 1780 1370 τῆς
1811 1326 1955 1381 παρ-

299 1398 517 1468 αγωγῆς
586 1393 920 1468 ἀχρειοῦμεν
990 1391 1176 1466 τίμιον
1213 1434 1227 1449 .
1287 1394 1530 1470 Ἔχομεν
1601 1389 1955 1467 παμϐασιλέα

298 1480 450 1537 Θεόν⁶
510 1476 740 1553 οἴδαμεν
792 1482 886 1536 τὸν
948 1480 1000 1552 ἐξ
1053 1480 1261 1537 ἐκείνου
1319 1483 1647 1553 ἀποστάντα,
1698 1482 1792 1539 τὸν
1830 1484 1953 1539 ἀντ-

298 1568 490 1646 ἀρτην,
530 1569 624 1624 τὸν
678 1569 986 1645 ἀλιτήριον.
1034 1571 1127 1641 Μὴ
1179 1569 1269 1625 οὖν
1325 1570 1660 1648 άνταίρωμεν
1720 1573 1807 1627 καὶ
1865 1572 1956 1627 αὐ-

297 1660 410 1726 τοὶ,
435 1657 584 1714 ἀλλὰ
628 1663 725 1713 τοῦ
781 1657 1048 1734 βασιλέως
1093 1659 1401 1735 γινοίμεθα.
1433 1662 1525 1729 Μὴ
1558 1659 1956 1737 στρατολογοί-

307 1759 444 1822 μεθα
492 1750 574 1820 τῷ
619 1746 953 1823 κληρονόμῳ
990 1752 1089 1802 τοῦ
1142 1750 1436 1825 ταρτάρου,
1489 1748 1617 1804 ἀλλ’
1646 1747 1954 1805 ἐπακολου-

305 1837 534 1910 θοίημεν
582 1840 661 1908 τῷ
712 1835 788 1898 εἲς
844 1835 1069 1911 οὐρανὸν
1103 1839 1249 1910 ἡμᾶς
1280 1839 1554 1914 ἀνάγοντι.
1588 1839 1952 1913 Ἐνθυμητέον

300 1926 362 1981 τὸ
391 1924 601 2001 χωρίον
646 1931 749 1995 τῆς
797 1924 1103 1998 νοουμένης
1151 1934 1381 2001 τρυφῆς,
1430 1926 1707 1999 ἐννοητὲον
1752 1928 1815 1982 τὸ
1843 1933 1952 1984 τῶν

299 2015 598 2070 κολάσεων·
630 2014 794 2069 τοῦτο
844 2020 963 2077 τοῖς
1013 2014 1067 2070 ἐν
1096 2016 1391 2090 ἁμαρτίαις
1441 2013 1772 2090 δαιμονῶσιν
1804 2016 1955 2095 ἀφώ-

302 2123 479 2178 ρισται
510 2147 525 2172 ,
586 2103 761 2159 ἐκεῖνο
817 2108 935 2168 τοῖς
1005 2104 1220 2179 ἀρεταῖς
1276 2103 1569 2184 ἐντυφῶσιν
1619 2106 1903 2162 ἀπόκειται
1939 2149 1954 2163 .

302 2193 537 2268 Πότερον
593 2189 853 2259 κάλλιον,
911 2191 962 2263 ἐξ
1021 2192 1252 2269 οὐρανοῦ
1308 2200 1488 2250 πεσεῖν
1527 2241 1541 2265 ,
1598 2194 1633 2265 ἢ
1694 2191 1955 2261 ἀναϐῆναι

307 2281 445 2356 πρὸς
497 2279 721 2356 οὐρανόν
753 2299 767 2349 ;
796 2284 973 2338 Τοῦτο
1022 2285 1118 2336 τοῦ
1176 2282 1479 2361 ἓωσφόρου,
1537 2284 1712 2340 ἐκεῖνο
1770 2287 1954 2358 ἡμῶν,

308 2368 456 2444 εἷ’περ
504 2368 782 2442 ἐθέλομεν.
844 2368 1256 2446 Εὐκολώτερον,
1315 2377 1449 2428 Θεοῦ
1494 2372 1760 2448 γενέσθαι,
1813 2371 1955 2449 ἤπερ

308 2459 517 2533 μακρὰν
571 2457 1032 2530 ἀποπλανηθῆναι
1085 2467 1187 2530 τῆς
1262 2459 1466 2517 ἐκείνου
1524 2458 1908 2538 χρηστότητος
1941 2506 1954 2520 .

303 2546 651 2622 Μακρύνεται
687 2548 782 2621 μὲν
832 2549 939 2623 γάρ
986 2569 1069 2611 τις
1103 2554 1238 2604 Θεοῦ
1270 2549 1369 2624 ὀψὲ
1408 2571 1541 2606 ποτε
1591 2548 1680 2607 διὰ
1707 2552 1770 2607 τὸ
1818 2550 1955 2607 ἐκεί-

300 2658 397 2693 νου
422 2637 836 2715 φιλάνθρωπον,
886 2636 1082 2714 ἐγγίζει
1130 2635 1189 2693 δὲ
1236 2636 1325 2694 διὰ
1369 2640 1432 2695 τὸ
1479 2644 1580 2706 τῆς
1622 2641 1959 2717 ἀγαθότητος

303 2727 471 2783 αὐτοῦ
500 2723 757 2804 ἐφολκόν.
789 2731 878 2799 Τῷ
927 2723 1148 2800 δαίμονι
1197 2725 1255 2783 δὲ
1284 2728 1397 2801 ἅμα
1436 2725 1765 2804 διανοήματι
1794 2751 1960 2807 προσ-

307 2816 522 2894 ελήφθη
572 2835 677 2883 τις,
735 2814 1191 2892 ἐγκαταλιπόντος
1250 2816 1454 2873 ἐκεῖνον
1512 2824 1610 2874 τοῦ
1667 2825 1822 2889 Θεόῦ,
1868 2818 1960 2875 ὅτε

314 2906 454 2979 μήτε
506 2905 813 2978 πόππυσμα
868 2902 1093 2975 καθιστᾷ
1145 2905 1236 2961 τὸν
1297 2913 1522 2980 πρῆνον
1579 2914 1680 2978 τῆς
1735 2908 1955 2984 σαρκὸς,

315 2993 454 3064 μήτε
481 2993 659 3066 κημὸς
709 2988 867 3068 ἄγχει
915 2991 1007 3047 καὶ
1056 2991 1287 3067 χαλινὸς
1339 2994 1430 3050 τὸν
1480 2993 1644 3050 αὐτοῦ
1696 2995 1959 3073 ἀποσκιρ-

307 3101 504 3139 τωντα.

377 3184 466 3264 λβ¹
522 3190 644 3245 Ἔτι
692 3186 1074 3243 ἀναπεταννύει
1127 3188 1259 3253 Θεὸς
1314 3187 1586 3266 ἀγκάλας,
1644 3193 1735 3247 καὶ
1793 3191 1960 3248 εἰσδέ-

2069 687 2398 742 inhumana
2430 685 2618 740 facere
2648 688 2705 739 et
2736 684 3022 739 artiﬁcem
3060 683 3238 736 Deum
3272 680 3442 750 cuius
3475 680 3546 734 ad
3568 677 3717 733 ima-

2064 777 2255 849 ginem
2293 774 2424 829 facti
2458 790 2688 837 sumus,
2725 789 2796 827 ne
2825 772 3215 828 offendamus.
3248 769 3335 823 Ad
3375 768 3476 824 Dei
3506 767 3717 839 imagi-

2066 881 2197 921 nem
2258 864 2417 920 enim
2474 861 2772 934 plasmati,
2806 861 2958 917 hanc
3015 860 3333 929 imaginem
3379 856 3537 912 haud
3569 857 3716 912 foede

2066 956 2469 1025 deturpemus.
2502 957 2565 1007 In
2617 951 2892 1022 paradiso
2951 947 3127 1021 positi
3172 964 3206 1002 a
3236 946 3549 1017 principio,
3578 944 3718 1000 inde

2065 1044 2232 1115 ejecti
2263 1058 2518 1107 sumus;
2578 1042 2681 1096 sed
2740 1038 2924 1094 nihilo
2977 1037 3171 1093 secius
3228 1040 3292 1090 ut
3347 1051 3415 1090 eo
3463 1038 3718 1089 reverta-

2066 1149 2202 1187 mur
2231 1145 2465 1186 omnem
2524 1143 2762 1198 operam
2802 1127 3033 1191 demus,
3066 1138 3216 1195 aegre
3247 1122 3399 1177 hanc
3429 1119 3718 1192 separati-

2065 1237 2238 1277 onem
2273 1222 2541 1275 ferentes.
2597 1216 2670 1272 Ut
2696 1220 2904 1271 caetera
2962 1214 3199 1287 quidem
3226 1211 3535 1267 hominum
3568 1209 3718 1264 line-

2066 1308 2565 1365 amentainduere
2587 1309 2892 1370 recusant;
2920 1318 3027 1358 nos
3060 1301 3383 1356 humanam
3417 1302 3716 1363 naturam,

2064 1416 2177 1472 qua
2199 1397 2391 1453 induti
2423 1411 2653 1459 sumus,
2684 1394 2746 1447 in
2803 1392 3042 1448 honoris
3098 1390 3225 1445 loco
3255 1404 3565 1460 ponamus.
3603 1385 3718 1441 Ha-

2065 1489 2275 1544 bemus
2311 1489 2489 1541 Deum
2521 1483 2786 1539 omnium
2820 1482 3248 1535 moderatorem
3283 1495 3297 1534 :
3329 1494 3462 1532 eum
3493 1475 3594 1548 qui
3616 1476 3717 1530 de-

2068 1578 2225 1642 fecit,
2285 1573 2583 1631 diabolum
2648 1573 2797 1637 dico,
2864 1569 3156 1625 novimus.
3217 1567 3299 1621 Ne
3366 1566 3547 1637 igitur
3606 1581 3716 1621 nos

2066 1682 2301 1739 quoque
2330 1664 2715 1728 obsistamus,
2750 1663 2852 1715 sed
2882 1659 2945 1713 in
3005 1658 3103 1713 Dei
3161 1656 3429 1727 partibus
3466 1659 3717 1723 stemus,

2066 1759 2149 1815 Ne
2198 1774 2230 1813 a
2262 1755 2460 1812 tartari
2518 1753 2746 1809 haerede
2785 1756 3025 1816 stemus,
3080 1748 3181 1804 sed
3230 1762 3364 1801 eum
3397 1760 3721 1816 sequamur

2066 1847 2165 1919 qui
2196 1846 2256 1900 in
2288 1845 2498 1900 coelum
2529 1859 2638 1898 no:
2696 1838 2988 1895 conducit.
3042 1837 3261 1892 Locum
3303 1833 3600 1890 felicitatis
3629 1833 3720 1889 in-

2063 1933 2438 2002 tellectualis,
2462 1932 2655 1988 locum
2690 1927 3014 2001 punitionis
3045 1927 3119 1981 ob
3151 1923 3350 1980 oculos
3381 1937 3673 1994 ponamus
3700 1937 3717 1990 ς

2068 2024 2168 2081 ille
2200 2024 2438 2097 quidem
2468 2020 2666 2094 probis
2698 2016 3037 2074 hominibus
3069 2014 3400 2088 propositus
3438 2016 3529 2068 est
3561 2027 3577 2078 ;
3622 2010 3722 2066 bio

2068 2119 2402 2188 peccatores
2459 2115 2678 2167 manet.
2730 2106 2877 2173 Quid
2912 2105 3099 2161 satius
3128 2109 3238 2167 est,
3269 2120 3300 2158 e
3329 2101 3469 2157 coelo
3500 2099 3717 2168 delabi,

2069 2208 2172 2259 aut
2200 2202 2260 2257 in
2292 2200 2503 2258 ccelum
2534 2198 2846 2254 ascendere
2872 2194 2901 2250 ?
2952 2192 3202 2249 Facilius
3232 2195 3323 2248 est
3352 2206 3386 2246 a
3415 2190 3532 2245 Deo
3561 2193 3721 2245 stare

2069 2308 2246 2364 quam
2281 2291 2353 2345 ab
2385 2291 2513 2362 ejus
2570 2287 2884 2344 sanctitate
2932 2284 3199 2339 deﬁcere.
3244 2281 3398 2336 Deus
3428 2278 3585 2334 enim
3616 2293 3721 2348 per

2070 2381 2415 2437 charitatem
2478 2394 2650 2434 suam
2716 2373 2942 2430 homini
3000 2370 3445 2443 prosperitatem
3510 2365 3721 2423 tribuit

2070 2475 2129 2528 et
2160 2469 2253 2527 sui
2285 2468 2541 2525 similem
2574 2481 2709 2523 eum
2768 2465 2927 2532 facit,
2961 2463 3101 2518 dum
3136 2457 3387 2515 daemoni
3419 2455 3719 2530 quispiam

2069 2560 2344 2627 adhaeret,
2379 2557 2517 2629 quia
2545 2560 2699 2611 Deus
2730 2555 2927 2626 ipsum
2960 2551 3219 2622 reliquit,
3251 2548 3484 2620 quando
3525 2559 3717 2616 neque

2070 2648 2329 2705 sibilatio
2358 2645 2553 2703 carnis
2584 2643 2888 2699 libidinem
2930 2639 3108 2711 sistit,
3141 2653 3332 2710 neque
3366 2637 3598 2692 frenum
3629 2649 3720 2689 re-
3756 2686 3763 2692 .

2069 2737 2473 2793 calcitrantsm
2506 2735 2829 2806 perdomat.

2141 3187 2229 3242 32.
2262 3183 2388 3240 Huc
2419 3179 2644 3239 accedit
2673 3177 2829 3249 quod
2864 3176 3017 3232 Deus
3032 3172 3276 3251 brachia
3303 3169 3597 3227 tendendo
3618 3182 3725 3224 nos

307 3257 466 3353 χεται
524 3274 624 3331 ὅσα
675 3277 768 3330 καὶ
828 3275 879 3331 ἰν
938 3274 1161 3360 λιμένι·
1219 3257 1420 3355 ἀνοίγει
1479 3257 1679 3344 ώςνείς
1738 3274 1957 3360 φίλημα

2073 3276 2226 3333 sicut
2272 3275 2427 3329 intra
2483 3275 2719 3344 portum
2777 3264 3002 3338 recipit.
3063 3264 3300 3319 Daemon
3350 3276 3418 3316 os
3447 3257 3617 3330 quasi
3649 3257 3722 3312 ad

307 3343 350 3420 δ’
369 3361 603 3438 δαίμων,
660 3365 749 3420 καὶ
798 3343 1241 3442 καταϐροχθίζει,
1303 3343 1411 3443 οόχ
1468 3370 1567 3424 ὅσα
1610 3343 1700 3425 καὶ
1745 3343 1955 3445 δράκων

2074 3364 2427 3421 basiandum
2460 3343 2649 3433 aperit
2677 3362 2733 3414 et
2760 3357 3020 3422 devorat,
3041 3369 3158 3408 non
3191 3355 3254 3406 ut
3283 3350 3458 3405 draco
3490 3350 3591 3403 aut
3610 3345 3725 3413 leo,

309 3453 345 3523 ἢ
375 3451 538 3523 λέων,
570 3450 696 3509 οὖδὶ
729 3455 836 3528 μὴν
890 3453 1028 3518 καθά
1073 3475 1157 3518 τις
1212 3451 1501 3531 χάρυϐδις,
1536 3457 1664 3513 ἀλλ’
1696 3458 1772 3523 ὡς
1801 3459 1963 3523 αὑτὸς

308 3543 601 3618 τάρταρος.
655 3541 827 3598 Λαλεῖ
886 3543 914 3598 ὁ
966 3544 1095 3606 Θεὸς
1149 3545 1240 3599 καὶ
1297 3552 1480 3600 ποιεῖ·
1539 3547 1877 3624 ὑπισχνεῖται
1935 3549 1964 3604 ὁ

312 3629 685 3703 ἀντικείμενος
734 3631 825 3688 καὶ
879 3630 1160 3708 ἀπρακτεῖ.
1218 3633 1503 3704 Ἀληθεύει
1565 3637 1593 3692 ὁ
1642 3637 1962 3713 αὐτάγαθος·

314 3719 563 3799 φαντάζει
639 3722 667 3776 ὁ
743 3721 1090 3785 αὖτόκακος.
1154 3723 1525 3796 Ἐκνικησάτω
1601 3725 1655 3783 ἐν
1711 3729 1847 3800 ἡμῖν
1900 3727 1963 3783 τὸ

310 3809 579 3884 θειότερον
612 3812 646 3880 ἡ
697 3812 874 3886 ψυχὴ,
906 3811 996 3867 καὶ
1054 3814 1130 3885 μή
1174 3814 1238 3868 τὸ
1268 3820 1457 3891 χεῖρον
1502 3817 1538 3887 ἡ
1578 3822 1675 3891 γῆ.
1710 3818 1962 3896 Ἀφῶμεν

308 3900 371 3954 τὸ
419 3903 620 3973 σῶμα,
674 3900 958 3975 γενώμεθα
1006 3903 1105 3972 τῆς
1159 3905 1367 3980 ψυχῆς.
1427 3903 1492 3959 Εἰ
1551 3902 1609 3960 δὲ
1669 3908 1745 3980 μὴ
1776 3907 1961 3979 τοῦτο,

307 3987 713 4073 ἀκολουθητέον
772 3993 902 4065 γοῦν
961 3992 1061 4061 τὴν
1122 3992 1292 4068 σάρκα
1347 3996 1417 4068 τῇ
1469 3994 1731 4069 ζωογόνῳ
1783 3999 1959 4073 ψυχῇ,

306 4076 397 4132 καὶ
465 4077 541 4150 μή
602 4070 864 4151 ἔμπαλιν.
914 4079 975 4134 Τί
1022 4080 1116 4135 τὸν
1160 4080 1333 4148 πηλὸν
1391 4084 1743 4158 περιέπομεν,
1790 4070 1961 4164 ἀφιέν-

307 4186 396 4227 τες
454 4168 555 4235 τὴν
613 4167 751 4222 κατὰ
802 4171 1015 4241 πνεῦμα
1065 4167 1229 4239 ζέσιν,
1286 4169 1324 4245 ᾖ
1383 4172 1706 4248 συνέχεταις
1753 4173 1816 4228 Τί
1870 4176 1961 4230 τὸν

310 4257 447 4329 χοῦν
499 4254 811 4331 στέργομεν,
861 4256 920 4319 ’ὃς
973 4255 1177 4331 ἀνέμου
1232 4258 1463 4335 βραχείᾳ
1521 4261 1655 4336 ῥιπῇ
1712 4260 1960 4334 σκεδάζε-

309 4362 396 4397 ται
430 4361 445 4412 ;
478 4343 547 4400 Τί
594 4365 725 4400 ποτε
772 4342 1083 4421 ἀμελοῦμεν
1145 4348 1425 4424 ἄνθρωποι
1485 4354 1622 4405 Θεοῦ
1680 4350 1814 4407 εἶναι
1870 4352 1961 4408 καὶ

306 4428 495 4510 ἄνδρες
543 4432 870 4507 ἐπιθυμιῶν,
926 4436 1116 4492 ὁποῖαι
1167 4438 1259 4494 τὸν
1317 4437 1479 4515 μέγαν
1523 4439 1727 4512 Δανιὴλ
1776 4440 1961 4514 ἐξεπύ-

303 4542 432 4598 ρουν
464 4541 478 4593 ;
511 4522 779 4598 γινόμεθα
809 4522 866 4581 δὲ
912 4523 1159 4583 πλούτου
1209 4524 1421 4606 ἄνδρες,
1453 4530 1535 4594 οἷς
1565 4530 1634 4585 τὰ
1662 4530 1835 4608 χείρω
1866 4531 1962 4607 ἐμ-

303 4612 648 4687 πορευόμεθα
672 4632 696 4686 λ,
754 4614 844 4670 καὶ
904 4613 1091 4693 ἄνδρες
1180 4618 1425 4692 αἱμάτων
1458 4664 1472 4689 ,
1534 4621 1614 4684 οἷς
1674 4618 1959 4694 ἀλλήλους

306 4695 638 4860 λὲστεύομεν
678 4743 693 4772 ,
744 4702 836 4759 καὶ
892 4710 995 4781 γῆς
1072 4700 1330 4779 ἔνδοξοι,
1384 4709 1705 4785 προσθήκης
1776 4712 1957 4766 κακῶν

306 4808 338 4842 α
374 4809 446 4844 ιοι
479 4806 494 4860 ;

304 4806 446 4860 αξιοι
479 4806 494 4860 ;

376 4912 480 4990 λγ’.
515 4915 706 4990 Ὤμοι,
740 4918 823 4973 ὅτι
852 4917 946 4974 τὸν
978 4923 1072 4974 τοῦ
1104 4924 1239 4976 Θεοῦ
1269 4921 1415 4978 οἶκον
1453 4925 1602 4997 ἡμᾶς
1634 4922 1712 4987 εἷς
1744 4920 1959 4999 λῃστῶν

307 5003 677 5082 ὗπανοίγομεν
729 5006 1024 5079 σπήλαιον,
1077 5005 1198 5074 ἔνθα
1255 5008 1374 5066 δέον
1425 5011 1508 5083 ὃν,
1549 5014 1680 5069 Θεὸν
1729 5011 1957 5069 ἐνοικεῖν

303 5092 394 5149 καὶ
426 5092 838 5173 ἐμπεριπατεῖν,
889 5095 1016 5154 ἀλλ’
1066 5098 1224 5162 αὐτὸς
1269 5099 1345 5163 εἰς
1399 5101 1704 5177 μωμητοὺς
1748 5101 1961 5178 βολεῶ·

302 5203 397 5247 νας
453 5191 869 5257 μεταποιεῖται,
919 5188 993 5242 ὧν
1044 5187 1155 5258 ὅζει
1205 5189 1485 5268 φαυλότης
1530 5191 1601 5267 τῇ
1645 5192 1781 5248 κατὰ
1827 5193 1959 5249 Θεὸν

300 5271 574 5338 ἀντίθετος
628 5273 850 5350 εὐωδίᾳ.
882 5275 954 5336 Oi’
1001 5298 1117 5351 μοι,
1151 5277 1234 5334 ὅτι
1276 5280 1341 5336 τὸ
1369 5282 1700 5355 τιμιώτατον
1732 5280 1785 5338 ἐν
1817 5285 1958 5357 ἡμῖν

298 5360 720 5450 Υλωσσόκομον,
764 5366 829 5422 τὸ
873 5362 1040 5421 καλὸν
1094 5367 1273 5443 πόμα
1304 5412 1318 5438 ν
1372 5368 1434 5427 οὐ
1485 5372 1747 5449 χρυσέαις
1791 5392 1962 5450 παρα·

301 5446 508 5525 δύεται,
555 5453 647 5534 ἀφ’
690 5456 765 5511 ὧν
813 5454 1021 5532 χρύσεα
1070 5454 1464 5533 παραδέδονται
1513 5446 1780 5535 στόματα,
1814 5446 1959 5518 ἀλλᾶ

298 5535 595 5615 κιϐδήλοις
641 5545 923 5630 γλῴσσαις
962 5546 1053 5602 καὶ
1105 5547 1471 5625 ὑποχάλκοις,
1499 5549 1570 5607 δι’
1598 5552 1671 5606 ὧν
1726 5550 1960 5630 ἔξηχοῦ-

307 5652 403 5720 μεν
465 5631 544 5697 ὡς
599 5629 861 5709 κύμϐαλα
893 5679 908 5706 ,
968 5633 1399 5717 δυσφημοῦντες,
1454 5629 1908 5720 συκοφαντοῦντες
1941 5686 1956 5714 ,

302 5718 355 5776 εἲ
383 5720 561 5794 μηδὲν
584 5721 747 5799 ἄλλο,
779 5725 972 5802 ἀργοῖς
1005 5724 1197 5803 λόγοις
1228 5718 1710 5808 ἐναδολεσχοῦντες
1734 5776 1750 5805 ,
1780 5729 1961 5788 τᾶλλα

302 5815 610 5888 ποιοῦντες,
668 5813 742 5870 ὧν
798 5809 969 5873 ἕνεκεν
1025 5815 1194 5876 καλὸν
1245 5818 1313 5892 ἧν
1339 5862 1354 5893 ,
1414 5819 1466 5876 εἷ’
1520 5816 1664 5897 μηδὶ
1704 5817 1960 5900 γλώσσας

2076 3462 2177 3511 aut
2206 3449 2649 3524 charybdis,sed
2684 3447 2838 3503 sicut
2872 3448 3149 3499 tartarus.
3191 3440 3347 3496 Deus
3377 3437 3640 3509 loquitur
3669 3437 3728 3490 et

2074 3547 2387 3617 operatur;
2441 3536 2809 3596 adversarius
2856 3531 3145 3606 promittit
3177 3535 3234 3586 et
3266 3526 3574 3601 promissis
3606 3540 3726 3579 non

2074 3612 2211 3690 stat.
2245 3631 2353 3698 Qui
2412 3633 2626 3686 natura
2683 3627 2873 3681 bonus
2919 3627 3032 3689 est,
3061 3620 3371 3677 veritatem
3402 3615 3542 3671 colit
3574 3632 3588 3681 ;
3621 3612 3726 3685 qui

2076 3723 2403 3796 improbus,
2460 3716 2808 3774 bariolatur.
2866 3712 3079 3767 Vincat
3142 3709 3203 3764 in
3263 3705 3429 3762 nobis
3487 3704 3726 3760 animus

2074 3792 2181 3885 qui
2207 3810 2417 3867 divina
2446 3813 2539 3863 est
2593 3803 2860 3876 originis,
2909 3816 3016 3856 nec
3063 3814 3197 3853 vero
3252 3801 3430 3862 terra,
3482 3809 3611 3866 quas
3651 3792 3726 3846 ad

2073 3903 2194 3958 ima
2241 3899 2448 3956 tendit.
2509 3896 2740 3952 Omisso
2808 3905 3049 3962 corpore
3107 3886 3289 3943 animi
3348 3888 3544 3956 partes
3599 3897 3730 3936 am-

2071 3992 2419 4065 plectamur.
2462 3986 2561 4041 Sin
2585 3984 2805 4049 minus,
2829 3996 2963 4036 caro
2992 3977 3201 4033 animis
3219 3973 3456 4029 vivificze
3478 3970 3732 4027 submit-

2069 4062 2245 4149 tetur,
2281 4094 2386 4134 nec
2437 4074 2560 4130 vice
2616 4087 2804 4128 versa.
2847 4067 2996 4136 Quid
3026 4065 3234 4121 limum
3267 4062 3590 4132 sequimur,
3625 4076 3722 4114 ca-

2070 4147 2255 4226 lorem
2308 4161 2676 4239 spiritualem
2740 4175 2856 4232 quo
2909 4155 3245 4213 continetur
3300 4150 3665 4223 negligentes
3694 4147 3739 4229 ἲ,

2070 4258 2219 4327 Quid
2254 4235 2563 4312 colluviem
2594 4248 2913 4313 ambimus,
2945 4261 3072 4317 quae
3092 4243 3202 4298 levi
3222 4244 3392 4297 vento
3418 4235 3722 4293 diruitur?

2069 4325 2182 4404 Cur
2214 4363 2327 4402 non
2387 4341 2657 4400 homines
2698 4337 2800 4393 Dei
2853 4342 2913 4392 et
2967 4332 3393 4389 desideriorum
3424 4343 3553 4384 esse
3582 4325 3720 4381 niti-

2072 4455 2226 4507 mur,
2276 4439 2342 4492 ut
2396 4446 2650 4505 magnus
2707 4423 2957 4507 Daniel?
3014 4425 3131 4480 Cur
3161 4420 3496 4477 divitiarum
3529 4420 3718 4473 secta-

2068 4502 2226 4585 tores
2311 4502 2524 4581 sumus
2602 4535 2732 4591 quss
2801 4531 2911 4570 nos
2950 4502 3336 4573 ‘deteriorant.
3408 4523 3538 4579 qum
3609 4520 3718 4562 nos

2070 4616 2422 4690 sanguinem
2478 4611 2745 4668 sitientes
2798 4605 3057 4661 reddunt
3104 4606 3163 4658 et
3213 4599 3473 4656 latrones
3508 4600 3566 4652 et
3593 4611 3723 4652 om-

1990 4731 2039 4796 D
2072 4707 2247 4764 nibus
2278 4701 2450 4760 malis
2481 4700 2690 4773 dignos
2724 4699 2746 4752 ῑ³

2141 4921 2230 4978 33.
2261 4919 2358 4975 Vae
2390 4915 2580 4986 nobis,
2638 4912 2778 4986 quia
2806 4910 2908 4968 Dei
2966 4911 3209 4967 domum
3262 4905 3563 4962 latronum
3585 4916 3727 4974 spe-

2070 5011 2310 5067 luncam
2338 5007 2609 5073 facimus,
2642 5003 2744 5059 ubi
2775 5001 2930 5057 Deus
2969 4999 3233 5055 habitare
3262 5000 3320 5052 et
3349 4990 3730 5050 inambulare

2070 5101 2328 5171 deberet,
2360 5114 2465 5170 pro
2490 5082 2612 5169 'quo
2658 5093 2717 5148 in
2771 5095 2943 5163 turpe
2990 5093 3218 5145 stercus
3276 5087 3540 5141 mutatur
3564 5079 3728 5136 malo

2071 5191 2248 5247 odore
2298 5168 2562 5260 plenum.
2608 5182 2705 5237 νω
2753 5177 2944 5249 nobis,
2977 5177 3117 5250 quia
3163 5172 3625 5247 pulcherrimum
3656 5168 3725 5224 in:

2071 5279 2242 5338 nobis
2268 5257 2752 5338 instrumentum,
2784 5267 3006 5340 lingua,
3038 5282 3152 5322 non
3184 5262 3377 5321 aureis
3425 5260 3527 5317 sed
3555 5257 3727 5314 adul-

2071 5369 2274 5428 terinis
2306 5370 2363 5423 et
2390 5364 2556 5421 aereis
2587 5360 2828 5420 vocibus
2878 5355 3141 5426 inservit,
3173 5369 3288 5426 quo
3340 5350 3406 5407 ﬁt
3462 5353 3528 5404 ut
3565 5347 3720 5405 sicut

2067 5455 2534 5517 tintinnabulum
2566 5448 3003 5517 maledicamus,
3037 5442 3451 5502 denuntiemus
3481 5442 3583 5495 aut
3603 5437 3722 5494 sal-

2067 5556 2188 5609 tem
2219 5546 2411 5604 iutilia
2466 5542 2859 5615 proferamus,
2916 5553 3032 5593 uno
3093 5535 3287 5591 verbo.
3318 5547 3388 5587 ea
3431 5528 3722 5585 faciamus

2070 5645 2305 5715 propter
2334 5651 2462 5709 qum
2490 5629 2703 5687 melius
2727 5627 2932 5700 lingua
2960 5623 3201 5682 omnino
3222 5635 3573 5678 careremus.
3604 5622 3721 5674 Cur

2068 5708 2304 5803 linguas
2333 5708 2542 5781 inanes
2571 5718 2876 5776 reddimus
2904 5719 2961 5773 et
2986 5731 3056 5772 ea
3085 5712 3334 5771 colimus
3354 5727 3487 5784 qua;
3515 5708 3722 5766 domui

2071 5796 2283 5878 nostra
2328 5812 2700 5889 splendorem
2747 5806 3006 5865 tribuere
3033 5803 3298 5878 queant?
3345 5801 3457 5860 Sed
3488 5796 3713 5856 talibus
