4082 6366
312 423 430 482 703

1085 430 1504 492 EUSTATHll
1551 433 2316 498 THESSALONICENSIS
2364 434 2948 498 METllOPOLITE

3609 433 3730 493 704

305 573 380 612 ne
413 557 781 613 insistamus.
815 559 1105 616 Odoratus
1137 579 1250 617 non
1310 565 1626 620 admodum
1657 565 1842 622 facilis
1873 570 1962 622 est

2075 565 2318 642 εἷ’χομεν.
2352 566 2418 625 Τί
2456 565 2503 622 δ’
2553 565 2697 622 ἀλλὰ
2744 565 2998 641 γλώσσας
3051 564 3146 637 μὶν
3206 563 3563 638 ἆχρειοῦμεν,
3609 564 3729 619 ὅσοι

305 650 586 714 tractatu,
621 647 775 718 (quis
807 650 963 703 enim
999 657 1263 706 nostrum
1297 654 1441 707 adeo
1472 654 1756 709 humidus
1803 661 1859 709 et
1891 655 1957 709 li-

305 734 522 806 quidus
554 741 663 802 est,
693 741 756 790 ut
787 739 1103 809 unguentis
1148 739 1445 796 delibutus
1478 742 1683 798 iisdem
1721 746 1788 798 ad
1825 762 1958 816 per—

307 824 519 880 niciem
554 842 720 879 suam
782 828 1126 897 abutatur?)
1161 830 1259 883 sed
1315 830 1427 884 alia
1457 832 1631 886 etiam
1667 833 1961 889 dementia

312 929 378 967 ac
423 917 649 968 naturas
708 915 1032 970 falsiﬁcatio
1089 916 1400 972 intercedit
1456 936 1582 990 quae
1634 939 1747 977 non
1807 924 1960 978 circa

309 1002 639 1068 odoratum,
673 1004 770 1056 sed
823 1004 978 1059 circa
1009 1006 1554 1078 pervestigationem
1590 1014 1645 1064 et
1684 1011 1958 1083 vestigio-

309 1107 437 1145 rum
472 1091 892 1147 scrutationem
927 1094 1192 1162 vertitur,
1213 1099 1378 1165 cujus
1410 1099 1626 1154 auxilio
1661 1101 1958 1156 hominem

307 1183 372 1232 ut
429 1180 669 1234 brutum
704 1181 920 1236 animal
951 1182 1328 1241 dilaniamus.
1363 1185 1561 1242 Oculis
1605 1189 1780 1244 etiam
1816 1191 1959 1246 adeo

307 1269 612 1323 abutimur
646 1273 710 1324 ut
742 1268 928 1342 lyncis
959 1273 1143 1328 aciem
1177 1274 1479 1330 oculorum
1514 1281 1572 1330 et
1600 1279 1729 1348 ejus
1759 1279 1962 1350 qui,ut

307 1361 397 1411 est
428 1357 484 1411 in
521 1359 847 1428 proverbio,
875 1361 1074 1416 omnia
1104 1363 1265 1417 videt
1287 1369 1344 1418 et
1374 1367 1542 1436 cujus
1560 1382 1771 1437 corpus
1791 1367 1961 1439 plane

309 1444 606 1500 oculatum
630 1447 702 1500 ab
734 1449 996 1519 antiquis
1026 1450 1384 1522 depingitur,
1409 1453 1620 1508 habere
1642 1472 1959 1526 praesuma—

311 1550 463 1588 mus.
519 1535 630 1590 Sed
667 1536 932 1605 equidem
987 1555 1100 1593 non
1137 1540 1592 1610 pulchritudinis
1632 1545 1959 1600 custodiam

308 1631 412 1677 aut
463 1623 713 1679 visionis
774 1642 974 1681 curam
1057 1627 1304 1699 indigito
1386 1632 1586 1701 aliam,
1657 1635 1768 1689 nisi
1833 1651 1962 1706 qum

309 1711 520 1768 alienis
571 1715 821 1785 negotiis
865 1732 1100 1787 operam
1162 1719 1262 1773 dat
1319 1719 1565 1793 ideoque
1623 1723 1797 1795 culpa
1848 1741 1961 1780 non

306 1808 496 1858 vacat.
542 1805 911 1861 Vociferatur
968 1807 1182 1878 aliquis
1239 1812 1311 1865 ob
1369 1811 1621 1880 vineam,
1683 1813 1834 1869 alius
1893 1816 1964 1870 de

2066 655 2309 710 τοιοῦτοί
2358 656 2542 730 ἐσμεν,
2601 655 2969 730 σεμνυνόμεθα
3018 651 3076 708 δὲ
3103 657 3225 714 τοῖς
3272 649 3513 720 λοιποῖς,
3549 649 3619 707 δι’
3649 655 3726 709 ὧν

2066 749 2163 799 τοῦ
2202 747 2321 809 καθ’
2351 749 2499 818 ἡμᾶς
2547 745 2701 800 ο⁹ίκου
2747 744 3018 817 τηλαυγὲς
3070 741 3130 796 ἂν
3164 742 3225 796 τὸ
3274 742 3570 817 πρόσωπον
3603 743 3724 819 φαί-

2069 856 2217 890 νοιτο
2253 853 2266 903 ;
2301 831 2511 889 Οὔκουν
2561 834 2659 889 οὐκ
2711 832 2876 906 ἔστιν,
2923 832 2999 894 είς
3047 833 3110 886 τὸ
3159 835 3260 884 πᾶν
3307 830 3500 899 εἰπεῖν,
3529 831 3605 894 ὡς
3633 832 3723 885 καὶ

2069 923 2527 998 ἀπισχυρίσασθαι
2565 967 2578 980 .
2632 929 2932 1000 ’Όσφρησις
2996 922 3087 994 μὲν
3152 920 3251 994 γὰρ
3318 923 3455 992 ἡμῖν
3535 916 3722 982 ἄλλως

2073 1013 2167 1085 μὲν
2227 1010 2358 1074 ἴσως
2411 1014 2475 1068 οὐ
2532 1011 2706 1083 πάντη
2765 1009 3180 1086 δυσανάγωγος·
3243 1010 3348 1082 (τίς
3396 1010 3497 1085 γὰρ
3559 1011 3720 1082 ἡμῶν

2071 1101 2213 1157 οὕτω
2261 1103 2512 1178 περιττὸς
2557 1102 2647 1156 καὶ
2705 1098 2930 1155 πλαδῶν
2979 1099 3071 1154 καὶ
3115 1098 3316 1174 εύροῶν
3371 1097 3438 1152 τὰ
3476 1097 3528 1160 ές
3585 1097 3720 1172 βίον,

2071 1190 2144 1252 ὡς
2178 1191 2370 1267 μύροις
2407 1186 2772 1267 έγκολυμϐᾷν,
2823 1189 2914 1245 καὶ
2962 1192 3064 1258 τὴν
3123 1187 3322 1252 ἐκεῖθεν
3371 1186 3720 1261 παράχρησιν

2069 1278 2385 1354 ἐξευρίσκειν
2438 1279 2514 1342 εἷς
2560 1279 2837 1335 ἀπώλειαν
2875 1283 2911 1351 ;)
2963 1276 3107 1349 ἄλλη
3160 1275 3218 1332 δέ
3260 1298 3342 1338 τις
3398 1275 3584 1331 ὕπεστι
3616 1296 3719 1330 πα-

2071 1371 2261 1444 ράνοια
2317 1369 2404 1424 καὶ
2463 1368 2832 1444 παραποίησις
2889 1367 3100 1446 φύσεως
3136 1411 3150 1437 ,
3205 1365 3264 1421 οὗ
3321 1366 3457 1442 πρὸς
3514 1359 3714 1440 ὅσφραν

2069 1457 2462 1533 ἠσχολημένη,
2495 1458 2643 1514 ἀλλὰ
2670 1459 2808 1534 πρὸς
2837 1458 2900 1512 τὸ
2933 1454 3238 1533 ῥινηλατεῖν
3286 1454 3374 1508 καὶ
3407 1453 3536 1528 ἴχνη
3569 1453 3715 1526 έρευ-

2069 1552 2180 1618 νᾷν,
2230 1545 2300 1602 δι’
2351 1549 2422 1602 ὧν
2470 1547 2773 1623 ἐξευρόντες
2823 1543 3105 1623 ἄνθρωπον
3158 1545 3256 1599 ὅσα
3294 1543 3383 1598 καὶ
3437 1549 3575 1618 θῆρα
3606 1539 3718 1595 δια-

2071 1637 2430 1711 σπαράξομεν.
2482 1634 2821 1714 Ὁφθαλμοῖς
2875 1632 2932 1689 δὲ
2962 1634 3040 1699 εἷς
3090 1633 3246 1689 τόσον
3283 1631 3718 1707 παραχρώμεθα,

2072 1723 2227 1794 ὥστε,
2287 1723 2486 1797 πρὸςᾶ
2543 1726 2635 1798 μὲν
2673 1726 2750 1797 μὴ
2810 1721 2928 1779 δέον
2987 1723 3122 1796 ἐστὶ,
3181 1723 3435 1798 Λυγκέως
3493 1715 3724 1774 ἀναϐλέ-

2069 1835 2187 1868 πειν
2223 1813 2489 1886 ὀξύτερον,
2522 1814 2557 1882 ἢ
2589 1814 2678 1868 καὶ
2727 1818 2826 1868 τοῦ
2874 1814 3379 1889 παροιμιαζομένου
3421 1809 3724 1875 πανόπτου,

310 1893 485 1946 domo
544 1898 743 1966 erepta
774 1894 1012 1962 clamat,
1073 1898 1222 1955 alius
1253 1902 1405 1969 quod
1461 1901 1684 1971 agellus
1715 1905 1842 1972 ejus
1873 1905 1960 1958 ni-

313 1982 423 2003 .._.'_
469 1981 751 2003 ':___‘A_A___,
843 1989 884 2003 ,ι
995 1987 1004 1996 ι
1179 1988 1213 2003 1.
1328 1989 1363 2003 ει-
1571 1992 1603 2003 ιο
1709 1992 1721 2003 ι
1755 1993 1786 2003 ι.
1831 1993 1841 2003 ο

2075 1903 2127 1956 ὃν
2163 1901 2325 1979 λόγος
2358 1904 2385 1957 ὁ
2416 1901 2648 1964 παλαιὸς
2683 1901 3038 1974 ὀλοσώματον
3064 1900 3142 1962 εἷς
3170 1898 3492 2003 ὀφθαλμοὺς
3528 1897 3724 2003 ἤνοιξε.

313 1982 424 2036 mis
469 1981 773 2049 limitetur,
835 1989 891 2040 et
957 1987 1042 2041 sic
1073 1988 1259 2043 multa
1291 1989 1406 2044 alia
1456 1992 1640 2046 oculis
1671 1992 1959 2063 objiciun-

310 2075 426 2126 tur.
461 2072 556 2126 Sic
588 2073 743 2128 circa
780 2074 1068 2130 desideria
1096 2081 1298 2134 nostra
1353 2079 1506 2134 oculi
1565 2082 1749 2136 nostri
1792 2088 1965 2138 erunt

312 2159 848 2231 perspicacissimi;
898 2163 998 2219 ubi
1057 2170 1250 2221 autem
1307 2168 1454 2223 ratio
1489 2186 1633 2224 sana
1680 2171 1750 2225 ad
1801 2173 1960 2243 aspi-

314 2247 588 2303 ciendum
622 2250 848 2321 invitat,
880 2253 1153 2310 voluntas
1185 2257 1338 2326 quod
1380 2259 1611 2314 visibile
1641 2264 1730 2314 est
1787 2261 1964 2315 relert

319 2337 389 2391 ad
422 2339 618 2393 odium
654 2345 756 2394 aut
785 2343 856 2395 ad
889 2347 1108 2398 metum
1160 2362 1363 2416 pcenae,
1407 2351 1508 2402 aut
1538 2365 1803 2419 expensas
1834 2366 1960 2405 mo-

319 2425 498 2493 dicae;
533 2429 634 2483 sed
676 2429 995 2486 caecitatem
1056 2434 1320 2490 innatam
1357 2434 1426 2506 (si
1465 2437 1569 2491 hoc
1602 2438 1835 2493 nomine
1879 2438 1964 2492 uti

316 2513 479 2586 libet)
529 2520 863 2588 superando
892 2520 1165 2578 virtutem
1220 2541 1334 2578 non
1385 2542 1624 2596 parvam
1655 2542 1964 2596 recognos-

317 2603 528 2672 cimus,
561 2607 794 2661 etiamsi
847 2611 1033 2665 oculis
1080 2611 1337 2683 obliquis
1368 2613 1685 2670 intuemur.
1721 2617 1964 2681 Quando

317 2691 656 2764 explorandi
716 2712 894 2752 causa
953 2698 1145 2755 locum
1202 2707 1304 2758 aut
1361 2703 1700 2770 salutarem,
1755 2706 1798 2759 si
1862 2721 1965 2776 pro

317 2781 546 2848 amicis,
577 2788 679 2838 aut
709 2786 1128 2856 perniciosum,
1181 2792 1228 2845 si
1284 2809 1387 2863 pro
1409 2791 1686 2857 inimicis,
1720 2810 1965 2866 occupa-

313 2871 528 2939 vimus,
563 2872 621 2926 in
656 2875 895 2929 salutari
929 2878 1188 2947 quidem,
1223 2882 1378 2952 quod
1406 2881 1626 2936 bonum
1667 2887 1776 2953 est,
1809 2884 1966 2939 vide-

317 2976 488 3027 mus;
523 2961 582 3014 in
617 2963 944 3033 pernicioso
976 2970 1169 3022 autem
1205 2986 1343 3038 non,
1378 2976 1442 3025 ut
1493 2973 1640 3028 Deus
1663 2971 1808 3038 vult,
1834 2989 1964 3044 spe-

316 3047 605 3104 culamur.
641 3051 735 3107 Sic
781 3053 957 3109 etiam
992 3057 1040 3110 si
1090 3074 1204 3112 non
1263 3058 1609 3115 imitationis
1639 3061 1828 3131 gratia
1860 3078 1966 3118 nos

323 3137 391 3192 ad
423 3139 665 3209 angelos
695 3143 1025 3210 referimus,
1086 3147 1268 3217 patris
1341 3147 1634 3204 luminum
1714 3155 1778 3205 ut
1829 3167 1963 3205 cum

315 3226 626 3300 Evangelio
685 3229 1020 3302 loquamur,
1085 3235 1290 3291 faciem
1350 3245 1627 3309 perpetuo
1675 3239 1962 3307 videntes,

2070 1992 2170 2047 Καὶ
2237 1992 2299 2046 οὐ
2381 1990 2529 2067 λέγω
2604 1989 2846 2053 κάλλους
2907 1990 3193 2045 ἐποπτείαν
3252 1987 3344 2044 καὶ
3413 1987 3722 2064 περιεργίαν

2074 2078 2250 2155 ὄψεως
2281 2080 2541 2157 έτεροίαν,
2587 2079 2733 2135 ἀλλὰ
2780 2081 2879 2150 τὴν
2929 2076 3440 2154 έποφθαλμίζουσαν
3481 2075 3729 2152 πράγμα-

2074 2193 2156 2225 σιν
2210 2167 2556 2246 ἀλλοτρίοις,
2608 2171 2694 2224 καὶ
2759 2167 2931 2231 οὕτως
2991 2165 3280 2223 ἀδικοῦσαν
3327 2165 3404 2230 εἷς
3452 2165 3723 2240 στέρησιν.

2075 2259 2313 2335 Κέκραγέ
2363 2281 2446 2321 τις
2505 2258 2593 2314 ἐπὶ
2653 2258 2962 2331 ἀμπελῶνι,
3029 2258 3132 2332 βοᾷ
3185 2253 3369 2328 ἕτερος
3416 2255 3501 2310 ἐπὶ
3546 2252 3726 2314 οἷ’κίας

2077 2347 2372 2425 ἀφαιρέσει,
2432 2346 2628 2419 ἄλλος,
2687 2345 2770 2402 ὅτι
2828 2344 3220 2424 ὁρογλυφεῖται
3277 2344 3342 2399 τὸ
3390 2342 3509 2398 κατ’
3565 2341 3724 2396 αὐτὸν

2075 2435 2292 2512 γήδιον
2342 2434 2529 2492 πολλά
2578 2433 2636 2490 δὲ
2687 2435 2774 2489 καὶ
2815 2432 2970 2510 ἕτερα
3015 2438 3240 2490 τοιαῦτα
3269 2430 3569 2511 ἀφθαλμῶν
3604 2426 3723 2484 ἀδι-

2074 2529 2318 2598 κήματα.
2368 2527 2463 2580 Καὶ
2511 2523 2654 2580 οὕτω
2707 2525 2800 2598 μὲν
2855 2523 3251 2594 ὀξυωπέστατοι
3300 2520 3606 2591 ποιούμεθα
3635 2517 3720 2571 ἐπὶ

2073 2620 2190 2678 τοῖς
2249 2613 2456 2692 έφετοῖς
2515 2617 2674 2687 ἡμῖν·
2709 2611 2831 2668 ἔνθα
2889 2610 2946 2668 δὲ
2977 2613 3004 2666 ὁ
3057 2613 3149 2685 μὲν
3198 2610 3354 2686 ὀρθὸς
3388 2606 3556 2681 λόγος
3584 2625 3719 2679 προ-

2073 2703 2322 2759 καλεῖται
2386 2703 2608 2779 βλέπειν
2660 2750 2675 2775 ,
2729 2706 2764 2772 ἡ
2825 2699 2882 2757 δὲ
2919 2701 3232 2778 προαίρεσις
3288 2693 3608 2754 ἀναστέλλει
3659 2694 3721 2747 τὸ

2077 2795 2302 2848 ὀπτικὸν
2349 2793 2383 2862 ἢ
2423 2794 2558 2848 κατᾶ
2596 2791 2794 2869 ἔχθραν
2845 2791 2881 2862 ἢ
2931 2786 3085 2868 φόϐῳ
3133 2787 3332 2862 ζημίας
3381 2786 3417 2855 ἢ
3450 2783 3599 2839 ἀλλὰ
3629 2781 3726 2836 δα-

2075 2882 2249 2954 πάνης
2311 2883 2528 2958 μετρίας
2561 2915 2628 2925 --
2657 2881 2784 2937 ἀλλ’
2842 2881 2954 2936 ἐκεῖ
3007 2880 3097 2935 καὶ
3149 2881 3248 2948 τὴν
3282 2875 3342 2932 ἐκ
3377 2875 3596 2951 γενετῆς
3627 2873 3728 2926 τύ-

2077 2971 2304 3050 φλωσιν,
2366 2969 2514 3046 εἷίπερ
2575 2971 2686 3026 οἷόν
2744 2972 2802 3026 τέ
2858 2970 2999 3025 ἐστιν
3060 2969 3268 3035 εἰπεῖν,
3331 2962 3724 3050 ὑπερπαίομεν,

2077 3047 2269 3137 ἀρετὴν
2328 3061 2388 3116 ού
2448 3062 2642 3136 μικρὰν
2699 3060 2973 3137 κρίναντες
3007 3103 3021 3130 ,
3082 3057 3127 3112 εἷ
3187 3055 3276 3111 καὶ
3357 3047 3727 3130 παραϐλῶπες

2074 3155 2553 3226 προσενεχθῶμεν.
2614 3150 2718 3206 Καὶ
2779 3150 2869 3204 ὅτε
2927 3147 2983 3203 δὲ
3043 3147 3268 3202 σκοπιάν
3329 3143 3574 3215 θώμεθα,
3625 3141 3721 3208 τήν

2076 3239 2184 3294 εἷ’τε
2231 3243 2524 3314 σωτήριον,
2581 3239 2671 3294 ὅτε
2729 3239 2860 3310 ὑπὲρ
2920 3234 3094 3315 φίλων
3153 3234 3377 3310 γίνεται,
3437 3229 3546 3286 sifts
3602 3227 3724 3283 ὀλε-

312 3317 571 3372 tenebris
629 3317 788 3390 digni
839 3321 943 3374 filii
1001 3322 1200 3392 ﬁmus,
1247 3307 1365 3380 ubi,
1406 3307 1476 3382 ne
1535 3333 1686 3382 Deus
1742 3327 1799 3382 in
1855 3345 1961 3384 nos

2075 3328 2247 3403 θρίαν,
2277 3328 2366 3383 ὅτε
2420 3327 2482 3383 τὸ
2541 3327 2831 3398 ἀνάπαλιν,
2882 3329 2979 3380 τοῦ
3039 3324 3132 3397 μὲν
3187 3323 3410 3397 πρώτου
3451 3316 3611 3396 ἔργου
3641 3339 3729 3392 γι-

315 3407 516 3463 oculos
547 3409 717 3463 vertit
750 3411 888 3481 quia
919 3415 1156 3468 verbum
1189 3417 1316 3486 ejus
1349 3433 1462 3472 non
1497 3435 1783 3482 veremur,
1811 3417 1966 3473 Dixit

315 3496 472 3550 enim
504 3514 567 3551 se
600 3497 744 3553 tales
777 3499 1044 3557 homines
1077 3504 1428 3560 intuiturum
1461 3523 1588 3563 esse
1611 3507 1763 3562 sicut
1794 3508 1966 3562 mites

317 3589 373 3640 et
402 3587 754 3657 tranquillos
785 3593 842 3644 et
873 3591 1134 3662 quiillud
1158 3595 1466 3651 observant
1500 3613 1512 3650 :
1549 3620 1577 3646 «
1604 3597 1713 3662 Qui
1746 3602 1862 3652 stat
1883 3597 1965 3651 vi-

317 3672 452 3729 deat
479 3691 550 3729 ne
579 3676 767 3732 cadat.
803 3700 832 3728 »

2074 3412 2313 3490 νόμενοι,
2347 3415 2400 3480 ἐς
2454 3417 2648 3492 ἀγαθὸν
2705 3413 3000 3492 βλέπομεν·
3065 3409 3356 3482 ζηλοῦντες
3405 3407 3462 3464 δὲ
3505 3408 3566 3462 τὸ
3616 3403 3732 3461 δεύ-

2073 3527 2226 3581 τερον
2258 3551 2275 3579 ,
2307 3504 2454 3561 ἀλλά
2497 3505 2619 3560 τότε
2650 3505 2757 3580 οὐχ
2789 3552 2804 3574 ,
2837 3505 2910 3565 ὡς
2944 3505 2971 3558 ὁ
3003 3503 3132 3564 Θεὸς
3166 3499 3338 3557 έθέλει
3374 3543 3388 3565 ,
3427 3495 3727 3573 βλέπομεν.

2076 3595 2234 3652 Οὕτω
2285 3593 2342 3650 δὲ
2379 3595 2490 3664 καὶ,
2527 3596 2616 3649 ὅτε
2670 3597 2746 3668 μὴ
2797 3593 2850 3656 ές
2900 3590 3164 3668 ἀγγέλους
3216 3591 3531 3662 μιμητικῶς
3577 3587 3728 3658 ἡμᾶς

2075 3685 2274 3747 αὐτοὺς
2305 3684 2595 3761 ἀνάγομεν,
2659 3682 2922 3754 διηνεκῶς
2973 3683 3034 3737 τὸ
3064 3685 3160 3736 τοῦ
3209 3679 3417 3754 Πατρὸς
3469 3679 3577 3730 τῶν
3609 3673 3726 3751 φώ-

314 3781 421 3814 των
485 3760 804 3836 βλέποντες,
865 3766 1233 3844 εύαγγελικῶς
1291 3771 1477 3839 εἰπεῖν,
1533 3771 1848 3848 πρόσωπον,
1907 3770 2054 3828 ἀλλὰ
2098 3775 2206 3827 τῶν
2262 3778 2359 3828 τοῦ
2417 3760 2643 3834 σκότους
2701 3773 2858 3845 ὁξίων
2916 3772 3197 3848 γινόμεθα’
3233 3769 3322 3824 ὅτε
3381 3761 3726 3821 οὖδὶὸθεδθ

316 3850 396 3927 ἐφ’
427 3853 589 3924 ἡμᾶς·
639 3850 849 3926 βλέπει,
913 3855 986 3919 ὡς
1047 3859 1124 3931 μή
1173 3858 1473 3934 τρέμοντας
1528 3865 1618 3916 τὸν
1653 3862 1815 3916 αὐτοῦ
1874 3860 2056 3937 λόγον.
2118 3863 2258 3939 Ἔφη
2289 3862 2411 3936 γὰρ,
2445 3862 2529 3917 ἐπὶ
2583 3860 2865 3958 τοιούτους
2899 3861 3213 3958 ἀνθρώπους
3243 3854 3450 3958 ἐθέλειν⁹
3479 3849 3720 3958 βλέπειν,

315 3940 453 3993 καθὰ
481 3941 570 3995 καὶ
602 3942 691 3997 ἐπὶ
721 3943 848 4008 τοὺς
881 3947 1114 4023 πρᾴους,
1148 3951 1234 4005 καὶ
1268 3951 1558 4027 ἡσυχίους,
1614 3953 1703 4007 καὶ
1737 3950 1865 4014 τοὺς
1897 3949 2185 4028 φυλάσσειν
2245 3949 2456 4014 εἷ’δότας
2497 3951 2561 4006 τὸ
2592 3976 2619 4003 ‹‹
2647 3952 2705 4008 Ὀ
2765 3948 2938 4005 δοκῶν
2999 3949 3234 4019 έστάναι,
3294 3941 3535 4022 βλεπέτω
3569 3983 3583 4009 ,
3643 3940 3720 4012 μὴ

313 4029 470 4104 πέσῃ,
500 4053 528 4083 ››

391 4159 480 4212 34.
515 4159 583 4214 Et
615 4161 697 4216 sic
730 4161 852 4218 haec
885 4180 948 4220 se
979 4164 1214 4222 habent.
1267 4167 1327 4224 Si
1357 4173 1551 4224 autem
1585 4170 1657 4225 ad
1701 4169 1968 4225 auditum

319 4249 698 4318 quastionem
757 4253 958 4320 vertis,
1007 4272 1079 4311 ne
1111 4258 1378 4312 auditum
1414 4259 1651 4330 quidem
1683 4259 1837 4314 sicut
1866 4277 1972 4330 par

316 4338 769 4407 est,recolimus,
803 4343 904 4396 sed
940 4360 1110 4400 aures
1134 4344 1431 4415 laudibus,
1464 4347 1793 4419 plausibus,
1826 4365 1967 4403 can-

320 4425 502 4491 tibus,
532 4429 728 4500 nugis,
765 4430 881 4486 imo
914 4432 1300 4504 blasphemiis
1347 4437 1746 4504 obtendimus,
1790 4442 1968 4509 atque

318 4513 722 4571 adulatoribus
745 4523 810 4572 ut
834 4535 932 4574 eas
953 4522 1144 4589 pravis
1165 4524 1538 4578 sermonibus
1556 4525 1964 4595 transfodiant,

319 4602 370 4657 si
401 4602 599 4658 velint.
634 4604 890 4661 Verbum
938 4608 1170 4665 Domini
1205 4611 1560 4678 fastidimus,
1597 4613 1750 4667 unde
1781 4613 1966 4668 fames

321 4708 428 4746 nos
462 4693 676 4764 premit
706 4711 836 4750 cum
871 4713 1054 4768 eaque
1079 4698 1211 4755 sitis
1240 4701 1415 4755 verba
1436 4700 1633 4755 divina
1653 4700 1962 4758 audiendi:

2151 4165 2252 4224 λδ’.
2287 4168 2387 4222 Καὶ
2447 4165 2589 4222 οὕτω
2646 4166 2738 4240 μὶν
2791 4169 2980 4221 ταῦτα.
3039 4163 3104 4221 El
3161 4159 3218 4216 δὲ
3264 4160 3378 4236 χρὴ
3427 4153 3729 4252 πλαγιάσαι

2079 4257 2156 4322 εἰς
2210 4259 2309 4326 τήν
2373 4258 2564 4326 ἀκοὴν,
2598 4253 2724 4311 οὐδὲ
2782 4256 2952 4324 αὐτὴν
3011 4254 3402 4326 συντηροῦμεν,
3461 4246 3534 4307 ὡς
3578 4242 3732 4318 ἔπρε-

2078 4365 2193 4401 πενο
2228 4343 2354 4399 ἀλλ’
2413 4345 2656 4406 ἐπαίνοις
2709 4345 2803 4416 μὶν
2859 4343 2948 4398 καὶ
3003 4339 3293 4415 κροτάλοις
3350 4337 3439 4389 καὶ
3497 4331 3728 4406 μούσαις

2080 4427 2307 4506 ᾠδικσιῖς
2361 4433 2448 4488 καί
2507 4430 2907 4504 εὐτραπελίαις,
2941 4427 3050 4497 ἤδη
3111 4425 3169 4481 δέ
3220 4445 3326 4479 που
3355 4423 3447 4477 καὶ
3484 4420 3733 4498 βλασφή-

2081 4543 2204 4593 μοις
2237 4518 2424 4595 λόγοις
2473 4518 2650 4589 ἠδέως
2690 4516 3010 4592 ἐκδιδόαμεν
3055 4515 3149 4576 τὰς
3179 4512 3370 4584 ἀκοὰς,
3414 4513 3502 4566 καὶ
3537 4511 3730 4583 κόλαξι

2078 4607 2136 4663 δὲ
2208 4606 2603 4682 παρατιθέαμεν
2684 4607 2846 4670 αὐτὰς
2881 4650 2897 4681 ,
2953 4607 3027 4668 ὡς
3083 4605 3173 4660 καὶ
3231 4607 3573 4675 κατατρυπᾷν
3605 4645 3619 4670 ,
3681 4599 3728 4655 εἰ

2080 4697 2390 4773 βούλοιντο,
2421 4696 2511 4752 καὶ
2569 4695 2866 4773 ἀνευρύνειν
2921 4695 2995 4758 εἷς
3022 4695 3084 4749 τὸ
3145 4691 3367 4772 φαύλως
3417 4690 3727 4754 ἀκούεσθαι.

321 4779 575 4836 Verbum
596 4782 828 4838 Domini
862 4791 1058 4842 autem
1092 4804 1204 4843 non
1239 4788 1368 4843 dico
1400 4789 1456 4844 id
1493 4788 1705 4857 solum,
1731 4790 1884 4860 quod
1908 4790 1962 4844 in

2077 4789 2248 4862 Λόγον
2286 4784 2343 4842 δὲ
2371 4787 2572 4863 Κυρίου
2622 4785 2834 4842 ἀκούειν
2891 4786 3177 4858 ὀκνοῦμεν,
3211 4782 3328 4838 ὅθεν
3378 4782 3470 4837 καὶ
3499 4783 3526 4837 ὁ
3558 4779 3725 4871 λιμὸς

320 4870 629 4943 Evangelio
660 4877 718 4928 et
748 4873 805 4928 in
861 4876 1083 4932 caeteris
1125 4878 1524 4949 apostolorum
1558 4878 1794 4950 scriptis
1824 4878 1968 4951 legi-

316 4965 431 5032 tur,
469 4962 566 5016 ubi
626 4962 843 5020 Paulus
875 4954 1173 5036 apostolus
1223 4967 1451 5023 Domini
1485 4966 1746 5040 loquitur
1777 4972 1832 5024 et
1863 4969 1964 5038 qui

316 5049 493 5106 simul
546 5068 681 5107 cum
735 5069 801 5109 eo
861 5053 1038 5111 locuti
1098 5061 1259 5124 sunt,
1317 5074 1449 5112 cum
1508 5058 1810 5130 gravitate,
1860 5059 1964 5114 sed

314 5140 371 5195 id
429 5141 602 5197 etiam
657 5143 812 5215 quod
871 5144 930 5200 in
982 5147 1205 5202 caeteris
1266 5148 1492 5204 nuntiis
1549 5165 1615 5204 ac
1664 5148 1963 5221 magistris

318 5230 532 5288 divinis
589 5233 902 5290 invenitur.
963 5236 1178 5293 Omnes
1257 5237 1414 5294 enim
1494 5256 1559 5294 os
1635 5239 1734 5294 Dei
1801 5243 1959 5308 sunt,

320 5323 385 5375 ut
438 5321 614 5377 etiam
692 5323 1110 5394 prophetarum
1181 5326 1415 5384 chorus.
1491 5329 1713 5384 Idcirco
1782 5329 1959 5384 etiam

312 5410 553 5466 verbum
615 5427 683 5465 ex
736 5412 945 5469 talium
996 5417 1255 5471 virorum
1304 5434 1423 5484 ore,
1453 5418 1698 5473 verbum
1733 5417 1961 5474 Domini

318 5501 426 5562 est,
485 5516 589 5554 nec
638 5499 852 5572 solum,
888 5505 988 5560 sed
1040 5505 1229 5577 quivis
1264 5523 1455 5562 sermo
1485 5507 1807 5563 Dominicis
1839 5524 1960 5563 ser-

317 5586 593 5642 monibus
652 5588 886 5660 similis,
937 5594 1385 5668 quibuscunque
1441 5595 1612 5652 labiis
1645 5597 1958 5669 profertur.

313 5675 517 5744 Itaque
571 5674 847 5735 indocilis
902 5681 999 5737 ille
1053 5685 1228 5739 verbo
1285 5685 1519 5740 Domini
1579 5701 1752 5741 aures
1789 5685 1958 5742 obtu-

313 5760 465 5818 ravit
492 5765 548 5821 et
576 5763 872 5824 sententia
898 5771 1233 5844 evangelica
1269 5774 1332 5830 in
1378 5787 1515 5831 eum
1557 5789 1794 5848 quoque
1822 5789 1960 5831 san-

2077 4879 2214 4950 ὴμῖν
2268 4875 2566 4954 ἐπεισφρεῖ,
2628 4875 2937 4951 συντρέχων
2993 4879 3072 4946 τῷ
3113 4871 3265 4947 λιμῷ
3292 4879 3392 4943 τῆς
3424 4876 3530 4928 τῶν
3564 4869 3723 4925 θείων

2080 4965 2262 5042 λόγων
2319 4968 2507 5036 ἀκοῆς.
2569 4989 2596 5018 ‹‹
2654 4965 2826 5042 Λόγον
2889 4989 2914 5016 ››
2971 4961 3029 5019 δὲ
3082 4963 3229 5018 εἶπον
3264 4988 3292 5014 ‹‹
3324 4961 3544 5036 Κυρίου,
3582 4983 3602 5010 ι
3643 4959 3717 5031 μὴ

2082 5056 2244 5130 μόνον
2276 5056 2369 5110 τὸν
2424 5055 2474 5110 ἐν
2504 5061 2621 5119 τοῖς
2669 5055 2833 5129 ἱεροῖς
2865 5051 3246 5129 Εὐαγγελίοις,
3277 5057 3396 5114 τοῖς
3443 5071 3500 5104 τε
3526 5045 3718 5106 ἄλλοις

2072 5151 2187 5208 τοῖς
2213 5144 2620 5218 ἁποστολικοῖς,
2653 5143 2766 5221 εἶίγε
2793 5145 2884 5200 καὶ
2928 5143 3148 5206 Παῦλος
3189 5139 3488 5198 ἀπόστολος
3520 5131 3713 5238 Κυςρῖῗυ

2076 5233 2514 5312 σεμνολογεῖται,
2575 5237 2650 5298 ὡς
2707 5236 2797 5289 καὶ
2857 5234 3015 5296 αὐτὸς
3067 5231 3434 5311 ἀποφαίνεται,
3485 5219 3710 5312 ἀκολού-

2075 5307 2184 5390 θως
2216 5323 2274 5380 δὲ
2304 5307 2392 5380 καὶ
2426 5326 2477 5379 οἱ
2506 5325 2623 5380 κατ’
2649 5323 2807 5380 αὐτόν
2839 5345 2853 5358 ο
2889 5323 3034 5380 ἀλλὰ
3083 5307 3306 5377 καὶττὸν
3355 5314 3407 5370 έν
3434 5317 3547 5373 τοῖς
3585 5307 3707 5364 λοι-

2071 5421 2198 5479 ποῖς
2230 5415 2396 5478 Θείοις
2428 5415 2622 5492 κήρυξι
2676 5414 2766 5469 καὶ
2827 5411 3188 5471 διδασκάλοις.
3226 5404 3431 5508 Στόμαι
3461 5402 3564 5508 γαρ
3618 5399 3713 5455 αύ-

2070 5505 2154 5559 τοὶ
2184 5504 2377 5566 πάντες
2424 5504 2642 5577 Κυρίου,
2676 5505 2814 5559 καθὰ
2866 5504 2957 5559 καὶ
3013 5502 3076 5556 τὸ
3133 5494 3468 5572 προφητικὸν
3503 5494 3711 5568 ἄγημα.

2069 5596 2167 5648 Καὶ
2220 5595 2399 5650 τοίνυν
2457 5595 2544 5649 καὶ
2579 5595 2607 5649 ὁ
2637 5593 2697 5650 ἐκ
2747 5593 3008 5650 τοιούτων
3062 5587 3346 5661 στομάτων
3406 5582 3574 5660 λόγος
3607 5588 3715 5637 Κυ-

2071 5680 2196 5756 ρίου
2252 5681 2442 5760 λόγος,
2487 5685 2578 5739 καὶ
2637 5683 2698 5739 οὗ
2733 5683 2895 5759 μόνος
2945 5678 3128 5750 αὐτὸς,
3178 5675 3325 5732 ἀλλὰ
3362 5675 3454 5732 καὶ
3484 5673 3633 5752 εἷ’περ
3663 5673 3718 5748 ἐξ

2070 5769 2411 5847 οἱασδήτινος
2441 5771 2700 5852 γλώσσης
2724 5775 3022 5852 ἁπηχεῖται
3053 5767 3226 5828 λαλιὰ
3255 5766 3545 5848 σύμφωνος
3595 5770 3716 5830 τοῖς
