4082 6350
294 385 415 446 705

1301 378 1384 440 IN
1425 378 1494 441 S.
1540 373 2226 449 QUADRAGESIMAM
2270 381 2562 445 ORATIO
2605 385 2713 448 ιν.

3595 393 3716 454 706

291 517 435 575 οὕτω
464 517 769 586 κυριαχαῖς.
804 509 1018 568 Οὐκοῦν
1049 509 1138 564 καὶ
1191 509 1220 564 ὁ
1251 509 1452 580 ταύτης
1482 507 1762 584 πύρήκοος
1793 504 1942 595 λόγῳ

2081 508 2208 565 :itur
2236 516 2293 567 et
2313 513 2500 570 eidem
2523 517 2746 586 judicio
2777 519 3095 590 subjicitur
3124 522 3216 576 cui
3273 521 3325 578 is
3373 522 3476 595 qui
3540 540 3707 580 sacra

291 605 491 683 Κυρίου
522 597 680 659 ἕϐυσε
725 601 824 669 τὴν
875 599 1068 668 ἀκοὴν,
1102 600 1193 653 καὶ
1220 601 1255 668 ἡ
1289 596 1614 672 εὖαγγελική
1643 598 1824 673 ψῆφος
1855 593 1946 683 καὶ

290 681 406 753 κατ’
453 692 619 750 αὐτοῦ
675 694 956 765 κυροῦται,
1011 687 1102 742 καὶ
1155 686 1230 750 είς
1278 687 1394 741 ἴσον
1443 683 1660 762 ἔρχεται
1698 681 1950 758 κατακρί-

292 806 428 847 σεως
459 781 550 838 καὶ
596 781 786 847 αὐτὸς,
845 777 1037 840 ὁποίας
1062 777 1154 832 καὶ
1205 777 1232 831 ὁ
1281 781 1387 831 τῶν
1441 773 1758 851 ἁγιωτάτων
1797 772 1952 846 εὐαγ-

291 873 492 951 γελίων
527 869 855 946 ἀνιπίστροφ
865 888 921 929 ος
936 911 948 926 .

373 981 469 1038 λε’.
525 975 622 1036 Καί
660 979 734 1050 μή
820 995 913 1048 μοι
970 971 1430 1037 ὀντικαθιστάσθω
1478 991 1562 1032 τις
1618 969 1947 1044 ἀγερωχῶν,

299 1072 389 1128 καὶ
442 1067 857 1146 βρενθυόμενος,
906 1064 996 1118 καὶ
1052 1063 1315 1135 ἀπαξιῶν,
1351 1061 1402 1132 ἐξ
1451 1057 1686 1146 εύτελῷν
1727 1058 1947 1132 προσώ-

303 1181 416 1218 πων
444 1144 662 1212 -ὰαούιιν
711 1153 877 1227 λογον
940 1149 1148 1208 δέοντα.
1205 1151 1388 1224 Λόγος
1445 1149 1545 1226 γὰρ
1605 1144 1743 1248 ἅπας
1805 1151 1950 1248 θεῖίος

300 1245 711 1325 προερχόμενος
762 1239 1096 1316 ἀνθρωπίνου
1146 1237 1650 1340 στόματοίήγίασε
1680 1237 1742 1290 τὸ
1776 1237 1952 1340 στόμα

301 1338 497 1405 ἐκεῖνο,
533 1333 652 1388 ὅθεν
710 1331 800 1386 καὶ
855 1330 928 1392 ὡς
983 1328 1042 1384 ἐκ
1077 1329 1372 1404 ¹θειοτέρου
1428 1324 1684 1400 ἰμπνοίας
1740 1324 1948 1397 προϊὼν

302 1425 453 1504 ἅγιός
486 1424 621 1495 ἐστι,
653 1421 743 1476 καὶ
773 1420 863 1474 τὸν
915 1419 1064 1492 ἀέρα,
1116 1415 1184 1472 δι’
1235 1415 1298 1471 οὗ
1341 1417 1577 1490 ὀχεῖται,
1607 1414 1787 1487 τίμιον
1822 1413 1954 1466 ἀπο-

298 1502 469 1586 τελεῖ,
503 1511 646 1566 οὕτω
679 1507 852 1564 δὲκαὶ
899 1509 1000 1576 τὴν
1052 1507 1240 1576 ἀκοὴν,
1295 1503 1365 1604 3t:
1412 1504 1481 1573 ἧς
1533 1503 1584 1604 ἐς
1635 1502 1820 1604 ψυχῇν
1852 1520 1950 1604 πρ.

303 1603 534 1681 ριύεται.
573 1599 634 1655 Εἰ
663 1598 842 1653 τοίνυν
899 1596 990 1650 καὶ
1049 1598 1083 1664 ἡ
1140 1595 1293 1669 ψυχὴ
1343 1592 1716 1647 ἀναπετάσασα
1756 1587 1949 1655 ἑαυτὴν

301 1677 395 1749 τὸν
427 1694 674 1746 τοιοῦτον
702 1689 844 1741 θεῖον
897 1683 1060 1759 λόγον
1112 1682 1476 1749 εἰσοικίσεται,
1527 1681 1618 1735 καὶ
1660 1677 1764 1747 ὅλη
1792 1679 1955 1752 γενη-

302 1803 391 1837 ται
425 1779 610 1848 αὐτοῦ,
637 1775 889 1850 ἡγίασται
927 1793 939 1806 ·
992 1775 1066 1846 μὴ
1109 1771 1254 1827 οὕτω
1305 1769 1362 1825 δὲ
1409 1768 1780 1841 διατεθειμένη
1829 1787 1954 1820 σκο-

2060 600 2369 673 Evangelia
2391 605 2764 677 dedignatur.

2130 974 2216 1028 35.
2253 974 2334 1028 Νο
2356 981 2550 1031 autem
2583 979 2875 1049 superbus
2906 980 3114 1051 aliquis
3148 987 3204 1038 et
3256 983 3547 1056 gloriosus
3606 988 3707 1042 de-

2060 1062 2372 1132 dignanter
2405 1065 2546 1120 mihi
2577 1070 2946 1138 respondeat,
2980 1071 3079 1141 qui
3114 1089 3227 1127 non
3263 1074 3377 1129 nisi
3406 1092 3538 1130 cum
3573 1076 3705 1131 vili-

2061 1151 2174 1206 bus
2205 1155 2533 1208 conversari
2592 1157 2805 1227 dignus
2863 1163 2971 1213 est.
3025 1162 3209 1217 Omne
3267 1163 3423 1218 enim
3482 1166 3704 1221 dictum

2063 1241 2326 1296 divinum
2357 1245 2509 1312 quod
2542 1262 2609 1299 ex
2640 1263 2737 1301 ore
2769 1247 3027 1304 humano
3059 1253 3296 1322 prodiit,
3329 1253 3386 1309 id
3415 1272 3479 1310 os
3532 1274 3708 1313 sanc-

2061 1331 2307 1386 tiﬁcavit
2335 1348 2348 1398 ;
2382 1347 2563 1403 quare
2594 1334 2792 1404 etiam,
2828 1341 2890 1391 ut
2922 1355 2989 1392 ex
3018 1341 3230 1410 spiritu
3264 1343 3533 1400 diviniori
3573 1364 3704 1416 pro-

2064 1420 2531 1487 diens,sanctum
2562 1429 2733 1493 est,et
2753 1441 2947 1481 aerem
2981 1445 3155 1499 quem
3178 1432 3393 1487 transit
3421 1451 3711 1491 veneran-

2067 1509 2209 1563 dum
2234 1510 2463 1577 reddit;
2492 1513 2696 1567 eodem
2733 1515 2902 1570 modo
2926 1520 2981 1571 et
3011 1535 3179 1573 aures
3210 1537 3310 1591 per
3340 1539 3486 1593 quas
3520 1525 3700 1579 vitam

2065 1598 2426 1668 adipiscitur.
2459 1600 2517 1654 Si
2549 1601 2726 1672 igitur
2755 1603 3030 1659 animain
3062 1607 3247 1662 alium
3273 1611 3504 1666 sublata
3535 1613 3709 1670 talem

2067 1703 2399 1742 sermonem
2458 1689 2721 1745 divinum
2803 1693 3114 1759 inhabitat,
3174 1697 3264 1751 sui
3335 1698 3506 1770 plena
3564 1702 3716 1758 facta

2068 1774 2435 1831 sanctificata
2456 1782 2576 1845 est;
2611 1781 2766 1851 quod
2796 1781 2844 1835 si
2869 1799 2982 1837 non
3009 1783 3122 1839 isto
3147 1787 3321 1843 modo
3353 1790 3715 1848 conformata

307 1871 476 1927 πείτω
504 1866 594 1923 καὶ
635 1859 995 1932 εὐλαϐείσθω,
1045 1863 1120 1935 μὴ
1162 1860 1368 1935 ἐναγῶς
1401 1857 1757 1962 διατέθειταω
1780 1855 1955 1912 Καλὸν

2081 1869 2176 1929 ast,
2211 1864 2386 1920 habet
2415 1883 2556 1922 sane
2586 1869 2739 1937 quod
2774 1875 2996 1926 metuat
3020 1890 3090 1929 ne
3123 1875 3273 1931 inter
3305 1893 3397 1932 res
3453 1896 3718 1965 exsecra—

305 1959 515 2032 κρατὴρ
556 1954 791 2032 χρύσεος
834 1949 1310 2022 ἐκκλησιαστικὸς,
1359 1947 1413 2003 ἐν
1477 1949 1522 2019 ᾦ
1569 1947 1632 2001 τὸ
1679 1945 1959 2051 ’πάντιμον

309 2050 582 2121 κίρναται.
616 2043 680 2098 Εἴ
713 2041 770 2097 δὲ
798 2041 888 2096 καὶ
943 2039 993 2095 ἐν
1049 2038 1250 2111 ὑελίνῳ
1302 2035 1729 2111 μυστηριασθείη
1763 2035 1828 2088 τὰ
1854 2054 1962 2087 σω-

309 2141 494 2212 τήρια,
524 2133 560 2204 ἥ
594 2137 674 2206 τῷ
703 2131 809 2186 ἀπὸ
841 2129 1028 2202 ξύλου,
1082 2127 1188 2183 εἴτε
1237 2127 1526 2203 ὀστράκου,
1581 2126 1681 2196 ἆρά
1718 2145 1782 2232 γε
1818 2123 1961 2232 duo:

363 2225 372 2232 .
440 2228 449 2232 -
571 2222 581 2232 .
762 2223 804 2232 -.
1040 2218 1051 2232 .
1184 2217 1196 2232 ς
1266 2228 1281 2232 -
1360 2215 1371 2232 1
1627 2215 1675 2232 ι.

315 2209 583 2299 πέμψεταί
627 2243 712 2286 τις
762 2218 1084 2294 Χριστιανός
1139 2217 1206 2270 τὰ
1261 2215 1557 2283 θειότατα;
1623 2209 1857 2282 Μηδεςὶ,
1917 2212 1960 2265 ὧ

320 2315 503 2390 Κύριε,
559 2316 805 2370 τοιοῦτος
864 2306 1173 2383 ἀναφανείη.
1233 2304 1390 2361 Οὕτω
1446 2308 1572 2377 γοῦν
1638 2302 1727 2356 καὶ
1788 2301 1964 2390 στόμα

319 2388 654 2480 σχεδιασθὶν,
687 2399 762 2462 ὡς
811 2396 887 2458 εἷς
936 2397 1077 2471 ἱερὸν
1134 2388 1372 2469 βιϐλίον,
1400 2391 1510 2480 ,καὶ
1555 2390 1754 2466 λόγους
1783 2388 1963 2451 θείους

315 2478 584 2570 πρόαγον,
637 2487 837 2543 πείθειν
887 2483 946 2539 ἂν
1005 2478 1126 2559 ἔχοι
1195 2481 1322 2543 τοὺς
1394 2479 1715 2570 ἐχέφρονας,
1773 2480 1961 2570 ὁποῖον

313 2567 373 2638 ἂν
405 2581 497 2636 καὶ
549 2574 636 2645 εἷή
685 2577 857 2630 ἐκεῖνο
909 2574 971 2628 τὸ
1027 2573 1224 2644 στόμα.
1284 2571 1352 2626 Ἢ
1406 2571 1528 2631 δνος
1581 2569 1676 2640 μὶν
1733 2567 1966 2638 Βαλαὰμ

311 2666 865 2749 γλωττηματισθεῖσα
927 2663 1045 2716 κατ’
1090 2660 1398 2749 ἄνθρωπον,
1441 2657 1789 2749 Δἐπιστροφὴν
1837 2652 1968 2730 ἔσχε

315 2744 414 2830 τὴν
447 2759 498 2830 ἐξ
529 2756 839 2833 ἀκροάσεως
873 2773 885 2823 ;
928 2749 1210 2826 ἄνθρωπος
1260 2746 1317 2804 δὲ
1368 2745 1634 2817 λαλήσας,
1667 2746 1742 2808 ὡς
1772 2744 1964 2820 ἐχρῆν,

321 2850 397 2911 εἰς
442 2844 570 2903 ὄνου
625 2845 823 2918 μοίραν
884 2839 1310 2911 ἀποτετάξεται;
1363 2838 1524 2912 ’Όφις
1575 2835 1966 2939 παρακῖυὲσθω

579 2933 586 2939 .
785 2938 788 2939 ,
850 2927 954 2939 -.__“
1081 2928 1093 2939 ι
1245 2927 1293 2939 ι.-
1431 2919 1455 2939 ’1
1829 2934 1844 2939 Α

323 2936 530 3006 λαλῶν,
557 2933 654 2990 ὅσα
698 2938 817 2994 τοῖς
849 2927 1014 3002 Ἐδὲμ.
1069 2927 1370 2996 ἀποικίζειν
1430 2919 1650 3001 ἔχουσιν
1691 2968 1710 2996 ,
1755 2920 1966 2998 ἅνθρω-

321 3048 422 3090 πος
455 3023 530 3096 δὲ,
561 3024 708 3085 ὅστις
759 3021 818 3075 ἄν
873 3019 963 3074 καὶ
1014 3014 1125 3088 εἴη,
1180 3016 1456 3078 ἀκουέσθω
1497 3012 1681 3068 λαλῶν
1731 3011 1798 3066 τὰ
1827 3010 1965 3066 οίκίο

322 3123 480 3188 ζοντα
511 3114 587 3176 εἷς
617 3109 941 3188 παράδεισον
953 3151 966 3164 .

389 3222 486 3285 λς’.
538 3223 743 3293 Διαιρῶ
779 3216 871 3272 τὸν
931 3212 1215 3289 ἄνθρωπον
1266 3208 1388 3266 ἰδοὺ
1437 3209 1516 3274 εἲς
1557 3205 1824 3280 πολλοὺς,
1875 3205 1964 3261 καὶ
1997 3242 2040 3310 C

317 3311 558 3370 λαλείτω
616 3303 839 3368 ἕκαστος
867 3305 936 3360 τὰ
963 3307 1060 3359 τοῦ
1089 3299 1244 3370 Θεοῦ,
1276 3300 1366 3355 καὶ
1398 3301 1426 3355 ὁ
1464 3298 1796 3375 βουλόμεννς
1825 3317 1965 3371 παρ-

317 3396 701 3468 ακουὲτω,⁹ίνα
753 3395 842 3450 καὶ
900 3393 1068 3448 αὐτοῦ
1112 3389 1394 3467 παρακούῃ
1445 3390 1473 3442 ὁ
1525 3389 1674 3449 Θεός.
1718 3386 1815 3441 Καὶ
1840 3384 1966 3447 τοὺς

324 3493 416 3566 μὲν
479 3487 660 3564 ἱεροὺς
719 3483 951 3546 ἅπαντας
1007 3479 1120 3552 ὶδιᾳ
1175 3479 1394 3552 τίθεμαι
1455 3478 1573 3532 κατ’
1643 3475 1961 3566 ἐξαίρετον·

318 3565 536 3659 γίνομαι
584 3574 643 3632 δὲ
691 3581 790 3643 τῆς
848 3571 1052 3640 λοιπῆς
1099 3566 1457 3633 ἐπελεύσεως,
1501 3570 1611 3621 τῶν
1656 3565 1964 3659 ταπεινρτέ-

326 3653 430 3737 ρων
459 3666 778 3745 ἀρξάμενος.
835 3656 1087 3718 Θλίὸεται
1140 3656 1359 3727 δοῦλος,
1411 3659 1446 3725 ἡ
1477 3654 1768 3745 κατωτέρω
1799 3653 1968 3745 τύχη,

321 3760 407 3815 καὶ
539 3755 726 3828 θλίψις
781 3752 880 3808 οὐκ
934 3747 1188 3823 εὔφορος,
1247 3747 1334 3801 καὶ
1399 3747 1667 3821 ἀναφωνεῖ
1712 3744 1781 3799 τὰ
1835 3744 1972 3816 πρὸς

321 3844 494 3917 ἔλεον,
527 3843 875 3922 παραμιγνὺς
928 3839 1019 3895 καὶ
1057 3842 1192 3893 Θεοῦ
1231 3835 1407 3908 ὄνομα
1440 3854 1453 3868 ·
1497 3834 1581 3896 τίς
1617 3831 1684 3901 δὴ
1719 3831 1969 3922 oss-Emi-

323 3915 714 4014 ρατος-οὸτνως,
743 3915 816 3993 ὧς
871 3931 946 4004 μὴ
995 3928 1132 4003 πρὸς
1185 3927 1374 3998 ἐκείνῳ
1419 3927 1516 3993 τὴν
1573 3923 1764 4014 ἀκοὴνΔ
1795 3915 1971 3997 ἔχειν,

321 4011 412 4083 xui
445 4025 612 4082 ἐλεεῖν
651 4043 664 4093 ;
711 4018 956 4090 Πιέζεταί
1000 4038 1084 4080 τις
1134 4017 1452 4093 χειρομάχα
1498 4014 1675 4087 ψυχὴ,
1736 4011 1818 4066 ὅτι
1875 4032 1972 4065 xo-

325 4116 545 4171 λούεται
581 4111 774 4187 μισθοῦ
813 4111 840 4164 ὁ
872 4108 1177 4182 ἄνθρωπος,
1216 4105 1306 4158 καὶ
1347 4097 1722 4200 προβάλλεται
1754 4099 1969 4200 οίπτρὸν

330 4205 421 4259 τὸν
452 4204 673 4270 ἱκὲσιον,
708 4202 884 4270 ζητῶν
935 4198 1158 4250 ἀκοῦσαι
1208 4193 1283 4256 ὡς
1339 4216 1366 4244 ‹‹
1400 4188 1563 4262 Ἰδοὺ,
1599 4190 1798 4262 ἑταῖρε,
1825 4187 1975 4263 ἔχεις

333 4293 396 4347 τὸ
454 4290 586 4346 σόν·
646 4288 831 4354 ἅθλιος
891 4285 980 4341 οὖν
1037 4285 1065 4339 ὁ
1123 4281 1289 4359 βύσας
1345 4281 1444 4348 τὴν
1503 4279 1672 4347 ἀκοὴν
1718 4276 1846 4349 θείῳ
1873 4277 1971 4352 ῥῆ-

336 4401 484 4454 ματι.
547 4383 678 4434 Θεοῦ
731 4378 834 4455 γὰρ
875 4374 1058 4451 λόγος,
1109 4371 1198 4427 καὶ
1253 4371 1316 4424 τὸ
1396 4369 1470 4440 μὴ
1527 4365 1824 4455 ἀδικεῖσθαι
1879 4367 1972 4420 τὸν

329 4453 608 4545 ἀπέχοντα
654 4453 986 4522 τὸήέαυτοΰ.
1045 4460 1308 4516 Τύπτεται
1363 4462 1517 4525 παῖς,
1579 4453 1675 4511 εἰτ’
1733 4456 1824 4510 οὖν
1867 4476 1976 4509 σω-

329 4542 659 4637 φρον-ίζεται,
707 4555 798 4610 καὶ
857 4551 1067 4627 πληγαὶ
1126 4548 1188 4604 οὐ
1245 4547 1361 4601 κατ’
1420 4546 1726 4620 ἄνθρωπον,
1785 4542 1893 4637 καὶ-
1912 4543 1974 4597 τὸ

2073 1953 2218 2008 biles
2249 1959 2520 2025 ponatur.
2555 1957 2662 2012 Res
2693 1959 2940 2029 pulchra
2989 1961 3140 2017 calix
3197 1981 3432 2033 aureus,
3487 1953 3565 2023 in‘
3602 1986 3719 2041 quo

2072 2044 2347 2098 sacerdos
2378 2047 2698 2114 pretiosum
2732 2050 3078 2121 sanguinem
3124 2054 3349 2111 miscet.
3409 2058 3468 2113 Si
3518 2065 3716 2117 autem

2073 2134 2419 2203 mysterium
2451 2134 2707 2190 salutare
2739 2137 2795 2190 in
2829 2155 2963 2193 vase
2993 2139 3194 2207 vitreo,
3231 2150 3333 2199 aut
3358 2145 3584 2219 ligneo,
3619 2156 3723 2206 aut

2073 2219 2384 2293 argillaceo
2417 2230 2811 2295 perageretur,
2846 2244 2986 2283 num
3018 2235 3107 2285 est
3138 2231 3504 2291 Christianus
3535 2239 3718 2294 sacri-

2076 2310 2274 2364 ﬁcium
2307 2309 2449 2366 illud
2511 2314 2878 2383 repudians?
2924 2317 3004 2371 Ne
3065 2336 3239 2390 unus,
3280 2322 3544 2395 Domine,
3587 2328 3712 2384 haec

2076 2397 2271 2454 faciat.
2306 2400 2400 2454 Sic
2431 2400 2606 2455 etiam
2640 2419 2705 2458 os
2737 2406 3166 2463 contumelians
3197 2408 3458 2482 librosfet
3493 2431 3717 2472 sermo-

2076 2504 2180 2542 nes
2203 2487 2451 2558 divinos,
2485 2506 2600 2545 non
2627 2491 2794 2547 facile
2819 2494 3182 2552 nobilitatem
3214 2515 3384 2555 suam
3429 2505 3719 2574 probabit.

2076 2577 2228 2630 Num
2263 2576 2518 2632 Balaami
2550 2580 2718 2634 asina
2749 2597 2883 2637 voce
2914 2583 3172 2641 hamana
3203 2591 3445 2658 praedita
3493 2609 3562 2648 ex
3611 2612 3720 2650 au-

2077 2665 2202 2719 ditu
2230 2664 2522 2736 loquelam
2549 2674 2817 2725 mutuata
2838 2673 2957 2727 est?
2971 2674 3362 2734 Homoautem
3395 2681 3495 2751 qui
3528 2683 3721 2740 debito

2076 2770 2345 2810 sermone
2375 2773 2520 2811 usus
2550 2763 2659 2825 est,
2694 2761 3046 2818 animalisne
3074 2764 3231 2821 bruti
3288 2784 3530 2825 munere
3587 2774 3722 2828 fun-

2077 2844 2293 2914 getur?
2331 2849 2580 2916 Serpens
2637 2847 2885 2918 loquens
2941 2853 3270 2910 audienbus
3320 2875 3434 2913 non
3497 2866 3587 2916 est
3646 2865 3720 2918 ab

2077 2931 2379 2988 exsulibus
2413 2933 2820 3002 Edem;homo
2849 2945 3068 3008 autem,
3129 2944 3400 3016 quisquis
3462 2949 3560 3020 sit,
3625 2968 3726 3006 au-

2077 3019 2293 3091 diatur,
2327 3024 2562 3092 quando
2594 3025 2665 3079 de
2698 3028 2862 3081 novis
2886 3031 3144 3086 Paradisi
3175 3034 3383 3090 incolis
3437 3035 3720 3110 loquitur.

2148 3198 2238 3252 36.
2273 3198 2582 3256 Hominem
2607 3201 2666 3256 in
2701 3203 2899 3274 plures
2928 3207 3144 3276 divido,
3181 3227 3427 3282 quorum
3469 3216 3723 3290 quisque

2079 3303 2170 3342 res
2201 3287 2430 3344 divinas
2461 3289 2756 3360 loquatur;
2781 3294 3096 3365 quiaudire
3117 3316 3230 3354 non
3255 3302 3476 3371 vult,ne
3500 3287 3721 3376 audito,

2078 3379 2144 3430 ut
2171 3375 2325 3431 Deus
2348 3394 2584 3449 quoque
2617 3396 2750 3436 eum
2791 3399 2905 3438 non
2955 3389 3246 3444 exaudiat.
3310 3392 3475 3448 Viros
3522 3375 3722 3452 sacros

2079 3481 2284 3520 omnes
2306 3465 2363 3520 in
2398 3467 2521 3524 loco
2545 3469 2827 3539 peculiari
2856 3478 3070 3545 statuo,
3104 3479 3174 3532 ad
3217 3478 3449 3537 viliores
3505 3486 3720 3541 transi-

2078 3556 2267 3609 turus.
2300 3560 2510 3612 Servus
2542 3557 2758 3629 aliquis
2786 3561 3104 3618 tribulatur
3134 3573 3190 3622 et
3231 3569 3384 3624 inter
3431 3576 3724 3630 tormenta

2082 3640 2389 3698 hominum
2423 3645 2643 3716 Deique
2687 3648 2877 3720 ipsius
2938 3655 3410 3714 misericordium
3472 3661 3722 3719 invocat.

2082 3731 2220 3796 Quis
2241 3733 2385 3788 adeo
2409 3735 2594 3790 durus
2626 3743 2715 3792 est
2749 3744 2812 3794 ut
2842 3741 3124 3799 miserum
3161 3763 3272 3800 non
3306 3749 3530 3815 audiat,
3555 3753 3730 3807 mise-

2083 3820 2396 3877 ricordiam
2429 3824 2724 3898 deneget?
2757 3830 3067 3887 Laboriosa
3097 3836 3296 3892 anima
3327 3837 3384 3892 in
3437 3841 3731 3912 angustiis

2083 3913 2173 3963 est
2196 3911 2350 3980 quod
2383 3911 2558 3968 homo
2616 3920 2881 3974 mercede
2944 3921 3257 3978 frustratur
3329 3931 3387 3980 et
3442 3911 3729 3985 miserum

2083 3997 2409 4070 supplicem
2444 4000 2650 4071 rejicit,
2687 4009 2749 4059 ut
2795 4007 2845 4061 ei
2878 4008 3150 4067 dicatur:
3184 4013 3289 4080 En,
3321 4016 3529 4082 amice,
3584 4035 3734 4074 mer-

2084 4087 2281 4141 cedem
2320 4093 2481 4144 tuam
2509 4089 2522 4144 Ῑ
2562 4093 2730 4147 Miser
2761 4094 2942 4166 igitur
2974 4101 3072 4169 qui
3101 4103 3273 4156 verbo
3311 4104 3402 4158 Dei
3425 4121 3596 4161 aures
3627 4108 3729 4162 ob-

2082 4178 2261 4231 turat.
2296 4177 2394 4232 Dei
2426 4181 2579 4236 enim
2614 4187 2704 4236 est
2759 4186 2999 4242 verbum
3052 4190 3367 4260 prohibens
3427 4211 3496 4249 ne
3535 4196 3584 4249 ei
3627 4194 3738 4267 qui

2084 4283 2192 4321 sua
2223 4269 2434 4326 alienat
2466 4273 2744 4345 injuriam
2792 4277 3134 4335 inferamus.
3168 4281 3320 4335 Puer
3373 4284 3736 4349 verberatur,

2085 4357 2187 4411 sed
2222 4358 2358 4413 inde
2388 4364 2770 4431 emendatur;
2803 4367 2956 4422 ictus
2978 4384 3187 4440 graves
3220 4386 3333 4425 non
3368 4377 3528 4440 sunt,
3579 4380 3636 4428 et
3674 4391 3739 4430 os

2085 4447 2214 4515 ejus
2233 4446 2332 4501 Dei
2366 4453 2708 4508 recordatur
2739 4461 2796 4510 et
2835 4457 3065 4512 veniam
3112 4461 3461 4530 expostulat.
3509 4463 3740 4519 Stultus

2086 4532 2262 4602 igitur
2291 4541 2380 4592 est
2437 4542 2721 4613 magister
2761 4547 2861 4616 qui
2912 4546 3283 4618 disciplinam
3345 4551 3516 4607 vilem
3558 4552 3741 4608 intro-

329 4613 520 4720 ἀτόμα⁷
561 4613 768 4701 ἐκείνου
821 4613 1163 4716 γεμείΙΘεοῦ
1226 4638 1476 4711 μνήμης,
1535 4634 1623 4688 καὶ
1696 4632 1967 4707 παρακλη-

2087 4623 2374 4681 ducturus
2432 4629 2690 4686 animam
2753 4635 3067 4705 pretiosam
3128 4637 3187 4693 in
3261 4639 3534 4696 exsilium
3595 4642 3740 4714 agit.

325 4738 466 4792 τεύει
511 4737 651 4812 πρὸς
696 4734 869 4788 ἄνεσιν
909 4750 921 4762 ·
976 4729 1160 4805 μωρὸς
1212 4727 1303 4781 οὑν
1357 4721 1706 4793 διδάσκαλος,
1758 4722 1816 4812 bc;
1849 4721 1982 4812 παί-

329 4825 504 4881 δευσιν
560 4810 790 4900 εἰσάγων
852 4817 980 4876 οὐδὲ
1037 4815 1256 4873 πολλοῦ
1332 4812 1463 4874 ἴσως
1521 4812 1692 4900 ἀξίαν,
1750 4810 1976 4900 ἀπάγειν

329 4914 500 4979 ἐθέλει
534 4898 876 4986 ύιμιωτάτην
931 4909 1142 5003 ψυχήν.
1197 4904 1450 5003 Στερεται
1497 4903 1608 5003 τῶν
1639 4898 1853 5003 οἷ’κεῖίων
1887 4898 1982 5003 dp:

328 5005 496 5082 φανός
527 5023 634 5071 τις,
667 5002 757 5056 καὶ
807 5001 898 5054 τὸν
947 5003 1048 5066 τῆς
1094 4990 1356 5082 ὀρφανίας
1406 4988 1715 5082 προστάτην
1751 4987 1982 5082 expiatis?

324 5073 461 5168 πρὸς
491 5091 768 5167 ἱκετηρίαν
822 5085 1164 5182 θεόκλυτον
1215 5077 1453 5182 φαύλοςὶ
1477 5075 1567 5132 οὖν
1611 5077 1725 5182 υῖιὸς
1759 5073 1980 5182 ὁνάδελῖ

326 5149 430 5244 φοῦ
477 5149 731 5236 τοιούτου
783 5179 1085 5252 ὑπερορῶν,
1136 5172 1216 5238 ὃς,
1271 5168 1317 5223 εί
1365 5166 1455 5221 καὶ
1487 5165 1694 5239 πατρὸς
1720 5169 1818 5218 τοῦ
1847 5163 1983 5272 ῗιατὰ

340 5245 349 5258 ⁸
727 5268 738 5272 -
837 5267 849 5272 -
1082 5262 1094 5272 ι
1121 5262 1142 5272 Α
1275 5256 1321 5272 1‘
1341 5254 1359 5272 κ
1387 5256 1401 5272 \
1539 5257 1566 5268 ο-
1666 5256 1692 5267 ~

323 5245 426 5347 γῆν
495 5268 776 5344 στερηθεὶς
826 5262 1209 5332 ἀπεφκυτὼθη,
1265 5254 1412 5313 ἀλλὰ
1449 5257 1570 5359 ⁹τοῖ’.)
1627 5256 1734 5306 τῶν
1760 5251 1982 5359 ’Ξωτων

322 5339 414 5415 xui
454 5339 876 5433 τῶν-ὀρφανῶν
927 5352 1140 5425 ῙΙατρὸς
1192 5347 1293 5402 ούκ
1339 5341 1704 5444 ἐκπέπτωκεν,
1760 5339 1981 5444 Ἱξλικία

325 5427 755 5526 γιροντικὴξκάὶ
815 5440 941 5498 οὐδὲ
989 5441 1174 5516 γένους
1198 5436 1289 5535 ,εὗ
1345 5432 1570 5535 ἔχουσα,
1620 5427 1731 5534 Σῆδη
1794 5427 1851 5483 δὲ
1889 5430 1981 5535 καὶ

434 5501 654 5594 πλείονι
685 5535 822 5610 πρὸς
845 5537 926 5604 τῷ
976 5501 1116 5602 ’ᾍδῃ
1164 5523 1314 5592 οὖσα,
1359 5521 1448 5578 καί
1478 5541 1530 5574 τι
1563 5518 1868 5624 πάσζχουσα,
1904 5519 1978 5622 (ΞΝ

331 5606 432 5683 enix
489 5625 630 5682 ἔστιν
706 5606 1015 5716 ἀνέχεσθαι,
1072 5614 1253 5716 λαλεῖ,
1311 5612 1402 5716 καὶ
1440 5606 1824 5716 ἔθνῖποιλαιὸν
1867 5627 1977 5716 των

329 5720 555 5793 ἡμερῶν
617 5714 705 5771 ἐπὶ
763 5695 1030 5784 στόματος
1084 5709 1252 5785 φέρει,
1302 5703 1390 5758 καὶ
1437 5697 1508 5754 δι’
1561 5695 1765 5752 ἐκείνου
1818 5695 1984 5770 μίσου

2089 4713 2403 4785 Orphanus
2450 4718 2662 4791 aliquis
2715 4723 2966 4779 fortunis
3024 4727 3306 4795 privatus,
3365 4713 3741 4784 tutoremiad

2092 4803 2582 4874 supplicationem
2644 4811 2760 4866 Deo
2817 4814 3172 4869 offerendam
3247 4822 3466 4872 evocat.
3523 4818 3742 4872 Pravus

2089 4890 2274 4961 igitur
2304 4894 2463 4952 illius
2501 4898 2676 4954 talem
2710 4901 2948 4958 fratrem
2982 4920 3050 4958 ex
3077 4905 3264 4960 oculis
3307 4906 3588 4977 adjicicns
3619 4906 3740 4977 qui,

2091 4984 2199 5036 etsi
2250 4990 2412 5054 patre
2461 4990 2721 5044 terrestri
2783 4993 3042 5061 privatus
3101 4994 3197 5059 sit,
3256 4995 3484 5050 Patrem
3546 5002 3742 5050 tamen

2092 5074 2380 5131 luminum
2415 5084 2487 5132 et.
2528 5081 2926 5151 orphanorum
2987 5084 3142 5138 haud
3168 5085 3385 5140 amisit.
3419 5087 3578 5140 {Etas
3611 5102 3744 5157 pro-

2089 5171 2274 5229 vecta,
2307 5168 2528 5222 viribus
2561 5169 3144 5244 debilitata,jamque
3163 5191 3341 5245 prope
3374 5176 3442 5229 ad
3470 5179 3740 5242 mortem,

2091 5253 2600 5323 perintolerabilia
2658 5258 2814 5312 mala
2861 5258 3124 5332 loquitur
3174 5267 3230 5316 et
3271 5264 3585 5334 Antiquom
3619 5263 3741 5318 die—

2092 5358 2221 5396 rum
2255 5345 2314 5398 in
2343 5362 2441 5401 ore
2471 5347 2640 5418 gerit,
2670 5355 2727 5402 et
2760 5364 2861 5418 per
2914 5367 3046 5404 eum
3109 5352 3575 5407 misericordiam
3609 5369 3742 5421 pro-

2090 5447 2296 5487 vocare
2325 5439 2526 5489 tentat.
2562 5435 2638 5490 Os
2675 5437 2949 5492 dentibus
2976 5445 3217 5494 exutum
3264 5441 3480 5496 divinis
3510 5440 3746 5513 hymnis

2092 5527 2346 5577 resonat.
2377 5523 2560 5593 Igitur
2575 5525 2675 5596 qui
2699 5527 2962 5582 animum
2995 5544 3111 5583 non
3131 5530 3402 5597 attendit,
3437 5546 3541 5586 nec
3565 5536 3748 5587 Deum

2093 5611 2284 5677 timet,
2320 5629 2422 5668 nec
2456 5619 2725 5682 mortem,
2763 5633 2867 5671 nec
2897 5621 3259 5674 senectutem
3306 5620 3473 5676 enixe
3528 5625 3744 5693 sperat.

2091 5700 2150 5754 Si
2180 5703 2338 5757 enim
2369 5719 2505 5773 spes
2551 5706 2872 5763 senectutis
2905 5705 2957 5762 ei
2987 5705 3258 5781 fulgeret,
3321 5726 3554 5767 morum
3580 5709 3748 5767 simi-
