4082 6354
363 379 478 437 707

1134 372 1561 437 EUSTATBII
1604 370 2376 435 THESSALONICENSIS
2423 371 3008 435 METROPOLlTxE

3663 380 3784 442 708

359 510 547 566 litudo
579 510 828 566 aliorum
861 525 996 565 eum
1030 508 1306 564 alliceret.
1342 506 1487 562 Mihi
1520 511 1717 562 autem
1740 505 1838 578 qui
1881 506 2000 562 talil

2131 500 2286 559 ἓλεον
2327 501 2502 559 ἐθέλει
2551 501 2892 581 ἐφέλκεσθαι,
2943 503 3180 561 ὀδόντων
3246 509 3341 581 μὲν
3380 511 3528 586 τάχα
3557 531 3665 567 που
3696 512 3783 569 ἐκ-

362 607 449 656 est
481 600 709 656 videtur
738 599 1050 654 auditurus
1097 597 1241 651 illud
1301 612 1464 651 esse:
1523 597 1583 651 In
1639 613 1825 651 annos
1855 595 2014 650 haud

366 690 539 755 venit,
602 690 892 759 siquidem
962 693 1313 759 praematura
1382 690 1563 740 morte
1611 693 1846 757 ereptus
1901 690 2009 740 est.

364 780 743 850 Supponatur
773 776 986 848 aliquis
1018 777 1214 831 ebrius
1266 775 1385 845 qui,
1447 791 1581 828 cum
1625 775 2014 829 fundamenta

363 872 576 924 domus
607 869 734 937 ejus
766 867 1049 921 subversa
1080 869 1238 929 sunt,
1267 862 1512 934 pedibus
1533 867 1687 918 stare
1719 879 1831 916 non
1861 862 2014 917 valet

363 960 437 1013 ob
469 959 793 1024 cerebrum,
854 955 1028 1025 pedes
1086 959 1144 1007 et
1195 957 1390 1022 caput,
1428 969 1554 1022 quae
1587 951 1738 1006 male
1769 952 2011 1006 habent.

359 1047 674 1101 Anferatur
702 1061 770 1098 ex
819 1059 916 1097 ore
971 1041 1261 1113 quidquid
1297 1041 1608 1106 odiosum;
1642 1039 1844 1112 lingua
1877 1058 2010 1108 pur.-

359 1142 525 1205 getur
554 1133 828 1188 sordibus
857 1131 1113 1202 polluta;
1149 1130 1524 1201 duplicentur
1560 1130 1618 1183 in
1663 1131 1850 1184 oculis
1884 1147 2011 1201 quas

360 1229 677 1279 cernuntur
733 1227 790 1276 et
845 1221 928 1276 sic
983 1220 1136 1275 male
1194 1221 1584 1274 retineantur.
1621 1219 1784 1273 Mens
1815 1223 2010 1274 autem

357 1311 695 1379 huiusmodi
725 1309 830 1363 viri
863 1326 1009 1365 sana
1039 1309 1134 1371 sit,
1169 1311 1224 1362 et
1282 1306 1486 1378 lingna
1540 1308 1874 1362 errabunda
1920 1324 2014 1362 res

357 1401 584 1458 debitas
643 1399 806 1454 tenui
861 1415 997 1453 voce
1043 1397 1290 1462 effutiat,
1325 1402 1390 1450 ut
1446 1396 1608 1451 nullo
1643 1398 1831 1451 facere
1857 1397 2012 1452 vide-

354 1507 508 1546 mus.
543 1489 651 1556 Qui
698 1488 881 1560 igitur
929 1489 1084 1558 quod
1122 1486 1285 1540 audit
1336 1485 1494 1556 parvi
1551 1486 1706 1552 facit,
1777 1487 2012 1556 quando

355 1579 700 1650 resipiscere
722 1577 892 1647 erepit
923 1593 1029 1631 nec
1070 1575 1242 1647 plane
1290 1574 1490 1628 ebrius
1549 1578 1655 1643 est,
1710 1573 1876 1629 valde
1909 1591 2013 1630 su-

354 1670 568 1741 perbit.

360 1763 484 1830 μοῖς
537 1756 605 1811 τὰ
661 1757 933 1830 ὁρώμενα,
999 1753 1088 1808 καὶ
1141 1752 1284 1807 οὕτω
1343 1747 1876 1827 παραϐλεπέσθωσάν
1917 1771 1930 1784 ·

2125 594 2516 668 κεκρουσμένη,
2565 593 2898 666 ἐμπιπλῶσα
2933 593 2988 650 δὲ
3018 597 3079 650 τὸ
3110 597 3288 670 στόμα
3318 599 3730 672 θεοκλυτήσεως
3765 623 3778 636 ·

2123 683 2151 736 ὁ
2193 680 2370 735 τοίνυν
2411 683 2488 754 μή
2542 683 2701 752 ἀξιῶν
2758 684 2896 760 πρὸς
2945 683 3078 759 αὐτῇ
3128 685 3221 740 τὸν
3275 692 3400 740 νοῦν
3449 685 3620 764 ἔχειν,
3662 692 3786 749 οὕτε

2125 771 2252 824 Θεὸν
2306 765 2644 840 εὐλαϐεῖται,
2691 773 2778 826 καὶ
2831 770 2955 827 οὐδὲ
3004 772 3299 848 καραδοκεῖ
3355 777 3604 848 θάνατον,
3671 784 3784 854 μή-

2123 880 2256 914 ποτε
2307 857 2364 913 δὲ
2423 857 2546 914 οὐδὲ
2602 868 2798 937 γῆρας.
2843 861 2910 918 Εἴ
2952 863 3053 938 γάρ
3105 863 3262 929 ἐλπὶς
3312 865 3471 921 αὐτὸν
3532 869 3785 927 ὑπέσαινε

2122 947 2554 1024 γηραλεὸτητος,
2615 948 2791 1024 ἐφίλει
2848 949 2908 1005 ἂν
2960 953 3021 1006 τὸ
3077 954 3428 1025 ὁμοιοπαθὲς.
3481 957 3580 1012 Καὶ
3625 962 3784 1033 οἶμαι

2125 1036 2370 1092 ἀκούσειν
2422 1034 2544 1113 ἔχοι
2598 1039 2759 1093 ποθὲν
2809 1039 2898 1094 καὶ
2950 1042 2978 1095 ὁ
3023 1046 3273 1105 τοιοῦτος
3332 1044 3394 1098 τὸ
3433 1067 3454 1094 ι
3507 1047 3582 1119 μὴ
3637 1047 3785 1124 ὥρας

2118 1123 2321 1196 ἵκοιτο,
2375 1151 2403 1178 ››
2458 1126 2584 1182 ἀλλ’
2639 1126 2976 1204 ἐκθερισθείη
3057 1130 3334 1206 πρόωρος.
3394 1123 3784 1192 Ὑποτεθείσθω

2123 1237 2205 1279 τις
2251 1214 2340 1270 καὶ
2402 1215 2632 1288 μεθύων,
2681 1216 2808 1280 τοὺς
2857 1217 3144 1290 θεμελίους
3192 1225 3288 1274 τοῦ
3336 1223 3472 1278 κατά
3517 1229 3676 1298 σῶμα
3697 1249 3784 1282 σε-

2127 1302 2458 1376 σαλευμένος
2490 1300 2666 1377 οἷ’κου,
2720 1306 2807 1360 καὶ
2856 1306 2956 1360 ούκ
3003 1303 3146 1383 ἔχων
3196 1307 3272 1371 εἷς
3319 1308 3480 1386 ὀρθὸν
3512 1309 3777 1388 ἵστασθαι,

2124 1394 2186 1448 τὸ
2260 1393 2508 1469 ύπερῳον
2585 1398 3066 1468 κατασεσεισμένος
3143 1397 3355 1472 (ἐκεῖνοι
3441 1401 3534 1473 μὲν
3589 1401 3773 1476 πόδες,

2123 1487 2284 1537 τοῦτο
2331 1480 2387 1537 δὲ
2435 1483 2669 1562 κεφαλή)
2700 1503 2713 1517 ·
2766 1485 3125 1564 ἀποφερέσθω
3180 1492 3275 1542 τοῦ
3335 1487 3600 1563 στόματος
3629 1490 3773 1547 πολὺ

2125 1571 2186 1625 τὸ
2219 1569 2402 1642 ἀηδὲς,
2437 1572 2827 1651 παραφερέσθω
2875 1577 2909 1644 ἡ
2963 1574 3189 1648 γλῶσσα
3237 1576 3460 1654 φαύλως
3501 1579 3772 1654 ἐγκολυμ-

2125 1655 2295 1716 ϐοὖσα
2348 1661 2621 1725 τοιούτοις
2677 1661 2944 1738 ῥεύμασι,
2996 1663 3373 1734 δυαζεσθωσαν
3420 1673 3536 1732 τοῖς
3579 1667 3780 1746 ὀφθαλ-

1993 1753 2022 1806 δ
2081 1754 2204 1812 νοῦς
2257 1747 2315 1803 δὲ
2379 1750 2532 1822 ὅμως
2592 1755 2671 1823 τῷ
2700 1751 2936 1825 τοιούτῳ
2967 1751 3247 1829 ἐῤῥώσθω,
3294 1755 3385 1810 καὶ
3434 1755 3782 1813 ὑπολαλέίτω

352 1845 839 1920 παρακόπτουσαὴ
894 1842 1118 1918 γλῶσσα
1173 1842 1240 1896 τὰ
1286 1839 1496 1908 δέοντα,
1551 1841 1775 1903 ὁποίους
1820 1838 2068 1901 πολλοὺς
2119 1836 2402 1900 τοιούτους
2451 1839 2771 1912 τεθεάμεθα.
2830 1842 2891 1898 Ὁ
2938 1846 3065 1918 γοῦν
3117 1841 3408 1913 ἐξουθενῶν
3467 1847 3530 1901 τὸ
3587 1845 3784 1902 ἀκουό-

358 1956 541 2009 μενον,
578 1935 720 1990 ὀκνῶ
745 1933 935 2001 εἰπεῖν,
970 1929 1118 2006 εἶ’περ
1156 1931 1452 2008 ἐγρήγορεν
1478 1930 1557 1994 εἷς
1588 1928 1882 2006 νηφάλιον,
1906 1929 1995 1984 καὶ
2032 1929 2109 2001 μὴ
2137 1927 2321 2000 μεθύει
2354 1925 2498 1982 πολὺ
2527 1928 2590 1982 τὸ
2623 1928 2934 2004 ἀγέρωχον.

423 2045 514 2099 37.
547 2043 653 2098 Sed
686 2059 801 2132 ουν,
819 2040 1068 2132 longius
1115 2040 1175 2094 in
1208 2040 1413 2132 coeptis
1474 2039 1620 2132 meis
1643 2039 1956 2132 procedam
1986 2037 2014 2091 ?
2041 2066 2088 2132 B

331 2135 468 2208 ‘Cur
499 2150 612 2188 non
643 2131 838 2186 verbis
873 2130 1016 2185 meis
1041 2129 1216 2183 ﬁnem
1247 2128 1550 2200 imponam
1580 2127 1606 2181 ‘I
1636 2127 1692 2181 Si
1725 2126 1879 2182 enim
1915 2132 2001 2182 ta-

353 2224 512 2280 libus
541 2237 712 2278 aures
745 2225 884 2275 sunt
913 2219 1256 2290 praebendas,
1282 2218 1568 2287 quomodo
1619 2233 1732 2271 non
1792 2216 1842 2271 ei
1904 2216 2002 2285 qui

355 2329 559 2368 omnes
591 2309 871 2382 superat?
901 2309 995 2362 Sic
1019 2314 1214 2362 autem
1246 2307 1463 2361 scimus
1495 2306 1763 2360 omnium
1795 2307 1992 2377 caput,

353 2403 539 2458 Deum
571 2400 836 2470 inquam,
883 2395 1093 2462 recoli;
1127 2397 1175 2450 si
1235 2396 1508 2450 sensibus
1549 2395 1766 2450 nostris
1824 2395 1999 2448 ﬁnem

350 2488 706 2545 laudabilem
744 2485 1196 2558 praescribimus,
1223 2501 1462 2554 scopum
1497 2487 1656 2553 puta,
1719 2483 1789 2536 ad
1824 2500 1997 2554 quem

353 2595 558 2635 omnes
591 2577 688 2647 qui
719 2574 1041 2629 secundum
1077 2573 1260 2626 Deum
1285 2571 1864 2640 vivunt,visunt.Non
1914 2576 2001 2625 est

352 2667 622 2722 hiclocus
645 2664 942 2719 hominem
959 2661 1280 2716 secundum
1308 2660 1554 2730 populos
1574 2659 1999 2730 distinguendi,

352 2771 534 2827 quare
556 2759 784 2806 tantum
819 2752 889 2805 de
921 2753 1133 2805 nostrae
1160 2749 1347 2804 aetatis
1390 2747 1630 2803 homine
1689 2764 1877 2819 graeco
1937 2765 2002 2803 ac

347 2843 600 2898 barbaro
624 2840 981 2895 mentionem
1032 2836 1263 2890 faciam.
1300 2835 1526 2906 Lingua
1583 2840 1777 2890 autem
1817 2851 2004 2904 graeca

351 2932 690 3003 loquentem
724 2927 947 2996 audire,
978 2925 1283 2996 eique,ubi
1317 2940 1556 2978 necesse
1585 2930 1693 2993 est,
1744 2924 1999 2992 obedire,

351 3037 525 3077 nemo
558 3017 868 3074 recusabit.
907 3017 1036 3086 Ipse
1084 3014 1374 3068 barbarus
1424 3029 1514 3068 res
1577 3014 1831 3068 referens
1887 3030 2000 3068 non

352 3108 713 3172 refutandae,
793 3106 863 3159 ab
945 3103 1184 3158 arbitris
1267 3104 1482 3157 nostris
1553 3103 1999 3157 condemnatur.

350 3198 569 3254 Videns
598 3196 755 3251 enim
788 3209 849 3248 se
880 3211 912 3247 a
935 3191 1103 3248 nobis
1163 3209 1278 3246 non
1327 3190 1575 3263 intelligi
1609 3191 1856 3246 barbare
1913 3190 2001 3246 lo-

351 3293 648 3361 quentem,
675 3301 708 3338 a
735 3297 1004 3339 sermone
1022 3279 1207 3352 patrio
1238 3279 1482 3346 destitit,
1517 3279 1767 3350 digitum
1801 3296 2003 3335 versus

349 3377 562 3431 ccelum
595 3374 984 3440 tendens,Deo
1011 3368 1232 3424 ccelesti
1266 3385 1373 3424 nos
1403 3369 1800 3436 commendat,
1831 3374 1888 3423 et
1917 3369 2003 3424 sic

351 3463 707 3534 theologiam
765 3427 991 3516 exercet
1019 3458 1316 3512 innuendo
1349 3456 1721 3512 Altissimum
1746 3427 1884 3513 suas
1912 3459 1998 3528 ip-
2033 3427 2074 3494 C

354 3555 480 3608 sius
499 3567 698 3623 preces
729 3549 1022 3603 exaudire.
1057 3547 1113 3600 Si
1155 3546 1339 3617 igitur
1394 3546 1726 3614 obedimus,
1775 3548 2002 3603 miseri-

350 3641 608 3698 cordiam
641 3639 901 3693 divinam
933 3652 1386 3705 recuperamus;
1423 3636 1470 3690 si
1498 3653 1611 3691 non
1643 3638 2005 3709 obtempera-

354 3748 509 3798 mus,
543 3731 603 3784 in
637 3726 980 3784 barathrum
1011 3724 1287 3795 perniciei
1318 3724 1606 3780 cedimus.

410 4105 502 4160 38.
553 4104 613 4160 Si
670 4102 805 4175 quis
863 4101 972 4156 hoc
1007 4099 1130 4155 loco
1165 4114 1419 4171 querens
1474 4099 1811 4171 interpellat
1840 4102 1994 4172 quod

339 4211 533 4251 sermo
566 4194 763 4264 ipsum
789 4195 847 4245 et
873 4193 1136 4243 Graecum
1189 4189 1628 4258 herbarumque
1678 4191 1746 4243 ad
1803 4190 1994 4259 justas

337 4283 789 4340 lamentationes
817 4279 1031 4350 adegit,
1067 4296 1170 4350 per
1226 4295 1320 4334 me
1375 4285 1675 4350 queratur,
1739 4279 1880 4334 illud
1933 4283 1991 4335 in

337 4373 683 4430 memoriam
710 4385 987 4425 revocans
1011 4370 1186 4439 quod,
1211 4369 1366 4422 sicut
1397 4369 1680 4432 conservi,
1713 4371 1794 4423 ita
1815 4371 1991 4425 etiam

338 4477 694 4534 congeneres
761 4475 970 4514 sumus
1019 4459 1090 4513 ab
1133 4474 1250 4512 uno
1311 4463 1492 4528 patre,
1557 4459 1613 4512 id
1655 4463 1744 4512 est
1803 4475 1836 4512 a
1883 4460 1991 4515 Deo

338 4556 620 4618 creatore,
644 4555 702 4604 et
732 4549 802 4604 ab
828 4565 945 4602 una
977 4551 1344 4613 matre,terra
1394 4547 1663 4618 inquam,
1696 4550 1986 4620 prognati.

333 4641 427 4697 Sic
458 4639 691 4712 quidem
717 4637 1148 4710 oppositionem
1183 4637 1314 4705 ejus
1342 4636 1679 4703 admittam,
1711 4637 1766 4691 id
1803 4655 1986 4692 unum

336 4745 583 4784 monens
608 4728 753 4798 quod
788 4727 939 4781 circa
967 4724 1155 4779 multa
1196 4724 1311 4778 alia
1343 4724 1511 4778 multi
1545 4741 1754 4780 sumus
1776 4727 1834 4780 in
1869 4727 1988 4781 dis-

335 4818 602 4884 serendo,
654 4815 866 4873 dubias
897 4815 1252 4887 quaestiones
1283 4815 1683 4884 proponendo,
1713 4815 1773 4869 in
1807 4815 1990 4870 Deum

333 4910 531 4982 ipsum
562 4907 930 4978 inquirentes
963 4919 1068 4958 cur
1105 4903 1162 4957 id
1198 4918 1303 4956 nec
1357 4919 1495 4958 vero
1546 4903 1691 4957 illud
1753 4905 1989 4970 fecerit;

337 4998 448 5054 etsi
480 4998 604 5069 ipse
637 5011 751 5050 non
790 4992 1031 5048 irrideat
1079 4991 1335 5062 maligne
1368 4993 1451 5046 uti
1495 4991 1555 5046 in
1600 4993 1804 5047 multis
1835 4992 1989 5060 aliis,

338 5088 437 5143 sed
496 5085 787 5140 miserans
849 5086 1082 5136 nosmet
1128 5080 1230 5151 qui
1289 5081 1445 5136 circa
1500 5097 1652 5136 vana
1712 5081 1992 5152 profundi

340 5193 570 5234 sumus.
604 5174 684 5228 De
714 5172 804 5228 his
838 5187 1015 5242 quam
1048 5171 1396 5226 brevissime
1428 5186 1669 5239 possum
1720 5172 1989 5238 monebo,

342 5283 414 5322 ne
459 5268 664 5319 contra
707 5267 884 5316 Deum
933 5260 1226 5315 luctemus
1281 5264 1357 5323 et,
1416 5259 1598 5314 Deum
1651 5262 1991 5328 correctori,

342 5352 710 5424 legislatores
731 5366 838 5405 nos
869 5364 999 5404 esse
1038 5363 1492 5420 praesumamus,
1537 5353 1613 5418 et,
1665 5365 1779 5421 quo
1809 5349 1993 5417 lubet,

341 5441 664 5504 trahentes,
697 5454 727 5492 e
757 5439 939 5493 servis
990 5436 1214 5493 domini
1259 5437 1392 5491 facti
1435 5437 1494 5492 in
1531 5438 1991 5496 dominationem

293 5548 299 5553 ·
344 5525 535 5594 ipsam
565 5526 956 5581 dominemur.

2191 2047 2291 2118 λζ’.
2327 2051 2440 2106 Ποῦ
2472 2047 2529 2104 δὲ
2558 2053 2913 2127 προχωρήσω
2961 2055 3057 2107 τοῦ
3111 2053 3313 2110 λοιποῦ
3350 2055 3426 2118 εἷς
3457 2055 3628 2112 πλέον
3659 2063 3782 2121 τοῖς

2123 2137 2181 2192 ἐκ
2233 2143 2343 2193 τῶν
2398 2137 2705 2225 ἐλαττόνων
2763 2140 3185 2216 ἐπιχειγήμασι,
3243 2145 3334 2198 καὶ
3381 2145 3458 2217 μὴ
3514 2167 3780 2225 συγκεφα-

2115 2224 2425 2299 λαιώσομαι
2457 2227 2549 2280 τὸν
2581 2224 2742 2302 λόγον
2782 2247 2794 2298 ς
2829 2229 2927 2297 ὡς,
2979 2227 3093 2305 εἷ’γε
3139 2231 3415 2295 τοιούτοις
3447 2224 3778 2310 προσώποις

2114 2311 2297 2369 δοτέον
2348 2315 2440 2376 τὰς
2493 2315 2681 2388 ἀκοὰς,
2727 2321 2806 2388 τῷ
2852 2318 3012 2371 παντί
3062 2318 3230 2375 πλέον
3279 2326 3396 2384 τοῖς
3425 2321 3479 2377 ἐν
3513 2323 3760 2400 ὑπεροχῇ

2109 2402 2316 2457 τούτων
2344 2403 2431 2457 καί
2474 2403 2794 2478 κρείττοσιν.
2846 2405 3030 2469 Οὕτως
3087 2404 3311 2482 οἷ’δαμεν
3365 2417 3625 2483 τιμᾶσθαι
3660 2415 3762 2483 τὴν

2116 2491 2370 2565 μεγίστην
2419 2494 2583 2564 ἡμῶν
2631 2494 2897 2570 κεφαλὴν,
2951 2496 3041 2551 τὸν
3097 2495 3249 2568 Θεὸν,
3285 2497 3335 2553 εἷ’
3381 2501 3476 2562 τὰς
3527 2501 3578 2556 ἐν
3624 2504 3762 2575 ἡμῖν

2112 2579 2390 2648 αῗσθήσεις
2444 2578 2945 2656 διοικονομούμεθα
2992 2585 3130 2660 πρὸς
3175 2585 3422 2662 ἐνάρετον
3459 2589 3640 2661 τέλος,
3671 2592 3763 2646 καὶ

2111 2669 2248 2744 πρὸς
2293 2670 2348 2723 ὃν
2393 2671 2591 2724 σκοπὸν
2645 2673 2695 2725 οἱ
2744 2672 2882 2727 κατὰ
2927 2675 3055 2729 Θεὸν
3121 2676 3363 2749 βιοῦντες
3418 2679 3757 2749 τοξάζονται.

2110 2755 2442 2835 Ὑφέλκομαι
2485 2763 2566 2831 τῷ
2623 2758 2774 2837 λόγῳ
2823 2759 3018 2817 διελεῖν
3069 2766 3185 2818 κατ’
3235 2763 3386 2829 ἔθνος
3433 2768 3523 2822 τὸν
3553 2765 3764 2841 ἄνθρω-

2111 2867 2235 2915 πον,
2286 2847 2376 2900 καὶ
2434 2848 2674 2926 ἀφορίζω
2732 2847 3003 2925 παχυλῶς
3059 2851 3137 2914 είς
3193 2875 3252 2907 τε
3305 2855 3396 2910 τὸν
3453 2858 3573 2920 καθ’
3615 2859 3768 2929 ἡμᾶς

2110 2934 2360 3006 Ἕλληνα
2387 2937 2476 2990 καὶ
2519 2937 2596 2998 είς
2647 2933 3080 3014 βάρϐαρον.Καὶ
3138 2941 3398 3017 γλώσσης
3449 2945 3545 3017 μὶν
3594 2944 3768 3016 ἑλλη-

2110 3024 2366 3092 νιζούσης
2396 3025 2607 3080 ἀκούειν
2658 3027 2747 3081 καὶ
2797 3027 3107 3102 ὑπακούειν,
3148 3025 3269 3085 ἔνθα
3311 3027 3434 3086 ϐέον
3464 3032 3628 3101 ἐστὶν,
3662 3035 3764 3091 οὐκ

2113 3111 2171 3168 ἂν
2215 3113 2522 3192 ἀποφάσκοι
2546 3137 2626 3177 τις
2663 3135 2675 3150 ·
2707 3117 2735 3170 ὁ
2781 3113 2838 3170 δὲ
2887 3111 3183 3193 ϐάρϐαρος,
3240 3117 3423 3175 λαλῶν
3457 3124 3544 3177 καὶ
3580 3124 3760 3198 αὐτὸς,

2114 3201 2213 3256 ὅσα
2260 3203 2359 3258 οὐκ
2415 3202 2476 3258 ἂν
2533 3201 2644 3259 δέοι
2718 3206 3142 3280 παρακούεσθαι,
3209 3208 3298 3263 καὶ
3362 3211 3438 3282 μὴ
3495 3213 3754 3284 εὑρισκων

2113 3291 2466 3364 ἐπιστροφὴν,
2512 3293 2824 3368 κατάκρισιν
2870 3295 3093 3368 ἐμποιεῖ
3149 3299 3237 3352 καὶ
3287 3299 3449 3365 αὐτὸς
3501 3306 3648 3379 παρὰ
3682 3310 3759 3377 τῷ

2112 3386 2310 3444 κοινῶς
2341 3379 2652 3436 διαιτῶνται
2675 3387 2795 3445 τοῖς
2825 3386 2941 3438 καθ’
2991 3387 3159 3457 ἡμᾶς.
3219 3386 3400 3451 Εἰδὼς
3430 3391 3554 3466 γὰρ,
3584 3392 3668 3448 ὅτι
3699 3393 3760 3449 οὐ

2113 3469 2378 3542 ξυνίεμεν,
2413 3472 2485 3524 ὧν
2537 3472 2863 3545 βατταρίζει,
2912 3473 3002 3528 καὶ
3045 3474 3316 3552 ἀπογνοὺς
3366 3486 3466 3549 τῆς
3508 3479 3764 3544 πλείονος

2118 3554 2592 3635 βαρϐαροφωνίας,
2645 3560 2902 3616 ἀνατείνει
2990 3560 3256 3620 δάκτυλον
3333 3568 3406 3630 ὡς
3465 3569 3542 3632 εἷς
3599 3571 3762 3628 αὑτὸν

2113 3647 2361 3722 οὐρανὸν,
2401 3648 2492 3702 καὶ
2541 3648 2855 3720 ἀνατίθησιν
2910 3655 3060 3725 ἡμᾶς
3105 3659 3184 3726 τῷ
3229 3655 3462 3731 οὑρανιῳ
3510 3664 3644 3732 Θεῷ,
3669 3661 3764 3716 καὶ

2112 3735 2254 3790 οὕτω
2287 3734 2560 3812 θεολογεῖ,
2620 3737 2855 3810 ἐπήκοον
2904 3744 3002 3810 τῆς
3051 3742 3215 3799 αὑτοῦ
3260 3743 3419 3815 λιτῆς
3461 3747 3765 3822 αἰνιττόμε-

2109 3845 2200 3886 νος
2231 3824 2362 3878 εἶναι
2389 3826 2481 3880 τὸν
2544 3827 2818 3901 Ὕψιστον.
2865 3831 2970 3885 Καὶ
3019 3828 3056 3902 ἤ
3108 3835 3426 3908 πειθόμεθα,
3476 3837 3564 3890 καὶ
3593 3838 3758 3892 κατά-

2111 3933 2280 3988 γομεν
2310 3918 2407 3969 τοῦ
2441 3913 2639 3971 λοιποῦ
2669 3917 2763 3972 τὸν
2797 3915 2998 3974 ἄνωθεν
3034 3918 3185 3976 ἔλεον
3223 3944 3236 3956 ·
3272 3924 3305 3992 ἥ
3341 3920 3753 3996 δυσπειθοῧμεν,

2106 4002 2196 4056 καὶ
2226 3998 2568 4079 καταγόμεθα
2599 4006 2674 4068 εἷς
2710 4007 2966 4082 βάθιστον
3001 4007 3250 4087 ὄλεθρον.

2179 4108 2287 4180 λη’.
2323 4109 2384 4166 Εἰ
2417 4109 2474 4166 δέ
2510 4134 2594 4175 τις
2653 4113 2877 4169 ἐνταῦθα
2938 4115 3330 4193 ὑποκρούσεται
3387 4118 3755 4195 μεμφόμενος,

2105 4197 2188 4253 ὅτι
2221 4199 2410 4255 ἑαυτὸν
2449 4200 2651 4279 ἤγαγεν
2686 4205 2714 4258 ὁ
2755 4203 2921 4280 λόγος
2951 4205 3203 4273 ’Έλληνά
3251 4229 3308 4262 τε
3356 4207 3447 4263 καὶ
3485 4203 3760 4284 βάρϐαρον

2102 4290 2170 4343 τά
2199 4310 2263 4364 γε
2294 4289 2370 4351 εἷς
2409 4291 2470 4345 τὸ
2511 4295 2830 4348 ποτνιᾶσθαι
2888 4293 3134 4362 δικαίως,
3206 4296 3368 4351 αὐτὸν
3422 4298 3516 4370 μὲν
3565 4298 3762 4376 ἀφήσω

2100 4380 2239 4448 τηνά
2264 4377 2415 4442 λλως
2449 4379 2661 4448 λαλεῖν,
2717 4377 3008 4436 ὑποϐαλὼν
3060 4381 3356 4454 ἐνθύμησιν
3416 4389 3514 4439 τοῦ
3555 4389 3762 4452 πάντας

2103 4467 2283 4540 ὥσπερ
2344 4466 2707 4539 ὁμοδούλους,
2763 4469 2905 4522 οὕτω
2963 4469 3052 4522 καὶ
3115 4470 3400 4543 ὁμογενεῖς
3446 4474 3577 4528 εἶναι
3615 4497 3628 4510 ·
3678 4477 3764 4532 ὅτι

2101 4557 2190 4609 καὶ
2222 4556 2426 4630 πατρὸς
2484 4556 2624 4622 ἑνὸς,
2678 4560 2775 4609 τοῦ
2831 4557 3163 4626 ποιήσαντος
3217 4563 3371 4626 Θεοῦ,
3429 4564 3522 4617 καὶ
3553 4567 3765 4641 μητρὸς

2106 4649 2234 4715 μιᾶς
2287 4650 2413 4716 γῆς,
2467 4643 2557 4719 ἀφ’
2611 4645 2679 4712 ἧς
2737 4643 3115 4716 πεπλάσμεθα.
3178 4647 3277 4701 Καὶ
3330 4649 3474 4706 οὕτω
3537 4655 3632 4726 μὶν
3675 4655 3762 4710 ἐν·

2100 4732 2271 4806 τρέψα
2323 4731 2482 4785 αὐτὸν
2539 4738 2641 4800 τῆς
2723 4731 3066 4802 ἀντιλαλιᾶς,
3145 4737 3450 4811 ὑπομνάσω
3528 4740 3606 4814 δὲ,
3677 4745 3754 4809 ὡς

2023 4798 2068 4861 D
2104 4798 2311 4891 ὁμοίως
2365 4820 2452 4874 καὶ
2515 4798 2605 4874 ἐπὶ.
2661 4817 2848 4876 ἄλλων
2915 4798 3147 4879 πολλῶν
3201 4798 3361 4901 ἐσμεν
3420 4798 3606 4902 λάλοι,

2103 4906 2335 4982 ἀπορίας
2385 4909 2600 4981 ψυχρὰς
2657 4905 3113 4985 προϐαλλόμεθα,
3163 4915 3252 4970 καὶ
3303 4916 3760 4996 λογοπραγοῦμεν

2103 4997 2254 5067 Θεὸν,
2287 4998 2375 5051 καὶ
2409 4997 2724 5073 ἐρωτῶμεν,
2768 4997 2859 5054 διὰ
2913 5001 2966 5055 τί
3021 5007 3182 5059 τοῦτο
3225 5008 3317 5062 καὶ
3354 5011 3428 5081 μή
3464 5009 3635 5065 ἐκεῖνο
3666 5032 3759 5064 πε-

2101 5084 2376 5153 ποίηκεν;
2438 5087 2482 5140 εἰ
2541 5088 2630 5141 καὶ
2682 5087 2842 5150 αὐτὸς
2877 5091 3123 5167 ἀνέχεται
3183 5095 3282 5151 οὐκ
3329 5097 3583 5173 ἐκγελῶν,
3627 5097 3750 5151 οὐδὲ

2109 5175 2450 5249 μυκταρίζων
2484 5175 2590 5248 (ἐπ’
2621 5173 2816 5240 ἄλλοις
2873 5181 2976 5254 γὰρ
3044 5185 3212 5238 ταῦτά
3266 5190 3367 5260 γε),
3411 5185 3550 5240 ἀλλὰ
3576 5183 3742 5236 ἐλεῶν

2104 5265 2254 5336 ἡμᾶς
2282 5263 2409 5326 τοὺς
2460 5264 2509 5319 ἐν
2558 5271 2734 5327 κενοῖς
2791 5266 3128 5346 γλαφυρούς,
3185 5275 3299 5350 Ἐφ’
3357 5277 3438 5333 οἷς
3481 5271 3655 5326 ἐκεῖνα
3689 5270 3743 5327 ἐν

2110 5354 2440 5430 βραχυτάτῳ
2471 5357 2608 5426 ἡμῖν
2670 5355 3023 5431 ὑποτίθεμαι,
3077 5360 3167 5416 τίνα
3229 5363 3301 5433 μή
3336 5361 3422 5415 καὶ
3455 5365 3750 5435 θεομαχῶ-

2110 5463 2227 5516 μεν,
2285 5445 2586 5520 πάσχοντες
2645 5443 2809 5517 οὕτω,
2887 5448 2976 5502 καὶ
3055 5451 3145 5504 τὸν
3218 5449 3340 5504 Θεὸν
3403 5446 3754 5523 διορθοῦσθαι

2105 5531 2460 5607 πειρώμενοι,
2515 5534 2963 5606 θεσμοθετοῦντες
3022 5540 3134 5591 οἷον
3189 5536 3355 5609 αὐτῷ,
3412 5537 3502 5592 καὶ
3550 5538 3754 5603 καθέλ-

2106 5641 2312 5690 κοντες,
2359 5622 2485 5675 ὅποι
2540 5621 2874 5698 βουλόμεθα,
2924 5625 3012 5679 καὶ
3065 5625 3179 5678 ἀντὶ
3234 5623 3446 5681 δούλων
3496 5625 3753 5686 δεσπόται

2108 5707 2417 5784 γενόμενοι,
2439 5710 2526 5767 καὶ
2560 5717 2948 5788 τυραννοῦντες
2977 5715 3074 5784 τήν
3111 5715 3423 5792 κυριότητα.
