4082 6356
279 388 398 450 709

1281 377 1361 439 IN
1405 379 1472 441 S.
1520 378 2210 451 QUADRAGESIMAM
2254 386 2549 449 ORATIO
2594 388 2701 451 IV.

3596 395 3717 454 710

351 517 458 578 λδ’.
489 519 608 576 Οὐκ
661 515 829 587 ἄξιον,
884 517 930 570 ὦ
988 515 1137 570 οὗτοι
1197 511 1412 585 πάντες,
1454 508 1786 585 λογιότητος
1843 511 1937 567 ἆν-

2125 518 2214 572 39.
2248 519 2372 575 Non
2405 522 2653 593 dignum
2689 525 2982 596 sapientia
3010 527 3272 583 humana
3319 533 3408 584 est
3455 545 3718 600 quaerere

281 609 588 689 θρωπίνης,
618 607 864 679 ἀπορεῖν,
907 603 996 660 διὰ
1031 602 1084 658 τί
1140 624 1274 658 ποτε
1330 605 1358 658 6
1399 604 1529 665 Θεὸς
1584 607 1774 689 τοῦτον
1849 603 1944 676 μὲν

278 703 370 758 τὸν
407 700 574 770 ξένον,
628 697 718 752 καὶ
779 695 982 751 ἐκεῖνον
1033 693 1124 748 τὸν
1185 689 1446 766 ἀδελφὸν,
1490 693 1581 747 καὶ
1638 688 1795 746 τόνδε
1847 693 1941 747 τὸν

283 789 523 866 γείτονα,
582 787 673 842 καὶ
733 782 904 841 ἄλλον
957 783 1234 858 περίοικον
1290 780 1659 851 κατήντλησεν
1723 782 1944 855 ἀγαθοῖς

284 886 402 942 τοῖς
429 877 554 952 περὶ
599 875 829 946 κόσμον,
890 867 1246 946 φαιδρότησιν
1305 867 1471 924 οἷ’κων
1531 868 1843 943 έλλάμψας,
1891 867 1948 923 ο⁶ί

291 969 427 1032 καθὰ
497 965 586 1020 καὶ
661 962 824 1032 ἥλιος
897 961 1318 1036 ἐναστράπτουσι
1393 958 1674 1025 κάλλεσιν,
1751 957 1948 1034 ἀγροὺς

291 1054 570 1126 πληθύνας
649 1052 842 1112 πίονας
877 1093 890 1118 ,
974 1046 1462 1121 ἰνευθηνουμὲνους
1545 1052 1661 1109 τοῖς
1713 1045 1773 1101 ἐκ
1843 1054 1948 1122 γῆς

293 1147 532 1220 ἀγαθοῖς,
589 1141 657 1196 τὰ
679 1145 878 1214 ταμεῖα
906 1138 1209 1211 πληρώσας
1267 1136 1474 1204 αὐτοῖς,
1525 1135 1614 1190 καὶ
1673 1155 1948 1210 στενοχω-

294 1236 460 1311 ρήσας
521 1228 931 1302 εὐδαιμονικοῖς
987 1227 1282 1299 ἑνθέμασι,
1346 1226 1673 1299 θεράποντας
1729 1225 1819 1279 καὶ
1870 1236 1952 1288 θε-

292 1322 556 1400 ραπαίνας
615 1316 834 1379 ἐπιδοὺς
893 1317 967 1377 εἰς
1039 1314 1356 1394 φιλοτιμίαν
1433 1315 1759 1387 ἀμύθητον,
1840 1318 1952 1382 ζῶα

289 1410 640 1489 προσεπιθεὶς
671 1408 750 1470 εἷς
807 1404 1180 1478 πλουτισμὸν,
1219 1404 1308 1458 καὶ
1367 1402 1558 1459 τοῦτον
1618 1403 1948 1478 ἀμέτρητον,

2058 607 2275 676 quibus
2301 626 2369 664 ex
2398 612 2593 667 causis
2625 614 2988 685 perigrinum
3025 616 3301 687 aliquem,
3322 623 3421 672 aut
3453 619 3715 690 fratrem,

2057 700 2159 749 aut
2189 697 2465 768 vicinum,
2500 707 2600 756 aut
2640 702 2788 758 alios
2845 705 3016 759 bonis
3070 708 3453 762 terrestribus
3511 724 3718 763 cumu-

2057 781 2214 853 larit,
2247 786 2538 843 deliciosis
2573 789 2936 862 locupletans
2968 795 3142 848 rebus
3174 797 3381 850 domos
3412 795 3553 851 solis
3595 797 3719 852 ins-

2057 875 2151 927 tar
2180 875 2576 944 splendentes,
2610 896 2851 951 campos
2878 883 3097 938 fertiles
3131 885 3560 950 fructiﬁcando,
3587 887 3721 940 bor-

2059 975 2159 1016 rea
2189 965 2745 1034 replens,felicitatis
2777 986 3010 1041 germen
3046 973 3264 1043 ubique
3289 973 3723 1044 implantando,

2060 1067 2258 1106 servos
2291 1058 2347 1106 et
2375 1070 2573 1109 servas
2605 1056 2831 1113 zelosas
2861 1061 3153 1126 addendo,
3211 1062 3573 1118 animalibus
3618 1065 3722 1118 do-

2061 1139 2324 1196 mesticis
2353 1141 2472 1197 imo
2505 1146 2664 1199 omni
2698 1149 3108 1218 prosperitatis
3139 1167 3350 1222 genere
3373 1152 3732 1218 cumulavit,

2061 1245 2156 1283 me
2187 1235 2381 1285 autem
2417 1232 2518 1303 qui
2548 1234 2633 1287 illi
2668 1235 2831 1290 nulla
2860 1237 2920 1291 in
2952 1254 3012 1293 re
3045 1239 3283 1295 inferior
3307 1257 3462 1309 sum,
3500 1243 3558 1296 in
3592 1258 3724 1296 0m-

2061 1317 2238 1373 nibus
2271 1319 2586 1376 minoravit
2616 1328 2672 1377 et
2704 1323 2921 1396 siliqua
2951 1326 3275 1383 inaniorem
3310 1330 3464 1397 fecit,
3498 1330 3728 1388 cunctis

2064 1408 2355 1476 privatum
2377 1409 2404 1464 ‘I

288 1502 352 1557 τὸ
387 1498 445 1555 δὲ
473 1503 578 1554 πᾶν
611 1497 802 1566 εἰπεῖν,
836 1497 926 1550 καὶ
955 1499 1075 1557 τοῖς
1099 1489 1204 1548 ἔσω
1236 1493 1326 1547 καὶ
1357 1499 1474 1554 τοῖς
1506 1489 1606 1564 ἔξω
1639 1493 1829 1548 ἑαυτοῦ
1861 1489 2326 1550 πολλαπλασίονα
2371 1499 2695 1576 κορυφώσας
2741 1501 2830 1554 τὸν
2881 1501 3053 1566 οὕτως
3095 1505 3152 1558 εὖ
3202 1505 3460 1568 παθόντα·
3513 1507 3611 1580 ἐμὲ
3669 1504 3729 1562 δὶ

291 1588 444 1647 οὐδὲν
479 1588 774 1645 ἀπεοικότα
798 1584 1004 1640 ἐκείνου
1028 1588 1145 1646 τοῖς
1176 1584 1371 1638 ἅπασιν
1404 1581 1713 1653 ἠλάττωσε,
1749 1581 1837 1636 καὶ
1870 1581 2065 1651 αὐτῆς,
2097 1583 2126 1638 ὃ
2153 1604 2304 1662 φασι,
2351 1581 2648 1659 λεϐηρίδος
2699 1589 2994 1665 κενώτερον
3050 1593 3362 1664 ἀπετέλεσε,
3410 1601 3529 1660 τοῖς
3576 1595 3730 1659 ὅλοις

295 1680 668 1752 ἀποστερήσας
702 1675 800 1748 ἐμέ
821 1694 834 1744 ;

372 1805 443 1878 μ’.
502 1803 593 1870 Μὴ
657 1799 724 1870 δὴ
781 1799 1006 1854 τοιαῦτά
1058 1820 1141 1862 τις
1187 1796 1532 1874 ἐπαπορείτω
1566 1841 1580 1867 ,
1638 1795 1958 1875 φιλοσοφεῖν

2142 1798 2228 1854 40.
2263 1799 2445 1857 Nemo
2477 1802 2677 1874 igitur,
2712 1805 3095 1878 philosophiae
3126 1813 3434 1880 praetextu,
3467 1811 3538 1866 de
3582 1827 3731 1867 novo

299 1894 501 1960 ἐθέλων
531 1935 544 1960 ,
596 1891 686 1946 καὶ
743 1894 878 1945 Θεοῦ
925 1888 1443 1964 καταψηφιζόμενος
1497 1888 1559 1942 τὸ
1620 1884 1952 1963 ἀδιάκριτον.

2074 1887 2246 1944 dubia
2278 1907 2540 1962 movens,
2574 1894 2938 1951 confusionis
2968 1901 3149 1952 Deum
3209 1899 3531 1956 accusabit.
3590 1904 3732 1955 For-

299 1980 554 2038 ’Λκούσοι
615 1982 716 2056 γὰρ
779 1978 842 2033 ἄν
899 1989 1064 2042 ποθεν
1115 1975 1175 2032 ἐκ
1229 1981 1335 2031 τῶν
1392 1976 1682 2052 κατωτέρω
1733 1975 1955 2050 (ἄνωθεν

299 2073 398 2148 γὰρ
430 2073 458 2126 6
491 2069 689 2141 Κύριος
719 2068 818 2124 οὐκ
849 2068 909 2122 ’ἂν
947 2069 1024 2140 μὴ
1087 2066 1186 2120 οὐκ
1233 2065 1558 2140 ἐξουδενώσῃ
1585 2067 1676 2120 τὸν
1710 2069 1955 2120 τοιοῦτον

307 2161 584 2236 διάλογον)
615 2163 806 2232 πρῶτα
864 2159 980 2231 μέν·
1041 2156 1208 2212 Πόθεν
1266 2154 1434 2224 οἶδας,
1487 2154 1531 2210 ὦ
1559 2153 1738 2222 οὗτος,
1773 2157 1845 2216 ὡς
1877 2154 1962 2209 οὗ-

312 2249 395 2306 δέν
431 2249 680 2310 ἀπέοικας
740 2252 836 2302 τοῦ
887 2247 1282 2325 φθονουμένου,
1341 2247 1386 2317 ᾧ
1447 2244 1710 2320 ἐγκοτεῖς,
1767 2243 1812 2298 εί
1868 2265 1962 2298 το-

315 2344 481 2394 σαῦτα
507 2338 805 2410 περίκειται
845 2337 1051 2412 ἀγαθά;
1083 2338 1311 2405 Μήποτε
1360 2335 1462 2410 γὰρ
1495 2333 1556 2388 σὺ
1611 2335 1704 2407 μὲν
1756 2334 1961 2404 ἑνάξιος

310 2427 667 2502 εὐδαιμονεῖν,
701 2426 902 2487 ἐκεῖνος
935 2423 992 2479 δὲ
1022 2424 1292 2495 κατάξιος,
1337 2424 1426 2478 καί
1475 2444 1581 2478 που
1625 2422 1714 2477 καὶ
1769 2422 1962 2478 πλειό-

305 2541 414 2573 νων
447 2517 682 2586 ἒπάξιος.
716 2516 848 2572 Εἶτα
879 2511 1066 2583 ἐπειδή
1115 2517 1276 2567 τοότο
1335 2511 1545 2567 δάκνειν
1600 2511 1714 2588 ἔχει
1775 2534 1833 2567 σε
1886 2512 1961 2575 εἷς

305 2607 490 2683 ψυχὴν
543 2604 656 2675 (καὶ
685 2606 790 2680 γάρ
821 2625 905 2658 τοι
938 2609 1082 2657 πᾶσα
1116 2602 1394 2677 σύγκρισις
1426 2600 1725 2656 ἐλαττοῦσα
1784 2599 1962 2656 δάκνει

449 2671 979 2766 ’ὑποϐιϐαξόῑμενονλ
1045 2671 1206 2765 μάθε.
1227 2671 1340 2760 καὶ,
1367 2691 1450 2745 ὅτι
1506 2695 1586 2762 τῷ
1620 2691 1712 2764 μὲν
1744 2687 1966 2768 ἀδελφῷ

305 2785 444 2858 πρὸς
499 2783 722 2853 ἰσότητα
770 2781 922 2850 ἥκεις
979 2778 1466 2853 ταλαντευόμενος.
1525 2781 1706 2836 Ἔστω
1763 2777 1839 2848 δὲ,
1891 2781 1967 2843 ὡς

309 2873 400 2928 καὶ
426 2873 708 2937 καθέλκεις
738 2874 807 2946 τῇ
861 2871 1004 2947 ῥοπῇ
1062 2869 1198 2946 πρός
1255 2891 1308 2923 τι
1368 2873 1552 2943 μεῖζον
1603 2867 1694 2922 καὶ
1749 2866 1965 2922 πολλοῦ

314 2961 479 3033 ἄξιον·
511 2961 597 3016 καὶ
646 2960 800 3035 ὅμως
834 2961 986 3015 ὁτοῦ
1053 2959 1171 3035 βίου
1234 2953 1465 3032 βραϐεὺς
1518 2958 1681 3034 μέγας
1739 2956 1888 3025 Θεὸς,
1936 2958 1964 3012 ὁ

315 3050 518 3113 δίκαιος
569 3048 858 3124 διανομεὺς
905 3049 1296 3125 γεωμερτήσας
1335 3046 1420 3102 ἐπὶ
1476 3048 1675 3110 παντὸς
1729 3048 1791 3101 τὸ
1845 3047 1966 3101 ἀνά-

312 3139 495 3217 λογον,
525 3140 616 3195 τὸν
655 3140 750 3212 μὲν
807 3136 1040 3212 ἀδελφὸν
1094 3134 1327 3211 διέκρινε
1371 3133 1653 3206 πλήθοντα
1697 3135 1828 3189 εἶναι
1873 3135 1960 3188 καὶ

307 3235 389 3303 τῷ
423 3230 528 3305 βίω
559 3228 738 3296 πίονα,
772 3229 829 3282 σε
859 3225 919 3282 δὲ
976 3226 1121 3282 ἀλλὰ
1177 3225 1370 3301 ΐσχνὸν
1416 3224 1506 3280 καὶ
1565 3220 1848 3281 ὑπόκενον.
1899 3223 1964 3280 Τί

312 3317 369 3374 δὲ
427 3318 518 3374 οῦν
578 3315 916 3394 λογιστεόεις
961 3316 1054 3370 τὸν
1108 3315 1198 3370 καὶ
1247 3314 1520 3385 Δεσπότην
1570 3315 1660 3368 καὶ
1728 3312 1962 3387 Πατέρα,

309 3409 398 3464 καὶ
431 3407 521 3463 διὰ
553 3406 710 3478 δίκης
741 3404 907 3483 ἄγεις,
960 3404 1040 3484 ἐφ’
1073 3407 1156 3468 οἷς
1203 3402 1693 3478 διῳκονομήσατο;
1729 3404 1960 3480 Πότερον

311 3498 589 3568 Δεσπότην
623 3497 824 3552 ἐκεῖνον
881 3495 1070 3566 τίθης;
1135 3497 1236 3552 Καὶ
1296 3499 1414 3556 πῶς
1465 3492 1660 3556 δοῦλος
1694 3489 1766 3548 ὥν
1801 3493 1963 3569 λογο-

310 3593 535 3663 πραγεῖς
591 3587 684 3641 τὸν
742 3585 981 3660 Κόριον;
1034 3583 1212 3640 Ἀλλὰ
1258 3583 1462 3661 πατέρα
1499 3583 1805 3658 ὀνομάζεις.
1867 3583 1963 3638 Καὶ

315 3675 453 3731 διατί
505 3674 739 3749 τολμᾷς,
773 3671 1005 3736 ἀναιδῶς
1044 3675 1462 3750 προσφέρεσθαι,
1513 3673 1602 3728 καὶ
1657 3674 1732 3746 μή
1793 3670 1966 3727 δεδιέ-

313 3787 397 3821 ναι
423 3767 525 3835 τήν
587 3764 813 3838 ἔννομον
874 3763 1230 3837 ἀποκήρυξιν,
1291 3763 1335 3818 εί
1394 3762 1536 3818 οὕτω
1592 3763 1962 3839 καταθρασόνῃ

313 3854 509 3924 aii-:05;
543 3852 859 3920 Θεοκλύτει,
913 3850 1172 3924 δυσώπει,
1232 3851 1552 3926 ἐξευμένιζε,
1607 3851 1790 3926 μέσοις
1841 3856 1966 3929 χρῶ

310 3951 430 4006 ταῖς
488 3944 700 4018 εὐχαῖς,
757 3943 848 3997 καὶ
908 3942 1145 4016 μάλιστα
1201 3948 1320 4004 τοῖς
1373 3942 1549 4018 ἁγίοις
1595 3941 1760 3996 αὐτοῦ
1790 3961 1802 3974 ·
1875 3943 1966 3996 καὶ

315 4036 513 4106 οὕτως,
564 4031 714 4110 εἴπερ
765 4031 882 4089 δέον
935 4034 1067 4089 εἶναι
1118 4031 1402 4108 διακρινεῖ,
1433 4033 1822 4108 ἀπομερίσεται
1868 4036 1966 4086 τοῦ

316 4131 440 4199 παρ’
470 4124 614 4196 αὖτῷ
661 4123 905 4179 πλούτου
953 4123 1043 4178 καὶ
1100 4123 1206 4191 σοὶ,
1255 4121 1345 4176 καί
1405 4118 1710 4198 μυρίολϐον
1767 4122 1964 4176 ἀποκαο

319 4215 571 4282 ταστήσιι
603 4233 679 4271 σε.
730 4213 792 4270 Εἰ
841 4211 888 4268 δ’
934 4213 1066 4274 ἴσως
1113 4213 1201 4267 καὶ
1235 4210 1612 4283 ποτνιώμενος
1641 4208 1733 4264 καί
1778 4208 1967 4265 πολλὰ

323 4304 522 4367 ποιῶν,
597 4299 723 4356 ἅττα
791 4303 927 4378 πρὸς
1001 4295 1253 4373 ἔντευξιν,
1327 4301 1504 4373 μένεις
1564 4301 1591 4354 6
1652 4299 1815 4363 αὐτὸς
1867 4303 1963 4353 τοῦ

321 4387 540 4459 λοιποῦ,
573 4387 789 4466 λόγισαι
823 4392 1046 4464 θέμενος
1075 4389 1127 4451 ἐς
1156 4390 1370 4465 ψυχὴν,
1399 4389 1474 4453 ὡς
1502 4389 1540 4458 ἢ
1592 4387 1736 4443 πολὺ
1792 4387 1842 4443 ἐν
1879 4387 1963 4443 σοὶ

313 4481 375 4534 τὸ
406 4478 738 4556 ἐφάμαρτον,
795 4480 886 4535 καὶ
945 4477 1015 4534 δι’
1071 4479 1200 4534 αὐτὸ
1261 4478 1360 4534 οὐκ
1409 4479 1552 4548 ἀξιοῖ
1607 4479 1697 4532 καὶ
1757 4478 1814 4533 σὲ
1865 4481 1962 4532 τοῦ

310 4568 677 4642 πλουτισμοῦ,
711 4570 746 4638 ’ἢ
797 4567 938 4625 ἄλλο
981 4591 1054 4624 τι.
1102 4573 1205 4624 Νῦν
1243 4570 1335 4642 μὲν
1367 4570 1431 4624 οὐ
1465 4569 1735 4646 συμφέρον
1784 4590 1867 4622 σοι
1898 4568 1962 4623 τὸ

2068 1980 2228 2032 tasse
2257 1978 2409 2033 enim
2445 1981 2517 2034 ab
2551 1981 2686 2038 imis
2717 1982 2861 2039 locis
2892 1986 3231 2053 (desursum
3255 1989 3410 2042 enim
3449 1989 3732 2045 Dominus

2071 2066 2362 2137 ejusmodi
2396 2085 2730 2127 sermonem
2763 2076 3109 2140 contemnit)
3169 2076 3422 2132 audierit
3477 2095 3676 2133 vocem
3712 2094 3725 2134 :

2072 2160 2227 2213 unde
2283 2160 2420 2228 scis,
2479 2163 2672 2233 sodes,
2734 2166 2888 2235 quod
2924 2183 3037 2221 non
3070 2167 3382 2223 disimilis
3418 2168 3498 2223 sis
3527 2171 3599 2239 ei,
3633 2168 3728 2224 cui

2070 2246 2299 2303 invides
2332 2249 2563 2306 divitias
2585 2252 2612 2306 ‘2
2646 2253 2766 2307 Non
2799 2254 2953 2309 enim
2989 2261 3051 2310 tu
3085 2256 3388 2328 indignus,
3451 2257 3548 2312 ille
3605 2275 3732 2330 per-

2072 2337 2306 2409 dignus,
2358 2338 2476 2393 imo
2525 2340 2797 2410 pluribus
2830 2361 3001 2414 quam
3037 2362 3166 2416 quae
3198 2347 3460 2416 possidet
3491 2347 3728 2419 dignus.

2074 2428 2236 2491 Quod
2269 2432 2464 2482 autem
2499 2429 2606 2484 hoc
2661 2431 2927 2487 animum
2987 2437 3156 2489 tuum
3219 2436 3458 2490 devorat
3515 2437 3732 2507 (omnis

2075 2516 2230 2571 enim
2291 2519 2652 2588 comparatio
2711 2520 3092 2577 humiliatum
3123 2524 3383 2592 offendit)
3418 2526 3562 2580 scito
3589 2542 3725 2580 cum

2077 2606 2252 2660 fratre
2283 2606 2486 2661 eadem
2518 2607 2739 2663 trutina
2771 2615 2825 2664 te
2858 2613 3186 2682 ponderari.
3214 2613 3407 2684 Positp
3441 2619 3637 2669 autem
3671 2618 3737 2669 ut

2075 2697 2138 2748 tu
2173 2695 2413 2765 majoris
2445 2699 2727 2753 momenti
2761 2717 2826 2753 ac
2853 2701 3024 2770 pretii
3058 2703 3139 2756 sis
3163 2702 3456 2768 inventus,
3478 2708 3735 2758 attamen

2076 2783 2252 2849 Deus,
2288 2801 2537 2856 magnus
2568 2787 2696 2841 vita:
2731 2788 3102 2857 distributor,
3163 2791 3262 2861 qui
3327 2791 3528 2846 omnia
3582 2793 3739 2864 iuste

2075 2873 2400 2944 dimetitur,
2461 2875 2700 2931 fratrem
2760 2875 3132 2950 locupletem,
3165 2884 3220 2935 te
3250 2896 3384 2935 vero
3416 2897 3734 2952 pauperem

2076 2977 2205 3016 esse
2236 2965 2441 3018 statuit
2471 2969 2527 3019 et
2557 2965 2983 3022 miserumCur
3012 2967 3193 3040 igitur
3223 2969 3470 3024 Domino
3502 2973 3556 3025 et
3578 2971 3736 3026 Patri

2077 3050 2229 3105 diem
2261 3051 2427 3111 dicis,
2458 3058 2514 3106 et
2545 3070 2815 3111 recenses
2849 3057 2977 3125 ejus
3009 3057 3365 3112 creationem
3389 3058 3416 3111 ?
3468 3059 3620 3113 Num
3678 3059 3737 3113 in

2075 3137 2309 3193 Domini
2361 3140 2487 3195 loco
2516 3157 2646 3197 eum
2681 3144 2850 3214 ponis
2873 3145 2900 3199 ‘?
2931 3150 2986 3200 et
3017 3147 3334 3216 quomodo,
3368 3164 3570 3202 servus
3604 3165 3737 3203 cum

2078 3227 2182 3294 sis,
2215 3228 2531 3284 Dominum
2567 3232 2634 3286 ad
2673 3233 2956 3288 rationem
2993 3235 3348 3290 reddendam
3389 3253 3561 3292 vocas
3585 3237 3613 3290 ?
3668 3239 3742 3292 At

2078 3321 2309 3372 Patrem
2361 3321 2647 3376 nominas.
2704 3322 3006 3386 Quomodo
3037 3340 3169 3378 vero
3200 3325 3381 3380 audes
3412 3342 3513 3394 pro
3543 3325 3740 3397 impu-

2077 3407 2274 3462 dentia
2295 3411 2796 3473 tua,contemnere
2830 3413 3530 3468 excommunicationem?
3562 3415 3738 3468 Auxi-

2074 3494 2219 3550 lium
2255 3497 2506 3570 implora
2565 3500 2869 3568 divinum;
2932 3503 3019 3556 fac
3080 3505 3511 3574 paenitentiam,
3570 3503 3741 3575 expia

2077 3591 2310 3656 peccata
2365 3592 2468 3642 tua
2525 3589 2796 3659 precibus
2847 3591 2986 3655 tuis,
3037 3593 3107 3645 ad
3143 3596 3376 3646 sanctos
3413 3593 3734 3663 praesertim

2076 3675 2202 3743 ejus
2227 3676 2450 3743 effusis,
2480 3682 2535 3732 et
2567 3679 2664 3732 ubi
2698 3695 2846 3750 Opus
2878 3679 2988 3734 erit
3017 3679 3249 3735 divitias
3305 3681 3408 3736 tibi
3471 3697 3735 3735 commu-

2077 3765 2322 3830 nicabit,
2355 3770 2412 3820 et
2435 3783 2566 3821 vere
2589 3767 2827 3822 beatum
2864 3769 3087 3824 reddet.
3122 3771 3177 3823 Si
3227 3775 3447 3836 autem,
3509 3769 3737 3842 suppli-

2078 3869 2220 3908 cans
2275 3860 2331 3909 et
2388 3871 2492 3925 pro
2551 3856 2775 3911 viribus
2834 3858 2989 3927 quod
3044 3862 3210 3913 tuum
3244 3863 3335 3913 est
3366 3874 3651 3931 peragens
3679 3859 3739 3914 in

2078 3944 2278 3997 eadem
2313 3944 2548 3998 fortuna
2581 3961 2806 4010 manes,
2843 3946 3034 4018 cogita
3065 3947 3221 4017 quod
3254 3948 3326 4002 ob
3359 3951 3596 4018 peccata
3636 3953 3740 4003 tua

2077 4035 2178 4086 aut
2207 4031 2365 4087 aliud
2399 4033 2696 4102 quoddam
2731 4038 2786 4088 te
2817 4034 3156 4089 divitiarum
3207 4036 3552 4107 participem
3605 4052 3737 4093 esse

2077 4137 2191 4176 non
2223 4121 2540 4176 vult.Nunc
2573 4122 2810 4194 quidem
2829 4122 2943 4178 voti
2965 4128 3294 4196 compotem
3315 4125 3438 4179 ﬁeri
3460 4124 3608 4180 nihil
3629 4125 3738 4181 tibi

2075 4211 2416 4282 prodesset;
2448 4210 2638 4265 veniet
2669 4217 2865 4266 autem
2900 4217 3157 4283 tempus,
3193 4229 3307 4284 quo
3341 4213 3468 4268 vitae
3499 4220 3735 4284 pratum

2074 4299 2327 4368 ﬂorebit,
2359 4304 2414 4355 et
2443 4304 2504 4356 tu
2541 4301 2795 4355 fructum
2839 4301 3246 4372 largissimum
3307 4301 3578 4374 colligere
3638 4321 3737 4374 po-

2074 4390 2238 4445 teris.
2294 4392 2406 4445 Aut
2465 4407 2576 4446 non
2630 4391 2792 4445 vides
2826 4393 3065 4446 arbores
3097 4391 3390 4447 fructibus
3424 4393 3650 4464 plenos,
3685 4397 3743 4449 et

2069 4478 2425 4552 frugiferos;
2495 4478 2642 4534 alios
2700 4479 3018 4551 quotannis
3095 4481 3318 4551 passim
3400 4481 3738 4554 frugiferos,

2072 4569 2295 4641 passim
2355 4568 2588 4624 steriles
2648 4569 2783 4624 folia
2841 4569 3080 4640 dijicere
3137 4575 3195 4625 et
3235 4587 3418 4626 comas
3447 4573 3737 4629 naturalis

311 4641 596 4731 πλήρωμα
641 4663 739 4713 τοῦ
788 4658 1109 4732 αἷτήματος’
1162 4656 1310 4714 ἔσται
1359 4656 1417 4713 δὶ
1475 4660 1562 4713 ὅτε
1621 4659 1650 4713 ὁ
1694 4662 1790 4713 τοῦ
1844 4658 1961 4734 βίου

2075 4658 2372 4714 calvitium
2406 4659 2767 4730 pati?Quod
2802 4676 2915 4713 non
2980 4676 3194 4715 vanum
3256 4677 3322 4715 ac
3384 4661 3580 4730 inane,
3638 4661 3739 4717 sed

314 4747 523 4821 λειμὼν
553 4748 850 4818 ἐξανθήσει,
884 4749 971 4803 καὶ
1002 4746 1295 4826 δρέψασθαί
1353 4769 1436 4804 σοι
1471 4747 1631 4802 δώσει
1693 4747 1743 4802 ἐν
1795 4752 1972 4823 καιρῴ

313 4837 486 4893 πολὺν
515 4839 608 4892 τὸν
640 4832 869 4912 καρπόν.
909 4840 978 4894 Ἦ
1038 4838 1146 4914 οὐχ
1202 4839 1329 4914 ὁρᾷς
1367 4841 1457 4893 καὶ
1515 4838 1654 4916 φυτὰ
1711 4834 1970 4912 δένδρων,

312 4926 379 4980 τὰ
408 4928 502 4999 μὲν
549 4933 785 5003 καρποῖς
841 4926 1116 5002 βρίθοντα,
1163 4928 1228 4982 τὰ
1279 4925 1334 4982 δέ
1381 4947 1502 4981 τινα
1533 4924 1820 4988 διαπαντὸς
1872 4927 1973 4980 οὐκ

316 5012 569 5093 ἄκαρπα;
624 5017 713 5071 καὶ
768 5019 876 5071 τῶν
935 5016 1223 5093 καρπίμων
1275 5017 1341 5071 τὰ
1404 5017 1497 5090 μὲν
1550 5017 1626 5080 εἰς
1665 5015 1794 5071 ὅλον
1856 5013 1972 5077 ἔτος

310 5109 585 5181 τηροῦντα
635 5105 698 5160 τὸ
750 5107 944 5182 τρέφον
1008 5110 1180 5182 φῦμα,
1239 5107 1307 5162 τὰ
1363 5103 1420 5160 δὲ
1470 5104 1521 5176 ἐξ
1557 5100 1711 5166 ἔτους
1768 5105 1862 5178 μὲν
1895 5104 1970 5166 εἷς

312 5188 430 5255 ἔτος
488 5196 822 5272 εὖφοροῦντα
880 5193 939 5249 ἐκ
996 5191 1415 5268 διαλείμματος,
1463 5196 1556 5250 τὸν
1591 5192 1647 5248 δὶ
1709 5193 1760 5248 ἐν
1824 5193 1972 5267 μέσῳ

309 5282 501 5355 καιρὸν
531 5282 593 5338 οὐ
629 5282 794 5356 μόνον
850 5283 1064 5358 ἄκαρπα
1117 5283 1192 5345 εἷς
1248 5283 1310 5339 τό
1356 5290 1483 5350 πᾶν,
1517 5281 1775 5338 ἀλλὰκαὶ
1833 5279 1970 5358 φυλ-

315 5368 647 5446 λοχοοῦντα,
687 5373 777 5428 καὶ
834 5375 934 5441 τὴς
992 5379 1246 5447 φυσικῆς,
1307 5374 1380 5434 ὡς
1414 5372 1600 5440 εἰπεῖν,
1655 5373 1836 5444 κόμης
1871 5392 1969 5446 φα-

314 5458 705 5536 λακρούμενα;
758 5462 830 5516 Τὸ
887 5459 944 5517 δέ
1003 5461 1146 5515 ἐστιν
1205 5460 1267 5515 οὖ
1303 5462 1477 5533 μάτην
1506 5462 1595 5516 xxi
1628 5463 1767 5530 εἰκῆ,
1827 5459 1972 5516 ἀλλὰ

310 5548 450 5604 κατά
505 5549 660 5626 φύσιν
721 5548 954 5628 ἕλλογον
983 5593 994 5606 .
1053 5552 1179 5609 “Ore
1241 5551 1335 5624 μὲν
1390 5550 1489 5628 γὰρ
1551 5549 1691 5606 ἔστιν
1752 5545 1969 5614 ὅνασθαί

307 5659 481 5707 τινας,
516 5639 550 5707 ἢ
585 5637 906 5716 ἀνδρώπους
935 5642 971 5711 ἢ
1003 5639 1240 5716 ὲτεροίαν
1279 5639 1454 5718 φύσιν,
1511 5645 1608 5694 τοῦ
1665 5638 1968 5716 καρπώμα-

308 5749 430 5800 τος,
459 5727 582 5785 τότε
613 5726 681 5798 δὴ
713 5734 905 5808 καιροῦ
934 5733 1021 5788 καὶ
1056 5731 1108 5786 oi
1142 5729 1370 5807 βλαστοὶ
1425 5730 1612 5807 μεστοὶ
1659 5730 1750 5786 καὶ
1806 5729 1971 5786 καλοῖ

2083 4748 2407 4802 secundum
2443 4755 2664 4802 natura:
2696 4749 2998 4803 rationem.
3035 4751 3278 4814 Quando
3311 4750 3467 4804 enim
3519 4751 3741 4806 fructus

2084 4841 2186 4891 aut
2215 4835 2574 4901 hominibus,
2612 4841 2714 4892 aut
2744 4838 2970 4893 caeteris
3002 4840 3285 4894 creaturis
3317 4839 3599 4910 prodesse
3639 4842 3739 4895 de-

2083 4926 2240 4991 bent,
2277 4925 2449 4982 flores
2481 4925 2633 4998 pleni
2663 4932 2720 4982 ot
2749 4927 2873 4982 visu
2909 4927 3138 4999 pulchri
3167 4932 3471 4999 apparent,
3505 4933 3558 4983 et
3602 4929 3739 4984 folia

2082 5014 2140 5068 in
2176 5015 2431 5070 fructum
2473 5016 2802 5084 virescunt;
2838 5016 2886 5072 si
2918 5021 3112 5072 autem
3148 5018 3371 5072 fructus
3403 5017 3564 5084 abiit,
3600 5017 3740 5072 folia

2083 5120 2316 5176 quoque
2346 5105 2514 5160 humi
2547 5104 2844 5159 labuntur.
2899 5105 3173 5174 Vivipara
3231 5106 3388 5161 enim
3449 5105 3616 5176 quasi
3674 5107 3736 5162 in

2083 5195 2308 5249 radices
2341 5194 2548 5249 matris
2579 5193 3051 5265 redeunt,ibique
3085 5194 3402 5250 residentis
3432 5195 3651 5250 sensim
3677 5195 3736 5250 in

2081 5299 2181 5338 ver
2211 5300 2428 5338 novum
2462 5283 2816 5338 reviviscunt
2844 5284 3081 5354 quando
3116 5288 3180 5338 ut
3211 5301 3313 5355 per
3369 5283 3605 5339 canales
3648 5301 3736 5340 re-

2083 5378 2350 5440 currunt,
2405 5377 2461 5427 et
2493 5377 2556 5427 ut
2587 5390 2740 5428 anno
2771 5372 2971 5441 elapso
3005 5377 3223 5428 naturae
3258 5372 3569 5443 peculiaris
3600 5391 3738 5429 mu-

2083 5479 2221 5518 nere
2253 5462 2598 5533 t‘unguntur.
2633 5461 2777 5515 Vide
2807 5460 2987 5534 igitur
3031 5479 3101 5518 ne
3152 5466 3216 5516 tu
3271 5477 3505 5533 quoque
3557 5462 3740 5519 simili

2079 5551 2193 5624 legi
2224 5549 2580 5622 subjiciaris,
2615 5553 2672 5606 et
2701 5550 2800 5606 ubi
2832 5549 2913 5606 nil
2946 5551 3051 5607 tibi
3085 5551 3344 5623 proderit
3374 5553 3564 5620 arbor,
3585 5553 3740 5610 unde

2080 5641 2253 5696 ﬂores
2321 5645 2379 5695 et
2445 5641 2673 5695 fructus
2740 5640 3113 5712 spectabiles,
3183 5645 3245 5696 ut
3302 5641 3441 5698 folia
3485 5651 3540 5698 οι
3578 5660 3737 5715 quas-

2077 5745 2311 5802 cunque
2370 5747 2404 5786 a
2461 5731 2616 5787 bona
2658 5731 2864 5789 arbore
2894 5730 3266 5805 proveniunt,
3299 5739 3645 5802 nascuntur,
3677 5736 3742 5791 et
