4082 6360
336 378 448 439 7H

1110 372 1535 439 EUSTATHII
1577 369 2347 436 THESSALONICENSIS
2387 370 2976 435 METROPOLIT‘E

3637 379 3765 442 ’112

337 526 431 578 ne,
461 509 513 566 si
542 510 779 581 quando
808 524 909 566 eos
939 508 1211 580 colligere
1239 504 1431 578 cupis,
1473 504 1674 561 omnia
1725 507 1784 560 te
1838 503 1978 559 eﬂ'u-

2104 497 2513 574 βλὲπεσθαι,καὶ
2538 500 2605 556 τὰ
2634 499 2820 577 φύλλα
2854 500 3056 574 τέθηλε
3085 500 3176 560 διὰ
3201 505 3295 560 τὸν
3319 507 3532 582 καρπὸν
3562 513 3760 572 ταῦτα.

335 600 517 672 giant,
579 600 721 671 quia
774 605 1010 670 tempus
1068 613 1183 653 non
1214 601 1303 651 est
1333 598 1753 665 opportunum.
1788 593 1899 649 Sed
1927 592 1985 647 id

336 704 570 760 quoque
598 688 751 753 vide,
782 703 855 743 ne
882 688 1135 742 carduos
1168 683 1227 739 in
1259 684 1441 738 ramis
1472 680 1774 737 sterilibus
1804 684 1906 735 aut
1929 680 1988 734 in

337 778 500 833 rubis
524 782 582 833 et
607 777 749 849 piris
778 775 1143 832 silvestribus
1176 774 1464 844 producas
1512 770 1608 843 (ob
1666 770 1773 825 hoc
1831 768 1989 825 enim

335 867 589 922 fructum
619 866 858 938 quidem
894 864 1135 927 fers,sed
1171 879 1286 916 non
1317 858 1577 915 debitum
1613 863 1671 914 et
1701 873 1987 913 manuum

336 956 662 1013 contractui
722 952 1153 1024 resistentem).
1210 959 1423 1007 Annon
1475 948 1628 1004 Deus
1687 947 1986 1003 hominem

337 1063 581 1117 parvum
643 1044 782 1100 facit
842 1049 900 1097 et
957 1041 1249 1097 deminuit
1278 1039 1379 1111 qui
1412 1039 1482 1094 ad
1517 1038 1743 1093 fructus
1771 1036 1987 1107 produ-

333 1135 548 1189 cendos
578 1140 754 1188 natus
786 1148 902 1187 non
932 1135 1043 1197 est,
1086 1134 1188 1185 aut
1242 1129 1498 1183 fructum
1556 1126 1795 1197 quidem
1855 1125 1987 1189 fert,

331 1238 430 1278 cos
461 1226 656 1276 autem
689 1220 788 1291 qui
819 1220 951 1275 illos
977 1225 1217 1290 tangere
1247 1217 1452 1273 volunt
1474 1212 1988 1288 pungendolzedit‘?

329 1323 538 1374 Preces
568 1318 748 1373 funde
776 1318 849 1372 ad
886 1322 1088 1381 Deum,
1118 1321 1177 1371 et
1204 1331 1377 1386 spera
1417 1314 1477 1367 in
1535 1329 1692 1377 eum,
1752 1316 1810 1367 et
1862 1312 1988 1382 ipse

328 1408 537 1463 faciet.
597 1405 781 1476 Imple
841 1406 971 1475 ejus
1026 1404 1411 1465 voluntatem,
1470 1406 1529 1456 et
1588 1401 1692 1456 tibi
1748 1399 1985 1455 favebit.

328 1497 518 1552 Irrora
538 1495 761 1551 lahium
799 1494 1019 1549 siccum
1043 1493 1139 1548 siti
1171 1493 1512 1563 ﬂagrans,et
1543 1489 1703 1562 pluet
1731 1490 1836 1545 tibi
1869 1505 1985 1543 cm-

325 1585 467 1642 litus
498 1601 716 1640 manna
745 1582 1051 1654 spirituale
1073 1588 1129 1637 et
1149 1580 1450 1636 sensibile.
1478 1586 1559 1636 An
1587 1578 1738 1634 nosti
1761 1580 1985 1650 virgam

328 1676 608 1731 virentem
634 1680 692 1729 et
709 1673 831 1729 solo
862 1672 963 1729 Dei
992 1687 1293 1727 servorum
1324 1670 1499 1724 verbo
1530 1668 1983 1740 germinantem,

327 1769 631 1820 sexcentos
661 1779 692 1818 e
722 1768 910 1817 morte
941 1761 1292 1815 excitantem
1318 1758 1338 1814 Ρ
1371 1760 1452 1814 Te
1481 1763 1679 1813 autem
1720 1756 1983 1828 plantam

327 1853 653 1919 madidam,
689 1866 845 1906 nunc
878 1850 1071 1921 pravis
1100 1847 1525 1920 cupiditatibus
1581 1848 1980 1916 aegrotantem,

326 1957 454 2013 quas
514 1957 545 1995 θ
606 1938 836 2012 paraiso
861 1938 1037 2004 venit,
1071 1938 1341 2004 educare,
1398 1935 1716 1991 insertione
1771 1932 1979 2005 ampli-

325 2030 500 2085 ﬁcare
529 2033 586 2084 et
617 2028 925 2085 fecundam
961 2027 1203 2083 reddere
1235 2042 1350 2081 non
1384 2023 1783 2081 vales?Desine
1812 2040 1846 2079 a
1866 2022 1981 2077 Deo

323 2124 541 2191 petere,
596 2123 654 2173 et
716 2117 843 2190 ipse
891 2121 1099 2189 sponte
1154 2114 1261 2170 tibi
1330 2114 1512 2170 dabit.
1589 2113 1715 2168 Non
1776 2129 1810 2167 a
1865 2112 1981 2168 Deo

324 2208 544 2280 petiisti
605 2212 670 2262 ut
728 2207 787 2261 in
845 2205 1055 2261 matris
1112 2208 1225 2259 tuas
1287 2209 1451 2259 utero
1483 2200 1891 2274 concipereris,
1924 2204 1984 2256 et

321 2301 519 2353 tamen
550 2295 649 2351 illa
676 2301 733 2351 te
758 2295 1043 2367 concepit.
1071 2298 1150 2348 Ex
1179 2300 1343 2349 utero
1387 2292 1447 2347 in
1506 2290 1697 2347 lucem
1726 2288 1979 2361 prodire,

324 2385 557 2451 nutriri,
618 2385 953 2457 procedere,
1005 2383 1103 2439 ubi
1140 2399 1295 2438 nunc
1328 2387 1595 2448 stas,non
1630 2386 1743 2435 tuas
1774 2379 1979 2435 volun-

322 2475 461 2530 tatis
492 2474 889 2543 fuit,attamen
922 2472 1042 2527 haac
1072 2472 1290 2541 omnia,
1307 2476 1363 2527 te
1389 2469 1590 2535 invito,
1617 2470 1974 2525 acciderunt.

323 2562 510 2635 Igitur
535 2569 739 2619 caetera
769 2578 1001 2633 quoque
1031 2560 1136 2616 tibi
1189 2561 1506 2628 dabuntur,
1558 2558 1881 2613 dummodo
1912 2573 1981 2612 ea

323 2651 523 2718 facias,
584 2657 716 2722 post
775 2667 902 2723 qua
949 2656 1154 2705 caatera
1184 2649 1474 2704 addentur
1502 2651 1559 2702 et
1590 2653 1655 2701 ut
1682 2646 1742 2701 in
1776 2646 1980 2701 funda-

321 2746 516 2796 mento
548 2740 717 2795 ﬁrmo
747 2738 1140 2794 stabilientur.
1177 2737 1324 2801 Quid
1390 2736 1632 2791 Domino
1692 2733 1977 2790 reddituri

322 2830 511 2885 simus
545 2829 866 2894 nescimus,
900 2832 1155 2882 attamen
1191 2826 1352 2881 dedit
1383 2825 1573 2889 nobis,
1607 2840 1859 2895 quorum
1890 2826 1980 2878 est

320 2919 370 2974 ei
405 2924 640 2989 accepta
670 2918 904 2973 referre.
938 2916 1082 2982 Quid
1121 2915 1301 2987 igitur
1331 2918 1525 2987 petere
1553 2912 1643 2969 vis
1698 2930 1733 2968 a
1784 2911 1979 2967 credi-

319 3007 489 3063 tore?
538 3006 821 3063 Dominus
850 3006 1180 3061 mercedem
1212 3003 1348 3058 tibit
1379 3002 1513 3059 dedi
1544 3000 1826 3072 εει-νο,ουί
1860 3016 1977 3057 non

320 3096 595 3163 debebat,
626 3094 743 3151 noli
777 3094 957 3167 igitur
984 3093 1389 3166 impudentem
1426 3096 1478 3148 te
1508 3107 1707 3163 gerere
1738 3095 1795 3145 et
1842 3106 1978 3161 pre-

321 3183 489 3241 cibus
519 3183 636 3240 tuis
668 3183 934 3256 fatigare,
967 3199 1038 3238 ne
1068 3199 1135 3237 ex
1166 3181 1239 3236 iis
1271 3198 1399 3253 quea
1434 3180 1700 3253 possides
1742 3177 1975 3235 excidas

320 3292 379 3344 et
407 3285 559 3342 servi
590 3284 819 3340 inutilis
862 3288 1081 3339 sortem
1138 3281 1429 3353 obtingas.
1489 3280 1661 3336 Pater
1714 3279 1973 3335 heredes

321 3374 683 3447 designavit;
717 3390 833 3428 non
862 3371 1042 3445 igitur
1074 3371 1131 3426 in
1164 3388 1233 3427 ea
1261 3375 1352 3426 est
1382 3369 1752 3436 necessitate,
1798 3383 1974 3438 quam

321 3470 383 3520 tu
408 3465 459 3520 ei
483 3464 802 3519 attribuere
824 3462 932 3516 vis.
964 3464 1213 3532 Magnus
1239 3458 1377 3515 olim
1412 3459 1673 3532 possedit
1698 3458 1839 3525 Job;
1872 3457 1973 3512 sed

319 3554 520 3610 omnia
552 3550 950 3623 perdidit,imo
983 3566 1045 3605 se
1075 3550 1271 3620 ipsum
1305 3546 1787 3611 amisit._Efﬂuxit
1816 3546 1973 3600 enim

319 3643 381 3698 in
412 3640 638 3697 saniem
672 3638 988 3706 resolutus,
1015 3655 1120 3695 nec
1178 3643 1372 3692 tamen
1431 3637 1616 3693 Deum
1677 3636 1976 3691 accusavit

316 3730 767 3795 inconsiderate,
827 3744 942 3783 non
1002 3728 1075 3782 de
1129 3725 1470 3797 repetundis
1527 3723 1846 3796 postulavit
1871 3738 1975 3779 nec

318 3820 468 3874 dixit
497 3835 559 3877 se
591 3818 813 3889 aliquid
854 3816 1145 3886 amisisse,
1206 3816 1308 3870 sed
1368 3816 1427 3869 in
1487 3815 1602 3870 Deo
1663 3816 1974 3870 facutatem

316 3908 494 3964 dandi
527 3913 583 3963 et
613 3907 898 3979 eripiendi
929 3905 1185 3978 agnovit.
1223 3904 1406 3977 Igitur
1434 3905 1508 3961 ob
1558 3903 1974 3978 gratitudinem

315 4014 432 4054 non
490 3998 770 4067 majorem
828 3995 1165 4052 felicitatem
1227 3994 1535 4050 affectavit.
1596 3995 1715 4064 Ego
1775 3998 1974 4048 autem

315 4090 514 4143 metuo
545 4103 618 4142 ne
647 4087 802 4142 Deus
836 4086 1109 4157 precibus
1140 4084 1259 4139 tuis
1293 4084 1574 4155 fatigatus
1606 4082 1712 4138 tibi
1745 4082 1843 4137 det
1873 4098 1978 4150 aut

316 4175 510 4247 potius
543 4175 817 4231 restituat
846 4175 1001 4246 quod
1042 4172 1148 4228 tibi
1201 4172 1592 4244 expetendum
1653 4189 1771 4227 non
1829 4178 1972 4227 erat.

315 4275 457 4331 Cum
504 4274 663 4330 enim
699 4277 810 4330 Deo
842 4273 1055 4330 dedisti
1083 4274 1238 4344 quod
1272 4289 1378 4344 par
1404 4288 1519 4327 non
1551 4276 1697 4341 erat,
1730 4277 1793 4327 tu
1826 4289 1975 4344 quo-

316 4380 430 4435 que
460 4364 733 4437 redipisci
765 4364 946 4418 debes
974 4379 1100 4433 quae
1127 4362 1408 4417 nolueris.
1471 4361 1581 4418 Job
1640 4361 1794 4416 inter
1849 4362 1977 4418 dira

315 4457 607 4508 tormenta
638 4457 750 4508 Deo
781 4468 897 4507 non
928 4452 1256 4523 incongrua
1286 4449 1452 4517 dixit,
1485 4455 1551 4505 tu
1583 4454 1803 4511 autem.
1855 4467 1975 4506 non

318 4541 536 4597 similia
566 4557 801 4613 passus,
832 4556 966 4595 eum
1000 4539 1597 4611 blasphemas.lgitur
1626 4538 1699 4592 ab
1730 4555 1797 4594 eo
1827 4540 1976 4595 reci-

2098 591 2227 646 ’Ὀτε
2257 586 2313 643 δὲ
2344 587 2505 651 αὐτὸς
2535 588 2898 666 ἀπέλθῃ,τότε
2925 593 3014 647 καὶ
3042 592 3116 665 ,τᾶ
3145 592 3330 671 φύλλα
3360 593 3515 672 ἔραζε
3544 597 3757 675 πίπτει,

2096 680 2185 734 καὶ
2215 681 2283 735 τὰ
2314 678 2483 735 λοιπὰ
2514 678 2573 736 δὲ
2599 686 2697 736 τοῦ
2729 680 2950 758 δένδρου
2977 685 3077 753 τὴν
3101 683 3368 762 προτέραν
3393 686 3537 765 ὥραν
3573 689 3756 748 οὐκέτι

2098 766 2235 844 ἔχει.
2267 768 2625 825 Παλιννοστεῖ
2650 772 2752 847 γὰρ
2782 771 2846 826 τὸ
2897 772 3168 849 ζωογόνον
3228 773 3305 837 εἴς
3361 776 3457 839 τὰς
3514 780 3754 857 μητέρας

2098 857 2316 913 ἐκείνων
2349 857 2519 934 ῥίζας,
2551 859 2641 914 καὶ
2683 858 2983 935 ὑφεδρεύει,
3042 861 3132 917 καὶ
3194 862 3516 942 ὑποσμύχον
3570 874 3755 938 ζωπυ-

2098 946 2374 1021 ρεῖταιεῖς
2432 945 2548 1020 ἔαρ,
2609 946 2700 1003 ὅτε
2754 946 2920 1004 πάλιν
2972 951 3047 1012 ὡς
3094 947 3164 1005 δι’
3201 952 3529 1030 ὑπαγωγέων
3587 964 3748 1015 τινῶν

2098 1030 2485 1109 ἐκθλιϐόμενον
2518 1036 2803 1114 ἀνατρέχει
2834 1038 2923 1094 καὶ
2953 1044 3114 1114 γεννᾷ
3158 1041 3226 1096 τὰ
3271 1044 3495 1117 πέρυσιν
3552 1047 3746 1123 ἀγαθά.

2095 1126 2237 1198 Ὅρα
2266 1130 2421 1200 γοῦν,
2453 1128 2672 1199 μήποτε
2700 1128 2789 1182 καὶ
2824 1127 2886 1182 σὺ
2944 1128 3183 1203 τοιούτῳ
3214 1128 3366 1206 λόγῳ
3421 1133 3745 1194 ὑποπέπτω-

2094 1234 2211 1286 κας,
2260 1214 2351 1269 καὶ
2408 1217 2443 1286 ἢ
2498 1214 2559 1270 οὐ
2617 1216 2899 1296 σύμφορόν
2959 1238 3043 1273 σοι
3102 1218 3294 1275 λαλεῖν
3353 1219 3515 1297 ὕλην,
3577 1225 3629 1296 ἐξ
3676 1227 3747 1296 ἧς

2095 1307 2241 1401 ἔσται
2302 1310 2511 1388 βλάστη
2568 1314 2658 1369 καὶ
2732 1315 2940 1391 καρπὸς
3000 1316 3145 1388 ἄξιος
3197 1316 3363 1394 λόγου
3413 1321 3500 1377 καὶ
3558 1322 3741 1401 φύλλα

2096 1401 2181 1455 καὶ
2225 1398 2394 1470 λοιπή
2454 1408 2598 1457 πᾶσα
2654 1403 2846 1482 εὐφυΐα
2901 1410 3148 1481 χρηστοῦ
3201 1404 3443 1485 δένδρου,
3500 1412 3537 1480 ἢ
3569 1398 3744 1468 *ἀλλὰ

2093 1489 2205 1560 καὶ,
2238 1489 2419 1545 εἷ’ποτε
2481 1486 2676 1566 Λάϐης,
2730 1492 2854 1549 ἀλλ’
2887 1495 3040 1559 αὖθις
3082 1495 3485 1573 ἀπορῥυήσεταί
3541 1521 3623 1555 σοι
3677 1500 3748 1555 τὰ

2095 1574 2360 1651 δεδομένα
2411 1577 2501 1636 διὰ
2528 1581 2591 1635 τὸ
2620 1583 2695 1653 μὴ
2724 1581 2957 1658 καίριον.
3019 1584 3220 1639 Σκόπει
3253 1583 3310 1641 δὲ
3358 1588 3469 1659 καὶ,
3534 1590 3748 1662 μήποτε

2095 1668 2509 1745 ἀκανθροφορῇς
2533 1670 2670 1725 κατὰ
2692 1671 2788 1734 τὰς
2822 1671 3216 1747 ῥάμνουςο(καὶ
3267 1671 3357 1731 διὰ
3401 1681 3563 1733 τοῦτο
3620 1676 3749 1734 οὐδὲ

2093 1760 2511 1834 καρποφορεῖς),
2539 1758 2574 1828 ἢ
2615 1761 2753 1815 κατὰ
2778 1760 2909 1824 τοὺς
2950 1763 3148 1837 βάτους
3195 1764 3287 1819 καὶ
3339 1764 3468 1829 τοὺς
3525 1767 3746 1842 ἀγρίους

2094 1846 2285 1935 ἀπίους
2339 1848 2450 1921 (καὶ
2480 1845 2549 1902 δι’
2582 1849 2715 1904 αὐτὸ
2767 1849 2944 1928 φέρεις
2994 1851 3093 1924 μὲν
3149 1854 3378 1928 καρπὸν,
3436 1858 3746 1935 περιφέρεις

2095 1932 2141 1989 δ’
2193 1935 2414 2006 ἐκεῖνον,
2470 1937 2658 1992 ὁποῖον
2719 1939 2830 2013 χρή
2880 1943 3320 2017 τελεσφορεῖσθαι
3379 1948 3531 2021 φυτῷ
3579 1932 3749 2001 ἀκάν-

2091 2025 2177 2077 θαι
2273 2024 2571 2102 φρίσσοντι,
2663 2026 2751 2081 καὶ
2845 2028 2911 2083 τὰ
3001 2031 3456 2105 προσαπτομένας
3550 2040 3743 2110 χεῖρας

2092 2111 2434 2187 ἀμύσσοντι).
2494 2115 2562 2169 Ἦ
2618 2115 2720 2192 γὰρ
2777 2116 2837 2171 οὐ
2888 2117 3170 2193 σμικρύνει
3203 2121 3333 2185 Θεὸς
3374 2123 3466 2176 καὶ
3524 2122 3746 2199 ἀχρειοῖ

2092 2200 2402 2291 ἄνθρωπον,
2458 2202 2518 2266 ’ὸς
2554 2202 2590 2274 ἣ
2620 2212 3018 2285 καρποτροφεῖν
3066 2207 3129 2262 οὐ
3176 2207 3434 2288 πέφυκεν,
3492 2210 3527 2280 ἢ
3559 2210 3741 2291 τρέφει

2095 2289 2189 2362 μὶν
2248 2291 2493 2367 καρπὸν,
2553 2293 2814 2369 κεντρίζει
2874 2291 2932 2351 δὲ
2985 2295 3113 2360 τοὺς
3197 2296 3599 2373 προσάπτεσθαι
3650 2289 3741 2356 καὶ

2091 2375 2375 2454 δρέπεσθαι
2432 2378 2729 2453 θέλοντας;
2781 2380 2941 2457 Εὕξαι
2999 2383 3080 2458 τῷ
3124 2390 3278 2458 Θεῷ,
3337 2388 3411 2450 ὡς
3456 2389 3547 2443 καὶ
3603 2390 3740 2446 ἀπο-

2090 2465 2270 2523 δοῦναι
2301 2467 2447 2541 αὐτῷ
2469 2471 2565 2533 τὰς
2596 2471 2782 2548 εὐχάς,
2812 2474 2903 2528 καὶ
2960 2470 3184 2530 ἔλπισον
3231 2474 3315 2531 ἐπ’
3373 2477 3599 2552 ἐκεῖνον,
3648 2479 3740 2535 καὶ

2088 2556 2246 2619 αὐτὸς
2292 2560 2555 2629 ποιήσει.
2623 2560 3066 2639 ΙΙληροφόρ-ησον
3124 2572 3227 2633 τὴν
3288 2563 3597 2638 μετάδοσιν,
3647 2569 3741 2623 καὶ

2087 2642 2342 2701 ἐπιδώσει
2398 2669 2504 2703 σοι.
2540 2649 2798 2724 Δρόσισον
2830 2650 3025 2727 χεῖλος
3081 2650 3277 2726 ἐνδεὲς,
3338 2655 3737 2730 ὐποκαιόμενον

2088 2732 2271 2808 δίψει,
2329 2737 2419 2791 καὶ
2479 2733 2744 2813 ἐπιϐρέξει
2803 2761 2888 2796 σοι
2946 2737 3143 2806 ἄνωθεν
3197 2743 3263 2798 τά
3320 2744 3588 2820 ζωογόνα,
3646 2748 3739 2802 καὶ

2086 2823 2215 2878 αὐτὸ
2266 2822 2323 2880 δὲ
2378 2826 2569 2899 μάννα,
2628 2828 2690 2883 τὸ
2744 2829 2834 2885 καὶ
2894 2829 3189 2904 νοούμενον
3246 2831 3336 2887 καὶ
3391 2835 3739 2911 φαινόμενον.

2086 2918 2155 2968 ’Ἠ
2215 2909 2413 2989 ῥάϐδον
2473 2917 2569 2990 μὲν
2630 2915 2777 2981 οἶδας
2840 2918 3220 2995 βλαστήσασαν
3255 2965 3270 2991 ,
3337 2909 3426 2977 καὶ
3485 2924 3627 2998 φυτὰ
3682 2922 3742 2981 δὲ

2089 3002 2255 3078 μυρία
2302 3003 2363 3059 ἐκ
2398 3005 2711 3082 νεκρώσεως
2761 3008 3177 3079 ἀναθηλήσαντα
3232 3007 3382 3086 λόγῳ
3438 3010 3527 3065 καὶ
3589 3011 3742 3086 μόνῳ

2084 3096 2191 3146 τῶν
2242 3098 2339 3147 τοῦ
2370 3099 2502 3149 Θεοῦ
2529 3095 2909 3172 θεραπόντων;
2940 3096 3102 3152 αὐτὸν
3160 3094 3220 3152 δέ
3270 3119 3350 3168 σε,
3407 3099 3471 3154 τὸ
3501 3093 3578 3155 ἔτι
3630 3095 3742 3156 ἔνι-

2084 3201 2224 3254 κμον
2282 3184 2467 3261 φυτὸν,
2526 3186 2589 3240 τὸ
2647 3190 2737 3241 νῦν
2801 3185 2894 3260 μὲν
2951 3185 3294 3262 ἠγριωμένον
3356 3188 3577 3244 πάθεσιν
3606 3236 3619 3259 ,
3680 3190 3742 3247 ἐκ

2005 3254 2049 3321 C
2088 3277 2419 3355 παραδείσου
2480 3279 2537 3337 δὲ
2584 3283 2835 3339 ἀνέκαθεν
2884 3285 3144 3363 πεφυκὸς,
3195 3284 3295 3340 οὐκ
3340 3281 3458 3362 ἔχει
3491 3293 3735 3365 μοσχεῦ-

2087 3389 2213 3439 σαι,
2270 3370 2359 3425 καὶ
2422 3372 2497 3435 ὡς
2554 3373 2668 3427 οἷον
2731 3370 2801 3428 δι’
2858 3368 3175 3446 ἐπεμϐολῆς
3235 3383 3599 3448 μεταποιῆσαι
3661 3378 3733 3441 εἷς

2084 3458 2259 3530 πάντη
2319 3458 2551 3535 ἥμερον,
2621 3460 2710 3515 καὶ
2782 3459 3217 3518 καταπλουτίσαι
3275 3464 3351 3526 εἷς
3425 3462 3737 3543 ἔγκαρπον;

2085 3548 2249 3626 Ἀφες
2297 3548 2539 3603 ἀπαιτεῖν
2590 3550 2681 3605 τὸν
2734 3551 2864 3607 Θεὸν
2899 3594 2913 3621 ,
2986 3550 3078 3606 καὶ
3134 3550 3295 3617 αὐτὸς
3353 3550 3514 3609 δώσει
3573 3556 3733 3613 εκών.

2085 3636 2201 3693 Οὐκ
2252 3636 2519 3709 ἐζήτησας
2579 3639 2671 3693 τὸν
2730 3640 2857 3694 Θεὸν
2896 3683 2910 3708 ,
2969 3639 3020 3695 έν
3085 3640 3273 3714 κοιλίᾳ
3347 3641 3736 3723 συλληφθῆναι

2088 3724 2295 3800 μητρός
2333 3744 2344 3757 ·
2402 3727 2492 3781 καὶ
2550 3726 2725 3798 ἐκείνη
2786 3724 3047 3785 συνέλαϐέ
3103 3751 3161 3785 σε
3191 3774 3206 3790 .
3261 3730 3375 3789 Οὐκ
3431 3733 3736 3810 ἠνάγκασας

2084 3814 2409 3892 πφοσελθεῖν
2472 3820 2706 3892 μήτρας,
2738 3818 2828 3873 καὶ
2879 3824 2992 3896 φῶς
3024 3817 3181 3890 ἰδεῖν,
3239 3822 3329 3876 καὶ
3389 3820 3738 3899 ἐκτραφῆναι,

2084 3905 2172 3960 καὶ
2207 3900 2502 3978 προϐῆναι,
2562 3906 2688 3963 ὅποι
2744 3913 2835 3962 νῦν
2894 3904 3144 3981 ἕστηκας
3197 3910 3306 3965 xui‘
3344 3915 3508 3966 ταῦτα
3561 3910 3738 3966 πάντα

2082 3992 2275 4069 γέγονέ
2333 4017 2416 4050 σοι
2474 3995 2841 4074 ἀπραγμόνως
2900 3996 3139 4063 ἐκεῖθεν.
3218 4001 3403 4055 Ἔσται
3454 4002 3582 4072 γοῦν
3643 4018 3731 4053 σοι

2087 4080 2296 4155 ὁμοίως
2348 4082 2438 4137 καὶ
2496 4084 2562 4139 τὰ
2619 4085 2831 4163 ἐφεξῆς,
2865 4086 2912 4142 εἰ
2972 4086 3137 4160 μόνον
3199 4085 3376 4143 ἕκεῖνα
3427 4090 3619 4155 ποιεῖς,
3652 4083 3727 4141 ὧν

2084 4173 2385 4247 γινομένων
2418 4174 2507 4228 καὶ
2548 4173 2616 4228 τὰ
2673 4171 2818 4231 ἄλλα
2873 4177 3219 4253 προτίθενται
3260 4177 3351 4231 καὶ
3410 4175 3735 4255 ὀροφοῦνται

2086 4270 2159 4331 ὡς
2231 4268 2316 4325 ἐπὶ
2394 4271 2633 4346 θεμελίῳ
2706 4273 2934 4351 στερρῷ.
3007 4272 3072 4330 Τί
3147 4271 3605 4347 ἄνταποδώσομεν
3660 4278 3742 4347 τῷ

2087 4359 2351 4433 Δεσπότῃ,
2382 4360 2473 4415 καὶ
2528 4361 2861 4434 ἀποροῦμεν,
2921 4361 3009 4417 καὶ
3067 4359 3464 4434 μεθοδεύομεν,
3512 4362 3587 4425 ὡς
3645 4366 3741 4420 οἷα,

2087 4445 2303 4519 δηλαδὴ
2358 4445 2524 4519 δόντι,
2582 4451 2670 4503 καὶ
2733 4449 2904 4511 οὕτως
2962 4445 3377 4522 ἐποφειλομένῳ
3416 4451 3481 4505 τὸ
3513 4451 3739 4524 ἀντιση-

2085 4542 2213 4592 κοῦν
2242 4557 2255 4607 ;
2288 4537 2350 4592 Τί
2398 4541 2528 4611 γοῦν
2560 4536 2805 4591 ἀπαιτεῖν
2838 4534 3038 4598 ἐθέλεις
3085 4535 3179 4589 τὸν
3238 4537 3697 4611 χρεωστούμενον
3725 4560 3742 4613 ;

317 4630 441 4701 pies
473 4631 628 4701 quod
661 4629 768 4685 tibi
799 4633 1030 4702 gratum
1063 4627 1309 4683 minime
1355 4627 1485 4693 erit,
1545 4626 1658 4683 nisi
1715 4628 1972 4685 charitas

2088 4623 2349 4681 Ἀπέδοτό
2382 4644 2466 4678 σοι
2491 4624 2581 4679 τὸν
2639 4623 2830 4696 μισθὸν
2883 4624 2910 4677 ὁ
2961 4622 3262 4694 Δεσπότης,
3312 4625 3406 4680 καὶ
3438 4631 3611 4684 ταῦτα
3661 4632 3739 4705 μὴ

316 4718 514 4774 divina
569 4717 726 4774 mala
779 4736 812 4774 a
866 4723 923 4773 te
979 4717 1187 4772 aufert.
1220 4716 1277 4771 Si
1312 4721 1505 4771 autem
1536 4716 1609 4771 ob
1639 4718 1973 4775 vexationes

321 4824 660 4865 murmuras
688 4812 747 4865 et
775 4806 1058 4880 quereris,
1093 4811 1150 4860 te
1181 4805 1474 4875 interrogo
1509 4822 1522 4860 :
1559 4809 1633 4860 De
1663 4822 1778 4876 quo
1837 4824 1974 4879 que-

318 4898 465 4954 reris
521 4897 788 4953 amisso?
838 4901 989 4952 Sane
1046 4895 1208 4950 dices
1266 4894 1427 4949 nulla
1466 4899 1522 4949 te
1553 4911 1615 4950 re
1644 4911 1814 4967 egere
1844 4913 1971 4967 quis

318 4985 575 5043 hominis
609 4991 828 5041 natura:
861 4982 1370 5040 convenit.0mnia
1398 4982 1502 5037 tibi
1549 4984 1705 5039 bona
1763 4992 1972 5055 praesto

318 5081 479 5132 sunt.
512 5075 890 5131 Metuendum
923 5073 1030 5128 tibi
1060 5090 1177 5128 non
1208 5077 1299 5128 est
1327 5089 1398 5129 ne
1429 5072 1488 5126 in
1522 5074 1794 5128 morbum
1824 5073 1970 5129 inci-

316 5166 442 5222 das.
472 5166 685 5220 Omnia
714 5179 891 5235 opera
919 5163 1180 5218 humana
1212 5162 1489 5233 perﬁcere
1522 5161 1677 5231 potis
1723 5179 1786 5217 es
1836 5163 1973 5218 inde

318 5271 352 5311 ιι
408 5254 598 5325 prima
653 5258 821 5309 astate
864 5269 992 5324 qua
1028 5252 1191 5306 humi
1223 5256 1373 5322 repit
1401 5254 1460 5306 et
1490 5249 1581 5305 vix
1610 5257 1821 5322 sponte
1852 5270 1972 5309 mo-

315 5349 499 5398 vetur.
533 5344 675 5398 Ecce
707 5346 763 5397 te
792 5342 1067 5398 vestitum
1098 5346 1155 5395 et
1184 5356 1363 5412 super
1407 5340 1702 5395 columnis
1761 5341 1972 5408 firmis,

316 5439 563 5509 pedibus
601 5439 733 5495 dico
765 5481 779 5505 ,
821 5439 1209 5495 constitutum
1279 5437 1645 5492 incedentcm
1682 5478 1695 5491 .
1763 5436 1977 5494 Omnia

317 5541 510 5595 porro,
542 5527 760 5595 quibus
790 5526 1014 5582 homini
1048 5527 1118 5581 ad
1151 5525 1545 5581 incedendum
1577 5529 1635 5579 et
1663 5523 1811 5580 alias
1841 5541 1977 5597 ope-

318 5611 577 5666 rationes
608 5628 757 5681 opus
790 5619 898 5681 est,
926 5615 1132 5681 habes,
1164 5614 1286 5669 sive
1316 5612 1515 5678 homo,
1576 5612 1698 5667 sive
1749 5612 1971 5669 animal

318 5697 565 5769 simplex
621 5702 927 5769 specteris,
959 5702 1120 5760 dives
1152 5719 1235 5760 es.
1269 5701 1420 5767 Quid
1452 5700 1631 5772 igitur
1662 5701 1977 5761 Dominum

2083 4713 2315 4773 ὀφείλων
2351 4711 2577 4786 μισθοὺς
2627 4717 2707 4784 τῷ
2739 4710 2944 4786 δούλῳ.
2996 4714 3160 4788 Ἀφες
3215 4713 3305 4770 οὖν
3367 4715 3740 4783 ἀναιδεύεσθαι

2080 4803 2171 4857 καὶ
2201 4806 2640 4877 προσεπιζητείν,
2677 4802 2754 4875 μὴ
2784 4802 2876 4857 καὶ
2925 4803 2997 4857 ὧν
3046 4799 3193 4878 ἔχεις
3224 4804 3477 4881 έκπέσης,
3529 4809 3618 4863 καὶ
3672 4807 3742 4863 τὰ

2080 4896 2176 4946 τοῦ
2226 4889 2447 4966 ὀχρείου
2506 4888 2708 4945 δούλου
2774 4891 3203 4962 καθυποσταίῆς.
3269 4894 3734 4972 Ἐκληροδότησεν

2084 4982 2112 5036 ὁ
2145 4981 2352 5054 Πατήρο
2388 4978 2565 5034 οὐκέτι
2593 4984 2721 5056 γοῦν
2756 4981 2990 5056 ἀνάγκην
3041 4977 3164 5057 ἔχοι
3211 4984 3491 5060 τοιαύτην,
3541 4985 3734 5040 ὁποίαν

2084 5090 2168 5123 σοι
2199 5066 2414 5143 ἐπάγειν
2447 5067 2675 5130 ἐθέλεις.
2714 5068 2847 5144 Εἶχέ
2902 5090 3037 5125 ποτε
3092 5073 3121 5126 ὁ
3169 5072 3339 5148 μέγας
3400 5068 3546 5129 Ἱώϐ·
3607 5070 3734 5127 ἀλλ’

2084 5157 2297 5228 ἐξέπεσε
2324 5158 2568 5227 πάντων,
2620 5159 2695 5213 ὧν
2727 5158 2864 5232 εἶχε,
2897 5158 2987 5213 καὶ
3019 5159 3195 5215 οὐκέτ’
3250 5162 3390 5235 εἶχεν
3423 5157 3547 5214 οὐδὲ
3597 5158 3723 5211 ἐαυ-

2081 5244 2197 5306 τόν.
2257 5247 2522 5325 Ἀπέρῥεε
2571 5247 2698 5323 γὰρ,
2760 5247 2836 5309 εἰς
2896 5246 3107 5325 ἰχῶρας
3158 5248 3543 5320 ἀναλυόμενοςο
3600 5243 3730 5299 ἀλλ’

2085 5340 2188 5394 οὐκ
2242 5336 2554 5402 ἐλογίστευε
2599 5337 2692 5393 τὸν
2734 5337 2886 5405 Θεὸν,
2942 5337 3047 5393 οὐκ
3077 5333 3573 5409 ἐπολυπραγμόνει,
3629 5332 3734 5389 οὐκ

2086 5438 2285 5507 ἐζήτει,
2320 5434 2446 5492 οὐδὲ
2480 5437 2587 5509 μὴν
2619 5434 2822 5513 ἔλεγεν,
2857 5434 3268 5492 ἀπολωλεκέναι
3312 5449 3385 5486 τι’
3435 5426 3585 5485 ἀλλά
3632 5432 3729 5487 τὸν

2087 5526 2286 5599 Κύριον
2346 5525 2436 5580 καὶ
2493 5522 2676 5580 δοῦναι
2728 5524 2819 5580 καὶ
2864 5523 3149 5602 ἀφελέσθαι
3199 5519 3547 5598 ἀπεφαίνετο.
3581 5520 3735 5577 Οὐκ-

2088 5619 2178 5668 οῦν
2234 5614 2532 5688 ἀνέκαμψεν
2595 5614 2671 5678 εἷς
2724 5614 2786 5669 τὸ
2834 5612 2978 5669 πολὺ
3026 5616 3264 5682 κρεῖττον
3323 5608 3414 5664 καὶ
3473 5606 3733 5684 εὔδαιμον

2089 5700 2181 5757 διὰ
2227 5702 2289 5757 τὸ
2347 5703 2694 5779 εὐχάριστον.
2754 5702 2895 5777 Ἐγὼ
2961 5697 3017 5755 δὶ
3063 5698 3156 5754 καὶ
3208 5694 3571 5775 εὐλαϐοῦμαι,
3632 5702 3737 5774 μή·
