4082 6358
343 390 463 451 Ἷ13

1371 388 1454 450 ΙΝ
1498 388 1565 450 S.
1613 386 2309 459 QUADRAGESI'MAM
2349 388 2641 454 ORATIO
2684 384 2791 454 IV.

3657 393 3779 453 ’114

343 540 481 576 ποτε
533 517 898 597 παρενοχλῶν
938 523 1019 592 τῷ
1063 523 1180 591 Θεῷ
1237 512 1430 592 λάϐῃς,
1491 515 1704 590 μᾶλλον
1754 518 1850 592 μὲν
1907 516 1999 573 οὖν

2119 521 2612 591 liberalissimum,
2654 522 3155 595 gloriosissimum
3204 524 3616 596 fatigasi’Cur
3659 541 3777 581 non

345 603 662 683 ἀντιλάϐῃς,
695 609 894 672 ἐκεῖθεν
926 607 989 663 τὸ
1028 605 1175 681 ἄξιον
1226 608 1346 680 μὲν,
1393 606 1716 663 ἀπευκταῖον
1777 605 1834 662 δέ
1891 628 1995 662 σοι.

344 697 576 755 Διδόντα
604 696 706 774 γάρ
767 701 960 768 σε·τῷ
1010 700 1147 768 Θεῷ,
1207 698 1341 771 ἅπερ
1390 695 1489 751 οὐκ
1525 694 1721 772 ἔχρῆν,
1776 696 1997 751 ἀντιλα-

341 785 456 844 ϐεῖν
502 787 708 863 χρεὼν,
769 783 802 839 ἃ
861 787 937 858 μὴ
1001 780 1358 861 βεϐούλησαι.
1419 786 1661 860 Ηάσχων
1722 783 1912 848 δεινῶς
1973 785 2001 839 6

341 872 488 950 Ἰὼϐ,
542 875 641 930 οὐκ
693 870 889 929 ἔδωκεν
952 872 1264 952 ἀφροσύνην
1318 878 1399 945 τῷ
1456 878 1595 946 Θεῷ·
1655 873 1718 928 σὺ
1778 872 1855 943 δὲ,
1910 880 2002 929 καί

346 971 513 1022 ταῦτα
562 964 791 1040 πάσχων
840 960 993 1018 οὐδὲν
1024 962 1253 1042 φαῦλον,
1287 960 1450 1027 δίδως
1482 961 1717 1039 ἄφρονας
1778 962 2002 1037 λόγους.

351 1058 613 1114 Τοιοῦτον
663 1051 767 1129 γὰρ
825 1053 888 1107 τὸ
948 1051 1041 1107 σὸν
1082 1050 1408 1129 βλάσφημον
1474 1053 1565 1106 xui
1623 1050 2002 1122 ἀπαιτητικόν.

2109 610 2257 666 sinis
2288 627 2423 666 eum
2454 613 2614 685 regio
2644 628 2785 685 erga
2811 616 2869 668 te
2919 614 3117 669 animo
3148 630 3301 677 esse.
3330 619 3386 668 et
3420 613 3623 687 largiri
3665 614 3775 671 tibi

2111 701 2435 755 secundum
2495 701 2842 756 charitatem
2898 704 3116 757 suam?
3161 724 3189 754 «
3224 703 3366 768 Quis
3415 705 3654 759 tandem
3712 720 3776 759 es

2110 788 2299 859 tu,qui
2332 806 2565 845 servum
2596 790 2855 846 alienum
2880 791 3163 859 judicas?
3184 812 3211 840 »
3245 791 3465 861 aliquis
3497 793 3772 861 audierit,

2115 877 2214 947 qui
2260 877 2450 933 alieno
2500 894 2665 933 servo
2705 879 2881 948 jussa
2923 879 3063 934 dare
3110 879 3436 948 presumit.
3468 880 3772 942 Quomodo

2115 965 2300 1037 igitur
2329 982 2445 1021 non
2476 966 2603 1037 ipse
2633 983 2867 1038 quoque
2896 968 3112 1023 metuis
3144 984 3217 1023 ne
3248 970 3484 1040 quando
3520 968 3729 1024 audias
3757 985 3772 1023 :

2116 1054 2284 1109 Unde
2304 1059 2367 1109 tu
2388 1055 2555 1110 venis
2576 1056 2716 1126 quia
2733 1073 2767 1111 a
2783 1056 3032 1112 Domino
3048 1061 3150 1112 tuo
3171 1057 3459 1114 rationem
3482 1058 3588 1114 tibi
3611 1059 3778 1115 reddi

344 1145 549 1200 Οὐκοῦν
586 1142 867 1215 ἀντιλήψῃ
918 1140 1118 1205 ἐκεῖθεν
1171 1141 1233 1195 τὸ
1292 1140 1378 1195 σοὶ
1437 1135 1771 1211 ἀϐούλητον,
1821 1140 1865 1194 εἷ
1930 1142 2005 1215 μὴ

2119 1142 2460 1214 expostules
2487 1144 2515 1198 ?
2547 1165 2575 1194 »

340 1232 509 1309 ἅραὴ
544 1232 657 1297 θεία
688 1229 1077 1309 φιλανθρωπία
1131 1230 1563 1306 προσισταμένη,
1622 1230 1685 1284 τὸ
1747 1228 1991 1304 βλάπτον
2051 1229 2321 1306 ἀπαγάγοι
2377 1229 2437 1285 ἐκ
2494 1235 2609 1288 σοῦ.
2667 1237 2842 1287 Ἔστω
2882 1229 2940 1286 δὲ
2996 1230 3079 1286 ὅτι
3135 1232 3226 1288 καὶ
3283 1234 3516 1309 πάσχῶν
3574 1233 3788 1309 γογγύ-

345 1329 450 1394 ζεις
510 1323 602 1378 καὶ
662 1319 879 1383 λαλεῖς.
941 1321 1163 1394 Ἐρωτῶ
1222 1317 1311 1390 δή.
1375 1320 1494 1374 Ἐπὶ
1547 1319 1658 1375 τίνι
1712 1319 2015 1395 γογγύζεις,
2073 1319 2165 1374 καὶ
2222 1321 2370 1384 τίνος
2428 1319 2794 1395 λειπόμενος;
2856 1321 3147 1385 Λείπεσθαι
3210 1323 3307 1395 μὲν
3368 1322 3509 1398 ἐρεῖς
3569 1322 3632 1378 ἂν
3687 1322 3780 1378 οὗ·

344 1411 499 1474 δενὸς
553 1415 662 1467 τῶν
719 1409 818 1465 ὅσα
878 1407 1164 1486 ἐπιπρέπει
1221 1408 1536 1483 ἀνθρώπῳ.
1611 1406 1910 1480 Ὃλομελές
1963 1429 2047 1462 σοι
2104 1409 2167 1463 τὸ
2219 1406 2390 1463 καλὸν
2444 1409 2535 1463 καὶ
2588 1409 2765 1480 πάντη
2811 1407 2994 1483 ἄρτιον
3027 1453 3039 1466 .
3121 1409 3237 1467 Οὐκ
3296 1410 3443 1484 ἔχεις
3502 1411 3779 1480 κίνδυνον,

348 1504 663 1564 ἀνακεῖσθαι
746 1497 1075 1575 ἀρῥώστως.
1156 1495 1366 1566 Ἔξεστί
1452 1517 1536 1551 σοι
1621 1495 1938 1572 ἐργάζεσθαι
2014 1497 2231 1569 πάντα,
2309 1498 2409 1552 ὅσα
2480 1502 2600 1553 κατ’
2673 1495 2956 1575 ἄνθρωπον
3035 1499 3140 1554 ἀπὸ
3215 1505 3426 1574 γυμνοῦ
3502 1496 3770 1576 έμϐρύου,

344 1591 439 1647 καὶ
494 1589 602 1645 ἀπὸ
681 1588 914 1665 βρέφους
990 1586 1377 1658 ἷΛυσπωμένου
1449 1586 1574 1659 περὶ
1628 1592 1728 1658 γῆν
1768 1631 1783 1654 ,
1843 1586 1934 1640 xui
1996 1587 2072 1658 μὴ
2132 1583 2359 1661 ἔχοντος
2410 1586 2681 1641 ἀνανεύειν
2718 1631 2731 1644 .
2795 1585 2935 1644 Ἰδοὺ
2989 1588 3080 1642 xui
3137 1585 3414 1643 ἐνδέδυσαι
3447 1633 3465 1661 ,
3521 1590 3613 1644 καὶ
3681 1589 3773 1646 ἐπὶ

342 1678 540 1734 κιόνων
602 1678 894 1752 παθερῶν,
955 1678 1061 1729 τῶν
1122 1670 1331 1741 ποδῶν,
1392 1668 1577 1748 ὄρθιος
1636 1671 2033 1743 ἀνεστήλωσαι.
2089 1674 2163 1728 Οὐ
2227 1675 2333 1746 μὴν
2390 1671 2449 1730 δὲ
2479 1673 2628 1731 ἀλλά
2682 1676 2772 1729 καὶ
2825 1677 2893 1730 τά
2949 1675 3025 1737 εἷς
3082 1677 3183 1745 τήν
3218 1676 3438 1751 πορείαν
3470 1676 3561 1731 καὶ
3590 1674 3776 1734 τᾶλλα

344 1778 519 1823 πάντα
572 1765 673 1820 ὅσα
727 1764 1038 1819 κατευθύνει
1092 1763 1185 1818 τὸν
1247 1759 1533 1837 ἄνθρωπον
1592 1763 1666 1823 ὡς
1716 1761 1807 1816 καὶ
1867 1766 2007 1831 ζῶον
2062 1762 2252 1825 ἁπλῶς
2310 1764 2399 1818 καὶ
2454 1765 2529 1826 ὡς
2587 1762 2895 1839 ἄνθρωπον,
2953 1762 3234 1825 πλουτεῖς.
3294 1764 3362 1821 Τί
3417 1762 3475 1820 δὲ
3535 1763 3628 1821 οὗν
3682 1767 3775 1820 τὸν

338 1860 505 1913 ταῦτα
585 1851 1095 1933 φιλοτιμησάμενον
1187 1849 1768 1927 μεγαλοπρεπέστατον
1856 1851 2135 1923 Δεσπότην
2223 1850 2440 1927 ὀχλεῖς,
2519 1855 2611 1906 καὶ
2691 1851 2791 1907 οὐκ
2868 1852 3038 1927 ἀφίης
3101 1851 3402 1926 βασιλικῶς
3471 1850 3777 1918 διακεῖσθαι

345 1946 471 2023 περὶ
529 1946 607 2018 σὲ,
668 1942 758 1999 καὶ
818 1939 1145 2011 ἐπιδιδόναι,
1202 1941 1377 1997 ὁπόσα
1434 1940 1622 2014 ἐκείνῳ
1680 1940 1820 1997 ἐστὶν
1877 1940 2142 2012 ἐθέΛοντι,
2227 1945 2366 1998 κατά
2438 1947 2502 1998 τὸ
2580 1941 2632 1997 ἐν
2704 1942 2853 2014 αὐτῷ
2909 1941 3430 2021 φιλεύσπλαγχνον;
3493 1967 3523 1997 ‹‹
3577 1944 3674 2009 Τίς
3730 1945 3783 1999 εἴ

342 2035 428 2105 σὺ,
483 2036 512 2089 ὁ
570 2034 765 2111 κρίνων
823 2031 1126 2107 ἀλλότριον
1184 2030 1440 2101 οἰκέτην,
1497 2055 1527 2083 ›)
1582 2030 1808 2086 ἀκούσοι
1862 2031 1923 2086 ἄν
1977 2052 2083 2101 τις,
2132 2032 2261 2088 αύτό
2320 2032 2748 2103 κατεξουσιάζειν
2807 2030 3107 2108 ἀλλοτρίου
3165 2029 3368 2087 δούλου
3398 2034 3771 2109 πειρώμενος.

340 2123 404 2180 Τί
455 2127 584 2198 γοῦν
644 2122 707 2177 ού
765 2118 1012 2185 δέδοικας
1067 2120 1159 2176 καὶ
1210 2121 1397 2189 αὐτὸς,
1460 2121 1675 2193 μήποτε
1741 2119 1981 2196 ἀκούσῃς
2030 2122 2190 2177 ποθὲν
2250 2122 2335 2176 τό·
2397 2146 2426 2175 ‹‹
2485 2120 2652 2177 Πόθεν
2696 2120 2761 2176 σὺ
2813 2120 3182 2198 ἀναπέφηνας,
3239 2125 3338 2178 τοῦ
3367 2125 3465 2178 σοῦ
3496 2123 3778 2178 Δεσπότου

348 2213 611 2290 λογιστής
636 2231 652 2285 ;
687 2234 717 2264 ››

421 2345 527 2414 μα’.
590 2337 731 2416 Φέρε
761 2334 899 2392 εἷ’πω
947 2357 1031 2392 σοι
1083 2336 1605 2413 κεφαλαιωσάμενος
1637 2334 1840 2410 λόγον,
1873 2335 2009 2390 ἀντι-

2193 2338 2331 2395 41..Ῐ
2338 2356 2432 2395 am
2465 2338 2720 2411 denique
2749 2354 3082 2395 sermonem
3114 2354 3312 2396 meum
3340 2354 3639 2395 resumam
3673 2338 3778 2412 qui

346 2427 565 2509 φάσκειν
629 2427 724 2501 μὲν
772 2422 1055 2509 δοκοῦντα,
1115 2429 1184 2500 τῇ
1244 2423 1289 2479 δ’
1350 2424 1581 2498 ἀληθείᾳ
1636 2424 1712 2490 εἷς
1759 2425 1812 2481 έν
1863 2447 2002 2499 συμ-

347 2508 653 2594 φωνοῦντα.
712 2515 828 2573 Οὐκ
874 2508 985 2570 ἔστι
1022 2515 1131 2569 τῶν
1162 2514 1214 2569 ἐν
1245 2515 1382 2587 ἡμῖν
1412 2511 1563 2569 οὐδὲν
1622 2515 1764 2586 ἴσον,
1817 2514 1908 2569 xui
1938 2511 2004 2570 αὗ

347 2607 513 2664 πάλιν
575 2603 729 2661 οὐδέν
786 2602 898 2660 ἐστι
951 2607 1057 2659 τῶν
1119 2603 1172 2659 ἐν
1202 2606 1338 2677 ἡμῖν
1380 2600 1585 2661 ἄνισον.
1619 2607 2006 2679 Πνευματικῶς

351 2694 397 2752 δ’
457 2695 683 2760 ἐνταῦθα
740 2690 913 2750 ἐθέλω
969 2693 1285 2773 ἀντιφωνεῖν
1323 2735 1336 2749 .
1396 2692 1597 2748 Καθότι
1657 2693 1751 2767 μὲν
1811 2694 1914 2769 γὰρ
1976 2693 2003 2747 6

353 2786 481 2848 Θεὸς
538 2781 825 2859 ἀναλόγως
885 2783 1131 2845 ἑκάστοις
1181 2780 1484 2859 έπιμερίζει
1532 2781 1599 2837 τὰ
1655 2778 1866 2853 δέοντα,
1914 2781 2006 2837 καὶ

350 2879 460 2930 τῶν
513 2874 603 2948 μὲν
656 2870 835 2949 αἴρει,
900 2876 1018 2935 τοῖς
1072 2869 1130 2927 δὶ
1174 2870 1498 2945 προστίθησι
1556 2871 2004 2949 γεωμετρικώτε-

360 2984 474 3042 ρον,
551 2962 735 3034 ἰσότης
815 2959 868 3019 ἐν
940 2964 1076 3035 ἡμῖν
1154 2961 1421 3037 θειότερον
1488 2960 1856 3032 πολιτεύεται,
1914 2959 2006 3015 καὶ

356 3051 536 3108 ἀκούει
565 3048 789 3115 ἕκαστος
815 3048 899 3107 16'
934 3074 964 3103 «
997 3052 1229 3126 Ἑταῖρε,
1262 3045 1409 3126 ἔχεις
1440 3049 1502 3105 τὸ
1534 3049 1796 3124 ἀνάλογον
1832 3048 1947 3106 σόν.
1975 3072 2004 3101 ››

357 3142 460 3199 Καὶ
518 3140 661 3198 οὕτω
695 3140 1008 3216 μανθανέτω
1038 3139 1127 3195 καὶ
1161 3141 1188 3195 ὁ
1213 3140 1276 3195 τὸ
1332 3137 1518 3215 ὀλίγον
1565 3137 1729 3214 ἔχων,
1782 3136 2007 3201 δικαίως

355 3226 501 3308 ἔχειν
534 3230 688 3303 αὐτὸ,
720 3227 817 3286 ei’1’
865 3227 957 3286 οὖν
1015 3230 1152 3305 πρὸς
1206 3228 1698 3304 γεωμετρουμένην
1758 3226 2005 3299 ἱ¹σότητα.

352 3319 553 3376 Ταύτὸν
613 3321 740 3396 γάρ’
772 3340 891 3382 πως
953 3342 981 3371 ‹‹
1034 3318 1154 3374 ἴσον
1188 3341 1217 3370 ››
1275 3317 1443 3374 εἷ’πεῖν
1477 3317 1566 3373 xui
1626 3341 1655 3370 «
1717 3314 1950 3386 δίκαιον,
1978 3339 2008 3368 ››

354 3409 472 3465 ἐπεὶ
522 3409 609 3464 xui
644 3407 902 3479 ΐσότητος
933 3410 968 3478 ἡ
1003 3403 1315 3477 δικαιοσύνη
1351 3406 1695 3483 στοχάζεται.
1728 3407 1830 3464 Καὶ
1866 3405 2010 3461 οὕτω

353 3498 451 3573 μὶν
485 3498 576 3553 ἶσα
603 3503 720 3560 τοῖς
746 3496 902 3560 ὅλοις
935 3498 1162 3566 ἅπαντα,
1198 3496 1353 3572 λόγῳ
1386 3493 1434 3551 δ’
1480 3494 1638 3569 ἄλλῳ
1686 3496 1776 3551 καὶ
1835 3493 2007 3550 ἅνισα’

350 3588 440 3643 xui
500 3588 529 3643 6
586 3584 752 3664 λόγος
801 3585 837 3656 ἢ
883 3587 1021 3641 κατά
1067 3586 1131 3641 τὸ
1180 3583 1375 3641 δοκοῦν
1442 3590 1560 3648 τοῖς
1623 3585 2010 3661 άμαθεστέροις

354 3675 558 3749 (δοτέον
611 3672 670 3731 δὲ
726 3676 895 3731 εἰπεῖν
952 3676 1045 3730 καὶ
1096 3675 1504 3750 ἀμαθεστέροις)
1561 3675 1598 3746 ἢ
1668 3679 1796 3752 γοῦν
1866 3673 2013 3730 ἀλλά

352 3736 489 3822 κατά
517 3766 775 3843 ἀριθμὸν,
809 3764 885 3826 ὡς
912 3764 1046 3820 εἶναι
1094 3736 1163 3818 τά
1217 3764 1339 3829 καθ’
1367 3736 1545 3838 ¹ἡμίῖις
1601 3736 1776 3826 οὕτως
1824 3763 2011 3819 ἀνακε-
2041 3736 2084 3805 C

350 3856 594 3930 κραμένα
652 3854 865 3925 ἰσότητι
914 3853 1005 3909 καὶ
1063 3852 1383 3925 ἀνισότητι,
1441 3851 1532 3908 xui
1589 3852 1783 3925 έξεῖναι
1834 3852 2010 3930 λέγειν

349 3947 450 4016 τὴν
478 3945 733 4022 ἁρμογὴν
763 3947 860 3997 τοῦ
892 3942 944 3998 ἐν
972 3945 1107 4016 ἡμῖν
1164 3941 1287 4018 βίου
1343 3943 1380 4013 ἢ
1438 3942 1733 4012 ἀνισότητα
1777 3939 1924 4015 ἴσην,
1974 3940 2012 4010 ἢ

349 4036 413 4090 τὸ
443 4032 736 4092 ἀνάπαλιν.
793 4031 934 4088 Μένε
964 4032 1075 4105 οὗν,
1139 4030 1191 4086 έν
1249 4030 1643 4106 οἴςιέτάχθης,
1702 4032 1748 4084 ὧ
1790 4029 2010 4109 ἀδελφέ,

357 4124 447 4177 καὶ
482 4122 724 4197 χαρίτων
776 4119 1065 4199 ὀφειλέτην
1116 4117 1276 4184 εἰδὼς
1321 4125 1403 4193 τῷ
1450 4124 1566 4192 Θεῷ
1624 4119 1868 4187 σεαυτὸν,
1927 4117 2012 4174 εὕ-

361 4229 490 4285 χου,
549 4210 639 4266 καὶ
696 4208 908 4282 ἔλπιζε,
960 4209 1049 4265 καὶ
1104 4211 1245 4283 μήτε
1290 4209 1382 4265 τὸν
1427 4204 1765 4285 κυϐερνήτην
1795 4207 2015 4287 μέμφου

368 4299 659 4377 στρέφοντα
711 4301 811 4370 τὴν
869 4300 989 4354 καθ’
1036 4301 1184 4374 ἡμᾶς
1247 4295 1453 4355 ὁλκάδα
1516 4300 1851 4374 τεχνηέντως
1908 4297 2015 4355 ὧδε

361 4387 452 4443 xui
483 4386 610 4458 ἐκεῖ,
665 4388 771 4452 ’ὲως
825 4387 884 4444 ἂν
931 4390 1051 4465 περὶ
1105 4387 1233 4452 τοὺς
1285 4388 1575 4464 βιωτικοὺς
1602 4385 1860 4463 πλέωμεν
1920 4389 2016 4443 σά-

360 4477 513 4541 λους
551 4480 690 4551 μήτε
745 4479 839 4534 τὸν
901 4477 1192 4551 σύμπλουν
1225 4474 1457 4556 ἀδελφὸν
1495 4476 1732 4557 μέμφου,
1778 4478 1824 4533 εί
1875 4479 2015 4556 πρὸς

354 4568 447 4623 τὸν
497 4564 554 4621 εὖ
608 4563 810 4644 ἔχοντα
861 4572 1054 4644 τοῖχον
1084 4569 1111 4623 ὁ
1140 4574 1242 4638 τῆς
1273 4569 1410 4630 νεὼς
1460 4567 1647 4642 κύριον
1679 4568 1837 4623 αὐτὸν
1888 4568 2013 4623 ἐτά-

356 4656 501 4727 ξατο.
542 4656 604 4710 Τί
633 4658 735 4732 γὰρ
779 4657 869 4711 xui
924 4657 1247 4735 φθονητέον,
1299 4651 1427 4712 ἔνθα
1473 4658 1508 4728 ἡ
1564 4657 1770 4732 μέμψις
1803 4652 2015 4712 διαϐαί-

365 4767 443 4801 νει
473 4746 613 4822 πρὸς
640 4746 733 4800 τὸν
790 4745 987 4823 Κύριον
1017 4766 1031 4817 ;
1063 4747 1124 4805 Ὁ
1156 4743 1388 4824 ἀδελφὸς
1418 4744 1576 4801 οὐδὲν
1623 4747 1827 4802 οἰκεῖον
1874 4747 2012 4824 ἔχει,

360 4833 489 4890 οὐδὲ
519 4834 572 4907 ἐξ
604 4836 798 4903 αὐτοῦ,
858 4834 985 4890 ἀλλ’
1034 4834 1168 4911 ὅπερ
1210 4832 1443 4889 δέδωκεν
1489 4836 1517 4890 6
1567 4834 1715 4899 Θεός.
1765 4840 1857 4909 Τῷ
1887 4841 2016 4912 γοῦν

357 4921 582 5003 ἀδελφῷ
636 4927 848 5003 φθονῶν
879 4971 893 4995 ,
958 4921 1202 4995 λέληθας
1250 4923 1474 4978 σεαυτὸν
1527 4923 1876 5000 μεμφόμενος
1922 4927 2013 4980 τὸν

357 5013 511 5088 Θεὸν,
543 5013 635 5069 καὶ
688 5013 831 5069 οὕτω
878 5012 1081 5090 τρόπον
1130 5013 1252 5067 τινὰ
1312 5017 1624 5089 θεομαχῶν.
1684 5013 1752 5071 Τί
1784 5011 1841 5069 δὶ
1872 5013 2016 5070 οὕτω

2116 2429 2515 2485 contradicere
2560 2427 2810 2497 videtur,
2844 2446 2906 2485 re
2948 2445 3082 2486 vera
3113 2432 3306 2485 autem
3334 2429 3392 2484 in
3445 2429 3604 2484 idem
3635 2444 3774 2484 con-

2112 2518 2295 2575 venit.
2328 2517 2488 2575 Nihil
2536 2535 2739 2575 eorum
2792 2535 2920 2591 qua;
2970 2518 3128 2574 intra
3176 2536 3307 2588 nos,
3357 2516 3579 2574 similia
3636 2521 3777 2574 sunt

2115 2622 2307 2678 neque
2351 2605 2685 2662 dissimilia.
2730 2606 3127 2679 Spiritualiter
3175 2609 3373 2663 autem
3420 2607 3777 2678 respondere

2113 2694 2264 2751 volo.
2317 2696 2827 2761 Quemadmodum
2872 2696 3029 2751 enim
3080 2695 3235 2753 Deus
3281 2695 3534 2769 singulis
3580 2694 3776 2751 ofﬁcia

2116 2801 2222 2858 pro
2279 2784 2504 2840 viribus
2560 2783 2884 2852 distribuit,
2930 2783 3077 2861 aliis
3136 2784 3375 2856 quidem
3438 2785 3772 2856 detrahens,

2117 2872 2264 2930 alios
2289 2874 2463 2930 bonis
2493 2873 2826 2941 cumulans,
2860 2874 2943 2929 sic
2971 2873 3213 2945 aequitas
3244 2873 3519 2929 diviniori
3549 2873 3777 2929 ratione

2115 2965 2271 3020 intra
2318 2979 2426 3019 nos
2475 2964 2615 3036 agit,
2650 2966 2708 3019 et
2738 2963 2957 3036 singuli
3010 2964 3258 3020 audiunt
3291 2981 3304 3019 :
3340 2963 3561 3032 Amice,
3592 2963 3779 3019 habes

2116 3053 2466 3125 contingens
2514 3056 2703 3107 tuum.
2740 3052 2951 3123 Sicque
3001 3053 3101 3125 qui
3134 3068 3316 3125 pauca
3360 3052 3538 3108 habet
3586 3052 3780 3109 discat

2118 3159 2252 3198 cum
2305 3158 2542 3197 summa
2581 3140 2818 3213 justitia
2865 3157 2932 3196 ea
2966 3140 3286 3213 possidere.
3320 3142 3574 3212 Equum
3619 3136 3777 3198 enim

2120 3249 2186 3287 ac
2210 3232 2441 3303 justu'n
2476 3230 2668 3285 dicere
2692 3229 2847 3285 idem
2879 3234 2970 3285 est
2999 3247 3133 3285 cum
3159 3230 3564 3301 justitia,cum
3598 3230 3779 3303 aequi-

2118 3324 2238 3378 tate
2285 3319 2622 3375 societatem
2670 3318 2820 3374 inire
2866 3319 3073 3374 tendit.
3113 3320 3207 3375 Sic
3255 3319 3531 3375 omnibus
3578 3319 3780 3376 omnia

2119 3427 2286 3482 aequa
2314 3412 2373 3465 et
2402 3408 2628 3479 iniqua,
2660 3412 2717 3463 et
2747 3422 2940 3464 sermo
2990 3412 3108 3463 stat
3137 3411 3238 3463 aut
3287 3408 3609 3463 secundum
3646 3424 3778 3480 spe-

2120 3500 2269 3555 ciem
2295 3497 2548 3554 indoctis
2581 3496 2681 3569 qui
2715 3496 2937 3570 aliquid
2971 3497 3217 3553 docendi
3251 3502 3410 3567 sunt,
3431 3502 3533 3553 aut
3563 3513 3778 3555 secun-

2121 3591 2258 3645 dum
2292 3602 2628 3654 numerum,
2661 3588 2741 3642 ita
2785 3592 2852 3641 ut
2880 3603 2973 3642 res
3005 3591 3217 3642 nostrae
3245 3587 3328 3643 sic
3372 3586 3692 3659 asqualitati
3723 3589 3782 3644 et

2121 3677 2506 3751 inasqualitati
2531 3677 2807 3733 immistae
2829 3681 3153 3749 appareant
3182 3682 3240 3733 et
3268 3680 3333 3733 ut
3363 3676 3629 3732 ordinem
3651 3677 3780 3733 vita:

2123 3773 2334 3825 nostrae
2366 3766 2825 3839 inaequalitatem
2848 3766 3133 3839 aqualem
3159 3771 3262 3823 aut
3282 3766 3407 3823 vice
3432 3784 3599 3823 versa
3620 3766 3779 3823 dica-

2121 3858 2451 3914 mus.Mane
2477 3856 2659 3929 igitur
2679 3856 2736 3911 in
2766 3855 3068 3924 iis,frater,
3092 3856 3150 3910 in
3175 3855 3394 3927 quibus
3425 3856 3782 3913 constitutus

2121 3965 2204 4015 es,
2237 3950 2294 4003 et
2324 3964 2459 4003 cum
2508 3945 2662 4002 scias
2693 3949 2749 4001 te
2795 3945 2908 4001 Deo
2939 3946 3158 4018 gratias
3198 3961 3371 4018 agere
3414 3946 3646 4016 debere,
3677 3964 3779 4003 ora

2121 4041 2178 4093 et
2208 4052 2399 4108 spera,
2433 4039 2491 4090 et
2537 4052 2610 4090 ne
2666 4033 2904 4089 incuses
2935 4034 3388 4107 gubernatorem
3440 4035 3540 4107 qui
3571 4053 3778 4093 navem

2123 4129 2385 4181 nostram
2419 4124 2564 4179 scite
2593 4127 2807 4193 movet,
2830 4123 3015 4178 donec
3046 4123 3118 4179 ad
3152 4123 3280 4178 vitae
3311 4127 3548 4196 portum
3578 4121 3780 4195 appel—

2122 4215 2353 4284 lamus;
2384 4230 2571 4286 neque
2624 4212 2783 4268 fratri
2834 4211 3052 4285 navigii
3102 4212 3356 4269 consorti
3408 4212 3694 4282 invideas,
3729 4211 3780 4267 si

2123 4303 2433 4361 nauclerus
2462 4303 2576 4375 ipsi
2605 4305 3002 4374 opportunum
3058 4302 3253 4359 locum
3290 4302 3631 4374 assignavit.
3664 4301 3783 4357 Cur

2120 4392 2279 4449 enim
2344 4391 2566 4449 invidia
2624 4396 2997 4459 exerceatur,
3069 4391 3168 4448 ubi
3236 4390 3639 4447 incriminatio
3706 4390 3778 4445 ad

2125 4481 2438 4538 Dominum
2471 4498 2654 4554 usque
2689 4481 3000 4537 ascendit?
3032 4482 3232 4537 Frater
3282 4480 3427 4537 nihil
3461 4479 3781 4554 peculiare,

2123 4572 2272 4629 nihil
2305 4571 2606 4645 proprium
2656 4572 2835 4627 habet
2865 4571 2976 4627 nisi
3012 4573 3166 4643 quod
3196 4571 3351 4627 Deus
3382 4572 3432 4627 ei
3473 4569 3778 4643 impertiit.

2125 4667 2270 4718 Dum
2304 4663 2486 4735 igitur
2528 4661 2688 4717 fratri
2721 4661 2969 4728 invides,
3002 4662 3187 4717 Deum
3222 4661 3456 4718 nescius
3504 4659 3782 4733 blasphe-

2126 4752 2303 4809 masti
2336 4755 2392 4808 et
2437 4752 2874 4824 quodammodo
2924 4750 3144 4807 bellum
3177 4750 3230 4805 ei
3274 4749 3551 4806 intulisti.
3587 4751 3783 4814 Quan-

2123 4847 2323 4916 topere
2356 4841 2536 4915 igitur
2583 4857 2810 4913 peccas,
2847 4840 2944 4895 Dei
2996 4840 3080 4895 sic
3112 4856 3423 4895 censuram
3476 4838 3700 4895 faciens
3730 4842 3788 4892 et

2126 4948 2273 5004 pene
2321 4931 2372 4986 ei
2426 4947 2554 5003 quae
2604 4931 2792 4985 facere
2843 4928 3051 4985 debeat
3101 4926 3536 5000 praescribens?
3582 4930 3789 4983 Nonne

2125 5022 2288 5077 vides
2346 5025 2401 5076 te
2457 5019 2869 5092 blasphemare
2934 5034 3177 5091 prorsus
3234 5019 3284 5074 si
3343 5018 3579 5073 dubitas
3642 5032 3789 5071 num

360 5103 455 5177 μὲν
506 5102 598 5158 τὸν
643 5103 776 5158 Θεὸν
837 5101 1174 5179 ἀνακρίνων,
1223 5101 1313 5157 xui
1368 5102 1667 5179 μονονουχὶ
1722 5102 2009 5160 έπιτάσσωη

2129 5109 2357 5184 Olympi
2394 5107 2598 5165 incolas
2630 5107 2757 5164 sine
2779 5110 2939 5162 metu
2972 5110 3073 5162 aut
3102 5123 3235 5162 cum
3268 5121 3518 5162 maerore
3544 5104 3788 5161 vivant!

355 5192 421 5247 τὸ
465 5192 752 5262 ποιητέον,
808 5189 1139 5269 ἁμαρτωλὸν
1190 5196 1417 5266 πρᾶγμα
1472 5195 1686 5259 πωεῖςς
1748 5193 2021 5268 Ἀπορού-

366 5301 523 5353 μενος
580 5278 660 5354 δὲ,
707 5281 760 5336 τί
814 5278 1039 5353 δήποτε,
1099 5278 1288 5335 ἄλλων
1346 5278 1399 5335 ἐν
1443 5278 1722 5354 Ὀλυμπίᾳ
1756 5282 2015 5358 βιούντων

357 5373 467 5426 τῶν
522 5371 615 5426 xui
674 5369 898 5446 ἀτρεμεὶ
932 5370 1170 5442 ζώντων,
1214 5368 1344 5423 αὐτὸ
1372 5368 1462 5424 xui
1514 5368 1695 5441 λύπην
1751 5368 1870 5447 ἕχει
1926 5373 2013 5427 καὶ

361 5454 555 5536 φόϐον,
588 5457 767 5523 δοκεῖς
810 5459 999 5516 λαλεῖν
1047 5459 1404 5534 ἀναμάρτητοι
1450 5459 1512 5514 ού
1568 5460 1829 5531 πάντως;
1890 5461 2015 5517 Δέον

358 5549 539 5604 τοίνυν
596 5549 868 5605 κάνταῦθα
920 5545 1297 5624 διαγνομονεῖν
1360 5568 1418 5603 σε
1472 5547 1541 5604 τὰ
1587 5547 1723 5604 κατὰ
1777 5550 1874 5620 σὲ,
1926 5552 2017 5607 xui

358 5633 716 5714 συμϐιϐάζειν
770 5638 955 5702 αὐτοῖς
1014 5638 1081 5693 τά
1125 5659 1186 5694 τε
1233 5634 1388 5709 ἡδέα,
1432 5638 1500 5695 τά
1546 5658 1605 5694 τε
1633 5636 1876 5718 λυπηρὰ,
1925 5643 2015 5699 καὶ

691 5771 965 5834 ΡΑτιοι.
1012 5770 1125 5835 Gn.
1172 5769 1462 5835 CXXXV.

2131 5200 2374 5272 Oportet
2418 5198 2599 5271 igitur
2625 5201 2685 5252 te
2731 5213 2800 5253 ea
2830 5213 2959 5268 qua:
2994 5200 3099 5252 tua
3142 5201 3284 5253 sunt
3328 5196 3640 5262 decernere
3670 5193 3793 5250 sive

2121 5288 2388 5361 jucunda
2418 5287 2557 5357 sint,
2583 5287 2704 5341 sive
2730 5302 2952 5352 amara,
2987 5284 3188 5356 sicque
3219 5301 3428 5341 causas
3457 5284 3790 5356 ponderan-

2128 5379 2202 5433 do
2230 5376 2340 5432 tibi
2373 5374 2649 5431 solatium
2693 5375 2922 5430 afferre.
2956 5374 3037 5429 De
3068 5374 3141 5429 iis
3171 5373 3425 5445 denique
3474 5389 3600 5445 qua:
3632 5387 3789 5428 nunc

2127 5467 2404 5525 accidunt
2434 5465 2604 5537 plura
2635 5464 2826 5519 dicere
2862 5480 2952 5519 me
2994 5480 3111 5519 non
3144 5463 3345 5532 decet;
3380 5479 3560 5535 penes
3607 5463 3788 5518 Deum

2129 5558 2285 5614 enim
2326 5554 2557 5627 judicia
2597 5570 2847 5626 quorum
2900 5553 3270 5626 profunditas
3319 5557 3411 5611 est
3460 5552 3789 5628 incompre-

2127 5644 2459 5704 hensibilis.

3390 5777 3472 5835 23
