4082 6428
298 467 419 528 715

1073 465 1497 529 EUSTATHI!
1540 462 2309 529 THESSALONIGENSIS
2353 465 2946 530 METROPOLITE

3613 471 3732 533 716

294 597 439 654 οὕτω
491 601 562 673 τῇ
609 595 916 672 καταλήψει
969 600 1076 652 τῶν
1125 594 1312 652 αἰτίων
1363 591 1656 670 λςμϐάνειν
1715 615 1770 650 τι
1825 595 2193 669 παραμύθιον,
2247 597 2340 654 καὶ
2399 596 2466 669 δὴ
2527 597 2830 675 θεωρητέον
2885 597 3022 655 αὐτὸ
3085 597 3164 664 είς
3221 597 3435 676 ὀλίγον.
3495 601 3601 659 Καὶ
3635 601 3725 662 ἐπὶ

289 692 396 744 τῶν
459 689 579 764 ἄρτι
637 683 1009 762 συμϐαμάτων
1071 687 1164 762 μὲν
1228 687 1332 742 οὐκ
1382 681 1500 762 ἔχω
1545 685 1741 742 εἰπεῖν·
1799 685 1862 740 ού
1920 685 2022 762 γὰρ
2080 686 2224 743 οὕτω
2277 685 2599 766 δεδίδαγμαι
2631 707 2644 723 ο
2705 693 2840 746 Θεοῦ
2899 686 2958 744 δὶ
3011 689 3284 766 κρίματα,
3332 690 3406 745 ὧν
3466 692 3496 746 ὁ
3559 693 3726 770 βυθὸς

289 781 426 852 ἡμῖν
457 775 861 855 ἀπερίληπτος.

357 869 448 924 42.
483 870 600 925 Ista
631 871 824 924 autem
855 865 1081 923 theoria
1111 864 1534 921 consolationis
1564 880 1799 936 quoque
1827 881 1911 920 no:

2027 924 2030 932 ,
2132 865 2242 940 μβ’.
2276 866 2340 954 Ἡ
2373 863 2430 954 δὶ
2459 865 2685 940 τοιαύτη
2737 866 2938 943 θεωρία
2993 863 3138 924 ἔσται
3190 870 3388 930 αὐτίκα
3433 877 3523 932 καὶ
3574 899 3720 954 παρ-

287 973 497 1028 parum
527 956 806 1022 continet,
839 961 905 1011 ut
935 971 1115 1026 supra
1145 955 1426 1010 diximus.
1461 953 1612 1009 Sunt
1640 953 1701 1008 in
1730 953 1906 1010 vicini

2053 954 2254 1028 ήγορος
2313 953 2518 1030 λόγος,
2567 957 2706 1011 καθὰ
2759 955 3055 1034 φθάσαντες
3112 959 3497 1038 ὑπεσχήμεθα.
3558 953 3714 1024 Εἰσὶν

287 1051 510 1114 nostra,
544 1061 675 1116 quae
723 1043 837 1100 late
868 1049 1044 1115 patet,
1079 1048 1137 1098 et
1181 1043 1338 1098 inter
1363 1041 1678 1114 populares
1711 1047 1909 1098 nostro

2053 1039 2105 1096 ἐν
2162 1047 2233 1117 τῇ
2280 1045 2399 1100 καθ’
2446 1047 2594 1118 ἡμᾶς
2649 1045 2950 1122 περιχώρῳ
3000 1048 3090 1102 καὶ
3141 1049 3458 1127 συμφύλῳ,
3505 1053 3576 1129 τῇ
3621 1057 3713 1112 καὶ

287 1135 387 1193 alii
417 1134 770 1206 baptismate
811 1131 1100 1200 immersi,
1133 1131 1232 1187 alii
1265 1132 1325 1186 in
1375 1130 1657 1202 abyssum
1689 1131 1911 1187 tristitie

2049 1129 2338 1188 πολυτενεῖ
2377 1133 2468 1188 καὶ
2521 1133 2832 1210 εὐρυχόρῳ,
2893 1135 2946 1190 οἱ
2981 1136 3078 1210 μὶν
3134 1138 3211 1201 εἰς
3275 1140 3410 1215 βαθὺ
3447 1139 3709 1218 βεϐαπτι-

283 1223 560 1298 baptizati
619 1226 776 1288 sunt,
829 1221 986 1276 unde
1042 1221 1308 1294 plerique
1367 1239 1460 1280 res
1517 1224 1749 1279 futuras
1803 1237 1911 1276 cun

2051 1221 2236 1308 σμένοι
2271 1219 2470 1295 λύπης,
2504 1225 2556 1278 οἱ
2589 1221 2647 1280 δὲ
2676 1223 2754 1286 εἰς
2805 1219 3062 1296 ἄϐυσσον,
3115 1223 3281 1283 ἄλλοι
3332 1227 3392 1286 δὲ
3445 1231 3707 1308 βάψαντες

283 1314 496 1370 timore
535 1310 877 1385 praevident,
903 1325 1156 1382 quarum
1213 1311 1392 1368 tinem
1450 1329 1568 1369 non
1625 1308 1795 1366 facile
1849 1326 1911 1365 es

2047 1305 2156 1380 ἤδη
2185 1309 2285 1365 οὐκ
2312 1310 2367 1374 ἐς
2395 1315 2677 1381 τοσοῦτον,
2727 1312 2780 1367 οἳ
2809 1311 3035 1377 πλείους
3082 1311 3140 1371 δὲ
3188 1314 3240 1372 ἐν
3271 1319 3352 1390 τῷ
3385 1305 3700 1394 δεδοικέναι,

280 1403 498 1459 videre.
531 1404 612 1456 Ex
631 1399 726 1456 his
770 1399 954 1472 quiin
974 1399 1253 1470 abyssum
1282 1401 1544 1474 prolapsi
1574 1403 1716 1458 sunt
1745 1397 1911 1470 lacry'

2044 1397 2136 1452 καὶ
2187 1398 2335 1472 αὐτῷ
2387 1399 2422 1470 ἢ
2479 1397 2568 1455 διά
2613 1422 2666 1456 τι
2724 1399 2933 1476 ἐγγίζον
2976 1401 3068 1458 καί
3125 1406 3425 1480 πρόοπτον,
3485 1409 3520 1480 ἢ
3563 1411 3698 1467 κατά

281 1492 395 1548 mis
442 1490 607 1562 digni
639 1493 816 1558 sunt;
852 1489 950 1560 qui
1003 1493 1200 1546 autem
1232 1491 1305 1546 ad
1337 1492 1534 1547 faecem
1585 1505 1772 1562 usque
1804 1504 1911 1560 per

2045 1483 2305 1563 διέχειαν,
2338 1489 2400 1558 ἣν
2455 1490 2558 1545 οὐκ
2605 1487 2716 1546 ἔστι
2772 1488 3004 1546 συνιδεῖν
3064 1501 3358 1572 σταθερῶς.
3390 1498 3609 1555 Τούτων
3643 1501 3696 1556 οἱ

277 1583 605 1649 venerunt,
671 1594 872 1650 preces
935 1583 994 1633 et
1051 1577 1166 1650 ipsi
1246 1579 1462 1636 faciant
1527 1583 1586 1635 et
1650 1579 1722 1634 ab
1802 1576 1911 1633 alii:

2047 1575 2142 1662 μὲν
2197 1583 2296 1647 τῆς
2353 1572 2591 1633 ἀϐύσσου
2638 1580 2924 1654 γεγονότες
2977 1580 3349 1648 κλαιέσθωσαν
3380 1604 3392 1617 ·
3466 1587 3540 1656 (τί
3595 1589 3698 1662 γάρ

278 1669 578 1726 faciendas
607 1671 851 1736 curent;
876 1666 976 1739 qui
1009 1672 1206 1723 autem
1238 1667 1450 1724 timore
1480 1669 1777 1741 trepidant
1807 1684 1909 1740 pre

2043 1660 2186 1720 ἄλλο
2211 1666 2251 1738 ς)
2301 1667 2354 1720 οἱ
2385 1663 2443 1720 δὲ
2502 1669 2673 1740 μήπω
2702 1671 2798 1722 τοῦ
2835 1669 3034 1744 βυσσοῦ
3077 1669 3167 1725 καὶ
3219 1675 3323 1736 τῆς
3369 1675 3487 1729 κατ’
3541 1660 3700 1731 αὐτὸν

275 1759 446 1814 cibus
474 1757 650 1814 etiam
683 1755 1004 1830 gratiarum
1028 1756 1290 1814 actiones
1323 1757 1545 1814 addant
1573 1757 1690 1814 Deo
1713 1762 1911 1813 aternt

2039 1752 2234 1828 τρυγὸς
2266 1749 2433 1823 ὄντες,
2491 1755 2656 1830 εὐχὰς
2687 1755 2778 1812 καὶ
2803 1755 2958 1812 αὐτοὶ
3009 1757 3391 1832 ποιείσθωσαν,
3443 1762 3534 1819 καὶ
3585 1765 3700 1821 61:6-

273 1846 405 1904 vitae
434 1846 676 1903 auctori.
2041 1852 2212 1916 ρωθεν
2243 1840 2540 1918 ἐχέτωσαν,
2571 1845 2710 1900 καθᾶ
2732 1845 2823 1901 καὶ
2855 1846 2908 1900 οἱ
2942 1847 3018 1920 μὴ
3068 1846 3122 1919 ἐξ
3180 1847 3476 1922 ἐπιπολῆς.
3528 1854 3591 1908 Οἱ
3639 1850 3699 1910 δὲ

2038 1932 2120 2001 τῷ
2147 1924 2304 2008 φόϐῳ
2336 1930 2509 1995 οὕτως
2551 1932 2586 2002 ἢ
2637 1933 2810 1996 οὕτως
2873 1931 3293 2011 ὁποτρέμοντες,
3350 1937 3480 1995 ἀλλ’
3539 1941 3694 1996 αὐτοὶ

2040 2017 2177 2093 πρὸς
2199 2024 2318 2082 ταῖς
2347 2021 2544 2098 εὐχαῖς
2573 2022 2664 2077 καὶ
2695 2021 3184 2099 εὐχαριστείτωσαν
3207 2029 3286 2100 τῷ
3307 2027 3398 2084 καὶ
3421 2027 3502 2085 ἀεὶ
3531 2034 3694 2100 ζῶντι

2039 2106 2128 2162 καὶ
2158 2111 2256 2162 τοῦ
2285 2113 2378 2184 ζῇν
2414 2109 2573 2182 αἰτίῳ
2603 2115 2742 2184 Θεῷ.

343 2223 431 2278 43.
463 2225 586 2279 Hoc
613 2221 798 2296 igitur
819 2222 1046 2294 jugiter
1073 2221 1146 2278 ob
1179 2219 1378 2278 oculos
1415 2223 1724 2278 teneamus
1755 2223 1911 2292 atque

2114 2215 2224 2291 μγ’.
2255 2215 2354 2270 Καὶ
2381 2220 2544 2273 τοῦτο
2576 2219 2670 2292 μὶν
2699 2223 2899 2283 κοινῶς
2955 2219 3155 2286 κείσθω
3184 2224 3321 2296 ἡμῖν
3377 2223 3455 2288 είς
3512 2222 3696 2298 διηνε-

271 2313 676 2370 examinemus
726 2327 843 2383 quo
873 2311 934 2366 in
983 2309 1111 2366 loco
1141 2310 1182 2365 ii
1209 2309 1310 2382 qui
1344 2308 1504 2366 curis
1533 2325 1600 2366 ac
1649 2307 1911 2364 sollicitu

2037 2303 2130 2366 κὶς
2161 2302 2437 2380 ἐνθύμιον.
2499 2307 2870 2382 Ἐξετάσωμεν
2901 2306 2958 2364 δὲ
2997 2314 3089 2365 νῦν
3145 2312 3284 2388 πρὸς
3329 2309 3608 2390 ἀκρίϐειαν
3641 2317 3695 2372 οἱ

269 2403 406 2459 dine
457 2404 748 2457 vexantur
802 2399 1160 2472 omninoque
1218 2398 1418 2455 tristes
1475 2403 1615 2454 sunt
1671 2397 1911 2470 ponend'

2039 2393 2420 2470 συγχεόμενοι,
2455 2397 2531 2460 ὡς
2571 2396 2734 2466 εἰκὸς,
2783 2397 2874 2453 καὶ
2921 2397 3302 2476 ἐμφρόντιδες,
3375 2403 3466 2458 καὶ
3522 2403 3695 2479 ἐμμέ-

265 2494 460 2548 erunt.
494 2487 727 2545 Primus
760 2489 998 2560 quidem
1032 2504 1100 2544 ac
1125 2487 1424 2544 secundus
1451 2485 1778 2557 tertiusque
1809 2485 1911 2540 Dec

2037 2500 2242 2556 ριμνοι,
2273 2483 2386 2553 καὶ,
2445 2484 2474 2540 ὃ
2506 2481 2574 2554 δὴ
2609 2483 2842 2563 λέγεται,
2871 2488 3244 2561 κηραίνοντες,
3275 2496 3375 2546 ποῖ
3420 2513 3553 2550 ποτε
3597 2493 3692 2550 τό-

261 2581 492 2636 favente
547 2595 582 2634 a
637 2576 912 2634 societate
969 2580 1175 2632 nostra
1231 2575 1485 2648 separati
1541 2580 1751 2644 erunt;
1805 2591 1911 2631 non

2032 2591 2140 2625 που
2186 2575 2294 2628 τῶν
2321 2619 2337 2646 ,
2396 2572 2470 2635 ὠς
2513 2573 2703 2652 ἐρῥέθη
2732 2619 2746 2644 ,
2807 2575 3160 2651 λυπευμένων
3217 2579 3585 2654 τεταξόμεθας
3631 2585 3692 2643 Ὁ

263 2669 421 2726 enim
467 2667 622 2722 fiscis
651 2670 754 2722 aut
803 2665 998 2739 abyssi
1047 2669 1149 2720 aut
1187 2663 1586 2721 immersionis
1633 2663 1921 2720 rationem

263 2757 571 2814 habemus.
599 2757 736 2811 Sine
757 2759 914 2811 metu
943 2759 1138 2811 autem
1176 2769 1480 2825 nunquam
1513 2753 1755 2819 erimus,
1785 2752 1922 2809 licet

263 2846 527 2920 plerique
555 2845 615 2901 id
669 2845 956 2916 ignorent.
990 2845 1150 2900 Idem
1202 2846 1360 2899 esset
1388 2843 1438 2897 si
1470 2841 1604 2914 quis
1631 2843 1857 2898 tonitru
1889 2859 1921 2898 e

263 2935 586 3009 longinquo
641 2934 911 2990 auditum
969 2933 1030 2987 in
1087 2931 1523 3004 proximitatem
1571 2931 1920 2988 transferret

267 3025 520 3082 aurium.
553 3027 668 3080 Cur
711 3023 896 3096 igitur
923 3021 1241 3078 immodico
1271 3037 1380 3077 nos
1427 3020 1738 3077 tradamus
1771 3037 1916 3076 moe-

267 3115 384 3172 rori
405 3111 435 3170 ?

328 3491 416 3546 44.
449 3491 569 3548 Hoc
621 3487 870 3546 dicendo
919 3504 1035 3545 non
1085 3487 1170 3544 ita
1215 3485 1388 3543 velim
1437 3485 1708 3559 intelligi,
1741 3487 1910 3560 quasi

2031 2663 2250 2735 πρῶτος
2283 2663 2380 2734 μὲν
2422 2662 2514 2718 καὶ
2545 2665 2574 2719 6
2633 2661 2881 2742 δεύτερος
2907 2666 2996 2720 καὶ
3030 2667 3058 2721 6
3097 2667 3279 2742 τρίτος
3328 2670 3504 2741 πάντη
3552 2673 3690 2728 πάν-

2029 2769 2140 2812 τως
2171 2755 2304 2805 Θεοῦ
2353 2749 2638 2818 ἐλεοῦντος
2691 2756 2852 2827 ἡμῶν
2913 2754 3345 2832 ἀπεσχοίνισται·
3409 2756 3531 2815 οὔτε
3581 2762 3686 2837 γὰρ

2027 2839 2248 2914 τρυγίας
2295 2840 2356 2895 τὸ
2402 2841 2503 2915 [ἐν]
2551 2843 2688 2914 ἡμῖν
2734 2849 3040 2918 θεωρεῖται,
3073 2845 3263 2908 ὁποῖος
3293 2843 3529 2924 εἷ’ρηται,
3558 2847 3688 2906 οὗδὶ

2033 2929 2142 3000 μὴν
2188 2929 2375 3003 βάθος,
2407 2928 2534 2985 ἀλλ’
2587 2928 2716 2986 οὐδὲ
2763 2927 3232 3008 καταϐαπτισμός.
3293 2931 3479 2992 Φόϐου
3525 2935 3583 2994 δέ
3631 2960 3686 2995 τι

2027 3017 2245 3080 πάντως
2273 3020 2408 3092 ἡμῖν
2474 3017 2764 3096 ἐγγίνεται·
2814 3020 2962 3092 πλὴν
3021 3021 3168 3080 ἀλλᾶ
3218 3025 3308 3079 καὶ
3366 3025 3498 3082 αὐτὸ
3555 3025 3681 3084 οὔτι

2026 3103 2331 3181 πρόδηλον,
2385 3105 2512 3163 ἀλλ’
2569 3106 2694 3164 ούδε
2747 3111 3076 3186 ἀρίγνωτον.
3135 3114 3365 3186 Ὅμοιον
3418 3111 3495 3186 δὲ,
3529 3117 3605 3180 ὡς
3634 3117 3685 3174 εἴ

2025 3194 2114 3250 καὶ
2149 3196 2382 3271 βροντὴν
2413 3202 2719 3254 κτυποῦσαν
2752 3199 2813 3255 ἐκ
2839 3199 3208 3278 πορῥωτάτων
3257 3201 3554 3280 καραδοκεῖ
3599 3227 3684 3271 τις

2026 3282 2196 3340 εἲκότι
2228 3283 2384 3362 λόγῳ
2431 3287 2816 3359 ἀκουτισθῆναι
2863 3289 2938 3354 εἷς
2986 3288 3296 3368 ἐγγύτερον.
3345 3291 3408 3348 Τί
3459 3291 3525 3364 δὴ
3587 3294 3681 3352 οὖν

2023 3375 2583 3450 κατεν[εχθ]ησόμεθα
2611 3376 2688 3439 είς
2721 3377 2978 3454 ἀμετρίαν
3011 3379 3288 3455 θλίψεως;

2097 3477 2205 3555 μδ’.
2237 3481 2412 3539 Τοῦτο
2443 3479 2502 3538 δὲ
2548 3481 2720 3560 λέγων
2772 3483 2873 3540 οὐκ
2917 3484 3238 3565 ἀπαλείφειν
3283 3483 3458 3552 ἔθέλω
3487 3489 3550 3546 τὸ
3585 3513 3684 3565 με.

257 3595 462 3638 curam
479 3595 544 3636 ac
563 3577 1003 3636 solicitudinem
1049 3576 1332 3650 temporis
1355 3575 1536 3632 futuri
1569 3575 1865 3634 abolerem
1890 3594 1905 3647 ;

2027 3575 2229 3666 ριμνᾷν
2373 3573 2536 3666 ἡμῶν
2582 3569 2717 3666 ὀὔτε
2761 3573 2826 3666 t6
2872 3574 2996 3666 περὶ
3043 3579 3146 3666 τῆς
3197 3575 3406 3652 αὔριον,
3453 3575 3578 3636 οὔτε
3616 3583 3680 3638 τὸ

257 3671 378 3726 imo
409 3669 470 3724 id
501 3672 730 3725 tantum
761 3683 968 3724 moneo
985 3683 1058 3724 ne
1087 3666 1267 3723 nimis
1299 3665 1766 3739 afﬂigamur,sed
1790 3682 1910 3722 mo-

259 3761 403 3816 dum
433 3758 494 3814 in
525 3775 593 3814 ea
620 3773 852 3830 quoque
883 3773 944 3813 re
992 3757 1392 3814 observemus.
1425 3755 1542 3812 Cur
1583 3754 1738 3811 enim
1788 3771 1910 3812 me-

259 3865 392 3905 rum
430 3847 490 3904 in
545 3848 710 3904 vobis
759 3846 1095 3920 exstirpem,
1128 3862 1264 3903 cum
1323 3845 1506 3902 sciam
1565 3849 1790 3901 metum
1849 3847 1910 3902 in

258 3937 555 4012 plerisque
582 3954 704 3994 rem
735 3953 865 3994 esse
896 3935 1216 3992 salutarem
1237 3936 1266 3990 ?
1293 3934 1595 4002 Quomodo
1618 3935 1910 3992 afﬁrmem

265 4043 569 4084 mmrorem
618 4041 852 4098 semper
902 4025 1243 4082 ablaturum
1295 4040 1424 4080 esse
1470 4022 1644 4080 abiis
1693 4023 1910 4096 quibus

261 4117 426 4174 locus
447 4114 883 4174 lamentationis
907 4115 1239 4187 assignatus
1258 4117 1384 4182 est;
1409 4113 1510 4184 qui
1543 4112 1721 4168 vitam
1755 4112 1912 4170 curis

258 4210 590 4279 exemptam
647 4205 923 4279 ignorant
973 4229 988 4274 ;
1046 4205 1266 4276 quibus
1335 4207 1494 4260 terra
1548 4202 1798 4259 carduus
1855 4207 1914 4260 et

255 4297 462 4354 folium
511 4295 718 4368 gignit.
749 4297 872 4360 Quo
903 4293 1080 4366 igitur
1105 4291 1392 4365 vituperio
1441 4308 1550 4348 nos
1580 4309 1698 4348 non
1747 4293 1914 4366 digni

252 4389 476 4442 erimus
529 4385 634 4458 qui
689 4400 937 4441 maerore
993 4381 1247 4456 exempli
1298 4381 1399 4438 Dei
1453 4381 1913 4440 obliviscimur?

246 4473 448 4530 Melior
477 4473 634 4530 enim
667 4490 784 4530 non
816 4477 905 4529 est
937 4475 1258 4544 praeceptor
1307 4486 1575 4526 maerore.
1608 4469 1753 4526 Gum
1784 4481 1911 4536 curi

248 4563 535 4621 memoria
585 4562 686 4619 Dei
735 4562 1064 4618 revertitur.
1096 4561 1354 4617 Vexatur
1399 4559 1663 4632 aliquis?
1709 4561 1910 4615 statim

247 4653 452 4710 audies
510 4657 775 4708 orantem
827 4669 840 4708 :
903 4649 1170 4722 Domine,
1221 4650 1366 4722 juva
1409 4667 1424 4718 ;
1477 4651 1581 4704 aut
1639 4648 1911 4720 Domine,

246 4743 528 4800 miserere
558 4743 674 4799 mei
700 4767 715 4812 ;
748 4745 806 4798 et
829 4743 948 4812 jam
987 4739 1083 4797 Dei
1115 4739 1302 4796 sancti
1349 4738 1709 4794 clamoribus
1740 4737 1910 4796 solli-

240 4833 520 4890 citantur.
575 4831 636 4890 Si
686 4848 717 4888 e
765 4835 972 4888 contra
1031 4846 1136 4902 per
1191 4827 1429 4902 aliquod
1487 4832 1724 4902 tempus
1781 4829 1909 4887 sine

2021 3659 2108 3715 ἐπὶ
2139 3665 2260 3723 ταῖς
2311 3659 2519 3740 ἐφεξῆς·
2576 3661 2722 3718 ἀλλὰ
2767 3663 2830 3720 τὸ
2881 3662 3002 3720 λίαν
3035 3665 3246 3744 ἀπάγῳ,
3278 3667 3378 3737 τὴν
3441 3665 3680 3745 ὑπερϐο-

2020 3746 2126 3819 λὴν
2180 3747 2410 3820 ἐλαττῶ,
2470 3752 2568 3822 τὴν
2629 3753 2886 3828 ἀμετρίαν
2921 3750 3038 3830 ἄγω
3086 3754 3162 3818 εἷς
3207 3753 3537 3833 σύμμετρον.
3584 3759 3679 3823 Εἰς

2018 3837 2071 3893 τί
2101 3839 2206 3914 γὰρ
2254 3838 2344 3894 καὶ
2374 3839 2728 3917 πειράσομαι,
2763 3841 2820 3896 τὸ
2868 3839 2987 3906 δέος
3035 3841 3088 3898 ἐν
3135 3846 3271 3918 ἡμῖν
3319 3846 3676 3924 καταῤῥίῴαι,

2021 3928 2050 3982 6
2079 3928 2290 4000 μαθὼν,
2322 3935 2524 4004 χρῆναι
2566 3929 2656 3984 καὶ
2715 3927 2834 3993 δέος
2877 3929 2928 3985 ἐν
2988 3929 3228 3998 πολλοῖς
3283 3935 3495 3992 ἐστάναι
3552 3938 3675 3993 καί·

2021 4036 2137 4091 ριον
2167 4037 2180 4087 ;
2214 4021 2338 4080 Πῶς
2366 4014 2412 4072 δ’
2460 4015 2524 4072 ἂν
2575 4017 2950 4096 ἐγγυησαίμην
3001 4019 3064 4075 τὸ
3122 4018 3355 4094 ἄλυπον,
3389 4026 3474 4088 οἷς
3507 4026 3535 4080 6
3577 4029 3674 4080 τοῦ

2019 4104 2381 4180 κλαυθμῶνος
2411 4108 2580 4172 τόπος
2615 4107 2994 4179 ἀποτέτακται,
3049 4111 3127 4172 εἷς
3186 4109 3366 4175 οὐδεὶς
3415 4107 3672 4190 ἕγνῶσται

2026 4195 2144 4270 βίος
2196 4193 2430 4263 ἄλυπος,
2489 4197 2571 4260 οἷς
2622 4197 2844 4254 ἄκανθαι
2889 4198 2979 4254 καὶ
3021 4194 3278 4274 τρίϐολοι
3327 4209 3491 4279 γῆθεν
3543 4204 3674 4260 ἀνα-

2017 4283 2232 4341 τὲλλειν
2286 4286 2366 4350 είς
2411 4285 2746 4366 ἐπιστροφὴν
2798 4286 3172 4366 ἐπετάχθησαν
3201 4333 3215 4358 ,
3297 4292 3457 4370 φάναι
3508 4291 3568 4348 δὲ
3615 4295 3680 4350 τὸ

2023 4373 2238 4448 μᾶλλον
2271 4375 2702 4451 ἐπιστρεπτικὸν,
2752 4374 2804 4432 o'l
2851 4377 3200 4454 χρονίζοντες
3247 4375 3447 4436 ἄλυποι
3482 4377 3680 4438 ἐκλαν-

2021 4464 2293 4538 θανόμεθα
2341 4471 2515 4537 Θεοῦ;
2769 4467 2874 4544 γὰρ
2934 4465 3076 4524 ἔστιν
3133 4472 3268 4543 ἡμῖν
3327 4467 3681 4548 παιδαγωγὸς

2019 4551 2262 4611 καλλίων
2294 4562 2392 4627 τῆς
2453 4554 2655 4628 λύπης.
2716 4558 2863 4631 Ἅμα
2896 4555 3072 4629 λύπη,
3114 4560 3206 4614 καὶ
3254 4558 3446 4616 αὐτίκα
3481 4563 3675 4637 μνήμη

2019 4648 2172 4700 Θεοῦ.
2207 4644 2454 4715 Κνίζεται
2517 4665 2625 4716 τις,
2681 4644 2774 4700 καὶ
2815 4645 2904 4702 ἐπὶ
2965 4646 3237 4722 στόματος
3288 4646 3454 4704 αὐτοῦ
3514 4650 3676 4714 εὐθὺς

2016 4733 2100 4790 τό·
2139 4759 2158 4786 α
2195 4733 2362 4810 Κύριε
2409 4735 2621 4812 βοήθει·
2681 4757 2710 4788 ››
2767 4735 2886 4791 Καίο
2948 4760 2978 4790 ‹‹
3033 4737 3208 4814 κύριε,
3267 4735 3520 4810 ἐλὲησοψ
3580 4741 3672 4797 καὶ

2017 4820 2488 4900 παρενοχλοῦνται
2546 4823 2701 4900 βοαῖς
2746 4824 2798 4878 οἱ
2854 4827 2952 4880 τοῦ
2997 4829 3130 4880 Θεοῦ
3180 4827 3347 4903 ἅγιοι.
3399 4828 3668 4904 Διάγομεν

236 4922 521 4980 aerumnis
549 4920 974 4990 sumus,Deum
1005 4920 1278 4976 invocare
1308 4917 1677 4988 desistimus,
1709 4914 1902 4976 sancti

2027 4915 2203 4990 ιιαιρόν
2233 4935 2354 4969 τινα
2384 4912 2566 4985 λύπης
2599 4910 2752 4990 δίχα,
2783 4914 2875 4968 καὶ
2911 4913 3089 4989 ὀψίζει
3137 4916 3266 4991 παρ’
3293 4919 3430 4991 ἡμῖν
3461 4918 3524 4972 τὸ
3555 4917 3672 4974 ἐπι-

233 5015 364 5085 ejus
391 5017 450 5070 et
487 4974 726 5086 hymniw
1114 4974 1398 5066 bonorem
1448 4974 1677 5081 scripti.
1703 4974 1892 5082 negli-

2027 5001 2284 5060 ωλεῖσθαι
2331 5003 2482 5059 Θεόν·
2533 5003 2623 5058 καὶ
2675 5003 2730 5058 οἱ
2791 5004 2885 5076 μὲν
2931 5003 3101 5059 αὐτοῦ
3149 5005 3294 5082 ἅγιοι
3339 5006 3429 5062 καὶ
3459 5007 3528 5062 τὰ
3584 5006 3670 5062 ἐπ’

231 5103 638 5176 guntur;jam
687 5099 846 5158 enim
895 5100 1100 5173 lingua
1145 5099 1306 5155 canit
1335 5097 1560 5167 sordes,
1594 5096 1696 5154 Dei
1741 5097 1890 5156 iram

2027 5093 2185 5156 ιύτοῖς
2214 5091 2428 5168 ᾅσματα
2475 5091 2812 5148 ἐκκλείονται
2867 5097 2964 5148 τοῦ
3024 5093 3320 5170 στόματος,
3371 5095 3655 5170 ᾀσματίζει

229 5197 528 5267 provocat,
559 5208 668 5248 nos
699 5207 834 5248 vero
861 5193 1138 5248 canentes
1167 5187 1510 5258 corrumpit.

297 5373 386 5429 45.
410 5371 538 5429 Non
561 5370 745 5444 igitur
764 5369 822 5426 id
845 5367 1139 5443 praecipio,
1174 5372 1240 5424 ut
1276 5366 1528 5424 tristitia
1578 5366 1882 5423 renuntie-

1999 5181 2058 5239 δὲ
2087 5185 2122 5254 ἡ
2153 5181 2395 5258 γλῶσσα,
2450 5181 2548 5238 ὅσα
2601 5182 2693 5238 καὶ
2745 5181 2912 5254 αὐτὴν
2972 5182 3218 5258 μολύνει,
3283 5185 3373 5240 καὶ
3402 5182 3493 5239 τὸν
3525 5181 3651 5235 Θεὸν

1995 5273 2306 5350 παροξύνει,
2339 5271 2429 5328 καὶ
2459 5273 2610 5346 ἡμᾶς
2657 5271 2877 5327 κακύνει
2904 5271 3034 5336 τοὺς
3061 5267 3310 5344 ᾅδοντας.

2067 5364 2167 5435 με’.
2203 5361 2280 5420 Οὐ
2310 5360 2490 5418 τοίνυν
2539 5357 2804 5435 παιδεύω,
2863 5362 2938 5435 μὴ
2995 5361 3278 5418 λυπεῖσθαι
3333 5357 3484 5430 (αὐτὸ
3549 5353 3645 5429 μὲν

225 5459 302 5516 tis
333 5461 513 5533 (quod
537 5441 643 5516 nec
665 5460 790 5516 ﬁeri
813 5441 1000 5532 potest
1064 5475 1170 5515 nec
1209 5457 1366 5515 enim
1417 5456 1530 5512 nisi
1575 5455 1882 5529 possibilia

2027 5451 2089 5528 ἄρ
2119 5450 2207 5507 καὶ
2270 5449 2554 5507 ἀδύνατονο
2589 5452 2624 5522 ἡ
2681 5447 2740 5504 δὲ
2786 5447 3066 5513 παίδευσις
3114 5447 3200 5503 ἐπὶ
3253 5450 3371 5510 τοῖς
3427 5441 3652 5518 δυναμέ-

227 5527 432 5602 docere
462 5548 786 5620 convenit);
811 5527 912 5606 sed
934 5553 1001 5606 ut
1027 5545 1374 5621 afﬂigamini
1405 5550 1462 5602 et
1489 5527 1724 5603 solliciti
1747 5545 1878 5604 sitis

2027 5527 2101 5602 οις
2132 5531 2416 5615 γίνεσθαι),
2465 5538 2612 5596 ἀλλᾶ
2644 5539 2866 5616 βάπτειν
2919 5540 3012 5613 μὲν
3063 5537 3137 5598 εἰς
3163 5535 3342 5606 λύπην
3374 5527 3646 5612 ἔμφρονα,

223 5636 294 5690 de
349 5635 524 5689 rebus
584 5634 891 5709 luctuosis,
925 5642 983 5695 et
1041 5635 1318 5710 quaeratis
1376 5636 1873 5693 medicamentum

2027 5629 2074 5685 ιὶ
2103 5628 2188 5703 ἐφ’
2217 5632 2303 5692 οἷς
2333 5631 2470 5706 χρὴ,
2529 5629 2656 5706 παρ’
2715 5629 2850 5686 αὖτὰ
2879 5626 2934 5684 δὲ
2966 5629 3253 5703 μεριμνᾷν,
3319 5623 3644 5702 ἐξευρίσκειν

219 5721 371 5791 quod
405 5735 580 5776 curas
607 5719 860 5794 abigere,
885 5732 942 5782 et
975 5743 1090 5798 quo
1117 5725 1293 5782 homo
1325 5724 1582 5782 afﬂictus
1605 5740 1870 5781 morsum

2027 5723 2042 5776 ὁ
2085 5717 2376 5794 λαθικηδὶς
2419 5724 2508 5778 καὶ
2577 5726 2754 5778 κακῶν
2808 5719 3066 5789 ἐπίληθον
3123 5716 3373 5774 ἁπάντων
3422 5718 3645 5798 φάρμα-

213 5806 446 5863 fatalem
497 5819 714 5863 sanare
741 5813 952 5872 valeat.
985 5813 1172 5886 Hujus
1203 5817 1400 5870 autem
1451 5813 1868 5871 medicamenti

2027 5831 2094 5882 ›ν,
2130 5807 2200 5866 δι’
2248 5811 2312 5866 οὗ
2355 5809 2680 5884 ἀλεξικάκου
2723 5811 2788 5868 τὸ
2834 5805 3102 5886 θηριῶδες
3153 5805 3343 5886 δῆγμα
3387 5813 3488 5880 τῆς
3538 5803 3646 5862 λύ-

1042 6351 1118 6356 ει,
1209 6355 1230 6358 _
1561 6364 1566 6366 _
