4082 6350
360 443 477 500 ’11³7

1380 444 1461 503 ΙΝ
1504 445 1571 505 S.
1618 440 2299 515 OUADRAGESIMAM
2345 440 2638 503 ORATIO
2690 442 2795 502 ιν.

3663 442 3786 504 ’118

353 592 464 642 πης
513 570 978 646 ἂιπαλειφθήσεται
1046 572 1073 626 6
1123 571 1487 645 λυπούμενος.
1544 578 1649 628 Τοῖ’)
1708 570 1766 628 δὲ
1826 570 2008 628 τοιού-

2126 572 2493 644 dispensator
2521 576 2612 629 est
2640 574 2814 641 Deus,
2841 572 2942 645 qui
2968 587 3204 628 omnem
3236 573 3494 645 corporis
3521 574 3788 632 inﬁrmi-

354 680 450 714 του
508 659 953 736 ἀλεξιφαρμάκου
1000 662 1253 737 χορηγὸς
1306 662 1334 715 6
1380 660 1532 727 Θεὸς,
1568 661 1783 732 ἀπάσης
1841 681 2008 737 καχε-

354 748 468 819 ξίας
528 749 993 823 οεραπευτής,είς
1055 750 1112 803 ὃν
1170 749 1447 814 ἀναθέντες
1478 753 1628 824 ἡμᾶς
1672 750 1867 814 αὐτοὺς
1922 752 2012 805 θι-

354 838 833 912 ραπευθησόμεθα,
865 838 1139 913 χαρέντες,
1173 839 1262 893 καὶ
1313 838 1455 893 οὕτω
1510 842 1611 910 τήν
1668 838 1848 910 λύπην
1907 839 2015 913 έξε-

355 928 634 988 Λάσαντες.
684 926 745 980 Τί
821 927 924 1001 γὰρ
990 923 1131 982 ἄλλο
1189 926 1445 998 ποιητέον
1511 927 1561 981 ὲν
1620 933 1738 990 τοῖς
1799 929 1875 1001 μὴ
1935 925 2014 1004 ἐφ’

353 1013 581 1089 ἡμῖν,
634 1016 847 1077 πάντως
902 1016 964 1070 τὸ
1022 1014 1109 1069 ἐπὶ
1167 1017 1303 1088 ἡμῖν
1365 1016 1574 1089 αὐτοῖς,
1628 1018 1794 1092 οὗπερ
1854 1018 2016 1088 ἡμεῖς

356 1102 510 1176 ἐσμεν
555 1102 777 1180 κύριοις
838 1103 1171 1178 Κυριεύομεν
1237 1102 1296 1159 δὲ
1364 1104 1414 1160 ἐν
1482 1104 1679 1167 λύπαις
1736 1104 2016 1168 τοιαύταις

354 1194 443 1248 καί
511 1187 705 1269 φόϐοις
771 1193 1141 1265 ἐπικειμένοις
1194 1193 1512 1269 ἀμηχάνοις
1585 1199 1683 1249 τοῦ
1757 1192 2013 1258 δέεσθαι⁶

354 1279 560 1337 δέεσθαι
601 1279 659 1336 δὶ
704 1282 766 1337 ού
814 1286 916 1336 τοῦ
944 1282 1310 1358 τυγχάνοντος
1350 1282 1676 1358 ἀμύντορος,
1707 1281 1856 1338 ἀλλὰ
1918 1287 2017 1337 τοῦ

351 1370 749 1428 δυνατωτάτου.
806 1374 1070 1434 Τοιοῦτος
1131 1369 1187 1426 δὲ
1248 1373 1277 1426 6
1334 1372 1466 1435 Θεὸς
1526 1376 1634 1427 τῶν
1695 1370 2013 1445 δυνάμεων·

349 1458 514 1515 αὐτοῦ
569 1457 670 1531 ἄρα
720 1461 811 1514 καὶ
858 1457 1102 1531 δεητέον,
1146 1464 1244 1515 τοῦ
1296 1460 1524 1523 καὶτὰς
1586 1458 1795 1523 δικαίας
1850 1460 2018 1535 εὐχὰς

350 1549 439 1605 καὶ
504 1549 601 1611 τὰς
658 1549 855 1623 ἀγαθὰς
918 1548 1148 1612 ἐλπίδας
1220 1548 1705 1628 τελεσφοροῦντος.
1768 1551 2016 1626 Ἰσχυρὸς

346 1638 506 1702 αὐτὸς
560 1638 748 1712 μόνος’
784 1636 870 1693 διὸ
926 1639 1015 1694 καὶ
1074 1641 1295 1710 ποιήσει
1354 1637 1583 1715 ῥᾳδίως.
1635 1646 1692 1697 Ὁ
1752 1638 1798 1695 δ’
1856 1639 2016 1703 αὐτὸς

345 1728 436 1783 καὶ
498 1728 890 1802 μακρόθυμος’
926 1729 987 1782 οὗ
1046 1728 1211 1803 χάριν
1276 1735 1542 1805 μακρυνεῖ
1602 1729 1698 1792 τὰς
1748 1729 2019 1803 ἁμαρτίας

346 1820 526 1891 ἡμῶν,
580 1817 670 1872 καὶ
729 1817 972 1872 ἱλάσεται
1032 1820 1193 1890 ἡμῖν,
1246 1819 1396 1894 εἱπερ
1459 1822 1495 1888 ἡ
1563 1817 1748 1885 δέησις
1800 1817 2020 1889 ἐκτενής

2128 667 2307 718 tatem
2338 666 2528 718 sanat.
2552 664 2611 718 In
2632 679 2766 718 eum
2799 664 2999 736 itaque
3027 678 3261 718 omnem
3281 680 3443 735 spem
3466 681 3782 737 ponamus,

2125 754 2182 807 et
2212 751 2576 821 sanabimur,
2610 758 2667 807 et
2706 753 3099 824 gaudebimus
3151 752 3310 807 omni
3346 752 3497 809 malo
3527 753 3783 813 liberati.

2128 839 2274 905 Quid
2307 840 2462 895 enim
2519 840 2675 895 aliud
2727 842 3062 897 faciendum
3112 840 3289 898 estin
3321 841 3395 898 iis
3443 858 3574 914 quas
3604 860 3784 915 penes

2128 944 2235 983 nos
2267 945 2380 983 non
2427 933 2590 997 sunt,
2622 937 2725 985 aut
2763 929 2955 1001 potius
3001 928 3062 984 in
3095 929 3167 985 iis
3198 928 3346 1001 ipsis
3378 946 3504 1002 quaa
3537 948 3571 987 a
3614 932 3786 989 nobis

2127 1016 2430 1089 pendent?
2461 1018 2523 1073 In
2558 1018 2839 1074 aerumnis
2872 1023 3067 1075 autem
3099 1023 3157 1075 et
3189 1023 3350 1074 metu
3381 1035 3516 1075 cum
3550 1037 3785 1089 sumus,

2128 1106 2399 1177 precibus
2430 1123 2606 1179 quem
2637 1108 2911 1165 volumus
2960 1108 3121 1164 adire
3154 1124 3499 1180 possumus,
3533 1111 3636 1167 sed
3665 1127 3784 1167 non

2127 1196 2197 1250 ad
2232 1211 2664 1269 quemcunque,
2698 1198 2798 1254 sed
2825 1197 3305 1269 potentissimum
3328 1200 3599 1255 accedere
3620 1215 3791 1273 expe-

2127 1284 2231 1340 dit.
2266 1285 2368 1340 Est
2415 1290 2610 1341 autem
2659 1286 2755 1341 hic
2804 1291 2955 1343 Deus
3003 1286 3337 1357 virtutum;
3388 1288 3579 1360 ipsius
3609 1289 3793 1362 igitur

2128 1374 2416 1430 auxilium
2464 1373 2872 1447 imploremus,
2914 1375 3014 1447 qui
3062 1392 3264 1448 preces
3311 1377 3502 1447 iustas
3550 1381 3608 1433 et
3654 1395 3792 1452 spes

2127 1464 2315 1520 bonas
2346 1464 2418 1519 ad
2444 1464 2663 1520 exitum
2682 1466 3000 1537 perducere
3015 1465 3187 1521 valet.
3219 1471 3369 1522 Deus
3396 1467 3559 1522 solus
3583 1467 3790 1539 fortis;

2128 1552 2345 1608 idcirco
2377 1552 2543 1607 facile
2566 1553 2845 1625 perﬁciet.
2870 1555 3026 1610 Idem
3045 1570 3182 1611 vero
3214 1555 3390 1610 etiam
3411 1554 3792 1627 longanimus

2130 1646 2255 1708 est;
2317 1657 2497 1713 quare
2555 1646 2797 1714 peccata
2855 1647 3059 1699 nostra
3117 1644 3395 1700 diminuit
3453 1650 3512 1701 et
3557 1646 3789 1703 veniam

2132 1731 2302 1786 nobis
2352 1732 2554 1801 donat,
2588 1733 2910 1789 dummodo
2960 1748 3163 1804 preces
3210 1750 3277 1789 ex
3315 1738 3441 1790 tota
3491 1734 3691 1790 anima
3722 1752 3791 1791 ac

2130 1825 2253 1876 tota
2297 1825 2493 1876 mente
2538 1824 2594 1877 et
2643 1836 2673 1876 e
2721 1838 2869 1893 puro
2918 1839 3016 1878 ore
3064 1824 3390 1896 prodeant;
3442 1827 3593 1880 Deus
3632 1824 3791 1882 enim

341 1907 434 1961 καὶ
494 1906 545 1977 ἐξ
599 1904 739 1978 ὅλης
768 1910 955 1983 ψυχῆς
1013 1907 1104 1962 καὶ
1162 1905 1404 1970 διανοίας
1453 1909 1544 1963 καὶ
1598 1912 1838 1982 καθαροῦ
1896 1908 2014 1962 στό-

2131 1926 2245 1965 non
2264 1913 2565 1982 exspectat
2580 1911 2764 1966 donec
2781 1910 3076 1967 desideria
3101 1914 3304 1968 nostra
3324 1912 3790 1985 exposuerimus;

352 2015 561 2069 ματος’
609 1996 667 2057 ’ὸς
717 1993 843 2051 οὐδὲ
903 1995 1161 2070 ἀναμένει
1228 1994 1633 2073 διαρθρωθῆναι
1687 1998 1779 2053 τὸν
1828 1994 2022 2069 δεητή-

350 2107 491 2161 ριον,
538 2084 666 2141 ἀλλ’
697 2082 775 2140 ἔτι
833 2083 1139 2149 λαλοῦντός
1192 2108 1343 2148 τινος
1393 2086 1680 2162 πάρεστιν.
1729 2088 2020 2161 Ἐπιθυμεῖ

345 2174 451 2250 γὰρ
512 2171 757 2245 δέξασθαι
816 2174 1022 2229 ἱκεσίαν
1100 2174 1329 2251 ἔλλογον
1407 2176 1495 2231 καὶ
1568 2176 1839 2254 εὐεργεσίᾳ
1922 2180 2020 2231 τοῦ

349 2261 798 2327 θεοκλυτοῦντος.
848 2264 917 2318 ”Η
984 2265 1087 2341 γὰρ
1166 2264 1420 2340 βασιλεὺς
1500 2266 1593 2341 μὲν
1652 2265 1877 2342 ἀγαθὸς,
1939 2266 2015 2338 μή

345 2353 683 2430 εὐεργετικὸς
747 2358 1039 2431 προσφυῶς
1100 2355 1158 2409 ἂν
1223 2354 1372 2432 λέγοι
1413 2357 1473 2410 τό
1537 2377 1622 2410 τιο
1680 2381 1707 2408 (ι
1762 2358 2017 2432 Σήμερον

341 2442 441 2498 οὐκ
471 2437 813 2498 ἐϐασίλευσα·
849 2441 975 2497 οὐδὲ
1004 2445 1104 2520 γὰρ
1163 2444 1434 2521 εὐηργέτη
1451 2467 1516 2500 κα
1545 2472 1559 2517 ;
1592 2467 1616 2498 ιι
1654 2447 1711 2498 Ὀ
1771 2443 1828 2500 δὶ
1885 2446 2016 2514 Θεὸς

342 2532 600 2604 ἀνέξεται,
665 2533 740 2605 μή
803 2529 1174 2597 ἀδιαλείπτως
1238 2533 1567 2611 εὐεργετεῖν,
1622 2539 1785 2590 τοῦτο
1840 2532 2020 2605 διηνε-

335 2621 427 2683 κὶς
483 2616 642 2697 ἔργον
697 2621 900 2677 αὐτοῦς
936 2620 1050 2677 ἐπεὶ
1112 2624 1203 2678 καὶ
1263 2622 1564 2701 αὐτάγαθός
1624 2623 1731 2681 ἐστι
1781 2624 1870 2680 καὶ
1927 2624 2020 2679 αὖ-

340 2704 688 2773 τοϐασιλεύς.
760 2712 853 2766 Διὸ
904 2712 995 2765 καί
1059 2708 1354 2786 λαμϐάνων
1417 2711 1623 2784 δέησιν,
1687 2713 1784 2770 οὐκ
1846 2714 2021 2785 ἀνέξε-

344 2820 455 2869 ται,
491 2800 566 2873 μὴ
596 2799 781 2855 κλίναι
836 2802 899 2855 τὸ
958 2801 1051 2864 οὖς
1101 2824 1216 2875 σου,
1250 2805 1337 2858 καὶ
1395 2803 1692 2860 ἐπακοῦσαι
1748 2804 1824 2867 είς
1886 2804 2015 2880 ἀγα-

354 2888 471 2959 θὸν,
526 2887 667 2945 ἀλλὰ
733 2894 1107 2966 συμμετρήσει
1162 2898 1242 2965 τῷ
1313 2898 1409 2947 τοῦ
1466 2891 1720 2950 κινδύνου
1766 2896 1856 2950 καὶ
1912 2899 2010 2949 τοῦ

352 2972 521 3055 φόϐου
576 2984 751 3055 καιρῷ
798 2981 888 3035 καὶ
942 2982 1041 3050 τὴν
1103 2982 1375 3058 σύναρσιν.
1429 2982 1639 3041 Μέλλει
1702 2986 1762 3040 τὸ
1819 2986 2008 3056 κακὸν,

346 3068 434 3123 καὶ
487 3065 867 3124 διαεκεδάσει·
923 3070 1144 3148 ἐγγίζει,
1202 3072 1293 3127 καὶ
1349 3072 1642 3130 ἀπώσεται.
1688 3074 1846 3132 Ἀλλ’
1896 3072 2006 3146 ἤδη

342 3155 601 3235 ἐφῆπται,
653 3157 743 3211 καὶ
791 3157 843 3212 ἐν
890 3164 1015 3234 χρῷ
1057 3158 1283 3235 γέγονε·
1332 3160 1421 3215 καὶ
1468 3160 1633 3236 ψύξας
1702 3164 1888 3237 ἡσυχῆ
1943 3162 2005 3216 τὸ

348 3244 509 3321 βέλος
538 3244 795 3319 ἐπιπνοίᾳ
844 3248 978 3321 θείᾳ,
1012 3250 1225 3325 στρέψει
1290 3249 1483 3306 ὀπίσω.
1516 3252 1587 3306 Τὸ
1647 3248 1704 3306 δὶ
1750 3250 2002 3307 καινότα-

339 3354 454 3391 τον’
488 3337 849 3411 ἀντιστρέψει,
880 3339 967 3393 καὶ
1032 3322 1108 3401 εἰς
1156 3322 1263 3410 τὴν
1309 3344 1406 3395 τοῦ
1458 3340 1723 3416 βαλόντος
1772 3339 1996 3418 καρδίαν
2032 3322 2077 3390 C

341 3424 599 3500 ἐμπήξει,
657 3431 905 3491 τοιοῦτος
994 3429 1157 3491 αὐτὸς
1245 3429 1532 3507 ἐπίκουρος
1610 3429 1808 3487 ἄνωθεν
1885 3438 2004 3496 τοῖς

340 3513 830 3591 προκαλουμένοις
862 3516 1046 3573 αὐτόν.

413 3642 523 3714 μς’.
556 3642 701 3716 Ἐγὼ
735 3638 795 3696 δὲ
849 3663 942 3697 και
973 3641 1115 3698 ἄλλο
1146 3645 1285 3721 πρὸς
1309 3646 1651 3721 παραμυθίαν
1713 3647 1840 3721 ὑμῖν
1900 3645 2008 3723 ἐρῶ

344 3730 771 3785 πειστικώτατόν
854 3753 906 3786 τι
974 3733 1064 3787 καὶ
1141 3732 1608 3790 λυσιτελέστατον.
1659 3736 2010 3812 Ἀνενέγκατε

341 3821 421 3893 τῇ⁴
444 3821 636 3893 μνήμῃ
670 3820 765 3882 τὰς
794 3821 977 3897 ψυχὰς
1038 3823 1113 3885 εἷς
1165 3823 1255 3878 τὸν
1312 3820 1487 3879 ἔνθεον
1531 3824 1690 3898 ἡμῶν
1750 3826 2015 3900 αὐτοκρά-

339 3928 495 3982 τορα,
526 3910 615 3963 καὶ
675 3907 744 3963 δι’
804 3909 1010 3965 ἐκείνου
1070 3911 1159 3966 καὶ
1221 3916 1669 3990 παρηγορήθητε,
1717 3916 1807 3971 καὶ
1870 3917 2011 3991 βοή-

346 4006 493 4059 θειαν
552 3995 798 4072 εὑρέσθαι
877 3999 1185 4056 σπεύσατε·
1245 4002 1334 4057 καὶ
1390 4004 1652 4077 βοηθήσει
1719 4005 1812 4077 μὲν
1872 4007 2008 4077 ἡμῖν

348 4084 551 4149 ἐκεῖνος
609 4088 699 4141 καὶ
778 4086 989 4144 οἷ’κοθεν
1045 4088 1229 4166 ἔργοις
1286 4092 1596 4168 βασιλικοῖς
1649 4092 1738 4147 καί
1796 4114 2016 4170 προμη-

351 4172 469 4245 θείᾳ
529 4175 662 4248 θείᾳ,
722 4178 834 4253 οὐχ
876 4179 1072 4249 ἥκιστα
1130 4178 1188 4235 δὲ
1240 4182 1353 4252 καὶ,
1414 4179 1563 4257 εἷ’περ
1623 4182 1810 4258 εὐχαῖς
1879 4183 2009 4238 Θεὸν

351 4260 627 4335 πείθομεν,
668 4269 1089 4343 συνεφάπτεσθαι
1147 4274 1254 4324 τῶν
1315 4266 1490 4345 ἔργων
1548 4271 1717 4343 αὐτῷ,
1750 4270 1839 4327 καὶ
1887 4293 2013 4346 συγ-

350 4351 683 4414 κατευθύνειν
740 4357 805 4411 τὸ
865 4354 995 4433 δόρυ
1058 4359 1193 4414 κατὰ
1266 4359 1443 4431 πάσης
1502 4358 1848 4434 παλαμναίας
1906 4362 2012 4439 φά-

352 4437 560 4517 λαγγος
650 4444 981 4523 ἀντιμάχου.
1039 4450 1493 4524 ΙΙαρηγορήσεται
1577 4447 1635 4505 δὶ
1713 4457 1829 4514 τοῖς
1892 4437 2012 4515 καθ’

348 4530 560 4599 ἑαυτὸν,
616 4535 706 4589 καὶ
776 4538 861 4599 οἷς
920 4537 1002 4593 ἀεὶ
1053 4544 1298 4595 πονεῖται
1359 4540 1489 4616 ὑπὲρ
1548 4544 1658 4596 τῶν
1715 4541 1810 4596 τοῦ
1855 4544 2010 4599 Θεοῦ.

350 4616 547 4675 Οἴδατε
576 4620 816 4695 πάντως,
849 4627 945 4696 ὡς,
981 4626 1164 4700 ἐξότου
1212 4630 1239 4683 6
1299 4630 1573 4705 βασίλειος
1626 4630 1786 4685 αὐτὸν
1844 4628 2015 4705 ἔλαχε

2131 2015 2266 2055 nam
2297 1998 2572 2071 loquente
2614 2003 2671 2053 te
2702 1999 2917 2069 adhuc,
2952 2000 3081 2071 jam
3130 2001 3314 2057 adest.
3361 1999 3504 2057 Vult
3534 2017 3794 2075 namque

2131 2094 2192 2140 ut
2249 2085 2350 2157 qui
2402 2085 2770 2158 supplicatur
2818 2087 3147 2143 secundum
3202 2088 3492 2144 rationem
3538 2092 3596 2144 et
3639 2089 3793 2147 bene

2128 2191 2379 2245 operans
2428 2191 2490 2230 se
2537 2176 2726 2231 adeat.
2780 2175 2936 2233 Num
2986 2192 3085 2232 rex
3132 2177 3326 2233 bonus
3376 2177 3637 2249 quidem,
3678 2180 3785 2237 sed

2129 2264 2330 2319 minus
2360 2264 2680 2335 beneficus,
2708 2264 2928 2321 diceret
2958 2281 2973 2321 :
3003 2265 3181 2321 Hodie
3210 2282 3324 2322 non
3359 2266 3629 2338 regnavi;
3664 2284 3784 2325 non

2128 2352 2285 2408 enim
2312 2353 2620 2410 benefeci?
2666 2354 2822 2410 Deus
2870 2357 3068 2410 autem
3117 2371 3234 2411 non
3283 2371 3518 2427 semper
3541 2356 3783 2413 benefa-

2128 2442 2267 2512 ciat,
2299 2460 2434 2499 cum
2465 2444 2525 2498 id
2551 2442 2603 2499 ei
2635 2442 2929 2515 peculiare
2958 2445 3071 2514 sit;
3124 2444 3356 2501 bonitas
3399 2445 3500 2517 qui
3530 2450 3621 2502 est
3647 2446 3783 2519 ipsa

2126 2537 2183 2589 et
2209 2550 2309 2589 rex
2339 2532 2749 2589 universorum
2772 2533 2800 2587 Ἰ
2831 2533 3035 2605 Itaque
3064 2549 3266 2607 preces
3291 2540 3426 2591 tuas
3456 2534 3780 2593 admittens

2127 2622 2187 2677 in
2216 2623 2593 2679 commodum
2641 2623 2877 2695 quidem
2907 2628 3077 2680 tuum
3124 2628 3305 2680 vertet
3332 2627 3596 2696 tempore
3628 2625 3782 2698 peri-

2126 2711 2239 2767 culi
2262 2717 2331 2767 ret
2358 2712 2611 2768 timoris.
2643 2716 2964 2769 Cunctatur
2989 2712 3211 2769 malum
3248 2732 3263 2770 :
3296 2715 3556 2770 destruet
3586 2713 3736 2771 illud
3761 2733 3777 2786 ;

2123 2802 2563 2875 apprOpinquat
2602 2820 2616 2858 :
2658 2802 2929 2874 depellet.
2978 2803 3085 2858 Sed
3130 2803 3380 2874 jamjam
3427 2802 3608 2872 venit,
3650 2804 3779 2875 jam

2123 2892 2242 2947 cuti
2268 2891 2531 2959 inhaeret,
2567 2894 2667 2948 sed
2701 2893 2903 2949 afﬂatu
2932 2892 3130 2949 divino
3161 2892 3483 2949 inﬁrmavit
3511 2891 3697 2949 telum
3719 2898 3780 2951 et

2121 2985 2275 3038 retro
2322 2982 2591 3054 conjecit.
2623 2983 2733 3038 Sed
2784 2986 3080 3055 postremo
3127 2986 3448 3039 retrorsum
3501 2982 3561 3038 in
3602 2983 3775 3041 corde

2119 3072 2412 3143 sagittarii
2443 3072 2614 3145 ﬁget;
2665 3071 2802 3129 talis
2842 3073 2998 3130 enim
3028 3078 3120 3130 est
3148 3072 3402 3130 caelestis
3459 3072 3775 3131 auxiliator

2117 3159 2190 3217 iis
2223 3161 2323 3235 qui
2352 3178 2488 3219 eum
2522 3162 2812 3220 invocant.

2188 3646 2280 3701 46.
2328 3644 2522 3700 Aliam
2569 3660 2694 3701 rem
2742 3642 3162 3702 consolativam
3209 3659 3375 3715 asque
3420 3658 3487 3699 ac
3534 3655 3774 3714 persua-

2118 3737 2304 3792 sivam
2335 3734 2500 3791 vobis
2541 3735 2886 3791 edisseram.
2933 3733 3141 3790 Tollite
3188 3733 3248 3788 in
3299 3732 3512 3806 spiritu
3542 3730 3774 3787 animas

2117 3832 2346 3881 vestras
2373 3824 2445 3878 ad
2471 3823 2885 3895 imperatorem
2929 3831 3197 3879 nostrum
3221 3822 3505 3878 divinitus
3527 3819 3778 3892 inspira-

2118 3920 2271 3980 tum,
2304 3918 2361 3969 et
2403 3912 2787 3968 consolamini
2839 3917 3089 3981 vosmet,
3133 3915 3191 3967 et
3247 3911 3531 3967 auxilium
3573 3925 3777 3981 exspe-

2121 4008 2292 4059 ctate.
2317 4002 2418 4059 Ille
2439 4002 2597 4059 enim
2621 4001 2898 4075 operibus
2914 4001 3095 4073 regiis
3116 4006 3170 4059 et
3194 3999 3560 4073 providentia
3573 3997 3777 4055 divina

2120 4093 2290 4151 nobis
2318 4098 2641 4160 succurret,
2684 4091 3009 4163 praesrtim
3056 4093 3107 4147 si
3133 4094 3313 4149 Deum
3360 4090 3634 4162 precibus
3665 4089 3774 4144 tle-

2120 4183 2336 4239 ctimus
2366 4192 2422 4238 et
2450 4183 2563 4254 ipsi
2594 4198 2979 4252 cooperamur
2999 4186 3057 4237 et
3086 4180 3269 4237 telum
3298 4184 3503 4236 contra
3531 4192 3770 4233 omnem

2119 4273 2415 4328 cohortem
2434 4271 2734 4326 inimicam
2751 4270 3102 4342 sanguinem
3120 4270 3422 4326 sitientem
3433 4266 3771 4340 dirigimus.

2120 4361 2589 4419 Consolationem
2623 4365 2820 4415 autem
2851 4364 3054 4415 contra
3083 4359 3438 4416 tentationes
3470 4355 3774 4430 praebebit.

2122 4453 2307 4506 Probe
2345 4450 2530 4505 nostis
2562 4450 2718 4521 quod
2750 4466 2819 4505 ex
2864 4465 2980 4521 quo
3012 4465 3256 4522 regnare
3285 4448 3479 4520 ccepit,
3515 4446 3587 4501 ad
3617 4444 3780 4501 hunc

2124 4557 2314 4612 usque
2348 4540 2504 4596 diem
2555 4556 2671 4595 non
2722 4539 2992 4603 cessavit,
3026 4555 3141 4595 non
3172 4539 3304 4594 dico
3353 4537 3643 4604 laborare,
3675 4534 3781 4591 sed

2127 4648 2234 4686 nec
2300 4629 2489 4686 oculis
2546 4646 2653 4685 nec
2717 4626 3049 4700 superciliis
3116 4629 3374 4700 quietem
3438 4625 3622 4692 dedit,
3680 4624 3787 4680 sed

351 4709 567 4784 θρόνος,
598 4711 699 4767 οὐκ
728 4713 997 4772 ἐπαύσατο
1059 4718 1227 4793 μέχρι
1280 4719 1370 4773 καὶ
1422 4722 1660 4796 σήμερον
1712 4723 1787 4794 μὴ
1841 4720 1923 4774 ὅτι
1953 4741 2014 4794 γε

2126 4719 2402 4792 periculis
2433 4736 2495 4775 se
2524 4718 2758 4790 objecit,
2783 4719 2885 4773 ubi
2908 4719 2979 4773 de
3010 4722 3219 4786 morte,
3253 4733 3372 4773 non
3404 4714 3656 4788 placida,
3681 4713 3787 4770 sed

350 4804 583 4872 κοπιῶν,
616 4802 707 4857 καὶ
739 4803 904 4859 ὕπνον
942 4808 1017 4877 μή
1063 4804 1248 4868 διδοὺς
1299 4807 1607 4885 ὀφθαλμοῖς
1663 4810 1756 4864 καὶ
1811 4808 2015 4887 βλεφά-

353 4907 469 4961 ροις
502 4888 827 4958 ἀνάπαυσιν,
862 4892 1010 4949 ἀλλὰ
1037 4895 1126 4949 καὶ
1157 4894 1430 4957 κινδύνοις
1483 4898 1670 4953 ἑαυτὸν
1730 4894 2017 4974 παραϐάλ-

353 4974 487 5050 λων,
520 4978 611 5033 καὶ
659 4978 934 5044 κινδύνοις
988 4989 1105 5045 τοῖς
1159 4982 1511 5052 δεινοτάτοις,
1563 4988 1639 5042 ὧν
1692 4985 1870 5063 ἔργον,
1910 4991 2016 5060 ψυ-

351 5066 460 5141 χὴν
524 5068 749 5143 ἀπάγειν
814 5073 1089 5143 σώματος,
1143 5073 1210 5129 οὗ
1266 5076 1404 5129 κατὰ
1451 5075 1629 5151 φύσιν,
1680 5074 1826 5132 ἀλλᾶ
1875 5076 2016 5148 πρὸς

355 5153 497 5228 βίαν.
530 5159 589 5211 Τί
622 5158 824 5229 τοίνυν,
859 5158 1066 5215 ἐκείνου
1121 5162 1222 5230 τὴν
1288 5164 1376 5218 ὑπ’
1429 5166 1656 5241 οὐρανὸν
1710 5165 1793 5220 ἐπ’
1823 5165 2016 5239 ὤμων,

352 5242 427 5307 ὠς
476 5244 669 5313 εἰπεῖν,
707 5249 1070 5323 βαστάζοντος
1128 5251 1218 5305 καὶ
1281 5252 1357 5313 εἰς
1416 5252 1573 5308 τόσον
1633 5255 2015 5330 ἀχθοφοροῦν-

349 5352 463 5405 τος,
498 5336 588 5389 καὶ
647 5336 802 5410 ὅμως
863 5339 1143 5416 φέροντος,
1190 5340 1281 5395 καὶ
1339 5340 1784 5419 ἀπεκδεχομένου
1845 5343 2019 5418 ἀγαθά

350 5425 420 5495 τῇ
483 5423 558 5487 είς
610 5427 737 5481 Θεὸν
796 5431 1120 5499 πεποιθήσει
1176 5429 1391 5506 (θαῤῥεῖ
1444 5433 1568 5509 γὰρ,
1616 5434 1701 5495 οἷς
1766 5434 2017 5508 μυριάκις

353 5511 442 5566 καὶ
475 5509 640 5578 ἔπαθε
683 5517 772 5571 καὶ
833 5513 1114 5589 ἐϐοηθήθη
1176 5520 1251 5580 εἱς
1300 5520 1466 5583 θάλος
1523 5524 1611 5578 καὶ
1678 5522 1874 5598 σαρκὸς
1927 5524 2017 5579 καὶ

354 5602 588 5677 ψυχῆς),
628 5606 795 5677 ἡμεῖς
856 5608 909 5662 οἱ
970 5603 1413 5685 βασιλευόμενοι,
1471 5611 1563 5666 καὶ
1620 5611 2017 5687 ἀπαιτούμενοι

358 5688 752 5759 ἐπακολουθεῖν
783 5702 898 5760 τοῖς
936 5698 1126 5768 αὐτοῦ,
1162 5698 1238 5772 μή
1290 5697 1654 5764 ἐφοποσονοῦν
1709 5700 2019 5780 ἐφεπόμεθα

358 5782 497 5837 κατὰ
529 5781 766 5858 μίμησιν
804 5788 902 5858 τήν
937 5784 1164 5861 δυνατὴν
1225 5790 1314 5845 καὶ
1374 5792 1567 5869 ἀρετῆς
1623 5791 1916 5867 ἀπόμαξιν,
1948 5790 2020 5849 δι’

2124 4809 2384 4867 violenta
2443 4810 2746 4881 agebatur.
2797 4808 2947 4873 Quid
2996 4807 3199 4879 igitur,
3248 4822 3384 4861 cum
3442 4804 3543 4860 ille
3593 4806 3789 4858 totum

2127 4904 2329 4957 orbem
2362 4897 2628 4954 humeris
2668 4899 2780 4953 fert
2808 4902 2866 4951 et
2912 4898 3066 4952 bona
3095 4895 3304 4968 recipit
3347 4895 3408 4949 in
3439 4892 3576 4949 fidei
3608 4906 3789 4963 quam

2127 4991 2186 5045 in
2221 4990 2338 5044 Deo
2368 4988 2553 5061 ponit,
2604 4985 2908 5058 praemium
2944 4984 3207 5055 (conﬁdit
3251 4983 3431 5051 enim,
3462 4981 3601 5036 licet
3630 4978 3791 5037 male.

2126 5082 2441 5135 innumera
2470 5093 2705 5151 passus,
2746 5080 2804 5131 et
2832 5090 3070 5131 carnem
3101 5081 3159 5130 et
3196 5076 3455 5130 animam
3489 5075 3790 5126 restaura-

2125 5170 2268 5241 vit);
2325 5185 2432 5223 nos
2480 5167 2583 5237 qui
2634 5166 2694 5220 in
2727 5168 2884 5221 statu
2936 5162 3284 5220 obedientiae
3335 5176 3547 5217 sumus
3592 5162 3651 5215 et
3688 5156 3793 5231 qui

2119 5259 2406 5330 jubemur
2433 5274 2567 5312 eum
2619 5254 2810 5326 sequi,
2844 5271 2960 5309 non
3002 5270 3106 5325 pro
3135 5252 3364 5308 viribus
3397 5266 3464 5306 ac
3511 5244 3797 5307 facultate

2127 5350 2256 5418 ejus
2310 5348 2587 5404 virtutem
2642 5343 2968 5410 imitamur,
3022 5359 3139 5414 qua
3187 5339 3474 5399 auxilium
3528 5337 3798 5394 divinum

2127 5439 2538 5509 impetramus.
2598 5434 2725 5489 Non
2784 5433 2942 5487 enim
3002 5433 3130 5500 ejus
3202 5426 3535 5501 exemplum
3607 5429 3799 5492 secuti

2128 5531 2356 5600 operari
2374 5525 2668 5581 volumus.
2694 5521 2897 5577 Simile
2919 5536 3175 5592 namque
3196 5518 3457 5575 ofﬁcium
3481 5516 3653 5572 nobis
3676 5532 3795 5573 non

2126 5615 2439 5681 incumbit,
2472 5617 2528 5669 et
2560 5612 2607 5669 si
2642 5610 3030 5681 incumberet,
3063 5624 3182 5665 non
3214 5605 3397 5664 simili
3428 5607 3604 5664 modo
3625 5622 3797 5692 exse,

2129 5721 2464 5779 queremur.
2519 5701 2669 5758 lllud
2699 5717 2802 5757 vos
2852 5715 3082 5769 moneo,
3117 5715 3190 5756 ne
3242 5695 3482 5755 omnino
3527 5694 3708 5754 metui
3737 5704 3804 5757 et

2131 5792 2528 5870 desperationi
2551 5790 2977 5851 succumbatis.
3002 5792 3149 5850 Ante
3167 5789 3367 5849 oculos
3390 5786 3590 5861 ponite
3607 5786 3801 5842 undas
