4082 6400
269 493 389 553 719

1043 488 1463 552 EUSTATHII
1505 485 2277 548 THESSALONIGENSIS
2319 485 2912 549 METROPOLITE

3581 497 3708 561 ’120

266 619 644 689 decumanas,
676 634 825 692 quas
850 618 1074 674 fortiter
1103 613 1487 688 gubernando
1510 631 1543 669 a
1573 629 1719 668 nave
1741 613 1902 684 depu-

2032 613 2099 679 ἧς
2163 611 2267 679 τὴν
2353 611 2534 667 θεόθεν
2594 613 2908 689 ἐπικουρίαν
2969 613 3413 693 ἐφελκυσόμεθας
3471 619 3574 675 Καὶ
3636 622 3701 678 οὐ

265 707 367 774 lit;
402 711 755 764 mementote
775 711 1216 778 tempestatum,
1241 722 1408 776 quas,
1429 706 1542 759 Deo
1572 701 1915 766 auxiliante,

264 794 609 867 dissipavit;
657 795 974 851 bestiarum
1023 794 1280 848 ferarum
1313 808 1441 863 quas
1491 807 1598 846 nos
1629 805 1918 862 aggressse

263 889 426 955 sunt,
459 901 724 958 quasque
775 885 884 938 Deo
933 882 1147 938 iterum
1181 898 1348 952 opem
1399 881 1640 944 ferente,
1674 878 1913 951 fugavit.

264 975 378 1029 Con
391 975 640 1030 fidamus
667 973 846 1045 igitur
868 973 1138 1026 eumdem
1166 976 1344 1025 Deum
1369 971 1485 1024 und
1498 985 1561 1023 as
1582 973 1639 1023 et
1659 973 1915 1038 tempes-

260 1068 408 1118 tates
440 1080 568 1133 quae
600 1067 765 1117 terrae
798 1067 1162 1117 Romazorum
1197 1059 1509 1114 imminent
1543 1055 1915 1128 placaturum

259 1169 389 1208 esse
427 1156 483 1206 et
527 1152 850 1206 bestiarum
898 1150 1256 1205 horrendum
1306 1146 1664 1220 rugientium
1712 1145 1916 1200 dentes

257 1242 500 1297 obtusos
533 1245 591 1296 et
636 1241 924 1296 innocuos
977 1239 1367 1309 redditurum,
1421 1236 1574 1290 unde
1619 1250 1754 1305 pace
1787 1251 1914 1306 pro-

254 1331 440 1386 funda
468 1329 752 1385 fruemur.
787 1329 911 1384 Non
946 1328 1151 1385 dubito
1175 1327 1295 1382 fore
1325 1326 1552 1398 aliquos
1586 1323 1688 1396 qui
1713 1321 1917 1378 memi-

253 1422 446 1478 nerint
474 1422 702 1493 quoties
740 1420 1112 1492 imperatoris
1145 1419 1348 1474 laudes
1380 1415 1910 1488 pronuntiaverim.

255 1511 388 1568 Fuit
412 1516 606 1567 autem
637 1509 794 1577 talis,
826 1509 965 1580 quia
997 1509 1149 1564 Deus
1182 1509 1593 1579 imperatorem
1640 1509 1910 1560 nostrum

253 1603 364 1658 sub
398 1600 653 1673 imagine
683 1599 984 1654 certatoris
1016 1596 1293 1653 indefessi
1327 1600 1385 1652 et
1414 1610 1645 1665 semper
1675 1595 1912 1648 victoris

252 1693 670 1762 repraesentare
699 1687 904 1755 voluit,
929 1691 996 1742 ut
1025 1685 1265 1758 gloriari
1297 1687 1496 1755 posset
1525 1697 1587 1738 se
1619 1698 1747 1737 esse
1779 1697 1912 1753 ope-

251 1779 474 1836 rarium
524 1778 619 1832 Dei
672 1777 728 1832 in
763 1777 976 1832 sudore
1024 1775 1232 1830 frontis
1274 1788 1483 1845 panem
1535 1770 1767 1826 ccelitus
1797 1771 1910 1824 im-

248 1868 530 1941 pertitum
589 1867 878 1922 edentem.
928 1865 1046 1919 Hoc
1095 1879 1251 1918 nunc
1306 1877 1540 1934 quoque
1598 1876 1705 1914 nos
1756 1859 1911 1914 bona

2029 697 2173 774 λέγω
2229 706 2543 776 φερεπονεῖν
2603 704 2721 757 κατ’
2781 703 2984 758 ἐκεῖνον
3044 704 3134 759 καὶ
3194 707 3363 778 ἡμᾶς.
3416 706 3558 766 Οῦτε
3594 711 3698 788 γὰρ

2030 788 2309 844 ὑπόκειταί
2370 811 2425 844 τι
2473 789 2709 863 ὅμοιον⁸
2771 789 2916 859 οὕτε,
2975 792 3126 868 εἷ”περ
3191 796 3553 870 ὑποκείμενον
3605 801 3698 869 ἦν,

2028 874 2263 952 ἔσχομεν
2343 876 2402 932 ἃν
2487 880 2696 951 ὁμοίως
2768 879 2900 937 αὐτὸ
2962 885 3466 958 μεταχειρίσασθαι.
3520 888 3701 945 Ἀλλά

2027 972 2295 1039 παραινῶ,
2333 967 2408 1039 μὴ
2440 969 2724 1032 παντελῶς
2769 971 2865 1025 τοῦ
2915 967 3090 1048 φόϐου
3142 972 3386 1046 γίνεσθαι
3441 977 3534 1030 καὶ
3593 985 3698 1048 τῆς

2027 1055 2411 1131 ἀπογνώσεως.
2464 1057 2768 1132 Λογίσασθε
2835 1060 2903 1113 τὰ
2963 1059 3174 1137 μεγάλα
3233 1062 3468 1136 κύματα,
3521 1067 3696 1123 ὁπόσα

2025 1145 2408 1222 κορυφωθὲντα
2462 1148 2578 1200 κατ’
2631 1147 2798 1202 αὐτοῦ
2858 1149 3230 1224 ἀπεκρούσατο
3289 1152 3548 1223 οἷάκίζων
3607 1155 3692 1212 δε-

2025 1233 2176 1303 ξιῶς,
2209 1234 2412 1296 ὁπόσας
2457 1235 2692 1300 θυέλλας
2741 1234 2975 1305 διέλυσε,
3010 1243 3146 1294 Θεοῦ
3202 1241 3557 1312 πεδάζοντος
3599 1246 3686 1300 καί

2025 1322 2346 1398 ἀπάγοντος·
2383 1324 2606 1387 ὁποίους
2636 1325 2726 1379 καὶ
2759 1324 2920 1388 ὅσους
2967 1333 3138 1402 θῆρας
3195 1331 3448 1394 καθεῖλεν
3507 1335 3682 1407 ἐμπη-

2025 1409 2227 1473 δῶντας
2289 1415 2448 1485 ἡμῖν,
2511 1417 2645 1469 Θεοῦ
2707 1411 3352 1490 συνεπιλαμϐανομένους
3397 1421 3678 1480 κάνταῦθα.

2022 1499 2330 1575 Θαῤῥητέον
2365 1501 2480 1569 οὗν,
2516 1503 2589 1564 ὡς
2624 1504 2652 1556 ὁ
2683 1502 2844 1565 αὐτὸς
2878 1505 3006 1567 Θεὸς
3038 1505 3127 1560 καὶ
3157 1508 3223 1561 τὰ
3252 1512 3344 1563 νῦν
3377 1511 3494 1573 καθ’
3516 1513 3680 1582 ἡμῶν

2021 1589 2408 1668 κορυφούμενα
2455 1590 2673 1664 κύματα
2719 1593 2805 1646 καὶ
2848 1594 2944 1654 τὰς
2974 1592 3208 1670 αἰγίδας,
3244 1595 3363 1651 ὅσαι
3424 1597 3684 1674 ὑπερκρέ-

2025 1699 2220 1751 μανται
2245 1686 2344 1748 τῆς
2373 1681 2688 1752 Ῥωμαϊκῆς
2729 1687 2853 1757 γῆς,
2886 1683 2976 1737 καὶ
3026 1683 3157 1746 τοὺς
3201 1684 3552 1758 ὠρυομένους
3611 1709 3689 1751 εις

2021 1769 2221 1844 φρίκην
2253 1770 2448 1843 θῆρας,
2475 1771 2542 1823 τὰ
2576 1771 2672 1839 μὲν
2702 1772 3024 1826 ταπεινώσει
3055 1769 3160 1834 ἕως
3189 1773 3280 1828 καὶ
3313 1775 3368 1836 ἐς
3414 1774 3688 1848 γαλήνην,

2016 1857 2114 1920 τὰς
2143 1855 2200 1912 δὲ
2231 1859 2501 1932 ἀπαγαγεῖ
2529 1855 2814 1923 σκεδάσας,
2844 1864 2951 1915 τῶν
2987 1858 3044 1915 δὲ
3089 1862 3188 1924 τᾶς
3251 1862 3428 1936 μύλας
3481 1866 3688 1940 συντρί-

249 1974 353 2030 spe
383 1956 626 2029 impleat
650 1958 993 2028 reputantes
1025 1969 1160 2010 eum
1212 1952 1314 2024 qui
1347 1967 1580 2022 semper
1607 1950 1763 2005 idem
1795 1953 1902 2020 est,

2019 1948 2104 2020 ψει
2163 1945 2253 2000 καὶ
2310 1946 2483 2008 οὕτως
2543 1946 2818 2023 εἶρηναίαν
2869 1948 3191 2006 κατάστασιν
3237 1952 3682 2027 πρυτανεύσεται.

247 2048 364 2104 Deo
394 2046 620 2102 volente
653 2062 767 2100 non
802 2047 1091 2100 mutatum
1126 2041 1222 2098 iri.

2011 2035 2331 2107 Μέμνηνταί
2361 2055 2530 2104 τινες,
2561 2037 2736 2108 οἶμαι,
2761 2042 2869 2092 τῶν
2918 2037 3224 2112 ἡμετέρων,
3257 2040 3406 2103 ὅπως
3455 2042 3676 2098 πολλά-

245 2157 332 2197 κις
382 2134 434 2196 ἐς
491 2134 682 2203 κοινὴν
743 2133 910 2200 ἀκοὴν
967 2131 1060 2186 τὸν
1113 2136 1213 2199 τῆς
1274 2127 1553 2205 βασιλείας
1613 2124 1915 2198 ἐξελάλησα
1971 2127 2313 2200 χαρακτῆρα.
2372 2129 2472 2180 Ἤν
2531 2123 2587 2180 δὲ
2644 2125 2868 2192 ἐκεῖνος,
2925 2127 3008 2182 ὅτι
3095 2127 3238 2184 ἔοικε
3317 2132 3672 2197 τυπώσασθαι

247 2225 275 2278 ὁ
321 2223 450 2284 Θεὸς
507 2223 602 2277 τὸν
651 2221 918 2297 ήμέτερον
975 2218 1348 2294 αὐτοκράτορα
1403 2213 1593 2271 διόλου
1647 2215 1737 2269 καὶ
1796 2212 2090 2282 ἀεθλευτήν
2151 2215 2281 2268 εἶναι
2331 2213 2631 2286 ἀκάμαντα,
2692 2215 2780 2270 καὶ
2837 2221 2989 2287 νικᾷν
3043 2214 3133 2272 διὰ
3188 2220 3428 2290 πάντων,
3489 2221 3564 2284 ὡς
3619 2219 3681 2276 ἂν

248 2309 352 2388 ἔχῃ
386 2311 732 2385 σεμνύνεσθαι
793 2309 884 2364 καὶ
946 2308 1126 2377 αὐτὸς,
1161 2306 1393 2382 ἐργάτης
1449 2306 1580 2359 εἶναι
1633 2308 1789 2371 Θεοῦ,
1821 2303 1912 2357 καὶ
1967 2299 2155 2377 ἱδρῶτι
2216 2303 2517 2377 προσώπου
2573 2308 2654 2376 τῷ
2708 2305 2840 2380 ὑπὲρ
2895 2309 2992 2360 τοῦ
3049 2307 3195 2361 θείου
3222 2307 3432 2384 λάχους
3458 2310 3550 2364 τὸν
3585 2311 3682 2364 αὐ-

243 2386 341 2457 τοῦ
401 2404 559 2476 ἄρτον
619 2399 834 2463 ἐσθίειν.
889 2402 1064 2456 Τοῦτο
1122 2395 1211 2451 καὶ
1272 2399 1362 2450 νῦν
1412 2397 1559 2465 ἡμᾶς
1620 2393 1694 2454 εἷς
1752 2391 1948 2467 ἀγαθὰς
2009 2388 2236 2455 ἐλπίδας
2292 2386 2698 2463 προϐιϐαζέτω,
2759 2392 3174 2470 λογιζομένους,
3229 2397 3307 2459 ὡς
3361 2399 3390 2453 ὁ
3448 2397 3682 2454 πάντοτε

240 2492 490 2551 τοιοῦτος
523 2487 620 2542 οὐκ
650 2485 709 2541 ἃν
740 2486 791 2542 ἐν
818 2491 934 2548 τοῖς
967 2482 1088 2561 ἄρτι
1117 2483 1346 2546 ἀλλοῖος
1377 2487 1640 2561 φανεῖται,
1674 2484 1807 2535 Θεοῦ
1837 2478 2112 2543 θέλοντος.

313 2599 402 2653 47.
437 2595 930 2668 Contemplamini
963 2610 1134 2666 porro
1165 2591 1477 2649 historiam
1507 2589 1694 2658 illam,
1721 2605 1898 2660 quam

239 2687 502 2760 exposui,
537 2685 820 2757 temporis
847 2681 1246 2755 antiquissimi
1273 2679 1632 2735 mentionem
1659 2677 1897 2743 faciens,

238 2794 353 2850 quo
384 2775 661 2832 Hercules
691 2772 1109 2830 celeberrimus
1141 2775 1316 2827 natus
1347 2773 1456 2836 est,
1490 2772 1547 2824 et
1576 2768 1730 2839 quod
1775 2783 1896 2820 cer-

234 2866 561 2924 taminibus
611 2881 676 2921 ac
734 2863 996 2920 victoriis
1056 2860 1396 2926 illustravit,
1453 2858 1670 2930 quippe
1719 2856 1816 2928 qui
1869 2872 1899 2911 e

237 2956 400 3013 nullo
449 2953 770 3012 certamine
809 2952 1083 3008 inchoato
1136 2950 1376 3006 inferior
1425 2947 1709 3014 excessit;
1762 2949 1818 3000 et
1848 2945 1898 3000 si

237 3046 474 3117 quando
504 3044 729 3114 lapides
763 3059 828 3098 ac
860 3040 975 3098 tela
1020 3057 1151 3096 eum
1183 3055 1462 3112 aggressa
1503 3039 1661 3105 sunt,
1695 3034 1894 3091 statim

239 3135 387 3191 alios
418 3133 638 3206 peregit
667 3131 919 3197 labores,
957 3147 1106 3201 quos
1135 3129 1225 3184 vir
1272 3127 1462 3184 audax
1492 3129 1650 3183 amat
1681 3129 1736 3179 et
1767 3123 1896 3196 qui-

2085 2590 2189 2658 μζ’.
2231 2584 2767 2662 Προσεπιλογίσασθε
2833 2588 2924 2644 καὶ
3012 2587 3253 2666 ἱστορίαν
3331 2590 3559 2662 ἐκείνην,
3616 2594 3678 2663 ἣν

2012 2672 2402 2747 ἀναλεξάμενος
2477 2676 2810 2750 ἐξετιθέμην,
2872 2677 3268 2757 ἀφηγούμενος,
3328 2681 3403 2742 ὡς
3481 2680 3680 2757 ἤνεγκε

2013 2763 2108 2837 μὲν
2138 2765 2341 2840 ’χρόνος
2381 2760 2751 2840 πρεσϐύτατος
2781 2765 3059 2842 Ἥρακλῆν
3119 2767 3347 2841 ἐκεῖνον,
3382 2771 3443 2825 οὗ
3504 2770 3676 2848 λόγος

2007 2852 2204 2915 πολύςο
2239 2853 2556 2932 ἐφήρμοστο
2617 2853 2675 2910 δὲ
2730 2856 2897 2930 αὐτῷ,
2951 2855 3047 2912 εἴτ’
3087 2855 3178 2912 οὖν
3235 2857 3510 2929 ἀπέκειτο,
3545 2882 3675 2916 συν-

2010 2947 2156 3017 εχῶς
2218 2943 2311 3015 μὲν
2373 2941 2647 3007 ἀεθλεύειν
2697 2945 2764 2999 τὰ
2819 2945 3116 3022 βαρύτατα,
3157 2953 3401 3024 συνεχῶς
3464 2947 3522 3004 δὲ
3584 2951 3676 3006 καὶ

2005 3036 2125 3093 ταῖς
2167 3030 2344 3096 νίκαις
2390 3031 2785 3106 ἐλλάμπεσθαι.
2821 3033 3031 3092 Οὐκοῦν
3085 3034 3332 3111 οὐδαμοῦ
3381 3037 3431 3092 ἐν
3489 3036 3674 3094 οὐδενὶ

2010 3117 2162 3193 ἅθλῳ
2202 3117 2450 3197 δεύτερος
2502 3120 2799 3192 ἐξέπιπτεν.
2842 3124 2906 3178 Et
2956 3121 3014 3178 δέ
3070 3145 3177 3180 που
3236 3127 3322 3181 καὶ
3384 3126 3528 3190 λίθοι
3585 3130 3676 3183 καὶ

238 3225 352 3280 bus
383 3238 689 3292 nunquam
724 3220 1060 3277 succumbit
1085 3218 1187 3290 qui
1217 3234 1308 3273 om
1324 3216 1482 3271 nium
1512 3214 1740 3286 primus
1768 3229 1897 3269 esse

2014 3208 2182 3306 λοιπᾶ
2233 3208 2368 3286 βέλη
2423 3211 2890 3306 κατεπετάσθησαν
2952 3212 3117 3268 αὐτοῦ
3169 3215 3304 3288 πρὸς
3362 3213 3551 3292 ἄλγος,
3585 3218 3676 3272 καὶ

245 3313 442 3384 gestit.
475 3313 626 3367 Tum
659 3310 1030 3382 imperatoris
1062 3310 1327 3374 virtutes,
1362 3303 1740 3376 comparandi
1763 3319 1897 3374 gra-

236 3401 342 3469 tia,
370 3399 430 3456 in
463 3397 726 3455 medium
759 3396 1003 3469 protuli,
1037 3394 1276 3468 praemia
1300 3391 1723 3449 certaminibus
1753 3391 1898 3446 adte-

237 3506 446 3561 quans.
509 3485 886 3542 Proverbium
939 3501 1174 3558 quoque
1232 3483 1291 3538 in
1359 3481 1520 3537 illam
1587 3480 1896 3537 historiam

236 3576 443 3634 induxi
491 3575 694 3631 dicens
745 3575 899 3646 quod
953 3589 1260 3644 nunquam
1311 3572 1631 3644 imperator
1687 3570 1898 3641 quarta

235 3666 462 3723 mensis
493 3668 669 3720 natus
699 3667 805 3720 est.
840 3663 988 3719 Nam
1025 3661 1303 3718 Hercules
1330 3659 1430 3716 ille
1462 3662 1668 3731 quarto
1695 3672 1898 3712 mense

231 3757 294 3812 in
327 3756 519 3811 lucem
540 3753 732 3809 editus
757 3751 963 3808 multis
982 3750 1404 3807 certaminibus
1434 3746 1702 3804 interfuit
1722 3745 1898 3801 invic-

233 3850 354 3914 tus,
403 3847 460 3900 et
499 3842 797 3913 proverbio
844 3843 1038 3898 locum
1093 3841 1253 3896 dedit
1283 3857 1398 3912 quo
1449 3840 1598 3895 tales
1627 3835 1897 3892 homines

237 3937 446 4006 quarto
472 3949 671 3989 mense
695 3933 814 3988 nati
839 3931 1273 3988 admirantibus
1297 3947 1358 3986 se
1389 3927 1662 4000 loquendi
1689 3941 1894 3981 ansam

237 4025 516 4096 praebent.
554 4023 786 4079 Utinam
820 4039 974 4078 nunc
1023 4021 1258 4094 quoq'ue
1290 4021 1611 4092 imperator
1642 4015 1895 4087 inspire-

235 4117 336 4168 tur
365 4115 436 4168 ad
477 4129 680 4185 pacem
730 4113 1042 4185 pristinam
1098 4111 1266 4166 nobis
1319 4107 1771 4166 conciliandam.
1805 4104 1897 4159 Sic

240 4220 441 4275 preces
493 4207 551 4258 et
600 4203 774 4258 ﬁdem
807 4206 1069 4260 nostram
1119 4200 1459 4258 exauditum
1503 4197 1576 4253 iri
1607 4194 1896 4253 certitudo

239 4292 488 4348 nimiam
536 4291 835 4350 tristitiam
893 4291 1236 4348 terminabit
1295 4289 1575 4360 nobisque
1635 4285 1897 4343 solamen

239 4382 459 4439 afferet.

2008 3295 2207 3360 πόνους
2296 3297 2565 3372 ἐτεροίους
2619 3294 2799 3376 ἔσχεν,
2860 3301 3084 3366 ὁποίους
3144 3302 3297 3382 φιλεῖ
3354 3307 3584 3382 πάσχειν
3649 3308 3676 3361 ὁ

2005 3393 2125 3451 τοῖς
2185 3384 2478 3464 ἐργώδεσιν
2536 3388 2827 3464 ἐγχειρῶν,
2873 3389 3000 3446 ἀλλ’
3051 3393 3152 3448 οὐκ
3209 3392 3518 3466 ἁνέπιπτεν,
3553 3391 3677 3451 οὕτε

2011 3477 2120 3550 μὴν
2178 3475 2525 3548 κατέπιπτεν,
2576 3474 2996 3551 ἐλαττούμενος,
3055 3482 3145 3534 καὶ
3198 3487 3293 3536 τοῦ
3346 3485 3482 3538 κατά
3533 3483 3672 3538 πάν-

2004 3586 2111 3619 των
2169 3565 2466 3640 πρωτεύειν
2513 3565 2860 3640 στερόμενος.
2911 3568 3010 3623 Καὶ
3058 3573 3226 3625 ταῦτα
3299 3569 3472 3647 λέγων
3534 3593 3674 3650 παρ-

2006 3660 2139 3728 ῆγον
2196 3652 2249 3715 ἐς
2301 3653 2607 3726 ὁμοιότητα
2660 3657 2761 3726 τήν
2839 3657 3301 3735 αὐτοκρατορικὴν
3379 3659 3670 3738 ἐνέργειαψ

2004 3747 2124 3805 τοῖς
2154 3743 2389 3817 μόχθοις
2422 3748 2635 3820 μετρῶν
2685 3745 2776 3800 καὶ
2826 3747 2893 3802 τὰ
2941 3742 3172 3812 ἔπαθλα.
3202 3754 3560 3825 Προσεπῆγον
3612 3749 3671 3807 δὲ

2004 3835 2072 3907 τῇ
2133 3832 2343 3909 ἱστορίᾳ
2391 3832 2480 3887 καὶ
2539 3835 2862 3909 παροιμίαν,
2921 3835 3273 3909 ἀπορητικῶς
3349 3836 3525 3915 λέγων
3579 3841 3666 3908 τόο

2006 3945 2035 3974 ‹‹
2074 3929 2290 3995 μήποτε
2341 3921 2434 3976 καὶ
2495 3921 2846 4000 αὐτοκράτωρ
2907 3924 2959 3979 ἐν
3019 3925 3234 4000 τετράδι
3292 3931 3602 4003 γεγένηται.
3638 3954 3667 3983 ››

2004 4009 2105 4065 Καὶ
2135 4010 2240 4085 γάρ
2282 4031 2370 4064 τοι
2413 4010 2502 4065 καὶ
2539 4011 2818 4089 Ἡρακλῆς
2871 4013 3074 4076 ἐκεῖνος
3133 4014 3212 4078 εἷς
3265 4015 3472 4091 γένεσιν
3532 4038 3667 4093 προ-

2005 4099 2196 4175 αχθεὶς
2227 4099 2352 4172 περί
2401 4122 2524 4155 τινα
2573 4104 2834 4177 τετάρτην
2871 4104 3067 4175 μηνὸς,
3101 4105 3190 4158 καὶ
3251 4102 3444 4168 ἄθλοις
3497 4106 3665 4180 ἐντρι-

2006 4184 2239 4262 ϐόμενος
2297 4190 2417 4262 μὲν,
2453 4189 2513 4244 οὐ
2569 4192 2868 4264 νικώμενος
2935 4190 3014 4264 δὲ,
3072 4193 3370 4270 παροιμίαν
3429 4195 3668 4275 ἐξέφηνε.

2005 4280 2123 4342 καθ’
2149 4280 2212 4348 ἦν
2273 4279 2326 4332 οἱ
2383 4284 2625 4334 τοιοῦτοι
2687 4279 2962 4356 ἄνθρωποι
2997 4306 3026 4334 ‹‹
3070 4282 3124 4339 ἐν
3180 4283 3397 4357 τετράδι
3456 4293 3680 4362 γεγενῆ-

2006 4369 2188 4422 σθαι»
2221 4365 2385 4444 λόγον
2417 4363 2793 4425 ὑποϐάλλουσι
2850 4375 2970 4434 τοῖς
3020 4372 3090 4428 τὰ
3137 4374 3256 4428 κατ’
3300 4372 3496 4437 αὐτοὺς
3556 4377 3680 4430 θαυ-

2011 4458 2307 4531 μάζουσιν.
2369 4457 2686 4534 Εὐχοίμεθα
2738 4459 2833 4515 οὗν
2863 4507 2878 4533 ,
2930 4464 3339 4538 συγκροτεῖσθαι
3396 4463 3488 4518 καὶ
3546 4462 3671 4540 ἄρτι

2005 4545 2095 4600 τὸν
2131 4544 2503 4623 αὐτοκράτορα
2535 4545 2613 4610 εἷς
2640 4545 2702 4602 τὸ
2736 4549 2868 4624 ὑπὲρ
2913 4552 3100 4624 ἡμῶν,
3134 4552 3210 4614 ὡς
3266 4552 3366 4621 τὴν
3427 4550 3668 4609 παλαιὰν

2001 4633 2222 4710 εἰρήνην
2284 4636 2728 4706 ἀποκαταστῆσαι
2784 4641 2944 4712 ἡμῖν.
2999 4639 3106 4696 Καὶ
3172 4639 3347 4703 οὕτως
3422 4645 3458 4713 ἡ
3533 4642 3674 4720 εὐχὴ

2000 4725 2090 4779 καὶ
2141 4725 2204 4779 τὸ
2265 4724 2504 4801 θαῤῥεῖν,
2567 4724 2925 4792 ἐπακούεσθαι
3007 4729 3110 4784 ὑπὸ
3188 4734 3344 4800 Θεοῦ,
3409 4731 3674 4805 ἐξωθήσει

2001 4813 2100 4882 τήν
2128 4819 2230 4882 τῆς
2265 4815 2528 4891 ἀμετρίας
2561 4813 2762 4886 λύπην,
2794 4815 2884 4872 καί
2912 4819 3448 4894 παραμυθησόμεθα.

304 4908 393 4965 48.
423 4911 632 4962 Preces
675 4909 872 4962 autem
906 4905 1193 4961 faciamus
1239 4920 1355 4960 non
1391 4920 1493 4976 pro
1543 4904 1753 4975 forma,
1786 4924 1894 4965 nec

2079 4903 2190 5001 μή.
2224 4903 2543 5001 Εὐχοίμεθα
2592 4902 2649 4960 δὲ
2701 4907 2776 5001 μή
2829 4907 2966 5001 πρὸς
3011 4906 3314 4986 ἀφοσίωσιν
3352 4911 3527 4983 μόνην
3581 4911 3672 4967 καὶ

235 4998 574 5067 oscitanter,
607 5011 818 5052 manus
851 5011 1093 5051 sursum
1145 4994 1451 5050 tendentes
1482 4998 1540 5049 et
1568 4995 1896 5052 vociferan-

232 5093 341 5158 tes,
387 5087 669 5160 temporis
715 5085 1032 5158 opportuni
1082 5085 1308 5141 ratione
1361 5101 1478 5140 non
1527 5083 1748 5156 habita,
1781 5105 1896 5159 quo

233 5195 435 5250 preces
468 5178 540 5233 ad
585 5176 772 5232 Deum
822 5175 1014 5230 missae
1047 5175 1314 5230 animum
1364 5172 1581 5228 laxant.
1616 5174 1896 5238 Quaenam

235 5271 433 5323 autem
465 5266 587 5321 haec
606 5270 873 5336 tempora
895 5263 1014 5319 sint
1047 5263 1259 5319 melius
1279 5279 1455 5334 quam
1487 5279 1699 5318 nomen
1719 5281 1896 5322 suum

235 5358 482 5430 quisque
534 5354 772 5410 aliunde
803 5353 952 5410 scire
982 5359 1192 5424 potest.
1246 5355 1436 5416 Quare
1486 5369 1671 5423 pauca
1701 5352 1899 5425 aliqua

233 5447 471 5517 addam,
504 5443 860 5516 colloquium
895 5449 1162 5500 nostrum
1197 5442 1642 5498 terminaturus.

308 5638 395 5692 49.
426 5636 669 5698 Quando
693 5638 765 5690 ad
798 5654 997 5709 preces
1032 5655 1138 5693 nos
1169 5636 1556 5710 accingimus,
1592 5636 1674 5692 ita
1706 5635 1897 5710 dispo-

233 5725 330 5781 siti
368 5738 498 5781 esse
532 5722 817 5779 debemus
847 5727 1015 5796 quasi
1039 5743 1234 5782 coram
1271 5727 1523 5781 maximo
1546 5726 1896 5798 imperatore

236 5830 342 5870 nos
355 5813 567 5870 sistere
587 5807 902 5868 debeamus
924 5831 937 5881 ;
962 5819 1020 5869 et
1045 5815 1094 5870 si
1116 5813 1261 5870 tales
1275 5830 1383 5871 nos
1406 5814 1760 5888 praebemus,
1781 5831 1896 5874 non

2005 4999 2200 5068 σχῆμα
2239 4992 2438 5068 εὐχῶν,
2467 4999 2661 5070 χεῖρας
2694 4996 2788 5069 μὲν
2822 4994 3070 5073 αἶ’ροντες
3119 4997 3254 5070 ἄνω,
3286 5000 3376 5055 καὶ
3435 5003 3673 5077 κραυγὰς

2005 5082 2266 5160 ἀεριέντες,
2315 5083 2382 5138 τὰ
2431 5081 2489 5138 δέ
2544 5085 2873 5160 καιριώτερα
2924 5091 3022 5141 τοῦ
3084 5084 3340 5163 εὔχεσθαι
3397 5087 3667 5164 παραλεί-

2005 5193 2224 5240 ποντες,
2256 5169 2325 5226 δι’
2356 5171 2428 5227 ὧν
2459 5170 2668 5228 οἴδασιν
2700 5174 2858 5250 εὐχαὶ
2890 5177 3029 5252 πρὸς
3078 5178 3208 5234 Θεὸν
3266 5176 3662 5254 ἐλαφρίζεσθαι.

2004 5262 2139 5318 Τίνα
2195 5259 2252 5316 δὲ
2299 5265 2467 5317 ταῦτα
2518 5263 2586 5318 τὰ
2614 5263 2969 5341 καιριώτερα,
3001 5262 3155 5341 ἔχετε
3198 5266 3292 5339 μὲν
3347 5263 3433 5318 καὶ
3493 5259 3662 5317 ἄλλο·

2006 5352 2090 5406 θεν
2147 5348 2348 5414 εἰδότες
2403 5351 2657 5424 κάλλιον,
2718 5350 2860 5430 ἤπερ
2935 5351 3162 5417 ἕκαστος
3231 5352 3294 5406 τὸ
3361 5352 3573 5422 ἑαυτοῦ,
3637 5350 3667 5404 ὅ

2006 5461 2187 5517 φασιν,
2228 5435 2422 5514 ὄνομα·
2461 5441 2642 5516 βραχὺ
2698 5439 2756 5496 δέ
2810 5462 2862 5496 τι
2921 5440 3266 5520 προσεπιθεὶς
3327 5436 3417 5492 καὶ
3479 5437 3662 5505 αὐτὸς,

2006 5526 2156 5584 λύσω
2185 5530 2276 5584 τὸν
2311 5527 2608 5604 σύλλογον.

2081 5637 2184 5707 μθ’.
2243 5638 2368 5691 Ὅτε
2425 5635 2704 5711 μέλλομεν
2766 5638 2844 5701 εἷς
2915 5637 3085 5712 εὐχήν
3163 5639 3447 5704 σταθῆνοι,
3510 5635 3668 5700 οὕτις

2006 5722 2357 5796 διατεθῶμεν,
2421 5727 2496 5788 ὡς
2549 5726 2766 5800 βασιλεῖ
2826 5727 3066 5802 μεγίστῳ
3128 5723 3430 5799 μέλλοντες
3491 5724 3674 5804 ἐντυγ-

2006 5813 2213 5890 χάνειν·
2245 5815 2336 5871 καὶ
2377 5813 2529 5891 εἴπερ
2577 5816 2721 5874 οὕτω
2778 5815 3338 5893 διοικονομησόμεθα,
3372 5815 3473 5874 οὐκ
3528 5813 3668 5874 ἔστιν
