  <div class='ocr_page' id='page_1' title='image "/cluster/home/n/w/nwhite01/storage/ocr_20150623/135:no.2/coo.31924054870401/366.png"; bbox 0 0 4082 6358; ppageno 0'>
   <div class='ocr_carea' id='block_1_1' title="bbox 405 359 516 420">
    <p class='ocr_par' dir='ltr' id='par_1_1' title="bbox 405 359 516 420">
     <span class='ocr_line' id='line_1_1' title="bbox 405 359 516 420; baseline 0.009 -3"><span class='ocrx_word' id='word_1_1' title='bbox 405 359 516 420; x_wconf 74' lang='grc'>721</span> 
     </span>
    </p>
   </div>
   <div class='ocr_carea' id='block_1_2' title="bbox 1409 355 2827 428">
    <p class='ocr_par' dir='ltr' id='par_1_2' title="bbox 1409 355 2827 428">
     <span class='ocr_line' id='line_1_2' title="bbox 1409 355 2827 428; baseline 0 -12"><span class='ocrx_word' id='word_1_2' title='bbox 1409 359 1489 417; x_wconf 84' lang='grc' dir='ltr'>ΙΝ</span> <span class='ocrx_word' id='word_1_3' title='bbox 1535 356 1600 417; x_wconf 91' lang='lat' dir='ltr'>S.</span> <span class='ocrx_word' id='word_1_4' title='bbox 1647 355 2331 428; x_wconf 79' lang='lat' dir='ltr'>QUADRAGESIMAM</span> <span class='ocrx_word' id='word_1_5' title='bbox 2379 356 2678 418; x_wconf 85' lang='lat' dir='ltr'>ORATIO</span> <span class='ocrx_word' id='word_1_6' title='bbox 2722 356 2827 419; x_wconf 87' lang='lat' dir='ltr'>IV.</span> 
     </span>
    </p>
   </div>
   <div class='ocr_carea' id='block_1_3' title="bbox 3708 360 3837 420">
    <p class='ocr_par' dir='ltr' id='par_1_3' title="bbox 3708 360 3837 420">
     <span class='ocr_line' id='line_1_3' title="bbox 3708 360 3837 420; baseline 0.008 -1"><span class='ocrx_word' id='word_1_7' title='bbox 3708 360 3837 420; x_wconf 75' lang='lat'>722</span> 
     </span>
    </p>
   </div>
   <div class='ocr_carea' id='block_1_4' title="bbox 401 484 2036 561">
    <p class='ocr_par' dir='ltr' id='par_1_4' title="bbox 401 484 2036 559">
     <span class='ocr_line' id='line_1_4' title="bbox 401 484 2036 559; baseline -0.003 -16"><span class='ocrx_word' id='word_1_8' title='bbox 401 486 554 549; x_wconf 86' lang='grc' dir='ltr'>ὅπως</span> <span class='ocrx_word' id='word_1_9' title='bbox 614 485 716 542; x_wconf 90' lang='grc' dir='ltr'>οὐκ</span> <span class='ocrx_word' id='word_1_10' title='bbox 773 487 1138 542; x_wconf 87' lang='grc' dir='ltr'>εισακούσεται</span> <span class='ocrx_word' id='word_1_11' title='bbox 1205 488 1360 558; x_wconf 75' lang='grc' dir='ltr'>ἡμῶν</span> <span class='ocrx_word' id='word_1_12' title='bbox 1417 487 1445 540; x_wconf 98' lang='lat'>6</span> <span class='ocrx_word' id='word_1_13' title='bbox 1489 485 1640 548; x_wconf 80' lang='grc' dir='ltr'>Θεός.</span> <span class='ocrx_word' id='word_1_14' title='bbox 1691 487 1752 543; x_wconf 89' lang='grc' dir='ltr'>Ὁ</span> <span class='ocrx_word' id='word_1_15' title='bbox 1782 486 1896 540; x_wconf 85' lang='grc' dir='ltr'>κατ’</span> <span class='ocrx_word' id='word_1_16' title='bbox 1929 484 2036 559; x_wconf 52' lang='grc' dir='ltr'>ὅψιη</span> 
     </span>
    </p>
   </div>
   <div class='ocr_carea' id='block_1_5' title="bbox 2151 484 3831 561">
    <p class='ocr_par' dir='ltr' id='par_1_5' title="bbox 2167 487 3831 561">
     <span class='ocr_line' id='line_1_5' title="bbox 2167 487 3831 561; baseline 0.003 -21"><span class='ocrx_word' id='word_1_17' title='bbox 2167 490 2257 542; x_wconf 86' lang='lat' dir='ltr'>est</span> <span class='ocrx_word' id='word_1_18' title='bbox 2286 488 2442 558; x_wconf 86' lang='lat' dir='ltr'>quod</span> <span class='ocrx_word' id='word_1_19' title='bbox 2465 488 2619 543; x_wconf 83' lang='lat' dir='ltr'>Deus</span> <span class='ocrx_word' id='word_1_20' title='bbox 2653 505 2759 544; x_wconf 90' lang='lat' dir='ltr'>nos</span> <span class='ocrx_word' id='word_1_21' title='bbox 2791 505 2906 543; x_wconf 89' lang='lat' dir='ltr'>non</span> <span class='ocrx_word' id='word_1_22' title='bbox 2938 489 3231 544; x_wconf 84' lang='lat' dir='ltr'>exaudiat.</span> <span class='ocrx_word' id='word_1_23' title='bbox 3267 487 3376 556; x_wconf 88' lang='lat' dir='ltr'>Qui</span> <span class='ocrx_word' id='word_1_24' title='bbox 3407 504 3605 544; x_wconf 88' lang='lat' dir='ltr'>coram</span> <span class='ocrx_word' id='word_1_25' title='bbox 3637 487 3831 561; x_wconf 89' lang='lat' dir='ltr'>impe-</span> 
     </span>
    </p>
   </div>
   <div class='ocr_carea' id='block_1_6' title="bbox 408 571 2057 652">
    <p class='ocr_par' dir='ltr' id='par_1_6' title="bbox 408 571 2057 652">
     <span class='ocr_line' id='line_1_6' title="bbox 408 571 2057 652; baseline -0.002 -22"><span class='ocrx_word' id='word_1_26' title='bbox 408 574 628 652; x_wconf 86' lang='grc' dir='ltr'>βασιλεῖ</span> <span class='ocrx_word' id='word_1_27' title='bbox 683 574 1052 651; x_wconf 76' lang='grc' dir='ltr'>ἐντυγχάνων,</span> <span class='ocrx_word' id='word_1_28' title='bbox 1111 575 1200 629; x_wconf 87' lang='grc' dir='ltr'>καὶ</span> <span class='ocrx_word' id='word_1_29' title='bbox 1271 575 1575 649; x_wconf 86' lang='grc' dir='ltr'>παρεστὼς,</span> <span class='ocrx_word' id='word_1_30' title='bbox 1633 574 1723 629; x_wconf 89' lang='grc' dir='ltr'>καὶ</span> <span class='ocrx_word' id='word_1_31' title='bbox 1783 571 2057 647; x_wconf 85' lang='grc' dir='ltr'>δεόμενος,</span> 
     </span>
    </p>
   </div>
   <div class='ocr_carea' id='block_1_7' title="bbox 403 660 2056 737">
    <p class='ocr_par' dir='ltr' id='par_1_7' title="bbox 403 660 2056 737">
     <span class='ocr_line' id='line_1_7' title="bbox 403 660 2056 737; baseline -0.003 -17"><span class='ocrx_word' id='word_1_32' title='bbox 403 661 556 720; x_wconf 74' lang='grc' dir='ltr'>οὐδὲν</span> <span class='ocrx_word' id='word_1_33' title='bbox 590 685 644 718; x_wconf 89' lang='grc' dir='ltr'>τι</span> <span class='ocrx_word' id='word_1_34' title='bbox 674 667 780 718; x_wconf 79' lang='grc' dir='ltr'>τῶν</span> <span class='ocrx_word' id='word_1_35' title='bbox 816 661 866 718; x_wconf 81' lang='grc' dir='ltr'>ἐν</span> <span class='ocrx_word' id='word_1_36' title='bbox 913 661 1025 735; x_wconf 86' lang='grc' dir='ltr'>ὅκῳ</span> <span class='ocrx_word' id='word_1_37' title='bbox 1076 667 1154 735; x_wconf 82' lang='grc' dir='ltr'>τῷ</span> <span class='ocrx_word' id='word_1_38' title='bbox 1190 662 1294 737; x_wconf 83' lang='grc' dir='ltr'>βίῳ</span> <span class='ocrx_word' id='word_1_39' title='bbox 1347 660 1690 731; x_wconf 72' lang='grc' dir='ltr'>εἶσοικίζεται</span> <span class='ocrx_word' id='word_1_40' title='bbox 1721 662 1860 716; x_wconf 71' lang='grc' dir='ltr'>κατὰ</span> <span class='ocrx_word' id='word_1_41' title='bbox 1889 661 2011 715; x_wconf 79' lang='grc' dir='ltr'>νοῦν</span> <span class='ocrx_word' id='word_1_42' title='bbox 2043 679 2056 692; x_wconf 85' lang='grc'><strong><em>⁸</em></strong></span> 
     </span>
    </p>
   </div>
   <div class='ocr_carea' id='block_1_8' title="bbox 403 746 2056 826">
    <p class='ocr_par' dir='ltr' id='par_1_8' title="bbox 403 746 2056 826">
     <span class='ocr_line' id='line_1_8' title="bbox 403 746 2056 826; baseline -0.004 -17"><span class='ocrx_word' id='word_1_43' title='bbox 403 751 553 809; x_wconf 77' lang='grc' dir='ltr'>ἀλλὰ</span> <span class='ocrx_word' id='word_1_44' title='bbox 581 751 676 816; x_wconf 77' lang='grc' dir='ltr'>τὰς</span> <span class='ocrx_word' id='word_1_45' title='bbox 722 751 853 815; x_wconf 87' lang='grc' dir='ltr'>ὅλας</span> <span class='ocrx_word' id='word_1_46' title='bbox 905 751 1123 814; x_wconf 82' lang='grc' dir='ltr'>κλείσας</span> <span class='ocrx_word' id='word_1_47' title='bbox 1177 759 1275 821; x_wconf 75' lang='grc' dir='ltr'>τῆς</span> <span class='ocrx_word' id='word_1_48' title='bbox 1323 754 1510 826; x_wconf 78' lang='grc' dir='ltr'>ψυχῆς</span> <span class='ocrx_word' id='word_1_49' title='bbox 1561 751 1746 825; x_wconf 89' lang='grc' dir='ltr'>θύρας,</span> <span class='ocrx_word' id='word_1_50' title='bbox 1781 751 1854 811; x_wconf 85' lang='grc' dir='ltr'>ὡς</span> <span class='ocrx_word' id='word_1_51' title='bbox 1888 746 2056 822; x_wconf 73' lang='grc' dir='ltr'>μηδὲν</span> 
     </span>
    </p>
   </div>
   <div class='ocr_carea' id='block_1_9' title="bbox 403 835 2052 918">
    <p class='ocr_par' dir='ltr' id='par_1_9' title="bbox 403 835 2052 918">
     <span class='ocr_line' id='line_1_9' title="bbox 403 835 2052 918; baseline -0.002 -22"><span class='ocrx_word' id='word_1_52' title='bbox 403 846 593 897; x_wconf 81' lang='grc' dir='ltr'>τιτῶν</span> <span class='ocrx_word' id='word_1_53' title='bbox 646 839 747 914; x_wconf 74' lang='grc' dir='ltr'>ἔξω</span> <span class='ocrx_word' id='word_1_54' title='bbox 803 840 1271 918; x_wconf 85' lang='grc' dir='ltr'>παρεισκρίνεσθαι</span> <span class='ocrx_word' id='word_1_55' title='bbox 1321 840 1397 902; x_wconf 79' lang='grc' dir='ltr'>εἷς</span> <span class='ocrx_word' id='word_1_56' title='bbox 1441 840 1634 910; x_wconf 75' lang='grc' dir='ltr'>αὐτὴν,</span> <span class='ocrx_word' id='word_1_57' title='bbox 1686 835 1908 908; x_wconf 77' lang='grc' dir='ltr'>ἷ¹διάζειν</span> <span class='ocrx_word' id='word_1_58' title='bbox 1963 839 2052 893; x_wconf 87' lang='grc' dir='ltr'>τὸν</span> 
     </span>
    </p>
   </div>
   <div class='ocr_carea' id='block_1_10' title="bbox 402 927 2052 1008">
    <p class='ocr_par' dir='ltr' id='par_1_10' title="bbox 402 927 2052 1008">
     <span class='ocr_line' id='line_1_10' title="bbox 402 927 2052 1008; baseline -0.002 -22"><span class='ocrx_word' id='word_1_59' title='bbox 402 929 526 986; x_wconf 75' lang='grc' dir='ltr'>νοῦν</span> <span class='ocrx_word' id='word_1_60' title='bbox 588 929 782 1008; x_wconf 78' lang='grc' dir='ltr'>ἀφίησι</span> <span class='ocrx_word' id='word_1_61' title='bbox 841 929 931 984; x_wconf 82' lang='grc' dir='ltr'>καὶ</span> <span class='ocrx_word' id='word_1_62' title='bbox 970 929 1161 984; x_wconf 73' lang='grc' dir='ltr'>ἑαυτοῦ</span> <span class='ocrx_word' id='word_1_63' title='bbox 1210 930 1343 984; x_wconf 78' lang='grc' dir='ltr'>εἶναι</span> <span class='ocrx_word' id='word_1_64' title='bbox 1403 930 1494 984; x_wconf 87' lang='grc' dir='ltr'>καὶ</span> <span class='ocrx_word' id='word_1_65' title='bbox 1548 927 1735 984; x_wconf 80' lang='grc' dir='ltr'>λαλεῖν</span> <span class='ocrx_word' id='word_1_66' title='bbox 1795 929 1861 982; x_wconf 82' lang='grc' dir='ltr'>τὰ</span> <span class='ocrx_word' id='word_1_67' title='bbox 1915 928 2052 1004; x_wconf 90' lang='grc' dir='ltr'>πρὸς</span> 
     </span>
    </p>
   </div>
   <div class='ocr_carea' id='block_1_11' title="bbox 406 1016 2051 1096">
    <p class='ocr_par' dir='ltr' id='par_1_11' title="bbox 406 1016 2051 1096">
     <span class='ocr_line' id='line_1_11' title="bbox 406 1016 2051 1096; baseline -0.003 -20"><span class='ocrx_word' id='word_1_68' title='bbox 406 1017 603 1091; x_wconf 67' lang='grc' dir='ltr'>δέησιν.</span> <span class='ocrx_word' id='word_1_69' title='bbox 659 1019 775 1076; x_wconf 82' lang='grc' dir='ltr'>Οὐκ</span> <span class='ocrx_word' id='word_1_70' title='bbox 825 1017 1136 1093; x_wconf 80' lang='grc' dir='ltr'>ἐνθυμεῖται</span> <span class='ocrx_word' id='word_1_71' title='bbox 1187 1016 1462 1094; x_wconf 77' lang='grc' dir='ltr'>συζυγίαν,</span> <span class='ocrx_word' id='word_1_72' title='bbox 1519 1018 1583 1074; x_wconf 90' lang='grc' dir='ltr'>οὐ</span> <span class='ocrx_word' id='word_1_73' title='bbox 1627 1018 1724 1088; x_wconf 76' lang='grc' dir='ltr'>τήν</span> <span class='ocrx_word' id='word_1_74' title='bbox 1774 1019 2051 1096; x_wconf 84' lang='grc' dir='ltr'>σύμφυτον</span> 
     </span>
    </p>
   </div>
   <div class='ocr_carea' id='block_1_12' title="bbox 402 1105 2050 1186">
    <p class='ocr_par' dir='ltr' id='par_1_12' title="bbox 402 1105 2050 1186">
     <span class='ocr_line' id='line_1_12' title="bbox 402 1105 2050 1186; baseline -0.001 -23"><span class='ocrx_word' id='word_1_75' title='bbox 402 1107 654 1186; x_wconf 88' lang='grc' dir='ltr'>γλυκεῖαν</span> <span class='ocrx_word' id='word_1_76' title='bbox 691 1107 913 1184; x_wconf 72' lang='grc' dir='ltr'>ἀγέλην,</span> <span class='ocrx_word' id='word_1_77' title='bbox 965 1107 1026 1163; x_wconf 94' lang='grc' dir='ltr'>οὐ</span> <span class='ocrx_word' id='word_1_78' title='bbox 1083 1105 1338 1177; x_wconf 81' lang='grc' dir='ltr'>κλοῦτον,</span> <span class='ocrx_word' id='word_1_79' title='bbox 1386 1107 1448 1163; x_wconf 90' lang='grc' dir='ltr'>οὐ</span> <span class='ocrx_word' id='word_1_80' title='bbox 1497 1114 1688 1176; x_wconf 83' lang='grc' dir='ltr'>κτῆσιν</span> <span class='ocrx_word' id='word_1_81' title='bbox 1724 1127 1736 1140; x_wconf 90' lang='grc'><strong>·</strong></span> <span class='ocrx_word' id='word_1_82' title='bbox 1769 1107 1832 1162; x_wconf 89' lang='grc' dir='ltr'>τὸ</span> <span class='ocrx_word' id='word_1_83' title='bbox 1866 1112 2050 1180; x_wconf 86' lang='grc' dir='ltr'>μεῖζον</span> 
     </span>
    </p>
   </div>
   <div class='ocr_carea' id='block_1_13' title="bbox 400 1194 2054 1270">
    <p class='ocr_par' dir='ltr' id='par_1_13' title="bbox 400 1194 2054 1270">
     <span class='ocr_line' id='line_1_13' title="bbox 400 1194 2054 1270; baseline -0.001 -18"><span class='ocrx_word' id='word_1_84' title='bbox 400 1197 589 1266; x_wconf 81' lang='grc' dir='ltr'>εἰπεῖν,</span> <span class='ocrx_word' id='word_1_85' title='bbox 651 1198 740 1253; x_wconf 76' lang='grc' dir='ltr'>καὶ</span> <span class='ocrx_word' id='word_1_86' title='bbox 802 1198 992 1252; x_wconf 71' lang='grc' dir='ltr'>ἑαυτοῦ</span> <span class='ocrx_word' id='word_1_87' title='bbox 1051 1198 1080 1252; x_wconf 92' lang='lat'>6</span> <span class='ocrx_word' id='word_1_88' title='bbox 1126 1201 1375 1260; x_wconf 78' lang='grc' dir='ltr'>τοιοῦτος</span> <span class='ocrx_word' id='word_1_89' title='bbox 1435 1195 1724 1270; x_wconf 74' lang='grc' dir='ltr'>ἐξίσταται,</span> <span class='ocrx_word' id='word_1_90' title='bbox 1782 1194 1871 1251; x_wconf 82' lang='grc' dir='ltr'>καὶ</span> <span class='ocrx_word' id='word_1_91' title='bbox 1918 1195 2054 1250; x_wconf 83' lang='grc' dir='ltr'>κατά</span> 
     </span>
    </p>
   </div>
   <div class='ocr_carea' id='block_1_14' title="bbox 398 1281 2050 1362">
    <p class='ocr_par' dir='ltr' id='par_1_14' title="bbox 398 1281 2050 1362">
     <span class='ocr_line' id='line_1_14' title="bbox 398 1281 2050 1362; baseline -0.001 -22"><span class='ocrx_word' id='word_1_92' title='bbox 398 1282 654 1360; x_wconf 83' lang='grc' dir='ltr'>οὐδεμίαν</span> <span class='ocrx_word' id='word_1_93' title='bbox 741 1281 990 1356; x_wconf 75' lang='grc' dir='ltr'>αἶ’σθησιν</span> <span class='ocrx_word' id='word_1_94' title='bbox 1071 1285 1316 1362; x_wconf 78' lang='grc' dir='ltr'>ἐνεργεῖ.</span> <span class='ocrx_word' id='word_1_95' title='bbox 1406 1283 1636 1348; x_wconf 87' lang='grc' dir='ltr'>Οὐδενὸς</span> <span class='ocrx_word' id='word_1_96' title='bbox 1713 1290 1820 1340; x_wconf 83' lang='grc' dir='ltr'>τῶν</span> <span class='ocrx_word' id='word_1_97' title='bbox 1895 1284 2050 1360; x_wconf 74' lang='grc' dir='ltr'>πέριξ</span> 
     </span>
    </p>
   </div>
   <div class='ocr_carea' id='block_1_15' title="bbox 393 1373 2046 1452">
    <p class='ocr_par' dir='ltr' id='par_1_15' title="bbox 393 1373 2046 1452">
     <span class='ocr_line' id='line_1_15' title="bbox 393 1373 2046 1452; baseline -0.001 -23"><span class='ocrx_word' id='word_1_98' title='bbox 393 1375 621 1430; x_wconf 87' lang='grc' dir='ltr'>ἀκούει·</span> <span class='ocrx_word' id='word_1_99' title='bbox 653 1374 744 1430; x_wconf 87' lang='grc' dir='ltr'>καὶ</span> <span class='ocrx_word' id='word_1_100' title='bbox 802 1376 929 1451; x_wconf 78' lang='grc' dir='ltr'>γὰρ,</span> <span class='ocrx_word' id='word_1_101' title='bbox 990 1374 1035 1430; x_wconf 86' lang='grc' dir='ltr'>εἷ</span> <span class='ocrx_word' id='word_1_102' title='bbox 1086 1375 1174 1430; x_wconf 80' lang='grc' dir='ltr'>καὶ</span> <span class='ocrx_word' id='word_1_103' title='bbox 1241 1376 1512 1452; x_wconf 79' lang='grc' dir='ltr'>βροντῶσι</span> <span class='ocrx_word' id='word_1_104' title='bbox 1557 1380 1675 1437; x_wconf 86' lang='grc' dir='ltr'>τοῖς</span> <span class='ocrx_word' id='word_1_105' title='bbox 1720 1373 1930 1451; x_wconf 82' lang='grc' dir='ltr'>λόγοις,</span> <span class='ocrx_word' id='word_1_106' title='bbox 1985 1374 2046 1428; x_wconf 93' lang='grc' dir='ltr'>οὐ</span> 
     </span>
    </p>
   </div>
   <div class='ocr_carea' id='block_1_16' title="bbox 393 1461 2046 1542">
    <p class='ocr_par' dir='ltr' id='par_1_16' title="bbox 393 1461 2046 1542">
     <span class='ocr_line' id='line_1_16' title="bbox 393 1461 2046 1542; baseline -0.001 -24"><span class='ocrx_word' id='word_1_107' title='bbox 393 1463 682 1538; x_wconf 83' lang='grc' dir='ltr'>πλαγιάζει</span> <span class='ocrx_word' id='word_1_108' title='bbox 737 1466 830 1519; x_wconf 86' lang='grc' dir='ltr'>τὸν</span> <span class='ocrx_word' id='word_1_109' title='bbox 901 1463 1190 1542; x_wconf 85' lang='grc' dir='ltr'>ὀφθαλμὸν</span> <span class='ocrx_word' id='word_1_110' title='bbox 1246 1464 1323 1527; x_wconf 87' lang='grc' dir='ltr'>εἰς</span> <span class='ocrx_word' id='word_1_111' title='bbox 1379 1463 1593 1536; x_wconf 69' lang='grc' dir='ltr'>οὐδένα,</span> <span class='ocrx_word' id='word_1_112' title='bbox 1646 1465 1733 1519; x_wconf 83' lang='grc' dir='ltr'>καὶ</span> <span class='ocrx_word' id='word_1_113' title='bbox 1783 1461 1930 1527; x_wconf 90' lang='grc' dir='ltr'>ὅλως</span> <span class='ocrx_word' id='word_1_114' title='bbox 1985 1462 2046 1518; x_wconf 93' lang='grc' dir='ltr'>οὐ</span> 
     </span>
    </p>
   </div>
   <div class='ocr_carea' id='block_1_17' title="bbox 393 1549 2046 1629">
    <p class='ocr_par' dir='ltr' id='par_1_17' title="bbox 393 1549 2046 1629">
     <span class='ocr_line' id='line_1_17' title="bbox 393 1549 2046 1629; baseline -0.001 -22"><span class='ocrx_word' id='word_1_115' title='bbox 393 1549 655 1607; x_wconf 88' lang='grc' dir='ltr'>πλατύνει</span> <span class='ocrx_word' id='word_1_116' title='bbox 715 1554 778 1607; x_wconf 90' lang='grc' dir='ltr'>τὸ</span> <span class='ocrx_word' id='word_1_117' title='bbox 838 1552 1148 1619; x_wconf 82' lang='grc' dir='ltr'>αἰσθητικόν</span> <span class='ocrx_word' id='word_1_118' title='bbox 1182 1572 1194 1584; x_wconf 83' lang='lat'><strong><em>°</em></strong></span> <span class='ocrx_word' id='word_1_119' title='bbox 1273 1551 1424 1608; x_wconf 75' lang='grc' dir='ltr'>ἀλλὰ</span> <span class='ocrx_word' id='word_1_120' title='bbox 1494 1557 1850 1629; x_wconf 75' lang='grc' dir='ltr'>πενοχωρεῖ,</span> <span class='ocrx_word' id='word_1_121' title='bbox 1909 1553 2046 1628; x_wconf 87' lang='grc' dir='ltr'>πρὸς</span> 
     </span>
    </p>
   </div>
   <div class='ocr_carea' id='block_1_18' title="bbox 391 1639 2044 1718">
    <p class='ocr_par' dir='ltr' id='par_1_18' title="bbox 391 1639 2044 1718">
     <span class='ocr_line' id='line_1_18' title="bbox 391 1639 2044 1718; baseline 0 -22"><span class='ocrx_word' id='word_1_122' title='bbox 391 1639 467 1696; x_wconf 82' lang='grc' dir='ltr'>ἐνὶ</span> <span class='ocrx_word' id='word_1_123' title='bbox 497 1641 586 1696; x_wconf 83' lang='grc' dir='ltr'>καὶ</span> <span class='ocrx_word' id='word_1_124' title='bbox 624 1644 776 1716; x_wconf 86' lang='grc' dir='ltr'>μόνῳ</span> <span class='ocrx_word' id='word_1_125' title='bbox 825 1641 1015 1715; x_wconf 83' lang='grc' dir='ltr'>ἐκείνῳ</span> <span class='ocrx_word' id='word_1_126' title='bbox 1065 1643 1376 1718; x_wconf 84' lang='grc' dir='ltr'>τυγχάνων,</span> <span class='ocrx_word' id='word_1_127' title='bbox 1435 1647 1514 1714; x_wconf 80' lang='grc' dir='ltr'>τῷ</span> <span class='ocrx_word' id='word_1_128' title='bbox 1568 1641 1804 1718; x_wconf 84' lang='grc' dir='ltr'>βασιλεῖ,</span> <span class='ocrx_word' id='word_1_129' title='bbox 1847 1642 1937 1696; x_wconf 81' lang='grc' dir='ltr'>καὶ</span> <span class='ocrx_word' id='word_1_130' title='bbox 1971 1641 2044 1704; x_wconf 73' lang='grc' dir='ltr'>εἷς</span> 
     </span>
    </p>
   </div>
   <div class='ocr_carea' id='block_1_19' title="bbox 393 1726 2048 1808">
    <p class='ocr_par' dir='ltr' id='par_1_19' title="bbox 393 1726 2048 1808">
     <span class='ocr_line' id='line_1_19' title="bbox 393 1726 2048 1808; baseline -0.001 -22"><span class='ocrx_word' id='word_1_131' title='bbox 393 1731 530 1807; x_wconf 89' lang='grc' dir='ltr'>πρὸς</span> <span class='ocrx_word' id='word_1_132' title='bbox 561 1726 653 1785; x_wconf 79' lang='grc' dir='ltr'>ἕνα</span> <span class='ocrx_word' id='word_1_133' title='bbox 709 1737 1002 1808; x_wconf 81' lang='grc' dir='ltr'>μετρεῖται,</span> <span class='ocrx_word' id='word_1_134' title='bbox 1054 1731 1142 1786; x_wconf 87' lang='grc' dir='ltr'>καὶ</span> <span class='ocrx_word' id='word_1_135' title='bbox 1200 1733 1360 1804; x_wconf 84' lang='grc' dir='ltr'>μόνος</span> <span class='ocrx_word' id='word_1_136' title='bbox 1420 1731 1588 1804; x_wconf 87' lang='grc' dir='ltr'>μόνου</span> <span class='ocrx_word' id='word_1_137' title='bbox 1633 1731 1855 1807; x_wconf 88' lang='grc' dir='ltr'>γίνεται.</span> <span class='ocrx_word' id='word_1_138' title='bbox 1883 1728 2048 1788; x_wconf 70' lang='grc' dir='ltr'>Οἶδα-</span> 
     </span>
    </p>
   </div>
   <div class='ocr_carea' id='block_1_20' title="bbox 398 1818 2042 1896">
    <p class='ocr_par' dir='ltr' id='par_1_20' title="bbox 398 1818 2042 1896">
     <span class='ocr_line' id='line_1_20' title="bbox 398 1818 2042 1896; baseline 0 -22"><span class='ocrx_word' id='word_1_139' title='bbox 398 1839 490 1892; x_wconf 87' lang='grc' dir='ltr'>μεν</span> <span class='ocrx_word' id='word_1_140' title='bbox 521 1818 769 1883; x_wconf 82' lang='grc' dir='ltr'>πολλοὺς</span> <span class='ocrx_word' id='word_1_141' title='bbox 823 1820 876 1875; x_wconf 77' lang='grc' dir='ltr'>ἐν</span> <span class='ocrx_word' id='word_1_142' title='bbox 929 1824 1046 1882; x_wconf 89' lang='grc' dir='ltr'>τοῖς</span> <span class='ocrx_word' id='word_1_143' title='bbox 1092 1819 1366 1883; x_wconf 81' lang='grc' dir='ltr'>τοιούτοις</span> <span class='ocrx_word' id='word_1_144' title='bbox 1420 1821 1512 1875; x_wconf 85' lang='grc' dir='ltr'>καὶ</span> <span class='ocrx_word' id='word_1_145' title='bbox 1562 1824 1774 1896; x_wconf 82' lang='grc' dir='ltr'>τριχῶν</span> <span class='ocrx_word' id='word_1_146' title='bbox 1806 1818 2042 1893; x_wconf 73' lang='grc' dir='ltr'>ἑλκομε-</span> 
     </span>
    </p>
   </div>
   <div class='ocr_carea' id='block_1_21' title="bbox 390 1904 2038 1983">
    <p class='ocr_par' dir='ltr' id='par_1_21' title="bbox 390 1904 2038 1983">
     <span class='ocr_line' id='line_1_21' title="bbox 390 1904 2038 1983; baseline 0 -19"><span class='ocrx_word' id='word_1_147' title='bbox 390 1929 536 1981; x_wconf 90' lang='grc' dir='ltr'>νους,</span> <span class='ocrx_word' id='word_1_148' title='bbox 603 1909 693 1964; x_wconf 84' lang='grc' dir='ltr'>καὶ</span> <span class='ocrx_word' id='word_1_149' title='bbox 752 1904 1156 1972; x_wconf 78' lang='grc' dir='ltr'>ἀντιϐαίνοντας</span> <span class='ocrx_word' id='word_1_150' title='bbox 1218 1910 1337 1983; x_wconf 75' lang='grc' dir='ltr'>μὶν,</span> <span class='ocrx_word' id='word_1_151' title='bbox 1399 1909 1461 1964; x_wconf 89' lang='grc' dir='ltr'>οὐ</span> <span class='ocrx_word' id='word_1_152' title='bbox 1512 1909 1918 1982; x_wconf 73' lang='grc' dir='ltr'>σκοπουμένους</span> <span class='ocrx_word' id='word_1_153' title='bbox 1960 1907 2038 1979; x_wconf 78' lang='grc' dir='ltr'>δὲ,</span> 
     </span>
    </p>
   </div>
   <div class='ocr_carea' id='block_1_22' title="bbox 388 1994 2035 2075">
    <p class='ocr_par' dir='ltr' id='par_1_22' title="bbox 388 1994 2035 2075">
     <span class='ocr_line' id='line_1_22' title="bbox 388 1994 2035 2075; baseline 0.001 -24"><span class='ocrx_word' id='word_1_154' title='bbox 388 1997 526 2072; x_wconf 86' lang='grc' dir='ltr'>πρὸς</span> <span class='ocrx_word' id='word_1_155' title='bbox 574 1998 740 2053; x_wconf 90' lang='grc' dir='ltr'>τίνων</span> <span class='ocrx_word' id='word_1_156' title='bbox 797 1994 1070 2054; x_wconf 75' lang='grc' dir='ltr'>ἕλκονται.</span> <span class='ocrx_word' id='word_1_157' title='bbox 1153 1999 1436 2075; x_wconf 86' lang='grc' dir='ltr'>Πάσχουσι</span> <span class='ocrx_word' id='word_1_158' title='bbox 1521 1999 1611 2052; x_wconf 83' lang='grc' dir='ltr'>καὶ</span> <span class='ocrx_word' id='word_1_159' title='bbox 1665 1997 1900 2073; x_wconf 81' lang='grc' dir='ltr'>κληγὰς,</span> <span class='ocrx_word' id='word_1_160' title='bbox 1946 1998 2035 2052; x_wconf 87' lang='grc' dir='ltr'>καὶ</span> 
     </span>
    </p>
   </div>
   <div class='ocr_carea' id='block_1_23' title="bbox 384 2083 2040 2164">
    <p class='ocr_par' dir='ltr' id='par_1_23' title="bbox 384 2083 2040 2164">
     <span class='ocr_line' id='line_1_23' title="bbox 384 2083 2040 2164; baseline 0.001 -24"><span class='ocrx_word' id='word_1_161' title='bbox 384 2083 500 2140; x_wconf 88' lang='grc' dir='ltr'>οὐδ’</span> <span class='ocrx_word' id='word_1_162' title='bbox 557 2085 732 2151; x_wconf 71' lang='grc' dir='ltr'>οὕτως</span> <span class='ocrx_word' id='word_1_163' title='bbox 781 2085 1218 2164; x_wconf 69' lang='grc' dir='ltr'>ἐπιστρέφονται,</span> <span class='ocrx_word' id='word_1_164' title='bbox 1265 2086 1410 2143; x_wconf 87' lang='grc' dir='ltr'>ἀλλὰ</span> <span class='ocrx_word' id='word_1_165' title='bbox 1467 2084 1842 2158; x_wconf 72' lang='grc' dir='ltr'>διατέθεινται,</span> <span class='ocrx_word' id='word_1_166' title='bbox 1901 2087 2040 2150; x_wconf 81' lang='grc' dir='ltr'>καθὰ</span> 
     </span>
    </p>
   </div>
   <div class='ocr_carea' id='block_1_24' title="bbox 382 2171 2039 2250">
    <p class='ocr_par' dir='ltr' id='par_1_24' title="bbox 382 2171 2039 2250">
     <span class='ocr_line' id='line_1_24' title="bbox 382 2171 2039 2250; baseline 0.001 -20"><span class='ocrx_word' id='word_1_167' title='bbox 382 2175 470 2230; x_wconf 87' lang='grc' dir='ltr'>καὶ</span> <span class='ocrx_word' id='word_1_168' title='bbox 509 2174 654 2240; x_wconf 86' lang='grc' dir='ltr'>λίθοι</span> <span class='ocrx_word' id='word_1_169' title='bbox 706 2174 1104 2250; x_wconf 87' lang='grc' dir='ltr'>πληττόμενοι.</span> <span class='ocrx_word' id='word_1_170' title='bbox 1135 2171 1376 2250; x_wconf 78' lang='grc' dir='ltr'>Ὓϐρεων</span> <span class='ocrx_word' id='word_1_171' title='bbox 1427 2173 1485 2231; x_wconf 72' lang='grc' dir='ltr'>δὲ</span> <span class='ocrx_word' id='word_1_172' title='bbox 1541 2175 1872 2249; x_wconf 84' lang='grc' dir='ltr'>ἐμπάζεσθαι</span> <span class='ocrx_word' id='word_1_173' title='bbox 1911 2173 2039 2239; x_wconf 79' lang='grc' dir='ltr'>τοὺς</span> 
     </span>
    </p>
   </div>
   <div class='ocr_carea' id='block_1_25' title="bbox 380 2263 2035 2342">
    <p class='ocr_par' dir='ltr' id='par_1_25' title="bbox 380 2263 2035 2342">
     <span class='ocr_line' id='line_1_25' title="bbox 380 2263 2035 2342; baseline 0 -23"><span class='ocrx_word' id='word_1_174' title='bbox 380 2263 689 2334; x_wconf 74' lang='grc' dir='ltr'>τοιούτους,</span> <span class='ocrx_word' id='word_1_175' title='bbox 738 2269 857 2328; x_wconf 81' lang='grc' dir='ltr'>πῶς</span> <span class='ocrx_word' id='word_1_176' title='bbox 909 2265 969 2320; x_wconf 73' lang='grc' dir='ltr'>ἂν</span> <span class='ocrx_word' id='word_1_177' title='bbox 1011 2263 1097 2337; x_wconf 79' lang='grc' dir='ltr'>εἷή</span> <span class='ocrx_word' id='word_1_178' title='bbox 1136 2285 1150 2336; x_wconf 91' lang='lat'>;</span> <span class='ocrx_word' id='word_1_179' title='bbox 1200 2265 1522 2340; x_wconf 83' lang='grc' dir='ltr'>Κωφεύουσι</span> <span class='ocrx_word' id='word_1_180' title='bbox 1573 2266 1678 2342; x_wconf 81' lang='grc' dir='ltr'>γὰρ</span> <span class='ocrx_word' id='word_1_181' title='bbox 1723 2266 1860 2341; x_wconf 85' lang='grc' dir='ltr'>πρὸς</span> <span class='ocrx_word' id='word_1_182' title='bbox 1894 2263 2035 2320; x_wconf 82' lang='grc' dir='ltr'>ἄλλο</span> 
     </span>
    </p>
   </div>
   <div class='ocr_carea' id='block_1_26' title="bbox 385 2350 2036 2432">
    <p class='ocr_par' dir='ltr' id='par_1_26' title="bbox 385 2350 2036 2432">
     <span class='ocr_line' id='line_1_26' title="bbox 385 2350 2036 2432; baseline 0.001 -26"><span class='ocrx_word' id='word_1_183' title='bbox 385 2352 522 2407; x_wconf 79' lang='grc' dir='ltr'>ἅπαν</span> <span class='ocrx_word' id='word_1_184' title='bbox 575 2350 846 2428; x_wconf 75' lang='grc' dir='ltr'>ἄκουσμα,</span> <span class='ocrx_word' id='word_1_185' title='bbox 923 2352 1351 2432; x_wconf 78' lang='grc' dir='ltr'>καραδοκοῦντες</span> <span class='ocrx_word' id='word_1_186' title='bbox 1425 2354 1489 2410; x_wconf 83' lang='grc' dir='ltr'>τὸ</span> <span class='ocrx_word' id='word_1_187' title='bbox 1562 2351 1848 2430; x_wconf 88' lang='grc' dir='ltr'>βασιλικὸν</span> <span class='ocrx_word' id='word_1_188' title='bbox 1900 2352 2036 2408; x_wconf 84' lang='grc' dir='ltr'>ἀπό-</span> 
     </span>
    </p>
   </div>
   <div class='ocr_carea' id='block_1_27' title="bbox 382 2442 618 2520">
    <p class='ocr_par' dir='ltr' id='par_1_27' title="bbox 382 2442 618 2520">
     <span class='ocr_line' id='line_1_27' title="bbox 382 2442 618 2520; baseline 0.008 -24"><span class='ocrx_word' id='word_1_189' title='bbox 382 2442 618 2520; x_wconf 85' lang='grc' dir='ltr'>φθεγμα.</span> 
     </span>
    </p>
   </div>
   <div class='ocr_carea' id='block_1_28' title="bbox 456 2529 2038 2608">
    <p class='ocr_par' dir='ltr' id='par_1_28' title="bbox 456 2529 2038 2608">
     <span class='ocr_line' id='line_1_28' title="bbox 456 2529 2038 2608; baseline 0.001 -23"><span class='ocrx_word' id='word_1_190' title='bbox 456 2533 516 2587; x_wconf 86' lang='grc' dir='ltr'>ν’.</span> <span class='ocrx_word' id='word_1_191' title='bbox 551 2532 649 2586; x_wconf 82' lang='grc' dir='ltr'>Καὶ</span> <span class='ocrx_word' id='word_1_192' title='bbox 683 2530 826 2587; x_wconf 73' lang='grc' dir='ltr'>οὕτω</span> <span class='ocrx_word' id='word_1_193' title='bbox 857 2553 1036 2588; x_wconf 91' lang='grc' dir='ltr'>τοινυν</span> <span class='ocrx_word' id='word_1_194' title='bbox 1096 2533 1185 2588; x_wconf 83' lang='grc' dir='ltr'>καὶ</span> <span class='ocrx_word' id='word_1_195' title='bbox 1241 2534 1392 2606; x_wconf 75' lang='grc' dir='ltr'>ἡμᾶς</span> <span class='ocrx_word' id='word_1_196' title='bbox 1442 2529 1694 2608; x_wconf 70' lang='grc' dir='ltr'>εὔχεσθαι</span> <span class='ocrx_word' id='word_1_197' title='bbox 1730 2532 1870 2608; x_wconf 77' lang='grc' dir='ltr'>χρὴ,</span> <span class='ocrx_word' id='word_1_198' title='bbox 1911 2532 2038 2608; x_wconf 88' lang='grc' dir='ltr'>βρα-</span> 
     </span>
    </p>
   </div>
   <div class='ocr_carea' id='block_1_29' title="bbox 382 2621 2035 2699">
    <p class='ocr_par' dir='ltr' id='par_1_29' title="bbox 382 2621 2035 2699">
     <span class='ocr_line' id='line_1_29' title="bbox 382 2621 2035 2699; baseline 0 -25"><span class='ocrx_word' id='word_1_199' title='bbox 382 2625 540 2696; x_wconf 87' lang='grc' dir='ltr'>χεῖαν</span> <span class='ocrx_word' id='word_1_200' title='bbox 571 2625 701 2696; x_wconf 76' lang='grc' dir='ltr'>γοῦν</span> <span class='ocrx_word' id='word_1_201' title='bbox 747 2621 953 2692; x_wconf 83' lang='grc' dir='ltr'>ἐκείνην</span> <span class='ocrx_word' id='word_1_202' title='bbox 1007 2621 1152 2697; x_wconf 80' lang='grc' dir='ltr'>ὥραν</span> <span class='ocrx_word' id='word_1_203' title='bbox 1204 2621 1560 2699; x_wconf 84' lang='grc' dir='ltr'>ἀφορίζοντας</span> <span class='ocrx_word' id='word_1_204' title='bbox 1611 2627 1690 2694; x_wconf 80' lang='grc' dir='ltr'>τῷ</span> <span class='ocrx_word' id='word_1_205' title='bbox 1739 2626 1858 2693; x_wconf 84' lang='grc' dir='ltr'>Θεῷ</span> <span class='ocrx_word' id='word_1_206' title='bbox 1889 2639 1903 2655; x_wconf 84' lang='grc'>⁶</span> <span class='ocrx_word' id='word_1_207' title='bbox 1946 2621 2035 2675; x_wconf 81' lang='grc' dir='ltr'>καὶ</span> 
     </span>
    </p>
   </div>
   <div class='ocr_carea' id='block_1_30' title="bbox 384 2707 2038 2784">
    <p class='ocr_par' dir='ltr' id='par_1_30' title="bbox 384 2707 2038 2784">
     <span class='ocr_line' id='line_1_30' title="bbox 384 2707 2038 2784; baseline 0.001 -22"><span class='ocrx_word' id='word_1_208' title='bbox 384 2709 557 2771; x_wconf 75' lang='grc' dir='ltr'>οὕτως</span> <span class='ocrx_word' id='word_1_209' title='bbox 604 2710 868 2783; x_wconf 88' lang='grc' dir='ltr'>ἀνύσομεν</span> <span class='ocrx_word' id='word_1_210' title='bbox 937 2711 998 2765; x_wconf 88' lang='grc' dir='ltr'>τὸ</span> <span class='ocrx_word' id='word_1_211' title='bbox 1074 2710 1430 2784; x_wconf 84' lang='grc' dir='ltr'>ζητούμενον.</span> <span class='ocrx_word' id='word_1_212' title='bbox 1497 2711 1919 2780; x_wconf 77' lang='grc' dir='ltr'>Συλλαλήσουσι</span> <span class='ocrx_word' id='word_1_213' title='bbox 1980 2707 2038 2764; x_wconf 80' lang='grc' dir='ltr'>δὲ</span> 
     </span>
    </p>
   </div>
   <div class='ocr_carea' id='block_1_31' title="bbox 383 2796 2032 2875">
    <p class='ocr_par' dir='ltr' id='par_1_31' title="bbox 383 2796 2032 2875">
     <span class='ocr_line' id='line_1_31' title="bbox 383 2796 2032 2875; baseline 0 -24"><span class='ocrx_word' id='word_1_214' title='bbox 383 2797 601 2860; x_wconf 82' lang='grc' dir='ltr'>πάντως</span> <span class='ocrx_word' id='word_1_215' title='bbox 656 2803 774 2860; x_wconf 84' lang='grc' dir='ltr'>ταῖς</span> <span class='ocrx_word' id='word_1_216' title='bbox 827 2799 1019 2875; x_wconf 83' lang='grc' dir='ltr'>εὐχαῖς</span> <span class='ocrx_word' id='word_1_217' title='bbox 1083 2798 1368 2871; x_wconf 81' lang='grc' dir='ltr'>κυκλόθεν,</span> <span class='ocrx_word' id='word_1_218' title='bbox 1429 2799 1518 2853; x_wconf 87' lang='grc' dir='ltr'>καὶ</span> <span class='ocrx_word' id='word_1_219' title='bbox 1590 2796 1647 2854; x_wconf 79' lang='grc' dir='ltr'>εἷ’</span> <span class='ocrx_word' id='word_1_220' title='bbox 1695 2819 1834 2861; x_wconf 83' lang='grc' dir='ltr'>τινες</span> <span class='ocrx_word' id='word_1_221' title='bbox 1895 2799 2032 2870; x_wconf 77' lang='grc' dir='ltr'>ἡμῖν</span> 
     </span>
    </p>
   </div>
   <div class='ocr_carea' id='block_1_32' title="bbox 387 2884 2032 2964">
    <p class='ocr_par' dir='ltr' id='par_1_32' title="bbox 387 2884 2032 2964">
     <span class='ocr_line' id='line_1_32' title="bbox 387 2884 2032 2964; baseline 0.002 -25"><span class='ocrx_word' id='word_1_222' title='bbox 387 2887 601 2962; x_wconf 82' lang='grc' dir='ltr'>πράξεις</span> <span class='ocrx_word' id='word_1_223' title='bbox 651 2887 842 2963; x_wconf 84' lang='grc' dir='ltr'>ἀγαθαὶ</span> <span class='ocrx_word' id='word_1_224' title='bbox 899 2889 1419 2964; x_wconf 85' lang='grc' dir='ltr'>προκατώρθωνται,</span> <span class='ocrx_word' id='word_1_225' title='bbox 1476 2888 1566 2942; x_wconf 87' lang='grc' dir='ltr'>καὶ</span> <span class='ocrx_word' id='word_1_226' title='bbox 1623 2889 1730 2963; x_wconf 88' lang='grc' dir='ltr'>πρὸ</span> <span class='ocrx_word' id='word_1_227' title='bbox 1776 2892 1884 2942; x_wconf 82' lang='grc' dir='ltr'>τῶν</span> <span class='ocrx_word' id='word_1_228' title='bbox 1933 2884 2032 2942; x_wconf 74' lang='grc' dir='ltr'>ἄλ-</span> 
     </span>
    </p>
   </div>
   <div class='ocr_carea' id='block_1_33' title="bbox 398 2971 2032 3050">
    <p class='ocr_par' dir='ltr' id='par_1_33' title="bbox 398 2971 2032 3050">
     <span class='ocr_line' id='line_1_33' title="bbox 398 2971 2032 3050; baseline 0.001 -22"><span class='ocrx_word' id='word_1_229' title='bbox 398 2971 505 3029; x_wconf 87' lang='grc' dir='ltr'>λων</span> <span class='ocrx_word' id='word_1_230' title='bbox 537 2978 572 3046; x_wconf 78' lang='grc' dir='ltr'><strong>ἡ</strong></span> <span class='ocrx_word' id='word_1_231' title='bbox 617 2974 989 3049; x_wconf 71' lang='grc' dir='ltr'>ἐλεημοσύνη,</span> <span class='ocrx_word' id='word_1_232' title='bbox 1047 2977 1135 3032; x_wconf 84' lang='grc' dir='ltr'>καὶ</span> <span class='ocrx_word' id='word_1_233' title='bbox 1180 2977 1340 3046; x_wconf 77' lang='grc' dir='ltr'>αὐτὴ,</span> <span class='ocrx_word' id='word_1_234' title='bbox 1392 2978 1480 3032; x_wconf 85' lang='grc' dir='ltr'>ὅτε</span> <span class='ocrx_word' id='word_1_235' title='bbox 1533 2977 1666 3050; x_wconf 76' lang='grc' dir='ltr'>μετὰ</span> <span class='ocrx_word' id='word_1_236' title='bbox 1705 2975 2032 3050; x_wconf 75' lang='grc' dir='ltr'>ἱλαρότητος</span> 
     </span>
    </p>
   </div>
   <div class='ocr_carea' id='block_1_34' title="bbox 392 3062 2031 3142">
    <p class='ocr_par' dir='ltr' id='par_1_34' title="bbox 392 3062 2031 3142">
     <span class='ocr_line' id='line_1_34' title="bbox 392 3062 2031 3142; baseline 0.002 -24"><span class='ocrx_word' id='word_1_237' title='bbox 392 3062 620 3138; x_wconf 88' lang='grc' dir='ltr'>γίνοιτο.</span> <span class='ocrx_word' id='word_1_238' title='bbox 670 3062 910 3139; x_wconf 79' lang='grc' dir='ltr'>Οἴδαμεν</span> <span class='ocrx_word' id='word_1_239' title='bbox 982 3065 1110 3142; x_wconf 81' lang='grc' dir='ltr'>γὰρ,</span> <span class='ocrx_word' id='word_1_240' title='bbox 1171 3089 1200 3119; x_wconf 86' lang='grc'>‹‹</span> <span class='ocrx_word' id='word_1_241' title='bbox 1259 3064 1448 3142; x_wconf 77' lang='grc' dir='ltr'>ἱλαρὸν</span> <span class='ocrx_word' id='word_1_242' title='bbox 1509 3063 1671 3138; x_wconf 81' lang='grc' dir='ltr'>δότην</span> <span class='ocrx_word' id='word_1_243' title='bbox 1727 3065 2031 3141; x_wconf 81' lang='grc' dir='ltr'>ἀγαπᾶσθαι</span> 
     </span>
    </p>
   </div>
   <div class='ocr_carea' id='block_1_35' title="bbox 383 3154 2030 3230">
    <p class='ocr_par' dir='ltr' id='par_1_35' title="bbox 383 3154 2030 3230">
     <span class='ocr_line' id='line_1_35' title="bbox 383 3154 2030 3230; baseline 0.002 -22"><span class='ocrx_word' id='word_1_244' title='bbox 383 3154 531 3230; x_wconf 79' lang='grc' dir='ltr'>παρὰ</span> <span class='ocrx_word' id='word_1_245' title='bbox 559 3159 692 3210; x_wconf 77' lang='grc' dir='ltr'>Θεοῦ</span> <span class='ocrx_word' id='word_1_246' title='bbox 721 3174 734 3187; x_wconf 85' lang='lat'><strong>&#39;</strong></span> <span class='ocrx_word' id='word_1_247' title='bbox 770 3181 792 3210; x_wconf 76' lang='grc' dir='ltr'><strong><em>ι</em></strong></span> <span class='ocrx_word' id='word_1_248' title='bbox 833 3155 949 3210; x_wconf 78' lang='grc' dir='ltr'>ἐπεί</span> <span class='ocrx_word' id='word_1_249' title='bbox 978 3175 1088 3228; x_wconf 93' lang='grc' dir='ltr'>τοι,</span> <span class='ocrx_word' id='word_1_250' title='bbox 1135 3155 1194 3218; x_wconf 81' lang='grc' dir='ltr'>ὃς</span> <span class='ocrx_word' id='word_1_251' title='bbox 1229 3157 1305 3230; x_wconf 80' lang='grc' dir='ltr'>μὴ</span> <span class='ocrx_word' id='word_1_252' title='bbox 1349 3155 1520 3218; x_wconf 75' lang='grc' dir='ltr'>οὕτως</span> <span class='ocrx_word' id='word_1_253' title='bbox 1552 3155 1712 3225; x_wconf 71' lang='grc' dir='ltr'>ἐλεεῖ,</span> <span class='ocrx_word' id='word_1_254' title='bbox 1754 3155 1903 3212; x_wconf 82' lang='grc' dir='ltr'>ἀλλὰ</span> <span class='ocrx_word' id='word_1_255' title='bbox 1935 3177 2030 3230; x_wconf 83' lang='grc' dir='ltr'>με-</span> 
     </span>
    </p>
   </div>
   <div class='ocr_carea' id='block_1_36' title="bbox 2172 577 3825 649">
    <p class='ocr_par' dir='ltr' id='par_1_36' title="bbox 2172 577 3825 649">
     <span class='ocr_line' id='line_1_36' title="bbox 2172 577 3825 649; baseline 0.002 -20"><span class='ocrx_word' id='word_1_256' title='bbox 2172 579 2330 630; x_wconf 89' lang='lat' dir='ltr'>rator</span> <span class='ocrx_word' id='word_1_257' title='bbox 2359 578 2605 648; x_wconf 79' lang='lat' dir='ltr'>supplex</span> <span class='ocrx_word' id='word_1_258' title='bbox 2638 581 2792 632; x_wconf 87' lang='lat' dir='ltr'>astat</span> <span class='ocrx_word' id='word_1_259' title='bbox 2823 577 2970 632; x_wconf 86' lang='lat' dir='ltr'>nihil</span> <span class='ocrx_word' id='word_1_260' title='bbox 3003 577 3162 633; x_wconf 88' lang='lat' dir='ltr'>alind</span> <span class='ocrx_word' id='word_1_261' title='bbox 3195 579 3254 633; x_wconf 91' lang='lat' dir='ltr'>in</span> <span class='ocrx_word' id='word_1_262' title='bbox 3288 581 3544 632; x_wconf 88' lang='lat' dir='ltr'>mentem</span> <span class='ocrx_word' id='word_1_263' title='bbox 3579 577 3825 649; x_wconf 85' lang='lat' dir='ltr'>ingerit;</span> 
     </span>
    </p>
   </div>
   <div class='ocr_carea' id='block_1_37' title="bbox 2170 665 3826 740">
    <p class='ocr_par' dir='ltr' id='par_1_37' title="bbox 2170 665 3826 740">
     <span class='ocr_line' id='line_1_37' title="bbox 2170 665 3826 740; baseline 0.001 -20"><span class='ocrx_word' id='word_1_264' title='bbox 2170 665 2270 720; x_wconf 90' lang='lat' dir='ltr'>sed</span> <span class='ocrx_word' id='word_1_265' title='bbox 2314 665 2590 722; x_wconf 90' lang='lat' dir='ltr'>omnibus</span> <span class='ocrx_word' id='word_1_266' title='bbox 2651 667 2860 722; x_wconf 69' lang='lat' dir='ltr'>animae</span> <span class='ocrx_word' id='word_1_267' title='bbox 2912 667 3099 740; x_wconf 85' lang='lat' dir='ltr'>portis</span> <span class='ocrx_word' id='word_1_268' title='bbox 3157 666 3398 733; x_wconf 80' lang='lat' dir='ltr'>clausis,</span> <span class='ocrx_word' id='word_1_269' title='bbox 3449 667 3530 722; x_wconf 88' lang='lat' dir='ltr'>ita</span> <span class='ocrx_word' id='word_1_270' title='bbox 3561 671 3625 721; x_wconf 91' lang='lat' dir='ltr'>ut</span> <span class='ocrx_word' id='word_1_271' title='bbox 3677 667 3826 723; x_wconf 85' lang='lat' dir='ltr'>nihil</span> 
     </span>
    </p>
   </div>
   <div class='ocr_carea' id='block_1_38' title="bbox 2169 753 3826 827">
    <p class='ocr_par' dir='ltr' id='par_1_38' title="bbox 2169 753 3826 827">
     <span class='ocr_line' id='line_1_38' title="bbox 2169 753 3826 827; baseline 0.003 -19"><span class='ocrx_word' id='word_1_272' title='bbox 2169 753 2531 811; x_wconf 77' lang='lat' dir='ltr'>extrinsecus</span> <span class='ocrx_word' id='word_1_273' title='bbox 2565 756 2785 812; x_wconf 91' lang='lat' dir='ltr'>intrare</span> <span class='ocrx_word' id='word_1_274' title='bbox 2817 757 3026 827; x_wconf 79' lang='lat' dir='ltr'>possit,</span> <span class='ocrx_word' id='word_1_275' title='bbox 3059 760 3313 813; x_wconf 87' lang='lat' dir='ltr'>mentem</span> <span class='ocrx_word' id='word_1_276' title='bbox 3345 755 3662 827; x_wconf 88' lang='lat' dir='ltr'>colligit,ut</span> <span class='ocrx_word' id='word_1_277' title='bbox 3691 765 3826 812; x_wconf 89' lang='lat' dir='ltr'>tan-</span> 
     </span>
    </p>
   </div>
   <div class='ocr_carea' id='block_1_39' title="bbox 2169 845 3822 918">
    <p class='ocr_par' dir='ltr' id='par_1_39' title="bbox 2169 845 3822 918">
     <span class='ocr_line' id='line_1_39' title="bbox 2169 845 3822 918; baseline 0.001 -20"><span class='ocrx_word' id='word_1_278' title='bbox 2169 845 2295 898; x_wconf 87' lang='lat' dir='ltr'>tum</span> <span class='ocrx_word' id='word_1_279' title='bbox 2341 861 2432 900; x_wconf 90' lang='lat' dir='ltr'>res</span> <span class='ocrx_word' id='word_1_280' title='bbox 2455 847 2525 900; x_wconf 89' lang='lat' dir='ltr'>ad</span> <span class='ocrx_word' id='word_1_281' title='bbox 2552 845 2892 918; x_wconf 85' lang='lat' dir='ltr'>petitionem</span> <span class='ocrx_word' id='word_1_282' title='bbox 2910 853 3246 918; x_wconf 74' lang='lat' dir='ltr'>spectantes</span> <span class='ocrx_word' id='word_1_283' title='bbox 3271 845 3674 918; x_wconf 87' lang='lat' dir='ltr'>proloquatur.</span> <span class='ocrx_word' id='word_1_284' title='bbox 3694 846 3822 901; x_wconf 90' lang='lat' dir='ltr'>Non</span> 
     </span>
    </p>
   </div>
   <div class='ocr_carea' id='block_1_40' title="bbox 2164 933 3814 1006">
    <p class='ocr_par' dir='ltr' id='par_1_40' title="bbox 2164 933 3814 1006">
     <span class='ocr_line' id='line_1_40' title="bbox 2164 933 3814 1006; baseline 0.002 -18"><span class='ocrx_word' id='word_1_285' title='bbox 2164 933 2622 1004; x_wconf 87' lang='lat' dir='ltr'>conjugem,non</span> <span class='ocrx_word' id='word_1_286' title='bbox 2656 933 2854 991; x_wconf 88' lang='lat' dir='ltr'>dulces</span> <span class='ocrx_word' id='word_1_287' title='bbox 2886 939 3072 1004; x_wconf 89' lang='lat' dir='ltr'>natos,</span> <span class='ocrx_word' id='word_1_288' title='bbox 3095 951 3210 990; x_wconf 91' lang='lat' dir='ltr'>non</span> <span class='ocrx_word' id='word_1_289' title='bbox 3241 934 3498 1002; x_wconf 80' lang='lat' dir='ltr'>divitias,</span> <span class='ocrx_word' id='word_1_290' title='bbox 3533 951 3650 990; x_wconf 88' lang='lat' dir='ltr'>non</span> <span class='ocrx_word' id='word_1_291' title='bbox 3680 950 3814 1006; x_wconf 90' lang='lat' dir='ltr'>pos-</span> 
     </span>
    </p>
   </div>
   <div class='ocr_carea' id='block_1_41' title="bbox 2163 1021 3812 1096">
    <p class='ocr_par' dir='ltr' id='par_1_41' title="bbox 2163 1021 3812 1096">
     <span class='ocr_line' id='line_1_41' title="bbox 2163 1021 3812 1096; baseline 0.002 -20"><span class='ocrx_word' id='word_1_292' title='bbox 2163 1021 2456 1078; x_wconf 81' lang='lat' dir='ltr'>sessiones</span> <span class='ocrx_word' id='word_1_293' title='bbox 2489 1027 2625 1080; x_wconf 90' lang='lat' dir='ltr'>ante</span> <span class='ocrx_word' id='word_1_294' title='bbox 2655 1024 2855 1080; x_wconf 88' lang='lat' dir='ltr'>oculos</span> <span class='ocrx_word' id='word_1_295' title='bbox 2887 1024 3097 1091; x_wconf 87' lang='lat' dir='ltr'>habet;</span> <span class='ocrx_word' id='word_1_296' title='bbox 3131 1025 3248 1079; x_wconf 90' lang='lat' dir='ltr'>imo</span> <span class='ocrx_word' id='word_1_297' title='bbox 3282 1024 3438 1096; x_wconf 89' lang='lat' dir='ltr'>quod</span> <span class='ocrx_word' id='word_1_298' title='bbox 3477 1023 3674 1095; x_wconf 88' lang='lat' dir='ltr'>majus</span> <span class='ocrx_word' id='word_1_299' title='bbox 3704 1029 3812 1095; x_wconf 89' lang='lat' dir='ltr'>est,</span> 
     </span>
    </p>
   </div>
   <div class='ocr_carea' id='block_1_42' title="bbox 2161 1110 3816 1185">
    <p class='ocr_par' dir='ltr' id='par_1_42' title="bbox 2161 1110 3816 1185">
     <span class='ocr_line' id='line_1_42' title="bbox 2161 1110 3816 1185; baseline 0.003 -21"><span class='ocrx_word' id='word_1_300' title='bbox 2161 1110 2256 1164; x_wconf 86' lang='lat' dir='ltr'>sui</span> <span class='ocrx_word' id='word_1_301' title='bbox 2279 1127 2518 1183; x_wconf 89' lang='lat' dir='ltr'>compos</span> <span class='ocrx_word' id='word_1_302' title='bbox 2541 1130 2658 1168; x_wconf 91' lang='lat' dir='ltr'>non</span> <span class='ocrx_word' id='word_1_303' title='bbox 2714 1119 2801 1169; x_wconf 88' lang='lat' dir='ltr'>est</span> <span class='ocrx_word' id='word_1_304' title='bbox 2856 1117 2913 1169; x_wconf 93' lang='lat' dir='ltr'>et</span> <span class='ocrx_word' id='word_1_305' title='bbox 2968 1114 3261 1170; x_wconf 86' lang='lat' dir='ltr'>sentiendi</span> <span class='ocrx_word' id='word_1_306' title='bbox 3319 1112 3595 1169; x_wconf 82' lang='lat' dir='ltr'>facultate</span> <span class='ocrx_word' id='word_1_307' title='bbox 3641 1113 3816 1185; x_wconf 87' lang='lat' dir='ltr'>plane</span> 
     </span>
    </p>
   </div>
   <div class='ocr_carea' id='block_1_43' title="bbox 2161 1197 3815 1276">
    <p class='ocr_par' dir='ltr' id='par_1_43' title="bbox 2161 1197 3815 1276">
     <span class='ocr_line' id='line_1_43' title="bbox 2161 1197 3815 1276; baseline 0.003 -23"><span class='ocrx_word' id='word_1_308' title='bbox 2161 1197 2502 1257; x_wconf 90' lang='lat' dir='ltr'>destitutus.</span> <span class='ocrx_word' id='word_1_309' title='bbox 2555 1201 2648 1258; x_wconf 85' lang='lat' dir='ltr'>Nil</span> <span class='ocrx_word' id='word_1_310' title='bbox 2696 1219 2900 1258; x_wconf 91' lang='lat' dir='ltr'>eorum</span> <span class='ocrx_word' id='word_1_311' title='bbox 2948 1219 3074 1275; x_wconf 75' lang='lat' dir='ltr'>quae</span> <span class='ocrx_word' id='word_1_312' title='bbox 3128 1218 3308 1276; x_wconf 88' lang='lat' dir='ltr'>prope</span> <span class='ocrx_word' id='word_1_313' title='bbox 3358 1218 3494 1258; x_wconf 90' lang='lat' dir='ltr'>eum</span> <span class='ocrx_word' id='word_1_314' title='bbox 3535 1202 3815 1258; x_wconf 88' lang='lat' dir='ltr'>dicuntur</span> 
     </span>
    </p>
   </div>
   <div class='ocr_carea' id='block_1_44' title="bbox 2161 1287 3809 1363">
    <p class='ocr_par' dir='ltr' id='par_1_44' title="bbox 2161 1287 3809 1363">
     <span class='ocr_line' id='line_1_44' title="bbox 2161 1287 3809 1363; baseline 0.003 -21"><span class='ocrx_word' id='word_1_315' title='bbox 2161 1287 2345 1356; x_wconf 89' lang='lat' dir='ltr'>audit,</span> <span class='ocrx_word' id='word_1_316' title='bbox 2381 1294 2440 1345; x_wconf 92' lang='lat' dir='ltr'>et</span> <span class='ocrx_word' id='word_1_317' title='bbox 2491 1289 2625 1346; x_wconf 88' lang='lat' dir='ltr'>licet</span> <span class='ocrx_word' id='word_1_318' title='bbox 2670 1307 2884 1363; x_wconf 87' lang='lat' dir='ltr'>magno</span> <span class='ocrx_word' id='word_1_319' title='bbox 2941 1291 3197 1349; x_wconf 89' lang='lat' dir='ltr'>clamore</span> <span class='ocrx_word' id='word_1_320' title='bbox 3241 1291 3650 1358; x_wconf 89' lang='lat' dir='ltr'>vociferentur,</span> <span class='ocrx_word' id='word_1_321' title='bbox 3693 1307 3809 1348; x_wconf 89' lang='lat' dir='ltr'>non</span> 
     </span>
    </p>
   </div>
   <div class='ocr_carea' id='block_1_45' title="bbox 2159 1376 3787 1452">
    <p class='ocr_par' dir='ltr' id='par_1_45' title="bbox 2159 1376 3787 1452">
     <span class='ocr_line' id='line_1_45' title="bbox 2159 1376 3787 1452; baseline 0.003 -22"><span class='ocrx_word' id='word_1_322' title='bbox 2159 1376 2358 1446; x_wconf 85' lang='lat' dir='ltr'>nictat,</span> <span class='ocrx_word' id='word_1_323' title='bbox 2408 1378 2553 1434; x_wconf 89' lang='lat' dir='ltr'>nihil</span> <span class='ocrx_word' id='word_1_324' title='bbox 2597 1381 2775 1435; x_wconf 87' lang='lat' dir='ltr'>sentit</span> <span class='ocrx_word' id='word_1_325' title='bbox 2826 1398 2838 1447; x_wconf 92' lang='lat'>;</span> <span class='ocrx_word' id='word_1_326' title='bbox 2892 1382 3304 1452; x_wconf 86' lang='lat' dir='ltr'>imperatorem</span> <span class='ocrx_word' id='word_1_327' title='bbox 3375 1380 3570 1436; x_wconf 90' lang='lat' dir='ltr'>solum</span> <span class='ocrx_word' id='word_1_328' title='bbox 3629 1380 3787 1436; x_wconf 89' lang='lat' dir='ltr'>videt</span> 
     </span>
    </p>
   </div>
   <div class='ocr_carea' id='block_1_46' title="bbox 2158 1465 3808 1535">
    <p class='ocr_par' dir='ltr' id='par_1_46' title="bbox 2158 1465 3808 1535">
     <span class='ocr_line' id='line_1_46' title="bbox 2158 1465 3808 1535; baseline 0.002 -15"><span class='ocrx_word' id='word_1_329' title='bbox 2158 1465 2210 1520; x_wconf 89' lang='lat' dir='ltr'>ei</span> <span class='ocrx_word' id='word_1_330' title='bbox 2241 1465 2350 1521; x_wconf 90' lang='lat' dir='ltr'>soli</span> <span class='ocrx_word' id='word_1_331' title='bbox 2401 1469 2621 1535; x_wconf 89' lang='lat' dir='ltr'>studet,</span> <span class='ocrx_word' id='word_1_332' title='bbox 2677 1469 2950 1524; x_wconf 71' lang='lat' dir='ltr'>adhaaret.</span> <span class='ocrx_word' id='word_1_333' title='bbox 3004 1467 3216 1525; x_wconf 88' lang='lat' dir='ltr'>Multos</span> <span class='ocrx_word' id='word_1_334' title='bbox 3266 1469 3532 1524; x_wconf 86' lang='lat' dir='ltr'>crinibus</span> <span class='ocrx_word' id='word_1_335' title='bbox 3588 1473 3808 1525; x_wconf 86' lang='lat' dir='ltr'>tractos</span> 
     </span>
    </p>
   </div>
   <div class='ocr_carea' id='block_1_47' title="bbox 2156 1554 3807 1631">
    <p class='ocr_par' dir='ltr' id='par_1_47' title="bbox 2156 1554 3807 1631">
     <span class='ocr_line' id='line_1_47' title="bbox 2156 1554 3807 1631; baseline 0.003 -23"><span class='ocrx_word' id='word_1_336' title='bbox 2156 1554 2411 1612; x_wconf 75' lang='lat' dir='ltr'>vidimus</span> <span class='ocrx_word' id='word_1_337' title='bbox 2442 1557 2714 1612; x_wconf 89' lang='lat' dir='ltr'>incedere</span> <span class='ocrx_word' id='word_1_338' title='bbox 2745 1557 3072 1614; x_wconf 88' lang='lat' dir='ltr'>nescientes</span> <span class='ocrx_word' id='word_1_339' title='bbox 3103 1575 3138 1613; x_wconf 90' lang='lat' dir='ltr'>a</span> <span class='ocrx_word' id='word_1_340' title='bbox 3167 1558 3384 1631; x_wconf 90' lang='lat' dir='ltr'>quibus</span> <span class='ocrx_word' id='word_1_341' title='bbox 3415 1557 3807 1613; x_wconf 89' lang='lat' dir='ltr'>traherentur.</span> 
     </span>
    </p>
   </div>
   <div class='ocr_carea' id='block_1_48' title="bbox 2157 1644 3806 1719">
    <p class='ocr_par' dir='ltr' id='par_1_48' title="bbox 2157 1644 3806 1719">
     <span class='ocr_line' id='line_1_48' title="bbox 2157 1644 3806 1719; baseline 0.001 -19"><span class='ocrx_word' id='word_1_342' title='bbox 2157 1644 2406 1701; x_wconf 83' lang='lat' dir='ltr'>Verbera</span> <span class='ocrx_word' id='word_1_343' title='bbox 2433 1662 2666 1718; x_wconf 87' lang='lat' dir='ltr'>quoque</span> <span class='ocrx_word' id='word_1_344' title='bbox 2696 1647 2997 1719; x_wconf 88' lang='lat' dir='ltr'>accipiunt</span> <span class='ocrx_word' id='word_1_345' title='bbox 3026 1646 3176 1702; x_wconf 88' lang='lat' dir='ltr'>nihil</span> <span class='ocrx_word' id='word_1_346' title='bbox 3210 1646 3631 1714; x_wconf 90' lang='lat' dir='ltr'>sentientes,ut</span> <span class='ocrx_word' id='word_1_347' title='bbox 3654 1645 3806 1719; x_wconf 85' lang='lat' dir='ltr'>lapi-</span> 
     </span>
    </p>
   </div>
   <div class='ocr_carea' id='block_1_49' title="bbox 2155 1732 3804 1808">
    <p class='ocr_par' dir='ltr' id='par_1_49' title="bbox 2155 1732 3804 1808">
     <span class='ocr_line' id='line_1_49' title="bbox 2155 1732 3804 1808; baseline 0.003 -22"><span class='ocrx_word' id='word_1_348' title='bbox 2155 1732 2259 1788; x_wconf 90' lang='lat' dir='ltr'>des</span> <span class='ocrx_word' id='word_1_349' title='bbox 2301 1735 2610 1791; x_wconf 88' lang='lat' dir='ltr'>verberati.</span> <span class='ocrx_word' id='word_1_350' title='bbox 2664 1735 2834 1792; x_wconf 88' lang='lat' dir='ltr'>Tales</span> <span class='ocrx_word' id='word_1_351' title='bbox 2886 1735 3162 1808; x_wconf 86' lang='lat' dir='ltr'>injuriam</span> <span class='ocrx_word' id='word_1_352' title='bbox 3213 1735 3335 1808; x_wconf 89' lang='lat' dir='ltr'>pati</span> <span class='ocrx_word' id='word_1_353' title='bbox 3387 1751 3631 1807; x_wconf 84' lang='lat' dir='ltr'>prorsus</span> <span class='ocrx_word' id='word_1_354' title='bbox 3687 1751 3804 1791; x_wconf 90' lang='lat' dir='ltr'>non</span> 
     </span>
    </p>
   </div>
   <div class='ocr_carea' id='block_1_50' title="bbox 2153 1824 3804 1898">
    <p class='ocr_par' dir='ltr' id='par_1_50' title="bbox 2153 1824 3804 1898">
     <span class='ocr_line' id='line_1_50' title="bbox 2153 1824 3804 1898; baseline 0.002 -21"><span class='ocrx_word' id='word_1_355' title='bbox 2153 1829 2439 1893; x_wconf 81' lang='lat' dir='ltr'>possunt;</span> <span class='ocrx_word' id='word_1_356' title='bbox 2473 1824 2636 1880; x_wconf 89' lang='lat' dir='ltr'>surdi</span> <span class='ocrx_word' id='word_1_357' title='bbox 2663 1825 2822 1881; x_wconf 91' lang='lat' dir='ltr'>enim</span> <span class='ocrx_word' id='word_1_358' title='bbox 2843 1831 2983 1882; x_wconf 88' lang='lat' dir='ltr'>sunt</span> <span class='ocrx_word' id='word_1_359' title='bbox 3011 1826 3086 1882; x_wconf 89' lang='lat' dir='ltr'>ad</span> <span class='ocrx_word' id='word_1_360' title='bbox 3119 1840 3324 1882; x_wconf 88' lang='lat' dir='ltr'>omnes</span> <span class='ocrx_word' id='word_1_361' title='bbox 3351 1825 3804 1898; x_wconf 88' lang='lat' dir='ltr'>voces,impera-</span> 
     </span>
    </p>
   </div>
   <div class='ocr_carea' id='block_1_51' title="bbox 2147 1911 3086 1986">
    <p class='ocr_par' dir='ltr' id='par_1_51' title="bbox 2147 1911 3086 1986">
     <span class='ocr_line' id='line_1_51' title="bbox 2147 1911 3086 1986; baseline 0.002 -19"><span class='ocrx_word' id='word_1_362' title='bbox 2147 1911 2294 1969; x_wconf 85' lang='lat' dir='ltr'>toris</span> <span class='ocrx_word' id='word_1_363' title='bbox 2323 1929 2606 1986; x_wconf 89' lang='lat' dir='ltr'>responso</span> <span class='ocrx_word' id='word_1_364' title='bbox 2646 1914 2819 1971; x_wconf 89' lang='lat' dir='ltr'>unice</span> <span class='ocrx_word' id='word_1_365' title='bbox 2854 1914 3086 1971; x_wconf 89' lang='lat' dir='ltr'>intenti.</span> 
     </span>
    </p>
   </div>
   <div class='ocr_carea' id='block_1_52' title="bbox 2214 2529 3794 2603">
    <p class='ocr_par' dir='ltr' id='par_1_52' title="bbox 2214 2529 3794 2603">
     <span class='ocr_line' id='line_1_52' title="bbox 2214 2529 3794 2603; baseline -0.002 -16"><span class='ocrx_word' id='word_1_366' title='bbox 2214 2534 2305 2589; x_wconf 82' lang='lat'>50.</span> <span class='ocrx_word' id='word_1_367' title='bbox 2338 2532 2434 2588; x_wconf 90' lang='lat' dir='ltr'>Sic</span> <span class='ocrx_word' id='word_1_368' title='bbox 2464 2531 2644 2603; x_wconf 85' lang='lat' dir='ltr'>igitur</span> <span class='ocrx_word' id='word_1_369' title='bbox 2674 2547 2781 2586; x_wconf 89' lang='lat' dir='ltr'>nos</span> <span class='ocrx_word' id='word_1_370' title='bbox 2811 2546 3047 2602; x_wconf 87' lang='lat' dir='ltr'>quoque</span> <span class='ocrx_word' id='word_1_371' title='bbox 3078 2529 3304 2602; x_wconf 89' lang='lat' dir='ltr'>precari</span> <span class='ocrx_word' id='word_1_372' title='bbox 3370 2530 3555 2586; x_wconf 86' lang='lat' dir='ltr'>decet.</span> <span class='ocrx_word' id='word_1_373' title='bbox 3615 2534 3794 2586; x_wconf 88' lang='lat' dir='ltr'>Breve</span> 
     </span>
    </p>
   </div>
   <div class='ocr_carea' id='block_1_53' title="bbox 2143 2619 3800 2694">
    <p class='ocr_par' dir='ltr' id='par_1_53' title="bbox 2143 2619 3800 2694">
     <span class='ocr_line' id='line_1_53' title="bbox 2143 2619 3800 2694; baseline -0.001 -18"><span class='ocrx_word' id='word_1_374' title='bbox 2143 2622 2326 2694; x_wconf 81' lang='lat' dir='ltr'>igitur</span> <span class='ocrx_word' id='word_1_375' title='bbox 2349 2621 2627 2692; x_wconf 84' lang='lat' dir='ltr'>temporis</span> <span class='ocrx_word' id='word_1_376' title='bbox 2659 2620 2916 2692; x_wconf 88' lang='lat' dir='ltr'>spatium</span> <span class='ocrx_word' id='word_1_377' title='bbox 2951 2624 3062 2675; x_wconf 91' lang='lat' dir='ltr'>Deo</span> <span class='ocrx_word' id='word_1_378' title='bbox 3104 2636 3520 2676; x_wconf 88' lang='lat' dir='ltr'>consacremus</span> <span class='ocrx_word' id='word_1_379' title='bbox 3550 2623 3607 2675; x_wconf 90' lang='lat' dir='ltr'>et</span> <span class='ocrx_word' id='word_1_380' title='bbox 3641 2619 3800 2690; x_wconf 90' lang='lat' dir='ltr'>quod</span> 
     </span>
    </p>
   </div>
   <div class='ocr_carea' id='block_1_54' title="bbox 2142 2707 3800 2783">
    <p class='ocr_par' dir='ltr' id='par_1_54' title="bbox 2142 2707 3800 2783">
     <span class='ocr_line' id='line_1_54' title="bbox 2142 2707 3800 2783; baseline -0.003 -16"><span class='ocrx_word' id='word_1_381' title='bbox 2142 2711 2416 2783; x_wconf 89' lang='lat' dir='ltr'>cupimus</span> <span class='ocrx_word' id='word_1_382' title='bbox 2447 2709 3038 2765; x_wconf 89' lang='lat' dir='ltr'>nanciscemur.Dum</span> <span class='ocrx_word' id='word_1_383' title='bbox 3069 2727 3176 2765; x_wconf 90' lang='lat' dir='ltr'>nos</span> <span class='ocrx_word' id='word_1_384' title='bbox 3208 2708 3650 2780; x_wconf 88' lang='lat' dir='ltr'>precamus,alii</span> <span class='ocrx_word' id='word_1_385' title='bbox 3683 2707 3800 2762; x_wconf 89' lang='lat' dir='ltr'>cir-</span> 
     </span>
    </p>
   </div>
   <div class='ocr_carea' id='block_1_55' title="bbox 2141 2797 3798 2868">
    <p class='ocr_par' dir='ltr' id='par_1_55' title="bbox 2141 2797 3798 2868">
     <span class='ocr_line' id='line_1_55' title="bbox 2141 2797 3798 2868; baseline -0.001 -13"><span class='ocrx_word' id='word_1_386' title='bbox 2141 2817 2208 2855; x_wconf 88' lang='lat' dir='ltr'>ca</span> <span class='ocrx_word' id='word_1_387' title='bbox 2228 2817 2332 2856; x_wconf 90' lang='lat' dir='ltr'>nos</span> <span class='ocrx_word' id='word_1_388' title='bbox 2365 2798 2838 2867; x_wconf 87' lang='lat' dir='ltr'>confabulantur,</span> <span class='ocrx_word' id='word_1_389' title='bbox 2861 2802 3116 2855; x_wconf 83' lang='lat' dir='ltr'>attamen</span> <span class='ocrx_word' id='word_1_390' title='bbox 3149 2799 3334 2856; x_wconf 91' lang='lat' dir='ltr'>bonas</span> <span class='ocrx_word' id='word_1_391' title='bbox 3366 2797 3596 2868; x_wconf 88' lang='lat' dir='ltr'>aliquas</span> <span class='ocrx_word' id='word_1_392' title='bbox 3620 2797 3798 2854; x_wconf 85' lang='lat' dir='ltr'>actio-</span> 
     </span>
    </p>
   </div>
   <div class='ocr_carea' id='block_1_56' title="bbox 2143 2886 3795 2962">
    <p class='ocr_par' dir='ltr' id='par_1_56' title="bbox 2143 2886 3795 2962">
     <span class='ocr_line' id='line_1_56' title="bbox 2143 2886 3795 2962; baseline -0.003 -15"><span class='ocrx_word' id='word_1_393' title='bbox 2143 2907 2248 2947; x_wconf 90' lang='lat' dir='ltr'>nes</span> <span class='ocrx_word' id='word_1_394' title='bbox 2277 2893 2616 2962; x_wconf 85' lang='lat' dir='ltr'>agnoscent,</span> <span class='ocrx_word' id='word_1_395' title='bbox 2649 2892 2707 2944; x_wconf 90' lang='lat' dir='ltr'>et</span> <span class='ocrx_word' id='word_1_396' title='bbox 2733 2887 2888 2943; x_wconf 90' lang='lat' dir='ltr'>inter</span> <span class='ocrx_word' id='word_1_397' title='bbox 2917 2887 3030 2944; x_wconf 91' lang='lat' dir='ltr'>alia</span> <span class='ocrx_word' id='word_1_398' title='bbox 3050 2886 3522 2945; x_wconf 89' lang='lat' dir='ltr'>misericordiam</span> <span class='ocrx_word' id='word_1_399' title='bbox 3569 2891 3625 2942; x_wconf 88' lang='lat' dir='ltr'>et</span> <span class='ocrx_word' id='word_1_400' title='bbox 3656 2887 3795 2942; x_wconf 89' lang='lat' dir='ltr'>cha-</span> 
     </span>
    </p>
   </div>
   <div class='ocr_carea' id='block_1_57' title="bbox 2141 2976 3797 3056">
    <p class='ocr_par' dir='ltr' id='par_1_57' title="bbox 2141 2976 3797 3056">
     <span class='ocr_line' id='line_1_57' title="bbox 2141 2976 3797 3056; baseline -0.003 -21"><span class='ocrx_word' id='word_1_401' title='bbox 2141 2979 2375 3035; x_wconf 88' lang='lat' dir='ltr'>ritatem</span> <span class='ocrx_word' id='word_1_402' title='bbox 2408 2977 2680 3056; x_wconf 85' lang='lat' dir='ltr'>hilarem.</span> <span class='ocrx_word' id='word_1_403' title='bbox 2713 2977 2945 3034; x_wconf 87' lang='lat' dir='ltr'>Scimus</span> <span class='ocrx_word' id='word_1_404' title='bbox 2974 2977 3132 3034; x_wconf 91' lang='lat' dir='ltr'>enim</span> <span class='ocrx_word' id='word_1_405' title='bbox 3181 2976 3432 3032; x_wconf 89' lang='lat' dir='ltr'>hilarem</span> <span class='ocrx_word' id='word_1_406' title='bbox 3465 2977 3730 3032; x_wconf 87' lang='lat' dir='ltr'>datorem</span> <span class='ocrx_word' id='word_1_407' title='bbox 3763 2992 3797 3031; x_wconf 89' lang='lat' dir='ltr'>a</span> 
     </span>
    </p>
   </div>
   <div class='ocr_carea' id='block_1_58' title="bbox 2141 3064 3796 3138">
    <p class='ocr_par' dir='ltr' id='par_1_58' title="bbox 2141 3064 3796 3138">
     <span class='ocr_line' id='line_1_58' title="bbox 2141 3064 3796 3138; baseline -0.001 -16"><span class='ocrx_word' id='word_1_408' title='bbox 2141 3072 2256 3124; x_wconf 91' lang='lat' dir='ltr'>Deo</span> <span class='ocrx_word' id='word_1_409' title='bbox 2287 3067 2492 3124; x_wconf 87' lang='lat' dir='ltr'>amari.</span> <span class='ocrx_word' id='word_1_410' title='bbox 2524 3067 2745 3123; x_wconf 85' lang='lat' dir='ltr'>Revera</span> <span class='ocrx_word' id='word_1_411' title='bbox 2773 3067 2930 3122; x_wconf 90' lang='lat' dir='ltr'>enim</span> <span class='ocrx_word' id='word_1_412' title='bbox 2964 3067 3064 3138; x_wconf 89' lang='lat' dir='ltr'>qui</span> <span class='ocrx_word' id='word_1_413' title='bbox 3096 3083 3212 3122; x_wconf 90' lang='lat' dir='ltr'>non</span> <span class='ocrx_word' id='word_1_414' title='bbox 3238 3066 3323 3122; x_wconf 89' lang='lat' dir='ltr'>sio</span> <span class='ocrx_word' id='word_1_415' title='bbox 3345 3066 3448 3122; x_wconf 90' lang='lat' dir='ltr'>dat</span> <span class='ocrx_word' id='word_1_416' title='bbox 3475 3064 3796 3136; x_wconf 83' lang='lat' dir='ltr'>eleemosy-</span> 
     </span>
    </p>
   </div>
   <div class='ocr_carea' id='block_1_59' title="bbox 2140 3155 3794 3229">
    <p class='ocr_par' dir='ltr' id='par_1_59' title="bbox 2140 3155 3794 3229">
     <span class='ocr_line' id='line_1_59' title="bbox 2140 3155 3794 3229; baseline -0.004 -15"><span class='ocrx_word' id='word_1_417' title='bbox 2140 3157 2410 3226; x_wconf 87' lang='lat' dir='ltr'>nam,sed</span> <span class='ocrx_word' id='word_1_418' title='bbox 2437 3173 2572 3212; x_wconf 88' lang='lat' dir='ltr'>cum</span> <span class='ocrx_word' id='word_1_419' title='bbox 2595 3155 3272 3229; x_wconf 87' lang='lat' dir='ltr'>asperitate,nutricibus</span> <span class='ocrx_word' id='word_1_420' title='bbox 3303 3156 3517 3213; x_wconf 87' lang='lat' dir='ltr'>similis</span> <span class='ocrx_word' id='word_1_421' title='bbox 3547 3159 3637 3213; x_wconf 87' lang='lat' dir='ltr'>est</span> <span class='ocrx_word' id='word_1_422' title='bbox 3666 3169 3794 3226; x_wconf 82' lang='lat' dir='ltr'>quas</span> 
     </span>
    </p>
   </div>
   <div class='ocr_carea' id='block_1_60' title="bbox 377 3233 2036 3322">
    <p class='ocr_par' dir='ltr' id='par_1_60' title="bbox 377 3241 2029 3322">
     <span class='ocr_line' id='line_1_60' title="bbox 377 3241 2029 3322; baseline 0.002 -25"><span class='ocrx_word' id='word_1_423' title='bbox 377 3242 446 3297; x_wconf 81' lang='grc' dir='ltr'>τὰ</span> <span class='ocrx_word' id='word_1_424' title='bbox 499 3243 720 3319; x_wconf 88' lang='grc' dir='ltr'>πικρίας</span> <span class='ocrx_word' id='word_1_425' title='bbox 776 3241 1162 3319; x_wconf 86' lang='grc' dir='ltr'>δυσπροσίτου,</span> <span class='ocrx_word' id='word_1_426' title='bbox 1223 3243 1366 3300; x_wconf 83' lang='grc' dir='ltr'>ἔοικε</span> <span class='ocrx_word' id='word_1_427' title='bbox 1429 3250 1548 3309; x_wconf 89' lang='grc' dir='ltr'>ταῖς</span> <span class='ocrx_word' id='word_1_428' title='bbox 1597 3251 1846 3322; x_wconf 78' lang='grc' dir='ltr'>τροφοῖς,</span> <span class='ocrx_word' id='word_1_429' title='bbox 1909 3246 2029 3301; x_wconf 89' lang='grc' dir='ltr'>ὅσαι</span> 
     </span>
    </p>
   </div>
   <div class='ocr_carea' id='block_1_61' title="bbox 2151 3233 3796 3322">
    <p class='ocr_par' dir='ltr' id='par_1_61' title="bbox 2151 3243 3796 3318">
     <span class='ocr_line' id='line_1_61' title="bbox 2151 3243 3796 3318; baseline -0.004 -15"><span class='ocrx_word' id='word_1_430' title='bbox 2151 3263 2466 3303; x_wconf 85' lang='lat' dir='ltr'>mammam</span> <span class='ocrx_word' id='word_1_431' title='bbox 2497 3245 2612 3302; x_wconf 90' lang='lat' dir='ltr'>bile</span> <span class='ocrx_word' id='word_1_432' title='bbox 2643 3249 2930 3318; x_wconf 85' lang='lat' dir='ltr'>ungentes</span> <span class='ocrx_word' id='word_1_433' title='bbox 2972 3261 3174 3302; x_wconf 87' lang='lat' dir='ltr'>recens</span> <span class='ocrx_word' id='word_1_434' title='bbox 3207 3249 3377 3302; x_wconf 88' lang='lat' dir='ltr'>natos</span> <span class='ocrx_word' id='word_1_435' title='bbox 3408 3245 3653 3302; x_wconf 87' lang='lat' dir='ltr'>lactant.</span> <span class='ocrx_word' id='word_1_436' title='bbox 3685 3243 3796 3307; x_wconf 87' lang='lat' dir='ltr'>Qui</span> 
     </span>
    </p>
   </div>
   <div class='ocr_carea' id='block_1_62' title="bbox 375 3331 2035 3409">
    <p class='ocr_par' dir='ltr' id='par_1_62' title="bbox 375 3331 2035 3409">
     <span class='ocr_line' id='line_1_62' title="bbox 375 3331 2035 3409; baseline 0.001 -22"><span class='ocrx_word' id='word_1_437' title='bbox 375 3331 529 3408; x_wconf 75' lang='grc' dir='ltr'>χολῇ</span> <span class='ocrx_word' id='word_1_438' title='bbox 584 3334 684 3401; x_wconf 77' lang='grc' dir='ltr'>τὴν</span> <span class='ocrx_word' id='word_1_439' title='bbox 741 3331 920 3403; x_wconf 81' lang='grc' dir='ltr'>θηλὴν</span> <span class='ocrx_word' id='word_1_440' title='bbox 978 3332 1363 3405; x_wconf 72' lang='grc' dir='ltr'>ἐπαλείφουσαι</span> <span class='ocrx_word' id='word_1_441' title='bbox 1421 3333 1920 3409; x_wconf 86' lang='grc' dir='ltr'>ἀπογαλακτίζουσι</span> <span class='ocrx_word' id='word_1_442' title='bbox 1967 3335 2035 3389; x_wconf 81' lang='grc' dir='ltr'>τὰ</span> 
     </span>
    </p>
   </div>
   <div class='ocr_carea' id='block_1_63' title="bbox 377 3420 2030 3501">
    <p class='ocr_par' dir='ltr' id='par_1_63' title="bbox 377 3420 2030 3501">
     <span class='ocr_line' id='line_1_63' title="bbox 377 3420 2030 3501; baseline 0.002 -26"><span class='ocrx_word' id='word_1_443' title='bbox 377 3422 592 3496; x_wconf 82' lang='grc' dir='ltr'>νεογνά.</span> <span class='ocrx_word' id='word_1_444' title='bbox 624 3421 782 3478; x_wconf 74' lang='grc' dir='ltr'>Οὕτω</span> <span class='ocrx_word' id='word_1_445' title='bbox 834 3423 938 3499; x_wconf 64' lang='grc' dir='ltr'>γὰρ</span> <span class='ocrx_word' id='word_1_446' title='bbox 995 3423 1022 3477; x_wconf 90' lang='grc' dir='ltr'>ὁ</span> <span class='ocrx_word' id='word_1_447' title='bbox 1078 3422 1213 3496; x_wconf 87' lang='grc' dir='ltr'>μετὰ</span> <span class='ocrx_word' id='word_1_448' title='bbox 1260 3420 1445 3498; x_wconf 83' lang='grc' dir='ltr'>χολῆς</span> <span class='ocrx_word' id='word_1_449' title='bbox 1499 3423 1689 3491; x_wconf 74' lang='grc' dir='ltr'>ἐλεῶν,</span> <span class='ocrx_word' id='word_1_450' title='bbox 1723 3423 2030 3501; x_wconf 83' lang='grc' dir='ltr'>ἀπότροφον</span> 
     </span>
    </p>
   </div>
   <div class='ocr_carea' id='block_1_64' title="bbox 378 3509 2034 3588">
    <p class='ocr_par' dir='ltr' id='par_1_64' title="bbox 378 3509 2034 3588">
     <span class='ocr_line' id='line_1_64' title="bbox 378 3509 2034 3588; baseline 0.002 -24"><span class='ocrx_word' id='word_1_451' title='bbox 378 3509 472 3564; x_wconf 82' lang='grc' dir='ltr'>τὸν</span> <span class='ocrx_word' id='word_1_452' title='bbox 505 3514 769 3581; x_wconf 82' lang='grc' dir='ltr'>ζητοῦντα</span> <span class='ocrx_word' id='word_1_453' title='bbox 819 3511 1024 3580; x_wconf 80' lang='grc' dir='ltr'>πὲνητα</span> <span class='ocrx_word' id='word_1_454' title='bbox 1073 3514 1305 3583; x_wconf 84' lang='grc' dir='ltr'>τίθησιν.</span> <span class='ocrx_word' id='word_1_455' title='bbox 1365 3511 1443 3569; x_wconf 88' lang='grc' dir='ltr'>Οὐ</span> <span class='ocrx_word' id='word_1_456' title='bbox 1495 3511 1599 3588; x_wconf 79' lang='grc' dir='ltr'>γὰρ</span> <span class='ocrx_word' id='word_1_457' title='bbox 1630 3510 1691 3568; x_wconf 71' lang='grc' dir='ltr'>ἂν</span> <span class='ocrx_word' id='word_1_458' title='bbox 1723 3511 1926 3577; x_wconf 82' lang='grc' dir='ltr'>ἐκεῖνος</span> <span class='ocrx_word' id='word_1_459' title='bbox 1956 3513 2034 3577; x_wconf 76' lang='grc' dir='ltr'>εἰς</span> 
     </span>
    </p>
   </div>
   <div class='ocr_carea' id='block_1_65' title="bbox 381 3596 1164 3674">
    <p class='ocr_par' dir='ltr' id='par_1_65' title="bbox 381 3596 1164 3674">
     <span class='ocr_line' id='line_1_65' title="bbox 381 3596 1164 3674; baseline 0.001 -20"><span class='ocrx_word' id='word_1_460' title='bbox 381 3596 632 3674; x_wconf 72' lang='grc' dir='ltr'>δευτέραν</span> <span class='ocrx_word' id='word_1_461' title='bbox 655 3598 928 3655; x_wconf 67' lang='grc' dir='ltr'>ἐλεύσεται</span> <span class='ocrx_word' id='word_1_462' title='bbox 959 3597 1164 3671; x_wconf 73' lang='grc' dir='ltr'>δέησιν.</span> 
     </span>
    </p>
   </div>
   <div class='ocr_carea' id='block_1_66' title="bbox 450 3687 2032 3768">
    <p class='ocr_par' dir='ltr' id='par_1_66' title="bbox 450 3687 2032 3768">
     <span class='ocr_line' id='line_1_66' title="bbox 450 3687 2032 3768; baseline 0.001 -25"><span class='ocrx_word' id='word_1_463' title='bbox 450 3689 552 3746; x_wconf 89' lang='grc' dir='ltr'>να’.</span> <span class='ocrx_word' id='word_1_464' title='bbox 585 3687 982 3764; x_wconf 84' lang='grc' dir='ltr'>Ὑπερλαλήσει</span> <span class='ocrx_word' id='word_1_465' title='bbox 1039 3696 1142 3760; x_wconf 86' lang='grc' dir='ltr'>τῆς</span> <span class='ocrx_word' id='word_1_466' title='bbox 1193 3689 1465 3764; x_wconf 75' lang='grc' dir='ltr'>ἡμετέρας</span> <span class='ocrx_word' id='word_1_467' title='bbox 1515 3689 1688 3766; x_wconf 83' lang='grc' dir='ltr'>εὐχῆς</span> <span class='ocrx_word' id='word_1_468' title='bbox 1733 3691 1824 3746; x_wconf 84' lang='grc' dir='ltr'>καὶ</span> <span class='ocrx_word' id='word_1_469' title='bbox 1863 3693 1898 3762; x_wconf 79' lang='grc' dir='ltr'>ἡ</span> <span class='ocrx_word' id='word_1_470' title='bbox 1933 3693 2032 3768; x_wconf 81' lang='grc' dir='ltr'>φύ-</span> 
     </span>
    </p>
   </div>
   <div class='ocr_carea' id='block_1_67' title="bbox 380 3775 2031 3857">
    <p class='ocr_par' dir='ltr' id='par_1_67' title="bbox 380 3775 2031 3857">
     <span class='ocr_line' id='line_1_67' title="bbox 380 3775 2031 3857; baseline 0.002 -25"><span class='ocrx_word' id='word_1_471' title='bbox 380 3798 465 3840; x_wconf 89' lang='grc' dir='ltr'>σις</span> <span class='ocrx_word' id='word_1_472' title='bbox 496 3777 661 3846; x_wconf 71' lang='grc' dir='ltr'>αὐτὴ,</span> <span class='ocrx_word' id='word_1_473' title='bbox 705 3776 792 3832; x_wconf 80' lang='grc' dir='ltr'>ἐὰν</span> <span class='ocrx_word' id='word_1_474' title='bbox 849 3775 1082 3841; x_wconf 80' lang='grc' dir='ltr'>δεόντως</span> <span class='ocrx_word' id='word_1_475' title='bbox 1139 3777 1462 3857; x_wconf 74' lang='grc' dir='ltr'>φυλάξωμεν</span> <span class='ocrx_word' id='word_1_476' title='bbox 1517 3779 1579 3834; x_wconf 86' lang='grc' dir='ltr'>τὸ</span> <span class='ocrx_word' id='word_1_477' title='bbox 1626 3786 1726 3850; x_wconf 83' lang='grc' dir='ltr'>τῆς</span> <span class='ocrx_word' id='word_1_478' title='bbox 1777 3779 2031 3844; x_wconf 84' lang='grc' dir='ltr'>πλάσεως</span> 
     </span>
    </p>
   </div>
   <div class='ocr_carea' id='block_1_68' title="bbox 375 3865 2034 3942">
    <p class='ocr_par' dir='ltr' id='par_1_68' title="bbox 375 3865 2034 3942">
     <span class='ocr_line' id='line_1_68' title="bbox 375 3865 2034 3942; baseline 0.002 -21"><span class='ocrx_word' id='word_1_479' title='bbox 375 3868 520 3922; x_wconf 89' lang='grc' dir='ltr'>θεῖον</span> <span class='ocrx_word' id='word_1_480' title='bbox 560 3870 642 3938; x_wconf 80' lang='grc' dir='ltr'>τῷ</span> <span class='ocrx_word' id='word_1_481' title='bbox 696 3887 756 3921; x_wconf 85' lang='grc' dir='ltr'>τε</span> <span class='ocrx_word' id='word_1_482' title='bbox 807 3865 1011 3942; x_wconf 87' lang='grc' dir='ltr'>κυρίως</span> <span class='ocrx_word' id='word_1_483' title='bbox 1072 3865 1372 3940; x_wconf 78' lang='grc' dir='ltr'>μοναδῖκῴ,</span> <span class='ocrx_word' id='word_1_484' title='bbox 1424 3867 1515 3922; x_wconf 81' lang='grc' dir='ltr'>καὶ</span> <span class='ocrx_word' id='word_1_485' title='bbox 1558 3866 1639 3940; x_wconf 80' lang='grc' dir='ltr'>τῷ</span> <span class='ocrx_word' id='word_1_486' title='bbox 1689 3870 1805 3923; x_wconf 87' lang='grc' dir='ltr'>κατ’</span> <span class='ocrx_word' id='word_1_487' title='bbox 1851 3869 2034 3924; x_wconf 83' lang='grc' dir='ltr'>εἷ’κόνα</span> 
     </span>
    </p>
   </div>
   <div class='ocr_carea' id='block_1_69' title="bbox 377 3951 2030 4032">
    <p class='ocr_par' dir='ltr' id='par_1_69' title="bbox 377 3951 2030 4032">
     <span class='ocr_line' id='line_1_69' title="bbox 377 3951 2030 4032; baseline -0.001 -22"><span class='ocrx_word' id='word_1_488' title='bbox 377 3951 452 4028; x_wconf 84' lang='grc' dir='ltr'>(ἔν</span> <span class='ocrx_word' id='word_1_489' title='bbox 514 3953 573 4010; x_wconf 79' lang='grc' dir='ltr'>δὶ</span> <span class='ocrx_word' id='word_1_490' title='bbox 621 3956 839 4018; x_wconf 81' lang='grc' dir='ltr'>πάντως</span> <span class='ocrx_word' id='word_1_491' title='bbox 898 3953 1064 4032; x_wconf 80' lang='grc' dir='ltr'>ἄμφω</span> <span class='ocrx_word' id='word_1_492' title='bbox 1119 3960 1309 4028; x_wconf 79' lang='grc' dir='ltr'>ταῦτα,</span> <span class='ocrx_word' id='word_1_493' title='bbox 1383 3957 1465 4010; x_wconf 88' lang='grc' dir='ltr'>ὅτι</span> <span class='ocrx_word' id='word_1_494' title='bbox 1523 3955 1613 4009; x_wconf 82' lang='grc' dir='ltr'>καὶ</span> <span class='ocrx_word' id='word_1_495' title='bbox 1672 3955 1722 4026; x_wconf 81' lang='grc' dir='ltr'>ἐξ</span> <span class='ocrx_word' id='word_1_496' title='bbox 1768 3957 1884 4019; x_wconf 72' lang='grc' dir='ltr'>ἑνὸς</span> <span class='ocrx_word' id='word_1_497' title='bbox 1940 3957 2030 4012; x_wconf 78' lang='grc' dir='ltr'>καὶ</span> 
     </span>
    </p>
   </div>
   <div class='ocr_carea' id='block_1_70' title="bbox 378 4041 2032 4119">
    <p class='ocr_par' dir='ltr' id='par_1_70' title="bbox 378 4041 2032 4119">
     <span class='ocr_line' id='line_1_70' title="bbox 378 4041 2032 4119; baseline 0.001 -21"><span class='ocrx_word' id='word_1_498' title='bbox 378 4044 516 4119; x_wconf 86' lang='grc' dir='ltr'>πρὸς</span> <span class='ocrx_word' id='word_1_499' title='bbox 537 4041 651 4116; x_wconf 80' lang='grc' dir='ltr'>ἕνα)</span> <span class='ocrx_word' id='word_1_500' title='bbox 685 4062 699 4076; x_wconf 84' lang='grc'><em>’</em></span> <span class='ocrx_word' id='word_1_501' title='bbox 760 4042 837 4099; x_wconf 80' lang='grc' dir='ltr'>ἔτι</span> <span class='ocrx_word' id='word_1_502' title='bbox 897 4041 954 4098; x_wconf 71' lang='grc' dir='ltr'>δὲ</span> <span class='ocrx_word' id='word_1_503' title='bbox 1008 4043 1122 4113; x_wconf 84' lang='grc' dir='ltr'>καὶ,</span> <span class='ocrx_word' id='word_1_504' title='bbox 1183 4043 1269 4098; x_wconf 73' lang='grc' dir='ltr'>ἐὰν</span> <span class='ocrx_word' id='word_1_505' title='bbox 1329 4043 1535 4119; x_wconf 87' lang='grc' dir='ltr'>τρόπον</span> <span class='ocrx_word' id='word_1_506' title='bbox 1598 4041 1769 4099; x_wconf 82' lang='grc' dir='ltr'>ἄλλον</span> <span class='ocrx_word' id='word_1_507' title='bbox 1817 4046 1881 4099; x_wconf 88' lang='grc' dir='ltr'>τὸ</span> <span class='ocrx_word' id='word_1_508' title='bbox 1910 4047 2032 4109; x_wconf 87' lang='grc' dir='ltr'>καθ’</span> 
     </span>
    </p>
   </div>
   <div class='ocr_carea' id='block_1_71' title="bbox 377 4130 2030 4206">
    <p class='ocr_par' dir='ltr' id='par_1_71' title="bbox 377 4130 2030 4206">
     <span class='ocr_line' id='line_1_71' title="bbox 377 4130 2030 4206; baseline 0.001 -19"><span class='ocrx_word' id='word_1_509' title='bbox 377 4135 522 4205; x_wconf 75' lang='grc' dir='ltr'>ἡμᾶς</span> <span class='ocrx_word' id='word_1_510' title='bbox 553 4135 754 4188; x_wconf 70' lang='grc' dir='ltr'>ὶνιαῖον</span> <span class='ocrx_word' id='word_1_511' title='bbox 813 4137 974 4189; x_wconf 75' lang='grc' dir='ltr'>τοῦτο</span> <span class='ocrx_word' id='word_1_512' title='bbox 1023 4130 1633 4206; x_wconf 86' lang='grc' dir='ltr'>πολλαπλασιάσωμεν,</span> <span class='ocrx_word' id='word_1_513' title='bbox 1677 4133 2030 4206; x_wconf 69' lang='grc' dir='ltr'>ἐννοούμενοι</span> 
     </span>
    </p>
   </div>
   <div class='ocr_carea' id='block_1_72' title="bbox 378 4221 2029 4298">
    <p class='ocr_par' dir='ltr' id='par_1_72' title="bbox 378 4221 2029 4298">
     <span class='ocr_line' id='line_1_72' title="bbox 378 4221 2029 4298; baseline 0.001 -24"><span class='ocrx_word' id='word_1_514' title='bbox 378 4222 444 4275; x_wconf 71' lang='grc' dir='ltr'>τὰ</span> <span class='ocrx_word' id='word_1_515' title='bbox 471 4228 570 4290; x_wconf 80' lang='grc' dir='ltr'>τῆς</span> <span class='ocrx_word' id='word_1_516' title='bbox 615 4227 949 4298; x_wconf 76' lang='grc' dir='ltr'>παραγωγοῦ</span> <span class='ocrx_word' id='word_1_517' title='bbox 998 4223 1314 4289; x_wconf 76' lang='grc' dir='ltr'>συνθέσεως,</span> <span class='ocrx_word' id='word_1_518' title='bbox 1362 4221 1453 4276; x_wconf 85' lang='grc' dir='ltr'>καὶ</span> <span class='ocrx_word' id='word_1_519' title='bbox 1507 4223 1582 4294; x_wconf 81' lang='grc' dir='ltr'>μὴ</span> <span class='ocrx_word' id='word_1_520' title='bbox 1621 4221 1783 4294; x_wconf 90' lang='grc' dir='ltr'>μόνον</span> <span class='ocrx_word' id='word_1_521' title='bbox 1817 4224 2029 4298; x_wconf 85' lang='grc' dir='ltr'>σχιζώ-</span> 
     </span>
    </p>
   </div>
   <div class='ocr_carea' id='block_1_73' title="bbox 383 4308 2027 4386">
    <p class='ocr_par' dir='ltr' id='par_1_73' title="bbox 383 4308 2027 4386">
     <span class='ocr_line' id='line_1_73' title="bbox 383 4308 2027 4386; baseline 0 -22"><span class='ocrx_word' id='word_1_522' title='bbox 383 4321 520 4383; x_wconf 86' lang='grc' dir='ltr'>μεθα</span> <span class='ocrx_word' id='word_1_523' title='bbox 575 4309 648 4372; x_wconf 80' lang='grc' dir='ltr'>εἷς</span> <span class='ocrx_word' id='word_1_524' title='bbox 700 4308 930 4385; x_wconf 75' lang='grc' dir='ltr'>τετράδα</span> <span class='ocrx_word' id='word_1_525' title='bbox 999 4315 1360 4385; x_wconf 82' lang='grc' dir='ltr'>στοιχειακῶς</span> <span class='ocrx_word' id='word_1_526' title='bbox 1433 4315 1551 4372; x_wconf 88' lang='grc' dir='ltr'>ταῖς</span> <span class='ocrx_word' id='word_1_527' title='bbox 1619 4316 1858 4384; x_wconf 84' lang='grc' dir='ltr'>γενικαῖς</span> <span class='ocrx_word' id='word_1_528' title='bbox 1906 4311 2027 4386; x_wconf 87' lang='grc' dir='ltr'>ἀρε-</span> 
     </span>
    </p>
   </div>
   <div class='ocr_carea' id='block_1_74' title="bbox 377 4397 2027 4474">
    <p class='ocr_par' dir='ltr' id='par_1_74' title="bbox 377 4397 2027 4474">
     <span class='ocr_line' id='line_1_74' title="bbox 377 4397 2027 4474; baseline -0.001 -19"><span class='ocrx_word' id='word_1_529' title='bbox 377 4405 520 4467; x_wconf 88' lang='grc' dir='ltr'>ταῖς,</span> <span class='ocrx_word' id='word_1_530' title='bbox 563 4398 710 4455; x_wconf 80' lang='grc' dir='ltr'>ἀλλὰ</span> <span class='ocrx_word' id='word_1_531' title='bbox 738 4401 825 4454; x_wconf 83' lang='grc' dir='ltr'>καὶ</span> <span class='ocrx_word' id='word_1_532' title='bbox 860 4399 1048 4462; x_wconf 80' lang='grc' dir='ltr'>ἄλλως</span> <span class='ocrx_word' id='word_1_533' title='bbox 1099 4397 1530 4474; x_wconf 85' lang='grc' dir='ltr'>πολιτικώτερον</span> <span class='ocrx_word' id='word_1_534' title='bbox 1564 4400 1651 4453; x_wconf 84' lang='grc' dir='ltr'>καὶ</span> <span class='ocrx_word' id='word_1_535' title='bbox 1685 4401 2027 4472; x_wconf 85' lang='grc' dir='ltr'>κοσμικώτε-</span> 
     </span>
    </p>
   </div>
   <div class='ocr_carea' id='block_1_75' title="bbox 376 4488 2028 4565">
    <p class='ocr_par' dir='ltr' id='par_1_75' title="bbox 376 4488 2028 4565">
     <span class='ocr_line' id='line_1_75' title="bbox 376 4488 2028 4565; baseline 0.001 -22"><span class='ocrx_word' id='word_1_536' title='bbox 376 4509 470 4564; x_wconf 92' lang='grc' dir='ltr'>ρον</span> <span class='ocrx_word' id='word_1_537' title='bbox 505 4508 517 4522; x_wconf 76' lang='grc' dir='ltr'><strong>ο</strong></span> <span class='ocrx_word' id='word_1_538' title='bbox 549 4488 600 4543; x_wconf 80' lang='grc' dir='ltr'>εἷ’</span> <span class='ocrx_word' id='word_1_539' title='bbox 651 4488 918 4562; x_wconf 82' lang='grc' dir='ltr'>γινόμεθα</span> <span class='ocrx_word' id='word_1_540' title='bbox 975 4489 1202 4564; x_wconf 85' lang='grc' dir='ltr'>οὐρανὸς</span> <span class='ocrx_word' id='word_1_541' title='bbox 1245 4489 1339 4562; x_wconf 75' lang='grc' dir='ltr'>μὶν</span> <span class='ocrx_word' id='word_1_542' title='bbox 1393 4493 1513 4550; x_wconf 88' lang='grc' dir='ltr'>ταῖς</span> <span class='ocrx_word' id='word_1_543' title='bbox 1569 4488 1834 4565; x_wconf 82' lang='grc' dir='ltr'>αἷθερίαις</span> <span class='ocrx_word' id='word_1_544' title='bbox 1890 4489 2028 4544; x_wconf 81' lang='grc' dir='ltr'>κατὰ</span> 
     </span>
    </p>
   </div>
   <div class='ocr_carea' id='block_1_76' title="bbox 2143 3334 3794 3406">
    <p class='ocr_par' dir='ltr' id='par_1_76' title="bbox 2143 3334 3794 3406">
     <span class='ocr_line' id='line_1_76' title="bbox 2143 3334 3794 3406; baseline -0.003 -14"><span class='ocrx_word' id='word_1_545' title='bbox 2143 3336 2303 3392; x_wconf 89' lang='lat' dir='ltr'>enim</span> <span class='ocrx_word' id='word_1_546' title='bbox 2327 3335 2410 3391; x_wconf 93' lang='lat' dir='ltr'>sic</span> <span class='ocrx_word' id='word_1_547' title='bbox 2431 3351 2568 3390; x_wconf 90' lang='lat' dir='ltr'>cum</span> <span class='ocrx_word' id='word_1_548' title='bbox 2591 3334 2707 3390; x_wconf 88' lang='lat' dir='ltr'>bile</span> <span class='ocrx_word' id='word_1_549' title='bbox 2737 3335 3205 3392; x_wconf 86' lang='lat' dir='ltr'>misericordiam</span> <span class='ocrx_word' id='word_1_550' title='bbox 3227 3339 3455 3392; x_wconf 85' lang='lat' dir='ltr'>exercet</span> <span class='ocrx_word' id='word_1_551' title='bbox 3471 3348 3794 3406; x_wconf 83' lang='lat' dir='ltr'>pauperem</span> 
     </span>
    </p>
   </div>
   <div class='ocr_carea' id='block_1_77' title="bbox 2145 3423 3794 3497">
    <p class='ocr_par' dir='ltr' id='par_1_77' title="bbox 2145 3423 3794 3497">
     <span class='ocr_line' id='line_1_77' title="bbox 2145 3423 3794 3497; baseline -0.002 -16"><span class='ocrx_word' id='word_1_552' title='bbox 2145 3425 2486 3481; x_wconf 89' lang='lat' dir='ltr'>mendicum</span> <span class='ocrx_word' id='word_1_553' title='bbox 2525 3423 2818 3497; x_wconf 85' lang='lat' dir='ltr'>peregrini</span> <span class='ocrx_word' id='word_1_554' title='bbox 2877 3424 3002 3480; x_wconf 91' lang='lat' dir='ltr'>loco</span> <span class='ocrx_word' id='word_1_555' title='bbox 3063 3424 3261 3492; x_wconf 87' lang='lat' dir='ltr'>habet,</span> <span class='ocrx_word' id='word_1_556' title='bbox 3315 3425 3420 3496; x_wconf 87' lang='lat' dir='ltr'>qui</span> <span class='ocrx_word' id='word_1_557' title='bbox 3468 3426 3622 3480; x_wconf 88' lang='lat' dir='ltr'>certe</span> <span class='ocrx_word' id='word_1_558' title='bbox 3675 3437 3794 3478; x_wconf 90' lang='lat' dir='ltr'>non</span> 
     </span>
    </p>
   </div>
   <div class='ocr_carea' id='block_1_78' title="bbox 2146 3512 3064 3586">
    <p class='ocr_par' dir='ltr' id='par_1_78' title="bbox 2146 3512 3064 3586">
     <span class='ocr_line' id='line_1_78' title="bbox 2146 3512 3064 3586; baseline -0.003 -16"><span class='ocrx_word' id='word_1_559' title='bbox 2146 3515 2468 3570; x_wconf 81' lang='lat' dir='ltr'>secundam</span> <span class='ocrx_word' id='word_1_560' title='bbox 2500 3512 2845 3586; x_wconf 88' lang='lat' dir='ltr'>petitionem</span> <span class='ocrx_word' id='word_1_561' title='bbox 2871 3512 3064 3569; x_wconf 88' lang='lat' dir='ltr'>faciet.</span> 
     </span>
    </p>
   </div>
   <div class='ocr_carea' id='block_1_79' title="bbox 2213 3689 3796 3764">
    <p class='ocr_par' dir='ltr' id='par_1_79' title="bbox 2213 3689 3796 3764">
     <span class='ocr_line' id='line_1_79' title="bbox 2213 3689 3796 3764; baseline -0.002 -16"><span class='ocrx_word' id='word_1_562' title='bbox 2213 3693 2303 3748; x_wconf 89' lang='grc'>51.</span> <span class='ocrx_word' id='word_1_563' title='bbox 2337 3693 2618 3749; x_wconf 89' lang='lat' dir='ltr'>Precibus</span> <span class='ocrx_word' id='word_1_564' title='bbox 2674 3693 2891 3749; x_wconf 88' lang='lat' dir='ltr'>nostris</span> <span class='ocrx_word' id='word_1_565' title='bbox 2919 3692 3050 3764; x_wconf 84' lang='lat' dir='ltr'>ipsa</span> <span class='ocrx_word' id='word_1_566' title='bbox 3113 3695 3325 3748; x_wconf 86' lang='lat' dir='ltr'>natura</span> <span class='ocrx_word' id='word_1_567' title='bbox 3379 3691 3613 3758; x_wconf 85' lang='lat' dir='ltr'>favebit,</span> <span class='ocrx_word' id='word_1_568' title='bbox 3675 3689 3796 3757; x_wconf 89' lang='lat' dir='ltr'>ubi,</span> 
     </span>
    </p>
   </div>
   <div class='ocr_carea' id='block_1_80' title="bbox 2142 3779 3797 3852">
    <p class='ocr_par' dir='ltr' id='par_1_80' title="bbox 2142 3779 3797 3852">
     <span class='ocr_line' id='line_1_80' title="bbox 2142 3779 3797 3852; baseline -0.002 -14"><span class='ocrx_word' id='word_1_569' title='bbox 2142 3783 2297 3838; x_wconf 91' lang='lat' dir='ltr'>sicut</span> <span class='ocrx_word' id='word_1_570' title='bbox 2333 3782 2904 3850; x_wconf 88' lang='lat' dir='ltr'>debemus,divinam</span> <span class='ocrx_word' id='word_1_571' title='bbox 2931 3781 3216 3836; x_wconf 89' lang='lat' dir='ltr'>unitatem</span> <span class='ocrx_word' id='word_1_572' title='bbox 3239 3785 3298 3837; x_wconf 91' lang='lat' dir='ltr'>et</span> <span class='ocrx_word' id='word_1_573' title='bbox 3327 3779 3647 3852; x_wconf 88' lang='lat' dir='ltr'>imaginem</span> <span class='ocrx_word' id='word_1_574' title='bbox 3661 3795 3797 3835; x_wconf 90' lang='lat' dir='ltr'>oon-</span> 
     </span>
    </p>
   </div>
   <div class='ocr_carea' id='block_1_81' title="bbox 2143 3869 3796 3943">
    <p class='ocr_par' dir='ltr' id='par_1_81' title="bbox 2143 3869 3796 3943">
     <span class='ocr_line' id='line_1_81' title="bbox 2143 3869 3796 3943; baseline -0.004 -15"><span class='ocrx_word' id='word_1_575' title='bbox 2143 3871 2511 3928; x_wconf 89' lang='lat' dir='ltr'>servabimus</span> <span class='ocrx_word' id='word_1_576' title='bbox 2564 3871 2713 3943; x_wconf 68' lang='lat' dir='ltr'>(qua:</span> <span class='ocrx_word' id='word_1_577' title='bbox 2745 3871 2860 3926; x_wconf 94' lang='lat' dir='ltr'>duo</span> <span class='ocrx_word' id='word_1_578' title='bbox 2895 3887 3079 3926; x_wconf 92' lang='lat' dir='ltr'>unum</span> <span class='ocrx_word' id='word_1_579' title='bbox 3113 3874 3255 3925; x_wconf 89' lang='lat' dir='ltr'>sunt</span> <span class='ocrx_word' id='word_1_580' title='bbox 3298 3869 3356 3924; x_wconf 91' lang='lat' dir='ltr'>in</span> <span class='ocrx_word' id='word_1_581' title='bbox 3406 3874 3696 3940; x_wconf 89' lang='lat' dir='ltr'>quantum</span> <span class='ocrx_word' id='word_1_582' title='bbox 3727 3884 3796 3925; x_wconf 83' lang='lat' dir='ltr'>ex</span> 
     </span>
    </p>
   </div>
   <div class='ocr_carea' id='block_1_82' title="bbox 2142 3957 3796 4029">
    <p class='ocr_par' dir='ltr' id='par_1_82' title="bbox 2142 3957 3796 4029">
     <span class='ocr_line' id='line_1_82' title="bbox 2142 3957 3796 4029; baseline -0.002 -13"><span class='ocrx_word' id='word_1_583' title='bbox 2142 3977 2260 4016; x_wconf 89' lang='lat' dir='ltr'>uno</span> <span class='ocrx_word' id='word_1_584' title='bbox 2289 3964 2348 4016; x_wconf 89' lang='lat' dir='ltr'>et</span> <span class='ocrx_word' id='word_1_585' title='bbox 2378 3961 2450 4015; x_wconf 89' lang='lat' dir='ltr'>ad</span> <span class='ocrx_word' id='word_1_586' title='bbox 2478 3959 2718 4028; x_wconf 91' lang='lat' dir='ltr'>unum);</span> <span class='ocrx_word' id='word_1_587' title='bbox 2751 3959 2963 4014; x_wconf 88' lang='lat' dir='ltr'>deinde</span> <span class='ocrx_word' id='word_1_588' title='bbox 2992 3959 3043 4014; x_wconf 88' lang='lat' dir='ltr'>si</span> <span class='ocrx_word' id='word_1_589' title='bbox 3077 3975 3258 4013; x_wconf 89' lang='lat' dir='ltr'>unum</span> <span class='ocrx_word' id='word_1_590' title='bbox 3293 3957 3462 4013; x_wconf 89' lang='lat' dir='ltr'>-illud</span> <span class='ocrx_word' id='word_1_591' title='bbox 3521 3958 3678 4029; x_wconf 90' lang='lat' dir='ltr'>quod</span> <span class='ocrx_word' id='word_1_592' title='bbox 3734 3957 3796 4013; x_wconf 88' lang='lat' dir='ltr'>in</span> 
     </span>
    </p>
   </div>
   <div class='ocr_carea' id='block_1_83' title="bbox 2142 4045 3799 4119">
    <p class='ocr_par' dir='ltr' id='par_1_83' title="bbox 2142 4045 3799 4119">
     <span class='ocr_line' id='line_1_83' title="bbox 2142 4045 3799 4119; baseline -0.001 -15"><span class='ocrx_word' id='word_1_593' title='bbox 2142 4049 2309 4104; x_wconf 90' lang='lat' dir='ltr'>nobis</span> <span class='ocrx_word' id='word_1_594' title='bbox 2340 4053 2431 4104; x_wconf 88' lang='lat' dir='ltr'>est</span> <span class='ocrx_word' id='word_1_595' title='bbox 2460 4047 3018 4119; x_wconf 87' lang='lat' dir='ltr'>multiplicabimus,</span> <span class='ocrx_word' id='word_1_596' title='bbox 3043 4045 3533 4118; x_wconf 86' lang='lat' dir='ltr'>compositionem</span> <span class='ocrx_word' id='word_1_597' title='bbox 3568 4046 3799 4102; x_wconf 87' lang='lat' dir='ltr'>deriva-</span> 
     </span>
    </p>
   </div>
   <div class='ocr_carea' id='block_1_84' title="bbox 2139 4135 3799 4206">
    <p class='ocr_par' dir='ltr' id='par_1_84' title="bbox 2139 4135 3799 4206">
     <span class='ocr_line' id='line_1_84' title="bbox 2139 4135 3799 4206; baseline -0.002 -13"><span class='ocrx_word' id='word_1_598' title='bbox 2139 4140 2260 4193; x_wconf 89' lang='lat' dir='ltr'>tam</span> <span class='ocrx_word' id='word_1_599' title='bbox 2294 4137 2646 4206; x_wconf 87' lang='lat' dir='ltr'>mediantes,</span> <span class='ocrx_word' id='word_1_600' title='bbox 2685 4153 2793 4192; x_wconf 88' lang='lat' dir='ltr'>nec</span> <span class='ocrx_word' id='word_1_601' title='bbox 2849 4135 2911 4191; x_wconf 91' lang='lat' dir='ltr'>in</span> <span class='ocrx_word' id='word_1_602' title='bbox 2970 4137 3416 4206; x_wconf 87' lang='lat' dir='ltr'>quaternionem</span> <span class='ocrx_word' id='word_1_603' title='bbox 3469 4135 3799 4192; x_wconf 89' lang='lat' dir='ltr'>scindimur</span> 
     </span>
    </p>
   </div>
   <div class='ocr_carea' id='block_1_85' title="bbox 2139 4223 3797 4295">
    <p class='ocr_par' dir='ltr' id='par_1_85' title="bbox 2139 4223 3797 4295">
     <span class='ocr_line' id='line_1_85' title="bbox 2139 4223 3797 4295; baseline -0.002 -14"><span class='ocrx_word' id='word_1_604' title='bbox 2139 4227 2425 4282; x_wconf 90' lang='lat' dir='ltr'>virtutum</span> <span class='ocrx_word' id='word_1_605' title='bbox 2457 4224 2894 4280; x_wconf 89' lang='lat' dir='ltr'>elementalium</span> <span class='ocrx_word' id='word_1_606' title='bbox 2925 4230 2984 4279; x_wconf 90' lang='lat' dir='ltr'>et</span> <span class='ocrx_word' id='word_1_607' title='bbox 3024 4223 3388 4295; x_wconf 87' lang='lat' dir='ltr'>generalium</span> <span class='ocrx_word' id='word_1_608' title='bbox 3421 4223 3660 4288; x_wconf 87' lang='lat' dir='ltr'>auxilio,</span> <span class='ocrx_word' id='word_1_609' title='bbox 3694 4225 3797 4278; x_wconf 89' lang='lat' dir='ltr'>sed</span> 
     </span>
    </p>
   </div>
   <div class='ocr_carea' id='block_1_86' title="bbox 2140 4310 3792 4383">
    <p class='ocr_par' dir='ltr' id='par_1_86' title="bbox 2140 4310 3792 4383">
     <span class='ocr_line' id='line_1_86' title="bbox 2140 4310 3792 4383; baseline -0.002 -14"><span class='ocrx_word' id='word_1_610' title='bbox 2140 4314 2257 4370; x_wconf 87' lang='lat' dir='ltr'>alia</span> <span class='ocrx_word' id='word_1_611' title='bbox 2286 4313 2513 4368; x_wconf 88' lang='lat' dir='ltr'>ratione</span> <span class='ocrx_word' id='word_1_612' title='bbox 2544 4311 2793 4376; x_wconf 85' lang='lat' dir='ltr'>civill,ut</span> <span class='ocrx_word' id='word_1_613' title='bbox 2821 4312 2904 4367; x_wconf 89' lang='lat' dir='ltr'>ita</span> <span class='ocrx_word' id='word_1_614' title='bbox 2925 4311 3140 4380; x_wconf 88' lang='lat' dir='ltr'>dicam,</span> <span class='ocrx_word' id='word_1_615' title='bbox 3173 4317 3230 4366; x_wconf 89' lang='lat' dir='ltr'>et</span> <span class='ocrx_word' id='word_1_616' title='bbox 3278 4312 3468 4383; x_wconf 89' lang='lat' dir='ltr'>magis</span> <span class='ocrx_word' id='word_1_617' title='bbox 3498 4310 3792 4378; x_wconf 86' lang='lat' dir='ltr'>terrestri;</span> 
     </span>
    </p>
   </div>
   <div class='ocr_carea' id='block_1_87' title="bbox 2139 4399 3797 4472">
    <p class='ocr_par' dir='ltr' id='par_1_87' title="bbox 2139 4399 3797 4472">
     <span class='ocr_line' id='line_1_87' title="bbox 2139 4399 3797 4472; baseline -0.003 -13"><span class='ocrx_word' id='word_1_618' title='bbox 2139 4405 2188 4460; x_wconf 91' lang='lat' dir='ltr'>si</span> <span class='ocrx_word' id='word_1_619' title='bbox 2220 4405 2432 4458; x_wconf 80' lang='lat' dir='ltr'>cmlum</span> <span class='ocrx_word' id='word_1_620' title='bbox 2465 4402 2666 4469; x_wconf 84' lang='lat' dir='ltr'>ﬁmus,</span> <span class='ocrx_word' id='word_1_621' title='bbox 2700 4408 2894 4456; x_wconf 89' lang='lat' dir='ltr'>mente</span> <span class='ocrx_word' id='word_1_622' title='bbox 2924 4417 3116 4456; x_wconf 89' lang='lat' dir='ltr'>aerem</span> <span class='ocrx_word' id='word_1_623' title='bbox 3148 4401 3538 4472; x_wconf 87' lang='lat' dir='ltr'>pervolantes,</span> <span class='ocrx_word' id='word_1_624' title='bbox 3580 4405 3636 4456; x_wconf 89' lang='lat' dir='ltr'>et</span> <span class='ocrx_word' id='word_1_625' title='bbox 3665 4399 3797 4456; x_wconf 89' lang='lat' dir='ltr'>stel-</span> 
     </span>
    </p>
   </div>
   <div class='ocr_carea' id='block_1_88' title="bbox 2136 4489 3794 4564">
    <p class='ocr_par' dir='ltr' id='par_1_88' title="bbox 2136 4489 3794 4564">
     <span class='ocr_line' id='line_1_88' title="bbox 2136 4489 3794 4564; baseline -0.002 -16"><span class='ocrx_word' id='word_1_626' title='bbox 2136 4493 2329 4548; x_wconf 89' lang='lat' dir='ltr'>larum</span> <span class='ocrx_word' id='word_1_627' title='bbox 2363 4493 2547 4548; x_wconf 88' lang='lat' dir='ltr'>instar</span> <span class='ocrx_word' id='word_1_628' title='bbox 2577 4491 2896 4564; x_wconf 79' lang='lat' dir='ltr'>lulgemus,</span> <span class='ocrx_word' id='word_1_629' title='bbox 2931 4507 3112 4563; x_wconf 88' lang='lat' dir='ltr'>super</span> <span class='ocrx_word' id='word_1_630' title='bbox 3160 4490 3376 4562; x_wconf 87' lang='lat' dir='ltr'>quibus</span> <span class='ocrx_word' id='word_1_631' title='bbox 3407 4490 3598 4562; x_wconf 83' lang='lat' dir='ltr'>angeli</span> <span class='ocrx_word' id='word_1_632' title='bbox 3635 4489 3794 4545; x_wconf 90' lang='lat' dir='ltr'>ince-</span> 
     </span>
    </p>
   </div>
   <div class='ocr_carea' id='block_1_89' title="bbox 373 4573 2036 4659">
    <p class='ocr_par' dir='ltr' id='par_1_89' title="bbox 373 4573 2025 4654">
     <span class='ocr_line' id='line_1_89' title="bbox 373 4573 2025 4654; baseline -0.001 -21"><span class='ocrx_word' id='word_1_633' title='bbox 373 4583 499 4633; x_wconf 78' lang='grc' dir='ltr'>νοῦν</span> <span class='ocrx_word' id='word_1_634' title='bbox 549 4573 838 4633; x_wconf 76' lang='grc' dir='ltr'>ἀναϐάσεσι</span> <span class='ocrx_word' id='word_1_635' title='bbox 897 4579 988 4635; x_wconf 77' lang='grc' dir='ltr'>καὶ</span> <span class='ocrx_word' id='word_1_636' title='bbox 1063 4584 1182 4642; x_wconf 89' lang='grc' dir='ltr'>ταῖς</span> <span class='ocrx_word' id='word_1_637' title='bbox 1255 4579 1371 4634; x_wconf 87' lang='grc' dir='ltr'>κατ’</span> <span class='ocrx_word' id='word_1_638' title='bbox 1448 4577 1618 4654; x_wconf 84' lang='grc' dir='ltr'>ἄστρα</span> <span class='ocrx_word' id='word_1_639' title='bbox 1688 4577 2025 4653; x_wconf 80' lang='grc' dir='ltr'>ἐλλάμψεσιν</span> 
     </span>
    </p>
   </div>
   <div class='ocr_carea' id='block_1_90' title="bbox 2151 4573 3795 4659">
    <p class='ocr_par' dir='ltr' id='par_1_90' title="bbox 2151 4579 3795 4653">
     <span class='ocr_line' id='line_1_90' title="bbox 2151 4579 3795 4653; baseline -0.002 -15"><span class='ocrx_word' id='word_1_640' title='bbox 2151 4583 2381 4652; x_wconf 78' lang='lat' dir='ltr'>iunt,et</span> <span class='ocrx_word' id='word_1_641' title='bbox 2411 4582 2568 4638; x_wconf 91' lang='lat' dir='ltr'>unde</span> <span class='ocrx_word' id='word_1_642' title='bbox 2602 4581 2836 4637; x_wconf 84' lang='lat' dir='ltr'>Lucifer</span> <span class='ocrx_word' id='word_1_643' title='bbox 2867 4581 3087 4636; x_wconf 89' lang='lat' dir='ltr'>amissa</span> <span class='ocrx_word' id='word_1_644' title='bbox 3115 4579 3246 4636; x_wconf 90' lang='lat' dir='ltr'>luce</span> <span class='ocrx_word' id='word_1_645' title='bbox 3278 4585 3486 4653; x_wconf 87' lang='lat' dir='ltr'>sponte</span> <span class='ocrx_word' id='word_1_646' title='bbox 3519 4579 3795 4651; x_wconf 86' lang='lat' dir='ltr'>delapsus</span> 
     </span>
    </p>
   </div>
   <div class='ocr_carea' id='block_1_91' title="bbox 377 4661 2026 4741">
    <p class='ocr_par' dir='ltr' id='par_1_91' title="bbox 377 4661 2026 4741">
     <span class='ocr_line' id='line_1_91' title="bbox 377 4661 2026 4741; baseline 0.001 -21"><span class='ocrx_word' id='word_1_647' title='bbox 377 4671 453 4721; x_wconf 80' lang='grc' dir='ltr'>ῶν</span> <span class='ocrx_word' id='word_1_648' title='bbox 485 4665 710 4741; x_wconf 78' lang='grc' dir='ltr'>ἄγγελοι</span> <span class='ocrx_word' id='word_1_649' title='bbox 747 4668 845 4740; x_wconf 77' lang='grc' dir='ltr'>μὶν</span> <span class='ocrx_word' id='word_1_650' title='bbox 903 4661 1297 4735; x_wconf 76' lang='grc' dir='ltr'>ἐπιϐαίνουσιν,</span> <span class='ocrx_word' id='word_1_651' title='bbox 1347 4665 1574 4741; x_wconf 87' lang='grc' dir='ltr'>ἀστοχεῖ</span> <span class='ocrx_word' id='word_1_652' title='bbox 1617 4665 1675 4722; x_wconf 76' lang='grc' dir='ltr'>δὲ</span> <span class='ocrx_word' id='word_1_653' title='bbox 1707 4668 1734 4722; x_wconf 92' lang='lat'>6</span> <span class='ocrx_word' id='word_1_654' title='bbox 1767 4666 1903 4722; x_wconf 80' lang='grc' dir='ltr'>ἐκὼν</span> <span class='ocrx_word' id='word_1_655' title='bbox 1931 4688 2026 4722; x_wconf 87' lang='grc' dir='ltr'>κα-</span> 
     </span>
    </p>
   </div>
   <div class='ocr_carea' id='block_1_92' title="bbox 375 4750 2032 4834">
    <p class='ocr_par' dir='ltr' id='par_1_92' title="bbox 375 4750 2032 4834">
     <span class='ocr_line' id='line_1_92' title="bbox 375 4750 2032 4834; baseline 0.001 -25"><span class='ocrx_word' id='word_1_656' title='bbox 375 4750 790 4828; x_wconf 73' lang='grc' dir='ltr'>ταϐεϐλημένος</span> <span class='ocrx_word' id='word_1_657' title='bbox 847 4757 1044 4814; x_wconf 73' lang='grc' dir='ltr'>ὲκεῖθεν</span> <span class='ocrx_word' id='word_1_658' title='bbox 1119 4756 1391 4817; x_wconf 81' lang='grc' dir='ltr'>σκοτεινὸς</span> <span class='ocrx_word' id='word_1_659' title='bbox 1460 4757 1740 4834; x_wconf 61' lang='grc' dir='ltr'>ἑωσφόρος</span> <span class='ocrx_word' id='word_1_660' title='bbox 1771 4776 1783 4790; x_wconf 78' lang='grc' dir='ltr'><strong><em>ο</em></strong></span> <span class='ocrx_word' id='word_1_661' title='bbox 1840 4756 2032 4812; x_wconf 79' lang='grc' dir='ltr'>αὐτίκα</span> 
     </span>
    </p>
   </div>
   <div class='ocr_carea' id='block_1_93' title="bbox 377 4841 2026 4921">
    <p class='ocr_par' dir='ltr' id='par_1_93' title="bbox 377 4841 2026 4921">
     <span class='ocr_line' id='line_1_93' title="bbox 377 4841 2026 4921; baseline 0.001 -22"><span class='ocrx_word' id='word_1_662' title='bbox 377 4841 436 4899; x_wconf 68' lang='grc' dir='ltr'>δὲ</span> <span class='ocrx_word' id='word_1_663' title='bbox 466 4841 580 4917; x_wconf 73' lang='grc' dir='ltr'>ἅμα</span> <span class='ocrx_word' id='word_1_664' title='bbox 609 4844 699 4899; x_wconf 80' lang='grc' dir='ltr'>καὶ</span> <span class='ocrx_word' id='word_1_665' title='bbox 757 4851 852 4921; x_wconf 84' lang='grc' dir='ltr'>γῆ,</span> <span class='ocrx_word' id='word_1_666' title='bbox 901 4845 1038 4920; x_wconf 88' lang='grc' dir='ltr'>πρὸς</span> <span class='ocrx_word' id='word_1_667' title='bbox 1093 4844 1326 4916; x_wconf 83' lang='grc' dir='ltr'>μίμησιν</span> <span class='ocrx_word' id='word_1_668' title='bbox 1377 4845 1782 4920; x_wconf 87' lang='grc' dir='ltr'>κοσμογενείας,</span> <span class='ocrx_word' id='word_1_669' title='bbox 1813 4847 1931 4901; x_wconf 86' lang='grc' dir='ltr'>καθ’</span> <span class='ocrx_word' id='word_1_670' title='bbox 1961 4843 2026 4915; x_wconf 74' lang='grc' dir='ltr'>ἤν</span> 
     </span>
    </p>
   </div>
   <div class='ocr_carea' id='block_1_94' title="bbox 380 4933 2026 5010">
    <p class='ocr_par' dir='ltr' id='par_1_94' title="bbox 380 4933 2026 5010">
     <span class='ocr_line' id='line_1_94' title="bbox 380 4933 2026 5010; baseline -0.001 -20"><span class='ocrx_word' id='word_1_671' title='bbox 380 4933 605 5010; x_wconf 90' lang='grc' dir='ltr'>οὐρανὸς</span> <span class='ocrx_word' id='word_1_672' title='bbox 633 4934 723 4990; x_wconf 84' lang='grc' dir='ltr'>καὶ</span> <span class='ocrx_word' id='word_1_673' title='bbox 782 4938 854 5010; x_wconf 83' lang='grc' dir='ltr'>γῆ</span> <span class='ocrx_word' id='word_1_674' title='bbox 914 4937 1106 5008; x_wconf 82' lang='grc' dir='ltr'>πρῶτα</span> <span class='ocrx_word' id='word_1_675' title='bbox 1153 4933 1478 5004; x_wconf 87' lang='grc' dir='ltr'>πεποίηνται</span> <span class='ocrx_word' id='word_1_676' title='bbox 1513 4955 1526 4968; x_wconf 77' lang='grc' dir='ltr'><strong>ο</strong></span> <span class='ocrx_word' id='word_1_677' title='bbox 1577 4938 1647 5010; x_wconf 81' lang='grc' dir='ltr'>γῆ</span> <span class='ocrx_word' id='word_1_678' title='bbox 1711 4933 1790 5005; x_wconf 75' lang='grc' dir='ltr'>δὲ,</span> <span class='ocrx_word' id='word_1_679' title='bbox 1839 4936 1912 4997; x_wconf 84' lang='grc' dir='ltr'>ὡς</span> <span class='ocrx_word' id='word_1_680' title='bbox 1950 4936 2026 5010; x_wconf 82' lang='grc' dir='ltr'>μὴ</span> 
     </span>
    </p>
   </div>
   <div class='ocr_carea' id='block_1_95' title="bbox 376 5019 2029 5100">
    <p class='ocr_par' dir='ltr' id='par_1_95' title="bbox 376 5019 2029 5100">
     <span class='ocr_line' id='line_1_95' title="bbox 376 5019 2029 5100; baseline -0.001 -22"><span class='ocrx_word' id='word_1_681' title='bbox 376 5023 526 5079; x_wconf 78' lang='grc' dir='ltr'>κάτω</span> <span class='ocrx_word' id='word_1_682' title='bbox 563 5023 767 5100; x_wconf 83' lang='grc' dir='ltr'>βρίθειν</span> <span class='ocrx_word' id='word_1_683' title='bbox 796 5022 986 5094; x_wconf 78' lang='grc' dir='ltr'>εἰσαεὶ,</span> <span class='ocrx_word' id='word_1_684' title='bbox 1036 5024 1124 5078; x_wconf 82' lang='grc' dir='ltr'>καὶ</span> <span class='ocrx_word' id='word_1_685' title='bbox 1171 5023 1248 5096; x_wconf 77' lang='grc' dir='ltr'>μὴ</span> <span class='ocrx_word' id='word_1_686' title='bbox 1295 5019 1488 5077; x_wconf 74' lang='grc' dir='ltr'>εἰδέναι</span> <span class='ocrx_word' id='word_1_687' title='bbox 1526 5024 1624 5092; x_wconf 76' lang='grc' dir='ltr'>τὴν</span> <span class='ocrx_word' id='word_1_688' title='bbox 1659 5023 2029 5100; x_wconf 81' lang='grc' dir='ltr'>ἀνωφόρησιν,</span> 
     </span>
    </p>
   </div>
   <div class='ocr_carea' id='block_1_96' title="bbox 378 5111 2030 5186">
    <p class='ocr_par' dir='ltr' id='par_1_96' title="bbox 378 5111 2030 5186">
     <span class='ocr_line' id='line_1_96' title="bbox 378 5111 2030 5186; baseline -0.001 -20"><span class='ocrx_word' id='word_1_689' title='bbox 378 5111 523 5168; x_wconf 86' lang='grc' dir='ltr'>ἀλλά</span> <span class='ocrx_word' id='word_1_690' title='bbox 552 5113 642 5168; x_wconf 85' lang='grc' dir='ltr'>καὶ</span> <span class='ocrx_word' id='word_1_691' title='bbox 671 5117 832 5168; x_wconf 78' lang='grc' dir='ltr'>τοῦτο</span> <span class='ocrx_word' id='word_1_692' title='bbox 864 5113 958 5186; x_wconf 77' lang='grc' dir='ltr'>μὶν</span> <span class='ocrx_word' id='word_1_693' title='bbox 990 5115 1060 5185; x_wconf 77' lang='grc' dir='ltr'>τῇ</span> <span class='ocrx_word' id='word_1_694' title='bbox 1108 5111 1428 5166; x_wconf 85' lang='grc' dir='ltr'>ταπεινώσει</span> <span class='ocrx_word' id='word_1_695' title='bbox 1469 5112 1557 5165; x_wconf 84' lang='grc' dir='ltr'>καὶ</span> <span class='ocrx_word' id='word_1_696' title='bbox 1607 5116 1687 5184; x_wconf 78' lang='grc' dir='ltr'>τῷ</span> <span class='ocrx_word' id='word_1_697' title='bbox 1719 5113 1796 5184; x_wconf 72' lang='grc' dir='ltr'>μή</span> <span class='ocrx_word' id='word_1_698' title='bbox 1829 5111 2030 5175; x_wconf 71' lang='grc' dir='ltr'>ἐθέλειν</span> 
     </span>
    </p>
   </div>
   <div class='ocr_carea' id='block_1_97' title="bbox 375 5199 2028 5278">
    <p class='ocr_par' dir='ltr' id='par_1_97' title="bbox 375 5199 2028 5278">
     <span class='ocr_line' id='line_1_97' title="bbox 375 5199 2028 5278; baseline -0.001 -22"><span class='ocrx_word' id='word_1_699' title='bbox 375 5201 818 5278; x_wconf 86' lang='grc' dir='ltr'>ὐπερφαίνεσθαι,</span> <span class='ocrx_word' id='word_1_700' title='bbox 871 5199 1017 5258; x_wconf 82' lang='grc' dir='ltr'>ἀλλὰ</span> <span class='ocrx_word' id='word_1_701' title='bbox 1065 5200 1188 5276; x_wconf 80' lang='grc' dir='ltr'>περὶ</span> <span class='ocrx_word' id='word_1_702' title='bbox 1245 5202 1344 5269; x_wconf 75' lang='grc' dir='ltr'>τὴν</span> <span class='ocrx_word' id='word_1_703' title='bbox 1407 5200 1615 5276; x_wconf 71' lang='grc' dir='ltr'>μητέρα</span> <span class='ocrx_word' id='word_1_704' title='bbox 1671 5209 1774 5276; x_wconf 78' lang='grc' dir='ltr'>γῆν</span> <span class='ocrx_word' id='word_1_705' title='bbox 1825 5202 2028 5256; x_wconf 86' lang='grc' dir='ltr'>κυπτά-</span> 
     </span>
    </p>
   </div>
   <div class='ocr_carea' id='block_1_98' title="bbox 379 5289 2029 5363">
    <p class='ocr_par' dir='ltr' id='par_1_98' title="bbox 379 5289 2029 5363">
     <span class='ocr_line' id='line_1_98' title="bbox 379 5289 2029 5363; baseline 0 -19"><span class='ocrx_word' id='word_1_706' title='bbox 379 5294 484 5358; x_wconf 87' lang='grc' dir='ltr'>ζειν</span> <span class='ocrx_word' id='word_1_707' title='bbox 539 5292 629 5346; x_wconf 83' lang='grc' dir='ltr'>καὶ</span> <span class='ocrx_word' id='word_1_708' title='bbox 688 5291 982 5346; x_wconf 77' lang='grc' dir='ltr'>ἐννοεῖσθαι</span> <span class='ocrx_word' id='word_1_709' title='bbox 1041 5289 1470 5363; x_wconf 69' lang='grc' dir='ltr'>ἀναστρέφομεν,</span> <span class='ocrx_word' id='word_1_710' title='bbox 1539 5289 1628 5344; x_wconf 87' lang='grc' dir='ltr'>καὶ</span> <span class='ocrx_word' id='word_1_711' title='bbox 1687 5289 1828 5344; x_wconf 80' lang='grc' dir='ltr'>οὕτω</span> <span class='ocrx_word' id='word_1_712' title='bbox 1883 5309 2029 5344; x_wconf 90' lang='grc' dir='ltr'>κατω</span> 
     </span>
    </p>
   </div>
   <div class='ocr_carea' id='block_1_99' title="bbox 380 5376 2027 5456">
    <p class='ocr_par' dir='ltr' id='par_1_99' title="bbox 380 5376 2027 5456">
     <span class='ocr_line' id='line_1_99' title="bbox 380 5376 2027 5456; baseline 0 -22"><span class='ocrx_word' id='word_1_713' title='bbox 380 5377 606 5454; x_wconf 77' lang='grc' dir='ltr'>βάλλειν</span> <span class='ocrx_word' id='word_1_714' title='bbox 667 5387 837 5437; x_wconf 84' lang='grc' dir='ltr'>πᾶσαν</span> <span class='ocrx_word' id='word_1_715' title='bbox 898 5378 1121 5454; x_wconf 84' lang='grc' dir='ltr'>ἔπαρσιν</span> <span class='ocrx_word' id='word_1_716' title='bbox 1165 5379 1257 5434; x_wconf 81' lang='grc' dir='ltr'>καὶ</span> <span class='ocrx_word' id='word_1_717' title='bbox 1298 5376 1435 5433; x_wconf 80' lang='grc' dir='ltr'>ἅπαν</span> <span class='ocrx_word' id='word_1_718' title='bbox 1501 5379 1759 5456; x_wconf 80' lang='grc' dir='ltr'>φρόνημα</span> <span class='ocrx_word' id='word_1_719' title='bbox 1802 5383 2027 5456; x_wconf 76' lang='grc' dir='ltr'>κοῦφον,</span> 
     </span>
    </p>
   </div>
   <div class='ocr_carea' id='block_1_100' title="bbox 374 5465 2026 5545">
    <p class='ocr_par' dir='ltr' id='par_1_100' title="bbox 374 5465 2026 5545">
     <span class='ocr_line' id='line_1_100' title="bbox 374 5465 2026 5545; baseline -0.001 -22"><span class='ocrx_word' id='word_1_720' title='bbox 374 5469 465 5524; x_wconf 79' lang='grc' dir='ltr'>καὶ</span> <span class='ocrx_word' id='word_1_721' title='bbox 515 5472 590 5544; x_wconf 77' lang='grc' dir='ltr'>μὴ</span> <span class='ocrx_word' id='word_1_722' title='bbox 652 5471 788 5527; x_wconf 82' lang='grc' dir='ltr'>κατὰ</span> <span class='ocrx_word' id='word_1_723' title='bbox 828 5469 957 5528; x_wconf 88' lang='grc' dir='ltr'>Θεὸν</span> <span class='ocrx_word' id='word_1_724' title='bbox 1016 5467 1475 5545; x_wconf 86' lang='grc' dir='ltr'>μεταρσιούμενον</span> <span class='ocrx_word' id='word_1_725' title='bbox 1513 5487 1525 5500; x_wconf 84' lang='grc'><em>’</em></span> <span class='ocrx_word' id='word_1_726' title='bbox 1561 5465 1802 5542; x_wconf 83' lang='grc' dir='ltr'>μάλιστα</span> <span class='ocrx_word' id='word_1_727' title='bbox 1831 5465 1890 5523; x_wconf 75' lang='grc' dir='ltr'>δὲ</span> <span class='ocrx_word' id='word_1_728' title='bbox 1930 5465 2026 5522; x_wconf 81' lang='grc' dir='ltr'>ἅλ-</span> 
     </span>
    </p>
   </div>
   <div class='ocr_carea' id='block_1_101' title="bbox 377 5556 2026 5635">
    <p class='ocr_par' dir='ltr' id='par_1_101' title="bbox 377 5556 2026 5635">
     <span class='ocr_line' id='line_1_101' title="bbox 377 5556 2026 5635; baseline 0 -23"><span class='ocrx_word' id='word_1_729' title='bbox 377 5558 492 5622; x_wconf 91' lang='grc' dir='ltr'>λως</span> <span class='ocrx_word' id='word_1_730' title='bbox 519 5566 589 5635; x_wconf 82' lang='grc' dir='ltr'>γῆ</span> <span class='ocrx_word' id='word_1_731' title='bbox 621 5558 762 5616; x_wconf 91' lang='grc' dir='ltr'>πίων</span> <span class='ocrx_word' id='word_1_732' title='bbox 787 5557 877 5615; x_wconf 77' lang='grc' dir='ltr'>διὰ</span> <span class='ocrx_word' id='word_1_733' title='bbox 925 5562 1023 5617; x_wconf 80' lang='grc' dir='ltr'>τοῦ</span> <span class='ocrx_word' id='word_1_734' title='bbox 1067 5559 1144 5633; x_wconf 80' lang='grc' dir='ltr'>μὴ</span> <span class='ocrx_word' id='word_1_735' title='bbox 1188 5558 1413 5634; x_wconf 72' lang='grc' dir='ltr'>πέτραις</span> <span class='ocrx_word' id='word_1_736' title='bbox 1467 5556 1759 5628; x_wconf 80' lang='grc' dir='ltr'>πληθύειν,</span> <span class='ocrx_word' id='word_1_737' title='bbox 1793 5557 1915 5614; x_wconf 89' lang='grc' dir='ltr'>ὅσαι</span> <span class='ocrx_word' id='word_1_738' title='bbox 1950 5558 2026 5632; x_wconf 85' lang='grc' dir='ltr'>μὴ</span> 
     </span>
    </p>
   </div>
   <div class='ocr_carea' id='block_1_102' title="bbox 375 5643 2030 5727">
    <p class='ocr_par' dir='ltr' id='par_1_102' title="bbox 375 5643 2030 5727">
     <span class='ocr_line' id='line_1_102' title="bbox 375 5643 2030 5727; baseline 0 -26"><span class='ocrx_word' id='word_1_739' title='bbox 375 5647 513 5722; x_wconf 88' lang='grc' dir='ltr'>πρὸς</span> <span class='ocrx_word' id='word_1_740' title='bbox 539 5650 683 5704; x_wconf 90' lang='grc' dir='ltr'>θεῖον</span> <span class='ocrx_word' id='word_1_741' title='bbox 741 5647 942 5727; x_wconf 88' lang='grc' dir='ltr'>σπόρον</span> <span class='ocrx_word' id='word_1_742' title='bbox 993 5647 1404 5718; x_wconf 84' lang='grc' dir='ltr'>αὐλακίζονται,</span> <span class='ocrx_word' id='word_1_743' title='bbox 1460 5643 1601 5719; x_wconf 77' lang='grc' dir='ltr'>μηδὲ</span> <span class='ocrx_word' id='word_1_744' title='bbox 1634 5647 1744 5720; x_wconf 74' lang='grc' dir='ltr'>μὴν</span> <span class='ocrx_word' id='word_1_745' title='bbox 1776 5645 2030 5708; x_wconf 82' lang='grc' dir='ltr'>ἀκάνθαις</span> 
     </span>
    </p>
   </div>
   <div class='ocr_carea' id='block_1_103' title="bbox 377 5733 2018 5814">
    <p class='ocr_par' dir='ltr' id='par_1_103' title="bbox 377 5733 2018 5814">
     <span class='ocr_line' id='line_1_103' title="bbox 377 5733 2018 5814; baseline 0.001 -23"><span class='ocrx_word' id='word_1_746' title='bbox 377 5733 598 5801; x_wconf 83' lang='grc' dir='ltr'>θάλλειν</span> <span class='ocrx_word' id='word_1_747' title='bbox 632 5736 1060 5814; x_wconf 72' lang='grc' dir='ltr'>ωμπνιγούσαις</span> <span class='ocrx_word' id='word_1_748' title='bbox 1111 5737 1179 5794; x_wconf 81' lang='grc' dir='ltr'>τὰ</span> <span class='ocrx_word' id='word_1_749' title='bbox 1226 5735 1363 5794; x_wconf 79' lang='grc' dir='ltr'>κατὰ</span> <span class='ocrx_word' id='word_1_750' title='bbox 1409 5737 1502 5791; x_wconf 89' lang='grc' dir='ltr'>τὸν</span> <span class='ocrx_word' id='word_1_751' title='bbox 1550 5735 1679 5792; x_wconf 79' lang='grc' dir='ltr'>θεὸν</span> <span class='ocrx_word' id='word_1_752' title='bbox 1709 5736 2018 5813; x_wconf 72' lang='grc' dir='ltr'>σπὲρματα.</span> 
     </span>
    </p>
   </div>
   <div class='ocr_carea' id='block_1_104' title="bbox 2139 4668 3796 4740">
    <p class='ocr_par' dir='ltr' id='par_1_104' title="bbox 2139 4668 3796 4740">
     <span class='ocr_line' id='line_1_104' title="bbox 2139 4668 3796 4740; baseline -0.004 -12"><span class='ocrx_word' id='word_1_753' title='bbox 2139 4677 2229 4728; x_wconf 89' lang='lat' dir='ltr'>est</span> <span class='ocrx_word' id='word_1_754' title='bbox 2257 4671 2508 4740; x_wconf 88' lang='lat' dir='ltr'>;deinde</span> <span class='ocrx_word' id='word_1_755' title='bbox 2537 4674 2696 4726; x_wconf 85' lang='lat' dir='ltr'>terra</span> <span class='ocrx_word' id='word_1_756' title='bbox 2727 4671 2798 4724; x_wconf 91' lang='lat' dir='ltr'>ad</span> <span class='ocrx_word' id='word_1_757' title='bbox 2832 4670 3222 4726; x_wconf 88' lang='lat' dir='ltr'>imitationem</span> <span class='ocrx_word' id='word_1_758' title='bbox 3247 4669 3452 4724; x_wconf 91' lang='lat' dir='ltr'>mundi</span> <span class='ocrx_word' id='word_1_759' title='bbox 3481 4668 3796 4724; x_wconf 87' lang='lat' dir='ltr'>creationis</span> 
     </span>
    </p>
   </div>
   <div class='ocr_carea' id='block_1_105' title="bbox 2144 4757 3800 4831">
    <p class='ocr_par' dir='ltr' id='par_1_105' title="bbox 2144 4757 3800 4831">
     <span class='ocr_line' id='line_1_105' title="bbox 2144 4757 3800 4831; baseline -0.002 -15"><span class='ocrx_word' id='word_1_760' title='bbox 2144 4761 2469 4817; x_wconf 87' lang='lat' dir='ltr'>secundum</span> <span class='ocrx_word' id='word_1_761' title='bbox 2494 4775 2670 4831; x_wconf 82' lang='lat' dir='ltr'>quam</span> <span class='ocrx_word' id='word_1_762' title='bbox 2712 4758 2924 4814; x_wconf 77' lang='lat' dir='ltr'>cmlum</span> <span class='ocrx_word' id='word_1_763' title='bbox 2957 4763 3015 4814; x_wconf 89' lang='lat' dir='ltr'>et</span> <span class='ocrx_word' id='word_1_764' title='bbox 3044 4763 3199 4814; x_wconf 87' lang='lat' dir='ltr'>terra</span> <span class='ocrx_word' id='word_1_765' title='bbox 3229 4762 3364 4812; x_wconf 89' lang='lat' dir='ltr'>ante</span> <span class='ocrx_word' id='word_1_766' title='bbox 3393 4757 3800 4813; x_wconf 86' lang='lat' dir='ltr'>omniacreata</span> 
     </span>
    </p>
   </div>
   <div class='ocr_carea' id='block_1_106' title="bbox 2141 4845 3794 4917">
    <p class='ocr_par' dir='ltr' id='par_1_106' title="bbox 2141 4845 3794 4917">
     <span class='ocr_line' id='line_1_106' title="bbox 2141 4845 3794 4917; baseline -0.004 -11"><span class='ocrx_word' id='word_1_767' title='bbox 2141 4855 2282 4906; x_wconf 88' lang='lat' dir='ltr'>sunt</span> <span class='ocrx_word' id='word_1_768' title='bbox 2314 4867 2326 4917; x_wconf 92' lang='lat'>;</span> <span class='ocrx_word' id='word_1_769' title='bbox 2363 4853 2516 4904; x_wconf 85' lang='lat' dir='ltr'>terra</span> <span class='ocrx_word' id='word_1_770' title='bbox 2547 4853 2740 4902; x_wconf 89' lang='lat' dir='ltr'>autem</span> <span class='ocrx_word' id='word_1_771' title='bbox 2774 4848 2974 4912; x_wconf 84' lang='lat' dir='ltr'>fimus,</span> <span class='ocrx_word' id='word_1_772' title='bbox 2998 4864 3113 4901; x_wconf 91' lang='lat' dir='ltr'>non</span> <span class='ocrx_word' id='word_1_773' title='bbox 3145 4846 3202 4900; x_wconf 89' lang='lat' dir='ltr'>in</span> <span class='ocrx_word' id='word_1_774' title='bbox 3237 4851 3525 4917; x_wconf 87' lang='lat' dir='ltr'>quantum</span> <span class='ocrx_word' id='word_1_775' title='bbox 3575 4845 3794 4916; x_wconf 90' lang='lat' dir='ltr'>procli-</span> 
     </span>
    </p>
   </div>
   <div class='ocr_carea' id='block_1_107' title="bbox 2139 4935 3793 5008">
    <p class='ocr_par' dir='ltr' id='par_1_107' title="bbox 2139 4935 3793 5008">
     <span class='ocr_line' id='line_1_107' title="bbox 2139 4935 3793 5008; baseline -0.002 -14"><span class='ocrx_word' id='word_1_776' title='bbox 2139 4955 2259 5006; x_wconf 89' lang='lat' dir='ltr'>ves,</span> <span class='ocrx_word' id='word_1_777' title='bbox 2314 4936 2567 4992; x_wconf 88' lang='lat' dir='ltr'>humiles</span> <span class='ocrx_word' id='word_1_778' title='bbox 2615 4941 2672 4992; x_wconf 89' lang='lat' dir='ltr'>et</span> <span class='ocrx_word' id='word_1_779' title='bbox 2729 4953 2762 4990; x_wconf 89' lang='lat' dir='ltr'>a</span> <span class='ocrx_word' id='word_1_780' title='bbox 2811 4935 3090 5008; x_wconf 88' lang='lat' dir='ltr'>superbia</span> <span class='ocrx_word' id='word_1_781' title='bbox 3141 4935 3347 4990; x_wconf 88' lang='lat' dir='ltr'>remoti</span> <span class='ocrx_word' id='word_1_782' title='bbox 3407 4951 3638 5004; x_wconf 87' lang='lat' dir='ltr'>sumus,</span> <span class='ocrx_word' id='word_1_783' title='bbox 3691 4936 3793 4990; x_wconf 90' lang='lat' dir='ltr'>sed</span> 
     </span>
    </p>
   </div>
   <div class='ocr_carea' id='block_1_108' title="bbox 2140 5024 3791 5084">
    <p class='ocr_par' dir='ltr' id='par_1_108' title="bbox 2140 5024 3791 5084">
     <span class='ocr_line' id='line_1_108' title="bbox 2140 5024 3791 5084; baseline -0.002 -1"><span class='ocrx_word' id='word_1_784' title='bbox 2140 5031 2307 5084; x_wconf 50' lang='lat' dir='ltr'>terra;</span> <span class='ocrx_word' id='word_1_785' title='bbox 2333 5025 2537 5081; x_wconf 87' lang='lat' dir='ltr'>matris</span> <span class='ocrx_word' id='word_1_786' title='bbox 2581 5025 2928 5080; x_wconf 88' lang='lat' dir='ltr'>modestiam</span> <span class='ocrx_word' id='word_1_787' title='bbox 2979 5024 3279 5080; x_wconf 84' lang='lat' dir='ltr'>imitantes</span> <span class='ocrx_word' id='word_1_788' title='bbox 3310 5039 3540 5079; x_wconf 88' lang='lat' dir='ltr'>omnem</span> <span class='ocrx_word' id='word_1_789' title='bbox 3574 5024 3791 5079; x_wconf 87' lang='lat' dir='ltr'>fastum</span> 
     </span>
    </p>
   </div>
   <div class='ocr_carea' id='block_1_109' title="bbox 2140 5113 3791 5189">
    <p class='ocr_par' dir='ltr' id='par_1_109' title="bbox 2140 5113 3791 5189">
     <span class='ocr_line' id='line_1_109' title="bbox 2140 5113 3791 5189; baseline -0.001 -17"><span class='ocrx_word' id='word_1_790' title='bbox 2140 5117 2504 5189; x_wconf 87' lang='lat' dir='ltr'>spiritusque</span> <span class='ocrx_word' id='word_1_791' title='bbox 2559 5113 2764 5169; x_wconf 88' lang='lat' dir='ltr'>inanes</span> <span class='ocrx_word' id='word_1_792' title='bbox 2797 5121 2850 5169; x_wconf 86' lang='lat' dir='ltr'>et</span> <span class='ocrx_word' id='word_1_793' title='bbox 2882 5131 2916 5169; x_wconf 90' lang='lat' dir='ltr'>a</span> <span class='ocrx_word' id='word_1_794' title='bbox 2973 5114 3090 5168; x_wconf 91' lang='lat' dir='ltr'>Deo</span> <span class='ocrx_word' id='word_1_795' title='bbox 3131 5113 3413 5169; x_wconf 89' lang='lat' dir='ltr'>alienatos</span> <span class='ocrx_word' id='word_1_796' title='bbox 3443 5113 3743 5183; x_wconf 85' lang='lat' dir='ltr'>rejicimus</span> <span class='ocrx_word' id='word_1_797' title='bbox 3777 5131 3791 5181; x_wconf 91' lang='lat'>;</span> 
     </span>
    </p>
   </div>
   <div class='ocr_carea' id='block_1_110' title="bbox 2140 5201 3797 5276">
    <p class='ocr_par' dir='ltr' id='par_1_110' title="bbox 2140 5201 3797 5276">
     <span class='ocr_line' id='line_1_110' title="bbox 2140 5201 3797 5276; baseline -0.002 -15"><span class='ocrx_word' id='word_1_798' title='bbox 2140 5204 2393 5276; x_wconf 89' lang='lat' dir='ltr'>denique</span> <span class='ocrx_word' id='word_1_799' title='bbox 2425 5209 2582 5258; x_wconf 88' lang='lat' dir='ltr'>terra</span> <span class='ocrx_word' id='word_1_800' title='bbox 2609 5202 2845 5274; x_wconf 87' lang='lat' dir='ltr'>pinguis</span> <span class='ocrx_word' id='word_1_801' title='bbox 2905 5202 3118 5272; x_wconf 87' lang='lat' dir='ltr'>simus,</span> <span class='ocrx_word' id='word_1_802' title='bbox 3159 5206 3216 5257; x_wconf 92' lang='lat' dir='ltr'>et</span> <span class='ocrx_word' id='word_1_803' title='bbox 3273 5201 3514 5257; x_wconf 89' lang='lat' dir='ltr'>minime</span> <span class='ocrx_word' id='word_1_804' title='bbox 3566 5208 3797 5274; x_wconf 89' lang='lat' dir='ltr'>petrosa</span> 
     </span>
    </p>
   </div>
   <div class='ocr_carea' id='block_1_111' title="bbox 2141 5289 3795 5368">
    <p class='ocr_par' dir='ltr' id='par_1_111' title="bbox 2141 5289 3795 5368">
     <span class='ocr_line' id='line_1_111' title="bbox 2141 5289 3795 5368; baseline -0.002 -18"><span class='ocrx_word' id='word_1_805' title='bbox 2141 5312 2268 5368; x_wconf 82' lang='lat' dir='ltr'>quae</span> <span class='ocrx_word' id='word_1_806' title='bbox 2299 5310 2500 5350; x_wconf 89' lang='lat' dir='ltr'>semen</span> <span class='ocrx_word' id='word_1_807' title='bbox 2531 5290 2793 5346; x_wconf 91' lang='lat' dir='ltr'>divinum</span> <span class='ocrx_word' id='word_1_808' title='bbox 2826 5289 3051 5362; x_wconf 89' lang='lat' dir='ltr'>respuit</span> <span class='ocrx_word' id='word_1_809' title='bbox 3080 5295 3139 5346; x_wconf 91' lang='lat' dir='ltr'>et</span> <span class='ocrx_word' id='word_1_810' title='bbox 3193 5289 3398 5346; x_wconf 84' lang='lat' dir='ltr'>folium</span> <span class='ocrx_word' id='word_1_811' title='bbox 3457 5290 3609 5347; x_wconf 88' lang='lat' dir='ltr'>fovet</span> <span class='ocrx_word' id='word_1_812' title='bbox 3639 5292 3795 5363; x_wconf 90' lang='lat' dir='ltr'>quod</span> 
     </span>
    </p>
   </div>
   <div class='ocr_carea' id='block_1_112' title="bbox 2141 5379 2944 5442">
    <p class='ocr_par' dir='ltr' id='par_1_112' title="bbox 2141 5379 2944 5442">
     <span class='ocr_line' id='line_1_112' title="bbox 2141 5379 2944 5442; baseline -0.007 -1"><span class='ocrx_word' id='word_1_813' title='bbox 2141 5401 2340 5442; x_wconf 90' lang='lat' dir='ltr'>semen</span> <span class='ocrx_word' id='word_1_814' title='bbox 2369 5382 2634 5438; x_wconf 90' lang='lat' dir='ltr'>divinum</span> <span class='ocrx_word' id='word_1_815' title='bbox 2675 5379 2944 5438; x_wconf 78' lang='lat' dir='ltr'>suﬂ&#39;ocat.</span> 
     </span>
    </p>
   </div>
  </div>
