4082 6360
275 407 394 469 723

344 537 436 592 52.
468 537 572 594 His
628 535 958 592 rationibus
976 535 1162 607 adjuti
1213 551 1389 607 super
1421 550 1582 590 mare
1606 547 1673 586 ac
1693 535 1926 586 vastum
1955 528 2011 594 Α

277 624 713 698 eleemosynam
744 630 802 681 et
857 625 952 698 pia
983 642 1157 697 opera
1203 624 1484 680 facientes
1520 637 1628 677 nos
1657 619 1930 676 extende-

277 729 450 784 mus;
483 715 570 771 sic
601 713 882 770 animalia
919 713 1272 779 nutriamus,
1304 729 1422 768 non
1479 727 1658 782 parva
1713 707 1932 776 solum,

279 819 408 875 quae
442 803 674 885 modico
707 807 951 876 sumptu
1005 807 1196 876 egent,
1256 802 1358 859 sed
1417 816 1654 872 magna,
1716 797 1934 871 quibus

278 891 628 948 fortioribus
654 890 951 947 alimentis
982 908 1128 962 opus
1159 895 1249 946 est
1281 907 1294 958 ;
1328 892 1386 946 et
1415 889 1670 945 muriam
1693 885 1933 942 volenti-

278 982 392 1040 bus
417 980 625 1054 largiri
650 979 975 1054 poterimus
1002 995 1288 1048 amaram,
1347 994 1476 1050 quae
1517 977 1640 1033 viro
1699 975 1934 1032 cuidam

280 1071 598 1129 subamara
657 1069 983 1126 Halmionis
1039 1085 1252 1125 nomen
1301 1067 1482 1137 dedit,
1541 1066 1644 1122 sed
1703 1063 1936 1120 dulcem

282 1159 446 1216 illam
464 1157 574 1215 sali
597 1157 794 1214 divino
825 1158 1079 1215 similem
1103 1185 1118 1227 ;
1141 1158 1300 1214 unde
1348 1155 1720 1230 proverbium
1750 1176 1779 1205 ‹‹
1807 1169 1935 1209 mu-

283 1248 433 1304 riam
465 1263 582 1303 non
615 1247 828 1304 habere
861 1270 883 1299 ι»
918 1249 991 1304 de
1018 1247 1164 1303 viris
1193 1245 1414 1303 odiosis
1444 1245 1938 1316 dicitur,quorum

287 1335 474 1410 aliqui
503 1335 746 1408 insuper
765 1335 980 1393 insulsi
1003 1343 1441 1409 nuncupantur.

361 1622 454 1677 53.
495 1620 692 1678 Simili
741 1621 916 1678 modo
972 1621 1032 1678 in
1079 1638 1213 1678 aere
1257 1625 1360 1678 aut
1407 1620 1620 1677 aethere
1678 1619 1948 1692 (uterque

293 1710 453 1766 enim
483 1709 854 1783 splendidus)
884 1715 1105 1766 naturas
1139 1709 1401 1773 viviﬂoaa,
1433 1709 1756 1772 odoriferis,
1789 1721 1948 1778 purse

296 1815 406 1857 nos
431 1799 920 1867 assimilabimus,
953 1799 1093 1871 quia
1121 1799 1319 1855 anima
1361 1797 1646 1856 nebulosa
1691 1812 1806 1852 non
1836 1798 1950 1863 est,

1036 400 1464 466 EUSTATHII
1506 391 2279 463 THESSALONICENSIS
2327 388 2915 453 METROPOLITE

3577 393 3703 452 724

2109 521 2214 598 νβ’.
2263 519 2548 583 Τοιούτοις
2595 517 2654 575 δὲ
2704 519 2892 596 λόγοις
2939 517 3032 574 καὶ
3079 517 3155 580 εἰς
3208 515 3479 582 θάλασσαν
3526 521 3702 596 μεγάο

2039 609 2148 682 λην
2214 607 2404 682 ἕξομεν
2467 609 2557 664 καὶ
2616 607 2916 684 εὐρύχορον
2982 607 3396 662 ἐκπετάννυσθαι
3456 605 3547 664 διὰ
3605 614 3704 664 τοῦ

2042 699 2212 756 ἐλεεῖν
2273 699 2364 754 καὶ
2423 698 2739 774 εὐεργετεῖν,
2795 696 2884 752 καὶ
2962 696 3106 752 οὕτω
3161 695 3376 774 τριφειν
3448 702 3580 767 ζῶα,
3641 697 3703 754 οὺ

2048 789 2207 863 μόνον
2249 789 2438 864 μικρὰ,
2490 787 2570 860 ἐφ’
2621 787 2703 851 οἷς
2763 787 2996 862 βραχεῖα
3052 785 3143 841 καὶ
3196 789 3232 856 ἡ
3293 783 3532 860 δαπάνη,
3557 785 3704 844 ἀλλὰ

2042 879 2131 934 καὶ
2189 875 2419 952 μεγάλα,
2483 877 2556 931 ὧν
2613 874 2878 951 ἁδροτέρα
2933 876 3022 930 καὶ
3080 878 3116 946 ἡ
3174 877 3352 954 τροφή
3388 893 3402 908 ’
3462 876 3554 932 καὶ
3602 874 3704 932 ἂλ-

2049 988 2157 1040 μην
2225 963 2284 1020 δὲ
2335 970 2452 1027 τοῖς
2524 961 2803 1028 ἐθέλουσιν
2879 960 3322 1037 ἐνδαψιλεύεσθαι
3382 964 3551 1035 αὐτὴν
3612 987 3702 1022 πι-

2045 1054 2200 1132 κρὰν,
2247 1053 2298 1124 ἐξ
2344 1053 2414 1122 ἧς
2465 1053 2602 1128 ἀνήρ
2656 1074 2742 1117 τις
2799 1051 3034 1116 παλαιὸς
3097 1052 3398 1129 ὑπόπικρος
3449 1053 3704 1129 ’Δλμίων

2046 1143 2480 1218 παρωνομάσθη,
2531 1141 2676 1198 ἀλύἂι
2722 1143 2821 1212 τὴν
2863 1138 3089 1211 λοιπὴν,
3137 1142 3238 1212 τὴν
3288 1141 3574 1216 νόστιμον,
3603 1146 3702 1214 τήν

2045 1237 2128 1306 τῷ
2164 1231 2292 1304 θείῳ
2342 1235 2738 1306 συστοιχοῦσαν
2790 1227 2972 1304 ἅλατι,
3019 1230 3108 1307 ἀφ’
3157 1232 3226 1300 ῆς
3272 1230 3364 1286 καὶ
3408 1233 3699 1308 παροιμιά-

2053 1326 2195 1391 ζεται
2241 1321 2304 1375 τὸ
2365 1343 2394 1374 (ς
2439 1320 2515 1394 μὴ
2567 1317 2752 1394 ἅλμην
2803 1317 2949 1396 ἔχειν
2981 1339 3008 1372 s
3068 1318 3156 1375 ἰπὶ
3204 1323 3314 1374 τῶν
3365 1317 3698 1397 ἀηδεστέρων

2051 1408 2282 1487 ἀνδρῶν,
2339 1409 2429 1464 καὶ
2487 1409 2560 1470 ὡς
2619 1407 2790 1464 εἰπεῖν
2871 1408 3230 1478 ἀναρτώντων
3263 1429 3276 1443 ο
3339 1407 3418 1486 ἐφ’
3471 1407 3543 1465 ὧν
3597 1431 3699 1465 κα-

2049 1502 2118 1555 τά
2144 1519 2291 1561 τινας
2316 1499 2408 1554 καὶ
2435 1499 2498 1554 τὸ
2536 1520 2564 1554 s
2592 1493 2824 1554 ἄναλτον
2859 1521 2888 1550 ››
2931 1497 3226 1574 ἥρμοσται.
3516 1567 3521 1572 τ

2127 1622 2225 1690 νγ’.
2286 1613 2444 1690 Λόγῳ
2501 1611 2560 1670 δὶ
2608 1611 2866 1690 ἀναλόγῳ
2925 1612 3070 1670 οὕτω
3125 1615 3216 1668 καὶ
3264 1613 3342 1678 εἰς
3388 1613 3548 1692 ἀέρα,
3599 1612 3710 1670 εἷίιε

2056 1703 2147 1759 καὶ
2211 1701 2420 1778 αῗΘὲρα,
2470 1701 2760 1778 λαμπροὺς
2812 1701 2903 1758 καὶ
2951 1701 3320 1781 ἀμφοτέρους,
3360 1699 3711 1758 διασκευάσο-

2065 1813 2157 1866 μεν
2217 1791 2440 1854 ἑαυτοὺς
2487 1795 2569 1865 τῷ
2614 1792 2872 1866 ζωογόνῳ
2916 1791 3008 1847 καὶ
3058 1792 3272 1865 εὐπνόῳ
3325 1791 3417 1848 καὶ
3465 1796 3711 1868 καθαρῷ,

299 1893 358 1945 et
377 1888 628 1962 spiritus
659 1887 922 1944 caelestes
954 1905 1054 1961 per
1083 1889 1304 1945 scalam
1341 1887 1712 1962 spiritualem
1744 1900 1948 1942 ascen-

2074 1879 2152 1936 Βιὰ
2177 1881 2240 1936 τὸ
2281 1882 2418 1936 κατά
2460 1881 2647 1956 ψυχὴν
2699 1878 2957 1958 ἀνέφελον
3003 1881 3094 1936 καὶ
3137 1885 3206 1955 τῇ
3259 1877 3327 1936 δι’
3374 1879 3538 1937 αὐτοῦ
3591 1881 3712 1938 ἀνε-

301 1979 471 2048 dunt,
502 1982 561 2034 et
581 1977 715 2035 aliis
745 1977 1075 2035 rationibus
1117 1995 1265 2050 quas
1321 1995 1432 2035 nos
1482 1978 1712 2035 concise
1741 1975 1952 2032 deﬁni-

307 2082 445 2123 mus
469 2083 482 2136 ;
515 2083 616 2123 vos
645 2072 841 2123 autem
873 2067 934 2122 in
962 2083 1158 2124 errore
1186 2067 1346 2124 estis.
1372 2067 1596 2124 Idcirco
1627 2065 1954 2122 doctrinam

304 2155 749 2228 profundiorem
780 2172 896 2212 non
917 2156 1227 2213 sectamini
1270 2157 1333 2214 in
1385 2157 1561 2214 rebus
1609 2173 1760 2228 quas
1807 2153 1954 2210 alios

304 2247 514 2302 docere
543 2245 812 2317 potestis,
845 2244 1322 2318 quiacandelam,
1342 2245 1954 2318 pharum,lampadem

303 2354 566 2409 quaerere
589 2353 738 2410 opus
769 2355 885 2394 non
913 2342 1024 2406 est,
1057 2340 1200 2394 dum
1229 2337 1332 2394 lux
1379 2338 1590 2394 solaris
1635 2338 1958 2410 Scriptura-

303 2444 436 2484 rum
458 2445 762 2484 sacrarum
793 2427 853 2484 in
883 2445 1016 2485 aere
1063 2427 1268 2485 lucens
1296 2429 1452 2486 viam
1485 2433 1751 2485 nostram
1793 2427 1958 2482 illus-

302 2521 458 2586 trat;
491 2533 620 2589 nec,
643 2515 795 2574 sicut
815 2517 856 2572 ii
903 2517 1006 2590 qui
1053 2517 1210 2574 viam
1259 2534 1378 2590 qua
1426 2518 1820 2574 incedendum
1868 2521 1959 2573 est

304 2607 571 2662 nondum
599 2605 1028 2677 didicerunt,ad
1062 2607 1382 2664 maximum
1412 2608 1757 2682 Magistrum
1789 2623 1958 2664 acce-

305 2695 441 2751 dere
461 2711 781 2768 possumus
809 2696 1036 2751 verbis:
1071 2718 1102 2747 «
1162 2697 1426 2753 Monstra
1473 2697 1640 2754 mihi.
1690 2697 1956 2768 Domine,

307 2782 488 2852 viam,
519 2799 637 2856 qua
665 2784 1000 2856 procedam.
1035 2805 1064 2835 »
1109 2783 1326 2840 Omnes
1371 2785 1528 2842 enim
1577 2785 1756 2857 probe
1803 2785 1960 2841 novi-

311 2886 446 2928 mus
476 2888 596 2944 qua
616 2873 1004 2929 incedendum
1027 2872 1124 2944 sit,
1174 2877 1232 2929 et
1277 2891 1312 2930 a
1358 2890 1477 2946 qua
1517 2873 1956 2942 declinandum,

311 2975 663 3032 persuasum
683 2961 968 3018 habentes
1017 2963 1171 3034 quod
1205 2967 1362 3019 recta
1390 2963 1484 3020 via
1510 2969 1599 3019 est
1633 2963 1958 3019 secundum

312 3048 499 3106 Deum
520 3049 693 3119 actio,
715 3051 1120 3108 cuicontraria
1157 3056 1250 3109 est
1303 3068 1373 3108 ea
1422 3068 1540 3124 qua
1593 3052 1960 3109 declinamus

313 3153 349 3194 a
376 3139 612 3209 virtute,
661 3141 988 3196 secundum
1035 3157 1172 3198 eum
1203 3141 1488 3212 quijubet
1518 3142 1706 3197 facere
1736 3142 1958 3197 bonum

2063 1969 2240 2028 λεύσει
2271 1975 2375 2026 τῶν
2434 1968 2700 2046 οὐρανίων
2733 1969 2894 2038 νόων,
2943 1967 3034 2024 διὰ
3077 1973 3176 2035 τῆς
3225 1969 3475 2044 ἐναρέτου
3512 1969 3718 2044 κλίμα-

2061 2079 2178 2128 κος,
2211 2057 2450 2122 πολλοῖς
2499 2055 2558 2112 δὲ
2612 2058 2702 2114 καὶ
2756 2057 2950 2121 ἄλλοις
3000 2059 3246 2135 τρόποις,
3297 2058 3380 2122 οἷς
3427 2059 3518 2114 καὶ
3549 2060 3716 2132 ἡμεῖς

2069 2144 2524 2222 βραχυλογοῦμεν
2554 2165 2567 2178 ·
2627 2143 2758 2202 ἀλλ’
2811 2147 2846 2216 ἡ
2903 2144 3098 2219 κάρδία
3142 2148 3294 2220 ὑμῶν
3323 2145 3717 2205 πεπλάτυνται.

2065 2231 2446 2310 Διόπερ·οὐδὲ
2523 2235 2863 2312 μακροτέρας
2939 2234 3152 2313 ἐφίεσθε
3208 2233 3579 2305 διδασκαλίας,
3635 2235 3720 2314 ἐφ’

2065 2324 2148 2388 οἷς
2173 2323 2264 2378 καὶ
2293 2323 2508 2400 ἐτέρους
2557 2321 2824 2380 διδάσκειν
2877 2321 3118 2394 δύνασθε,
3175 2324 3258 2380 δτι
3305 2323 3447 2399 μηδὶ
3476 2327 3589 2402 χρή
3624 2323 3720 2380 λυ-

2065 2411 2308 2488 χνίσκον,
2339 2409 2376 2482 ἤ
2427 2412 2642 2488 φανίον,
2689 2411 2726 2482 ἤ
2773 2434 2897 2470 τινα
2947 2415 3248 2491 λαμπτῆρα
3300 2420 3506 2485 ζητειν,
3540 2415 3719 2492 φωτὸς

2063 2503 2290 2576 Γραφῶν
2349 2501 2510 2576 ἱερῶν
2569 2500 2943 2576 αίθριάζοντος
2989 2501 3248 2575 ἡλιακοῦ,
3299 2502 3390 2558 καὶ
3445 2503 3544 2572 τὴν
3597 2499 3713 2558 ἷ’δὸν

2069 2587 2502 2652 ὑποδεικνύντος.
2560 2587 2704 2647 Οὐδὲ
2757 2584 2930 2666 ἔχομε
2983 2590 3075 2646 καὶ
3130 2591 3288 2646 αὐτοὶ
3348 2589 3572 2653 ἕκαστος
3616 2589 3720 2668 ἆρ-

2065 2700 2119 2735 τι
2155 2679 2292 2734 κατὰ
2333 2678 2460 2741 τοὺς
2515 2681 2686 2752 μήπω
2740 2681 3162 2749 συνετισθὲντας,
3197 2677 3324 2735 ὅποι
3385 2681 3498 2756 χρὴ
3562 2677 3718 2736 ὁδεύ-

2067 2789 2167 2842 ειν,
2203 2766 2376 2844 λέγειν
2420 2768 2559 2844 πρὸς
2605 2769 2698 2823 τὸν
2741 2769 2990 2845 μέγιστον
3044 2767 3379 2825 Διδάσκαλον
3407 2787 3420 2802 °
3459 2794 3481 2822 ιι
3517 2770 3721 2840 Γνώρι-

2068 2857 2158 2912 σόν
2195 2878 2310 2930 μοι,
2343 2857 2531 2932 Κύριε,
2585 2855 2732 2928 ὁδὸν,
2777 2854 2844 2926 ἥν
2897 2857 3258 2933 πορεύσομαι.
3294 2881 3323 2910 ››
3383 2857 3585 2921 Πάντες
3615 2859 3720 2934 γάρ

2069 2945 2452 3018 ὲπιστημόνως
2503 2942 2750 3019 οἴδαμεν,
2800 2945 2927 3000 ὅποι
2973 2967 3034 3001 τε
3081 2943 3360 3022 βαδιστέον
3395 2947 3590 3020 ὀρθὴν,
3629 2945 3722 3001 καὶ

2069 3035 2208 3090 ὅπου
2267 3033 2624 3110 ἰκτραπέσθαι
2665 3034 2868 3110 χρεὼν.
2927 3036 3110 3108 Ἴσμεν
3171 3031 3424 3104 ἅπαντες,
3487 3034 3564 3097 ὡς
3628 3036 3728 3110 ὁρ-

2071 3125 2138 3192 θὴ
2194 3124 2289 3196 μὲν
2341 3126 2377 3194 ἡ
2437 3124 2572 3178 κατὰ
2618 3125 2747 3180 Θεὸν
2806 3123 3017 3198 πρᾶξις,
3073 3124 3312 3200 ἒκτροπὴ
3387 3121 3444 3178 δὲ
3491 3124 3519 3179 ὁ
3582 3122 3728 3178 ἐκεῖ·

313 3243 380 3284 ac
401 3227 695 3284 declinare
741 3245 776 3285 a
825 3228 1000 3286 malo.
1061 3209 1434 3287 Scimus—ubi
1486 3231 1838 3286 morandum
1895 3245 1959 3286 ac

2077 3223 2162 3276 θεν
2221 3211 2584 3288 πλαγιασμὸς,
2651 3211 2787 3268 κατὰ
2857 3213 2950 3268 τὸν
3018 3209 3482 3289 παραγγείλαντα,
3541 3211 3722 3270 ἐκκλί-

313 3316 731 3374 diversandum
762 3317 858 3385 sit,
892 3323 952 3374 et
988 3319 1223 3390 quando
1254 3317 1412 3374 ultra
1459 3319 1518 3374 in
1577 3319 1668 3375 via
1714 3335 1961 3392 pergen-

313 3406 479 3462 dum.
503 3406 864 3463 Morabimus
891 3407 1074 3476 enim,
1103 3407 1166 3463 in
1194 3408 1294 3464 Dei
1343 3423 1543 3465 amore
1575 3408 1963 3476 diversantes,

315 3510 348 3551 ε
374 3499 578 3551 contra
604 3511 845 3552 cursum
893 3497 1458 3567 procrastinabimus
1490 3498 1726 3569 quando
1749 3498 1966 3572 cogita-

311 3582 504 3640 tiones
533 3582 830 3640 insidiosas
857 3601 964 3640 nos
983 3585 1472 3644 circumveniunt.
1497 3589 1624 3643 Non
1654 3604 1772 3643 una
1793 3587 1964 3643 nobis

315 3671 438 3728 vita
455 3670 548 3728 vis
585 3676 786 3744 aperta
831 3677 942 3739 est,
992 3673 1094 3729 sed
1149 3673 1365 3746 plures,
1421 3691 1673 3747 quarum
1731 3675 1841 3732 hoc
1892 3675 1964 3730 ad

317 3760 565 3829 bonum,
597 3760 670 3817 ad
703 3761 926 3816 malum
956 3761 1256 3818 illaducit.
1309 3764 1633 3820 Dicendum
1693 3780 1832 3836 ergo
1877 3767 1969 3821 est
2028 3807 2036 3811 -

319 3851 501 3921 quod,
523 3849 679 3906 sicut
717 3849 778 3906 in
811 3865 1162 3923 quacunque
1216 3851 1348 3908 vitii
1393 3853 1486 3909 via
1541 3853 1878 3910 incedentes
1935 3869 1970 3908 a

319 3937 536 3994 virtute
554 3937 921 4007 aberramus,
947 3939 1030 3994 ita
1061 3941 1216 4011 quod
1235 3957 1673 4013 quamcumque
1686 3942 1968 3998 virtutem

321 4025 591 4095 colimus,
641 4027 828 4084 Deum
877 4027 1170 4100 hospitem
1198 4029 1563 4087 ditissimum
1597 4035 1656 4086 et
1703 4030 1968 4102 judicem

322 4115 732 4188 aquissimum
758 4115 997 4174 obvium
1025 4116 1397 4176 habebimus.

393 4489 486 4549 54.
516 4489 656 4550 Post
699 4492 808 4550 has
865 4495 1274 4552 conclusiones
1332 4497 1530 4552 metuo
1567 4511 1640 4552 ne
1669 4512 1702 4552 a
1732 4496 1974 4568 quibus-

327 4579 464 4686 dgam
485 4596 687 4686 preces
715 4585 928 4686 nostra
957 4600 1126 4686 agre“
1137 4583 1504 4686 ferqnturtsi
1535 4601 1652 4641 non
1700 4601 1734 4640 a
1754 4601 1975 4658 paupe-
2005 4620 2052 4686 D

327 4669 517 4740 ribus,
538 4674 600 4728 at
629 4687 664 4728 a
691 4673 1050 4730 creditorum
1097 4673 1558 4739 fraudatoribus,
1591 4689 1740 4744 quos
1770 4691 1976 4747 graves

327 4759 562 4818 dolores
588 4764 799 4818 vexant
829 4767 912 4831 ut,
961 4762 1288 4820 secundum
1319 4762 1675 4835 Scripturas,
1699 4763 1975 4820 mulieres

327 4849 720 4922 parturientes
777 4855 1080 4923 anguntur
1133 4855 1373 4924 propter
1438 4855 1672 4924 parturn
1721 4868 1979 4909 exsecra-

325 4937 530 4996 bilem.
555 4943 668 4998 Deo
698 4939 1020 5013 ingratum,
1071 4945 1295 4998 naturae
1349 4942 1730 5012 contrarium,
1790 4941 1974 4998 feram

325 5027 672 5101 immanem,
731 5027 1196 5098 voracissimam,
1265 5037 1471 5087 contra
1517 5049 1694 5104 quam
1763 5049 1974 5088 canum

326 5131 523 5174 mores
546 5117 914 5175 rabiosorum
955 5117 1282 5190 smpisime
1311 5119 1678 5188 latravimus,
1711 5126 1770 5177 et
1795 5138 1974 5192 quam

325 5222 356 5262 e
385 5223 632 5264 caverna
661 5206 1072 5280 protraherein
1091 5223 1208 5279 qua
1237 5209 1582 5266 abscondita
1601 5214 1692 5266 est
1711 5211 1974 5282 (abscon-

324 5294 486 5352 ditur
504 5294 565 5350 in
588 5293 1000 5368 plerorumque
1029 5295 1265 5369 animis)
1281 5301 1384 5352 aut
1412 5298 1699 5370 impedire
1727 5315 1800 5354 ne
1828 5315 1972 5370 pau-

325 5399 494 5454 peres
516 5383 766 5442 miseros
803 5382 1052 5441 dilaniat
1079 5389 1138 5442 et
1163 5385 1465 5459 dilaceret,
1495 5403 1614 5444 non
1645 5387 1970 5460 potuimus.

401 5664 491 5721 55.
517 5664 704 5738 Igitur
724 5683 883 5724 nunc
911 5667 1152 5740 quidem
1181 5672 1374 5728 tacere
1427 5672 1618 5730 visum
1648 5675 1756 5730 est.
1795 5671 1976 5730 Video

331 5751 490 5807 enim
520 5753 698 5824 quod,
731 5770 847 5824 quo
871 5757 1061 5828 magis
1086 5773 1222 5814 cum
1251 5757 1556 5832 Scriptura
1583 5765 1788 5818 contra
1815 5761 1980 5820 tene-

2073 3322 2182 3357 νειν
2233 3302 2328 3375 μὲν
2366 3301 2430 3356 τὸ
2485 3302 2670 3368 κακὸν,
2726 3307 2902 3356 ποιεῖν
2963 3299 3021 3356 δὲ
3065 3302 3129 3358 τὸ
3185 3302 3400 3378 ἀγαθόν.
3460 3299 3723 3375 Οἴδαμεν,

2075 3389 2200 3454 ἔνθα
2253 3391 2365 3466 χρὴ
2425 3389 2712 3444 καταλύειν
2773 3390 2863 3444 καὶ
2913 3391 3264 3464 παραμένειν,
3317 3388 3409 3446 καί
3449 3389 3614 3446 πάλιν
3645 3387 3726 3446 ἕν-

2073 3475 2287 3542 θαδὲον
2318 3477 2654 3552 παρατείνειν
2706 3477 2788 3541 εἷς
2835 3476 3004 3534 πλέον
3062 3479 3132 3534 τὰ
3175 3479 3277 3548 τὴς
3325 3475 3475 3536 ὀδοῦ.
3507 3481 3720 3536 Μενοῦ-

2079 3589 2174 3642 μεν
2231 3567 2359 3643 γὰρ,
2417 3563 2810 3629 καταλύσαντες
2885 3565 2939 3622 ἐν
3012 3572 3081 3642 τῇ
3138 3572 3237 3623 τοῦ
3290 3572 3424 3624 Θεοῦ
3482 3567 3668 3644 ἀγάπῃ
3705 3587 3719 3601 ·

2075 3661 2480 3733 παρατενοῦμεν
2535 3653 2594 3711 δὲ
2646 3657 2739 3712 τὸν
2775 3653 3001 3732 δρόμον,
3051 3652 3175 3712 ἔνθα
3229 3655 3426 3732 λῃσταὶ
3467 3655 3726 3734 ὐφεδρεύ-

2077 3766 2197 3801 ουσι
2247 3745 2530 3821 λογισμοί.
2581 3745 2659 3803 Οὐ
2700 3747 2799 3819 μία
2845 3748 2980 3820 ἡμῖν
3029 3744 3222 3824 τρίϐος
3272 3746 3610 3824 ὑπέστρωται
3645 3746 3732 3824 βί-

2078 3855 2164 3907 ου,
2193 3832 2342 3888 ἀλλὰ
2389 3831 2756 3910 πολισχιδής,
2805 3833 2988 3912 ὥσπερ
3036 3837 3072 3905 ἡ
3126 3835 3204 3899 εἷς
3251 3835 3320 3891 τὰ
3350 3833 3551 3912 φαῦλα,
3586 3834 3732 3890 οὕτω

2075 3923 2228 3994 καὶή
2289 3923 2367 3986 εἷς
2415 3923 2483 3978 τὰ
2531 3925 2834 4000 κρείττονα.
2890 3921 3148 3998 Εἵπωμεν
3199 3925 3315 3993 οὖν,
3365 3923 3608 4001 καθάπερ
3640 3923 3732 3980 ἐπὶ

2077 4012 2286 4075 κακίας.
2340 4011 2439 4081 ὡς,
2490 4011 2600 4067 εἷ’τε
2641 4013 2844 4086 ταύτην
2892 4012 2928 4083 ἤ
2975 4015 3075 4084 τὴν
3129 4013 3312 4090 ἒτὲραν
3345 4021 3380 4084 ῆ
3411 4015 3512 4084 τὴν
3552 4011 3730 4083 ἄλλην

2083 4099 2442 4178 βαδιούμεθα,
2490 4098 2890 4175 πλανησόμεθα
2934 4108 3038 4173 τῆς
3088 4103 3408 4179 ὀρθότητος,
3471 4101 3735 4158 οὕτωκαὶ

2081 4188 2169 4246 ἐπὶ
2219 4191 2438 4266 ἀρετῆς.
2496 4191 2602 4260 ὅτι,
2643 4189 2838 4247 ὁποίαν
2882 4189 3239 4265 στελούμεθα,
3302 4191 3378 4254 εἰς
3435 4191 3526 4247 τὸν
3558 4189 3735 4247 πλου-

2081 4279 2343 4334 σιώτατον
2387 4279 2478 4334 καὶ
2525 4275 2859 4358 εὐδιάκριτον
2931 4276 3219 4358 ξενοδόχον
3270 4281 3402 4338 Θεὸν
3463 4281 3737 4352 καταντή-

2081 4388 2142 4424 σο
2150 4388 2269 4444 μεν.
3691 4362 3696 4367 ⁵

2153 4481 2250 4544 νδ’.
2283 4482 2505 4540 Τούτων
2559 4482 2702 4540 οὕτω
2747 4482 3200 4562 ωμπεραθὲντων
3260 4489 3418 4562 ἡμῖν,
3468 4481 3737 4543 εὐλαϐοῦ-

2087 4593 2206 4646 μαι,
2242 4575 2463 4646 μήποτε
2511 4571 2794 4637 δυσκόλως
2835 4578 2956 4637 ταῖς
3007 4573 3304 4650 ἡμετέραις
3352 4575 3542 4652 εὐχαῖς
3589 4577 3736 4632 ἀντι-

2085 4656 2368 4733 ϐήσονται,
2402 4661 2449 4718 εἰ
2479 4661 2568 4718 καὶ
2603 4665 2678 4736 μή
2723 4683 2867 4726 τινες
2912 4660 3076 4720 ἄλλοι
3117 4665 3362 4742 πτωχοὶ,
3401 4663 3530 4721 ἀλλ’
3559 4663 3651 4720 οὖν
3686 4665 3738 4719 οἱ

2087 4751 2598 4828 χρεωκοπούμενοι,
2651 4750 2742 4815 οὕς
2792 4752 2958 4824 ὀξεῖαι
3011 4750 3196 4810 ὀδύναι
3261 4752 3534 4827 δύνουσιν,
3594 4754 3624 4810 ὃ
3669 4751 3737 4823 δὴ

2088 4837 2322 4916 λέγεται,
2370 4840 2508 4896 κατᾶ
2552 4840 2649 4903 τὰς
2697 4841 2882 4916 (ἱερῶς
2931 4841 3124 4916 εἰπεῖν)
3176 4841 3478 4907 ὠδινούσας
3522 4845 3611 4899 καὶ
3647 4843 3740 4919 ἐγ-

2085 4930 2342 5005 γιζούσας
2372 4934 2469 4986 τοῦ
2493 4935 2689 5000 τεκεῖν,
2732 4927 2823 4986 διὰ
2867 4931 2960 4986 τὸν
3015 4929 3305 5008 ἀλιτήριον
3336 4934 3495 4990 τόκον
3526 4933 3617 4988 τὸν
3651 4926 3736 4987 ἕκ-

2085 5019 2276 5100 φυλον,
2333 5021 2423 5076 τὸν
2485 5026 2739 5092 θεομισῆ,
2796 5017 2888 5076 τὸν
2927 5021 3076 5098 παρὰ
3127 5023 3308 5098 φύσιν,
3367 5024 3431 5079 τὸ
3487 5025 3738 5078 κάκιστον

2086 5108 2301 5184 άηρίον,
2333 5109 2394 5164 τὸ
2442 5108 2732 5186 παμφάγον
2764 5128 2778 5142 ’
2833 5109 2894 5164 οὗ
2953 5111 3208 5185 μυριάκις
3255 5113 3349 5186 μὲν
3398 5109 3732 5175 καθυλακτῆ-

2085 5219 2276 5272 σαμεν,
2330 5199 2429 5254 ὅσα
2484 5198 2576 5253 καὶ
2634 5197 2976 5269 λυσσητῆρες
3026 5200 3206 5268 κύνες,
3257 5200 3356 5255 οὐκ
3393 5197 3623 5272 ἔσχομεν
3670 5191 3727 5247 δὲ

2086 5287 2227 5342 οὕτω
2263 5292 2360 5342 τοῦ
2407 5287 2626 5367 φωλεοῦ
2676 5286 2958 5358 ἑκσπάσαι,
3020 5289 3097 5352 εἷς
3150 5289 3208 5344 ’ὂν
3259 5287 3542 5364 κρύπτεται
3574 5279 3728 5358 (κρύ-

2083 5397 2270 5433 πτεται
2304 5375 2362 5432 δὲ
2406 5377 2458 5432 ἐν
2507 5383 2624 5440 ταῖς
2673 5381 2780 5433 τῶν
2841 5375 3112 5434 πλειόνων
3160 5375 3401 5452 ψυχαῖς),
3459 5368 3587 5426 οὐδὲ
3620 5372 3732 5446 μὴν

2085 5462 2407 5546 ἐκφοϐῆσαι,
2468 5468 2544 5530 ὡς
2620 5469 2696 5540 μὴ
2770 5465 3062 5542 προπηδᾷν
3135 5465 3222 5521 καὶ
3281 5461 3574 5538 λαφύσσειν
3641 5461 3738 5518 καὶ

2087 5558 2410 5632 σπαράσσειν
2440 5555 2569 5619 τοὺς
2599 5555 2864 5622 ἐλεεινοὺς
2893 5553 3174 5630 πτωχούς.

2155 5674 2244 5744 νε’,
2303 5671 2518 5746 Ἐδοξεν
2577 5671 2669 5728 οῦν
2732 5694 2825 5748 μοι
2888 5673 2992 5730 ἀπὸ
3050 5677 3152 5743 τῆς
3203 5665 3324 5746 ἄρτι
3369 5677 3685 5748 σεσιγῆσθαι
3721 5713 3736 5731 .

2086 5758 2286 5821 Βλέπω
2341 5761 2468 5837 γὰρ,
2526 5761 2608 5818 ὅτι
2668 5761 2746 5824 εἴς
2804 5759 2930 5817 ὅσον
2989 5759 3096 5836 ἐγὼ
3148 5761 3215 5818 τὰ
3268 5764 3376 5818 τῶν
3421 5758 3733 5840 ῒερωτάσων
