4082 6384
420 411 541 469 ’125

1423 407 1502 467 ΙΝ
1550 406 1616 466 S.
1663 404 2353 475 QUADRAGESIMAM
2397 406 2693 467 ORATIO
2734 406 2838 466 IV.

3726 405 3849 463 ’726

417 539 650 615 Γραφῖυν
700 530 1020 610 ἀναϐοῶμαι
1063 540 1180 599 τοῖς
1232 532 1623 614 τοκογλυφοις,
1681 538 1941 590 τοσοῦτον
1983 534 2075 590 αύ-

2194 540 2416 593 ratores
2447 536 2734 603 declamo,
2766 552 2833 592 eo
2888 536 3119 608 pejores
3144 535 3327 590 futuri
3357 536 3513 602 sunt,
3575 537 3633 591 et
3689 536 3846 607 quod

416 628 501 683 τοὶ
556 619 897 681 ἐκϐαίνονται
955 625 1031 687 εἷς
1086 621 1442 680 πολυτοκίαψ
1502 624 1594 680 καὶ
1655 623 1798 680 οὕτω
1849 625 1916 680 τὰ
1973 623 2079 697 ἐμὰ

418 714 764 784 διδασκάλια,
818 712 888 769 δι’
937 715 1010 769 ὧν
1056 712 1404 771 ἀναστέλλειν
1456 717 1730 788 πειρῶμαι
1778 714 1851 776 ὡς
1882 711 1971 768 διά
1993 734 2076 767 τι-

417 827 512 868 νος
546 801 808 874 ἐπαοιδῆς
861 805 960 874 τὴν
1008 808 1104 859 τοῦ
1153 802 1348 880 θηρίου
1394 802 1710 879 ἀγριότητα,
1745 797 2079 877 ἐμϐοήματα

417 893 741 969 κρίνονται,
801 889 872 946 δι’
929 889 1003 946 ὧν
1081 891 1211 947 αὐτὸ
1270 890 1561 967 ἐρεθίζεται
1612 890 1928 963 καταπηδᾷν
1987 892 2077 948 καὶ

427 983 686 1060 βλάπτειν
717 982 846 1044 τοὺς
889 985 967 1054 τῷ
1013 985 1130 1054 Θεῷ
1183 980 1281 1054 μὶν
1312 979 1687 1054 ἠλεημένους,
1719 979 1989 1060 ἀδελφοὺς
2021 979 2079 1036 δέ

424 1074 558 1147 ἡμῖν
612 1068 1033 1146 λογιζομένους,
1090 1070 1227 1125 καθά
1275 1071 1367 1125 καὶ
1422 1070 1711 1147 θρέμματα
1766 1069 1949 1140 πίονα,
2002 1071 2076 1124 ὧν

420 1162 510 1217 καὶ
567 1159 715 1236 γάλα
763 1159 854 1214 καὶ
916 1159 1116 1235 σάρκας
1163 1158 1253 1213 καὶ
1305 1157 1479 1233 δέρμα
1506 1160 1596 1214 καὶ
1650 1153 1795 1231 ἔριον
1829 1159 1902 1222 εἷς
1934 1161 2078 1235 χρή-

423 1270 583 1322 σιμον
631 1249 682 1303 οὶ
735 1245 1117 1304 οῗκοδεσπόται
1168 1249 1625 1326 προσφερόμενοι,
1656 1247 1747 1304 καὶ
1809 1245 1939 1322 μηδ’
1987 1247 2080 1302 αὐ-

420 1344 529 1394 τῶν
560 1342 670 1393 τῶν
733 1337 808 1399 εἰς
867 1337 1069 1413 βρῶσιν
1122 1335 1360 1411 ἀχρείων
1406 1336 1766 1413 ἀπεχόμενοι,
1812 1335 1947 1392 αύτὰ
1979 1336 2076 1411 βο-

418 1426 606 1490 τάναις
638 1426 854 1505 ἀφιᾶσιν
902 1424 1242 1505 ἐντρέφεσθαι
1299 1426 1389 1481 καὶ
1425 1425 1682 1488 θαλλοῖς.
1711 1431 1781 1481 Ἥ
1826 1425 1930 1501 γὰρ
1970 1424 2081 1500 οὐχ

423 1515 597 1579 οὕτως
631 1513 935 1595 ὀφειλέταις
988 1515 1077 1570 καὶ
1131 1517 1297 1588 ἡμεῖς
1339 1515 1757 1592 προσφερόμεθα
1788 1533 1803 1584 ;
1839 1514 1940 1570 Καὶ
1976 1534 2079 1588 μα·-

419 1605 633 1682 κάριον,
685 1604 833 1681 εἷ’περ
890 1603 1085 1667 οὕτως·
1139 1608 1229 1659 νῦν
1285 1602 1343 1659 δὲ
1372 1605 1461 1659 καὶ
1509 1610 1696 1682 χεῖρον
1731 1601 2081 1678 διατιθέμεθα

424 1692 505 1750 ἐπ’
537 1693 744 1755 αὐτοῖς.
780 1692 1064 1768 Θρέμμασι
1128 1693 1222 1767 μὶν
1279 1694 1381 1769 γὰρ
1429 1698 1545 1755 τοῖς
1595 1697 1957 1767 κτηματικοῖς
1988 1692 2078 1747 καὶ

424 1780 634 1838 κλίσιον
694 1780 1043 1858 ἀνεγείρομεν
1078 1826 1093 1852 ,
1150 1781 1241 1836 καὶ
1302 1778 1538 1859 μάνδραν
1598 1786 1871 1857 γυροῦμεν
1918 1826 1934 1848 ,
1988 1779 2077 1835 καὶ

425 1870 699 1945 σταθμοὺς
780 1870 1053 1948 έτεροίους
1136 1872 1547 1949 περιγράψομεν
1582 1916 1598 1943 ,
1650 1870 1741 1925 καὶ
1818 1869 2078 1945 συρφετὸν

433 1957 836 2034 κειμηλιοῦμεν
898 1958 974 2023 εἰς
1043 1960 1253 2035 τροφήν
1313 1960 1619 2035 χειμέριον,
1672 1958 1762 2014 καὶ
1821 1957 2077 2034 ἀμέλγειν

425 2048 561 2104 αύτὰ
601 2047 888 2121 ὀκνοῦμεν,
924 2048 1014 2103 ὅτε
1042 2049 1070 2103 ὁ
1101 2052 1197 2102 τοῦ
1243 2047 1516 2124 γάλακτος
1563 2048 1748 2109 αὐτοῖς
1779 2048 1972 2122 ὀχετὸς
2005 2048 2073 2102 ού

425 2137 696 2209 πέπληθεο
755 2138 846 2193 καὶ
902 2138 1168 2211 ποιμένας
1218 2136 1561 2216 ἐφιστῶντες,
1617 2141 1712 2191 τοῦ
1741 2158 1800 2192 τε
1851 2139 1926 2210 μή
1958 2140 2075 2211 ψω-

428 2232 547 2305 ριᾷν
602 2227 1043 2304 προμηθούμεθα
1075 2272 1089 2298 ,
1141 2225 1247 2282 εἴτε
1325 2227 1415 2282 καὶ
1492 2224 1683 2292 ἄλλως
1738 2231 2023 2302 καχεκτεῖν
2061 2244 2074 2258 ⁸

430 2323 718 2399 κηδόμεθα
773 2322 831 2380 δὲ
885 2323 997 2393 καί,
1052 2323 1260 2397 πηνίκα
1313 2328 1508 2401 καιροῦ
1538 2325 1629 2380 καὶ
1676 2328 1776 2380 ποῖ
1804 2345 1936 2380 ποτε
1965 2322 2079 2380 λει-

433 2419 616 2488 μῶνος
674 2414 1034 2490 βοσκήσονται
1068 2433 1081 2446 ·
1139 2413 1231 2469 καὶ
1285 2418 1383 2468 τοῦ
1439 2412 1587 2489 ἐρίου
1645 2410 1703 2469 δὲ
1757 2411 2026 2488 ψιλοῦμεν
2064 2458 2078 2484 ,

425 2501 519 2558 ὅτε
548 2502 671 2557 οὕτε
727 2505 910 2577 ψυχῆς
969 2499 1149 2558 δάκνει
1208 2499 1501 2577 δριμύττον
1558 2500 1633 2564 είς
1690 2500 1933 2578 ῥίγωσιν,
1978 2500 2082 2559 ἀλ-

428 2590 502 2647 λὰ
524 2591 615 2647 καὶ
646 2591 707 2645 τὸ
759 2584 903 2666 ἔριον
955 2590 1260 2665 αὐτόματον
1314 2590 1618 2668 καταῤῥέει,
1664 2591 1753 2646 καὶ
1797 2591 1844 2646 εί
1888 2592 1962 2665 μή
1993 2591 2084 2646 τά-

428 2699 556 2757 χιον
616 2678 906 2758 ἀφαιρεθῇ,
961 2678 1214 2744 ἀκάνθαις
1271 2680 1562 2755 ἁρπάζεται
1619 2681 1709 2734 καὶ
1765 2678 2082 2751 κολλᾶται,

2188 631 2474 698 praecepta
2503 642 2632 682 mea
2664 624 2903 696 quibus,
2938 629 3004 680 ut
3057 622 3587 694 incantationibus,
3646 624 3848 680 bestiae

2186 714 2348 771 illius
2378 715 2736 771 ferocitatem
2770 715 3009 770 domare
3038 729 3239 777 conor,
3262 729 3366 784 pro
3398 712 3562 768 inani
3595 711 3847 769 clamore

2148 829 2159 834 α
2188 803 2498 871 habentur,
2524 820 2640 875 quo
2672 802 2773 858 illa
2802 802 3092 858 excitatur
3122 802 3195 856 ad
3218 800 3622 872 proruendum
3636 817 3848 856 nocen-

2189 892 2451 965 dumque
2479 893 2552 948 iis
2583 909 2732 965 quos
2775 893 2926 947 Deus
2985 892 3299 947 miseretur
3357 894 3416 945 et
3480 888 3581 960 qui
3637 890 3846 945 fratres

2190 982 2374 1037 nostri
2407 986 2746 1049 censentur,
2778 985 2843 1037 ut
2871 997 3006 1037 oves
3034 980 3286 1053 pingues
3334 993 3586 1050 quarum
3641 976 3733 1034 lac
3792 985 3849 1034 et

2188 1087 2447 1138 carnem,
2479 1069 2689 1142 pellem
2718 1073 2777 1126 et
2817 1069 3019 1126 lanam
3054 1068 3340 1125 oeconomi
3370 1067 3432 1122 in
3466 1083 3642 1123 usum
3663 1082 3840 1122 suum

2185 1164 2556 1230 vertunt,nec
2584 1160 2657 1214 iis
2689 1176 2814 1231 quae
2845 1159 2972 1216 esui
3004 1175 3121 1214 non
3152 1158 3484 1214 inserviunt
3513 1160 3845 1229 parcentes,

2188 1248 2411 1320 plantis
2442 1253 2499 1303 et
2534 1248 2844 1305 arboribus
2876 1248 3270 1304 slercorandis
3302 1246 3608 1302 adhibent.
3639 1245 3846 1301 Nonne

2189 1354 2296 1393 nos
2327 1353 2562 1409 quoque
2616 1336 2678 1392 in
2736 1337 3065 1393 debitorum
3115 1335 3449 1393 conditione
3494 1333 3747 1391 sumus?
3773 1334 3848 1389 Et

2188 1426 2412 1493 bene,si
2444 1426 2525 1481 ita
2555 1425 2837 1482 est.Nunc
2868 1430 3062 1481 autem
3093 1423 3383 1497 iniquiore
3409 1423 3470 1477 in
3509 1422 3844 1479 conditione

2189 1531 2420 1571 sumus.
2477 1519 2746 1586 Namque
2798 1515 3108 1586 pecoribus
3166 1512 3469 1569 stabulum
3517 1511 3840 1583 aperimus,

2188 1604 2501 1659 mandram
2538 1602 2918 1660 concedimus
2949 1603 3010 1657 in
3041 1602 3287 1673 campis,
3319 1609 3378 1657 et
3419 1601 3574 1672 quod
3606 1605 3844 1656 susten-

2186 1692 2382 1747 tandis
2414 1692 2660 1748 inservit
2689 1708 2794 1764 per
2832 1691 3086 1747 hiemem
3140 1689 3464 1759 offerimus,
3515 1688 3654 1743 lacti
3705 1705 3843 1760 par-

2187 1785 2405 1853 centes,
2437 1785 2702 1854 pastores
2726 1779 3309 1853 prmponimusduem
3325 1777 3590 1849 aliosque
3607 1777 3843 1833 morbos

2188 1870 2260 1926 ab
2290 1869 2365 1926 iis
2394 1874 2957 1942 removemus,prata
2973 1868 3344 1945 depascendo
3361 1870 3621 1938 tempore
3632 1882 3844 1937 oppor-

2183 1965 2329 2015 tuno
2360 1960 2729 2027 recludimus,
2752 1959 2887 2015 lana
2921 1957 3215 2025 exuimus,
3242 1955 3477 2029 quando
3492 1971 3607 2010 non
3621 1953 3841 2028 algent,

2184 2058 2304 2113 imo
2336 2057 2472 2113 lana
2498 2058 2628 2131 ipsa
2683 2057 2821 2128 exit,
2882 2060 2940 2112 et
2997 2073 3031 2112 a
3088 2054 3323 2111 carduis
3379 2053 3693 2119 laceratur,
3722 2051 3838 2108 nisi

2187 2147 2539 2219 quantocius
2565 2146 2953 2202 tondeas.Nos
2975 2149 3173 2202 autem
3198 2142 3344 2199 nihil
3363 2141 3481 2199 tale
3509 2142 3569 2197 in
3601 2141 3837 2197 miseris

2187 2234 2445 2293 alumnis
2478 2235 2577 2292 Dei
2610 2235 2880 2305 facimus,
2914 2234 3051 2308 quin
3093 2235 3213 2289 imo
3248 2231 3472 2288 nullam
3503 2246 3704 2287 eorum
3737 2245 3840 2286 cu-

2189 2342 2314 2381 ram
2347 2330 2606 2396 agentes,
2638 2326 3038 2397 deportamus,
3072 2324 3252 2379 ubera
3274 2319 3662 2394 exprimimus
3693 2336 3841 2392 quo-

2188 2414 2354 2482 tidie,
2388 2415 2540 2471 fame
2584 2430 2889 2482 necamus,
2922 2413 3241 2483 nudamus,
3287 2411 3544 2478 edimus,
3604 2424 3719 2464 non
3780 2411 3845 2463 ut

2189 2503 2451 2560 vultures
2495 2504 2799 2569 cadavera,
2867 2503 2968 2558 sed
3003 2502 3159 2558 sicut
3188 2498 3399 2572 aquila
3431 2497 3843 2555 Prometheum

2192 2593 2323 2665 rupi
2355 2592 2726 2666 impositum,
2758 2596 2815 2648 et
2845 2592 2930 2648 sic
2963 2591 3145 2648 cruda
3169 2589 3433 2645 humana
3488 2602 3664 2644 carne
3717 2601 3845 2643 ves-

2195 2699 2404 2738 clmur.

426 2770 566 2824 ὅπου
596 2769 758 2846 χρεία
788 2767 1237 2843 οὐδεμία.Ἣμεῖς
1271 2766 1328 2823 δὲ
1358 2766 1510 2825 οὐδέν
1545 2790 1598 2825 τι
1626 2774 1876 2824 τοιοῦτον
1908 2769 1996 2825 ἐπὶ
2024 2773 2143 2831 τοῖς
2171 2768 2430 2832 ἐλεεινοῖς
2459 2769 2673 2833 τούτοις
2703 2773 2800 2825 τοῦ
2830 2773 2963 2825 Θεοῦ
2990 2765 3485 2841 διοικονομούμεθα
3516 2765 3845 2840 θρέμμασιν,

426 2857 573 2913 ἀλλά
630 2855 903 2931 μηδεμίαν
952 2855 1284 2932 κηδεμονίαν
1343 2857 1395 2913 ἐν
1457 2859 1644 2922 αὐτοῖς
1704 2855 2127 2934 ἐνδεικνύμενοι,
2188 2858 2569 2933 ἀποικίζομεν,
2630 2859 2948 2933 ἐκπιέζομεν
3017 2854 3305 2933 ὁσημέραι,
3367 2853 3846 2929 λιμαγχονοῦμεν,

428 2950 764 3022 γυμνοῦμεν,
796 2947 1123 3021 ἀπεσθίομεν
1162 2947 1480 3024 τεραστίως,
1513 2947 1575 3002 ού
1605 2949 1744 3012 καθᾶ
1771 2952 1935 3024 γῦπες
1963 2946 2186 3022 νεκρούς
2214 2969 2381 3022 τινας,
2413 2947 2541 3004 ἀλλ’
2597 2948 2672 3011 ὡς
2729 2948 2878 3004 ἀεταὶ
2925 2948 3018 3004 τὸν
3077 2945 3165 3002 ἐπὶ
3222 2944 3495 3009 σκόλοπος
3549 2942 3848 3018 Προμηθέα

422 3036 646 3108 ἐκεῖνον,
677 3035 768 3092 καὶ
799 3036 973 3102 οὕτως
1002 3038 1290 3112 ἁνεψήτοις
1320 3036 1687 3113 ἀνθρωπίνοις
1718 3035 2062 3115 ἐντρυφῶμεν
2094 3036 2329 3115 κρέασιν.

486 3174 584 3238 νς’.
641 3172 964 3251 ³Δπάγαγε,
1030 3173 1382 3252 φιλάνθρωπε
1447 3174 1618 3251 Κύριε
1650 3217 1664 3243 ,
1723 3176 1823 3245 τὴν
1901 3173 2074 3231 ἀπάν-

2254 3178 2346 3233 56.
2378 3179 2616 3243 Amove,
2667 3194 2890 3250 quaeso,
2943 3174 3191 3232 Domine
3245 3172 3845 3240 misericors,‘mores

416 3264 634 3336 θρωπον
691 3261 892 3335 ταύτην
951 3260 1301 3342 φιλοτησίαν,
1358 3264 1448 3320 καὶ
1505 3265 1704 3326 παντὸς
1767 3264 1862 3338 μὲν
1895 3262 2071 3320 ἄλλου

418 3355 746 3426 Χριστιανοῦ
780 3394 794 3421 ,
866 3352 957 3407 καὶ
1040 3354 1202 3426 ἡμῶν
1264 3350 1364 3422 δὲ,
1417 3353 1471 3407 οἳ
1523 3354 2074 3432 ἁνθρωποφαγοῦντες

418 3438 732 3514 ψευδόμεθα
757 3441 857 3510 τὴν
888 3444 1003 3497 κατ’
1051 3440 1332 3517 ἄνθρωπον
1386 3441 1726 3519 ἡμερότητα.
1778 3444 1877 3505 Δὸς
1933 3444 2069 3516 ἡμῖν

417 3525 764 3604 λογίσασθαι,
815 3528 898 3585 ὅτι
946 3529 1201 3604 κάλλιον,
1254 3532 1494 3605 καθάπαξ
1545 3534 1756 3611 ἀφεῖναι
1786 3532 1877 3587 τὸν
1909 3529 2071 3587 ἁδελ-

415 3616 516 3695 φὸν
578 3615 879 3694 ἐγχανόντα
930 3624 1129 3689 θανεῖν,
1184 3617 1326 3695 ἤπερ
1380 3618 1469 3675 ἐπὶ
1520 3618 1667 3676 πολὺ
1725 3621 2074 3698 στρεύγεσθαι

414 3703 800 3780 χαλεπωτάτῳ
849 3706 1024 3782 λιμῷ.
1076 3706 1388 3785 Ὁδήγησον
1429 3712 1577 3783 ἡμᾶς
1607 3713 1802 3780 ποιεῖν,
1835 3710 1864 3764 ὃ
1892 3713 2073 3772 κακῶς

418 3793 712 3869 δυνάμεθα.
765 3796 1045 3870 Δυνάμεθα
1093 3794 1151 3852 δὶ
1198 3797 1311 3853 θεοὶ
1354 3799 1598 3874 γενέσθαι
1646 3800 1784 3853 κατὰ
1829 3800 1892 3854 τὸ
1929 3819 2073 3873 παρ-

414 3882 675 3961 άγγελμά
732 3905 850 3959 σου,
911 3906 970 3962 qq
1025 3883 1179 3942 οὐδὲν
1237 3883 1360 3943 οὔτε
1417 3884 1696 3959 ἀδύνατον,
1749 3884 1872 3943 οὔτε
1914 3885 2074 3957 ἄηθες

414 3971 827 4050 παραδέδωκας.
888 3973 1053 4046 Δοίης
1084 4018 1107 4045 ,
1142 3976 1219 4050 μὴ
1276 3982 1453 4031 ποιεῖν
1512 3977 1682 4050 ἡμὰς,
1742 3976 1842 4031 ὅσα
1894 3981 2075 4038 κακῶς

416 4060 708 4137 δυνάμεθα’
768 4064 930 4119 κακία
988 4061 1045 4118 δὲ
1105 4062 1390 4138 δυνάμεως
1441 4065 1723 4136 τοιαύτης,
1776 4065 1841 4120 τὸ
1883 4062 2075 4137 δαιμο-

414 4154 506 4220 νᾷν
551 4150 641 4205 καὶ
700 4154 780 4223 τῷ
839 4147 1155 4224 διδασκάλῳ
1211 4154 1308 4221 τῆς
1366 4152 1712 4227 φαυλότητος
1772 4151 2075 4208 ἐπακολου-

423 4242 554 4301 θεῖν.
586 4236 857 4310 Διδάξαις,
917 4239 1157 4315 γίνεσθαι
1204 4245 1302 4297 τοῦ
1361 4240 1615 4318 οὐρανοῦ,
1670 4241 1748 4300 εἷς
1806 4241 1864 4297 ὃν
1916 4240 2074 4303 αὐτὸς

421 4327 772 4402 προεκαλέσω
827 4331 999 4402 ἡμᾶς,
1055 4329 1359 4405 κατελθὼν,
1405 4328 1500 4386 ’ίνα
1542 4326 1852 4405 ἀναδῶμεν,
1881 4350 2075 4386 ταπει-

418 4418 630 4490 νωθεὶς,
662 4419 737 4481 ὡς
792 4418 854 4473 ἂν
910 4419 1236 4493 ὑψωθῶμεν.
1269 4420 1362 4490 Μὴ
1418 4418 1597 4483 ἐάσαις
1644 4422 1792 4495 ἡμᾶς
1821 4424 1918 4475 τοῦ
1943 4440 2077 4494 ταρ-

414 4506 586 4580 τάρου
614 4505 875 4582 γενέσθαι,
935 4506 1012 4570 εἷς
1072 4508 1131 4563 ’ὸν
1185 4514 1434 4582 πειρᾶται
1489 4508 1738 4586 κατάγειν
1794 4510 1822 4564 ὁ
1871 4510 2072 4573 ἄνωθεν

417 4593 617 4661 πεσὼν,
675 4595 765 4650 καὶ
824 4597 887 4651 τὸ
951 4598 1290 4672 ἀνθρώπινον
1347 4596 1548 4663 ἐθέλων
1606 4603 2069 4675 συγκατενεγκεῖν,

414 4678 506 4737 ἵνα
561 4684 881 4749 ἁπεναντίας
927 4685 1008 4759 τῷ
1054 4685 1296 4744 ἐθέλοντι
1318 4688 1499 4745 πλείω
1535 4688 1870 4766 γίνεσθαιτὰ
1919 4689 2070 4759 εὐερ-

418 4772 714 4849 γετούμενα
768 4772 1041 4846 πληθυνεῖ
1094 4776 1256 4842 αὐτὸς
1310 4779 1379 4833 τὰ
1440 4779 1879 4855 κακοποιούμενα
1910 4823 1924 4850 ,
1982 4778 2072 4834 καὶ

417 4862 751 4938 συμμερίτας
780 4859 884 4942 ἔχῃ
917 4862 1173 4930 πλείονας
1202 4872 1304 4937 τῆς
1334 4866 1632 4931 κολάσεως.

487 4981 583 5050 νζ’.
634 4981 872 5046 ’Ήθελον
929 4981 1092 5038 εἰσέτι
1149 4982 1326 5040 πλείω
1380 4981 1673 5059 διδάσκειν,
1743 4985 1789 5040 ὦ
1846 4984 2073 5065 ἀδελφοὶ

416 5068 507 5124 καὶ
539 5068 720 5149 φίλοι,
772 5069 890 5125 ἐπεὶ
951 5068 1092 5145 μηδὶ
1138 5074 1315 5144 πάντη
1364 5075 1462 5143 τήν
1503 5072 1642 5149 ἐμὴν
1674 5073 1980 5151 κλεψύδραν
2010 5076 2074 5132 τὸ

414 5162 512 5213 τοῦ
543 5156 726 5233 λέγειν
778 5156 924 5235 ὕδωρ
975 5158 1347 5218 ἐπιλέλοιπεν.
1382 5161 1540 5219 Ἀλλ’
1598 5162 1681 5219 ὅτι
1711 5167 1807 5220 κάν
1855 5165 2073 5229 τούτοις

413 5247 478 5302 τὸ
540 5247 761 5323 μέτριον
822 5256 1249 5326 συγκροτεῖται,
1316 5251 1656 5330 βραχύτατόν
1712 5274 1765 5311 τι
1822 5255 2075 5332 προσθεὶς

420 5337 669 5392 πεπαύσο
678 5359 796 5412 μαι.

492 5472 598 5541 νη’.
656 5473 1104 5550 Μετεχειρήσατο
1159 5473 1404 5531 κόσκινον
1462 5476 1490 5530 ὁ
1547 5475 1681 5540 Θεὸς
1735 5479 1824 5552 (οὐ
1878 5478 2078 5557 μακροί

426 5561 575 5616 οὗτοι
636 5560 915 5639 ἐνιαυτοὶ),
975 5563 1046 5620 δι’
1105 5565 1270 5643 οὗπερ
1326 5566 1511 5639 ἡμᾶς,
1573 5561 1729 5630 ὄντας
1788 5569 1883 5642 μὲν
1939 5571 2077 5648 πρὸς

429 5648 692 5722 αλήθειαν
746 5653 925 5717 σίτους
982 5659 1144 5729 Θεοῦ,
1206 5654 1548 5721 συνιαθέντας
1603 5653 1661 5712 δέ
1713 5661 1794 5731 τῷ
1843 5658 2022 5733 ἐξαιτη
2055 5692 2079 5703 -

430 5737 649 5815 σαμένῴ
692 5743 841 5816 ἡμᾶς
892 5749 1125 5820 Σατανᾷ,
1169 5744 1260 5803 καὶ
1310 5744 1765 5823 συναναμιγέντας
1811 5749 1915 5806 οὐκ
1942 5751 2079 5826 ἁγα-

2181 3265 2329 3322 istos
2350 3266 2706 3323 inhumanos
2737 3272 2866 3322 tum
2897 3266 2970 3322 ab
2997 3265 3155 3323 omni
3207 3263 3443 3335 quidem
3483 3261 3845 3329 Christiano,

2183 3372 2319 3411 cum
2350 3373 2385 3412 a
2413 3357 2585 3413 nobis
2608 3356 2709 3429 qui
2740 3372 2915 3412 carne
2944 3355 3208 3410 humana
3233 3357 3536 3409 vescentes
3567 3366 3847 3406 mansue-

2180 3445 2374 3501 tudini
2406 3462 2537 3518 quaa
2555 3446 2855 3502 hominem
2878 3443 3505 3511 decet,renuntiamus.
3542 3442 3622 3496 Da
3648 3444 3716 3495 ut
3746 3440 3844 3495 in-

2180 3534 2520 3608 telligamus
2550 3535 2739 3591 satius
2768 3550 2899 3591 esse
2923 3535 3165 3590 fratrem
3216 3532 3279 3588 in
3332 3530 3542 3587 mortis
3595 3526 3841 3586 articulo

2182 3625 2468 3694 deserere,
2501 3641 2682 3696 quam
2715 3624 2891 3680 famis
2942 3621 3257 3679 tormentis
3306 3619 3660 3677 excruciare.
3698 3619 3845 3673 Doce

2184 3730 2291 3770 nos
2319 3715 2547 3786 operari
2580 3731 2684 3786 pro
2712 3714 2959 3769 viribus.
2988 3717 3315 3768 Possumus
3345 3714 3545 3766 autem
3605 3706 3686 3763 dii
3716 3707 3843 3762 ﬁeri

2184 3807 2251 3859 ut
2268 3808 2334 3858 tu
2363 3803 2490 3875 ipse
2521 3803 2740 3871 dixisti,
2775 3803 2877 3875 qui
2927 3801 3075 3858 nihil
3118 3804 3327 3858 contra
3378 3798 3683 3855 facultates
3740 3800 3843 3852 aut

2185 3908 2379 3948 mores
2407 3891 2835 3948 instituisti.Ne
2866 3891 3176 3964 permittas
3209 3889 3382 3946 nobis
3414 3886 3841 3944 faceremalum

2185 3981 2860 4054 quodcunque,dsemoni
2880 3981 3163 4050 magistro
3187 3975 3582 4051 perversitatis
3612 3976 3842 4032 obtem~

2184 4070 2463 4137 perando.
2487 4069 2639 4125 Doce
2670 4086 2776 4125 nos
2809 4068 3069 4125 ccelestes
3091 4068 3239 4135 ﬁeri,
3271 4065 3551 4140 quoniam
3602 4068 3668 4120 tu
3715 4065 3843 4136 ipse

2183 4158 2244 4212 in
2275 4157 2487 4213 coelum
2511 4174 2618 4213 nos
2648 4158 2893 4225 vocasti,
2925 4163 2983 4214 et
3003 4159 3257 4213 adventu
3289 4161 3391 4211 tuo
3422 4153 3610 4210 fecisti
3653 4159 3716 4209 ut
3738 4170 3843 4209 nos

2185 4247 2671 4315 ascenderemus;
2705 4246 2807 4317 qui
2839 4250 2894 4301 te
2924 4244 3254 4301 humiliasti
3302 4249 3369 4300 ut
3417 4260 3525 4299 nos
3555 4242 3838 4298 exaltare-

2185 4350 2338 4393 mur.
2370 4335 2452 4391 Ne
2482 4334 2644 4392 sinas
2666 4352 2774 4391 nos
2805 4336 3010 4392 tartari
3055 4333 3280 4391 incolas
3311 4332 3457 4401 ﬁeri,
3491 4332 3553 4388 in
3582 4347 3755 4403 quem
3789 4330 3841 4386 is

2185 4424 2533 4495 quiccelitus
2561 4424 2766 4497 lapsus
2811 4428 2901 4481 est
2931 4441 3039 4480 nos
3061 4423 3342 4497 projicere
3399 4424 3608 4487 tentet,
3652 4435 3840 4492 genus

2185 4513 2492 4570 hominum
2525 4515 2957 4583 destructurus,
2980 4518 3037 4571 et
3065 4513 3167 4586 qui
3199 4511 3353 4571 mala
3382 4508 3736 4584 multiplicat
3774 4512 3841 4565 ut

2183 4620 2250 4660 eo
2277 4602 2450 4677 plura
2488 4604 2771 4661 beneficia
2801 4607 3128 4677 emergant,
3159 4607 3218 4660 et
3246 4607 3313 4659 ut
3343 4617 3411 4659 eo
3436 4600 3635 4675 plures
3693 4599 3836 4657 adu-

2181 4692 2420 4751 lationis
2450 4696 2752 4752 consortes
2781 4694 3015 4752 habeat.

2252 4993 2345 5049 57.
2374 4990 2545 5048 Plura
2575 4991 2767 5047 adhuc
2795 4991 2988 5048 dicere
3014 4991 3074 5047 in
3106 4989 3304 5046 animo
3353 4990 3499 5056 erat,
3556 5002 3589 5042 ο
3627 4986 3838 5042 fratres

2184 5085 2241 5139 et
2270 5082 2467 5149 amici,
2502 5097 2619 5136 non
2650 5080 2808 5136 enim
2865 5083 3104 5152 tempus
3161 5074 3642 5135 sermocinationi
3695 5090 3837 5130 meae

2185 5185 2533 5226 concessum
2567 5168 2811 5225 efﬂuxit.
2834 5168 2947 5224 Sed
2972 5182 3106 5224 cum
3131 5166 3343 5222 modus
3375 5163 3519 5220 mihi
3548 5163 3840 5220 tenendus

2187 5263 2298 5327 est,
2326 5274 2622 5331 perpauca
2650 5258 2919 5314 addendo
2959 5254 3402 5327 ﬁnem‘dicendi
3432 5254 3659 5310 faciam.

2258 5480 2348 5537 58.
2380 5485 2655 5538 Vannum
2684 5486 2858 5552 Deus,
2901 5480 3183 5555 proximis
3210 5478 3427 5551 elapsis
3448 5477 3621 5535 annis
3650 5477 3841 5535 mani-

2190 5569 2433 5644 pulavit,
2465 5588 2583 5644 qua
2639 5589 2769 5645 nos,
2826 5570 3088 5628 veritatis
3135 5570 3207 5626 ad
3256 5569 3443 5625 Deum
3473 5569 3839 5625 frumentum

2192 5661 2375 5717 factos
2405 5664 2463 5716 et
2492 5661 2721 5718 Satanae
2751 5677 2925 5735 opere
2979 5657 3189 5716 semini
3239 5656 3393 5714 malo
3443 5656 3650 5714 mundi
3690 5656 3838 5713 ulte-

2190 5748 2366 5807 rioris
2397 5749 2693 5809 immistos
2726 5751 2880 5813 sicut
2906 5751 3100 5808 bonus
3126 5747 3383 5823 agricola
3411 5747 3840 5820 dijudicavit,et
