4082 6358
313 418 432 476 727

1086 413 1507 476 EUSTATHII
1550 415 2324 479 THESSALONICENSIS
2371 417 2962 481 METROPOLITJE

3621 427 3744 488 728

309 545 606 602 distinctis
637 544 1080 616 distinguendis
1103 562 1210 600 nos
1239 563 1337 602 eos
1392 547 1547 616 fecit,
1582 547 1681 619 qui
1731 564 1962 619 sumus,

2083 547 2198 610 θοῖς
2258 549 2524 624 σπέρμασι
2578 555 2694 612 τοῖς
2754 549 2811 604 ἐκ
2866 555 2967 618 τῆς
3015 548 3302 622 ἀντιπέραν
3344 549 3602 627 ἠπείρου,
3647 555 3738 610 καὶ

311 636 498 690 bonos
529 635 681 690 dico.
716 635 776 689 Id
808 650 946 706 ergo
1008 635 1223 692 studiis
1275 637 1533 692 assiduis
1582 637 1868 693 faciamus
1898 653 1970 692 ne

310 724 447 781 lolio
480 741 545 780 ac
567 724 807 780 zizaniis
843 740 1045 796 agrum
1080 729 1348 780 nostrum
1401 743 1876 798 corrumpamus,
1899 741 1971 781 ne

311 814 790 885 paniﬂcationem
824 813 1186 883 spiritualem
1238 818 1294 870 et
1326 815 1409 870 sic
1459 815 1681 870 bonum
1714 815 1972 871 fermen-

314 907 446 959 tum
477 904 813 976 perdamus.
835 906 1084 973 Operam
1117 904 1326 960 demus
1350 921 1421 960 ne
1438 904 1732 977 reprobati
1773 920 1970 960 coram

308 1009 458 1064 pane
489 993 728 1060 cmlestl,
778 1008 920 1046 neve
971 991 1150 1047 vitulo
1208 994 1475 1066 saginata
1527 993 1773 1066 mystice
1831 1009 1970 1065 pro-

309 1081 495 1137 misso
553 1080 783 1152 indigni
817 1081 1050 1146 ﬁamus,
1096 1098 1198 1136 nec
1258 1084 1330 1137 ad
1380 1083 1678 1138 caminum
1732 1083 1970 1154 igneum

309 1169 708 1239 castigationis
730 1185 867 1241 ergo
899 1171 1381 1239 condemnemur,
1411 1173 1512 1228 sed
1561 1189 1741 1244 panes
1775 1176 1971 1226 matu-

310 1275 410 1314 ros
441 1258 541 1314 Dei
593 1274 659 1314 ac
713 1258 946 1314 Domini
1001 1275 1216 1315 mensae
1272 1261 1675 1333 imponamus,
1727 1265 1792 1315 ut
1846 1260 1967 1314 fru-

307 1351 575 1403 mentum
609 1347 984 1420 simus,quod
1018 1349 1141 1420 ipse
1173 1355 1330 1405 amat
1361 1351 1663 1420 edere,nos
1700 1354 1972 1404 amanter

311 1435 708 1507 complectens
769 1454 872 1508 per
926 1437 1249 1494 bonitatem
1304 1439 1355 1494 ei
1397 1437 1970 1495 consubstantialem

305 1528 442 1579 ante
475 1525 690 1580 secula
721 1529 778 1580 et
807 1526 865 1578 in
884 1525 1084 1580 omnia
1108 1527 1342 1583 saecula.
1368 1531 1573 1583 Amen.

2079 637 2177 704 τὴν
2239 637 2507 712 σπόριμον
2566 637 2892 714 εὐχρηστίαν
2953 638 3356 710 ἀπειπαμένους
3393 685 3407 710 ,
3471 637 3736 717 διέκρινεν

2081 725 2281 798 ἀγαθοῦ
2335 731 2580 803 γεωργοῦ
2638 724 2817 797 δίκην,
2875 726 2965 780 καὶ
3017 726 3084 781 τὰ
3131 728 3509 803 συγκεχυμένα
3565 730 3741 803 εὔκρι-

2079 815 2244 884 νήσας
2272 814 2721 885 ἀπεκατέστησεν,
2757 815 2832 878 εἷς
2887 816 3018 891 ὅπερ
3050 816 3213 888 ἦμεν.
3253 816 3356 872 Καὶ
3390 814 3538 888 ἰδοὺ,
3572 819 3732 893 ἐσμὲν

2081 901 2131 956 ἐν
2161 901 2379 966 καλοῖς.
2436 905 2765 978 Σπεύσωμεν
2817 902 2908 958 οὖν
2960 901 3030 958 δι’
3078 902 3380 974 ἐντεύξεων,
3439 909 3515 980 μὴ
3567 909 3734 964 πάλιν

2080 989 2256 1065 α’ίραις
2309 993 2398 1047 καὶ
2450 993 2708 1063 ζιζανίοις
2737 992 2946 1069 φύρδην
2997 993 3412 1069 ἀναχρωσθῆναι
3451 1039 3465 1065 ,
3527 995 3599 1052 δι’
3660 1001 3733 1055 ὧν

2080 1081 2460 1156 ἀχρειώσομεν
2508 1084 2606 1151 τήν
2659 1083 2796 1137 κατὰ
2841 1086 3053 1154 πνεῦμα
3103 1081 3430 1157 σιτοποιΐαν,
3482 1085 3572 1140 καὶ
3631 1089 3734 1158 τὴν

2081 1169 2382 1226 ἀκόλουθον
2448 1171 2646 1244 ζύμην,
2679 1171 2770 1226 καὶ
2825 1171 2886 1226 τὸ
2948 1170 3030 1225 ἐπ’
3084 1170 3222 1246 αὐτῇ
3278 1171 3447 1228 καλὸν
3492 1174 3729 1252 φύραμα.

2081 1259 2659 1334 ΙΙραγματευσώμεθα,
2712 1261 2788 1332 μή
2836 1260 2925 1313 καὶ
2975 1257 3156 1322 ἄθετοι
3213 1265 3293 1332 τῷ
3352 1262 3586 1337 οὐρανίῳ
3638 1262 3726 1340 ἄρα

2076 1370 2157 1419 τῳ
2205 1348 2510 1422 γενώμεθα,
2558 1348 2648 1401 καὶ
2696 1345 2822 1401 οὐδὲ
2876 1352 2973 1402 τοῦ
3034 1353 3310 1421 μυστικῶς
3370 1347 3722 1423 ἐλπιζομένου

2080 1441 2321 1490 σιτευτοῦ
2356 1435 2570 1511 μόσχου
2621 1437 2766 1509 ὦμεν
2821 1434 2978 1506 ἄξιοι,
3017 1434 3156 1509 μηδέ
3205 1432 3453 1511 κλιϐάνῳ
3481 1439 3730 1495 κολαστι-

2077 1529 2176 1579 κοῦ
2207 1526 2378 1601 πυρὸς
2421 1522 2932 1600 ἀποκληρωϐῶμεν,
2981 1525 3096 1579 ἀνθ’
3146 1524 3220 1580 ὧν
3272 1525 3460 1590 ἄλλως
3501 1525 3607 1583 ἔδει
3637 1550 3735 1584 κα-

303 1612 511 1687 πυροὺς
546 1610 742 1687 ἅρτους
786 1617 855 1686 τῇ
886 1618 982 1668 τοῦ
1041 1615 1313 1670 Δεσπὸτου
1373 1621 1506 1671 Θεοῦ
1559 1617 1992 1690 προσενεχθῆναι
2049 1616 2307 1689 τραπέζῃ,
2367 1615 2455 1669 καὶ
2509 1617 2748 1688 γενέσθαι
2807 1615 2884 1677 εἷς
2945 1617 3168 1690 βρῶσιν,
3231 1619 3297 1687 ἣν
3357 1617 3522 1681 αὐτὸς
3584 1617 3737 1697 φιλεῖ

303 1702 720 1780 προσφέρεσθαι,
754 1702 1125 1776 οἰκειούμενος
1155 1707 1303 1778 ἡμᾶς
1332 1703 1730 1781 φιλανθρώπως
1764 1702 1834 1759 δι’
1866 1703 2173 1780 ἀγαθότητα
2203 1705 2647 1778 συνουσιωμένην
2682 1706 2831 1777 αὐτῷ
2859 1705 2965 1779 πρὸ
3008 1705 3222 1761 αἰώνων
3272 1707 3363 1761 καὶ
3413 1707 3488 1771 εἷς
3529 1707 3734 1764 πάντας

311 1791 531 1855 αἱῶνας.
562 1794 761 1867 Ἀμήν.
