4082 6390
394 600 3813 635 mm

391 441 514 500 729
1406 444 1509 504 DE
1553 443 2044 504 EMENDANDA
2090 444 2270 504 VITA
2321 443 2800 505 MONACHlCA.
3695 443 3814 504 730

1741 819 1781 864 Ἴ

2405 923 2436 966 L

1675 813 2532 974 EJUSDEM

1059 1106 1205 1190 DE
1265 1107 1945 1195 EMENDANDA
2006 1107 2285 1196 VI'PA
2349 1106 3046 1196 MONACHICA.

379 1496 485 1574 Τοῦ
605 1494 772 1574 αύτοῦ
881 1496 1178 1552 Εὐσταθίου
1235 1567 1248 1574 _
1295 1498 1691 1574 Θεσσαλονίκης
1798 1499 2036 1574 έπίσκετ

2156 1503 2413 1574 Ejusdem
2464 1505 2758 1558 Eustathii
2808 1505 3294 1560 Thessalonicensis
3323 1507 3457 1561 vitae
3485 1505 3807 1559 monasticae

455 1568 585 1656 ψξςΙ
639 1565 761 1641 βίου
851 1573 1154 1644 μοναχικοῦ
1231 1567 1318 1624 ἐπὶ
1391 1565 1675 1647 διορθώσει
1745 1576 1853 1627 τῶν
1914 1571 2038 1644 περὶ

458 1657 618 1690 αυτον
631 1679 643 1693 .

456 1761 521 1816 α’.
555 1761 618 1813 Ὦ
681 1755 923 1836 ἀκριϐεῖς
985 1763 1259 1839 μοναχοί’
1319 1767 1362 1819 ὦ
1420 1763 1645 1835 ἀληθεῖς
1705 1771 1989 1842 Ναζιραῖοι
2027 1785 2039 1799 ·

280 1862 282 1864 ’
386 1849 431 1902 ὦ
463 1849 836 1924 ἀναχωρηταί·
876 1852 920 1904 ὦ
963 1853 1060 1920 τήν
1109 1847 1316 1926 τύρϐην
1365 1855 1456 1927 μὲν
1509 1854 1762 1917 λιπόντες
1811 1856 1898 1910 καὶ
1949 1855 2042 1910 τὸν

384 1938 521 1992 κατᾶ
571 1939 689 2012 βίον
743 1941 948 2014 ἀγῶνα,
1001 1945 1100 2006 τῆς
1149 1946 1348 2018 γωνίας
1400 1940 1456 1998 δὲ
1499 1941 1587 1998 διὰ
1631 1945 1724 2000 τὸν
1773 1945 1902 1999 Θεὸν
1955 1966 2044 2020 γε⁴

382 2026 606 2099 νόμενοι
641 2045 654 2058 ·
715 2029 806 2082 καὶ
865 2028 1076 2102 κόσμου
1145 2030 1238 2103 μὲν
1298 2030 1744 2101 ἀπαναστάντες,
1805 2037 1921 2106 Θεῷ
1989 2030 2046 2087 δὲ

383 2118 905 2192 προσχωρήσαντες,
955 2119 1046 2174 καὶ
1093 2123 1162 2193 τῇ
1212 2122 1525 2193 καταμόνας
1580 2121 1787 2198 ἡσυχίᾳ
1823 2121 2043 2198 πράξεσι

379 2205 694 2282 θεαρέστοις
754 2207 1220 2283 ἐγγυμνασάμενοι
1280 2211 1416 2285 πρὸς
1475 2208 1769 2284 ἐντέλειαν,
1827 2213 1918 2266 καὶ
1974 2215 2043 2286 τῇ

384 2293 588 2369 θεωρίᾳ
617 2291 970 2360 ἐπαναϐάντες
1019 2297 1095 2360 εἷς
1144 2299 1206 2353 τὸ
1261 2299 1518 2375 ἀγχίθεον
1571 2300 1660 2354 καὶ
1693 2300 1866 2363 οὕτως
1901 2300 2046 2376 ἰσάγ-

381 2383 572 2459 γελον·
607 2385 695 2439 καὶ
747 2388 844 2456 τήν
897 2387 992 2460 μὲν
1032 2386 1180 2443 κάτω
1226 2385 1475 2443 δουλείαν
1527 2389 1906 2462 ἀπειπάμενοι,
1955 2391 2046 2444 καὶ

383 2476 476 2528 τὸν
531 2479 632 2543 τῆς
681 2475 873 2537 κακίας
925 2474 1098 2538 οὕτως
1149 2473 1392 2552 ἄρχοντα
1448 2475 1826 2556 διεκφυγόντες
1885 2477 2046 2534 εὐλο-

383 2561 547 2636 γητοὶ
608 2560 892 2639 δραπέται,
935 2570 1017 2638 τῷ
1076 2563 1135 2620 δὲ
1187 2563 1358 2628 ὅντως
1410 2566 1748 2641 ἐλευθερωτῇ
1806 2568 2046 2643 Δεσπότῃ

384 2649 876 2727 προσδραμόντες,
935 2654 1025 2709 καὶ
1104 2659 1211 2710 τῶν
1289 2654 1501 2731 γηΐνων
1555 2655 1923 2732 ἀλλαξάμενοι
1978 2658 2048 2713 τὰ

388 2740 634 2817 ούράνιω
669 2743 713 2796 ὧ
762 2744 944 2798 τοίνυν
994 2744 1150 2816 ὑμεῖς
1204 2743 1346 2799 ὅσιοι
1394 2750 1473 2817 τῷ
1514 2750 1650 2818 Θεῷ,
1681 2746 1772 2801 καὶ
1803 2749 1920 2802 ἀντὶ
1949 2768 2046 2802 κο-

386 2828 744 2902 σμοπολιτῶν
802 2830 1266 2907 ούρανοπολῖται,
1312 2833 1564 2890 ἀκούοιτέ
1623 2856 1728 2908 μου
1776 2836 2042 2909 εὐμενῶς,
2075 2873 2123 2939 Β

503 2930 522 2939 Α
611 2921 622 2939 1
785 2918 805 2939 ‘
859 2921 930 2939 λι.
1166 2921 1180 2939 \
1339 2921 1352 2939 \
1459 2922 1472 2939 Ἰ
1618 2930 1642 2939 υ
1799 2926 1844 2939 Α.
1904 2928 1917 2939 ρ
1981 2931 2007 2939 ρ.

384 2921 726 2994 προθεμένου
785 2918 1023 2992 λαλῆσαι
1081 2921 1220 2998 πρὸς
1271 2921 1400 2986 τοὺς
1455 2922 1507 2978 ἐν
1551 2930 1670 2986 τοῖς
1726 2926 1844 2979 καθ’
1893 2928 2042 2999 ἡμᾶς

387 3008 685 3082 ἀνομοίους
714 3013 782 3085 τῇ
836 3010 886 3064 ἂν
940 3012 1066 3085 ὑμῖν
1116 3010 1391 3084 πολιτείᾳ,
1426 3013 1514 3067 καὶ
1558 3012 1809 3090 ἐγκράξαι
1856 3013 2042 3076 αὐτοῖς

385 3097 881 3173 ἀποπλανωμένοις
929 3107 1030 3170 τῆς
1085 3096 1392 3176 τρίϐου,ἣν
1457 3103 1611 3175 ὑμεῖς
1667 3100 1894 3167 ε’ίλεσθεο
1953 3102 2043 3158 καί

390 3207 483 3261 μοι
551 3187 846 3262 συνάρασθε
900 3195 1001 3259 τῆς
1059 3189 1388 3265 προθέσεως,
1440 3189 1492 3246 εἷ’
1524 3211 1642 3254 πως
1697 3194 2040 3266 βελτιωθεῖεν

385 3279 495 3331 τῶν
525 3298 664 3340 τινες
695 3279 819 3352 περὶ
851 3277 970 3352 ἐμὲ,
1004 3281 1089 3341 οἷς
1137 3277 1265 3335 οὐδὲ
1303 3279 1692 3355 ἀποκρύψομαι
1741 3278 1906 3352 τήνδε
1939 3282 2040 3350 τὴν

387 3363 607 3435 λαλιὰν,
658 3364 784 3422 ἀλλ’
826 3367 903 3430 εἷς
951 3367 1184 3442 ἐμφανὲς
1231 3367 1576 3441 ἀναμνήσας,
1624 3369 1660 3438 ἢ
1708 3367 2041 3425 ἀνακαλέσο-

391 3474 487 3527 μαι
517 3455 617 3525 τῆς
644 3450 989 3528 ἀϐελτερίας,
1018 3457 1053 3526 ἢ
1087 3455 1235 3513 ἀλλὰ
1278 3458 1340 3512 τὸ
1388 3461 1516 3534 γοῦν
1569 3456 1700 3532 ἐμὸν
1731 3458 2042 3530 ἀποπλήσω

385 3543 576 3620 χρέος,
632 3545 723 3599 καὶ
773 3545 1013 3622 ἐλέγξω,
1067 3546 1157 3601 καὶ
1217 3545 1622 3620 ἀνεπιτιμήτως
1678 3548 2042 3623 παρακαλέσω

391 3633 671 3709 (ἐπιτιμᾷν
700 3634 802 3713 γὰρ
851 3635 1036 3699 αὐτοῖς
1084 3635 1183 3692 ούκ
1212 3635 1400 3712 ἔστιν),
1436 3638 1510 3700 ὡς
1541 3635 1669 3694 οὐδὲ
1696 3644 1813 3702 τοῖς
1844 3639 2042 3713 πλημ-

392 3721 578 3797 μελῶς
633 3723 975 3801 πεπληγόσιν
1027 3726 1103 3787 εἷς
1176 3725 1340 3801 βάθος
1399 3725 1690 3782 ἐπισπάσαι
1751 3727 1898 3803 ῥίζας
1957 3750 2044 3783 πι-

383 3814 542 3887 κρὰς,
584 3812 620 3883 ἢ
673 3811 870 3890 δριμέα
914 3812 1264 3890 προσπλάσαι
1317 3816 1574 3892 φάρμακα
1607 3837 1620 3852 ο
1655 3816 1745 3872 καὶ
1770 3817 1907 3882 τέως
1935 3817 2039 3894 πρό

381 3921 442 3976 γε
485 3906 596 3957 τῶν
647 3902 835 3958 ἄλλων
884 3907 1108 3978 μνήμην
1167 3904 1357 3968 αὐτοῖς
1414 3905 1742 3962 ἀνακαινίσω
1788 3912 1884 3963 τοῦ
1915 3926 2042 3962 σκο-

380 3994 511 4065 ποῦ,
559 3993 676 4047 καθ’
721 3992 780 4048 ’ὸν
830 3992 1156 4065 ἀπελίξαντο
1205 3995 1304 4064 τήν
1352 3997 1552 4065 λαϊκὴν
1600 3998 1913 4067 κοινότητα,
1949 3997 2040 4051 καὶ

381 4081 444 4134 τὸ
504 4079 646 4136 οὕτω
693 4083 959 4157 κοσμικὸν
1010 4077 1308 4138 κοινόϐιον·
1359 4085 1449 4138 καὶ
1503 4084 1579 4145 είς
1625 4085 1922 4158 ἐνθύμησιν
1983 4083 2041 4140 δὶ

383 4169 698 4244 ἀνακομίσω
751 4175 860 4227 τῶν
919 4171 1291 4248 ὑποσχέσεων,
1350 4171 1411 4234 ἃς
1468 4177 1565 4227 τοῦ
1616 4171 1867 4248 δευτέρου
1919 4173 2039 4250 βίου

2224 1575 2595 1630 consideratio
2669 1578 2742 1630 ad
2820 1577 3252 1633 emendationem
3327 1593 3514 1633 eorum
3589 1576 3684 1647 qui
3751 1577 3807 1630 ei

2224 1662 2422 1702 nomen
2453 1647 2738 1704 dederunt.

2227 1770 2278 1824 1.
2313 1770 2356 1825 Ο
2388 1771 2612 1826 strenui
2645 1772 2937 1840 monachi,
2970 1789 3002 1828 ο
3033 1772 3147 1828 veri
3198 1770 3459 1837 Nazireei,
3491 1787 3522 1826 ο
3555 1771 3806 1826 anacho-

2154 1859 2328 1914 retaa!
2359 1877 2463 1916 vos
2495 1861 2593 1932 qui
2629 1863 2836 1916 mundi
2890 1866 2948 1918 et
2975 1861 3106 1916 vitae
3139 1859 3358 1916 relictis
3389 1860 3570 1929 curis,
3603 1858 3808 1931 anguli

2152 1964 2289 2003 vero
2337 1958 2574 2022 propter
2616 1955 2808 2006 Deum
2841 1950 3222 2017 habitatores,
3257 1966 3287 2005 e
3317 1950 3538 2005 mundo
3570 1948 3810 2020 quidem

2155 2038 2500 2105 recessistis,
2544 2039 2660 2094 Deo
2709 2054 2844 2093 vero
2893 2039 3454 2111 apprOpinquantes,
3505 2037 3567 2091 in
3607 2035 3809 2091 solita-

2155 2125 2241 2180 ria
2269 2126 2700 2198 tranquillitate
2759 2127 3035 2198 operibus
3087 2131 3198 2182 Deo
3228 2125 3410 2197 gratis
3439 2141 3542 2180 vos
3571 2124 3641 2178 ad
3675 2139 3807 2194 per-

2155 2214 2465 2271 fectionem
2497 2221 2851 2283 exercentes,
2876 2221 2934 2271 et
2955 2213 3448 2286 contemplatione
3479 2213 3549 2268 ad
3581 2210 3808 2267 cultum

2157 2301 2280 2356 Deo
2313 2302 2643 2373 propiorem
2690 2307 2747 2358 et
2795 2302 2880 2358 sic
2909 2301 3135 2374 angelis
3166 2317 3365 2374 parem
3397 2301 3806 2367 ascendentes,

2154 2394 2430 2446 terrestre
2489 2391 2724 2462 quidem
2785 2392 3089 2447 servitium
3121 2395 3456 2457 renuentes,
3480 2395 3536 2444 et
3565 2387 3805 2444 malitias

2155 2478 2240 2532 sic
2271 2479 2598 2551 principem
2628 2479 3238 2552 fugientes,benedicti
3269 2478 3588 2550 transfugae
3620 2477 3691 2532 ad
3715 2493 3808 2531 ve-

2156 2583 2286 2622 rum
2318 2567 2691 2624 liberatorem
2730 2568 3047 2624 Dominum
3076 2573 3381 2624 currentes
3409 2572 3467 2622 et
3506 2565 3807 2622 terrestria

2155 2656 2495 2714 omlestihus
2526 2657 2944 2725 immutantes;
2980 2674 3012 2713 ο
3039 2675 3144 2713 vos
3181 2656 3403 2729 igitur’
3447 2661 3560 2712 Deo
3591 2653 3808 2711 sacrati

2155 2749 2212 2800 et
2243 2746 2558 2802 mundanas
2588 2745 2972 2802 habitationis
3002 2745 3128 2802 loco
3158 2745 3394 2813 caelites,
3427 2744 3680 2816 benigne
3710 2758 3806 2798 me

2155 2834 2372 2902 audite,
2398 2834 2498 2906 qui
2547 2835 2619 2889 ad
2669 2834 2990 2891 dissimiles
3019 2835 3172 2890 inter
3201 2851 3309 2890 nos
3337 2834 3409 2890 ab
3437 2832 3805 2888 ordinatione

2152 2922 2516 2994 vestraloqui
2535 2927 2881 2996 prepono,et
2901 2924 3062 2996 ipsos
3080 2940 3370 2996 argueres
3390 2921 3603 2979 semita
3624 2937 3802 2993 quam

2151 3027 2254 3068 vos
2310 3012 2570 3084 elegistis
2626 3013 2962 3070 deviantes:
3021 3018 3078 3068 et
3135 3013 3430 3085 proposito
3488 3027 3617 3067 meo
3663 3027 3804 3068 con-

2154 3102 2370 3158 formes
2423 3102 2574 3169 sitis,
2635 3103 2688 3159 si
2735 3104 2879 3159 forte
2911 3102 3182 3159 meliores
3229 3102 3519 3158 evaserint
3562 3099 3804 3172 quidam

2155 3192 2225 3246 de
2254 3190 2347 3247 his
2371 3191 2470 3262 qui
2503 3196 2696 3263 partes
2731 3208 2889 3247 meas
2911 3196 3112 3247 tenent
3138 3210 3150 3260 ;
3185 3195 3240 3246 et
3269 3191 3486 3263 quibus
3507 3190 3616 3246 hoc
3633 3187 3806 3245 collo-
3887 3225 3890 3227 -

2154 3280 2360 3351 quium
2420 3297 2537 3336 non
2595 3281 2816 3349 celabo,
2852 3281 2952 3336 sed
3011 3281 3070 3335 in
3117 3281 3308 3336 lucem
3343 3280 3672 3350 producens
3703 3281 3806 3333 aut

2154 3370 2226 3425 ab
2259 3369 2599 3442 insipientia
2652 3371 2934 3426 revocabo
2964 3375 3067 3425 aut
3087 3370 3254 3425 aliter
3283 3367 3474 3425 ofﬁcio
3508 3383 3636 3422 meo
3667 3383 3804 3438 per-

2154 3459 2368 3529 fungar
2398 3464 2454 3515 et
2512 3475 2757 3531 arguam
2790 3464 2848 3515 et
2888 3457 3480 3530 irreprehensibiliter
3509 3455 3805 3512 advocabo

2155 3535 2606 3618 (reprehendere
2665 3547 2822 3602 enim
2865 3546 2998 3602 illos
3037 3563 3152 3602 non
3185 3545 3341 3617 licet)
3374 3549 3654 3616 tanquam
3687 3560 3803 3598 non

2153 3636 2235 3692 sit
2283 3636 2693 3692 convenienter
2720 3636 2834 3692 alte
2862 3653 3278 3708 percussorum
3309 3634 3536 3690 radices
3570 3650 3804 3689 amaras

2152 3725 2492 3794 extraxise,
2539 3729 2640 3781 aut
2689 3725 2897 3782 acerba
2955 3725 3383 3780 medicamenta
3430 3722 3802 3789 confecisse;

2152 3819 2210 3871 et
2233 3820 2374 3872 tunc
2404 3819 2536 3871 ante
2585 3816 2700 3871 alia
2739 3816 3083 3872 memoriam
3139 3813 3286 3886 ipsis
3333 3813 3610 3868 reducam
3643 3810 3804 3883 accpi

2151 3910 2390 3978 propter
2419 3921 2593 3976 quem
2625 3904 2841 3960 laicum
2901 3903 3342 3972 commercium,
3371 3907 3430 3958 et
3468 3901 3602 3957 licet
3628 3917 3806 3955 mun-

2151 3995 2364 4050 danam
2400 4011 2774 4050 communem
2807 3993 2984 4050 vitam
3013 3993 3353 4064 elegerunt;
3387 3996 3444 4048 et
3482 3992 3541 4046 in
3575 3989 3804 4046 deside-

2151 4081 2306 4136 rium
2338 4080 2605 4136 invehan:
2672 4081 3134 4151 promissionum
3181 4096 3332 4151 quas
3368 4078 3638 4134 secundes
3670 4079 3800 4133 vitm

2151 4175 2286 4226 ante
2318 4173 2551 4242 tempus
2582 4169 2876 4226 solverant
2929 4186 3126 4225 coram
3159 4169 3535 4225 sanctissimo
3573 4184 3804 4239 praepo-

388 4255 857 4332 προκατεϐάλοντο
911 4261 993 4316 ἐπ’
1041 4261 1208 4317 αὐτοῦ
1265 4262 1573 4336 ἁγιωτάτου
1622 4261 1868 4339 ἀρχείου,
1919 4259 2040 4327 ἔνθα

2156 4260 2398 4315 sitorum
2431 4264 2604 4328 coetu,
2638 4259 2738 4315 ubi
2798 4258 2919 4332 regi
2977 4259 3234 4314 maximo
3265 4263 3380 4314 Deo
3420 4273 3555 4313 cum
3587 4272 3799 4313 convo-

389 4346 604 4422 βασιλεῖ
659 4348 896 4428 μεγίστῳ
953 4354 1032 4426 τῷ
1083 4355 1200 4425 Θεῷ
1258 4351 1346 4407 ἐπὶ
1399 4349 1715 4428 συγκλήτου
1766 4355 1866 4422 τῆς
1920 4353 2038 4408 κατ’

383 4435 540 4494 αὐτὸν
575 4438 824 4511 ἐτάξαντο
835 4482 846 4496 .

451 4527 519 4602 β’.
570 4527 786 4585 Τούτων
848 4525 907 4584 δὲ
955 4523 1427 4606 προϐεϐλημένων
1465 4574 1480 4602 ,
1532 4537 1633 4601 τῆς
1687 4532 1991 4609 προθέσεως
2023 4578 2038 4603 ,

378 4612 548 4693 λέγω,
578 4618 639 4688 ἣν
695 4619 941 4682 ἑκάστοις
974 4619 1002 4674 ὁ
1034 4624 1165 4684 νοῦς
1221 4617 1482 4692 ὠδίνησε,
1531 4619 1619 4676 καί
1665 4628 1766 4692 τῆς
1798 4621 2037 4696 ὑποσχέ-

382 4724 538 4779 σεως,
582 4707 645 4777 ἣν
696 4708 968 4784 ἀπέτεκεν,
1015 4708 1252 4788 ἐκφήνας
1305 4709 1468 4773 αὐτὰς
1516 4710 1593 4773 εἷς
1641 4715 1845 4788 γνῶσιν
1903 4709 2042 4765 ἐνώ-

379 4815 506 4851 πιον
565 4797 909 4873 ἀνθρώπων,
971 4797 1065 4863 οὓς
1116 4799 1144 4853 ὁ
1202 4799 1396 4864 καθένα
1449 4797 1676 4877 ἤθροισε
1731 4802 2037 4876 πανηγυρί-

380 4905 571 4948 σοντας
627 4885 715 4941 ἐπὶ
773 4891 842 4962 τῇ
903 4887 1068 4943 αὐτοῦ
1128 4888 1395 4964 σωτηρίᾳ,
1454 4891 1545 4944 καὶ
1593 4889 1700 4964 πρό
1745 4911 1807 4966 γε
1861 4889 2036 4946 αύτῶν

376 4973 464 5030 ἐπὶ
516 4979 676 5046 Θεοῦ,
725 4976 816 5032 καὶ
866 4981 970 5032 τῶν
1021 4976 1184 5032 αὐτοῦ
1233 4978 1503 5054 ἀγγέλων,
1536 4977 1651 5033 εἶτα
1691 4979 2038 5055 προενέγκω-

382 5085 478 5137 μαι
511 5065 589 5122 εἷς
626 5064 832 5131 ἔκθεσιν
888 5067 988 5122 ούκ
1031 5060 1529 5146 ἀμφιϐαλλομένην
1585 5067 1676 5122 καὶ
1722 5066 1849 5130 τοὺς
1885 5067 2037 5144 βίους

375 5153 465 5210 καὶ
523 5155 618 5218 τὰς
667 5154 975 5227 πολιτείας,
1031 5157 1106 5211 ὧν
1161 5157 1403 5232 γίνονται
1457 5158 1509 5213 οἱ
1554 5154 1766 5213 ἐνδατοὶ
1803 5157 2037 5234 μοναχοὶ

380 5247 516 5318 μετά
541 5247 642 5317 τὴν
687 5244 784 5302 τοῦ
829 5246 1040 5320 κόσμου
1069 5244 1419 5322 ἀπαλλαγήν·
1453 5248 1528 5310 ὡς
1559 5245 1644 5317 ἂν,
1678 5245 1726 5301 εἷ’
1769 5247 1863 5319 μὲν
1896 5245 2040 5302 καλὰ

376 5338 622 5406 ποιοῦσι,
679 5337 770 5391 καὶ
831 5337 982 5410 ὑμῶν
1035 5339 1141 5390 τῶν
1199 5336 1366 5412 ἁγίων
1427 5337 1566 5410 ἄξια,
1628 5336 1764 5412 πρὸς
1813 5334 1907 5398 οὓς
1961 5336 2037 5399 ὡς

373 5422 658 5502 ἀρχέτυπα
707 5431 823 5490 θεῖα
872 5429 1167 5481 τυποῦνται
1216 5424 1307 5480 καὶ
1353 5427 1672 5504 γράφονται,
1719 5425 1859 5490 καθᾶ
1902 5424 2039 5499 πέμ-

373 5534 538 5570 πουσι
602 5513 850 5587 δόκησιν,
908 5514 1316 5590 ἐπευλογήσητε
1373 5515 1592 5587 αὐτοὺς,
1649 5515 1740 5571 καὶ
1786 5515 1856 5570 τὰ
1909 5511 2040 5591 ἔργα

371 5608 481 5659 τῶν
533 5609 740 5681 χειρῶν
790 5605 967 5662 αὐτῶν
1016 5606 1384 5661 κατευθυνεῖτε
1416 5647 1431 5675 ,
1481 5603 1776 5680 ψαλμικῶς
1837 5604 2031 5673 εἷπεῖν,

375 5691 459 5748 ἐπ’
503 5693 720 5757 αὐτούς.
776 5695 841 5752 Εἰ
901 5693 959 5751 δὲ
1016 5695 1090 5758 ὠς
1150 5692 1530 5769 Ξκλαθόμενοι,
1579 5693 1662 5752 ὅτι
1717 5693 2031 5771 μονάζουσι,

375 5783 551 5838 πάντα
593 5780 772 5840 τᾶλλα
814 5788 1082 5857 ποιοῦσιν,
1135 5782 1278 5864 ἤπερ
1321 5784 1384 5841 τὸ
1434 5785 1712 5862 προτεθὲν,
1742 5785 1778 5858 ἢ
1815 5784 2030 5842 οἰκονο-

2148 4355 2276 4406 cato
2307 4353 2456 4405 coetu
2482 4348 2580 4421 qui
2615 4348 2714 4405 Dei
2743 4351 2831 4404 est
2854 4349 3106 4405 ordinati
3136 4353 3296 4403 sunt.

2218 4530 2272 4584 2.
2305 4526 2407 4583 His
2454 4525 2798 4599 praemissis,
2833 4525 3135 4599 propositi,
3169 4523 3320 4597 dico,
3354 4525 3511 4596 quod
3543 4521 3796 4596 singulis

2149 4632 2316 4673 mens
2373 4616 2702 4689 parturivit,
2759 4621 2815 4672 et
2870 4613 3285 4687 promissionis
3343 4630 3522 4687 quam
3575 4611 3801 4686 peperit

2147 4705 2279 4762 illas
2337 4705 2398 4762 in
2453 4705 2841 4778 cognitionem
2901 4705 3180 4761 emittens
3219 4720 3414 4760 coram
3456 4701 3798 4759 hominibus

2147 4813 2296 4869 quos
2327 4795 2502 4852 unius
2530 4813 2693 4853 more
2722 4795 3096 4868 congregavit
3152 4795 3367 4850 festum
3416 4795 3657 4864 agentes
3695 4807 3799 4864 pro

2149 4885 2364 4942 mentis
2420 4885 2690 4955 ejusdem
2721 4884 2931 4952 salute,
2963 4889 3021 4940 et
3069 4886 3202 4939 ante
3231 4882 3430 4938 omnia
3463 4897 3566 4953 pro
3597 4885 3711 4935 Deo
3743 4884 3801 4935 et

2149 4975 2378 5048 angelis
2436 4975 2586 5044 ejus,
2646 4973 2855 5030 deinde
2912 4974 2972 5028 in
3031 4971 3504 5044 explanationem
3573 4969 3799 5024 adduco

2147 5064 2395 5120 minime
2454 5063 2696 5119 dubiam
2774 5066 2832 5119 et
2889 5062 3037 5118 vitas
3115 5065 3172 5116 et
3237 5058 3475 5133 regendi
3540 5057 3800 5114 rationes

2148 5161 2401 5226 quarum
2431 5151 2748 5225 participes
2779 5151 2930 5207 fiunt
2958 5151 3245 5223 indigenae
3272 5147 3540 5206 monachi
3567 5149 3700 5219 post
3715 5163 3804 5202 se-

2147 5242 2511 5316 parationem
2535 5260 2569 5298 a
2601 5241 2820 5298 mundo
2849 5266 2862 5309 ;
2903 5241 2984 5296 ita
3017 5243 3079 5296 ut
3112 5239 3163 5296 si
3191 5240 3432 5311 quidem
3465 5238 3619 5292 bona
3657 5252 3800 5308 ope-

2147 5338 2354 5390 rantur
2378 5335 2433 5387 et
2464 5331 2638 5388 vestri
2670 5333 3016 5386 sanctorum
3073 5330 3254 5402 digna
3297 5345 3401 5401 pro
3444 5326 3660 5399 quibus
3705 5343 3798 5381 ar-

2147 5423 2394 5495 chetypa
2424 5421 2621 5476 divina
2670 5419 3084 5491 insculpantur
3115 5425 3215 5476 aut
3255 5418 3613 5484 scribantur,
3646 5413 3802 5471 sicut

2147 5514 2429 5570 emittunt
2474 5509 2996 5582 exspectationem,
3028 5524 3128 5566 eos
3181 5507 3508 5564 benedicite
3538 5509 3594 5562 et
3623 5521 3802 5578 opera

2147 5618 2433 5660 manuum
2465 5616 2671 5656 eorum
2728 5599 2964 5673 dirigite
3021 5616 3200 5671 super
3255 5614 3375 5668 eos,
3407 5601 3474 5653 ut
3521 5596 3600 5652 ait
3631 5595 3799 5654 Psal-

2141 5692 2335 5750 mista.
2358 5691 2420 5747 Si
2449 5705 2583 5746 vero
2633 5693 2918 5762 tanquam
2949 5688 3116 5746 obliti
3147 5688 3304 5762 quod
3337 5685 3609 5745 monachi
3637 5689 3798 5753 sunt,

2145 5781 2346 5838 omnia
2374 5777 2490 5835 alia
2518 5778 2744 5834 faciunt
2795 5776 2949 5835 sicut
2995 5777 3366 5851 propositum
3398 5781 3510 5850 est,
3541 5778 3644 5832 aut
3673 5774 3797 5830 dis-
