4082 6372
362 414 470 471 731

1142 412 1561 474 EUSTATHII
1605 406 2380 471 THESSALONICENSIS
2427 405 3011 470 METROPOLITIE

3668 411 3791 472 732

368 547 613 615 pensata
642 544 1061 600 correctionem
1096 560 1223 616 quae
1265 543 1411 616 ipsis
1442 542 1741 614 competit,
1775 541 2006 598 abolen-

2133 560 2346 612 μησητε
2401 536 2690 614 διορθωσιν
2750 539 2850 608 τὴν
2903 538 2986 594 ἐπ’
3045 537 3263 610 αὑτοῖς,
3323 558 3787 616 καταργησαντες,

364 636 453 688 tes
485 650 610 705 quae
666 633 889 705 operati
950 638 1090 688 sunt
1123 651 1136 688 :
1167 638 1268 688 aut
1298 632 1441 688 alias
1473 650 1575 704 pro
1608 632 1779 687 nobis
1809 648 2015 703 opera-

366 722 508 777 mini
541 739 642 795 pro
674 722 790 778 Deo
849 723 1137 795 legatione
1189 723 1518 793 fungentes,
1552 721 1759 776 animis
1792 719 2017 776 sereni-

361 815 566 879 tatem,
602 812 739 883 quia
771 828 924 867 nunc
956 828 1069 865 non
1102 810 1157 864 in
1195 811 1422 866 malitia
1452 811 2013 880 stetimus,quorum

359 901 673 973 perniciosi
696 899 1273 973 agitantventi,sicut
1294 900 1906 969 videmus,salutarom
1934 897 2014 954 si-

360 990 636 1061 num,qui
656 989 819 1045 solus
842 989 925 1045 eis
947 989 1042 1059 qui
1065 1006 1095 1044 e
1117 990 1245 1044 vitai
1270 990 1417 1045 mari
1434 988 1741 1061 appellunt
1759 988 1830 1043 ad
1853 1004 2016 1043 secu-

360 1096 455 1134 ros
480 1083 705 1149 portus,
738 1077 977 1133 brachia
1025 1078 1295 1146 offerens,
1329 1076 1612 1134 salutaria
1644 1076 1938 1150 proponit.

428 1186 481 1239 3.
527 1187 728 1256 Itaque
776 1201 810 1239 a
866 1200 1135 1241 sermone
1193 1190 1391 1241 nostro
1452 1185 1798 1256 projiciatur
1855 1183 2012 1255 quod

358 1278 795 1346 proposuerunt
853 1275 1089 1345 quando
1146 1275 1218 1330 ab
1274 1273 1442 1330 initio
1472 1274 1605 1330 vitae
1656 1273 1879 1329 exitum
1911 1289 2014 1327 eu-

356 1368 670 1431 raverunt;
732 1379 837 1418 nec
882 1363 1026 1418 inibi
1060 1362 1233 1435 longo
1263 1380 1535 1419 sermone
1560 1379 1712 1435 opus
1745 1362 1875 1426 erit,
1909 1376 2014 1415 nec

351 1458 591 1524 tempus
639 1468 987 1508 consumam
1037 1451 1191 1507 ultra
1223 1452 1380 1524 quod
1440 1455 1605 1508 decet
1646 1450 2010 1507 disserendo.

352 1543 518 1599 Sicut
547 1544 726 1612 enim,
760 1542 1030 1614 inquam,
1061 1543 1273 1598 animm
1305 1542 1467 1599 salus
1498 1546 1555 1598 et
1587 1542 1658 1598 ad
1696 1546 1898 1607 Deum,
1931 1539 2014 1595 sic

353 1632 623 1689 studium
655 1648 757 1687 eos
790 1631 1022 1688 reduxit
1066 1649 1101 1686 a
1127 1632 1249 1687 vita
1279 1649 1313 1687 a
1343 1648 1461 1703 qua
1514 1648 1703 1703 nuper
1732 1628 2014 1686 desertio-

355 1737 491 1777 nem
548 1720 825 1776 fecerant.
883 1720 1030 1776 Nam
1078 1737 1208 1776 eam
1264 1720 1504 1792 quidem
1562 1720 2011 1783 damnaverunt,

354 1809 659 1865 meliorem
689 1825 823 1864 vero
855 1808 1178 1881 elegerunt,
1206 1809 1593 1881 apostolicam
1629 1808 1880 1880 ideoque
1910 1824 2014 1863 an-

2125 627 2158 681 ἃ
2215 626 2554 704 ἐνεργοῦσιν,
2614 629 2648 699 ἢ
2706 626 2851 684 ἀλλὰ
2906 627 3396 705 πραγματεύσησθε
3450 631 3611 703 ἡμῖν,
3669 635 3788 704 Θεῷ

2124 712 2535 793 πρεσϐεύοντες,
2593 716 2837 793 γαλήνην
2892 721 3113 793 ψυχῆς⁸
3176 718 3250 780 ὡς
3307 723 3396 773 νῦν
3456 740 3518 796 γε
3572 719 3672 775 οὐκ
3732 720 3783 776 ἐν

2123 805 2415 878 ἀκυμάντῳ
2462 804 2814 879 καθέσταμεν,
2868 808 2950 869 οἷς
3000 806 3280 881 πνεύματα
3327 809 3547 883 πονηρὰ
3588 808 3784 885 ταράτ-

2121 914 2331 963 τουσιν,
2365 893 2461 949 ὅσα
2489 916 2549 971 γε
2589 895 2679 949 καὶ
2728 901 2876 968 ἡμᾶς
2932 894 3176 972 βλέπειν,
3229 895 3443 952 κόλπον
3488 900 3784 974 σωτήριον,

2124 983 2184 1045 ὃς
2234 983 2398 1056 μόνος
2450 990 2549 1052 τῆς
2604 982 2665 1039 ἐκ
2712 983 2987 1055 θαλάσσης
3037 983 3157 1060 βίου
3207 986 3556 1061 καταίρουσιν
3607 984 3783 1043 ἀκλύ-

2125 1093 2285 1134 στους
2316 1072 2524 1146 ὅρμους
2553 1072 2991 1148 ἀγκαλιζόμενος
3020 1072 3276 1150 ἐγγυᾶται
3305 1074 3374 1130 τὰ
3403 1074 3670 1146 σώζοντα.

2194 1181 2261 1254 γ’.
2302 1180 2613 1255 [Ιροκείσθω
2660 1180 2841 1235 τοίνυν
2892 1184 2989 1235 τοῦ
3036 1178 3204 1258 λόγου
3253 1184 3411 1255 ἡμῖν,
3458 1180 3593 1259 ὅπερ
3622 1184 3782 1239 αὐτοὶ

2121 1267 2412 1343 προέθεντο
2444 1315 2459 1342 ,
2517 1268 2681 1339 ἡνίκα
2734 1270 2834 1338 τήν
2891 1268 3073 1346 ἀρχὴν
3136 1270 3470 1343 ἐμελέτησαν
3527 1272 3777 1348 γενέσθαι

2121 1353 2365 1412 ἀπόϐιοι’
2425 1357 2516 1412 καὶ
2576 1356 2638 1413 ού
2697 1355 2964 1432 δεήσομαι
3027 1357 3195 1434 λόγου
3256 1364 3461 1436 μακροῦ
3527 1360 3770 1430 ἐνταῦθα,

2121 1446 2249 1503 οὐδὲ
2294 1446 2473 1523 τρίψω
2523 1446 2748 1523 χρόνον,
2799 1448 2938 1524 πέρα
2983 1451 3081 1502 τοῦ
3112 1445 3329 1511 δέοντος
3360 1446 3773 1523 ἐμπλατυνόμε-

2120 1557 2235 1600 νος.
2267 1537 2355 1599 Ὡς
2387 1537 2514 1611 γὰρ,
2559 1532 2690 1598 ἵπος
2740 1537 2925 1614 φάναι,
2976 1535 3221 1612 σωτηρία
3268 1540 3456 1612 ψυχῆς
3504 1536 3594 1592 καὶ
3641 1536 3779 1611 πρὸς

2088 1662 2091 1665 -
2121 1626 2274 1692 Θεὸν,
2307 1624 2481 1687 οὕτως
2530 1624 2800 1688 οἰκείωσις
2837 1625 3204 1696 ἀπανέστησεν
3237 1625 3458 1695 αὖτοὺς,
3487 1624 3557 1694 ἧς
3588 1625 3781 1699 πρώην

2126 1719 2533 1789 μετεποιοῦντο,
2589 1719 2757 1784 ζωῆς.
2812 1715 2997 1784 Αὐτῆς
3052 1716 3146 1787 μὲν
3194 1713 3296 1791 γὰρ
3332 1713 3631 1790 κατέγνων,
3662 1713 3782 1769 ἐπέ-

2118 1824 2302 1877 κριναν
2365 1801 2422 1858 δὲ
2477 1804 2577 1873 τὴν
2639 1801 2915 1877 βελτίονα,
2970 1805 3070 1872 τήν
3124 1801 3521 1873 ἀποπολικήν,
3569 1803 3659 1857 καὶ
3694 1799 3785 1857 διὰ

354 1895 644 1968 gelicam;
704 1899 762 1951 et
818 1895 957 1951 huic
1009 1896 1440 1963 incumbentes,
1473 1896 1893 1967 elongaverunt
1924 1895 2006 1949 fu-

2133 1899 2297 1949 κοῦτο
2330 1892 2642 1969 ἀγγελικήνη
2692 1893 2783 1947 καὶ
2832 1893 2967 1967 πρὸς
3013 1893 3151 1967 αὑτῇ
3202 1891 3503 1970 γενόμενοι,
3545 1890 3787 1968 έμάκρυ-

351 1985 596 2055 gientes,
652 1984 808 2039 sicut
866 1984 925 2038 in
1004 1986 1233 2041 deserto
1312 1985 1626 2054 mansuri;
1687 1984 2009 2057 praesertim

355 2073 601 2145 quidem
644 2074 798 2129 sicut
825 2072 884 2128 in
921 2074 1332 2145 promissionis
1363 2080 1577 2131 terram
1610 2074 1959 2130 restituendi
1993 2090 2007 2141 ;

355 2179 458 2236 per
487 2179 666 2235 quam
689 2164 871 2220 vitam
902 2168 1186 2234 tanquam
1226 2170 1338 2220 Deo
1369 2169 1609 2221 vocante
1639 2164 1907 2219 exierunt
1936 2163 2009 2218 ab

353 2252 618 2324 ipsorum
649 2257 804 2308 terra
832 2257 888 2307 et
941 2253 1313 2324 cognatione,
1346 2259 1405 2310 et
1468 2259 1756 2309 venerunt
1802 2253 1862 2308 in
1894 2257 2007 2308 ter-

358 2357 484 2396 ram
517 2346 572 2396 et
600 2342 773 2397 vitam
826 2340 1058 2412 qualem
1090 2342 1242 2397 Deus
1273 2344 1531 2398 ostendit
1560 2343 1633 2398 iis
1677 2342 1781 2415 qui
1822 2342 2008 2397 Abra-

359 2429 526 2485 hami
548 2434 743 2501 partes
786 2433 1008 2498 tenent,
1038 2435 1097 2486 et
1126 2436 1414 2503 quotquot
1442 2431 1541 2487 illo
1583 2431 1743 2504 digni
1776 2433 1935 2486 sunt.

429 2538 482 2591 4.
516 2540 584 2591 Et
616 2536 709 2592 hic
733 2537 971 2608 quidem
995 2536 1142 2610 ipsis
1166 2537 1353 2593 exsilii
1372 2538 1861 2608 terminus,cujus
1882 2554 2011 2609 gra-

361 2625 444 2681 tia
473 2625 569 2681 hic
601 2624 908 2681 mulierem
939 2630 997 2682 et
1026 2625 1376 2695 liberos,ille
1401 2627 1795 2683 substantiam
1829 2631 1885 2683 et
1911 2643 2011 2698 pe-

357 2714 618 2786 ripsema
639 2730 810 2770 omne
832 2714 958 2771 vitm
979 2716 1337 2784 commercii,
1362 2716 1516 2771 sicut
1535 2716 1745 2772 dixerit
1772 2714 2008 2787 aliquis,

355 2803 686 2874 generatim
717 2819 853 2859 vero
885 2803 1082 2859 cuncti
1105 2804 1352 2875 quodvis
1374 2806 1695 2862 secundum
1724 2805 2009 2861 mundum

361 2891 626 2963 cupitum
660 2892 1014 2962 deserentes,
1043 2910 1221 2949 unam
1253 2895 1661 2967 eamdemque,
1683 2895 2009 2950 secundum

358 2981 515 3052 quod
572 2980 720 3052 ipsis
775 2982 1143 3053 propositum
1174 2989 1321 3048 erat,
1354 2983 1657 3056 elegerunt
1684 2984 1884 3052 vitam,
1917 2982 2011 3038 cui

359 3069 704 3125 insistentes
735 3074 793 3125 et
832 3086 961 3126 sese
1009 3071 1382 3143 accingentes
1439 3074 1511 3128 ad
1561 3089 1739 3145 opera
1794 3072 2011 3145 quibus

364 3158 635 3215 homines
668 3157 783 3215 tale
813 3160 1126 3216 consilium
1162 3161 1460 3233 capientes
1490 3162 1550 3217 in
1582 3167 1802 3218 rectam
1834 3162 2011 3217 semi-

354 3251 478 3303 tam
511 3244 1092 3321 deducuntur,idque
1144 3267 1262 3316 non
1306 3250 1655 3323 simpliciter
1700 3255 1758 3306 et
1796 3255 1861 3306 ut
1890 3251 2009 3306 fors

348 3337 551 3393 tulerit
608 3343 666 3392 et
722 3343 788 3392 ut
845 3338 958 3409 ipsi
1006 3338 1261 3407 voluere,
1315 3340 1593 3412 operibus
1634 3339 1847 3395 divinis
1875 3344 2002 3394 stu-

351 3429 624 3483 duerunt.
655 3426 955 3498 Numquid
1005 3428 1162 3483 enim
1212 3430 1284 3484 de
1328 3430 1454 3484 suis
1487 3429 1741 3500 peccatis
1767 3445 2003 3485 excusa-

348 3515 569 3571 tionem
637 3514 941 3585 haberent,
994 3521 1193 3588 utpote
1258 3516 1360 3589 qui
1436 3517 1550 3589 ipsi
1607 3521 2001 3586 tentaverunt,

352 3603 469 3676 ipsi
522 3605 902 3674 denoverunt,
936 3603 1051 3675 ipsi
1106 3611 1426 3677 coeperunt,
1458 3607 1612 3663 viam
1652 3606 1885 3662 nemine
1917 3623 2005 3662 re-

352 3692 594 3758 ferente,
656 3692 891 3747 nemine
955 3693 1253 3761 sdocente,
1321 3695 1555 3751 nemine
1619 3696 1773 3750 viam
1837 3712 2004 3751 mon-

353 3784 597 3848 strante,
633 3781 867 3836 nemine
898 3782 1293 3853 impediente;
1330 3785 1579 3857 ideoque
1609 3784 1754 3841 nihil
1786 3785 2003 3841 mirum

353 3869 577 3925 faciunt
605 3869 655 3925 si
714 3869 867 3925 viam
900 3871 1076 3926 aliam
1119 3888 1185 3927 ac
1236 3874 1595 3945 propositam
1627 3874 1811 3930 secuti
1844 3878 2002 3942 sunt,

356 3974 548 4030 neque
605 3959 894 4015 rationem
944 3961 1187 4017 reddere
1218 3962 1452 4034 debent,
1482 3979 1548 4020 eo
1580 3965 1735 4036 quod
1767 3964 2006 4020 inventa

357 4047 723 4118 difﬁcultate,
755 4048 818 4105 in
865 4049 939 4106 iis
983 4067 1109 4121 quae
1157 4051 1556 4125 cogitaverant
1583 4058 1641 4109 et
1667 4054 2008 4125 inceperunt

350 4138 660 4210 inexperti,
690 4138 765 4194 ob
822 4155 952 4195 eam
1013 4138 1247 4211 longius
1279 4142 1361 4197 ire
1408 4142 1780 4210 destiterunt,
1811 4146 1869 4198 et
1897 4141 2008 4198 ali-

353 4227 701 4300 quantisper
733 4228 1028 4301 progressi
1070 4237 1303 4302 sperata
1331 4230 1576 4303 planitie
1609 4233 1814 4304 pedem
1847 4236 2006 4287 retu-

354 4315 574 4387 lerunt,
608 4333 676 4372 eo
720 4316 875 4387 quod
931 4317 1086 4373 viam
1145 4318 1478 4376 habuerunt
1532 4320 2005 4392 asperam7Non

358 4404 542 4477 igitur
569 4405 902 4461 inconsulte
932 4407 1113 4462 vitam
1147 4408 1552 4465 monachicam
1584 4409 1864 4479 inierunt,
1888 4410 2006 4465 imo

347 4510 486 4549 vero
545 4510 678 4549 cum
729 4494 1151 4551 deliberatione
1182 4501 1236 4551 et
1281 4497 1525 4553 consilio
1556 4502 1869 4571 postquam
1899 4499 2009 4555 ad-

358 4582 568 4638 moniti
600 4588 657 4639 et
687 4584 842 4639 docti
899 4585 1158 4654 fuerunt,
1193 4585 1540 4658 plerumque
1578 4592 1711 4659 post
1737 4588 2007 4644 traditio—

2133 2005 2222 2038 ναν
2280 1979 2709 2058 φυγαδεύοντες,
2769 1982 2842 2043 ὡς
2901 1980 2951 2036 έν
3012 1981 3209 2057 ἐρήμῳ
3267 1980 3734 2054 αύλισθησόμενοι
3769 2028 3785 2054 ,

2124 2071 2361 2147 μάλιστα
2411 2072 2505 2144 μὲν
2570 2068 2659 2125 οὖν
2722 2071 2796 2134 ὡς
2847 2069 2923 2133 εἷς
2978 2078 3079 2145 γῆν
3135 2069 3458 2147 ἐπαγγελίας
3498 2070 3780 2125 ἀποκατα-

2120 2162 2468 2234 στησόμενοιι
2527 2157 2597 2215 δι’
2644 2158 2710 2228 ἥν
2771 2159 2845 2221 ὠς
2905 2164 3039 2215 Θεοῦ
3090 2158 3391 2221 καλοῦντος
3446 2156 3670 2229 ἐξῆλθον
3725 2157 3789 2213 ἐκ

2117 2253 2218 2319 τῆς
2270 2254 2374 2325 γῆς
2422 2250 2599 2304 αὐτῶν
2658 2248 2748 2304 καὶ
2810 2246 2870 2303 ἐκ
2924 2255 3026 2318 τῆς
3086 2248 3420 2324 συγγενείας,
3469 2246 3561 2302 καὶ
3604 2246 3782 2316 ἦλθον

2121 2340 2195 2401 εἷς
2229 2347 2332 2415 γῆν
2381 2338 2473 2394 καὶ
2527 2338 2740 2415 βιοτὴν,
2796 2337 2990 2393 ὁποίαν
3044 2339 3072 2392 6
3105 2338 3234 2400 Θεὸς
3290 2333 3628 2393 ὑποδείκνυσι
3658 2341 3780 2398 τοῖς

2118 2432 2215 2483 τοῦ
2248 2421 2517 2502 ’Δϐραὰμ,
2544 2427 2636 2481 καὶ
2667 2424 2785 2483 ὅσοι
2820 2427 2987 2482 αὑτοῦ
3018 2425 3147 2481 εἶσιν
3182 2426 3344 2498 ἄξιοι.

2193 2532 2256 2592 δ’.
2288 2535 2388 2589 Καὶ
2432 2537 2682 2596 τοιοῦτος
2733 2535 2827 2606 μὲν
2874 2535 3065 2596 αὐτοῖς
3115 2535 3143 2590 6
3173 2534 3374 2596 σκοπὸς
3404 2540 3503 2604 τῆς
3548 2553 3777 2605 μετανα-

2120 2624 2405 2693 στεύσεως,
2464 2623 2526 2678 οὗ
2574 2623 2739 2699 χάριν
2793 2624 2822 2679 6
2881 2624 2973 2697 μὲν
3028 2623 3117 2679 καὶ
3174 2628 3401 2699 γυναῖκα
3453 2622 3544 2678 καὶ
3594 2622 3776 2691 τέκνα,

2121 2715 2150 2769 6
2196 2712 2253 2768 δὲ
2309 2714 2395 2768 καὶ
2457 2712 2771 2788 περιουσίαν
2829 2713 2919 2768 καὶ
2979 2713 3240 2789 συρφετὸν
3298 2713 3508 2768 ἅπαντα
3559 2718 3662 2782 τῆς
3723 2709 3775 2766 ἐν

2125 2802 2228 2879 βίῳ
2260 2802 2624 2879 ἀναστροφῆς,
2658 2803 2847 2857 ὁποῖον
2903 2800 2965 2857 ἂν
2995 2800 3139 2857 εἴποι
3169 2823 3275 2873 τις,
3304 2805 3503 2864 κοινῶς
3555 2798 3613 2855 δὲ
3640 2800 3779 2856 πάν-

2118 2913 2206 2954 τες
2235 2892 2297 2947 τὸ
2326 2891 2463 2946 κατὰ
2490 2890 2697 2963 κόσμον
2730 2889 2951 2965 θέλημα
2996 2889 3338 2959 ἐκλιπόντες,
3379 2889 3498 2953 ἐνὸς
3530 2888 3778 2967 ἐγένοντο

2118 2982 2207 3037 καὶ
2245 2980 2412 3055 μόνου
2468 2984 2566 3035 τοῦ
2623 2980 2758 3036 κατὰ
2810 2982 2909 3050 τήν
2970 2977 3375 3055 ἐκλελεγμένην
3427 2979 3703 3053 πρόθεσιν·
3740 2978 3777 3053 ᾖ

2120 3070 2210 3127 καὶ
2265 3071 2676 3145 στοιχήσαντες,
2736 3070 2849 3125 εἶτα
2903 3071 2992 3125 καὶ
3054 3070 3290 3143 ἅψασθαι
3338 3066 3635 3142 μέλλοντες
3692 3062 3778 3140 ἕρ-

2118 3181 2253 3235 γων,
2302 3161 2451 3222 ὅσοις
2499 3158 2846 3235 έξορθοῦνται
2906 3158 2985 3221 εἷς
3043 3156 3167 3213 ὁδὸν
3230 3155 3510 3234 ἄνθρωποι
3554 3160 3776 3212 τοιαῦτα

2038 3286 2082 3352 C
2120 3250 2473 3352 npoﬁéps‘voz,
2528 3247 2637 3323 οὐχ
2684 3245 2900 3317 ἁπλῶς,
2929 3247 3021 3302 καὶ
3070 3248 3219 3309 ὅπως
3249 3244 3308 3301 ἂν
3358 3245 3550 3352 τύχοθι,
3582 3245 3673 3300 καὶ
3702 3245 3774 3306 ὡς

2116 3337 2269 3393 αὐτοὶ
2325 3332 2732 3409 ἐϐουλήθησαν,
2785 3342 2901 3399 τοῖς
2954 3336 3120 3399 θείοις
3168 3334 3347 3413 ἔργοις
3380 3330 3678 3390 ἐπέϐαλον.
3710 3340 3780 3391 Ἥ

2110 3428 2210 3502 γὰρ
2244 3426 2302 3482 ἂν
2334 3426 2483 3501 εἶχον
2515 3423 2793 3499 ἀπόλογον
2842 3424 3088 3497 ὕστερον,
3118 3423 3199 3503 ἐφ’
3239 3425 3321 3487 οἷς
3346 3425 3776 3498 προσέπταισαν,

2113 3514 2190 3578 ὠς
2221 3515 2379 3569 αὐτοὶ
2428 3514 2872 3589 ἐγχειρήσαντες,
2903 3513 3057 3568 αὐτοὶ
3106 3513 3469 3589 κυρώσαντες,
3501 3511 3660 3567 αὑτοὶ
3689 3510 3778 3566 ἐν·

2112 3604 2427 3679 αρξάμενοι,
2488 3601 2719 3677 μηδενὸς
2773 3603 3213 3676 ὑπομνήσαντος,
3260 3598 3496 3675 μηδενὸς
3530 3597 3778 3671 διδάξαν-

2111 3715 2228 3763 τος,
2266 3691 2500 3767 μηδενὸς
2536 3690 2913 3763 ὑποδείξαντος
2939 3694 3038 3762 τὴν
3074 3689 3224 3759 ὁδὸν,
3261 3690 3495 3764 μηδενὸς
3527 3687 3780 3764 ἐμπεδώ-

2115 3803 2329 3855 οαντος,
2361 3780 2513 3837 οὐδέν
2539 3803 2591 3837 τι
2624 3779 3073 3858 καινοπραγοῦσι,
3103 3780 3434 3858 τραπόμενοι
3463 3777 3641 3848 ἄλλην
3669 3801 3776 3835 πα-

2116 3872 2183 3948 ρὰ
2209 3872 2311 3941 τὴν
2362 3878 2461 3942 τῆς
2504 3872 2836 3946 προθέσεως,
2886 3868 3012 3927 οὐδὲ
3065 3871 3373 3927 ὑπόκεινται
3404 3868 3779 3947 λογοπραγίᾳ,

2116 3957 2385 4036 ἐργωδίαν
2442 3960 2757 4033 εὑρηκότες,
2811 3958 2891 4037 ἐφ’
2949 3961 3031 4022 οἷς
3088 3956 3419 4029 ἐσκόπησαν,
3478 3958 3568 4013 καὶ
3618 3957 3780 4034 ἐνήρ-

2116 4050 2271 4121 ξαντο
2318 4048 2686 4122 ἀνεπίτακτοι,
2725 4047 2825 4104 ’καὶ
2875 4047 2945 4104 δι’
2995 4048 3163 4119 αὐτὴν
3218 4048 3477 4125 ἀφέμενοι
3509 4051 3616 4103 τῶν
3649 4046 3777 4123 ἐφε-

2114 4142 2231 4213 ξῆς,
2263 4140 2350 4196 καὶ
2384 4136 2810 4216 προποὸίσαντες
2843 4139 2939 4212 μὲν
2979 4136 3158 4214 βραχὺ
3189 4134 3373 4194 ἐλπίδι
3401 4138 3501 4207 τὴς
3536 4135 3778 4211 ὁμαλῆς,

2114 4225 2531 4291 ἀναποδίσαντες
2584 4225 2641 4283 δὲ
2694 4229 2870 4297 αὖθις,
2921 4226 3005 4283 ὅτι
3053 4232 3312 4303 τραχεῖαν
3343 4220 3555 4302 ἔτριϐον
3593 4245 3608 4296 ;
3642 4223 3781 4284 Οὔκ·

2116 4338 2207 4374 ουν
2262 4313 2721 4393 ἀπροϐουλεύτως
2784 4315 3076 4392 ένῄρξαντο
3127 4320 3224 4371 τοῦ
3276 4319 3586 4392 μοναχικοῦ
3632 4315 3779 4390 βίου,

2115 4405 2263 4463 ἀλλὰ
2316 4405 2668 4481 σκεψάμενοι,
2728 4405 2817 4461 καὶ
2881 4402 3348 4481 βουλευσάμενοι,
3394 4403 3485 4459 καὶ
3541 4404 3783 4478 ἀναμνη-

2117 4498 2349 4569 σθέντες,
2405 4496 2498 4552 καὶ
2550 4493 2897 4573 διδαχθέντες
2929 4539 2945 4566 ,
2995 4497 3085 4551 καὶ
3152 4496 3287 4569 μετᾶ
3350 4497 3779 4571 παρεγγυήσεων

2119 4587 2172 4641 οἱ
2201 4585 2425 4648 πλείους
2454 4584 2544 4641 καὶ
2569 4584 2930 4656 καταθέσεων,
2976 4583 3068 4640 καί
3099 4583 3299 4653 αὐτῶν,
3347 4585 3531 4639 ὁποῖαι
3575 4582 3777 4660 φρίκης

356 4686 493 4727 nem
551 4677 609 4728 et
660 4673 1145 4742 admonitionem,
1180 4690 1396 4747 easque
1443 4658 1754 4733 formidine
1784 4676 2006 4749 plenas,

2123 4676 2399 4750 γέμουσιν,
2435 4675 2482 4731 εἴ
2538 4675 2629 4730 καὶ
2692 4677 2856 4749 μόνον
2918 4674 3194 4751 λέγοιντοθ
3238 4672 3330 4728 καὶ
3383 4672 3778 4750 ὑποκρούσεται

351 4759 404 4815 si
454 4762 628 4817 modo
707 4762 1077 4834 audirentur,
1134 4779 1283 4834 quas
1333 4764 1637 4837 discursus
1694 4767 2007 4836 sermonis,

353 4854 644 4922 quantum
674 4852 821 4907 satis
843 4852 975 4924 erit,
1012 4852 1237 4910 innuet.

424 4939 479 4995 5.
508 4943 651 4996 Cum
708 4940 793 4996 ita
849 4941 970 4998 sint
1002 4958 1130 5014 quas
1177 4943 1515 4999 istiusmodi
1555 4943 1826 5003 homines
1854 4951 2008 5004 certe

351 5033 409 5086 et
440 5029 791 5086 inconcusse
847 5036 1281 5103 proposuerunt
1327 5036 1387 5087 et
1434 5040 1888 5106 assumpserunt
1935 5038 2011 5108 (et

355 5118 524 5175 aliter
553 5121 799 5176 minime
849 5137 973 5176 sese
1004 5120 1265 5193 habent),
1288 5122 1415 5193 jam
1474 5122 1723 5181 breviter
1762 5126 2011 5183 dicenda

355 5226 482 5282 qua
518 5211 672 5281 apud
707 5227 807 5265 eos
848 5210 1025 5266 hodie
1070 5211 1640 5268 animadvertuntur.
1674 5218 1739 5269 Et
1785 5216 2007 5273 utinam

352 5315 469 5353 non
506 5297 679 5370 longe
711 5298 832 5354 sint
873 5316 905 5354 a
956 5299 1075 5356 vita
1105 5317 1286 5372 quam
1316 5300 1656 5374 elegerunt:
1693 5307 2008 5377 nequidem

355 5388 461 5443 hoc
493 5388 795 5443 eveniente
852 5404 1092 5446 necesse
1122 5389 1233 5445 erit
1287 5405 1409 5461 eos,
1448 5395 1582 5463 post
1621 5392 1801 5449 allata
1829 5411 2010 5468 argu-

358 5481 984 5550 menta,resurgere,nt
1003 5480 1116 5536 duo
1137 5479 1340 5552 gravia
1369 5479 1484 5535 ista
1520 5497 1633 5537 non
1671 5484 2009 5553 admittant,

357 5560 519 5633 ipsos
551 5569 712 5622 extra
741 5566 896 5622 viam
940 5574 1161 5625 rectam
1192 5584 1343 5638 esse,
1378 5575 1554 5641 atque
1582 5570 1729 5628 alios
1775 5574 1848 5629 ad
1878 5591 2008 5632 eam

361 5652 700 5709 sectandam
750 5654 995 5716 idoneos
1051 5658 1178 5715 suis
1240 5657 1525 5730 exemplis
1582 5660 2011 5724 deducentibus

361 5751 652 5794 τονοοειδο.

2120 4765 2285 4827 αὐτὰς
2315 4765 2344 4819 6
2370 4764 2534 4841 λόγος
2565 4765 2796 4840 προϊὼν⁹
2829 4762 2912 4842 ἐφ’
2941 4762 3065 4819 ὅσον
3100 4760 3247 4819 ἔσται
3278 4763 3488 4820 ἱκανόν.

2193 4861 2249 4910 ε’.
2282 4853 2470 4917 Οὕτως
2501 4852 2589 4909 οῦν
2642 4852 2909 4929 ἐχόντων,
2942 4853 3015 4908 ὧν
3063 4852 3154 4907 καὶ
3203 4854 3491 4929 προέθεντο
3521 4852 3615 4908 καὶ
3650 4849 3779 4908 ὑπέ-

2120 4964 2322 5021 σχοντο
2353 4943 2698 5018 ἀμεταθέτως
2746 4944 2837 4998 καὶ
2887 4942 3144 5022 ἀσφαλῶς
3193 4942 3246 4997 οἱ
3276 4947 3522 4998 τοιοῦτοι
3565 4938 3777 5018 (ἔχουσι

2123 5031 2181 5088 δὶ
2210 5034 2423 5096 πάντως
2457 5033 2558 5089 οὑκ
2587 5030 2823 5108 ἄλλως),
2854 5031 3091 5088 ἐκθετέον
3131 5031 3584 5110 βραχυλογικῶς,
3614 5030 3647 5085 ἃ
3683 5034 3777 5085 νῦν

2129 5119 2405 5199 βλέπομεν
2458 5121 2541 5178 ἐπ’
2574 5121 2781 5185 αὐτοῖς.
2815 5124 2911 5177 Καὶ
2946 5121 3031 5194 εἴη
3066 5124 3143 5196 μὴ
3183 5120 3522 5199 παρεκνεύειν
3554 5118 3773 5185 αὐτοὺς,

2125 5215 2193 5281 ἧς
2251 5210 2525 5288 ἐκύρωσαν
2560 5255 2574 5283 ,
2634 5210 2939 5275 πολιτείαςο
3001 5212 3112 5284 ὡς,
3183 5210 3294 5288 εἷ’γε
3346 5213 3502 5264 τοῦτο
3557 5203 3768 5281 φανείη,

2122 5302 2330 5379 ἀνάγκη
2389 5303 2629 5365 πάντως.
2682 5308 3097 5379 κατορθωθῆναι
3150 5300 3280 5362 τοὺς
3325 5294 3603 5357 τοιούτους
3640 5293 3777 5367 μετὰ

2118 5392 2215 5463 τὴν
2268 5391 2355 5447 ἐπὶ
2407 5390 2653 5469 ἐλέγχων
2699 5387 2943 5465 ἔνδειξιν·
2993 5389 3085 5446 ’ίνα
3118 5390 3192 5463 μὴ
3227 5385 3321 5442 δύο
3359 5380 3777 5458 πλημμελῶσιν

2121 5480 2297 5537 ἐκεῖνα
2347 5481 2599 5561 φορτικὰ,
2654 5485 2794 5556 μήτε
2826 5482 2980 5538 αὐτοὶ
3007 5479 3292 5556 γινόμενοι
3319 5481 3419 5545 τῆς
3460 5475 3654 5550 ὀρθῆς,
3686 5472 3780 5529 καὶ

2118 5570 2246 5634 τοὺς
2294 5568 2625 5647 δυναμένους
2667 5568 2726 5629 δὲ
2768 5567 3082 5649 προϐαίνειν
3133 5566 3272 5644 αὐτῇ
3324 5565 3649 5644 ἀπάγοντες,
3697 5563 3782 5631 οἷς

2121 5659 2315 5726 αὐτοὺς
2341 5666 2412 5739 τῇ
2447 5662 2677 5738 μιμήσει
2709 5661 3079 5741 ἐκτρέπονται.
