4082 6354
343 427 462 488 733

1354 429 1457 489 DE
1501 427 1995 490 EMENDANDA
2038 424 2221 485 VITA
2271 422 2754 485 MONACHICA.

3639 426 3757 485 734

413 560 477 622 ς’.
513 559 832 635 ’Δναγκαῖον
866 556 924 614 δὲ
979 554 1101 635 ἄρα,
1136 578 1301 632 πρινη
1334 562 1774 636 καταγράψασθαι
1802 559 1901 626 τήν
1935 555 1986 611 έν

2173 558 2224 612 6.
2259 557 2505 613 Necesse
2549 557 2748 629 itaque
2806 559 2915 625 est,
2975 559 3292 628 antequam
3339 555 3521 611 latam
3553 572 3755 612 mona-

339 653 457 712 τοῖς
488 644 609 723 ἄρτι
640 648 730 702 καὶ
759 649 880 712 καθ’
908 651 1058 720 ἡμᾶς
1098 648 1358 704 πλατεῖαν
1420 649 1726 724 μοναχικήν
1783 648 1995 723 βιοτὴν,

339 736 611 807 ἐκθέσθαι,
644 737 732 790 οἶα
756 738 1066 810 ταξάμενοι,
1110 738 1203 792 τὸν
1255 736 1446 793 λαϊκὸν
1510 738 1629 814 βίον
1692 737 1992 810 μετέθεντο⁶

343 825 458 880 εἷτα
487 828 556 899 τῇ
599 824 823 900 τοιαύτῃ
857 824 1071 899 μεθόδῳ
1103 827 1503 900 συνεπιπλέξαι,
1538 827 1627 882 καὶ
1678 826 1809 902 ὅπερ
1865 824 1998 897 μετά

341 916 444 984 τήν
490 913 727 969 τύπωσιν
759 913 858 970 οὐκ
906 914 1121 970 ὀκνοῦσι
1173 921 1369 972 ποιεῖν’
1421 918 1509 972 καὶ
1571 915 1715 971 οὕτω
1768 918 1996 991 περᾶναι

344 1005 436 1060 τὸν
467 1003 658 1078 λόγον,
692 1002 771 1067 εἷς
800 1003 829 1058 '6
852 1004 1209 1078 προεθέμεθα.

421 1111 481 1180 ζ’.
516 1108 852 1183 Μνησόμεθα
882 1107 940 1165 δὲ
968 1110 1075 1184 πρό
1107 1133 1169 1187 γε
1215 1116 1323 1167 τῶν
1371 1109 1558 1167 ἄλλων
1607 1111 1850 1188 εὐλόγως
1899 1117 1997 1179 τῆς

348 1199 562 1261 ἐντοῖς
617 1196 891 1261 τοιούτοις
950 1199 1285 1276 έξαρχούσης
1336 1200 1701 1277 ὁμηγύρεως,
1757 1206 1856 1269 τῆς
1906 1199 1992 1253 καὶ

344 1287 559 1350 τελείας
614 1288 703 1343 καὶ
758 1289 1125 1358 τελειοποιοῦ,
1185 1290 1246 1359 ἣν
1299 1291 1326 1345 6
1359 1290 1520 1365 ὀρθὸς
1549 1288 1724 1344 κανὼν
1760 1290 1995 1357 ἀπαιτεῖ,

346 1377 445 1433 ὅσα
472 1376 563 1432 καὶ
594 1375 747 1440 θεούς
789 1397 938 1440 τινας
982 1377 1279 1454 γραφικοὺς
1327 1384 1442 1442 τοῖς
1499 1380 1719 1442 λοιποῖς
1776 1378 1996 1433 ἐπιστα-

341 1472 455 1522 τεῖν
505 1471 702 1542 μικροῦ
755 1463 864 1521 δεῖν
894 1466 1081 1524 ἅπασι.
1136 1472 1383 1523 Τοιοῦτοι
1417 1465 1474 1524 δέ
1504 1468 1638 1524 εἴσιν
1670 1470 1721 1523 ol.
1766 1472 1863 1522 τοῦ
1899 1488 1999 1541 με-

344 1555 522 1631 γάλου
551 1555 641 1610 καὶ
696 1553 990 1630 ἀγγελικοῦ
1024 1558 1337 1631 σχήματος,
1372 1558 1423 1612 o't
1476 1555 1546 1612 δι’
1578 1558 1745 1613 αὐτοῦ
1776 1555 2001 1627 ἀληθῶς

354 1645 624 1719 μεγάλοι,
686 1643 763 1707 ὡς
828 1643 1109 1720 ἀγγελικοὶ
1148 1692 1162 1718 ,
1218 1645 1354 1701 κατὰ
1403 1647 1500 1715 τήν
1560 1647 1851 1715 κανονικὴν
1907 1645 1996 1701 καὶ

355 1732 662 1804 ἀπαίτησιν,
719 1733 810 1787 καὶ
858 1735 1163 1805 κατάθεσιν,
1214 1734 1305 1789 καὶ
1368 1737 1631 1808 μυστικὴν
1690 1734 1996 1791 τελείωσιν.

352 1821 516 1879 Αὐτοὶ
572 1822 676 1897 γὰρ
731 1824 831 1892 τήν
880 1830 982 1898 γῆν
1025 1823 1542 1897 κατανωτισάμενοι,
1605 1821 1843 1897 μάλιστα
1901 1823 1996 1896 μὶν

2107 646 2349 702 chorum
2366 648 2546 703 vitam
2569 663 2853 718 nuperam
2878 653 2931 701 et
2953 646 3295 701 hodiernam
3327 645 3752 713 describamus,

2106 752 2393 805 exponere
2422 736 2638 807 quibus
2690 735 3127 791 conditionibus
3173 735 3352 789 vitam
3385 735 3593 790 laicam
3624 751 3755 790 mu-

2105 829 2395 892 taverunt,
2426 832 2482 881 et
2511 826 2719 881 deinde
2749 826 2950 881 eadem
3002 826 3226 880 ratione
3254 830 3598 879 connectere
3628 839 3758 894 qua

2106 930 2278 986 agere
2324 920 2458 986 post
2505 916 2652 970 hanc
2682 920 2973 987 receptam
3008 915 3255 969 formam
3314 929 3428 968 non
3456 918 3753 980 verentur,

2106 1004 2310 1074 sicque
2339 1020 2670 1059 sermonem
2701 1003 2763 1058 in
2795 1003 2971 1058 ﬁnem
2999 1003 3373 1075 praapositum
3407 1001 3755 1056 conducere.

2176 1109 2230 1163 7.
2265 1109 2371 1164 Sed
2394 1113 2527 1164 ante
2549 1109 2747 1164 omnia
2759 1114 2954 1164 mente
2973 1108 3417 1164 recordabimur
3435 1123 3758 1179 congrega-

2104 1197 2284 1254 tionis
2319 1198 2471 1254 inter
2492 1196 2625 1253 illos
2649 1198 2848 1269 primas
2877 1198 3247 1269 habitasque
3278 1197 3532 1269 perfecta
3554 1201 3675 1252 erat
3701 1200 3757 1250 et

2106 1287 2394 1360 perfectos
2418 1287 2574 1355 fecit,
2599 1304 2799 1358 quam,
2820 1291 2884 1342 ut
2913 1286 3225 1357 imaginem
3259 1288 3574 1359 quamdam
3607 1284 3753 1339 divi-

2107 1394 2266 1445 nam,
2301 1377 2564 1448 reliquis,
2596 1379 2716 1431 imo
2749 1378 2862 1432 fere
2892 1377 3187 1444 omnibus,
3221 1376 3465 1448 proponi
3507 1374 3757 1447 requirit

2100 1468 2201 1539 jus
2230 1466 2599 1522 canonicum.
2633 1467 2803 1521 Tales
2836 1470 2976 1521 sunt
3008 1466 3201 1538 magni
3235 1470 3290 1522 et
3310 1464 3555 1538 angelici
3587 1464 3755 1519 habi-

2107 1560 2208 1612 tus
2237 1555 2367 1622 viri,
2400 1559 2634 1627 propter
2686 1554 2854 1611 illum
2912 1572 3040 1611 vere
3099 1554 3315 1627 magni,
3362 1559 3419 1611 et
3475 1554 3628 1610 sicut
3652 1569 3753 1608 an-

2108 1644 2245 1716 geli,
2276 1645 2602 1699 secundum
2637 1644 2852 1716 regulae
2901 1649 3277 1716 praeceptum,
3310 1648 3367 1699 ct
3415 1643 3755 1699 institutum

2108 1738 2165 1789 et
2196 1734 2503 1807 mysticam
2535 1734 2923 1789 initationem.
2960 1734 2999 1788 Ii
3032 1734 3188 1789 enim
3234 1742 3448 1788 terram
3478 1731 3756 1804 tergiver-

2108 1826 2329 1890 santes,
2363 1839 2430 1877 ex
2462 1838 2526 1877 ea
2559 1823 2630 1878 ad
2662 1823 2845 1880 Deum
2881 1822 2990 1878 alis
3021 1821 3267 1893 spiritus
3296 1821 3623 1885 elevati,res
3653 1820 3761 1875 hu-

352 1907 444 1963 οὗν
474 1907 885 1988 έλαφρισθέντες
924 1911 1017 1965 ἀπ’
1071 1911 1238 1982 αὐτῆς
1299 1914 1515 1985 πτέρυξι
1563 1913 1894 1985 πνεύματος,
1928 1912 2001 1974 ὡς

2113 1928 2316 1967 manas
2345 1929 2413 1967 ex
2444 1912 2639 1967 divina
2668 1912 2990 1968 elevatione
3033 1916 3335 1984 corperunt
3365 1910 3759 1978 considerare,

351 1998 428 2060 εἷς
464 1998 621 2052 αὐτὸν
655 1998 806 2069 Θεὸν,
867 1999 1180 2054 ἐποπτεύειν
1232 2000 1590 2065 έπιστατικῶς
1642 1999 1860 2077 ἔχουσιν
1922 2000 1998 2056 εἲ-

351 2107 452 2158 περ
506 2084 808 2161 ἕθέλοιισιν,
859 2087 910 2159 ἐξ
960 2090 1269 2163 ὑψωμάτων
1303 2090 1463 2145 θείων
1510 2092 1578 2145 τὰ
1604 2092 1741 2146 κατὰ
1768 2090 1996 2163 κόσμον,

351 2173 430 2230 ἐνὶ
477 2176 566 2231 καὶ
620 2176 771 2249 μόνῳ
820 2177 949 2249 θείῳ
990 2179 1221 2253 τάγματι
1276 2178 1669 2255 έκχωροῦντες,
1724 2179 1813 2234 καὶ
1845 2179 2000 2250 ὑπεξ-

352 2267 629 2337 ιστάμενοι
676 2269 774 2320 τοῦ
823 2270 1101 2329 θειοτάτου
1148 2261 1439 2342 πρεσϐείου
1484 2272 1563 2339 τῷ
1607 2268 1996 2345 ἀρχιερατικῷ,

345 2356 453 2407 τῶν
507 2350 565 2407 δὲ
613 2352 804 2430 ἐφεξῆς
877 2356 1309 2430 ὑπερανεστῶτες
1355 2360 1423 2430 τῇ
1463 2358 1715 2431 προθέσει
1774 2359 1863 2412 καὶ
1919 2362 1999 2429 τῷ

340 2443 657 2516 τυπώματι.
703 2448 818 2497 Τῶν
868 2445 970 2520 γὰρ
1027 2445 1115 2499 ὑπ’
1176 2446 1402 2521 οὐρανὸν
1459 2446 1617 2500 θείων
1645 2447 1763 2501 κατ’
1790 2446 1999 2523 ἀνθρώ-

340 2553 482 2594 πους
530 2531 842 2607 ταγμάτων,
906 2532 940 2587 ἆ
984 2537 1092 2588 τῶν
1147 2534 1552 2612 ὑπερουρανίων
1604 2533 1996 2612 δευτερεύουσι,

345 2620 477 2684 τοὺς
527 2621 620 2695 μὲν
667 2625 765 2676 τοῦ
812 2623 1033 2698 πρώτου
1079 2623 1167 2678 καὶ
1203 2624 1461 2699 μεγίστου
1494 2631 1593 2694 τῆς
1622 2627 1783 2699 ἡμῶν
1817 2645 1998 2695 σωτη-

350 2710 468 2786 ρίας
500 2711 802 2786 ἀρχιερέως
853 2713 1197 2785 ἀντιτύπους,
1250 2714 1301 2767 οἳ
1352 2718 1644 2790 προσεχῶς
1690 2716 1757 2769 τὰ
1799 2714 1995 2769 έκεῖθεν

351 2798 688 2873 έκμάττοντα
716 2801 911 2877 ἀγαθὰ,
971 2802 1071 2857 οὐκ
1117 2801 1179 2857 ’ἀν
1236 2800 1479 2858 δύναιντο
1517 2805 1591 2877 μὴ
1624 2804 1762 2879 πρὸς
1810 2801 1999 2875 ἐκείνῳ

352 2889 567 2967 ἀφιέναι
619 2889 751 2944 εἶναι
802 2886 1050 2959 ἕκαστον,
1103 2892 1176 2953 ὡς
1230 2890 1560 2967 ἐτάχθησαν.
1609 2892 1777 2949 Αὐτοὶ
1813 2890 1870 2947 δὲ
1896 2896 1997 2956 τῆς

351 2976 543 3055 ἐφεξῆς
594 2979 959 3053 τυγχάνουσιν
1009 2976 1359 3053 έλλάμψεως,
1404 2978 1495 3035 ’ίνα
1558 2986 1722 3054 τριῶν
1790 2980 1997 3035 τούτων

350 3066 569 3143 φώτων,
628 3071 724 3121 τοῦ
776 3066 1111 3143 ἂσυγκρίτως
1174 3069 1304 3144 ὑπὲρ
1354 3067 1515 3138 ἥλιον
1572 3069 1725 3143 (ὅπερ
1784 3066 1926 3124 ἔστιν
1972 3070 2001 3124 6

352 3155 526 3228 Θεὸς),
557 3159 657 3209 τοῦ
714 3156 847 3228 μετά
873 3156 936 3210 τὸ
961 3155 1246 3232 ἀγγελικὸν
1289 3155 1569 3228 ἡλιώδους
1622 3158 1676 3230 (6
1724 3160 2000 3235 παραυγά-

353 3247 430 3312 ζει
459 3243 553 3297 τὸν
586 3243 892 3320 ἀρχιερέα),
948 3245 1037 3299 καὶ
1095 3249 1214 3314 τοῦ,
1283 3246 1358 3308 ὡς
1412 3245 1587 3309 οὕτως
1618 3246 1809 3315 εἰπεῖν,
1844 3246 2002 3316 σελη-

348 3330 505 3386 ναίου
534 3336 630 3386 τοῦ
676 3333 814 3387 κατά
858 3333 950 3387 τὸν
987 3332 1456 3409 μεγαλοσχήμονά
1491 3336 1757 3411 μοναχὸν,
1788 3334 1999 3411 ὕστεροι

348 3418 794 3477 έπανατέλλωσιν
830 3423 881 3477 οἱ
915 3420 1103 3478 λοιποὶ
1132 3425 1269 3478 κατά
1298 3424 1426 3479 Θεὸν
1467 3425 1661 3487 πάντες
1716 3426 1838 3501 περὶ
1899 3432 2003 3501 γῆν

347 3509 590 3587 ἀστέρες,
624 3511 763 3586 φωτί
810 3532 868 3567 τε
918 3515 1346 3588 καταυγάζοντες
1394 3514 1482 3569 καὶ
1520 3513 1813 3589 ζωογόνοις
1861 3514 2006 3588 ἐνερ-

348 3598 525 3675 γείαις
555 3598 853 3664 θάλποντες
883 3600 1014 3665 τοὺς
1052 3602 1466 3678 ταπεινοτέρους
1523 3603 1858 3680 ἀνθρώπους,
1909 3603 2007 3659 ὅσα

348 3690 437 3743 καὶ
489 3695 591 3765 γῆν
644 3692 810 3745 πίονα
862 3690 937 3753 εἰς
990 3691 1373 3767 καρπογονίαν·
1453 3692 1519 3762 ἧς
1584 3692 1829 3771 ἀπαρχαὶ
1879 3693 2009 3769 ἀφο-

349 3782 592 3832 σιοῦνται
641 3784 759 3851 Θεῷ
808 3780 897 3835 καὶ
950 3782 1002 3835 οἱ
1048 3786 1290 3836 τοιοῦτοι
1341 3782 1600 3858 μοναχοί,
1649 3783 1738 3838 καὶ
1788 3783 1839 3837 οἱ
1892 3785 2007 3838 κατ’

349 3865 568 3937 αὐτοὺς,
612 3866 704 3923 καί
754 3866 943 3933 ἄλλως
988 3867 1046 3925 δὲ
1106 3871 1238 3948 ὑπὲρ
1296 3871 1495 3927 αὐτοὺς
1545 3873 1841 3949 ἀρχιερεῖς·
1890 3874 2008 3929 κατ’

350 3954 546 4018 αὐτοὺς
598 3956 692 4030 μὶν
721 3954 810 4011 διά
837 3960 934 4029 τήν
972 3958 1358 4030 ἴσοπολιτείαν,
1414 3961 1546 4033 ὑπὲρ
1596 3960 1789 4024 αὐτοὺς
1820 3960 1876 4016 δὲ
1921 3961 2010 4017 διὰ

348 4044 413 4099 τὸ
442 4050 544 4113 τῆς
604 4044 1019 4123 ἀρχιερωσύνης
1049 4047 1293 4123 ὕψιστον·
1330 4047 1413 4103 ὅτι
1442 4050 1529 4103 καὶ
1568 4050 1845 4125 βασίλειον
1877 4051 2006 4107 αὐτὸ

351 4132 666 4207 ἱεράτευμαο
712 4131 782 4188 δι’
833 4133 893 4189 οὗ
942 4137 1032 4192 καὶ
1083 4138 1240 4194 αὐτοὶ
1290 4137 1576 4209 έξάπαντος
1623 4139 2006 4215 εὐλογοῦνται,

354 4220 427 4281 ὡς
488 4222 658 4295 πάντη
722 4224 940 4287 πάντως
992 4223 1296 4298 ἐλάττονες,
1350 4228 1453 4283 ὑπὸ
1512 4229 1787 4302 μείζονος,
1820 4228 1870 4283 εἷ’
1914 4230 2004 4284 καὶ

351 4308 678 4383 ἀχθέσονται
727 4309 881 4387 ἴσως,
926 4313 1056 4370 αὐτό
1111 4315 1458 4387 ἀκούσαντες,
1510 4318 1587 4381 ὡς
1636 4316 1746 4374 ἔστι
1794 4321 2005 4394 τεκμή-

350 4401 540 4473 ρασθαι
580 4447 596 4474 ,
652 4402 740 4481 ἀφ’
789 4404 864 4457 ὧν
913 4404 988 4467 ὡς
1046 4401 1304 4463 ἑκάστοτε
1359 4407 1696 4483 πειρώμεθαο
1760 4409 1862 4464 οὐκ
1918 4408 2004 4463 εὐ-

2110 2001 2283 2056 modo
2303 1999 2521 2069 velint;
2548 2001 2649 2057 uni
2671 2006 2725 2056 et
2747 2000 2855 2057 soli
2879 2001 3068 2057 ordini
3089 2001 3284 2056 divino
3303 2001 3496 2056 locum
3520 2000 3757 2065 cedunt,

2108 2106 2174 2144 ex
2194 2088 2313 2145 alta
2326 2106 2434 2145 sua
2455 2092 2591 2146 sede
2612 2094 2745 2146 ante
2768 2090 3102 2163 pontiﬁcem
3118 2093 3438 2162 assurgunt
3461 2105 3474 2156 ;
3499 2088 3759 2158 reliquos

2107 2195 2240 2234 vero
2287 2179 2590 2235 inferiores
2650 2181 2764 2236 ﬁne
2821 2184 2878 2236 et
2932 2180 3135 2234 habitu
3195 2183 3497 2250 superant.
3530 2177 3756 2232 Etenim

2108 2269 2219 2324 sub
2264 2268 2408 2324 coelo
2456 2268 2610 2324 inter
2660 2269 2891 2324 divinos
2918 2268 3225 2324 hominum
3256 2267 3512 2335 ordines,
3546 2282 3756 2322 secun-

2111 2358 2215 2413 dos
2274 2363 2405 2430 post
2459 2357 2766 2424 caelestes,
2821 2375 2920 2414 eos
2979 2359 3080 2429 qui
3156 2358 3330 2429 primi
3405 2360 3463 2412 et
3517 2354 3759 2411 maximi

2109 2451 2323 2503 nostrae
2403 2447 2611 2503 salutis
2697 2447 2992 2520 pontificis
3083 2445 3400 2516 imaginem
3478 2445 3757 2510 referunt,

2108 2535 2213 2591 viri
2246 2538 2399 2592 bona
2457 2537 2595 2593 inde
2651 2537 2953 2592 manantia
3012 2534 3419 2607 percipientes,
3474 2550 3591 2588 non
3636 2548 3767 2603 pos-

2109 2629 2249 2681 sunt
2281 2626 2586 2696 prohibere
2634 2627 2804 2696 juxta
2859 2642 2993 2681 eum
3044 2630 3199 2680 stare
3259 2638 3760 2695 unumquemque,

2108 2722 2283 2789 prout
2313 2716 2619 2772 ordinatus
2676 2721 2785 2773 est.
2846 2715 3065 2772 Exinde
3096 2714 3440 2787 dignitatem
3500 2713 3614 2784 ipsi
3647 2717 3762 2767 sta-

2108 2805 2209 2862 tim
2243 2806 2578 2878 accipiunt;
2636 2806 2719 2861 ita
2775 2810 2838 2861 ut
2896 2808 3027 2878 post
3083 2804 3197 2859 tria
3250 2803 3375 2858 haec
3419 2800 3758 2870 luminaria,

2108 2899 2242 2966 post
2270 2896 2328 2950 id
2358 2896 2509 2967 quod
2544 2893 2748 2967 procul
2782 2894 2961 2950 dubio
3008 2897 3098 2949 est
3128 2908 3307 2964 supra
3363 2891 3546 2947 solem
3577 2888 3758 2963 (quod

2109 2988 2199 3040 est
2229 2984 2401 3055 Deus)
2430 3010 2442 3050 ;
2476 2989 2609 3056 post
2638 2985 2697 3039 id
2732 2984 2886 3055 quod
2919 2982 3029 3039 soli
3058 2987 3148 3038 est
3178 2980 3533 3048 simile,licet
3562 2979 3762 3034 minus

2111 3072 2333 3144 angelis
2362 3074 2501 3145 (quo
2534 3073 2792 3145 pontifex
2835 3071 3226 3143 resplendet);
3279 3075 3411 3143 post
3441 3069 3667 3136 lunare,
3701 3072 3767 3139 ut

2109 3162 2194 3218 ita
2223 3163 2437 3231 dicam,
2472 3164 2627 3235 quod
2678 3162 2738 3219 in
2799 3161 3087 3218 monacho
3119 3160 3374 3233 perfecto
3430 3159 3627 3215 videre
3656 3162 3769 3226 est,

2114 3267 2319 3307 omnes
2348 3251 2653 3308 inferiores
2709 3250 2946 3308 luceant
2992 3252 3319 3307 secundum
3373 3253 3579 3315 Deum,
3614 3246 3769 3303 sicut

2114 3345 2274 3397 astra
2306 3358 2484 3413 super
2512 3346 2768 3397 terram:
2822 3347 2997 3413 atque
3026 3340 3156 3396 luce
3203 3338 3564 3404 illuminent,
3598 3339 3655 3391 et
3683 3335 3767 3389 vi-

2113 3430 2265 3486 vidis
2295 3430 2617 3486 virtutibus
2649 3429 2943 3501 segniores
2996 3429 3286 3497 homines,
3320 3432 3384 3483 ut
3413 3432 3629 3482 terram
3664 3426 3768 3479 fer-

2114 3519 2380 3588 tilem,ad
2414 3521 2638 3575 fructus
2688 3520 2958 3576 ferendos
3018 3519 3319 3574 accedant.
3377 3514 3556 3587 Cujus
3600 3518 3766 3568 terra

2116 3609 2386 3681 primitias
2416 3609 2533 3665 Deo
2590 3615 3012 3667 consecrantur
3067 3607 3212 3664 tales
3266 3604 3561 3671 monachi,
3594 3607 3769 3675 atque

2109 3698 2281 3769 juxta
2310 3715 2430 3766 eos,
2463 3703 2520 3755 et
2549 3716 2727 3772 super
2755 3716 2853 3756 eos
2886 3698 2998 3755 alio
3030 3698 3203 3754 modo
3233 3695 3571 3770 pontiﬁces:
3600 3694 3772 3765 juxta

2117 3788 2526 3861 quidem,quia
2549 3789 2759 3845 iisdem
2792 3788 3020 3862 legibus
3051 3788 3285 3856 vivunt;
3320 3788 3774 3858 supra,propter

2118 3876 2497 3948 pontiﬁcatus
2539 3876 2958 3933 excelsitatem.
3017 3875 3285 3946 Namque
3334 3871 3529 3945 regale
3559 3874 3648 3926 est
3679 3886 3772 3925 sa-

2117 3965 2464 4037 cerdotium,
2499 3984 2533 4023 a
2590 3984 2706 4039 quo
2754 3966 2865 4038 ipsi
2900 3966 3061 4021 omni
3094 3965 3268 4020 modo
3317 3961 3767 4029 benedicuntur,

2117 4059 2319 4126 utpote
2342 4055 2615 4111 inferiore
2648 4072 2717 4110 ex
2746 4055 2908 4112 omni
2958 4058 3119 4127 parte
3168 4071 3202 4109 a
3232 4050 3553 4124 superiore.
3589 4051 3774 4105 Erunt

2117 4144 2266 4200 forte
2298 4144 2421 4217 qui,
2454 4144 2545 4200 his
2577 4144 2814 4215 auditis,
2848 4144 3410 4214 indignabuntur,ut
3441 4138 3651 4213 conjici
3673 4155 3772 4210 po-

2114 4236 2233 4289 test
2290 4250 2357 4289 ex
2414 4233 2507 4288 his
2566 4250 2693 4305 quis
2752 4234 3014 4305 undique
3066 4231 3438 4305 experimur;
3500 4228 3603 4285 sed
3653 4244 3769 4283 non

2115 4324 2289 4378 erunt
2317 4321 2490 4378 laude
2522 4321 2705 4394 digni,
2738 4321 3029 4394 siquidem
3080 4321 3255 4378 istius
3288 4318 3565 4376 molestias
3598 4315 3768 4373 ratio-

2112 4428 2249 4467 nem
2282 4413 2420 4468 dare
2452 4429 2567 4468 non
2590 4413 2914 4485 possunt,si
2935 4412 3071 4485 quis
3096 4427 3225 4467 eam
3248 4411 3320 4466 ab
3340 4408 3461 4465 illis
3483 4405 3763 4481 postulat.

345 4488 592 4565 Αόγιστοι
668 4490 864 4549 ἐκεῖνοι
939 4489 1110 4567 ὄντες,
1188 4495 1272 4553 ὅτι
1352 4495 1493 4573 μηδέ
1568 4496 1737 4575 λόγον
1815 4492 2037 4575 ἔχουσιν
2114 4497 2436 4557 ἀποδιδόναι
2509 4505 2606 4557 τοῦ
2679 4500 2930 4556 τοιούτου
3006 4497 3234 4577 ἄχθους,
3313 4495 3366 4553 εἷ’
3432 4517 3514 4559 τις
3575 4492 3770 4557 αὐτοὺς

351 4580 695 4651 ἁπαιτήσειεν
705 4625 718 4639 .

426 4688 497 4759 η’.
550 4689 615 4744 Εἰ
658 4690 760 4768 γὰρ
810 4691 948 4755 ἅπας
1002 4694 1030 4748 6
1078 4693 1132 4750 ἐν
1181 4700 1299 4759 τοῖς
1348 4702 1463 4760 καθ’
1512 4700 1659 4771 ἡμᾶς
1714 4697 2001 4773 ἁγιασμὸς,

2185 4701 2244 4760 8.
2284 4703 2512 4758 Etenim
2543 4703 2588 4757 si
2621 4702 2814 4759 omnis
2843 4698 3228 4758 sanctiﬁcatio
3260 4702 3461 4755 nostra
3489 4696 3607 4753 sive
3640 4711 3769 4768 quae

356 4777 468 4831 οἷον
530 4777 583 4833 έν
613 4784 694 4852 τῷ
725 4780 1010 4856 ἁγιωτάτῳ
1047 4783 1398 4858 βαπτίσματι,
1448 4786 1542 4853 καὶ
1588 4787 1615 4839 ὁ
1647 4784 1697 4841 ἐν
1730 4790 1799 4861 τῇ
1832 4784 2003 4862 λοιπῇ

351 4867 492 4921 κατά
543 4867 661 4943 βίον
692 4869 1000 4946 ἀναςτροφῇ
1049 4876 1157 4926 τῶν
1200 4867 1644 4948 βεϐαπτισμένων
1694 4874 1785 4928 καὶ
1834 4877 1886 4930 οἱ
1933 4877 2009 4930 ἱε-

352 4957 563 5029 ρατικοὶ
620 4959 822 5033 βαθμοὶ
859 4961 1109 5029 ἅπαντες,
1142 4959 1251 5031 ἤδη
1279 4960 1335 5017 δὲ
1364 4963 1499 5038 πρὸς
1530 4959 1725 5019 ἄλλοις
1757 4965 1847 5018 καὶ
1880 4965 2010 5020 αὐτὸ

350 5047 413 5100 τὸ
442 5046 742 5121 κούρευμα,
776 5045 847 5102 δι’
876 5048 938 5102 οὗ
971 5049 1021 5103 οἱ
1053 5050 1288 5126 μοναχοὶ
1318 5055 1398 5124 τῷ
1435 5055 1549 5124 Θεῷ
1603 5058 2010 5126 καθοσιοῢνται,

354 5134 455 5190 οὐκ
486 5133 674 5199 ἄλλως
705 5136 1184 5214 τελεταρχοῦνται,
1240 5138 1384 5196 ἀλλὰ
1432 5145 1511 5214 τῷ
1567 5141 1849 5217 νοουμένῳ
1914 5144 2007 5218 μὶν

357 5222 407 5295 ἐξ
439 5224 594 5302 ἀγίου
626 5224 963 5300 Πνεύματος,
1012 5232 1092 5282 τῶ
1124 5226 1178 5284 δὲ
1215 5229 1540 5305 βλεπομένῳ
1569 5230 1605 5301 ἢ
1656 5232 1760 5287 ὑπὸ
1791 5233 2009 5288 ἐπισκό-

355 5334 496 5383 πων,
529 5314 565 5384 ἢ
598 5313 744 5371 ἀλλᾶ
777 5315 880 5371 ὑπὸ
911 5316 1122 5392 ἱερέων,
1180 5318 1271 5380 οὕς
1325 5319 1375 5373 οἱ
1425 5318 1711 5376 ἐπίσκοποι
1742 5321 2009 5379 τοιούτων

354 5405 688 5478 θεοπραξιῶν
760 5409 1091 5480 προῖστῶσιν
1161 5406 1404 5484 ἐργάτας,
1483 5414 1600 5472 πῶς
1664 5408 1722 5466 ἄν
1767 5433 1850 5475 τις
1898 5416 2007 5467 τῶν

362 5495 732 5568 μοναζόντων,
786 5494 878 5558 οὕς
931 5496 1021 5551 καὶ
1070 5495 1283 5568 αὐτοὺς,
1337 5499 1387 5553 οἳ
1430 5504 1670 5555 τοιοῦτοι
1727 5501 2009 5576 ἀγιάζουσι

363 5581 786 5659 μυστηριωδῶς,
834 5584 1112 5659 τολμήσαι
1160 5586 1444 5661 ἀντειπεῖν,
1497 5590 1571 5653 ὡς
1629 5589 1739 5665 οὐχ
1786 5590 2008 5670 ὑφίστα-

357 5691 449 5726 ται
496 5677 800 5747 προεστῶτι
853 5672 1139 5752 ὰρχιιρεῖ,
1183 5678 1272 5732 καὶ
1321 5676 1559 5735 ἐλάττων
1612 5678 1754 5736 έστὶν
1804 5678 2004 5753 αὐτοῦς

360 5762 449 5817 καὶ
485 5760 546 5817 οὐ
582 5760 751 5837 μόνου
788 5766 885 5819 τοῦ
914 5770 1205 5842 προσεχῶς
1231 5764 1647 5844 τελειώσαντος,
1690 5769 1780 5828 καὶ
1836 5768 2008 5835 οὕτως

2120 4789 2181 4847 in
2213 4808 2378 4848 sacro
2436 4792 2792 4865 baptismate
2846 4797 2957 4861 est,
3017 4790 3136 4846 sive
3196 4805 3325 4860 quas
3355 4788 3414 4842 in
3472 4801 3773 4842 conversa-

2122 4879 2281 4937 tione
2312 4880 2548 4953 reliquaa
2598 4881 2727 4936 vitm
2782 4880 3233 4951 baptizatorum,
3262 4878 3309 4935 si
3368 4892 3573 4932 omnes
3605 4889 3775 4930 sane-

2121 4968 2309 5025 titatis
2338 4970 2577 5042 gradus,
2611 4974 2670 5024 et
2699 4969 2995 5040 imprimis
3025 4968 3155 5040 ipsa
3209 4971 3475 5035 tonsura,
3508 4979 3625 5035 qua
3656 4968 3770 5018 Deo

2121 5058 2394 5113 monachi
2424 5064 2863 5126 consecrantur,
2893 5058 3006 5113 alio
3039 5060 3212 5114 modo
3267 5073 3382 5112 non
3416 5053 3770 5110 benedicun-

2121 5154 2234 5216 tur,
2270 5148 2384 5203 nisi
2413 5165 2446 5204 a
2476 5152 2678 5203 sancto
2726 5147 2949 5219 Spiritu
2990 5145 3399 5219 judicantibus
3454 5140 3773 5217 spirituali-

2118 5239 2227 5305 ter,
2259 5242 2318 5292 et
2360 5241 2595 5293 externe
2647 5238 2720 5292 ab
2772 5236 3089 5308 episcopis,
3147 5241 3310 5291 auta
3366 5232 3771 5290 sacerdotibus

2120 5339 2269 5395 quos
2299 5325 2553 5398 episcopi
2613 5326 2819 5380 horum
2855 5326 3079 5380 rituum
3128 5340 3430 5380 sacrorum
3475 5322 3772 5396 operarios

2120 5415 2486 5487 praeficiunt;
2545 5416 2837 5484 quomodo
2886 5413 3101 5485 aliquis
3132 5429 3201 5469 ex
3255 5413 3583 5480 monachis,
3614 5429 3649 5467 a
3678 5429 3771 5468 sa-

2114 5504 2455 5560 cerdotibus
2503 5503 2662 5560 intra
2719 5502 2995 5576 mysteria
3051 5508 3448 5570 consecratus,
3484 5501 3773 5557 contradi-

2119 5609 2248 5651 cere
2279 5594 2522 5651 auderet
2549 5610 2612 5650 se
2669 5595 2939 5666 praefecto
2970 5591 3234 5665 pontiﬁci
3290 5608 3407 5647 non
3439 5591 3768 5662 subjacere,

2118 5699 2310 5756 neque
2339 5699 2406 5740 eo
2438 5684 2727 5741 minorem
2775 5682 2952 5742 esse?
2982 5697 3174 5755 neque
3216 5680 3409 5739 solum
3439 5698 3507 5739 eo
3564 5681 3666 5753 qui
3695 5682 3766 5736 ad

2118 5788 2380 5847 unguem
2410 5772 2653 5847 perfecit
2678 5778 2738 5831 et
2756 5773 2841 5833 sic
2870 5770 3361 5844 consecravit,sed
3391 5786 3764 5843 quocunque,
