4082 6378
331 366 449 425 ’135

1103 369 1524 430 EUSTATHII
1569 367 2341 430 THESSALONICENSIS
2387 367 2970 428 METROPOLITIE

3621 368 3749 430 736

331 496 500 566 cujus
531 497 705 568 capiti
732 498 942 554 deinde
969 500 1163 556 insani
1197 501 1566 564 insidientur,
1600 500 1776 572 idque
1801 499 1982 555 velint

2109 499 2440 573 ἷιγιάσαντος,
2473 495 2620 553 ἀλλὰ
2684 498 2905 569 παντὸς,
2939 497 3248 552 οὐτινοσοῦν
3281 495 3377 551 κᾶν
3411 494 3634 574 ὕστερον
3691 500 3747 554 οἱ

332 585 656 641 demittere.
691 587 798 650 Qui
849 589 958 645 sibi
1018 590 1288 645 videntur
1335 591 1527 659 capita
1583 607 1732 653 esse,
1785 590 1887 645 sed
1920 605 1981 644 re

330 690 466 729 vera
497 691 660 730 mera
691 677 839 733 colla
871 679 996 734 sine
1027 680 1237 750 capite,
1269 679 1368 750 qui
1403 697 1511 734 sua
1534 679 1818 750 jactantia
1847 695 1981 733 mu-

337 767 534 820 tantur
563 765 622 820 in
683 782 858 838 opera
889 785 994 823 suo
1054 769 1275 823 auctori
1335 770 1814 825 contradicentia.
1848 770 1977 824 Ete-

332 853 454 908 nim
487 870 603 908 non
635 857 889 925 cogitant
941 857 1136 912 Patres
1167 857 1405 928 quidem
1437 875 1499 914 se
1529 875 1658 915 esse
1687 858 1744 912 in
1778 857 1981 914 ordine

330 942 714 1013 hierarchico,
748 946 848 999 sed
881 949 1112 1001 Patrem
1160 948 1390 1002 Patrum
1442 963 1571 1003 esse
1605 947 1980 1018 pontiﬁcem;

333 1047 436 1086 nec
469 1036 730 1102 pastores
761 1033 1000 1105 quidem
1032 1051 1179 1104 sese,
1213 1036 1313 1107 qui
1349 1041 1610 1108 praaeunt
1640 1036 1979 1108 aliquando,

333 1135 634 1175 summum
665 1138 798 1177 vero
827 1127 1124 1192 pastorem
1153 1139 1283 1180 esse
1314 1125 1771 1195 pontiﬁcem,cui
1804 1141 1984 1196 supra

333 1214 658 1278 praeeuntes
690 1227 818 1267 esse
871 1213 1132 1284 contigit,
1167 1218 1223 1268 et
1281 1231 1434 1286 saepe
1489 1216 1829 1287 episcopum
1857 1215 1983 1286 epi-

332 1313 644 1368 scoporum
675 1317 687 1366 ;
717 1317 904 1371 neque
921 1318 983 1356 se
1006 1303 1301 1358 modicum
1328 1304 1685 1359 monachicis
1707 1305 1982 1376 operibus

331 1386 676 1443 exercitatos
707 1389 766 1442 in
822 1390 1228 1461 pontiﬁcatum
1287 1395 1601 1448 ascendere
1657 1397 1980 1465 Optaturos,

333 1491 446 1529 non
481 1477 634 1546 quod
661 1478 1075 1551 demergantur
1096 1498 1164 1536 ex
1185 1481 1348 1554 apice
1372 1483 1589 1538 montis
1621 1484 1678 1537 in
1703 1500 1980 1555 praeceps,

331 1565 432 1618 sed
468 1567 623 1635 quod
655 1583 686 1621 e
715 1571 870 1622 terra
895 1569 950 1622 in
984 1569 1195 1625 cmlum
1228 1577 1560 1644 assurgant.

2095 589 2170 660 μῆ
2229 588 2644 664 βαθυγνώμονες
2694 586 3084 662 ἀπεγείρῶνται
3136 591 3254 648 ταῖς
3300 592 3567 664 κεφαΛαῖς
3595 632 3608 657 ,
3653 589 3747 644 καὶ

2092 676 2310 751 ἀπάγειν
2372 674 2532 738 αὐτὰς
2593 674 2850 732 ἐθέλωσι·
2913 673 3192 738 δοκοῦντες
3244 677 3338 748 μὲν
3398 677 3450 730 οἱ
3503 677 3748 732 τοιοῦτοι

2088 763 2320 841 κεφαλαὶ
2379 768 2538 831 εἶναι,
2595 770 2675 839 τῷ
2732 761 2845 820 ὄντι
2903 763 2960 820 δὲ
3008 765 3234 840 αὐχένες
3277 760 3425 828 ὅντες
3455 765 3748 844 ἀκέφαλοι,

2089 854 2180 909 καὶ
2211 855 2384 918 οὕτως
2413 853 2908 928 ἀποκαθιστάμενα
2951 858 3020 928 τῇ
3073 853 3363 926 ἀλαζονείᾳ
3409 852 3488 916 εἷς
3538 861 3745 932 ’χειρῶν

2089 942 2406 1016 πλάσματα,
2437 949 2553 1005 τοῖς
2602 942 2736 998 αὐτὰ
2782 945 3070 1014 ποιήσασιν
3122 941 3489 1020 ἀντιλέγοντα.
3522 945 3597 1000 Οὐ
3641 946 3747 1022 γὰρ

2091 1032 2388 1104 ἐννοοῦσιν,
2445 1034 2527 1088 ὅτι
2559 1031 2791 1108 Πατέρες
2824 1032 2918 1106 μὲν
2948 1031 3100 1087 αὐτοὶ
3137 1030 3504 1106 διακρίνονται
3555 1036 3744 1110 ἀρχιε-

2091 1128 2294 1199 ρατικῷ
2328 1123 2541 1198 ῥυθμῷ,
2601 1123 2787 1196 Πατὴρ
2819 1119 2876 1176 δὲ
2905 1123 3159 1196 Πατέρων
3195 1123 3223 1176 6
3266 1121 3577 1199 ἀρχιερεύς·
3631 1121 3750 1189 οὔθ’

2092 1214 2174 1268 ὅτι
2228 1212 2485 1285 ποιμένες
2545 1211 2638 1284 μὲν
2694 1211 2889 1280 αὐτοὶ,
2949 1212 3031 1266 ὅτι
3087 1211 3176 1265 καὶ
3235 1211 3538 1286 ἡγούμενοί
3584 1233 3739 1279 ποτε,

2093 1303 2438 1378 ἀρχιποίμην
2491 1299 2548 1356 δὲ
2605 1301 2633 1355 6
2690 1299 2976 1376 ἀρχιερεὺς
3011 1346 3026 1371 ,
3086 1299 3199 1354 ἐπεὶ
3273 1301 3361 1354 καὶ
3421 1300 3729 1375 ἡγουμένων

2093 1391 2314 1466 ὕπερθεν
2364 1386 2561 1466 ἔλαχεν
2623 1391 2776 1462 εἶναι,
2829 1391 2855 1443 ὁ
2887 1391 2973 1445 καὶ
3025 1388 3333 1444 ἐπισκόπων
3364 1389 3652 1452 ἐπίσκοπος
3684 1388 3739 1444 ἐν

2091 1480 2344 1541 πολλοῖς·
2409 1477 2531 1534 οὔτε
2585 1478 2674 1533 ὅτε
2734 1479 2924 1553 μικρὸν
2977 1477 3100 1533 ὅσον
3163 1476 3627 1550 ἐμμελετήσαντες
3675 1476 3745 1543 τῇ

2097 1571 2375 1644 μοναχικῇ
2411 1567 2666 1644 ἐργωδίᾳ,
2730 1567 2842 1622 εἶτα
2901 1566 3300 1640 ἐπιθυμήσουσι
3349 1566 3438 1622 καὶ
3463 1566 3538 1628 εἰς
3564 1566 3757 1642 ἱεράρ-

335 1671 441 1725 χας
469 1651 620 1707 αὐτοὶ
673 1650 990 1725 μεταϐῆναι⁶
1019 1657 1081 1712 οὐ
1113 1656 1290 1728 δήπου
1323 1655 1867 1734 ὑποκαταϐησόμενοι
1893 1659 1967 1721 ὡς
2001 1659 2106 1714 ἀπὸ
2134 1660 2433 1734 ἀκρωρείας
2465 1656 2542 1720 εἷ¹ς
2570 1678 2722 1721 τινας
2750 1655 3055 1733 κρημνοὺς,
3083 1653 3211 1712 ἁλλ’
3263 1657 3338 1718 ὡς
3385 1654 3755 1729 ἀρθησόμενοι

337 1739 398 1793 ἐκ
424 1746 526 1814 γῆς
557 1741 631 1804 εἷς
663 1741 977 1817 ”Ολυμπον.

405 1847 461 1900 9.
496 1848 604 1904 Sed
638 1866 814 1921 quam
847 1853 920 1908 ob
940 1870 1180 1911 causam
1215 1856 1471 1930 amplius
1501 1857 1848 1930 divagari,et
1875 1873 1988 1913 non

2144 1854 2212 1918 θ’.
2253 1851 2426 1910 Ἀλλὰ
2448 1853 2501 1909 τί
2561 1875 2654 1927 μοι
2713 1850 3087 1928 παρεξοδεύειν
3146 1851 3225 1914 είς
3278 1849 3471 1922 πλέον,
3531 1850 3624 1906 καὶ
3675 1851 3754 1922 μὴ

265 1929 269 1932 ”
337 1937 408 1992 ad
445 1942 904 2009 percurrendum
939 1947 1195 2004 stadium
1229 1929 1572 2005 reflectere‘?
1598 1929 1898 2021 Agebatur
1921 1949 1990 2003 de

337 2025 606 2099 eligenda
635 2030 753 2085 vita
809 2033 1083 2104 perfecta,
1119 2041 1177 2092 et
1231 2039 1300 2093 de
1353 2038 1782 2094 consideranda
1831 2038 1891 2093 in
1923 2054 1992 2094 ea

338 2115 612 2174 universa
640 2118 758 2174 vita
789 2123 1164 2180 monachica:
1200 2143 1379 2197 quam
1425 2127 1524 2197 qui
1575 2131 1709 2199 post
1738 2126 1991 2199 primam

339 2206 684 2262 describunt
709 2208 967 2268 illustres
999 2215 1154 2284 apud
1207 2232 1312 2271 nos
1345 2216 1641 2282 monachi,
1673 2217 1734 2271 in
1773 2233 1990 2272 vanum

340 2293 630 2364 laborant,
667 2299 819 2368 quod
855 2301 923 2354 ad
958 2301 1118 2372 ipsos
1151 2302 1377 2359 attinet.
1411 2305 1470 2360 Si
1511 2309 1710 2360 autem
1743 2305 1814 2360 ad
1844 2305 1992 2361 bene

340 2383 738 2440 ordinandum
769 2404 1100 2445 sermonem
1147 2391 1292 2448 istos
1323 2393 1544 2465 primos
1575 2395 1899 2466 aggredior,
1933 2394 1992 2449 id

342 2486 547 2527 omnes
580 2476 911 2532 mundanos
959 2480 1195 2536 ordines
1243 2482 1605 2554 docebit,_'{ut
1647 2483 1834 2550 aiunt,
1867 2499 1990 2538 ma-

343 2575 527 2631 gnum
558 2569 614 2616 et
645 2579 911 2636 parvum,
943 2567 1096 2622 circa
1145 2571 1368 2641 majora
1418 2576 1520 2626 aut
1566 2572 1792 2628 minora
1823 2589 1994 2627 occu-

343 2652 570 2719 patum.
601 2651 766 2707 Alius
824 2657 1060 2726 quidem
1120 2659 1188 2712 ad
1249 2661 1474 2731 majora
1529 2661 1834 2717 ordinatus
1882 2665 1992 2726 est,

344 2735 496 2792 alius
518 2739 590 2793 ad
621 2743 948 2798 secundum
980 2744 1196 2815 locum,
1229 2752 1286 2803 et
1332 2750 1540 2804 tertius
1573 2750 1644 2807 ad
1676 2749 1988 2805 inferiora:

347 2843 475 2896 quae
506 2828 740 2900 singula
771 2848 876 2887 nos
909 2850 1244 2904 percurrere
1268 2854 1439 2893 nemo
1472 2838 1992 2911 postulabit,siqui-

348 2915 484 2968 dem
543 2933 713 2973 nemo
745 2924 831 2975 est
881 2923 982 2992 qui
1015 2922 1168 2980 hanc
1226 2927 1572 2983 sententiam
1633 2928 1692 2984 in
1747 2927 1994 2983 dubium

345 3009 593 3059 revocet.

418 3093 504 3146 10.
540 3093 957 3155 Monachorum
996 3117 1183 3173 genus
1230 3103 1515 3162 exercitus
1546 3109 1655 3175 est,
1706 3123 1820 3161 non
1851 3122 1994 3177 qua-

2099 1941 2480 2016 ἐπανακάμψαι
2533 1942 2608 2005 εἷς
2665 1943 2728 1998 τὸ
2784 1942 3204 2018 προτεθειμένον
3257 1940 3601 2018 τρόχασμας
3659 1943 3758 1993 Ἤν

2101 2029 2159 2087 δὲ
2213 2032 2344 2088 αὐτὸ
2403 2030 2636 2106 ἐπιλογῇ
2694 2038 2796 2102 τῆς
2856 2031 3356 2106 μεγαλοσχήμονος
3402 2031 3618 2104 βιοτῆς,
3663 2026 3756 2082 καὶ

2101 2121 2300 2197 θεωρίᾳ
2357 2119 2429 2176 δι’
2482 2122 2651 2188 αὐτῆς
2700 2125 2798 2176 τοῦ
2856 2120 2989 2177 ὅλου
3047 2123 3352 2195 μοναχικοῢ
3404 2117 3528 2194 βίου
3589 2115 3646 2171 ὅν
3701 2117 3754 2170 οἱ

2097 2218 2198 2281 τῆς
2255 2212 2372 2266 καθ’
2423 2214 2571 2284 ἡμᾶς
2599 2217 2703 2286 γῆς
2743 2207 2949 2281 ἔνδοξοι
3015 2207 3251 2284 μοναχοὶ
3312 2205 3758 2284 παραγράφοντες

2100 2301 2404 2377 ἀχρειοῦσι,
2458 2301 2520 2356 τό
2574 2321 2639 2376 γε
2695 2298 2772 2362 εἷς
2831 2297 3026 2362 αὐτοὺς
3059 2301 3216 2368 ἧκον.
3252 2296 3319 2353 Ei:
3349 2294 3406 2352 δὲ
3434 2296 3570 2370 πρὸς
3599 2295 3757 2350 εὐτα-

2102 2391 2214 2463 ξίαν
2274 2388 2445 2464 λόγου
2490 2387 2617 2452 τοὺς
2671 2387 2953 2450 τοιούτους
2982 2388 3231 2463 πρώτους
3277 2382 3755 2462 μεταχειρίσομαι,

2104 2480 2256 2549 αὐτὸ,
2292 2477 2442 2556 φασὶ,
2473 2475 2711 2548 δηλώσει
2743 2477 2903 2532 παντὶ
2945 2478 3182 2552 τάγματι
3215 2478 3489 2548 κοσμικῶ,
3527 2470 3751 2548 μεγάλῳ

2101 2568 2189 2624 καὶ
2225 2573 2428 2643 μικρῷ,
2459 2569 2582 2644 περὶ
2621 2567 2789 2641 μείζω
2819 2567 3228 2642 καταγινομένῳ
3265 2565 3355 2618 καὶ
3413 2563 3535 2637 περὶ
3596 2560 3754 2616 ἐλάτ-

2101 2679 2255 2714 τονα.
2287 2659 2348 2715 Ὁ
2409 2657 2503 2731 μέν
2561 2678 2643 2719 τις
2702 2655 3042 2712 ἐπιτέτακται
3071 2654 3145 2717 εἷ¹ς
3199 2659 3408 2728 μεῖζον,
3463 2653 3490 2707 ὁ
3560 2649 3618 2705 δὲ
3677 2649 3755 2714 εἰς

2105 2745 2374 2820 δεύτερον,
2423 2747 2509 2801 καὶ
2571 2747 2695 2817 ἑξῆς
2727 2745 2803 2808 είς
2861 2742 3265 2818 ὑποδεέστερον·
3299 2741 3392 2798 κλὶ
3440 2738 3748 2815 περιελθεῖν

2104 2836 2454 2914 έπαγωγικῶς
2484 2835 2801 2890 τὰτοιαῦτα
2856 2831 3036 2896 οὐδεὶς
3091 2835 3239 2906 ἡμᾶς
3299 2831 3608 2902 ἀπαιτήσει,
3667 2827 3751 2882 ὅτι

2107 2925 2248 3001 μηδέ
2291 2924 2374 2998 εἴη
2409 2925 2470 2980 ἂν
2501 2927 2528 2980 6
2561 2926 2875 3004 ἀμφιγνοῶν
2900 2923 3054 2979 τουτὶ
3082 2922 3144 2977 τὸ
3167 2928 3390 2995 Λῆμμα.

2178 3113 2227 3164 ι’.
2259 3107 2411 3162 Ἐστι
2445 3102 2512 3174 δὴ
2540 3106 2728 3180 τάγμα
2756 3125 2810 3158 τι
2839 3102 2929 3158 καὶ
2958 3104 3021 3158 τὸ
3058 3099 3378 3176 μοναχικὸν,
3435 3097 3524 3153 καὶ
3580 3095 3644 3152 οὗ
3690 3097 3750 3152 τὸ

344 3179 671 3253 liacunque,
700 3187 799 3241 sed
831 3204 964 3245 vere
995 3184 1249 3248 diviniis.
1274 3195 1462 3266 Cepiae
1493 3195 1797 3267 sacrae,Dei
1818 3195 1994 3263 acies,

350 3271 510 3297 ΑΙηηιε
550 3274 786 3297 n-...:_-
860 3275 910 3297 ὲ-
988 3295 998 3297 _
1066 3279 1079 3297 1
1154 3281 1166 3293 ο
1249 3281 1263 3297 1
1313 3283 1349 3297 ιι
1582 3285 1592 3295 ι
1957 3288 1992 3297 .-

2109 3197 2292 3272 τυχὸν,
2353 3191 2499 3249 ἀλλά
2556 3179 2698 3258 θεῖον
2750 3197 2830 3262 τῷ
2882 3190 3032 3246 ὅντι·
3096 3187 3320 3297 στρατὸς
3383 3185 3574 3295 1396;,-
3625 3187 3750 3287 Θεοῦ

347 3271 513 3325 electi
546 3274 815 3346 Domino,
860 3275 918 3330 in
979 3279 1120 3335 coelo
1151 3281 1374 3354 inclyti,
1435 3285 1675 3340 omnino
1707 3288 1996 3358 segregati

348 3376 383 3414 a
413 3365 752 3430 proceribus
784 3368 948 3421 terrae
997 3370 1214 3439 quibus
1237 3371 1392 3427 mala
1420 3383 1749 3445 servantur,
1782 3376 1999 3432 milites

352 3449 635 3506 adversus
659 3459 987 3524 apostatam
1011 3463 1068 3513 et
1098 3460 1369 3516 rebellem
1404 3463 1725 3532 diabolum,
1758 3464 1995 3536 angelo-

350 3554 481 3592 rum
513 3540 1113 3616 imitatores,ideoque
1136 3566 1248 3603 non
1277 3552 1446 3607 modo
1471 3553 1678 3608 animae
1703 3554 1996 3622 humanae,

351 3627 454 3681 sed
484 3629 661 3684 etiam
721 3635 981 3704 corporis
1039 3639 1329 3707 custodes,
1377 3641 1468 3695 cui
1527 3642 1740 3699 amotis
1796 3660 1998 3714 pecca-

349 3713 452 3784 tis,
481 3722 743 3774 nostram
779 3723 1031 3792 primam
1077 3725 1446 3785 harmoniam
1501 3731 1645 3786 bene
1677 3748 1998 3804 congruam

350 3806 754 3878 turbantibus,
787 3812 1100 3869 sanitatem
1132 3817 1380 3873 afferunt
1408 3837 1420 3887 ;
1453 3819 1565 3892 ipsi
1597 3821 1830 3877 virtutis
1859 3838 2001 3878 vasa

352 3893 403 3948 si
431 3895 502 3949 ad
533 3912 661 3952 eam
717 3902 982 3971 protinus
1029 3908 1231 3974 aperta
1273 3912 1452 3978 sunt;
1511 3908 1720 3965 divinae
1752 3911 2000 3982 myrrha

353 3986 741 4072 receptacula,
795 3993 1028 4059 quando
1083 3996 1336 4066 graviter
1391 4015 1506 4053 non
1538 3997 1731 4067 olent;
1766 4006 2002 4072 aposto-

354 4070 545 4128 lorum
573 4075 1060 4151 efﬁgies,quando
1083 4084 1155 4139 ad
1189 4101 1281 4141 res
1313 4086 1542 4143 divinas
1576 4070 2003 4161 exsculpendas

354 4165 494 4217 sunt
522 4163 755 4234 idonei;
789 4171 1042 4239 paradisi
1089 4173 1400 4244 salutares,
1448 4176 1733 4234 inaccensi
1765 4177 2005 4250 perﬁdis

355 4253 726 4325 serpentibus
757 4273 861 4328 per
917 4276 1065 4332 quos
1120 4263 1388 4320 diabolus
1415 4281 1548 4321 cum
1607 4268 2006 4339 praebentibus

355 4357 559 4397 aurem
588 4343 715 4400 vult
746 4345 1018 4419 colloqui.
1041 4353 1176 4406 Hazc
1195 4351 1591 4423 pulcherrima
1622 4355 1795 4424 acies,
1827 4373 2007 4428 quam

357 4428 666 4488 hierarcha
696 4433 808 4490 alia
839 4439 1079 4494 omnino
1110 4447 1369 4512 superat,
1403 4447 1661 4500 ostentat
1690 4462 1831 4502 suos
1861 4463 2008 4518 prte-

357 4517 508 4575 latos
540 4523 640 4592 qui
671 4528 811 4579 sunt
840 4529 1074 4599 magnis
1104 4529 1368 4603 insignes
1413 4533 1753 4602 virtutibus,
1786 4517 1888 4606 qui
1920 4535 2011 4607 (ut

359 4609 626 4667 absolute
659 4612 872 4687 dicam)
902 4598 1073 4673 suam
1125 4598 1611 4690 magnitudinem,
1641 4627 1697 4678 et
1727 4598 2011 4696 magnum
2043 4598 2090 4664 D

359 4697 756 4758 characterem
815 4721 992 4760 suum
1046 4707 1209 4764 nullo
1266 4710 1440 4765 modo
1499 4709 1698 4768 fallere
1751 4713 2003 4782 debent;

359 4788 527 4859 cujus
548 4789 786 4860 quidem
811 4793 1257 4866 intelligentiam
1281 4815 1393 4853 non
1425 4799 1676 4856 arbitror
1695 4801 1780 4858 ita
1804 4819 2007 4859 ascen-

359 4878 496 4933 dere
526 4879 584 4933 in
619 4886 846 4938 mentes
897 4885 1184 4955 omnium,
1219 4903 1408 4958 neque
1461 4889 1778 4961 perfectam
1811 4893 2008 4965 cogni-

359 4968 674 5038 tionem,ut
702 4972 892 5044 primo
923 4975 1131 5031 obtutu
1163 4976 1549 5049 intelligatur.

435 5170 520 5226 11.
605 5169 926 5245 Propositis
1010 5174 1304 5233 variarum
1391 5178 1720 5251 specierum
1805 5183 2011 5255 ﬁguris

363 5261 816 5332 mathematicis,
852 5264 1079 5336 sphaera
1112 5267 1374 5324 eminere
1402 5267 1827 5343 videtur,cujus
1857 5271 2015 5328 linea

363 5351 786 5420 circumducta,
822 5357 996 5426 atque
1031 5372 1169 5428 gyro
1219 5373 1325 5412 suo
1377 5359 1577 5414 omnia
1632 5359 1795 5416 intus
1825 5361 2014 5417 invol-

365 5454 866 5516 vens,magnaque
896 5445 1240 5518 apparentia
1269 5446 1405 5503 inde
1436 5449 1776 5522 conspicua,
1810 5453 2015 5522 merito

368 5527 618 5583 dicenda
647 5535 736 5586 est
758 5548 970 5606 magna
997 5534 1186 5606 ﬁgura
1205 5539 1443 5608 propter
1470 5554 1639 5594 suam
1664 5540 2020 5612 magnitudi-

367 5634 526 5674 nem.
561 5619 777 5676 Eodem
809 5625 983 5680 modo
1027 5625 1372 5692 monachus,
1403 5627 1617 5684 virtute
1665 5627 1935 5702 caelestis,
1963 5634 2021 5687 et

370 5705 739 5778 prapinquus
768 5709 904 5781 Deo,
967 5716 1023 5768 et
1051 5711 1266 5784 dignus
1322 5713 1521 5786 aliquo
1581 5718 1754 5776 modo
1813 5720 1914 5792 qui
1945 5721 2019 5778 ad

2107 3279 2457 3360 παρεμϐολή·
2506 3281 2752 3339 ἐκλεκτοὶ
2810 3280 2992 3358 Κυρίῳ
3022 3299 3034 3312 ·
3099 3273 3304 3348 ἔνδοξοι
3353 3280 3452 3331 τοῦ
3501 3273 3752 3347 οὐρανοῦ·

2103 3379 2183 3446 τῷ
2212 3374 2368 3428 παντὶ
2403 3371 2762 3451 ἀφεστηκότες
2791 3376 2896 3426 τῶν
2931 3365 3160 3439 ἐνδόξων
3189 3374 3290 3437 τῆς
3345 3372 3467 3439 γῆς,
3510 3364 3588 3426 οἶς
3617 3363 3760 3451 κακά

2106 3450 2492 3538 προτίθενται·
2571 3465 2894 3536 στρατιῶται
2969 3457 3106 3513 κατά
3161 3460 3258 3510 τοῦ
3301 3454 3608 3509 ἀπεστάτου
3664 3450 3760 3506 καὶ

2107 3553 2375 3628 ἀντάρτου
2408 3549 2684 3623 δαίμονος·
2733 3547 2975 3626 ἀγγέλων
3034 3546 3292 3620 μιμηταὶ,
3351 3543 3443 3598 καὶ
3502 3539 3569 3597 δι’
3628 3541 3763 3595 αὐτὸ

2110 3641 2346 3722 φύλακες
2378 3639 2728 3716 ἀνθρωπίνων
2761 3637 2820 3694 οὐ
2857 3637 3021 3711 μόνον
3054 3639 3275 3711 ψυχῶν,
3333 3630 3480 3689 ἀλλὰ
3507 3629 3596 3686 καὶ
3657 3650 3763 3722 σωῖ

2113 3717 2320 3806 μάτων,
2379 3733 2462 3793 οῖς
2499 3723 3293 3807 ὑγιάζουσιν,ἀπαλλὰττοντες
3342 3723 3647 3796 ἁμαρτιῶν,
3707 3717 3766 3774 α⁶ί

2107 3821 2198 3877 καὶ
2227 3821 2326 3889 τὴν
2387 3819 2438 3874 ἐν
2494 3821 2631 3892 ἡμῖν
2688 3815 2960 3879 πολλάκις
3016 3814 3349 3890 εὐάρμοστον
3410 3810 3768 3886 στοιχειακήν

2110 3909 2371 3987 ἁρμονίαν
2406 3907 2797 3984 παραλύουσιν·
2831 3906 3027 3981 ἀρετῆς
3064 3902 3221 3959 αὐτοὶ
3253 3900 3468 3977 δοχεία,
3528 3899 3573 3955 εί
3621 3899 3762 3975 πρὸς

2111 4001 2283 4070 αὐτὴν
2312 3999 2541 4063 εὐθέτως
2590 3996 2912 4074 ἀνοίγονται·
2977 3992 3151 4069 μόρου
3207 3991 3354 4056 θείου
3411 3990 3625 4066 ἀγγεῖα,
3675 3987 3770 4043 ὅτε

2117 4091 2193 4165 μὴ
2260 4087 2471 4164 τύχωσι
2540 4090 2761 4158 σαπρῶς
2827 4079 2994 4159 ἔχειν·
3065 4077 3404 4162 ἀποστολικᾶ
3477 4077 3768 4152 ἐκμαγεῖα,

2113 4179 2278 4250 ἡνίκα
2341 4179 2418 4252 μὴ
2480 4177 2663 4254 ἀφυῶς
2716 4170 2937 4250 ἔχουσιν
2984 4170 3342 4246 ἐκμάττεσθαι
3389 4169 3456 4222 τὰ
3483 4171 3578 4222 τοῦ
3611 4169 3768 4254 Θεῷ·

2115 4251 2432 4342 παράδεισοι
2465 4251 2752 4341 σωτήριοι,
2809 4256 3143 4338 ἀπρόσϐατοι
3187 4258 3439 4335 ψιθύροις
3490 4251 3670 4332 ὄφεσι,
3703 4252 3776 4310 δι’

2119 4357 2191 4411 ὧν
2228 4357 2256 4411 6
2304 4353 2512 4430 δαίμων
2563 4351 2738 4418 ἐθέλει
2793 4348 2983 4409 λαλεῖν
3035 4349 3180 4424 παρὰ
3207 4353 3326 4409 τοῖς
3359 4343 3773 4418 ἀνορθιάζουσιν

2118 4444 2302 4507 αὐτοῖς
2361 4445 2427 4499 τὰ
2482 4444 2614 4499 ὦτα.
2666 4445 2837 4496 Τοῦτο
2893 4440 2955 4493 τὸ
3001 4435 3277 4512 πάγκαλον
3337 4434 3550 4510 τάγμα,
3607 4434 3773 4511 οὗπερ

2121 4532 2310 4596 ἄλλως
2339 4535 2714 4608 πρωτοστατεῖ
2761 4530 2979 4591 πάντως
3025 4528 3089 4582 τὸ
3143 4525 3548 4602 ἀρχιερατικὸν,
3607 4531 3776 4600 προϊ-

2121 4622 2420 4696 σταμένους
2447 4622 2610 4697 αὐχεῖ
2635 4619 2766 4683 τοὺς
2793 4623 2889 4674 τοῦ
2917 4616 3140 4687 ἀληθῶς
3177 4613 3418 4689 μεγάλου
3457 4616 3775 4690 σχήματος,

2120 4711 2211 4774 οὕς
2243 4713 2357 4788 χρὴ
2389 4713 2604 4773 πάντως
2642 4711 2782 4784 μήτε
2809 4709 2871 4763 τὸ
2925 4707 3060 4784 μέγα
3115 4701 3399 4778 ψεύδεσθαι
3461 4702 3774 4778 (ἀπολύτως

2120 4801 2291 4864 οὕτως
2348 4800 2563 4874 εἶπεῖν),
2627 4801 2764 4873 μήτε
2824 4801 2930 4872 μὴν
2984 4792 3245 4856 συνθέτως
3276 4793 3338 4848 τὸ
3373 4793 3510 4869 μέγα
3553 4796 3769 4870 σχῆμα·

2121 4891 2184 4947 οὗ
2212 4895 2311 4962 τήν
2341 4886 2541 4947 ἔννοιαν
2601 4891 2704 4945 οὐκ
2754 4890 2906 4962 οἶμαι
2952 4885 3027 4948 εἷς
3075 4885 3170 4946 τὰς
3201 4883 3416 4939 πάντων
3472 4879 3774 4938 ἀναϐαίνειν

2120 4982 2322 5058 ψυχὰς,
2353 4982 2418 5036 τά
2444 5002 2503 5035 τε
2534 4979 2609 5042 εἷς
2643 4974 2841 5054 ἀκριϐῆ
2873 4974 3224 5044 κατανόησιν,
3267 4969 3481 5029 τοιάνδε
3526 4970 3646 5028 τινὰ
3683 4970 3776 5024 οὗ·

2124 5091 2241 5142 σαν,
2274 5071 2347 5133 ὡς
2381 5069 2434 5126 ἐν
2468 5071 2660 5144 πρώτῃ
2689 5063 2927 5141 ἐπιϐολῇ
2959 5067 3256 5141 θεωρῆσαι.

2199 5181 2284 5236 ια’.
2316 5183 2430 5234 Τῶν
2464 5179 2601 5234 κατὰ
2653 5178 2882 5251 μάθησιν
2945 5171 3249 5250 σχημάτων
3308 5163 3767 5264 11010516616110-

2122 5270 2443 5344 τεθειμένων
2497 5268 2840 5343 ὑπερκεῖσθαι
2897 5263 2959 5319 τὸ
3007 5263 3143 5318 κατά
3192 5262 3292 5330 τήν
3325 5262 3544 5336 σφαῖραν
3597 5249 3776 5362 δοκει,

2675 5358 2688 5362 -
2741 5353 2756 5362 α
2856 5356 2867 5362 -
3222 5351 3232 5362 ι
3459 5343 3473 5362 ‘
3568 5345 3594 5356 δ’
3715 5361 3742 5362 η

2123 5361 2242 5424 καθ’
2276 5343 2363 5429 ἣν
2413 5359 2503 5414 καὶ
2559 5359 2594 5429 ἠ
2664 5353 2909 5424 ἀπλανὴς
2966 5351 3336 5431 περιηγμένη,
3381 5343 3609 5448 καί,τῷ
3654 5343 3767 5448 και-εὶ

2125 5449 2292 5519 αὐτὴν
2346 5447 2498 5524 γῦρῳ
2553 5428 2615 5503 τὸ
2664 5451 2768 5502 πᾶν
2802 5443 2907 5500 ἔσω
2941 5428 3258 5523 σφίγγουσα,
3313 5435 3398 5491 καὶ
3453 5431 3574 5490 λίαν
3630 5428 3785 5524 πολὺ

2126 5519 2389 5614 σέμνωμα
2414 5519 2647 5603 ἐντεῦθεν
2698 5519 3037 5604 πλουτοῦσα,
3069 5531 3245 5610 ὀρθῶς
3277 5523 3368 5581 διὰ
3394 5524 3456 5580 16
3513 5521 3630 5578 xa1'
3677 5519 3793 5614 Δαἰδ-

2077 5679 2084 5687 .
2127 5608 2224 5699 τήν
2270 5608 2561 5704 μεγαλεῖον
2618 5625 2839 5703 λέγοιτο
2892 5623 2953 5678 ἂν
3020 5608 3162 5696 μέγα
3214 5623 3431 5692 σχῆμα.
3491 5614 3553 5704 'Q
3599 5608 3784 5668 τοίνυν

2125 5718 2225 5788 τὴν
2258 5717 2453 5795 ἀρετὴν
2501 5715 2752 5795 οὐράνιος
2813 5711 3079 5791 μοναχὸς,
3124 5706 3215 5764 καὶ
3268 5705 3443 5770 οὕτως
3500 5703 3789 5783 ἀγχίθεος,
