4082 6356
289 421 409 484 737
1301 415 1408 478 DE
1449 411 1945 476 EMENDANDA
1989 415 2170 480 VITA
2221 417 2709 482 MONACHICA.
3594 429 3711 488 738

286 545 723 620 ἀπεικονίζεσθαί
771 569 888 610 πως
947 543 1180 622 ὀφείλων
1238 547 1379 624 πρὸς
1419 547 1520 615 τὴν
1551 551 1666 601 κατ’
1709 546 1898 620 οὐράν(

2101 565 2256 606 eram
2289 553 2580 609 cmlestem
2618 554 2875 626 speciem
2907 562 3298 630 comparetur,
3340 563 3406 614 ut
3436 558 3590 615 infra
3621 561 3713 616 di-

291 640 536 709 ἀπλανῆ,
565 638 642 701 ὠς
683 637 712 692 6
760 635 924 713 λόγος
973 638 1179 712 προϊὼν
1225 635 1461 712 Ξκφανεῖ,
1513 633 1701 706 δοκοίη
1747 632 1806 689 ἂν
1864 633 1903 689 ἐι

2101 644 2248 706 etur,
2285 647 2482 712 posset
2538 645 2745 699 exinde
2790 661 3040 717 magnus
3087 647 3223 712 dici,
3257 665 3440 720 eoque
3475 651 3712 706 nomine

289 733 470 788 τιῦθεν
522 724 850 803 μεγαλοσχή
861 748 978 798 μων
1023 725 1399 797 ὀνομάζεσθαι,
1432 723 1777 797 καλούμενος
1811 723 1901 778 οὔτ

2105 732 2256 784 ocari
2290 731 2361 784 ad
2393 732 2782 788 differentiam
2818 735 3066 790 aliorum
3126 736 3529 804 dissimilium,
3563 739 3714 793 sicut

294 822 434 898 πρὸς
480 814 801 886 διαστολὴν,
857 813 1038 889 ὥσπερ
1087 817 1122 884 ἡ
1166 819 1364 890 σφαῖρα
1395 813 1697 889 σχημάτων
1733 814 1906 884 ὲτὲρωη

1593 835 1697 868 των
1733 814 1954 884 ὲτὲρων,
2068 818 2297 890 sphaera
2328 820 2399 874 ab
2429 820 2560 875 aliis
2592 822 2799 894 ﬁguris
2831 823 3205 880 discernitur.

301 910 444 967 οὕτω
473 907 563 963 καὶ
594 905 755 967 αὐτὸς
785 909 893 960 τῶν
932 905 1008 977 μή
1039 910 1155 958 κατ’
1187 903 1369 960 αὐτόν.

381 1001 468 1075 ιβ’.
500 996 599 1052 Καὶ
623 999 786 1050 τοῦτο
839 996 932 1068 μὲν
988 993 1131 1048 οὕτω
1163 991 1254 1048 διὰ
1307 993 1557 1069 βραχέων
1604 991 1862 1066 εἰρήσθω,
1898 993 1958 1048 ού

2141 998 2228 1052 12.
2263 998 2391 1053 Haec
2413 999 2683 1064 breviter,
2716 1018 2832 1056 non
2865 1003 3106 1058 omnino
3143 1003 3201 1058 in
3231 1021 3471 1073 vanum,
3505 1009 3571 1060 ut
3627 1023 3718 1062 ar-

306 1091 481 1158 πάντη
526 1087 873 1163 ἀπροσφυῶς,
925 1084 1098 1157 οἶμαι.
1147 1083 1309 1145 Εἲκὸς
1362 1080 1419 1137 δὲ
1463 1082 1588 1144 τοὺς
1621 1079 1710 1136 διὰ
1740 1081 1918 1158 φιλοσ‹

2111 1087 2274 1151 itror,
2307 1088 2464 1142 dicta
2493 1088 2732 1144 fuerint.
2759 1090 3093 1146 Verisimite
3123 1097 3212 1148 est
3241 1109 3339 1148 eos
3372 1094 3470 1165 qui
3533 1095 3719 1165 philo-

309 1179 430 1258 φίας
463 1173 805 1248 ἐληλυθότας
851 1173 1186 1250 ἁγιωτάτσυς
1219 1171 1460 1248 Πατέρας
1501 1170 1591 1226 καὶ
1623 1170 1810 1234 ἄλλως
1845 1171 1921 1242 ἐξα

2107 1175 2280 1246 ophia
2310 1177 2670 1232 sanctissimi
2704 1178 2903 1234 Patres
2964 1185 3104 1236 sunt
3152 1181 3357 1251 habiti,
3393 1182 3543 1238 hanc
3573 1184 3719 1238 divi-

307 1266 540 1341 νομάσαι
584 1265 683 1334 τὴν
716 1263 860 1318 Θείαν
908 1262 1110 1333 ταύτην
1148 1260 1742 1338 μεγαλοσχημοσύνην.
1784 1265 1919 1334 Τριᾶ

2105 1281 2208 1318 ιω
2240 1263 2514 1319 monachi
2573 1265 3041 1336 magnitudinem
3100 1269 3334 1326 aliunde
3384 1272 3717 1328 deduxisse.

310 1360 412 1433 γὰρ
474 1351 832 1432 πεφασμένων
893 1353 1195 1428 σχημάτων
1248 1356 1366 1413 τοῖς
1410 1348 1780 1405 ἀποδεικνύειν
1825 1371 1922 1426 πρε

2109 1352 2280 1408 'ribus
2330 1354 2486 1408 enim
2521 1355 2775 1410 statibus
2805 1361 2938 1411 ante
2994 1357 3126 1414 illos
3183 1359 3284 1431 qui
3345 1361 3414 1415 ad
3473 1360 3721 1434 lugicam

303 1447 612 1522 τιθεμένοις
664 1442 981 1522 φιλοσόφως
1037 1443 1104 1497 τὰ
1159 1439 1375 1517 λογικὰ,
1431 1441 1519 1496 καὶ
1563 1445 1658 1496 τοῦ
1689 1440 1742 1496 ἐν
1777 1441 1915 1496 αὐτο

2113 1442 2216 1497 cite
2247 1443 2568 1498 docendam
2602 1445 3004 1516 praeﬁciuntur
3046 1449 3567 1520 apparentibus,et
3599 1468 3725 1522 pro-

302 1535 715 1610 τεθεωρημένου
794 1531 1020 1606 πρώτου
1106 1530 1438 1604 σεμνομὲνου
1514 1529 1601 1586 ἐπὶ
1670 1536 1787 1593 τοῖς
1847 1551 1914 1603 με

2114 1532 2196 1587 rie
2219 1530 2452 1587 illorum
2483 1532 2608 1588 viso
2639 1533 2896 1604 primum
2921 1533 3116 1591 locum
3149 1542 3342 1593 tenere
3363 1555 3548 1611 supra
3577 1539 3722 1596 alios

309 1626 438 1682 αὐτὸ
467 1624 533 1680 τά
561 1643 619 1677 τε
649 1618 814 1690 ἄλλα,
848 1622 934 1675 καὶ
971 1621 1056 1676 ὅτι
1087 1618 1156 1675 δι’
1187 1619 1352 1674 αὐτοῦ
1383 1617 1559 1674 ἐκεῖνα
1601 1618 1914 1675 τελειοῦντα

2108 1624 2410 1691 equentes,
2445 1624 2500 1676 et
2529 1619 2660 1677 aliis
2710 1623 2781 1677 de
2838 1623 3054 1692 causis,
3087 1629 3143 1680 et
3194 1627 3332 1696 quia
3391 1645 3494 1700 per
3541 1629 3720 1684 istum

311 1716 376 1770 16
406 1712 650 1788 δεύτερον
693 1706 908 1781 δηλαδή
962 1709 1048 1763 καὶ
1077 1709 1138 1763 τὸ
1181 1709 1384 1783 τρίτον,
1420 1709 1494 1770 ὠς
1538 1706 1628 1762 καὶ
1659 1705 1792 1762 αύτὸ
1825 1707 1923 1760 άπο

2115 1708 2168 1762 lii
2218 1708 2625 1780 perficiuntur,
2662 1711 2886 1767 scilicet
2929 1717 3226 1770 secundus
3280 1719 3337 1771 et
3395 1718 3627 1789 tertius,
3660 1723 3727 1774 ut

319 1803 648 1860 δεικνύουσιν
703 1801 755 1854 οἱ
804 1797 984 1875 σοφοὶ,
1033 1797 1159 1873 τάχ’
1197 1795 1257 1852 ἃν
1303 1797 1502 1852 ἐκεῖθεν
1533 1797 1622 1851 καὶ
1655 1799 1683 1851 6
1718 1793 1928 1870 μεγαλο

2115 1801 2483 1854 emonstrant
2511 1799 2828 1871 sapientes,
2863 1803 3072 1858 exinde
3103 1804 3346 1860 forsitan
3387 1823 3599 1862 nomen
3633 1823 3727 1863 ac-

317 1895 424 1968 σχη
436 1912 552 1965 μων
582 1885 668 1960 εἷή
701 1888 894 1963 λαχὼν
924 1883 1188 1960 τοῦνομα.
1223 1887 1493 1962 Πρωτεύει
1523 1883 1649 1962 γοῦν
1683 1886 1773 1940 καὶ
1805 1884 1929 1939 αὐτὸ

319 1981 333 1991 ο
465 1985 488 1991 ..
655 1979 668 1991 ι
741 1976 754 1991 9
808 1972 826 1989 -Ι
919 1977 970 1991 Α.
1026 1973 1072 1991 δ’
1158 1975 1172 1991 1
1345 1976 1358 1991 ι
1418 1977 1430 1991 1
1454 1974 1467 1991 1
1593 1975 1613 1991 ἱ.
1682 1980 1707 1991 ν
1743 1980 1750 1990 ε
1788 1971 1813 1991 ᾗ

2119 1886 2226 1959 epit
2255 1888 2454 1958 magni
2483 1888 2721 1944 habitus
2753 1891 3099 1948 monachus.
3135 1893 3360 1950 Primus
3391 1894 3572 1966 igitur
3602 1913 3731 1968 par-

315 1981 368 2036 ἐν
399 1985 515 2042 τοῖς
553 1979 668 2052 μετ’
699 1972 879 2032 αὐτόν.
915 1977 977 2030 0i
1023 1973 1080 2032 δέ
1129 1975 1283 2030 εἰσιν·
1337 1976 1365 2030 6
1413 1974 1509 2049 (ὡς
1565 1975 1758 2048 εἴπεῖν)
1785 1971 1927 2029 δευτε

2114 1991 2166 2030 es
2198 1975 2323 2046 ipse
2352 1981 2512 2030 tenet
2540 1978 2692 2032 inter
2721 1977 2868 2034 alios
2925 1980 3024 2052 qui
3086 1987 3434 2052 sequuntur.
3470 1983 3511 2038 li
3546 1988 3683 2040 sunt
3715 2001 3726 2039 :

317 2071 622 2146 ροσχήμων
679 2063 1026 2140 μανδυώτης,
1059 2064 1148 2120 καὶ
1199 2065 1226 2118 ὁ
1271 2065 1507 2142 ὑστερῶν
1565 2059 1768 2118 ἐκείνου
1821 2062 1929 2118 εἷσα

2120 2064 2458 2120 iantellatus
2489 2066 2566 2136 (1)
2599 2067 2840 2123 minoris
2898 2069 3120 2125 ordinis
3179 2071 3356 2139 (verbi
3415 2073 3647 2144 gratia),
3676 2076 3732 2128 et

313 2158 576 2236 γωγικός.
639 2157 745 2212 Καὶ
803 2154 1119 2229 σεμνύνεται
1173 2157 1326 2210 ὁτοῦ
1375 2151 1613 2230 μεγάλου
1652 2155 1925 2229 σχήματος

2119 2158 2211 2208 ost
2239 2153 2396 2208 hunc
2429 2153 2704 2210 novitius.
2767 2157 3097 2213 Honoratur
3146 2158 3259 2215 iste
3308 2161 3618 2232 perfectus,
3662 2177 3730 2217 eo

317 2250 401 2304 δτι
431 2245 754 2308 ἀποδεικνὺς
798 2243 1000 2320 λογίως
1048 2244 1116 2298 τὰ
1166 2244 1506 2316 πνευματικά
1532 2241 1584 2297 ἓν
1616 2263 1675 2297 τε
1705 2247 1782 2314 τῷ
1812 2248 1929 2296 ποεῖ

2121 2243 2234 2297 uod
2267 2242 2599 2314 spiritualia
2627 2247 2810 2316 perite
2867 2248 3117 2302 edocens
3163 2252 3288 2303 tum
3322 2251 3566 2317 agendo,
3599 2254 3728 2304 tum

315 2337 474 2407 αὐτὰ,
530 2336 620 2392 καὶ
679 2334 731 2390 ἐν
789 2334 869 2407 τῷ
917 2331 1216 2404 διδάσκειν,
1277 2333 1322 2387 εἰ
1386 2334 1462 2406 μή
1521 2329 1927 2407 συλλογιστικαῖ

2121 2331 2364 2399 ocendo,
2389 2331 2440 2387 si
2470 2348 2585 2388 non
2613 2333 2939 2405 syllogismi
2966 2335 3217 2403 vinculo,
3251 2337 3459 2393 saltem
3482 2338 3733 2409 Spiritus

317 2428 594 2502 ἀνάγκαις,
626 2424 772 2481 ἀλλά
820 2426 996 2479 πειθοῖ
1046 2427 1174 2498 γοῦν
1221 2420 1534 2496 Πνεύματος
1565 2422 1740 2498 ἁγίου,
1764 2420 1929 2476 τελεκ

2119 2420 2271 2476 ancti
2301 2421 2508 2492 gratia,
2544 2420 2847 2479 inferiores
2897 2425 3134 2480 ordines
3187 2427 3258 2482 ad
3319 2427 3731 2498 perfectionem

315 2519 384 2572 τὰ
418 2517 506 2572 ὑπ’
534 2515 694 2570 αὐτὸν
728 2515 990 2589 σχήματα
1037 2513 1170 2588 πρὸς
1215 2511 1492 2588 ἀρτίωσιν,
1522 2516 1602 2582 τῷ
1635 2511 1787 2583 μόνῳ
1819 2531 1927 2588 σοφι

2120 2510 2342 2577 dducit,
2376 2527 2503 2582 quae
2539 2511 2638 2566 uni
2669 2519 2726 2568 et
2753 2513 3005 2585 sapienti
3054 2515 3170 2570 Deo
3205 2515 3412 2586 placet.
3446 2516 3564 2571 Ista
3618 2534 3728 2572 au-

319 2610 436 2677 Θεῷ
465 2604 813 2679 ἀρέσκουσαν.
865 2600 1041 2658 Ἀλλα
1096 2605 1262 2656 ταῦτα
1317 2601 1410 2673 μὲν
1460 2606 1576 2662 τοῖς
1620 2597 1931 2654 πλείοσιτᾶ

2126 2616 2199 2655 3m
2231 2599 2400 2670 quasi
2431 2602 2688 2672 seposita
2717 2604 2786 2656 ad
2822 2605 3103 2672 quasdam
3129 2605 3502 2675 quaestiones,
3537 2604 3738 2678 pleris-

324 2698 610 2770 μοναχῶν,
662 2693 737 2757 ὡς
787 2693 876 2746 οἶα
927 2691 1016 2746 καὶ
1077 2688 1152 2753 εἴς
1211 2711 1358 2751 τινας
1423 2689 1651 2766 γρίφους
1708 2689 1916 2752 ἀποκαθ

2128 2704 2199 2744 ue
2230 2688 2537 2744 monachis
2567 2690 2821 2745 breviter
2851 2691 2936 2746 sic
2969 2694 3364 2763 percurrenda
3393 2698 3560 2748 erant
3591 2712 3604 2750 :
3639 2694 3736 2749 di-

324 2787 530 2840 εστῶτα
558 2827 572 2854 ,
630 2780 683 2845 ἐς
757 2785 1012 2836 τοσοῦτον
1105 2779 1514 2855 περιελευστὲον
1593 2777 1645 2833 ἐν
1727 2780 1926 2854 βραχεῖ

2125 2778 2271 2832 snda
2301 2782 2497 2832 autem
2529 2781 2618 2833 est
2647 2778 2843 2850 aliqua
2877 2781 3170 2836 sententia
3200 2783 3372 2838 tertia
3405 2799 3585 2854 quam
3617 2799 3737 2838 om-

325 2873 544 2929 λεκτέον
577 2869 634 2927 δέ
661 2890 713 2925 τι
742 2871 945 2940 νόημα,
977 2870 1066 2924 καὶ
1095 2868 1300 2944 τρίτον,
1328 2867 1495 2944 οὗπερ
1544 2866 1686 2922 ἔστιν
1738 2867 1937 2921 ἅπαντα

1202 2889 1300 2938 τον,
1328 2867 1495 2944 οὗπερ
1544 2866 1686 2922 ἔστιν
1738 2867 1974 2928 ἅπαντας
2088 2882 2193 2921 nes
2223 2872 2475 2938 possunt
2507 2867 2814 2939 attingere.

327 2961 666 3038 δράττεσθαι.

399 3052 484 3128 ιγ“.
521 3053 584 3107 Ὀ
615 3047 930 3110 πολλοστὸς
980 3045 1266 3123 ἅνθρωπος
1307 3047 1335 3100 6
1383 3045 1636 3122 περιττὸς
1673 3042 1976 3120 ἅνθρωπος,

2165 3045 2249 3100 13.
2286 3045 2468 3102 Homo
2497 3045 2682 3117 vulgi,
2733 3048 2998 3120 plerique
3030 3048 3316 3114 homines,
3349 3053 3406 3105 et
3456 3053 3517 3104 ut
3547 3051 3743 3106 omnia

327 3142 392 3197 16
448 3145 550 3196 πᾶν
610 3133 806 3209 εἷπεῖἶο,
864 3138 1000 3200 ἅπας
1057 3133 1341 3211 ἅνθρωπος
1403 3134 1547 3211 βίου,
1608 3137 1636 3190 6
1693 3136 1840 3210 παρὰ
1884 3135 1939 3189 τὲ

2133 3134 2466 3206 omplectar,
2524 3135 2781 3190 universi
2831 3136 3099 3192 homines
3148 3137 3482 3204 seculares,
3537 3144 3745 3210 praeter

325 3228 484 3292 ἰδίως
517 3226 810 3305 λεγόμενον
850 3227 1115 3301 μοναχὸν,
1143 3222 1521 3286 ἀδιατύπωτος
1552 3224 1683 3279 εἶναι
1717 3221 1862 3295 δόξοι
1893 3223 1937 3278 ἂι

2137 3224 2317 3280 ictum
2337 3225 2570 3295 proprie
2590 3225 2965 3293 monachum,
2999 3227 3300 3297 iudicandi
3317 3233 3596 3282 suntesse
3617 3229 3745 3283 sine

321 3319 416 3376 καί
464 3284 605 3380 πως⁸
637 3284 895 3385 άνείδιος,
944 3315 1034 3371 καὶ
1085 3314 1582 3391 ἀχαρακτήριστος,
1639 3313 1729 3368 καὶ
1789 3311 1933 3389 ἀδιάί

2135 3330 2248 3385 {p0,
2283 3313 2409 3368 sine
2439 3313 2654 3385 specie,
2679 3313 2806 3369 sine
2836 3315 3186 3383 charactere,
3213 3316 3340 3372 sine
3370 3316 3747 3372 distinctione

323 3412 560 3486 ϐρωτος,
609 3407 698 3462 καὶ
751 3405 1102 3484 ἀμόρφωτος,
1135 3404 1223 3458 καὶ
1273 3402 1757 3472 ἀκατασκεύαστος,
1794 3400 1935 3467 ἓωςί

2141 3419 2221 3457 ne
2253 3403 2460 3469 forma,
2494 3407 2554 3457 et
2592 3401 2720 3458 sine
2750 3409 2983 3469 ornatu,
3017 3405 3284 3476 quandiu
3318 3405 3472 3460 inter
3517 3411 3753 3462 terrena

323 3504 448 3561 τοῖς
507 3497 656 3552 κάτω
715 3496 1018 3572 στρέφεται.
1053 3489 1239 3548 Αἴτιον
1283 3491 1342 3548 δὲ
1385 3499 1487 3562 τῆς
1525 3492 1781 3563 τοιαύτης
1815 3490 1935 3548 δοκτ

2137 3496 2425 3547 srsantur.
2459 3491 2640 3562 Cujus
2689 3493 2989 3548 sententiae
3047 3511 3235 3548 causa:
3281 3500 3420 3550 sunt
3451 3495 3590 3550 varii
3622 3495 3749 3550 vita:

329 3609 465 3650 σιως
496 3587 559 3642 τὸ
589 3584 843 3641 ποικίλον
887 3587 984 3638 τοῦ
1037 3582 1158 3660 βίου
1204 3582 1295 3637 καὶ
1345 3579 1630 3644 πολυειδὲς
1668 3583 1758 3637 καὶ
1794 3603 1941 3658 μυρκ

2136 3585 2389 3652 spectus,
2455 3580 2612 3636 mille
2668 3581 2842 3652 vices,
2875 3582 3126 3656 ideoque
3175 3584 3434 3640 difﬁcilis
3465 3584 3748 3640 deﬁnitio.

332 3697 588 3754 στροφον,
645 3676 926 3738 κάντεῦθεν
978 3673 1080 3728 οὐκ
1127 3668 1552 3728 εύδιατύπωτον.
1606 3673 1847 3747 Χρώζων
1886 3674 1944 3748 γά

2140 3670 2358 3726 olorem
2391 3671 2626 3725 virtutis
2663 3671 2760 3726 ille
2795 3678 3059 3743 usurpat,
3094 3674 3232 3728 dum
3267 3675 3403 3730 vivit
3438 3674 3752 3743 terrestris,

331 3789 416 3830 τις
469 3765 656 3822 ἑαυτὸν
709 3764 784 3826 ὡς
835 3764 908 3825 εἷς
958 3762 1178 3838 ἀρετὴν,
1228 3762 1318 3815 ὅτε
1369 3761 1484 3837 βιοῖ
1530 3760 1943 3836 χθαμαλώτερα

2143 3761 2202 3814 ed
2264 3759 2526 3816 elevatus
2587 3777 2720 3815 mox
2780 3763 2850 3817 ad
2911 3763 3226 3833 pristinum
3287 3764 3539 3820 colorem
3583 3764 3755 3820 redit.

335 3857 450 3912 εἶτα
505 3851 900 3930 παρυψωθεὶς,
964 3849 1373 3926 μεταχρώζεται
1432 3847 1507 3910 εἷς
1563 3849 1624 3902 τὸ
1676 3847 1940 3904 ἀνάπαλιν

2150 3849 2262 3904 lius
2295 3849 2455 3905 saevit
2501 3850 2827 3921 tyrannica,
2876 3852 3013 3906 dum
3050 3852 3169 3924 agit
3200 3870 3331 3908 cum
3366 3857 3669 3926 potestate,
3706 3855 3762 3908 et

337 3944 566 4021 Ἕτερός
621 3963 704 4004 τις
765 3940 1124 4016 ἆγριούμενος
1168 3938 1659 4013 τυραννικώτερον,
1723 3936 1811 3992 ὅτε
1873 3939 1949 4014 βίε

2148 3956 2170 3994 ει
2196 3938 2413 3994 amissa
2447 3939 2517 3993 ad
2551 3938 2921 3995 clementiam
2949 3941 3170 3998 invitus
3192 3942 3362 4012 redit,
3383 3959 3450 3998 ex
3483 3943 3668 3998 ferina
3701 3941 3760 3996 in

336 4035 496 4090 αὐτὸν
549 4031 790 4107 ἀμφέπει
841 4027 1293 4096 δυναστευτικὸς,
1347 4025 1460 4081 εἶτα
1516 4025 1844 4102 παραλυθεὶς
1899 4048 1948 4081 τε

2151 4045 2430 4083 umanam
2459 4033 2730 4083 naturam
2790 4035 3077 4085 mutatus.
3108 4031 3465 4102 Largitatem
3517 4031 3760 4104 quidam

339 4120 644 4190 δύνασθαι,
703 4118 1102 4195 σχηματίζεται
1153 4116 1264 4192 οὐχ
1320 4115 1458 4170 ἑκὼν
1519 4114 1593 4176 εἷς
1653 4114 1951 4190 ἱλαρότητα

2153 4118 2876 4188 liquandoinduerat,mox
2905 4119 2963 4173 in
2998 4119 3247 4174 alterum
3275 4121 3539 4175 habitum
3570 4125 3765 4176 trans-

343 4210 682 4281 ἐξαλλάττων
738 4211 838 4278 τὴν
884 4204 1184 4282 θηριωδίαν
1235 4204 1311 4266 εἷς
1356 4203 1763 4279 ἀνθρωπότητσ..
1795 4207 1955 4279 Ἐμοε

2147 4207 2423 4276 3rtur,qui
2444 4223 2478 4261 a
2508 4207 2728 4278 tragico
2753 4214 2954 4278 raptor
2980 4208 3286 4264 hominum
3317 4215 3474 4263 esset
3501 4215 3759 4263 vocatus.

349 4298 549 4378 φάσατό
590 4319 671 4361 τις
715 4297 870 4360 αὖθις
921 4296 973 4350 ἰν
1032 4298 1206 4368 καιρῷ
1262 4293 1354 4347 καὶ
1397 4292 1796 4366 ἐλεημοσύνην·
1857 4291 1961 4349 ἀλλ

2161 4303 2181 4351 t
2230 4301 2434 4350 contra
2490 4313 2731 4368 rapaces
2762 4296 3029 4352 homines
3087 4299 3361 4353 novimus
3410 4297 3681 4352 liberales
3714 4300 3771 4351 et

348 4388 540 4464 μικρὸν
573 4389 664 4444 καὶ
695 4387 773 4450 εἷς
824 4385 1063 4460 ἑτεροίαν
1120 4380 1441 4458 μετηλλάγη
1496 4378 1630 4452 ἓξιν,
1660 4383 1721 4451 ἣν
1765 4383 1793 4435 6
1817 4402 1960 4458 τραγξ

2159 4391 2322 4442 ostea
2381 4385 2746 4456 ferocientes,
2781 4387 2993 4442 deinde
3023 4387 3239 4442 stultos
3269 4404 3335 4443 ac
3367 4387 3771 4459 superbientes

343 4480 638 4553 κευόμενος
669 4473 1111 4554 ἀναρπαξάνδραν
1160 4469 1306 4528 εἷ’ποι
1359 4473 1438 4528 ἄν.
1490 4470 1770 4546 Ἔμπαλιν
1805 4469 1862 4526 δὲ
1889 4493 1952 4527 το

2162 4482 2174 4530 ι
2204 4473 2392 4546 quiad
2416 4475 2690 4530 virtutem
2713 4475 3318 4532 reversisunt.stculi
3339 4477 3589 4548 Euripus
3613 4475 3774 4530 mille

341 4570 617 4632 τοιούτοις
657 4564 883 4642 οἷ’δαμεν
926 4564 1016 4621 καὶ
1069 4564 1317 4640 ἅρπαγας
1364 4561 1706 4638 ἀνθρώπους,
1757 4561 1810 4616 οἳ
1853 4583 1949 4636 μετ

2164 4563 2457 4619 ιιίυεωοάὶ
2475 4563 2955 4620 conversasiones
2967 4567 3123 4621 videt
3137 4565 3602 4637 reﬂecti,quibus
3617 4581 3776 4620 secu-

346 4661 628 4737 γράφησαν
680 4658 818 4733 πρὸς
872 4651 1181 4729 μετάδοσιν,
1231 4653 1323 4707 καὶ
1374 4650 1626 4723 ἱλαροὺς,
1659 4651 1958 4728 ἐξηγριωμὲ

2163 4655 2251 4709 .ris
2272 4653 2445 4708 homo
2465 4653 2699 4708 videtur
2717 4654 2915 4725 plures
2934 4654 3340 4726 facies.plures
3363 4655 3581 4710 formas
3597 4669 3775 4724 quam

342 4769 466 4812 νους
499 4747 550 4803 ἐν
583 4745 792 4822 ὑστέρῳ
833 4739 1039 4820 χρόνῳ·
1078 4762 1168 4797 και
1225 4738 1465 4816 ἄφρονας
1514 4740 1786 4813 ὕψηλοὺς,
1840 4762 1954 4811 μετε

2164 4748 2358 4799 roteus
2377 4742 2611 4808 habere,
2647 4759 2795 4814 quas
2839 4760 3182 4799 enumerare
3210 4741 3776 4816 essetimpossibile.

349 4836 611 4899 πεσόντας
646 4835 723 4897 εἷς
753 4834 816 4889 τὸ
846 4831 1108 4909 ἐνάρετον.
1141 4825 1378 4902 Εὔριπος
1417 4828 1540 4904 βίου
1575 4829 1804 4902 μυρίους
1837 4829 2119 4893 τοιούτους
2152 4827 2263 4885 οἶδε
2305 4830 2548 4907 στρέφειν
2593 4827 2878 4904 ἑλιγμοὺς,
2911 4828 2980 4883 δι’
3040 4829 3113 4884 ὧν
3150 4829 3594 4904 πολυπρόσωπός
3635 4849 3718 4890 τις
3747 4829 3776 4882 6

348 4932 448 4983 τοῦ
481 4926 606 5003 βίου
655 4923 961 4999 ἄνθρωπος,
993 4919 1083 4975 καὶ
1117 4917 1382 4994 Πρωτέως
1411 4915 1929 4993 πολυμορφότερος,
1959 4920 2035 4984 εἰς
2064 4920 2189 4976 ὅσον
2223 4919 2324 4974 οὐκ
2352 4913 2493 4973 ἔστιν
2527 4917 2717 4974 εἰπεῖν.

425 5013 510 5071 ιδ’.
545 5014 644 5070 Καὶ
692 5011 834 5068 οὕτω
879 5011 972 5085 μὲν
1007 5010 1036 5064 6
1071 5006 1190 5084 βίος
1237 5003 1415 5070 διὰτὸ
1458 5003 2007 5081 πολυσχημάτιστον,

2198 5011 2282 5067 14.
2317 5010 2412 5066 Sic
2445 5009 2748 5077 saeculum,
2771 5023 2837 5064 eo
2881 5009 3036 5080 quod
3071 5014 3160 5064 est
3199 5009 3527 5064 multarum
3559 5009 3781 5063 forma—

347 5107 441 5162 καῖ
497 5103 790 5180 ἀόριστον,
841 5099 931 5156 καὶ
981 5096 1154 5161 οὕτως
1205 5093 1454 5166 ἄστατον,
1489 5091 1574 5150 ἐπί
1623 5094 1742 5158 ἑνὸς
1769 5117 1959 5172 κατηγι

2176 5117 2287 5168 1m,
2317 5099 2715 5163 indeﬁnitum,
2749 5102 2927 5169 atque
2954 5097 3318 5164 inconstans,
3351 5098 3421 5153 de
3452 5113 3570 5153 uno
3592 5096 3788 5169 arguit

423 5249 506 5320 (1)
542 5250 602 5303 In
655 5247 764 5320 hoc
809 5241 1093 5320 opusculo
1132 5245 1264 5320 _tres
1312 5239 1731 5320 monachorum
1768 5238 2014 5320 ordines
2125 5241 2228 5320 des
2260 5240 2856 5320 decidebat,et_super
2875 5239 3119 5295 brachia
3151 5238 3534 5320 relevabatur,
3568 5236 3788 5320 Colqris

356 5310 676 5393 distinguit
706 5310 1072 5393 Eustathius,
1131 5311 1506 5393 Primonloco
1555 5310 1809 5365 habendi
1854 5315 2012 5376 sunt,
2124 5313 2283 5393 nigri
2313 5318 2453 5368 erat.
2488 5312 2604 5393 Hos
2635 5311 2762 5393 dico
2786 5327 3031 5384 magnos
3063 5311 3410 5393 monachos,
3439 5315 3541 5366 aut
3570 5311 3790 5393 perfec-

356 5410 504 5463 quos
533 5383 701 5449 vocat
731 5386 1270 5463 Μεγαλοσχήμονας.
1329 5383 1398 5438 Hi
1455 5390 1762 5463 tonsuram
1818 5398 2017 5454 acepe-
2124 5383 2216 5440 tos
2241 5386 2379 5450 ;hoc
2397 5384 2634 5463 nomine
2650 5383 2911 5463 decursu:
2940 5383 3791 5463 operisutar.‘Ali‘ierantmino-

357 5451 703 5531 rant,sacris
727 5451 902 5518 rebus
933 5451 1167 5530 tempus
1192 5455 1738 5531 consumebant,res
1756 5451 2018 5510 commu-
2128 5474 2244 5522 res,
2279 5474 2427 5528 quos
2457 5454 2824 5531 Mantellatos
2856 5451 3153 5531 dicit_sive_
3185 5451 3503 5531 μανδυῴτας
3531 5473 3544 5521 ;
3569 5461 3625 5510 et
3655 5471 3791 5531 non-

361 5554 464 5592 nes
495 5525 796 5608 regebant.
823 5532 934 5606 ipsi
961 5525 1156 5602 majus
1188 5527 1432 5611 pallium
1465 5543 1565 5582 seu
1599 5525 2016 5623 indi‘inientum
2132 5525 2434 5612 nunquam
2471 5526 3233 5623 pixfocxrﬁpovac.n'l‘ertius
3293 5528 3434 5583 ordo
3479 5529 3792 5623 eratjnovi-

359 5598 648 5676 ferebant,
681 5598 1002 5664 unde-dicti
1032 5598 1453 5676 sunt—proprie
1506 5598 1777 5676 monachi
1820 5615 1971 5672 magi

2181 5598 2385 5676 orum,
2407 5598 2516 5676 seu
2542 5598 3044 5676 εἷσαγωγικῶν.ΔΙ)θ
3071 5601 3291 5673 quibus
3317 5600 3564 5658 seorsim
3595 5601 3791 5657 dicen—

356 5671 695 5738 indumenti
728 5676 890 5752 (μέγα
915 5674 1167 5750 σχῆμα);
1217 5671 1465 5752 illorum
1499 5671 2021 5752 plancta‘seupal-
2131 5675 2274 5729 dum
2306 5673 2415 5730 erit
2445 5672 2559 5728 alio
2592 5671 2803 5729 inloco
2830 5671 2903 5730 ad
2935 5671 3138 5729 ﬁnem.

357 5697 695 5738 indumenti
728 5697 819 5752 (με
859 5698 890 5732 α
915 5697 1167 5750 σχημα);
1217 5697 1449 5728 luurum
1501 5697 1735 5745 planctu
1769 5697 1870 5726 seu
1905 5697 2021 5744 pui-

357 5753 510 5810 lium
545 5753 726 5810 forma
761 5697 1014 5822 ob‘ongu
1042 5765 1112 5804 ex
1140 5745 1302 5803 omni
1344 5748 1530 5817 parte,
1563 5761 1598 5800 a
1644 5741 1794 5800 collo
1823 5745 1896 5800 ad
1927 5761 2024 5817 pe-
