4082 6372
320 345 441 405 ’139

1100 338 1528 404 EUSTATHII
1567 337 1965 403 THESSALG

2078 337 2338 403 BENSIS
2383 339 2972 404 METROPOLITE

3627 348 3756 410 ’140

321 474 622 548 egregium
679 473 841 530 istud
901 470 1138 544 animal,
1169 471 1496 542 hominem,
1529 471 1683 544 quod
1740 470 1965 528 nullum

2086 475 2172 548 ρεῖ
2195 475 2293 526 τοῦ
2347 467 2520 526 καλοῦ
2578 471 2744 541 ζώου,
2801 475 2902 527 τοῦ
2957 471 3271 548 ἀνθρώπου,
3302 474 3368 530 τὸ
3401 477 3480 550 μὴ
3547 485 3752 554 σχῆμα

324 563 725 620 characterem
751 561 986 618 haheat.
1022 565 1194 616 Amat
1223 560 1377 616 enim
1412 577 1518 632 pro
1547 559 1857 616 deficiente
1887 561 1976 616 in-

324 658 549 710 certum
582 652 787 724 accipi.
821 653 948 723 Ipse
977 655 1171 707 autem
1204 666 1362 718 cum,
1396 648 1636 720 speculo
1676 648 1976 706 conscien-

320 743 413 798 tias
445 741 553 799 sibi
586 742 842 806 admoto,
874 740 1032 795 istud
1063 736 1297 794 oculum
1331 738 1480 810 figit,
1514 741 1689 810 atque
1719 755 1789 794 ex
1827 737 1976 794 ima-

322 833 456 906 gine
477 831 771 905 spirituali
823 829 1047 900 colligit
1077 834 1133 883 et
1179 827 1354 883 discit
1406 828 1656 899 ﬁguram
1714 826 1976 884 hominis

321 921 621 995 propriam
653 919 766 976 sibi
798 921 1022 986 deesse,
1057 917 1210 972 sicut
1240 916 1381 972 facit
1409 916 1977 988 Nabuchodonosor,

323 1029 458 1068 cum
491 1028 522 1066 e
551 1011 742 1082 specie
783 1007 1035 1064 naturali
1079 1006 1312 1074 excidit,
1345 1011 1523 1078 atque
1556 1005 1976 1062 recentioribus

326 1099 682 1172 temporibus
726 1097 1037 1163 Tiridates,
1072 1096 1200 1170 (cur
1231 1096 1386 1151 enim
1409 1095 1714 1152 Circenses
1745 1093 1973 1151 fabulas

321 1190 380 1244 in
415 1188 671 1244 medium
705 1187 960 1260 proferre
991 1185 1040 1258 ?)
1089 1190 1231 1240 tunc
1281 1189 1474 1240 tactus
1521 1183 1720 1240 dolore
1758 1185 1977 1258 cogitat

319 1278 461 1351 quid
487 1275 752 1333 faciendo
792 1276 851 1332 in
883 1261 1106 1331 certam
1137 1274 1395 1346 aliquam
1423 1275 1679 1346 speciem
1707 1275 1972 1346 seipsum

318 1366 866 1438 informabit,atque
887 1365 1109 1420 incerta
1138 1379 1248 1420 sua
1276 1362 1752 1436 stabiliet.lgitur
1779 1366 1974 1418 mente

316 1458 388 1514 ad
420 1456 607 1513 solem
668 1454 991 1528 fulgentem
1046 1469 1392 1526 assurgens,
1435 1459 1612 1524 atque
1642 1453 1717 1508 ad
1766 1451 1972 1508 lunam

316 1547 512 1617 etiam,
545 1550 603 1601 et
649 1544 812 1600 illius
843 1543 1100 1616 speciem
1154 1543 1214 1596 in
1273 1543 1477 1598 eodem
1523 1546 1681 1597 statu
1742 1557 1974 1613 semper

315 1643 652 1694 manentem
709 1636 978 1702 miratus,
1013 1634 1163 1690 lunae
1221 1650 1354 1689 vero
1411 1632 1849 1689 vicissitudines
1896 1632 1970 1688 ob

315 1729 541 1785 variam
573 1725 782 1782 faciem
831 1723 1181 1797 despiciens,
1205 1727 1421 1778 terram
1454 1722 1605 1796 fugit
1632 1739 1760 1794 quae
1791 1737 1972 1778 causa

319 1822 409 1875 est
449 1833 555 1872 cur
583 1817 759 1884 lunas,
815 1817 1016 1887 utpote
1073 1811 1352 1885 proximae
1409 1817 1599 1879 terrae,
1658 1811 1718 1866 in
1776 1811 1970 1884 specie

311 1907 626 1962 videantur
683 1903 954 1971 maculae;
1007 1901 1252 1975 ipseque
1303 1917 1485 1974 supra
1539 1904 1792 1958 terrram
1847 1899 1964 1956 ele-

227 2035 240 2046 ο
312 2001 502 2054 vatur.

381 2285 470 2339 15.
501 2283 684 2354 Tunc,
715 2279 896 2336 veluti
928 2295 1077 2335 ursaa
1099 2278 1374 2335 horridus
1398 2282 1456 2334 et
1482 2275 1756 2334 informis
1788 2277 1961 2333 fretus

311 2373 374 2429 in
413 2370 914 2444 pulchritudinem
973 2367 1085 2424 sibi
1141 2367 1434 2440 propriam
1501 2365 1848 2434 translatus,
1898 2366 1961 2421 in

309 2461 593 2534 populum
625 2459 726 2514 Dei
757 2456 1075 2522 excultum,
1101 2460 1164 2511 ut
1194 2455 1523 2528 evangelica
1543 2456 1771 2525 loquar,
1792 2457 1848 2510 et
1877 2453 1962 2509 sic

309 2555 584 2607 ornatum
611 2544 1169 2618 inscriptus,incipit
1191 2545 1460 2600 stabilem
1484 2545 1732 2599 formam
1761 2548 1962 2599 tenere

310 2656 377 2696 ac
407 2640 466 2694 in
496 2637 688 2692 virum
715 2634 1035 2706 perfectum
1081 2633 1350 2700 formari;
1383 2639 1440 2688 et
1471 2633 1724 2688 maxime
1753 2633 1809 2686 in
1845 2633 1959 2687 for-

309 2744 468 2784 mam
526 2725 806 2790 divinam,
838 2729 895 2779 et
924 2723 1079 2794 quod
1138 2739 1316 2794 super
1343 2722 1544 2778 omnia
1573 2721 1958 2776 reverendum

309 2823 419 2882 est,
451 2816 553 2872 Dei
579 2813 806 2869 vultum
840 2813 1102 2882 induere,
1135 2811 1462 2866 secundum
1495 2811 1670 2866 verba
1697 2809 1958 2881 Scriptu-

311 2922 535 2962 rarum.
558 2904 691 2960 Jarn
723 2918 837 2957 non
869 2900 1154 2970 ambulat,
1184 2905 1250 2955 ut
1280 2900 1466 2972 prius,
1497 2899 1626 2956 sine
1654 2898 1866 2970 specie,
1897 2897 1956 2954 in

316 2999 485 3051 nocte
507 2993 637 3048 vita
661 2989 971 3046 mutationi
1002 2989 1284 3056 obnoxia;
1327 3003 1358 3043 e
1388 2991 1591 3044 contra
1612 2989 1768 3043 sicut
1785 2987 1844 3042 in
1867 2987 1960 3042 die

311 3084 555 3140 honeste
585 3077 1165 3136 circumfertur.Jnm
1196 3076 1351 3133 enim
1376 3076 1807 3149 dignusestqui
1829 3093 1960 3132 san-

309 3183 442 3228 ctus
465 3171 640 3226 homo
661 3167 762 3224 Dei
794 3173 1052 3232 vocetur,
1076 3166 1228 3222 sicut
1259 3165 1478 3237 Joseph
1509 3170 1708 3221 custos
1733 3164 1956 3220 domini

307 3263 376 3318 de
407 3264 595 3326 nocte,
627 3257 731 3330 qui
762 3260 930 3313 nocte
958 3261 1014 3311 et
1039 3255 1133 3311 die
1171 3256 1437 3326 ejusdem
1480 3253 1718 3311 habitus
1750 3271 1959 3310 secun-

307 3351 447 3408 dum
473 3349 656 3406 Deum
677 3349 824 3412 erat,
847 3361 965 3400 non
998 3348 1265 3400 mutatus
1313 3343 1590 3415 deinceps
1616 3343 1676 3399 in
1699 3343 1960 3400 alienum

310 3454 502 3511 neque
531 3434 834 3502 vacillans,
869 3449 1059 3504 neque
1086 3432 1482 3499 variatus.Qui
1514 3433 1752 3490 habitus
1774 3433 1962 3489 forma

310 3531 589 3584 renovata
617 3524 676 3579 in
718 3525 774 3579 id
810 3523 966 3594 quod
1011 3521 1196 3592 decet,
1228 3526 1470 3577 sanctus
1501 3521 1740 3594 quidem
1771 3528 1880 3590 est,
1903 3527 1962 3578 et

311 3615 541 3673 homini
571 3615 792 3686 optime
823 3610 1194 3681 conveniens,
1228 3611 1366 3682 quia
1395 3628 1464 3666 ex
1511 3610 1716 3666 multis
1749 3611 1961 3683 priscis

315 3704 626 3778 speciebus
658 3700 956 3757 hominem
1013 3699 1084 3754 ad
1145 3699 1379 3754 unicam
1425 3699 1701 3766 adducit;
1750 3717 1960 3771 parvus

312 3800 511 3852 tamen
544 3795 761 3848 manet.
798 3791 864 3844 Et
897 3789 1052 3844 unde
1083 3789 1336 3860 parvus?
1367 3789 1444 3844 Eo
1484 3790 1641 3861 quod
1675 3806 1806 3845 vere
1835 3805 1958 3845 ma-

311 3899 518 3956 gnum,
548 3880 640 3936 hic
670 3879 846 3934 homo
879 3877 978 3932 Dei
1011 3883 1170 3933 veste
1193 3877 1360 3948 nigra
1393 3877 1659 3946 indutus,
1697 3879 1959 3934 nondum

311 3970 577 4042 suscepit
627 3984 821 4041 neque
851 3967 924 4024 ad
959 3971 1226 4038 Optatum
1257 3967 1430 4022 ﬁnem
1463 3966 1730 4023 altiorem
1765 3984 1962 4040 perve-

309 4063 399 4118 nit
427 4087 441 4130 ;
473 4061 531 4117 in
568 4057 812 4132 planitie
838 4056 1269 4122 vcrsaridesiit,
1295 4057 1420 4127 jam
1453 4062 1711 4112 montem
1745 4057 1958 4130 attigit,

312 4152 372 4207 in
420 4165 558 4207 eum
587 4148 727 4204 totis
758 4146 983 4201 viribus
1014 4145 1273 4216 adrepit;
1307 4162 1337 4200 e
1390 4144 1632 4217 planitie
1686 4162 1961 4220 egressus

309 4244 419 4308 est,
454 4243 626 4308 atque
656 4254 725 4293 ex
776 4236 937 4290 fumo
991 4238 1326 4299 emanante,
1374 4235 1796 4306 proximusque
1843 4236 1963 4291 aeri

309 4329 529 4402 puriori
556 4331 613 4382 et
643 4324 879 4397 spiritui
903 4323 1151 4392 vivifico,
1176 4321 1312 4377 licet
1337 4327 1554 4378 terram
1589 4324 1778 4379 adhuc
1795 4341 1964 4380 cons-

307 4418 506 4492 piciat,
537 4419 596 4472 et
625 4414 741 4470 ista
771 4412 1024 4486 pristina
1055 4411 1339 4467 memoria
1387 4411 1658 4480 revolvat,
1693 4413 1804 4469 sub
1835 4415 1962 4486 qui-

305 4508 419 4562 bus
453 4521 584 4560 vera
627 4503 892 4558 humana
921 4501 1145 4574 species
1175 4501 1434 4556 latebat:
1469 4507 1526 4556 et
1577 4501 1698 4570 jam
1757 4503 1968 4558 metuit

2086 554 2232 634 ἔχειν
2280 558 2456 618 οὐδὲν.
2513 558 2719 624 Ἐθὲλει
2778 559 2882 636 γάρ
2941 581 3059 624 πως
3117 563 3152 632 ἡ
3185 563 3436 638 ἀοριστία
3465 566 3754 644 ὑποκρινε.

2086 650 2206 703 σθαι
2265 651 2536 726 στὲρησιν.
2591 649 2754 706 Ἀλλ’
2811 647 3025 706 ἐπειδὰν
3058 652 3217 714 αὐτὸς
3263 653 3326 708 τὸ
3354 661 3460 725 τῆς
3493 655 3748 730 συνειδή-

2085 759 2219 800 σεως
2278 737 2726 816 προστησάμενος
2782 734 3042 814 ἕνοπτρον
3119 740 3374 817 ἀπερείσῃ
3431 745 3496 800 τὸ
3553 749 3747 824 νοερὸν

2089 826 2314 883 ὀπτικὸν
2345 827 2421 891 εἷς
2454 827 2605 897 αὐτὸ,
2632 827 2722 883 καὶ
2772 827 3034 904 φαντασίᾳ
3082 836 3426 906 πνευματικῇ
3475 833 3742 908 ἀναλεξά-

2087 937 2247 990 μενος
2309 917 2506 972 ἐκεῖθεν
2561 917 2746 991 μάθοι,
2805 917 2880 982 ὡς
2911 917 3010 973 οὐκ
3039 916 3161 995 ἔχοι
3217 921 3490 996 ἀνθρώπῳ
3536 927 3744 1000 πρέπον

2084 1013 2295 1082 σχῆμα,
2350 1007 2380 1061 ’ὀ
2432 1006 2522 1062 καὶ
2572 1009 2600 1062 6
2658 1002 3150 1084 Ναϐουχοδονόσορ
3210 1007 3464 1082 ἐποίησεν
3508 1011 3594 1087 ἂν,
3656 1014 3745 1072 ὅτε

2082 1099 2178 1149 τοῦ
2248 1097 2578 1166 καθήκοντες
2661 1095 2870 1166 ἰξέπεσε
2953 1101 3326 1174 χαρακτῆρος,
3413 1103 3507 1156 καὶ
3580 1105 3608 1158 6
3681 1105 3732 1161 ἐν

2085 1183 2328 1260 ὑστέροις
2384 1184 2609 1260 χρόνοις
2637 1182 2956 1261 Τιριδάτης,
2987 1185 3136 1259 (τοὺς
3166 1186 3268 1264 γὰρ
3299 1189 3596 1265 Κιρκαίοος
3623 1193 3728 1265 μό-

2085 1285 2211 1338 θους
2234 1273 2286 1328 τί
2317 1275 2430 1349 χρὴ
2489 1273 2888 1350 παρεισκρίνειν
2947 1273 3209 1345 ἐντιοῦθα;
3264 1277 3389 1333 τότε
3441 1275 3505 1350 δὴ
3559 1281 3726 1356 ἀχθε-

2085 1362 2230 1426 σθεὶς
2290 1362 2510 1436 μελετᾷ,
2565 1364 2618 1418 τί
2677 1361 2736 1418 ἂν
2786 1364 3042 1434 ποιήσας,
3075 1363 3152 1429 είς
3197 1362 3254 1419 ἕν
3286 1387 3337 1420 τι
3373 1375 3582 1446 μορφῆς
3609 1370 3742 1426 toto?

2079 1451 2170 1506 τὸν
2199 1449 2550 1528 σχηματίσει,
2604 1451 2694 1506 καὶ
2742 1455 3070 1524 καταστήσει
3115 1453 3180 1510 τὸ
3209 1452 3262 1510 ἐν
3295 1455 3443 1528 αύτῷ
3488 1454 3734 1516 ἄστατον.

2081 1540 2178 1596 Καὶ
2207 1541 2388 1596 τοίνυν
2423 1541 2498 1603 εἷς
2529 1541 2592 1596 τὸ
2623 1541 2758 1596 κατά
2789 1541 2880 1597 τὸν
2932 1541 3096 1611 ἥλιον
3151 1545 3348 1616 σεμνὸν
3407 1543 3734 1623 ἀναδραμὼν

2079 1634 2147 1705 τῇ
2181 1627 2412 1702 διανοίᾳ,
2445 1624 2522 1686 ἔτι
2556 1627 2613 1685 δὲ
2642 1629 2731 1686 καὶ
2759 1629 2835 1693 εἷς
2879 1632 2942 1686 τὸ
2993 1632 3130 1687 κατὰ
3175 1633 3274 1704 τὴν
3333 1631 3598 1707 σελήνην,
3641 1637 3732 1691 καὶ

2081 1718 2283 1775 ἐκεῖνον
2346 1720 2440 1793 μὲν
2503 1721 2782 1794 θαυμάσας
2854 1722 2951 1776 τοῦ
3006 1719 3272 1791 διηνεκῶς
3331 1721 3384 1778 ἐν
3443 1726 3737 1797 ταυτότητι

1998 1848 2046 1914 Β
2083 1808 2336 1883 μένοντος
2365 1810 2673 1885 σχήματος,
2701 1814 2809 1864 τῶν
2867 1807 2923 1864 δὲ
2963 1807 3266 1883 σεληναίων
3317 1813 3738 1887 αύξομειώσεων

2073 1901 2371 1976 καταγνοὺς
2417 1896 2508 1954 διὰ
2561 1899 2655 1954 τὸν
2699 1897 2900 1954 ἰκεῖθεν
2957 1901 3075 1954 κατ’
3133 1900 3300 1972 αὐτὴν
3331 1900 3736 1980 πολύσχημον,

2073 1989 2255 2066 φεύγει
2291 1987 2386 2060 μὶν
2410 1988 2511 2058 τὴν
2542 1995 2666 2064 γῆν,
2719 1983 2790 2043 δι’
2837 1991 2904 2060 ἢν
2931 1987 3021 2044 καὶ
3053 1989 3190 2064 αὐτῇ
3221 1993 3291 2065 τῇ
3324 1989 3530 2068 σελήνῃ
3560 2013 3735 2068 προσ-

2069 2078 2312 2154 γειοτὲρα
2341 2077 2566 2152 κειμένῃ
2586 2076 2875 2154 ῥύσπασμά
2902 2099 2956 2134 τι
2989 2079 3342 2152 προσωπικὸν
3375 2078 3735 2160 ἐπιφαίνεται·

2069 2168 2278 2243 γίνεται
2311 2165 2367 2223 δὲ
2394 2171 2504 2223 τῶν
2539 2167 2864 2244 ὑπεργείων.

2142 2276 2220 2333 ιε’.
2253 2276 2358 2332 Καὶ
2385 2276 2510 2330 τότε
2553 2273 2620 2344 δὴ
2661 2275 2790 2330 ὡσεὶ
2837 2276 2928 2331 καὶ
2983 2274 3187 2350 ἂρκτου
3218 2274 3465 2354 εἰδεχθὲς
3523 2300 3578 2335 τι
3633 2282 3730 2336 καὶ

2070 2365 2316 2442 ἄμορφον
2377 2359 2614 2440 ἔμϐρυον
2689 2363 2766 2427 εἰς
2846 2365 3146 2444 εὐμορφίαν
3207 2365 3355 2439 αύτῷ
3411 2367 3728 2444 πρέπουσαν

2072 2453 2479 2528 μεταποιηθεὶς,
2537 2452 2626 2508 καὶ
2657 2453 2943 2530 ἐγγραφεὶς
2975 2455 3050 2518 εἷς
3079 2459 3214 2510 Θεοῦ
3273 2454 3404 2512 λαὸν
3437 2477 3726 2514 κατεσκευ-

2069 2542 2324 2614 ασμένον,
2405 2541 2774 2618 εύαγγελικῶς
2837 2545 3023 2619 φάναι,
3099 2543 3191 2599 καὶ
3252 2543 3396 2600 οὕτω
3461 2546 3722 2620 κόσμιον,

2067 2627 2351 2704 ἐνάρχεται
2411 2635 2606 2705 σχῆμα
2663 2630 2918 2702 σταθερὸν
2952 2625 3384 2704 ἀπολαμϐάνειν,
3443 2633 3534 2689 καὶ
3564 2653 3724 2710 χρω-

2071 2719 2382 2792 ματίζεσθαι
2435 2718 2510 2780 εἷς
2537 2718 2746 2774 τέλειον
2801 2717 3108 2795 ἄνθρωπον·
3172 2719 3412 2792 μάλιστα
3475 2722 3570 2795 μὶν
3626 2721 3724 2780 οὖν

2067 2807 2143 2870 εἷς
2177 2809 2391 2886 μορφὴν
2425 2806 2808 2864 είδοποιεῖσθαι
2851 2808 3012 2880 Θείαν,
3070 2811 3132 2864 τὸ
3191 2807 3250 2866 δε
3293 2809 3466 2882 πάντη
3526 2814 3728 2886 σεμνό-

2065 2918 2248 2969 τατον,
2309 2895 2388 2959 εἷς
2445 2901 2601 2968 Θεοῦ,
2658 2901 2936 2976 γραφικῶς
2993 2897 3202 2976 φάναι,
3256 2897 3575 2974 πρόσωπονο
3629 2903 3722 2958 καὶ

2067 2985 2248 3041 οὐκέτι
2275 2981 2634 3062 ἀσχημόνως,
2686 2988 2824 3041 καθὰ
2851 2986 2942 3042 καὶ
2999 2987 3152 3063 πρὶν,
3181 2991 3251 3062 τῇ
3299 2993 3397 3043 τοῦ
3453 2989 3576 3065 βίου
3627 2989 3730 3064 ἐμ-

2067 3072 2392 3150 περιοδεύει,
2424 3075 2575 3131 νυκτὶ
2607 3073 2734 3131 ἀλλ’
2764 3076 2840 3140 ὡς
2865 3076 2919 3131 ὲν
2953 3077 3138 3152 ἡμέρᾳ
3166 3076 3534 3152 εὐσχημόνως
3564 3099 3729 3156 περι-

2068 3170 2250 3221 πατεῖ’
2292 3165 2382 3220 καὶ
2441 3163 2558 3240 ἔχει
2605 3163 2695 3220 καὶ
2743 3165 2904 3228 αὐτὸς
2963 3164 3261 3242 εὐσχήμων
3312 3170 3449 3221 Θεοῦ
3509 3167 3723 3244 ἄνθρω-

2069 3275 2174 3317 πος
2231 3253 2589 3328 ὀνομάζεσθαι
2645 3254 2782 3309 κατά
2826 3255 2918 3310 τὸν
2979 3254 3233 3330 νύκτερον
3291 3256 3558 3332 κυριακὸν
3612 3257 3732 3312 Ἰω-

2072 3344 2203 3422 σὴφ,
2235 3343 2293 3405 ὃς
2348 3343 2439 3397 καὶ
2494 3341 2546 3397 ἐν
2605 3344 2755 3398 νυκτῖ
2788 3343 2878 3399 καὶ
2908 3341 2960 3399 ἐν
3011 3345 3194 3419 ἡμέρᾳ
3239 3349 3338 3400 τοῦ
3386 3345 3552 3402 αὐτοῦ
3589 3347 3731 3401 κατά

2071 3433 2200 3488 Θεὸν
2259 3433 2547 3506 σχήματος
2605 3431 2696 3504 ἦν,
2729 3431 2790 3487 ού
2825 3432 3350 3512 μεταμορφούμενος
3376 3438 3474 3489 τοῦ
3521 3434 3725 3491 λοιποῦ

2072 3521 2149 3586 εἷς
2195 3519 2526 3590 ἀλλόκοτον,
2584 3521 2649 3576 οὐ
2711 3521 3082 3595 μεταπίπτων,
3145 3521 3247 3577 οὐκ
3305 3522 3729 3597 ἀλλοιούμενος.

2071 3611 2170 3666 Καὶ
2227 3609 2336 3666 ἔστι
2387 3610 2450 3666 τὸ
2505 3615 2754 3666 τοιοῦτον
2803 3618 3020 3688 σχῆμα,
3075 3613 3137 3667 τὸ
3181 3615 3282 3682 τῆς
3326 3613 3464 3668 κατά
3510 3617 3732 3686 πνεῦμα

2070 3701 2420 3776 εὐσχήμονος
2498 3707 2852 3776 μορφωτικῆς
2928 3701 3187 3776 ἐνάρξεως
3263 3698 3504 3772 δηλαδὴ,
3577 3707 3726 3766 θεῖον

2074 3791 2192 3862 μὲν,
2271 3787 2362 3843 καὶ
2439 3783 2678 3864 ἀκριϐῶς
2757 3789 3214 3866 ἀνθρωποπρεπὲς
3291 3789 3380 3846 καὶ
3454 3792 3730 3867 μεταγρά-

2072 3899 2170 3955 φον
2226 3877 2302 3940 εἷς
2353 3877 2787 3954 μονοπρόσωπον
2836 3877 2927 3933 τὸν
2994 3882 3188 3954 πρώην
3240 3877 3602 3958 πολύμορφον
3639 3881 3730 3935 ἄν·

2072 3981 2310 4044 θρωπον·
2363 3968 2560 4043 μικρὸν
2589 3965 2646 4022 δὲ
2690 3967 2843 4041 ὅμως
2871 3967 3002 4023 αὐτὸ
3047 3968 3230 4025 είσὲτι.
3283 3969 3433 4024 Διατί
3487 3968 3726 4044 μικρόν;

2069 4061 2188 4113 Ὅτι
2233 4057 2386 4112 οὔπω
2417 4058 2478 4112 τὸ
2531 4054 2819 4132 μεγαλεῖον
2869 4055 3100 4120 ἐντελῶς
3127 4055 3429 4136 ἀπείληφεν
3460 4059 3487 4112 6
3539 4062 3759 4133 τοιοῦ-⁵

2070 4169 2162 4210 τος
2211 4151 2306 4202 τοῦ
2339 4149 2473 4202 Θεοῦ
2501 4145 2860 4225 μελαμφορος
2892 4145 3198 4222 ἄνθρωπος,
3234 4145 3348 4202 οὐδ’
3398 4147 3476 4210 εἷς
3525 4148 3588 4202 τὸ
3635 4143 3734 4202 ὅν-

2069 4259 2180 4301 τως
2229 4231 2526 4311 ἀκρότατον
2593 4237 2776 4314 ὶφετὸν
2853 4231 3206 4307 ἀναϐέϐηκεν·
3293 4234 3440 4293 ἀλλὰ
3502 4238 3732 4312 περιπε-

2076 4331 2186 4396 ζιος
2256 4326 2350 4400 μὲν
2401 4324 2530 4380 εἶναι
2607 4325 2829 4402 ἀφῆκεν,
2883 4324 3162 4401 ἀπήρξατο
3223 4322 3282 4380 δὲ
3335 4325 3577 4400 γίνεσθαι
3635 4330 3736 4382 τοῦ

2075 4415 2255 4490 ὅρους,
2289 4415 2365 4476 ὡς
2424 4413 2818 4490 ἀναῤῥιχᾶσθαι
2851 4413 2928 4478 εἰς
2979 4413 3132 4481 αὐτὸ,
3189 4413 3268 4492 ἐφ’
3308 4413 3434 4470 ὅσον
3482 4411 3736 4489 δύναμις·

2019 4579 2024 4583 η
2077 4501 2420 4578 ἀπαλλαγεὶς
2469 4503 2561 4575 μὲν
2618 4510 2718 4572 τῆς
2776 4501 2926 4565 λείας
2993 4499 3249 4568 πεδιάδος
3302 4503 3394 4558 καὶ
3451 4507 3551 4558 τοῦ
3609 4506 3740 4580 περὶ

306 4612 380 4653 ne
405 4593 682 4650 decidens
713 4609 782 4650 ex
835 4591 1066 4664 incepto
1107 4607 1176 4646 ex
1207 4589 1445 4662 altoque
1478 4591 1740 4662 dejectus
1772 4593 1965 4665 pejora

2079 4593 2250 4662 αὐτὴν
2281 4588 2599 4655 καπνώδους
2643 4591 2842 4664 ἀτμοῦ,
2903 4591 3141 4655 πελάσας
3172 4590 3231 4648 δὲ
3282 4591 3734 4670 ἀίλικρινεστὲρῳ

306 4684 583 4757 patiatur.

2067 4681 2182 4758 ἀέρι
2234 4681 2323 4736 καὶ
2370 4681 2628 4758 ζωογόνῳ
2656 4681 2947 4755 πνεύματι,
2997 4682 3044 4736 εἰ
3093 4681 3182 4738 καὶ
3239 4677 3576 4739 καταϐλέπει
3628 4683 3732 4738 ἄλ-

306 4771 420 4835 λως
445 4771 524 4834 εἰς
554 4777 657 4847 γῆν
691 4765 770 4825 ἔτι
800 4769 891 4824 καὶ
919 4767 988 4823 τὰ
1012 4767 1136 4842 περὶ
1165 4773 1290 4843 γῆν,
1320 4764 1412 4820 καὶ
1444 4766 1819 4842 ἀναπεμπάζει
1850 4772 1918 4844 τῇ
1956 4773 2149 4847 μνήμῃ
2181 4774 2250 4826 τὰ
2273 4771 2467 4847 πρώην
2523 4770 2718 4841 ἐκεῖνα,
2765 4769 2818 4842 ἐξ
2861 4772 2935 4826 ὧν
2991 4771 3054 4826 τὸ
3109 4768 3332 4843 ἀληθῶς
3387 4772 3732 4849 ἀνθρώπινον

303 4863 502 4939 σχῆμα
529 4862 778 4940 ἠφάνιζε·
811 4859 902 4914 καὶ
935 4853 1098 4928 δέδιε,
1135 4857 1212 4930 μὴ
1244 4857 1561 4934 κατασυρεὶς
1587 4861 1686 4924 τῆς
1719 4857 1936 4930 ἀνόδου,
1967 4861 2057 4916 καὶ
2087 4861 2234 4917 κάτω
2265 4860 2466 4928 πεσὼν,
2497 4861 2686 4938 χεῖρόν
2718 4881 2770 4915 τι
2801 4861 3062 4918 πείσεται.

375 4969 463 5025 16.
501 4973 829 5040 Postquam
863 4981 1018 5032 vero,
1077 4969 1360 5036 concepto
1391 4966 1648 5022 naturali
1697 4982 1762 5023 ac
1798 4969 1962 5039 justo

302 5059 536 5127 timore,
597 5056 725 5113 alas
783 5071 926 5111 suae
981 5052 1267 5121 extendit,
1329 5053 1520 5126 primo
1576 5071 1768 5123 mane,
1800 5055 1962 5129 vigil,

301 5162 628 5220 exsurgens
661 5145 731 5202 ad
768 5142 1062 5199 desideria
1093 5158 1225 5214 qua:
1277 5143 1517 5198 exaudit
1555 5143 1732 5215 Deus,
1765 5145 1968 5201 oculos

300 5251 660 5308 omnemque
693 5248 936 5290 sensum
955 5232 1038 5287 ita
1053 5231 1307 5288 recludit
1325 5237 1388 5286 ut
1406 5232 1568 5289 nullo
1600 5237 1773 5290 modo
1791 5234 1966 5289 homo

301 5332 576 5384 terrenus
636 5336 938 5380 remanere
993 5319 1156 5388 velit,
1190 5321 1291 5376 sed
1324 5321 1596 5393 cmlestis,
1625 5326 1685 5378 et
1714 5321 1970 5394 assurgit

306 5421 578 5470 statuens
607 5411 857 5468 firmiter
886 5409 1040 5482 apud
1075 5425 1138 5464 se
1169 5414 1428 5466 montem
1463 5427 1768 5467 summum
1793 5427 1967 5481 supe-

307 5517 458 5570 rare,
509 5501 776 5572 linquere
806 5517 944 5556 aera
972 5497 1306 5568 humidum,
1340 5498 1776 5556 circumductus
1805 5505 1970 5557 tene-

311 5589 548 5656 nebras,
583 5593 642 5642 et
671 5588 865 5644 omnis
893 5587 1126 5660 generis
1157 5591 1560 5661 tempestates,
1594 5599 1654 5646 ut
1689 5589 1752 5645 fit
1781 5587 1974 5645 incola

315 5673 570 5745 regionis
597 5673 814 5730 nebula
848 5674 1103 5732 carentis
1125 5691 1361 5749 semper
1379 5695 1491 5750 que
1507 5679 1968 5751 serenae.Eiaage

2148 4969 2212 5031 ις’
2246 4966 2520 5024 Ἀλλ³δτε
2568 4962 2836 5044 φοϐηθεὶς
2891 4961 3079 5045 φόϐον,
3132 4965 3194 5020 οὗ
3241 4966 3308 5035 ἦν
3359 4962 3552 5045 φόϐος,
3609 4965 3736 5020 ἀνα-

2076 5048 2316 5122 λάϐηται
2370 5053 2643 5128 πτέρυγας
2697 5053 2862 5108 αὐτοῦ
2915 5054 3032 5108 κατ’
3087 5048 3324 5130 ὄρθρον,
3377 5053 3435 5110 ὅν
3495 5051 3729 5129 ὀρθρίζει

2074 5145 2280 5221 νήφων,
2336 5143 2411 5205 εἰς
2469 5141 2750 5214 ἐναεύξεις,
2801 5141 2876 5196 ὧν
2921 5141 3174 5198 ἐπακούει
3219 5145 3248 5198 6
3278 5143 3429 5206 Θεός·
3485 5139 3571 5196 καὶ
3619 5135 3720 5208 μύ-

2078 5254 2157 5287 σει
2199 5230 2330 5296 τοὺς
2375 5232 2718 5311 ὀφθαλμοὺς,
2781 5233 2898 5305 ἅμα
2961 5229 3020 5286 δὶ
3081 5232 3174 5286 καὶ
3222 5238 3394 5287 πᾶσαν
3449 5227 3723 5311 αἴσθησιν,

2078 5322 2152 5383 ὡς
2203 5309 2650 5394 μηκέτι-ἐθέλειν
2705 5321 2808 5398 γῆς
2861 5318 3150 5397 ἄνθρωπος
3200 5321 3342 5381 ὅλως
3387 5316 3544 5383 εἶναι,
3592 5309 3722 5367 ἀλλ’

2081 5410 2471 5486 ὗπερουράνιος
2501 5456 2514 5480 ,
2569 5408 2662 5464 καί
2729 5411 2956 5482 στήσει,
3015 5412 3264 5486 κυρώσας
3329 5403 3453 5478 παρ’
3531 5401 3737 5474 ἑαυτῷ,

2079 5501 2178 5566 τήν
2248 5499 2494 5575 ἐνάρετον
2553 5507 2798 5570 πατῆσαε
2846 5499 3170 5576 ἀκρώρειαν,
3242 5495 3334 5550 καὶ
3406 5489 3738 5564 καταλεῖψαι

2087 5587 2180 5660 μὲν
2211 5589 2273 5642 τὸ
2303 5594 2400 5644 τοῦ
2431 5589 2586 5664 ἀέρος
2621 5588 2910 5662 λιμνάζον,
2957 5590 3051 5643 καὶ
3106 5587 3232 5650 τοὺς
3261 5585 3385 5662 περὶ
3421 5579 3580 5638 αὐτὸν
3607 5579 3742 5656 γνό-

2084 5697 2240 5752 φους,
2298 5677 2388 5733 καὶ
2440 5678 2534 5740 τὰς
2582 5675 2815 5744 θυέλλας
2863 5679 2957 5740 τὰς
2986 5675 3361 5744 παντοδαπὰς,
3399 5671 3647 5750 γενεσθαι
3683 5666 3744 5726 δέ
