4082 6364
312 383 435 445 ’143

1091 372 1519 439 EUSTATHH
1558 366 2327 434 THESSALONICENSIS
2367 367 2958 432 METROPOLITE

3618 372 3751 435 744

310 516 413 568 tur
439 527 606 567 arma
628 510 702 566 ad
734 508 957 566 bellum
988 506 1296 581 spirituale
1324 508 1397 561 ad
1428 504 1585 577 quod
1614 501 1966 558 ordinantur

2080 491 2335 554 ϐάνονται
2386 498 2458 554 τὰ
2512 518 2820 577 φραγνυντα
2888 497 3126 562 τούτους
3198 502 3583 574 πνευματικῶς
3656 501 3757 558 ἐπὶ

313 607 371 657 et
401 604 831 674 prmparantur.
866 602 1001 665 Quaa
1030 596 1187 654 enim
1221 611 1326 668 pro
1374 594 1558 650 armis
1607 592 1760 647 inter
1806 607 1975 647 sacra

314 690 671 758 induuntur,
704 688 894 760 pridie
924 688 996 742 ad
1044 700 1372 757 vesperam,
1403 687 1566 739 extra
1609 680 1815 753 templi
1847 679 1970 735 adi-

316 783 413 835 tus
445 782 870 851 praeparantur,
902 775 1369 839 sanctiﬁcantur,
1402 778 1460 828 et
1507 771 1879 844 baptizantur
1910 773 1974 825 ut

318 868 464 923 ﬁant
491 866 675 922 lorica
721 881 876 937 aqua
919 867 1264 935 temperata.
1296 859 1585 917 Postridie
1634 860 1727 914 his
1780 858 1971 930 primo

315 956 651 1012 induuntur
698 959 833 1010 ante
873 968 1098 1008 sacram
1151 951 1566 1019 initiationem,
1598 966 1726 1021 qua
1776 962 1969 1017 mane,

316 1051 372 1101 et
416 1061 604 1116 usque
652 1044 724 1099 ad
778 1043 1079 1097 ardentem
1122 1040 1306 1096 solem
1357 1039 1745 1111 protenditur,
1777 1038 1859 1092 ita
1909 1042 1973 1091 ut

314 1150 575 1205 vespere,
600 1147 771 1187 mane
794 1136 847 1187 et
872 1129 1112 1186 meridie
1135 1133 1484 1185 enarrentur
1507 1126 1606 1183 Dei
1638 1125 1960 1182 mirabilia.

312 1223 383 1278 Et
413 1239 546 1277 cum
591 1220 1013 1293 perﬁciendum
1064 1224 1155 1275 est
1182 1218 1361 1288 hujus
1395 1218 1545 1272 ritus
1599 1214 1968 1289 mysterium,

311 1312 665 1367 inchoantur
716 1313 927 1365 cantus
975 1307 1316 1379 spirituales
1375 1311 1433 1363 et
1488 1304 1717 1375 psalmi,
1752 1304 1970 1376 quibus

310 1401 594 1475 gaudium
650 1399 866 1454 mentis
914 1396 1247 1453 declaratur
1277 1395 1500 1468 (laetum
1540 1394 1699 1450 enim
1746 1392 1969 1463 aliquid

314 1501 522 1547 cantus
541 1492 653 1556 est,
675 1503 781 1543 nec
805 1488 990 1542 ullum
1014 1485 1235 1541 animal
1261 1484 1425 1540 triste
1444 1500 1655 1539 canere
1683 1482 1918 1549 dicitur)
1953 1498 1966 1537 :

313 1584 641 1649 sequuntur
687 1576 877 1648 elogia
904 1591 1108 1631 eorum
1160 1573 1260 1645 qui
1292 1573 1497 1628 eodem
1542 1572 1714 1627 modo
1764 1587 1970 1626 secun-

313 1670 456 1724 dum
480 1668 659 1723 Deum
681 1665 884 1721 vestiri
907 1664 1231 1735 elegerunt,
1249 1667 1306 1717 et
1323 1662 1739 1733 pronuntiatur
1769 1659 1971 1716 seculi

315 1753 727 1811 condemnatio
759 1752 816 1806 in
840 1751 1087 1823 psalmis
1107 1748 1238 1805 etin
1263 1764 1552 1819 sermone,
1585 1746 1746 1803 velut
1773 1763 1844 1802 ex
1871 1762 1972 1801 ore

317 1844 480 1900 illius
510 1844 611 1915 qui
654 1841 991 1897 tondendus
1036 1845 1144 1903 est,
1178 1839 1349 1910 quasi
1397 1852 1531 1893 eum
1582 1835 1862 1908 poeniteat
1913 1841 1971 1892 et

312 1902 551 2007 pudeat,
584 1931 739 2002 quod
787 1930 1049 2000 seipsum
1085 1902 1261 1983 rebus
1304 1925 1561 1982 terrenis
1581 1902 1640 1981 et
1669 1932 1968 1997 contemp-
1997 1902 2045 1967 B

308 2020 578 2077 tibilibus
630 2017 1016 2091 implicuerit,
1076 2015 1449 2085 cmlestiaque
1525 2014 1963 2085 contempserit.

310 2111 537 2176 Quibus
586 2108 863 2181 peractis,
896 2104 1224 2161 monachus
1263 2105 1392 2175 jam
1423 2103 1496 2159 ad
1545 2108 1726 2158 Deum
1773 2101 1965 2175 proxi~

309 2203 639 2262 mus,stans
661 2198 833 2267 juxta
862 2194 1050 2261 illum,
1082 2197 1140 2249 et
1169 2192 1407 2248 omnino
1436 2208 1809 2264 progressus,
1842 2191 1967 2263 ipse

313 2288 376 2343 in
420 2286 626 2342 limine
674 2286 1073 2356 interrogatur
1122 2299 1241 2354 qua
1286 2282 1359 2337 de
1408 2296 1589 2337 causa
1632 2281 1964 2351 accesserit,

309 2383 514 2432 utrum
564 2375 852 2445 spondeat
897 2388 1242 2443 permanere
1272 2370 1331 2425 in
1376 2369 1754 2437 monasterio,
1787 2375 1965 2439 atque

313 2465 373 2521 in
431 2462 867 2530 exercitatione,
927 2476 1115 2531 usque
1172 2459 1244 2513 ad
1304 2459 1507 2524 ﬁnem,
1539 2458 1647 2513 hoc
1702 2463 1793 2513 est
1846 2474 1961 2512 non

311 2554 489 2610 modo
520 2568 705 2621 usque
751 2550 825 2605 ad
859 2550 1155 2621 integrum
1189 2547 1348 2603 et'ad
1396 2545 1829 2617 perfectionem,
1861 2546 1963 2601 sed

308 2647 369 2697 et
428 2657 616 2712 usque
673 2641 745 2695 ad
805 2642 1074 2695 mortem.
1135 2637 1340 2692 Postea
1419 2635 1795 2707 postulantur
1855 2635 1961 2689 ite-

309 2747 443 2787 rum
500 2728 854 2799 cbedientia,
915 2726 1220 2799 patientia,
1280 2724 1624 2790 submissio,
1682 2722 1960 2794 solitudo,

310 2826 369 2877 et
397 2820 511 2877 alia
543 2819 636 2874 his
668 2817 922 2883 similia;
955 2819 1014 2872 et
1043 2820 1354 2886 postquam
1386 2812 1964 2886 spopondit,jubetur

310 2908 567 2982 cogitare
610 2907 751 2978 quid
784 2905 1144 2978 promiserit,
1177 2904 1270 2959 cui
1304 2904 1664 2975 promissum
1697 2901 1962 2957 credide-

311 2997 407 3065 rit,
418 2996 677 3068 profecto
699 2994 903 3061 Deo,et
921 2992 1166 3064 angelis,
1191 3008 1442 3064 quorum
1469 2990 1656 3046 ambit
1684 2991 1959 3061 speciem.

2079 584 2337 660 πολέμῳ,
2369 586 2446 648 εἷς
2479 586 2538 642 ὃν
2586 587 2911 661 ταττόμενοι
2971 587 3375 660 ἐτοιμάζονται.
3407 591 3477 647 Ἃ.
3524 591 3628 665 γὰρ
3676 592 3758 647 ἱε-

2082 681 2192 751 ρῶς
2250 675 2639 754 ἀμφιᾶννυνται
2691 675 2971 750 ὁπλισμοῦ
3021 676 3200 750 τύπῳ,
3246 679 3282 747 ἡ
3338 678 3435 751 μὲν
3505 680 3758 757 φθάσασα

2080 763 2278 838 ἒσπέρα
2334 760 2438 819 ἔσω
2495 769 2602 820 τῶν
2660 768 2758 821 τοῦ
2800 769 2933 820 ναοῦ
2986 763 3197 821 ἀδύτων
3238 765 3490 839 ταμιεύει
3525 768 3752 843 ἁγιαζό-

2084 874 2239 925 μενα,
2280 855 2367 909 καὶ
2426 852 2569 909 οὕτω
2624 854 2947 929 βαπτόμεναι
2990 852 3066 917 εἷς
3116 860 3468 929 θωρακισμοῦ
3522 858 3751 935 περῥά·

2078 963 2218 1013 τητα
2252 961 2264 974 ·
2318 945 2353 1012 ἡ
2415 940 2474 998 δὲ
2530 941 2720 1021 ἐφεξῆς
2775 944 2959 1017 ἡμέρα
3024 938 3334 1019 προϐάλλει
3394 942 3747 1021 περιδύεσθαι

2080 1031 2218 1086 αὐτὰ
2272 1033 2409 1105 πρὸς
2466 1030 2692 1100 τελετὴν
2756 1031 2938 1106 ἁγίαν,
2996 1032 3421 1108 παρατείνουσαν
3478 1031 3586 1099 ἕως
3653 1038 3744 1093 καὶ

2079 1119 2157 1181 εἰς
2186 1122 2396 1196 ἡμέραν
2455 1120 2825 1193 ἀκμάζουσαν,
2856 1119 2950 1175 ἵνα
3001 1121 3091 1177 καὶ
3141 1120 3315 1185 οὕτως
3376 1123 3605 1200 ἑσπέρας
3654 1127 3744 1182 καὶ

2077 1210 2228 1285 πρωῒ
2264 1210 2356 1263 καὶ
2416 1204 2763 1285 μεσημϐρίας
2821 1207 3276 1286 ἀπαγγέλλωνται
3332 1211 3400 1266 τὰ
3450 1211 3547 1267 τοῦ
3603 1219 3733 1269 Θεοῦ

2079 1298 2370 1370 θαυμάσια.
2402 1300 2530 1356 Ὅτε
2561 1296 2620 1353 δὲ
2657 1298 2748 1353 καὶ
2794 1297 3070 1363 τελεῖσθαι
3130 1300 3244 1375 χρὴ
3300 1300 3365 1354 τὸ
3420 1308 3519 1371 τῆς
3572 1301 3733 1377 ἐργα-

2079 1387 2197 1451 σίας
2240 1386 2445 1458 ταύτης
2492 1390 2815 1461 μυστήριον,
2866 1391 3242 1462 προηγοῦνται
3301 1386 3439 1461 ᾠδαὶ
3493 1410 3729 1453 πνευμα-

2075 1476 2223 1530 τικαὶ
2270 1477 2357 1530 καὶ
2418 1475 2658 1549 ψαλμοὶ,
2719 1476 2904 1552 ψυχὴν
2975 1471 3559 1556 συμϐολογραφοῦντες
3613 1478 3737 1553 χαί-

2080 1585 2275 1641 ρουσαν
2307 1565 2631 1641 (χαροποιὸν
2663 1566 2767 1641 γάρ
2821 1586 2874 1620 τι
2928 1565 3018 1621 καὶ
3075 1568 3110 1635 ἡ
3153 1562 3295 1638 ᾠδὴ,
3327 1567 3462 1621 καθὸ
3510 1568 3601 1622 καὶ
3652 1565 3745 1621 ού-

2080 1652 2164 1708 δὶν
2225 1658 2361 1723 ζῶον
2423 1651 2768 1727 λυπούμενον
2828 1652 2974 1726 ᾅδειν
3033 1653 3297 1731 λέγεται)·
3350 1654 3745 1733 συνεφέπονται

2079 1740 2138 1797 δε
2180 1742 2268 1797 καὶ
2339 1744 2677 1819 μακαρισμοὶ
2738 1748 2846 1798 τῶν
2906 1742 3356 1820 προαιρουμένων
3417 1743 3562 1799 οὕτω
3610 1746 3750 1801 κατά

2079 1829 2207 1886 Θεὸν
2270 1832 2724 1907 σχηματίζεσθαι’
2782 1831 2873 1888 καὶ
2949 1832 3069 1907 βίου
3147 1830 3204 1887 δὲ
3268 1832 3604 1908 κατάγνωσις
3660 1833 3746 1889 ἐκ·

2075 1919 2400 1998 φωνουμένη
2456 1919 2862 1995 ψαλμῳδικῶς,
2920 1919 3001 1977 ἔτι
3054 1919 3113 1977 δὲ
3186 1923 3278 1979 καὶ
3356 1921 3744 1998 εὐαγγελικῶς,

2076 2011 2149 2073 ὡς
2199 2008 2258 2066 ἐκ
2298 2011 2601 2087 προσώπου
2649 2016 2746 2067 τοῦ
2801 2010 3106 2086 μέλλοντος
3151 2012 3443 2089 κείρεσθαι,
3476 2014 3568 2068 οἷα
3618 2034 3746 2087 μετ-

2075 2099 2375 2175 εγνωκότος
2424 2099 2513 2156 καὶ
2563 2100 2987 2177 αἰσχυνομένου,
3034 2100 3183 2178 ε’ίπερ
3242 2102 3428 2158 ἑαυτὸν
3485 2102 3749 2179 ἀπησχό-

2075 2186 2159 2244 λει
2188 2194 2305 2252 τοῖς
2356 2188 2505 2245 κάτω
2551 2191 2641 2245 καὶ
2689 2190 3078 2265 πατουμένοις,
3110 2192 3179 2247 τὰ
3226 2190 3485 2248 ἀνωτάτω
3542 2192 3742 2269 ὑπερο-

2076 2282 2203 2355 ρῶν.
2238 2278 2361 2336 Ἐπὶ
2407 2277 2648 2350 τούτοις,
2685 2280 2758 2343 ὡς
2808 2277 2918 2351 ἤδη
2968 2286 3066 2337 τοῦ
3119 2285 3368 2358 μοναχοῦ
3425 2280 3744 2357 ἰγγίσαντος

2070 2371 2151 2438 τῷ
2183 2371 2318 2441 Θεῷ,
2350 2368 2439 2422 καὶ
2495 2370 2638 2444 πρὸς
2695 2373 2842 2441 αυτῷ
2889 2369 3211 2445 γενομένου,
3258 2371 3347 2426 καὶ
3407 2369 3745 2447 αὐτόχρημα

2071 2454 2575 2530 προσεληλυθότος,
2632 2455 2898 2532 ἐρωτᾶται
2957 2460 2985 2513 6
3043 2458 3327 2530 ἄπηλύτης
3399 2458 3455 2515 τί
3528 2456 3740 2531 δήποτε

2071 2548 2372 2621 προσῆλθε,
2414 2546 2505 2601 καὶ
2565 2546 2614 2601 εἷ’
2668 2549 2998 2621 παραμένειν
3045 2552 3125 2620 τῷ
3173 2548 3525 2624 μοναστηρίῳ
3572 2570 3737 2605 κατα-

2068 2635 2275 2699 τίθεται
2322 2635 2410 2690 καὶ
2457 2639 2526 2709 τῇ
2577 2634 2800 2707 ἀσκήσει
2855 2632 2958 2699 ἔως
3012 2638 3103 2692 καὶ
3156 2636 3234 2700 εἷς
3273 2637 3471 2700 τέλος·
3524 2638 3555 2692 ’ὁ
3606 2659 3737 2693 ταυ-

2068 2724 2162 2779 τόν
2229 2724 2370 2779 ἐστιν
2428 2722 2489 2779 οὐ
2549 2726 2711 2798 μόνον
2759 2746 2841 2799 τῳ
2888 2725 2965 2789 εἷς
3035 2724 3283 2802 ἀκέραιον
3342 2727 3431 2781 καὶ
3495 2724 3731 2799 ἐντελὲς,

2072 2813 2218 2869 ἀλλὰ
2261 2813 2350 2869 καὶ
2393 2818 2473 2885 τῷ
2519 2809 2624 2877 ἓως
2689 2814 2778 2869 καὶ
2828 2814 2906 2878 εἰς
2960 2815 3210 2879 θάνατον.
3266 2815 3397 2870 Εἶτα
3456 2835 3734 2887 προσεπε-

2073 2909 2307 2973 ρωτᾶται
2366 2902 2456 2957 καὶ
2519 2904 2783 2976 ὑπακοὴν,
2841 2904 2933 2959 καὶ
3000 2905 3309 2978 ὑπομονὴν,
3367 2904 3457 2960 καὶ
3514 2903 3730 2980 θλίψιν,

2071 2990 2161 3046 καὶ
2222 2992 2284 3046 τὸ
2339 2990 2704 3069 στενόχωρον,
2737 2993 2827 3048 καὶ
2876 2990 3023 3049 ἄλλα
3065 2992 3329 3071 σύστοιχα
3377 2992 3614 3057 τούτοις·
3645 2993 3739 3051 καὶ

312 3082 525 3162 ἰπειδᾷν
578 3082 898 3152 κατάθηται,
956 3077 1392 3156 παραγγέλλεται
1456 3076 1699 3154 βλέπειν,
1762 3078 1849 3133 οἷά
1897 3100 1958 3134 τε
2013 3081 2335 3151 συντίθεται,
2395 3082 2487 3136 καὶ
2543 3081 2651 3137 τίνι
2705 3082 2987 3154 ἀνατίθησι
3033 3084 3134 3153 τὴν
3192 3084 3486 3153 συνθήκην,
3539 3080 3738 3153 δῆλον,

308 3172 392 3229 ὅτι
425 3171 562 3246 Θεῷ,
593 3172 682 3227 καὶ
713 3170 796 3226 ὅτι
827 3168 1103 3246 ἀγγέλοις,
1134 3170 1207 3224 ὧν
1239 3169 1300 3224 τὸ
1333 3175 1527 3244 σχῆμα
1556 3167 1826 3231 ἐπιποθεῖ.

374 3282 675 3339 20.Eidem
706 3280 1016 3336 nuntiatur
1046 3280 1252 3335 adesse
1283 3277 1541 3350 angelos,
1568 3276 1862 3349 promissa
1891 3277 1962 3333 ab

2144 3279 2209 3334 κ’.
2245 3275 2689 3335 Ἀναδιδάσκιται
2723 3275 2780 3333 δὲ
2820 3279 2909 3333 καὶ
2963 3277 3045 3334 ὅτι
3096 3276 3325 3355 ἄγγελοι
3383 3285 3734 3356 παρεστᾶσιν,

307 3372 437 3446 ipso
462 3369 679 3427 litteris
693 3367 1205 3426 mandanteszinsu
1215 3383 1316 3439 per
1326 3365 1627 3422 hominem
1644 3366 1726 3422 sic
1739 3365 1970 3421 ordina-

305 3465 434 3516 tum
464 3458 624 3515 cruci
654 3462 710 3513 et
741 3455 915 3513 morti
944 3455 1245 3512 addictum
1297 3471 1450 3520 esse,
1482 3471 1552 3511 ex
1591 3459 1733 3510 tunc
1778 3454 1970 3511 cruci-

309 3549 611 3620 ﬁgendum
628 3552 685 3602 et
702 3545 1074 3602 moriendum
1087 3561 1217 3600 esse
1236 3545 1480 3614 mundo,
1505 3545 1660 3600 sicut
1680 3547 1971 3599 mundum

310 3638 446 3705 sibi,
479 3641 544 3693 ut
594 3652 700 3691 nec
731 3637 878 3705 ipse,
910 3650 941 3690 e
976 3638 1131 3689 terra
1183 3634 1239 3689 in
1270 3632 1459 3689 altum
1492 3634 1578 3689 sic
1620 3633 1883 3689 elevatus
1909 3634 1971 3689 in

310 3742 505 3793 cruce,
558 3724 829 3779 animum
881 3722 1107 3778 mundo
1151 3722 1407 3794 applicet
1438 3740 1451 3779 :
1487 3739 1678 3794 neque
1726 3722 1837 3778 sibi
1887 3723 1972 3778 sic

310 3814 564 3873 exaltato
594 3814 855 3870 mundus
884 3828 1144 3868 amorem
1176 3811 1475 3883 impertiat
1505 3828 1607 3883 per
1650 3828 1790 3867 suos
1840 3829 1970 3883 pro-

310 3906 589 3978 pinquos,
622 3920 693 3958 ne
708 3919 770 3958 se
788 3902 1141 3957 cruciﬁxum
1174 3907 1582 3957 commoveant
1597 3906 1654 3956 et
1673 3901 1971 3972 dejiciant.

311 3993 603 4050 Continuo
634 3991 792 4048 enim
818 3992 1065 4062 jubetur
1108 3989 1369 4061 separari
1401 4007 1435 4045 a
1464 3990 1829 4058 parentibus,
1859 3990 1973 4046 fra-

309 4083 528 4150 tribus,
558 4084 616 4137 et
664 4080 827 4137 omni
883 4079 1250 4151 cognatione,
1283 4077 1611 4134 amicorum
1662 4078 1976 4134 familiari-

310 4176 451 4240 tate,
486 4189 520 4228 a
549 4169 890 4237 mundanis,
922 4168 1208 4236 tumultu,
1244 4166 1721 4240 cogitationibus,
1740 4183 1973 4240 posses-

314 4261 584 4319 sionibus
618 4264 749 4333 post
779 4263 1087 4314 tonsuram
1115 4258 1512 4328 acquirendis,
1547 4257 1737 4328 bonis,
1770 4256 1973 4329 volup-

307 4354 446 4417 tate,
499 4348 707 4423 gloria,
739 4364 855 4404 non
890 4346 1424 4420 qualibuscunque,
1457 4346 1560 4402 sed
1591 4346 1756 4402 vanis
1797 4345 1975 4417 hujus

310 4438 839 4510 saeculi,siquidem
863 4440 1003 4493 tunc
1027 4436 1267 4492 demum
1290 4435 1603 4491 fruendum
1636 4434 1746 4490 erit
1772 4433 1975 4507 volup.

307 4528 536 4585 tatibus
568 4526 700 4582 aliis
727 4526 1057 4583 secundum
1091 4524 1301 4593 Deum,
1333 4524 1488 4580 inter
1534 4540 1681 4595 quas
1713 4525 1973 4595 primum

307 4616 505 4673 locum
551 4616 780 4671 obtinet
811 4615 908 4671 Dei
962 4613 1330 4681 meminisse,
1362 4618 1418 4669 et
1448 4615 1519 4669 de
1544 4614 1654 4669 hoc
1695 4614 1972 4686 gaudere,

309 4721 499 4778 eaque
527 4704 714 4778 gloria
744 4722 874 4777 quae
905 4704 1060 4760 Deus
1086 4703 1396 4775 magniﬁce
1414 4701 1971 4773 gloriﬁcatur.Tales

309 4812 553 4868 prorsus
584 4798 725 4851 sunt
754 4811 882 4867 quae
914 4810 948 4849 a
979 4794 1175 4848 labore
1222 4809 1326 4863 pro
1363 4793 1474 4847 Deo
1513 4795 1811 4864 suscepto,
1844 4797 1909 4848 ut
1938 4810 1974 4848 a

309 4886 493 4954 fonte,
540 4884 903 4953 derivantur,
933 4881 1227 4955 siquidem
1279 4880 1534 4947 labores,
1570 4885 1634 4936 ut
1674 4881 1969 4951 novimus,

314 4974 564 5048 gloriam
594 4973 852 5047 pariunt.

383 5261 847 5318 2LAdmonetur
876 5273 1049 5328 porro
1078 5257 1256 5313 etiam
1284 5255 1543 5312 animam
1563 5257 1971 5329 abnegandam

315 5368 468 5409 esse.
504 5353 689 5417 Quam
750 5346 1057 5404 animam?
1111 5347 1194 5401 Ea
1246 5345 1470 5402 scilicet
1528 5361 1645 5417 qua
1702 5347 1974 5403 animalis

320 5440 498 5496 homo
528 5457 599 5496 ea
628 5455 759 5511 quae
790 5440 932 5493 sunt
959 5434 1221 5508 Spiritus
1242 5451 1357 5490 non
1383 5433 1773 5505 percipit,qua
1804 5435 1976 5490 abne-

321 5535 460 5598 gata
507 5544 743 5584 crucem
798 5524 1070 5593 assumit,
1107 5533 1173 5579 ut
1225 5523 1525 5580 Christum
1576 5533 1875 5594 sequatur.
1908 5526 1977 5580 Et

319 5613 534 5670 iterum
566 5616 667 5686 qui
708 5613 959 5671 accessit
1004 5614 1077 5668 ad
1132 5612 1317 5669 Deum
1368 5628 1441 5667 ne
1487 5627 1616 5682 quae
1668 5613 1977 5684 requirunt

322 5702 443 5760 otia
491 5720 698 5776 pecora
747 5701 1197 5772 irrationabilia,
1242 5702 1373 5774 ipse
1420 5705 1825 5773 prosequatur,
1870 5719 1977 5761 nec

2083 3365 2545 3445 ἀπογραφόμενοι,
2601 3367 2736 3442 ἅπερ
2804 3366 2964 3430 αὐτὸς
3019 3366 3328 3444 ὁμολογεῖ·
3380 3370 3634 3442 μανθάνει
3683 3365 3743 3423 δὲ

2081 3455 2171 3511 καὶ
2222 3456 2305 3510 ὅτι
2354 3456 2382 3509 6
2426 3455 2600 3520 οὕτως
2653 3455 3097 3529 ἀποτασσόμενος
3147 3457 3375 3531 σταυρὸν
3430 3457 3519 3512 καὶ
3579 3457 3742 3512 θάνα-

2080 3566 2172 3600 τον
2227 3542 2645 3621 ἐπαγγέλλεται,
2680 3544 2768 3600 καὶ
2801 3543 2885 3601 ὅτι
2938 3544 2998 3601 ἐκ
3042 3552 3144 3615 τῆς
3204 3542 3324 3621 ἄρτι
3382 3550 3742 3625 σταυροῦσθαι

2082 3635 2195 3709 χρὴ
2250 3634 2339 3690 καὶ
2396 3639 2715 3708 νεκροῦσθαι
2763 3633 2922 3690 αὐτόν
2977 3656 3037 3690 τε
3090 3639 3170 3707 τῷ
3226 3634 3442 3711 κόσμῳ,
3490 3636 3578 3692 καὶ
3639 3637 3735 3693 τὸν

2081 3722 2290 3797 κόσμον
2339 3722 2506 3795 αὐτῷ·
2548 3720 2641 3778 τίνα
2691 3726 2830 3797 μήτε
2878 3724 3037 3788 αὐτὸς
3088 3724 3225 3800 πρὸς
3273 3730 3354 3797 τῷ
3402 3725 3595 3799 κόσμῳ
3646 3726 3742 3780 τὸν

2081 3816 2205 3867 νοῦν
2262 3810 2390 3888 ἔχῃ,
2450 3814 2542 3868 ἅτε
2596 3824 2760 3887 γηθεν
2846 3813 2983 3885 ὑψοῦ
3062 3819 3364 3890 σταυρικῶς
3422 3814 3743 3888 ἐξηρμένος,

2087 3903 2228 3973 μήτε
2300 3903 2328 3956 ὁ
2384 3901 2598 3974 κόσμος
2673 3903 3005 3977 προσπαθῶς
3073 3907 3155 3975 τῷ
3228 3902 3400 3965 οὕτως
3473 3902 3743 3977 ὑψωθὲντι

2082 3992 2399 4067 προσανέχῃ
2453 3988 2541 4045 διὰ
2600 3994 2709 4045 τῶν
2763 3991 3269 4065 προσῳκειωμένων
3345 3992 3519 4065 αὐτῷ,
3579 3989 3745 4069 δρατ-

2081 4079 2326 4152 τομένων
2390 4081 2504 4134 οἷον
2554 4084 2651 4134 τοῦ
2695 4079 3130 4157 ἐσταυρωμένου,
3184 4080 3275 4135 καὶ
3341 4083 3747 4137 κατασπώντων

2083 4167 2268 4224 αὐτόν.
2320 4167 2529 4223 Αὐτίκα
2573 4169 2675 4245 γὰρ
2726 4168 3099 4244 ἐπιφωνεῖται,
3151 4169 3241 4225 καὶ
3298 4174 3541 4243 γονεῦσιν
3603 4171 3744 4226 ἀπο-

2081 4258 2389 4328 τάσσεσθαι,
2454 4258 2544 4313 καὶ
2618 4255 2901 4336 ἀδελφοῖς,
2950 4258 3040 4313 καὶ
3108 4257 3389 4335 συγγενείᾳ
3444 4258 3609 4334 πάσῃ,
3651 4260 3747 4315 καὶ

2085 4346 2393 4417 συνηθείαις
2492 4345 2775 4422 φιλικαῖς,
2851 4346 2941 4402 καὶ
3020 4346 3231 4422 κόσμου
3321 4342 3576 4424 θορύϐοις
3650 4350 3746 4404 καὶ

2085 4434 2330 4514 φροντίσι
2360 4436 2447 4491 καὶ
2479 4437 2721 4507 κτήσεσι,
2754 4441 2872 4500 ταῖς
2903 4433 3118 4507 δηλαδή
3168 4436 3304 4511 μετὰ
3355 4437 3456 4506 τὴν
3514 4439 3746 4513 κουρὰν,

2082 4525 2173 4579 καὶ
2227 4523 2499 4599 ὑπάρξεσι,
2532 4524 2623 4579 καὶ
2671 4522 2868 4599 ἡδονῇ,
2911 4524 2999 4580 καὶ
3046 4520 3193 4600 δόξῃ,
3236 4524 3297 4580 οὐ
3345 4530 3468 4589 ταῖς
3528 4525 3746 4598 ἁπλῶς,

2085 4612 2233 4669 ἀλλὰ
2259 4618 2380 4675 ταῖς
2417 4613 2666 4686 ματαίαις
2694 4620 2815 4677 ταῖς
2840 4618 2937 4670 τοῦ
2976 4614 3118 4689 βίου,
3152 4611 3241 4669 διὰ
3286 4616 3350 4670 τὸ
3390 4614 3482 4670 καὶ
3530 4613 3749 4687 ἡδονῶν

2082 4704 2395 4778 θεοπρεπῶς
2445 4702 2640 4778 ἑτέρων
2691 4705 3079 4780 κατάρχεσθαι,
3134 4705 3207 4759 ὧν
3257 4706 3293 4775 ἠ
3360 4705 3631 4781 κορυφαία
3682 4707 3747 4763 τὸ

2086 4794 2393 4866 μεμνῆσθαι
2439 4796 2536 4847 τοῦ
2594 4797 2750 4862 Θεοῦ,
2800 4793 2891 4847 καὶ
2957 4792 3132 4856 οὕτως
3201 4793 3604 4873 εὐφραίνεσθαι,
3652 4797 3744 4852 καὶ

2084 4879 2250 4952 δοξῶν
2314 4879 2391 4952 δὲ,
2424 4883 2541 4937 καθ’
2574 4881 2634 4945 ἃς
2679 4883 2765 4938 καὶ
2819 4880 2977 4945 αὐτὸς
3017 4884 3045 4937 6
3086 4884 3216 4947 Θεὸς
3248 4881 3497 4955 ἐνδόξως,
3531 4882 3746 4956 δοξάζε-

2080 4992 2191 5029 ται.
2221 4972 2485 5028 Τοιαῦται
2520 4968 2577 5026 δὲ
2608 4970 2844 5039 πάντως,
2878 4971 3075 5027 ὁπόσαι
3126 4975 3218 5028 οἷα
3266 4975 3356 5029 καὶ
3402 4974 3603 5049 πατρὸς
3648 4977 3743 5027 τοῦ

2083 5060 2218 5115 κατὰ
2248 5061 2374 5115 Θεὸν
2426 5059 2597 5116 πόνου
2647 5060 2957 5139 ἐκφύονται,
2989 5059 3036 5116 εἳ
3080 5082 3143 5138 γε
3191 5062 3352 5118 πόνοι
3401 5068 3623 5139 γεννῶσι
3655 5058 3742 5115 δό-

2084 5149 2171 5220 ξαν
2182 5193 2195 5220 ,
2231 5151 2304 5212 ὡς
2335 5148 2455 5205 οἹδα
2463 5170 2557 5225 μεν
2569 5195 2582 5209 .

2153 5258 2255 5313 κα’.
2313 5258 2456 5330 Πρὸς
2531 5256 2746 5320 τούτοις
2824 5262 3151 5334 κατηχεῖται
3231 5258 3569 5334 ἀπαρνεῖσθαι
3637 5249 3729 5305 καὶ

2083 5348 2256 5417 αὐτὴν
2303 5348 2403 5417 τὴν
2454 5349 2662 5423 ψυχήν.
2712 5346 2875 5403 Ποίαν
2934 5347 3139 5419 αὐτήν,
3189 5349 3322 5405 Καθ’
3366 5348 3425 5414 ἣν
3495 5341 3734 5417 ψυχικὸς

2084 5438 2367 5509 ἄνθρωπος
2412 5436 2474 5491 οὐ
2524 5441 2709 5513 φρονεῖ
2750 5436 2817 5491 τὰ
2863 5441 2960 5493 τοῦ
3011 5438 3344 5512 ΙΙνεύματος’
3377 5434 3440 5503 ἣν
3471 5433 3498 5488 6
3530 5429 3737 5487 ἀπολέ-

2085 5525 2174 5595 ξας
2225 5523 2366 5601 αἶρει
2417 5527 2667 5602 σταυρὸν,
2706 5526 2797 5581 καὶ
2848 5526 3145 5582 ἀκολουθεῖ
3202 5529 3282 5598 τῷ
3328 5525 3566 5599 Χριστῷ.
3616 5524 3744 5579 "En

2082 5621 2426 5690 παραινεῖται
2508 5619 2803 5686 τηνικαῦτα
2869 5617 2896 5670 6
2974 5621 3052 5688 τῷ
3127 5620 3244 5688 Θεῷ
3314 5611 3746 5690 προσχώρήσας,

2088 5705 2229 5777 μήτε
2274 5704 2478 5768 ἀνὲσεις
2528 5703 2756 5778 ἐθέλειν,
2803 5706 2989 5761 ὁποῖαι
3041 5710 3160 5768 τοῖς
3204 5703 3485 5781 ἀγελαίοις
3525 5703 3616 5761 καὶ
3655 5701 3749 5759 οὕ.
