4082 6368
267 367 389 425 747

1049 359 1471 421 EUSTATHH
1519 357 2281 418 THESSALONICENSIS
2329 357 2908 417 METROPOLlT/E

3575 363 3696 421 748

269 491 660 562 commodata,
682 489 1091 565 temperantia,
1115 495 1289 563 atque
1319 489 1603 562 patientia
1633 503 1821 560 usque
1844 488 1912 543 ad

2039 487 2227 555 είκεια,
2287 481 2542 541 εὐλάϐεια
2603 483 2802 560 μελέτη
2862 485 3020 542 θείων
3076 483 3302 564 λογίων,
3363 488 3696 566 ἀνάγνωσις,

269 592 540 643 mortem.

333 766 424 819 24.
459 764 561 819 His
582 761 867 836 igiturita
897 760 1217 816 enuntiatis
1238 759 1297 813 in
1323 774 1483 814 mero
1510 773 1780 814 sermone
1802 775 1917 814 non

265 855 424 912 sistit
455 852 803 916 exhortatio,
826 852 923 906 scd
948 851 1342 921 interrogatur
1371 849 1696 904 initiandus
1721 853 1918 904 utrum

262 943 387 1000 haec
419 943 618 999 omnia
657 957 885 997 servare
917 938 1241 1010 promittat,
1275 955 1388 994 non
1441 936 1686 1010 propriae
1719 936 1919 991 virtuti

264 1034 545 1096 confisus,
569 1031 666 1086 sed
693 1030 936 1096 divinae;
969 1031 1235 1084 etutrum
1257 1028 1315 1082 in
1340 1027 1434 1083 his
1457 1026 1765 1099 promissis
1790 1042 1918 1098 per-

265 1137 502 1178 manere
533 1136 720 1191 usque
752 1119 823 1174 ad
856 1119 1034 1174 finem
1067 1117 1193 1172 vitae
1226 1118 1535 1188 spondeat,
1570 1133 1684 1171 non
1719 1116 1774 1171 vi
1808 1115 1920 1171 sibi

261 1209 538 1280 naturali,
589 1211 687 1263 sed
735 1208 931 1280 potius
981 1207 1168 1279 gratia
1216 1207 1451 1261 Christi.
1503 1207 1572 1260 Et
1612 1210 1920 1278 postquam

259 1300 562 1373 respondit
603 1298 939 1354 tondendus
975 1314 986 1352 :
1024 1298 1126 1362 Ita,
1162 1297 1350 1367 Pater,
1403 1302 1457 1350 et
1487 1296 1572 1352 sic
1601 1295 1918 1350 thesaurus

259 1386 585 1460 spiritualis
618 1387 676 1441 in
727 1389 854 1440 tuto
887 1388 978 1440 est
1025 1384 1274 1456 positus,
1307 1384 1634 1454 exoptanda
1664 1383 1918 1437 tondens

260 1479 514 1546 invocat,
542 1481 601 1531 et
644 1473 836 1547 sigillo
867 1473 1177 1528 benedicto
1228 1472 1526 1544 imposito,
1561 1476 1687 1527 orat
1717 1471 1918 1527 dicens

263 1585 392 1641 qua
445 1584 479 1622 a
524 1568 692 1620 tonso
743 1563 958 1619 servari
1009 1563 1277 1628 debeant,
1318 1561 1552 1631 jacente
1600 1561 1766 1616 humi
1818 1578 1919 1616 us-

263 1671 378 1730 que
409 1655 480 1710 ad
526 1652 880 1725 completam
914 1651 1328 1716 initiationem,
1363 1656 1422 1706 et
1471 1651 1638 1722 quasi
1673 1654 1918 1707 matrem

260 1753 479 1800 terram
513 1741 782 1814 amplexo
815 1740 1230 1813 prostratione,
1263 1755 1292 1794 e
1323 1757 1438 1811 qua
1463 1739 1557 1794 hic
1588 1739 1760 1811 longe
1791 1756 1920 1812 pro-

261 1835 519 1890 fecturus
552 1834 677 1900 est;
713 1833 776 1885 ut
805 1829 1123 1900 aliquando
1156 1846 1185 1883 e
1217 1844 1388 1884 carne
1411 1827 1728 1901 tranquille
1749 1829 1920 1883 educ-

266 1929 358 1979 tus
390 1939 518 1978 eam
552 1922 623 1976 ad
645 1920 799 1974 infra
827 1919 1116 1990 demittat,
1138 1922 1304 1973 terrae
1337 1917 1626 1987 objectam
1662 1934 1763 1972 seu
1788 1917 1919 1973 red-

262 2014 443 2068 ditam
479 2011 633 2065 unde
665 2011 903 2080 accepta
935 2010 1078 2078 erat,
1113 2010 1289 2079 atque
1319 2006 1504 2062 evolet
1538 2007 1721 2062 libera
1749 2023 1920 2062 men-

261 2108 318 2159 te
351 2102 421 2157 ad
454 2115 588 2156 eum
623 2116 655 2155 a
683 2115 796 2170 quo
830 2100 1070 2152 vocatus
1102 2099 1209 2167 est,
1245 2099 1301 2151 et
1347 2096 1438 2151 oui
1472 2095 1777 2151 ordinatus
1812 2101 1917 2151 est.

2031 575 2249 652 ἐργασία
2288 579 2321 645 ἡ
2363 577 2498 632 κατᾶ
2543 573 2793 651 δύναμιν,
2827 574 3131 651 ἐγκράτεια,
3196 579 3452 652 ὑπομονὴ
3505 583 3539 652 ἠ
3599 583 3696 658 μέ-

2030 686 2126 742 χρι
2163 667 2416 729 θανάτου.

2101 753 2199 812 κδ’.
2251 755 2471 812 Τούτων
2523 752 2579 809 δὲ
2640 755 2782 810 οῦτω
2841 754 3339 832 παρηγγελμένων,
3401 759 3463 814 ού
3528 761 3698 839 μέχρι.

2032 844 2204 920 λόγου
2230 844 2395 918 ψιλοῦ
2423 842 2637 900 ἵσταται
2670 845 2734 900 τὰ
2778 853 2880 916 τῆς
2925 848 3295 922 παραινέσεως
3321 868 3334 882 ο
3379 847 3509 905 ἀλλ’
3558 852 3697 927 ἐρω-

2028 940 2182 989 τᾶται
2216 936 2244 989 6
2277 935 2774 1010 σχηματιζόμενος,
2808 935 2853 990 εἰ
2885 941 3051 991 ταῦτα
3094 936 3268 992 πάντα
3317 937 3463 994 οὕτω
3519 951 3695 1006 καθο-

2035 1023 2266 1100 μολογεῖ
2291 1025 2581 1100 φυλάττειν
2607 1026 2691 1080 ἐπ’
2721 1024 2925 1094 ἐλπίδι,
2956 1027 3017 1081 ού
3047 1030 3146 1096 τῆς
3175 1029 3293 1083 κατ’
3323 1028 3485 1085 αὐτὸν
3528 1028 3698 1087 δυνά.

2036 1135 2198 1188 μεως,
2231 1111 2507 1184 ἀλλατῆς
2537 1119 2634 1169 τοῦ
2675 1119 2830 1170 Θεοῦ·
2863 1117 2950 1170 καὶ
3011 1115 3062 1171 ἐν
3111 1117 3334 1180 ταύταις
3377 1123 3500 1182 ταῖς
3559 1121 3692 1178 ὑπο-

2030 1205 2246 1278 σχέσεσι
2357 1203 2722 1277 διακαρτερεῖν
2822 1205 3165 1260 συντάσσεται
3256 1208 3423 1284 μέχρι
3501 1207 3692 1274 τέλους

2035 1298 2200 1363 ζωῆς,
2262 1292 2323 1348 ού
2384 1291 2628 1367 δυνάμει,
2690 1291 2816 1349 οὐδὲ
2868 1295 2999 1349 αὐτὸ
3059 1294 3252 1367 οἰκείᾳ,
3300 1293 3446 1352 ἀλλὰ
3503 1298 3682 1373 χάριτι

2029 1384 2280 1456 Χριστοῦ.
2339 1382 2444 1438 Καὶ
2504 1381 2716 1438 ἐπειδᾶν
2777 1385 2837 1438 τὸ
2889 1408 2918 1435 ‹‹
2967 1384 3094 1451 Ναὶ,
3143 1386 3338 1460 Πάτερ,
3379 1411 3399 1439 ι
3437 1386 3464 1440 6
3505 1389 3681 1457 κειρό-

2035 1493 2196 1545 μενος
2253 1472 2546 1547 ἀποκριθῇ,
2597 1473 2687 1527 καὶ
2768 1473 2941 1535 οὕτως
2996 1472 3361 1550 ἀσφαλίσηται
3417 1476 3479 1529 τὸ
3531 1497 3690 1530 πνευ-

2034 1561 2257 1634 ματικὸν
2338 1561 2705 1638 θησαύρισμα,
2762 1561 3050 1636 ἐπεύχεται
3111 1563 3138 1616 6
3197 1562 3392 1638 κείρων
3467 1563 3533 1618 τὰ
3606 1564 3691 1619 εύ-

2030 1656 2208 1705 κταῖα·
2241 1652 2328 1704 καὶ
2399 1649 2670 1728 σφραγῖδα
2723 1650 2982 1715 ἐπιτιθεὶς
3031 1649 3418 1727 εύλογητικὴν,
3472 1651 3695 1708 θεοκλυ-

2029 1745 2111 1795 τεῖ
2162 1737 2373 1812 λαλῶν,
2429 1740 2462 1793 ἃ
2518 1742 2631 1816 χρὴ
2693 1738 2979 1816 φυλάττειν
3039 1741 3131 1795 τὸν
3187 1737 3530 1816 κειρόμενο⁶ν,
3581 1743 3692 1798 κεί-

2034 1851 2192 1903 μενον
2225 1829 2370 1885 κάτω
2410 1827 2515 1892 ἕως
2567 1829 3023 1907 συμπληρώσεως
3080 1837 3182 1900 τῆς
3234 1831 3433 1906 εύχῆς,
3471 1833 3563 1886 καὶ
3619 1833 3695 1897 ὡς

2032 1921 2146 1974 οἷον
2199 1921 2297 1989 τήν
2352 1921 2559 1995 μητέρα
2621 1927 2725 1996 γῆν
2793 1919 3165 1994 ἀσπαζόμενον
3225 1924 3294 1994 τῇ
3351 1920 3690 1994 κατακλίσει,

2032 2008 2105 2069 ὡς
2174 2008 2380 2082 μακρὰν
2456 2008 2624 2079 αὐτῆς
2685 2007 2962 2082 μέλλοντα
3028 2006 3388 2073 στέλλεσθαι·
3435 2008 3526 2065 ’ἕνα
3573 2012 3692 2065 καθ’

2029 2097 2264 2172 ἡσυχίαν
2297 2094 2591 2162 ἀπολυθεὶς
2645 2104 2744 2167 τῆς
2777 2097 2995 2172 σαρκὸς,
3029 2097 3194 2167 αὐτὴν
3259 2099 3353 2170 μὲν
3412 2098 3463 2152 έν
3514 2104 3691 2176 καιρῷ

257 2191 407 2244 κάτω
463 2187 677 2261 πέμψῃ,
709 2189 776 2259 τῇ
952 2183 1339 2259 προσρίψας,ἢ
1400 2182 1491 2237 καὶ
1550 2180 1706 2253 δίκην
1767 2184 1968 2260 χρέους
2020 2183 2276 2255 ἀποδοὺς,
2337 2185 2470 2262 ὅπερ
2541 2185 2592 2258 ἒξ
2669 2187 2834 2257 αὐτῆς
2911 2183 3060 2262 ἔσχε,
3117 2191 3312 2262 γυμνῷ
3368 2185 3426 2243 δὲ
3472 2193 3552 2261 τῷ
3610 2193 3690 2263 νῷ

261 2275 601 2333 ἀνελεύσεται
634 2274 709 2335 εἷς
738 2273 828 2328 τὸν
869 2270 1396 2346 μετακαλεσάμενον,
1428 2272 1473 2343 ᾦ
1495 2272 1582 2325 καὶ
1621 2270 1861 2342 ἐτάξατο.

328 2369 421 2423 25.
473 2367 569 2422 Sic
628 2383 662 2420 a
717 2363 1004 2436 principio
1059 2361 1331 2418 homines
1388 2360 1489 2416 Dei
1541 2361 1918 2432 disciplinam

261 2458 390 2530 ejus
435 2453 711 2526 amplecti
760 2452 1180 2524 promiserunt.
1233 2455 1350 2522 Ego
1399 2453 1595 2506 autem
1649 2450 1918 2504 dicturus

261 2563 396 2602 sum
431 2544 569 2616 quid
602 2547 826 2615 postea,
851 2544 1053 2596 nostro
1085 2556 1224 2608 aevo,
1260 2539 1447 2594 sancti
1473 2537 1743 2594 monachi
1770 2537 1919 2592 mul-

258 2641 385 2692 tum
413 2635 602 2690 vivere
618 2632 750 2701 visi,
771 2648 831 2686 re
862 2634 1059 2685 autem
1092 2629 1328 2698 mortui,
1353 2628 1451 2699 qui
1482 2628 1672 2699 primo
1694 2627 1916 2684 versari

254 2726 315 2781 in
348 2722 490 2781 coalo
523 2722 970 2785 constituerant,
1003 2723 1059 2774 et
1102 2723 1326 2773 mutato
1359 2717 1602 2773 consilio
1633 2721 1788 2772 terra
1821 2718 1913 2772 las-

251 2819 492 2881 tantur;
528 2812 630 2886 qui
661 2807 1093 2882 aliquantulum
1127 2807 1395 2863 monachi
1431 2807 1688 2876 fuerunt,
1711 2822 1913 2862 verum

255 2922 392 2961 mox
439 2919 554 2958 non
605 2900 797 2957 solum
843 2897 1246 2970 duplicantur,
1295 2898 1556 2970 (non‘ad
1597 2897 1786 2951 instar
1813 2912 1910 2967 ge-

255 2991 567 3050 mellorum
612 2988 1066 3045 Molionidarum
1119 2988 1194 3057 (2)
1247 2987 1318 3042 ad
1375 3002 1624 3057 quorum
1677 2985 1825 3040 vires
1857 2989 1914 3040 et

254 3083 435 3139 robur
465 3079 738 3136 accedere
777 3081 867 3134 est
914 3075 1318 3148 impossibile;
1367 3090 1552 3146 neque
1583 3075 1911 3130 secundum

255 3171 549 3244 duplicem
572 3167 1162 3239 Platonisjhominem,
1189 3166 1362 3236 cujus
1393 3163 1708 3236 duplicitas
1742 3181 1907 3220 mon-

2101 2369 2193 2419 κε’.
2229 2363 2329 2418 Καὶ
2389 2361 2530 2417 οὕτω
2593 2364 2687 2436 μὶν
2742 2364 2988 2428 ἀνέκαθεν
3050 2365 3102 2418 οἱ
3155 2367 3252 2419 τοῦ
3304 2368 3438 2422 Θεοῦ
3479 2363 3690 2441 ἅνθρω-

2028 2472 2122 2505 ποι
2153 2450 2498 2528 έκυρώθησαν
2548 2459 2648 2522 τῆς
2699 2451 2862 2507 αὐτοῦ
2901 2453 3142 2528 γίνεσθαι
3194 2453 3494 2531 ὑποταγῆς.
3534 2457 3680 2530 Ἐγὼ

2029 2538 2086 2594 δὲ
2114 2540 2235 2610 ἥκω
2267 2540 2510 2619 φράσων,
2536 2544 2622 2596 οἷα
2649 2543 3002 2617 τεχνάζονται
3057 2541 3276 2618 ὕστερον
3336 2545 3388 2598 οἳ
3436 2548 3532 2598 τοῦ
3560 2545 3685 2609 καθ’

2025 2631 2172 2702 ἡμᾶς
2235 2630 2356 2704 βίου
2415 2631 2556 2706 ἅγιοι
2593 2630 2846 2705 μοναχοὶ,
2895 2632 2946 2685 οἱ
2985 2627 3250 2686 πολύϐιοι
3306 2628 3479 2702 ἄϐιοι,
3511 2634 3563 2686 οἱ
3611 2637 3682 2707 τῇ

2024 2720 2138 2774 κατ’
2169 2719 2344 2796 ἀρχὴν
2397 2719 2490 2792 μὲν
2549 2721 2800 2793 προθέσει
2862 2716 3320 2794 ούρανοϐάμονες,
3353 2726 3421 2796 τῇ
3481 2719 3539 2776 δὲ
3583 2727 3682 2777 τοῦ

2025 2813 2229 2864 σκοποῦ
2303 2809 2579 2882 μεταθέσει
2635 2813 2982 2884 γεωχαρεῖς·
3045 2811 3099 2864 οἳ
3161 2806 3353 2885 μικρόν
3411 2831 3463 2865 τι
3521 2810 3685 2884 μονά-

2022 2918 2226 2966 σαντες,
2261 2899 2377 2951 εἶτα
2407 2897 2468 2952 ού
2522 2897 2684 2970 μόνον
2737 2895 3019 2967 δυάζονται
3073 2899 3183 2971 (καὶ
3242 2898 3372 2954 αὐτὸ
3430 2899 3492 2954 ού
3545 2899 3685 2954 κατὰ

2019 2986 2146 3049 τοὺς
2177 2985 2382 3065 διφυεῖς
2413 2984 2764 3060 Μολιονίδας,
2793 2985 2865 3041 ὧν
2923 2989 2985 3043 τὸ
3045 2991 3162 3042 κατ’
3219 2986 3439 3065 ἀνδρίαν
3493 2987 3681 3053 σθένος

2020 3075 2464 3152 ἀπροσπέλαστον
2500 3095 2513 3108 ⁶
2577 3075 2702 3132 οὐδὲ
2782 3079 2888 3150 μήν
2961 3077 3097 3132 κατὰ
3160 3079 3252 3133 τὸν
3321 3076 3677 3134 Πλατωνικὸν

2024 3163 2252 3220 διπλοῦν
2332 3167 2639 3242 ἄνθρωπον,
2692 3166 2856 3240 οὗπερ
2934 3166 3275 3244 ἀπόστροφος
3353 3169 3381 3221 6
3441 3164 3679 3242 δυασμὸς

252 3230 489 3320 strhosa
517 3230 840 3331 efﬁngitur,
873 3272 936 3312 se
989 3230 1221 3310 duabus
1253 3230 1495 3310 naturis
1520 3252 1908 3325 tergiversan-

2028 3255 2353 3327 πέπλασται,
2387 3253 2903 3328 κατανωτιζομένων
2953 3253 3176 3326 ἄλληλα
3230 3260 3337 3311 τῶν
3391 3261 3671 3332 συμφυῐὲΝ

249 3353 410 3407 tibus
459 3368 474 3418 ;
542 3364 734 3420 neque
792 3346 1121 3402 secundum
1189 3342 1475 3399 celebrem
1536 3343 1752 3398 Janum
1809 3342 1911 3414 qui

253 3442 486 3497 duobus
515 3437 772 3494 vultibus
794 3435 987 3491 solum
1020 3432 1474 3504 duplicabatur),
1497 3433 1596 3488 sed
1632 3432 1762 3487 aliis
1787 3448 1909 3487 mo-

254 3531 369 3600 dis,
399 3544 507 3583 nec
535 3527 710 3582 laude
762 3523 980 3596 dignis,
1012 3523 1073 3576 in
1108 3521 1602 3593 multiplicitatem
1646 3520 1908 3576 extendi-

251 3625 351 3676 tur
381 3615 698 3690 duplicitas
729 3629 955 3669 eorum.
988 3612 1134 3667 Cum
1166 3611 1320 3666 Deus
1352 3627 1452 3666 eos
1495 3611 1758 3682 jusserit,
1793 3627 1909 3682 quo

247 3715 514 3781 tempore
546 3703 764 3761 caelesti
819 3703 1042 3758 mundo
1074 3718 1136 3756 se
1167 3700 1323 3756 velut
1369 3705 1624 3756 mutatos
1654 3704 1710 3756 et
1740 3716 1909 3755 reno-

249 3804 416 3854 vatos
466 3794 838 3857 addicebant,
891 3808 1149 3848 crescere
1198 3795 1255 3846 et
1307 3790 1710 3862 multiplicari,
1745 3806 1908 3844 nem-

252 3905 325 3962 pe
368 3886 541 3942 bonis
587 3884 814 3940 actibus
865 3886 922 3937 et
977 3881 1259 3935 virtutum
1322 3879 1683 3950 excellentia,
1735 3883 1911 3951 atque

253 3978 432 4034 etiam
480 3974 696 4030 multos
718 3969 1038 4043 discipulos
1071 3969 1183 4024 sibi
1215 3985 1332 4024 non
1356 3970 1670 4040 degeneres
1693 3968 1910 4039 produ-

254 4067 438 4126 cendo
463 4084 476 4136 ;
508 4064 605 4120 isti
640 4080 670 4118 e
701 4060 988 4117 contrario
1011 4076 1078 4114 ex
1100 4058 1215 4113 alto
1244 4059 1520 4114 'deorsum
1546 4057 1832 4123 conversi,
1857 4061 1913 4112 et

254 4161 317 4216 in
343 4161 519 4231 caput
539 4152 908 4229 praecipitati,
933 4167 1024 4206 res
1054 4150 1255 4222 priscis
1291 4150 1419 4205 vitae
1450 4153 1667 4222 augent
1687 4154 1743 4205 et
1765 4148 1910 4204 mul-

255 4249 546 4322 tiplicant,
580 4245 820 4301 student
847 4257 1042 4296 meros
1071 4239 1252 4295 laicos
1283 4239 1454 4295 bonis
1477 4239 1783 4311 acquisitis
1807 4255 1910 4293 su-

257 4353 482 4412 perare,
517 4339 575 4390 et
604 4332 800 4404 priora
820 4335 1074 4386 stercora
1107 4329 1418 4384 mundana:
1449 4327 1911 4384 conversationis

256 4426 546 4497 colligere,
590 4438 716 4492 quas
770 4416 916 4474 nihil
967 4422 1107 4473 sunt
1154 4417 1306 4472 facta
1352 4416 1787 4487 comparatione
1838 4414 1910 4468 ad

253 4518 412 4573 bona
434 4515 629 4568 futura
655 4528 668 4578 ;
703 4512 844 4563 tunc
866 4505 1176 4578 acquisitis
1199 4505 1369 4562 bonis
1393 4505 1750 4574 immodicis,
1774 4519 1909 4559 cum

253 4605 420 4663 nulla
451 4618 511 4657 re
561 4600 848 4671 indigent,
897 4602 955 4652 et
989 4612 1274 4669 pauperes
1327 4611 1453 4650 esse
1503 4598 1750 4666 Oportet,
1784 4594 1912 4649 sine

2028 4601 2136 4656 ταῖς
2193 4596 2410 4665 κτήσεσι
2423 4637 2436 4662 ,
2485 4593 2573 4648 καὶ

252 4696 376 4754 ulla
422 4689 766 4748 necessitate
813 4688 1095 4755 ditantur,
1145 4685 1524 4740 immemores
1571 4683 1844 4756 praecepti
1895 4700 1908 4738 :

255 4809 283 4838 «
313 4781 560 4849 Quaerite
591 4794 838 4851 regnum
885 4775 1135 4842 caeleste,
1168 4780 1224 4829 et
1256 4779 1556 4829 terrenum
1603 4773 1913 4843 adjiciatur

251 4874 417 4932 vobis
439 4873 480 4906 ³·
501 4892 530 4922 »
563 4874 686 4925 Non
721 4867 876 4922 enim
910 4864 1118 4920 sinunt
1149 4863 1269 4917 haec
1302 4863 1466 4918 aDeo
1494 4862 1711 4917 eﬂ’undi
1734 4879 1911 4934 spon-

252 4969 448 5034 tanea,
482 4964 539 5018 et
569 4958 755 5014 effusa
775 4971 982 5010 rursus
1007 4953 1208 5008 referri
1238 4969 1350 5024 quo
1377 4969 1614 5008 necesse
1635 4956 1742 5020 est,
1769 4956 1911 5007 eteo

256 5054 433 5111 modo
464 5051 536 5107 ad
563 5051 863 5104 auctorem
886 5043 1102 5099 reﬂecti
1125 5042 1282 5097 verbi
1309 5042 1498 5114 gratia
1527 5041 1913 5115 eleemosynis

259 5149 317 5202 et
343 5143 461 5200 alia
507 5136 880 5210 erogatione;
931 5133 1032 5190 sed
1065 5137 1243 5188 tantas
1271 5133 1528 5205 passioni
1580 5132 1911 5206 indulgent,

329 5364 350 5400 ³
380 5357 588 5420 Matth.
620 5371 697 5427 vx,
730 5352 820 5410 33.

330 5570 406 5641 (2)
437 5568 690 5641 Narrant
727 5560 1106 5641 fabulatores,
1153 5575 1268 5641 non
1320 5557 1606 5641 historici,
1635 5554 1916 5641 Molioni-

263 5629 403 5707 das;
449 5640 596 5694 duos
651 5638 880 5707 fratres,
933 5632 1114 5686 fuisse
1163 5633 1562 5704 plaustrorum
1619 5629 1914 5707 ductores,

270 5705 471 5784 eisque
521 5711 637 5764 duo
687 5706 879 5776 capita
924 5707 1122 5774 aptata
1167 5719 1312 5772 esse,
1342 5719 1584 5776 ‘manus
1624 5705 1914 5774 quatuor;

2019 3350 2098 3417 τῷ
2149 3346 2306 3400 παντὶ
2369 3341 2427 3398 δὲ
2487 3342 2700 3418 μᾶλλον
2757 3341 2882 3399 ούδὶ
2938 3344 3075 3398 κατά
3131 3345 3223 3400 τὸν
3284 3341 3677 3421 περιᾳδόμενον

2020 3435 2260 3504 Ἰαννον,
2318 3433 2378 3497 ⁴ὃς
2455 3432 2771 3508 προσώποις
2865 3432 3051 3506 μόνοις
3145 3431 3469 3507 ἐδυάζετο)’
3534 3432 3682 3489 ἀλλὰ

2018 3522 2245 3597 τρόποις
2305 3519 2520 3592 ἄλλοις,
2582 3520 2679 3576 οὐκ
2732 3521 2788 3576 ἂν
2851 3521 3281 3595 ἐπαινουμένοις,
3335 3523 3410 3584 εἰς
3470 3521 3682 3578 πολλα-

2020 3611 2252 3667 πλάσιον
2315 3613 2342 3666 6
2398 3609 2638 3686 δυασμὸς
2719 3611 2904 3674 αὐτοῖς
2973 3611 3354 3670 ἐπεκτείνεται.
3418 3611 3521 3668 Καὶ
3579 3615 3682 3665 τοῦ

2021 3705 2152 3758 Θεοῦ
2208 3705 2326 3764 τοῖς
2389 3700 2664 3763 τοιούτοις
2721 3700 2939 3764 πάντως
3014 3700 3397 3770 κελεύσαντος,
3455 3702 3545 3755 ὅτε
3602 3704 3683 3773 τῷ

2022 3789 2280 3846 ἀνωτάτω
2329 3788 2522 3863 κόσμῳ
2573 3788 2962 3845 ἐπιδεδώκασιν
3020 3791 3262 3862 ἑαυτοὺς,
3295 3791 3369 3852 ὡς
3431 3791 3546 3844 οἷον
3599 3789 3685 3866 ἐγ-

2019 3879 2410 3952 καινιζόμενοι,
2470 3879 2561 3934 καὶ
2658 3879 2802 3935 οὕτω
2885 3881 3276 3954 μεταθέμενοι,
3336 3878 3681 3950 αὐξάνεσθαι,

2020 3969 2108 4024 καὶ
2179 3966 2570 4040 πληθύνεσθαι,
2629 3975 2748 4032 ταῖς
2822 3969 3240 4046 ἀγαθοπραξίαις
3315 3965 3529 4038 δηλαδὴ
3589 3965 3684 4022 καὶ

2019 4064 2100 4131 τῷ
2154 4060 2270 4113 κατ’
2326 4060 2519 4136 ἀρετὴν
2573 4064 2983 4134 περιουσιασμῷ
3065 4058 3118 4113 ἐν
3207 4055 3384 4136 σφίσιν
3446 4056 3630 4118 αὐτοῖς
3667 4075 3680 4088 ·

2021 4147 2100 4204 ἔτι
2159 4146 2216 4203 8t
2266 4147 2356 4203 καὶ
2394 4152 2473 4222 τῷ
2510 4149 2754 4223 μαθητὰς
2807 4148 2885 4213 εἷς
2941 4146 3157 4218 πλῆθος
3223 4147 3435 4226 ἐκφύειν
3496 4145 3682 4210 αὐτοῖς

2023 4237 2480 4312 ἐξομοιουμένους
2515 4282 2528 4295 .
2587 4239 2656 4294 Οἱ
2750 4235 2807 4292 δὲ
2899 4236 3387 4314 ἐπαναστραφέντες
3471 4233 3681 4298 ἄνωθεν

2020 4329 2191 4396 κάτω,
2235 4329 2323 4382 καὶ
2398 4328 2473 4390 ὡς
2542 4329 2657 4382 οἷον
2725 4326 3013 4402 κατωκάρα
3084 4325 3398 4402 βληθέντες,
3455 4325 3522 4380 τὰ
3579 4328 3680 4379 τοῦ

2021 4417 2287 4492 προτέρου
2364 4415 2488 4491 βίου
2565 4412 2780 4485 αὔξουσι
2859 4415 2948 4469 καὶ
3015 4413 3374 4485 πληθύνουσι,
3431 4411 3679 4490 φιλονει-

2021 4511 2240 4569 κοῦντες
2317 4499 2616 4580 ὑπερϐῆναι
2685 4505 2774 4560 καὶ
2858 4502 2986 4568 τοὺς
3070 4501 3293 4574 ἀληθῶς
3385 4501 3683 4578 βιωτικοὺς

2655 4595 2744 4648 τὸν
2805 4593 3068 4669 πρότερον
3131 4591 3390 4669 συρφετὸν
3456 4597 3558 4660 τῆς
3625 4591 3682 4646 ἰν

2017 4686 2212 4756 κόσμω
2267 4683 2607 4760 ἀναστροφῆς
2656 4681 2964 4758 ἀπελέγξαι,
2997 4684 3060 4737 τὸ
3122 4679 3295 4756 μηδεν
3354 4678 3485 4736 ὄντα
3543 4682 3686 4756 πρός

2018 4795 2078 4850 γε
2143 4773 2235 4827 τὸν
2315 4771 2533 4846 ὕστερον
2571 4793 2582 4806 ·
2641 4776 2936 4842 τηνικαῦτα
3003 4770 3459 4846 έπερεκπερισσοῦ
3534 4768 3687 4823 κτώ-

2025 4883 2199 4937 μενοι,
2243 4863 2330 4916 ὅτε
2387 4859 2619 4935 μηδενὸς
2679 4859 3052 4936 προσδέονται,
3084 4860 3172 4914 καὶ
3233 4859 3323 4914 ὅτε
3373 4857 3681 4935 πτωχεύειν

2022 4951 2215 5028 ἐχρῆν,
2274 4950 2642 5013 πλουτοῦντες
2693 4949 2771 5012 εἷς
2830 4947 2980 5005 οὐδὲν
3061 4947 3179 5004 δέον
3213 4967 3225 4980 °
3284 4944 3683 5026 παρανοοῦντες

2022 5041 2172 5096 αὐτοὶ
2205 5041 2266 5095 τὸ
2298 5063 2326 5092 ‹‹
2360 5045 2578 5110 Ζητεῖτε
2610 5038 2706 5108 δὴν
2742 5039 3018 5114 βασιλείαν
3049 5040 3148 5108 τῆν
3205 5035 3338 5108 ἅνω,
3373 5038 3460 5093 καὶ
3507 5055 3674 5110 προσ-

2020 5132 2301 5202 τεθήσεται
2335 5130 2462 5204 ὑμῖν
2519 5129 2585 5184 τὰ
2638 5128 2806 5184 κάτω.
2843 5151 2871 5180 ››
2903 5127 2976 5184 Ού
3035 5128 3138 5205 γὰρ
3201 5127 3416 5207 ἀφιᾶσιν
3473 5124 3672 5197 ἀπραγ-

2027 5572 2125 5613 eos
2156 5573 2334 5629 quam
2367 5555 2622 5629 maxima
2654 5554 2962 5629 concordia
2993 5556 3221 5629 egisse;
3253 5552 3310 5608 et
3340 5546 3423 5606 sic
3454 5541 3684 5602 viribus

2027 5626 2358 5702 conjunctis
2387 5628 2643 5688 multum
2672 5626 2948 5686 valuisse.
