4082 6414
336 378 461 439 149

1345 369 1449 431 DE
1493 366 1994 431 EMENDANDA
2033 367 2219 430 VITA
2263 367 2749 431 MONACHIGA.

3622 370 3765 459 150

342 509 586 584 μάτευτα
655 503 923 582 ἐπιῤῥέειν
1000 503 1180 560 ἐκεῖνα
1257 502 1394 579 πρὸς
1458 504 1617 573 Θεοῦ,
1677 501 1751 562 ὡς
1805 500 2003 576 ἐπιχυ-

2139 502 2355 575 apiunt
2385 506 2443 558 et
2461 506 2662 576 empta
2688 507 3068 575 seponunt,et
3095 504 3157 561 in
3187 504 3572 578 receptaculis
3627 520 3766 563 coa-

342 598 503 653 θέντα
536 593 905 665 ἐξαντλεῖσθαι
959 589 1148 661 πάλιν,
1183 589 1309 645 ὅποι
1365 590 1503 666 χρὴ,
1534 588 1625 644 καὶ
1667 587 1841 651 οὕτως
1871 587 2006 643 ἐπα-

2118 597 2352 647 cervata
2380 592 2803 647 thesaurisant.

336 685 673 759 νακάμπτειν
731 684 870 757 πρὸς
920 683 1012 738 τὸν
1070 683 1376 754 πέμψαντα,
1441 678 1820 752 ἐλεημοσύνης
1880 676 2035 753 λόγῳ
2090 679 2179 733 καὶ
2247 678 2450 748 λοιπῆς
2526 677 2864 755 διακρίσεως·
2950 677 3097 736 ἁλλά
3147 682 3233 736 καὶ
3291 680 3763 758 πραγματεύονται

335 777 399 833 τὸ
427 779 679 831 τοιοῦτον
736 773 927 841 πάθος,
979 771 1070 828 καὶ
1127 771 1449 846 ἁρπάζουσι,
1500 768 1591 824 καὶ
1620 769 1691 823 τὰ
1746 765 1890 822 οὕτω
1916 766 2276 843 περιελθόντα
2305 767 2726 838 ἐναποτίθενται,
2759 769 3173 844 θησαυρίζοντες
3207 769 3261 825 ἐν
3307 774 3386 843 υῷ
3413 771 3503 826 καὶ
3553 771 3764 844 ἀποθή-

339 887 438 928 κας
472 861 807 936 ἀνευρύνειν.

413 1023 514 1083 κς’.
576 1013 680 1070 Καὶ
738 1015 805 1084 ἣν

345 1106 736 1180 ἁπλουστέροις
766 1104 834 1158 τά
863 1102 940 1167 εἷς
988 1096 1285 1177 ἀκρίϐειαν.
1337 1100 1400 1154 Οἱ
1461 1097 1519 1154 δέ
1570 1120 1677 1155 που
1724 1098 1813 1155 καὶ
1859 1098 2006 1169 ἐξαν-

342 1197 566 1254 τλοῦσιν
621 1192 753 1250 αὐτὰ
782 1191 1111 1269 ἐπιρρήτως,
1145 1192 1220 1253 ὡς
1253 1190 1352 1245 οὑκ
1382 1191 1440 1244 ἄν
1481 1211 1565 1252 τις
1615 1185 1741 1244 οὐδὲ
1790 1188 2002 1243 ἀκούων

345 1285 601 1356 ἀνέξεται.
664 1281 768 1338 Καὶ
821 1276 960 1336 ἔστιν
1023 1279 1152 1335 αύτὸ
1203 1282 1301 1334 τοῦ
1355 1278 1588 1340 εἰκότος.
1648 1276 1744 1339 Εἲς
1797 1276 1850 1332 τί
1898 1277 2003 1351 γὰρ

345 1372 404 1430 ἂν
434 1373 525 1429 καὶ
564 1369 929 1446 ταμιεύσηται
975 1373 1226 1431 τοιοῦτος
1282 1366 1585 1444 ἄνθρωπος,
1648 1365 1693 1422 εἰ
1750 1366 1856 1440 μὴν
1918 1364 2006 1420 ἐπὶ

344 1466 653 1534 κανονικῷ;
716 1459 867 1516 Διατί
927 1457 985 1513 δὲ
1039 1459 1068 1513 ὁ
1123 1458 1455 1534 τεταγμένος
1525 1456 1854 1529 ἀκτημονεῖν
1911 1475 2006 1510 τα-

353 1552 703 1628 μειουχήσει,
759 1548 842 1604 ὅτι
906 1548 982 1621 μή
1042 1546 1123 1626 ἐφ’
1179 1545 1454 1621 ἁμαρτίᾳ;
1514 1544 1617 1600 Καὶ
1648 1542 1870 1617 οἴδαμεν
1923 1543 2007 1600 ἦν-

348 1644 520 1697 ταῦθα
568 1641 619 1695 οἱ
678 1636 1049 1710 διοικούμενοι
1098 1631 1252 1710 tota:
1294 1656 1354 1690 τε
1399 1634 1493 1690 καὶ
1542 1635 1731 1697 ἀκοαῖς
1779 1632 2008 1696 λαϊκοὺς

357 1727 574 1805 ἄνδρας,
628 1726 723 1790 οὕς
782 1726 985 1804 ῥύπους
1040 1724 1335 1800 ἀμπέχων,
1367 1725 1497 1779 ὅλον
1528 1722 1785 1793 ἐπύκαζεν
1828 1721 2011 1784 αὐτοῖς

883 1010 944 1069 ἂν
1016 1015 1179 1067 τοῦτο
1250 1010 1585 1087 συγγνῶστὸν
1664 1010 1810 1085 τάχα
1885 1013 2000 1072 τοῖς

2182 1012 2274 1067 26.
2298 1011 2368 1067 Ει
2398 1011 2596 1069 forsan
2646 1012 2806 1070 istud
2852 1014 3021 1072 venia
3049 1014 3295 1087 dignum
3328 1029 3399 1071 ex
3445 1018 3612 1088 parte
3665 1016 3773 1073 ho-

2116 1100 2342 1155 minum
2365 1100 2701 1174 ignarorum
2725 1103 3197 1173 perfectionis.Hi
3216 1108 3412 1162 autem
3437 1105 3598 1161 istud
3629 1107 3774 1163 adeo

2116 1190 2400 1245 audacter
2429 1193 2861 1262 perpetrant,ut
2892 1209 3062 1249 nemo
3095 1193 3344 1249 audiens
3366 1193 3516 1250 ferre
3561 1196 3769 1266 possit.

2116 1280 2184 1335 Et
2213 1279 2418 1334 merito
2441 1278 2700 1351 quidem.
2728 1280 2812 1334 Ad
2840 1281 2977 1352 quid
2995 1281 3150 1338 enim
3176 1282 3311 1338 talis
3333 1283 3510 1339 homo
3534 1283 3766 1340 thesau-

2119 1368 2350 1435 rizabit,
2384 1368 2496 1424 nisi
2529 1369 2601 1425 ad
2631 1368 2961 1441 legitimum
2994 1372 3170 1427 ﬁnem
3200 1371 3228 1427 ?
3250 1372 3555 1429 Professus
3574 1378 3773 1430 autem

2116 1466 2530 1531 paupertatem
2555 1461 2627 1513 ad
2668 1458 2809 1529 quid
2843 1465 3180 1533 congregat,
3230 1460 3343 1517 nisi
3374 1467 3613 1535 propter
3640 1479 3774 1535 peo-

2117 1551 2315 1602 catum
2345 1545 2372 1601 ?
2403 1545 2488 1600 Ibi
2526 1545 2685 1601 enim
2732 1545 2912 1601 veluti
2941 1548 3071 1603 visu
3118 1551 3175 1605 et
3224 1549 3431 1605 auditu
3489 1550 3765 1607 novimus

2118 1634 2301 1690 laicos
2330 1633 2622 1704 homines,
2668 1651 2922 1707 quorum
2979 1652 3193 1708 corpus
3246 1642 3460 1705 totum,
3512 1639 3776 1710 undique

2121 1722 2397 1780 sordibus
2431 1728 2497 1779 ut
2519 1725 2775 1797 quodam
2803 1725 2979 1798 pallio
3001 1726 3552 1797 abscondebatur,et
3579 1728 3778 1784 multae

358 1820 422 1875 τὸ
454 1823 631 1892 σῶμα,
687 1817 761 1879 ὡς
821 1817 911 1871 οἷα
965 1814 1055 1870 καί
1105 1835 1159 1869 τι
1184 1808 1527 1889 περίϐλημα,
1588 1812 1679 1867 καὶ
1724 1810 2015 1888 γυμνιτεία

2139 1817 2319 1884 partes
2344 1814 2603 1885 corporis
2632 1813 2713 1869 ita
2744 1814 2914 1870 nuda
2973 1815 3356 1888 apparebant,
3391 1821 3456 1872 ut
3501 1817 3630 1873 visa
3659 1832 3777 1873 non

363 1906 548 1964 πολλά
592 1904 688 1962 τοῦ
746 1905 1003 1978 σώματος
1057 1902 1357 1981 ἐνεφάνιζεν
1387 1946 1401 1973 ,
1461 1897 1579 1956 οὔτι
1633 1901 1828 1956 ἀνεκτά
1889 1898 2014 1975 βλέ-

2139 1902 2664 1959 ferrentur.Venter
2691 1903 3039 1977 plerumque
3066 1921 3287 1961 vacuus
3334 1906 3786 1963 extenuabatur.

372 2009 565 2062 πεσθαι
600 2040 614 2055 .
674 1994 1045 2071 Ἐλαγαροῐὶτο
1105 1989 1163 2047 δὲ
1216 1992 1304 2046 καὶ
1365 1993 1401 2061 ἡ
1459 1989 1665 2067 γαστὴρ
1703 2036 1719 2060 ,
1776 1986 2020 2051 διάκενος

373 2088 508 2143 οὗσα
555 2086 622 2141 τὰ
676 2082 893 2140 πλείωο
953 2083 1040 2138 καὶ
1094 2080 1423 2158 ἐκρύπτοντο
1482 2078 1655 2135 ἐκεῖνο
1712 2076 1803 2135 διὰ
1855 2082 2025 2133 ταῦτα

367 2177 461 2233 τὸν
521 2173 705 2245 ἥλιον,
758 2169 1170 2245 δυσωπούμενοι
1216 2171 1316 2238 τὴν
1372 2172 1481 2225 τῶν
1523 2165 1752 2224 πολλῶν
1786 2166 1904 2223 θέαν
1938 2160 2021 2221 αἶ’-

373 2262 500 2329 δοῦς
557 2262 738 2339 λόγῳ,
788 2261 877 2317 καὶ
914 2263 982 2335 τῇ
1030 2259 1167 2315 κατά
1226 2256 1342 2334 βίον
1401 2256 1628 2334 ἀφανείᾳ
1676 2256 2022 2334 ζοφούμενοι.

372 2352 527 2412 Ἐπεὶ
575 2348 632 2407 δὲ
660 2349 916 2427 ψυγόντες
970 2348 1066 2404 τὸν
1123 2347 1329 2422 κόσμον
1360 2344 1596 2417 ῗδίασαν,
1650 2347 1851 2419 καὶτῷ
1906 2348 2023 2418 Θεῷ

371 2445 733 2518 παραστατεῖν
812 2437 1086 2515 ἐκύρωσαν
1121 2479 1136 2506 ,
1213 2435 1522 2510 ἐξέλαμψαν
1593 2435 2021 2510 κοσμικώτερον·

372 2532 463 2588 καὶ
516 2531 609 2586 τόν
679 2549 739 2583 τε
795 2527 964 2606 ῥύπον
1024 2522 1404 2598 ἐξεκαλέσαντο
1437 2568 1453 2595 ,
1525 2520 1751 2586 πυέλοις
1813 2527 2027 2598 θερμῶν

376 2618 585 2677 ὑδάτων
643 2617 819 2693 συχνά
875 2610 1252 2690 ἐμϐαψάμενοι
1288 2633 1302 2645 ·
1355 2616 1446 2669 καὶ
1503 2612 1676 2677 οὕτως
1736 2611 1797 2667 ού
1860 2612 2025 2686 μόνον

370 2712 464 2766 τὸν
493 2708 689 2765 σπῖλον
748 2704 1112 2784 ἀπαγαγόντες
1171 2705 1396 2773 ἑαυτῶν,
1428 2700 1574 2758 ἀλλά
1623 2702 1713 2758 καὶ
1768 2702 1833 2757 τὸ
1892 2723 2029 2776 μεμ-

372 2806 590 2870 νῆσθαι,
649 2794 733 2852 ὅτι
788 2799 888 2850 τοῦ
938 2793 1075 2849 κατὰ
1130 2793 1260 2848 Θεὸν
1309 2791 1609 2867 προσώπου
1640 2789 1796 2859 εἰσὶν,
1830 2791 1906 2853 ὡς
1937 2789 2029 2847 καὶ

383 2889 733 2964 ἀπῃτήθησαν
808 2885 898 2940 καὶ
983 2883 1422 2959 εὗηρεστήθησαν
1458 2899 1471 2914 ⁸
1558 2881 1647 2937 καὶ
1710 2883 2031 2955 ἱματισμοῖς

381 2977 438 3034 δὲ
490 2976 782 3053 ἐνέπρεψαν
838 2971 1200 3049 ψευδομένοις
1263 2973 1357 3027 τὸν
1418 2971 1718 3047 μοναχικὸν
1768 2965 2027 3046 τρίϐωνα,

376 3068 466 3124 καὶ
524 3067 618 3129 τάς
674 3064 889 3126 κοιλίας
917 3062 1258 3139 ἐξώγκωσαν,
1317 3062 1392 3123 ὡς
1457 3060 1652 3134 μηκέτι
1710 3056 1853 3134 μηδὲ
1881 3053 2028 3135 ἔχειν

379 3159 558 3236 φέρειν
610 3155 674 3211 τὸ
724 3152 1001 3230 σύμφυτον
1032 3152 1221 3229 βάρος,
1256 3147 1403 3236 ἀλλά
1429 3149 1520 3204 καὶ
1551 3148 1808 3222 ἡμιόνοις
1841 3146 2029 3224 ἁδροῖς

2131 1992 2266 2049 Ideo
2298 1991 2482 2048 solem
2507 1993 2606 2049 isti
2655 1993 3137 2065 reformidabant,
3186 1995 3391 2052 oculos
3431 1996 3617 2052 turbes
3664 2013 3783 2069 pra

2133 2082 2356 2154 pudore
2386 2098 2503 2138 non
2536 2082 3009 2155 ferebant,arque
3029 2083 3265 2140 obscuri
3287 2084 3347 2139 in
3379 2086 3602 2141 mundo
3623 2086 3786 2159 igno-

2132 2171 2583 2227 rabantur.Cum
2609 2176 2809 2228 autem
2839 2171 3040 2229 relicto
3070 2173 3281 2230 saeculo
3310 2174 3373 2230 in
3403 2174 3784 2231 solitudinem

2133 2263 2504 2332 venerunt,et
2525 2264 2860 2316 statuerunt
2916 2262 3031 2317 Deo
3078 2263 3503 2335 propinquare,
3534 2265 3787 2320 munda-

2134 2348 2270 2406 nius
2301 2348 2960 2421 fulserunt;squalorem
2985 2350 3207 2407 crebris
3240 2367 3404 2424 aquae
3435 2351 3638 2409 calida
3660 2353 3788 2410 bal-

2135 2438 2263 2495 neis
2293 2438 2584 2510 deponere
2613 2438 2723 2499 visi
2754 2442 2981 2509 sunt,et
3006 2438 3093 2497 sic
3121 2455 3237 2496 non
3265 2441 3438 2498 modo
3452 2457 3564 2498 sua
3592 2458 3790 2499 macu-

2135 2526 2226 2585 las
2245 2518 2753 2599 aboleverunt,sed
2775 2528 2941 2584 obliti
2962 2534 3105 2586 sunt
3124 2529 3300 2585 etiam
3318 2547 3382 2587 se
3398 2547 3528 2588 esse
3550 2532 3649 2587 Dei
3669 2548 3795 2605 per-

2138 2633 2458 2689 sonas,quo
2493 2617 2762 2689 requisiti
2781 2621 2969 2690 erant,
3003 2622 3063 2674 et
3137 2622 3372 2692 gratum
3439 2619 3792 2689 habuerant,

2136 2706 2331 2762 induti
2354 2710 2495 2762 sunt
2520 2706 2782 2762 vestibus
2804 2723 3065 2779 pannum
3081 2707 3495 2766 monachicum
3511 2710 3796 2766 mentien-

2138 2794 2386 2864 tibus;in
2412 2798 2647 2851 tantum
2673 2799 2936 2859 ventrem
2956 2796 3388 2853 tumefecerunt
3426 2801 3492 2854 ut
3520 2814 3636 2855 non
3663 2799 3793 2871 jam

2141 2882 2407 2940 naturale
2424 2884 2656 2955 pondus
2678 2883 2985 2940 ferendum
3017 2884 3321 2954 haberent,
3343 2887 3445 2943 sed
3476 2887 3623 2943 illud
3655 2903 3794 2944 mu-

2139 2971 2213 3029 lis
2238 2972 2928 3046 vigorosisimponerent.
2961 2974 3031 3030 Et
3060 2976 3159 3030 isti
3204 2976 3455 3047 pedibus
3524 2977 3794 3033 incedere

2141 3079 2446 3134 nunquam
2479 3062 3026 3136 dedignati,terram
3056 3064 3247 3136 ipsam
3282 3064 3454 3138 plane
3479 3065 3793 3139 irecusant,

2142 3151 2263 3208 sive
2295 3157 2542 3207 matrem
2568 3151 2669 3207 illo
2701 3153 2873 3208 modo
2906 3158 3511 3227 reverentes,eamque
3568 3154 3794 3212 calcare

380 3235 678 3309 ἀνατιθέναι
734 3241 902 3298 αὐτό·
977 3240 1067 3296 καὶ
1142 3241 1194 3296 οἱ
1266 3235 1542 3312 μηδέποτε
1591 3236 2023 3313 παραιτούμενοι

2139 3257 2254 3296 non
2285 3240 2726 3311 audentes,sine
2756 3241 3069 3312 gestientes
3108 3258 3288 3315 super
3308 3247 3528 3299 terram
3558 3243 3792 3311 elevari;

378 3338 518 3409 πεζῇ
574 3331 791 3409 τρέχειν
845 3331 944 3400 τὴν
1001 3335 1102 3408 γῆν
1137 3326 1430 3383 ἀπείπαντο
1490 3326 1658 3396 αὐτὴν
1716 3324 1769 3388 ἐς
1805 3326 1869 3381 τὸ
1899 3347 2033 3380 παν-

376 3422 553 3495 τελὲς,
613 3422 649 3492 ἢ
697 3418 965 3495 τιμῶντές
1015 3439 1122 3474 που
1149 3418 1249 3487 τήν
1286 3417 1496 3493 μητέρα
1524 3414 1721 3485 οὕτως,
1744 3415 1833 3471 καὶ
1865 3436 2035 3471 κατα-

379 3516 567 3569 πατεῖν
622 3510 788 3579 αύτὴν
851 3510 1133 3570 ἀκνοῢντες
1167 3551 1181 3578 ,
1249 3505 1286 3576 ἢ
1345 3504 1697 3585 σοφιζόμενοι
1750 3505 1813 3560 τὸ
1871 3505 2031 3581 ὑπέρ-

379 3622 525 3679 γειον
562 3620 574 3634 ·
635 3599 774 3656 ὥστε
826 3598 916 3653 καὶ
964 3598 1154 3652 θᾶττον
1218 3592 1278 3651 ἂν
1364 3595 1581 3670 Πέρσης
1660 3595 1688 3650 ὁ
1762 3594 1908 3670 παρά
1955 3598 2037 3667 τῷ

2143 3333 2201 3384 et
2231 3329 2315 3385 sic
2348 3333 2524 3385 Persa
2551 3330 2708 3401 apud
2741 3330 3057 3386 candidum
3079 3330 3520 3404 Xenophontem
3544 3331 3794 3404 pedibus

2147 3419 2218 3474 ad
2252 3417 2674 3475 ambulandum
2709 3419 2903 3489 potius
2934 3419 3244 3488 uletur,vel
3268 3421 3341 3476 ab
3371 3438 3523 3493 equo
3545 3420 3799 3478 Centau-

2145 3524 2246 3564 rus
2277 3508 2859 3581 disjungetur,quam
2888 3508 2988 3564 isti
3018 3508 3272 3582 propriis
3302 3509 3553 3581 pedibus
3594 3511 3798 3567 ambu-

2145 3597 2376 3654 labunt.

382 3689 540 3762 καλῷ
595 3690 912 3766 Ξενοφῶντι
944 3686 1244 3763 ἀνάσχοιτο
1275 3683 1440 3740 ποσὶν
1468 3685 1545 3747 εἱς
1604 3681 1814 3760 βάδισιν
1844 3684 2178 3760 χρήσασθαι,
2203 3682 2310 3741 ε’ίτε
2339 3685 2646 3763 Κένταυρος
2686 3683 3006 3759 ἁπολέξεται
3058 3684 3149 3741 τὸν
3197 3682 3392 3756 ἵππον,
3447 3683 3589 3762 ἤπερ
3646 3683 3803 3742 αὐτοὶ

383 3779 866 3857 προτραπήσονται
898 3775 976 3840 εἰς
1002 3772 1125 3833 ὁδὸν
1151 3775 1250 3846 τήν
1284 3771 1375 3830 διὰ
1402 3771 1585 3831 ποδῶν
1619 3772 1857 3832 οἰκείων.

454 3931 556 4000 κζ’.
617 3930 779 4005 Τάχα
827 3929 930 4006 γὰρ
960 3928 1263 3991 παικτικῶς
1286 3925 1684 4006 ἀφοσιούμενος
1718 3926 1746 3980 ὁ
1788 3928 2036 3986 τοιοῦτος

390 4015 837 4097 μεγαλοσχήμων
902 4017 960 4073 τὸ
1016 4017 1375 4092 νενεκρῶσθαι
1432 4019 1550 4077 τοῖς
1580 4014 1728 4070 κάτω
1765 4014 1905 4069 καΘά
1949 4013 2039 4069 καὶ

386 4105 793 4185 παρήγγελται,
844 4104 933 4162 καὶ
992 4104 1352 4181 ὡμολόγηκεν
1385 4122 1399 4136 ⁸
1461 4105 1654 4182 ἀφίησι
1706 4104 1801 4177 μὲν
1852 4099 2040 4166 ἄλλως

391 4196 521 4252 αύτὸ
579 4194 974 4260 ἐπιδείκνυσθαι
1052 4194 1189 4270 πρὸς
1248 4194 1505 4264 ἀλήθειαν
1582 4189 1651 4247 δι’
1707 4192 1897 4269 ἀργίας
1944 4194 2043 4246 τοῦ

399 4289 492 4359 ζῇν
548 4284 842 4360 ἐμπαθῶς,
911 4284 1000 4339 καὶ
1056 4286 1154 4339 τοῦ
1210 4283 1285 4356 μὴ
1339 4282 1600 4336 κινεῖσθαι
1656 4280 1795 4336 κατά
1847 4279 2044 4350 ζωϊκάς

400 4371 618 4449 ὀρέξεις·
681 4372 964 4443 ἀνατίθησι
1039 4367 1097 4426 8t
1165 4369 1239 4432 εἷς
1317 4369 1580 4444 δποξύγια
1629 4368 1837 4437 ἑαυτὸν,
1907 4368 2046 4432 καθά

391 4461 482 4517 καί
529 4483 583 4517 τι
615 4459 807 4538 ἄχθος,
854 4459 945 4516 καὶ
996 4458 1128 4515 αὐτὸ
1176 4457 1423 4528 ἐτώσιον,
1481 4456 1573 4512 καὶ
1624 4456 1767 4514 οὕτω
1825 4458 2044 4533 φέρεται

390 4549 648 4626 ξυνωρίδι
699 4548 942 4625 ἀλόγων,
986 4553 1084 4604 τοῦ
1139 4569 1200 4603 τε
1240 4546 1643 4620 κρυπτομένου,
1693 4546 1784 4601 καὶ
1833 4544 1865 4601 6'
1909 4566 2044 4622 προ-

394 4639 675 4717 φαίνεταιο
723 4638 1078 4717 σοφιζόμενυς
1137 4638 1166 4693 ὁ
1225 4635 1482 4705 ἐλεεινὸς,
1529 4635 1619 4691 καὶ
1678 4635 1778 4691 ούκ
1828 4635 2046 4691 ἐννοού-

2215 3928 2306 3984 27.
2331 3928 2499 3985 Forte
2555 3929 2713 3984 enim
2745 3928 3039 4002 perfectus
3072 3927 3184 3984 iste
3235 3928 3580 3999 monachus,
3612 3932 3680 3986 ut
3701 3944 3808 4002 per

2146 4015 2357 4073 ludum
2391 4017 2717 4073 satisfaciat
2734 4020 2865 4074 voto
2888 4017 3177 4074 moriendi
3199 4018 3515 4083 mundo,ut
3534 4019 3806 4075 admoni-

2149 4111 2246 4163 tus
2272 4109 2430 4162 estet
2442 4105 3045 4178 promisit,contendit
3063 4105 3122 4161 id
3145 4105 3568 4175 aliisfmodis,et
3588 4107 3807 4164 veraci-

2150 4199 2241 4252 ter
2259 4194 2816 4265 ostendere,scilicet
2835 4194 3129 4251 otiositate
3149 4195 3278 4249 vitae
3299 4194 3647 4268 impatibilis
3664 4201 3722 4271 et
3743 4213 3806 4253 se

2154 4300 2269 4339 non
2302 4284 2590 4340 moventis
2610 4283 2935 4339 secundum
2966 4283 3318 4356 cupiditates
3341 4281 3628 4340 animales
3654 4301 3669 4352 ;
3702 4285 3807 4340 sed

2155 4373 2512 4446 seipsum,ut
2542 4373 2835 4429 sarcinam
2862 4373 3181 4442 quamdam
3205 4378 3262 4428 et
3299 4370 3577 4428 inutilem
3631 4389 3810 4445 super

2151 4462 2423 4534 jumenta
2452 4461 2726 4531 imponit,
2757 4465 2815 4517 et
2853 4460 2935 4516 sic
2985 4460 3245 4517 ferturin
3273 4461 3552 4517 societate
3584 4461 3810 4518 anima-

2157 4550 2301 4607 lium
2332 4551 2849 4621 irrationabilium,
2876 4550 3055 4608 unius
3094 4549 3447 4619 absconditi,
3480 4555 3538 4607 et
3563 4550 3811 4609 alterius

2155 4640 2786 4714 manifesti.Decipitur
2816 4640 2914 4697 ille
2947 4640 3128 4696 miser
3158 4656 3263 4696 nec
3304 4640 3520 4714 cogitat
3568 4640 3814 4699 alteram

400 4748 602 4802 μενος,
680 4727 921 4804 ὲτεροίαν
980 4725 1237 4782 ἱππασίαν
1300 4732 1504 4802 χρῆναι
1562 4727 1832 4780 ποιεῖσθαι
1888 4725 2025 4781 αύτὸτ

2160 4730 2583 4803 equitationem
2606 4730 2720 4787 sibi
2733 4746 2861 4787 esse
2875 4730 3550 4802 faciendam,secandum
3565 4730 3813 4805 prophe-

400 4801 782 4894 προφητικὴν,
840 4816 939 4885 τὴν
985 4814 1075 4869 καὶ
1122 4812 1514 4882 ἀποπολικὴν,
1567 4815 1667 4882 τήν
1728 4812 1817 4868 ἐπὶ
1875 4834 2021 4884 σωτη

2161 4801 2252 4876 tas
2273 4824 2330 4876 et
2350 4819 3091 4893 apostolos,equitationem
3113 4818 3477 4875 salutiferam
3495 4823 3554 4875 et
3565 4801 3815 4877 turban-

397 4907 505 4983 ρίᾳ,
538 4907 639 4975 τὴν
679 4905 1045 4979 ταράσσουσαν
1104 4900 1292 4974 ὕδατα,
1354 4902 1518 4956 ὁποῖα
1574 4904 1609 4971 ἠ
1671 4904 1856 4980 Γραφὴ
1907 4907 2025 4957 νοεῖ

2160 4914 2275 4966 tem
2289 4925 2470 4980 aquas
2486 4925 2561 4982 qu
2571 4906 3113 4980 alesintelligendas
3124 4907 3424 4979 Scriptura
3446 4908 3810 4981 suppeditat.

401 4990 731 5051 ὑποϐάλλει’
768 4994 1017 5068 ζωογόνα
1076 4992 1172 5065 μὶν
1223 4989 1412 5053 ἄλλως
1457 4987 1790 5058 πολυειδῶς,
1819 4987 2025 5068 παραϐε

2162 4998 2291 5055 Ista
2313 5014 2478 5070 aqua;
2504 4997 2707 5053 multis
2729 4996 2862 5053 aliis
2884 4996 3075 5053 modis
3094 4996 3379 5065 vivunt,et
3397 4996 3545 5052 mari
3578 4997 3814 5054 assimi-

399 5080 656 5159 ϐλημένα
712 5080 771 5138 δὲ
827 5080 1070 5156 θαλάσσῃ
1117 5078 1208 5136 διὰ
1249 5080 1313 5135 τὸ
1377 5077 1610 5135 ἄπλετον
1669 5078 1759 5134 καὶ
1829 5079 2021 5151 ἀληθῶ

2163 5088 2361 5145 lantur
2380 5088 2520 5160 quia
2540 5087 2931 5155 abundantes,
2963 5102 3188 5159 magnae
3223 5092 3281 5141 et
3335 5085 3667 5156 immensa,
3725 5090 3815 5143 at-

405 5173 544 5249 μέγα
583 5172 675 5228 καὶ
733 5170 1076 5248 εὐρύχωρον,
1119 5166 1230 5240 ἤδη
1281 5166 1340 5224 δὲ
1383 5167 1474 5223 καὶ
1525 5164 1614 5223 διὰ
1640 5168 1704 5223 τὸ
1761 5165 2024 5245 δυσπρόσι

2165 5194 2279 5250 que
2311 5176 2549 5233 difﬁcile
2579 5177 2650 5232 ad
2674 5193 2774 5232 eas
2803 5175 3130 5249 gustandas
3160 5175 3458 5231 acceditur
3480 5176 3552 5232 iis
3577 5175 3679 5249 qui
3709 5193 3814 5233 ne-

400 5282 494 5318 τον
543 5261 622 5325 εἰς
669 5265 849 5337 γεῦσιν
892 5263 1009 5321 τοῖς
1057 5279 1118 5334 γε
1165 5260 1240 5332 μὴ
1303 5254 1646 5330 δυναμένοις,
1704 5256 1741 5329 ἢ
1779 5260 2021 5330 κατηξιω

2165 5270 2389 5338 queunt
2405 5271 2506 5322 aut
2526 5265 2917 5338 dedignantur
2939 5264 3112 5320 istam
3136 5281 3348 5335 aquam
3375 5264 3817 5334 bibere;ea3dem

409 5351 595 5426 μένοις
654 5350 868 5425 ἐμπίνει
941 5348 1195 5404 τοιούτου
1259 5344 1472 5410 ὕδατος·
1534 5348 1666 5424 ὅπερ
1732 5349 1867 5403 κατά
1919 5360 2025 5413 θεω

2166 5373 2299 5413 vero
2330 5372 2492 5428 aquas
2519 5355 2634 5411 alio
2655 5355 2829 5410 modo
2859 5354 3062 5410 vivunt
3088 5357 3146 5409 et
3173 5353 3536 5424 exsiliunt,et
3567 5356 3712 5412 dant
3728 5357 3822 5413 vi-

403 5441 524 5518 ρίαν
583 5440 820 5519 ὲτεροίαν
869 5443 958 5515 ζῇ,
1007 5439 1096 5495 καὶ
1155 5436 1404 5508 ἅλλεται,
1463 5435 1554 5492 καὶ
1631 5443 1776 5508 ζωῆς
1833 5438 2022 5496 αἰωνίο

2166 5451 2285 5503 tam
2314 5450 2590 5501 aeternam
2624 5444 2675 5500 si
2711 5443 2907 5500 clarus
2937 5443 3437 5516 eques,abbas,ab
3460 5443 3545 5501 eis
3571 5461 3686 5501 non
3717 5445 3825 5503 mi-

405 5530 578 5588 αἴτιόν
612 5529 780 5602 ἐστιν,
815 5530 861 5587 εἰ
891 5531 978 5586 καὶ
1014 5531 1042 5585 ὁ
1073 5526 1327 5605 λαμπρὸς
1384 5525 1542 5591 οὗτος
1582 5522 1855 5601 ἀναϐάτης
1887 5524 2025 5585 ἀϐϐἇ

2169 5553 2280 5593 nus
2312 5537 2383 5592 ab
2442 5532 2565 5591 sale
2609 5533 2892 5603 obstinet,
2951 5550 3069 5589 non
3125 5533 3346 5605 cogitat
3403 5535 3825 5607 equitationem

404 5625 504 5677 τοῦ
561 5619 817 5677 τοιούτου
874 5619 1220 5696 ἀπεχόμενος
1270 5615 1491 5690 ὕδατος,
1547 5619 1646 5674 ὅσα
1699 5617 1790 5675 καὶ
1851 5619 2025 5695 ἅλμης

2170 5642 2354 5699 aquas
2375 5624 2640 5697 depictas
2669 5627 3055 5692 everrentem,
3100 5625 3157 5678 et
3177 5626 3392 5681 ﬂuctus
3449 5624 3826 5699 procellosos,

411 5709 522 5789 οὐχ
547 5707 809 5767 ἱππασίαν
861 5708 1117 5767 ἐννοεῖται
1175 5709 1540 5787 ταράσσουσαν
1598 5704 1767 5765 ὕδατα
1821 5730 2025 5787 γραφικ

2173 5719 2232 5773 et
2258 5714 2631 5789 chlamydem
2654 5717 2714 5773 et
2741 5728 2904 5772 mare
2925 5713 3179 5772 reﬂuens
3203 5729 3323 5772 non
3340 5711 3682 5790 agitatque
3703 5731 3829 5775 om-
