4082 6378
271 401 384 460 751

1043 392 1465 455 EUSTATIllI
1513 393 1614 452 ΤΗ
1625 390 2283 451 ESSALONICENSIS
2330 389 2383 449 Μ
2398 391 2702 453 ETROPO
2713 391 2915 452 [ΛΤᾸί

3573 401 3693 460 752

269 529 369 586 nia
398 528 696 601 experitur
719 528 896 584 homo
917 525 1218 583 swcularis
1240 541 1344 596 per
1364 539 1524 579 mare
1544 522 1912 596 negotiorum

2034 519 2227 583 σάλους
2254 518 2312 575 δὲ
2339 519 2678 601 τυφωνικοὺς
2721 523 2957 594 ἀνακυκᾷ
2984 522 3076 580 καὶ
3123 520 3422 602 χαρύϐδεις
3454 529 3545 584 καὶ
3579 528 3689 605 ἀμ-

269 619 575 690 navigans,
611 636 725 674 non
758 622 954 673 autem
988 615 1087 688 qui
1118 616 1292 670 vitam
1327 614 1586 686 quietam
1649 617 1706 669 et
1759 617 1923 668 tran-

267 707 516 781 quillam
547 707 731 780 eligit.

333 889 424 944 28.
459 889 503 942 Ο
532 884 695 940 Helia
726 883 825 955 qui
856 898 1028 937 curru
1063 883 1271 952 raptus
1302 897 1384 946 es,
1418 896 1524 935 cur
1554 897 1669 936 non
1701 897 1770 935 ex
1801 879 1918 934 alto

263 994 490 1047 mones,
551 973 845 1046 quomodo
902 969 1289 1042 equitandum
1349 973 1439 1024 est
1495 969 1588 1024 his
1663 969 1918 1024 homini-

263 1071 376 1125 bus
407 1065 530 1131 Dei,
564 1080 634 1117 ne
663 1063 782 1116 vita
813 1059 1136 1131 spiritualis
1184 1076 1253 1113 ex
1310 1063 1543 1114 terrena
1587 1058 1920 1130 peregrina-

261 1157 418 1213 tione
467 1148 840 1223 negligatur?
889 1150 1002 1203 Aut
1057 1164 1230 1203 curru
1264 1147 1448 1218 ignito
1493 1145 1774 1217 elevatus,
1821 1164 1918 1202 su-

262 1263 362 1319 per
394 1242 684 1299 mundum
755 1239 1092 1306 ascendens,
1144 1236 1432 1308 numquid
1482 1253 1693 1308 parum
1741 1251 1912 1292 curas

261 1351 396 1392 eum
438 1331 538 1403 qui
571 1329 768 1385 currui
802 1333 903 1383 tuo
934 1327 1208 1382 insistere
1245 1331 1498 1391 recusat,
1531 1329 1588 1380 et
1631 1342 1736 1380 nos
1767 1325 1912 1381 sinis

257 1423 516 1498 proferre
536 1437 662 1492 quae
677 1423 827 1473 Deus
851 1417 1229 1488 imperaverit
1245 1416 1512 1471 dicendo:
1550 1415 1650 1470 Eia
1678 1431 1805 1486 age,
1829 1415 1912 1470 sic

253 1511 772 1579 faciamus,sancte
801 1506 902 1562 Dei
935 1505 1238 1562 monacho!
1266 1505 1772 1572 Quemadmodum
1799 1522 1911 1561 non

253 1602 473 1674 ubique
521 1596 984 1665 ambulandum,
1043 1595 1144 1650 sed
1206 1593 1524 1665 aliquando
1581 1593 1912 1650 sistendum

252 1697 360 1761 est;
394 1704 586 1761 neque
615 1685 775 1742 omni
805 1685 936 1740 vitae
961 1684 1150 1756 spatio
1175 1687 1327 1738 recte
1352 1686 1408 1738 et
1438 1682 1730 1738 inﬂexible
1751 1687 1911 1738 stan-

253 1783 396 1836 dum
426 1779 686 1845 est,sunt
707 1790 840 1830 vero
862 1777 1130 1844 tempora
1159 1771 1376 1843 quibus
1407 1772 1636 1843 corpori
1681 1787 1909 1827 recum-

252 1873 392 1927 bere
439 1884 555 1925 non
615 1865 806 1921 solum
863 1879 1041 1934 super
1079 1865 1316 1931 terram,
1374 1877 1577 1916 verum
1636 1860 1686 1916 si
1762 1877 1909 1932 opus

254 1963 346 2016 est
373 1959 438 2014 in
467 1955 666 2023 cubili,
697 1954 757 2008 in
791 1951 1025 2018 lectulo,
1058 1968 1190 2006 cum
1223 1950 1520 2023 tapetibus
1549 1951 1909 2006 conceditur:

253 2049 458 2106 eodem
491 2045 663 2101 modo
695 2058 801 2098 nec
830 2041 1088 2112 pudibus
1116 2044 1273 2096 terra
1293 2040 1743 2112 proterendaest
1773 2056 1909 2095 con-

249 2136 545 2208 tinuo,sed
578 2138 636 2190 et
690 2149 865 2188 curru
925 2130 1211 2186 utendum
1242 2133 1355 2197 est,
1415 2129 1568 2184 inter
1617 2130 1906 2200 quasdam

252 2219 963 2294 circumstantias,quales
989 2219 1118 2275 vita:
1151 2222 1278 2275 rota
1308 2233 1377 2274 ex
1423 2217 1539 2273 alto
1597 2218 1657 2272 in
1718 2235 1906 2274 unum

249 2317 512 2373 vertente
542 2315 601 2368 et
629 2328 738 2367 suo
796 2307 1014 2366 circulo
1072 2307 1198 2364 dies
1257 2311 1492 2362 nostros
1551 2306 1906 2375 involvente,

252 2420 406 2477 sape
437 2403 820 2459 reducuntur.
854 2398 1054 2469 Neque
1087 2397 1158 2452 de
1187 2394 1331 2462 solis
1393 2395 1616 2451 morbis
1675 2395 1904 2466 loquor,

253 2495 356 2566 qui
380 2490 558 2548 variis
576 2488 767 2545 modis
790 2487 1078 2559 languens
1095 2500 1310 2556 corpus
1331 2483 1392 2539 in
1412 2484 1690 2540 feretrum
1709 2499 1910 2541 ascen-

251 2585 386 2640 dere
410 2585 648 2653 cogunt,
682 2579 784 2634 sed
841 2580 897 2632 et
926 2576 996 2630 de
1055 2573 1186 2630 aliis
1209 2573 1634 2643 accidentibus,
1682 2573 1744 2628 in
1777 2573 1905 2644 qui-

250 2675 366 2730 bus
389 2671 673 2742 majorem
695 2684 763 2723 ex
795 2665 1097 2722 monachis
1131 2680 1245 2719 non
1277 2679 1515 2718 necesse
1541 2667 1629 2718 est
1657 2663 1908 2734 pedibus

257 2762 551 2819 incedere.
577 2758 778 2828 Longa
818 2753 1041 2811 scilicet
1097 2753 1192 2810 via
1238 2752 1405 2807 illum
1452 2769 1631 2823 super
1667 2768 1906 2808 currum

261 2851 580 2910 ascendere
637 2849 822 2919 coget,
872 2845 1027 2900 sicut
1055 2851 1110 2899 et
1142 2843 1423 2914 majestas
1481 2858 1712 2898 amoena
1739 2845 1797 2898 et
1826 2843 1911 2898 di-

258 2958 375 3014 gna
407 2939 644 2995 homine
673 2943 976 3003 sancto,ne
1004 2932 1176 3004 vulgo
1211 2930 1683 2988 commisceatur.

270 3028 496 3097 ἀστεία,
572 3026 923 3102 προσήκουσα
995 3019 1265 3097 καθαρείῳ
1358 3020 1629 3095 ἀνθρώπῳ
1664 3061 1679 3089 ,
1777 3017 2211 3096 μεγαλυνομάνῳ
2299 3019 2551 3093 ἐπίτηδες
2583 3067 2598 3096 ,

268 3119 549 3176 ἄγροικον.

375 3141 549 3174 οικον.

303 3141 428 3268 Y29.
463 3209 593 3265 Haec
649 3207 809 3264 enim
887 3219 1317 3274 nonnunquam
1375 3201 1737 3258 observanda
1783 3205 1924 3257 sunt

266 3305 506 3375 propter
534 3300 872 3355 insensatos
899 3294 999 3366 qui
1044 3292 1344 3349 hominem
1393 3291 1732 3347 interiorem
1793 3307 1921 3362 per-

267 3392 492 3464 spicere
514 3405 632 3446 non
661 3386 947 3451 valentes,
980 3382 1147 3440 illum
1180 3398 1251 3437 ex
1279 3381 1664 3438 exterioribus
1717 3380 1924 3437 volunt

262 3481 553 3552 judicare.
586 3477 671 3533 Ob
703 3475 857 3531 hanc
887 3488 1024 3543 ergo
1055 3487 1294 3528 causam
1327 3486 1444 3526 non
1475 3470 1830 3542 depingatur
1857 3469 1918 3526 in

270 3571 673 3642 portentosam
703 3579 1016 3636 personam
1049 3559 1149 3615 ille
1181 3575 1433 3631 magnus
1458 3558 1802 3629 monachus,
1848 3576 1922 3615 ne

274 3660 632 3729 conspuatur
680 3655 752 3708 ab
783 3650 1026 3723 ignaris,
1061 3667 1094 3705 a
1142 3665 1257 3720 quo
1290 3649 1340 3704 si
1369 3649 1650 3719 abstinet,
1685 3664 1801 3704 non
1823 3649 1926 3704 de-

275 3751 450 3804 erunt
479 3745 605 3801 alia;
630 3744 735 3799 viae
768 3744 841 3799 ad
900 3740 1242 3797 alliciendos
1273 3740 1495 3796 obvios.
1527 3739 1758 3795 Etenim
1793 3755 1928 3795 cum

273 3843 514 3908 tempus
544 3834 673 3905 erit,
705 3831 1018 3898 laetabitur,
1053 3847 1341 3903 parceque
1389 3829 1735 3885 subridebit.
1780 3828 1928 3894 Quid

278 3926 472 3998 ergo?
529 3928 694 3996 parta
749 3922 858 3977 hac
910 3920 1366 3992 aequanimitate,
1433 3919 1627 3974 adhuc
1694 3918 1927 3974 ridebit.

276 4019 402 4074 Non
430 4015 585 4071 enim
617 4029 794 4084 penes
828 4027 919 4066 me
950 4011 1218 4066 homines
1249 4009 1438 4064 risum
1503 4008 1740 4063 omnino
1791 4025 1928 4063 con-

277 4108 624 4162 demnantes
648 4101 1104 4176 probare,donec
1131 4099 1324 4155 audivi
1356 4098 1645 4174 dicentem
1679 4116 1692 4154 :
1734 4097 1929 4153 «Beati

277 4196 374 4267 qui
407 4211 562 4250 nunc
595 4190 910 4261 ﬂetis,quia
967 4189 1236 4244 ridebitis
1269 4189 1310 4242 ‘.
1334 4189 1404 4243 Et
1460 4188 1569 4243 iste
1595 4204 1797 4243 servus
1832 4187 1929 4242 Dei

278 4286 480 4342 eodem
515 4283 691 4338 modo
726 4297 788 4336 se
819 4279 1134 4344 habebit,si
1195 4277 1335 4349 quid
1387 4278 1725 4349 jucundum
1778 4277 1929 4332 acci-

277 4375 468 4431 derit:
530 4387 666 4426 eum
696 4369 891 4425 videre
923 4373 1011 4424 est
1060 4367 1230 4423 dulce
1285 4367 1694 4438 aspicientem.
1728 4382 1927 4422 aurem

277 4463 492 4519 blande
521 4461 900 4533 praebentem,
935 4457 1054 4513 illis
1087 4474 1222 4513 cum
1283 4457 1499 4529 quibus
1549 4455 1928 4527 colloquitur,

279 4567 378 4608 ore
409 4550 657 4620 benigno
684 4547 1009 4603 intuebitur
1042 4547 1335 4602 hominem
1361 4551 1584 4601 rectum
1617 4546 1688 4600 ad
1733 4561 1930 4600 exem-

279 4641 409 4714 plar
439 4640 594 4711 regis
615 4637 799 4694 nostri
832 4653 1061 4692 amoena
1091 4634 1550 4707 pulchritudine.

348 4822 437 4877 30.
469 4817 976 4885 Quemadmodum
1028 4830 1161 4884 ergo
1189 4813 1362 4868 certis
1396 4811 1761 4883 temporibus
1819 4827 1929 4866 no-

2031 607 2296 673 πώτιδας⁴
2331 608 2404 666 ὧν
2431 612 2694 680 κοσμικὸς
2723 618 2975 686 πειρᾶται
3004 611 3313 691 ἄνθρωπος,
3372 618 3695 694 νηχόμενος

2035 697 2121 754 διὰ
2148 697 2424 770 θαλάσσης
2449 702 2810 776 πραγμάτων,
2843 702 2904 757 ού
2938 705 3049 776 μὴν
3082 705 3110 759 6
3137 705 3237 776 τὸν,
3256 705 3566 782 ἀκύμαντον
3600 711 3692 766 καὶ

2029 787 2321 844 ἀσάλευτον
2360 790 2476 864 βίον
2510 787 2791 862 ἐλόμενος.

2097 899 2202 947 κη.
2237 882 2301 932 Ὢ
2359 877 2720 954 ἀρματηλάτα
2782 878 2961 952 Ἠλία,
3009 881 3062 937 τί
3121 880 3327 954 δήποτε
3379 889 3456 960 μὴ
3515 911 3684 948 κατα-

2028 965 2261 1039 πέμπεις
2317 971 2502 1046 φωνὴν
2555 966 2776 1038 ὂίνωθεν,
2835 973 2984 1034 ὅπως
3042 972 3170 1029 τοὺς
3199 979 3295 1029 τοῦ
3321 981 3457 1032 Θεοῦ
3494 983 3688 1038 τοιού-

2025 1076 2151 1118 τους
2201 1058 2554 1147 ἀνθρώπους-
2597 1059 2919 1147 ἱππάζεσθαι
2969 1065 3105 1138 χρὴ,
3157 1065 3234 1126 ὡς
3285 1067 3361 1138 μὴ
3424 1069 3683 1147 ἀχρειοῦν

2023 1145 2085 1199 τὸ
2116 1146 2252 1200 κατὰ
2279 1152 2492 1220 πνεῦμα
2539 1143 2849 1204 διαϐατικὸν
2902 1151 2961 1206 ἐκ
3003 1156 3100 1206 τοὺ
3130 1153 3265 1208 κατὰ
3293 1158 3398 1230 γῆς
3457 1143 3642 1234 ἕρπειν
3668 1183 3682 1232 ;

2025 1236 2094 1290 Ἤ
2129 1234 2190 1288 σὺ
2249 1236 2341 1308 μὲν
2371 1237 2596 1311 πύρινος
2653 1236 2943 1314 διφρευτής
2999 1237 3258 1310 ἀπεκϐὰς,
3304 1246 3394 1300 καὶ
3447 1247 3539 1303 τὸν
3587 1251 3677 1305 κό-

2025 1344 2160 1398 σμον
2214 1322 2568 1400 ὑπεραναϐἀς,
2619 1315 2785 1404 ὀλίγα
2831 1329 3123 1411 ἐπιστρέφῃ
3172 1338 3280 1389 τῶν
3346 1338 3421 1408 μὴ
3459 1337 3667 1395 ἐθελόν-

2021 1434 2128 1502 των
2165 1413 2365 1485 ζηλοῦν
2393 1416 2455 1470 τὸ
2488 1419 2576 1472 σὸν
2613 1415 2903 1495 δίφρευμα·
2964 1423 3100 1493 ἡμῖν
3134 1420 3192 1477 δὲ
3247 1423 3406 1502 ἐφίης
3464 1426 3669 1498 λαλεῖν,

2024 1501 2078 1556 εἷ’
2140 1503 2192 1556 τί
2266 1525 2370 1558 που
2445 1505 2536 1560 καὶ
2616 1507 2793 1570 θεόθεν
2868 1507 3072 1582 ἐπέλθᾳ
3146 1501 3518 1590 φθέγγεσθαι;
3575 1519 3676 1572 Καὶ

2024 1587 2090 1662 δὴ
2123 1597 2368 1666 ποιῶμεν
2403 1594 2567 1664 οὕτω,
2599 1595 2714 1652 ὅσιε
2764 1602 2843 1670 τῷ
2887 1603 3004 1671 Θεῷ
3063 1587 3308 1678 μοναχέ.⁷
3357 1607 3561 1681 Ὥσπερ
3615 1606 3677 1662 οὗ

2022 1683 2254 1737 πάντοτέ
2303 1704 2389 1737 σοι
2443 1683 2724 1758 βαδιστέον
2757 1733 2772 1758 ,
2825 1686 2973 1743 ἀλλά
3027 1711 3133 1744 που
3203 1694 3290 1747 καὶ
3343 1697 3676 1768 ῆρεμητέον·

2023 1768 2151 1825 οὐδὲ
2183 1770 2518 1846 ὀρθοστάδην
2581 1772 2887 1831 διανυστέον
2936 1778 2998 1832 τὸ
3057 1783 3158 1835 πᾶν
3214 1789 3314 1852 τῆς
3349 1788 3494 1854 ζωῆς
3544 1786 3678 1841 ἀκα-

2018 1861 2361 1932 τάκαμπτον,
2423 1861 2568 1918 ἀλλὰ
2624 1863 2677 1918 ἐν
2727 1871 2940 1942 καιροῖς
2989 1868 3077 1922 καὶ
3122 1869 3437 1926 κατακλίσει
3489 1871 3676 1929 δοτέον

2021 1953 2084 2006 τὸ
2143 1955 2322 2026 σῶμα,
2374 1952 2462 2008 καὶ
2521 1955 2660 2029 αὐτῇ
2721 1955 2781 2010 ού
2844 1956 3004 2030 μόνον
3064 1961 3200 2015 κατά
3255 1970 3387 2037 γῆν,
3445 1963 3574 2020 ἀλλ’
3630 1964 3679 2020 εἷ’

2023 2038 2204 2112 δεήσει
2246 2041 2297 2096 ἐν
2331 2044 2580 2118 χαμεύνῃ
2604 2043 2694 2098 καὶ
2744 2044 2930 2121 κλίνῃ,
2979 2047 3070 2102 καὶ
3118 2053 3288 2105 ταῦτα
3334 2053 3468 2125 μετά
3497 2055 3678 2128 στρώ-

2019 2149 2210 2204 ματος·
2247 2132 2420 2194 οὕτως
2479 2130 2611 2187 οὐδὲ
2662 2135 2794 2189 ποσὶ
2855 2133 3044 2192 διόλου
3093 2137 3344 2215 τριπτὲον
3401 2143 3501 2211 τὴν
3546 2151 3672 2218 γῆν,

2017 2217 2163 2275 ἀλλά
2191 2221 2280 2275 καὶ
2314 2220 2616 2297 ἐποχητέον
2661 2220 2750 2278 διὰ
2795 2226 3163 2300 περιπέτειαν,
3209 2229 3404 2292 ὁποίας
3458 2217 3678 2295 πολλὰς

2018 2309 2046 2363 6
2103 2313 2199 2363 τοῦ
2270 2310 2394 2385 βίου
2467 2312 2671 2388 τροχὸς
2742 2315 3044 2392 περιφέρει,
3121 2318 3490 2396 στρεφόμενος
3563 2319 3676 2375 ἅνω

2018 2399 2166 2453 κάτω
2195 2398 2285 2453 καὶ
2316 2398 2630 2456 ἀνακυκλῶν
2677 2401 2744 2456 τὰ
2796 2403 3046 2478 βιωτικά.
3097 2405 3203 2460 Καὶ
3265 2408 3329 2462 οὐ
3379 2407 3529 2484 λέγω
3572 2412 3674 2479 τὴν

2016 2490 2153 2542 κατὰ
2180 2487 2360 2560 νόσον,
2419 2489 2603 2544 ὁποῖαι
2635 2490 2725 2544 καὶ
2785 2491 2943 2547 αὐταὶ
3000 2490 3310 2558 πολυειδεῖς
3333 2497 3395 2551 τὸ
3433 2495 3486 2552 ἐν
3533 2500 3672 2574 ἡμῖν

2017 2578 2267 2632 ταπεινὸν
2363 2579 2640 2651 σωμάτιον
2735 2580 3065 2638 ἀνατιθέασιν
3161 2584 3238 2648 εἰς
3348 2586 3675 2664 βάσταγμα,

2018 2667 2228 2740 ἑτεροῖα
2285 2663 2342 2722 δέ
2391 2688 2510 2722 τινα
2579 2671 3009 2745 περιπτώματα,
3088 2674 3164 2728 ὧν
3240 2672 3413 2730 ἕνεκεν
3474 2663 3671 2753 ἀνέγκη

2017 2751 2106 2806 καὶ
2163 2753 2254 2808 τὸν
2312 2753 2363 2808 ἐν
2429 2761 2696 2831 μοναχοῖς
2759 2756 3064 2836 ὕπέρμεγαν
3123 2760 3483 2838 ἀπολέγεσθαί
3541 2751 3676 2822 ποτε

2015 2842 2079 2896 τὸ
2109 2844 2235 2897 ποσὶ
2287 2842 2541 2919 βαδίζειν.
2584 2846 2779 2922 Μακρὰ
2823 2848 3002 2904 τοίνυν
3060 2847 3186 2914 ὁδὸς
3238 2851 3478 2928 βιάσεται
3527 2853 3677 2929 αὐτῷ

2016 2932 2114 3001 τὴν
2193 2931 2269 2995 εἷς
2351 2933 2641 3010 ὑποζύγιον
2721 2931 3019 3010 ἀνάϐασιν,
3093 2939 3184 2994 καὶ
3270 2943 3538 3014 σεμνότης
3615 2942 3676 3000 δὲ

2686 3021 2781 3082 ’ίνα
2881 3029 2956 3101 μὴ
3061 3029 3504 3106 παραρῥιπτῆται
3599 3032 3676 3096 εἷς

2103 3203 2202 3258 κθ’.
2251 3200 2555 3278 Πολλαχοῦ
2603 3203 2707 3280 γὰρ
2759 3206 2850 3261 καὶ
2905 3208 2972 3262 τὰ
3018 3213 3242 3264 τοιαῦτα
3299 3213 3683 3290 παρατηρητέα

2035 3287 2124 3345 διὸ.
2177 3291 2304 3353 τοὺς
2363 3291 2744 3370 ἀφραίνοντας,
2806 3295 2858 3350 ο“ί
2919 3298 2995 3370 μὴ
3072 3287 3403 3373 προκύπτειν
3460 3287 3538 3365 εἰς
3595 3301 3681 3356 τὸν

2033 3375 2139 3436 ἔσω
2199 3377 2489 3453 δυνάμενοι
2537 3379 2846 3458 ἄνθρωπον,
2922 3384 2980 3440 ἐκ
3033 3391 3138 3442 τῶν
3195 3385 3296 3459 ἔξω
3349 3389 3691 3466 χαρακτηρί-

2037 3474 2142 3538 ζειν
2198 3468 2356 3524 αὐτὸν
2413 3468 2709 3529 ἐθέλουσιν.
2770 3474 2929 3537 ’Όθεν
2977 3471 3104 3530 οὔτε
3162 3476 3240 3539 είς
3267 3475 3510 3554 είδεχθὶς
3535 3480 3695 3555 χρώ-

2041 3562 2188 3626 ζοιτο
2221 3559 2279 3613 ἃν
2310 3558 2339 3612 6
2367 3561 2616 3621 τοιοῦτος
2678 3559 2844 3637 μέγας
2879 3565 3142 3639 μοναχὸς,
3169 3562 3263 3620 ’ίνα
3319 3568 3394 3641 μὴ
3448 3567 3535 3623 καὶ
3584 3589 3695 3623 σιε-

2040 3644 2376 3724 λογραφῆναι
2405 3652 2525 3710 τοῖς
2579 3647 2946 3716 ἀπαιδεύτοις·
3007 3653 3059 3709 εἷ’
3111 3651 3169 3709 δὲ
3231 3657 3340 3729 μὴν
3402 3657 3696 3733 ἀπέχοιτο,

2040 3733 2166 3790 οὐδὲ
2241 3741 2338 3792 τοῦ
2405 3736 2594 3801 ἄλλως
2666 3740 2954 3818 ἐπάγεσθαι
3030 3743 3158 3808 τοὺς
3236 3746 3694 3824 ἐντυγχάνοντας.

2040 3824 2138 3879 Καὶ
2196 3827 2297 3902 γὰρ
2351 3827 2440 3882 καὶ
2501 3827 2856 3906 ἷλαρυνεῖται,
2909 3830 2999 3887 ὅτε
3049 3835 3257 3910 καιρὸς,
3317 3838 3407 3891 καὶ
3459 3839 3693 3912 ὑπομει-

2041 3912 2208 3970 διάσει
2253 3914 2558 3990 γαληνιῶν.
2593 3921 2661 3976 Τί
2692 3917 2748 3975 δέ
2773 3939 2785 3989 ;
2814 3921 2859 3976 εί
2890 3920 3197 3987 πλεονάσας
3225 3926 3376 3981 τουτὶ
3418 3929 3479 3982 τὸ
3529 3928 3697 3983 κατά-

2039 4026 2242 4078 στημα,
2287 4006 2377 4061 καὶ
2432 4007 2668 4084 γελάσει.
2730 4010 2807 4067 Οὐ
2838 4013 2942 4088 γὰρ
2998 4008 3114 4088 ἔχω
3173 4013 3349 4093 φιλεῖν
3405 4015 3510 4093 ἐγὼ
3566 4017 3694 4082 τοὺς

2039 4093 2374 4150 παντάπασιν
2457 4096 2784 4168 ἐξωθοῦντας
2865 4102 2953 4156 τὸν
3032 4101 3267 4178 γέλωτα,
3339 4102 3444 4168 ἕως
3513 4108 3698 4163 ἀκούω

2045 4185 2340 4259 μακαρίους
2401 4185 2533 4241 εἶναι
2589 4187 2718 4250 τοὺς
2764 4189 3052 4253 κλαίοντας
3084 4196 3195 4262 νῦν,
3230 4192 3312 4248 ὅτι
3345 4192 3694 4269 γελάσουσιν.

2040 4274 2249 4330 Ούκοῦν
2308 4274 2397 4329 καὶ
2460 4277 2487 4329 ὁ
2535 4281 2784 4332 τοιοῦτος
2835 4287 3167 4355 θεραπευτής
3209 4287 3306 4337 τοῦ
3354 4288 3487 4339 Θεοῦ
3518 4285 3701 4342 πείσε-

2038 4383 2126 4416 ται
2178 4361 2390 4438 ὅμοιον,
2452 4363 2505 4418 εἷ’
2547 4365 2600 4420 τί
2651 4387 2756 4421 που
2813 4369 3117 4444 παραπέσοι
3179 4369 3410 4450 ἐφολκὸν
3484 4374 3561 4436 εἰς
3631 4375 3700 4430 ἀ-

2041 4453 2345 4520 στειότητα·
2394 4455 2499 4543 καὶ,
2531 4453 2704 4530 γλυκὺ
2746 4453 2804 4511 δὲ
2853 4453 3138 4532 ἐμϐλέψει,
3198 4460 3288 4514 καὶ
3341 4461 3510 4532 ἀκοὴν
3539 4461 3703 4543 ἐφελ-

2040 4541 2278 4608 κύσεται,
2334 4541 2640 4618 γλυκάζων,
2694 4547 2777 4608 οἷς
2829 4543 3007 4602 λαλεῖ·
3061 4548 3151 4603 καὶ
3186 4549 3396 4613 εὖωπὸς
3451 4541 3701 4630 ἐντρανί-

2043 4635 2146 4698 ζων
2177 4626 2321 4691 ἔςται
2353 4630 2431 4694 εἷς
2482 4631 2864 4712 ἀνυπόκριτον,
2915 4636 3051 4692 κατὰ
3090 4638 3182 4693 τὸν
3242 4640 3444 4716 ὡραῖον
3499 4626 3701 4700 κάλλει

2040 4719 2235 4795 Κύριον
2269 4722 2452 4792 ἡμῶν.

2113 4806 2180 4866 λ’.
2214 4810 2402 4865 Δοτέον
2439 4811 2552 4880 οὖν,
2599 4814 2738 4877 καθᾶ
2786 4813 2875 4869 γαὶ
2923 4817 3131 4894 τροφὴν
3183 4820 3415 4895 καιρίως
3468 4815 3700 4894 ἔξαλλον

274 4929 385 4969 vus
415 4911 603 4976 cibus,
634 4912 690 4963 et
719 4906 1010 4961 mundum
1041 4903 1410 4972 balneum,et
1441 4899 1618 4956 vestis
1650 4918 1764 4956 non
1823 4901 1918 4956 tri-

2037 4899 2126 4954 καὶ
2153 4897 2382 4974 λουτρὸν
2430 4900 2722 4978 καθάρσιον
2770 4903 2860 4958 καὶ
2909 4903 3111 4975 στολὴν
3157 4903 3378 4984 ἀτριϐῆ,
3414 4909 3558 4967 οὕτω
3606 4913 3695 4968 καὶ

275 5001 470 5068 ta,sic,
505 4999 744 5071 pr0pter
773 4995 910 5062 ista,
943 5007 1151 5048 currus
1186 4991 1321 5045 huic
1380 4990 1665 5046 monacho
1717 4990 1928 5062 majori

275 5087 684 5147 concedendus
705 5088 794 5140 est
825 5083 894 5138 ad
927 5098 1124 5151 usum,
1158 5097 1272 5135 non
1306 5080 1378 5135 ad
1408 5080 1684 5151 nimium,
1720 5085 1823 5135 aut
1855 5081 1928 5137 ad

274 5179 501 5236 malum
527 5191 724 5232 usum.
758 5171 917 5236 Quod
952 5169 1049 5225 ille
1081 5170 1344 5225 modeste
1390 5169 1576 5235 faciet,
1613 5169 1662 5224 si
1703 5171 1929 5242 recogi—

274 5272 452 5335 tat,ut
484 5265 768 5336 scriptum
838 5266 949 5331 est,
1003 5260 1414 5315 ascendentem
1463 5276 1641 5332 super
1698 5259 1928 5331 pullum

277 5375 454 5430 super
477 5371 649 5428 quem
683 5367 851 5408 neme
884 5350 1134 5414 sederat,
1167 5354 1224 5404 et
1250 5349 1403 5404 inter
1435 5348 1684 5421 hymnos
1731 5349 1926 5420 splen-

275 5448 409 5502 dide
437 5444 902 5516 triumphantem
953 5441 1024 5495 de
1075 5443 1273 5495 nostro
1325 5440 1628 5494 communi
1687 5438 1927 5494 inimico

278 5536 575 5603 daemone;
636 5549 752 5589 non
815 5533 1010 5588 autem
1040 5529 1209 5586 aliter
1255 5529 1314 5584 id
1348 5532 1501 5600 agat,
1535 5528 1758 5586 scilicet
1788 5544 1924 5586 cum

316 5785 319 5788 -
344 5751 367 5784 ὀ
396 5747 531 5802 Luc.
556 5761 634 5816 vr,
656 5746 746 5801 21.

2039 4985 2236 5065 ὄχημα
2267 4986 2355 5043 διά
2383 4995 2550 5045 ταῦτα
2579 4996 2658 5064 τῷ
2709 4993 3191 5071 μεγαλοσχήμονι,
3251 4996 3392 5054 ὥστε
3437 5007 3696 5077 χρᾶσθαι,

2040 5078 2101 5133 οὐ
2139 5079 2245 5152 μὴν
2278 5079 2666 5156 ὑπερχρᾶσθαι,
2719 5079 2818 5137 εἶπ’
2874 5082 2965 5139 οὖν
3017 5091 3426 5163 παραχρᾶσθαι.
3470 5094 3691 5161 Ποιήσει

2041 5166 2097 5221 δὲ
2155 5167 2286 5222 αὐτὸ
2344 5167 2552 5234 ἐκεῖνος
2602 5167 2875 5242 εὐλαϐῶς,
2935 5172 3343 5249 ἐνθυμούμενος
3407 5178 3544 5248 τὸν,
3612 5178 3686 5238 ὡς

2038 5258 2360 5333 γέγραπται,
2422 5257 2508 5313 ἐπὶ
2540 5259 2713 5336 ἀσαγῆ
2748 5263 2938 5319 πῶλον
2987 5259 3375 5338 ἐπιϐεϐηκότα,
3424 5266 3508 5321 καί
3552 5264 3685 5337 μετὰ

2039 5347 2222 5420 ὕμνῶν
2296 5344 2738 5422 Θριαμϐεύσαντα
2801 5355 2940 5410 κατά
3015 5359 3111 5410 τοῦ
3178 5361 3360 5412 κοινοῦ
3417 5353 3686 5428 πολεμίου

2039 5434 2298 5512 δαίμονος
2339 5445 2653 5512 πομπικῶς·
2710 5441 2776 5497 οὗ
2831 5444 2937 5517 μὴν
2985 5441 3172 5508 ἄλλως
3222 5447 3498 5521 τρυφερῶς
3551 5445 3692 5501 κατὰ

2036 5525 2161 5589 τοὺς
2210 5529 2299 5585 καὶ
2334 5528 2478 5586 οὕτω
2506 5528 2922 5605 σπαταλῶντας,
2949 5530 3042 5590 ’ίνα
3095 5535 3170 5611 μὴ
3198 5537 3276 5606 τῷ
3326 5531 3482 5609 λόγῳ
3506 5533 3692 5611 τούτῳ
