4082 6368
417 440 538 498 753

1440 445 1540 502 DE
1584 445 2067 508 EMENDANDA
2114 452 2296 511 νιΤΑ
2343 451 2818 513 MONACHIGA.

3721 448 3838 507 ’754

420 570 510 625 καὶ
568 571 638 644 τῇ
688 567 1000 646 ἀδιακρισίᾳ
1047 570 1137 626 καὶ
1194 577 1274 645 τῷ
1330 571 1612 652 ἀδιαφόρῳ
1663 581 1790 646 τῶν,
1852 578 1897 632 εί
1956 583 2053 656 χραὶ

2185 601 2419 657 pompa,
2454 585 2779 640 secundum
2828 581 3192 648 deliciantes,
3227 597 3298 636 ne
3338 579 3455 636 ista
3501 581 3707 652 agendi
3738 598 3830 636 ra-

420 658 566 714 οὕτω
627 663 810 738 φάναι,
869 665 1245 737 προτακτικῶν
1311 664 1361 718 οἱ
1424 664 1773 720 ὑποτακτικοέ
1827 664 2067 745 διαστρέ-

419 771 621 822 ιρωνται
664 754 760 804 τοῦ
819 749 1115 821 ἴθυτενοῦς,
1178 753 1408 832 φαύλοις
1460 755 1681 820 τούτοις
1740 758 2070 834 ἀρχετύποις

417 838 860 912 ἐξομοιούμενοι,
907 842 995 896 καὶ
1058 841 1155 897 οὐκ
1215 843 1506 920 ἐντέχνως,
1558 843 1686 900 οὐδὲ
1734 848 1871 921 πρὸς
1921 849 2068 924 ἀκρί-

419 924 566 984 ϐειαν
613 929 681 984 τὰ
736 931 1076 1006 πνευματικᾶ
1131 933 1487 1010 γραφόμενοι.
1519 937 1609 1005 Μὴ
1661 936 1761 1012 γὰρ
1814 937 1875 992 οὐ
1908 937 2067 1016 φιλο-

419 1019 579 1094 σοφία
608 1020 746 1074 κατὰ
794 1021 923 1085 τοὺς
977 1021 1166 1098 ἁγίους
1208 1024 1449 1099 ΙΙατέρας
1481 1025 1591 1081 ἐστὶ
1621 1027 1711 1080 καὶ
1742 1029 1776 1096 ἡ
1817 1027 2069 1083 πολιτεία

409 1113 516 1164 τῶν
569 1105 743 1172 οὕτως
775 1111 1003 1185 ὑψηλῶν
1042 1117 1326 1189 μοναχῶν,
1359 1111 1411 1169 ο“ί
1466 1116 1558 1171 τὸν
1581 1120 1661 1188 τῷ
1693 1111 1809 1172 ὄντι
1840 1117 2065 1194 φιλόσο-

414 1219 514 1275 φον
573 1198 625 1254 ἐν
688 1202 867 1278 σφίσιν
931 1202 1115 1266 αὐτοῖς
1177 1203 1519 1276 εἰκονίζουσι,
1577 1207 1667 1261 τὸν
1722 1207 1796 1271 ὡς
1845 1206 2066 1279 ἀληθῶς

413 1293 634 1363 πρῶτον
679 1291 771 1345 γαὶ
838 1289 1212 1362 ἀνυπόθετον;
1292 1293 1350 1356 ’ὸς
1406 1295 1544 1370 πρὸς
1601 1293 1856 1370 οὐδεμίαν
1916 1295 2063 1361 ὅλως

416 1378 594 1454 ὀρχήν
657 1377 835 1450 ἄλλην
901 1383 1232 1457 σχηματίζει
1286 1383 1381 1446 τὰς
1433 1386 1550 1440 κατ’
1605 1385 1763 1441 αὐτὸν
1812 1387 2062 1464 θεωρίας,

415 1469 642 1552 δτιῗμὴ
693 1468 833 1545 πρὸς
877 1471 978 1538 τὴν
1032 1473 1343 1548 ὁπέραρχον
1395 1475 1483 1529 καὶ
1529 1476 1766 1552 ἄναρχον
1804 1496 1816 1510 ο
1870 1477 1946 1542 εἷς
1995 1475 2061 1547 ἤν

410 1551 731 1626 ἀναϐαίνων,
764 1559 854 1615 καὶ
905 1557 1266 1636 δραττόμενος
1328 1562 1516 1636 αὐτῆς,
1550 1551 1640 1619 καὶ
1672 1563 2061 1639 ἐμπνεόμενος,

409 1645 745 1717 ἀποκαθιστᾷ
805 1648 990 1704 ἑαυτὸν
1052 1650 1128 1714 εἷς
1175 1651 1452 1725 αἰτήματα
1498 1653 1586 1708 καὶ
1647 1654 1927 1728 ἀξιώματα
1973 1657 2064 1711 καὶ

423 1733 651 1804 ἐννοίας,
711 1733 779 1790 δι’
833 1739 906 1792 ὧν
963 1738 1175 1816 συνάγει
1232 1745 1312 1812 τῷ
1371 1747 1487 1814 Θεῷ
1531 1741 1663 1820 φίλα
1710 1745 2062 1820 θεωρήματα,

418 1825 676 1896 θεάμασιν
771 1825 908 1881 αὐτὰ
1003 1829 1460 1904 συγκροτώμενα,
1539 1832 1619 1894 οῖς
1699 1830 2063 1907 ἐλλάμπεται,

405 1911 620 1985 ἀμέσως
649 1913 864 1987 ὁμιλῶν
895 1921 975 1989 τῷ
1026 1922 1140 1990 Θεῷ
1190 1922 1438 1994 σχήματι
1485 1920 1710 1997 μεγάλῳ
1738 1922 1829 1976 καὶ
1861 1922 2062 1997 ὐψηλῷ

403 2005 485 2072 τῷ
515 2005 634 2056 κατ’
674 2002 833 2058 αὐτόν
871 2025 884 2039 ’
934 2006 1001 2060 τὰ
1046 2009 1215 2081 μικρὰ
1256 2009 1344 2062 καὶ
1390 2017 1652 2084 χαμερπῆ
1685 2011 2060 2088 παραλογισά-

405 2110 590 2162 μενος,
637 2092 728 2147 καὶ
786 2093 884 2163 ὡς,
940 2093 985 2148 εἰ
1042 2093 1195 2151 οὐδὲν
1243 2096 1489 2171 θέμενος,
1532 2098 1613 2154 ὅτι
1666 2098 1807 2173 μηδὲ
1855 2103 1906 2155 οἱ
1946 2104 2060 2158 κατ’

407 2177 542 2234 αὐτΞι
614 2180 1088 2257 ἐσχηματισμένοι
1170 2184 1330 2262 λόγοι
1403 2209 1463 2244 τε
1520 2188 1610 2243 καὶ
1669 2187 1948 2264 ἄνθρωποι
1998 2192 2062 2248 τὸ

407 2267 623 2333 ἐντελὶς
652 2269 854 2344 ἀπειλή
862 2295 1052 2347 φασιν.

480 2465 585 2523 λα’.
637 2468 814 2526 Ἀλλὰ
859 2471 959 2549 γὰρ
1013 2470 1236 2531 ἐνταῦθα
1288 2472 1675 2551 ὐποϐλέπομαι
1712 2477 1840 2542 τοὺς
1873 2499 2061 2556 μικρο-

410 2558 698 2631 σχήμονας
735 2561 1033 2636 μοναχοὺς,
1066 2565 1146 2626 οἷς
1179 2587 1253 2638 μη
1267 2564 1413 2638 μηλε
1440 2566 1508 2621 τὰ
1529 2565 1703 2623 πλείω
1727 2567 2056 2643 ἱπποκομεῖν

406 2646 497 2700 καὶ
555 2647 900 2722 ἱππάζεσθαι,
955 2654 1402 2728 τονθορύζοντας,
1461 2657 1550 2711 καὶ
1612 2657 1897 2731 μύζοντας,
1966 2659 2054 2713 καὶ

409 2733 518 2827 (Irae
546 2738 702 2793 κάκεῖ
743 2743 1140 2820 στρεφομένους
1170 2764 1182 2777 ·
1242 2747 1386 2821 τάχα
1438 2747 1532 2818 μὶν
1592 2746 1670 2809 εἷς
1713 2747 2057 2827 ἀπόστροφον

405 2824 468 2879 τὸ
499 2825 580 2881 ἐπ’
612 2827 760 2902 ἐμοὶ,
805 2831 974 2906 τυχὸν
1026 2829 1084 2886 δὲ
1133 2832 1244 2904 καὶ,
1285 2832 1378 2890 ’ίνα
1427 2834 1642 2912 ὀργάνῳ
1691 2824 2054 2914 περιτετυχη-

409 2915 562 2978 κότες
620 2915 670 2988 ἐξ
747 2918 1080 2994 αὐτομάτου,
1139 2925 1456 2999 χρήσωνται
1533 2927 1667 2981 κατὰ
1738 2932 1845 2982 τῶν
1907 2925 2052 3001 ἐμῶν

412 3002 664 3096 χειλέων,
726 3008 801 3072 ὡς
850 3006 1038 3066 λάλων
1093 3012 1224 3088 ὑπὲρ
1279 3013 1341 3068 τὸ
1403 3011 1543 3072 δέον.
1605 3016 1744 3092 Ἐγὼ
1790 3014 1847 3072 δὲ
1878 3018 2053 3096 ἀφιεὶς

407 3091 602 3159 αὐτοὺς
649 3097 785 3152 κατὰ
841 3100 909 3153 τὰ
960 3107 1388 3177 θυμομαχοῦντα
1444 3109 1550 3159 τῶν
1611 3091 1814 3182 θηρίων
1877 3091 2054 3162 διατε-

404 3184 630 3273 θεῖσθαι,
687 3187 777 3241 καὶ
825 3189 1328 3264 προφωνησάμενος
1382 3194 1660 3273 ἀναμένειν
1716 3199 1901 3273 ἡσυχῆ
1959 3200 2050 3254 τὸν

401 3270 484 3327 ἐπ’
526 3275 710 3338 αὐτοῖς
743 3274 934 3352 λόγον,
965 3284 1072 3334 τῶν
1101 3280 1247 3353 ἐμῶν
1279 3279 1444 3338 πάλιν
1473 3269 1740 3359 ’μεγάλων
1789 3269 2051 3363 μοναχῶν

2179 674 2357 741 tione,
2412 674 2574 730 nulla
2631 673 2892 729 adhibita
2941 671 3292 726 discretione
3339 676 3396 726 et
3443 670 3772 725 differentia
3801 686 3836 724 a

2181 763 2458 834 praelatis,
2521 765 2568 820 si
2627 764 2708 818 ita
2765 762 3126 834 loquendum
3185 766 3294 830 est,
3351 761 3595 830 subjecti
3655 777 3684 813 a
3741 760 3838 813 via

2180 859 2336 908 recta
2367 854 2752 920 deducantur,
2788 852 2916 908 istis
2955 851 3131 906 variis
3170 848 3453 921 exemplis
3486 850 3630 904 ﬁant
3668 849 3838 904 simi-

2177 942 2285 1011 les,
2320 947 2376 998 et
2405 946 2530 999 sine
2573 949 2715 1014 arte,
2750 943 2876 998 sine
2932 941 3284 1014 perfectione
3334 937 3666 1010 spiritualia
3695 939 3837 992 edo-

2179 1037 2439 1088 ceantur.
2473 1033 2678 1088 Nonne
2721 1034 2879 1087 enim
2925 1029 3299 1103 philosophia
3347 1033 3436 1084 est
3479 1027 3650 1098 juxta
3698 1043 3836 1082 san-

2178 1126 2301 1178 ctos
2340 1123 2540 1178 Patres
2589 1122 2798 1178 horum
2850 1136 3201 1193 magnorum
3251 1116 3674 1174 monachorum
3725 1132 3832 1189 gu-

2176 1211 2464 1281 bernatio,
2514 1212 2614 1283 qui
2671 1229 2802 1268 vere
2863 1211 3276 1282 philosophum
3335 1209 3490 1264 inter
3549 1223 3669 1276 eos,
3701 1221 3834 1261 vere

2175 1301 2458 1374 primum,
2511 1305 2568 1357 et
2625 1300 2771 1356 nulli
2831 1301 3257 1372 praeferendum
3313 1297 3675 1353 imitantur?
3728 1295 3833 1350 Hic

2175 1407 2385 1462 nempe
2417 1391 2488 1446 ad
2521 1391 2754 1446 nullum
2805 1390 2962 1445 aliud
2998 1389 3353 1461 principium
3387 1403 3526 1442 suas
3575 1383 3833 1440 theorias

2174 1479 2477 1549 informat,
2511 1480 2626 1535 nisi
2659 1480 2728 1534 ad
2762 1478 2908 1534 illud
2942 1479 3098 1550 quod
3137 1477 3249 1532 fuit
3279 1481 3414 1532 ante
3446 1490 3620 1531 omne
3669 1473 3832 1544 prin-

2174 1569 2416 1642 cipium,
2450 1586 2556 1626 nec
2613 1569 2792 1625 habet
2849 1569 3229 1640 principium,
3281 1567 3351 1622 ad
3413 1565 3566 1635 quod
3625 1578 3832 1618 ascen-

2174 1661 2339 1730 dens,
2374 1661 2530 1732 quod
2576 1660 2847 1731 adeptus,
2882 1676 2915 1714 a
2947 1676 3062 1730 quo
3112 1657 3458 1728 inspiratus,
3492 1651 3830 1725 quaestioni-

2172 1750 2308 1820 bus,
2344 1750 2862 1822 propositionibus,
2916 1747 3222 1804 sententiis
3269 1750 3325 1801 et
3373 1743 3830 1816 cogitationibus

2173 1838 2482 1908 incumbit,
2517 1844 2575 1895 et
2630 1839 2836 1894 exinde
2895 1836 3394 1894 considerationes
3443 1835 3557 1888 Deo
3607 1835 3827 1904 gratas,

2173 1932 2230 1983 et
2260 1929 2628 1985 auditoribus
2684 1929 3128 2001 applaudendas
3175 1925 3416 1997 colligit,
3451 1927 3507 1979 et
3553 1922 3639 1977 sic
3687 1920 3827 1975 illu—

2172 2024 2411 2087 stratur,
2446 2021 2586 2075 dum
2646 2021 2763 2075 Deo
2821 2035 3035 2090 magno
3066 2023 3124 2072 et
3161 2015 3450 2071 altissimo
3509 2009 3827 2083 exemplari

2171 2108 2510 2164 immediate
2551 2109 2824 2175 adhaaret,
2859 2123 3155 2179 parvaque
3204 2109 3260 2161 et
3308 2111 3535 2158 terrena
3579 2099 3822 2167 fastidit,

2171 2203 2228 2254 et
2257 2216 2360 2270 pro
2411 2198 2594 2255 nihilo
2642 2202 2893 2271 reputat,
2926 2213 2992 2252 eo
3033 2196 3189 2267 quod
3237 2194 3370 2250 istis
3419 2193 3594 2248 rebus
3643 2188 3826 2242 infor-

2171 2290 2313 2344 mati
2371 2288 2638 2346 homines
2687 2293 2744 2345 et
2793 2303 3094 2345 sermones
3143 2285 3458 2342 admittant
3513 2278 3826 2353 perfectio-

2169 2395 2324 2434 nem.

2239 2488 2329 2543 31.
2390 2488 2558 2544 Nunc
2615 2491 2811 2543 autem
2871 2485 3128 2541 minores
3186 2481 3544 2550 monachos,
3607 2477 3822 2548 quibus

2168 2593 2352 2648 equos
2396 2593 2601 2632 curare
2642 2581 2700 2631 et
2747 2575 3063 2631 ascendere
3117 2573 3466 2646 plerumque
3521 2567 3682 2624 cordi
3713 2568 3821 2630 est,

2167 2666 2414 2738 inspicio
2438 2666 2842 2730 mussitantes,
2859 2666 3189 2736 querentes,
3209 2661 3345 2716 hinc
3366 2659 3529 2715 illinc
3549 2656 3820 2729 agitatas,

2168 2758 2288 2812 sive
2343 2760 2408 2811 ut
2464 2773 2558 2811 me
2614 2755 2939 2826 increpent,
2987 2752 3106 2809 sive
3162 2751 3554 2806 instrumento
3613 2748 3819 2817 sponte

2166 2844 2359 2902 oblato
2408 2849 2649 2901 utantur
2704 2849 2907 2900 contra
2960 2841 3118 2898 labia
3173 2857 3306 2895 mea
3343 2837 3594 2893 dicentis
3651 2833 3820 2905 plura

2167 2953 2345 3008 quam
2378 2936 2700 3007 oportebat.
2736 2935 2851 3006 Ego
2898 2949 3032 2988 vero
3063 2931 3208 2986 istos
3241 2945 3402 2984 more
3449 2927 3706 2983 ferarum
3738 2923 3820 2978 si-

2165 3039 2310 3078 nens
2344 3023 2563 3087 saevire,
2597 3027 2653 3078 et
2683 3037 3013 3077 sermonem
3063 3021 3133 3075 de
3185 3019 3331 3091 ipsis
3377 3016 3591 3087 iubens
3622 3013 3816 3078 silere,

2165 3129 2371 3168 rursus
2403 3113 2474 3168 ad
2518 3111 2835 3167 monachos
2867 3126 3114 3182 magnos
3143 3124 3308 3164 meos
3358 3106 3552 3175 redeo,
3585 3119 3818 3159 eorum-

2165 3218 2278 3273 que
2303 3201 2365 3257 in
2396 3208 2651 3258 mentem
2696 3217 2898 3256 revoco
2944 3217 3071 3272 quae
3120 3198 3238 3255 Deo
3271 3195 3552 3263 voverint,
3585 3197 3641 3249 et
3690 3210 3819 3265 qua

2164 3292 2511 3360 ostendunt;
2545 3309 2662 3347 non
2691 3291 2854 3346 varia
2901 3297 3118 3356 autem,
3153 3291 3255 3344 aut
3299 3287 3547 3352 diversa,
3573 3288 3676 3338 aut
3704 3281 3820 3337 alia

397 3363 648 3438 γίνομαι,
703 3364 794 3419 καὶ
845 3366 921 3430 είς
965 3373 1090 3423 νοῦν
1142 3369 1326 3434 αὐτοῖς
1376 3347 1593 3446 τίθημί,
1650 3347 1815 3431 ὁποῖα
1844 3347 2049 3450 μὶνκτῷ

2166 3385 2321 3448 sunt,
2356 3383 2458 3436 sed
2504 3379 2676 3452 plane
2724 3379 3047 3448 contraria;
3101 3377 3270 3450 quasi
3320 3373 3666 3446 interrogati
3698 3389 3816 3427 non

399 3456 518 3542 Θεῷ
578 3453 825 3527 ηὔξαντο,
906 3459 995 3512 οἷα
1067 3456 1124 3514 δὲ
1193 3459 1633 3520 ἐπιδείκνυνται·
1692 3465 1799 3542 οὐχ
1855 3467 2049 3531 ἁπλῶς

404 3541 634 3618 ἑτεροῖα,
668 3543 704 3613 ἤ
761 3545 983 3616 ἀλλοῖα,
1042 3547 1079 3617 ἤ
1140 3549 1303 3619 ἄλλα,
1358 3550 1396 3621 ἤ
1442 3551 1690 3631 διάφορα,
1746 3541 1952 3612 ἐναντία
1991 3556 2049 3614 δὲ

400 3631 479 3694 εἷς
509 3633 572 3687 τὸ
603 3639 729 3704 πᾶν,
763 3635 837 3698 ὡς
888 3635 1036 3713 εἷ’περ
1082 3641 1156 3712 μή
1209 3641 1574 3715 ἠρωτήθησαν
1625 3643 1713 3700 ἐπὶ
1761 3643 2047 3721 διορθώσει

394 3726 604 3778 κακιῶν
634 3723 723 3778 καὶ
755 3724 838 3778 ἐπ’
878 3723 1146 3802 ἀναλήψει
1203 3730 1404 3804 ἀρετῶν
1440 3751 1452 3765 ·
1488 3732 1614 3788 ἀλλ’
1637 3732 1730 3789 τίνα
1771 3736 1838 3790 τὰ
1869 3735 2048 3804 φαὺλα

389 3810 760 3888 ἐπεγνωκότες
831 3812 1186 3890 ἁνδρίσωνται
1263 3818 1314 3874 ἐν
1394 3820 1579 3884 αὐτοῖς
1649 3797 1898 3896 ἐκείνοις,
1957 3829 2044 3882 καὶ

390 3902 808 3976 ἒρμηνευθὲντες
839 3906 906 3960 τὰ
954 3903 1121 3981 δεινὰ,
1174 3911 1256 3972 οἷς
1302 3909 1686 3986 ἐκπολεμεῖται
1728 3916 1755 3968 ὁ
1787 3918 1882 3970 τοῦ
1913 3920 2046 3971 Θεοῦ

390 3988 698 4080 ἄνθρωπος,
747 3997 1222 4072 προσχωρήσωσιν
1276 3997 1359 4054 ἐπ’
1395 4000 1548 4070 αὐτὰ,
1598 4002 1689 4057 καὶ
1755 4003 2046 4080 φιλιωθὲν-

391 4100 480 4144 τες
511 4077 741 4138 ἔλθωσιν
771 4103 846 4145 εις
879 4081 932 4138 ἔν
982 4085 1190 4155 αὐτοῖς,
1238 4088 1327 4142 καὶ
1381 4091 1456 4162 μὴ
1506 4086 1678 4166 ἔχωσι
1712 4077 1808 4146 τοῦ
1842 4092 2043 4148 λοιποῦ

395 4168 445 4240 ἐξ
503 4168 719 4227 ἐκείνων
796 4173 1092 4251 πράγματα
1124 4195 1136 4207 ’
1202 4174 1438 4242 δεδιότες
1492 4181 1626 4252 οἷον,
1687 4185 1760 4256 μή
1823 4204 1958 4238 ποτε
2017 4184 2044 4238 ὁ

401 4259 542 4321 θεῖος
603 4260 900 4336 ὁπλισμὸς,
950 4265 1008 4319 ’ὀν
1057 4265 1434 4344 ἀναληφθέντα
1478 4268 1538 4324 ἐκ
1584 4275 1681 4325 τοῦ
1730 4271 1868 4327 κατὰ
1915 4273 2041 4328 Θεὸν

397 4348 664 4435 θωρακίου
712 4351 1064 4426 περίκεινται,
1112 4356 1184 4418 ὡς
1230 4356 1417 4412 ἀνόπιν
1470 4360 1498 4413 ὁ
1531 4357 1700 4435 λόγος
1749 4359 2042 4434 ἐδήλωσεν,

393 4435 457 4490 οὐ
489 4433 807 4526 δεφᾼενδεύσῃ
857 4441 1040 4507 αὐτοῖς
1070 4446 1169 4515 τὴν
1221 4446 1537 4526 ἀσφάλειαν,
1572 4433 1697 4504 οὐδὲ
1725 4433 2044 4524 δυνήσονται

394 4521 722 4619 κατασϐέσαι
765 4530 833 4619 τὰ
878 4534 1245 4610 πεπυρωμένα
1296 4521 1430 4613 βὲλη
1479 4542 1577 4594 τοῦ
1625 4521 1874 4617 ἕχθροῦλ
1910 4543 2043 4619 ἅπερ

391 4615 527 4671 κατᾶ
584 4619 677 4691 μὲν
729 4618 985 4697 σιδηρέου
1053 4626 1319 4702 θώρακος,
1392 4633 1490 4684 τοῦ
1547 4615 1689 4686 κατα
1733 4615 1894 4700 Θεὸν,
1952 4615 2042 4686 καὶ

2161 3470 2414 3526 fuissent
2445 3473 2514 3527 de
2544 3471 2700 3526 vitiis
2741 3468 3040 3539 curandis,
3073 3467 3549 3537 assumendaque
3578 3463 3812 3529 virtute,

2160 3562 2261 3616 sed
2296 3565 2362 3616 ut
2390 3561 2624 3632 cognita
2652 3561 2905 3616 vanitate
2951 3559 3022 3615 ad
3071 3577 3201 3615 eam
3235 3557 3486 3613 innuant
3513 3557 3579 3610 ut
3608 3554 3813 3608 admo-

2158 3650 2266 3705 niti
2298 3652 2367 3705 de
2402 3651 2676 3721 periculis
2725 3649 2938 3722 quibus
2988 3654 3077 3705 est
3124 3647 3412 3704 obnoxius
3459 3645 3636 3700 homo
3689 3641 3814 3708 Dei,

2155 3739 2216 3795 in
2248 3756 2315 3795 ea
2353 3740 2678 3808 incurrant,
2714 3743 2770 3794 et
2819 3741 2970 3794 facta
3018 3738 3276 3794 amicitia
3307 3737 3367 3790 in
3401 3750 3585 3790 unum
3636 3729 3816 3787 simul

2158 3834 2426 3902 pergant,
2476 3847 2669 3903 neque
2721 3828 2979 3901 amplius
3032 3844 3204 3883 curas
3253 3827 3324 3882 de
3369 3824 3501 3880 istis
3549 3822 3812 3893 capiant;

2159 3920 2328 3990 quasi
2358 3920 2608 3975 timeant
2652 3935 2723 3974 ne
2777 3935 2938 3974 arma
2995 3917 3192 3972 divina
3223 3932 3351 3987 quae
3411 3915 3717 3982 assumpta
3748 3925 3817 3966 ex

2158 4024 2289 4064 arce
2335 4007 2434 4064 Dei
2481 4008 2822 4074 induerunt,
2857 4011 2923 4062 ut
2971 4005 3228 4061 ostendit
3274 4018 3466 4060 sermo
3516 4000 3812 4073 superius,

2156 4097 2532 4153 securitatem
2581 4097 2693 4152 sibi
2742 4113 2860 4151 non
2911 4095 3228 4167 praebeant,
3268 4108 3374 4148 nec
3423 4090 3655 4163 possint
3699 4087 3817 4143 tela

2155 4186 2341 4259 ignita
2369 4185 2595 4241 inimici
2627 4185 3018 4257 exstinguere,
3053 4200 3181 4256 quae
3214 4182 3455 4253 quidem
3496 4183 3701 4236 contra
3733 4177 3811 4232 si-

2155 4277 2388 4332 deream
2429 4279 2486 4330 et
2524 4275 2782 4331 divinam
2833 4274 3154 4345 thoracem,
3185 4271 3272 4327 vel
3321 4273 3525 4326 contra.
3570 4269 3810 4322 ﬁrmum

2155 4364 2446 4437 clypeum,
2479 4365 2599 4420 sive
2630 4363 3024 4436 quodcunque
3068 4361 3365 4417 munitum
3398 4372 3810 4432 propugnacu-

2151 4455 2278 4510 lum
2329 4471 2537 4526 parum
2583 4454 2674 4510 vel
2723 4453 2872 4509 nihil
2902 4452 3124 4521 valent;
3159 4454 3362 4507 contra
3394 4449 3651 4506 calamos
3700 4464 3810 4502 au-

2153 4547 2295 4614 tem,
2327 4547 2429 4600 aut
2477 4545 2720 4614 foenum,
2754 4547 2857 4598 aut
2904 4542 3193 4613 reliquum
3240 4555 3512 4597 acervum
3561 4540 3812 4610 possunt

2153 4634 2493 4690 incendium
2525 4639 2584 4690 et
2614 4633 2848 4690 ruinam
2879 4633 3112 4688 inferre.

392 4708 529 4798 καῖᾷ
584 4715 801 4784 στερεοῦ
861 4714 1075 4790 θυρεοῦ,
1130 4713 1206 4770 ἔτι
1266 4715 1325 4772 δὲ
1405 4719 1495 4773 καὶ
1579 4722 1777 4784 παντὸς
1865 4721 2101 4797 ἐρυμνοῦ
2183 4723 2535 4798 τειχίσματος
2626 4722 2795 4797 μικρά
2877 4718 2914 4791 ἤ
2982 4718 3134 4775 οὐδὲν
3196 4718 3496 4794 ἐνεργοῦσι,
3561 4715 3697 4771 κατὰ
3753 4713 3812 4770 δὲ

391 4794 649 4870 καλάμης
681 4800 770 4854 καὶ
806 4799 1010 4877 χέρτου
1039 4805 1128 4858 καὶ
1160 4811 1358 4861 κοιποῦ
1389 4815 1653 4886 συρφετοῦ
1687 4809 1936 4866 δύνανται
1961 4811 2035 4875 εἷς
2070 4794 2402 4890 ἐκσλόγῶσιν
2430 4813 2520 4867 καὶ
2553 4794 2850 4867 ἀπώλειαν.

464 4897 568 4958 λϐ’.
611 4907 786 4962 Τοῦτό
819 4928 877 4962 τε
908 4906 998 4963 οὖν
1034 4909 1176 4966 οὕτω
1230 4909 1434 4985 δειλιᾷν
1481 4914 1568 4970 ἐπὶ
1599 4922 1716 4980 τοῖς
1749 4939 2041 4992 πνευματι-

2225 4923 2314 4976 32.
2349 4922 2466 4977 Ηοο
2507 4922 2578 4977 de
2628 4918 3038 4993 spiritualibus
3092 4918 3272 4974 armis
3328 4917 3441 4973 isto
3494 4917 3667 4971 modo
3718 4930 3809 4970 re-

390 4997 508 5054 κοῖς
557 4993 755 5058 ὅπλοις
812 4996 1039 5069 ἐοίκασι,
1111 5001 1200 5056 καὶ
1277 5001 1404 5059 οὐδὲ
1451 5004 1518 5061 τὰ
1582 5009 2044 5088 προπεφρασμένα

390 5081 512 5158 ἰερα
555 5082 731 5140 ἐκεῖνα
778 5093 878 5157 τῆς
927 5099 1302 5165 πνευματικῆς
1356 5100 1555 5170 κουρᾶς
1605 5096 1681 5159 εἷς
1726 5081 1850 5155 νοῦν
1894 5097 2040 5176 ἄγειν

390 5173 656 5264 ψάλματα
713 5178 1017 5255 φαίνονται,
1067 5177 1136 5236 δι’
1196 5183 1268 5238 ὧν
1324 5185 1422 5239 ὅσα
1463 5186 1552 5240 καὶ
1599 5185 1921 5264 σαλπίγγων
1940 5173 2043 5246 ’καὶ

392 5257 606 5353 λοιπῶν
646 5266 906 5342 ὀργάνων,
960 5270 1038 5332 οἷς
1081 5278 1532 5348 θαρσοποιοῦνται
1594 5277 1670 5340 εἰς
1725 5257 1890 5353 μέγ-αν
1939 5280 2044 5335 πό-

393 5350 563 5426 λεμον
616 5357 917 5434 ἄνθρωποι,
988 5359 1232 5437 γλυκέως
1305 5363 1556 5436 ἐτάξαντο
1607 5350 1893 5424 τὸν-κατὰ
1949 5374 2044 5426 τοῦ

390 5440 652 5518 δαίμονος
683 5441 904 5514 ἕκαστος
954 5448 1225 5528 πόλεμον,
1262 5453 1699 5532 κατεπᾳδόμενος
1748 5458 1838 5514 καὶ
1874 5481 2045 5532 μακα-

388 5541 637 5612 ρισμοῖς,
671 5537 744 5599 ὡς
786 5539 976 5616 esseea
1015 5560 1026 5572 '
1081 5543 1153 5598 ὧν
1207 5545 1260 5599 οἱ
1307 5550 1548 5602 τοιοῦτοι
1602 5553 1926 5625 στρατιῶται
1947 5555 2045 5606 τοῦ

394 5629 531 5714 Θεοῦ
584 5625 1039 5713 ἐπιτυγχάνουσιν
1087 5631 1518 5708 ἀριστεύσαντες.
1567 5637 1678 5694 Θύκ
1736 5637 2043 5714 ἐνθυμεῖται

395 5711 454 5806 δὲ
477 5716 505 5769 ὁ
535 5720 786 5806 τοιοῦτος
825 5710 1066 5798 μοναχὸς
1099 5717 1228 5780 οὐδὲ
1255 5725 1354 5794 τὴν
1383 5731 1482 5780 τοῦ
1517 5727 1637 5803 βίου
1682 5709 2044 5806 κατάγνωσιν,

393 5801 461 5870 ἥν
502 5803 1002 5884 καταψαλλομένην
1053 5811 1265 5870 ἆκούων
1315 5801 1725 5893 συνηγαλλιᾶτο
1782 5801 1870 5874 κάὶ
1926 5801 2048 5896 συγζ

2153 5011 2470 5068 formidare
2517 5009 2628 5066 visi
2683 5013 2840 5077 sunt,
2875 5013 2932 5066 et
2978 5008 3238 5082 psalmos
3297 5023 3495 5064 sacros
3551 5010 3807 5061 tonsurae

2153 5100 2482 5175 spiritualis
2508 5104 2642 5157 ante
2663 5100 2982 5156 celebratos
3013 5099 3072 5154 in
3105 5106 3360 5155 mentem
3391 5113 3659 5153 revocare
3693 5114 3807 5152 non

2152 5192 2446 5262 videntur,
2480 5191 2695 5264 quibus
2725 5188 2884 5246 velut
2920 5190 3066 5246 tuba
3113 5192 3170 5244 et
3219 5188 3349 5244 aliis
3401 5185 3811 5242 instrumentis

2154 5281 2424 5337 homines
2475 5282 2547 5336 ad
2599 5284 2908 5336 strenuum
2968 5277 3187 5335 bellum
3246 5277 3656 5343 excitantibus,
3698 5275 3813 5347 ipsi

2155 5371 2374 5444 singuli
2407 5388 2468 5428 se
2517 5375 2883 5444 pugnaturos
2935 5372 3137 5425 contra
3186 5368 3512 5423 daemonem
3566 5366 3819 5421 libenter

2156 5462 2575 5535 promiserunt,
2595 5465 2651 5518 et
2670 5460 3034 5517 beatitudine
3061 5475 3178 5531 qua
3199 5459 3477 5514 fruuntur
3502 5458 3682 5513 fortes
3713 5456 3816 5510 Dei

2157 5551 2396 5619 milites,
2437 5551 2630 5607 allecti
2678 5555 2839 5620 sunt,
2864 5549 3018 5606 sicut
3047 5547 3269 5603 dictum
3317 5556 3422 5602 est.
3458 5547 3574 5604 Nec
3624 5545 3816 5603 consi-

2157 5643 2321 5698 derat
2377 5642 2487 5698 iste
2536 5641 2861 5697 monachus
2909 5640 3039 5696 vitae
3091 5638 3664 5706 condemnationem,
3699 5654 3817 5709 qua

2157 5731 2358 5788 audita
2386 5730 2736 5796 exsultabat,
2771 5734 2828 5786 et
2861 5729 2988 5802 ipse
3018 5729 3475 5797 condemnabat;
3509 5729 3609 5784 sed
3643 5727 3815 5798 quasi

2157 5837 2293 5878 eum
2324 5820 2601 5894 pmniteat
2632 5821 2788 5894 quod
2819 5817 3041 5892 aliquid
3083 5819 3306 5874 bonum
3339 5814 3815 5874 condemnaverit
