4082 6352
304 473 424 532 ’155

1082 478 1506 539 EUSTHATII
1551 476 2315 539 THESSALONICENSIS
2363 479 2948 540 METROPOLITIE

3611 483 3736 542 756

309 605 380 660 ad
411 605 665 678 pristina
696 609 1026 674 revertitur,
1059 626 1127 664 ea
1163 609 1377 665 blande
1407 609 1808 680 amplectitur;
1843 627 1958 666 non

2073 606 2455 684 κατεγίνωσκεν
2492 628 2506 643 ·
2540 607 2666 664 ἀλλ’
2694 609 2768 671 ὡς
2801 611 2919 664 οἷον
2957 607 3427 682 μεταμελόμενος,
3451 608 3533 665 ὅτι
3556 612 3737 668 καλοῦ

309 695 482 751 modo
514 696 790 768 demisse,
816 702 882 752 ut
910 698 1096 770 prius,
1129 700 1228 754 sed
1262 700 1550 769 abjectius
1581 699 1721 772 agit,
1757 701 1803 754 si
1839 701 1964 756 ﬁeri

308 789 523 856 potest.
582 785 696 842 Nec
755 786 1007 856 amplius
1066 788 1337 843 meminit
1367 788 1507 860 quid
1565 788 1964 861 interrogatus

309 874 406 945 sit,
457 874 745 947 quidquid
794 876 1178 948 responderit,
1229 883 1429 932 sancta
1483 877 1815 935 initiatione
1869 879 1962 934 in-

311 967 506 1019 eunte.

380 1159 471 1215 33.
506 1159 626 1215 Ista
671 1159 1070 1234 interrogatio,
1104 1163 1304 1234 frater,
1337 1165 1408 1220 ad
1459 1182 1695 1222 causam
1743 1165 1828 1221 tui
1860 1167 1959 1221 ad-

308 1251 519 1304 ventus
547 1249 800 1306 maxime
822 1253 1150 1324 spectabat;
1185 1255 1482 1326 quaerebat
1501 1255 1744 1328 insuper
1764 1260 1959 1311 utrum

312 1336 469 1408 operi
516 1339 772 1395 maximo
821 1341 1150 1413 applicatus
1180 1343 1239 1398 in
1272 1344 1382 1399 hoc
1427 1361 1615 1416 usque
1662 1347 1730 1400 ad
1783 1345 1959 1400 finem

310 1425 633 1483 fortissime
708 1445 1104 1502 permaneres,
1152 1431 1200 1487 si
1257 1433 1460 1503 paueis
1517 1434 1709 1489 verbis
1765 1434 1964 1490 omnia

310 1515 559 1572 dicenda
609 1523 768 1572 sunt.
815 1522 884 1574 Et
940 1524 1003 1574 tu
1063 1521 1353 1589 ardenter,
1386 1523 1557 1578 corde
1615 1541 1862 1594 smcero,
1897 1528 1963 1579 ut

307 1603 635 1678 videbatur,
668 1609 1060 1679 spopondisti.
1093 1610 1178 1664 Ita
1217 1609 1319 1666 illo
1363 1616 1645 1684 tempore.
1681 1611 1844 1670 Multi
1877 1617 1959 1668 te-

311 1696 430 1748 stes
460 1710 574 1749 non
601 1695 887 1767 patientes
912 1698 1242 1769 exprobrati
1265 1701 1577 1768 mendacii,
1603 1703 1642 1756 ii
1673 1702 1732 1756 in
1755 1701 1960 1774 primis

312 1781 414 1852 qui
445 1782 845 1855 Omnipotenti
885 1788 1305 1859 propinquant,
1339 1807 1588 1861 quorum
1619 1808 1821 1846 vocem
1852 1808 1960 1846 au-

311 1869 437 1926 dire
467 1873 718 1945 quisque
747 1881 924 1946 optat,
949 1893 1157 1948 nempe
1187 1877 1373 1948 angeli
1408 1879 1534 1947 Del;
1569 1896 1716 1951 quos
1748 1879 1796 1934 si
1828 1879 1960 1952 quis

2071 717 2396 772 πραγματος
2458 698 2872 774 κατεγίνωσκεν,
2935 697 3203 753 ἐπάνεισιν
3265 698 3340 761 εἷς
3395 699 3464 754 τὰ
3514 703 3734 776 πρώην,

2071 787 2161 840 καὶ
2237 786 2636 860 ἐκμειλίσσεται
2709 786 2864 856 αὐτὰ,
2944 786 3205 863 βιοτεύων
3291 788 3537 865 φαύλως,
3627 791 3737 869 οὐχ

2073 875 2253 952 ὥσπερ
2310 879 2399 932 καὶ
2460 880 2613 954 πρὶν,
2674 875 2818 934 ἀλλὰ
2867 877 3217 954 θερμότερον,
3254 875 3308 932 εἷ’
3346 900 3407 953 γε
3455 877 3678 936 δύναται
3715 903 3728 915 ⁶

2070 965 2159 1018 καὶ
2202 965 2263 1020 οὐ
2319 965 2712 1041 διαλογίζεται,
2747 966 2799 1021 τί
2858 967 2954 1041 μὶν
3006 968 3302 1043 ἠρωτήθη,
3356 963 3729 1044 ἐναρχόμενος

2069 1059 2164 1109 τοῦ
2194 1055 2340 1130 ἱεροῦ
2369 1055 2794 1130 πολιτεύματος,
2829 1057 2882 1110 τί
2906 1055 2963 1112 δὲ
2995 1057 3338 1133 ἀπεκρίνατο.

2141 1160 2239 1238 λγ’.
2275 1164 2339 1219 Ἡ
2369 1162 2639 1239 ἐρώτησις
2697 1162 2902 1238 ἐκείνη,
2954 1165 2999 1218 ὦ
3047 1161 3268 1239 ἀδελφὲ,
3300 1165 3363 1219 τὸ
3411 1172 3512 1234 τῆς
3559 1187 3724 1242 προσ-

2071 1251 2332 1316 ελεύσεως
2363 1251 2844 1329 ἐπολυπραγμόνει
2899 1252 3072 1308 αἴτιον
3111 1274 3122 1285 ·
3175 1251 3499 1310 ἐπυνθάνετο
3548 1252 3602 1310 δὲ
3630 1256 3716 1310 καί

2073 1340 2119 1395 εί
2151 1340 2466 1417 προσελθὼν
2502 1343 2722 1419 ἐργασίᾳ
2772 1340 3192 1416 σπουδαιοτάτῃ,
3225 1350 3547 1419 παραμενεῖς
3578 1343 3710 1418 αὐτῇ

2075 1432 2243 1507 μέχρι
2296 1429 2490 1496 τέλους
2541 1432 3000 1510 φερεπονώτερον,
3035 1431 3079 1486 εἷ
3127 1434 3240 1508 χρή
3289 1433 3353 1487 τὸ
3393 1434 3494 1487 πὰν
3552 1433 3714 1487 εἰπεῖν

2071 1519 2121 1574 ἐν
2157 1521 2326 1582 οὕτως
2367 1520 2654 1598 ὀλιγίστῳ.
2711 1521 2786 1576 Σὺ
2833 1519 2891 1576 ὃὶ
2937 1520 3170 1577 κατέθου
3225 1527 3466 1595 θερμῶς,
3507 1523 3616 1591 καὶ,
3648 1523 3724 1584 ὡς

2072 1608 2335 1688 ἐφαίνετο,
2372 1609 2432 1666 ἐκ
2477 1611 2667 1686 βυθίου
2722 1613 3057 1685 ϐελῆματος.
3108 1611 3207 1666 Καὶ
3257 1616 3424 1667 τοῦτο
3459 1613 3554 1685 μὲν
3580 1610 3725 1668 τότε.

2070 1701 2175 1755 Καὶ
2206 1701 2257 1754 οἱ
2293 1699 2557 1776 μάρτυρες
2611 1698 2840 1773 πολλοὶ,
2883 1702 2972 1755 καὶ
3029 1697 3156 1756 οὐδὲ
3185 1701 3546 1778 παραγραφὴν
3581 1698 3726 1756 εἶδό-

2068 1810 2158 1851 τες
2208 1791 2461 1864 πάσχειν,
2521 1791 2610 1844 καὶ
2659 1789 2896 1864 μάλιστα
2955 1791 3006 1845 οἱ
3052 1795 3130 1862 τῷ
3179 1789 3443 1865 κρείττονι
3483 1787 3729 1860 πλησιά-

2075 1883 2275 1952 ζοντες,
2309 1881 2382 1932 ὧν
2437 1876 2654 1954 εῧχεταί
2701 1900 2785 1942 τις
2834 1879 3058 1933 ἀκοῦσαι
3110 1880 3319 1954 φωνὴν,
3379 1880 3432 1933 οἱ
3459 1883 3562 1934 τοῦ
3593 1883 3731 1933 Θεοῦ

314 1963 606 2019 mendacii
665 1981 908 2036 arguere
957 1967 1218 2038 auderet,
1268 1968 1394 2039 ipso
1445 1968 1594 2024 facto
1643 1985 1856 2025 manus
1905 1970 1960 2025 in

2076 1966 2295 2044 ἄγγελοι
2331 1987 2343 2000 ·
2386 1967 2478 2030 οὓς
2536 1965 2592 2022 εἷ’
2634 1990 2719 2033 τις
2769 1969 3220 2043 παραγράψασθαι
3279 1965 3727 2036 ἀπαυθαδίσεται,

310 2051 496 2108 Deum
552 2053 860 2109 attolleret.
921 2055 1036 2110 Nec
1091 2054 1332 2128 longum
1387 2061 1622 2130 tempus
1679 2058 1964 2128 efﬂuerat,

317 2144 375 2196 et
403 2158 536 2198 ecce
565 2143 874 2200 conventio
921 2161 1025 2216 pro
1076 2144 1261 2200 nihilo
1309 2148 1722 2218 reputabatur;
1774 2147 1964 2218 aliter,

315 2247 451 2287 cum
483 2233 738 2303 insania,
772 2251 889 2289 non
927 2250 1064 2290 eum
1105 2239 1262 2290 recta
1291 2240 1350 2291 et
1379 2253 1524 2292 sana
1553 2238 1775 2294 ratione
1806 2243 1966 2294 tene-

312 2320 505 2376 batur.
540 2321 754 2378 Obedis
810 2327 872 2377 tu
934 2323 1195 2394 quidem,
1228 2324 1330 2379 sed
1388 2341 1503 2380 non
1558 2330 1624 2381 ut
1679 2327 1964 2397 statuisti,

312 2411 548 2481 quando
587 2415 644 2466 te
690 2411 906 2482 aliquis
956 2413 1027 2467 ad
1086 2411 1310 2467 loculos
1365 2413 1543 2468 simul
1599 2414 1962 2484 dividendos,

309 2499 382 2554 ad
433 2501 755 2571 parandam
787 2501 1116 2556 innocentis
1163 2501 1423 2558 hominis
1469 2501 1961 2578 inhumationem,

308 2592 411 2644 aut
441 2590 511 2643 ad
545 2589 661 2644 alia
692 2590 910 2646 similia
957 2590 1182 2647 invitat.
1218 2591 1423 2648 Nonne
1466 2592 1623 2648 enim
1658 2595 1772 2650 ista
1803 2601 1960 2664 sunt,

306 2694 434 2749 quas
492 2696 526 2734 a
584 2686 636 2735 te
694 2680 753 2735 in
813 2680 1083 2736 homines
1155 2679 1301 2735 nihil
1361 2683 1602 2738 meritos
1660 2688 1964 2756 aguntur?

304 2768 428 2823 Tua
459 2767 617 2824 enim
650 2786 826 2842 opera
855 2786 984 2826 esse
1022 2773 1265 2826 autumo
1298 2787 1430 2842 quae
1475 2789 1508 2826 a
1556 2777 1610 2827 te
1651 2774 1959 2843 jubentur.

304 2857 400 2914 Sic
431 2857 586 2914 enim
620 2860 822 2915 obedis
854 2864 917 2914 ut
946 2877 1061 2915 non
1096 2859 1370 2916 debebas.
1396 2861 1648 2918 Oculum
1680 2864 1962 2934 projicere

303 2963 543 3004 necesse
582 2953 708 3004 erat
756 2949 946 3021 magis
993 2966 1171 3022 quam
1219 2949 1301 3005 sic
1352 2951 1552 3007 audire
1598 2957 1649 3007 et
1700 2954 1959 3009 obedire.

304 3035 370 3090 In
399 3039 628 3091 tantum
681 3037 868 3109 premi
917 3054 1173 3107 recusas,
1211 3043 1276 3092 ut
1303 3038 1456 3094 oculi
1488 3039 1574 3094 tui
1606 3041 1835 3098 caerulei
1856 3043 1960 3114 (4),

301 3139 463 3180 more
501 3125 707 3197 ferino,
739 3131 796 3181 te
843 3126 1139 3198 abripiant
1184 3127 1242 3181 in
1292 3127 1438 3183 alios
1489 3131 1858 3200 premendos,
1896 3137 1961 3187 ut

300 3217 364 3268 tu
398 3213 632 3271 lateris.
666 3220 853 3271 Causa
881 3216 1038 3271 enim
1084 3215 1281 3288 gloria
1314 3232 1491 3287 quam
1526 3218 1814 3290 repulisti,
1847 3221 1957 3276 sub

300 3303 494 3375 specie
534 3310 908 3377 contemptus
939 3304 1032 3360 cui
1063 3305 1277 3360 iterum
1311 3307 1683 3374 renuntiasti,
1710 3309 1956 3380 quibus-

301 3409 414 3462 que
443 3393 841 3451 humilitatem
892 3395 1018 3451 ovis
1070 3394 1165 3450 Dei
1216 3396 1610 3467 praeposuisti,
1635 3415 1748 3453 non
1785 3400 1957 3455 modo

297 3484 542 3554 premis,
565 3484 685 3540 sive
711 3485 853 3540 teris
875 3485 1052 3556 (quod
1076 3489 1165 3539 est
1187 3477 1439 3557 θλίϐειν),
1461 3486 1560 3540 sed
1586 3487 1761 3543 etiam
1787 3489 1958 3544 strin-

298 3571 410 3642 gis,
451 3573 726 3644 suffocas,
761 3572 1058 3641 vulneras,
1093 3572 1446 3644 colaphizas,
1482 3575 1758 3648 castigas,
1794 3594 1956 3648 pres-

297 3677 499 3716 suram
532 3661 758 3718 moliris
790 3679 855 3718 eo
887 3662 1024 3733 ﬁne,
1056 3665 1121 3718 ut
1151 3666 1478 3731 conterens,
1513 3669 1678 3720 stans
1711 3668 1955 3723 seorsim

296 3754 356 3805 et
403 3749 742 3807 inaccessus
773 3769 842 3807 ex
872 3751 1078 3808 alienis
1126 3751 1298 3806 bonis
1347 3754 1540 3824 possis
1588 3753 1954 3828 locupletari.

297 3838 432 3903 Quae
461 3857 608 3896 novo
653 3840 900 3896 consilio
942 3841 1195 3913 peragis,
1230 3841 1427 3913 sicque
1479 3845 1747 3900 mentiris
1779 3863 1954 3917 quam

299 3927 557 4001 elegeras
589 3934 1013 4002 paupertatem,
1036 3929 1210 3986 hodie
1241 3931 1482 4002 quidem
1507 3934 1955 4006 restringentem

297 4023 356 4073 et
385 4020 716 4092 evangelica
738 4024 1124 4092 prementem,
1150 4025 1351 4092 postea
1373 4027 1568 4078 autem
1601 4023 1956 4083 immensam

294 4105 600 4179 planitiem
633 4110 1012 4181 aperientem.

2077 2057 2272 2112 αὐτίκα
2300 2057 2388 2112 καὶ
2430 2062 2563 2113 Θεοῦ
2619 2057 2784 2113 αὐτοῦ
2833 2059 3299 2134 κατεπιχειρήσει.
3336 2057 3413 2115 Οὔ
3464 2056 3640 2118 πολὺς
3673 2054 3735 2110 δὲ

2073 2153 2366 2222 καθορᾶται
2400 2147 2623 2223 χρόνος,
2673 2148 2763 2202 καὶ
2812 2149 2846 2217 ἡ
2897 2145 3337 2223 ἆνθομολόγησις
3387 2145 3564 2218 ἐκέίνη
3596 2167 3725 2201 κατ-

2074 2237 2312 2312 ήργηταί
2349 2258 2432 2292 σοι
2491 2235 2675 2299 ἄλλως
2732 2234 3138 2312 φυλαττομένη,
3187 2236 3323 2292 κατά
3376 2250 3492 2292 τινα
3549 2237 3726 2312 παρά-

2073 2346 2246 2394 νοιαν,
2289 2325 2379 2380 καὶ
2414 2325 2474 2380 ού
2518 2326 2655 2400 πρὸς
2704 2325 2974 2402 ὀρθότητα
3019 2326 3109 2380 κκὶ
3169 2324 3368 2401 ὑγίειαν
3428 2325 3728 2400 λογισμοῦ,

2073 2415 2390 2479 Ὑπακούεις
2443 2415 2536 2488 μὲν
2592 2416 2696 2490 γὰρ
2748 2449 2816 2457 -
2869 2413 3018 2485 πλὴν
3069 2414 3131 2469 οὐ
3181 2415 3321 2469 καθὰ
3377 2415 3566 2487 ἐτάξω,
3600 2413 3731 2470 ἀλλ’

2073 2504 2161 2558 ὅτε
2186 2526 2268 2567 τις
2319 2503 2711 2580 προκαλεσεταί
2768 2525 2824 2559 σε
2874 2503 2948 2566 εἷς
2991 2503 3369 2574 κοινοποίησιν
3407 2501 3728 2579 βαλαντίου,

2071 2594 2158 2647 καὶ
2195 2593 2270 2657 εἷς
2313 2594 2636 2670 προαγωγὰς
2679 2593 2928 2670 κρύψεως
2979 2591 3190 2670 ἀνδρῶν
3241 2593 3433 2657 ἀθώων
3481 2592 3556 2654 εἷς
3595 2599 3722 2670 γῆν,

2071 2682 2161 2737 καὶ
2204 2681 2280 2745 εἷς
2333 2681 2476 2738 ἄλλα
2525 2679 2709 2756 ὅμοια.
2744 2685 2814 2739 Ἦ
2863 2685 2963 2759 γάρ
3016 2682 3078 2736 οὐ
3131 2687 3358 2738 τοιαῦτα
3397 2683 3464 2738 τά
3505 2679 3599 2736 διὰ
3630 2685 3730 2736 σοῦ

2073 2767 2426 2847 ἐντριϐόμενα
2480 2775 2771 2849 πράγματα
2817 2778 2933 2835 τοῖς
2987 2769 3146 2828 οὐδὲν
3192 2771 3431 2841 αἱτίοις;
3487 2776 3598 2826 Σοῦ
3627 2772 3727 2847 γὰρ

2072 2859 2206 2915 εἷναί
2255 2883 2399 2936 φημι
2461 2857 2589 2938 ἔργα
2636 2862 2704 2916 τὰ
2755 2861 2858 2916 ὑπὸ
2916 2865 3011 2916 σοῦ
3056 2859 3412 2934 κελευόμενα.
3445 2859 3550 2916 Καὶ
3583 2859 3728 2915 οὕτω

2075 2951 2168 3023 μὲν
2229 2950 2538 3020 ὑπακούεις,
2594 2951 2667 3013 ὡς
2723 2952 2798 3024 μὴ
2852 2949 3060 3028 ὤφελες
3093 2969 3107 2984 “
3163 2949 3374 3026 ὤφελες
3417 2949 3519 3026 γὰρ
3553 2971 3724 3005 κεκω-

2071 3044 2278 3117 φῶσθαι
2340 3039 2571 3112 μᾶλλον,
2624 3042 2657 3109 ἢ
2737 3037 2911 3102 οὕτως
2988 3038 3200 3094 ἀκούειν
3257 3037 3347 3093 καὶ
3411 3038 3721 3093 ὑπακούειν.

2070 3124 2359 3184 Θλίϐεσθαι
2393 3126 2451 3182 δὲ
2484 3128 2559 3192 είς
2586 3133 2844 3184 τοσοῦτον
2879 3127 3123 3203 ἀπεχεις,
3166 3127 3242 3192 ὡς
3277 3125 3366 3182 διὰ
3411 3130 3512 3197 τήν
3544 3128 3595 3183 ἐν
3642 3129 3718 3182 eoi

2071 3216 2318 3294 θηριώδη
2381 3219 2738 3295 χαροπότητα
2805 3217 2893 3272 καὶ
2961 3216 3431 3294 πραγματεύεσθαι
3512 3217 3712 3290 θλίψεις

2069 3307 2296 3384 ἑτέροις,
2331 3305 2416 3363 ἵνα
2448 3307 2510 3362 σὺ
2540 3307 2765 3384 χαίρῃς,
2797 3310 2891 3379 Τῷ
2922 3307 3025 3382 γὰρ
3057 3302 3208 3383 λόγῳ
3227 3314 3327 3377 τῆς
3348 3304 3720 3378 ὲνδοξότητος,

2068 3393 2134 3466 ἤν
2187 3396 2453 3466 ἁπελὲξω,
2503 3396 2593 3451 καὶ
2641 3399 2709 3470 τῇ
2770 3397 2994 3474 ἀφορμῇ
3051 3401 3148 3450 τοῦ
3193 3397 3662 3475 ἁκαταφρονήτου,
3696 3396 3725 3450 ’ὁ

2066 3493 2156 3541 καί
2214 3486 2342 3541 αὐτὸ
2396 3486 2719 3561 ἆπηρνήσω,
2783 3485 2862 3547 οἷς
2941 3480 3216 3561 πρόϐατον
3302 3491 3434 3542 Θεοῦ
3487 3487 3726 3561 γεγονὼς

2067 3575 2332 3651 προείλου
2394 3574 2739 3642 ταπείνωσιν,
2794 3573 2901 3650 οὐχ
2947 3574 3136 3637 ἁπλῶς
3191 3570 3420 3644 θλίϐεις,
3481 3571 3579 3630 εἴτ’
3633 3573 3726 3629 οὖν

2067 3667 2272 3734 πιέζνις
2317 3669 2502 3736 (τοῦτο
2561 3662 2663 3740 γάρ
2708 3663 2819 3718 ἐστι
2879 3659 3131 3736 θλίϐειν),
3185 3661 3332 3718 ἀλλά
3382 3664 3725 3738 συμπνίγεις,

2067 3753 2276 3831 ἄγχεις,
2337 3752 2584 3823 αἷκίζεις,
2643 3751 2916 3822 κολάζεις,
2997 3747 3336 3826 ὑπερϐαίνων
3412 3751 3727 3826 εὐμεθόδως

2064 3846 2162 3913 τὴν
2224 3841 2516 3910 θλιπτικήν
2575 3840 2838 3916 ἐνέργειαν
2879 3859 2891 3875 ·
2949 3839 3044 3896 ’ἶνα
3100 3843 3475 3917 συντριπτικὸς
3515 3843 3726 3897 ἀποκα-

2064 3931 2259 3995 ταστὰς
2317 3931 2405 3986 καὶ
2465 3931 2778 4005 ἀπρόσιτος,
2838 3926 2969 4006 ἔχῃς
3009 3935 3127 3992 τοῖς
3174 3928 3481 4007 ἀλλοτρίοι,
3515 3927 3730 4004 ἐμπλα-

2065 4024 2310 4078 τύνεσθαι
2341 4041 2353 4054 ’
2387 4020 2416 4075 ὃ
2473 4017 2539 4089 δὴ
2600 4021 2690 4074 καὶ
2740 4024 2916 4082 ποιεῖς
2967 4019 3154 4096 χάριτι
3204 4027 3303 4090 τῆς
3341 4020 3726 4096 ὑπερογενοῦς

2066 4111 2121 4168 ἐν
2171 4133 2253 4166 σοι
2305 4110 2616 4187 προθέσεως
2653 4127 2666 4141 ·
2720 4108 2809 4163 καὶ
2857 4106 2998 4163 οὕτω
3048 4107 3220 4186 φεύγῃ
3270 4108 3360 4162 καὶ
3408 4109 3510 4178 τήν
3543 4129 3729 4164 στεον-

295 4197 533 4272 χωρίαν,
564 4195 630 4266 ἤν
690 4196 1084 4271 ἔστερξας,τήν
1140 4194 1329 4261 ἂλλως
1389 4200 1481 4271 μὶν
1543 4200 2016 4278 ἀποστενουμὲνην
2069 4201 2122 4259 ἐν
2180 4206 2297 4263 τοῖς
2355 4197 2482 4270 ὧδε,
2542 4197 2631 4254 καὶ
2683 4192 2976 4254 θλίϐουσάν
3013 4194 3403 4274 εὖαγγελικῶς,
3435 4195 3487 4252 ὲν
3523 4194 3581 4252 δὲ
3609 4203 3730 4262 τοῖς

293 4284 404 4339 ἐκεῖ
431 4285 745 4362 ἀνοίγουσαν
789 4285 1130 4362 εὐρυχωρίαν
1163 4283 1579 4360 ἀνεκδιήγητον.

365 4377 454 4430 34.
470 4377 614 4432 Ecce
632 4394 789 4432 nunc
804 4377 965 4433 subit
983 4377 1262 4432 memoria
1275 4379 1641 4449 paupertatis
1661 4397 1776 4435 non
1797 4380 1962 4436 abso-

293 4463 430 4519 lutae
454 4465 607 4521 circa
635 4465 1131 4534 necessaria,sine
1155 4467 1371 4538 quibus
1397 4467 1589 4523 vivere
1621 4485 1736 4525 non
1770 4473 1963 4540 potest

297 4553 716 4626 homo,quiain
732 4573 945 4628 purum
964 4556 1227 4611 animum
1249 4557 1569 4612 monachus
1583 4574 1829 4630 magnus
1845 4576 1958 4613 non

301 4644 622 4702 translatus
639 4650 754 4715 est;
775 4648 876 4702 sed
901 4645 1061 4702 illius
1083 4646 1446 4718 paupertatis
1468 4664 1595 4718 quis
1618 4645 1762 4701 nihil
1785 4647 1962 4703 habet

303 4749 616 4792 commune
647 4752 780 4792 eum
803 4735 1101 4808 superﬂua
1123 4735 1505 4804 abundantia,
1533 4736 1824 4808 siquidem
1855 4752 1960 4792 nec

2141 4377 2244 4436 λδ’.
2277 4380 2484 4452 Μνήμη
2537 4375 2593 4432 δέ
2648 4398 2742 4451 μοι
2793 4375 3160 4454 στενοχωρίας
3215 4376 3466 4451 ἐνταῦθα,
3531 4377 3596 4432 οὗ
3657 4380 3730 4452 τῇ

2069 4467 2310 4537 καθάπαξ
2368 4466 2422 4522 ἐν
2481 4470 2597 4530 τοῖς
2654 4465 2994 4541 ἀναγκαίοις,
3043 4464 3134 4520 καὶ
3192 4462 3265 4521 ὧν
3318 4462 3440 4520 ἄνευ
3490 4463 3589 4519 οὐκ
3615 4460 3732 4521 ἔστι

2074 4558 2224 4633 βιοῦν
2273 4557 2558 4629 ἄνθρωπον
2600 4575 2873 4625 τοιουτον,
2929 4552 3011 4609 ὅτι
3064 4551 3204 4626 μηδὲ
3263 4553 3338 4616 εἷς
3397 4552 3734 4628 αὐτόχρημα

2067 4651 2193 4701 νοῦν
2225 4647 2252 4700 ὁ
2287 4645 2740 4721 μεγαλοσχήμων
2779 4643 3194 4718 μετεσκεύασται
3234 4660 3246 4673 ⁶
3280 4642 3427 4699 ἀλλὰ
3470 4647 3569 4712 τῆς
3612 4645 3734 4698 ἀνε-

2069 4735 2331 4808 πιμίκτου
2388 4739 2469 4806 τῷ
2526 4737 2989 4810 περιουσιαστικῷ
3037 4731 3345 4806 πλατυσμῷ
3377 4753 3390 4766 ·
3447 4732 3559 4788 ἐπεὶ
3611 4732 3733 4791 οὔτε

304 4830 621 4898 paupertas
653 4827 987 4883 absolutam
1017 4824 1403 4898 indigentiam
1436 4825 1639 4894 trahit,
1669 4843 1774 4881 nec
1805 4827 1959 4883 idem

2073 4826 2132 4879 τὸ
2192 4819 2529 4900 πενὸχωρον
2582 4821 2927 4878 ἀνεπίδεκτον
2985 4821 3093 4876 ἐστι
3147 4826 3246 4876 τοῦ
3304 4819 3454 4886 ὅλως
3500 4828 3729 4898 χωρεῖν,

305 4919 396 4970 est
413 4917 472 4972 in
495 4917 788 4990 angustiis
805 4932 935 4972 esse
953 4920 1056 4971 aut
1076 4915 1133 4971 in
1158 4914 1412 4970 deliciis:
1430 4919 1485 4969 et
1506 4915 1636 4971 ideo
1655 4915 1824 4972 multi
1844 4934 1958 4973 non

304 5012 541 5078 egentes
572 5024 860 5080 pauperes
889 5022 1017 5063 esse
1049 5009 1108 5061 et
1151 5003 1263 5060 dici
1311 5011 1582 5077 possunt,
1617 5006 1674 5060 in
1707 5006 1800 5062 his
1832 5025 1957 5080 quae

303 5096 376 5151 ad
411 5097 724 5164 mundum,
759 5101 859 5152 aut
903 5096 972 5151 ad
1007 5099 1276 5150 sanctum
1308 5094 1595 5166 Spiritum
1644 5097 1959 5167 pertinent.

298 5185 519 5243 Similis
539 5191 630 5243 est
651 5187 807 5242 enim
830 5185 974 5242 fonti
996 5184 1116 5241 vita
1138 5201 1443 5256 prospera,
1467 5190 1524 5240 et
1555 5186 1919 5242 abundantia
1945 5203 1956 5241 :

297 5281 354 5332 et
375 5279 878 5349 quemadmodum
900 5292 1078 5348 super
1101 5275 1292 5330 locum
1317 5292 1595 5347 magnum
1613 5281 1669 5331 et
1690 5277 1958 5348 frequen-

294 5372 484 5424 tatum
522 5369 650 5424 fons
679 5384 892 5440 parvus
915 5367 1210 5422 modicum
1233 5371 1463 5436 pratum
1497 5365 1754 5439 irrigans
1787 5366 1963 5420 habet

297 5456 537 5513 inutiles
569 5475 754 5529 aquas
803 5457 1076 5529 exiguas;
1110 5460 1165 5511 et
1207 5460 1411 5510 contra
1459 5455 1508 5509 si
1560 5455 1764 5509 civitas
1815 5453 1962 5509 satis

299 5559 516 5617 magna
546 5552 654 5616 est,
681 5548 990 5602 abundans
1023 5545 1192 5616 aquis
1223 5561 1365 5598 sane
1397 5544 1824 5598 abundantiam
1859 5559 1963 5598 nec

303 5633 376 5690 ad
406 5636 741 5714 necessaria
762 5636 1000 5706 quidem
1023 5633 1373 5706 dissipabit:
1403 5633 1485 5688 sic
1516 5633 1577 5687 in
1610 5632 1963 5690 monasterio

2069 4915 2158 4970 καὶ
2192 4913 2317 4969 οὐδὲ
2347 4914 2537 4968 ταυτὸν
2589 4917 3048 4988 σνενοχωρεῖσθαι
3101 4911 3191 4965 καὶ
3245 4909 3676 4984 ἐμπλατύνεσϐαι
3712 4929 3726 4942 ·

2072 5002 2156 5059 διὸ
2213 5004 2303 5058 καὶ
2358 4999 2466 5058 ἔστι
2524 5000 2772 5064 πολλοὺς
2817 5005 2892 5074 μή
2955 4999 3273 5075 ἀπερίττους
3325 4996 3505 5073 ὄντας,
3579 4999 3724 5072 ὅμως

2071 5093 2622 5169 ἒστενυχωρημένους
2679 5092 2769 5145 καὶ
2822 5093 2954 5145 εἶναι
3005 5089 3093 5144 καὶ
3145 5089 3414 5165 λέγεσθαι,
3467 5089 3556 5144 καὶ
3600 5087 3722 5141 αὐτὸ

2072 5182 2159 5238 ἐπί
2190 5205 2248 5238 τε
2291 5186 2399 5237 τῶν
2442 5186 2539 5236 τοῦ
2570 5182 2802 5255 κόσμου,
2858 5181 2949 5235 καὶ
3002 5184 3136 5251 τῶν,
3171 5180 3292 5234 ὅσοι
3321 5184 3418 5234 τοῦ
3450 5175 3718 5242 θειοτάτου

2073 5273 2406 5346 Πνεύματος.
2469 5274 2653 5327 ’Έοικε
2710 5271 2812 5345 γὰρ
2873 5273 3030 5345 πηγῇ
3079 5291 3187 5324 τινι
3231 5270 3321 5324 καὶ
3375 5269 3401 5322 ὁ
3441 5265 3570 5319 κατὰ
3603 5262 3719 5336 βίον

2072 5363 2363 5436 πορισμὸς,
2419 5361 2507 5416 καὶ
2563 5361 2589 5414 ὁ
2645 5360 2885 5423 ἐντεῦθεν
2938 5353 3362 5434 περιουσιασμὸς
3394 5373 3405 5384 ·
3446 5352 3532 5406 καὶ
3582 5347 3726 5405 ἔστιν

2073 5450 2230 5521 ἰδεῖν,
2265 5451 2369 5520 ὅτι,
2425 5452 2665 5526 καθάπερ
2716 5449 2804 5503 ἐπὶ
2859 5447 3103 5524 μεγάλου
3158 5446 3248 5502 καὶ
3291 5440 3732 5526 πολυανθρώπου

2071 5540 2242 5594 τόπου
2308 5542 2540 5616 βραχεῖα
2589 5525 2776 5614 πηγὴν
2857 5536 2955 5592 οὐκ
3030 5535 3313 5610 ἀξιόλογον
3394 5525 3738 5600 ἐκϐλύζουσα

2076 5624 2352 5704 λιϐάδιον,
2382 5629 2578 5706 ἀχρεία
2608 5627 2719 5684 ἐστὶ
2745 5634 2844 5698 τῆς
2871 5625 3199 5704 ὀλιγότητος
3235 5645 3248 5661 ·
3285 5623 3330 5680 εἲ
3357 5619 3414 5679 δὲ
3443 5642 3548 5677 που
3582 5620 3738 5678 εὐπε-

380 5830 454 5901 (4)
488 5831 654 5901 Apud
686 5835 906 5888 veteres
939 5829 1167 5886 carulei
1197 5828 1351 5884 oculi
1383 5828 1751 5886 habebantur
1782 5834 1846 5886 ut
1875 5828 2045 5902 signa
2071 5827 2300 5892 roboris
2332 5826 2681 5885 animalium
2716 5831 2775 5885 et
2809 5825 3144 5884 hominum.
