4082 6366
453 445 567 503 757

1455 446 1558 503 DE
1605 445 2093 533 EMENDANDA
2139 445 2324 505 VlTA
2368 442 2854 506 MONACHICA.

3747 439 3867 502 758

445 571 746 649 ρίγραπτός
795 594 880 637 τις
959 571 1041 645 εἴη
1122 574 1311 647 κώμη,
1373 571 1698 644 πληθύουσα
1757 572 1964 645 ὕδασιν,
2027 574 2093 636 εἰς

2220 594 2396 650 parvo
2429 576 2657 633 inutilis
2689 579 2777 632 est
2807 574 2991 630 nimia
3049 573 3367 646 possessio,
3427 580 3486 630 et
3539 575 3865 645 praesertim

445 661 600 718 οὐδὲν
678 661 852 733 ἐκείνη
946 665 1227 740 ἀναγκαῖον
1306 662 1553 738 εὐμοιρεῖ
1632 669 1726 719 τοῦ
1814 663 2100 738 πλησμίου

443 751 639 817 ὕδατος
691 786 759 794 -
808 751 952 807 οὕτω
991 753 1078 806 καὶ
1139 752 1228 807 ἐπὶ
1289 753 1654 828 μοναστηρίου
1711 754 1806 827 μὲν
1868 758 2101 830 σμικροῦ

449 844 677 916 μάταιος
736 845 771 911 ἡ
837 840 1155 916 ὑπὲρπλεως
1215 849 1427 911 κτῆσις,
1480 842 1568 896 καὶ
1635 843 1854 916 μάλισθ’
1903 844 1992 898 ὅτε
2049 843 2099 897 οἱ

451 931 770 1005 μονάζοντες
821 931 898 995 εἷς
955 933 1108 987 κενὸν
1167 932 1352 1010 ἀφιᾶσι
1413 935 1754 987 κατακεῖσθαι
1812 934 1873 987 τὸ
1921 953 2102 1009 περιτ-

2210 667 2307 721 ubi
2362 666 2632 722 monachi
2698 665 3061 738 superﬂuum
3095 664 3154 718 in
3185 681 3397 719 vanum
3431 664 3588 719 abire
3622 664 3864 732 sinunt;

2213 756 2578 828 amplissimo
2605 761 2801 812 autem
2835 754 3193 810 monasterio
3226 757 3350 809 tum
3383 753 3676 823 domibus,
3736 758 3864 808 tum

2211 846 2388 901 rebus
2420 847 2601 902 sacris
2627 863 2727 902 eos
2758 845 3146 917 replentibus,
3177 845 3416 915 prodest
3440 860 3654 914 magna
3685 845 3869 898 abun-

2213 936 2438 1007 dantia,
2466 937 2618 992 sicut
2650 953 2863 1008 magno
2894 935 3053 1007 gregi
3080 950 3363 1006 pascuum
3397 934 3726 988 abundans.

445 1019 557 1074 τόν·
597 1020 1020 1096 μεγεθυνομένῳ
1054 1019 1131 1094 δὲ,
1162 1023 1252 1076 καὶ
1285 1025 1348 1079 οὐ
1383 1026 1548 1098 μόνον
1583 1022 1931 1098 οἰκοδομαῖς,
1958 1020 2105 1078 ἀλλὰ
2132 1022 2222 1078 καὶ
2271 1021 2587 1098 πληθύσμῷ
2638 1023 2788 1097 θείῳ,
2821 1023 3042 1094 πολλῆς
3101 1024 3261 1099 χρεία
3314 1029 3416 1093 τῆς
3473 1019 3864 1096 περιττότητος

442 1111 576 1164 καθᾶ
604 1109 693 1164 καὶ
724 1113 898 1184 νομῆς
932 1108 1198 1184 δαψιλοῦς
1231 1113 1458 1189 μεγάλῳ
1488 1115 1755 1189 ποιμνίῳ.

508 1214 604 1274 λε’.
639 1217 738 1272 Καὶ
796 1212 915 1292 ἔχει
970 1239 1056 1280 τις
1115 1217 1382 1294 ὶπιλᾶγειν
1406 1226 1484 1293 τῷ
1547 1221 1640 1294 μὶν
1679 1218 2096 1294 εὐπεριγράπτῳ

436 1305 846 1382 φροντιστηρίῳ
902 1307 967 1361 τὸ
1000 1331 1028 1358 α
1071 1308 1136 1366 Ἡ
1191 1311 1346 1383 πηγή
1410 1330 1496 1364 σοι
1553 1313 1649 1363 τοῦ
1707 1307 1899 1370 ὕδατος
1960 1304 2096 1361 ἔστω

437 1391 569 1464 ἰδία,
626 1395 702 1468 μή
757 1395 1115 1470 παραπίνοντι
1161 1396 1503 1470 κλοπιμαίας
1559 1395 1923 1474 γλυκύτητος,
1960 1420 1987 1447 ››
2016 1397 2095 1468 τῷ

442 1480 500 1538 δὲ
531 1483 997 1559 εὖπεριουσιάσδῳ
1026 1485 1107 1547 εἲς
1143 1481 1456 1561 ὑπερϐολὴν
1509 1487 1571 1541 τὸ
1604 1512 1630 1538 κ
1664 1485 2095 1560 ’Υπερεκχείσθω

434 1574 498 1627 τὸ
526 1572 576 1627 ἐν
616 1574 699 1627 σοὶ
736 1571 881 1647 ὕδωρ
914 1573 1015 1644 ἔξω
1073 1581 1171 1644 τῆς
1228 1582 1500 1653 γραφικῆς
1559 1573 1708 1643 ὁδοῦ,
1745 1599 1774 1626 ››
1806 1575 1858 1629 ἐν
1919 1574 2004 1628 καὶ
2068 1574 2096 1628 ὁ

441 1659 759 1735 Ψαλμῳδὸς
781 1667 851 1737 τῇ
902 1659 1087 1736 ἀϐάτῳ
1134 1665 1220 1718 καὶ
1255 1663 1469 1740 ἀνύδρῳ
1513 1662 1964 1720 ἀντιδιαστέλλει.
1999 1661 2097 1717 Καῖ

445 1751 472 1804 ὁ
499 1752 626 1813 Θεὸς
657 1750 736 1814 εἷς
768 1752 978 1828 ἀμάραν
1011 1751 1323 1829 πολύῤῥουν
1351 1758 1604 1827 τεχνᾶται
1642 1759 1760 1815 τοῖς
1815 1751 2096 1824 δεομένοις

439 1838 652 1915 ἀρδείας
681 1849 996 1912 κανονικῆς·
1030 1843 1128 1910 ὡς,
1163 1842 1208 1896 εἰ
1268 1844 1342 1916 μή
1401 1864 1462 1919 γε
1521 1842 1693 1905 οὕτως
1755 1841 2092 1917 ἐξαπορῥὲειν

437 1929 638 2001 μέλλοι
694 1931 756 1985 τὸ
809 1938 910 2001 τῆς
971 1933 1353 2006 ὑηιρκτήσεωτ
1407 1929 1576 2008 ὕδωρ,
1632 1939 1874 2007 κρεῖττον
1933 1931 1998 2000 ἦν
2059 1930 2093 1998 ἢ

435 2015 580 2091 μηδὲ
607 2021 710 2089 τὴν
744 2021 922 2096 ἀρχὴν
953 2019 1183 2094 θεμέλια
1228 2020 1493 2096 ὀρυγῆναι
1550 2021 1826 2083 τοιαύταις
1873 2017 2094 2075 οἰκοδο-

441 2113 587 2180 μαῖς,
647 2108 684 2178 ἢ
738 2107 886 2165 ἀλλὰ
938 2108 1423 2188 τελεσφορηθείσας
1494 2109 1554 2165 ἐκ
1634 2112 1800 2184 μέσου
1854 2109 2091 2186 γενεσθαι

438 2197 694 2272 ἁρπυίαις
721 2199 812 2253 καὶ
843 2205 1089 2272 σεισμοῖς
1115 2199 1203 2254 καὶ
1237 2201 1368 2273 θείῳ
1397 2200 1548 2276 πυρί.

508 2302 610 2374 λζ’.
644 2305 708 2362 Τί
765 2307 865 2380 γὰρ
917 2307 1141 2378 κτητέον
1201 2306 1291 2361 καὶ
1349 2305 1664 2378 ἐπικτητὲον
1716 2306 1793 2371 εἷς
1849 2308 2090 2382 πονηρὰν

433 2401 624 2464 κτῆσιν
674 2393 800 2457 τοὺς
859 2393 1086 2465 εἰδότας,
1122 2398 1204 2450 ὅτι
1259 2395 1347 2451 καὶ
1403 2403 1474 2472 γῆ
1538 2394 1833 2470 μετάλλοις
1886 2397 2095 2469 τιμίοις

433 2483 751 2539 πλουτοῦσα
780 2485 841 2540 οὐ
871 2487 1087 2560 συνέχει
1142 2485 1280 2541 αὐτὰ
1336 2486 1410 2548 εἰς
1469 2484 1798 2561 ἐνδόμυχον,
1834 2484 1980 2540 ἀλλὰ
2028 2488 2096 2541 τὰ

440 2574 536 2646 μὲν
590 2572 863 2644 ἐπιπολῆς
896 2573 1119 2645 ἐξανθεῖ,
1182 2576 1257 2637 ὡς
1313 2575 1402 2630 καὶ
1457 2574 1738 2651 φαίνεσθαι
1796 2575 1884 2630 καὶ
1943 2575 2096 2629 συνά-

433 2675 624 2738 γεσθαι
658 2663 733 2725 εἰς
764 2671 963 2739 χρῆσιν
999 2668 1164 2734 ζωῆς·
1197 2665 1264 2719 τὰ
1296 2663 1354 2719 δὲ
1381 2664 1605 2740 κρύπτει
1669 2666 1783 2738 μὲν,
1846 2665 2094 2742 ἐμφαίνει

437 2749 496 2805 δὲ
529 2749 740 2813 ’ἄλλως
785 2752 836 2806 ἐν
886 2758 965 2825 τῷ
1013 2756 1592 2830 πολυπραγμονεῖσθαι
1657 2754 1972 2831 βαθύτερον,
2005 2755 2094 2809 καὶ

438 2840 578 2895 οὕτω
627 2837 833 2895 διδόναι
884 2840 1018 2896 αὒτὰ
1077 2842 1470 2916 μεταλλευταῖς
1523 2843 1610 2896 ἐπὶ
1669 2842 1989 2921 οἷκωφελίᾳ,
2042 2844 2094 2898 οἳ

439 2931 574 2984 καθά
630 2951 683 2984 τι
734 2927 866 3004 ὄψον
916 2932 1090 2986 κόπου
1137 2933 1205 2987 τὰ
1253 2930 1519 3007 κερδαλέα
1575 2928 1952 3005 λαμϐάνουσι;
1996 2934 2095 2987 Καὶ

435 3017 645 3074 κοιλίαι
705 3016 761 3073 δὲ
816 3027 942 3094 γῆς,
1006 3019 1199 3083 ὕδατος
1281 3021 1715 3095 μιμεστωμὲναι,
1772 3020 1937 3076 ἄλλαι
2000 3023 2092 3096 μὲν

437 3108 817 3184 ἀνερεύγονται
873 3110 935 3164 τὸ
995 3109 1046 3165 ἐν
1107 3110 1293 3175 αὐταῖς
1356 3110 1522 3166 καλὸν
1584 3111 1659 3174 εἷς
1720 3111 1972 3189 ἐμφανὲς,
2005 3113 2095 3166 καὶ

435 3196 579 3252 οὕτω
639 3200 798 3268 κοινή
858 3198 1164 3262 ἀπόλαυσις
1221 3201 1581 3276 πρόκεινται·
1638 3199 1864 3265 πλείους
1921 3198 1977 3255 δά
2034 3223 2097 3276 γε

439 3285 872 3361 συστελλόμεναι
933 3287 1010 3353 εἷς
1050 3289 1297 3365 κρύφιον,
1331 3296 1445 3352 τοῖς
1494 3291 1840 3366 φρεωρόχοις
1901 3289 2094 3365 ἀρετὴν

431 3375 756 3452 παρέχουσι,
813 3375 1188 3451 δεξιουμένοις
1269 3378 1430 3441 αὐτὰς
1510 3385 1794 3455 τεχνικῶς,
1853 3379 1944 3434 καὶ
2024 3380 2099 3442 εἷς

433 3470 549 3542 φῶς
580 3468 910 3542 προάγουσι.
940 3468 1045 3523 Καὶ
1080 3467 1222 3522 οὕτω
1273 3469 1390 3542 μὲν,
1425 3470 1470 3522 ὧ
1527 3470 1796 3542 ἡμέτεροι
1860 3468 2102 3545 μεγάλου

433 3554 486 3609 ἂν
546 3561 660 3618 τοῖς
694 3554 802 3610 ὧδε
834 3556 1092 3632 μοναχοὶ,
1127 3557 1189 3612 ού
1239 3559 1357 3612 καθ’
1387 3557 1612 3621 ἑαυτοὺς
1677 3558 1862 3631 μέντοι
1912 3558 2102 3622 ἄλλως

437 3639 696 3715 μεγάλοι,
760 3639 906 3699 ἀλλὰ
962 3641 1051 3697 διὰ
1119 3645 1218 3712 τήν
1293 3649 1392 3700 τοῦ
1443 3643 1802 3722 εὐαγγελικοῦ
1859 3644 2098 3722 μεγάλου

431 3729 703 3804 περίθεσιν
733 3735 1040 3807 σχήματος,
1076 3731 1268 3806 ὅμοιον
1303 3731 1360 3788 δὲ
1392 3735 1585 3803 εἰπεῖν,
1627 3733 1717 3789 διὰ
1770 3736 1833 3790 τὸ
1863 3756 2097 3813 προφαι-

429 3815 684 3892 νόμενον,
719 3822 1159 3896 περιουσιαστέον
1218 3822 1309 3878 καὶ
1343 3823 1482 3888 ὑμᾶς
1534 3823 1757 3900 ὕπερθεν
1819 3823 1950 3888 ἴσως
2007 3827 2098 3898 μὲ-

428 3929 584 3984 τρου’
629 3907 819 3974 ἄλλως
876 3908 933 3966 δὲ
997 3912 1097 3968 οὐκ
1157 3913 1239 3969 ἄν.
1273 3915 1593 3988 Προμήθεια
1650 3914 1750 3990 γὰρ
1804 3916 1894 3969 καὶ
1957 3914 2092 3987 μόνη

427 4004 527 4052 τοῦ
592 3997 919 4072 μέλλοντος,
954 4002 1044 4055 καὶ
1102 4000 1237 4071 αὐτὴ
1299 4003 1526 4076 σταθερά
1554 4003 1645 4056 καὶ
1676 4001 1962 4078 θεοφιλὴς,
1996 4005 2096 4072 τήν

427 4093 526 4142 τοῦ
575 4087 975 4159 πλεονάζοντος
1036 4090 1288 4146 ἀπόθεσιν
1350 4096 1589 4162 συνιστᾷ,
1647 4092 1933 4168 χρησίμην
1981 4091 2096 4147 ἐσο-

435 4175 600 4249 μένην
629 4178 718 4232 καὶ
752 4179 1041 4253 ἀναγκαίαν
1091 4178 1141 4234 ἐν
1199 4184 1317 4242 τοῖς
1369 4179 1859 4257 εἷσέπειτα.”οπερ
1914 4179 1964 4236 ἐν
2023 4185 2092 4255 τῇ

437 4266 657 4341 μεγίστῃ
685 4271 794 4322 τῶν
827 4267 1042 4324 πόλεων
1081 4269 1317 4342 μάλιστα
1357 4267 1712 4347 ἐφωράσαμεν
1776 4269 2095 4344 οἰκονομίας

432 4353 588 4431 λόγῳ
645 4358 1153 4434 καταπράττεσθαι·
1218 4357 1355 4413 ὅπου
1412 4359 1756 4414 ἀποτίθενται
1817 4361 1910 4433 μὲν
1959 4360 2094 4415 κατὰ

426 4447 517 4499 καὶ
579 4445 630 4501 ἐν
692 4446 1062 4524 εύαγγελικοῖς
1115 4447 1382 4526 κοφίνοις,
1425 4446 1502 4503 ἔτι
1563 4446 1620 4503 δὲ
1676 4449 1767 4504 καὶ
1819 4449 2088 4526 σπυρίσιν,

427 4531 776 4608 ἐλλείμματα
805 4542 922 4610 Θιῷ
968 4535 1123 4615 φίλα,
1159 4537 1465 4614 εὐλογητοῦ
1523 4540 1690 4616 κόρου
1747 4536 1994 4613 λείψανα·
2025 4539 2089 4593 οὐ

432 4620 772 4681 δαπανῶνται
807 4625 864 4681 δὲ
893 4627 1132 4703 ἀχρείως
1160 4627 1238 4691 εἷς
1273 4626 1426 4684 οὐδὲν
1462 4626 1604 4701 δέον,
1629 4626 1754 4685 ἁλλ’
1784 4627 1873 4683 ὅτε
1901 4630 2090 4704 καιρὸς

2278 1222 2366 1275 35.
2403 1221 2601 1276 Posset
2629 1219 2844 1293 aliquis
2876 1222 2946 1277 de
2976 1239 3150 1293 parvo
3208 1219 3564 1276 monasterio
3622 1218 3813 1272 dicere
3847 1233 3860 1271 :

2208 1333 2235 1359 ‹‹
2290 1310 2502 1366 Fontes
2560 1327 2849 1381 aquarum
2907 1310 3117 1367 habeto
3179 1310 3356 1378 solos,
3418 1325 3536 1363 non
3569 1309 3639 1362 de
3670 1308 3864 1360 furata

2206 1398 2515 1453 dulcedine
2566 1399 2807 1466 bibens;
2846 1421 2874 1447 »
2906 1404 2962 1454 et
2992 1400 3062 1453 de
3089 1399 3340 1454 nimium
3373 1398 3552 1453 divite
3585 1412 3598 1450 :
3633 1417 3661 1445 «
3698 1394 3862 1449 Deri-

2205 1491 2412 1542 ventur
2445 1490 2632 1542 fontes
2661 1487 2745 1542 tui
2781 1493 2942 1542 extra
2973 1494 3188 1543 rectam
3224 1488 3374 1541 viam
3410 1487 3506 1557 (5),
3559 1501 3738 1557 quam
3788 1483 3861 1538 ab

2207 1576 2360 1631 invio
2391 1581 2447 1632 et
2477 1577 2712 1632 sitiente
2743 1576 3050 1648 distinguit
3082 1576 3408 1632 Psalmista.
3443 1576 3519 1630 Iis
3550 1574 3651 1645 qui
3683 1589 3860 1644 regu-

2205 1665 2314 1720 lari
2343 1665 2683 1738 irrigatione
2712 1666 2998 1737 indigent,
3031 1666 3261 1738 largum
3316 1664 3570 1720 rivulum
3635 1679 3857 1734 praepa-

2206 1757 2356 1811 ravit
2384 1756 2539 1811 Deus
2567 1783 2581 1821 ς
2611 1757 2710 1811 ubi
2745 1755 2901 1810 enim
2931 1755 3240 1811 abundans
3302 1771 3456 1825 aqua
3512 1754 3692 1808 ﬂuere
3750 1767 3868 1806 non

2207 1845 2530 1912 debuisset,
2593 1844 2806 1901 melius
2866 1845 3098 1910 fuisset,
3157 1844 3208 1898 si
3266 1861 3300 1897 a
3341 1841 3629 1914 principio
3659 1840 3866 1896 funda-

2206 1939 2407 1990 menta
2433 1933 2744 2006 supposita
2773 1951 2888 1989 non
2921 1934 3194 2001 fuissent,
3229 1932 3314 1988 vel
3348 1932 3397 1988 si
3431 1932 3491 1987 in
3520 1930 3706 1987 altum
3749 1929 3870 1985 ele-

2203 2027 2338 2078 vata
2367 2029 2531 2078 teme
2565 2026 2748 2091 motu,
2782 2026 3136 2094 tempestate
3168 2027 3224 2077 et
3253 2020 3473 2077 caelesti
3500 2020 3635 2092 igne
3673 2019 3868 2074 diruta

2203 2112 2475 2168 fuissent.

2274 2310 2361 2364 36.
2397 2313 2509 2364 Cur
2538 2310 2694 2366 enim
2726 2310 2946 2366 addent
2974 2314 3032 2365 et
3064 2309 3460 2381 superaddent
3506 2307 3566 2362 in
3613 2323 3853 2379 pravam

2204 2400 2660 2471 possessionem,
2715 2416 2832 2455 non
2889 2399 3228 2470 ignorantes
3287 2396 3560 2470 pretiosis
3602 2395 3857 2452 metallis

2202 2492 2418 2543 terram
2454 2490 2698 2545 ditatam
2742 2506 2810 2544 ea
2869 2489 2928 2543 in
2987 2488 3312 2543 visceribus
3367 2504 3483 2542 non
3543 2486 3859 2555 recludere,

2206 2579 2324 2633 imo
2355 2580 2622 2650 quaedam
2656 2579 3016 2633 extrinsecus
3049 2577 3307 2649 pateﬁeri
3341 2577 3550 2647 solere,
3583 2593 3713 2648 quae
3745 2592 3865 2630 ma-

2206 2667 2562 2723 nifestantur
2593 2673 2648 2723 et
2678 2669 2737 2722 in
2772 2685 2946 2723 usum
2978 2668 3107 2722 vitae
3147 2667 3535 2737 colliguntur;
3592 2666 3863 2736 quaedam

2204 2774 2339 2813 vero
2371 2763 2585 2829 tegere,
2618 2762 2675 2812 et
2732 2757 2902 2812 aliter
2961 2758 3239 2828 proferre,
3303 2756 3536 2827 quando
3594 2755 3862 2810 funditus

2205 2846 2506 2914 evertitur,
2531 2861 2713 2917 eaque
2747 2847 3054 2916 profutura
3083 2844 3452 2900 universitati
3483 2843 3712 2898 tradere
3747 2859 3864 2897 me-

2206 2935 2441 3001 tallicis,
2477 2936 2575 3007 qui
2605 2952 2674 2990 ea
2703 2934 2867 2990 lucra
2897 2952 3000 3007 pro
3059 2933 3433 2989 condimento
3490 2931 3708 2988 laboris
3767 2933 3862 2986 sui

2207 3023 2582 3095 percipiunt?
2637 3025 2707 3080 Et
2762 3025 2984 3080 viscera
3043 3028 3205 3079 terra:
3248 3039 3405 3094 aqua
3435 3021 3656 3092 repleta
3685 3022 3859 3076 modo

2206 3113 2425 3168 bonum
2458 3131 2632 3168 suum
2683 3115 2754 3168 ad
2799 3118 2963 3168 extra
3018 3113 3404 3184 profundunt,
3464 3115 3521 3166 et
3569 3110 3864 3166 universis

2207 3208 2476 3274 prosunt,
2536 3208 2592 3257 et
2637 3203 2847 3273 saepius
2900 3218 3029 3258 eam
3071 3202 3128 3256 in
3160 3199 3504 3256 abscondito
3535 3199 3662 3255 loco
3697 3199 3864 3255 colli-

2212 3297 2380 3363 gunt,
2415 3292 2888 3363 fodientibusque
2943 3292 3084 3346 dant
3141 3289 3457 3345 utilitatem
3514 3306 3684 3345 suam
3743 3293 3866 3344 arte

2212 3381 2486 3436 haustam
2548 3387 2606 3436 et
2656 3382 2971 3436 adductam
3007 3381 3080 3435 ad
3110 3379 3322 3435 lucem.
3358 3379 3573 3434 Eodem
3605 3378 3800 3448 modo,
3833 3394 3866 3432 ο

2212 3470 2506 3538 monachi,
2540 3469 2700 3525 hisce
2732 3470 2908 3526 rebus
2942 3470 3163 3540 magni,
3191 3485 3306 3524 non
3340 3472 3532 3524 tamen
3582 3483 3686 3540 per
3742 3483 3868 3522 vos-

2211 3560 2496 3632 metipsos
2556 3559 2779 3630 magni,
2837 3559 2938 3614 sed
2988 3576 3054 3614 eo
3088 3559 3241 3628 quod
3270 3573 3545 3630 magnam
3579 3555 3868 3627 evangelii

2209 3649 2459 3704 formam
2492 3648 2794 3717 induistis,
2829 3648 2997 3720 quasi
3029 3647 3258 3703 dicatur
3289 3664 3358 3702 ex
3386 3663 3453 3702 eo
3485 3646 3641 3718 quod
3687 3662 3866 3717 appa-

2208 3743 2318 3808 ret,
2349 3738 2510 3794 vobis
2541 3739 2688 3794 t'orte
2718 3754 2900 3808 supra
2946 3737 3187 3792 modum
3249 3735 3675 3791 abundandum
3734 3737 3862 3800 est;

2209 3827 2322 3882 alio
2356 3827 2549 3895 modo,
2581 3827 2844 3882 minime.
2877 3826 3009 3881 Sola
3039 3825 3196 3880 enim
3231 3823 3598 3896 providentia
3636 3829 3862 3893 tempo-

2207 3916 2289 3972 ris
2320 3916 2501 3972 futuri
2533 3933 2718 3987 eaque
2749 3920 3030 3970 constans
3059 3920 3116 3969 et
3145 3913 3420 3984 religiosa
3438 3913 3677 3968 divitem
3698 3912 3866 3966 docet

2207 4021 2486 4077 seponere
2517 4007 2673 4076 quod
2706 4003 2847 4058 utile
2877 4009 2935 4058 et
2964 4003 3362 4059 necessarium
3396 4002 3507 4058 erit
3555 4002 3616 4055 in
3675 4004 3864 4072 poste-

2205 4111 2359 4149 rum.
2421 4096 2607 4159 Quam
2643 4092 3145 4164 dispensationem
3177 4093 3236 4146 in
3269 4090 3529 4147 maxima
3558 4089 3862 4146 civitatum

2204 4183 2531 4255 praesertim
2559 4182 2821 4237 vidimus
2851 4181 3121 4250 exerceri,
3154 4222 3177 4249 ι
3186 4180 3285 4234 ubi
3346 4183 3746 4250 responuntur
3800 4177 3863 4232 in

2203 4271 2480 4327 canistris
2539 4269 2914 4342 evangelicis,
2976 4285 3041 4325 ac
3071 4269 3129 4323 in
3165 4267 3382 4340 sportis
3409 4269 3741 4340 fragmenta
3772 4282 3862 4321 re-

2203 4361 2503 4417 manentia
2533 4365 2592 4416 et
2621 4359 2736 4415 Deo
2768 4363 2956 4431 grata,
2989 4363 3166 4430 atque
3195 4357 3458 4428 reliquiae
3490 4355 3864 4411 abundantiae

2201 4450 2543 4506 benedictae.
2575 4449 2704 4505 Haec
2736 4448 3178 4513 inutiliter,non
3213 4450 3457 4519 urgente
3485 4444 3856 4513 necessitate,

2201 4559 2319 4596 non
2378 4541 2741 4606 dividuntur,
2803 4539 2906 4595 sed
2963 4554 3097 4594 cum
3160 4537 3300 4592 ades
3357 4541 3593 4608 tempus
3653 4535 3858 4591 distri-

2197 4630 2440 4702 buendi,
2502 4629 2744 4685 collecta
2798 4627 2996 4684 omnia
3023 4626 3454 4683 exhauriuntur
3482 4625 3602 4682 sive
3633 4625 3705 4680 ad
3738 4625 3860 4680 ani-

429 4713 645 4771 καλὲσει
704 4713 966 4788 δαπάνης,
1027 4716 1404 4790 ἐξαντλοῦνται
1460 4719 1528 4772 τὰ
1581 4717 1907 4793 συνηγμέναι
1943 4715 2081 4772 ὥστε

2208 4737 2320 4776 nas
2349 4719 2649 4776 famelicas
2685 4719 2944 4790 panibus
2969 4718 3344 4786 saturandas,
3375 4720 3446 4772 ad
3480 4716 3678 4771 cibum
3705 4719 3854 4770 tem-

429 4804 464 4874 ἢ
496 4806 676 4880 ψυχὰς
711 4808 978 4869 πεινώσας
1027 4805 1308 4879 ἐμπλῆσαι
1360 4805 1559 4883 ἄρτων,
1593 4809 1682 4862 καὶ
1743 4807 1794 4862 ἐν
1846 4809 2080 4884 ἡμέραις

428 4896 694 4970 χορτάσαι
755 4894 946 4970 λιμοῦ,
1006 4896 1042 4966 ἢ
1099 4898 1235 4951 κατᾶ
1281 4895 1672 4971 αἰχμαλωσίας
1735 4897 1948 4973 ῥυῆναν
2010 4898 2084 4960 ὡς

426 4984 735 5059 παρασύραι
784 4987 877 5060 μὲν
937 4987 1074 5041 κατὰ
1129 4983 1477 5055 δουλώσεως,
1529 4987 1968 5056 ἀποκαταστῆσαι
2027 4984 2084 5041 δὲ

424 5071 552 5136 τοὺς
598 5074 1134 5150 ήχμαλωτισμὲνους
1183 5076 1257 5139 εἷς
1302 5077 1365 5132 τὸ
1416 5073 1808 5152 ἐλευθέριοψῆ
1869 5077 2082 5133 ἀντικα-

423 5170 686 5234 ταστῆναι
734 5165 924 5242 χρόνῳ
973 5161 1254 5242 ἐγχανόντι
1311 5167 1446 5222 κατὰ
1489 5173 1588 5236 τῆς
1622 5173 1812 5242 μονῆς,
1845 5168 1881 5238 ἢ
1941 5166 2083 5223 ἄλλο

426 5271 479 5306 τι
511 5253 760 5330 ἐνάρετον
802 5255 1254 5330 καταπράξεσθαι.

498 5359 597 5431 λζ’.
623 5363 876 5436 Τοιούτῳ
908 5358 965 5417 δέ
989 5382 1095 5417 τινι
1129 5360 1280 5440 λόγῳ
1313 5360 1445 5438 δίχα
1473 5361 1699 5419 πολλῶν
1766 5359 1978 5431 ἄλλων,
2017 5360 2086 5419 δι’
2119 5426 2122 5428 ,

429 5451 505 5506 ὧν
564 5452 633 5508 τὰ
688 5453 824 5509 κατὰ
876 5454 1082 5527 κόσμον
1141 5451 1469 5521 συνίσταται,
1517 5455 1608 5508 καὶ
1673 5456 1754 5525 τῷ
1814 5457 2084 5527 Δαυϊτικῷ

500 5654 576 5726 (5)
609 5655 1205 5739 Nescim‘usquonam
1267 5654 1726 5739 Scripturarumn
1759 5652 2077 5739 eaemplari

429 5741 576 5799 usus
605 5727 685 5782 sit
713 5726 1097 5799 Eustachius;
1132 5727 1217 5783 sic
1240 5727 1407 5799 enim
1434 5726 1655 5799 habent
1694 5726 2080 5799 Septuaginta

430 5796 504 5853 ad
529 5795 688 5855 hunc
718 5803 912 5856 locum
941 5816 955 5857 :
988 5821 1018 5852 ιι
1041 5795 1206 5857 Prov.
1237 5797 1308 5866 V,
1341 5797 1408 5854 17
1440 5813 1454 5854 :
1489 5798 1638 5856 Fons
1664 5795 1828 5870 aquae
1858 5795 1972 5854 tuis
2002 5796 2081 5854 sit

2193 4826 2331 4882 pore
2364 4810 2558 4878 famis,
2591 4809 2712 4865 sive
2743 4808 2814 4863 ad
2847 4807 3210 4879 erogandum
3243 4803 3508 4877 captivis,
3534 4803 3693 4860 verbi
3724 4819 3851 4874 gra-

2191 4901 2295 4967 tia,
2324 4900 2390 4955 ad
2417 4899 2738 4954 minuenda
2767 4896 2924 4952 mala
2955 4896 3331 4967 captivitatis,
3364 4895 3435 4950 ad
3458 4909 3656 4949 servos
3681 4891 3854 4948 liber-

2192 4992 2308 5044 tate
2357 4988 2684 5056 donandos,
2716 4989 2818 5041 aut
2857 4985 2928 5040 ad
2958 4984 3422 5040 subveniendum
3479 4982 3840 5039 monasterio

2194 5078 2436 5150 penuria
2468 5076 2832 5144 adveniente,
2857 5075 2977 5132 sive
3007 5076 3080 5132 ad
3112 5074 3272 5131 aliud
3305 5074 3444 5146 quid
3475 5074 3694 5130 bonum
3726 5089 3852 5144 per-

2193 5167 2535 5225 ﬁciendum.

2266 5365 2354 5421 37.
2391 5365 2604 5420 Eadem
2636 5363 2882 5432 ratione,
2915 5363 3152 5419 omissis
3183 5361 3385 5418 multis
3443 5361 3573 5416 aliis
3633 5359 3851 5432 quibus

2197 5456 2508 5511 mundana
2540 5471 2632 5511 res
2665 5459 2968 5528 reguntur,
3001 5454 3061 5508 in
3091 5453 3368 5509 thesauro
3399 5451 3634 5508 Davidis
3663 5450 3852 5507 multa

2189 5654 2296 5710 tibi
2353 5655 2649 5726 proprius,
2702 5675 2731 5705 ››
2763 5657 2820 5710 et
2856 5675 2877 5703 α
2913 5654 3024 5710 ίϐε
3089 5652 3217 5709 Non
3276 5651 3843 5724 supereﬂ‘undantur

2187 5727 2296 5782 tibi
2326 5743 2489 5799 aquae
2517 5731 2685 5784 tuum
2717 5728 2957 5784 fontem.
2989 5747 3018 5775 »
