4082 6396
359 457 473 516 ’161

1379 459 1481 517 DE
1531 456 2018 516 EMENDANDA
2065 455 2252 518 VITA
2299 456 2777 518 MONACHICA.

3658 461 3783 520 762

361 607 533 663 πιμαο
575 589 650 652 ὡς
679 584 740 642 ἂι
774 585 915 643 οὕτω
965 590 1051 644 καὶ
1087 588 1236 666 ῥίζας
1297 589 1586 664 άπλώσῃς,
1639 587 1706 644 δι’
1758 591 1829 644 ὧν
1877 587 2020 644 ἔσται

2139 594 2197 646 et
2252 592 2430 647 etiam
2489 592 2676 649 instar
2731 593 3008 649 arborum
3068 597 3303 665 propter
3360 594 3584 649 fructus
3641 610 3782 649 suos

365 701 451 735 σοι
481 680 544 734 τὸ
605 674 774 740 θάλος
837 676 1103 749 διηνεκὲς,
1143 678 1233 733 καὶ
1285 678 1359 741 εἷς
1390 677 1629 754 πρέμνον
1666 676 1956 755 ἀδρυνθῇς·
1990 680 2019 734 ὅ

365 768 455 825 καί
527 764 882 846 παραφυάδας
956 769 1168 846 εὐφυεῖς
1241 768 1620 841 ἀναθηλήσει,
1703 769 2022 846 ἀνθρώπους

370 855 585 929 δηλαδὴ
618 859 717 926 τήν
771 859 868 926 σὴν
920 857 1114 934 ἀρετὴν
1168 857 1486 930 ζηλοῦντας,
1536 860 1625 914 καὶ
1675 858 1818 914 οὕτῶ
1869 858 2020 936 στερ-

373 949 483 1025 ῥῶς
540 947 995 1024 παραπεφυκότας
1044 969 1153 1021 σοι,
1205 948 1294 1003 καὶ
1349 946 1585 1023 στελέχη
1632 947 1879 1004 ἀνατελεῖ
1932 948 2022 1004 καὶ

370 1035 604 1098 κλάδους
635 1036 752 1091 καὶ·
784 1033 1050 1109 ὄρπηκας·
1112 1038 1203 1091 καὶ
1253 1036 1446 1100 αὐτοὺς
1496 1038 1632 1100 τέως
1689 1040 1783 1112 μὶν
1844 1039 2021 1092 ἄνθεσι

375 1126 636 1202 βρόοντας
666 1131 782 1187 τοῖς
812 1131 909 1181 τοῦ
965 1131 1176 1201 καρποῦ
1219 1125 1579 1204 προδρόμοις,
1631 1126 1682 1182 ἐν
1735 1125 1793 1182 δὲ
1850 1131 2024 1203 καιρῷ

368 1221 846 1291 καρπογονοῦντας
895 1218 962 1271 τὰ
1029 1219 1278 1292 ψυχικῶς
1324 1219 1587 1296 τρόφιμα·
1645 1219 1717 1272 ὧν
1770 1215 1836 1288 δὴ
1891 1216 2022 1272 πάν-

362 1327 470 1361 των
533 1304 817 1378 ἐστέρηται
874 1306 941 1360 τὰ
1000 1308 1139 1379 μήτε
1201 1308 1413 1382 παγίως
1469 1308 1544 1370 εἰς
1601 1307 1765 1383 βάθος
1841 1307 2025 1384 ῥιζού-

371 1417 540 1469 μενα,
620 1397 760 1468 μήτε
831 1395 907 1458 εἷς
975 1393 1111 1469 ὕψος
1181 1393 1555 1470 ἀναϐαίνοντα,
1616 1398 2026 1473 προστετηκότα

369 1483 428 1540 δὲ
483 1487 552 1557 τῇ
610 1485 747 1539 κατά
801 1487 902 1558 γῆν
961 1481 1132 1561 ἔρψει.
1186 1486 1281 1542 Ὧν
1345 1487 1616 1565 ἐκφεύγων
1677 1487 1768 1542 τὸν
1832 1486 2021 1558 ζῆλον,

367 1576 412 1630 ὧ
447 1574 678 1648 μοναχὲ,
716 1570 856 1646 μηδὲ
889 1573 950 1628 σὺ
1001 1570 1149 1646 ἕρπε,
1183 1576 1311 1630 ὡσεὶ
1341 1576 1432 1630 καὶ
1489 1571 1747 1651 τρίϐολος
1777 1578 2026 1652 ἀχρειοῦ-

372 1685 438 1718 σα
489 1664 553 1718 τὸ
611 1669 754 1726 θεῖον
807 1665 1103 1738 κήπευμα,
1167 1669 1359 1737 μενοῦν
1416 1687 1477 1742 γε
1537 1664 1676 1739 μηδέ
1735 1667 1870 1721 κατά
1923 1668 2023 1735 τήν

371 1751 666 1828 κάππαριν,
726 1753 794 1822 ἧς
853 1751 898 1806 εἰ
955 1754 1042 1808 καὶ
1104 1752 1341 1829 χρηστοὶ
1393 1754 1528 1830 πρὸς
1591 1756 1788 1830 βρῶσιν
1850 1757 1902 1810 οἱ
1931 1755 2026 1809 κό-

373 1836 596 1915 ρυμϐοι,
657 1841 745 1897 καί
793 1863 898 1896 που
931 1842 1020 1896 καὶ
1050 1843 1117 1896 τὰ
1172 1840 1332 1918 ἄκρα,
1366 1842 1541 1917 ὅμως,
1575 1845 1658 1906 οἷς
1691 1845 2024 1915 ήκάνθωται,

369 1926 714 2006 ἀπρόσϐατός
748 1931 857 1986 ἐστι
888 1929 977 1986 καὶ
1018 1930 1151 2002 αὐτὴ
1211 1938 1326 1995 τοῖς
1389 1933 1464 2005 μή
1523 1936 1711 1996 καλῶς
1765 1930 2025 1988 ὑποδεδε-
2060 1973 2107 2038 Β

420 2020 430 2038 1
645 2021 658 2038 .
742 2022 754 2038 ι
977 2020 989 2038 1
1121 2020 1176 2038 ..κ
1213 2026 1240 2036 ..
1330 2024 1388 2038 ..η
1494 2023 1555 2038 ηι.
1657 2022 1670 2038 .
1715 2024 1737 2038 η
1858 2027 1884 2037 ..
2010 2023 2025 2038 .

371 2020 555 2094 μένοις
616 2021 690 2083 εἰς
741 2020 1053 2095 ἑτοιμασίαν
1115 2020 1265 2079 ὁδοῦ.
1330 2023 1594 2076 Ἐνταῦθα
1654 2022 1888 2095 ἐνθυμοῦ
1937 2023 2027 2078 καὶ

369 2109 452 2165 ὅτι
497 2111 670 2184 νόμος
727 2112 1028 2186 γεωργικὸς
1102 2108 1465 2186 παραδέδοται
1517 2117 1596 2184 τῷ
1652 2111 1868 2167 πλείονι
1931 2113 2024 2186 μὲν

362 2197 616 2263 ’ίστασθαι
690 2201 752 2254 τὸ
812 2202 976 2278 φυτὸν
1039 2199 1448 2276 ἐγκεχωσμὲνον
1522 2204 1591 2274 τῇ
1646 2205 1718 2276 γῇ
1745 2244 1759 2272 ,
1831 2206 1911 2274 τῶ
1970 2199 2028 2257 δὲ

371 2287 638 2358 ἐλάττονι,
695 2292 981 2358 κινεῖσθαι,
1040 2291 1114 2353 ὡς
1180 2289 1241 2344 ἂν
1305 2288 1448 2344 οὕτω
1505 2297 1608 2360 τῆς
1667 2292 1872 2366 μητρὸς
1925 2298 2027 2366 γῆς

374 2377 644 2432 ἀπολαῦον
707 2378 785 2442 εἰς
843 2377 1151 2453 πλήσμιον,
1213 2374 1477 2454 ἀναϐαίνῃ
1539 2376 1720 2454 ὄρθιον
1768 2379 2024 2458 ἀσφαλῶς

373 2466 460 2522 ἐπὶ
512 2473 720 2544 καρποῦ
777 2467 1088 2545 ἐπαγγελίᾳ,
1153 2470 1480 2545 Προσμένων
1539 2467 1630 2524 οὗν
1690 2469 1780 2525 καὶ
1839 2470 2022 2539 αὐτὸς,

369 2555 460 2610 καὶ
493 2557 567 2620 ὡς
625 2559 738 2611 οἷον
771 2556 1242 2634 ὶγκατορυγμὲνος
1278 2557 1356 2620 εἷς
1386 2564 1487 2633 γῆν
1548 2562 1616 2632 τῇ
1649 2562 1755 2613 τῶν
1790 2557 1889 2631 ἐξω
1921 2557 2024 2629 λή-

371 2657 461 2720 θὩν
503 2646 592 2700 καὶ
641 2645 985 2722 ῥιζούμενος,
1039 2641 1293 2702 ἀνάϐαινε
1339 2653 1418 2720 τῷ
1467 2649 1583 2703 κατ’
1635 2649 1830 2723 ἀρετὴν
1880 2647 2023 2722 ὕψεῆ

366 2734 454 2789 καὶ
485 2735 628 2790 οὕτω
657 2734 922 2812 τεχνάζου
958 2734 1120 2810 βάθος
1179 2741 1339 2792 τοῦτο
1382 2737 1470 2791 καὶ
1525 2736 1660 2811 ὕψος
1719 2736 2023 2812 θεάρεστον,

374 2819 580 2898 μόνιμα
608 2826 824 2888 πάντως
853 2826 941 2881 καὶ
973 2826 1127 2883 αὐτά.

444 2935 514 3007 μ’.
548 2934 616 2991 Τί
648 2937 747 3009 γὰρ
801 2934 1146 3013 γελοιότερον
1191 2940 1289 2991 τοῦ
1331 2939 1429 3007 τήν
1485 2937 1578 3011 μὲν
1630 2939 1808 3014 ἀρχὴν
1869 2937 2026 2993 ἐκπε-

373 3028 632 3090 τασθῆναι
684 3028 792 3079 τῶν
847 3026 984 3080 κατά
1039 3027 1139 3095 τὴν
1211 3023 1377 3081 πόλιν
1437 3021 1726 3101 διατριϐῶν
1762 3070 1776 3096 ,
1828 3027 1916 3082 καὶ
1974 3027 2022 3101 ἐξ

369 3111 670 3191 ὀφθαλμῶν
730 3115 975 3190 γενέσθαι
1054 3113 1242 3189 φιλίας
1322 3117 1554 3187 ἀπάσης,
1621 3123 1721 3186 τῆς
1778 3138 1837 3172 τε
1891 3117 2026 3172 κατά

369 3203 679 3277 συγγένειαν
725 3205 815 3259 καὶ
867 3204 1090 3275 λοιπῆς,
1143 3207 1229 3260 καὶ
1279 3206 1483 3281 ἀρετῶν
1534 3201 1649 3281 ὄρει
1695 3201 2020 3282 προσϐῆναι,

367 3291 458 3346 καὶ
537 3295 832 3364 ζητεῖσθαι,
907 3295 998 3348 καὶ
1079 3295 1152 3368 μὴ
1215 3293 1572 3370 εὑρίσκεσθαι,
1637 3295 1771 3368 μετά
1826 3292 1884 3350 δὲ
1940 3318 2026 3368 μι-

372 3381 500 3457 κρὸν
561 3381 892 3453 ἐπανελθεῖν,
945 3385 1032 3438 καὶ
1094 3383 1376 3459 εὑρεθῆναι
1423 3389 1542 3445 τοῖς
1603 3384 1796 3457 μηκέτι
1832 3385 2024 3454 ζητοῦ-

373 3491 479 3539 σιν,
540 3468 668 3526 ἀλλ’
697 3471 1102 3551 ἐκφροντίσασιν
1129 3491 1143 3542 ;
1173 3474 1305 3547 Ὀψὲ
1369 3473 1484 3546 μὲν,
1522 3474 1566 3526 ὧ
1616 3474 1794 3541 οὗτος,
1852 3473 2028 3544 ἀπῆλ-

376 3572 464 3624 θες
506 3560 580 3624 ὠς
637 3560 723 3616 ἐπὶ
787 3562 1060 3635 μετανοίᾳ·
1118 3561 1260 3638 ταχὺ
1321 3559 1378 3617 δὲ
1433 3561 1733 3633 ἐπανῆλθες
1794 3564 2028 3637 μετάμε-

376 3648 492 3713 λος·
554 3649 866 3726 ἀνέκαμψας
919 3657 1118 3721 κακῶς,
1191 3651 1310 3706 ὅθεν
1372 3652 1754 3730 συμφερόντως
1813 3648 2024 3731 ἔφυγες.

371 3738 492 3815 Οὐχ
521 3737 693 3803 οὕτως
746 3739 874 3797 οὐδὲ
927 3744 1116 3805 στατϐς
1147 3740 1336 3812 ἵππος,
1385 3743 1687 3814 ἀκοστήσας
1743 3741 1830 3798 ἐπὶ
1887 3741 2026 3819 φάτι-

368 3850 460 3903 νῃ,
529 3830 618 3884 καὶ
677 3832 1083 3908 φαντασάμενος
1134 3833 1308 3906 νομὰς
1366 3833 1605 3896 παλαιὰς
1649 3833 1739 3887 καὶ
1794 3829 2020 3907 λουτρὰ,

371 3920 456 3980 οἷς
507 3918 773 3997 ἐναθόρων
827 3917 1037 3992 ἔϐοσκε,
1097 3923 1160 3978 τὸ
1204 3929 1303 3993 τῆς
1362 3921 1651 3996 ἐπιθυμίας
1682 3920 1908 3998 ἄλογον,
1957 3922 2025 3977 τὰ

369 4005 544 4081 δεσμά
601 4009 787 4085 ῥήξας,
848 4017 961 4067 εκεῖ
1016 4011 1224 4089 τρέχει,
1285 4009 1410 4067 ὅποι
1454 4012 1544 4068 καὶ
1601 4013 1796 4087 πρώην
1851 4011 2027 4086 ἐνέμε-

364 4117 450 4155 το.
510 4098 752 4174 Ἀγνοεῖν
804 4097 986 4165 ἔοικας
1018 4144 1032 4172 ,
1083 4103 1128 4154 ὦ
1187 4099 1406 4179 ἀδελφὲ,
1467 4100 1548 4156 ὅτι
1607 4102 1709 4170 τὴν
1769 4101 2018 4176 θεωρίαν,

316 4204 321 4212 ·
368 4186 428 4253 ἢν
488 4191 702 4264 συνάγει
757 4191 785 4244 ὁ
843 4190 1156 4265 καταμόνας
1230 4188 1444 4263 ὁμιλῶν
1514 4194 1652 4263 Θεῷ,
1717 4189 2016 4246 ἀπόλλυσιν

371 4274 542 4349 αὖθις,
597 4277 685 4334 ὅτε
735 4286 836 4349 τῆς
893 4282 1092 4358 ἀγορᾶς
1149 4280 1387 4355 γένηται·
1439 4280 1527 4334 καὶ
1590 4278 1674 4334 ὅτι
1705 4280 2018 4358 ἐκκρούεται

369 4365 776 4445 ἡήσυχαστικὴ
812 4372 1004 4444 μνήμη
1061 4367 1149 4426 διὰ
1189 4373 1290 4440 τῆς
1327 4375 1619 4444 κοσμικῆς,
1682 4372 1772 4426 καὶ
1832 4372 1906 4434 ὡς
1965 4371 2017 4426 ἐν

364 4457 796 4534 ἀντιπεριστάσει
851 4461 958 4515 τινὶ
1020 4459 1194 4516 ἐκεῖνα
1262 4461 1355 4535 μὲν
1413 4460 1480 4516 τὰ
1559 4458 1617 4514 ἐκ
1688 4465 1784 4515 τοῦ
1860 4456 2019 4537 ὄρους

363 4550 776 4620 πνευματικάηὸ
822 4545 1056 4612 καταϐὰς
1131 4552 1373 4621 ἀσκητὴς
1421 4548 1569 4605 κάτω
1627 4551 1866 4627 ἀφίησι,
1921 4572 2018 4606 κα-

371 4638 554 4707 μήλου
603 4635 757 4710 δίκην
809 4639 1148 4713 ἀποθέμενος
1202 4639 1336 4695 αὐτά
1385 4637 1455 4695 δι’
1517 4640 1901 4709 ὑποπτώσεως,
1953 4639 2020 4695 τὰ

2135 680 2502 753 dilectarum,
2537 687 2600 736 ut
2640 682 2725 738 sic
2778 682 3006 738 radices
3055 682 3169 738 tale
3219 683 3627 738 diffundantur
3655 699 3782 754 quae

2135 775 2474 844 perpetuam
2509 776 2753 828 causent
2783 772 3163 838 viriditatem,
3196 781 3248 827 et
3271 777 3517 828 truncus
3549 773 3781 828 robore-

2134 862 2356 933 tur,qui
2381 863 2618 917 frutices
2645 861 2864 918 fertiles
2883 862 3491 935 germinabit,scilicet
3512 862 3784 918 homines

2132 953 2245 1005 tum
2278 951 2511 1006 virtutis
2543 951 3109 1024 aemulatores,juxla
3141 957 3193 1007 te
3225 953 3775 1021 assurgentes,refe-

2134 1044 2326 1095 rentes
2354 1044 2590 1096 truncos
2643 1046 2700 1096 et
2748 1058 2944 1097 ramos
2992 1045 3050 1097 et
3099 1040 3372 1108 frutices;
3409 1045 3584 1111 atque
3616 1039 3653 1093 ii
3687 1056 3786 1112 po-

2136 1134 2261 1186 stea
2292 1147 2448 1185 nunc
2480 1130 2649 1186 ﬂores
2692 1132 2988 1186 fructuum
3039 1131 3350 1202 signiferos
3400 1131 3595 1197 edent,
3627 1145 3785 1185 nunc

2133 1221 2364 1276 fructus
2397 1220 2467 1275 ad
2501 1220 2760 1276 animam
2794 1221 3170 1276 nutriendam
3214 1219 3648 1291 germinabunt.
3683 1218 3784 1274 His

2133 1310 2311 1366 rebus
2343 1310 2618 1366 omnibus
2653 1311 2958 1381 privantur
2988 1311 3226 1366 arbores
3257 1326 3382 1381 quae
3426 1325 3531 1364 nec
3563 1308 3783 1363 solidas

2134 1401 2361 1454 radices
2385 1404 2567 1471 agunt
2597 1401 2656 1454 in
2688 1399 3094 1470 imum,neque
3124 1401 3193 1454 ad
3215 1398 3422 1454 caelum
3439 1401 3782 1468 assurgunt,

2135 1491 2326 1562 magis
2357 1506 2490 1546 vero
2551 1491 2622 1545 ad
2682 1491 3005 1560 rependum
3060 1489 3225 1544 huini
3282 1495 3420 1543 sunt
3454 1487 3778 1542 destinatas.

2135 1579 2288 1642 Quas
2321 1579 2442 1635 noli
2474 1579 2760 1645 aemulari,
2795 1596 2825 1634 ο
2854 1577 3159 1647 monache,
3204 1578 3369 1632 humi
3412 1578 3688 1649 rependo,
3724 1579 3786 1631 ut

2133 1668 2392 1724 tribulus
2420 1668 2521 1741 qui
2553 1667 2908 1740 optimorum
2941 1668 3166 1722 olerum
3200 1665 3514 1721 utilitatem
3549 1665 3781 1731 adimit;

2137 1774 2241 1813 nec
2271 1758 2448 1813 etiam
2482 1757 2718 1830 cappari
2737 1756 3329 1829 equiparatur,cujus
3359 1754 3508 1810 rami
3541 1759 3597 1810 et
3618 1771 3787 1810 sum-

2136 1848 2371 1904 mitates
2393 1849 2462 1903 ad
2484 1848 2838 1902 vescendum
2859 1847 3032 1902 utiles
3045 1851 3184 1901 sunt
3203 1861 3216 1900 :
3236 1850 3292 1900 et
3309 1861 3561 1916 quorum
3588 1847 3786 1898 tamen

2136 1938 2324 2010 spinis
2344 1954 2550 2009 aspera
2577 1936 2704 1992 loca
2726 1936 2936 1992 calcari
2957 1953 3070 1992 non
3097 1940 3409 2007 possunt,a
3423 1935 3646 1989 viatore
3668 1931 3784 1988 cal-

2139 2029 2458 2084 ceamentis
2478 2028 2671 2083 itineri
2705 2028 2932 2082 idoneis
2965 2044 3076 2082 non
3109 2025 3786 2097 instructo.Cogitahano

2136 2117 2321 2190 legem
2352 2117 2622 2189 agricolis
2657 2117 2854 2172 datam
2887 2133 2899 2170 :
2936 2116 3142 2172 sistere
3190 2114 3491 2170 meliorem
3553 2129 3783 2169 ramum

2137 2211 2303 2263 terrae
2336 2207 2589 2262 inditum
2624 2223 2637 2274 ;
2672 2207 2957 2262 minorem
2984 2209 3180 2261 autem
3212 2205 3450 2272 moveri,
3484 2208 3550 2258 ut
3579 2219 3644 2258 eo
3664 2219 3785 2258 mo-

2138 2297 2211 2352 do
2242 2301 2398 2353 terra
2428 2301 2493 2352 ut
2521 2301 2708 2352 matre
2739 2297 2998 2351 nutritus
3027 2298 3302 2368 assurgat
3332 2298 3527 2350 rectus
3559 2298 3615 2349 et
3642 2293 3784 2348 vali-

2138 2387 2250 2443 dus
2282 2390 2339 2442 et
2384 2387 2610 2441 fructus
2657 2387 2935 2458 proferat.
2969 2385 3039 2440 Et
3076 2390 3136 2440 tu
3183 2401 3582 2457 perseverans,
3617 2381 3786 2455 quasi

2136 2482 2304 2532 terra
2339 2476 2598 2532 insertus
2629 2491 2698 2531 ex
2738 2475 3026 2531 oblivione
3073 2491 3268 2530 rerum
3300 2478 3698 2539 externarum,
3730 2475 3786 2526 et

2137 2565 2435 2622 radicibus
2480 2567 2691 2622 ﬁrmus
2724 2565 2973 2622 ascende
3005 2565 3078 2620 ad
3129 2564 3404 2620 verticem
3437 2562 3696 2629 virtutis,
3729 2565 3787 2616 et

2139 2672 2284 2726 para
2312 2655 2775 2726 profunditatem
2808 2659 2866 2710 et
2902 2653 3277 2710 altitudinem
3327 2651 3625 2718 eximiam,
3657 2667 3785 2722 qua;

2137 2743 2254 2799 sint
2283 2745 2521 2800 omnino
2550 2743 2906 2800 immobiles.

2207 2943 2294 2996 40.
2329 2941 2476 3005 Quid
2509 2941 2664 2997 enim
2698 2941 2887 3012 magis
2913 2940 3249 3007 ridendum,
3292 2954 3468 3010 quam
3501 2955 3535 2992 a
3564 2936 3778 3009 princi-

2137 3030 2233 3102 pio
2264 3030 2594 3103 relinquere
2646 3030 2878 3101 negotia
2935 3029 3212 3096 civitatis,
3271 3027 3457 3083 oculis
3515 3026 3779 3082 omnium

2135 3120 2458 3176 amicorum
2487 3119 2758 3176 subtrahi
2823 3123 2880 3175 et
2937 3118 3299 3189 reliquorum
3362 3116 3783 3188 proximorum,

2136 3210 2361 3281 apicem
2395 3210 2629 3266 virtutis
2659 3209 2994 3273 ascendere,
3028 3207 3207 3278 quaeri
3239 3212 3295 3262 et
3342 3223 3458 3261 non
3508 3204 3779 3272 inveniri,

2137 3304 2311 3370 atque
2340 3299 2540 3371 elapso
2571 3300 2798 3354 modico
2828 3303 3091 3369 tempore
3130 3295 3358 3362 reverti,
3391 3301 3448 3350 et
3477 3312 3593 3350 non
3625 3311 3782 3365 quaa-

2137 3389 2423 3456 rentibus,
2457 3389 2575 3444 imo
2635 3406 2750 3444 non
2809 3385 3205 3457 cogitantibus
3266 3383 3781 3456 apparere?Sero,

2137 3496 2169 3535 ο
2201 3479 2398 3543 homo,
2432 3479 2503 3534 ad
2544 3477 2946 3550 paenitentiam
3007 3493 3273 3541 veneras,
3332 3473 3491 3530 brevi
3557 3476 3778 3529 mutato

2135 3567 2378 3624 consilio
2415 3568 2619 3639 pedem
2643 3566 2916 3632 retulisti,
2948 3583 3016 3621 eo
3050 3564 3212 3620 nullo
3244 3565 3449 3620 decore
3467 3563 3780 3618 reﬂecteris

2136 3659 2293 3713 unde
2341 3656 2586 3714 feliciter
2638 3674 2902 3712 veneras.
2955 3655 3079 3711 Non
3146 3655 3233 3710 sic
3290 3669 3475 3724 equus
3532 3652 3778 3717 otiosus,

2135 3751 2342 3816 pastus
2373 3747 2430 3802 in
2484 3745 2728 3816 faliscis,
2777 3749 2833 3802 et
2886 3749 3052 3816 prata
3097 3745 3348 3816 pristina
3392 3742 3776 3814 imaginatus,

2135 3854 2201 3892 ac
2231 3841 2441 3909 stagna
2470 3837 2572 3892 ubi
2602 3835 2927 3891 indomitus
2967 3835 3264 3906 pascebat,
3314 3830 3775 3888 irrationabilem

2133 3927 2400 3982 ardorem
2432 3925 2791 3992 manifestat,
2823 3941 2958 3980 cum
2986 3923 3217 3980 vincula
3263 3923 3505 3994 rumpit,
3539 3927 3596 3978 et
3638 3919 3780 3976 illuc

2132 4019 2330 4071 currat
2359 4015 2459 4070 ubi
2499 4015 2661 4087 prius
2716 4014 3011 4084 pascebat.
3061 4013 3333 4085 lgnorare
3371 4011 3610 4078 videris,
3656 4011 3779 4066 fra-

2130 4106 2238 4171 ter,
2274 4119 2423 4173 quas
2451 4101 2795 4166 sententias,
2846 4099 3006 4156 solus
3051 4103 3428 4155 conversatus
3471 4115 3606 4154 cum
3637 4097 3775 4167 Deo,

2129 4191 2461 4263 collegerat,
2494 4191 2771 4247 continuo
2802 4207 2900 4246 eas
2932 4190 3171 4262 perdere
3212 4205 3346 4244 cum
3393 4187 3616 4260 plateas
3664 4187 3777 4241 fre-

2130 4285 2409 4354 quentat;
2444 4299 2474 4337 e
2504 4281 2788 4337 memoria
2829 4279 3125 4336 solitarias
3170 4279 3553 4351 cogitationes
3603 4293 3776 4332 mun-

2130 4372 2300 4427 danis
2330 4371 2560 4443 expelli,
2595 4375 2791 4442 atque,
2828 4370 3070 4426 mutatis
3110 4369 3280 4440 quasi
3333 4368 3581 4437 vicibus,
3613 4382 3776 4422 asceo

2127 4464 2248 4515 tam
2280 4460 2730 4516 descendentem
2761 4458 3093 4530 spiritualia
3122 4475 3189 4513 ex
3219 4457 3335 4513 alto
3378 4457 3657 4512 deorsum
3681 4471 3777 4510 re-

2128 4549 2414 4622 linquere,
2436 4555 2715 4620 eaque,ut
2744 4546 3415 4618 camelum,inclinatum
3447 4546 3769 4618 deponere;

2129 4657 2259 4695 eum
2293 4657 2466 4696 curas
2497 4640 2768 4711 vulgares
2814 4639 3032 4704 subire,
3080 4639 3229 4694 ferre
3272 4637 3333 4693 in
3383 4637 3607 4704 altum;
3642 4653 3774 4707 pro-

366 4721 425 4779 δὲ
452 4733 550 4795 τῆς
579 4723 787 4803 τύρϐης
818 4731 1144 4808 ἀχθοφορῶν
1170 4731 1277 4785 ἅνω
1327 4730 1496 4808 φέρει,
1542 4731 1632 4784 καὶ
1676 4735 1771 4785 τοῦ
1819 4731 2017 4794 παντὸς

2134 4730 2302 4800 iicere
2332 4730 2487 4802 quod
2515 4734 2604 4785 est
2632 4745 2811 4800 super
2839 4730 3052 4796 omnia,
3086 4733 3145 4784 et
3185 4727 3430 4784 minima
3476 4726 3772 4797 accipere;

365 4811 738 4890 ἀλλαξάμενος
770 4819 830 4871 τὸ
877 4817 1042 4892 μηδὲν
1073 4816 1294 4887 ἄνεισιν,
1339 4819 1454 4873 ἀντὶ
1505 4819 1744 4889 ἀσκητοῦ
1795 4821 2020 4890 ἀσκίτης

362 4902 618 4975 θύλακος,
652 4905 1114 4982 ἐμπεπλησμένος
1142 4909 1210 4963 τὰ
1235 4905 1422 4964 πολλὰ
1440 4908 1532 4962 καὶ
1555 4909 2017 4986 ἀγωγίμων,ἅπερ

366 4999 613 5067 μισοῦσιν
646 4998 698 5051 οἱ
730 4997 1027 5074 ἐγκρατεῖς,
1060 4999 1147 5053 καὶ
1179 5003 1296 5061 τοῖς
1330 4997 1378 5071 ἐξ
1426 4999 1760 5076 ἀφαιρέσεως
1786 5001 2017 5076 φαντάσ-

366 5104 546 5156 μασιν,
582 5087 747 5141 ὁποῖα
771 5087 1008 5143 κάτωθεν
1059 5089 1358 5161 ἀνεμάξατο
1406 5084 1712 5162 ἀπαλείψας
1747 5087 1808 5143 τὸ
1847 5110 1869 5138 ι
1899 5089 2016 5144 κατ’

361 5173 561 5245 εἰκόνα,
596 5199 627 5231 »
658 5179 688 5232 ὃ
716 5173 804 5232 διὰ
844 5174 1139 5252 νοημάτων
1186 5178 1340 5244 θείων
1383 5176 1756 5234 ἐνετυπώσατο
1805 5177 1865 5232 ἐκ
1912 5185 2016 5249 τῆς

363 5272 535 5337 μονῆς
562 5268 597 5336 ἢ
629 5270 805 5344 ψυχή-

435 5375 543 5446 μα’.
605 5371 829 5445 Ἀνέϐης
890 5376 966 5437 εἰς
1027 5373 1183 5451 ὕψος,
1239 5377 1285 5430 ὦ
1341 5376 1657 5453 κεκαρμένε,
1715 5396 2012 5450 πνευματι-

358 5465 497 5532 κῶς,
522 5464 611 5518 καὶ
652 5462 939 5541 ἅνθρωπος
999 5464 1171 5528 οὕτως
1231 5465 1418 5541 ἐγένου
1475 5471 1629 5539 Θεοῦ,
1689 5461 1779 5518 ὅτε
1817 5464 1894 5526 sic
1949 5467 2012 5521 τὸ

359 5547 486 5626 ὅρος
547 5553 778 5624 ἀνῆλθες
813 5599 826 5613 .
885 5553 944 5610 Τί
996 5560 1124 5630 γοῦν
1180 5557 1644 5629 κατακυλιόμενος
1701 5556 1864 5629 πρινὴ
1920 5556 2010 5610 καὶ

357 5645 797 5718 κατασταθῆναι,
883 5642 1099 5709 πεδινὸς
1175 5647 1345 5724 φέρῃ;
1426 5645 1664 5721 ὙψηΛὸς
1721 5645 2003 5721 γέγονας·

359 5726 504 5786 διατί
593 5733 954 5806 ἀποτελευτᾷς
1040 5735 1118 5799 εἷς
1212 5733 1657 5812 χθαμαλότητα;
1717 5733 2003 5811 Οὐράνιος·

351 5815 502 5875 διατί
550 5823 872 5899 κατάγειος;
905 5818 1092 5897 Διέϐῃς
1123 5824 1183 5881 ἐκ
1213 5831 1421 5905 φθορᾶς
1473 5825 1548 5888 εἰς
1581 5825 1781 5899 ζωνήν,
1809 5823 1886 5887 ὡς
1917 5827 2006 5881 οἷα

2129 4838 2232 4892 pro
2271 4820 2469 4876 anima
2512 4823 2772 4875 ventrem
2827 4819 3113 4887 dilatare;
3165 4817 3313 4874 cibis
3360 4816 3574 4886 vetitis,
3623 4832 3772 4886 quos

2129 4911 2378 4966 oderunt
2428 4910 2630 4979 sobrii,
2683 4907 3031 4980 plerumque
3077 4907 3326 4978 repleri;
3367 4910 3426 4961 et
3493 4923 3596 4976 pro
3644 4906 3773 4959 abs-

2126 5001 2330 5056 tractis
2384 4999 2908 5071 imaginationibus
2970 5015 3118 5069 quas
3187 4998 3461 5052 deorsum
3523 4993 3772 5064 effingit;

2127 5090 2394 5146 oblivisci
2426 5088 2701 5160 imaginis
2723 5105 2898 5158 quam
2924 5088 3035 5143 sibi
3065 5086 3264 5142 anima
3294 5103 3362 5142 ex
3391 5082 3772 5142 meditatione

2127 5180 2325 5236 divina
2354 5180 2414 5236 in
2445 5177 2763 5235 solitudine
2802 5178 3226 5234 efformaverat.

2193 5379 2282 5433 41.
2316 5378 2380 5432 In
2439 5375 2625 5430 altum
2677 5374 3062 5446 spiritualiter
3103 5376 3471 5444 aseenderas,
3504 5391 3536 5428 0
3576 5375 3769 5441 tonse,

2122 5473 2180 5523 et
2209 5485 2276 5524 eo
2305 5467 2479 5522 modo
2510 5466 2684 5520 homo
2722 5465 2819 5520 Dei
2866 5481 3154 5534 evaseras,
3207 5481 3342 5519 cum
3392 5466 3450 5518 in
3500 5467 3762 5518 montem

2118 5557 2350 5614 venisti.
2384 5561 2496 5610 Cur
2515 5571 2653 5627 ergo
2687 5556 3339 5626 rovolutus,antequam
3367 5555 3567 5609 sedem
3595 5554 3762 5625 ﬁgas,

2119 5646 2391 5705 ambulas
2421 5645 2481 5700 in
2512 5643 2801 5717 planitie?
2830 5643 3109 5700 Excelsus
3135 5661 3285 5712 eras,
3317 5662 3420 5700 cur
3450 5644 3671 5700 desinis
3702 5643 3763 5697 in

2115 5737 2405 5794 humilem
2430 5735 2450 5790 ἒ
2479 5733 2868 5803 Caelestis,cur
2893 5734 3192 5792 terrenus?
3211 5739 3254 5790 E
3297 5734 3669 5807 corruptione
3685 5733 3758 5789 ad

2115 5827 2297 5884 vitam
2327 5824 2655 5884 translatus
2684 5839 2836 5893 eras,
2886 5824 3054 5896 quasi
3101 5841 3249 5884 nova
3291 5823 3603 5904 creatione,
3655 5838 3760 5877 cur
