4082 6376
375 439 493 498 ’763

1152 447 1574 509 EUSTATlllI
1616 449 2382 512 THESSALONICENSIS
2426 451 3014 513 METROPOLITJE

3674 457 3800 515 764

377 588 514 643 ergo
546 572 606 627 in
664 575 914 646 pristina
974 577 1217 633 dissolvi
1274 580 1777 651 cupis?Mutatus
1837 597 1920 650 es,
1956 587 2016 638 ut

2137 580 2653 655 μεταπεπλασμένος
2689 601 2701 614 ο
2780 579 2922 636 ἱνατί
2992 584 3119 655 γοῦν
3193 579 3396 643 ἐθέλεις
3467 582 3797 651 ἀναλύεσθαι

383 661 539 718 Enoc
571 671 917 737 assumptus
948 668 1018 722 ad
1051 669 1232 724 Deum
1268 687 1280 724 :
1317 686 1488 726 mane
1519 688 1655 742 ergo
1707 673 1878 742 juxta
1922 689 2020 728 vo-

371 749 660 808 luntatem
696 757 816 826 Dei,
851 757 950 828 qui
977 763 1034 813 te
1067 775 1302 814 manere
1340 760 1512 830 jubet
1563 761 1747 816 donec
1805 763 2020 828 veniat,

373 857 747 916 quocumque
779 847 949 901 modo
981 847 1090 902 iste
1138 849 1422 904 adventus
1473 850 1854 923 intelligatur.
1905 851 2020 906 Nec

373 933 463 982 est
492 930 596 984 tibi
631 932 865 1002 injuria,
914 935 963 989 si
997 940 1158 990 tanta
1213 936 1498 994 instantia
1557 941 1930 1008 pmnitentem
1963 946 2019 995 te

368 1035 648 1075 vocamus
680 1039 693 1077 :
723 1040 834 1077 non
867 1023 1038 1079 debet
1067 1025 1202 1082 inde
1231 1028 1573 1084 erubescere
1603 1027 1702 1100 qui
1728 1030 2018 1101 paenitens

371 1107 612 1167 dicitur.
655 1112 930 1184 Teipsum
986 1132 1018 1170 a
1074 1116 1285 1172 seculo
1345 1119 1663 1174 removisti.
1725 1119 1871 1184 Quid
1933 1119 2017 1174 vis

366 1194 550 1267 igitur
580 1200 638 1254 in
670 1199 795 1257 loco
853 1203 1105 1274 pristino
1164 1206 1356 1264 incola
1414 1209 1814 1278 annumerari,
1846 1213 1904 1264 et
1934 1209 2018 1264 sic

369 1285 428 1338 in
463 1286 576 1342 ﬁne
600 1289 830 1346 nullum
862 1292 1058 1350 locum
1102 1295 1336 1367 habere,
1389 1302 1564 1368 atque
1616 1298 1817 1353 audire
1865 1297 2017 1353 hanc

370 1374 698 1434 irrisionem
735 1398 746 1436 :
783 1405 809 1431 ‹‹
841 1383 1048 1439 Adhuc
1074 1385 1381 1456 pusillum,
1423 1394 1478 1441 et
1526 1403 1639 1441 non
1673 1392 1784 1442 erit
1812 1404 2014 1458 pecca-

369 1466 487 1533 101‘;
522 1472 579 1521 et
611 1484 835 1539 quaares
858 1470 1048 1528 locum
1075 1477 1290 1544 ejus,et
1314 1493 1426 1531 non
1460 1476 1719 1532 invenies
1739 1478 1818 1529 ⁷.»
1850 1477 2016 1532 Nunc

368 1558 564 1610 autem
627 1557 898 1616 videntur
955 1564 1230 1620 monachi
1289 1567 1547 1622 minores
1623 1566 1791 1621 nobis
1871 1566 2015 1622 insi-

366 1643 537 1711 diari,
598 1646 696 1716 qui
755 1666 862 1704 nos
919 1668 952 1706 a
1009 1653 1276 1723 patribus
1332 1671 1535 1710 eorum
1596 1658 2013 1723 distraxerunt,

369 1747 825 1808 sermonemque
856 1739 926 1793 ad
978 1756 1350 1799 communem
1399 1745 1872 1817 objurgationem
1923 1745 2014 1798 di-

367 1825 688 1891 verterunt,
745 1833 809 1880 ut
865 1829 924 1883 in
974 1829 1082 1885 hac
1159 1834 1494 1906 sympathia
1570 1836 1806 1906 utrique
1865 1833 2016 1906 parti

370 1909 525 1965 dicta
571 1914 833 1983 elﬂuant,
892 1918 942 1974 si
999 1920 1280 1990 possibile
1337 1929 1428 1979 est
1477 1924 1578 1996 qui
1625 1941 1840 1996 scopus
1899 1940 2014 1979 non

370 1998 712 2072 attingetur.

445 2267 532 2323 42.
567 2269 709 2327 Ecce
740 2274 896 2331 enim
929 2277 1150 2333 omissa
1189 2279 1613 2335 communitate
1640 2281 1710 2336 ad
1765 2281 2018 2351 majores

370 2361 691 2416 monachos
718 2365 999 2434 redimus,
1036 2367 1134 2438 qui
1170 2367 1340 2424 malis
1373 2368 1497 2424 suis
1528 2368 1811 2440 exemplis
1842 2368 2017 2423 disci-

370 2444 542 2514 pulos
575 2458 935 2522 pervertunt,
969 2457 1069 2526 qui
1118 2457 1466 2512 simulantes
1497 2474 1559 2513 se
1617 2475 1731 2513 non
1792 2474 1922 2513 esse
1948 2458 2018 2512 de

374 2531 483 2588 hoc
514 2546 756 2606 mundo,
787 2559 929 2598 sane
959 2561 1090 2601 vero
1122 2547 1460 2614 ccenobitas,
1486 2563 1551 2602 eo
1585 2549 1736 2619 quod
1770 2547 2017 2602 seorsim

374 2623 591 2696 vivant,
626 2629 738 2686 ista
794 2634 1041 2690 edocent
1098 2637 1243 2692 alios
1293 2637 1614 2708 discipulos
1646 2640 1714 2693 ad
1749 2655 2019 2693 corrum-

373 2716 631 2782 Pendum
667 2737 902 2790 pronos.
949 2725 1010 2779 ln
1070 2726 1308 2796 perfecti
1368 2728 1634 2782 monachi
1670 2727 2016 2782 memoriam

369 2819 574 2861 revoco
631 2826 766 2864 eum
827 2813 1162 2870 desiderare
1215 2815 1560 2888 angelorum
1622 2816 1876 2888 speciem
1937 2816 2019 2871 ita

369 2893 739 2954 admonitum
772 2901 975 2972 fuisse,
1007 2909 1070 2957 ut
1100 2903 1158 2958 in
1191 2905 1514 2976 angelicam
1548 2922 1860 2978 personam
1894 2906 2018 2978 ipse

366 2984 676 3041 ordinatus
709 2989 903 3044 fuerit.
937 2991 1056 3046 Hoc
1087 2993 1234 3048 forte
1283 3011 1398 3049 non
1451 2994 1704 3050 multum
1763 2996 2020 3050 conferet

369 3074 441 3127 ad
474 3076 921 3136 confundendos
953 3098 1051 3136 eos
1084 3084 1183 3154 qui
1242 3084 1482 3156 angelos
1539 3085 1894 3157 despiciunt,
1955 3090 2020 3139 ut

370 3161 654 3220 discimus
687 3183 715 3222 e
765 3169 986 3226 sanctis
1045 3177 1376 3228 ascetarum
1427 3174 1687 3245 scriptis,
1739 3175 1891 3229 sicut
1917 3191 2012 3229 vo-

374 3250 523 3318 lunt,
560 3256 657 3325 qui
681 3258 1008 3314 Psalmistae
1040 3263 1282 3318 verbum
1318 3263 1565 3318 minoris
1622 3264 1866 3333 faciunt,
1902 3263 2012 3318 sei-

2132 669 2206 732 εἰς
2269 671 2338 725 τὰ
2394 671 2655 746 πρότερον
2691 690 2704 741 ;
2756 673 3016 740 Μετέθου,
3075 671 3214 725 κατά
3239 671 3333 726 τὸν
3369 673 3550 748 Ἑνὼχ
3580 672 3792 747 ἀναλη-

2131 760 2279 836 φθεὶς
2309 765 2387 833 τῷ
2414 766 2549 832 Θεῷ·
2596 766 2777 834 μεῖνον
2813 759 2902 814 οὖν
2936 758 3070 814 κατὰ
3097 760 3159 813 τὸ
3191 758 3410 833 θέλημα
3437 763 3534 816 τοῦ
3567 766 3794 834 Θεοῦ,’ὀς

2130 847 2302 912 ἐθέλει
2349 852 2435 904 καὶ
2489 851 2544 904 σὲ
2599 852 2796 923 μένειν,
2833 847 2934 912 ἕως
2964 847 3204 924 ἔρχεται,
3241 849 3431 904 ὁποίαν
3467 850 3528 906 ἂν
3586 853 3787 924 ταύτην

2130 934 2337 994 ἕλευσιν
2369 938 2573 1001 ἐθέλεις
2605 945 2768 994 νοεῖν.
2805 939 2914 993 Οὐκ
2957 937 3067 993 ἔστι
3119 959 3201 992 σοι
3253 938 3467 1013 ἀτιμία,
3520 941 3671 1013 εἷ’περ
3719 948 3786 1017 τῇ

2126 1028 2352 1103 τοιαύτῃ
2420 1027 2743 1106 προσεδρείᾳ
2807 1028 3166 1102 μεταθέμενόν
3227 1049 3286 1084 σε
3352 1028 3653 1104 καλοῦμεν.
3713 1033 3789 1090 Οὐ

2127 1118 2232 1193 γάρ
2290 1115 2400 1171 ἐστι
2450 1119 2722 1182 κάνταῦθα
2771 1113 3091 1193 έφύϐριστος
3141 1118 3169 1173 ὁ
3236 1115 3580 1193 καλούμενος
3627 1143 3786 1194 μεταο

2127 1207 2370 1278 θέμενος.
2425 1207 2767 1278 Ἐξετόπισας
2822 1211 2919 1262 τοῦ
2983 1205 3105 1282 βίου
3164 1208 3383 1263 σεαυτόν
3417 1249 3429 1262 .
3493 1210 3561 1266 Τί
3605 1210 3783 1266 τοίνυν

2128 1293 2332 1358 έθέλεις
2411 1293 2635 1359 ἕντοπος
2709 1300 2829 1358 τοῖς
2900 1297 3094 1370 πρώην
3159 1298 3612 1370 προστετηκέναι,
3685 1301 3772 1354 καὶ

2126 1385 2298 1447 οὕτως
2355 1385 2618 1461 ἐκβαίνειν
2680 1383 2904 1454 ἄτοπος,
2965 1385 3054 1440 καί
3107 1407 3212 1440 που
3260 1386 3353 1440 καὶ
3386 1387 3583 1442 ἀκούειν
3619 1389 3691 1452 ὡς
3721 1389 3772 1444 έν

2129 1481 2492 1550 μυκτηρισμῷ
2523 1472 3011 1549 καταψαλλόμενόν
3047 1495 3141 1528 σου
3194 1476 3256 1530 τὸ
3314 1501 3342 1527 ‹‹
3393 1478 3510 1532 "En
3565 1476 3776 1551 ὀλίγον,

2124 1564 2214 1618 καὶ
2266 1563 2332 1618 οὐ
2385 1567 2460 1637 μὴ
2518 1565 2726 1641 ὑπάρξῃ
2779 1565 2807 1618 ὁ
2859 1563 3209 1638 ἁμαρτωλὸς,
3255 1565 3345 1619 καὶ
3382 1567 3631 1635 ζητήσεις
3688 1567 3781 1620 τὸν

2123 1655 2293 1710 τόπον
2343 1654 2527 1723 αὐτοῦ,
2573 1655 2663 1710 καὶ
2717 1653 2779 1709 ού
2832 1655 2907 1726 μὴ
2943 1653 3144 1728 εὕρῃς;
3177 1678 3204 1705 ››
3242 1653 3417 1710 Ἀλλὰ
3446 1655 3551 1729 γὰρ
3605 1654 3785 1710 έοίκα-

2127 1763 2208 1796 σιν
2291 1744 2342 1797 οἱ
2417 1745 2868 1820 μικροσχήμονες
2942 1741 3444 1818 πανουργεύσασθαι
3527 1743 3618 1798 καὶ
3695 1748 3788 1797 νῦν

2124 1833 2244 1896 καθ’
2301 1835 2484 1904 ἡμῶν,
2549 1836 2631 1894 οἷς
2663 1833 3065 1902 ἀποστήσαντες
3121 1834 3268 1904 ἡμᾶς
3300 1837 3407 1886 τῶν
3440 1834 3558 1886 κατ’
3591 1831 3791 1896 αὐτοὺς

2047 1954 2094 2019 Β
2127 1919 2373 1996 πατέρων
2419 1919 2821 1997 ἀπησχόλησαν
2877 1922 2968 1976 τὸν
3022 1920 3189 1996 λόγον
3243 1922 3382 1996 πρὸς
3427 1926 3545 1983 τοῖς
3573 1927 3787 1984 κοινοῖς

2127 2016 2428 2087 φορτικοῖς,
2463 2012 2536 2073 ὡς
2571 2011 2628 2066 ἂν
2659 2010 2711 2064 έν
2750 2016 2818 2086 τῇ
2848 2009 3075 2084 τοιαύτῃ
3105 2011 3456 2082 κοινοπαθείᾳ
3485 2012 3792 2087 συγχεόμε-

2124 2120 2190 2153 να
2215 2101 2281 2153 τὰ
2307 2100 2570 2176 ἑκατέρων
2614 2098 2834 2176 ἔχωσιν,
2887 2099 2932 2154 εἰ
2983 2097 3230 2170 δυνατὸν,
3280 2099 3631 2173 κρύπτεσθαι.
3664 2101 3788 2158 Οὐκ

2128 2187 2187 2242 ἂν
2219 2185 2276 2242 δὲ
2301 2187 2534 2243 ἀνύσωσι
2559 2191 2623 2243 τὸ
2655 2189 2802 2266 σφίσι
2833 2189 3216 2263 προκείμενον.

2202 2278 2312 2354 μβ’.
2365 2277 2651 2356 Ἀφέμενοι
2707 2279 2830 2354 γὰρ,
2892 2275 3032 2347 ἰδοὺ,
3089 2284 3196 2334 τῶν
3255 2283 3475 2348 κοινῶν,
3558 2279 3787 2354 ἐπανερ-

2127 2366 2343 2442 χόμεθα
2374 2368 2508 2439 πρὸς
2541 2368 2740 2440 μόνους
2768 2367 2896 2430 τοὺς
2932 2367 3204 2440 μείζονας,
3262 2366 3313 2422 ο²ί
3367 2371 3436 2442 τῇ
3495 2369 3633 2443 πρὸς
3686 2368 3789 2423 αύ-

2125 2454 2253 2517 τοὺς
2339 2455 2657 2529 ἐξομοιώσει
2733 2455 3208 2532 συνδιαστρέφουσι
3285 2456 3414 2520 τοὺς
3486 2456 3788 2529 ὁμιλητὰς,

2126 2545 2207 2600 κιὶ
2240 2544 2564 2619 ψευδόμενοι
2613 2548 2675 2602 τὸ
2732 2541 2904 2614 ἅϐιον,
2937 2546 3075 2609 καθά
3121 2547 3305 2600 καὶτὸ
3335 2541 3636 2614 κοινόϐιον,
3701 2544 3793 2601 διὰ

2125 2638 2221 2688 τοῦ
2277 2636 2407 2689 εἶναι
2461 2630 2704 2703 ἰδιόϐιοι,
2765 2639 3130 2709 καθηγοῦνται
3198 2639 3294 2688 τοῦ
3351 2635 3516 2690 αὐτοῦ
3564 2633 3789 2690 παιδεύ-

2131 2739 2297 2797 ματο)
2345 2726 2434 2780 καὶ
2491 2731 2607 2788 τοῖς
2649 2725 2876 2803 ¹εύφυῶς
2913 2722 3276 2799 διακειμένοις
3337 2725 3476 2799 πρὸς
3534 2723 3790 2800 διαστρο-

2127 2816 2230 2892 φὴν
2270 2817 2552 2888 μαθηταῖς.
2611 2810 2954 2885 Ἀναόιϐάζω
3008 2812 3075 2884 δὴ
3121 2814 3174 2878 ἐς
3234 2814 3422 2884 νόησιν
3478 2820 3560 2888 τῷ
3623 2837 3787 2892 μεγα-

2127 2903 2442 2979 λοσχήμονι
2499 2910 2752 2980 μοναχῷ,
2784 2904 2874 2959 καὶ
2904 2903 2986 2958 ὅτι
3034 2903 3279 2979 ἀγγέλων
3341 2911 3537 2979 σχῆμα
3592 2903 3786 2959 ἐπιπο-

2125 2995 2233 3048 θεῖν
2282 2992 2570 3070 ἐδιδάχθη,
2634 2994 2772 3048 ὥστε
2827 2995 2915 3048 καὶ
2977 2990 3056 3055 εἵς
3085 2995 3379 3068 πρόσωπον
3437 2993 3598 3056 αὐτὸς
3633 2995 3783 3069 ἀγγέ-

2128 3081 2227 3138 λου
2258 3085 2526 3141 τέτακται.
2584 3085 2734 3140 ’Ἐστι
2778 3081 2836 3138 δὲ
2890 3080 2993 3158 ἄρα
3046 3086 3207 3136 τοῦτο
3240 3082 3309 3137 οὐ
3374 3081 3510 3156 μέγα
3567 3082 3641 3144 εἷς
3695 3081 3777 3137 ἐν-

2123 3173 2333 3247 τροπὴν
2381 3179 2498 3236 τοῖς
2549 3173 2844 3240 τοιούτοις,
2898 3169 2950 3226 οτί
2997 3171 3087 3226 καὶ
3139 3168 3366 3247 ἄγγελον
3423 3165 3769 3247 ύπεραναϐαί-

2125 3283 2332 3330 νουσιν,
2366 3264 2441 3324 ὡς
2471 3269 2574 3332 τῆς
2624 3261 2923 3338 ἱερωτάτης
2976 3261 3277 3328 ἀαητικῆς
3334 3263 3545 3338 γραφῆς
3589 3259 3774 3331 ἐκμαν-

366 3340 524 3412 ipsos
551 3343 763 3401 inﬂant
794 3348 927 3419 plus
949 3367 1128 3421 quam
1151 3325 2010 3424 asquumest.Hocigiturtene,

2130 3325 2378 3426 θάνομεί,
2453 3325 2600 3427 εἰπερ
2663 3325 2928 3420 έθέλουσι,
3169 3325 3464 3424 ψάλμιὶὶὴηί
3505 3325 3778 3426 -βραγεῖαν

365 3433 651 3489 monache
674 3435 799 3505 jam
833 3454 946 3491 non
979 3438 1125 3493 laice
1156 3445 1214 3494 et
1233 3445 1434 3496 sancte
1461 3442 1532 3495 ob
1563 3442 2016 3513 prepositum,et

363 3519 413 3574 si
445 3524 501 3576 te
532 3521 708 3578 talem
741 3525 924 3592 decet,
959 3531 1016 3581 et
1046 3533 1256 3584 natura
1300 3531 1677 3586 immateriali
1707 3531 1766 3586 in
1800 3532 2012 3588 metal-

365 3607 490 3664 lum
520 3610 631 3666 vile
659 3617 717 3668 et
750 3620 1024 3672 terrestre
1051 3634 1274 3687 versus,
1309 3621 1649 3692 oblitusque
1693 3621 2012 3693 solitarios,

369 3701 434 3752 ut
463 3705 708 3756 narrant
737 3704 988 3775 antiqui;
1021 3723 1156 3761 mox
1207 3709 1453 3778 justitize
1509 3710 1812 3781 copulatos
1840 3713 2012 3782 (esse,

368 3787 507 3859 quia
538 3792 856 3856 materiam,
878 3795 1388 3866 mortiﬁcaverant,
1424 3802 1482 3854 tu
1511 3805 1634 3855 esto
1666 3798 1868 3855 seculi
1899 3816 2017 3856 ma-

367 3881 848 3948 gnes,attrahens
869 3887 1043 3940 tenue
1071 3887 1289 3942 ferrum
1318 3907 1331 3957 ;
1365 3888 1451 3945 vel
1478 3893 1542 3944 ut
1587 3890 1896 3945 succinum
1929 3897 2013 3944 at-

365 3965 580 4024 tollens
612 3970 810 4041 paleas
842 3973 1057 4046 quibus
1090 3993 1182 4031 res
1215 3977 1530 4034 saaculures
1553 3981 1688 4050 jure
1719 3995 2017 4051 compara-

366 4062 502 4112 rant
531 4058 648 4130 igni
681 4060 1147 4137 inexstinguibili
1178 4072 1502 4124 reservatse.
1533 4069 1718 4137 Nosti,
1750 4086 1781 4124 ο
1810 4085 2014 4124 mona-

367 4146 495 4218 che,
528 4154 844 4222 potestates
871 4158 927 4210 et
948 4155 1185 4228 angelos
1211 4158 1846 4230 secundare,tuamque
1875 4174 2016 4214 con-

369 4237 704 4296 sensionem
727 4241 1086 4314 inscribere;
1121 4262 1266 4318 quos
1296 4264 1454 4304 nunc
1479 4249 1818 4320 aggredere,
1849 4247 1899 4304 si
1929 4248 2017 4304 vis

369 4342 506 4399 rape
538 4327 825 4402 libellum,
858 4350 1301 4409 consonumque
1331 4337 1608 4395 insoribe.

442 4595 530 4650 43.
570 4595 864 4658 Didicistis
896 4603 1072 4660 etiam
1103 4621 1337 4661 crucem
1371 4609 1428 4662 et
1461 4609 1707 4661 mortem
1737 4605 1846 4660 tibi
1878 4621 2016 4677 prae-

369 4685 651 4744 nuntiari.
684 4690 742 4745 Si
767 4693 893 4762 jam
925 4693 1223 4766 desperas,
1259 4695 1412 4766 subi,
1455 4712 1570 4750 non
1603 4711 1862 4762 crucem,
1912 4695 2012 4750 sed

2129 4693 2376 4756 θάνατον.
2452 4691 2516 4746 Εἰ
2593 4695 2723 4768 γοῦν
2800 4687 3209 4761 ἀποδυσπετεῖς,

367 4777 651 4834 mercium
684 4780 1397 4855 fasciculum,deprimens
1429 4783 1847 4856 negotiationis
1867 4801 2016 4840 onus

369 4871 434 4918 ut
459 4866 529 4922 de
566 4866 982 4940 loquacitatem
1015 4873 1334 4928 Irridearis.
1362 4877 1577 4928 Praeter
1627 4877 2010 4929 mercaturam

367 4954 525 5010 enim
585 4958 761 5014 etiam
795 4958 1206 5031 loquacitatem
1241 4979 1495 5032 exerces,
1553 4963 1667 5034 cui,
1725 4967 1790 5018 ut
1840 4979 2020 5035 supra

369 5054 672 5106 ostensum
707 5056 815 5119 est,
851 5054 1312 5110 renuntiaveras.
1366 5055 1493 5111 Non
1551 5071 1783 5111 crucem
1839 5054 2020 5127 igitur

367 5137 601 5207 tolle,ut
631 5139 886 5197 diximus
921 5161 934 5210 ;
968 5159 1084 5198 non
1109 5144 1237 5214 jam
1269 5145 1813 5215 morere,mundum
1847 5142 2018 5198 relin-

365 5243 548 5298 quens
581 5231 650 5284 ad
685 5233 1025 5287 merendam
1082 5232 1265 5288 vitam
1325 5238 1600 5290 aeternam
1637 5253 1650 5303 ;
1685 5251 1826 5290 sane
1881 5247 2015 5287 vero

365 5316 510 5389 vive,
545 5323 603 5374 et
633 5318 838 5377 laudes
895 5325 952 5376 et
1005 5322 1379 5378 saltationem
1440 5329 1498 5379 et
1554 5324 1796 5380 delicias
1852 5337 2015 5378 exer-

363 5411 508 5476 cete;
542 5409 709 5465 fortis
739 5416 865 5468 esto
896 5417 1098 5468 contra
1127 5413 1460 5486 omnia,pro
1481 5417 1536 5470 te
1569 5415 1644 5469 da
1671 5413 1823 5469 hanc
1854 5427 2011 5467 com-

368 5497 757 5556 mutationem
791 5502 1006 5571 morti;
1043 5503 1265 5575 sicque,
1296 5503 1342 5559 si
1367 5502 1646 5575 possibile
1675 5507 1784 5574 est,
1818 5502 2016 5558 omnia

369 5591 526 5641 sorte
555 5589 716 5646 solus
747 5591 966 5648 obtine.

439 5803 459 5837 ⁷
491 5805 648 5861 Psal.
680 5821 872 5875 nxvx,
905 5807 992 5862 10.

2123 3441 2418 3497 ἐλάττωσιν
2451 3440 2808 3516 παραύξοντες
2841 3439 2993 3494 αὐτοὶ
3042 3439 3131 3493 καὶ
3194 3440 3323 3514 ὑπὲρ
3379 3442 3478 3509 τήν
3538 3439 3782 3508 ἰσότητα.

2124 3533 2334 3607 Κάτεχε
2363 3530 2478 3600 οὖν,
2515 3531 2559 3584 ὧ
2609 3525 2730 3584 ἄϐιε
2785 3529 2875 3584 καὶ
2933 3532 3000 3603 τῇ
3059 3529 3310 3605 προθέσει
3362 3529 3482 3604 ἅγιε
3551 3528 3784 3603 μοναχὲ,

2123 3622 2213 3676 καὶ
2243 3626 2426 3676 τοῦτο·
2476 3621 2566 3675 καὶ
2621 3617 2676 3675 εἷ’
2725 3641 2809 3674 σοι
2848 3617 3164 3690 τηλικούτῳ
3224 3612 3338 3672 ὄντι
3382 3616 3588 3692 πρέπον
3647 3617 3785 3685 ἐστὶ,

2122 3710 2516 3772 κατασπασθεὶς
2576 3717 2676 3778 τῆς
2734 3707 2922 3770 ἀϋλίας
2982 3707 3056 3770 εἷς
3132 3705 3341 3783 ἀγεννές
3401 3727 3452 3760 τι
3511 3704 3786 3780 μέταλλον

2125 3804 2247 3875 γῆς,
2307 3803 2397 3854 καὶ
2459 3797 2601 3871 μηδὲ
2655 3798 3032 3874 λογισάμενος,
3093 3798 3167 3860 ὡς
3215 3801 3247 3867 ᾇ
3303 3793 3512 3850 παλαιᾶ
3572 3795 3791 3870 ἱστορία

2124 3894 2244 3952 τοῖς
2299 3883 2504 3950 ’Δϐίοις
2565 3887 2753 3942 αὐτίκα
2799 3887 2887 3942 καὶ
2945 3886 3008 3941 τὸ
3041 3883 3381 3941 δικαιότατον
3414 3885 3669 3956 συνέθηκε
3700 3883 3792 3940 διὰ

2124 3979 2187 4034 τὸ
2243 3985 2360 4034 κατ’
2416 3977 2615 4039 αὐτοὺς
2672 3973 2986 4053 ὅλιγόϋλον,
3044 3974 3132 4030 ἔσο
3185 3982 3450 4052 μαγνῆτις
3500 3974 3642 4050 βίου,
3677 3974 3791 4030 έπι-

2128 4069 2391 4142 σπωμένη
2426 4064 2646 4143 σιδήρια
2674 4063 2956 4141 μοχθηρά·
3017 4065 3053 4134 ἢ
3103 4064 3193 4120 καὶ
3225 4064 3298 4126 ὡς
3329 4062 3598 4140 ἤλεκτρος
3630 4061 3790 4140 ἐφελ-

2124 4160 2358 4232 κόμενος
2417 4158 2616 4232 ἄχυρα,
2686 4156 2768 4218 οἷς
2853 4153 3026 4230 ὀρθῶς
3085 4154 3350 4223 εἰκάζεται
3409 4155 3476 4208 τὰ
3535 4153 3789 4229 βιωτικὲι,

2125 4247 2295 4324 πυρὸς
2346 4241 2605 4302 ἀσϐέστου
2665 4243 2916 4318 δεόμενα.
2951 4240 3304 4320 Ἐδιδάχθης,
3337 4244 3382 4296 ὦ
3418 4243 3649 4318 μοναχὶ,
3695 4242 3792 4305 τὰς

2127 4338 2300 4412 ἀρχὰς
2355 4337 2444 4393 καὶ
2501 4334 2767 4412 ἁγγελους
2796 4333 3140 4408 παρεστάναι,
3173 4333 3662 4411 ἀπογραφομένους
3691 4333 3790 4396 τὰς

2126 4426 2428 4503 ὁμολογίας
2460 4447 2575 4483 σου.
2637 4420 2912 4480 Διάϐαλλε
2965 4423 3144 4478 τοίνυν
3205 4421 3422 4491 αὐτοὺς,
3478 4421 3527 4476 εἲ
3573 4419 3789 4498 βούλει,

2128 4513 2481 4590 ἀφαρπάζων,
2529 4511 2619 4566 καὶ
2644 4512 2707 4566 τὸ
2756 4511 3044 4589 σύμφωνον
3073 4505 3367 4585 ἔγγραψον.

2202 4604 2307 4676 μγ’.
2381 4603 2619 4675 ’Έμαθες
2667 4601 2780 4668 ,καὶ
2855 4599 2936 4654 ὅτι
2995 4599 3221 4675 σταυρὸν
3296 4597 3626 4675 έπηγγείλου
3697 4599 3785 4653 καὶ

3303 4687 3469 4763 βάστα
3477 4693 3531 4758 ζε
3593 4690 3787 4763 μηκέτι

2128 4782 2375 4857 σταυρὸν,
2434 4779 2580 4835 ἀλλὰ
2624 4781 2827 4858 ῥῶπον,
2889 4777 2984 4834 εἶτ’
3042 4779 3135 4833 οὗν
3176 4777 3377 4856 φόρτον
3435 4776 3787 4853 πράγματευ-

2127 4872 2274 4926 τικὸν
2324 4871 2471 4925 κάτω
2536 4871 2856 4946 βαρύνονται,
2926 4866 3018 4924 ἵνα
3069 4867 3158 4922 καὶ
3219 4865 3297 4928 εἲς
3361 4866 3790 4944 ῥωποπερπερή-

2130 4963 2259 5036 θραν
2320 4959 2596 5039 ηωφθῇς.
2657 4960 2801 5034 Πρὸς
2852 4959 2957 5035 γὰρ
3015 4961 3096 5030 τῷ
3154 4956 3327 5032 ρώπῳ
3352 4958 3552 5030 καὶτῷ
3581 4958 3784 5032 πέρπε-

2128 5071 2221 5125 ρον
2275 5049 2533 5121 έξασκεῖς,
2591 5049 2640 5104 εἷ’
2687 5049 2777 5104 καὶ
2831 5049 2961 5102 αὐτὸ
3018 5047 3346 5120 ἀπηρνήσω,
3395 5048 3531 5102 καθᾶ
3579 5046 3784 5121 προϊὼν

2127 5141 2156 5195 ὁ
2224 5137 2386 5217 λόγος
2445 5140 2731 5218 ἀποφανεῖ,
2790 5139 2946 5209 Μήτε
2999 5136 3179 5192 τοίνυν
3242 5137 3492 5213 σταυρὸν,
3555 5135 3627 5196 ὡς
3657 5129 3776 5208 ἔφα·-

2130 5250 2246 5302 μιν,
2307 5229 2352 5283 εἰ
2414 5228 2622 5303 βούλει,
2703 5228 2948 5302 βάσταζε,
3011 5227 3098 5282 καὶ
3167 5223 3310 5298 μηδὲ
3368 5232 3594 5294 θνῆσκε,
3654 5223 3772 5280 τοῖς

2124 5320 2273 5373 κάτω
2330 5318 2711 5393 νεκρούμενος,
2771 5317 2848 5378 εἲς
2909 5313 3274 5390 ἀντάλλαγμα
3334 5321 3476 5383 ζωῆς
3527 5308 3775 5365 αἰωνίου,

2124 5406 2274 5464 ἀλλὰ
2307 5411 2447 5478 ζῆθι,
2499 5410 2587 5463 καὶ
2621 5405 2892 5482 ἀγάλλου,
2944 5407 3034 5461 καὶ
3083 5403 3280 5473 ἄλλου,
3329 5403 3413 5458 καὶ
3458 5399 3654 5477 τρύφα,
3688 5398 3784 5454 καὶ

2123 5501 2258 5554 κατὰ
2314 5498 2527 5554 πάνιων
2588 5495 2866 5576 ἀνδρίζου,
2892 5498 2980 5552 καὶ
3013 5493 3167 5552 δίδου
3198 5494 3486 5567 ἀντίψυχον
3529 5490 3784 5546 τοιοῦτον

2123 5591 2282 5665 χάριν
2319 5609 2414 5642 σου
2443 5593 2523 5661 τῷ
2547 5589 2781 5662 θανάτῳ·
2809 5588 2898 5643 καὶ
2934 5585 3130 5656 οὕτως,
3165 5584 3311 5659 εἷ’περ
3359 5580 3470 5638 οἶόν
3498 5601 3578 5652 τι,
3618 5578 3791 5656 μόνος

2121 5675 2460 5753 κληρονόμει
2493 5677 2556 5734 τὸ
2583 5681 2707 5735 πᾶν.
