4082 6384
353 425 468 483 ’767

1121 428 1546 489 EUSTATHII
1591 421 2356 485 THESSALONICENSIS
2401 421 3000 482 METROPOLITIE‘

3647 425 3779 487 768

349 572 599 628 magnus
630 558 955 614 monachus
1007 565 1275 616 mortuus
1307 563 1414 628 est,
1448 560 1638 632 quoad
1679 573 1856 631 opera
1882 557 1997 613 Deo

2118 555 2201 608 xui
2235 555 2298 609 οὑ
2332 551 2603 628 ψεύδομαι
2649 553 2750 622 τήν
2797 551 3056 626 πληθὺν),
3109 556 3217 607 ποῦ
3267 572 3401 608 ποτε
3452 553 3566 609 ἐκεῖ
3608 551 3774 634 ἔργον

348 650 534 717 grata,
571 651 628 702 et
658 647 910 721 otiosus,
941 654 998 705 et
1030 650 1206 706 iners.

419 916 508 968 46.
558 919 625 970 Et
671 915 1060 986 interrogatus
1109 917 1343 985 iterum,
1393 935 1424 974 ο
1485 919 1684 983 frater,
1745 915 2001 972 libertati

347 999 626 1071 loquendi
676 1004 1046 1074 renuntiasti,
1076 1005 1462 1077 incongruam
1495 1007 1625 1062 dico
1668 1005 2000 1061 libertatem

349 1088 766 1162 inconsultam,
798 1109 902 1148 seu
953 1095 1107 1165 quod
1156 1095 1312 1151 idem
1362 1102 1472 1162 est,
1501 1113 1616 1152 non
1661 1095 2000 1162 discretam,

353 1195 529 1250 quam
562 1180 857 1252 sapientes
889 1184 962 1238 de
991 1200 1060 1240 ea
1088 1188 1410 1241 tractantes
1437 1185 1733 1242 licentiam
1770 1188 1998 1240 vocant.

354 1270 608 1326 Libertas
641 1273 796 1328 enim
828 1276 1062 1348 proprie
1091 1281 1200 1345 est,
1233 1296 1359 1350 quas
1387 1277 1691 1350 quodlibet
1736 1277 2000 1347 verbum,

338 1359 597 1434 .cuilibet
647 1361 895 1431 homini,
929 1365 1159 1420 fortiter
1209 1368 1387 1422 audet
1427 1366 1641 1437 dicere,
1675 1366 2001 1421 secundum

350 1447 582 1503 virtutis
614 1449 794 1522 leges,
828 1457 1004 1526 atque
1055 1455 1293 1512 moralis
1333 1456 1588 1512 scientia:
1638 1472 2002 1520 mensuram,

353 1539 543 1607 quoad
574 1543 1172 1614 tempus,personam,
1193 1546 1454 1613 modum,
1487 1551 1544 1601 et
1575 1545 1960 1618 quantitatem
1987 1559 2000 1610 ;

352 1631 418 1680 ut
449 1630 948 1697 quemadmodum
1003 1634 1151 1689 beati
1185 1639 1323 1691 sunt
1354 1635 1454 1707 qui
1493 1635 1741 1690 audiunt
1771 1638 2007 1706 propter

357 1716 537 1771 Deum
587 1735 759 1775 omne
807 1723 1048 1778 verbum
1099 1741 1387 1794 amarum,
1422 1726 1507 1781 sic
1561 1728 1767 1780 beatus
1797 1727 1876 1779 sit
1905 1722 2005 1794 qui

355 1805 615 1877 quolibet
643 1810 818 1865 verbo
841 1829 982 1867 usus
1003 1814 1073 1868 ad
1096 1815 1392 1884 juvandos
1422 1816 1737 1886 auditores,
1770 1821 1823 1871 et
1855 1813 2006 1868 nulli

2112 647 2388 718 μοναχικῇ
2448 641 2702 714 πολιτείᾳ
2753 641 2957 718 πρέπον
3017 669 3032 713 ;
3093 642 3257 719 οὗπερ
3313 643 3341 697 ὁ
3401 642 3771 721 ἐστερημένος

2114 735 2279 809 μέγας
2309 734 2552 808 μοναχὸς
2582 733 2772 804 νεκρός
2792 731 2901 786 ἐστι
2927 734 2992 786 τὰ
3021 732 3097 795 εἰς
3125 730 3358 810 θεοφιλῆ
3388 736 3771 813 χειρουργίαν,

2108 823 2197 879 καὶ
2230 822 2525 899 ἄπρακτος,
2556 822 2647 877 καὶ
2675 821 3044 898 ἀνενέργητος.

2185 920 2290 986 μς’.
2351 915 2472 970 Ἔτι
2520 911 2705 988 ἔχεις,
2765 913 2810 967 ὧ
2867 910 3065 990 ἀδελφέ
3102 958 3117 982 ,
3172 916 3654 989 παραιτησάμενος
3709 917 3772 972 έκ

2109 1001 2474 1080 παραγγελίας
2527 1003 2616 1058 καὶ
2668 1004 2768 1072 τὴν
2819 1002 3144 1079 παρρησίαν,
3193 1004 3290 1072 τήν
3353 1001 3577 1082 ἄκαιρον
3631 1009 3768 1062 πάν-

2108 1114 2238 1166 τως,
2297 1094 2395 1162 τὴν
2450 1091 2691 1168 ἄκριτον,
2745 1093 2938 1147 ταυτὸν
2999 1089 3047 1147 δ’
3106 1091 3297 1162 εἰπεῖν,
3350 1095 3455 1149 οὐκ
3495 1093 3769 1174 εὐδιάκριι

2109 1202 2224 1237 τον·
2272 1184 2334 1252 ἣν
2405 1183 2456 1237 oi
2517 1182 2672 1258 σοφοὶ
2726 1181 3005 1244 συνθέντες
3063 1181 3565 1259 ἀκαιροπαρῥησίαν
3616 1186 3760 1264 φασί.

2111 1270 2395 1348 Παῤῥησία
2454 1272 2551 1345 μὶν
2598 1270 2702 1346 γὰρ
2763 1274 2798 1341 ἡ
2858 1270 3059 1346 κυρίως
3117 1269 3257 1326 ἐστὶν
3319 1270 3374 1327 ἐν
3405 1278 3499 1345 μτῷ
3545 1273 3754 1350 θαρρεῖν

2110 1367 2214 1416 πᾶν
2251 1361 2404 1438 ῥῆμα
2432 1362 2523 1416 xui
2561 1362 2698 1436 πρὸς
2723 1362 2897 1416 πάντα
2927 1359 3211 1438 ἄνθρωπον
3245 1359 3431 1418 λαλεῖν
3472 1363 3751 1437 εὐτόλμως

2113 1452 2308 1527 ἀρετῆς
2365 1451 2549 1506 κανόνι
2606 1451 2695 1506 καὶ
2748 1452 2884 1525 πρὸς
2935 1450 3129 1527 μέτρον
3179 1452 3378 1522 ἠθικῆς
3433 1451 3754 1526 ἐπιστήμης,

2111 1540 2175 1594 τὸ
2215 1540 2350 1594 κατὰ
2392 1540 2614 1616 χρόνον,
2651 1539 2714 1594 τὸ
2764 1541 3140 1614 προσωπικὸν,
3169 1541 3232 1596 τὸ
3278 1541 3414 1596 κατὰ
3441 1541 3662 1607 τρόπον,
3693 1542 3759 1596 τὸ

2114 1629 2164 1685 ἐν
2219 1630 2508 1701 ποσότητιθ
2557 1628 2649 1684 ’ἱνα
2683 1675 2696 1700 ,
2751 1630 2932 1707 ὥσπερ
2991 1631 3042 1685 οἱ
3097 1629 3383 1693 ἀκούοντες
3443 1636 3547 1686 πᾶν
3612 1631 3765 1707 ῥῆμα

2113 1722 2354 1796 πονηρὸν
2411 1717 2585 1775 ἕνεκεν
2634 1724 2735 1775 τοῦ
2775 1722 2913 1778 Οεοῢ
2966 1720 3349 1796 μακαρίζονται
3379 1767 3395 1793 ,
3445 1720 3617 1783 οὕτως
3674 1716 3761 1791 εἷή

2119 1812 2384 1887 μακάριος
2412 1809 2501 1866 καὶ
2535 1811 2562 1864 ὁ
2593 1809 2754 1865 παντὶ
2809 1808 3016 1886 ῥήματι
3067 1810 3359 1886 χρώμενος
3410 1809 3494 1865 ἐπ’
3525 1807 3769 1887 ὠφελείᾳ

354 1893 600 1951 honesto
643 1899 817 1955 verbo
870 1918 1135 1972 parcens,
1167 1905 1399 1960 etiamsi
1449 1922 1716 1961 amarum
1765 1904 2002 1975 aliquod

354 1985 606 2005 ___p___.
667 2004 672 2005 ,
747 1994 755 2005 .
838 1993 847 2005 .
923 1991 984 2005 ..
1141 1993 1179 2005 ..
1449 1994 1502 2005 η.
1800 1994 1810 2004 .

2118 1905 2220 1954 τῶν
2281 1900 2641 1976 ἀκροωμένων
2677 1945 2692 1972 ,
2749 1899 2838 1954 καὶ
2904 1896 3070 1973 μηδέν
3149 1921 3202 1954 τι
3259 1898 3600 1954 καταλείπων
3654 1903 3763 1953 τῶν

2119 1987 2142 2005 ..
2187 1988 2200 2005 ι
2418 1989 2430 2005 ,
2490 1997 2549 2005 -_
2766 1992 2780 2005 .
2915 1988 2929 2005 ε
2993 1987 3017 2005 κ
3215 1992 3225 2005 ,
3507 1989 3552 2005 -.

352 1985 630 2054 proferat,
665 1993 856 2059 potest
885 1996 940 2045 et
967 1991 1094 2063 ipse
1125 1993 1350 2050 dicere:
1393 2015 1414 2044 ι
1448 1994 1504 2050 Si
1537 2012 1652 2050 non
1684 1994 1999 2059 venissem,

351 2077 407 2127 et
436 2072 668 2131 locutus
700 2079 943 2135 fuissem
976 2083 1080 2148 eis,
1103 2088 1406 2154 peccatum
1438 2102 1554 2140 non
1590 2085 1869 2140 haberent
1895 2085 1936 2153 ⁸,
1972 2105 2000 2133 ››

352 2162 494 2233 quia
522 2165 647 2235 pari
672 2165 946 2240 loquendi
977 2169 1245 2228 libertate
1278 2175 1349 2230 ad
1383 2179 1649 2229 mutuam
1678 2172 2004 2245 conceptio-

353 2269 510 2321 nem,
544 2261 602 2310 et
649 2257 720 2312 ad
773 2260 1238 2317 convincendum
1287 2264 1552 2319 doctrina
1595 2280 1742 2319 usus
1788 2267 1896 2318 est.
1939 2265 2008 2317 Et

353 2359 607 2413 magnus
657 2346 812 2403 Deus
862 2356 1063 2406 noster
1109 2352 1282 2408 Jesus
1309 2353 1602 2424 Christus,
1637 2371 1772 2410 cum
1823 2353 2004 2408 libere

350 2429 708 2505 loqueretur,
743 2454 960 2494 munus
1007 2457 1206 2496 eorum
1242 2443 1343 2514 qui
1387 2459 1522 2498 eum
1555 2444 1816 2499 occidere
1844 2442 2004 2498 vole-

354 2520 515 2588 bant,
545 2524 908 2584 debilitabat.
941 2533 1256 2601 Propterea
1286 2533 1672 2598 confessores,
1704 2537 1762 2588 et
1793 2532 2005 2603 reliqui

356 2616 642 2684 martyres
679 2632 712 2670 a
743 2616 859 2671 Deo
911 2617 1134 2674 laudati
1184 2625 1343 2691 sunt,
1377 2622 1477 2692 qui
1510 2621 1636 2693 ipse
1665 2622 1725 2676 in
1757 2621 1882 2676 suis
1914 2620 2006 2674 ul-

354 2699 617 2758 tionibus
648 2705 806 2776 apud
839 2705 1235 2777 Psalmistam,
1271 2733 1298 2760 «
1326 2709 1508 2766 libere
1542 2711 1658 2784 agit
1687 2712 1727 2766 θ.
1765 2734 1788 2761 ι

429 2883 518 2937 47.
552 2884 712 2941 Talis
742 2890 832 2941 est
860 2887 1173 2945 laudabilis
1202 2889 1481 2961 loquendi
1528 2893 1792 2962 libertas,
1826 2910 2006 2965 quam

355 2971 524 3028 aliter
547 2978 611 3028 ut
631 2976 1032 3033 fortitudinem
1066 2980 1324 3036 divinam
1352 2987 1407 3036 et
1437 2983 1758 3055 legitimam
1794 2983 2009 3040 haben-

351 3061 486 3116 dam
519 3065 853 3135 suppeditat
883 3071 1083 3122 sancta
1115 3069 1383 3126 initiatio.
1419 3076 1690 3127 Attamen
1736 3073 1784 3128 si
1819 3075 2007 3145 quod-

348 3148 492 3206 libet
523 3153 759 3210 obvium
811 3156 882 3211 ad
935 3157 1229 3228 quoslibet
1278 3160 1412 3231 quis
1464 3166 1711 3228 eructat,
1745 3162 1795 3217 si
1844 3163 2005 3218 omni

348 3241 522 3296 verbo
555 3259 618 3297 os
647 3247 852 3314 aperit,
885 3247 1132 3302 audacia
1161 3249 1347 3304 utitur
1375 3251 1799 3318 indomita,nec
1830 3253 2007 3308 habet

2116 1987 2346 2044 δεόντων
2408 1989 2683 2065 ῥηθῆναι,
2737 1992 2782 2046 εἰ
2841 1988 2931 2047 καὶ
2990 1987 3232 2064 δακνηρά
3288 2010 3409 2044 τινα
3461 1989 3768 2066 φθέγγεται’

2103 2065 2199 2134 εῐνα
2233 2077 2362 2154 λέγῃ
2391 2081 2481 2137 καὶ
2515 2082 2673 2146 αὐτὸς
2721 2085 2806 2139 τό·
2843 2109 2871 2136 ‹‹
2926 2082 2987 2137 Εἰ
3041 2083 3116 2154 μὴ
3165 2078 3339 2150 ἦλθον
3389 2065 3481 2135 xui
3522 2075 3773 2148 ἐλάλησα

2112 2171 2320 2242 αὐτοῖς,
2374 2171 2642 2248 ἁμαρτίαν
2687 2174 2790 2227 οὐκ
2846 2173 2996 2247 εἶχον
3049 2195 3078 2222 ››
3130 2169 3272 2225 οὕτω
3319 2167 3769 2244 παρρησιαζόμε-

2111 2281 2203 2322 νος
2239 2259 2289 2314 ἐν
2326 2258 2682 2336 ἀλληλουχίᾳ
2711 2265 2777 2334 τῇ
2825 2259 2961 2314 κατὰ
3009 2255 3361 2313 διδασκαλίαν
3390 2253 3481 2310 καὶ
3512 2252 3769 2329 ἔλεγχον.

2115 2355 2213 2407 Καὶ
2273 2354 2300 2407 ὁ
2359 2355 2527 2428 μέγας
2596 2352 2727 2416 θεὸς
2784 2354 2994 2425 ἡμῶν,
3052 2351 3266 2421 Ἰησοῦς
3340 2348 3568 2423 Χριστὸς
3605 2393 3618 2418 ,
3678 2345 3771 2400 ὅτε

2113 2441 2390 2519 παρρησίᾳ
2447 2439 2683 2510 ἐλάλει,
2737 2439 3030 2517 έξενεύριζε
3082 2441 3178 2501 τὰς
3237 2443 3430 2514 χεῖρας
3485 2441 3594 2491 τῶν
3652 2434 3769 2499 ἐθε-

2115 2532 2323 2587 λόντων
2369 2529 2744 2605 καταμάλετᾷν
2791 2530 2976 2586 αὐτοῦ.
3011 2530 3090 2584 Δι’
3135 2528 3304 2598 αὐτῆς
3335 2526 3425 2582 καὶ
3456 2526 3507 2580 οἳ
3549 2523 3768 2599 ὁμολο-

2113 2621 2276 2697 γηταὶ
2332 2621 2420 2676 καὶ
2479 2623 2531 2675 oi
2593 2618 2781 2675 λοιποὶ
2836 2618 2893 2674 δὲ
2945 2618 3438 2691 ἐθαυμαστώθησαν
3495 2615 3766 2691 μάρτυρες

2117 2709 2221 2764 ὑπὸ
2250 2715 2350 2765 τοῦ
2382 2715 2537 2779 Θεοῦ,
2564 2714 2661 2765 τοῦ
2713 2708 2800 2764 καί
2833 2708 2885 2765 ἐν
2918 2706 3222 2780 ἐκδικήσεσι
3253 2705 3767 2784 παρρησιαζομένου

2115 2799 2432 2875 ψαλμικῶς.

2191 2893 2297 2966 μς’.
2333 2890 2430 2946 Kui
2477 2887 2660 2946 τοιάδε
2713 2890 2806 2962 μὶν
2859 2891 2894 2959 ἡ
2945 2887 3308 2961 ἐπαινουμένη
3361 2885 3660 2962 παρρησία,
3702 2886 3763 2954 ἣν

2114 2982 2203 3035 xui
2264 2980 2452 3044 ἄλλως
2509 2983 2544 3050 ἠ
2605 2979 2872 3055 ἱερωτάτη
2938 2978 3296 3054 μυσταγωγία
3345 2976 3562 3049 τόλμαν
3621 2976 3766 3030 θείαν

2117 3072 2472 3146 ἀκατάκριτον
2535 3065 2838 3125 ὑποϐάλλει
2895 3074 3038 3123 νοεῖν
3075 3111 3087 3124 .
3147 3068 3213 3125 Εἴ
3292 3065 3476 3140 μέντοι
3543 3071 3647 3120 πᾶν
3703 3066 3761 3120 τὸ

2117 3160 2344 3225 ἐπελθὸν
2403 3159 2492 3215 xui
2547 3160 2682 3236 πρὸς
2737 3159 2941 3219 πάντας
2999 3155 3324 3234 ἐξερεύγεταί
3353 3177 3458 3224 τις,
3488 3153 3751 3210 καὶπαντί

2119 3251 2323 3326 ῥήματι
2383 3249 2722 3304 ἐκπετάννυσι
2783 3249 2847 3304 τὸ
2905 3247 3100 3319 στόμα,
3154 3250 3383 3319 τολμῶν
3434 3246 3536 3300 οὐκ
3578 3242 3753 3298 timui.

348 3331 594 3401 positam
625 3335 954 3390 custodiam
1004 3338 1387 3410 Dominicam,
1422 3357 1611 3412 neque
1643 3342 1859 3397 ostium
1891 3343 2002 3398 cir-

2118 3319 2323 3408 δευτα,
2387 3337 2528 3412 μηδὲ
2602 3334 2746 3413 ἔχων
2808 3336 3053 3415 φυλακὴν
3116 3335 3257 3399 θείαν
3309 3332 3759 3407 ἐπιτεθειμένην,

348 3423 718 3478 cumstantiae
770 3424 942 3480 labiis
989 3427 1135 3492 suis,
1185 3426 1283 3483 ille
1329 3432 1586 3502 profecto
1643 3432 2001 3487 daamonium

347 3510 541 3580 habet,
576 3514 735 3568 modi
786 3515 1100 3571 immemor
1129 3525 1479 3592 est,quando
1511 3523 1880 3579 occurrentia
1909 3524 2000 3576 in-

347 3600 615 3656 consulte
641 3602 954 3675 eloquitur.
971 3610 1113 3661 Cum
1135 3611 1424 3680 reperitur
1443 3612 1556 3667 ista
1589 3613 1742 3668 mala
1763 3613 2002 3668 libertas

347 3691 502 3760 apud
532 3707 731 3746 senem
764 3693 920 3749 hunc
954 3701 1567 3774 magnum,audacem,
1592 3701 2002 3760 irreverentem

345 3783 403 3834 et
459 3790 817 3851 protervum,
851 3785 985 3856 quis
1028 3788 1296 3858 ejusdem
1354 3792 1653 3847 recusabit
1705 3810 2000 3866 murmur,

345 3868 638 3940 querelas,
674 3873 830 3928 mala
880 3874 1129 3945 minora,
1163 3893 1497 3951 causasque
1526 3881 1916 3939 dissensionis
1946 3887 2004 3939 et

348 3957 480 4028 ira,
541 3959 748 4017 horum
811 3963 1034 4020 scilicet
1091 3967 1382 4024 malorum
1458 3987 1585 4042 quae
1641 3973 1713 4026 ad
1772 3988 2002 4043 pugnos

349 4049 626 4120 abeunt;
684 4055 741 4107 et
800 4069 1054 4124 quorum
1109 4057 1351 4114 effectus
1410 4058 1752 4132 plerumque
1815 4063 2002 4119 caedes

350 4142 461 4194 est.

417 4409 505 4463 48.
541 4410 607 4465 Ει
653 4412 972 4471 amicitiam
1025 4417 1334 4489 privatam,
1368 4436 1400 4474 ο
1432 4419 1630 4488 frater,
1664 4419 1856 4476 adhuc
1905 4438 2003 4476 re.

349 4497 556 4565 nuisti,
590 4505 656 4555 ut
697 4501 918 4558 dictum
966 4509 1072 4575 est,
1103 4508 1338 4577 quando
1392 4508 1617 4580 angelis
1668 4510 2002 4582 adscriptus

348 4604 433 4657 es,
461 4605 808 4648 accessurus
839 4595 907 4648 ad
939 4593 1125 4650 Deum
1152 4599 1250 4668 qui
1283 4597 1605 4653 amicitiam
1637 4600 1999 4655 moderatur.

348 4678 666 4735 Considera
711 4680 893 4752 igitur
944 4689 1164 4740 attente
1220 4687 1506 4757 privatam
1567 4687 1887 4744 amicitiam
1929 4690 2000 4745 ab

349 4769 681 4837 universali,
718 4777 874 4827 recto
910 4773 1157 4843 judicio,
1191 4775 1442 4830 differre.
1487 4776 1706 4832 Forsan
1758 4777 1997 4849 aliquod

347 4859 707 4930 paradoxum
736 4861 843 4916 tibi
875 4862 1048 4917 modo
1075 4862 1441 4935 propositum
1469 4865 1650 4922 fuisse
1672 4867 1996 4923 arbitraris.

349 4947 409 5002 Si
440 4948 598 5003 enim
631 4949 730 5005 ubi
782 4951 852 5005 de
885 4951 1097 5006 atomis
1140 4953 1354 5024 agitur,
1389 4972 1655 5026 parvum,
1689 4957 1880 5027 qualis
1911 4963 2002 5014 est

351 5038 664 5109 peculiaris
713 5039 988 5108 amicitia,
1027 5043 1368 5113 fugiendum
1400 5049 1508 5110 est,
1545 5050 1767 5116 quanto
1810 5048 2000 5119 magis

347 5128 448 5182 ubi
481 5130 550 5184 de
581 5130 856 5185 universo
889 5135 947 5185 et
976 5133 1046 5187 de
1077 5149 1288 5204 genere
1319 5136 1562 5206 questio
1592 5137 1716 5191 est!
1753 5138 1864 5193 Res
1896 5155 1999 5192 au-

348 5223 490 5290 tem,
520 5220 600 5274 mi
635 5221 828 5289 frater,
867 5239 978 5278 non
1014 5222 1098 5279 sic
1144 5241 1207 5279 se
1237 5224 1432 5292 habet,
1465 5226 1565 5281 sed
1600 5226 1772 5283 hocce
1803 5227 1998 5282 modo.

419 5421 506 5475 49.
534 5421 887 5478 Difficillime
904 5423 1282 5497 colliguntur,
1301 5433 1356 5482 et
1371 5427 1466 5481 vix
1483 5428 1554 5482 ad
1573 5428 1874 5484 oculorum
1899 5427 2001 5482 ob-

345 5513 542 5566 tutum
563 5519 872 5569 moventur
889 5515 1301 5587 peculiaria,eo
1318 5519 1471 5589 quod
1489 5535 1603 5574 non
1618 5517 2000 5586 deﬁniuntur,

351 5602 407 5651 et
437 5598 496 5652 in
525 5599 684 5657 mille
735 5604 1053 5676 particulas
1101 5605 1471 5680 dividuntur,
1504 5609 1585 5664 ita
1626 5612 1690 5663 ut
1719 5624 1911 5679 neque
1942 5607 2001 5664 in

415 5795 435 5830 ⁸
465 5796 676 5852 Joann.
708 5817 802 5876 xv,
833 5809 922 5863 22.
1000 5810 1021 5844 θ
1045 5807 1200 5867 ΡειΙ.
1233 5825 1396 5878 xum,
1432 5809 1482 5865 1.

2117 3429 2258 3505 μηδὲ
2287 3431 2449 3504 θυραν
2503 3434 2776 3504 περιοχῆς
2804 3426 2926 3501 περί
2983 3426 3050 3480 τὰ
3097 3424 3265 3500 χείλη
3312 3424 3498 3493 αὐτοῦ,
3532 3421 3767 3496 δαιμονᾷ

2113 3524 2141 3575 ὁ
2201 3524 2446 3582 τοιοῦτος
2505 3519 2779 3594 ἄντικρυς,
2831 3518 2918 3572 καὶ
2972 3515 3070 3571 οὐκ
3123 3515 3176 3572 ἐν
3243 3520 3541 3580 καθεστῶτι
3596 3513 3762 3588 μένει,

2113 3612 2189 3675 ὡς
2245 3608 2573 3683 ἀδιακρίτως
2619 3609 2686 3664 τὰ
2733 3607 2954 3663 ἐπιόντα
3002 3606 3388 3684 φθεγγόμενος.
3449 3604 3631 3675 Οὔσης
3696 3601 3762 3674 δή

2112 3701 2203 3756 καὶ
2260 3700 2564 3776 παρρησίας
2615 3706 2716 3768 τῆς
2775 3697 3151 3772 ἁπειρημένης
3203 3697 3349 3773 παρὰ
3400 3700 3480 3768 τῷ
3525 3693 3766 3766 τοιούτῳ

2117 3787 2363 3864 μεγάλῳ,
2421 3787 2754 3865 καλογὶρῳ,
2813 3789 2929 3842 καθ’
2983 3788 3045 3856 ἢν
3104 3786 3239 3861 πρὸς
3297 3782 3569 3840 ἀναίδειαν
3635 3781 3767 3838 τολ-

2117 3884 2231 3954 μῶν
2308 3879 2673 3956 θρασύνεται,
2728 3876 2809 3939 τίς
2894 3874 2954 3931 ἃν
3028 3876 3287 3955 ἀποφήσῃ
3345 3879 3443 3930 τοῦ
3508 3873 3765 3929 τοιούτου

2111 3970 2202 4024 xui
2271 3969 2365 4024 τὸν
2450 3967 2763 4045 γογγυσμὸν
2835 3965 2924 4021 xui
2981 3965 3046 4021 τὸ
3113 3965 3375 4042 φίθυρον,
3431 3966 3500 4018 τὰ
3554 3961 3769 4019 ἐλάττω

2111 4059 2269 4126 κακὰ,
2323 4059 2412 4114 καὶ
2467 4058 2782 4133 προάγοντα
2831 4057 2960 4117 τοὺς
3019 4057 3094 4117 ὡς
3150 4057 3268 4109 οἷον
3309 4059 3634 4130 προαγῶνας
3664 4061 3767 4122 τῆς

2108 4170 2168 4204 τε
2225 4145 2406 4226 ἔριδος
2490 4147 2580 4203 καὶ
2634 4152 2731 4202 τοῦ
2816 4148 2991 4218 θυμοῦ
3029 4192 3044 4217 ,
3102 4147 3210 4199 τῶν
3269 4143 3766 4220 προεκτεθειμένων

2113 4238 2414 4315 ἐναγωνίων
2469 4241 2649 4293 κακῶν
2683 4263 2699 4310 ς
2731 4237 2804 4291 ὧν
2858 4235 2949 4291 xui
3000 4232 3155 4314 φόνοι
3213 4229 3510 4309 πολλαχοῦ
3569 4231 3771 4288 ἀποτέ-

2113 4326 2310 4402 λεσμα.

2188 4425 2300 4491 μη’.
2335 4419 2453 4474 "En
2488 4418 2740 4484 ἀπεῖπας,
2774 4416 2820 4468 ὧ
2866 4411 3086 4492 ἀδελφὲ,
3117 4411 3207 4472 xui
3255 4413 3379 4482 τὴν,
3412 4411 3489 4475 ὠς
3530 4410 3766 4486 εἷ’ρηται,

2117 4509 2344 4582 μερικὴν
2395 4505 2616 4584 φιλίαν,
2675 4505 2764 4561 ὅτε
2817 4509 2934 4567 τοῖς
2992 4501 3248 4580 ἀγγέλοις
3308 4501 3626 4580 ἐνεγράφου,
3689 4503 3768 4564 ὡς

2111 4595 2596 4671 παραστησόμενος
2663 4599 2745 4666 τῷ
2813 4593 2900 4648 καὶ
2967 4597 3067 4658 τῆς
3120 4590 3306 4671 φιλίας
3365 4590 3546 4668 ἐφόρῳ
3604 4595 3766 4663 Θεῷ.

2111 4688 2312 4761 Θεώρει
2374 4686 2552 4742 τοίνυν
2626 4683 3020 4757 ἂναπεμπάζων
3095 4685 3194 4752 τὴν
3276 4682 3504 4756 μερικὴν
3582 4679 3770 4755 φιλίαν

2113 4775 2577 4849 διαστελλομένην
2631 4773 2794 4851 σοφίᾳ
2853 4776 3161 4847 θεωρητικῇ
3220 4771 3359 4847 πρὸς
3405 4771 3507 4839 τὴν
3537 4769 3764 4834 καθολι-

2107 4869 2232 4937 κήν·
2267 4867 2358 4920 xui
2386 4866 2533 4941 τάχα
2567 4865 2661 4938 μὶν
2709 4857 3011 4923 ὑπολάϐοις
3057 4860 3120 4916 ἂν
3149 4857 3453 4936 παράδοξόν
3486 4881 3539 4914 τι
3601 4881 3766 4934 νομο-

2109 4959 2377 5012 θετεῖσθαι
2431 4978 2515 5012 σοι
2573 4955 2815 5010 ἐνταῦθα.
2849 4953 2914 5007 Εἴ
2945 4952 3046 5028 γὰρ
3078 4953 3140 5006 τὸ
3201 4949 3252 5005 ἐν
3306 4949 3538 5023 ἀτόμοις
3572 4951 3762 5026 μικρὸν

2112 5046 2396 5122 λογιστέον
2454 5047 2703 5125 φευκτὸν,
2753 5047 2943 5099 ὁποῖον
3003 5042 3091 5096 xui
3148 5042 3210 5096 τὸ
3260 5039 3442 5116 φιλεῖν
3504 5044 3760 5116 μερικῶς,

2111 5133 2311 5207 πολλῷ
2361 5133 2428 5205 δὴ
2481 5134 2650 5192 πλέον
2685 5135 2747 5190 τὸ
2787 5133 2840 5188 ἐν
2878 5138 2959 5206 τῷ
3009 5125 3250 5188 καθόλου
3279 5131 3371 5186 καὶ
3402 5135 3648 5206 γενικῶς.
3681 5127 3758 5181 Τὸ

2113 5224 2171 5281 δέ
2199 5226 2364 5294 ἐστιν,
2418 5224 2462 5280 ὦ
2513 5223 2712 5303 ἀδελφὶ
2742 5272 2755 5297 ,
2788 5222 2892 5299 οὐγ
2926 5221 3069 5278 οὕτω
3101 5219 3456 5297 διακείμενον,
3488 5217 3611 5274 ἀλλ’
3637 5209 3750 5288 ἔχει

2114 5313 2219 5370 ὧδέ
2249 5337 2386 5378 πως.

2189 5430 2292 5498 μθ’.
2347 5423 2422 5476 Τὰ
2477 5421 2670 5499 μερικὰ
2718 5418 3132 5498 δυσπερίληπτά
3194 5417 3294 5474 εἷ’σι
3351 5417 3559 5472 πάντως
3596 5455 3610 5480 ,
3667 5409 3762 5464 xui

2113 5510 2240 5567 οὐδὲ
2270 5510 2467 5589 ῥᾳδίως
2515 5511 2589 5576 είς
2647 5508 2925 5566 ἐπέλευσιν
2979 5510 3284 5584 ἱκνούμενα,
3320 5502 3408 5558 διὰ
3452 5502 3552 5571 τήν
3585 5499 3637 5555 ἐν
3674 5500 3768 5556 αὗ-

2109 5607 2226 5665 τοῖς
2254 5602 2500 5680 ἀπειρίαν
2553 5601 2643 5657 καὶ
2699 5601 2762 5656 τὸ
2815 5600 3051 5666 ἐντεῦθεν
3107 5593 3486 5676 μυριοσχιδὶς,
3526 5591 3620 5649 καὶ
3652 5593 3768 5648 οἷον
