4082 6352
276 391 396 451 769

279 525 421 600 μήτε
477 520 556 584 εἰς
608 521 809 597 γνῶσιν

274 598 578 691 ἀκρίϐειαν,
645 609 783 678 μήτε
832 605 908 670 εἷς
955 605 1263 678 ἐπιστήμην
1309 604 1724 679 προενεχθῆναι.
1766 601 1830 658 Ἡ
1881 598 1938 691 δὲ

278 689 550 769 καθολικὴ
614 696 890 771 σύλληψις
942 695 1191 771 ὥρισται,
1250 693 1341 749 καὶ
1402 691 1470 747 δι’
1530 691 1662 747 αὐτὸ
1717 690 1806 746 καὶ
1869 689 1944 754 εἰς

283 794 451 874 ῥᾴονα
507 793 705 866 γνῶσιν
757 785 900 857 ἥκει,
933 784 1023 839 καὶ
1086 781 1454 858 μεθοδεύεται,
1484 782 1569 836 καὶ
1629 785 1948 857 τεχνοῦται,

279 868 372 940 καὶ
403 882 574 942 οὕτως
626 877 702 939 εῗ’ς
759 873 1030 952 βιωφελὲς
1077 868 1385 949 προϐαίνει.
1416 871 1513 926 Διά
1558 871 1737 925 τοίνυν
1781 875 1950 925 ταῦτα

281 975 372 1030 καὶ
432 970 744 1046 ἀπῃτήθης,
790 966 879 1020 καὶ
940 963 1167 1018 συνέθου
1228 962 1461 1017 ἐνώπιον
1519 960 1610 1016 καὶ
1670 964 1801 1016 Θεοῦ
1859 958 1949 1014 καὶ

286 1062 552 1141 ἀγγέλων,
609 1080 683 1130 μη
737 1059 805 1129 τῇ
869 1057 1065 1129 μερικῇ
1119 1052 1481 1141 προσανέχειν
1536 1050 1712 1141 φιλίᾳ,
1771 1055 1841 1125 τῇ
1894 1049 1948 1141 ἐς

287 1138 531 1227 ἀπειρίαν
608 1143 1000 1217 διεκπιπτούσῃ
1080 1139 1499 1218 ἀπερίληπτον,
1555 1138 1648 1194 ’ἱνα
1737 1141 1812 1213 μὴ
1885 1139 1954 1193 τὰ

284 1242 524 1318 ἀκίχητα
574 1236 814 1308 διώκων,
845 1234 919 1296 εἰς
978 1235 1152 1308 μάτην
1207 1235 1407 1305 πονῇς,
1440 1228 1586 1288 ἀλλὰ
1635 1233 1704 1304 τῇ
1765 1251 1950 1318 συνεᾳ.

279 1317 607 1408 παραμένῃ,
637 1326 727 1382 καὶ
775 1323 852 1388 εἵς
897 1345 948 1378 τι
996 1323 1051 1378 ἓν
1105 1322 1465 1400 σφιγγομένῃν
1513 1320 1604 1374 καὶ
1649 1317 1955 1396 στρογγυλ’

281 1421 490 1496 λομὲνῃ
523 1419 658 1494 πρὸς
695 1414 934 1484 ὁλότητα
964 1412 1110 1486 μίαν.
1140 1413 1245 1467 Καὶ
1289 1410 1350 1465 οὐ
1411 1408 1558 1485 λέγω
1607 1410 1809 1480 ταύτην
1855 1431 1948 1486 γε-

279 1506 575 1583 νικήν,⁹ίνα
628 1507 705 1580 μὴ
759 1504 848 1558 καὶ
910 1503 988 1564 εἰς
1035 1499 1296 1556 ἀδύνατον
1353 1499 1684 1572 ἐκπεσοῦμαι
1742 1499 1952 1574 παράγ-

282 1601 488 1678 γελμα,
518 1591 966 1673 προκαλούμενός
1022 1611 1078 1645 σε
1134 1590 1336 1651 πάντας
1386 1589 1720 1678 ἀκιιθριιῦτιτουςΔ
1759 1586 1956 1678 ἁπλῶς

287 1676 429 1747 οὕτω
481 1687 571 1742 καὶ
624 1682 989 1743 ἀνεπιστάτως
1049 1679 1227 1759 φιλεῖν
1267 1700 1279 1712 ·
1314 1677 1445 1753 ὅπερ
1499 1676 1612 1732 οὐδ’
1666 1676 1797 1732 αὐτὸ
1853 1677 1954 1752 ῥᾴ-

289 1780 426 1848 διον,
459 1777 543 1832 ὅτι
603 1775 678 1849 μὴ
735 1773 824 1828 καὶ
880 1769 1117 1844 μᾶλλον,
1146 1775 1247 1838 τῆς
1278 1775 1507 1846 μερικῆς
1565 1766 1656 1822 καὶ
1707 1767 1757 1822 ἐν
1815 1766 1956 1821 ἀτό-

289 1890 413 1944 μοις
490 1864 676 1945 φιλίας
754 1859 1368 1936 δυσκατεργαστότερον.
1436 1855 1654 1914 Οὔκουν
1749 1856 1955 1945 θαρρῶ,

281 1943 512 2036 γενικὴν
549 1955 742 2021 εἷ’πεῖν,
776 1950 922 2006 ἀλλὰ
981 1948 1220 2023 μάλιστα
1269 1947 1486 2018 ὁλικήν.
1521 1947 1760 2017 Τοιαύτη
1824 1943 1946 2036 δὲ

281 2034 378 2105 τοῦ
435 2049 594 2117 Θεοῦ,
648 2045 683 2112 ἡ
743 2041 879 2116 πρὸς
939 2039 1032 2093 τὸν
1091 2037 1239 2106 Θεὸν,
1298 2039 1333 2107 ἡ
1391 2036 1527 2091 κατὰ
1587 2036 1740 2108 Θεὸν,
1800 2038 1835 2105 ἡ
1898 2034 1949 2089 ἐν

284 2139 431 2210 αὖτῷ
477 2138 615 2206 Θεῷ’
658 2132 715 2186 ’ὸν
762 2125 910 2203 εἷ’περ
960 2127 1162 2202 φιλεῖς,
1197 2125 1296 2181 οὐκ
1346 2122 1495 2201 ἔχεις
1545 2123 1733 2203 φιλίαν
1795 2145 1950 2201 μερι-

285 2229 412 2297 κὴν,
470 2221 600 2280 οὐδὲ
659 2222 764 2296 μὴν
836 2221 937 2288 τὴν
1014 2215 1360 2291 (σεμνότερον
1443 2217 1627 2294 φάναι)
1707 2216 1952 2291 γενικὴν,

293 2317 437 2373 ἀλλὰ
484 2312 839 2388 καιριώτερον
887 2307 1292 2384 ἀποφήνασθαι,
1324 2306 1423 2375 τὴν
1487 2303 1706 2376 ὁλικήν.
1743 2304 1805 2362 Εἰ
1853 2306 1955 2382 γὰρ

289 2409 351 2462 τὸ
397 2403 596 2481 κυρίως
649 2401 778 2457 ὅλον
830 2399 858 2453 6
902 2397 1053 2465 Θεὸς,
1105 2394 1175 2450 δι’
1207 2397 1269 2451 οὗ
1304 2394 1564 2468 ξύμπασα
1603 2393 1806 2466 ὁλότης
1859 2396 1956 2450 πὲ-

288 2515 477 2575 φηνεν,
505 2491 540 2562 ἦ
596 2512 657 2546 τε
702 2488 838 2544 κατᾶ
882 2485 1088 2560 κόσμον
1138 2487 1230 2575 καὶ
1279 2488 1315 2555 ἡ
1352 2483 1754 2561 ὑπερκόσμιος,
1790 2483 1955 2553 ὀλική

285 2573 500 2646 πάντως
561 2579 728 2650 ἐστὶν,
787 2577 965 2648 ὥσπερ
1025 2579 1062 2646 ἡ
1120 2573 1286 2630 αὐτοῦ
1343 2575 1483 2651 πρὸς
1551 2575 1755 2635 πάντας
1811 2576 1962 2646 ἡμᾶς

287 2673 446 2752 φιλία
497 2673 583 2746 (ὃς
633 2668 765 2731 τοὺς
846 2666 1010 2721 αὐτοῦ
1078 2663 1408 2752 θεράποντας
1485 2663 1666 2718 οὐκέτι
1729 2659 1964 2752 ὃοόλους

285 2750 463 2834 καλεῖ,
497 2757 624 2816 ἀλλ’
657 2757 735 2819 εἰς
793 2754 988 2834 φίλους
1018 2754 1297 2830 ἐγκρίνει),
1331 2751 1475 2808 οὕτω
1506 2754 1594 2808 καὶ
1660 2755 1695 2822 ἡ
1733 2750 1963 2806 ἑκάστου

290 2859 397 2911 τῶν
431 2851 598 2907 αὐτοῦ
649 2845 994 2922 θεραπόντων
1042 2843 1178 2918 πρὸς
1231 2841 1388 2897 αὐτὸν
1441 2842 1626 2918 ἀγάπη
1689 2841 1966 2919 φιλοθὲως

297 2941 736 3015 ἀνακάμπτουσα,
771 2933 932 3005 ὁλική
968 2933 1079 2988 ἔστι
1112 2929 1202 2986 διὰ
1238 2933 1301 2986 τὸ
1351 2932 1468 2987 κατ’
1497 2929 1665 3001 αὐτὴν
1717 2929 1963 3001 ὁλόκλη-

312 3053 426 3110 ρον,
457 3031 546 3086 καὶ
578 3028 631 3082 ἰν
663 3023 1002 3102 ἐκεραιότητι
1034 3019 1270 3084 ἐντελὲς.

380 3122 440 3177 ν’.
473 3122 536 3176 Ὀ
565 3121 694 3194 γοῦν
731 3112 1177 3190 μεγαλοσχήμων
1218 3114 1314 3166 τοῦ
1367 3113 1501 3166 Θεοῦ
1560 3107 1709 3173 ὅσιος
1762 3108 1965 3164 ἐκεῖνον

307 3208 487 3286 φιλῶν
547 3206 776 3273 ὸλικῶς,
809 3202 1008 3275 καὶτῷ
1036 3199 1226 3277 τρόπῳ
1272 3198 1449 3274 τούτῳ
1502 3200 1602 3268 τήν
1661 3198 1799 3266 πρὸς
1840 3197 1970 3286 τοὸς

1288 382 1388 442 DE
1431 381 1927 442 EMENDANDA
1968 380 2156 440 Vl'l‘A
2211 379 2692 440 MONACHICA.

891 514 1088 582 ἐλθεῖν,
1143 515 1282 588 μήτε
1333 510 1720 587 μεθοδευθῆναι
1793 511 1966 587 πρὸς

2082 513 2438 583 ognitionem
2468 513 2726 584 veniant,
2761 526 2944 584 neque
2974 517 3132 569 certa
3181 515 3305 586 lege
3352 521 3553 574 exacte
3601 519 3699 576 in-

3583 388 3706 446 ’ΠΟ

2058 603 2442 675 vestigentur,
2475 619 2578 658 nec
2610 603 2669 657 in
2702 603 3008 660 scientiam
3039 605 3505 662 introducantur.
3565 609 3704 665 Uni-

2057 710 2226 748 versa
2256 697 2452 748 autem
2485 693 2644 748 notio
2677 693 2919 748 deﬁnita
2949 699 3058 760 est,
3091 698 3146 749 et
3203 696 3260 750 in
3305 697 3694 767 cognitionem

2060 782 2291 838 facilem
2340 782 2516 852 venit,
2576 782 2850 838 methodo
2909 782 3312 854 investigatur,
3365 787 3702 860 meditatur,

2061 876 2119 928 et
2145 876 2235 928 est
2265 872 2449 927 utilis.
2484 872 2614 928 Ideo
2671 873 3066 944 interrogatus
3123 890 3206 941 es,
3255 879 3312 929 et
3361 878 3707 947 promisisti,

2060 962 2121 1016 in
2153 966 2466 1034 conspectu
2505 963 2598 1017 Dei
2630 966 2686 1018 et
2715 963 3059 1032 angelorum
3090 963 3443 1035 peculiarem
3506 967 3707 1022 amici-

2061 1052 2201 1107 tiam
2239 1069 2354 1107 non
2388 1053 2620 1123 sectari,
2651 1069 2776 1124 quae
2807 1053 2996 1108 tendit
3027 1053 3084 1108 in
3119 1054 3446 1119 indeﬁnita,
3479 1061 3535 1110 et
3592 1073 3707 1112 non

2062 1141 2527 1214 circumscripta,
2565 1159 2636 1197 ne
2683 1143 2943 1198 inacessa
2977 1160 3335 1215 persequens
3359 1146 3621 1217 fatigeris
3648 1149 3707 1202 in

2060 1249 2276 1286 vanum
2304 1248 2317 1301 ;
2355 1231 2540 1303 magis
2572 1235 2768 1286 autem
2800 1233 3066 1287 charitati
3099 1233 3337 1288 studeas
3387 1251 3514 1305 quae
3564 1238 3710 1292 deﬁ-

2064 1320 2187 1375 nita
2209 1328 2319 1388 est,
2350 1338 2475 1392 quae
2497 1321 2836 1376 convenitin
2863 1321 3081 1392 aliquid
3107 1328 3379 1389 unum,et
3399 1324 3551 1380 circa
3575 1328 3709 1382 uni-

2062 1411 2398 1466 versitatem
2431 1410 2665 1466 unicam
2701 1415 2985 1466 versatur.
3009 1412 3122 1467 Nec
3151 1414 3481 1485 generalem
3524 1416 3712 1472 chari-

2064 1503 2242 1555 tatem
2275 1501 2428 1569 dico,
2463 1501 2795 1571 nejubeam
2824 1500 3210 1571 impossibile,
3244 1519 3375 1557 cum
3401 1505 3470 1558 ad
3506 1522 3713 1560 aman-

2065 1590 2173 1644 dos
2230 1606 2434 1643 omnes
2475 1589 2744 1644 homines
2801 1593 2856 1644 te
2916 1589 3264 1661 simpliciter
3321 1597 3380 1648 et
3439 1594 3706 1650 absolute

2067 1679 2286 1747 hortor,
2322 1679 2476 1750 quod
2513 1695 2628 1734 non
2661 1683 2750 1734 est
2784 1677 3034 1746 facilius,
3090 1679 3206 1734 imo
3263 1682 3564 1739 difﬁcilius
3623 1689 3714 1741 est

2069 1785 2244 1841 quam
2278 1767 2588 1840 peculiaris
2646 1768 2900 1840 partium
2957 1769 3235 1825 amicitia.
3289 1771 3531 1828 Minime
3574 1791 3711 1846 ergo

2069 1859 2254 1913 audeo
2280 1857 2611 1929 generalem
2643 1857 2856 1926 dicere,
2891 1859 2992 1914 sed
3044 1860 3297 1916 maxime
3344 1861 3605 1918 totalem.
3664 1867 3715 1921 Is

2060 1953 2149 2004 est
2179 1964 2342 2002 amor
2373 1947 2492 2015 Dei,
2527 1964 2690 2002 amor
2721 1947 2792 2002 ad
2827 1953 3028 2015 Deum,
3062 1951 3388 2006 secundum
3429 1953 3606 2008 Deum
3657 1958 3714 2010 et

2062 2038 2120 2091 in
2153 2037 2306 2106 Deo;
2343 2053 2517 2108 quem
2551 2037 2599 2092 si
2634 2037 2944 2107 amaveris,
2979 2055 3094 2094 non
3152 2038 3506 2110 peculiarem
3556 2060 3718 2099 amo-

2064 2143 2207 2193 rem,
2242 2142 2347 2181 nec
2377 2127 2558 2198 (quod
2619 2125 2952 2182 mirabilius
3013 2127 3320 2196 videbitur)
3376 2131 3711 2200 generalem

2064 2215 2332 2280 habebis,
2356 2216 2457 2271 sed
2489 2215 2682 2271 verius
2713 2215 2972 2272 totalem.
3007 2216 3065 2271 Si
3098 2217 3254 2271 enim
3289 2219 3520 2290 proprie
3561 2226 3714 2276 Deus

2066 2309 2156 2361 est
2210 2309 2424 2372 totum,
2485 2321 2588 2376 per
2645 2321 2820 2376 quem
2878 2310 3037 2362 totus
3090 2306 3422 2379 universus,
3480 2309 3600 2365 sive
3657 2311 3717 2366 in

2069 2395 2312 2460 mundo,
2345 2393 2465 2450 sive
2488 2410 2668 2465 supra
2699 2395 3011 2464 mundum,
3035 2396 3326 2467 apparuit,
3353 2397 3554 2454 totalis
3591 2417 3717 2455 om-

2070 2483 2207 2538 nino
2239 2487 2345 2553 est,
2378 2484 2533 2539 sicut
2563 2483 2664 2539 Dei
2697 2500 2862 2539 amor
2891 2485 2962 2539 ad
2997 2502 3105 2541 nos
3134 2502 3337 2542 omnes
3369 2487 3490 2559 (qui
3517 2488 3718 2546 ﬁdeles

2071 2590 2212 2629 suos
2237 2573 2362 2644 jam
2397 2589 2512 2628 non
2544 2590 2740 2630 servos
2769 2577 2958 2643 vocat,
3007 2576 3107 2630 sed
3164 2575 3370 2632 amicis
3408 2583 3720 2648 accenset),

2074 2661 2158 2718 sic
2193 2663 2660 2734 uniuscujusque
2691 2661 2952 2717 ﬁdelium
2987 2681 3152 2719 amor
3180 2664 3240 2720 in
3271 2682 3405 2721 eum
3453 2668 3720 2740 reﬂexus,

2074 2753 2274 2808 totalis
2305 2757 2412 2820 est,
2446 2752 2585 2824 quia
2615 2753 2911 2824 integrum
2943 2753 3238 2824 objectum
3278 2756 3429 2826 ejus,
3481 2760 3537 2812 et
3588 2776 3719 2834 per-

2076 2841 2225 2898 fecta
2256 2843 2502 2914 puritas.

2148 3203 2232 3258 50.
2270 3203 2520 3258 Sanctus
2550 3217 2686 3274 ergo
2719 3219 2971 3276 magnus
3023 3206 3350 3263 monachus
3404 3209 3506 3264 Dei
3557 3208 3725 3268 illum

306 3276 624 3378 ὸμοφύλους
680 3293 864 3371 φιλίαν
913 3276 1078 3367 ἔχων
1110 3288 1329 3359 ὁλικήν,
1363 3287 1552 3343 αὐτίκα
1604 3288 1741 3342 κατά
1804 3285 1965 3360 μετά-

2081 3297 2203 3349 toto
2234 3293 2406 3348 corde
2461 3291 2735 3364 diligens,
2785 3293 2990 3362 sicque
3039 3295 3278 3351 totalem
3327 3313 3466 3370 erga
3518 3299 3728 3354 fratres

305 3375 460 3444 ϐασιν
521 3384 770 3442 εὔτακτον
827 3384 901 3444 ὡς
955 3381 1172 3458 γενικήν
1230 3377 1398 3448 αὐτὴν
1447 3375 1694 3449 πλουτεῖ,
1729 3376 1791 3432 οὐ
1853 3378 1960 3450 μὴν

309 3479 558 3556 μερικήν.
590 3473 756 3532 Παντὶ
805 3471 908 3549 γὰρ
952 3469 1227 3544 ἀνθρώπῳ
1279 3466 1604 3556 φιλουμένῳ
1662 3467 1754 3522 ὑπ’
1802 3465 1965 3522 αὐτοῦ

302 3553 632 3641 ἐπίκάμπτει
689 3564 782 3619 τὸν
841 3563 993 3629 Θεὸν,
1053 3559 1127 3621 ὡς
1202 3553 1496 3632 λαμϐάνων
1575 3555 1772 3612 ἐκεῖθεν
1841 3561 1967 3626 πᾶν,

304 3659 438 3733 ὅπερ
497 3654 558 3712 ἂν
610 3654 850 3724 αἰτῆται.
884 3650 986 3707 Καὶ
1037 3647 1179 3704 οὕτω
1213 3645 1408 3702 λοιπὸν
1463 3647 1562 3701 οὑκ
1593 3645 1968 3721 ἐστενοχωρη-

310 3750 481 3823 μὲνην
552 3744 641 3800 καὶ
713 3741 940 3818 μερικὴν
1011 3737 1197 3817 φιλίαν
1267 3735 1407 3814 ἔχει,
1458 3741 1790 3812 προσπαθῶς
1845 3735 1971 3808 περὶ

310 3834 478 3913 μόνον
532 3839 724 3891 τοῦτον
765 3831 800 3902 ἢ
851 3830 1052 3885 ἐκεῖνον
1106 3825 1533 3901 διατεθειμένος’
1583 3826 1710 3882 ἀλλ’
1761 3824 1974 3900 ἐμπλα-

305 3928 522 3984 τύνεται
571 3924 688 3980 κατ’
719 3922 881 3978 αὐτὸν
928 3925 1060 3975 πᾶσι
1109 3923 1224 3980 τοῖς
1277 3921 1378 3973 τοῦ
1411 3921 1566 3986 Θεοῦ,
1598 3922 1717 3979 τοῖς
1767 3916 1822 3971 ἐν
1876 3915 1976 3971 πό-

312 4018 453 4090 λεσι,
484 4019 607 4076 τοῖς
629 4011 681 4068 ἐν
711 4011 950 4085 κώμαις,
980 4013 1097 4072 τοῖς
1145 4006 1195 4062 ὲν
1250 4007 1466 4082 ἀγροῖς,
1519 4011 1639 4068 τοῖς
1698 4005 1822 4080 περὶ
1883 4006 1978 4076 νή-

312 4127 461 4177 σους,
494 4105 665 4161 εἰπεῖν
711 4100 980 4169 συνόλως,
1030 4102 1149 4155 τοῖς
1209 4093 1491 4171 πανταχοῦ
1543 4102 1669 4172 γῆς,
1723 4093 1860 4149 ὅπου
1920 4093 1980 4149 ἂν

315 4191 708 4272 ἐπινεύσῃ-’ἱνα
758 4193 898 4246 θέσει
946 4189 1036 4244 καὶ
1087 4185 1247 4249 αὐτὸς
1300 4186 1428 4248 Θεὸς
1475 4183 1569 4254 ὣν,
1605 4182 1826 4239 δύναιτο
1889 4206 1983 4257 φι-

317 4285 430 4341 λεῖν
488 4271 621 4359 πρὸς
681 4285 815 4340 Θεοῦ
875 4277 1194 4353 ἐξομοίωσιν
1240 4273 1470 4344 ὀλικῶς,
1501 4273 1693 4330 αὐτίκα
1755 4271 1812 4328 δὲ
1861 4280 1988 4329 πως

315 4374 405 4432 καὶ
472 4377 725 4450 γενικῶς,
785 4371 900 4426 καθ’
953 4360 1354 4424 ὑποκατάϐασιν
1425 4362 1483 4420 δὲ
1545 4362 1655 4434 ἤδη
1724 4385 1830 4419 που
1897 4363 1988 4418 καὶ

317 4469 596 4542 μερικῶς·
650 4464 697 4536 ᾦ
755 4459 821 4530 δὴ
878 4457 1029 4536 λόγῳ
1078 4457 1168 4513 καὶ
1214 4458 1242 4512 6
1289 4454 1490 4518 πάντας
1550 4453 1726 4534 φιλῶν
1790 4453 1987 4531 Κύριος

318 4553 494 4630 ἐφίλει
543 4555 632 4609 καὶ
683 4553 949 4619 τοπικῶς,
1003 4545 1150 4604 ἀλλὰ
1207 4545 1296 4602 καὶ
1356 4544 1646 4630 ἕνιαίωςῌ
1681 4543 1758 4607 ὡς
1816 4543 1905 4599 καὶ
1961 4549 1988 4599 6

2077 3397 2335 3438 amorem
2366 3380 2612 3450 habens,
2645 3381 2848 3437 statim
2879 3386 3011 3453 post
3042 3383 3377 3455 ingressum
3411 3388 3729 3458 perfectam

2079 3472 2253 3528 habet
2284 3470 2630 3539 amicitiam,
2688 3475 2887 3542 utpote
2943 3472 3298 3544 generalem,
3356 3492 3471 3532 non
3535 3481 3730 3532 autem

2079 3560 2461 3634 peculiarem.
2501 3560 2587 3615 Ad
2647 3577 2883 3616 omnem
2943 3561 3392 3622 hominemase
3450 3566 3731 3624 dilectum

2081 3651 2266 3706 Deum
2286 3649 2550 3716 inclinat,
2585 3649 2684 3720 qui
2709 3650 2837 3705 fons
2859 3655 2949 3706 est
2974 3651 3293 3722 cujuslibet
3309 3655 3446 3710 doni
3468 3657 3730 3729 expetiti.

2085 3741 2296 3813 Sicque
2329 3755 2445 3795 non
2477 3744 2792 3812 angustam
2824 3745 2879 3795 et
2910 3741 3197 3812 privatam
3215 3743 3392 3801 habet
3411 3747 3737 3804 amicitiam

2087 3831 2234 3886 bene
2263 3846 2403 3902 erga
2433 3829 2591 3885 hunc
2623 3846 2806 3886 unum
2839 3835 2942 3886 aut
2974 3831 3155 3888 istum
3187 3834 3549 3906 dispositus;
3588 3838 3644 3893 in
3678 3854 3741 3894 se

2089 3925 2286 3976 autem
2316 3918 2566 3974 includit
2595 3935 2802 3975 omnes
2832 3919 2983 3976 ﬁlios
3015 3922 3133 3986 Dei,
3184 3927 3309 3979 tum
3361 3925 3421 3980 in
3472 3926 3742 3995 urbibus,

2091 4008 2308 4065 tumin
2355 4008 2522 4075 vicis,
2584 4007 2675 4063 vel
2723 4008 2783 4064 in
2843 4009 3021 4082 agris,
3079 4011 3166 4067 vel
3219 4012 3279 4068 in
3334 4015 3570 4083 insulis,
3629 4035 3745 4074 uno

2094 4099 2267 4156 verbo
2300 4097 2519 4169 ubique
2549 4101 2840 4153 terrarum
2893 4115 3241 4173 quocunque
3299 4120 3361 4159 se
3405 4109 3629 4175 vertat;
3680 4111 3749 4164 ut

2096 4187 2393 4260 proposito
2425 4186 2663 4242 habitus
2694 4185 2849 4241 sicut
2879 4187 3054 4256 Deus,
3089 4190 3276 4262 possit
3306 4193 3376 4247 ad
3410 4193 3746 4266 exemplum

2098 4277 2200 4332 Dei
2231 4275 2602 4332 dilectionem
2640 4275 2904 4345 totalem,
2938 4293 3074 4333 mox
3103 4278 3280 4336 etiam
3312 4282 3644 4353 generalem
3669 4289 3751 4341 at—

2100 4384 2213 4440 que
2243 4365 2419 4422 etiam
2443 4363 2797 4436 peculiarem
2837 4366 2897 4422 in
2942 4367 3231 4426 descensu
3265 4371 3513 4442 habere;
3545 4375 3749 4433 eadem

2101 4457 2324 4513 ratione
2347 4472 2464 4526 qua
2481 4471 2687 4511 amans
2710 4472 2915 4512 omnes
2938 4457 3243 4528 Dominus,
3277 4467 3481 4534 gentes
3495 4468 3550 4520 et
3575 4465 3752 4522 etiam

2103 4545 2368 4618 singulos
2399 4543 2670 4601 homines
2701 4546 2940 4602 amabat
2970 4550 3035 4602 ut
3065 4548 3258 4606 videre
3317 4555 3406 4608 est
3452 4553 3510 4608 in
3560 4554 3755 4628 Moyse

320 4629 676 4720 παμφίλητος
725 4643 966 4710 Μωϋσης
1011 4634 1360 4708 διαδείκνυσι,
1403 4635 1493 4690 καὶ
1543 4636 1571 4690 ὁ
1621 4629 1844 4710 ἔγγιστα
1903 4645 1961 4720 es

2101 4635 2507 4703 dilectissimo;
2533 4634 2593 4690 in
2613 4635 2736 4690 viro
2760 4637 3021 4707 proxime
3047 4643 3158 4695 Deo
3181 4642 3508 4700 assimilato
3521 4649 3760 4718 propter

325 4718 573 4811 ραπεόων
633 4733 761 4788 Θεὸν
805 4737 908 4800 τῆς
951 4725 1236 4803 καρτερίας
1291 4726 1451 4801 ἀνὴρ,
1485 4727 1512 4780 6
1543 4723 1781 4795 Αὐσίτης
1837 4718 1984 4781 ’[ώϐ.

323 4823 432 4887 Οὖς
462 4823 552 4880 καὶ
587 4825 828 4899 μερικῶς
877 4818 1024 4894 ὀρθῷ
1052 4815 1206 4892 λόγῳ
1237 4815 1415 4895 φιλεῖν
1467 4812 1690 4887 λέγοιτο
1720 4812 1780 4869 ἂν
1816 4816 1843 4870 6
1875 4814 1983 4871 Κύ-

325 4934 462 4991 ριος,
497 4909 594 4967 ei’t’
634 4910 724 4966 οῦν
786 4903 1029 4985 ἀκριϐῶς
1086 4907 1278 4974 εἰπεῖν,
1309 4903 1446 4959 κατὰ
1500 4900 1612 4958 ἕνα·
1647 4905 1839 4966 ὁποῖος
1898 4905 1987 4959 καὶ

325 5004 355 5059 6
416 5003 496 5081 ἐφ’
545 5003 792 5078 ἅρματος
879 4996 1141 5075 ἁρπαγεὶς
1232 4995 1400 5068 μόνος
1449 4991 1658 5060 Ἠλίας,
1715 4993 1806 5048 καὶ
1864 4993 1892 5047 6
1937 4993 1988 5066 εξ

329 5092 580 5148 ἁπάντων
646 5094 748 5162 εἷς,
796 5090 824 5143 ὁ
883 5087 958 5150 ὡς
1014 5085 1176 5150 αὐτὸς
1229 5083 1394 5158 μόνος
1450 5083 1646 5157 μείζων
1702 5081 1754 5137 ἐν
1799 5103 1988 5158 γεννη-

325 5187 444 5246 τοῖς
503 5183 806 5258 γυναικῶν,
865 5175 957 5232 καὶ
1012 5176 1040 5230 6
1095 5175 1211 5230 κατ’
1268 5172 1537 5248 ἐξαίρετον
1596 5173 1990 5247 ἡγαπημὲνος,

331 5269 480 5328 ἀλλά
533 5291 597 5347 γε
648 5270 738 5325 καὶ
771 5263 1224 5342 συνηγαπημὲνος
1264 5261 1423 5316 παντὶ
1460 5266 1696 5339 μερικῶς
1730 5260 1990 5334 ἐκλεκτῶ,

332 5361 409 5418 O6
467 5361 570 5436 γὰρ
618 5362 687 5433 τῇ
737 5359 934 5431 μερικῇ
985 5351 1145 5432 φιλίᾳ
1188 5349 1479 5423 δήπουθεν,
1509 5353 1578 5424 τῇ
1623 5352 1740 5415 καθ’
1771 5347 1994 5406 ’ἑκαστον

333 5447 607 5516 τοιοῦτον,
659 5442 986 5516 ἐπιϐέϐληται
1031 5446 1066 5513 ἡ
1116 5445 1315 5504 κοινῶς
1361 5439 1548 5513 ὑλική.
1599 5442 1735 5500 Εἰπὶ
1784 5439 1848 5512 δή
1901 5463 1994 5514 μοι

333 5538 424 5596 καὶ
471 5537 559 5611 σὺ,
590 5539 636 5593 ὧ
684 5536 803 5593 καθ’
834 5534 996 5609 ἡμῶν
1040 5535 1148 5589 τῶν
1197 5530 1452 5590 τελωνῶν
1505 5535 1768 5610 Φαρισαῖε
1827 5551 1997 5609 μεγα-

424 5759 474 5798 ¹⁰
504 5757 714 5818 Matth.
743 5771 824 5829 xx,
857 5754 948 5814 H.

2097 4725 2469 4798 patientiam,
2499 4723 2609 4780 Job
2641 4724 2711 4780 de
2732 4729 2889 4780 terra
2919 4726 3078 4795 Hus;
3114 4745 3262 4799 quos
3293 4747 3426 4786 vere
3475 4733 3760 4804 peculiari

2097 4832 2318 4884 amore,
2353 4814 2474 4870 sive
2504 4815 2702 4870 verius
2723 4814 3012 4888 singulari
3045 4819 3338 4875 amavisse
3370 4821 3524 4877 Deus
3554 4823 3758 4879 dicen-

2099 4907 2211 4962 dus
2242 4903 2555 4961 estzTalis
2579 4904 2757 4959 etiam
2791 4909 2849 4960 et
2905 4905 3063 4961 Elias
3122 4913 3270 4976 erat,
3329 4918 3535 4982 raptus
3594 4914 3757 4971 solus

2099 4997 2159 5050 in
2192 5011 2409 5051 curru:
2445 4992 2622 5050 etille
2654 5009 2832 5065 super
2890 5011 3095 5050 omnes
3155 4998 3255 5068 qui
3305 5000 3599 5056 maximus
3649 5002 3760 5059 fuit

2103 5085 2315 5140 «inter
2355 5087 2524 5139 natos
2575 5081 2892 5138 mulierum
2927 5084 2989 5153 η,
3027 5107 3054 5134 ››
3087 5089 3144 5141 et
3191 5088 3292 5158 qui
3351 5088 3484 5161 plus
3533 5093 3757 5149 caeteris

2103 5173 2480 5246 diligebatur,
2514 5177 2571 5227 et
2600 5189 2718 5227 una
2766 5188 2900 5228 cum
2934 5175 3158 5231 caeteris
3209 5179 3585 5249 peculiariter
3641 5180 3758 5237 ele-

2104 5265 2214 5321 ctis
2275 5264 2601 5319 amabatur.
2663 5263 2781 5318 Ista
2864 5264 3018 5320 enim
3101 5267 3412 5338 peculiaris
3498 5271 3761 5328 amicitia

2103 5371 2241 5427 erga
2270 5352 2608 5422 nonnullos,
2643 5369 3016 5410 communem
3065 5373 3203 5430 erga
3261 5358 3564 5416 universos
3626 5377 3759 5434 pro-

2104 5445 2252 5500 fecto
2286 5461 2402 5499 non
2433 5441 2798 5497 excludebat.
2855 5443 2956 5499 Dic
3001 5445 3168 5514 mihi,
3202 5464 3235 5503 0
3269 5448 3574 5518 Pharisae,
3627 5451 3758 5506 ﬁm-

2105 5535 2264 5592 brios
2294 5532 2548 5591 maxime
2581 5531 2968 5606 magniﬁcans
3000 5541 3203 5594 contra
3231 5555 3341 5596 nos
3386 5539 3758 5614 publicanos,
