4082 6350
339 313 451 372 ’ΠΙ

1112 305 1534 367 EUSTATHII
1576 301 2343 367 THESSALONICENSIS
2390 309 2979 375 METROPOLITIE

3636 322 3764 382 772

340 445 428 501 dic
460 446 658 500 utrum
692 439 1047 515 peculiarem
1086 440 1426 510 amicitiam,
1468 442 1532 494 ut
1579 437 1858 510 diximus,
1893 454 1980 494 re-

2099 433 2603 514 λοσχημονέστατε,
2660 443 2727 515 εί,
2789 445 2864 510 ὡς
2923 444 3169 521 εἴπομεν,
3230 450 3443 526 ἀπαρνῇ
3501 453 3601 522 τὴν
3663 476 3764 528 με-

336 533 693 607 pudiaveris,
729 547 938 602 nempe
964 531 1010 586 si
1046 530 1201 585 dicta
1224 529 1462 584 audisti.
1497 529 1627 584 Sive
1658 528 1768 584 hoc
1813 527 1985 582 intel-

336 626 506 698 ligas,
542 624 661 678 sive
688 639 828 690 non,
857 637 961 692 ego
993 619 1095 673 tibi
1130 619 1258 673 dico
1310 619 1631 690 perfectam
1665 617 1985 672 amicitiam

337 713 693 788 peculiarem
727 711 797 764 de
853 709 1019 764 nobis
1052 725 1084 761 a
1114 713 1170 762 te
1209 707 1598 778 repudiatam.
1652 706 1768 762 Nos
1828 706 1985 762 enim

337 801 605 875 singulos
637 804 831 872 patres
863 802 996 853 tuos
1040 814 1154 852 non
1207 813 1392 863 amas,
1453 795 1655 868 sicque
1705 813 1810 851 nec
1860 797 1988 850 uni-

336 892 646 956 versalem,
681 905 785 944 nec
841 886 1168 959 generalem:
1232 885 1550 940 amicitiam
1606 901 1826 940 servas.
1875 886 1984 950 Qui

333 985 488 1040 enim
526 983 855 1037 membrum
887 978 1083 1049 magni
1115 978 1395 1033 momenti
1416 977 1529 1032 Deo
1553 982 1982 1049 consecratum,

332 1074 502 1146 eique
534 1075 734 1126 contra
763 1075 818 1124 te
849 1068 1156 1134 assistens,
1193 1070 1556 1134 aversantur,
1593 1066 1861 1138 nunquid
1894 1066 1981 1120 di—

333 1163 553 1218 cendus
580 1164 669 1215 est
720 1156 1160 1212 universitatem
1215 1155 1458 1227 diligere
1519 1172 1653 1210 cum
1702 1155 1984 1226 Optimam

331 1256 556 1325 partem
590 1248 823 1304 oderit?
851 1247 1110 1311 Quadam
1145 1247 1299 1301 enim
1338 1250 1520 1317 parte,
1574 1249 1631 1300 et
1679 1244 1983 1316 qualicun-

334 1357 464 1413 que,
493 1357 606 1395 non
637 1338 846 1409 loquor
875 1337 946 1391 de
980 1336 1169 1408 magis
1229 1335 1504 1407 pretiosa,
1555 1335 1868 1406 desumpta
1915 1335 1985 1388 de

331 1430 561 1503 generis
593 1427 904 1494 totalitate,
941 1443 1052 1481 non
1088 1430 1209 1480 tota
1266 1441 1374 1480 sua
1423 1425 1757 1496 integritate
1805 1439 1985 1496 gene-

335 1519 477 1591 rale,
513 1522 614 1574 aut
645 1514 978 1572 universale
1010 1513 1267 1586 amplius
1297 1529 1428 1568 vere
1457 1513 1767 1568 diceretur.

399 1696 608 1752 5LEia
633 1711 762 1766 ago,
788 1691 900 1747 alio
925 1695 1162 1758 conatu,
1205 1694 1261 1746 et
1309 1691 1671 1758 evidentiori,
1715 1709 1983 1763 quamam

327 1789 406 1845 sit
438 1785 700 1842 amicitia
730 1781 1043 1854 peculiaris
1102 1780 1208 1836 tibi
1269 1798 1577 1853 exponam,
1639 1782 1814 1853 idque
1866 1799 1980 1837 non
2018 1818 2064 1882 Β

326 1879 501 1949 longe
533 1893 566 1930 a
594 1890 748 1929 vero.
784 1871 1734 1942 Noruntperiti,quemadmodum
1761 1877 1985 1941 partem

327 1968 396 2024 ad
425 1963 724 2029 totum,sic
747 1959 1057 2033 partialem
1086 1959 1475 2030 quantitatem
1501 1959 1572 2014 ad
1598 1959 1987 2015 universalem

331 2053 614 2128 reputari.
647 2052 764 2107 Hac
796 2049 974 2121 igitur
1003 2049 1230 2104 ratione
1260 2053 1321 2104 tu
1355 2049 1755 2120 interrogatus
1786 2066 1858 2104 an
1885 2065 1987 2120 pe-

327 2143 535 2202 culiari
593 2139 860 2197 amicitiae
920 2137 1316 2204 renuntiares,
1383 2155 1417 2193 a
1478 2143 1532 2194 te
1584 2155 1712 2194 eam
1773 2156 1989 2195 renun-

323 2234 608 2300 tiandam,
639 2229 1094 2299 sectandamque
1144 2226 1533 2283 universalem
1591 2228 1987 2284 declaravisti.

325 2323 485 2382 Talis
509 2325 595 2377 est
627 2323 821 2375 autem
854 2334 982 2390 quae
1015 2317 1085 2372 de
1134 2319 1258 2371 tota
1316 2321 1511 2372 mente
1571 2319 1855 2389 procedit,
1905 2317 1986 2373 si-

327 2413 563 2484 quidem
601 2408 796 2479 aliquo
855 2410 1127 2478 respectu
1183 2405 1481 2474 deficiens,
1542 2405 1812 2477 partialis
1875 2407 1988 2463 erit

328 2501 609 2558 amicitia.
643 2499 853 2553 Totam
885 2511 1020 2550 vero
1049 2494 1311 2550 animam
1345 2494 1472 2566 lego
1505 2512 1632 2550 eam
1657 2513 1784 2567 quze
1817 2515 1986 2554 suam

327 2587 736 2647 admirabilem
760 2589 817 2642 et
846 2584 1138 2657 triplicem
1165 2588 1439 2639 naturam
1475 2585 1533 2638 in
1565 2584 1848 2642 cbaritate
1869 2605 1982 2644 non

327 2681 666 2744 frustratur,
699 2693 822 2747 qua
854 2674 1143 2745 triplicem
1208 2673 1544 2730 facultatem
1607 2691 1720 2729 non
1771 2678 1983 2748 perdit,

331 2786 464 2826 cum
500 2767 699 2823 ﬂorem
725 2764 995 2821 amicitia:
1018 2762 1253 2818 emittit.

400 2860 490 2914 5'2.
525 2857 672 2923 Quid
706 2853 883 2910 dico?
913 2853 1130 2908 Verum
1184 2856 1240 2907 et
1288 2869 1568 2923 magnum
1626 2855 1981 2912 monachum

329 2948 493 3004 velut
525 2959 961 3018 quemcumque
994 2941 1290 2996 sincerum
1345 2941 1768 3012 Christianum,
1819 2962 1983 3016 opor-

330 3041 413 3093 tet
469 3052 701 3107 semper
760 3037 1029 3105 paratum
1092 3049 1220 3086 esse
1277 3032 1348 3086 ad
1399 3032 1691 3102 juvandos
1764 3034 1982 3090 amicos

333 3129 390 3183 in
425 3125 698 3182 omnibus
731 3124 927 3189 rebus,
960 3138 1094 3176 cum
1125 3137 1191 3176 eo
1251 3120 1553 3193 indigent;
1615 3125 1814 3177 omnia
1859 3141 1978 3179 sua:

2097 529 2255 616 ρικήν
2314 529 2522 608 φιλίαν,
2556 554 2599 587 ει
2649 555 2701 588 τι
2750 536 2888 600 τέως
2919 535 3142 606 ἐπαΐεις,
3179 540 3252 593 ὢν
3286 537 3526 616 λέγομεν
3562 562 3575 612 ;
3608 541 3760 614 Ei'te,

2211 623 2377 688 νοεῖς,
2429 619 2537 676 εἷ’τε
2587 623 2677 677 καὶ
2741 625 2840 696 μὴ,
2894 623 3036 701 λέγω
3097 646 3206 696 σοι,
3264 611 3376 682 ὅτι⁷
3409 611 3594 706 φιλίαν
3661 611 3761 706 μὶν

2097 703 2387 801 ἐξάπαντος
2420 714 2667 801 ’μερικὴν
2698 713 2930 801 ,ἀπαρνῇ
2981 717 3079 786 τήν
3133 716 3218 795 ἐφ’
3265 703 3605 792 ἡμῖν,ήμᾶς
3656 703 3760 801 χὰρ

2094 794 2220 857 τοὺς
2268 797 2478 862 ένικοῦς
2535 799 2785 864 παπάδας
2835 806 2937 877 (5¹)
2989 805 3050 859 ού
3112 794 3328 884 φιλεῖς’
3380 804 3451 862 δι’
3510 794 3763 868 αὐτὸὸὸ

2097 881 2221 938 οὐδὲ
2278 885 2472 957 ὁλικήν
2531 889 2566 959 ἢ
2618 893 2837 965 γενικὴν
2913 881 3204 970 φυλάττεις
3275 894 3481 974 φιλίαν.
3535 900 3598 956 Ὁ
3653 904 3761 977 γὰρ

2100 974 2262 1065 μέρος
2302 976 2445 1047 ἄξιον
2507 977 2678 1056 λόγου
2731 979 2949 1038 πολλοῦ
2999 985 3614 1060 ἀπο-προσποιούμενος,

2093 1082 2151 1116 τε
2218 1064 2610 1141 ἀφωσιωμένον
2673 1073 2761 1124 καὶ
2821 1079 3308 1147 συμπαραστατοῦν
3380 1073 3572 1151 ἐκείνῳ
3625 1080 3761 1135 κατὰ

2096 1151 2173 1218 ei,
2231 1158 2351 1218 πῶς
2431 1155 2488 1210 ἂν
2569 1157 2792 1234 λεχθείη
2853 1163 2972 1225 καθ’
3025 1161 3269 1233 ὁλότητα
3323 1163 3526 1242 φιλεῖν,
3583 1174 3754 1241 μισῶν

2099 1242 2261 1317 μέρος
2331 1244 2394 1298 τὸ
2468 1249 2828 1320 καιριώτατον
2881 1269 2894 1318 ;
2955 1249 3166 1324 Μέρους
3241 1252 3341 1329 γάρ
3419 1276 3601 1326 τινος,
3660 1257 3744 1312 καὶ

2094 1329 2258 1385 αὐτοῦ
2286 1331 2383 1387 τοῦ
2412 1335 2700 1410 τυχόντος,
2739 1339 2814 1410 μὴ
2848 1334 2932 1393 ὅτι
2962 1361 3024 1415 γε
3053 1345 3148 1395 τοῦ
3206 1341 3259 1396 ὲν
3311 1340 3520 1398 πλείονι
3573 1343 3736 1420 λόγῳ,

2098 1419 2494 1494 ὑποσπωμένου
2551 1423 2610 1479 ἐκ
2685 1433 2785 1496 τῆς
2845 1428 2980 1483 κατὰ
3037 1430 3192 1504 γένος
3239 1428 3596 1507 ὁλοκληρίας,
3651 1434 3747 1488 οὐκ

2095 1504 2156 1561 ἃν
2214 1514 2281 1583 τῇ
2342 1510 2567 1584 ὁλότητι
2626 1515 2771 1589 πάσῃ
2817 1516 2880 1571 τὸ
2939 1517 3300 1592 γενικὸνῆτὸ
3347 1504 3477 1574 ὅλον
3539 1518 3748 1592 ἀπαλη-

2097 1597 2330 1661 θεύοιτο.

2165 1697 2262 1746 να’.
2308 1690 2450 1766 Φέρε
2503 1689 2560 1746 δὲ
2615 1693 2705 1748 καὶ
2768 1691 2953 1758 ἄλλως
3013 1691 3317 1767 ἐπιϐαλὼν,
3373 1700 3491 1754 κατ’
3551 1698 3752 1756 ἔννοιαν

2095 1777 2416 1853 σαφεστέραν
2452 1773 2692 1854 ἔκθωμαί
2724 1803 2806 1837 σοι
2835 1785 2934 1852 τὴν
2999 1785 3226 1860 μερικὴν
3287 1785 3497 1863 φιλίαν,
3531 1787 3620 1842 οἵα
3673 1789 3754 1851 τίς

2097 1863 2262 1932 ἐστιν,
2295 1865 2423 1921 οὐδὲ
2474 1869 2616 1924 οὕτω
2665 1872 2870 1948 μακρὰν
2922 1873 3244 1949 ἀρθότητος.
3283 1877 3586 1949 ’Έγνωσται
3641 1883 3758 1940 τοῖς

2099 1951 2320 2028 εἰδόσιν,
2353 1955 2534 2033 ὥσπερ
2583 1960 2643 2014 τὸ
2697 1960 2857 2034 μέρος
2909 1964 3046 2037 πρὸς
3105 1961 3261 2034 ὅλον,
3305 1963 3446 2019 οὕτω
3504 1968 3593 2021 καὶ
3652 1970 3752 2036 τήν

2102 2046 2333 2117 μερικὴν
2364 2046 2634 2119 ποιότητα
2689 2051 2826 2122 πρὸς
2885 2053 2982 2120 τήν
3015 2051 3208 2123 ὁλικήν
3262 2052 3532 2130 λέγεσθαι.
3567 2056 3755 2130 Τούτῳ

2101 2127 2166 2201 δὴ
2198 2139 2278 2206 τῷ
2311 2134 2459 2210 λόγῳ
2491 2137 2579 2192 καὶ
2611 2138 2672 2192 σὺ
2706 2138 2864 2202 αὐτὸς
2896 2140 3278 2214 ἠρωτημένος,
3313 2127 3356 2197 εί
3385 2145 3486 2212 τήν
3522 2127 3756 2220 μερικὴν

2100 2220 2289 2300 φιλίαν
2336 2225 2571 2300 ἀπαρνῇ,
2621 2230 2842 2283 κατέθου
2892 2230 3168 2304 ἀρνεῖσθαι
3218 2230 3514 2301 αὖτήν,ὡς
3569 2233 3756 2290 ἐντεῦ-

2099 2313 2184 2367 θεν
2241 2314 2643 2392 ἆντεισάγεσθαί
2700 2339 2783 2373 σοι
2840 2321 2940 2388 τὴν
2989 2319 3203 2392 ὁλικην.
3237 2322 3388 2377 Ἐστι
3437 2319 3496 2378 δὶ
3522 2325 3754 2396 τοιαύτη

2098 2403 2131 2470 ἡ
2166 2399 2216 2472 ἐξ
2247 2401 2384 2474 ὅλης
2417 2407 2626 2480 ψυχῆς,
2661 2407 2734 2468 ὡς
2766 2405 2879 2483 εἷ’γε
2913 2410 2988 2481 μὴ
3021 2410 3271 2484 τοιαύτη,
3307 2412 3505 2487 μερικὴ
3557 2409 3618 2467 ἂν
3665 2411 3754 2484 εἴη

2097 2488 2274 2570 φιλία.
2310 2494 2468 2569 Λέγω
2522 2491 2579 2549 δὲ
2609 2497 2794 2571 ψυχὴν
2827 2496 2983 2568 ὅλην,
3015 2499 3115 2567 τὴν
3167 2500 3244 2571 μή
3299 2498 3639 2574 ψευδομένην
3691 2502 3756 2557 τὸ

2096 2582 2210 2634 κατ’
2263 2582 2432 2651 αὐτὴν
2487 2585 2628 2639 θεῖον
2703 2587 2956 2661 τριμερὶς
3015 2586 3066 2642 ἐν
3127 2592 3206 2660 τῷ
3259 2590 3460 2666 φιλεῖν,
3510 2591 3609 2660 τὴν
3672 2593 3752 2662 μὴ

2097 2671 2419 2746 ἀχρειοῦσαν
2472 2673 2534 2727 τὸ
2583 2674 2785 2753 ἐμφυὲς
2815 2674 3190 2753 τριστέλεχον,
3224 2676 3312 2732 ὅτε
3366 2679 3464 2748 τὴν
3526 2679 3757 2756 φιλικὴν

2095 2757 2226 2830 ἄνθη
2244 2785 2260 2814 θ
2294 2760 2641 2838 προίσχεται,

2161 2844 2260 2906 νϐ’.
2293 2853 2422 2906 Οἴον
2472 2851 2524 2906 τί
2573 2850 2761 2927 λέγως
2795 2853 2914 2929 Χρὴ
2969 2853 3059 2908 τὸν
3121 2853 3300 2926 ἀληθῆ
3365 2853 3752 2930 μεγαλομόνα-

2091 2957 2215 3012 χον,
2271 2939 2452 3015 ὥσπερ
2535 2942 2626 2996 καὶ
2702 2941 2872 2997 πάντα
2945 2943 3036 2998 τὸν
3092 2948 3172 3016 τῷ
3229 2939 3342 2998 ὄντι
3400 2946 3747 3020 Χριστιανὸν,

2088 3028 2421 3102 ἡτοιμάσθαι
2452 3031 2721 3095 παντοίως
2750 3032 2825 3094 εἷς
2887 3032 3167 3108 θεραπείαν
3205 3031 3374 3110 φίλου
3417 3033 3497 3111 ἐφ’
3529 3035 3744 3105 ἅπασιν,

2089 3119 2170 3178 οἶς
2215 3117 2273 3172 ἂν
2336 3119 2538 3182 ἐκεῖνος
2596 3120 2760 3175 αὐτοῦ
2817 3119 3173 3196 προσδέηται,
3218 3122 3308 3176 καὶ
3358 3127 3611 3194 καθιστᾷν
3656 3122 3736 3177 καὶ

330 3221 386 3273 et
417 3231 613 3272 eorum
648 3212 862 3268 mentis
883 3210 1060 3266 volita
1118 3213 1371 3265 statuere
1430 3213 1487 3264 et
1543 3210 1794 3282 dirigere
1843 3228 1977 3268 con-

2095 3201 2446 3278 συμϐιϐάζειν
2509 3210 2819 3285 ἁρμονικῶς
2899 3211 2988 3265 καὶ
3050 3212 3187 3265 κατὰ
3245 3209 3388 3275 θείαν
3452 3211 3730 3285 ἐμμέλειαν

331 3307 663 3372 cordantes,
715 3302 884 3372 juxta
933 3300 1038 3354 Dei
1095 3301 1406 3365 mandata;
1469 3299 1540 3354 ad
1609 3300 1975 3372 spiritualem

328 3393 720 3458 concordiam,
768 3395 946 3461 atque
1004 3389 1076 3443 ad
1129 3388 1439 3443 viccndum
1500 3389 1847 3460 daemonem,
1903 3393 1975 3447 ad

329 3486 480 3557 quod
515 3483 669 3538 Deus
702 3477 942 3551 prmmio
974 3477 1199 3544 invitat,
1257 3493 1621 3550 concurrere,
1676 3484 1739 3535 ut
1795 3481 1974 3536 simul

329 3592 364 3630 a
416 3574 533 3628 Deo
590 3571 898 3643 praemium
960 3565 1271 3638 accipiant,
1346 3568 1515 3639 cujus
1589 3570 1779 3640 gratia
1851 3570 1978 3641 ipse

329 3662 495 3740 prius
551 3658 875 3724 ordinatus,
935 3659 991 3711 et
1046 3654 1105 3710 in
1167 3671 1227 3711 se
1281 3659 1704 3713 concordanter
1777 3659 1976 3730 dispo-

331 3770 477 3810 nens
508 3750 806 3814 virtutem,
841 3745 961 3801 sive
992 3761 1122 3816 quaa
1151 3744 1209 3798 in
1262 3746 1483 3801 ratione
1525 3747 1638 3802 sita
1696 3751 1806 3814 est,
1855 3749 1976 3804 sive

330 3860 458 3917 quae
517 3836 811 3895 irascibilc
868 3835 1205 3890 moderatur
1260 3838 1316 3889 et
1373 3835 1480 3889 rite
1537 3835 1797 3909 corrigit,
1858 3838 1977 3894 sive

329 3949 456 4006 quae
487 3926 730 3985 instruit
757 3921 1212 3995 concupiscibile
1247 3942 1259 3992 ;
1295 3927 1351 3978 et
1404 3923 1614 3980 deinde
1663 3942 1974 3997 personam

327 4024 497 4094 cujus
529 4033 781 4076 amorem
833 4012 1173 4070 monachica
1232 4013 1626 4085 prosequitur,
1687 4022 1974 4087 quantum

327 4115 538 4186 potest,
573 4109 631 4162 in
667 4123 727 4162 se
757 4119 1104 4169 assumens;
1136 4106 1261 4156 tum
1315 4119 1381 4157 eo
1431 4104 1604 4158 modo
1653 4104 1975 4176 dispositus

328 4203 399 4258 ad
441 4200 692 4256 alterum
753 4193 1050 4250 hominem
1111 4191 1349 4258 feretur,
1412 4192 1565 4247 sicut
1620 4194 1678 4248 in
1730 4199 1977 4250 tonsura

329 4289 618 4364 promisit,
652 4290 739 4348 ut,
763 4285 904 4338 dum
938 4297 1067 4336 sese
1097 4280 1342 4346 ratione,
1376 4281 1638 4352 appetitu
1671 4288 1727 4336 et
1785 4284 1974 4355 passi-

328 4381 542 4437 onibus
591 4373 797 4431 amicis
855 4372 971 4426 Deo
1047 4369 1383 4424 reformatis
1464 4372 1771 4443 conjungit
1839 4390 1972 4428 cum

327 4469 583 4525 amicum
617 4479 788 4519 suum
822 4459 1271 4516 concordantem
1305 4459 1580 4526 reddidit,
1641 4477 1971 4516 sermonem

326 4555 594 4614 amicitiae
627 4552 766 4607 huic
795 4547 1054 4604 sermoni
1087 4546 1432 4601 monachico
1457 4548 1692 4620 jungat,
1725 4555 1781 4605 et
1827 4555 1973 4606 tunc
2004 4571 2050 4634 Ι)

327 4647 496 4720 quasi
543 4659 648 4714 per
707 4640 1027 4711 perfectum
1084 4651 1415 4690 sermonem
1475 4638 1786 4693 roboratus
1839 4656 1972 4695 cum

329 4735 517 4791 amico
541 4733 610 4787 ad
644 4727 1081 4802 perfectionem,
1135 4724 1453 4778 amicitiam
1499 4731 1800 4797 comparet
1858 4745 1973 4782 non

330 4823 657 4898 partialem,
681 4818 780 4873 sed
816 4830 1058 4888 prorsus
1087 4812 1348 4879 totalem,
1409 4817 1568 4868 totus
1604 4815 1710 4869 toti
1766 4815 1975 4882 amico,

333 4918 434 4970 aut
464 4911 649 4973 fratri,
680 4912 782 4963 aut
812 4905 930 4958 ﬁlio
974 4900 1361 4972 spiritualiter
1417 4904 1787 4973 conjunctae.
1849 4906 1980 4961 Haec

332 5003 486 5058 enim
520 4998 720 5056 omnia
740 4996 810 5050 ad
834 4992 1080 5047 invicem
1105 5005 1336 5057 sumus,
1375 4991 1468 5045 Dei
1488 4992 1692 5062 gratia,
1718 4993 1823 5048 filii
1855 4995 1974 5063 Dei,

334 5093 382 5150 si
414 5095 566 5148 recte
588 5087 855 5158 sapimus
880 5098 893 5135 :
922 5079 1179 5152 primum
1202 5079 1440 5150 quidem
1466 5085 1702 5153 propter
1721 5099 1981 5138 commu-

400 5305 476 5380 (5)
532 5303 658 5358 Vox
685 5295 895 5380 _1ta’1ta¢
918 5366 933 5380 Ὦ
954 5291 1109 5375 apud
1135 5366 1145 5380 ί
1170 5291 1482 5380 scriptores
1551 5295 1980 5380 ecclesiasticps

326 5364 635 5451 reperitur,
671 5373 742 5427 de
772 5386 898 5451 qua.
918 5366 1038 5451 h_aec
1058 5364 1220 5451 inter
1249 5364 1764 5451 alianlgpcangius:
1801 5392 1828 5420 «
1859 5369 1976 5451 pb-

328 5435 520 5506 servat
548 5435 806 5512 Gnarus,
832 5441 901 5496 ad
936 5435 1201 5512 Euchol.,
1260 5455 1316 5507 p.
1343 5440 1493 5512 Δ298,
1541 5435 1739 5496 νοῖιοη]
1798 5439 1980 5501 πάπας

331 5520 645 5591 dupliciter
674 5506 909 5591 efferri}
945 5506 1221 5591 ac‘m'tjtav
1257 5506 1490 5591 quidem
1527 5513 1641 5591 dici
1673 5529 1977 5591 summum

332 5580 700 5663 pontificem,
727 5586 815 5663 vel
847 5580 1135 5663 singulari
1167 5583 1420 5663 quadam
1451 5585 1844 5663 appellatione
1874 5601 1979 5657 pa-

335 5655 646 5720 triarcbam
677 5655 1140 5717 Alexandrinum
1167 5669 1180 5724 ;
1214 5656 1395 5707 παπᾶν
1427 5655 1561 5715 verb
1585 5655 1976 5732 _sacerdo{em

2087 3296 2222 3370 πρὸς
2283 3298 2600 3376 συμφωνίαν
2650 3301 3020 3374 πνευματικὴν
3073 3299 3235 3355 αὐτοῦ
3292 3321 3351 3355 τε
3400 3300 3491 3355 καὶ
3541 3301 3740 3355 ἐκείνου

2086 3387 2153 3438 τὰ
2181 3385 2315 3439 κατὰ
2345 3387 2529 3460 ψυχὴν
2565 3384 2596 3441 λ
2633 3389 2762 3461 (5“)
2798 3388 3166 3464 βουλεύματα,
3197 3389 3286 3444 καὶ
3337 3389 3744 3465 συντροχάζειν,

2088 3473 2160 3534 ὡς
2184 3473 2210 3527 ὁ
2243 3475 2372 3538 Θεὸς
2403 3469 2677 3550 βραϐεύει,
2711 3473 2800 3530 ἐπὶ
2830 3478 2956 3551 νίκῃ
2997 3481 3065 3551 τῇ
3115 3479 3251 3532 κατὰ
3307 3483 3404 3533 τοῦ
3455 3476 3741 3552 δαίμονος·

2081 3559 2173 3615 τίνα
2222 3561 2312 3615 καὶ
2361 3562 2424 3617 τὸ
2478 3562 2536 3618 ἐκ
2583 3568 2716 3619 Θεοῦ
2765 3559 2997 3620 ἔπαθλον
3053 3565 3407 3639 κοινώσηται,
3459 3568 3520 3621 οὗ
3578 3567 3743 3643 χάριν

2085 3649 2246 3713 αὐτὸς
2336 3650 2601 3727 ῥυθμίσας
2681 3654 2981 3730 πρότερον,
3042 3655 3132 3710 καὶ
3187 3655 3346 3726 τάξας
3408 3655 3746 3730 έναρμονίως

2086 3741 2212 3816 παρ’
2271 3741 2444 3814 ἑαυτῷ
2494 3745 2593 3814 τήν
2644 3765 2704 3798 τε
2760 3746 2897 3800 κατὰ
2949 3745 3010 3800 τὸ
3087 3743 3311 3821 λογικὸν
3371 3747 3592 3822 ἀρετὴν,
3651 3745 3744 3800 καὶ

2084 3831 2184 3898 τὴν
2242 3830 2304 3884 τὸ
2362 3832 2590 3905 θυμικὸν
2646 3837 2942 3908 μετροῦσαν
3004 3835 3092 3888 καὶ
3148 3835 3576 3910 καταρτίζουσαν
3624 3846 3745 3898 θεο-

2085 3924 2330 3992 πρεπῶς,
2391 3917 2467 3975 ἔτι
2527 3918 2583 3976 δὲ
2649 3923 2739 3977 καὶ
2798 3926 2899 3994 τὴν
2965 3923 3028 3978 τὸ
3085 3922 3404 3996 ἐπιθυμικὸν
3459 3921 3749 3979 παιδεύου-

2087 4030 2202 4081 σαν,
2238 4009 2352 4064 είτα
2406 4011 2496 4065 καὶ
2549 4012 2611 4066 τὸ
2669 4011 2962 4087 πρόσωπον
3013 4014 3087 4076 ὡς
3148 4011 3370 4068 δυνατὸν
3430 4013 3603 4084 ἑαυτῷ
3660 4012 3744 4086 ἐξ-

2087 4101 2384 4172 ομοιώσας,
2419 4122 2480 4154 ου
2510 4101 2608 4170 τήν
2665 4100 2850 4178 φιλίαν
2904 4106 3218 4178 μοναχικῶς
3277 4101 3744 4177 πραγματεύεται,

2081 4189 2498 4264 τοιουτοψύχως
2566 4192 3062 4265 προσενεχθήσεται
3129 4195 3207 4262 τῷ
3281 4191 3553 4264 τοιούτῳ,
3609 4192 3752 4246 καθά

2083 4278 2400 4352 κειρόμενος
2450 4279 2817 4353 ὡμολόγησε·
2850 4280 2941 4334 καὶ
3007 4284 3087 4352 τῷ
3141 4281 3257 4334 κατ’
3311 4281 3473 4334 αὐτὸν
3537 4279 3747 4356 λογικῷ

2084 4366 2465 4440 ἐπιθυμητικῷ
2521 4389 2581 4423 τε
2631 4368 2721 4422 καὶ
2783 4373 2996 4441 θυμικῷ
3054 4367 3330 4444 θεοφιλῶς
3369 4368 3746 4446 έρῥυθμισμέ-

2082 4477 2193 4517 νοις
2226 4456 2490 4535 σύμφωνα
2521 4457 2611 4512 καὶ
2653 4457 2720 4512 τὰ
2764 4463 2860 4513 τοῦ
2903 4456 3073 4536 φίλου
3115 4457 3518 4535 ἁρμοσάμενος,
3549 4456 3749 4533 τριάδα

2083 4543 2310 4622 φιλικὴν
2358 4544 2538 4621 τριάδι
2599 4545 2773 4622 ἐκείνῃ
2824 4551 3100 4624 μοναχικῇ
3146 4546 3350 4615 ἐνώσει,
3382 4546 3471 4601 καὶ
3530 4548 3604 4608 ὡς
3657 4545 3748 4603 διά

2084 4655 2228 4695 τινος
2261 4632 2443 4704 ἑξάδος
2469 4636 2672 4706 ταύτης
2702 4634 2912 4698 τελείας
2947 4635 3024 4698 εἷς
3052 4633 3372 4707 τελειότητα
3427 4637 3748 4714 συγκραθεὶς

2083 4728 2163 4796 τῷ
2193 4722 2360 4800 φίλῳ,
2395 4723 2629 4796 ἐξανύσει
2660 4723 2846 4803 φιλίαν
2893 4725 2954 4780 ού
3009 4727 3261 4801 μερικὴν,
3297 4725 3444 4781 ἀλλὰ
3497 4731 3578 4798 τῷ
3629 4723 3746 4782 ὅντι

2089 4811 2303 4882 ὁλικὴν.
2336 4811 2465 4876 ὅλος
2490 4812 2607 4887 ὅλῳ
2640 4814 3072 4890 συγκεκραμένος
3090 4819 3495 4887 πνευματικῶς,
3526 4819 3608 4888 τῷ
3638 4814 3748 4871 εἷπε

2089 4901 2253 4979 φίλῳ,
2287 4900 2392 4958 εἷ’τε
2418 4901 2658 4982 ἀδελφῷ,
2695 4902 2800 4959 εἷίτε
2829 4906 2916 4959 καὶ
2963 4905 3150 4977 τέκνῳ.
3187 4903 3367 4959 Πάντα
3422 4905 3528 4982 γὰρ
3578 4909 3748 4960 ταῦτα

2090 4996 2224 5047 Θεοῦ
2256 4993 2443 5068 χάριτί
2473 4992 2633 5066 ἐσμεν
2668 4991 2943 5064 ἀλλήλοις
2975 4995 3026 5048 οἱ
3063 4998 3160 5049 τοῦ
3198 4999 3354 5063 Θεοῦ,
3388 4993 3476 5049 ἐὰν
3527 4999 3748 5072 φρονῶ-

2093 5101 2186 5155 μεν
2224 5080 2376 5156 ὀρθά·
2407 5083 2469 5137 τὸ
2533 5083 2626 5155 μὲν
2685 5080 2775 5138 διὰ
2827 5084 2925 5153 τήν
2958 5084 3250 5139 κοινωνίαν
3278 5090 3381 5154 τῆς
3423 5084 3558 5140 κατὰ
3612 5083 3740 5138 Θεὸν

2089 5313 2192 5354 seu
2219 5297 2494 5374 clericum
2527 5298 2961 5368 saecularem,ut
2990 5294 3732 5374 ἱερομονάχον,ωοηιιοίὶι]ω

2089 5372 2474 5426 sacerdotem.

2160 5443 2288 5515 (5“)
2322 5443 2442 5498 Hoc
2473 5458 2504 5495 Λ
2537 5445 2626 5515 est
2675 5440 2733 5515 in
2766 5443 3030 5514 margine
3089 5445 3259 5515 cujus
3314 5439 3536 5510 reliqua
3559 5436 3736 5515 bibli-

2088 5505 2287 5586 opegaé
2317 5516 2506 5572 culter
2534 5513 2808 5580 abscidit,
2837 5505 3179 5572 truncatum
3203 5505 3528 5570 videtur—ex
3581 5505 3740 5584 λογι-

2085 5605 2210 5655 κην.
