4082 6400
253 369 378 431 ’773

1262 366 1368 426 DE
1409 362 1908 425 EMENDANDA
1952 362 2138 423 VITA
2179 360 2665 425 MONACHIGA.

3561 371 3679 432 ’274

250 499 493 579 ἀγάπης,
552 500 617 555 τὸ
649 496 727 571 δι,
778 495 863 553 ὅτι
912 496 1005 553 τὸν
1061 495 1232 572 μέγαν
1272 492 1365 550 καὶ
1420 496 1638 571 πρῶτον
1698 491 1913 569 Πατέρα

2047 508 2159 579 tem
2191 494 2249 549 in
2301 498 2416 550 Deo
2466 511 2766 565 amorem;
2823 496 3168 566 secundum,
3219 499 3359 571 quia
3390 516 3674 576 magnum

251 590 608 663 κοινούμεθα·
636 589 699 644 τὸ
734 585 792 643 δὲ
818 586 1019 663 τρίτον,
1069 586 1152 640 δτι
1211 580 1498 654 ἀλλήλους
1544 583 1914 658 ἀναγεννῶμεν

248 682 322 737 τὰ
366 681 507 748 θεῖα,
540 679 588 734 εἱ
617 678 707 732 τὸν
737 681 834 732 τοῦ
865 680 998 733 Θεοῦ
1037 670 1204 752 φόϐον
1261 667 1742 746 συλλαμϐάνοντες
1789 668 1918 725 ὠδί-

252 790 447 843 νομεν,
500 767 592 823 καὶ
646 766 901 839 τίκτομεν
962 763 1235 838 σωτηρίας
1287 766 1523 837 πνεῦμα,
1576 758 1800 824 ἕκαστος
1824 761 1917 815 τὸν

250 858 495 932 πλησίον
546 855 977 935 ἐπωφελοῦντες·
1025 855 1116 909 ὅτε
1160 852 1249 908 καὶ
1281 853 1309 907 ὁ
1344 853 1439 926 μὲν
1468 850 1715 935 ὠφελῶν,
1756 849 1918 928 φίλος

252 949 438 1023 πατὴρ
482 946 543 1002 ’ἄν
594 934 876 1019 λογίζοιτο
932 941 1024 998 διὰ
1068 942 1131 999 τὸ
1175 943 1289 997 κατ’
1331 941 1525 1019 ἀρετὴν
1549 934 1861 1017 πρεσϐεῖον,
1891 939 1920 992 ὁ

256 1038 318 1095 δὲ
346 1036 733 1117 ὠφελούμενος
768 1033 846 1098 εἷς
873 1034 1057 1089 τεκνον
1088 1031 1365 1088 τάττοιτο.

333 1218 428 1295 νγ’.
483 1216 672 1291 Ἔχεις
699 1211 822 1268 idat)
859 1211 951 1268 καὶ
996 1210 1262 1287 δευτέραν,
1315 1211 1361 1266 ὧ
1414 1206 1635 1284 ἀδελφὲ,
1691 1213 1791 1277 τῆς
1829 1228 1923 1280 με·

264 1309 422 1383 ρικῆς
474 1303 661 1384 φιλίας
714 1301 1036 1373 ἀνάπτυξιν
1087 1300 1177 1357 καὶ
1236 1299 1451 1376 γένοιτό
1519 1320 1604 1354 σοι
1664 1296 1724 1353 ἐκ
1790 1300 1923 1352 Θεοῦ

260 1396 517 1453 ἐπίπνοια
552 1441 566 1466 ,
657 1392 1123 1466 καταπράττεσθαι
1196 1389 1258 1446 τὸ
1335 1387 1511 1451 οὕτως
1592 1385 1923 1461 ὁλοκλήρως

256 1485 499 1563 φιλικόν.
563 1480 825 1559 Εῦχομαι
859 1479 916 1536 δὲ
944 1484 1107 1536 τοῦτο
1139 1479 1238 1534 οὐκ
1269 1478 1346 1541 εἷς
1407 1479 1605 1552 μάτην,
1662 1474 1789 1531 ἀλλ’
1843 1473 1925 1530 ὅτι

263 1573 458 1653 βλὲπω
486 1572 582 1636 τὰς
638 1572 690 1626 ἐν
738 1577 856 1633 τοῖς
906 1570 1041 1626 κατὰ
1073 1570 1131 1624 σε
1159 1567 1534 1648 ἀδελφότητας
1589 1564 1926 1645 φιλουμὲνας

256 1665 401 1723 κατᾶ
428 1663 612 1739 μέρος·
659 1661 751 1716 καὶ
783 1658 912 1714 αὐτὸ
966 1657 1095 1734 οὐχὶ
1150 1654 1467 1733 ἀδρομερὶς,
1529 1653 1668 1710 ἐλλᾶ
1728 1657 1927 1730 μικροῦ

267 1755 486 1830 ἀμερὲς.
542 1750 613 1806 Τὸ
679 1746 738 1805 δὲ
802 1746 999 1816 αἷίτιον,
1070 1748 1151 1802 ὅτι
1213 1743 1500 1819 δυσμελῶς
1559 1743 1806 1818 ἁρμόττῃ
1865 1742 1928 1797 τὸ

270 1843 563 1921 σύμφωνον
593 1843 692 1895 τοῦ
721 1835 1003 1914 τριαδικοῦ
1051 1839 1149 1906 τῆς
1197 1839 1403 1912 ψυχῆς,
1462 1837 1557 1888 τοῦ
1590 1854 1649 1887 τε
1703 1831 1756 1887 ἐν
1818 1831 1926 1900 σοὶ,

262 1932 357 1988 καὶ
387 1935 486 1987 τοῦ
530 1931 669 1986 κατὰ
696 1930 795 1998 τὴν
846 1924 1209 2004 ἀδελφότητα·
1243 1923 1333 1979 καὶ
1366 1920 1490 1979 οὔτε
1533 1921 1661 1985 τοὺς
1719 1921 1929 1993 θυμοὺς

273 2025 515 2098 μετρεῖς,
548 2020 623 2082 ὡς
673 2016 927 2092 ἀνωτέρω
981 2014 1269 2090 ἐλέγομεν,
1323 2010 1446 2068 οὔτε
1502 2017 1598 2073 τὰς
1646 2009 1933 2083 ἐπιθυμίας

276 2104 661 2185 συμϐιϐάζεις,
718 2107 791 2170 ὡς
841 2106 869 2161 ὁ
916 2105 1095 2159 κανὼν
1158 2102 1436 2179 βούλεταί·
1490 2100 1581 2156 καὶ
1630 2100 1691 2155 τὸ
1749 2100 1930 2155 κοινὸν

273 2200 333 2257 δὶ
363 2198 588 2273 λογικὸν
622 2196 674 2251 ἐν
706 2198 843 2270 ἡμῖν
872 2195 1214 2271 τετάρακταιο
1265 2191 1357 2246 καὶ
1409 2191 1475 2246 οὐ
1525 2190 1803 2265 κατέχεις,
1849 2188 1932 2243 ὅτι

279 2290 381 2346 οὒκ
407 2286 545 2345 ἔστιν
594 2284 719 2342 οὔτε
768 2282 1096 2360 ἀδελφότης,
1165 2278 1289 2336 οὔτε
1340 2278 1516 2359 φιλία,
1576 2276 1701 2335 οὕτε
1754 2299 1933 2334 κοινο-

282 2375 528 2453 6ιαρχία,
563 2371 688 2431 οὔτε
718 2370 864 2445 άλλη
896 2393 979 2435 τις
1005 2370 1260 2427 κοινωνία
1290 2368 1403 2445 (καὶ
1449 2370 1512 2424 οὗ
1563 2367 1707 2444 λέγω
1767 2363 1932 2442 μόνον

276 2469 378 2537 τήν
446 2464 839 2538 πνευματικὴν,
907 2458 1053 2517 ἀλλὰ
1107 2460 1197 2515 καὶ
1252 2463 1425 2513 πᾶσαν
1481 2455 1743 2531 ὲτεροίαν)
1784 2453 1837 2511 ἐν
1896 2455 1933 2530 ᾖ

275 2557 378 2612 οὐκ
406 2554 546 2611 ἔστιν
610 2553 797 2624 ἰσότης
854 2550 1106 2624 ἕλλογος,
1166 2547 1257 2604 καὶ
1309 2550 1345 2617 ἡ
1378 2545 1614 2602 ἐντεῦθεν
1655 2544 1932 2621 ἴσηγορία.

271 2647 350 2703 Τὸ
380 2646 485 2722 γὰρ
545 2643 804 2716 ἀνόμοιον
852 2640 945 2696 καὶ
1002 2640 1182 2694 ἄνισον
1241 2637 1569 2714 συγχυτικὸν
1628 2638 1933 2711 πανταχοῦ,

275 2738 368 2792 ὅτε
418 2735 496 2807 μή
546 2732 685 2788 κατὰ
708 2728 873 2806 λόγον
933 2726 1301 2796 ἀποτελεῖται,
1361 2726 1420 2781 ὃν
1458 2723 1676 2781 δύναται
1713 2722 1805 2797 μέν
1854 2745 1937 2788 τις

274 2826 367 2881 καὶ
415 2822 782 2899 γεωμετρικὸν
834 2818 1028 2888 εἰπεῖν,
1088 2818 1147 2879 ὃς
1203 2816 1254 2871 ἰν
1304 2814 1588 2888 ἀνομοίοις
1633 2812 1938 2887 ὁμοιότητα

280 2912 559 2988 φυλάττει’
625 2911 861 2985 μάλιστα
913 2905 971 2962 δὲ
1012 2905 1197 2968 καλῶς
1246 2901 1306 2960 ἂν
1345 2903 1488 2960 εἶδττοι
1546 2901 1935 2976 πνευματικὸν,

284 3002 368 3057 ὅτι
396 3001 481 3057 καὶ
513 2998 905 3064 ἀποστολικὸν,
934 2996 996 3051 οὗ
1028 2995 1231 3070 Θεωρία
1281 2992 1373 3048 καὶ
1427 2988 1509 3047 τό·
1548 3016 1576 3046 ι(
1616 2993 1712 3060 Μὴ
1745 2992 1936 3054 πάντες

280 3090 598 3162 ἀπόστολοι,
654 3111 682 3140 ››
729 3088 819 3142 καὶ
846 3085 915 3141 τὰ
970 3085 1119 3158 ἱξῆςο
1169 3081 1301 3159 ὅπερ
1331 3082 1422 3137 καὶ
1479 3083 1543 3137 σὺ
1575 3079 1632 3136 εὖ
1674 3077 1858 3149 εἰδὼς,
1889 3077 1934 3134 ὦ

282 3178 729 3256 μεγαλομόναχε,
788 3176 939 3249 ὅμως
988 3174 1050 3229 οὗ
1103 3171 1253 3238 θέλες
1304 3164 1639 3246 ἐξακριϐοῦν
1669 3169 1767 3237 ὡς,
1828 3189 1935 3243 ειγε

2026 587 2083 638 et
2113 570 2369 655 primum
2401 587 2626 655 patrem
2679 584 2964 641 habemus
3006 570 3417 661 communem;
3451 570 3521 648 et
3558 600 3673 649 ter-

2025 671 2198 738 tium,
2232 673 2371 744 quia
2415 673 2513 730 alii
2545 673 2691 731 alios
2742 677 2802 730 in
2835 675 3047 733 divinis
3098 679 3271 734 rebus
3303 697 3677 755 generamus,

2030 762 2079 817 si
2110 761 2383 818 timorem
2418 764 2513 819 Dei
2546 764 2962 837 concipientes,
2995 766 3440 837 ingemiseimus
3468 776 3526 828 et
3548 790 3679 845 par-

2028 852 2286 908 turimus
2313 853 2590 924 spiritum
2621 854 2852 922 salutis,
2875 856 3124 929 quisque
3155 859 3487 930 proximum
3512 864 3680 934 adju-

2030 945 2235 997 vantes
2264 957 2277 996 :
2313 943 2547 1013 quando
2600 944 2697 1015 qui
2732 946 2968 1017 adjuvat
3018 963 3087 1003 ex
3117 947 3289 1004 senili
3337 950 3551 1008 virtute
3582 969 3686 1025 pa-

2030 1033 2121 1085 ter
2176 1031 2448 1087 amabilis
2503 1032 2614 1088 dici
2676 1039 2884 1107 potest,
2942 1041 3001 1091 et
3051 1037 3151 1107 qui
3211 1039 3526 1109 adjuvetur
3579 1059 3687 1114 pro

2031 1116 2151 1173 ﬁlio
2177 1117 2458 1190 reputari.

2101 1207 2192 1262 53.
2227 1208 2370 1263 Ecce
2395 1225 2604 1265 novam
2635 1209 2838 1278 habes,
2871 1212 2951 1266 mi
3002 1213 3199 1282 frater,
3234 1215 3499 1288 partialis
3533 1220 3688 1276 ami-

2034 1296 2183 1352 citias
2233 1296 2658 1369 definitionem,
2689 1303 2746 1354 et
2796 1301 3021 1357 utinam
3065 1307 3122 1358 te
3156 1305 3306 1361 Deus
3336 1306 3584 1378 inspiret
3614 1310 3688 1366 ad

2035 1386 2381 1441 servandam
2414 1384 2576 1442 illam
2607 1388 2993 1445 universalem
3018 1391 3363 1449 amicitiam.
3381 1395 3542 1460 Quod
3569 1415 3685 1455 non

2035 1478 2170 1547 opto
2220 1474 2280 1529 in
2328 1491 2588 1544 vanum;
2621 1476 2835 1532 etenim
2887 1479 3055 1536 video
3103 1481 3311 1538 fratres
3372 1488 3506 1542 tuos
3555 1503 3690 1559 par-

2033 1564 2165 1631 tim,
2200 1580 2314 1619 non
2359 1580 2576 1637 magna
2604 1582 2673 1621 ex
2718 1570 2903 1639 parte,
2938 1569 3041 1623 sed
3074 1569 3220 1625 forte
3264 1572 3446 1641 nulla,
3480 1577 3688 1634 amari.

2036 1652 2226 1708 Causa
2254 1657 2344 1709 est
2373 1653 2717 1726 discrepans
2767 1656 3078 1713 concordia
3125 1660 3303 1715 trium
3339 1662 3689 1722 facultatum

2038 1742 2267 1813 animas,
2299 1746 2413 1797 tua:
2445 1744 2708 1815 quidem,
2752 1750 2811 1801 et
2841 1746 3087 1802 fratrum
3118 1752 3353 1805 tuorum
3391 1767 3402 1806 :
3438 1769 3543 1809 nec
3572 1754 3694 1810 ira-

2039 1830 2244 1886 scibile
2277 1832 2492 1903 frenas,
2522 1839 2587 1888 ut
2637 1850 2815 1906 supra
2864 1835 3141 1905 diximus,
3175 1855 3280 1894 nec
3329 1844 3696 1914 concupisci-

2041 1919 2157 1975 bile
2188 1921 2516 1994 componis,
2545 1926 2609 1977 ut
2629 1922 2891 1995 postulat
2915 1925 3156 1997 regula;
3191 1944 3328 1985 nam
3361 1935 3697 1991 communis

2042 2009 2194 2065 ratio
2249 2008 2307 2065 in
2367 2010 2539 2073 nobis
2596 2014 2945 2070 conturbata
2997 2022 3086 2072 est
3137 2034 3151 2084 ;
3212 2035 3318 2074 nec
3374 2024 3701 2081 recordaris

2043 2099 2250 2155 abesse
2275 2100 2725 2169 fraternitatem,
2758 2107 2815 2158 et
2861 2103 3204 2174 amicitiam,
3239 2113 3296 2164 et
3324 2109 3505 2166 vitam
3538 2129 3701 2170 com-

2045 2203 2306 2259 munem,
2339 2193 2397 2244 et
2435 2206 2854 2264 quamcunque
2900 2196 3407 2266 communitatem,
3442 2203 3579 2272 (non
3611 2220 3704 2260 so-

2044 2276 2162 2333 lam
2204 2276 2331 2334 dico
2380 2278 2770 2352 spiritualem,
2823 2282 2922 2337 sed
2974 2283 3295 2355 quamlibet
3344 2287 3566 2363 aliam),
3600 2292 3701 2348 ubi

2044 2368 2209 2423 deest
2237 2367 2604 2426 rationabilis
2645 2370 2968 2441 aequalitas,
3014 2372 3275 2446 itemque
3323 2375 3603 2450 loquendi
3634 2380 3703 2437 li-

2043 2456 2263 2512 bertas.
2289 2456 2426 2520 Quae
2447 2457 2603 2512 enim
2625 2458 2853 2515 diversa
2869 2465 2925 2515 et
2952 2460 3266 2535 inaequalia
3286 2471 3445 2539 sunt,
3468 2484 3702 2542 semper

2045 2544 2479 2617 disturbantur,
2522 2546 2638 2602 nisi
2690 2548 3037 2606 ordinentur
3082 2552 3305 2611 ratione
3354 2572 3532 2628 quam
3563 2576 3699 2633 geo-

2046 2634 2353 2690 metricam
2402 2635 2616 2707 aliquis
2660 2642 2849 2709 potest
2894 2638 3088 2696 dicere
3135 2642 3586 2705 similitudinem
3640 2650 3699 2706 in

2046 2723 2438 2780 dissimilibus
2467 2726 2798 2797 fservatam,
2831 2732 2889 2784 et
2939 2730 3189 2787 maxime
3234 2735 3599 2805 spiritualem
3644 2745 3704 2796 et

2047 2813 2450 2886 apostolicam,
2502 2817 2674 2885 cujus
2725 2817 2847 2872 haec
2897 2822 2986 2874 est
3034 2820 3302 2878 theoria:
3337 2846 3364 2875 ‹‹
3395 2825 3521 2881 Non
3571 2844 3699 2885 om-

2045 2918 2150 2958 nes
2182 2901 2454 2974 apostoli,
2487 2924 2516 2952 »
2564 2907 2620 2958 et
2666 2903 2993 2977 reliqua“;
3045 2910 3201 2980 quod
3252 2911 3472 2983 optime
3519 2917 3697 2985 nosti,

2045 3008 2077 3047 o
2137 3007 2351 3064 magno
2411 2992 2715 3062 monacho,
2776 2996 3053 3067 perficere
3110 3003 3305 3057 autem
3359 3018 3475 3059 non
3532 3005 3621 3061 vis
3681 3024 3695 3066 :

2044 3096 2203 3147 nam,
2249 3083 2308 3135 te
2352 3079 2597 3152 volente,
2630 3097 2869 3139 necesse
2915 3089 3041 3142 erat
3088 3088 3411 3159 quemlibet
3461 3093 3699 3152 obvium

2046 3169 2308 3237 fratrem,
2342 3172 2407 3225 ut
2436 3170 2622 3239 decet,
2656 3188 2689 3226 a
2717 3175 2773 3227 te
2803 3174 3002 3245 statui,
3035 3175 3134 3231 ubi
3164 3179 3489 3249 oportebat.

277 3252 411 3327 αὐτὸ
483 3252 715 3339 ἤθελες,
790 3270 964 3342 ῖχρῆν
1041 3283 1100 3318 σε
1170 3261 1615 3339 προσφερόμενον
1691 3258 1910 3326 ἅπασιν,
1986 3255 2061 3318 ὡς
2136 3252 2395 3331 ἔπρεπεν,
2473 3258 2834 3330 ἀποκαθιστᾷν
2917 3256 3142 3318 ἕκαστον
3223 3261 3493 3343 ἀδελφὸν,
3576 3267 3704 3335 ἔνθα

281 3357 415 3415 ἔδει.

354 3445 453 3504 νδ’.
485 3445 689 3507 Πάντες
736 3441 794 3498 δὲ
841 3440 925 3498 δεῖ
971 3443 1064 3498 τὸν
1127 3442 1224 3515 μὶν
1284 3439 1419 3514 μετὰ
1463 3438 1660 3513 ἀρετῆς
1709 3456 1936 3512 πρακτι-

2119 3435 2209 3490 54.
2242 3439 2480 3508 Oportet
2523 3436 2695 3509 plane
2736 3439 3025 3511 optimum
3074 3445 3406 3515 operarium
3455 3450 3710 3522 negotiis

280 3538 377 3593 κὸν
429 3534 822 3611 ἐγκαθιστάνειν
905 3536 1024 3595 τοῖς
1101 3532 1556 3605 μοναστηριακοῖς
1638 3528 1940 3603 πράγμασι,

281 3627 376 3683 τὸν
433 3623 492 3680 δὲ
549 3621 812 3680 δοκοῦντα
862 3621 955 3695 μὲν
1013 3619 1224 3692 εὐφυῶς
1254 3616 1401 3695 ἔχειν
1459 3612 1772 3692 ἐπιπρέπειν
1804 3612 1945 3691 ἔργῳ

281 3714 541 3788 τοιούτῳ,
606 3714 775 3787 μήπω
803 3709 861 3766 δὶ
887 3709 1350 3788 πληροφοροῦντα
1404 3708 1502 3776 τὴν
1550 3704 1806 3776 τοιαύτην
1849 3701 1944 3758 δό-

283 3826 467 3877 κησιν,
508 3798 866 3878 παραδιδόναι
924 3804 1006 3872 τῷ
1055 3799 1172 3853 κατ’
1222 3797 1418 3872 ἀρετὴν
1476 3797 1839 3873 πραγματικῷ
1891 3791 1943 3848 ἐν

284 3899 411 3959 τοῖς
463 3891 593 3964 ἔξω·
643 3888 736 3946 ’ίνα
787 3888 1204 3966 συνεζευγμένος
1265 3885 1472 3959 ἐκείνῳ,
1531 3885 1617 3940 οἵα
1665 3883 1754 3940 καὶ
1816 3879 1945 3959 βοῦς

291 3982 582 4057 ἀπείρατος
666 3977 961 4056 εργατείας,
1055 3977 1296 4051 μανθάνῃ
1385 3977 1738 4051 συγγεωργεῖν
1767 3991 1780 4004 ⁵
1856 3972 1949 4027 καὶ

297 4073 483 4146 μαθὼν
546 4071 642 4144 μὲν
700 4066 1037 4144 ἀποκαχθείη
1069 4065 1161 4121 καὶ
1192 4065 1354 4126 αὐτὸς
1413 4062 1466 4125 ἐς
1499 4063 1626 4137 βοῦν
1668 4061 1947 4138 ἐργατικὸν

297 4157 644 4217 διδάσκαλονο
699 4155 941 4229 σκληρὸς
1013 4152 1071 4209 δὲ
1130 4147 1391 4222 ἀπεκϐὰς,
1445 4152 1522 4213 ὡς
1576 4150 1665 4205 καὶ
1720 4146 1948 4227 ἄροτρον

300 4243 620 4324 συντρίϐειν,
667 4247 758 4303 καὶ
811 4244 1015 4319 ἅμαξαν
1044 4240 1338 4314 κατακλᾷν,
1391 4240 1479 4296 καὶ
1512 4238 1686 4302 οὕτως
1725 4239 1950 4314 ἀχρεῖος

305 4339 456 4407 εἶναι,
510 4335 830 4412 ἐπιταχθείη
885 4332 1031 4389 ἄλλο
1080 4353 1135 4386 τι
1192 4329 1346 4407 ἔργον
1398 4334 1599 4395 ποιεῖν,
1654 4325 1725 4383 δι’
1756 4325 1819 4382 οὗ
1874 4329 1949 4401 μὴ

300 4423 416 4505 ἔχει
452 4425 711 4502 βλάπτειν
737 4425 800 4479 τὸ
863 4423 1249 4498 μοναστήριον·
1294 4418 1356 4474 οὖ
1418 4419 1525 4493 μὴν
1589 4417 1733 4473 οὕτω
1789 4414 1958 4488 σκλη-

300 4513 723 4592 ροροτράχηλον
757 4511 1126 4589 ἑληλεγμένον
1163 4507 1496 4584 ὑπερτιθέναι
1548 4507 1639 4563 καὶ
1689 4510 1959 4584 προτιμᾶ-

300 4608 422 4660 σθαι
452 4608 551 4659 τοῦ
595 4602 901 4678 ταλαεργοῦ
928 4600 1019 4655 καὶ
1073 4599 1355 4675 σώφρονος
1408 4595 1612 4652 ἐκείνου
1674 4596 1823 4672 βοὸς,
1883 4595 1957 4660 ὠς

303 4694 464 4750 αὐτὸν
521 4694 615 4768 μὶν
675 4694 1006 4768 παρατηρεῖν
1057 4691 1508 4765 καταγνωστικῶς
1541 4734 1556 4760 ,
1608 4691 1688 4760 τῷ
1751 4685 1809 4742 δὲ
1863 4707 1960 4741 κα-

2052 3526 2396 3582 monasterii
2446 3543 2510 3582 se
2557 3526 2873 3599 applicare,
2927 3529 3351 3606 hominemque
3400 3537 3501 3609 qui
3533 3543 3710 3598 natus

2052 3614 2284 3670 videtur
2313 3615 2381 3669 ad
2436 3615 2555 3671 haec
2586 3633 2763 3688 opera
2811 3635 3088 3692 prospere
3134 3625 3383 3696 agenda,
3434 3625 3515 3682 illi
3550 3630 3711 3700 operi

2055 3719 2118 3760 se
2149 3704 2419 3760 addicere
2444 3723 2457 3773 ;
2485 3721 2738 3779 eumque
2760 3708 2862 3780 qui
2892 3708 3044 3766 hanc
3064 3727 3228 3783 spem
3253 3730 3367 3770 non
3397 3716 3586 3786 affert,
3613 3735 3714 3791 0p-

2054 3793 2199 3849 timo
2231 3794 2495 3866 operario
2543 3794 2604 3850 in
2652 3798 2829 3854 rebus
2877 3800 3264 3859 exterioribus
3315 3805 3583 3876 tradere;
3617 3809 3713 3864 cui

2057 3881 2392 3954 colligatus,
2426 3888 2491 3939 ut
2521 3884 2626 3940 bos
2657 3887 2863 3943 arandi
2914 3888 3171 3961 nescius,
3223 3891 3414 3950 discat
3444 3912 3563 3952 una
3593 3913 3719 3955 ara-

2058 3988 2139 4027 re.
2192 3972 2437 4028 Etcum
2496 3973 2797 4043 didicerat,
2859 3976 2988 4048 ipse
3037 3983 3102 4034 ut
3159 3980 3268 4037 hos
3328 3984 3559 4055 operari
3615 3987 3717 4043 do-

2060 4076 2200 4117 cens
2259 4064 2601 4131 statuetur;
2658 4080 2689 4119 e
2742 4069 2946 4121 contra
3003 4084 3133 4124 cum
3190 4070 3464 4129 indoctus
3520 4090 3719 4131 evase-

2060 4149 2156 4218 rit,
2201 4149 2281 4205 ita
2332 4154 2398 4205 ut
2443 4154 2707 4207 aratrum
2765 4154 3114 4227 confringet,
3166 4157 3498 4230 plaustrum
3557 4180 3719 4219 rum-

2063 4242 2186 4311 pat,
2215 4242 2273 4294 et
2319 4239 2397 4294 sit
2443 4239 2693 4307 inutilis,
2744 4244 2814 4297 ad
2865 4243 3102 4316 aliquod
3151 4246 3310 4303 aliud
3362 4266 3515 4321 opus
3562 4251 3719 4306 ordi-

2065 4327 2323 4393 nabitur,
2379 4345 2415 4384 a
2464 4346 2578 4402 quo
2638 4331 3059 4390 detrimentum
3118 4339 3542 4395 monasterium
3603 4357 3718 4396 non

2066 4417 2278 4491 capiat.
2322 4418 2520 4490 Neque
2566 4418 2893 4478 indomitus
2951 4422 3057 4480 bos
3114 4429 3561 4498 anteponendus
3609 4433 3722 4500 est,

2068 4510 2126 4563 et
2167 4506 2356 4579 magis
2401 4507 2806 4581 honorandus,
2859 4527 3036 4584 quam
3089 4513 3189 4571 ille
3244 4517 3470 4588 peritus
3525 4523 3580 4574 et
3629 4536 3724 4575 sa-

2069 4596 2260 4669 piens,
2318 4598 2402 4653 ita
2450 4601 2516 4654 ut
2572 4602 2954 4671 posteriorem
3017 4605 3529 4663 condemnandum
3577 4625 3730 4681 pone

2071 4686 2366 4752 observes,
2409 4688 2784 4761 prioremque
2830 4692 3089 4758 emittas,
3125 4711 3314 4767 neque
3372 4696 3482 4754 hoc
3531 4698 3728 4769 modo,

301 4782 524 4860 κούργῳ
581 4780 772 4855 ἆκείνῳ
816 4781 1019 4856 ἐφιέναι
1070 4779 1139 4834 τὰ
1186 4775 1474 4855 γεωργικά·
1536 4775 1636 4831 ούκ
1689 4776 1820 4832 αὐτὸ
1870 4777 1936 4849 μό

2072 4776 2172 4831 sed
2206 4792 2340 4832 cum
2372 4776 2567 4833 videas
2599 4778 2658 4834 in
2682 4795 2816 4835 area
2846 4780 3187 4855 saltantem,
3209 4801 3324 4840 non
3356 4786 3733 4843 triturantem

302 4893 414 4942 νον,
473 4869 619 4927 ὀλλά
647 4870 738 4925 καὶ
795 4872 1053 4945 περιορᾷν
1110 4867 1312 4922 ἐκεῖνον
1366 4869 1807 4940 κατασκιρτᾶωτα
1867 4872 1931 4935 τῆ

2079 4868 2144 4920 ut
2197 4882 2262 4921 os
2315 4864 2540 4938 alligari
2598 4885 2713 4923 non
2774 4869 2852 4924 sit
2908 4887 3166 4941 necesse,
3230 4874 3331 4929 sed
3391 4875 3726 4947 manipulos

306 4958 519 5029 ἀλωῆς,
564 4954 687 5013 οὕτε
739 4955 1012 5028 ἀλοῶντα,
1069 4958 1144 5019 ὡς
1196 4953 1273 5027 μὴ
1327 4955 1500 5031 φιμοῦ
1556 4948 1786 5017 δίεσθαι,
1822 4948 1930 5006 ἀλλ

2078 4954 2302 5026 passim
2375 4960 2733 5028 carpentem,
2795 4975 2829 5013 a
2897 4958 3027 5016 cibo
3102 4962 3327 5019 edendo
3403 4980 3518 5020 non
3578 4964 3730 5021 desi-

308 5049 428 5119 εἶκῆ
486 5045 837 5112 κατεσθίοντα
918 5045 988 5100 τὰ
1066 5041 1374 5119 δράγματα,
1449 5036 1573 5095 οὔτε
1629 5038 1936 5117 ἀπεχόμενο

2081 5048 2357 5114 stentem,
2388 5048 2448 5099 et
2489 5045 2766 5102 cornibus
2813 5052 3190 5120 avertentem,
3242 5052 3293 5108 si
3343 5053 3476 5124 quis
3506 5053 3732 5112 accedit

306 5142 405 5194 τοῦ
452 5135 775 5212 σπαράττειν
813 5134 878 5191 τὸ
923 5132 1193 5211 τρόφιμον
1256 5130 1349 5186 σὺν
1399 5132 1480 5202 τῷ
1532 5126 1623 5184 καὶ
1675 5126 1936 5201 ἀμύνεσθε

2082 5148 2155 5189 ne
2181 5133 2336 5189 bona
2363 5135 2704 5192 monasterii
2732 5136 3053 5210 disperdat,
3083 5140 3500 5214 impediturus.

306 5227 550 5305 κέρασιν,
583 5225 638 5282 εἷ’
677 5246 762 5289 τις
808 5221 1175 5302 προσπελάσει
1228 5218 1430 5285 δθιλων
1481 5214 1823 5274 ἀποκωλύειν
1876 5222 1974 5274 τοῦ

309 5312 781 5395 καταϐιϐρώσκειν
811 5316 880 5370 τὰ
906 5319 1009 5384 τῆς
1044 5316 1237 5387 μονῆς.
1752 5392 1775 5395 μ
3720 5352 3723 5357 .

380 5409 473 5466 νε’.
533 5392 636 5462 Καὶ
690 5404 859 5482 ἔχρῆν
917 5403 1010 5476 μὶν
1067 5399 1212 5457 οὕτω
1267 5396 1558 5475 γίνεσθαι,
1612 5396 1689 5459 ὡς
1749 5392 1936 5474 ἕφύμει

2156 5402 2248 5460 55.
2281 5402 2364 5459 Ita
2392 5402 2519 5460 ﬂeri
2539 5405 2865 5476 oportebat,
2895 5406 3234 5466 utdiximus
3260 5435 3274 5480 ;
3309 5425 3416 5467 nec
3437 5412 3632 5468 tamen
3655 5410 3738 5470 fa-

313 5499 376 5553 οὐ
429 5498 639 5573 γίνεται
697 5491 773 5550 δέ.
836 5492 933 5549 Διὰ
988 5490 1083 5561 τίς
1129 5490 1252 5550 Ὅτι
1282 5493 1384 5559 τῆς
1416 5482 1631 5549 ἅλωνος
1664 5482 1936 5551 ἀπελαθεὶς

2090 5494 2249 5549 ctum
2280 5497 2389 5551 est.
2443 5493 2626 5560 Quam
2674 5494 2749 5551 ob
2799 5498 3095 5555 causam?
3150 5500 3291 5572 quia
3348 5516 3419 5559 ex
3462 5517 3599 5562 area
3630 5519 3736 5577 pro

389 5713 431 5750 ιι
465 5714 644 5770 ICor.
675 5726 779 5785 xu,
806 5711 898 5767 29.
