4082 6358
351 344 469 402 ’775

1125 337 1544 400 EUSTHATII
1590 335 2368 401 THESSALONICENSIS
2415 339 3003 404 METROPOLITE

3663 353 3784 414 776

353 473 586 546 pulsus,
629 472 700 528 ad
752 475 806 528 te
861 469 1229 542 confugiens,
1288 469 1369 524 mi
1430 469 1625 537 frater,
1687 470 1989 540 postquam

2113 467 2204 522 καὶ
2265 468 2341 533 είς
2401 473 2459 528 σὲ
2499 470 2886 551 προσδραμὼν,
2918 474 2964 528 ὦ
2994 471 3214 552 ἀδελφέ,
3251 474 3340 530 καὶ
3370 475 3439 532 τὰ
3472 479 3566 551 μὶν
3599 477 3785 538 πλείω

353 563 523 636 plura
567 562 840 628 comedit,
893 561 1168 632 misitque
1217 560 1274 613 in
1323 564 1605 625 ventrem,
1658 573 1836 612 unam
1885 556 2005 628 spi-

349 669 476 708 cam
510 657 610 708 aut
639 651 882 707 alteram
916 650 1088 705 labiis
1129 650 1465 716 admovens,
1493 647 1720 704 seducit
1744 647 2006 702 clemen-

347 744 492 798 tiam
549 747 710 796 tuam
773 741 1044 795 mirantis
1103 738 1324 809 aliquid
1382 737 1534 810 quod
1596 737 1802 791 tritum
1861 752 2004 791 con-

350 833 490 899 ficit,
558 837 623 887 ut
705 832 922 885 bonum
1009 830 1210 884 afferre
1279 828 1349 882 ad
1437 831 1608 881 tuum
1683 826 2002 897 judicium,

350 928 416 977 Et
454 923 609 977 idem
653 922 844 976 videre
896 923 984 973 est
1032 920 1090 972 in
1142 918 1301 972 omni
1353 916 1465 972 alio
1496 916 1752 972 servitio.
1811 915 2006 970 Minus

348 1011 624 1067 laudatur
668 1011 842 1064 homo
893 1009 990 1078 qui
1043 1007 1270 1062 vineam
1323 1007 1535 1078 diligit,
1589 1010 1648 1061 et
1704 1005 2006 1077 anteponi-

347 1108 445 1157 tur
475 1117 840 1155 racemorum
873 1098 1107 1153 artifex:
1129 1097 1278 1152 alius
1310 1096 1546 1169 quidam
1577 1095 2006 1150 condemnatur

346 1208 412 1246 eo
479 1190 634 1262 quod
705 1188 1022 1243 humilium
1096 1187 1396 1242 vinearum
1469 1203 1583 1241 non
1653 1185 2004 1240 misereatur

346 1285 691 1335 onustarum
760 1278 1051 1334 fructibus
1133 1278 1432 1349 gravibus,
1502 1278 1559 1331 et
1642 1275 1712 1329 ad
1786 1279 1995 1330 terram

345 1374 830 1442 prostratarum;
891 1368 1042 1423 alios
1101 1373 1298 1422 autem
1355 1366 1628 1421 laudatur
1685 1364 1824 1436 quia
1881 1381 2001 1420 sar-

348 1465 544 1515 menta
602 1458 889 1531 permittit
947 1460 1265 1529 quiescere,
1323 1455 1555 1512 sublato
1616 1454 1794 1509 nimio
1851 1470 1998 1525 pon-

346 1551 504 1616 dere,
556 1555 612 1605 et
661 1565 728 1604 ea
784 1549 856 1603 ad
917 1549 1105 1617 magis
1163 1547 1590 1602 ﬂorescendum
1643 1549 1846 1616 postea
1894 1543 1998 1598 ad-

345 1640 523 1694 ducit.
569 1639 627 1694 Si
687 1639 822 1710 quis
875 1639 1133 1693 furatum
1183 1638 1253 1691 ad
1315 1641 1539 1708 patrem
1591 1633 1848 1707 projecit,
1889 1633 1997 1689 hoc

341 1731 412 1786 ad
505 1727 753 1784 salutem
841 1728 891 1782 ei
960 1727 1059 1798 qui
1146 1731 1447 1799 peccatum
1537 1726 1841 1780 confessus
1909 1726 1998 1778 est

335 1819 513 1890 idque
544 1818 692 1889 patri
741 1835 774 1873 a
805 1816 1091 1889 principio
1140 1815 1370 1882 evolvit,
1420 1815 1776 1883 deputatur:
1811 1817 1869 1867 et
1909 1813 1994 1867 sic

341 1910 532 1963 furata
563 1906 966 1962 benedictione
1017 1906 1142 1976 ipse
1186 1905 1241 1958 in
1279 1903 1614 1975 paradisum
1647 1901 1992 1957 intromitti-

336 2002 455 2065 tur,
513 1997 849 2067 talibusque
904 1995 1121 2067 dignus
1175 1994 1428 2049 habetur
1497 1993 1646 2048 votis
1714 1991 1990 2064 qualibus

335 2088 513 2144 Jacob
544 2104 677 2141 cum
730 2103 1012 2159 magnum
1060 2089 1283 2156 patrem
1331 2087 1389 2138 et
1431 2081 1828 2154 patriarcham
1860 2079 1990 2136 cibo

333 2176 536 2233 illexit.
588 2176 792 2231 Adhuc
838 2180 895 2230 et
943 2173 1213 2229 cellarius
1264 2173 1363 2244 qui
1396 2175 1562 2227 curat
1608 2172 1678 2227 de
1724 2187 1988 2226 commu-

334 2266 518 2322 nitate
547 2267 817 2334 fratrum,
849 2279 979 2320 vere
1012 2280 1261 2334 magnus
1311 2279 1344 2317 a
1373 2265 1428 2317 te
1459 2279 1575 2317 non
1605 2261 1858 2316 habetur
1884 2278 1897 2327 ;
1930 2265 1988 2314 te

332 2359 528 2411 tamen
587 2353 751 2426 angit
798 2353 848 2408 si
899 2369 1139 2424 parvum
1193 2355 1248 2406 et
1295 2349 1619 2406 maximum
1670 2349 1728 2403 in
1782 2348 1987 2403 eodem

333 2446 520 2518 gradu
551 2443 819 2516 reponit;
869 2446 926 2497 et
957 2440 1006 2498 si
1057 2440 1302 2496 ﬁrmiter
1332 2440 1528 2496 taliter
1575 2437 1985 2511 permanserit,

331 2551 468 2592 eum
499 2551 530 2590 a
559 2533 856 2590 laboribus
889 2532 1190 2604 quiescere
1220 2546 1462 2602 prorsus
1499 2526 1758 2600 jubebis.
1793 2527 1853 2584 Si
1883 2543 1986 2582 au-

332 2631 451 2681 tem
502 2640 826 2691 successor,
887 2638 1065 2678 causa
1122 2620 1375 2693 cognita,
1428 2619 1650 2690 piscem
1701 2616 1983 2672 eximium

333 2714 708 2786 comparavit,
751 2729 958 2784 parum
1008 2715 1109 2766 aut
1140 2709 1286 2765 nihil
1319 2725 1530 2764 curans
1581 2707 1650 2762 de
1682 2705 1981 2770 fratribus,

332 2809 388 2860 et
417 2803 466 2858 si
499 2804 607 2874 ipsi
660 2800 1178 2870 murmuraverint,
1212 2805 1352 2854 tunc
1404 2800 1714 2853 coronatur
1744 2796 1843 2867 qui
1875 2793 1984 2850 tibi

332 2893 652 2963 inservivit,
686 2898 742 2948 et
771 2892 1038 2963 arguitur
1087 2887 1482 2945 communitas
1527 2903 1650 2957 qua:
1681 2885 1814 2941 talis
1847 2900 1981 2940 cum

332 2985 430 3054 sit,
463 2982 566 3038 tali
600 2987 657 3037 et
683 2985 805 3036 tam
847 2997 1058 3053 magno
1106 2995 1168 3034 se
1198 2976 1482 3050 aequalem
1525 2977 1679 3031 facit.
1715 2977 1794 3031 De
1825 2979 1983 3030 caete-

335 3075 416 3128 ris
449 3073 651 3128 eadem
685 3087 915 3143 semper
945 3067 1285 3143 praestantia
1328 3067 1522 3123 locum
1554 3066 1750 3122 habet.
1785 3065 1982 3119 Edunt

330 3163 452 3234 alii,
485 3167 540 3217 et
587 3162 696 3217 soli
739 3166 907 3216 terrai
956 3160 1169 3215 debent
1213 3174 1322 3212 sua
1368 3157 1688 3222 alimenta;
1737 3159 1799 3210 tu
1844 3170 1978 3210 vero

330 3255 463 3326 plus
495 3253 669 3308 etiam
702 3251 874 3318 mari,
906 3267 938 3305 e
969 3266 1080 3320 quo
1125 3248 1495 3303 abundantes
1527 3247 1706 3317 dapes
1736 3244 1975 3317 accipis,
2010 3234 2052 3302 C

328 3347 581 3414 quantas
635 3359 751 3397 non
810 3341 1028 3395 habent
1085 3338 1142 3393 in
1191 3335 1402 3393 saeculo
1451 3335 1751 3408 epulones.
1803 3334 1981 3389 Num-

329 3431 467 3505 quid
531 3433 702 3501 jubes
770 3435 977 3484 catera
1041 3427 1377 3484 istiusmodi
1448 3443 1481 3481 a
1546 3442 1639 3480 me
1697 3423 1978 3496 percurri,

326 3521 414 3576 vel
483 3521 657 3575 non?
713 3520 790 3575 Te
850 3523 1200 3591 negaturum
1258 3517 1526 3572 arbitror.
1590 3515 1766 3571 Facta
1822 3513 1978 3568 enim

325 3610 579 3678 licentia,
623 3610 747 3681 jam
811 3625 925 3663 non
986 3607 1202 3680 poteris
1253 3623 1382 3663 eam
1434 3606 1683 3671 auferre,
1736 3620 1870 3659 cum
1915 3619 1980 3659 os

327 3717 444 3774 prae
512 3699 725 3754 rubore
783 3697 1138 3754 demittetur.
1207 3697 1325 3752 Hoc
1391 3697 1564 3751 modo
1624 3693 1980 3765 peculiarem

328 3789 646 3846 amicitiam
717 3805 946 3844 servare
1013 3805 1127 3843 non
1192 3786 1429 3859 poteris,
1486 3801 1677 3856 neque
1736 3784 1796 3838 in
1855 3799 1979 3837 mo-

323 3879 603 3948 nasterio,
666 3882 723 3934 et
781 3878 966 3934 multo
1025 3879 1224 3932 minus
1290 3876 1363 3932 ad
1422 3873 1761 3945 extrazqui
1821 3871 1979 3927 enim

325 3972 485 4025 intus
541 3985 654 4024 non
705 3973 794 4024 est
842 3968 1173 4034 ordinatus,
1223 3966 1316 4022 vix
1363 3965 1424 4021 in
1474 3965 1652 4020 rebus
1685 3962 1980 4019 exteriori-

327 4060 440 4116 bus
471 4060 738 4116 ordinem
772 4058 1192 4114 manifestabit.

317 4324 320 4329 ς
395 4283 484 4337 56.
547 4283 817 4350 Insuper,
876 4275 954 4331 mi
1015 4274 1272 4337 domine,
1356 4270 1722 4343 investigabo
1781 4284 1979 4324 annon

327 4375 384 4427 te
433 4367 797 4441 superaverit
843 4364 1189 4437 arrogantiae
1248 4361 1495 4429 malum,
1555 4375 1733 4432 quam
1781 4373 1984 4428 super-

328 4461 437 4517 biae
487 4458 672 4516 sociat
723 4456 1026 4527 Scriptura
1076 4469 1262 4522 sacra,
1317 4451 1575 4521 dicitque
1633 4450 1824 4504 a.Deo
1873 4464 1980 4519 op-

326 4551 475 4606 timo
531 4547 662 4603 odio
721 4545 970 4612 haberi;
1030 4560 1208 4615 quam
1269 4539 1668 4612 arrogantiam
1727 4537 1825 4593 alii
1885 4554 1982 4592 au-

2114 563 2658 636 καταμασησοὶμενος,
2709 563 2799 618 καὶ
2847 563 2924 628 εἷς
2972 563 3223 640 γαστέρα,
3276 567 3521 640 πέμψας,
3570 566 3666 625 ἕνα
3725 569 3784 627 δὲ

2117 648 2340 724 στάχυν,
2369 650 2515 720 ἤπου
2559 653 2648 707 καὶ
2709 651 2802 708 δύο
2851 658 2958 708 τῶν
3001 652 3237 729 χειλέων
3289 651 3779 734 προϐεϐλημένος,

2115 739 2364 813 γοητεύει
2387 744 2507 812 ’τήν
2553 741 2603 797 ἐν
2657 743 2739 798 σοὶ
2790 741 3097 813 ἐπιείκειαν,
3146 745 3458 822 ἀγαπῶσαν,
3492 747 3575 803 ὅτι
3607 748 3777 806 καλόν

2112 850 2163 882 τι
2197 831 2558 906 παρακομίζει
2611 837 2679 907 τῇ
2732 831 2991 908 διακρίσει
3053 855 3169 903 σου,
3231 835 3260 889 '6
3291 836 3624 912 ψωχόμενον
3659 862 3781 896 συν-

2113 918 2281 976 τελεῖ.
2339 922 2416 978 Τὸ
2449 920 2491 976 δ’
2539 922 2668 978 αὐτὸ
2698 923 2787 978 καὶ
2820 922 2906 978 ἐπὶ
2941 923 3117 992 πάσης
3148 921 3328 996 ἄλλης
3355 924 3471 998 πλη
3483 927 3778 1000 μμελεῖται

2115 1005 2405 1072 διακονίας.
2466 1013 2526 1068 Ὁ
2579 1011 2667 1067 ἐπὶ
2711 1017 2807 1068 τοῦ
2868 1013 3198 1085 ἀμπελῶνος
3259 1013 3465 1089 ἀγαθὸς
3541 1019 3636 1090 μὲν
3698 1018 3771 1074 ὧν

2112 1097 2612 1174 παρευδοκιμεῖται,
2687 1098 3167 1177 προσλαμϐάνεται
3246 1100 3304 1158 δὲ
3382 1106 3409 1160 6
3467 1107 3603 1162 κατὰ
3660 1114 3770 1164 τῶν

2116 1190 2359 1266 βοτρύων
2416 1190 2656 1268 ἐνεργής·
2720 1191 2756 1266 ᾗ
2819 1192 2914 1265 μὶν
2969 1193 3535 1268 καταγινωσκόμενος,
3593 1199 3766 1270 οἶμαι,

2110 1277 2193 1333 ὅτι
2256 1282 2331 1352 μή
2387 1279 2530 1336 ἐλεεῖ
2581 1281 2676 1343 τὰς
2750 1283 3000 1336 ταπεινὰς
3059 1280 3338 1355 ἀμπέλοτς
3402 1285 3768 1361 βαρυνομένας

2109 1366 2340 1444 ἐπαχθεῖ
2384 1374 2463 1441 τῷ
2518 1375 2729 1447 καρπῷ,
2790 1371 2864 1433 ὡς
2921 1371 3010 1449 καὶ
3061 1374 3429 1427 κατασπᾶτθαι
3485 1373 3557 1436 εἷς
3583 1378 3761 1450 γῆν-ὁ

2109 1454 2166 1512 δὲ
2219 1455 2638 1532 εὐλογούμενος,
2695 1458 2777 1514 ὅτι
2838 1459 3097 1515 ἀναπαύει
3127 1461 3194 1515 τὰ
3221 1459 3502 1533 κλήματα,
3533 1463 3594 1517 τὸ
3619 1462 3764 1518 πολὺ

2105 1550 2201 1600 τοῦ
2264 1547 2461 1624 βάρους
2521 1549 2787 1624 ἀπάγων,
2868 1550 2960 1604 καὶ
3019 1548 3192 1613 οὕτως
3246 1547 3523 1605 ἐνδίδωσιν
3584 1551 3770 1616 αὐτοῖς

2105 1635 2194 1691 ἐπὶ
2246 1635 2413 1692 πλέον
2475 1636 2693 1701 θάλλειν
2751 1638 2804 1703 ἐς
2832 1640 3021 1696 νέωτα.
3055 1640 3117 1693 Ei
3151 1637 3208 1694 δέ
3236 1661 3288 1695 τι
3317 1645 3415 1695 τοῦ
3445 1639 3769 1715 κλέμματος

2103 1725 2193 1780 καὶ
2246 1731 2324 1799 τῷ
2369 1726 2532 1803 πατρί
2583 1729 2898 1804 προσφέρει,
2933 1726 3081 1784 ἀλλὰ
3136 1734 3297 1784 τοῦτο
3352 1729 3429 1794 εἷς
3488 1731 3765 1807 σωτηρίαν

2105 1815 2292 1889 ἐκείνῳ
2343 1818 2576 1893 κρίνεται
2633 1818 3216 1894 ἀνθομολογησαμένῳ
3260 1820 3320 1874 τὸ
3375 1825 3642 1894 πταῖσμα,
3676 1823 3766 1876 καὶ

2104 1907 2360 1982 ἀπαρχὴν
2413 1906 2575 1962 αὐτοῦ
2633 1908 3045 1984 προσενεγκόντι
3104 1913 3183 1981 τῷ
3235 1909 3424 1984 πατρὶ,
3468 1909 3558 1964 καὶ
3591 1909 3768 1972 οὕτως

2102 1995 2152 2050 έν
2185 2001 2262 2068 τῷ
2290 1997 2389 2066 τὴν
2449 1995 2698 2072 εὐλογίαν
2727 1995 2924 2071 κλέψαι
2956 1997 3202 2072 ἀφεθέντι
3262 1998 3336 2061 είς
3385 1998 3545 2054 αὐτὸν
3587 2002 3762 2075 παρά-

2101 2083 2298 2154 δεισον,
2359 2088 2546 2159 μήπου
2601 2084 2657 2141 δὲ
2713 2087 2803 2141 καὶ
2863 2088 3045 2162 εὐχῶν
3102 2087 3506 2158 καταξιωθέντι,
3551 2089 3760 2144 ὁποίων

2100 2176 2190 2230 καὶ
2247 2177 2275 2229 ὁ
2335 2171 2550 2244 Ἰακὼϐ,
2609 2175 2697 2232 ὅτε
2747 2177 2836 2231 τὸν
2903 2178 3070 2252 μέγαν
3122 2179 3211 2232 καὶ
3269 2179 3476 2254 πατέρα
3506 2179 3597 2233 καὶ
3653 2199 3758 2233 πα-

2098 2264 2370 2340 τριάρχην
2424 2265 2621 2340 θρέψας
2672 2265 3129 2341 ἐψυχαγώμτβεν.
3181 2269 3299 2324 “Et:
3330 2266 3420 2322 καὶ
3452 2269 3480 2322 ὁ
3533 2267 3759 2341 ὀψωνη-

2097 2355 2223 2424 τής,
2277 2352 2582 2428 κηδόμενος
2644 2355 2739 2428 μὲν
2794 2362 2894 2425 τῆς
2945 2353 3247 2434 ἀδελφικῆς
3301 2357 3647 2428 κοινότητος,
3694 2357 3761 2412 οὗ

2095 2443 2231 2498 πάνυ
2288 2443 2452 2520 μέγας
2508 2441 2746 2521 κρίνεται
2809 2445 2911 2500 ὑπὸ
2961 2449 3077 2502 σοῦ.
3113 2443 3285 2504 Ἀλλά
3314 2467 3420 2502 που
3451 2445 3541 2501 καὶ
3576 2441 3760 2509 θλίϐει

2097 2555 2174 2606 σε,
2235 2533 2280 2588 εἰ
2333 2537 2450 2595 τοῖς
2504 2539 2723 2610 μικροῖς
2781 2532 2834 2597 ές
2892 2534 3085 2589 ταυτὸν
3141 2531 3254 2612 ἄγει
3311 2536 3405 2590 τὸν
3464 2534 3517 2591 ἐν
3574 2535 3760 2598 αὐτοῖς

2096 2622 2338 2697 ὕψιστον.
2399 2623 2496 2677 Καὶ
2551 2622 2755 2693 τοίνυν,
2816 2623 2862 2678 εί
2918 2623 3178 2700 συχνάκις
3233 2627 3482 2688 τοιοῦτος
3512 2621 3758 2698 διαμένε,

2095 2712 2420 2775 καταπαύεις
2479 2712 2650 2768 έκεινο
2707 2717 2807 2768 τοῦ
2863 2718 3076 2785 κοπιᾷν.
3140 2713 3205 2771 Εἰ
3261 2711 3320 2768 δὲ
3376 2715 3404 2769 6
3439 2714 3555 2787 μετ’
3595 2713 3759 2769 αὐτὸν

2094 2800 2347 2878 ἐπιγνοὺς
2404 2801 2466 2856 τὸ
2521 2799 2733 2871 α’ίτιον,
2794 2797 2957 2876 ἀϐρὸν
3020 2801 3176 2878 ἰχθὺν
3231 2801 3750 2879 πραγματεύσεται,

2096 2891 2263 2965 μικρὰ
2317 2891 2353 2961 ἢ
2412 2889 2562 2946 οὐδὲν
2622 2894 2720 2957 τῆς
2778 2889 3150 2970 ἀδελφότητος
3212 2891 3613 2966 έμπαζόμινος,
3659 2892 3748 2948 καὶ

2091 2980 2243 3036 αὐτοὶ
2301 2980 2648 3054 έπιμύζουσι,
2699 2981 2821 3037 τότε
2877 2983 2942 3050 νή
3004 2986 3353 3060 στεφανοῦται
3414 2983 3441 3036 6
3488 2983 3557 3036 τὰ
3613 2982 3745 3058 ὑπὲρ

2091 3074 2186 3124 σοῦ
2243 3067 2587 3142 διακονήσας,
2646 3070 2737 3126 καὶ
2796 3069 3317 3148 καταρρητορεύεται
3371 3074 3405 3140 ἡ
3464 3070 3736 3144 κοινότης,

2091 3160 2254 3215 ὁποία
2311 3161 2443 3214 οὖσα
2502 3159 2601 3233 οτίῳ
2630 3160 2716 3215 καὶ
2778 3158 2962 3232 ἡλίκῳ
3021 3160 3343 3239 ἀντιφερίζει
3399 3161 3586 3236 πατρί.
3631 3160 3730 3217 Καέ

2089 3255 2185 3305 τοῦ
2218 3249 2417 3305 λοιποῦ
2445 3250 2648 3325 γίνεται
2702 3252 2736 3319 ἡ
2765 3249 2990 3318 τοιαύτη
3022 3250 3359 3325 προτίμησις
3394 3249 3446 3312 ἐς
3481 3247 3730 3319 διηνεκές.

2090 3339 2189 3394 Καὶ
2242 3341 2294 3394 οἱ
2355 3341 2448 3412 μὲν
2505 3337 2668 3394 ἄλλοι
2727 3338 3002 3407 ἐσθίουσι,
3061 3343 3128 3412 τῇ
3188 3342 3260 3414 γῇ
3326 3339 3460 3413 μόνῃ
3518 3339 3742 3414 χάριτας

2091 3425 2352 3506 ὅφλοντες
2409 3434 2511 3497 τῆς
2568 3435 2796 3505 τροφῆς·
2861 3427 2924 3481 σὺ
2985 3425 3042 3482 δὲ
3086 3431 3155 3501 τῇ
3185 3426 3425 3502 θαλάσσῃ
3455 3428 3521 3483 τὰ
3551 3426 3748 3496 πλείω,

2092 3516 2161 3573 δι’
2192 3519 2261 3586 ἧς
2313 3520 2411 3588 τὴν
2471 3513 2791 3572 πανδαισίαν
2853 3514 3114 3578 πλουτεῖς
3147 3516 3341 3571 ὁποίαν
3373 3515 3498 3571 οὐδὲ
3530 3519 3582 3572 οἱ
3615 3519 3753 3571 σπά-

2090 3607 2247 3664 ταλοι
2305 3607 2584 3680 κοσμικοί.
2639 3605 2911 3677 Κελεύεις,
2973 3604 3335 3680 ἐπελεύσομαι
3366 3606 3457 3661 καὶ
3488 3607 3554 3661 τὰ
3586 3605 3758 3662 λοιπὰ

2087 3701 2336 3765 τοιαῦτα,
2391 3696 2425 3765 ἢ
2478 3694 2580 3767 cii;
2644 3698 2993 3775 Ἀποφήσεις,
3027 3696 3205 3768 οἶμαι.
3238 3696 3300 3752 Εἰ
3351 3696 3451 3772 γὰρ
3500 3695 3755 3752 κατανεύ-

2091 3809 2223 3856 σεις,
2281 3785 2459 3842 οὐκέτι
2530 3787 2589 3840 ἄν
2664 3781 2818 3862 ἔχοις
2891 3786 3195 3855 ἀνανεῦσαι,
3264 3784 3578 3860 κατακύψας
3649 3787 3754 3841 ὑπὸ

2090 3875 2384 3953 ἐντροπῆς.
2442 3873 2632 3937 Οὕτως
2694 3871 2819 3929 οὐδὲ
2857 3875 2956 3943 τήν
3017 3875 3246 3951 μερικὴν
3305 3872 3491 3954 φιλίαν
3526 3873 3753 3930 δύνασαι

2088 3968 2411 4039 κατορθοῦν,
2441 3962 2563 4020 οὔτε
2594 3962 2643 4019 έν
2675 3967 2744 4039 τῇ
2781 3967 2945 4038 μονῇ,
2981 3960 3104 4018 οὔτε
3140 3962 3340 4037 πολλῷ
3368 3964 3535 4021 πλέον
3561 3965 3613 4020 έν
3634 3970 3754 4028 τοῖς

2091 4056 2263 4118 έκτός.
2296 4057 2353 4109 Ὁ
2381 4056 2485 4131 γὰρ
2516 4055 2582 4110 τὰ
2641 4054 2787 4116 ἐντὸς
2847 4054 3088 4127 ἄκοσμος
3137 4050 3210 4108 ὣν
3261 4058 3443 4130 σχολῇ
3475 4055 3529 4132 γ’
3576 4056 3637 4110 ἄν
3696 4053 3749 4109 ἐν

2088 4152 2204 4209 τοῖς
2236 4145 2335 4217 ἔξω
2375 4145 2436 4200 τὸ
2465 4146 2693 4218 κόσμιον
2727 4140 3078 4216 ἐπιδείξηται.

2161 4271 2408 4335 νς“.Έπί
2452 4269 2689 4338 τούτοις,
2753 4271 2798 4322 ὠ
2854 4266 3088 4323 δέσποτά
3149 4290 3275 4341 μου,
3339 4263 3756 4345 ἐξακριϐοὖμαι,

2087 4361 2179 4418 καὶ
2239 4358 2387 4437 εἴπερ
2466 4360 2528 4415 τὸ
2576 4366 2675 4429 τῆς
2733 4378 3076 4435 περπερειας,
3143 4359 3305 4414 κακὸν
3366 4359 3428 4414 οὗ
3482 4380 3757 4433 κατεπεμ-

2091 4447 2262 4505 ϐαίνει
2297 4470 2416 4516 σου,
2471 4450 2532 4518 ἣν
2567 4469 2595 4503 ο
2628 4449 2720 4521 μὲν
2773 4447 3163 4522 ἱερογραφικὸς
3196 4445 3362 4522 λόγος
3391 4452 3459 4512 τῆ
3493 4447 3757 4525 φυσιώσει

2091 4539 2515 4615 προσεταιρίζει,
2549 4537 2637 4591 καὶ
2689 4535 2764 4597 εἷς
2823 4537 3024 4612 εχθραν
3082 4539 3151 4609 τῇ
3211 4537 3345 4591 κατὰ
3405 4537 3533 4592 Θεὸν
3569 4537 3758 4613 ἀγάπῃ

330 4644 523 4697 ctores
581 4638 784 4692 dicunt
842 4613 1063 4690 mentis
1117 4631 1454 4698 elationem,
1513 4647 1629 4685 non
1687 4627 1984 4700 egregiam

2100 4613 2461 4700 ἀποτιτάχθαι
2531 4622 2791 4680 διδάσκω
2851 4625 2902 4679 οὶ
2960 4621 3017 4679 δὲ
3074 4622 3264 4687 ἄλλως
3323 4623 3760 4701 περιλαλοῦντες

331 4745 438 4786 nec
487 4728 768 4792 divinam,
820 4725 975 4780 sicut
1023 4727 1113 4778 est
1169 4722 1446 4777 fortitudo
1493 4719 1667 4775 elatio
1716 4717 1984 4789 quaedam

333 4818 554 4888 divina,
610 4817 728 4872 imo
789 4814 979 4886 magis
1045 4813 1358 4868 elationem
1410 4807 1738 4880 jactatoris,
1807 4821 1986 4877 quam

331 4907 587 4964 maxime
650 4904 805 4971 vani,
887 4920 1003 4958 non
1072 4900 1429 4966 communis,
1488 4903 1553 4952 ut
1618 4897 1746 4967 ipso
1811 4895 1988 4951 verbo

332 4995 684 5064 ostenditur,
717 4993 1042 5050 secundum
1094 5007 1272 5062 quam
1323 4986 1676 5044 sententiam
1710 5002 1989 5058 praesum-

331 5088 593 5162 ptionem
653 5083 836 5155 aliqui
893 5081 1114 5136 habent
1173 5077 1714 5150 superefﬂuentem.
1769 5073 1989 5130 Dicitur

332 5180 490 5236 enim
537 5193 750 5232 nomen
801 5175 1011 5229 ducere
1043 5189 1076 5227 a
1123 5169 1259 5226 ferri
1309 5169 1613 5241 (arrogans
1672 5164 1986 5240 [πέρπερος]

333 5269 489 5327 enim
507 5285 620 5322 non
645 5265 804 5322 sistit
817 5262 986 5336 quasi
1007 5257 1452 5330 circumlatus);
1477 5256 1598 5313 sive
1615 5275 1648 5312 a
1664 5258 1985 5312 circumvo-

333 5360 456 5416 lare
486 5363 544 5414 et
591 5355 864 5429 progredi
907 5353 1330 5414 inconstanter,
1365 5365 1544 5420 quam
1593 5348 1666 5404 ob
1698 5345 1989 5402 rationem

334 5448 603 5504 homines
652 5445 826 5501 istius
857 5441 1073 5498 indolis
1119 5441 1188 5495 de
1238 5439 1694 5510 praecipitatione
1741 5435 1990 5491 irriden-

335 5543 451 5593 tur.
511 5541 590 5591 De
645 5551 758 5607 quo
817 5533 956 5589 vitio
1003 5529 1278 5603 Stagirita
1333 5525 1806 5601 philosophatur,
1866 5539 1994 5579 nec-

337 5643 452 5683 non
501 5629 559 5680 et
605 5622 882 5695 discipuli
933 5623 1084 5694 ejus.
1134 5621 1358 5678 Horum
1410 5617 1679 5676 omnium
1728 5613 1995 5672 doctrina

337 5715 400 5771 in
465 5714 578 5772 hoc
662 5711 1057 5780 concluditur,
1145 5711 1519 5782 arrogantem
1587 5722 1717 5766 esse
1774 5705 1994 5765 elatum

2095 4717 2301 4792 ἐξαρμα
2330 4718 2514 4790 ψυχῆς
2554 4735 2710 4791 φασιν
2772 4714 2903 4769 εἶναι
2955 4714 3056 4782 τὴν
3115 4713 3462 4790 περπορείαν,
3515 4714 3616 4770 οὐκ
3671 4715 3759 4771 ὲν-

2095 4806 2306 4883 άρετον,
2340 4806 2428 4860 καὶ
2487 4805 2628 4860 οὕτω
2686 4809 2828 4867 θεῖον
2879 4802 3015 4859 κατὰ
3051 4803 3116 4858 τὸ
3174 4805 3393 4876 θάρσος,
3443 4804 3473 4860 ὃ
3527 4804 3644 4860 θεία
3673 4827 3759 4869 τις

2097 4894 2248 4972 ἄρσις
2309 4894 2468 4950 ἐστιν·
2528 4892 2851 4962 ἀλαζονικὸν
2912 4891 2989 4967 δὲ,
3038 4892 3128 4948 καὶ
3195 4892 3306 4970 οὐχ
3359 4892 3572 4967 ἁπλῶς,
3613 4893 3761 4950 ἀλλὰ

2102 4985 2583 5062 ὑπερεκπεδισσοῦ,
2656 4983 2730 5045 ὡς
2805 4983 2894 5038 καὶ
2967 4984 3002 5052 ἡ
3062 4981 3280 5051 λικτικὴ
3341 4982 3613 5057 έτυμότης
3667 4981 3758 5039 ἰκ-

2097 5075 2289 5154 φαίνει·
2350 5074 2465 5128 καθ’
2521 5073 2580 5141 ἣν
2637 5067 2845 5126 ἔννοιαν
2900 5073 3120 5128 ποιοῦσί
3176 5093 3318 5134 τινες
3349 5073 3442 5128 καὶ
3477 5074 3756 5151 ὑπερηφα-

2097 5165 2212 5220 νίαν
2273 5166 2613 5238 εκπερισσοῦ.
2669 5160 2899 5236 Μέγεται
2959 5159 3017 5216 δὲ
3063 5162 3153 5217 καὶ
3179 5160 3214 5231 ἢ
3246 5162 3394 5236 παρᾶ
3417 5162 3480 5218 τὸ
3510 5161 3748 5242 φέρεσθαι

2099 5252 2412 5327 ὠνομάσθαι
2473 5251 2637 5320 αὐτὴν
2673 5251 2912 5325 (ἀστατιῖ
2964 5253 3064 5328 γὰρ
3124 5251 3198 5313 ὡς
3256 5251 3343 5306 οἶα
3397 5247 3746 5330 περιφερόμε-

2099 5365 2191 5406 νος
2222 5345 2250 5397 6
2307 5343 2625 5420 πέρπερος),
2668 5341 2703 5410 ἢ
2763 5341 2909 5417 παρὰ
2957 5342 3020 5397 τὸ
3078 5342 3478 5416 περιπέτεσθαι,
3523 5335 3610 5392 καὶ
3670 5335 3751 5408 μὴ

2099 5437 2369 5508 σταθερῶς
2431 5425 2734 5507 βεϐηκέναιο
2817 5432 2862 5503 ᾧ
2949 5427 3014 5500 δὴ
3102 5429 3254 5506 λόγῳ
3325 5429 3412 5486 καὶ
3460 5425 3758 5498 πετόμενοι

2102 5525 2437 5579 σκώπτονται
2483 5522 2535 5576 οἱ
2585 5524 2683 5576 τοῦ
2739 5523 2992 5575 τοιοῦτου
3047 5517 3236 5589 ἤθους.
3307 5515 3412 5576 Καὶ
3463 5512 3765 5593 φιλοσοφεῖ

2107 5615 2202 5689 μὶν
2261 5613 2385 5688 περὶ
2437 5609 2628 5673 κακίας
2683 5609 2943 5681 τοιαύτης
2971 5609 3061 5665 καὶ
3089 5611 3116 5666 6
3177 5606 3558 5686 Σταγειρόθεν,
3583 5604 3676 5660 καὶ
3707 5606 3764 5660 οἱ

2101 5705 2170 5761 τὰ
2225 5702 2342 5761 κατ’
2395 5700 2556 5759 αὐτὸν
2597 5698 2982 5779 εὐκρινοῦντεςο
3042 5699 3436 5780 κεφαλαιοῦται
3493 5693 3552 5753 δὶ
3596 5698 3767 5752 πᾶσιν
