4082 6400
339 385 465 446 777

1347 378 1453 441 DE
1493 377 2002 443 EMENDANDA
2033 380 2222 443 VITA
2264 381 2755 446 MONAGHIGA.

3643 384 3770 446 778

337 518 366 573 ὁ
401 513 572 590 λόγος
613 511 690 575 εἰς
740 513 804 568 τὸ
862 513 996 586 μετὰ
1047 508 1302 585 βλακείας
1359 507 1666 582 ἐπηρμένον
1719 509 1850 565 εἶναι
1906 509 2000 565 τὸν

2124 529 2250 569 sum
2306 515 2569 584 mollitie,
2629 521 2687 572 et
2741 515 3048 588 loquacem
3105 517 3324 573 factum
3382 532 3453 573 ex
3493 515 3766 574 elatione.

381 603 401 636 ι
742 601 756 622 \
859 600 870 620 Ι
1043 601 1058 618 κ
1133 599 1146 618 \
1295 599 1308 619 ’
1357 598 1372 616 κ
1526 599 1541 619 \
1649 600 1661 616 \

334 623 632 680 περπερον,
666 623 758 656 και
808 599 977 656 Ααλον
1011 597 1070 654 δε
1096 619 1188 654 τον
1248 619 1412 654 αυτον
1460 595 1550 654 δια
1601 620 1702 667 την
1751 595 1998 672 ἔπαρσιν.

337 693 444 750 Καὶ
506 697 752 765 προπετῆ
815 687 873 744 δὲ
925 709 1088 766 φασι,
1142 687 1233 742 καὶ
1287 685 1455 759 μηδὲν
1529 686 1678 764 λόγῳ
1722 693 2005 760 ποιοῦντα,

337 784 427 838 καὶ
462 781 545 855 (τὸ
604 784 706 834 πᾶν
763 780 882 832 κατ’
941 776 1175 840 ἐκείνους
1232 775 1424 849 εἰπεῖν)
1484 773 1748 853 φλύαρονο
1809 777 1862 830 οἳ
1916 777 2005 832 καὶ

337 872 400 927 τὸ
453 867 878 944 περπερεύεσθαι
961 865 1037 927 εἰς
1093 865 1285 919 ταυτὸν
1366 860 1554 938 ἄγουσι
1611 869 1691 936 τῷ
1753 869 2008 938 ματαιοῦ-

340 972 482 1031 σθαι,
540 958 628 1012 καὶ
689 956 963 1024 ἀτακτεῖν,
1020 953 1112 1008 καὶ
1186 952 1600 1028 κατεπαίρεσθαι
1683 954 1816 1026 μετά
1877 953 2008 1030 βλα-

340 1050 512 1110 κείας’
550 1044 804 1122 βλακείαν
841 1043 1036 1099 ἐκεῖνοι
1066 1041 1358 1104 καλοῦντες
1417 1046 1602 1117 ψυχῆς
1657 1039 1762 1113 ἕξιν
1810 1038 2006 1098 ἀναϐε-

343 1133 651 1209 ϐλημένην,
707 1133 796 1188 καὶ
859 1134 934 1206 μὴ
991 1131 1376 1208 ἐγρηγορυῖαν,
1433 1132 1551 1185 καθ’
1609 1133 1669 1200 ἣν
1724 1132 1788 1186 τὸ
1847 1137 2007 1206 σῶμα

340 1223 742 1302 θρυπτόμενον,
797 1221 988 1276 ταυτὸν
1051 1218 1097 1274 δ’
1156 1219 1343 1290 εἷ’πεῖν,
1408 1219 1827 1294 θρασυνόμενον,
1877 1217 2006 1274 οὐδὲ

338 1315 634 1390 ὂρθοῦσθαι
688 1311 900 1386 παγίως
958 1307 1196 1377 δυναται,
1231 1307 1375 1364 ἀλλὰ
1407 1307 1605 1383 πάσχει
1664 1313 1732 1383 τῇ
1788 1309 2003 1384 θρύψει,

340 1403 516 1458 ὁπόσα
574 1402 664 1456 καὶ
714 1403 785 1474 τῇ
837 1400 1002 1471 νόσῳ.
1037 1401 1268 1475 Τρυφῶν
1320 1418 1379 1451 τε
1434 1397 1538 1473 γὰρ
1596 1393 1884 1470 ἄνθρωπος
1941 1396 2002 1452 ού

339 1496 531 1569 κρατεῖ
582 1493 682 1559 τῆς
735 1487 824 1544 διὰ
882 1484 1066 1542 ποδῶν
1126 1487 1339 1540 οἰκείων
1405 1485 1630 1561 βάσεως,
1678 1486 1888 1558 ὁμοίως
1948 1484 2006 1541 δὶ

338 1579 428 1636 καὶ
485 1583 679 1634 νοσῶν.
739 1578 1001 1652 Ὃρῶνται
1077 1571 1205 1651 γοῧν
1293 1574 1345 1628 οἱ
1429 1571 1625 1648 βλάκες
1697 1572 2005 1650 βαδίζοντες

347 1667 455 1743 οὐχ
486 1665 698 1733 ἁπλῶς,
733 1664 778 1718 εἰ
837 1665 912 1738 μὴ
971 1662 1096 1724 τοὺς
1155 1661 1536 1738 ὁπερείδοντας
1565 1663 1656 1717 καὶ
1703 1663 2007 1738 ύπανέχον-

343 1778 437 1819 τας
498 1756 824 1830 ἑκατέρωθεν
886 1753 1271 1828 ἐξευρίσκουσι,
1331 1750 1458 1815 τοὺς
1543 1752 1638 1825 μὲν
1717 1752 1793 1814 εἰς
1845 1756 2006 1806 τοῦτο

349 1846 510 1921 μόνον
547 1841 975 1921 χειροτονητοὺς
1007 1840 1218 1911 αὐτοῖς,
1249 1839 1376 1902 τοὺς
1408 1837 1466 1895 δὲ
1507 1838 1597 1894 καί
1655 1839 1705 1911 ἐξ
1765 1839 2007 1912 αὐτομά-

343 1957 462 2002 του,
492 1935 580 1989 δτε
631 1953 738 1987 που
795 1931 980 2007 τύχοι.
1014 1930 1197 1985 Εἰπεῖν
1241 1926 1298 1984 δὲ
1344 1930 1481 1984 κατά
1524 1928 1651 1992 τοὺς
1705 1928 2004 1991 παλατούς·

349 2023 598 2100 μαλακός
627 2022 769 2078 ἐστιν
802 2023 830 2076 ὁ
866 2019 1022 2097 βλάξ,
1055 2019 1146 2076 καὶ
1177 2024 1401 2096 χαῦνος,
1429 2019 1520 2075 καὶ
1579 2019 1754 2076 ὁπόσα
1808 2020 2007 2077 ἐκεῖνοι

344 2117 572 2170 τοιαῦτα
624 2109 918 2166 ἐπιτιθέασι
970 2115 1051 2182 τῷ
1099 2108 1354 2182 τοιούτῳ,
1410 2107 1887 2173 ἐπακολουθοῦντα
1938 2113 2008 2184 τῇ

345 2209 458 2259 κατ’
506 2201 666 2257 αὑτὸν
721 2198 1116 2275 μαλθακότητι.
1177 2197 1284 2254 Καὶ
1363 2195 1508 2252 δοκῶ
1595 2198 1689 2271 μὲν
1769 2197 2008 2274 ἄπαρνον

351 2290 488 2347 εἶναί
572 2311 630 2345 σε
713 2293 811 2344 τοῦ
861 2308 1116 2342 τοιουτου
1171 2288 1395 2350 πάθους·
1451 2285 1665 2362 ἐλέγχει
1717 2284 1775 2342 δέ.
1831 2308 1889 2342 σε
1944 2287 2013 2342 τὰ

351 2379 640 2456 πράγματα
691 2377 766 2451 μὴ
819 2375 1043 2447 άληθῶς
1082 2375 1493 2450 ἐξαρνούμενον.
1525 2377 1602 2432 Τὸ
1659 2377 1855 2452 συχνὸν
1905 2377 2010 2451 γάρ

347 2479 448 2542 τῆς
477 2478 710 2550 τρυφῆς,
740 2469 831 2524 καὶ
883 2467 949 2522 τὰ
983 2469 1180 2522 πυκινὰ
1227 2465 1444 2542 λοετρὰ,
1477 2467 1568 2521 καὶ
1617 2468 1668 2522 οἱ
1725 2465 1864 2542 πὲρα
1917 2472 2013 2522 τοῦ

345 2562 719 2635 προσήκοντος
766 2557 1098 2632 προάγοντες
1143 2556 1232 2610 καὶ
1291 2554 1738 2627 ἀκολουθοῦντες,
1795 2555 1885 2610 καὶ
1947 2555 2016 2611 τά

346 2648 564 2713 τούτοις
621 2647 879 2721 ἑπόμενα,
927 2644 1182 2719 βλακείας
1239 2644 1371 2699 εἰσὶν
1437 2642 1703 2715 ἐνδείξεις,
1764 2641 1833 2698 δι’
1884 2645 2015 2700 αὐτὸ

346 2734 406 2793 δὲ
461 2739 550 2792 καὶ
615 2733 956 2810 περπερείας.
1019 2731 1234 2809 Πὲφηνε
1308 2733 1433 2807 γὰρ,
1500 2735 1576 2805 μὴ
1653 2731 2016 2809 ἀπηλλάχθαι

351 2824 607 2900 βλακείας
672 2819 815 2897 μηδέ
863 2823 962 2891 τήν
1014 2819 1359 2896 περπερείαν,
1392 2818 1519 2876 ἀλλ’
1576 2817 1786 2897 ἀδελφά
1842 2825 2056 2897 φρονεῖν

359 2934 510 2975 σεως.

421 3021 512 3090 νζ’.
546 3024 668 3073 ’Έτι
700 3016 836 3093 πρὸς
863 3020 978 3078 τοῖς
1005 3013 1317 3091 εἰρημένοις
1350 3015 1580 3076 ἀπεῖπας
1613 3013 1663 3069 ἐν
1696 3019 1815 3078 ταῖς
1870 3016 2008 3090 πρὸς

350 3110 478 3165 Θεὸν
538 3104 863 3181 ὁμολογίαις
910 3126 1005 3160 σου
1046 3105 1135 3158 καὶ
1181 3104 1279 3173 τήν
1346 3101 1652 3173 ἰδιάζουσαν
1707 3103 2008 3174 ἐπίκτησιν.

349 3197 448 3252 Καὶ
480 3191 879 3271 προϐάλλομαί
913 3214 997 3248 σοι
1031 3199 1302 3270 θεωρῆσαι
1351 3191 1410 3246 οὐ
1459 3191 1623 3264 μόνον
1671 3192 1863 3256 ἁπλῶς
1910 3193 2009 3262 τήν

349 3285 653 3358 ἐπίκτησιν,
683 3282 831 3339 ἀλλὰ
857 3284 955 3352 τὴν
992 3281 1322 3359 ἰδιάζουσαν
1351 3279 1444 3336 ’ίνα
1493 3280 1538 3336 εἰ
1591 3282 1686 3354 μὶν
1747 3282 1838 3336 καὶ
1895 3283 2010 3338 κατ’

351 3377 518 3457 ἄμφω
565 3375 956 3446 ἀνεπιλήπτως
1007 3374 1173 3450 βιοῖς,
1228 3372 1518 3448 μακαρίζῃ·
1571 3369 1760 3457 ἄλλως
1819 3370 1877 3427 δὲ
1934 3371 2010 3433 εἷς

351 3464 542 3531 ἄθλιον
576 3464 1004 3543 ἐγγραφόμενος,
1031 3463 1105 3536 μὴ
1143 3461 1352 3538 βαρέως
1383 3462 1545 3540 φέρῃς
1573 3461 1634 3516 τὸ
1667 3456 1938 3538 ἔγκλημα.

417 3573 523 3644 νη’.
557 3573 677 3646 Χρὴ
713 3569 770 3625 δὲ
798 3572 947 3644 ἡμᾶς
979 3567 1281 3644 προλαλεῖν
1331 3567 1492 3623 τοῦδε
1546 3573 1644 3623 τοῦ
1705 3567 1896 3644 λόγου,
1929 3569 2014 3622 ὅτι

347 3661 459 3738 πρὸ
517 3668 618 3731 τῆς
676 3657 1013 3729 ἐπικτήσεως
1068 3655 1272 3726 ταύτης
1323 3657 1578 3733 ἄνωτὲρω
1622 3657 1865 3728 ἀπεταξω
1919 3657 2012 3712 καὶ

349 3752 572 3820 κτήσεσι
632 3747 722 3802 καὶ
788 3746 1096 3821 ὑπάρξεσιν,
1149 3744 1290 3800 ὥστε
1341 3746 1451 3821 οὐχ
1504 3745 1558 3800 ἓν
1617 3768 1667 3802 τι
1727 3747 2013 3820 ἀπῃτήθης

343 3838 778 3912 ἀπαρνήσασθαι,
837 3856 911 3897 ως
981 3836 1076 3889 οἷα
1149 3832 1543 3907 πολυωνυμίας
1610 3835 1764 3911 λόγῳ
1825 3835 1901 3897 εἰς
1951 3834 2005 3891 ἓν

351 3926 513 3999 δῆθεν
548 3925 948 4001 συντρεχόντων
994 3921 1176 3996 νόημα
1221 3928 1386 3998 τριῶν
1434 3923 1643 3979 τούτων
1698 3923 2004 3997 ὀνομάτων,

348 4019 636 4092 κτήσεωςγ,
715 4014 991 4090 ὑπάρξεως
1054 4013 1142 4066 καὶ
1225 4011 1560 4082 ὲπικτήσεως
1597 4034 1609 4046 ο
1669 4011 1815 4067 ἀλλὰ
1885 4011 2011 4086 τρία

348 4107 648 4182 παρῃτήσω
726 4102 903 4171 κακὰ,
964 4099 1229 4175 σύστοιχα
1289 4099 1384 4172 μὶν
1443 4097 1660 4168 ἄλλως,
1716 4101 1906 4175 τρόπῳ
1953 4097 2011 4154 δὲ

353 4193 714 4269 διενηνοχότα
742 4192 834 4247 καὶ
893 4189 1104 4266 χρόνῳ.
1135 4189 1239 4245 Καὶ
1299 4184 1440 4243 ἔστιν
1468 4185 1784 4250 εὐθυϐόλως
1820 4183 2008 4242 ἐπιϐα-

355 4281 494 4356 λεῖν,
529 4284 612 4338 ὅτι
665 4279 927 4356 κατάρχει
962 4279 1057 4352 μὶν
1106 4275 1156 4331 ἐν
1215 4275 1430 4339 τούτοις
1489 4279 1524 4346 ἡ
1582 4275 1827 4350 ὕπαρξις,
1889 4275 2008 4331 δευ-

352 4373 556 4448 τερεύει
589 4369 647 4426 δὲ
674 4374 710 4439 ὴ
743 4376 960 4438 κτῆσις,
996 4367 1204 4440 ὑστερεῖ
1235 4363 1292 4420 δὲ
1339 4368 1374 4434 ἡ
1431 4365 1729 4436 ἐπίκτησις·
1783 4363 1878 4421 ⁹ίνα
1928 4387 2011 4430 τις

352 4461 459 4537 ἔχῃ
510 4465 653 4515 νοεῖν
707 4457 931 4532 ὕπαρξιν
995 4456 1114 4528 μὲν,
1143 4455 1278 4530 ἅπερ
1336 4452 1482 4529 ἔχειν
1531 4452 1729 4528 ἔλαχες
1758 4453 1808 4526 ἐξ
1839 4453 2008 4523 αὐτῆς

351 4551 558 4628 ἀρχῆς,
587 4547 677 4604 ὅτε
714 4548 864 4622 βιοῦν
915 4544 1162 4620 ἀπήρξω,
1194 4545 1502 4616 καθήκοντα
1549 4543 1637 4600 ἐπὶ
1687 4545 1744 4598 σὲ
1790 4543 1825 4614 ἢ
1874 4564 2010 4620 προ-

353 4724 545 4798 δεμίαν
578 4723 728 4787 οἶδας
761 4725 925 4800 χάριν
975 4743 1060 4777 σοι
1103 4722 1271 4794 αὐτῷ,
1299 4721 1447 4777 ἀλλὰ
1500 4727 1617 4785 τοῖς
1667 4720 2014 4798 κληροδοτή-

354 4835 528 4885 σασιν,
586 4814 622 4884 ἢ
683 4810 868 4875 ἄλλως
925 4812 1342 4887 χαρισαμένοις.
1402 4809 1560 4868 Οὕτω
1628 4817 1730 4886 γάρ
1789 4808 2016 4876 εἷ’θισται

356 4904 532 4980 λεγειν
572 4910 689 4966 τοῖς
746 4902 1183 4977 ὀρθολεκτοῦσιν.
1237 4902 1304 4956 Ἢ
1356 4899 1578 4970 ὕπαοξις
1628 4901 1768 4956 καθὰ
1816 4901 1907 4956 καὶ
1955 4902 2016 4955 τὸ

357 4995 645 5070 ὑπάρχειν
684 4991 917 5068 ὑπάρχει
974 4991 1078 5065 γάρ
1135 5010 1217 5051 τις
1265 4990 1476 5062 μάχης,
1526 4988 1560 5057 ἢ
1619 4989 1881 5063 κατάρχει
1930 4986 2018 5062 ἔρ·

353 5104 477 5159 γου,
533 5083 713 5159 ἀρχὴν
769 5076 988 5150 δηλαδή
1040 5077 1201 5140 αὐτὸς
1259 5078 1611 5151 ποιούμενος.
1666 5085 1863 5147 Κτῆσις
1926 5078 2020 5150 μὲν

354 5193 442 5228 τοι
501 5177 683 5227 νοοῖτο
725 5168 787 5224 ἂν
834 5172 868 5238 ἡ
926 5168 1063 5240 μετὰ
1106 5168 1206 5235 τὴν
1253 5164 1467 5222 τοιάνδε
1514 5166 1761 5240 ὕπαρξιν.
1810 5168 1871 5225 Ὁ
1917 5168 2018 5242 γὰρ

364 5261 500 5336 μετά
549 5261 649 5330 τὴν
735 5255 938 5312 ἄπονον
1017 5253 1361 5332 κληρουχίαν
1426 5256 1790 5330 πορισάμενος
1863 5255 2023 5320 αὐτὸς

362 5350 652 5421 ἐκτήσατο,
705 5345 897 5402 ταυτὸν
959 5343 1017 5399 δὲ
1075 5343 1265 5412 εἰπεῖν,
1327 5347 1516 5412 κτῆσιν
1566 5343 1714 5420 ἔσχε⁹
1767 5345 1858 5398 καὶ
1906 5343 2023 5418 ἔχει

362 5439 440 5512 δὲ,
500 5438 602 5501 ἕως
659 5438 717 5493 ἃν
777 5436 872 5496 τὰς
929 5434 1130 5508 τρίχας
1189 5438 1570 5506 πνευματικῶς
1629 5432 2021 5507 ἀπειπάμενος,

309 5580 318 5602 ,η
363 5527 726 5602 συναποκείρῃ
780 5523 870 5581 καὶ
928 5523 990 5578 τὸ
1068 5528 1168 5592 τῆς
1244 5523 1436 5598 πρώην
1489 5528 1635 5593 ζωῆς
1692 5522 1874 5593 λήϊον,
1934 5524 2024 5578 καὶ

365 5616 658 5688 ἀπόθηται,
721 5613 901 5689 ὥσπερ
956 5613 1057 5680 τὴν
1112 5611 1283 5687 τρίχα
1324 5606 1698 5686 συμϐολικῶς,
1734 5611 1878 5666 οὕτω
1934 5611 2025 5666 καὶ

363 5707 432 5764 τὰ
476 5710 573 5762 τοῦ
626 5705 745 5782 βίου
795 5701 1102 5778 δράγματα,
1151 5701 1241 5756 καὶ
1299 5702 1520 5778 γὲνηται
1577 5701 1802 5774 ἀληθῶς
1859 5702 2022 5773 ἀκτή-

687 5833 957 5894 ΡΑι-ιοι..
1005 5829 1117 5892 Gn.
1165 5828 1458 5893 CXXXV.

349 4625 606 4713 γονικῶς,
629 4637 664 4707 ἢ
693 4633 752 4691 ἔκ
785 4647 942 4699 ποθεν
974 4634 1228 4702 τοιαύτης
1262 4631 1565 4710 συλλογῆς,
1594 4635 1654 4704 ἣν
1718 4631 1862 4710 ἔχων
1921 4633 2013 4688 ού-
2056 4625 2089 4681 εδ

2090 604 2186 657 -Et
2217 605 2592 661 temerarium
2616 605 2823 660 dicunt
2845 605 2990 660 nihil
3019 604 3444 661 rationabiliter
3472 610 3768 679 agentem,

2118 697 2194 757 et,
2226 693 2314 763 (ut
2343 694 2536 750 omnis
2585 710 2786 748 eorum
2835 696 3132 750 sententia
3181 694 3544 766 explicetur),
3579 711 3770 767 nugas

2116 780 2516 850 ell'utientem;
2574 787 2945 854 arrogantem
3002 799 3132 838 esse
3191 786 3247 838 et
3301 781 3581 849 insanire,
3643 782 3771 838 sine

2116 870 2322 925 ordine
2376 871 2568 926 vivere
2638 876 2695 926 et
2782 871 3038 926 molliter
3109 871 3298 926 vivere
3356 871 3767 940 confundunt;

2115 961 2291 1029 atque
2347 959 2656 1014 mollitiem
2721 964 2934 1015 vocant
2989 960 3256 1016 habitum
3332 959 3548 1014 mentis
3606 959 3766 1030 deje-

2116 1050 2298 1112 ctum,
2337 1046 2620 1118 sopitum,
2653 1065 2766 1120 quo
2817 1065 3029 1120 corpus
3078 1048 3421 1121 languidum
3457 1063 3581 1118 seu,
3609 1049 3766 1121 quod

2115 1135 2270 1190 idem
2303 1140 2492 1202 sonat,
2524 1137 2776 1192 nimium
2819 1139 3130 1203 conﬁsum,
3167 1137 3415 1192 ﬁrmiter
3461 1141 3617 1192 stare
3647 1152 3765 1192 non

2116 1228 2325 1294 potest,
2383 1226 2483 1280 sed
2545 1225 2808 1292 mollitie,
2839 1231 2906 1281 ut
2967 1225 3195 1291 morbo,
3252 1224 3546 1296 dejicitur.
3581 1225 3765 1282 Homo

2115 1312 2272 1367 enim
2337 1311 2612 1368 deliciose
2666 1314 2868 1369 vivens
2925 1314 3216 1369 inﬁrmior
3273 1318 3404 1382 est,
3466 1329 3645 1385 quam
3702 1315 3770 1368 ut

2117 1401 2369 1473 propriis
2401 1402 2648 1472 pedibus
2677 1403 2928 1458 incedat.
2961 1403 3264 1474 Nusquam
3293 1401 3571 1458 videntur
3615 1400 3768 1458 mol-

2115 1489 2200 1546 les
2259 1490 2485 1545 fortiter
2542 1490 2791 1562 pedibus
2849 1491 3185 1547 incedentes
3221 1534 3235 1558 ,
3296 1489 3412 1545 nisi
3477 1505 3546 1546 ex
3603 1495 3766 1547 utro-

2117 1595 2230 1650 que
2290 1580 2470 1635 latere
2528 1579 2930 1635 suﬁ'ulcientes
2988 1583 3044 1634 et
3100 1579 3464 1636 sustinentes
3515 1579 3774 1636 habeant

2118 1668 2262 1724 alios
2293 1669 2365 1724 ad
2397 1668 2506 1723 hoc
2537 1667 2731 1724 solum
2781 1668 3125 1737 destinatos,
3177 1667 3322 1724 alios
3367 1684 3501 1723 vero
3531 1673 3770 1740 sponta-

2119 1774 2262 1828 nee,
2319 1758 2380 1812 in
2438 1773 2791 1830 quocunque
2848 1756 3010 1812 loco.
3063 1761 3130 1812 Et
3188 1760 3255 1812 ut
3321 1772 3456 1812 cum
3513 1756 3775 1830 antiquis

2119 1847 2427 1903 dicamus:
2486 1846 2806 1918 languidus
2860 1853 2952 1903 est
3009 1846 3185 1902 homo
3245 1844 3462 1914 mollis,
3497 1850 3556 1902 et
3585 1862 3774 1920 nuga-

2119 1935 2306 1991 torius
2340 1978 2353 2004 ,
2415 1940 2473 1990 et
2530 1935 2757 2006 reliqua
2829 1935 3170 1991 istiusmodi
3229 1934 3647 2006 inseparabilia
3703 1935 3775 1991 ab

2118 2023 2232 2080 ista
2263 2023 2585 2091 debilitate,
2617 2041 2743 2096 quae
2800 2023 2898 2080 isti
2952 2022 3177 2080 homini
3241 2022 3666 2080 attribuuntur.
3699 2028 3776 2080 Te

2119 2113 2390 2184 equidem
2423 2111 2673 2169 arbitror
2733 2111 2842 2168 hoc
2893 2111 3102 2168 vitium
3161 2127 3278 2168 non
3336 2112 3773 2180 oonfeseurum,

2119 2217 2214 2257 res
2270 2203 2466 2256 autem
2524 2203 2655 2272 ipsa
2709 2205 2767 2256 te
2825 2217 2941 2256 non
2998 2217 3130 2256 vere
3187 2205 3502 2272 negantem
3556 2202 3772 2274 arguit.

2121 2288 2421 2345 Continuze
2451 2289 2608 2345 enim
2639 2289 2884 2360 deliciae,
2919 2287 3175 2361 plurima
3205 2289 3432 2358 balnea,
3465 2296 3524 2346 et
3550 2291 3648 2362 qui
3680 2305 3775 2347 se-

2121 2382 2384 2450 quuntur
2412 2382 2470 2433 et
2527 2381 2886 2434 antecedunt
2942 2382 3008 2432 ut
3052 2395 3168 2434 non
3225 2379 3412 2449 decet,
3445 2383 3502 2434 et
3551 2378 3668 2436 alia
3698 2379 3776 2436 ei-

2124 2467 2292 2522 milia
2321 2465 2590 2523 mollitiei
2623 2471 2762 2522 sunt
2813 2471 3187 2540 argumenta,
3233 2471 3292 2522 et
3346 2467 3592 2540 proinde
3620 2485 3781 2524 arro-

2124 2557 2356 2629 gantia.
2395 2556 2706 2612 Probatum
2736 2555 2848 2611 fuit
2867 2556 3022 2612 enim
3047 2557 3442 2629 arrogantiam
3464 2573 3500 2613 a
3521 2556 3781 2613 mollitiis

2126 2663 2242 2702 non
2290 2647 2518 2712 abesse,
2552 2650 2867 2717 utramque
2911 2662 3050 2702 vero
3108 2647 3178 2701 de
3203 2644 3318 2702 alia
3365 2646 3623 2704 fraterna
3653 2662 3785 2704 sen-

2124 2736 2256 2803 tire,
2287 2751 2394 2791 nec
2425 2751 2595 2805 posse
2627 2751 2741 2790 non
2765 2735 3064 2806 conjungi.

2117 2820 2369 2898 ὲκατὲρας
2425 2818 2726 2892 ἀλλήλαίς,
2759 2820 2848 2876 καὶ
2900 2817 3234 2884 ἀδιαστάτως
3290 2817 3435 2899 ἔχειν
3489 2827 3592 2892 τῆς
3639 2820 3779 2878 ἐνώ-

2189 3018 2278 3073 57.
2312 3019 2381 3073 Et
2403 3021 2612 3090 printer
2632 3033 2701 3072 ea
2721 3033 2850 3089 quae
2872 3016 3031 3073 dicta
3052 3018 3517 3091 sunt,propriam
3549 3035 3774 3092 posses-

2123 3106 2348 3163 sionem
2381 3107 2438 3162 in
2472 3111 2576 3162 tua
2605 3121 2740 3163 cum
2792 3111 2904 3161 Deo
2937 3107 3307 3163 confessione
3361 3108 3629 3179 ejurasti.
3661 3113 3778 3166 Nec

2126 3196 2310 3251 solam
2363 3196 2839 3267 acquisitionem,
2875 3195 2977 3250 sed
3036 3196 3334 3268 propriam
3367 3213 3627 3268 propono
3659 3214 3694 3254 a
3722 3202 3780 3255 te

2125 3284 2579 3356 inspiciendam,
2615 3289 2679 3339 ut
2708 3289 2764 3340 te
2794 3283 2949 3339 circa
2993 3289 3313 3356 utrumque
3357 3285 3780 3358 irreprehensi-

2123 3373 2317 3429 biliter
2345 3374 2592 3439 vivente,
2625 3372 2708 3428 sis
2766 3373 2974 3428 beatus
3003 3391 3016 3443 ;
3051 3371 3222 3428 aliter
3277 3377 3472 3429 autem
3527 3375 3598 3430 ad
3633 3392 3782 3448 prae-

2125 3462 2311 3518 mium
2341 3466 2581 3518 vocatus
2607 3461 3044 3518 accusationem
3062 3462 3316 3534 graviter
3346 3479 3460 3519 non
3493 3464 3666 3521 feras.

2192 3570 2283 3624 50.
2311 3569 2390 3625 Et
2411 3569 2760 3642 priusquam
2791 3569 2862 3623 de
2893 3567 3003 3624 hoc
3034 3568 3322 3636 dicamus,
3358 3571 3688 3626 monendus
3715 3587 3778 3629 es

2121 3665 2257 3716 ante
2290 3661 2439 3715 hanc
2463 3664 2750 3716 recentem
2774 3660 3363 3731 comparationem,et
3394 3661 3779 3732 possessioni-

2122 3749 2231 3805 bus
2264 3749 2588 3821 acquisitis,
2621 3754 2678 3804 et
2708 3748 2912 3821 patriis
2942 3748 3117 3803 bonis
3152 3755 3205 3804 te
3235 3750 3627 3820 renuntiasse,
3653 3769 3772 3809 non

2123 3838 2278 3910 quod
2312 3854 2498 3892 unum
2528 3837 2753 3909 aliquid
2787 3837 3069 3908 projicere
3101 3842 3339 3908 rogatus
3373 3840 3573 3908 fueris,
3601 3841 3773 3912 quasi

2121 3926 2212 3982 his
2230 3926 2422 3982 tribus
2440 3925 3137 3996 nominibuseynonymia
3153 3925 3212 3980 in
3227 3943 3403 3982 unam
3421 3928 3611 3985 ideam
3635 3946 3773 3986 con-

2120 4015 2460 4086 ﬂuentibus,
2493 4014 2947 4084 comparatione,
2994 4013 3168 4069 bonis
3217 4017 3499 4086 paternis,
3531 4023 3590 4073 et
3618 4036 3768 4076 nova

2118 4105 2587 4176 comparatione;
2621 4103 2735 4158 tria
2773 4105 2968 4159 autem
2998 4103 3156 4158 mala
3208 4105 3474 4175 proxima
3503 4107 3770 4180 quidem,

2119 4194 2292 4248 modo
2350 4197 2547 4248 autem
2607 4196 2665 4246 et
2721 4195 2984 4263 tempore
3039 4191 3269 4248 diversa
3325 4196 3640 4264 projecisli.
3701 4198 3774 4254 Et

2119 4285 2310 4354 potest
2341 4284 2494 4337 recte
2533 4279 2742 4351 conjici
2774 4280 3031 4351 primum
3081 4279 3275 4336 locum
3333 4283 3596 4340 obtinere
3621 4285 3778 4343 bona

2119 4370 2726 4443 paterna,secundum
2751 4370 3271 4440 comparationem,
3296 4371 3534 4428 tertium
3561 4391 3775 4432 novam

2119 4459 2617 4531 comparationem
2647 4475 2660 4527 ;
2687 4458 2768 4514 ita
2789 4463 2854 4512 ut
2876 4457 3423 4531 patrimonium,aut
3445 4463 3780 4521 substantia

2120 4550 2313 4605 vocari
2342 4550 2570 4620 passint
2592 4565 2717 4618 quas
2741 4547 2922 4602 habes
2945 4563 2979 4602 a
3008 4547 3559 4623 principio,quando
3589 4553 3781 4610 vivere

2124 4639 2494 4710 incepisti,ad
2526 4642 2582 4692 te
2611 4654 2681 4692 ex
2706 4636 3069 4709 proavis,aut
3091 4637 3206 4693 alia
3230 4640 3322 4695 via
3343 4642 3646 4699 manantia
3671 4662 3684 4712 ;
3710 4644 3783 4700 de

2127 4727 2343 4800 quibus
2375 4726 2596 4782 nullam
2631 4727 2882 4799 gratiam
2917 4726 3022 4780 tibi
3047 4727 3351 4792 debes.sed
3374 4731 3449 4786 iis
3473 4733 3571 4803 qui
3603 4737 3789 4789 testa-

2129 4821 2324 4873 mento
2354 4815 2855 4880 tradiderunt,aut
2877 4813 3045 4869 aliter
3075 4816 3561 4874 donaverunt.8io
3594 4820 3786 4876 dicere

2129 4909 2559 4961 consueverunt
2575 4903 2676 4975 qui
2693 4907 2844 4958 recte
2857 4901 3496 4972 loquuntur.Veletiam
3516 4909 3792 4980 patrimo-

2130 4994 2293 5048 nium
2325 4991 2548 5064 ὕπαρξις
2583 4992 2654 5048 ab
2688 4991 2945 5063 incipere
2980 4989 3244 5064 ὑπάρχειν
3277 5011 3288 5048 :
3324 5011 3585 5067 pugnam
3627 4996 3784 5053 enim

2131 5082 2347 5153 aliquis
2364 5081 2725 5154 aggreditur,
2742 5096 2891 5152 opus
2913 5078 3381 5152 incipit,scilicet
3403 5084 3640 5140 initium
3662 5085 3793 5158 ipse

2132 5171 2696 5244 ponit.Comparatio
2728 5172 2924 5224 autem
2959 5167 3313 5243 intelligitur
3343 5189 3475 5244 quae
3506 5174 3787 5245 patrimo-

2132 5261 2296 5316 nium
2319 5260 2475 5316 istud
2498 5257 3022 5329 subsequitur.Qui
3040 5258 3197 5313 enim
3218 5266 3350 5332 post
3367 5262 3594 5318 facilem
3615 5263 3794 5320 here-

2134 5351 2374 5408 ditatem
2400 5345 2812 5414 laboravit,ille
2835 5350 3322 5417 comparavit,seu
3348 5353 3500 5422 quod
3527 5352 3681 5409 idem
3705 5357 3796 5410 est

2134 5439 2340 5494 habuit
2362 5441 2702 5508 comparata
2728 5451 2740 5490 :
2767 5439 2824 5490 et
2844 5433 3020 5490 habet
3049 5437 3234 5492 donec
3256 5438 3486 5511 capillis
3517 5442 3797 5514 spiritua-

2134 5529 2267 5584 liter
2296 5514 2506 5595 tonsis,
2539 5525 2779 5581 tondeat
2811 5527 2871 5579 et
2902 5540 3175 5596 campum
3210 5528 3423 5598 prioris
3453 5531 3668 5603 vitaa,et
3697 5533 3798 5588 ds-

2136 5619 2317 5687 ponat
2334 5613 2509 5669 etiam
2530 5611 2840 5668 saeculares
2863 5610 3291 5683 manipulos,ut
3307 5617 3551 5690 capillos
3569 5621 3799 5693 symbo-

2137 5703 2268 5774 lice,
2301 5707 2358 5759 et
2389 5701 2562 5758 homo
2595 5701 2700 5759 fiat
2727 5715 2857 5756 vere
2891 5716 3134 5772 pauper,
3165 5720 3361 5778 neque
3391 5708 3600 5780 patriis
3629 5709 3800 5766 bonis

3398 5834 3478 5892 25
