4082 6414
375 437 496 496 779

1148 431 1570 495 EUSTATHII
1614 431 2394 496 THESSALONICENSIS
2438 433 3024 500 METROPOLITE

3678 448 3814 513 780

371 580 558 638 neque
588 565 944 637 comparatis
972 564 1381 636 locupletatus.
1420 565 1485 618 Et
1541 563 1752 619 deinde
1784 579 1854 618 ne
1886 563 1993 636 qui

2139 583 2277 634 μων,
2337 561 2460 618 οὔτε
2535 563 2756 638 ὕπαρξιν
2840 562 3340 643 περιϐεϐλημένος,
3395 569 3524 630 οὔτε
3578 583 3803 648 κτῆσιν.

371 655 711 711 recordatus
742 670 938 710 rerum
971 653 1315 726 priscarum,
1348 652 1419 707 ad
1453 667 1552 707 eas
1583 652 1794 706 iterum
1828 667 2019 722 regre-

370 744 582 810 diatur,
607 743 784 798 etiam
811 760 971 798 novze
1001 740 1419 813 comparationi
1452 739 1788 794 renuntiare
1820 756 2016 794 mone-

369 838 487 899 tur,
519 833 638 888 sive
671 831 1086 902 comparationi
1135 835 1265 900 post
1296 829 1546 900 primam
1579 829 1873 895 secundae,
1901 845 2020 900 qua

369 923 585 978 iterum
618 921 764 976 foret
795 919 1116 988 smcularis,
1173 923 1230 974 et
1278 917 1598 989 respiciens
1657 922 1807 973 retro
1841 940 1867 967 ι(
1902 934 2016 972 non

368 1015 542 1082 aptus
573 1025 750 1080 regno
773 1009 870 1064 Dei
897 1010 940 1044 ¹²
967 1025 980 1075 ;
1011 1030 1038 1057 υ
1062 1011 1118 1063 et
1140 1024 1380 1078 prorsus
1403 1006 1677 1062 columna
1708 1007 2015 1074 fatuitatis,

367 1101 417 1156 si
448 1101 527 1154 ita
561 1097 940 1169 intelligenda
969 1101 1059 1152 est
1110 1097 1168 1151 in
1199 1096 1512 1167 Scripturis
1571 1100 1745 1167 prout
1774 1095 2012 1164 audisti,

365 1187 640 1244 columna
669 1188 866 1242 uxoris
918 1186 1087 1254 Loth,
1121 1190 1358 1257 propter
1413 1184 1497 1240 sal
1541 1185 1918 1252 infatuatum,
1950 1190 2016 1240 ut

361 1277 715 1349 accepimus,
748 1277 906 1346 quod
938 1279 1248 1348 paternum
1279 1275 1540 1342 fratrem,
1575 1291 1688 1329 non
1723 1274 1916 1330 minus
1947 1290 2013 1330 ac

360 1370 576 1422 terram
611 1362 891 1430 fertilem,
923 1363 981 1418 in
1015 1362 1211 1418 lacum
1243 1362 1504 1418 sterilem
1533 1363 1838 1417 convertit.

423 1634 513 1687 50.
547 1633 683 1698 Quas
716 1647 852 1686 cum
875 1632 960 1686 ita
985 1630 1189 1693 sint,et
1218 1645 1332 1684 non
1357 1628 1839 1696 aliter,volebam.
1859 1645 1890 1682 0
1915 1645 2009 1698 pa-

352 1726 474 1777 tres
504 1720 822 1788 nostri,vos
842 1720 914 1774 ab
947 1736 1064 1774 uno
1082 1718 1289 1774 saltem
1315 1718 1490 1772 trium
1515 1718 1808 1773 dictorum
1826 1717 2008 1772 malo-

353 1826 487 1865 rum
502 1807 1179 1878 abstinere.Plerumque
1193 1811 1390 1862 autem
1414 1806 1625 1861 excidit
1637 1807 1790 1862 bona
1804 1805 2006 1862 volun-

351 1898 637 1955 tas.Multi
667 1899 823 1953 enim
856 1902 989 1952 ante
1017 1896 1518 1965 tonsuram,sicut
1548 1900 1820 1967 expertus
1849 1911 2003 1966 sum,

353 1991 645 2059 quantum
673 2003 786 2041 non
819 1986 1024 2042 radere
1055 1988 1492 2057 caput,tantum
1525 2001 1708 2054 neque
1739 1989 2006 2055 paterna,

351 2091 544 2149 neque
573 2079 912 2147 comparata
941 2076 1096 2131 bona
1134 2076 1443 2146 deponere,
1479 2073 1766 2129 curabant
1797 2072 1844 2128 si
1877 2089 2004 2144 quae

349 2165 685 2234 habebant;
736 2164 839 2220 sed
887 2165 1068 2220 vitam
1118 2162 1523 2219 monachicam
1572 2161 1824 2234 amplexi
1866 2166 2006 2218 sunt

344 2255 500 2310 sicut
519 2257 714 2310 nauta:
736 2253 807 2308 ad
829 2253 1225 2324 navigandum
1251 2267 1384 2306 cum
1407 2251 1566 2322 gravi
1587 2252 1842 2322 pondere
1863 2267 2003 2306 eun-

341 2348 452 2410 tes,
486 2341 859 2398 solummodo
891 2340 1122 2412 capillis
1171 2340 1381 2412 capitis
1414 2339 1638 2405 nudati,
1675 2343 1732 2395 et
1775 2339 2001 2411 reliquo

341 2431 538 2488 saeculi
564 2432 710 2502 jugo
760 2430 1006 2502 gravati,
1053 2429 1232 2485 etiam
1293 2433 1425 2500 post
1452 2433 1779 2483 tonsuram.
1811 2430 1997 2495 Quam

341 2519 516 2576 multi
545 2519 723 2574 etiam
757 2519 854 2590 qui
879 2519 1106 2590 seipsos
1131 2516 1339 2589 patriis
1361 2520 1418 2572 et
1447 2517 1801 2587 comparatis
1821 2517 1998 2572 rebus

343 2607 842 2680 despoliaverunt,
868 2612 925 2662 et
973 2611 1177 2680 postea
1222 2606 1362 2662 tacti
1411 2605 1756 2677 paenitentia
1787 2623 1995 2660 novam

342 2696 839 2770 comparationem
873 2696 1192 2768 pessimam
1231 2699 1639 2766 susceperunt.
1671 2694 1767 2748 Vae
1798 2699 1995 2750 autem

341 2785 569 2841 homini
599 2784 685 2839 illi
717 2784 819 2856 qui
849 2785 964 2840 tria
1002 2785 1117 2840 ista
1144 2784 1474 2854 complevit,
1508 2783 1608 2854 qui
1640 2783 1870 2839 duabus
1901 2800 1994 2839 re-

341 2876 453 2930 bu
484 2877 617 2929 ante
664 2877 971 2929 tonsuram
1026 2873 1300 2945 sepositis
1348 2889 1496 2928 nova
1547 2871 1774 2928 addidit
1814 2888 1994 2943 seque

338 2962 633 3035 triplicem
664 2962 842 3018 istam
875 2963 1096 3033 peccati
1140 2965 1406 3018 catenam
1440 2961 1511 3018 ad
1545 2961 1992 3017 suﬁ‘ocationem

336 3051 610 3124 implicit.

2131 651 2281 721 Εἶτα,
2332 649 2424 706 ’ίνα
2507 654 2580 724 μή
2660 659 2768 709 τῶν
2841 657 3121 731 προτέρων
3194 662 3544 734 μνησάμενος
3603 665 3806 724 ἐπανα-

2131 736 2311 812 δράμῃ
2367 761 2449 802 τις
2509 739 2674 795 πάλιν
2735 742 2810 805 εἷς
2864 743 3058 814 ἐκεῖνα,
3110 757 3566 823 προσαπαιτεῖται
3626 755 3801 830 ἀρνή-

2127 830 2316 882 σασθαι
2350 828 2540 883 αὐτίκα
2577 831 2666 884 καὶ
2719 832 2818 901 τὴν
2866 832 3169 904 ἐπίκτησιν,
3205 835 3302 892 εἴτ’
3356 839 3450 895 οὗν
3502 844 3602 912 τὴν
3662 828 3801 918 μετᾶ

2125 921 2291 971 ταῦτα
2347 920 2689 989 κτῆσιν,τήν
2748 919 3023 998 δευτέραν,
3057 923 3127 978 δι’
3175 925 3242 994 ἧς
3296 931 3394 982 106
3455 930 3584 1005 βίου
3640 933 3799 1001 αὖθις

2124 1004 2344 1080 γίνεται,
2405 1009 2493 1061 καὶ
2563 1007 2638 1070 εἰς
2711 1009 2778 1064 τὰ
2854 1010 3030 1066 ὀπίσω
3109 1016 3415 1093 στρέφεται,
3457 1004 3664 1085 γᾶθετος
3718 1023 3792 1079 ὢν
3855 1079 3862 1088 ,

2126 1092 2201 1184 εἰς
2258 1094 2534 1184 βασιλείαν
2585 1099 2851 1173 οὐρανῶν,
2887 1102 2974 1155 καὶ
3035 1092 3368 1179 αὐτόχρημα
3427 1106 3610 1181 στήλη
3669 1134 3791 1184 μω-

2125 1182 2262 1257 ρίας,
2296 1183 2350 1237 εἴ
2394 1206 2445 1239 τι
2506 1188 2616 1260 χρή
2679 1186 2851 1250 οὕτως
2908 1191 3007 1260 τὴν
3070 1192 3146 1254 ὡς
3202 1189 3466 1264 ἤκουσας,
3520 1182 3784 1277 γραφικὴν

2120 1278 2220 1340 τῆς
2273 1276 2371 1327 106
2438 1274 2564 1330 Λὼτ
2625 1278 2871 1349 γυναικὸς
2937 1275 3259 1336 έκλαϐέσθαι
3319 1283 3530 1357 στήλην
3589 1274 3670 1344 διὰ
3715 1291 3776 1345 τὸ

2126 1360 2548 1452 μ-ωμαινόμινον
2603 1361 2764 1436 ἅλας,
2796 1365 2870 1427 ὡς
2917 1364 3336 1442 παρελάϐομενο
3372 1372 3401 1426 '0
3443 1374 3529 1428 τὸν
3585 1396 3761 1452 πατρι-

2121 1449 2214 1503 κὸν
2275 1447 2508 1542 ἀᾳδελλσρὸν
2571 1453 2932 1542 ἆποκαθεστᾷ,
2963 1457 3036 1518 ὡς
3077 1460 3168 1513 οἶα
3213 1461 3304 1514 καὶ
3343 1468 3445 1535 γῆν
3497 1447 3764 1542 καρποτρό-

2121 1558 2238 1610 ρον,
2271 1537 2351 1600 εἷς
2379 1538 2564 1612 ἅλμην
2597 1541 2808 1617 ἄγονον.

2188 1629 2283 1691 νϐ’.
2318 1628 2594 1704 Ἐχόντων
2630 1629 2720 1685 06v
2753 1632 2986 1689 τούτων.
3011 1632 3184 1698 οὕτως
3245 1636 3335 1710 (οὐ
3386 1639 3489 1713 γὰρ
3544 1639 3774 1716 ἄλλως),

2117 1711 2315 1783 ἤθελον
2371 1718 2489 1790 μὲν,
2531 1718 2648 1781 ἑνὸς
2697 1725 2824 1796 γοῦν
2873 1726 2982 1776 τῶν
3018 1723 3321 1799 εἰρημένων
3353 1711 3517 1802 τριῶν
3573 1711 3781 1806 ἀπέχε-

2119 1805 2236 1858 σθαι
2294 1805 2476 1878 ὑμᾶς,
2535 1805 2579 1861 ὦ
2637 1810 2896 1885 ἡμέτεροι
2972 1816 3278 1888 πατερικοί.
3336 1805 3779 1876 ’Δποπίπτωήδὶ

2116 1893 2385 1958 κάνταῦθα
2439 1899 2535 1950 106
2592 1897 2790 1973 ἀγαθοῦ
2849 1899 3161 1973 θελήματος
3229 1903 3281 1958 ἐν
3348 1912 3466 1968 τοῖς
3531 1906 3776 1967 πλείοσι.

2116 1979 2328 2037 Πολλοὶ
2393 1984 2486 2055 μὲν
2544 1987 2644 2061 γὰρ
2703 1987 2810 2062 πρὸ
2863 1995 2963 2058 τῆς
3017 1995 3217 2067 κουρᾶς
3252 1991 3606 2068 ἐμελέτησαν,
3640 2001 3780 2063 καθὰ

2114 2071 2465 2160 πεπείραμαι,
2501 2074 2678 2150 ὥσπερ
2743 2076 2819 2148 μὴ
2877 2079 2974 2146 τὴν
3031 2081 3276 2157 κεφαλὴν
3330 2081 3578 2160 ἐκκόψαι,
3632 2087 3777 2143 οὕτω

2119 2161 2258 2231 μήτε
2309 2159 2553 2236 ὕπαρξιν,
2603 2163 2742 2234 μήτε
2783 2171 2971 2234 κτῆσιν
3033 2169 3339 2242 σκορπίσαι,
3391 2169 3445 2226 εἷ’
3476 2159 3612 2229 τινά
3667 2197 3776 2232 που

2111 2247 2198 2340 καὶ
2235 2248 2408 2340 six—cvi
2441 2248 2586 2340 ἀλλὰ
2615 2249 2882 2330 ἔμφορτοι
2918 2259 3014 2310 106
3073 2265 3381 2334 μοναχικοῢ
3445 2262 3566 2337 βίου
3620 2267 3778 2340 γενέ-

2111 2337 2251 2409 σθαι,
2287 2337 2416 2392 ὡσεὶ
2463 2339 2555 2393 καὶ
2608 2340 2909 2419 ναύκληροι
2966 2345 3123 2420 βαρεῖ
3171 2347 3356 2423 φόρτῳ
3404 2348 3459 2412 ἐς
3488 2337 3774 2410 ναυτιλίαν

2111 2423 2488 2514 στελλόμενοι,
2533 2429 2672 2503 θριξὶ
2734 2431 2921 2502 μόναις
2985 2433 3306 2512 κεφαλικαῖς
3367 2436 3772 2514 ἐζημιωμένοιο

2106 2514 2170 2567 τὸ
2202 2511 2258 2568 δέ
2286 2537 2346 2590 γε
2377 2513 2571 2572 λοιπὸν
2598 2519 2733 2573 κατά
2786 2521 2905 2595 βίον
2957 2511 3176 2598 φορτίον
3220 2511 3621 2602 ἐπηχθισμένοι
3679 2533 3774 2587 καὶ

2112 2602 2245 2674 μετᾶ
2273 2605 2335 2658 τὸ
2395 2603 2882 2680 κούρευμα.”οσοι
2944 2608 3001 2666 δὲ
3047 2613 3137 2666 καὶ
3191 2613 3586 2690 ἀπεγύμνωσαν
3649 2620 3772 2676 ἑαυ-

2105 2691 2232 2752 τοὺς
2287 2697 2394 2747 τῶν
2459 2695 2804 2768 ὑπαρξάντων
2858 2699 2948 2753 καὶ
3024 2705 3132 2755 τῶν
3217 2705 3546 2776 κτηθέντων,
3601 2710 3772 2782 μετά-

2109 2778 2276 2851 μελον
2311 2778 2672 2846 ἀναλαϐόντες
2729 2784 2779 2839 ἄν
2839 2793 2954 2850 τοῖς
3017 2790 3152 2860 μετὰ
3190 2795 3376 2861 ταῦτα,
3408 2797 3508 2864 τὴν
3568 2778 3766 2874 ἰπάρα-

2102 2889 2195 2923 τον
2254 2869 2537 2941 ἐπίκτησιν
2592 2871 2829 2932 εἴλοντο.
2891 2875 3026 2933 Οὐαὶ
3085 2875 3144 2932 δὶ
3203 2885 3320 2943 τοῖς
3374 2883 3463 2937 καὶ
3531 2886 3600 2939 τὰ
3644 2869 3766 2964 τρία

2102 2961 2712 3049 πραγματευσαμένοιςο
2755 2964 2806 3018 οἳ
2873 2968 3290 3041 ταμιευσάμενοι
3348 2971 3414 3025 τὰ
3471 2973 3610 3049 πρὸς
3666 2961 3764 3046 τῆς

2100 3053 2299 3120 κουρᾶς
2357 3046 2474 3118 δύο,
2531 3050 2856 3127 προσέθεντο
2930 3055 3020 3109 καὶ
3094 3057 3162 3112 τὰ
3240 3062 3342 3124 τῆς
3398 3046 3751 3134 ἐπικτήσεως,

2101 3136 2344 3228 σχοινίον
2375 3139 2642 3228 ἁμαρτίας
2671 3145 2834 3196 τοῦτο
2872 3143 3172 3218 τρίπλοκον
3216 3147 3292 3210 εἲς
3338 3150 3579 3226 ἀγχόνην
3637 3155 3745 3228 σίφ-

2099 3245 2182 3279 σιν
2210 3225 2395 3289 αὐτοῖς
2425 3225 2832 3300 ἐπιπλέξαντες.

401 3319 494 3374 60.
526 3318 596 3374 Et
625 3318 798 3375 hodie
828 3318 983 3391 apud
1016 3334 1123 3374 nos
1154 3315 1485 3389 reperimus
1516 3315 1751 3389 aliquod
1795 3314 1990 3372 simile

2171 3315 2228 3386 ξ’.
2274 3315 2380 3370 Καὶ
2459 3314 2660 3392 ἔχομεν
2723 3321 2960 3396 σήμερον
3015 3321 3069 3376 έν
3117 3329 3236 3388 τοῖς
3294 3328 3415 3391 καθ’
3465 3331 3607 3402 ἡμᾶς
3656 3331 3746 3384 καὶ

330 3424 515 3480 genus
546 3422 748 3463 eorum
781 3407 883 3479 qui
916 3424 984 3463 ex
1035 3411 1281 3462 tonsura
1337 3405 1796 3477 negotiationem
1841 3405 1989 3460 fece-

331 3500 742 3566 runt,eamque
772 3511 974 3552 secure
1004 3493 1637 3550 exercent.Lucrantur
1666 3493 1822 3548 enim
1855 3509 1989 3548 cum

339 3600 547 3640 carnes
577 3599 692 3638 non
747 3585 953 3650 edunt,
988 3599 1292 3654 paucoque
1347 3583 1476 3637 cibo
1531 3586 1673 3636 sunt
1712 3581 1989 3648 contenti,

341 3676 400 3728 et
430 3676 695 3744 potentes
742 3689 860 3728 non
907 3677 1248 3727 reverentur
1293 3671 1390 3740 qui
1433 3675 1773 3743 comparata
1813 3670 1990 3726 vecti-

346 3761 578 3833 galibus
631 3761 848 3816 exactis
903 3760 1196 3815 minuunt.
1250 3760 1464 3816 Vineas
1519 3775 1656 3831 ergo
1703 3759 1990 3831 plantant,

342 3850 546 3906 hortos
575 3849 1263 3920 colunt,multiplicantes
1286 3865 1495 3921 pecora
1514 3849 1708 3904 omnis
1737 3849 1992 3922 generis,

340 3945 401 3995 et
431 3938 561 3995 aliis
618 3938 976 3994 animalibus
1034 3938 1284 4004 dilectis,
1320 3955 1456 3994 oves
1510 3937 1610 3993 Dei
1660 3937 1867 3993 sinunt
1897 3954 1990 3992 va-

337 4029 486 4099 gari,
521 4027 669 4083 nihil
727 4027 1082 4082 intentatum
1137 4027 1497 4097 relinquunt,
1532 4042 1646 4096 quo
1705 4024 1992 4081 mundani

334 4122 678 4189 appareant,
723 4133 838 4171 non
905 4115 1195 4188 vulgares,
1227 4131 1367 4171 sane
1413 4131 1546 4170 vero
1578 4119 1988 4186 praepotentes,

333 4211 399 4261 ut
429 4206 549 4262 sint
578 4206 816 4262 arbores
847 4205 1134 4273 caelestes,
1166 4222 1282 4261 non
1315 4206 1486 4276 juxta
1515 4219 1650 4259 eum
1691 4203 1791 4274 qui
1841 4202 1988 4259 illud

332 4295 633 4368 sapienter
662 4293 1100 4366 contemplatus
1133 4299 1241 4360 est,
1298 4295 1397 4349 sed
1432 4293 1546 4348 alio
1605 4293 1803 4361 modo,
1837 4292 1990 4349 sicut

332 4383 477 4438 caalo
509 4382 809 4448 destinati,
843 4388 900 4437 et
961 4383 1137 4438 humo
1186 4383 1409 4439 inserti.
1444 4382 1514 4436 Et
1559 4380 1800 4437 lucifero
1848 4381 1986 4453 qui-

329 4470 464 4525 dem
495 4470 556 4524 in
589 4471 732 4525 ccslo
764 4471 922 4526 brevi
955 4470 1314 4527 habitavisse
1344 4469 1485 4525 nihil
1512 4470 1750 4542 profuit,
1785 4470 1884 4541 qui
1917 4486 1985 4525 ex

329 4559 447 4614 alto
479 4560 550 4614 ad
584 4559 800 4614 inferos
833 4560 1070 4616 decidit.

389 4737 479 4792 61.
515 4737 739 4803 Quibus
771 4753 1041 4794 sermone
1099 4739 1184 4793 ita
1214 4737 1576 4804 constitutis,
1636 4737 1767 4792 vide
1799 4754 1976 4807 nunc,

321 4841 354 4881 ο
386 4826 834 4898 superbissime,
885 4831 1084 4881 utrum
1134 4827 1248 4881 ista
1305 4825 1438 4895 tria,
1489 4826 1697 4897 patria,
1731 4826 1979 4897 pristina

317 4921 375 4970 et
405 4915 660 4971 recentia
708 4916 861 4970 bona
906 4914 1107 4986 procul
1155 4914 1536 4986 elongaveris,
1584 4931 1772 4986 neque
1801 4931 1976 4970 onere

314 5004 696 5076 opprimaris,
729 5005 1085 5075 quibusdam
1109 5005 1236 5074 jam
1283 5003 1574 5075 possessis
1632 5020 1766 5059 cum
1800 5003 1962 5076 spiri-

313 5093 473 5148 tuale
504 5093 685 5148 limen
714 5093 1068 5164 prazteriisti,
1101 5098 1157 5148 et
1200 5093 1450 5148 alterum
1483 5097 1687 5164 postea
1731 5109 1971 5164 compa-

314 5181 538 5236 ravisti.
569 5181 641 5236 Et
669 5180 779 5236 hoc
806 5181 1127 5236 verisimile
1148 5186 1255 5238 est.
1307 5182 1538 5236 Collatus
1585 5181 1739 5237 enim
1769 5182 1969 5253 prima;

310 5270 524 5325 divitiae
556 5286 672 5325 non
707 5271 833 5325 sine
879 5271 1134 5341 quadam
1185 5271 1546 5342 proclivitate
1577 5272 1647 5326 ad
1700 5288 1790 5327 res
1821 5271 1966 5328 alias

309 5359 697 5431 acquirendas
749 5360 962 5414 ferunt.
1018 5363 1159 5413 Cum
1214 5360 1454 5430 quidam
1515 5375 1650 5414 vero
1709 5359 1844 5414 vilis
1887 5366 1962 5428 et,

307 5452 374 5502 ut
428 5449 631 5519 aiunt,
694 5448 882 5504 macie
955 5449 1255 5504 confectus
1315 5451 1550 5520 incepta
1623 5448 1964 5506 monachica

307 5533 447 5604 vita,
482 5537 807 5609 saginatus,
844 5537 1197 5608 pinguescit,
1231 5541 1289 5592 et
1329 5535 1613 5592 dilatatur
1644 5537 1960 5610 plusquam

387 5751 432 5784 ¹²
465 5755 600 5808 Luc.
635 5768 712 5822 lx,
742 5755 832 5808 62.

2097 3403 2344 3458 τοιοῦτόν
2421 3426 2471 3459 τι
2542 3405 2732 3483 φῦλον,
2783 3409 2835 3463 οἳ
2883 3414 2980 3465 106
3028 3413 3421 3488 κουρεύσασθαι
3469 3416 3532 3474 τὸ
3584 3417 3751 3492 ἐμπο-

2101 3492 2342 3567 ρεύεσθαι
2399 3493 2703 3564 ἁπώναντο,
2763 3497 2852 3551 καὶ
2925 3496 3096 3563 ἀδεῶς
3173 3501 3302 3558 αὐτὸ
3372 3503 3752 3580 πλημμελεῖν.

2102 3582 2195 3649 Μὴ
2263 3582 2693 3673 κρεοφΑαγοῦντές
2757 3587 2998 3673 τεγγὰρ,
3057 3587 3447 3666 κερδαίνουσιν,
3509 3595 3757 3673 ὀλιγοσι-

2097 3673 2318 3732 τοῦντες
2374 3670 2568 3743 οὕτως,
2597 3672 2689 3727 καὶ
2750 3672 2891 3746 μηδὲ
2934 3673 3333 3753 εὐλαϐούμενοι
3387 3670 3669 3755 δυνάστας,
3703 3685 3760 3742 οἳ

2101 3759 2529 3836 φορολογοῦντες
2608 3761 2966 3820 κολούσουσιν
3051 3766 3237 3832 αὐτοῖς
3299 3771 3399 3840 τὴν
3475 3771 3760 3847 ἐμπολήν.

2099 3847 2411 3920 Ἀμπέλους
2442 3869 2500 3904 τε
2530 3849 2620 3904 σύν
2662 3854 2984 3928 φωτεύουσι,
3011 3856 3101 3910 καὶ
3149 3860 3362 3928 κήπους
3420 3863 3755 3935 τημελοῦσι,

2099 3936 2187 3991 καὶ
2247 3942 2582 4012 ζωογονοῦσι
2648 3943 2911 4004 παντοίας
2969 3943 3187 4019 ἀγέλας,
3229 3947 3474 4024 ἀφιέντες
3529 3953 3597 4006 τὰ
3670 3959 3780 4009 τοῦ

2099 4029 2233 4114 Θεοῦ
2294 4024 2405 4095 ζῶα
2463 4028 2515 4080 οἱ
2592 4026 2778 4091 ἄλλως
2852 4031 3120 4108 φιλόζωοι
3181 4033 3627 4114 ἐξαλογίζεσθαιο
3677 4045 3780 4098 καὶ

2097 4112 2267 4168 πάντα
2314 4119 2552 4182 ποιοῦσι,
2607 4114 2675 4171 δι’
2735 4119 2808 4172 ὧν
2873 4112 3485 4198 φιΛοτιμήσονται-τοῦ
3553 4129 3778 4204 κόσμου

2099 4203 2252 4257 εἶναι·
2283 4203 2376 4258 καὶ
2411 4204 2520 4280 οὐχ
2551 4205 2764 4274 ἁπλῶς,
2799 4206 2945 4264 ἀλλὰ
3003 4211 3284 4287 ἄρχοντες,
3311 4212 3405 4270 ἵνα
3461 4217 3552 4271 καὶ
3607 4203 3777 4278 αὐτοὶ

2097 4292 2235 4369 φυτὰ
2281 4293 2384 4347 εἷεν
2437 4293 2774 4368 οὐράνια,οὖ
2823 4298 2960 4354 κατὰ
2987 4300 3078 4354 τὸν
3113 4307 3294 4379 σοφῶς
3347 4309 3510 4360 τοῦτο
3559 4309 3773 4364 τεθεω-

2096 4381 2324 4454 ρηκότα,
2383 4383 2585 4456 τρόπον
2644 4381 2702 4438 δὲ
2750 4382 2940 4458 ἄλλον,
2991 4389 3066 4451 ὡς
3125 4389 3339 4466 οὐρανῷ
3419 4394 3516 4467 μὶν
3569 4394 3774 4454 ἐπικοι-

2095 4467 2378 4543 λούμενοι,
2412 4473 2851 4559 προσπεφυκότες
2907 4474 2965 4530 δὲ
3021 4483 3137 4541 τοῖς
3193 4481 3316 4556 περὶ
3365 4483 3466 4552 τὴν
3493 4491 3616 4559 γῆν.
3653 4489 3769 4546 Καὶ

2097 4559 2204 4655 μὴν
2229 4560 2293 4614 τὸ
2318 4558 2546 4655 Ϊραύλως
2598 4562 2854 4655 οὐράνιον
2905 4563 3059 4622 οὐδὲν
3108 4569 3200 4623 τὸν
3255 4558 3532 4650 ἑωσφόρον
3609 4577 3764 4655 ὠφέ..

2010 4667 2057 4732 D
2092 4645 2280 4716 λησεν,
2314 4647 2514 4711 ἆκεῖθεν
2547 4648 2694 4705 κάτω
2724 4651 2973 4709 πεσόντα.

2159 4737 2252 4808 ξα’.
2287 4734 2413 4791 Ὧδε
2469 4742 2597 4812 γοῦν
2654 4741 2790 4813 ἡμῖν
2849 4743 3248 4818 καθισταμένου
3295 4749 3386 4802 καὶ
3443 4749 3604 4808 τοῦδε
3659 4753 3767 4811 τοῦ

2088 4822 2278 4916 λόγου,
2329 4824 2434 4900 ἄρ’,
2481 4825 2525 4881 ὦ
2584 4827 3150 4907 μεγαλοπρεπέστατε,
3185 4835 3230 4891 εἰ
3281 4838 3349 4892 τὰ
3393 4839 3520 4916 τρία
3565 4847 3760 4916 ταῦτα,

2081 4913 2181 4981 τήν
2241 4913 2485 4990 ὕπαρξιν,
2515 4917 2616 4985 τὴν
2671 4926 2885 4988 κτῆσιν,
2921 4921 3010 4976 καὶ
3060 4925 3159 4993 τήν
3212 4913 3499 4998 ἐπίκτησιν
3560 4913 3756 5008 πόρῥω

2081 5001 2404 5094 διπετινάξω,
2435 5004 2524 5058 καὶ
2583 5005 2634 5059 εἶ’
2680 5008 2756 5079 μὴ
2820 5009 3023 5083 φόρτου
3079 5013 3286 5087 γέμειςο
3318 5017 3412 5072 τὸν
3449 5020 3545 5091 μὲν
3577 5001 3748 5094 ἔίων,

2081 5088 2170 5143 ὅτε
2214 5095 2311 5144 106
2361 5101 2730 5166 πνευματικοῦ
2779 5097 3006 5171 λιμένος
3038 5100 3291 5177 γέγονας,
3313 5105 3406 5160 τὸν
3451 5088 3524 5162 ⁷δῖε
3577 5088 3741 5180 προσέ

2080 5182 2531 5253 επικτησάμενος.
2568 5185 2661 5238 Καὶ
2699 5186 2806 5257 μὴν
2837 5193 3000 5244 τοῦτο
3043 5189 3160 5265 ἔχει
3209 5213 3264 5246 τι
3311 5195 3403 5249 καὶ
3457 5201 3549 5250 τοῦ
3595 5193 3734 5248 εἰκό-

2075 5268 2512 5344 τος,1]ρόληψις
2551 5271 2654 5348 γὰρ
2705 5273 2882 5346 ἐκείνη
2937 5276 3145 5334 παλαιὰ
3189 5286 3576 5357 χρηματισμοῦ
3630 5280 3727 5336 ὁλ-

2075 5366 2178 5427 κῆς
2207 5379 2354 5420 τινος
2387 5357 2539 5434 λόγῳ
2569 5360 2857 5419 ἐπισπᾶται
2889 5368 2976 5421 καὶ
3026 5367 3092 5422 τὰ
3141 5368 3192 5441 ἑξ
3223 5369 3566 5442 έπικτήσεως.
3600 5372 3735 5427 ’Ότε

2075 5445 2132 5502 δέ
2183 5468 2264 5509 τις
2323 5446 2539 5521 λεπτὸς,
2591 5451 2700 5519 καὶ,
2753 5454 2829 5515 ὡς
2886 5453 2945 5510 ἂν
3007 5455 3151 5512 ε’ίποι
3199 5480 3302 5532 τις,
3361 5458 3609 5534 ὑπέρινος
3660 5463 3736 5535 τῇ

2075 5535 2379 5612 ἴσχνότητι,
2423 5537 2516 5592 τὸν
2565 5543 2782 5614 μονήρη
2836 5543 2952 5616 βίον
3003 5545 3336 5604 ὑπεισελθὼν
3395 5545 3736 5622 λιπαίνεται,
