4082 6424
363 442 478 506 781

1380 441 1486 503 DE
1528 441 2018 504 EMENDANDA
2065 441 2255 505 VITA
2296 441 2786 506 MONACHIOA.

3675 445 3792 509 782

363 571 686 649 παχύνεται,
742 571 1095 642 πλατύνεται,
1153 571 1230 634 εἰς
1283 569 1410 627 ὅσον
1471 569 1597 627 οὐδὲ
1649 570 1718 627 τὰ
1770 570 2023 641 λακκιζό-

2148 573 2478 632 animalium
2515 575 2728 643 oﬂ‘ulw,
2760 577 2917 647 quod
2951 576 3020 632 de
3054 592 3227 633 carne
3269 593 3384 632 non
3441 575 3796 650 intelligitur

367 681 500 734 μενα
555 664 664 716 τῶν
723 661 1076 736 θρεμμάτων,
1134 660 1224 716 καὶ
1284 660 1382 716 ούκ
1437 659 1568 716 αύτὸ
1599 659 1659 715 ού
1687 661 1823 716 κατὰ
1854 660 2024 736 σάρκα

362 744 673 824 διατριϐῆς,
705 746 833 804 ἀλλ’
865 749 943 812 εἷς
1001 751 1265 826 χρήματα
1295 747 1365 804 δι’
1397 748 1758 821 ἐπικτήσεως,
1807 754 1927 812 πῶς
1960 748 2019 804 ἂν

363 841 616 910 συστήσει
651 838 895 915 μοναχὸν
956 839 1143 894 ἐαυτὸν
1205 837 1363 910 εἶναι,
1421 838 1513 893 xui
1565 838 1626 894 οὐ
1656 837 1835 914 παχὺν
1874 839 2027 908 βοῦν,

365 931 400 1001 ἢ
438 927 696 1004 μοσχίον.

440 1016 537 1091 ξβ’.
571 1013 691 1069 Εἰσὶ
724 1011 782 1068 δέ
811 1034 952 1076 τινες
999 1013 1308 1091 περίφημοι
1366 1014 1418 1070 ἐν
1478 1020 1594 1077 τοῖς
1643 1016 1935 1080 τοιούτοις,
1977 1011 2029 1068 ο⁹ί

368 1106 452 1161 καὶ
488 1105 593 1159 άπὸ
646 1107 1032 1179 πραγματειῶν
1085 1102 1498 1174 πλουτίζονται.
1533 1106 1631 1159 Καὶ
1695 1104 1792 1160 οὐκ
1840 1103 1900 1159 ἂν
1952 1103 2028 1166 εἰς

366 1194 511 1250 πολὺ
565 1198 673 1250 τῶν
726 1193 992 1249 τοιούτων
1054 1194 1364 1269 καθάψηται
1421 1197 1455 1264 ἡ
1517 1198 1805 1270 συγγραφὴ
1868 1194 2027 1266 αὕτη,

369 1285 446 1358 μή
500 1282 590 1338 καὶ
640 1282 906 1357 χαίρωσιν
963 1281 1280 1352 ἅκούοντες,
1341 1284 1478 1338 καθά
1532 1284 1621 1338 καὶ
1677 1285 2026 1360 πράττοντες.

365 1377 716 1450 Παρομαρτεῖ
742 1373 842 1448 γάρ
901 1393 1035 1427 ποτε
1082 1375 1174 1427 καί
1230 1377 1392 1428 τοῦτο
1445 1378 1565 1434 τοῖς
1612 1377 1708 1427 τοῦ
1768 1374 1843 1446 μὴ
1896 1375 2029 1449 ἁγα-

364 1467 460 1526 θοῦ
517 1460 786 1536 ἐρασταῖς,
839 1458 892 1515 οτί
949 1460 1248 1536 ψεγόμενοι
1301 1467 1408 1517 τῶν
1469 1461 1774 1537 πρακτέων,
1827 1461 2028 1517 ἐπιτεί-

367 1573 519 1607 νουσι
574 1553 674 1621 τὴν
731 1550 1020 1625 ἐπιθυμίαν
1079 1550 1154 1614 εἷς
1216 1547 1649 1627 ἀνυπέρϐλητον.
1679 1549 1842 1607 Ἀλλ’
1873 1550 2026 1606 αὐτοὶ

371 1641 464 1715 μὶν
515 1639 841 1695 ποιείτωσαν
905 1640 968 1694 τὸ
1026 1638 1202 1718 σφίσιν
1260 1639 1470 1718 ἐφετὸν,
1511 1641 1598 1695 καὶ
1633 1633 1869 1694 ἔστωσαν
1897 1639 2027 1714 ψεύ-

369 1727 612 1803 δόμενοι,
671 1728 734 1783 τὸ
790 1729 926 1784 κατὰ
979 1730 1079 1799 τὴν
1116 1731 1423 1804 μοναχικήν
1456 1729 1737 1784 πολιτείαν
1782 1728 2029 1803 οὐράνιον

369 1819 531 1898 φυτὸν
592 1819 871 1896 ἀφιέμενοι
904 1820 1214 1890 τεθηλέναι,
1275 1813 1377 1880 ἕως
1433 1817 1493 1872 ἂν
1554 1817 1590 1888 ἢ
1629 1819 1833 1892 καρπὸν
1859 1817 2025 1896 ἐκφή-

367 1929 548 1976 νωσιν,
587 1906 662 1970 εἰς
696 1907 754 1962 ὃν
785 1907 1103 1983 πεφυκότες,
1163 1906 1318 1980 ὅμως
1351 1907 1412 1962 ού
1444 1902 1856 1982 προϐάλλονται
1913 1907 2094 1975 αὐτὸν,

366 1998 627 2072 γένωνται
657 2001 756 2052 τοῦ
785 1997 977 2073 πυρός.

438 2086 534 2160 ξγ’.
570 2085 646 2140 Σὺ
679 2082 736 2140 δὲ
805 2085 1035 2161 μοναχὲ,
1095 2086 1123 2139 6
1181 2087 1319 2160 πρὸς
1378 2082 1664 2156 ἀλήθειαν,
1732 2084 2030 2158 μελὲτησον

367 2175 459 2232 σὺν
531 2180 670 2248 Θεῷ,
748 2174 840 2230 καὶ
921 2173 1056 2247 μάθε
1121 2167 1308 2237 καλῶς
1364 2173 1679 2239 ἐπικτᾶσθαι
1741 2174 1875 2248 μετὰ
1930 2175 2031 2242 τὴν

371 2264 684 2342 ἀποκάρσιν·
763 2264 854 2319 καὶ
928 2267 1094 2319 τοῦτο
1148 2266 1224 2338 μή
1287 2263 1573 2327 ἁπλοϊκῶς
1630 2264 1827 2333 οὕτως,
1887 2262 2034 2320 άλλά

369 2353 511 2428 πρὸς
539 2349 796 2422 διπλόην,
831 2353 892 2421 ἣν
957 2353 1161 2430 φθάσας
1192 2351 1432 2423 ἤκουσας
1484 2352 1715 2408 ἐνώπιον
1768 2357 1922 2421 Θεοῦ,
1957 2352 2032 2414 ὡς

369 2443 460 2498 καὶ
491 2443 520 2497 6
550 2441 818 2518 κουρεύων
849 2441 1200 2520 ἐξεφώνησεν,
1261 2440 1322 2498 οὗ
1377 2439 1556 2512 εἰδὼς,
1615 2441 1667 2497 τί
1706 2439 1916 2510 ἐλάλει,
1943 2439 2035 2495 xui

371 2533 445 2593 ὡς
501 2531 666 2592 αὐτὸς
729 2528 876 2594 οἶδας
906 2531 1044 2604 πρὸς
1077 2524 1377 2603 ἀκρίϐειαν,
1437 2530 1527 2586 καὶ
1565 2531 1638 2593 ὡς
1672 2531 1724 2585 oi
1754 2533 2033 2603 παρεστῶ-

365 2641 453 2682 τες
513 2618 857 2695 ἠκροάσαντο
893 2660 906 2675 .
968 2619 1238 2682 ’Ἡκουσας
1294 2616 1351 2674 δὲ
1385 2663 1399 2688 ,
1477 2620 1567 2673 καὶ
1617 2619 1920 2692 ἀπηρνήσω
1969 2617 2030 2672 ού

367 2709 466 2778 τήν
525 2706 717 2771 ἁπλῶς
777 2707 867 2762 καὶ
926 2709 1063 2762 κατά
1115 2729 1168 2763 τι
1232 2714 1467 2783 μονῆρες
1536 2705 1840 2777 ἐπίκτησιν·
1887 2704 2034 2762 ἀλλᾶ

369 2796 686 2868 προσέκειτο
745 2795 798 2851 ἐν
847 2801 970 2858 τοῖς
1019 2795 1144 2851 τότε
1198 2797 1290 2850 καὶ
1345 2797 1408 2851 τὸ
1448 2818 1471 2848 ι
1503 2797 1604 2864 τὴν
1636 2793 1969 2864 ῗδιάζουσαν,
2005 2817 2034 2846 ››

376 2887 404 2940 6'
458 2885 648 2941 ταυτόν
703 2883 818 2940 ἐστι
863 2890 944 2957 τῷ
997 2909 1025 2938 ‹‹
1057 2887 1156 2955 τήν
1189 2905 1272 2939 σοι
1309 2884 1460 2958 μόνῳ
1490 2883 1649 2940 ῗδίαν·
1685 2909 1712 2936 ‹‹
1737 2883 1829 2939 ’ίνα
1860 2885 1937 2958 μὴ
1970 2885 2034 2939 τὸ

378 2973 792 3048 Σολομώντειον
826 2973 1010 3030 ἐκαῖνο
1041 2976 1391 3048 παρανοήσας
1448 2974 1532 3029 τό·
1567 2998 1596 3028 ››
1632 2975 1693 3029 ’Π
1741 2976 1894 3048 πηγή
1948 2994 2033 3028 σοι

373 3067 470 3118 τοῦ
527 3060 716 3124 ὕδατος
771 3062 910 3118 ἔστω
963 3061 1100 3132 ΐδία,
1161 3087 1189 3114 ››
1249 3061 1571 3133 ἐξιδιοῦσθαι
1636 3061 1942 3137 μελετήσῃς
1971 3063 2033 3117 τὸ

375 3152 510 3225 μετὰ
561 3155 662 3222 τήν
719 3153 920 3228 κουρὰν
945 3150 1196 3230 ἐπιῤῥὲον
1249 3173 1335 3206 σοι
1388 3151 1630 3221 ὁθενοῦν,
1682 3151 1829 3207 ἀλλὰ
1880 3171 2036 3225 μετοι-

369 3254 600 3318 χετεύῃς
657 3241 814 3311 αὐτὸ,
873 3238 999 3297 ἔνθα
1037 3242 1250 3317 πρέπει·
1302 3241 1393 3296 καὶ
1446 3242 1724 3316 προεστὼς
1772 3241 1864 3313 μὲν
1915 3261 2033 3296 κοι-

371 3329 623 3402 νότητος,
711 3331 1168 3405 ἀποκαταστήσῃς
1243 3330 1374 3386 αύτὸ
1463 3335 1531 3405 τῇ
1623 3333 2028 3404 μοναστηριακῇ

369 3417 657 3494 δεξαμενῇ,
713 3420 788 3481 ὡς
835 3417 894 3473 ἂν
969 3424 1038 3494 τῇ
1116 3423 1275 3494 κοινῇ
1331 3421 1643 3491 συνεισέκθᾳ
1698 3420 1886 3490 κτήσει
1937 3419 2027 3472 καὶ

368 3509 520 3565 αὐτό·
583 3508 824 3587 ὑφεστὼς
855 3506 932 3580 δὲ,
964 3509 1054 3564 καὶ
1089 3508 1264 3574 οὕτως
1322 3507 1807 3582 ἐλαττονούμενος,
1864 3529 2029 3581 προσ-

369 3600 579 3675 αγάγῃς
638 3603 718 3670 τῷ
775 3597 1206 3674 καθηγουμένῳ,
1261 3596 1352 3653 ’ίνα
1406 3598 1610 3661 ἐκεῖνος
1666 3601 1761 3672 μὲν
1819 3601 2025 3672 ποιήσῃ

369 3688 432 3742 τὸ
461 3686 764 3754 κανονικὸν,
815 3688 848 3755 ἡ
913 3684 970 3741 δὲ
1026 3685 1078 3741 ἐν
1130 3687 1239 3756 σοὶ,
1291 3686 1561 3759 σεμνότης
1593 3685 1894 3761 φυλάξηται
1925 3686 2025 3754 τήν

372 3774 445 3831 δι’
503 3774 837 3846 ἐπικτήσεως
898 3774 1440 3848 πολυκτημοσύνην,
1500 3776 1574 3838 ὡς
1631 3772 2025 3851 παρήγγελται,

372 3866 463 3921 καὶ
517 3865 618 3934 τὴν
677 3864 918 3928 ἐκτεῦθεν
979 3865 1410 3940 ἀσχημοσύνην·
1479 3863 1550 3919 δι’
1602 3866 1662 3934 ἣν
1723 3862 2026 3923 κεκώλυται

371 3959 492 4017 τοῖς
528 3953 850 4027 μονάζουσιν
906 3952 966 4008 ού
1023 3951 1157 4029 δίχα
1205 3954 1674 4030 παρασημάνσεως
1730 3955 1792 4008 τὸ
1847 3953 1883 4022 ἢ
1940 3975 2028 4007 κε-

374 4045 624 4114 κτῆσθαι,
683 4042 718 4112 ἢ
776 4048 1261 4116 προσεπικτᾶσθαι,
1319 4042 1465 4099 ἀλλὰ
1515 4044 1578 4098 τὸ
1636 4041 1884 4112 ἰδιάζον·
1938 4040 2032 4097 τίνα

375 4132 563 4189 πολλά
613 4134 753 4188 κακὰ
783 4131 1006 4209 ἐκθύγῃς
1057 4133 1404 4204 ἀκτημονῶν.
1463 4132 1867 4196 Πολυσύνθετος
1925 4132 2028 4206 γάρ

379 4221 659 4298 φαυλότης
705 4221 795 4276 καὶ
853 4223 915 4276 τὸ
970 4221 1438 4294 πολυκτημονεῖν,
1490 4223 1536 4293 ᾧ
1564 4220 1654 4275 καὶ
1689 4220 1858 4290 ζῆλος
1898 4241 2032 4296 παρ-

380 4311 583 4379 ἐπεται,
616 4310 708 4366 καὶ
738 4307 871 4386 ἔρις,
903 4311 992 4365 καὶ
1033 4306 1358 4379 ἀδιακρισία,
1405 4311 1493 4364 καὶ
1527 4309 1850 4386 περιττότης
1876 4311 2029 4380 κενὴ,

378 4400 468 4455 καὶ
495 4397 669 4470 ἧδονὴ
700 4397 758 4454 δὲ
793 4399 1012 4472 ματαία,
1046 4399 1133 4454 καὶ
1191 4396 1318 4472 δόξα
1367 4399 1552 4472 ὁμοία·
1589 4402 1672 4460 οἷς
1721 4398 1808 4453 καὶ
1848 4398 2032 4460 αὐτοῖς

377 4491 405 4545 6
437 4488 640 4565 κυρίως
673 4489 918 4564 μοναχὸς
952 4489 1272 4559 ἀπετάξατο,
1321 4489 1459 4553 καθά
1508 4490 1599 4544 καὶ
1656 4492 1724 4563 τῇ
1759 4488 2033 4566 λαθροφα-

375 4578 490 4652 γίᾳ,
519 4579 583 4646 ἣν
629 4577 728 4632 οὐκ
756 4576 816 4632 ἂν
849 4575 970 4654 ἔχοι
1015 4580 1090 4650 μὴ
1126 4577 1466 4655 ἐγκαλεῖσθαι
1545 4584 1661 4634 κατ’
1692 4575 1830 4633 ῒδίαν
1890 4597 2034 4654 χρη-

387 4666 768 4739 ματιζόμενος.
846 4669 905 4725 Ὁ
986 4669 1091 4744 γὰρ
1159 4672 1255 4723 τοῦ
1331 4667 1580 4740 μείζονος
1675 4666 2037 4741 ἁλισκόμενος

2133 664 2233 718 sed
2265 664 2336 719 de
2366 664 2531 720 novis
2589 664 2900 736 acquisitis
2958 664 3203 733 divitiis,
3238 665 3532 736 quomodo
3574 682 3636 722 se
3667 681 3795 722 mo-

2134 751 2388 808 nachum
2422 770 2575 822 esse,
2633 771 2750 810 non
2806 754 3086 826 pinguem
3145 753 3378 820 bovem,
3409 769 3512 810 seu
3542 754 3794 811 vitulum

2138 840 2408 911 probabit
2427 841 2456 895 τ

2208 1017 2298 1072 62.
2334 1018 2490 1073 Inter
2520 1018 2629 1074 hos
2683 1022 2824 1074 sunt
2879 1018 3150 1074 nonnulli
3202 1017 3554 1075 illustriores
3584 1017 3685 1090 qui
3727 1032 3796 1074 ex

2139 1106 2529 1174 negotiatione
2583 1108 2871 1162 ditantur.
2933 1107 3080 1163 Istos
3117 1111 3314 1163 autem
3375 1123 3568 1163 sermo
3626 1123 3794 1164 meus

2140 1211 2255 1249 non
2288 1199 2491 1267 tangat
2514 1196 2787 1264 multum,
2823 1214 2894 1252 ne
2924 1196 3140 1252 auditis
3171 1197 3326 1252 sicut
3355 1195 3595 1268 patratis
3617 1197 3795 1252 rebus

2137 1284 2430 1338 laetentur.
2451 1284 2568 1340 Hoc
2599 1285 2754 1340 enim
2783 1285 2996 1341 accidit
3017 1285 3246 1342 homini
3277 1287 3498 1342 bonum
3520 1301 3638 1340 non
3660 1283 3795 1340 dili-

2138 1372 2398 1444 genti,de
2418 1373 2588 1428 factis
2607 1374 2708 1445 qui
2737 1374 3104 1446 vituperatus
3149 1376 3217 1430 ad
3245 1376 3472 1445 majora
3509 1373 3795 1446 concupi-

2139 1463 2356 1517 scenda
2385 1461 2940 1534 inflammatur.lpsi
2962 1463 3254 1535 permissa
3271 1461 3800 1535 compleant,men-

2137 1550 2368 1606 dacium
2397 1555 2714 1619 ostentent,
2733 1553 3030 1608 caelestem
3063 1553 3192 1608 vitae
3216 1551 3540 1609 monachiaa
3563 1567 3798 1608 ramum

2138 1640 2443 1696 ﬂorescere
2472 1641 2836 1712 permittant,
2854 1642 3038 1697 donec
3065 1640 3155 1697 vel
3187 1641 3438 1697 afferant
3467 1641 3692 1696 fructus
3725 1639 3798 1696 ad

2139 1746 2288 1800 quos
2319 1729 2438 1785 nati
2470 1733 2630 1794 sunt,
2673 1745 2960 1800 quosque,
2993 1733 3060 1784 ut
3107 1730 3234 1785 vult
3261 1735 3436 1800 Deus,
3469 1745 3588 1784 non
3615 1727 3804 1800 profe-

2138 1822 2296 1886 runt,
2327 1818 2416 1873 vel
2445 1818 2632 1874 securi
2666 1821 2873 1875 resecti
2904 1819 2963 1874 in
2997 1821 3192 1892 ignem
3227 1819 3560 1880 mittantur.

2151 1905 2224 1969 ὡς
2259 1904 2531 1961 ἐπιτάσσει
2563 1906 2715 1969 Θεός·
2777 1906 2813 1975 ἢ
2852 1905 2998 1962 ἀλλὰ
3053 1910 3120 1981 τῇ
3179 1905 3325 1982 ἀξίνῃ
3371 1913 3792 1982 κατακοπέντες,

2213 2086 2303 2141 63.
2326 2086 2412 2141 Tu
2443 2085 2896 2154 autem,sincere
2920 2085 3231 2152 monacbe,
3262 2103 3424 2155 cura,
3457 2089 3558 2146 Dei
3588 2092 3800 2164 gratia,

2143 2179 2200 2232 et
2257 2175 2416 2231 disce
2472 2173 2816 2246 locupletari
2848 2175 3025 2230 etiam
3080 2179 3216 2246 post
3244 2179 3590 2248 tonsuram;
3624 2179 3801 2251 idque

2144 2279 2258 2318 non
2291 2262 2580 2331 absolute,
2603 2263 2706 2318 sed
2739 2280 2806 2319 eo
2839 2279 3016 2318 sensu
3041 2279 3156 2335 quo
3180 2263 3367 2336 prius,
3390 2265 3450 2320 in
3482 2273 3802 2340 conspectu

2143 2351 2247 2407 Dei
2295 2351 2533 2420 audisti,
2567 2355 2624 2406 et
2655 2351 2810 2407 sicut
2837 2350 3109 2407 minister
3163 2351 3356 2408 sciens
3388 2355 3612 2426 optime
3658 2356 3803 2429 quid

2143 2441 2362 2496 diceret
2384 2440 2725 2512 postulavit,
2757 2444 2816 2496 et
2871 2440 3026 2498 sicut
3079 2440 3205 2512 ipse
3254 2442 3508 2514 perfecte
3539 2445 3717 2511 nosti,
3746 2447 3806 2502 et

2144 2530 2596 2586 circumstantes
2646 2530 2980 2586 audierunt.
3013 2529 3140 2586 Non
3200 2530 3532 2604 simplicem
3594 2551 3807 2591 novam

2147 2619 2650 2691 comparationem
2683 2619 2742 2674 in
2775 2618 3132 2676 monasterio
3155 2620 3378 2676 audisti
3399 2625 3457 2677 et
3479 2622 3803 2694 repudiasti

2146 2709 2248 2763 sed
2281 2712 2339 2763 et
2368 2707 2478 2763 hoc
2509 2707 2773 2762 additum
2803 2707 2950 2763 fuit:
2975 2729 3004 2758 «
3033 2707 3388 2781 privatam,»
3415 2709 3641 2767 scilicet
3669 2727 3802 2783 qum

2143 2796 2248 2851 tibi
2282 2797 2518 2869 propria
2549 2801 2638 2852 est
2667 2812 2679 2850 :
2711 2813 2784 2852 ne
2838 2797 3013 2852 verbo
3063 2797 3398 2854 Salomonis
3442 2799 3596 2855 male
3625 2799 3802 2857 intel-

2143 2884 2292 2941 lecto
2318 2903 2374 2941 ;‹.
2394 2884 2608 2941 Fontes
2629 2901 2793 2957 aquae
2811 2883 3024 2941 habeto
3045 2885 3265 2954 solus,»
3289 2887 3507 2959 cogites
3518 2904 3646 2960 qua
3663 2893 3800 2962 post

2142 2978 2449 3030 tonsuram
2467 2974 2882 3045 undecumque
2897 2974 2967 3028 ad
2980 2977 3036 3030 te
3051 2974 3335 3046 venerint,
3352 2976 3647 3048 privatum
3663 2995 3800 3050 pos-

2144 3064 2334 3120 sidere
2369 3064 2502 3132 ;sed
2529 3067 2594 3119 ut
2637 3063 2736 3118 illa
2775 3081 2892 3135 qua
2915 3081 3020 3136 par
3049 3064 3158 3120 erit
3181 3067 3495 3132 referas,ut
3523 3068 3799 3142 praelatus

2143 3152 2559 3208 communitati
2584 3169 2650 3209 ea
2671 3153 3037 3225 receptacula
3055 3155 3399 3211 monasterii
3421 3173 3705 3231 reserves,
3738 3159 3801 3216 in

2144 3242 2441 3297 fortunam
2474 3243 2738 3297 omnium
2787 3244 3220 3315 concurrentia,
3250 3249 3308 3300 et
3337 3246 3661 3320 subjectus,
3695 3265 3801 3305 seu

2143 3331 2203 3385 in
2227 3330 2400 3387 ferias
2414 3332 2485 3387 ad
2513 3331 3150 3402 praelatum,aﬂ'eras,ut
3170 3333 3263 3390 hic
3281 3337 3606 3393 secundum
3627 3353 3803 3410 regu-

2143 3420 2262 3475 lam
2314 3425 2470 3492 agat,
2503 3425 2558 3475 et
2587 3425 2690 3476 tua
2711 3420 2969 3492 dignitas
3002 3421 3236 3478 divitias
3263 3440 3330 3478 ex
3367 3425 3804 3497 comparatione

2142 3526 2308 3577 nova,
2342 3514 2408 3563 ut
2437 3509 2660 3564 dictum
2694 3515 2803 3576 est,
2840 3514 2905 3564 ut
2947 3509 3291 3568 indecorum
3343 3517 3519 3581 esset,
3549 3514 3754 3571 divitet
3787 3534 3800 3573 :

2140 3597 2769 3670 proptereamonachis
2804 3615 2875 3654 ne
2909 3599 3289 3670 acquirerent
3313 3605 3370 3657 et
3401 3602 3800 3673 cumularent,

2139 3703 2255 3743 non
2298 3687 2426 3743 sine
2469 3688 2792 3758 reticentia,
2827 3687 3190 3759 prohibitum
3237 3691 3469 3760 fuit;et
3497 3691 3583 3748 sic
3613 3693 3803 3750 multa

2140 3775 2296 3832 mala
2344 3777 2708 3849 paupertatis
2741 3776 3004 3849 effugies.
3038 3777 3343 3851 Multiplex
3365 3782 3524 3837 enim
3557 3781 3799 3839 miseria

2139 3865 2499 3936 divitiarum,
2533 3883 2682 3939 quas
2723 3868 3038 3922 comitatur
3058 3867 3296 3936 invidia,
3322 3870 3478 3942 rixae,
3502 3873 3790 3942 confusio,

2130 3956 2438 4027 jactantia,
2471 3957 2739 4028 voluptas
2768 3974 2917 4013 vana
2943 3957 3278 4030 similisque
3301 3959 3507 4032 gloria,
3541 3978 3796 4035 quorum

2141 4045 2406 4100 omnium
2465 4062 2669 4118 expers
2717 4050 2806 4102 est
2858 4063 3030 4103 verus
3079 4049 3426 4120 monachus,
3461 4055 3528 4108 ut
3556 4062 3791 4110 secretae

2143 4134 2635 4203 manducationis,
2667 4134 2737 4188 de
2755 4151 2871 4204 qua
2901 4151 3016 4189 non
3039 4136 3300 4190 accusari
3325 4154 3439 4192 non
3472 4144 3662 4210 potest
3689 4141 3793 4213 qui

2093 4249 2098 4255 -
2143 4239 2282 4294 opes
2306 4222 2566 4295 privatas
2616 4222 2949 4294 acquisivit.
2984 4223 3092 4288 Qui
3122 4224 3279 4279 enim
3311 4226 3382 4281 de
3414 4228 3624 4298 majori
3655 4246 3796 4286 con-

2144 4311 2404 4366 vincitur
2432 4312 2504 4367 de
2534 4311 2864 4367 minoribus
2894 4311 2954 4366 in
3003 4312 3401 4383 suspicionem
3461 4332 3577 4372 non
3609 4320 3800 4375 modi-

2146 4416 2273 4456 cam
2305 4400 2533 4470 incidit,
2565 4404 2622 4456 et
2673 4400 2978 4472 illegitime
3027 4400 3282 4458 divitiari
3340 4404 3475 4476 plus
3506 4411 3596 4462 est
3626 4424 3806 4480 quam

2147 4494 2368 4545 secreto
2392 4488 3001 4546 manducare.Deinde
3019 4491 3342 4548 monachus
3359 4494 3459 4565 qui
3474 4495 3542 4551 ad
3561 4500 3809 4555 mandu-

2149 4580 2400 4634 candum
2426 4579 2670 4649 colligit,
2705 4595 2841 4636 mox
2871 4580 2942 4636 ad
2961 4579 3318 4652 voluptatem
3344 4582 3570 4654 aliquid
3595 4588 3806 4645 addet:

2153 4668 2449 4725 fruitiouis
2503 4667 2660 4724 enim
2705 4685 2841 4741 pars
2863 4686 2979 4725 non
3021 4669 3262 4725 minima
3290 4673 3446 4744 apud
3477 4677 3813 4735 mundanos

383 4753 614 4817 ὕποντος
672 4755 731 4810 "av
787 4751 872 4822 εἷή
932 4743 1295 4833 οὐχγῆκιστα
1339 4756 1430 4810 καὶ
1488 4755 1577 4811 ἐπὶ
1633 4761 1714 4830 τῷ
1770 4754 2033 4812 ἐλάττονι·

2154 4761 2243 4814 est
2272 4758 2584 4825 comestio;
2607 4759 2761 4830 apud
2791 4758 3112 4814 monachos
3135 4763 3330 4816 autem
3357 4779 3474 4818 non
3505 4767 3812 4836 comestio,

389 4849 571 4918 μεῖζον
602 4843 659 4899 δὲ
707 4844 923 4908 πάντως
977 4846 1005 4900 6
1065 4843 1288 4920 ἄκαιρος
1343 4847 1739 4921 χρηματισμὸς
1789 4851 1885 4900 τοῦ
1945 4844 2044 4900 λα-

389 4935 703 5012 θροφαγεῖν.
765 4935 867 4990 Καὶ
928 4935 1036 5008 μὴν
1102 4935 1345 5010 μοναχὸς
1394 4935 1461 4989 τά
1490 4936 1624 5008 πρὸς
1659 4932 1901 5004 δαπάνην
1934 4955 2049 4988 συν-

383 5021 528 5098 άγων
555 5022 700 5099 τάχα
759 5023 822 5078 ἃν
881 5017 1269 5078 καταϐαλεὶταί
1329 5044 1384 5077 τι
1441 5025 1530 5078 xui
1584 5021 1672 5078 ἐπὶ
1726 5022 2045 5078 ἀπολαύσει.

383 5111 565 5186 Μέρος
625 5109 684 5166 δὲ
741 5111 839 5166 οὐκ
899 5110 1190 5187 ἐλάχιστον
1251 5109 1607 5174 ἀπολαύσεως
1659 5111 1708 5166 ἐν
1756 5116 2048 5184 κοσμικοῖς

389 5201 487 5276 μὶν
548 5201 611 5256 τὸ
667 5207 877 5279 φαγεῖν,
941 5200 992 5256 ἐν
1030 5207 1316 5277 μοναχοῖς,
1352 5199 1409 5256 δὲ
1442 5200 1504 5256 ού
1533 5201 1618 5270 τὸ,
1649 5200 1949 5265 ἀσυνθέτως
1983 5199 2052 5256 εἷ-

387 5295 535 5357 πεῖν,
586 5296 771 5368 φαγεῖν
831 5289 982 5360 (αὐτὸ
1039 5291 1140 5367 γὰρ
1200 5291 1494 5365 πάγκοινόν
1543 5287 1732 5364 ἔστιν),
1787 5287 1933 5345 ἀλλὰ
1989 5288 2049 5344 τὸ

392 5378 780 5457 λαθροφαγεῖν,
815 5379 1066 5434 ὅταυτόν
1119 5379 1229 5434 ἐστι
1285 5384 1365 5451 τῷ
1411 5377 1588 5449 ἡδέως
1645 5383 1854 5457 φαγεῖν·
1916 5389 2053 5442 καθ-

392 5467 476 5522 ότι
509 5467 601 5522 καὶ
665 5469 880 5538 κλοπῆς
936 5465 1082 5543 ὕδωρ
1129 5466 1392 5544 γλυκερὸν
1446 5468 1726 5546 γράφεται.
1786 5469 1878 5522 Ἕν
1909 5468 2054 5542 τάχα

397 5577 564 5632 μονον
603 5559 630 5613 ὁ
674 5562 924 5622 τοιοῦτος
979 5557 1131 5633 ἅγιος
1187 5558 1622 5635 χρηματιστικὸς
1673 5555 1890 5632 νομίσοι
1919 5557 2054 5634 ἀγα-

481 5776 524 5814 ¹⁸
550 5775 718 5838 Prov.
749 5792 803 5847 ν,
833 5776 922 5834 17.
1005 5777 1051 5817 ¹⁴
1077 5775 1257 5842 Ecoli.
1287 5777 1374 5848 10,
1406 5776 1466 5836 6.

2159 4848 2228 4902 ad
2260 4846 2619 4918 loquendum
2653 4847 3020 4917 disjunctim,
3040 4848 3143 4903 sed
3168 4853 3393 4906 secreta
3414 4853 3812 4921 manducatio,

2159 4953 2262 4992 seu
2284 4937 2440 5008 quod
2464 4935 2619 4992 idem
2643 4941 2734 4991 est
2761 4934 3107 5006 voluptuose
3131 4938 3510 5007 manducare,
3529 4944 3815 5013 quemad-

2159 5026 2402 5080 modum
2421 5023 2648 5080 dulcior
2661 5039 2790 5079 esse
2806 5023 3024 5079 dicitur
3047 5040 3202 5096 aqua
3232 5025 3620 5086 furata.Forte
3633 5048 3821 5089 unum

2159 5115 2379 5169 bonum
2413 5113 2565 5184 quod
2597 5112 2753 5168 vovit
2778 5117 3020 5168 sanctus
3051 5112 3146 5168 hic
3177 5117 3507 5187 negotiator
3536 5120 3594 5175 id
3629 5137 3818 5179 unum

2161 5203 2483 5257 arbitratur
2511 5202 2750 5268 habere,
2783 5217 2896 5256 non
2931 5216 3062 5257 esse
3103 5202 3345 5260 omnino
3373 5207 3650 5265 otiosum.
3689 5211 3822 5282 Ipse

2159 5291 2318 5346 istud
2352 5309 2466 5347 non
2498 5290 2835 5362 intelligens
2865 5307 2878 5344 :
2909 5309 2936 5341 ιι
2970 5289 3210 5346 Nullum
3241 5309 3390 5364 opus
3421 5296 3694 5354 ruborem
3725 5300 3827 5355 ad-

2163 5381 2250 5435 dit
2281 5382 2346 5450 “,
2374 5382 2442 5435 ad
2479 5397 2540 5436 se
2581 5378 3033 5449 justiﬁcandum
3088 5379 3311 5435 nullum
3345 5399 3494 5455 opus
3523 5385 3824 5452 injussum

2163 5485 2292 5526 esse
2325 5468 2632 5536 monacho,
2666 5467 2914 5540 ideoque
2941 5484 3047 5522 nec
3078 5467 3355 5537 divitiari,
3389 5473 3684 5546 siquidem
3715 5477 3828 5535 hoc

2164 5560 2236 5616 ad
2266 5559 2632 5631 operandam
2664 5557 2896 5615 attinet.
2953 5555 3263 5616 Manifesta
3295 5560 3558 5634 seipsum
3587 5566 3827 5641 decipit,
