4060 6420
355 429 472 492 783

1139 430 1553 493 EUSTATHII
1597 425 2368 490 THESSALONIGENSIS
2407 425 2996 492 METROPOLITJE

3669 440 3803 506 ’184

352 557 454 628 qui
481 556 566 613 ita
593 555 893 629 intelligit.
927 556 1434 622 Quemadmodum
1480 555 1639 610 enim
1681 552 1983 610 laboriosa

2126 550 2217 615 θὸν
2272 545 2420 626 ἔχειν
2476 551 2560 639 τὸ,
2595 552 2755 625 (καθὰ
2805 552 3171 631 ἐξωσιώσατο)
3231 582 3262 610 ‹‹
3314 560 3391 632 μὴ
3426 559 3624 639 ἀεργὸς
3657 565 3799 624 εἶναι

351 646 528 702 homo
543 647 844 702 consuevit
858 663 890 700 a
913 645 1171 701 laudatis
1198 645 1463 717 personis
1486 643 1912 710 commendari,
1933 643 2015 696 ita

351 739 408 792 et
428 736 767 807 operarius;
801 735 892 790 cui
927 734 1255 788 contrarius
1288 738 1377 788 est
1405 732 1825 787 otiosus.Licet
1853 731 2009 786 enim

351 829 512 880 actor
542 828 599 879 et
630 823 779 879 male
807 839 1054 893 operans
1076 821 1438 893 (κακοοργὸς),
1489 821 1590 892 qui
1636 821 1903 875 eamdem
1936 820 2008 874 ob

351 929 592 969 causam
641 915 942 985 κακοῦργος
998 911 1245 980 dicitur,
1307 912 1380 966 ab
1438 927 1610 981 opere
1669 916 1726 964 et
1781 909 2008 964 actione

351 1002 710 1070 deriventur,
773 1001 924 1055 bona
981 1006 1178 1054 tamen
1238 998 1501 1069 phrasis,
1563 998 1738 1054 solita
1767 997 2003 1065 locutio,

347 1089 664 1155 sententia,
696 1087 785 1144 lex
839 1089 1010 1155 bona,
1044 1092 1101 1142 et
1155 1088 1303 1142 bene
1362 1088 1592 1142 dicendi
1624 1084 2002 1157 exemplaria,

343 1178 404 1233 in
435 1193 677 1234 sensum
708 1177 930 1231 bonum
958 1176 1364 1231 sublimiorem
1395 1181 1453 1231 et
1496 1175 1761 1230 divinum
1812 1174 1999 1229 dedu-

341 1269 570 1332 xerunt,
605 1264 757 1320 sicut
787 1265 1100 1333 actionem,
1135 1265 1214 1319 ita
1242 1269 1298 1320 et
1327 1281 1475 1336 opus
1505 1269 1561 1318 et
1591 1279 1854 1319 causam.

2122 639 2202 704 εἷς
2253 641 2316 695 τὸ
2380 638 2662 704 παντελές.
2725 663 2752 694 ι
2813 643 2912 697 Καί
2964 665 3069 700 που
3125 646 3214 701 καὶ
3246 649 3411 711 αὐτὸς
3438 638 3794 728 παρανοήσας

2118 731 2182 783 τὸ
2239 754 2266 779 ι‹
2320 730 2512 804 Ἔργον
2570 727 2616 783 δ’
2675 729 2826 786 οὐδὲν
2863 727 3093 803 ὄνειδος,
3156 759 3185 787 ››
3216 727 3578 810 προϐαλεῖται
3612 742 3674 798 ἃν
3709 746 3790 810 εἰς

2121 815 2423 884 δικαίωσιν,
2493 840 2518 872 α
2584 816 2752 891 μηδὲν
2783 842 2836 874 τι
2868 816 3020 898 ἔργον
3070 824 3207 897 πρὸς
3239 824 3556 901 ὀνειδισμοῢ
3588 833 3720 888 εἶναι
3755 860 3785 890 ››

2116 912 2199 1001 τῷ
2258 911 2504 1001 μοναχῷᾳ,
2571 907 2972 1001 σύκοῦνᾲμηδὲ
3023 913 3085 967 τὸ
3143 917 3617 988 χρηματίζεσθαι·
3675 921 3784 1001 εἷ’γε

2117 996 2205 1051 καὶ
2263 994 2394 1050 αύτὸ
2454 995 2530 1083 εἷς
2593 990 2750 1072 ἔργον
2785 998 3064 1074 ὑπάγεται.
3116 1003 3324 1074 Ἀπατᾷ
3385 1002 3444 1060 Si
3497 990 3782 1083 ἀριδήλώς

2117 1083 2300 1136 ἑαυτὸν
2363 1084 2390 1137 6
2445 1080 2587 1137 οὕτω
2645 1088 2819 1141 νοῶν.
2871 1086 3016 1140 Καθὰ
3071 1088 3174 1163 γὰρ
3247 1091 3275 1145 6
3339 1080 3654 1168 πρακτικὸς
3689 1098 3773 1152 ἐπὶ

2114 1169 2519 1242 ἐπαινουμένων
2599 1172 2908 1246 προσώπων
2982 1172 3208 1230 εἴθισται
3283 1175 3573 1256 λέγεσθαι,
3635 1184 3771 1241 οὓτω

2110 1260 2200 1348 καί
2251 1262 2279 1315 ὁ
2341 1259 2645 1336 ἔργατικόςο
2702 1262 2748 1333 ᾧ
2797 1261 3038 1326 ἐναντίος
3096 1266 3125 1320 ὁ
3178 1267 3391 1344 ἀεργός.
3446 1272 3510 1328 Εἰ
3541 1274 3639 1348 γὰρ
3679 1275 3763 1329 καί

341 1354 368 1407 6
400 1352 596 1429 ρἐτης
651 1353 740 1407 καὶ
794 1353 822 1406 6
872 1351 1172 1427 κακοεργὸς
1233 1352 1286 1424 (ὁ
1348 1349 1415 1405 δι’
1473 1350 1603 1405 αὐτὸ
1652 1351 1746 1405 καὶ
1803 1351 2126 1426 κακουργος)
2162 1345 2303 1424 ἔργῳ
2341 1349 2429 1404 καὶ
2483 1350 2668 1425 πράξει
2716 1357 3193 1425 παρωνυμοῦνται,
3243 1355 3390 1412 ἀλλὰ
3437 1362 3469 1430 ἡ
3512 1345 3746 1436 ἐνάρετος

343 1443 561 1518 φράσις,
595 1443 629 1510 ἡ
691 1440 813 1502 ἐθὰς
873 1438 1178 1509 διάλεκτος,
1239 1443 1273 1508 ἡ
1334 1441 1697 1513 ἀξιωματικὴ,
1750 1439 1811 1493 τὸ
1875 1437 2127 1512 ἐνάρετον
2199 1437 2452 1510 κύρωμα,
2529 1437 2591 1493 τὸ
2650 1437 3096 1515 χρηστολογικὸν
3144 1442 3382 1517 τύπωμα
3440 1447 3512 1509 είς
3562 1450 3754 1524 ἀγαθὴν

340 1529 737 1604 ἁπεκλήρωσαν
806 1523 1010 1585 ἔννοιαν
1069 1530 1158 1583 καὶ
1215 1528 1458 1602 ὑψηλήν·
1519 1529 1608 1583 καὶ
1645 1528 1787 1583 οὕτω
1817 1527 1983 1594 θείαν,
2047 1525 2228 1600 ὥσπερ
2289 1525 2388 1593 τὴν
2448 1529 2658 1601 πρᾶξιν,
2714 1527 2856 1582 οὕτω
2912 1532 3004 1584 καὶ
3063 1532 3125 1586 τὸ
3179 1530 3334 1608 ἔργον
3393 1535 3484 1591 καὶ
3689 1538 3765 1593 αἱ-

343 1619 480 1677 τίαν.

403 1710 494 1765 64.
529 1713 608 1764 De
636 1707 730 1764 his
759 1707 1036 1764 subtilius
1063 1709 1350 1763 disserere
1393 1707 1778 1780 superﬂuum.
1817 1706 1988 1777 Ergo,

337 1797 683 1853 omonache
735 1796 922 1864 avide,
984 1796 1193 1867 cupide
1251 1795 1593 1850 divitiarum
1653 1799 1858 1850 contra
1903 1811 1990 1850 re-

2178 1700 2270 1772 ξδ’.
2336 1703 2590 1778 ΙΙεριττὸν
2645 1701 2700 1758 ἐν
2757 1709 2871 1765 τοῖς
2923 1703 3041 1782 ἄρτι
3075 1705 3444 1786 φυλοκρινεῖν.
3479 1713 3556 1770 Οὐ
3586 1715 3764 1770 τοίνυν

2106 1791 2150 1844 ὦ
2207 1790 2430 1861 κτητικὲ
2487 1793 2718 1867 μοναχὲ,
2779 1793 2868 1848 καὶ
2928 1795 3283 1861 ἀκανονίστως
3341 1804 3766 1875 χρηματιστικὶ,

335 1885 560 1958 gulam,
593 1889 650 1942 et
679 1890 810 1957 post
836 1885 1336 1942 consecrationem
1385 1884 1571 1940 labori
1616 1883 1870 1939 maxime
1901 1885 1983 1938 de-

2107 1881 2194 1933 καὶ
2250 1881 2385 1952 μετὰ
2443 1879 2726 1956 ἐπιορκίας
2786 1880 3126 1958 ἐνεργέστατε
3161 1929 3174 1954 ,
3231 1887 3266 1957 ἢ
3324 1867 3623 1958 πρακτικὸς
3656 1937 3670 1962 ,

335 1976 479 2042 dite,
511 1976 586 2031 ab
615 1975 958 2032 hominibus
991 1975 1216 2030 ratione
1267 1975 1569 2029 utentibus
1600 1991 1716 2029 non
1755 1974 1995 2044 judica-
2050 2034 2054 2037 _

327 2065 486 2121 beris
517 2080 686 2137 agere
719 2069 776 2120 et
832 2064 1063 2136 operari
1108 2065 1438 2121 secundum
1487 2064 1672 2120 Deum
1724 2063 1992 2135 quandiu

330 2155 391 2210 in
440 2170 508 2210 eo
565 2158 728 2210 statu
791 2153 1208 2225 permanebis;
1270 2153 1389 2209 imo
1447 2169 1583 2208 vero
1645 2153 1989 2223 negotiator,

329 2242 558 2298 otiosus
593 2286 608 2312 ,
670 2246 992 2307 mercator,
1051 2240 1386 2313 lucripeta,
1446 2240 1688 2297 omnino
1744 2239 1991 2296 saecula-

329 2331 413 2386 ris
445 2346 596 2399 esse,
629 2334 686 2386 et
737 2331 1081 2401 quicunque
1128 2330 1282 2385 alius
1343 2329 1530 2401 magis
1571 2345 1749 2400 quam
1783 2345 1988 2384 mona-

330 2419 478 2475 chus
501 2419 814 2490 perfectus.
848 2420 928 2474 Te
975 2420 1102 2490 jam
1162 2418 1493 2474 discernere
1552 2417 1802 2473 arbitror
1833 2418 1988 2488 quod

332 2508 762 2579 acquirendum
797 2513 905 2575 est,
943 2511 1098 2564 certo
1128 2507 1326 2578 aliquo
1379 2507 1572 2572 modo,
1604 2512 1662 2562 et
1695 2523 1883 2578 usque
1912 2507 1983 2562 ad

329 2596 717 2668 superfluum.
750 2601 866 2668 Ego
912 2601 1105 2651 autem
1152 2611 1286 2650 cum
1319 2595 1537 2666 optime
1570 2595 1828 2650 noverim
1864 2613 1985 2650 ma-

328 2701 505 2757 gnam
521 2684 964 2757 illegitimarum
982 2684 1314 2738 divitiarum
1333 2683 1620 2738 malitiam
1635 2685 1787 2754 apud
1809 2701 1986 2738 saecu-

325 2773 478 2829 lares
510 2773 592 2828 tui
626 2771 873 2841 similes,
927 2771 1148 2843 aliquid
1184 2786 1398 2826 novum
1441 2769 1793 2841 superaddo,
1827 2775 1885 2825 et
1914 2771 1980 2824 fi-

325 2864 532 2920 denter
551 2862 682 2918 dico
703 2861 1036 2918 necessario
1069 2859 1385 2931 aliquando
1409 2864 1466 2914 te
1495 2859 1757 2929 ditari,et
1776 2875 1982 2930 super-

325 2951 755 3018 efﬂuere.Quod
783 2967 897 3006 non
912 2947 1160 3020 titquasi
1174 2964 1243 3003 ex
1255 2949 1400 3003 artis
1419 2947 1982 3013 machinationibus,

324 3041 428 3097 sed
461 3039 561 3095 Dei
593 3041 803 3111 gratia,
837 3054 970 3109 erga
1005 3037 1214 3109 dignos
1266 3037 1375 3091 hoc
1406 3037 1668 3108 praemio,
1700 3037 1798 3107 qui
1835 3036 1982 3091 nihil

323 3128 695 3202 possidentes
750 3127 950 3182 omnia
995 3125 1284 3182 obtinent.
1337 3128 1523 3191 Quam
1554 3125 1979 3182 abundantiam

2107 1966 2386 2056 ἐργατικὸς
2445 1970 2583 2056 κατά
2639 1971 2768 2025 Θεὸν
2829 1991 2964 2026 ειναι
3035 1975 3268 2050 κριθήσῃ
3337 1981 3484 2053 παρά
3537 2001 3599 2056 γε
3650 1987 3770 2045 τοῖς

2103 2061 2227 2110 νοῦν
2260 2051 2504 2132 ἔχουσιν,
2547 2054 2652 2146 ἕως
2709 2057 2768 2114 ἂν
2824 2065 3075 2124 τοιοῦτος
3131 2063 3321 2139 μένῃς·
3381 2051 3562 2123 ἀλλὰ⁷
3594 2089 3770 2146 πραγ·

2106 2147 2452 2232 ματευτικὸς,
2483 2145 2572 2200 καὶ
2605 2145 2943 2222 ἀεργὸς,’καῖ
2977 2151 3396 2227 ἐμπορευτικὸς,
3447 2158 3537 2211 καὶ
3590 2145 3767 2232 ἐμπο-

2103 2231 2284 2300 λαῖος,
2344 2235 2434 2289 καὶ
2482 2232 2744 2310 νερδῷος,
2795 2237 2886 2292 καὶ
2923 2238 3040 2312 βίος
3083 2239 3436 2318 αὐτόχρημα,
3470 2247 3562 2300 καὶ
3592 2231 3770 2304 πάντα

2104 2321 2316 2395 μᾶλλον
2347 2324 2416 2378 τὰ
2445 2322 2651 2396 adlegi]
2678 2323 3000 2403 μεγαλόσχη
3013 2349 3136 2401 μος.
3155 2331 3386 2406 Ἕγνως,
3419 2335 3601 2406 οἶμαι,
3630 2334 3767 2408 ἤδη,

2099 2409 2231 2486 ὅπερ
2281 2412 2508 2481 κτητὲον
2539 2411 2680 2466 ἐστιν
2731 2412 2793 2466 οὗ
2823 2415 2913 2468 καὶ
2968 2415 3451 2491 ὑπερεκπερισσοῦ·
3505 2424 3648 2499 Ἐγὼ
3714 2423 3770 2480 δὶ

2097 2500 2498 2568 πλεονάζουσαν
2525 2499 2578 2554 ἐν
2607 2505 2724 2563 τοῖς
2746 2506 2842 2556 τοῦ
2863 2504 2999 2557 κατὰ
3029 2505 3087 2558 σὶ
3118 2506 3240 2579 βιου
3271 2513 3331 2578 εᾷ
3349 2507 3512 2574 εἷ’δὼς
3533 2513 3632 2582 τήν
3663 2521 3771 2583 τῆς

2099 2588 2324 2662 ἀκαίρου
2354 2591 2598 2659 κτήσεως
2626 2590 2841 2657 κακίαν,
2896 2607 3328 2669 προσεπιτιθημι
3375 2599 3518 2653 καίτι
3569 2601 3767 2673 πλέον,

2094 2677 2184 2730 καὶ
2217 2675 2361 2751 λέγω
2391 2676 2757 2754 θαρρούντως,
2813 2681 2895 2734 ὅτι
2929 2680 3132 2758 ἀνάγκῃ
3165 2686 3259 2757 μὲν
3293 2685 3400 2741 ἐστι
3451 2689 3545 2744 καὶ
3599 2691 3762 2768 ὑπερ-

2095 2765 2385 2836 κεκτῆσθαί
2436 2766 2494 2820 σε
2539 2788 2693 2839 ποτε,
2740 2768 2816 2831 ὡς
2861 2770 2950 2824 καὶ
2982 2773 3338 2848 περισσεύειν·
3394 2777 3525 2832 αὐτὸ
3585 2776 3644 2834 δὲ
3697 2765 3759 2837 οὗ

2099 2851 2264 2927 μόνον
2335 2855 2470 2910 κατὰ
2535 2857 2737 2930 τὲχνην
2810 2867 3241 2936 περιουσιασμοῦ
3318 2864 3540 2941 γίνεται,
3610 2866 3757 2926 ἀλλὰ

2092 2944 2180 2998 καὶ
2211 2941 2327 3015 θείᾳ
2375 2945 2562 3019 χάριτι
2617 2952 2733 3008 τοῖς
2784 2947 2950 3018 ἀξίοις
3004 2955 3102 3005 τοῦ
3156 2953 3410 3010 τοιούτου
3469 2956 3663 3013 καλοῦ·
3699 2959 3752 3014 οἵ

2096 3029 2265 3106 μηδὲν
2325 3029 2564 3108 ἔχοντες,
2632 3035 2806 3090 πάντα
2848 3037 3162 3114 κατέχουσι.
3229 3041 3327 3096 Καὶ
3374 3040 3605 3115 δηλοῦσι
3658 3069 3747 3103 πε-

2091 3123 2330 3198 ριουσίαν
2384 3123 2641 3195 τοιαύτην
2705 3125 2768 3180 ού
2831 3127 2994 3199 μόνον
3039 3131 3094 3184 αἱ
3155 3131 3505 3209 εύαγγελικαὶ
3555 3140 3732 3212 σπυρί-

323 3217 494 3274 nobis
525 3216 848 3274 ostendunt
879 3231 994 3270 non
1051 3215 1224 3269 modo
1256 3213 1601 3285 evangelicae
1655 3219 1889 3285 sportaa,
1925 3221 1983 3269 et

2097 3209 2202 3284 δες,
2260 3212 2349 3267 καὶ
2411 3215 2462 3268 oi.
2522 3214 2760 3292 κόφινοι,
2820 3217 2910 3272 καὶ
2965 3219 3029 3274 τὸ
3087 3219 3454 3279 ἀποστολικὸν
3511 3209 3738 3290 δίκτυον,

323 3306 812 3379 cophini,necnon
847 3309 905 3360 et
929 3302 1327 3374 aposlolorum
1353 3307 1504 3356 recte
1537 3302 1776 3372 plenum
1801 3325 1828 3352 ‹‹
1857 3320 1980 3359 ma-

326 3397 459 3468 gnis
491 3395 758 3468 piscibus
782 3397 1020 3448 centum
1045 3390 1477 3463 quinquaginta
1507 3391 1696 3446 tribus
1721 3391 1764 3425 ¹⁸
1789 3409 1801 3458 ;
1828 3413 1856 3440 ››
1880 3391 1978 3446 sed

324 3485 522 3541 adhuc
551 3483 707 3555 apud
737 3487 960 3537 veteres
989 3487 1047 3535 et
1073 3481 1425 3536 recentiores
1455 3484 1746 3549 auctores,
1779 3480 1985 3536 horrea

326 3573 551 3641 absque
576 3571 774 3626 labore
804 3573 860 3625 et
891 3585 1063 3640 Opere
1095 3568 1294 3624 statim
1328 3567 1587 3623 confecta
1614 3585 1628 3636 ;
1679 3573 1735 3623 et
1764 3567 1982 3640 hydria:

326 3660 528 3717 farina
557 3658 874 3732 prophetae,
926 3658 1026 3728 qui
1083 3657 1222 3712 fami
1271 3657 1586 3725 subvenit;
1637 3661 1693 3711 et
1722 3673 1822 3712 vas
1851 3674 1981 3729 par-

325 3766 464 3806 vum
495 3749 692 3804 oleum
725 3763 958 3818 semper
1007 3745 1337 3813 effundens,
1386 3744 1614 3816 aliaque
1642 3746 1766 3801 visa
1797 3762 1984 3817 usque

325 3839 396 3894 ad
430 3853 690 3910 praesens
742 3835 1044 3890 miracula.
1112 3835 1336 3889 Etenim
1395 3834 1550 3906 apud
1585 3839 1847 3890 nostram
1879 3851 1981 3906 ge-

323 3927 707 3992 nerationem,
768 3925 826 3979 in
889 3924 1165 3979 domibus
1225 3928 1337 3978 Deo
1397 3923 1691 3994 acceptis,
1742 3928 1981 3995 experta

321 4021 462 4072 sunt
491 4013 858 4087 receptacula
881 4030 1006 4084 quae
1029 4013 1230 4068 vinum
1257 4017 1314 4067 et
1335 4011 1529 4067 oleum
1556 4028 1772 4083 magna
1793 4029 1979 4083 quan-

315 4107 504 4170 titate,
536 4121 665 4177 quas
715 4103 807 4158 vix
851 4102 1146 4158 exhauriri
1197 4107 1442 4173 poterat,
1495 4107 1866 4172 acceperunt,
1917 4103 1978 4157 in

317 4195 536 4267 quibus
594 4193 844 4248 arbitror
897 4190 1184 4262 liquorem
1249 4207 1554 4262 nunquam
1610 4190 1994 4246 defecturam.

317 4285 523 4351 fuisse,
560 4282 670 4338 nisi
701 4283 775 4337 ab
807 4281 1221 4336 haurientibus
1256 4279 1607 4335 miraculum
1642 4279 1750 4335 hoc
1789 4280 1977 4336 divul-

315 4379 518 4443 gatum
549 4375 724 4427 esset.
761 4371 925 4434 Quod
979 4370 1335 4442 prodigium,
1371 4370 1541 4440 quasi
1595 4386 1698 4441 pro
1731 4369 1975 4441 agendis

315 4461 525 4534 gratiis
558 4459 877 4531 proditum,
913 4458 1168 4530 amplius
1204 4473 1547 4530 permanere
1585 4475 1698 4512 non
1728 4464 1816 4513 est
1846 4475 1973 4528 per-

313 4549 696 4616 missum,sed
729 4549 1064 4604 confessum
1097 4547 1297 4604 statim
1331 4546 1602 4612 cessavit,
1620 4551 1731 4600 Deo
1764 4562 1974 4618 nempe

2095 3301 2227 3377 ὅπερ
2289 3301 2571 3373 ἐμεστώθη
2627 3309 2896 3378 περιττῶς
2924 3313 3040 3370 τοῖς
3098 3311 3244 3384 τρισὶ
3299 3313 3389 3367 καὶ
3423 3315 3746 3384 πεντήκοντα

2093 3389 2182 3445 καὶ
2215 3389 2400 3445 ἑκατὸν
2464 3390 2725 3465 μεγάλοις
2765 3393 3006 3469 ἰχθύσιν,
3039 3395 3186 3452 ἀλλὰ
3241 3400 3332 3454 καὶ
3364 3403 3429 3456 τὰ
3459 3404 3578 3458 καθ’
3607 3402 3751 3459 leno-

2095 3478 2209 3552 ρίαν
2286 3478 2376 3533 καὶ
2453 3476 2690 3535 παλαιὰν
2768 3483 2858 3536 καὶ
2913 3484 3031 3538 νὲαν
3094 3483 3294 3562 αἶ’φνης
3362 3488 3760 3565 ἐμπιπλάμενα

2094 3567 2261 3640 ὡρεῖα
2319 3565 2452 3643 δίχα
2507 3568 2644 3623 πόνυ
2675 3569 2764 3624 καὶ
2803 3570 3077 3648 ἐργασίας,
3127 3575 3217 3631 καὶ
3266 3579 3300 3648 ἡ
3350 3584 3448 3633 τοῦ
3506 3581 3767 3656 θεραπεύ-

2094 3676 2284 3718 σαντος
2340 3654 2506 3740 λιμὸν
2566 3661 2851 3736 προφήτου
2906 3658 3144 3736 ἀλεύρου
3205 3662 3400 3740 ὑδρία,
3459 3654 3641 3724 καὶ-ὁ
3701 3670 3766 3726 τὸ

2092 3741 2274 3798 ἔλαιον
2336 3739 2600 3806 ἐκϐλύσας
2655 3747 2950 3821 καμψάκης
3012 3751 3087 3814 εἰς
3149 3739 3390 3809 ἀὲνναονο
3451 3754 3622 3813 ἔτιδὲ
3671 3761 3766 3816 καὶ

2091 3832 2172 3926 τὰ-
2215 3832 2382 3926 μέχρι
2428 3833 2890 3926 νῦν-,βλεπόμενα
2936 3840 3210 3926 τεράστια.
3241 3844 3595 3919 Πεπείρανται
3659 3848 3766 3926 γὰρ

2089 3921 2178 4015 καὶ
2211 3921 2261 3975 ἐν
2444 3923 2565 4015 καθῗ
2614 3925 2762 4015 ημᾶς
2806 3930 2962 4000 γενεᾷ
3012 3925 3205 4004 δοχεῖα
3251 3930 3304 3986 ἐν
3352 3930 3526 3996 οἷϐιοις
3573 3921 3766 4015 θεοφιίο

2090 4007 2260 4078 λὲσιν,
2296 4011 2435 4065 οἶνον
2475 4011 2566 4065 καὶ
2616 4010 2797 4067 ἔλαιον
2855 4015 3106 4086 στέξαντα
3167 4021 3334 4096 μέχρι
3393 4020 3614 4078 πολλοῦ
3683 4007 3765 4090 εἷς

2089 4097 2533 4172 δυσεξάντλητον,
2567 4103 2648 4164 οἷς
2700 4100 2824 4157 οὐδὲ
2873 4105 2932 4173 ἣν
3005 4105 3064 4159 ἃν
3126 4107 3428 4184 ὲπιΑεῖψαι,
3459 4113 3638 4186 οἶμαι,
3699 4117 3765 4172 τὸ

2087 4188 2414 4264 στιγόμενον
2443 4235 2457 4259 ,
2513 4190 2558 4244 εί
2621 4193 2697 4263 μή
2757 4189 3066 4262 ἐξελαλεῖτο
3124 4196 3187 4252 τὸ
3241 4203 3424 4272 θαῦμα
3484 4201 3586 4256 ὑπὸ
3647 4210 3766 4261 τῶν

2085 4276 2503 4370 ἐξαντλούντων.
2561 4279 2852 4370 ’βκφανθὲν
2915 4279 2972 4337 δὲ
3028 4284 3532 4363 ἀνθομολογήσεως
3594 4288 3764 4370 λόγῳ

2081 4365 2143 4420 τὸ
2179 4369 2502 4443 μυστήριον,
2536 4367 2713 4424 οὐκέτι
2769 4372 2940 4442 μὲνειν
2993 4372 3213 4450 ἀφείθη,
3275 4374 3423 4432 ἀλλὰ
3479 4365 3764 4453 συνεξέλι-

2082 4475 2176 4510 πεν
2211 4456 2238 4510 ὁ
2274 4458 2596 4531 μυστήριον,
2631 4457 2809 4513 οὐκέτι
2847 4458 3022 4532 μένειν
3044 4462 3266 4540 ἀφείθη,
3297 4465 3445 4522 ἀλλὰ
3475 4471 3762 4543 συνεξέλι-

2082 4563 2176 4598 πεν
2210 4544 2237 4597 ὁ
2296 4546 2710 4618 μυστηριασμὸς
2770 4551 2849 4620 τῷ
2899 4547 3287 4624 ἐξαγγέλματι,
3337 4555 3470 4610 Θεοῦ
3524 4555 3760 4615 οἷ’κονο-

309 4605 456 4693 illud
489 4605 789 4710 operante,
820 4637 940 4692 sive
994 4640 1232 4706 propter
1278 4633 1546 4689 homines
1592 4605 1706 4689 hoc
1747 4605 1967 4690 benefi-

2296 4605 2306 4617 .
2461 4605 2488 4618 ..
2610 4605 2619 4617 .
2697 4605 2707 4608 -
2823 4605 2833 4620 .
2927 4605 2948 4620 τ
3003 4605 3051 4624 ,,
3347 4605 3466 4610 η--
3528 4605 3724 4615 ---πη

2097 4634 2358 4702 ιήσαντος
2412 4632 2542 4688 αὐτό
2599 4631 2682 4688 ἐπ’
2741 4634 2925 4711 ἀγαθῴ
2976 4637 3011 4707 ἢ
3063 4644 3171 4694 τῶν
3229 4642 3292 4695 τὸ
3343 4641 3511 4699 καλὸν
3543 4649 3760 4712 παθόν-

307 4726 466 4782 cium
496 4730 789 4799 expertos,
823 4725 946 4780 sive
976 4729 1212 4796 propter
1243 4722 1570 4791 audientes,
1606 4723 1726 4778 sive
1773 4723 1968 4794 potius

305 4821 543 4888 propter
574 4819 876 4886 utrosque.

375 4905 463 4960 65.
499 4904 662 4971 Quod
695 4909 852 4958 recto
907 4901 1077 4956 modo
1130 4899 1486 4970 acquierere,
1545 4904 1603 4955 et
1644 4901 1878 4969 addere,
1911 4906 1968 4957 et

305 4995 494 5050 multa
523 4991 914 5050 accrescentia
974 4990 1368 5061 superaddere
1402 5006 1516 5044 non
1576 4990 1652 5044 sit
1703 4990 1961 5061 prohibi-

302 5085 608 5155 tum,jam
641 5097 893 5152 magnus
939 5080 1047 5134 Job
1097 5079 1372 5144 ostendit,
1417 5095 1593 5150 quem
1645 5078 1842 5133 multae
1873 5079 1960 5134 di-

299 5173 452 5228 vitias
485 5188 600 5227 non
636 5170 1060 5241 impediverant
1090 5167 1228 5238 quin
1281 5167 1438 5222 istud
1488 5168 1893 5223 testimonium
1927 5185 1960 5223 a

259 5266 412 5328 hDeo
443 5261 752 5332 acciperet,
803 5273 981 5326 super
1036 5273 1242 5311 omnes
1291 5256 1561 5312 homines
1596 5257 1776 5326 hujus
1808 5262 1955 5311 tem-

294 5352 456 5423 poris
489 5350 560 5406 ad
592 5349 779 5405 Deum
812 5345 1072 5418 proxime
1103 5347 1396 5401 accedere.
1428 5351 1494 5399 Et
1525 5346 1671 5400 mihi
1703 5345 1958 5400 occurrit

269 5439 533 5512 aliquod
566 5455 770 5495 recens
797 5434 1154 5506 exemplum,
1189 5451 1305 5506 quo
1365 5434 1541 5490 verba
1588 5450 1718 5490 mea
1749 5434 1954 5488 confir-

301 5532 557 5584 mantur.

374 5740 416 5774 ¹⁵
443 5739 612 5793 Joan.
645 5756 762 5808 XXI,
797 5739 885 5792 11.

2076 4741 2208 4789 των,
2264 4720 2299 4789 ἢ
2352 4725 2459 4776 τῶν
2525 4722 2806 4795 μαθόντων
2838 4743 2850 4755 ⁸
2909 4725 3055 4790 είκὸς
3113 4725 3171 4782 δὶ
3237 4733 3330 4785 καὶ
3381 4728 3450 4786 δι’
3504 4735 3755 4812 ἀμφοτέ-

2080 4829 2231 4884 ρους.

2148 4898 2235 4968 Es’.
2275 4899 2397 4956 ’Ότι
2431 4899 2607 4954 δὲκαὶ
2639 4902 2700 4956 τὸ
2745 4908 2968 4968 κτᾶσθαι
3017 4904 3154 4960 κατὰ
3203 4905 3367 4982 λόγον
3419 4909 3601 4984 ὀρθὸν,
3655 4915 3752 4969 καί

2070 4987 2134 5041 τὸ
2165 4986 2501 5058 ἐπικτᾶσθαι,
2534 4989 2624 5042 καὶ
2655 4989 2784 5045 αὐτὸ
2819 4988 2876 5046 δὲ
2905 4993 2966 5048 τὸ
3017 4990 3107 5048 διὰ
3153 5003 3364 5071 συχνῆς
3416 5003 3747 5072 προσθήκης

2076 5077 2438 5150 ὑπερκτᾶσθαι
2473 5077 2533 5131 οὐ
2565 5078 2891 5152 κεκώλυται,
2944 5084 3150 5156 φθάσας
3212 5085 3308 5157 μὲν
3355 5088 3445 5142 καὶ
3496 5091 3524 5144 6
3574 5087 3743 5162 μέγας

2069 5163 2405 5222 ἐπιστώσατο
2440 5164 2586 5241 Ἰὼϐ,
2620 5171 2675 5225 ὃν
2713 5169 2865 5226 οὐδὲν
2899 5175 2934 5242 ἡ
2968 5170 3439 5250 πολυκτημοσύνη
3494 5177 3732 5234 ἐκώλυσε

2072 5263 2520 5331 μεμαρτυρῆσθαι
2571 5259 2716 5330 παρὰ
2763 5265 2860 5315 τοῦ
2909 5266 3042 5316 Θεοῦ
3091 5262 3280 5333 αὐτοϋ,
3341 5267 3470 5341 ὑπὲρ
3527 5263 3728 5325 πάντας

2062 5343 2189 5407 τοὺς
2220 5344 2343 5400 τότε
2373 5345 2693 5421 ἀνθρώπους
2724 5347 2984 5425 ἐγγύτατα
3014 5355 3343 5425 παρεστάναι
3373 5354 3530 5424 αὐτῷ·
3563 5351 3732 5428 ἐπερ-

2063 5452 2217 5508 χεται
2251 5431 2309 5488 δὲ
2343 5456 2438 5508 μοι
2467 5435 2556 5490 καὶ
2588 5438 2886 5515 προσφάτῳ
2913 5439 3022 5494 τινὶ
3049 5441 3142 5496 τὸν
3169 5440 3334 5519 λόγον
3361 5445 3548 5497 τοῦτον
3583 5441 3734 5498 ὑπο-

2061 5519 2316 5598 δείγματι
2349 5524 2744 5590 πιστώσασθαι.
3493 5546 3500 5553 ’
