4060 6378
227 457 234 462 ’
330 469 450 531 785

1363 469 1466 529 DE
1510 466 2003 529 EMENDANDA
2048 467 2236 530 VITA
2281 466 2759 530 MONACHICA.

3647 464 3770 529 786

403 604 496 675 εξ.
547 602 889 674 Μεμνήμεθα
935 605 1032 655 τοῦ
1101 599 1152 654 ἐν
1203 600 1427 675 ἀγαθοῖς
1488 599 1767 677 βασιλεῦσι
1833 620 1980 676 περι-

2175 604 2263 658 66.
2299 602 2668 659 Meminimus
2717 599 3002 658 Manuelis
3050 599 3202 654 inter
3244 598 3500 668 optimos
3542 598 3728 670 princi

333 691 542 748 κλύτου
599 689 864 760 Μανουήλ
900 708 912 720 ’
947 687 1171 763 οἴδαμεν
1231 691 1318 744 καὶ
1377 691 1440 744 τὸ
1499 687 1995 766 μεγαλοπολιτικὸν

335 779 722 857 Προδρομικὸν
782 784 1052 854 σεμνεῖον,
1084 780 1184 848 τήν
1238 778 1456 855 πέτραν,
1493 779 1544 850 ἐξ
1575 782 1640 848 ῆς
1703 777 1998 853 ψαλμικῶς

336 869 427 925 καὶ
512 866 677 924 ὕδατα
756 865 1066 943 ῥοΐσκον-ται
1145 871 1390 944 σωτήρια
1451 875 1568 931 τοῖς
1628 867 1995 944 εὐαγγελικῶς

334 959 506 1014 πίνειν
557 955 825 1022 ἐθέλουσι’
881 957 970 1012 καὶ
1027 956 1152 1031 μέλι
1203 955 1260 1013 δὲ
1304 957 1631 1028 θηλάζουσιν
1693 959 1743 1012 οἱ
1792 956 1852 1012 ἐκ
1902 978 1994 1011 πι-

332 1048 490 1125 κρίας
539 1048 803 1123 βιωτικῆς
860 1046 1001 1121 αὐτῇ
1050 1045 1420 1116 πελάζοντεςο
1470 1047 1546 1110 είς
1603 1049 1666 1117 ἣν
1723 1049 1773 1101 οἱ
1829 1067 1993 1101 κατα-

332 1138 618 1214 φεύγοντες
651 1135 865 1212 λαγωοὶ
898 1133 1116 1198 λέοντες
1166 1141 1285 1198 τοῖς
1341 1133 1727 1209 δαιμονιώδεσι
1778 1135 1992 1209 θηρίοις

328 1221 692 1283 ἐκϐαίνουσιν.
752 1227 991 1286 Ἐκεῖνος
1065 1222 1132 1294 δὴ
1194 1226 1222 1278 6
1302 1225 1633 1302 μακαριστὸς
1713 1221 1988 1298 βασιλεὺς,

328 1314 550 1389 μυρίαις
614 1311 1158 1390 περιεστοιχισμένος
1219 1313 1518 1390 φροντίσιν,
1570 1316 1657 1376 αἷς
1730 1314 1800 1368 τὰ
1855 1313 1990 1368 κατά

322 1402 531 1476 κόσμον
597 1403 738 1477 μέγα
797 1399 1323 1474 διοικονομούμενος
1383 1401 1790 1478 παρεκρούετο,
1843 1397 1984 1456 ἔστιν

326 1491 390 1546 οὗ
420 1490 561 1566 ταχὺ
619 1491 708 1546 καὶ
755 1495 862 1545 τῶν
922 1491 1302 1567 σμικροτάτων
1359 1489 1730 1564 ἐπιμέλεσθαι,
1781 1489 1986 1546 ἀναλα-

325 1571 557 1650 ϐόμενός
607 1598 740 1632 ποτε
792 1577 871 1640 εἰς
923 1581 1048 1632 νοῦν
1109 1578 1245 1654 ἀωρὶ
1304 1580 1497 1641 νυκτὸς
1561 1580 1735 1654 γάμον
1797 1578 1982 1655 εὐγενῆ

2108 709 2210 762 pes
2240 691 2541 764 conspicui
2573 693 2650 762 (6]
2681 709 2693 758 ;
2721 691 2992 746 novimus
3024 688 3202 744 etiam
3229 688 3495 743 Prodomi
3557 705 3762 745 mona-

2107 783 2350 836 sterium
2376 782 2435 836 in
2470 783 2612 836 urbe
2637 797 2873 852 magna,
2900 783 3147 850 petram,
3177 794 3206 830 e
3238 794 3356 848 qua
3403 793 3558 849 aqua
3610 777 3770 849 psal-

2106 871 2312 940 mistan,
2366 870 2642 926 salutaris
2701 868 3079 940 cupientibus
3151 865 3484 938 evangelice
3541 866 3762 936 bibere,

2102 960 2308 1027 efﬂuit;
2335 959 2488 1016 unde
2520 958 2634 1014 mel
2666 962 2890 1031 sugunt
2919 957 3020 1028 qui
3055 972 3184 1012 eam
3217 971 3286 1011 ex
3319 970 3518 1010 amaro
3550 956 3762 1011 saeculo

2101 1048 2500 1120 pr0pinquant
2533 1065 2545 1115 ;
2581 1047 2640 1102 in
2673 1064 2851 1118 quam
2883 1045 3290 1117 confugientes
3346 1043 3577 1115 lepores
3611 1043 3765 1101 ﬂunt

2099 1135 2298 1192 leones
2328 1135 2464 1191 feris
2494 1135 2804 1191 diabolicis
2835 1133 3149 1190 terribiles.
3209 1133 3314 1188 Hic
3344 1148 3482 1204 ergo
3545 1133 3758 1189 beatus

2099 1241 2221 1291 rex,
2253 1224 2415 1281 mille
2445 1225 2604 1279 curis
2634 1223 2905 1295 stipatus;
2928 1223 3148 1294 quibus
3179 1237 3272 1277 res
3303 1236 3520 1292 magna
3550 1221 3760 1278 mundi

2099 1313 2526 1369 administrans
2556 1312 3347 1381 insaniebat,nonnunquam
3366 1309 3438 1364 de
3470 1308 3753 1366 minimis.

2097 1403 2275 1458 etiam
2306 1399 2917 1470 curabal;aliquando,
2953 1399 3099 1454 hora
3125 1398 3314 1454 noctis
3361 1396 3618 1466 insolila,
3660 1415 3756 1454 co-

2096 1491 2241 1564 gitat
2263 1491 2488 1546 nobiles
2544 1490 2780 1560 nuptias
2839 1489 3117 1560 perlicere
3173 1488 3302 1559 (nec
3350 1486 3505 1542 enim
3549 1492 3752 1543 noctes

2097 1581 2238 1651 ipsae
2258 1596 2393 1635 eum
2428 1579 2499 1634 de
2534 1578 2754 1634 mundo
2776 1576 3205 1648 vigilantem;et
3233 1577 3494 1648 seipsum
3536 1576 3762 1648 agitan-

325 1665 606 1742 ἐξαρτύσαι
657 1663 804 1740 (οὐδὲ
867 1667 970 1743 γάρ
1021 1663 1146 1721 οὐδὲ
1218 1666 1403 1730 νύκτες
1461 1667 1723 1723 ἀνέπαυον
1777 1667 1980 1722 ἐκεῖνον

2094 1673 2212 1726 tem
2270 1666 2703 1739 aliquantulum
2764 1682 2835 1720 ne
2893 1665 3192 1732 dormiret,
3245 1665 3544 1737 quiescere
3594 1665 3757 1722 sine-

325 1751 669 1831 ἐγρηγορότα
719 1755 848 1829 ὁπὲρ
895 1759 992 1810 τοῦ
1040 1757 1272 1830 κόσμου,
1322 1755 1412 1811 καὶ
1471 1759 1816 1833 γυμνάζοντα
1863 1757 1980 1810 ἐαυ-

2095 1759 2278 1828 bant),
2311 1762 2366 1812 et
2394 1757 2558 1828 jubet
2587 1753 2886 1812 celebrari.
2921 1755 3059 1808 Erat
3088 1753 3250 1810 locus
3284 1754 3628 1825 nuptiarum
3694 1755 3754 1810 in

323 1842 414 1898 1:6v
474 1848 672 1917 μικροῦ
729 1844 819 1899 καὶ
880 1842 960 1906 εἷς
1036 1844 1281 1919 ἄϋπνον),
1343 1845 1585 1902 ἐκέλευσι
1659 1845 1980 1915 τελεσθῆναι

2095 1845 2455 1914 Blachernis,
2491 1862 2523 1902 a
2554 1845 2770 1917 quibus
2801 1847 2972 1899 Petra
3003 1859 3119 1898 non
3142 1842 3314 1916 longe
3347 1842 3563 1912 distat;
3605 1847 3753 1899 tem-

319 1931 413 1988 τὸν
462 1932 658 2036 γάμον.
701 1935 800 1988 Ἦν
851 1929 909 1987 δὶ
953 1932 1122 1998 τόπος
1166 1938 1247 2006 τῷ
1285 1935 1450 2009 γάμῳ
1503 1935 1566 1990 τὸ
1620 1933 1670 1990 ἐν
1735 1933 1980 2011 Βλαχέρ-

2093 1953 2205 2010 pus
2234 1939 2429 1991 autem
2487 1935 2721 1989 initium
2774 1933 2973 2004 magni
3024 1932 3262 2004 jejunii,
3303 1933 3540 2003 quando
3599 1931 3754 1988 casei

317 2041 438 2084 ναις
485 2020 776 2095 παλάτιον,
821 2021 985 2095 οὗπερ
1041 2021 1140 2078 οὐκ
1187 2021 1261 2086 εἷς
1320 2025 1529 2100 μακρὰν
1576 2026 1611 2093 ἡ
1663 2023 1838 2098 Πέτρα
1896 2021 1980 2078 δι-

2092 2026 2518 2082 sduntur.tlum
2550 2027 2746 2078 autem
2782 2020 2982 2076 famuli
3029 2021 3409 2086 mirarentur,
3490 2020 3607 2076 sibi
3646 2019 3750 2076 tali

319 2108 555 2163 ισταται·
588 2109 778 2182 καιρὸς
825 2105 883 2163 δὲ
932 2111 967 2178 ἡ
1017 2116 1118 2180 τῆς
1173 2107 1417 2186 μεγάλης
1469 2109 1717 2180 νηστείας
1746 2107 1980 2184 πρόδρο-

2092 2117 2354 2185 tempore
2383 2129 2532 2185 Opus
2563 2109 2841 2183 imperari
2873 2110 3028 2181 quod
3062 2107 3370 2165 intervallo
3404 2109 3550 2164 satis
3571 2108 3747 2181 longo

325 2217 426 2268 μος
467 2197 792 2276 τυροφάγος.
837 2199 926 2260 Ὦς
975 2196 1032 2252 δὶ
1076 2200 1128 2253 οἱ
1177 2199 1266 2254 ἐπὶ
1323 2206 1422 2268 τῆς
1483 2197 1766 2275 θεραπείας
1823 2197 1980 2254 ἐθαύ-

2092 2203 2408 2276 indigebat,
2443 2205 2502 2258 et
2532 2217 2666 2256 cum
2698 2217 2733 2255 a
2760 2215 2896 2270 rege
2926 2197 3181 2270 sapienti
3209 2202 3536 2270 quaererent
3593 2214 3750 2270 quo-

327 2307 522 2359 μασαν,
581 2286 626 2341 εί
684 2285 734 2342 ἐν
791 2287 906 2364 ὥρᾳ
959 2286 1186 2363 τοιαύτῃ
1246 2286 1625 2344 ἐπιτάσσονται
1701 2290 1980 2365 πράγματι

2093 2292 2268 2347 modo
2291 2292 2464 2362 jussa
2493 2289 2966 2361 implerent,cnm
2984 2287 3129 2342 nihil
3152 2290 3309 2343 esset
3330 2287 3556 2358 nuptiis
3570 2287 3750 2360 regiis

328 2371 572 2448 δεομένῳ
623 2370 817 2451 τριϐῆς
871 2382 1064 2454 καιροῦ
1123 2377 1348 2450 ἱκανῆς,
1405 2377 1495 2434 καὶ
1570 2377 1832 2434 ἐπύθοντο
1887 2383 1980 2433 τοῦ

2095 2386 2366 2452 paratum
2399 2379 2513 2435 nisi
2542 2379 2720 2434 verba
2741 2376 3312 2443 benedictionis;ista
3329 2375 3527 2432 animo
3558 2376 3751 2431 medi-

325 2461 816 2540 ἐπιστημονάρχου
867 2465 1160 2542 βασιλέως,
1189 2472 1305 2529 πῶς
1353 2489 1484 2523 ποτε
1537 2467 1641 2544 ἄρα
1683 2467 1770 2522 καὶ
1803 2467 1984 2538 ἐξανύ-

325 2572 480 2607 σουσι
534 2554 596 2607 τὸ
653 2552 948 2630 ἐπίταγμα,
983 2555 1073 2611 ὅτε
1130 2553 1362 2630 οὐδεμία
1406 2556 1683 2633 γαμήλιος
1741 2558 1988 2633 χορηγία

326 2641 631 2712 ὑπόκειται,
663 2641 746 2698 ὅτι
797 2645 872 2717 μὴ
935 2645 1100 2718 μόνον
1159 2648 1227 2701 τὰ
1272 2654 1375 2715 τῆς
1429 2645 1812 2721 εὐλογήσεως·
1849 2645 1986 2702 ἐκεῖ·

321 2751 415 2793 νος
460 2730 814 2803 ἀναπολήσας
887 2734 966 2795 εἰς
1022 2739 1143 2789 νοῦν
1222 2734 1508 2811 ἀγχινοίας
1563 2734 1739 2811 λόγῳ,
1787 2735 1875 2790 καὶ
1937 2734 1988 2790 ἐν

323 2816 631 2911 ἀδιαστάτῳ
716 2822 904 2897 χρόνῳ
946 2823 1077 2911 ⁸τὴν
1169 2823 1374 2898 Πέτραν
1445 2823 1801 2911 ἐνθυμηθεὶς,
1860 2821 1984 2911 ἔφη,

323 2905 522 2972 ἐκεῖθεν
553 2911 871 2983 γενήσεσθαι
931 2908 992 2965 ἂν
1024 2911 1086 2966 τὸ
1116 2916 1217 2966 πᾶν
1266 2916 1364 2967 τοῦ
1425 2909 1608 2988 ἔργου.
1667 2912 1769 2969 Καὶ
1831 2905 1984 2975 εὐθὺς

323 2993 570 3066 ἐπιτάξας
629 2996 911 3069 ἐξέστειλε.
970 2999 1070 3056 Καὶ
1147 3001 1199 3054 οἱ
1276 2997 1561 3055 δουλευταὶ
1636 2997 1984 3077 ταχυδρόμοι

319 3084 512 3140 αὐτίκα
567 3083 656 3141 ἐπὶ
710 3088 812 3158 τὴν
872 3087 1075 3164 Πέτραν
1113 3106 1126 3120 ⁸
1189 3089 1279 3144 καὶ
1330 3087 1625 3145 ἐκόπτοντο
1699 3091 1753 3144 αἱ
1813 3089 1988 3146 πῦλαι

317 3174 668 3250 θερμότερον,
700 3177 774 3238 ὡς
830 3175 930 3232 οὐκ
984 3175 1044 3232 ἂν
1106 3178 1238 3233 εἶναι
1298 3175 1480 3234 δολεῖν
1529 3180 1589 3234 τὸ
1619 3183 1841 3254 κροῦμα
1899 3179 1978 3234 εὐ-

317 3259 632 3322 παίδευτον.
696 3265 794 3320 Καὶ
848 3265 914 3334 ἦν
976 3264 1120 3322 οὕτω
1174 3261 1425 3342 θόρυϐος.
1487 3268 1583 3324 Καὶ
1643 3269 1672 3324 6
1733 3270 1976 3344 θυοωρὸς

323 3345 712 3428 εὐλαϐέστερον
783 3355 1028 3430 σκώψας,
1079 3355 1192 3411 εἶτα
1241 3358 1304 3411 τὸ
1360 3355 1532 3411 αἴτιον
1581 3360 1678 3412 τοῦ
1733 3359 1977 3434 ταράχου
2009 3339 2052 3406 C

320 3440 531 3512 μαθὼν,
583 3442 892 3519 ἀνατρέχει,
949 3443 1040 3498 καὶ
1105 3449 1186 3517 τῷ
1243 3450 1544 3518 προεστῶτι
1611 3443 1866 3522 ἀγγέλλει
1915 3448 1978 3502 τὸ

315 3529 612 3601 συμπεσόν.
685 3532 791 3587 Καὶ
863 3531 1062 3594 ἐκεῖνος
1135 3533 1412 3596 ἀσπασίως
1491 3533 1762 3590 ἐπιτάσσει
1838 3535 1978 3592 ἀπο-

313 3615 636 3686 τελεσθῆναι
682 3619 747 3674 τὸ
805 3619 997 3694 ἀρέσαν
1052 3624 1120 3695 τῇ
1178 3620 1448 3697 βασιλείᾳ.
1483 3623 1581 3678 Καὶ
1642 3623 1756 3697 ἅμα
1813 3624 1979 3700 λόγος

313 3706 494 3778 οὗτος,
528 3707 642 3780 ἅμα
700 3703 858 3785 ἔργον
920 3708 1116 3765 ἐκεῖνο·
1148 3713 1414 3784 Ἕτοιμος
1475 3709 1636 3787 ἄρτος
1695 3719 1977 3776 παντοῖοςο

312 3794 342 3849 6
400 3791 559 3865 δίκην
619 3797 794 3876 ἀφροῦ
855 3799 942 3854 καὶ
1031 3800 1262 3872 σομφὸς,
1343 3798 1711 3877 ὑπέρλευκος·
1774 3803 1802 3856 6
1865 3822 1963 3876 μετ

310 3881 512 3938 ἐκεῖνον
556 3881 679 3940 οὔτε
726 3890 996 3956 τοιοῦτος,
1053 3885 1200 3944 ἀλλά
1245 3887 1335 3944 καὶ
1386 3889 1598 3954 ναστός.
1631 3891 1694 3945 Ἡ
1752 3891 1978 3946 πολυει-

311 3968 412 4040 δὴς
477 3973 640 4046 μάζα.
701 3975 860 4038 Οἶνος
917 3974 1241 4053 πρόχειρος,
1305 3977 1366 4031 οὐ
1427 3977 1591 4051 μόνον
1648 3980 1676 4033 6
1735 3979 1976 4057 στύφωνν

310 4058 456 4116 ἀλλὰ
503 4065 593 4117 καὶ
654 4064 682 4118 6
728 4062 1038 4140 γλυκάζων.
1099 4066 1162 4120 Ἦ
1221 4071 1710 4142 παραμεμενηκυῖα
1762 4067 1978 4143 ὀπώρα·

308 4149 375 4207 Ἠ
407 4149 589 4224 άλμάς
638 4150 818 4209 ἐλαία.
849 4154 1023 4229 Τυρὸς
1081 4151 1341 4228 δαψιλής.
1379 4156 1588 4231 Ἰχθύες
1637 4156 1974 4233 ταριχευτοί⁶

309 4239 451 4301 τινὶς
502 4236 560 4295 δὲ
616 4242 705 4296 καὶ
761 4241 822 4297 ἐκ
885 4243 1201 4322 προσφάτου
1278 4241 1592 4314 ἁλίπαστοι,
1648 4244 1856 4302 πολλοὶ
1919 4243 1978 4302 δὲ

311 4327 398 4381 καὶ
430 4326 647 4399 ὀξωτοί.
680 4328 795 4388 Οὐκ
836 4328 1083 4386 ἐνέλιπον
1135 4328 1193 4385 δὶ
1252 4328 1377 4386 οὐδὲ
1421 4330 1503 4386 ὠά
1559 4331 1768 4408 ἰχθύων
1823 4355 1975 4390 τετα-

311 4417 630 4492 ριχευμένα·
692 4418 850 4494 γένος
906 4420 1046 4475 αὑτά
1093 4420 1368 4497 ἑκάτερον,
1401 4419 1500 4476 ὅσα
1557 4442 1615 4477 τε
1672 4423 1750 4487 εἰς
1808 4419 1977 4479 δυάδα

307 4503 578 4578 πλακώδη
629 4509 981 4585 παράκεινται
1048 4510 1464 4587 παραυγάζοντα
1521 4510 1598 4574 είς
1650 4512 1973 4588 ὑπέρυθρον,

308 4593 398 4648 καὶ
456 4595 556 4650 ὅσα
607 4594 696 4652 ἐπὶ
745 4597 992 4675 ἀῤῥίχων
1040 4598 1247 4674 μέλανα
1275 4601 1528 4676 κέχυνται
1589 4599 1862 4679 σωρηδόν*
1899 4603 1972 4656 ὧν

2093 2474 2256 2526 tatus
2278 2473 2346 2524 ut
2373 2469 2460 2523 vir
2491 2470 2774 2540 prudens,
2798 2471 2856 2522 et
2878 2466 3110 2521 Petram
3138 2465 3429 2536 extemplo
3461 2465 3749 2537 cogitans,

2096 2559 2240 2614 dicit
2259 2557 2465 2613 exinde
2491 2555 2849 2612 trahendum
2881 2571 3010 2610 esse
3043 2571 3217 2610 omne
3249 2569 3419 2626 opus.
3453 2557 3523 2609 Et
3553 2554 3754 2610 statim

2098 2646 2326 2719 aliquos
2359 2645 2666 2717 delegavit.
2702 2643 2890 2716 Igitur
2921 2642 3125 2698 famuli
3157 2644 3228 2698 ad
3288 2647 3517 2698 Petram
3549 2642 3754 2698 statim

2098 2736 2708 2806 concurrere,januas
2766 2733 3039 2788 ardenter
3095 2731 3458 2805 propulsare,
3511 2735 3576 2787 ut
3622 2733 3752 2802 jam

2099 2843 2214 2882 non
2234 2825 2530 2879 videretur
2549 2823 2858 2878 hominum
2884 2821 3285 2877 modestorum
3309 2820 3757 2893 strepitus.Erat

2099 2915 2272 2987 plane
2301 2913 2805 2970 tumultus.Caute
2835 2911 3109 2982 objurgat
3129 2910 3374 2979 janitor,
3405 2915 3482 2981 et,
3517 2909 3752 2982 cognita

2099 3021 2278 3060 causa
2293 3000 2863 3070 tumultus,recurrit
2882 3016 3012 3055 eam
3031 2999 3297 3070 praefecto
3319 2998 3750 3063 relaturus.Qui

2097 3092 2344 3150 comiter
2357 3091 2528 3163 jubet
2555 3089 2788 3162 impleri
2821 3088 3100 3161 placitum
3129 3088 3378 3161 regium.
3413 3089 3595 3154 Quem
3627 3104 3752 3144 ser-

2098 3197 2332 3238 monem
2364 3181 2605 3236 effectus
2628 3179 2843 3234 iterum
2874 3177 3531 3248 consequitur.Paratur
3577 3176 3750 3249 panis

2099 3270 2290 3328 omnis
2342 3268 2594 3342 generis,
2633 3283 2869 3340 azymus
2901 3271 2958 3322 et
3017 3267 3425 3333 fermentatus,
3477 3266 3748 3324 albedine

2091 3359 2406 3434 egregius;
2440 3357 2541 3429 qui
2591 3362 2793 3429 postea
2834 3356 3150 3428 apponitur
3181 3372 3296 3411 non
3355 3359 3446 3411 est
3503 3355 3742 3424 similis,

2089 3451 2193 3507 sed
2226 3464 2619 3520 compressus.
2652 3445 3005 3501 Multifornis
3037 3443 3326 3518 placenta.
3388 3444 3602 3502 Vinum
3655 3447 3746 3502 est

2090 3541 2161 3595 ad
2195 3555 2458 3607 manum,
2493 3553 2610 3591 non
2645 3536 2817 3591 modo
2851 3551 3000 3604 acre,
3035 3535 3136 3590 sed
3170 3539 3227 3590 et
3273 3533 3464 3591 dulce.
3493 3535 3740 3591 Fructus

2091 3630 2311 3702 Optime
2367 3625 2715 3682 conservati.
2771 3625 2962 3680 Muria
2990 3641 3059 3680 ex
3133 3622 3280 3691 oleo,
3342 3624 3497 3680 casei
3575 3623 3744 3696 varii,

2089 3717 2277 3790 pisces
2303 3715 2424 3772 sole
2455 3713 2698 3784 conditi,
2731 3712 2970 3786 quidam
3004 3711 3526 3783 recentes,lplures
3557 3716 3748 3773 aceto.

2088 3807 2205 3862 Nec
2235 3806 2479 3860 deerant
2509 3820 2615 3859 ova
2640 3803 2894 3874 piscium
2953 3806 3306 3874 congregata
3337 3818 3350 3857 :
3396 3800 3642 3858 totidem
3673 3818 3742 3858 ex

2089 3900 2338 3966 utroque
2366 3908 2577 3965 genere
2607 3895 2733 3947 :tot
2757 3907 2936 3963 super
2966 3892 3114 3945 duos
3142 3889 3370 3946 cotillos
3410 3891 3582 3961 quasi
3639 3908 3743 3946 ru-

2087 3983 2388 4040 bescentia
2415 3986 2833 4053 opponuntur:
2867 3983 2954 4034 tot
2983 3995 3163 4051 super
3215 3978 3508 4036 canistros
3570 3979 3742 4052 nigra

2084 4074 2502 4129 coacervantur
2530 4086 2543 4124 :
2570 4069 2690 4124 haec
2721 4067 2900 4124 allata
2955 4071 3096 4124 sunt
3138 4085 3208 4124 ex
3264 4072 3465 4124 austro
3517 4069 3588 4123 ad
3625 4068 3742 4126 alia

2084 4162 2237 4229 loca,
2266 4165 2324 4216 et
2351 4160 2423 4216 ad
2455 4160 2769 4215 Euximum
2800 4158 3016 4214 Tanais
3043 4156 3394 4214 attulit.Ista
3422 4158 3623 4214 omnia
3656 4157 3738 4215 si-

2089 4249 2213 4306 mul
2245 4247 2486 4304 collecta
2515 4251 2678 4317 sunt,
2710 4251 2766 4302 et
2797 4246 3080 4318 imposita
3137 4244 3316 4301 mulis
3377 4249 3547 4317 atque
3605 4245 3740 4302 aliis

2089 4339 2372 4395 armentis
2404 4337 2657 4392 abducta
2687 4339 2844 4391 sunt.
2907 4333 3134 4399 Quibus
3182 4339 3320 4390 ante
3349 4334 3551 4391 oculos
3582 4334 3739 4407 regis

2087 4427 2388 4500 expositis,
2420 4425 2517 4482 ille
2549 4427 2809 4481 faustum
2841 4429 3138 4495 stuporem
3162 4423 3448 4496 concepit,
3472 4428 3530 4481 et
3559 4424 3742 4481 mira-

2084 4521 2185 4574 tus
2211 4520 2318 4585 est;
2354 4531 2709 4588 omnemque
2739 4518 3088 4587 apparatum
3123 4513 3339 4586 nuptiis
3364 4513 3738 4574 invenerunt.

2086 4606 2306 4663 Exinde
2337 4609 2577 4661 curatus
2607 4609 2697 4661 est
2717 4604 2828 4660 iste
2860 4620 2961 4659 rex
3018 4602 3470 4676 potentissimus
3503 4607 3560 4659 et
3616 4607 3736 4660 Rex

311 4684 562 4777 χορηγὸς
595 4684 806 4777 ἐκτῶν
860 4689 1091 4777 βορείων
1133 4690 1271 4762 πρὸς
1317 4687 1510 4752 ἄλλοις
1558 4691 1752 4755 τόποις
1805 4690 1893 4746 καὶ
1946 4692 1973 4746 6

2092 4712 2290 4768 regum
2310 4697 2459 4750 Deus
2473 4692 2836 4766 gloriﬁcatus
2859 4692 3105 4763 est.Ipse
3122 4697 3368 4749 sanctus
3381 4693 3740 4750 Prodromus

315 4772 392 4836 εἴς
435 4773 528 4829 τὸν
581 4772 829 4847 Εὔξεινον
879 4773 1166 4833 ἐκϐάλλων
1207 4777 1424 4841 Τάναϊς.
1460 4781 1754 4855 Ἤθροιστο
1805 4784 1973 4837 ταῦτα

2092 4784 2412 4842 celebratus
2444 4781 2572 4853 fuit,
2598 4781 2698 4853 qui
2721 4781 2875 4837 sicut
2906 4779 3070 4852 prius
3103 4796 3274 4835 suam
3334 4780 3734 4850 exiguitatem,

316 4861 480 4934 ὁμοῦ·
506 4863 596 4918 καὶ
644 4864 1024 4944 ἀναληφθέντα
1070 4865 1159 4922 ἐπί
1207 4888 1267 4922 τε
1313 4869 1564 4940 ἡμιόνων
1618 4869 1710 4924 καὶ
1767 4868 1972 4925 λοιποῦ

320 4950 704 5028 βαστάγματος
761 4955 1013 5031 ἀπῆχση.
1046 4955 1153 5012 Καὶ
1213 4954 1291 5018 sic
1337 4957 1459 5030 ὅψιν
1492 4957 1720 5014 πεσόντα
1777 4963 1822 5031 ᾦ
1875 4959 1970 5034 βα-

317 5037 486 5113 σιλεῖ,
543 5040 732 5116 ἐκείνῳ
774 5043 869 5118 μὶν
932 5043 1345 5118 ἐνεθησαύρισαν
1407 5046 1588 5119 θαῦμα
1647 5043 1971 5122 εὐλογητὸν,

313 5127 405 5182 καὶ
455 5127 852 5206 ἠγαλλιάσατο·
883 5134 965 5203 τῷ
1008 5127 1066 5186 δὲ
1108 5131 1274 5206 γάμῳ
1322 5129 1672 5208 ἐχορήγησαν
1732 5132 1868 5188 ἅπαν
1911 5134 1974 5188 τὸ

312 5215 625 5292 πρόσφορον
655 5263 670 5276 .
731 5220 1002 5276 Ἐντεῦθεν
1077 5217 1408 5294 ἐθεραπεύθη
1474 5222 1502 5275 6
1583 5221 1745 5298 μέγας
1824 5223 1974 5298 βασι-

314 5303 442 5370 λεὺς
514 5304 738 5378 ἐκεῖνος,
789 5307 879 5364 καὶ
956 5305 1212 5380 ἐδοξάσθη
1283 5309 1312 5364 6
1369 5303 1748 5384 παμϐασιλεὺς
1820 5310 1972 5374 Θεός⁹

314 5392 671 5469 συνεδοξάσθη
721 5397 812 5453 καὶ
881 5399 909 5453 6
957 5396 1257 5474 ἀγιώτατος
1317 5395 1663 5474 Πρόδρομος,
1715 5398 1974 5476 φιλήσας,

2082 4874 2166 4930 sic
2199 4875 2400 4946 postea
2456 4870 2816 4927 Prodromici
2868 4869 3231 4932 monasterii
3307 4869 3735 4925 incrementum

2083 4960 2533 5020 dileverat.Huic
2566 4959 2832 5016 addenda
2863 4962 2988 5014 erat
3017 4959 3178 5030 regia
3207 4959 3734 5030 remuneratio,pro

2083 5050 2386 5124 acquisitis
2412 5049 2666 5106 boniszet
2695 5065 2763 5104 ea
2821 5049 3046 5102 fructus
3100 5052 3224 5102 erat
3297 5046 3732 5118 benevolentiae,

2082 5145 2141 5198 et
2164 5139 2368 5213 judicii
2399 5135 3005 5210 spiritualis,pretium
3057 5152 3160 5207 pro
3208 5135 3383 5192 rebus
3413 5135 3738 5205 exhaustis,

2084 5231 2129 5286 si
2164 5245 2278 5284 non
2314 5228 2382 5282 ad
2410 5224 2931 5298 paupercs,saltcm
2988 5225 3056 5278 ad
3087 5224 3257 5278 aliam
3323 5225 3734 5282 necessitatem

2085 5323 2143 5375 et
2171 5317 2434 5373 divinum
2467 5314 2751 5388 placitum
2781 5313 3096 5385 eroganda.
3137 5313 3340 5369 Vidisti
3360 5330 3499 5387 ergo
3529 5331 3740 5373 novam

2085 5405 2814 5477 acquisitionem,eamque
2861 5400 3019 5458 intra
3065 5403 3516 5476 monasterium,
3551 5405 3742 5478 magis

319 5478 496 5559 ὥσπερ
557 5486 656 5555 τὴν
708 5485 1050 5559 παλαιτάτην
1107 5484 1391 5560 γύμνωσιν
1440 5487 1628 5560 αὐτοῦ,
1687 5487 1829 5544 οὕτω
1885 5489 1977 5544 καὶ

2092 5493 2328 5567 dignam
2360 5492 2660 5550 laudibus.
2719 5487 3161 5562 Acquirendum
3210 5505 3369 5563 ergo,
3411 5495 3470 5548 et
3522 5492 3740 5550 iterum

383 5707 461 5782 (6)
492 5712 724 5770 Manuel
752 5715 1107 5799 Comnenus,
1139 5712 1242 5844 qui
1275 5731 1428 5772 anno
1461 5717 1598 5775 1147
1625 5715 1764 5774 4100
1795 5715 2132 5778 Graecorum
2159 5717 2478 5792 imperium
2511 5716 2791 5788 obtinuit,
2822 5715 2894 5774 ab
2963 5715 3096 5774 aliis
3154 5719 3493 5777 auctoribus
3533 5719 3734 5778 minus

383 5795 492 5840 iam
520 5799 555 5840 a
584 5787 787 5844 nostro
815 5784 1122 5844 Eustathio
1177 5785 1450 5844 sudatur.
2777 5833 2784 5838 .

319 5794 492 5851 quam
520 5799 555 5840 a
584 5787 787 5844 nostro
815 5784 1122 5846 Eustathio
1151 5784 1450 5844 laudatur.
