2030 3175
11 2854 42 2884 ..ὡς

10 2888 29 2911 ζ

125 215 184 247 787

511 216 724 249 EUSTATHII
745 218 1132 251 THESSALONlGENSIS
1155 219 1451 253 METROPOLITIE

1807 42 1823 62 ’ἶ
1849 59 1866 68 ιν

1866 113 1956 140 23-73.

1908 137 1963 155 αἐν

1884 186 1890 196 \
1911 178 1916 181 μ
1950 180 1962 200 ,’

1778 226 1843 258 788
1891 244 1894 247 -
1987 244 1995 256 ς

1760 291 1840 310 γιονσῗῖμ

123 281 349 318 acquirendum,
361 284 390 311 et
405 284 704 319 superacquirendum
724 286 769 312 est
785 285 947 319 manachis,

1013 284 1038 312 τὸ
1068 283 1176 323 ὕστερον
1219 285 1254 313 δι’
1284 287 1365 314 αὺτοῦ
1398 287 1526 323 κτητικὸν
1565 289 1615 321 τῆς
1643 287 1840 327 Προδρομικῆς
1890 275 1894 279 η

124 335 177 363 pro
193 335 274 355 more
288 329 343 356 est.
375 327 465 355 Aliter
480 328 559 356 enim
587 329 693 356 melius
721 331 766 357 est
793 329 853 357 illis
877 330 951 357 fame

125 371 337 400 miserabiliter
364 371 484 400 interire
513 380 600 407 quam
629 373 707 401 bona
733 374 823 401 vetita
852 374 950 409 acqui-

125 423 200 444 rere.

1009 333 1104 365 μονῆς.
1121 330 1320 366 Ἐπηκολούθει
1338 330 1366 359 δὲ
1386 331 1494 364 τούτοις
1519 332 1614 360 αὐτίκα
1636 332 1681 360 καὶ
1708 333 1840 371 βασιλική

1007 373 1187 409 ἀντισήκωσις
1212 374 1247 402 δι’
1271 375 1468 411 ἐκπικτήσεως.
1499 377 1607 414 Καρπὸς
1633 377 1700 414 αὕτη
1731 379 1840 417 εὐγνω-

1008 419 1128 454 μοσύνης
1150 420 1196 447 καὶ
1224 419 1384 458 διακρίσεως
1413 425 1599 458 πνευματικῆς
1615 433 1621 439 ·
1641 422 1736 459 μισθὸς
1764 422 1840 459 ἄξαν-

122 458 258 495 τλήσεως,
276 459 300 487 si
323 461 366 487 καὶ
394 461 431 496 μή
461 461 529 498 πρὸς
558 460 668 497 πάντας,
684 461 748 489 ἀλλ’
774 460 819 489 οὖν
848 462 885 492 εἷς
916 460 974 489 δέον
999 461 1092 494 ἄλλως
1121 464 1165 491 καὶ
1194 467 1252 500 Θεῷ
1281 464 1470 494 εὐαπόδεκτον.
1501 466 1553 494 Καὶ
1581 465 1641 494 ἴδοὺ
1673 458 1839 506 ὗπὲρκτησις

124 504 170 532 καὶ
198 503 265 540 αὕτη
298 505 447 543 μοναχικὴ,
478 504 566 533 πολὺν
597 505 727 537 ἐθέλουσα
755 507 801 534 τὸν
831 505 949 534 ἔπαινον.
976 507 1096 542 Κτητὲον
1126 508 1183 543 οὖν,
1213 510 1258 536 καὶ
1287 509 1457 545 ἐπικτητέον,
1488 511 1533 537 καὶ
1563 503 1746 549 ὑπερκτητέον
1772 503 1838 546 τοὺς

127 549 275 594 μοναχοὺς,
293 549 331 582 ὡς
361 549 420 577 δέον
450 549 532 578 ἐστίν.
549 549 662 583 ’Ἄλλως
687 549 715 578 δὲ
740 550 856 579 κάλλιον
885 551 961 588 λιμῷ
989 552 1077 579 θανεῖν
1106 553 1201 585 αὐτοὺς
1237 553 1370 590 οἴκτιστα,
1399 555 1417 590 ἢ
1450 557 1617 594 περικεῖσθαι
1644 558 1739 593 κτῆσιν
1770 558 1836 587 ἀκα-

125 593 259 622 νόνισ-τον.

159 665 205 699 67,
221 667 291 693 Cum
309 674 475 694 sermonem
492 666 528 694 de
543 667 632 694 rebus
647 675 664 694 a
685 666 838 695 monachis
854 667 952 702 acqui-

124 709 223 738 rendis
240 710 283 738 sic
297 710 515 747 compleverim,
545 711 625 738 istud
653 719 770 746 quoque
785 711 815 739 in
842 719 952 739 memo-

124 753 199 782 riam
226 755 381 790 revocabo,
412 755 490 790 quod
518 755 608 783 vetita
643 755 745 789 habes,
775 764 827 783 nec
856 755 951 783 solum

123 798 226 833 habes,
243 799 294 827 sed
305 799 394 827 etiam
411 802 631 835 perseveranter
660 800 750 828 habes
766 803 793 828 et
818 800 927 828 retines
944 809 950 834 ;

125 850 188 878 quae
217 845 316 871 autem
347 843 460 871 fortiter
489 844 607 879 habere,
637 846 665 871 et
680 844 804 872 firmiter
827 844 952 871 retinere

121 888 228 924 jussus
243 896 274 915 es
290 889 356 923 post
371 888 541 916 mandatum
558 889 684 916 retinere
716 889 841 923 desiisti,
854 889 883 916 in
898 889 952 916 hoc

127 939 246 968 quoque
257 932 428 968 posthabita
456 935 508 960 tua
524 933 730 969 promissione,
759 934 786 960 in
817 935 951 967 tonsura,

127 978 195 1004 ante
208 976 301 1005 Deum
317 976 507 1005 invisibiliter
521 978 754 1006 astantem.Audi
772 978 871 1014 igitur.

165 1167 210 1195 68.
223 1166 348 1195 Necesse
363 1168 417 1201 est,
430 1166 528 1201 homo,
553 1168 582 1194 te
597 1174 712 1194 servare
728 1167 851 1194 fratrum
875 1175 955 1194 amo-

129 1219 202 1247 rem,
219 1218 333 1247 pacem,
350 1210 593 1243 benevolentiam,
612 1210 716 1238 divinas
733 1210 891 1246 Scriptura:
915 1211 954 1238 le-

127 1255 218 1283 ctioni
231 1257 261 1283 et
277 1255 460 1283 meditationi
478 1256 599 1288 instare,
609 1258 637 1283 et
652 1255 709 1282 alia
725 1263 887 1291 agere,quaa
902 1255 955 1283 tibi

127 1299 295 1328 necessario
311 1300 443 1327 facienda
459 1299 559 1327 nullus
571 1300 606 1326 de
621 1300 708 1327 turba
724 1300 860 1335 agnovit:
877 1302 955 1327 Tuus

126 1345 251 1372 fratrum
266 1352 349 1372 amor
360 1344 482 1372 ubinam
500 1344 606 1372 mentis
621 1344 659 1371 sit
669 1344 799 1371 ostende.
810 1343 868 1371 Nos
877 1345 954 1371 enim

127 1389 163 1417 de
178 1389 234 1417 hoc
245 1388 353 1417 conscii
376 1397 433 1416 non
460 1397 575 1416 sumus.
604 1389 788 1424 Quaecunque
816 1389 955 1416 adversus

126 1433 247 1462 fratrem
262 1433 459 1470 concupiscis,
477 1433 550 1469 agis,
568 1441 624 1461 non
642 1433 817 1465 cunctando,
828 1434 878 1460 sed
895 1441 954 1460 uno

127 1478 189 1506 ictu
217 1477 304 1511 oculi,
330 1486 366 1505 ne
394 1478 548 1506 antecedat
589 1477 770 1513 poenitentia,
813 1479 954 1513 tuamque

127 1522 189 1550 vim
203 1525 353 1558 acceptam
369 1522 515 1556 cohibeat,
545 1530 612 1549 cum
654 1521 791 1549 irasceris
815 1522 955 1549 adversus

129 1566 261 1595 fratrem.
277 1569 311 1594 Et
325 1567 445 1594 fratrem
458 1567 523 1595 dico
539 1574 764 1603 quemcumque,
780 1566 810 1593 in
826 1574 955 1594 commu-

128 1611 251 1639 nitatem
278 1613 376 1639 tecum
394 1611 520 1640 feliciter
534 1612 714 1647 ingressum,
730 1619 797 1638 cum
813 1618 880 1638 eum
893 1610 955 1638 sine

127 1655 225 1692 gladio
255 1656 369 1684 invadis
399 1656 542 1685 .Profeotc
571 1656 648 1683 enim
666 1663 723 1682 non
740 1655 857 1682 viveret.
888 1657 953 1682 Tum

126 1698 327 1736 intelligentia
342 1700 442 1728 nescio
458 1700 529 1736 quid
546 1700 690 1727 attribuas
706 1699 798 1732 fratri,
815 1707 882 1726 cum
913 1699 955 1726 sic

127 1743 284 1780 indulgeas
295 1744 438 1772 adversus
463 1753 531 1772 eum
558 1743 781 1779 concupiscibili
797 1746 825 1771 et
852 1743 953 1771 irasci-

127 1787 180 1816 bili
196 1788 353 1825 appetitui,
364 1788 421 1816 nisi
437 1789 510 1816 forte
525 1797 592 1816 cum
609 1796 677 1816 eum
705 1788 857 1824 oppandis.
873 1788 954 1815 Tunc

126 1831 207 1860 enim
221 1834 317 1860 totum
332 1832 526 1866 intellectum,
557 1834 585 1861 id
603 1840 708 1868 nempe
738 1832 815 1868 quod
830 1832 953 1867 judicat,

128 1877 198 1906 huic
212 1880 242 1906 et
256 1878 326 1906 huic
342 1878 396 1906 soli
410 1879 556 1915 impendis
573 1889 579 1913 ;
605 1882 632 1906 te
658 1878 722 1914 ipso
738 1878 811 1905 nihil
833 1878 954 1912 oll‘enso,

128 1922 159 1950 in
174 1922 260 1950 illum
276 1926 370 1951 rotam
387 1926 502 1951 steteris
518 1926 574 1951 tuas
596 1923 704 1951 criticaa
721 1922 817 1950 vertis.
834 1922 887 1955 Qui
904 1931 955 1950 au-

127 1968 189 1995 tem
206 1967 421 1996 fraternitatem
450 1968 507 1996 isto
525 1968 613 1996 modo
638 1967 772 2003 despicit,
809 1968 955 2003 quomodo

127 2019 230 2048 pacem
246 2012 403 2048 perfectam
416 2012 525 2040 habere
541 2012 683 2040 dicendus
700 2011 774 2039 erit?
785 2011 853 2039 ﬁnis
877 2012 955 2039 enim

127 2056 209 2092 pacis
224 2058 269 2084 est
295 2065 380 2084 mens
394 2057 459 2085 sine
487 2057 629 2085 tumultu.
661 2058 695 2084 Et
719 2056 865 2091 quomodo
908 2059 955 2084 tu-

126 2100 255 2129 multum
272 2109 330 2129 non
346 2101 439 2129 habeo
455 2104 494 2137 et,
519 2102 567 2136 qui
598 2102 672 2128 iram
698 2102 726 2128 et
746 2101 954 2136 concupiscen-

124 2144 197 2173 tiam
213 2154 271 2174 non
297 2146 449 2182 repressit,
466 2148 495 2174 et
517 2145 572 2174 iste
600 2146 687 2173 modo
703 2144 834 2172 statuit?
866 2154 955 2173 unam

125 2189 260 2226 quidem,
276 2190 468 2218 suavissimam
485 2190 515 2218 in
533 2190 650 2218 homine
666 2190 807 2223 feram;et
821 2189 955 2226 alteram,

127 2233 240 2262 malum
252 2242 376 2271 serpens
393 2243 400 2269 ;
420 2235 530 2271 quippe
550 2235 615 2263 istis
632 2233 718 2262 malis
733 2233 955 2270 intelligentiam

129 2277 281 2314 applicuit:
294 2279 402 2314 quibus
418 2279 561 2315 repressis
572 2278 758 2307 solummodo
774 2286 875 2314 pacem
891 2279 955 2307 ani-

130 2329 209 2359 mus,
225 2326 253 2351 et
267 2331 319 2359 per
332 2331 401 2351 eum
415 2325 496 2352 totus
510 2323 598 2351 homo
610 2322 763 2351 inveniret.

165 2457 211 2486 69.
227 2458 308 2486 Tunc
323 2458 447 2494 quesita
462 2457 623 2486 mutatione
651 2460 687 2487 de
709 2459 771 2488 loco
787 2461 823 2489 ad
847 2460 956 2495 locum,

130 2510 189 2539 quo
199 2503 282 2540 parvi
298 2505 397 2537 refert,
422 2503 506 2539 quasi
523 2503 558 2531 ad
586 2505 748 2533 curandam
776 2507 955 2542 passionem,

127 2554 231 2583 pacem
246 2548 354 2577 habere
369 2556 483 2582 censes,
499 2548 549 2576 sed
566 2556 596 2576 re
621 2549 686 2585 ipsa
714 2551 876 2579 tumultum
897 2560 957 2579 ma-

124 2591 239 2621 ximum
254 2592 380 2628 invenis,
398 2592 542 2627 siquidem
555 2602 611 2620 non
629 2595 840 2629 permittuntur
868 2604 956 2632 opera

124 2638 247 2665 externa
271 2637 298 2665 ei
322 2637 352 2664 in
366 2637 471 2673 primis
495 2638 576 2665 verbi
602 2637 651 2665 Dei
669 2639 833 2675 meditatio,
857 2639 954 2676 lectio,

124 2683 164 2714 et.
179 2681 264 2718 quasi
280 2682 316 2710 de
326 2681 530 2718 antistropbis,
543 2682 680 2710 relectio:
718 2692 771 2712 nec
795 2685 901 2713 ardens
924 2689 954 2713 et

123 2726 253 2762 practice
267 2727 494 2763 meditatio,qua
508 2726 747 2762 meditatione,ut
763 2728 804 2756 ait
820 2729 908 2757 David
921 2729 953 2765 ¹⁶,

123 2770 289 2800 exardescit
302 2771 392 2808 ignis,
415 2774 444 2800 et
458 2770 578 2800 omissis
603 2770 670 2800 aliis
698 2773 862 2802 commodis
883 2782 955 2810 prm-

168 2881 192 2901 ¹⁴
205 2882 282 2911 Psal.
298 2890 416 2919 xxxvm,
431 2883 458 2911 ί.

1061 669 1089 702 ζ’.
1105 668 1184 696 Οὕτω
1210 668 1238 697 δὲ
1270 672 1439 706 καταστήσας
1468 671 1512 698 καὶ
1549 672 1594 699 τὸν
1623 671 1687 709 περὶ
1714 672 1830 708 κτήσεως

1010 716 1164 750 μοναχικῆς
1186 713 1280 752 λόγον,
1294 720 1339 742 και
1363 715 1397 742 τὰ
1420 715 1504 743 λοιπὰ
1520 714 1557 752 δὲ,
1575 717 1615 747 οἷς
1641 716 1764 752 ἀπετάξω
1780 727 1834 745 xu-

1008 757 1133 794 ρόμενος,
1152 758 1272 794 ἐκθήσω]
1290 760 1351 794 ἥκω
1376 761 1485 787 κάκεῖνο
1515 761 1553 793 εἷς
1575 760 1741 797 ὑπόμνησιν,
1757 761 1805 796 ὡς,
1817 760 1836 788 ἆ

1009 801 1056 837 μὲν
1073 803 1264 841 προσετάχθης
1278 805 1316 840 μὴ
1335 802 1420 842 ἔχειν,
1438 805 1468 832 οὐ
1484 805 1567 842 μόνον
1590 804 1674 844 ἔχεις,
1691 804 1767 833 ἀλλὰ
1793 805 1838 834 καὶ

1007 845 1148 878 ἐπιτείνεις
1170 849 1219 882 τὴν
1247 848 1288 875 ἐπ’
1304 848 1396 881 αὐτοῖς
1410 849 1531 887 ἀντοχήν
1546 851 1590 877 καὶ
1618 849 1683 886 ἕξιν·
1709 849 1780 878 ὅσων
1807 849 1838 878 δὲ

1007 889 1153 926 ἐνετάλθης
1180 892 1317 930 ἐγκρατῶς
1342 893 1426 931 ἔχειν,
1453 895 1497 922 καὶ
1537 895 1616 932 ἀπρὶξ
1646 894 1733 922 αὐτῶν
1773 894 1838 922 ἀιστ-

1007 933 1127 971 ἐχεσθαι,
1145 936 1251 975 ἀφῆκας
1265 937 1424 970 ἀκολούθως
1454 941 1488 975 τῇ
1509 939 1608 976 ἐντολῇ
1624 940 1758 977 κατέχειν·
1780 938 1838 967 οὐδ’

970 989 996 1022 Β
1012 978 1124 1011 ἐνταῦθα
1138 980 1279 1019 φυλάττων
1294 983 1344 1017 τὴν
1359 983 1402 1010 ἐπὶ
1420 986 1485 1010 Θεοῦ
1509 984 1593 1011 αὐτοῦ
1620 984 1744 1021 ἀοράτως
1771 994 1839 1020 παρ·

1013 1024 1101 1060 όντος,
1118 1024 1155 1056 ὡς
1185 1024 1269 1060 οἶδας,
1299 1026 1325 1054 ἐν
1355 1029 1389 1064 τῇ
1415 1030 1500 1065 κουρᾷ
1528 1038 1576 1056 σου
1604 1029 1756 1061 κατάθεσιν.
1787 1028 1838 1056 Καὶ

1011 1068 1099 1097 τοίνυν
1117 1067 1207 1099 ἄκουε,

1049 1143 1096 1175 ζηί.
1116 1139 1233 1179 Ἀνάγκη
1263 1142 1396 1171 ἐπίκειταί
1426 1154 1479 1179 σοι,
1503 1144 1525 1171 ὦ
1554 1144 1644 1179 οὗτος,
1673 1143 1747 1182 ἔχειν
1776 1143 1842 1185 φιλ-

1011 1183 1150 1224 αδελφίαν,
1176 1187 1335 1224 ἡσυχάζειν,
1365 1187 1570 1225 ἐπιεικεύεσθαι,
1604 1188 1722 1225 μελιτης
1758 1183 1842 1226 μετα-

1010 1233 1148 1262 ποιεῖσθαι
1176 1231 1221 1258 καὶ
1251 1232 1428 1269 ἀναγνώσεως
1455 1232 1534 1260 θείων
1560 1232 1673 1270 λογίων,
1698 1234 1744 1262 καὶ
1768 1232 1844 1262 ἄλλα

1011 1274 1148 1311 πράττειν,
1170 1276 1186 1302 ἅ
1214 1286 1255 1306 τις
1281 1278 1334 1303 τῶν
1364 1277 1486 1304 ἁπάντων
1517 1277 1566 1305 οὐκ
1595 1277 1665 1306 οἶδεν
1695 1277 1843 1316 ἐποφείλε-

1011 1319 1071 1345 σθαι
1100 1319 1151 1346 ὑπὸ
1178 1322 1234 1348 σοῦ.
1253 1320 1359 1348 Δείκνυε
1374 1324 1438 1358 γοῦν
1454 1322 1485 1349 τὸ
1501 1321 1682 1361 φιλάδελφον,
1695 1325 1750 1351 τιοῦ
1774 1333 1843 1351 ποτε

1010 1364 1103 1401 ψυχῆς
1131 1364 1204 1401 παρᾶ
1230 1365 1271 1391 σοὶ
1298 1368 1396 1394 κεῖται.
1426 1367 1522 1403 Ἡμεῖς
1547 1367 1600 1405 γὰρ
1641 1367 1672 1395 οὗ
1703 1367 1840 1405 συνῗεμεν.

1010 1409 1079 1436 ’Όσα
1094 1408 1162 1435 κατὰ
1190 1411 1238 1436 τοῦ
1269 1408 1388 1448 ἀδελφοῦ
1417 1410 1607 1447 ἐπιθυμήσεις,
1619 1414 1718 1446 ποιεῖς,
1733 1412 1780 1440 καὶ
1808 1411 1840 1440 οὐ

1011 1452 1156 1489 χρονίζων,
1174 1453 1247 1481 ἀλλὰ
1262 1453 1287 1481 ἐν
1305 1454 1399 1492 ἀκαρεῖ
1425 1455 1537 1493 χρόνου·
1555 1456 1592 1487 ὡς
1620 1455 1662 1490 ἂν,
1680 1467 1769 1494 οιμαι,
1800 1457 1838 1494 μὴ

1010 1497 1054 1523 καὶ
1084 1497 1203 1536 φθάσασα
1234 1499 1363 1534 μετάνοια
1396 1498 1525 1537 δράξητοιί
1552 1510 1600 1527 σου
1625 1504 1676 1535 τῆς
1705 1500 1838 1540 ἰνεργείας

1011 1541 1048 1585 είς
1075 1541 1203 1576 κώλυσιν,
1221 1542 1265 1570 ἐὰν
1295 1544 1425 1580 θυμωθῇς
1455 1544 1523 1571 κατά
1549 1546 1598 1572 τοῦ
1614 1543 1745 1585 ἀδελφοῦ.
1762 1546 1837 1583 Δὲτυ

1011 1584 1040 1612 δὲ
1055 1585 1172 1625 ἀδελφὸν
1186 1587 1272 1614 πάντα
1299 1587 1346 1615 τὸν
1374 1587 1412 1620 εἰς
1439 1589 1583 1616 κοινωνίαν
1613 1590 1662 1624 τὴν
1696 1591 1763 1626 μετά
1786 1590 1831 1617 ἠΰ

1010 1629 1113 1664 ἥκοντα
1141 1630 1289 1669 μακάριον,
1320 1632 1342 1659 εἷ
1369 1630 1462 1671 ἄξιφος
1499 1632 1653 1665 ἐπιπίπτεις
1689 1633 1771 1671 αὐτῷ.
1795 1634 1833 1661 Ἦ

970 1673 991 1707 C
1010 1675 1060 1713 γὰρ
1090 1675 1120 1702 ἂν
1148 1675 1197 1703 οὐκ
1220 1676 1249 1703 ἃν
1273 1675 1335 1703 οὐδὲ
1359 1675 1416 1711 ἔζη.
1434 1678 1491 1705 Τοῦ
1506 1676 1535 1704 δὲ
1550 1677 1575 1705 ἐν
1606 1678 1648 1705 συὶ
1680 1677 1836 1716 λογιστικοῦ

1010 1719 1060 1746 οὐκ
1085 1718 1144 1746 οἴδα
1168 1719 1267 1747 ὁπόσον
1285 1720 1431 1756 ἀπονέμεις
1456 1723 1495 1757 τῷ
1520 1720 1641 1761 ἀδελφῷ,
1659 1721 1732 1750 οὕτω
1757 1731 1839 1761 χαρι-

1011 1764 1122 1800 ζόμενος
1139 1767 1179 1800 τῷ
1194 1765 1251 1792 κατ’
1266 1764 1348 1792 αὐτοῦ
1368 1765 1558 1802 ἐπιθυμητικῷ
1586 1776 1616 1794 τε
1642 1766 1688 1794 καὶ
1718 1767 1838 1804 θυμικῷ,

1011 1808 1032 1835 εἷ
1051 1809 1088 1844 μὴ
1114 1807 1174 1846 ἄρα,
1190 1808 1235 1836 ὅτε
1264 1809 1431 1848 λογιοτεύεις
1458 1809 1548 1839 αὺτὸν.
1564 1811 1634 1840 Τότε
1660 1811 1715 1850 γὰρ
1743 1810 1839 1843 ἄλλως

1009 1853 1040 1880 τὸ
1066 1855 1117 1880 πᾶν
1146 1852 1311 1891 λογιστικον,
1329 1853 1394 1893 ὅπερ
1421 1854 1477 1882 ἐστὶ
1506 1854 1721 1893 λογιστευτικὸν,
1742 1855 1839 1893 ἐκείνῳ

1010 1897 1054 1924 καὶ
1086 1897 1159 1934 μόνῳ
1187 1898 1362 1935 προσνέμεις,
1379 1899 1407 1926 σὶ
1423 1900 1470 1935 μὲν
1493 1900 1574 1928 αὐτὸν
1603 1899 1680 1928 οὐδέν
1703 1911 1729 1928 τι
1759 1899 1840 1939 λογι-

1011 1941 1123 1976 στεύων,
1148 1943 1206 1969 κατ’
1226 1942 1329 1971 ἐκείνου
1362 1942 1391 1971 δὲ
1421 1943 1560 1976 καθέλκων
1591 1947 1758 1983 φαρισαΐκῶς
1786 1945 1838 1980 τὴν

1012 1986 1099 2024 ῥοπὴν
1126 1990 1177 2021 τῆς
1206 1986 1233 2014 ἐν
1248 1988 1291 2015 σοὶ
1310 1991 1436 2026 κριτικῆς
1457 1987 1638 2028 πλάστιγγος.
1654 1990 1685 2018 Ὁ
1714 1988 1743 2017 δὲ
1766 1989 1840 2017 οὕτω

1009 2031 1060 2065 τήν
1099 2029 1272 2070 ἀδελφότητα
1305 2035 1490 2071 παραθεωρῶν
1522 2035 1582 2065 πῶς
1614 2033 1645 2062 ἂν
1678 2033 1839 2072 ὴωχαστής

1011 2074 1145 2110 ὁλοτελής
1161 2075 1309 2113 κληθήσῃ;
1326 2077 1457 2115 Ἡσυχίας
1483 2077 1530 2115 μὲν
1552 2078 1602 2117 γὰρ
1630 2077 1710 2110 τὲλος
1739 2079 1840 2118 ἀταρα-

1011 2120 1155 2158 ξιαιψυχῆς¹
1181 2120 1318 2159 ἀτάραχος
1342 2120 1371 2149 δὲ
1394 2124 1452 2153 πῶς
1475 2121 1506 2150 ἃν
1522 2121 1564 2159 εἴη
1584 2123 1599 2151 ὁ
1615 2123 1700 2160 θυμὸν
1716 2123 1764 2161 μὲν
1793 2122 1841 2152 καὶ

1011 2164 1155 2201 ἰπιθυμίαν
1181 2165 1219 2202 μὴ
1245 2165 1372 2202 πατάξας,
1389 2167 1433 2194 καὶ
1460 2167 1531 2195 οὕτω
1555 2167 1703 2203 τάξαςμῖιν
1729 2167 1761 2196 τὸ
1790 2167 1841 2206 μὶν

1012 2209 1175 2247 θρασύτατον
1204 2209 1229 2237 ἐν
1253 2211 1389 2248 ἀνθρώπῳ
1410 2210 1517 2250 θηρίον,
1531 2211 1563 2240 τὸ
1589 2210 1619 2240 δὲ
1644 2211 1776 2240 ὕπουλον·
1791 2213 1841 2241 τὸν

1011 2253 1144 2292 λογισμὸν
1173 2253 1202 2281 δὲ
1233 2255 1366 2290 ὑποτάξας
1394 2259 1488 2287 κακοῖς
1502 2256 1639 2289 τοιούτοις
1654 2257 1692 2284 ὧν
1717 2267 1842 2285 nauata-

1010 2297 1116 2335 γμὲνιιιν
1145 2298 1261 2336 ἡσυχίαν
1293 2300 1368 2338 εὗρεν
1397 2299 1427 2328 ἂν
1453 2301 1467 2328 ὁ
1496 2303 1568 2336 νοῦς,
1585 2301 1630 2329 καὶ
1657 2300 1693 2329 δι’
1717 2300 1801 2331 αὐτοῦ
1825 2301 1842 2330 ό

970 2353 996 2387 D
1011 2342 1076 2375 ὅλος
1092 2341 1245 2381 ἄνθρωπος.

1047 2416 1093 2451 ξθ’.
1124 2416 1254 2448 Ἐνταῦθα
1296 2415 1325 2444 δε
1368 2415 1520 2453 μεθοδεύων
1561 2416 1633 2446 ἔστιν
1666 2419 1697 2446 οὗ
1723 2419 1842 2455 τοπικὴν

1013 2460 1174 2498 ἐξωτερικῆν
1201 2461 1372 2498 μετάστασιν,
1397 2462 1435 2494 ὡς
1470 2462 1514 2490 ἐπὶ
1556 2462 1685 2502 θεραπείᾳ
1711 2465 1762 2492 τοῦ
1787 2463 1840 2492 πά-

1013 2511 1086 2540 θους,
1102 2505 1224 2543 νομίζεις
1254 2506 1301 2543 μὲν
1315 2506 1474 2544 ἡσυχάζειν·
1491 2505 1564 2545 ἔχεις
1594 2506 1624 2535 δὲ
1651 2506 1704 2546 ἆραι
1717 2508 1781 2537 τότε
1793 2508 1839 2537 τὸν
1868 2528 1875 2535 .

1013 2549 1138 2594 μέγιστον
1170 2551 1303 2590 τάραχον,
1334 2551 1382 2579 οὐκ
1410 2550 1649 2591 ἀφιέμενοςιοῖίτε
1685 2546 1942 2594 πρὸς

1012 2592 1062 2629 ἔξω
1089 2591 1180 2632 ἔργοις
1202 2595 1279 2630 εἶναι,
1301 2594 1336 2623 δι’
1359 2595 1396 2622 ὤν
1426 2594 1602 2624 ἀποσοϐιῖται
1630 2599 1704 2625 πᾶσα

1011 2639 1170 2676 ἐνθύμησις,
1186 2639 1248 2668 οὔτε
1276 2641 1344 2679 πρὸς
1373 2643 1432 2672 τοῖς
1458 2639 1545 2677 ἔνδον,
1562 2641 1599 2669 ὧν
1629 2640 1774 2680 κιφάλαωὺ
1800 2639 1834 2666 τά

1011 2688 1069 2716 θεῖα
1091 2683 1173 2723 λὸγια
1195 2685 1382 2722 μελετώμενα,
1411 2685 1456 2713 καὶ
1486 2686 1557 2714 οὕτω
1581 2685 1774 2725 γινωσκόμενα,
1788 2684 1835 2712 καὶ

1010 2729 1192 2768 ἀντιστρόφως
1221 2727 1249 2756 δέ
1288 2739 1347 2761 πως
1392 2728 1483 2769 φάναι,
1513 2729 1762 2768 ἀναγινωσκόμενα,
1789 2727 1838 2755 καὶ

1010 2772 1080 2801 οὕτω
1103 2772 1280 2811 μελιτώμενα
1305 2772 1469 2813 ἐμπράκτως
1494 2774 1540 2803 καὶ
1569 2773 1728 2813 ἑνθὲρμως’
1743 2774 1778 2809 ἧς
1804 2770 1840 2808 δὴ

1846 3045 1852 3047 Α
1895 3028 1934 3061 ξ’..
1962 3051 1975 3061 Γ
2008 2848 2022 3159 ⁴

1827 3072 1890 3108 .Δ.;ξη
1906 3067 1974 3102 (.2)-
