4060 6356
318 422 438 483 ’189

1335 418 1440 479 DE
1485 415 1976 477 EMENDANDA
2019 414 2206 477 VITA
2249 409 2730 474 MONACHIGA.

3625 393 3746 458 790

315 548 554 627 μελέτης
630 547 721 602 καὶ
778 550 922 622 ξπῦρ,
991 550 1292 609 Δαυϊτικῶς
1349 549 1540 619 εἰπεῖν,
1601 543 1970 618 ὶξανάπτεται,

2088 546 2280 616 claris,
2315 562 2431 600 non
2463 543 2636 600 modo
2666 555 2902 597 omnem
2961 534 3247 592 malitiam
3279 527 3593 594 consumit,
3637 527 3742 582 sed

315 641 489 715 οὗπερ
523 637 588 692 06
625 636 788 710 μόνον
824 631 978 710 ἔργον
1017 633 1151 711 μέγα
1205 636 1268 690 τὸ
1325 641 1704 712 κανεμπιπρᾷν
1767 636 1972 689 ἅπασαν

312 729 502 786 κακίαν
567 723 782 795 ὑλαίαν,
840 723 988 780 ἀλλὰ
1042 725 1131 780 καὶ
1192 727 1445 801 φωτίζειν
1507 725 1712 801 λύχνον
1770 725 1860 779 τὸν
1921 722 1973 778 ἐν

313 822 452 893 ἡμῖν
515 813 605 871 διὰ
659 815 884 891 Κυρίου,
945 814 1002 876 ὃς
1060 815 1282 892 φωτίζει
1343 815 1406 870 06
1442 815 1603 888 μόνον
1636 813 1972 891 προφητικὸν

315 907 546 984 λύχνον,
580 905 728 960 ἀλλὰ
755 903 845 958 καὶ
889 904 1063 958 πάντα
1104 901 1407 980 ἄνθρωπον,
1459 904 1802 960 ἀνατείνοντα
1847 901 1974 964 τοὺς

318 993 638 1076 ὀφθαλμοὺς
669 993 748 1056 εἷς
772 992 954 1048 αὐτόν·
987 998 1081 1048 καῖ
1111 993 1171 1048 06
1209 994 1337 1055 τοὺς
1387 992 1734 1067 σωματικοὺς
1786 992 1972 1066 μόνον,

315 1085 462 1143 ἀλλὰ
489 1085 596 1161 πρὸ
628 1082 802 1138 αὐτῶν
833 1080 962 1144 τοὺς
992 1083 1130 1137 κατὰ
1153 1085 1360 1158 ψυχὴν,
1396 1083 1487 1145 οὸς
1515 1083 1606 1138 καὶ
1635 1081 1839 1160 κυρίως
1871 1077 1974 1135 λύ-

317 1196 486 1252 χνους
514 1179 612 1231 τοῦ
638 1173 892 1246 σώματος
925 1170 1171 1246 θ’ίδαμεν.

384 1266 447 1322 θ’.
482 1262 749 1342 Ἀπόφαθι
778 1263 985 1334 τοίνυν,
1021 1263 1066 1316 ὧ
1099 1260 1544 1337 μεγαλομόναχε,
1590 1259 1680 1316 καὶ
1726 1261 1788 1316 τὸ
1836 1261 1974 1328 ἡσυ-

309 1355 525 1430 χαστὴς
589 1350 860 1428 λέγεσθαι,
930 1347 1034 1412 ἕως
1087 1350 1147 1405 ἂν
1222 1348 1392 1424 ψεύδῃ
1464 1350 1555 1404 τὸν
1613 1346 1972 1425 φιλάδελφον.

309 1443 598 1518 Ἀρπάζεις
648 1440 728 1502 sic
786 1440 1040 1515 ἐμφανὲς,
1100 1438 1321 1514 ἐρίζεις,
1379 1434 1660 1514 ὑϐρίζεις,
1725 1435 1976 1513 βλασφη-

316 1536 460 1606 μεῖς,
491 1530 667 1586 πάντα
719 1534 896 1591 ποιεῖς
955 1529 1022 1582 τὰ
1070 1533 1298 1583 τοιαῦτα
1327 1528 1415 1582 ἐπὶ
1448 1525 1688 1605 ἀδελφῷ.
1727 1529 1850 1590 Πῶς
1875 1525 1971 1579 οὗν

312 1622 404 1676 τὸν
436 1625 689 1675 τοιοῦτον
721 1623 938 1697 φιλεῖς;
971 1623 1094 1680 Πῶς
1140 1615 1198 1672 8%
1247 1617 1550 1689 τολμήσεις
1587 1616 1755 1671 εἰπεῖν
1807 1613 1974 1669 ἐπιει-

317 1709 589 1782 κεύεσθαι,
644 1711 896 1769 τοιοῦτος
947 1703 1060 1776 ὥν;
1140 1705 1434 1763 Ἐπιείκεια
1492 1706 1585 1779 μὲν
1641 1705 1741 1780 γὰρ
1799 1707 1973 1775 παρά-

315 1798 541 1873 θραυσίς
595 1797 735 1852 ἐστιν
770 1794 913 1852 ἰδίου
971 1793 1185 1850 δικαίου
1244 1794 1552 1856 ἐθελούσιος
1612 1793 1696 1849 ἐπὶ
1759 1791 1971 1868 εἷ’ρήνῃ·

314 1888 343 1944 ὃ
371 1885 429 1942 8%
456 1886 548 1943 καὶ
575 1888 644 1941 τὰ
669 1891 779 1942 τῶν
810 1883 996 1940 ἆίλλῶν
1029 1882 1230 1948 ἀδίκως
1263 1882 1684 1959 ἐξιδιαζόμενος,
1732 1882 1832 1937 οὐκ
1859 1877 1973 1958 ἔχω
2004 1911 2052 1976 Β

310 1981 485 2045 νοεῖν,
518 1974 668 2038 ὅπως
700 1974 759 2030 av
793 1972 877 2045 εἴη
911 1973 1172 2045 ἐπιεικής.

389 2086 488 2144 οα’.
545 2084 607 2139 Τί
664 2105 758 2158 μοι
799 2082 976 2139 πλείω
1057 2082 1108 2138 ἰν
1165 2089 1286 2148 τοῖς
1351 2083 1623 2146 τοιούτοις
1668 2076 1969 2158 τρίϐεσθαι,

321 2173 436 2245 ἐξὸν
495 2173 553 2228 ὃν
585 2171 1083 2249 κεφαλαιώσασθαι,
1145 2171 1228 2228 δτι
1284 2169 1424 2246 οὔτε,
1457 2173 1492 2226 ἆ
1519 2171 1745 2237 κατέθου
1774 2175 1971 2243 ποιεῖν,

320 2261 599 2337 πράττεις,
659 2258 782 2318 οὔτε
834 2265 942 2317 τῶν
1002 2261 1402 2339 ἀπηρνημένων
1460 2261 1682 2337 ἀπέχῃ;
1715 2261 1832 2316 ὅθεν
1879 2259 1972 2314 καὶ

323 2351 710 2427 ἀντέστραπται
757 2351 904 2427 παρὰ
962 2353 1046 2406 σοὶ
1105 2353 1166 2406 τὸ
1219 2353 1634 2426 σκοπιμώτατον
1694 2358 1796 2421 τῆς
1851 2370 1976 2405 κου-

321 2445 440 2517 ρᾶς.
501 2445 681 2504 Ποιεῖς
713 2461 770 2496 τε
823 2440 947 2517 γάρ,
1007 2439 1106 2494 ὅσα
1171 2441 1248 2514 μή
1281 2440 1475 2517 ἐχρῆν,
1534 2441 1625 2495 καὶ
1656 2438 1865 2514 ἀπέχῃ,
1897 2436 1970 2492 ὧν

319 2533 423 2587 οὐκ
478 2531 670 2608 ἐχρῆν·
730 2532 820 2587 καὶ
881 2531 996 2586 ἀντὶ
1055 2533 1213 2587 κατὰ.
1246 2537 1406 2606 σῶμα
1437 2533 1525 2587 καὶ
1555 2533 1738 2607 ψυχὴν
1775 2529 1974 2586 διπλοῦ

313 2625 396 2693 τῷ
444 2616 559 2676 ὄντι
594 2621 880 2697 ἀνθρώπου
933 2619 1164 2684 ἀλλοῖος
1219 2617 1530 2685 ἀποϐαίνεις
1588 2618 1838 2682 διπλοῦς·
1872 2617 1976 2694 ἄγ-

314 2708 506 2785 γελος,
564 2713 648 2772 τῖς
711 2709 971 2787 ὑπέσχου·
1008 2707 1291 2787 ἅνθρωπος
1326 2711 1353 2765 ὁ
1381 2713 1590 2785 τυχὼν,
1632 2711 1715 2773 οἷς
1753 2709 1971 2784 ἐργάζῃ·

321 2793 500 2859 ἔνθεος
529 2798 597 2853 τὰ
649 2796 772 2869 ἔξω,
801 2797 863 2852 06
930 2796 1183 2873 φιλόθεος
1212 2798 1281 2853 τὰ
1336 2796 1508 2860 ἐντός·
1572 2793 1696 2851 οὔτε
1734 2797 1864 2858 Θεὸς
1894 2817 1974 2850 τι-

323 2887 548 2960 θέμενος
622 2889 674 2942 ὲν
731 2892 812 2960 τῷ
869 2885 1180 2957 καταλύειν,
1241 2888 1378 2942 ὅπου
1435 2883 1799 2964 ἐφωδιάυθης,
1855 2882 1977 2939 οὔτε

323 2972 553 3050 ἅγγελος
612 2976 924 3052 γινόμενος,
982 2977 1119 3050 πρὸς
1167 2976 1225 3030 ’ὸν
1286 2975 1674 3050 ὲσχημάτισαιο
1711 2971 1834 3028 οὐδὲ
1865 2973 1972 3047 μὴν

323 3063 605 3141 ἅνθρωπος
668 3066 867 3140 μένων,
928 3067 955 3121 ὁ
1014 3067 1151 3143 πρὸς
1185 3065 1464 3137 ἀλήθειαν·
1535 3064 1846 3142 ἐπαγωγὸς,
1893 3067 1977 3129 οἷς

318 3154 633 3231 προφαίνῃ·
695 3153 952 3229 φευκτεός
989 3198 1004 3224 ,
1063 3157 1146 3217 οἷς
1205 3152 1576 3230 ἐνδομυχεῖς·
1637 3151 1844 3229 γλυκὺς
1908 3153 1978 3209 τὰ

318 3241 674 3346 ἐξεπιπολῆς,
727 3240 1006 3346 ἀγλευκής
1057 3242 1124 3298 τὰ
1177 3242 1260 3346 eq"
1289 3243 1452 3346 βάθος
1480 3262 1492 3275 ·
1546 3240 1860 3346 κάλλιστος,
1897 3241 1972 3304 εἷς
2002 3280 2046 3346 C

317 3331 634 3408 πρόσωπον,
697 3329 760 3387 οὗ
825 3333 1154 3387 καθικνεῖται
1232 3326 1357 3406 ὅψις
1425 3331 1736 3406 ἀνθρώπου·
1796 3327 1978 3406 αἴσχι-

320 3440 442 3483 στος
497 3423 596 3492 τήν
652 3417 900 3496 καρδίαν,
963 3420 1040 3484 εἷς
1095 3423 1159 3491 ἣν
1191 3415 1509 3494 ἰμϐαθύνων
1539 3417 1729 3496 βλέπει
1761 3422 1790 3476 ὁ
1821 3419 1974 3486 Θεός,

321 3507 577 3583 λαμπρὸς
629 3510 693 3564 τὸ
748 3509 1005 3583 κονίαμα,
1063 3510 1267 3584 σαπρὸς
1325 3511 1392 3564 τά
1448 3508 1617 3571 ἐντός.
1675 3511 1836 3566 Ὅθεν
1878 3507 1977 3563 οὐκ

321 3595 461 3668 οῖδα,
522 3597 572 3652 εἴ
632 3598 708 3672 μὴ
737 3597 832 3661 τὰς
885 3597 1084 3674 τρίχας
1144 3597 1203 3653 ἐκ
1225 3605 1325 3669 τῆς
1379 3599 1625 3674 κεφαλῆς
1673 3619 1769 3653 σου
1824 3596 1974 3653 ἀπώ-

317 3684 500 3829 ἒεσας·
535 3687 609 3742 ὧν
657 3684 781 3742 οὐδὲ
827 3690 959 3763 γοῦν
1014 3687 1139 3761 μία)
1193 3684 1500 3742 ἀπόλλυσιν
1530 3688 1558 3741 ὁ
1607 3691 1715 3757 ζῶν
1747 3687 1976 3764 εὐαγγε-

366 3795 520 3829 ικως.

366 3795 520 3837 ικως.

391 3876 492 3940 οϐ’.
523 3881 647 3937 Ἐπὶ
672 3881 888 3946 τούτοις
935 3881 1046 3960 ἐγὼ
1097 3883 1500 3958 ἐκπλήττομαι,
1549 3883 1973 3956 ἐνθυμούμενος,

320 3972 410 4026 οἷα
467 3972 560 4047 μὲν
607 3972 716 4048 πρὸ
762 3977 868 4029 τῶν
920 3971 1131 4029 ἀδύτων
1176 3977 1272 4028 τοῦ
1330 3974 1608 4037 θειοτάτου
1638 3977 1767 4028 ναοῦ
1815 3971 1974 4043 ἆστῶ,

317 4081 404 4123 τις
452 4061 959 4138 ἀνθομολογοῦνται
1017 4063 1070 4117 οἱ
1126 4062 1264 4118 κατὰ
1311 4063 1368 4116 σὶ
1395 4063 1486 4116 τὸν
1519 4061 1723 4135 κόσμον
1783 4061 1976 4116 λιπόν-

317 4170 424 4218 τες,
475 4149 566 4205 καὶ
625 4153 716 4206 οἷα
789 4151 881 4206 καὶ
956 4152 1054 4206 ὃσα
1126 4152 1607 4226 μυστηριάζονται·
1683 4148 1853 4220 ἡλίκα
1919 4146 1976 4205 8%

319 4235 721 4312 πλημμελοῦσι
784 4240 919 4313 μετὰ
941 4239 1040 4308 τὴν
1072 4242 1168 4293 τοῦ
1231 4237 1537 4314 μυστηρίου
1567 4234 1816 4308 τελετήν.
1847 4240 1974 4295 Ἐκ-

322 4323 536 4382 δύονται
572 4327 666 4401 μὲν
701 4327 805 4405 γὰρ
834 4329 928 4384 τὸν
965 4327 1198 4384 παλαιὸν
1249 4324 1560 4402 ἄνθρωπον,
1615 4328 1714 4396 τήν
1770 4326 1971 4402 ἀρχὴν,

319 4419 404 4481 οἷς
457 4415 785 4474 ἀποδύονται
841 4417 909 4474 τὰ
952 4419 1091 4474 κατὰ
1143 4416 1348 4492 κόσμον
1427 4413 1641 4494 ἅμφια·
1708 4415 1796 4471 καὶ
1871 4417 1971 4485 τὴν

319 4504 581 4578 λειότητα
645 4507 1139 4584 καταρριπτοῦντες
1199 4500 1677 4580 ἀναλαμϐάνονται
1711 4505 1870 4582 ῥάκη,
1905 4502 1975 4560 δι’

321 4596 395 4649 ῶν
450 4599 611 4669 σῶμα
639 4595 988 4653 κολακεύεται
1017 4598 1429 4672 καταψώμενον,
1463 4596 1536 4658 είς
1567 4596 1801 4674 τρυφὴν,
1845 4593 1976 4650 ἀλλ’

321 4680 446 4739 068%
505 4655 658 4740 liveat
685 4685 1080 4763 περικείμενοι,
1136 4655 1456 4761 τραχύτητα
1495 4655 1553 4740 8%
1603 4655 1801 4754 αὐτην,
1830 4682 1970 4740 ἐκεί·
2001 4655 2049 4720 D

318 4795 440 4846 νην,
501 4774 576 4837 ὡς
618 4773 679 4830 ἂν
731 4771 875 4831 εἷίποι
903 4796 1007 4846 τις,
1037 4777 1138 4846 τὴν
1166 4772 1256 4830 διὰ
1283 4779 1514 4851 τριχῶν,
1565 4777 1650 4836 αἷς
1679 4774 1970 4847 ἐπώνυμος

319 4863 348 4916 ὁ
385 4863 554 4938 μέγας
610 4868 892 4940 Τριχινᾶς·
950 4865 1022 4918 ὧν
1080 4864 1143 4918 τὸ
1198 4860 1444 4936 κέντημα
1501 4861 1628 4916 ὡσεὶ
1659 4862 1973 4917 καὶκυνόσ-

319 4945 475 5007 ϐατοι
527 4954 616 5007 καὶ
674 4954 863 5008 κάκτοι
913 4953 1001 5007 καὶ
1050 4951 1269 5028 ρἀνοι·
1318 4951 1408 5005 καὶ
1463 4950 1542 5027 ἐφ’
1591 4951 1798 5022 ἑκάστῳ
1856 4950 1972 5004 ἐπι-

321 5042 386 5111 θή
399 5061 525 5114 ματι
586 5039 816 5112 ἐπαοιδὴ
849 5042 1190 5115 πνευματικὴ
1219 5037 1527 5096 ἐκλαλεῖται
1572 5038 1720 5115 λόγῳ
1748 5037 1970 5108 τελετῆς

319 5129 397 5192 εἷς
477 5128 731 5207 εὐλογίαν
784 5135 881 5187 τοῦ
937 5126 1276 5202 ἐνδύματος,
1347 5128 1797 5207 ἐπιφωνουμὲνης
1869 5133 1969 5198 τῆς

318 5220 473 5298 ἁγίας
530 5221 782 5297 Τριάδος.
841 5222 921 5280 Τὸ
983 5221 1078 5294 μὲν
1137 5220 1240 5297 γὰρ
1299 5220 1471 5296 χιτὼν
1507 5217 1852 5286 δικαιοσύνης
1881 5219 1970 5272 καὶ

317 5307 698 5385 ἀγαλλιάσεως
753 5309 1077 5372 τελεστικῶς
1143 5310 1489 5382 ὀνομάζεται,
1547 5331 1604 5365 τν
1639 5307 1696 5364 8%
1748 5307 1969 5369 ἀκακίας

317 5395 613 5474 περιϐολὴ,
672 5405 734 5457 τῦ
792 5398 850 5456 8%
900 5396 1292 5478 περικεφαλαία
1349 5396 1594 5467 ἐκπίδος,
1625 5404 1724 5468 τῆς
1755 5397 1831 5460 εἲς
1864 5417 1970 5451 σω-

315 5489 530 5564 τηρίαν·
590 5491 680 5546 καὶ
739 5488 879 5547 ἄλλο
933 5489 1077 5559 ζώνη
1140 5487 1515 5564 σωφροσύνης,
1548 5487 1638 5542 καὶ
1670 5484 1968 5559 δυνάμεως,

316 5576 409 5631 καὶ
456 5577 718 5650 ἀληθείας
753 5599 766 5612 ο
821 5577 911 5635 καί
963 5598 1016 5632 τι
1073 5573 1259 5652 ἕτερον
1317 5575 1635 5650 ἓτοιμασίας
1691 5571 1970 5650 εἶρηναίας

321 5661 628 5740 σύμϐολον.
689 5672 870 5726 Ἔστιν
925 5666 977 5724 ἐν
1035 5667 1222 5728 αὐτοῖς
1278 5665 1367 5721 καὶ
1427 5670 1656 5740 σημεῖον
1715 5667 1968 5739 σταυροῦ.

322 5755 615 5835 Μυστήρια
665 5763 834 5817 ταῦτα
882 5756 1076 5833 πάντα,
1110 5754 1381 5834 στόματος
1429 5753 1730 5833 ἀγγελικοῦ
1780 5751 1971 5829 δεόμε-

2087 641 2145 691 et
2174 635 2473 690 lucernam
2497 650 2600 705 per
2623 630 2939 687 Dominum
2968 623 3255 691 accendit,
3289 620 3390 692 qui
3444 615 3762 672 illuminat‘

2086 728 2294 797 praeter
2321 704 2617 778 lucernam
2658 718 2973 792 prophetae,
3031 719 3088 771 et
3143 725 3376 768 omnem
3416 704 3738 770 hominem,

2086 793 2448 870 attollentem
2480 812 2551 866 ad
2583 827 2647 866 se
2676 807 3024 874 oculos,non
3057 795 3519 874 corporales,sed
3548 793 3740 866 magis

2087 902 2442 975 spirituales,
2475 915 2624 972 quos
2670 894 2902 970 proprie
2952 892 3256 950 lucernam
3288 883 3549 958 corporis
3607 898 3740 939 esse

2085 991 2374 1048 novimus.

2153 1263 2245 1317 70.
2277 1259 2405 1316 Noli
2433 1258 2635 1332 igitur,
2687 1274 2719 1312 ο
2775 1270 2985 1328 magne
3041 1249 3348 1318 monacho,
3399 1244 3514 1302 dici
3568 1241 3735 1332 paci-

2085 1351 2420 1420 ﬁcus,dum
2467 1331 2742 1403 i‘rustaris
2797 1345 3041 1400 fratrum
3067 1355 3345 1397 amorem.
3425 1331 3734 1391 Manilesto

2084 1441 2241 1496 enim
2274 1439 2562 1510 disputas,
2597 1434 2922 1501 contendis,
2954 1429 3317 1496 conviciaris,
3337 1422 3733 1495 blasphemas,

2085 1534 2143 1585 et
2164 1529 2361 1584 omnia
2390 1527 2519 1583 istis
2541 1525 2760 1581 similia
2788 1527 2992 1578 contra
3013 1522 3250 1576 fratrem
3275 1517 3564 1588 agis;eum
3597 1525 3732 1581 ergo

2086 1618 2377 1691 quomodo
2400 1616 2600 1688 diligis
2633 1613 2834 1671 PTalis
2881 1627 3014 1666 cum
3066 1609 3172 1674 sis,
3231 1622 3349 1678 qua
3407 1603 3606 1691 fronte
3628 1615 3731 1654 au-

2084 1687 2249 1763 dehis
2280 1705 2394 1762 dici
2422 1687 2769 1761 benevolus?
2792 1703 2892 1757 Est
2911 1699 3063 1755 enim
3093 1691 3495 1751 benevolentia
3520 1687 3733 1744 volun-

2083 1795 2216 1851 tarii
2241 1795 2395 1868 juris
2418 1794 2634 1868 pr0prii
2659 1791 2844 1848 cessio
2869 1790 2940 1846 ob
2959 1789 3183 1844 bonum
3207 1779 3498 1856 pacis;qui
3531 1779 3730 1832 autem

2083 1863 2600 1940 bonavcaater—oru—m
2636 1881 2785 1953 rapit
2810 1880 3049 1950 injuste,
3078 1872 3371 1947 quomodo
3414 1863 3733 1925 benevolus

2081 1988 2209 2029 esse
2232 1973 2438 2046 possit,
2463 1970 2788 2042 intelligere
2820 1983 3067 2040 nequeo.

2150 2081 2239 2135 71.
2273 2081 2420 2144 Quid
2469 2083 2659 2135 autem
2712 2077 2773 2131 in
2825 2074 2920 2130 his
2976 2070 3234 2143 amplius
3292 2079 3511 2130 verser,
3589 2075 3726 2116 cum

2081 2168 2218 2226 licet
2245 2169 2438 2225 dicere
2467 2165 2812 2225 summatim
2843 2168 2899 2219 te
2932 2179 3048 2218 non
3079 2174 3248 2233 agere
3274 2173 3402 2229 quas
3441 2149 3728 2226 promise-

2081 2276 2200 2330 ras,
2233 2259 2305 2316 ab
2336 2259 2421 2315 eis
2448 2259 2664 2331 quibus
2692 2253 3130 2311 renuntiaveras
3161 2266 3277 2305 non
3309 2237 3627 2304 abstinere?
3642 2242 3732 2294 Ita

2082 2349 2353 2406 inversus
2405 2353 2497 2404 est
2543 2347 2678 2402 finis
2734 2349 3008 2401 tonsuras.
3063 2340 3205 2412 Agis
3263 2336 3422 2394 enim
3453 2349 3584 2405 quae
3612 2345 3730 2386 non

2084 2439 2426 2511 oportebat;
2458 2454 2584 2508 quae
2617 2452 2731 2491 non
2765 2426 3462 2505 oportebat,omittis:pro
3492 2418 3736 2511 homine

2084 2507 2338 2599 duplicis
2369 2507 2740 2592 substantiae,
2801 2519 3064 2594 corporis
3123 2521 3178 2574 et
3213 2515 3423 2573 animis
3458 2511 3542 2581 ,ﬂt
3571 2507 3738 2566 aliter

2086 2615 2578 2690 duplex,angelus
2607 2632 2677 2671 ex
2706 2609 3089 2685 promissis,et
3118 2607 3296 2663 homo
3327 2621 3398 2661 ex
3427 2599 3732 2690 operibus;

2085 2689 2318 2762 divinus
2348 2710 2531 2776 extra,
2557 2705 2712 2759 intra
2743 2703 2857 2757 Deo
2879 2697 3118 2756 odibilis
3153 2714 3166 2764 ;
3195 2711 3296 2751 nec
3335 2693 3491 2748 Deus
3523 2689 3734 2752 factus,

2085 2813 2219 2851 cum
2240 2796 2352 2850 iter
2381 2795 2679 2865 inceptum
2694 2789 3198 2860 relinquis,neque
3212 2781 3456 2856 angelus
3471 2779 3542 2835 ad
3558 2794 3634 2850 qu
3644 2790 3736 2831 em

2085 2883 2378 2954 formaris,
2405 2897 2595 2954 neque
2618 2885 2815 2936 tamen
2846 2877 3023 2933 homo
3055 2875 3126 2930 ad
3182 2872 3488 2930 veritatem
3544 2881 3735 2922 rema-

2084 2988 2230 3027 nens
2265 2991 2278 3041 ;
2309 2971 2384 3025 iis
2410 2953 2514 3043 qui
2541 2968 2749 3024 faciem
2781 2967 3109 3032 intuentur,
3144 2959 3475 3029 adeundus,
3536 2959 3593 3010 et
3652 2953 3737 3008 fu-

2085 3061 2385 3134 gientibus
2437 3058 2499 3113 in
2553 3055 2979 3121 interioribus;
3040 3051 3236 3108 suavis
3294 3049 3368 3105 ad
3418 3044 3646 3110 faciem,
3679 3044 3739 3097 et

2085 3167 2322 3206 amarus
2379 3149 2440 3204 in
2497 3146 2655 3202 imol
2711 3143 3144 3217 pulcherrimus
3200 3139 3368 3208 facie,
3417 3135 3515 3191 ubi
3576 3130 3735 3189 sistit

2083 3239 2290 3296 oculus
2321 3237 2716 3306 hominum,et
2746 3234 2918 3289 corde
2946 3224 3462 3304 turpissimus,ubi
3498 3220 3741 3296 inspicit

2084 3331 2378 3386 scrutator
2407 3326 2600 3393 Deus;
2626 3322 2972 3397 splendidus
3010 3319 3376 3384 indumento,
3406 3317 3464 3370 et
3519 3311 3743 3367 intrin-

2086 3433 2256 3475 secus
2288 3419 2623 3488 corruptus.
2687 3414 2890 3484 Itaque
2921 3409 3119 3466 nescio
3153 3423 3348 3464 annon
3379 3401 3623 3476 capillos
3643 3415 3740 3456 ca-

2085 3508 2225 3581 pitis
2251 3507 2338 3562 tui
2371 3503 2980 3578 perdideris,quorum
3013 3514 3085 3555 ne
3117 3513 3302 3554 unum
3336 3491 3575 3567 quidem
3607 3505 3738 3562 pcr-

2087 3595 2174 3654 dit
2198 3595 2300 3669 qui
2330 3595 2474 3652 vivit
2501 3591 2856 3666 evangelice.

2154 3883 2246 3937 72.
2277 3885 2464 3952 Super
2491 3878 2613 3934 haec
2643 3877 2847 3945 miror,
2879 3892 3014 3932 cum
3063 3872 3254 3945 cogito
3285 3886 3412 3944 qum
3463 3868 3536 3926 ad
3593 3867 3738 3939 ady-

2084 3976 2215 4028 tum
2244 3967 2448 4042 templi
2480 3967 2668 4024 sancti
2701 3965 2972 4022 homines
3031 3964 3102 4018 de
3159 3961 3380 4017 mundo
3437 3964 3735 4027 exeuntes,

2085 4061 2239 4117 sicut
2266 4062 2354 4126 tu,
2386 4056 2788 4129 promiserint,
2814 4053 3029 4126 quibus
3053 4055 3110 4106 et
3139 4048 3375 4122 quantis
3396 4046 3609 4103 ritibus
3635 4069 3652 4114 ;
3682 4046 3741 4100 et

2083 4148 2283 4221 qualia
2337 4145 2674 4218 compleant
2732 4147 2866 4215 post
2941 4141 3262 4213 perfectam
3321 4135 3736 4192 initiationem.

2083 4240 2321 4295 Exuunt
2349 4235 2508 4292 enim
2564 4238 2817 4290 veterem
2873 4230 3196 4298 hominem,
3255 4232 3313 4282 et
3364 4226 3737 4297 potestatem,

2085 4326 2322 4400 quando
2353 4327 2546 4380 vestes
2578 4323 2912 4378 mundanas
2972 4319 3320 4388 deponunt;
3378 4317 3436 4370 et
3492 4309 3740 4383 abjsctis

2083 4414 2410 4489 splendidis
2427 4409 3062 4481 vestimentis,detritos
3081 4403 3428 4479 panniculos
3445 4400 3742 4472 accipiunt

2085 4505 2306 4578 quibus
2335 4504 2678 4576 promptum
2712 4501 2784 4556 ad
2814 4497 3152 4570 cupidinem
3176 4510 3390 4566 corpus
3437 4490 3736 4564 placatur;

2085 4595 2168 4652 eis
2200 4593 2644 4651 circumdantur
2672 4607 2784 4646 non
2815 4591 3005 4645 vestes
3034 4586 3222 4656 linem,
3247 4584 3348 4640 sed
3396 4581 3522 4639 ista:
3573 4595 3739 4652 aspe-

2081 4701 2180 4755 rae,
2211 4688 2288 4752 et,
2340 4683 2493 4738 dicet
2575 4679 2814 4751 aliquis,
2863 4694 2934 4733 ex
2989 4674 3239 4747 capillis,
3318 4672 3475 4728 unde
3522 4667 3738 4725 dicitur

2080 4763 2366 4846 magnum
2387 4770 2668 4838 cilicium,
2701 4773 2758 4824 et
2813 4782 3065 4840 quorum
3143 4761 3328 4819 aculei
3392 4760 3734 4833 cynosbato,

2079 4860 2314 4919 tribulis
2337 4865 2393 4916 et
2413 4859 2679 4915 rhamnis
2728 4856 2954 4912 similes
3004 4857 3186 4920 sunt;
3237 4855 3295 4906 et
3351 4861 3739 4921 quaecumque

2079 4948 2716 5024 imponitur,repetitur
2739 4947 2999 5018 hymnus
3025 4939 3350 5012 spiritualis
3367 4940 3536 5010 juxta
3556 4935 3738 4990 ritum

2079 5038 2434 5096 initiationis
2454 5038 2528 5093 ad
2559 5034 3024 5093 benedictionem
3057 5027 3411 5096 vestimenti,
3472 5026 3741 5080 invocata

2081 5133 2287 5187 sancta
2331 5127 2637 5183 Trinitatc.
2700 5124 2894 5180 Unum
2951 5120 3106 5176 enim
3142 5119 3201 5174 in
3253 5116 3437 5173 sacris
3495 5116 3742 5170 vocatur

2080 5220 2546 5290 tunicajustitice
2574 5221 2630 5273 ct
2686 5211 3096 5270 exsultationis
3133 5228 3145 5278 ;
3184 5211 3437 5264 alterum
3495 5203 3741 5277 pallium

2081 5307 2480 5381 simplicitatis
2515 5331 2529 5375 ;
2561 5311 2618 5362 et
2648 5303 2889 5360 tertium
2944 5301 3111 5373 galea
3141 5297 3265 5370 spei
3310 5297 3381 5353 ad
3443 5293 3697 5351 salutem
3725 5310 3739 5361 ;

2083 5398 2243 5456 aliud
2273 5397 2578 5470 cingulum
2601 5390 3020 5464 temperantiae,
3046 5398 3100 5444 et
3125 5384 3509 5455 fortitudinis,
3567 5386 3622 5439 et
3651 5397 3745 5438 ve-

2083 5486 2315 5553 ritatis;
2348 5491 2406 5543 et
2435 5485 2733 5559 quoddam
2765 5480 2924 5537 aliud
2957 5476 3291 5550 symbolum
3323 5473 3576 5547 pacifica:
3651 5471 3741 5527 in-

2083 5575 2253 5632 dolis.
2289 5577 2440 5632 Inter
2469 5576 2591 5631 haec
2621 5576 2710 5630 est
2751 5569 2928 5626 etiam
2961 5567 3202 5640 signum
3227 5564 3580 5630 crucis.Quae
3612 5578 3739 5618 om-

2083 5663 2182 5721 nia
2213 5665 2584 5738 mysteria,ut
2599 5659 3086 5734 explicentur,ore
3099 5654 3362 5728 angelico
3378 5653 3730 5726 indigerent.

2079 5754 2151 5811 Et
2177 5757 2318 5812 tunc
2348 5751 2637 5828 porrectio
2653 5739 3734 5818 librisanctorumevangeliorumipsa
