4060 6366
298 456 416 518 793

1303 458 1407 518 DE
1453 457 1950 520 EMENDANDA
1998 459 2188 521 VITA
2224 456 2714 519 MONACHICA.

3599 455 3719 516 794

297 583 547 649 ϐιώσεως
601 588 671 642 τὰ
725 586 874 643 κάτω
931 586 1292 651 ἐκλείποντες.
1364 590 1838 663 Προσανάπτονται
1898 586 1956 643 δὲ

2070 607 2134 646 eo
2165 591 2320 662 quod
2352 591 2424 646 de
2453 589 2712 646 tenebris
2744 586 3127 644 saecularibus
3157 584 3491 658 egrediatur
3519 587 3591 642 ad
3622 585 3720 641 lu-

297 677 387 733 καὶ
420 681 576 752 φῶτα
633 679 830 750 πυκτὰ,
889 679 964 741 ὡς
1020 678 1124 733 ἀπὸ
1189 679 1450 753 βιωτικοῦ
1481 678 1780 740 σκότουείς
1842 683 1956 756 φῶς

299 766 518 837 ἐξιόντι,
550 765 802 843 ἀγγέλοις
830 787 890 822 τε
919 765 1123 843 πρέπον
1154 767 1245 822 καὶ
1274 767 1607 844 ἀνθρώποις,
1659 767 1958 845 ἀηελικῶς

299 855 700 932 προελομένοις
738 857 916 931 βιοῦν.

374 964 484 1027 πς’.
525 963 623 1018 Καὶ
678 962 908 1033 τοιαύτη
967 962 1085 1036 μὲν,
1145 965 1276 1039 ὅπερ
1335 963 1556 1042 ἔφαμεν,
1614 967 1649 1035 ἡ
1706 967 1954 1040 καταρχή

302 1057 404 1122 τῆς
462 1052 706 1126 μεγάλης
763 1056 964 1126 κουρᾶς
996 1095 1011 1120 ,
1071 1052 1145 1114 ὡς
1197 1054 1640 1130 εὐπεριγράπτως
1690 1053 1956 1118 ἐκθέσθαι.

303 1139 462 1199 Ἀλλ’
514 1139 603 1196 ὅτε
657 1141 844 1216 καιρὸς
901 1139 1194 1216 παρέλθοι,
1229 1138 1427 1197 ὁπόσον
1458 1141 1701 1204 ἑκάστοις
1745 1143 1798 1196 αἱ
1829 1163 1960 1214 προ-

302 1230 534 1304 αιρέσεις
587 1231 939 1304 μετρήσουσι,
984 1228 1076 1284 καὶ
1126 1231 1153 1285 ὁ
1198 1228 1392 1304 δαίμον
1450 1231 1689 1302 ἀθλητὰς
1732 1230 1958 1295 τούτους

301 1315 434 1373 ἰδὼν
494 1319 614 1373 κατ’
670 1318 836 1374 αὐτοῦ
896 1315 1342 1393 ἂποδυσαμένους
1402 1319 1758 1394 άντεπεξέλθῃ
1791 1363 1806 1387 ,
1882 1321 1958 1382 ὡς

298 1405 505 1470 ἐκεῖνος
562 1404 675 1462 οἶδε
725 1408 1041 1483 τεχνᾶσθαι,
1099 1408 1191 1464 καὶ
1247 1403 1570 1484 προσϐαλεῖ,
1629 1410 1717 1464 καὶ
1769 1413 1960 1485 πρῶτα

304 1495 399 1570 μὶν
457 1490 902 1571 ἀκροϐολίσεται,
961 1492 1143 1574 ὥσπερ
1212 1496 1418 1553 ἐκείνου
1472 1498 1698 1574 τρόπος,
1775 1497 1811 1567 ἢ
1868 1497 1959 1552 καὶ

303 1582 478 1659 λόχον
528 1581 862 1656 μεθοδεύσει,
918 1580 1103 1640 ἔπειτα
1158 1585 1248 1640 καὶ
1308 1588 1536 1665 φανερὰν
1601 1587 1788 1662 μάχην
1833 1586 1958 1662 συρ-

306 1672 480 1748 ῥήξει,
535 1670 626 1727 καί
677 1672 1086 1750 ἀντιπρόσωπον
1146 1673 1595 1748 ἀναιδευσάμενος
1643 1677 1741 1745 τὴν
1786 1674 1960 1751 παρά-

303 1759 471 1830 ταξιν·
505 1759 626 1816 τότε
657 1758 714 1816 δὲ
743 1757 882 1816 ἔστιν
911 1760 1043 1817 ἰδεῖν
1074 1763 1184 1836 (καί
1213 1785 1277 1838 γε
1310 1764 1585 1839 βλέπομεν
1618 1765 1670 1818 οἱ
1702 1765 1961 1826 συνιέντες

307 1849 586 1926 ἐμφανῶς)
641 1847 901 1928 διαφορὰν
958 1855 1065 1906 τῶν
1103 1857 1421 1928 μοναχικῶς
1450 1858 1530 1926 τῷ
1559 1858 1674 1926 Θεῷ
1708 1851 1959 1928 στρατεύ-

2068 695 2202 734 men
2235 695 2561 751 congruum
2615 677 2839 750 angelis
2882 680 2939 731 et
2987 675 3349 744 hominibus,
3398 675 3498 746 qui
3526 673 3718 730 vivere

2067 771 2132 823 ut
2160 767 2353 839 angeli
2387 767 2702 839 elegerunt.

2136 964 2224 1019 76.
2257 961 2392 1018 Tale
2421 968 2528 1034 est,
2553 968 2617 1018 ut
2638 962 2916 1031 diximus,
2945 976 3171 1033 magnae
3205 963 3458 1014 tonsuras
3490 958 3716 1014 initium

2069 1053 2224 1124 quod
2257 1053 2399 1108 satis
2434 1053 2655 1124 prolixe
2686 1050 3085 1124 exposuimus.
3117 1045 3256 1103 Cum
3303 1063 3438 1103 vero
3488 1052 3716 1120 tempus

2066 1141 2375 1207 efﬂuxerit,
2428 1146 2716 1214 quantum
2784 1139 3103 1211 unicuique
3152 1138 3272 1193 fata
3319 1136 3617 1203 tribuent;
3664 1141 3722 1192 et

2066 1247 2200 1286 cum
2233 1231 2502 1287 diabolus
2527 1230 2658 1286 illos
2689 1229 2938 1285 athletas
2967 1232 3174 1283 contra
3202 1242 3265 1283 se
3305 1224 3606 1296 expeditos
3629 1225 3719 1280 in-

2065 1321 2254 1376 tuitus
2276 1320 2668 1393 aggredietur,
2695 1325 2757 1374 ut
2776 1320 2901 1390 ipse
2923 1319 3082 1374 novit
3105 1313 3717 1384 machinari,primum

2066 1409 2260 1481 iacula
2290 1414 2348 1465 et
2378 1409 2623 1480 sagittas
2654 1408 2853 1479 procul
2885 1406 3179 1477 injiciens,
3211 1419 3371 1459 more
3405 1401 3598 1471 solito,
3631 1401 3720 1457 vel

2069 1515 2282 1570 parans
2304 1498 2553 1553 insidias
2579 1498 2821 1565 ;deinde
2851 1496 3026 1552 etiam
3060 1492 3433 1548 manifestam
3455 1505 3717 1561 pugnam

2066 1587 2213 1642 facie
2242 1587 2313 1642 ad
2348 1586 2552 1643 faciem
2581 1587 2772 1641 iniens
2796 1590 2852 1640 et
2873 1585 3096 1654 absque
3125 1581 3334 1636 timore
3365 1594 3678 1634 conserens
3704 1595 3719 1646 ;

2067 1682 2208 1732 tunc
2227 1676 2496 1748 cognosci
2518 1679 2789 1747 potest,et
2803 1691 2909 1728 nos
2921 1672 3090 1744 periti
3103 1671 3371 1726 videmus
3393 1667 3719 1734 manifeste,

2068 1781 2244 1836 quam
2272 1765 2524 1819 maxime
2546 1764 2776 1818 diﬁ‘erre
2800 1760 3121 1816 monachos
3144 1764 3256 1814 Deo
3280 1754 3723 1811 militantes.llli

2068 1855 2226 1910 enim
2260 1870 2550 1909 memores
2574 1869 2636 1908 se
2669 1852 2882 1907 milites
2913 1847 3435 1918 esse,conseriptos
3455 1862 3487 1900 a
3507 1844 3725 1911 Deo,de

307 1937 550 2010 σαμένων
605 1938 807 2030 μυρίαν
865 1938 1027 2030 ὅση-ν,
1077 1941 1142 1995 Οἱ
1198 1941 1424 2030 μὶνγὰρ
1477 1942 1841 2016 μεμνημένοι,
1877 1942 1958 1996 ὅτι

2070 1959 2184 2015 quo
2207 1943 2381 1998 etiam
2407 1957 2618 1997 nomen
2642 1943 3028 2011 acceperunt;
3063 1936 3314 1992 scientes
3336 1933 3557 2006 optime
3579 1931 3722 2004 quid

303 2046 364 2080 τε
393 2025 798 2102 στρατεύονται,
853 2025 1087 2082 καῖ’ὀτι
1148 2030 1277 2092 Θεός
1308 2029 1446 2084 ἐστιν
1509 2031 1535 2085 ό
1595 2030 1959 2105 στρατολογή-

307 2135 402 2179 σας
465 2113 683 2183 αὐτοὺς,
741 2115 787 2189 ᾧ
844 2117 931 2171 καὶ
978 2115 1430 2191 ἐπονομάζονται,
1461 2121 1550 2174 καὶ
1581 2114 1956 2195 ἠκριϐωμένω

306 2202 360 2257 τί
415 2201 667 2278 πράττειν
729 2203 1031 2280 ὀφείλουσι,
1085 2206 1176 2261 καὶ
1235 2207 1649 2281 ἐνθυμούμενοι,
1712 2207 1809 2263 ὅσα
1865 2206 1956 2262 καὶ

310 2291 664 2366 ἀπῃτήθησαν
717 2298 892 2348 ποιεῖν
941 2294 1032 2349 καὶ
1089 2297 1392 2365 κατέθεντο,
1448 2297 1538 2352 καὶ
1589 2292 1958 2371 λαμϐάνοντες

311 2377 394 2434 ἐπὶ
456 2385 606 2450 νοῦν,
661 2381 814 2436 τίνων
866 2382 1259 2447 ἀπαναστάντες
1319 2387 1444 2442 ὅποι
1500 2387 1956 2462 προσεχώρησαν,

306 2467 396 2522 καὶ
457 2468 533 2550 ᾡς
592 2468 770 2550 οὐκέτι
822 2492 923 2547 γης
980 2473 1112 2528 εἰσιν
1173 2471 1472 2549 ἄνθρωποι,
1505 2473 1631 2531 οὐδὲ
1660 2475 1796 2550 πρὸς
1831 2476 1957 2549 σάρ-

303 2567 402 2611 κας
447 2548 914 2622 ἀνθαμιλλῶνται,
976 2553 1116 2609 ἀλκὰ
1169 2548 1305 2630 πρὸς
1359 2557 1424 2610 τὰ
1478 2548 1813 2629 πνευματικὰ
1860 2548 1960 2624 τῆς

303 2637 567 2715 πονηρίας
649 2640 1126 2718 ἀνταγωνίζονται’
1228 2644 1622 2708 ἀναπολοῦντες
1725 2643 1783 2700 δὲ
1870 2643 1960 2699 καὶ

305 2731 478 2804 ἡλίκα
539 2735 635 2808 μὲν
697 2735 1007 2807 ἐλπίζουσιν
1069 2739 1258 2815 ἀγαθὰ,
1316 2743 1653 2815 νικήσαντες,
1710 2743 1874 2796 ὁποῖα
1904 2739 1962 2797 δὲ

308 2822 611 2895 ποίσονται,
669 2828 1166 2903 προσχωρήσαντες
1214 2834 1330 2892 τοῖς
1373 2829 1423 2904 ἐξ
1475 2831 1644 2905 ὕψους
1676 2829 1960 2903 πολεμοῦ-

315 2931 395 2965 σιν
455 2910 695 2988 ἐχθροῖς·
754 2916 976 2993 φέρουσι
1053 2918 1171 2990 μὲν,
1247 2918 1551 2995 πάσχοντες
1631 2920 1795 2997 μυρία
1862 2918 1962 2974 ὅσα

319 2997 484 3069 δεινὰ,
542 3002 633 3057 καὶ
688 3007 1170 3080 τραυματίζονται,
1223 3008 1313 3062 καὶ
1345 3007 1574 3083 ἀλγοῦσι
1603 3011 1840 3080 πάντως,
1867 3006 1962 3064 τίνα

317 3090 378 3145 τὸ
409 3091 699 3169 φερέπονον
757 3095 942 3158 αὐτοῖς
991 3094 1372 3170 δοκιμάζηται.
1431 3101 1582 3156 Ἔστι
1643 3097 1699 3154 δὲ
1753 3100 1814 3155 οὗ
1870 3098 1961 3154 καὶ

314 3179 782 3254 συμποδίξονται,
861 3191 1297 3264 παραχωροῦτος
1378 3195 1512 3245 Θεοῦ
1545 3234 1559 3260 ,
1634 3187 1960 3254 διατίθεσθαι

304 3269 505 3333 αὐτοὺς
539 3270 714 3334 οὕτως
745 3271 820 3335 εἷ¹ς
869 3291 929 3328 τε
985 3274 1273 3348 ἐπίγνωσιν
1321 3282 1418 3333 τοῦ
1450 3279 1768 3354 ἀνθρώπους
1802 3279 1955 3336 εἶναι.

301 3359 390 3412 καὶ
453 3356 542 3414 ἵνα
570 3365 704 3415 Θεοῦ
737 3361 1102 3436 μεμνημένοι,
1132 3364 1278 3438 αύτῷ
1325 3367 1794 3444 προσλογίζωνται
1851 3373 1951 3438 τῆς

293 3445 448 3516 νίκης
503 3449 567 3503 τὸ
597 3454 722 3505 πᾶν·
754 3449 896 3528 ταχῦ
929 3451 986 3507 δὲ
1016 3451 1170 3527 ὅμως
1199 3455 1662 3535 ἀνασφάλλοντες,
1721 3457 1811 3512 καὶ
1859 3455 1951 3530 ὀρ-

286 3535 544 3624 θούμενοι
579 3539 666 3612 (οὐ
715 3539 819 3615 γὰρ
849 3537 994 3596 ἔστιν
1050 3543 1248 3606 αὐτοὺς
1293 3546 1761 3624 καταρῥαχθῆναι,
1824 3545 1950 3600 ὅταν

289 3623 573 3700 πέσωσιν),
629 3627 1174 3704 ἀντιτραυματίζουσι
1203 3633 1333 3696 τοὺς
1387 3633 1439 3706 ἐξ
1471 3623 1650 3710 νᾶέρος
1713 3633 1930 3712 βάλλον

288 3733 411 3786 τας,
470 3715 562 3770 καὶ
622 3717 847 3792 δυνάμει
909 3725 1043 3775 Θεοῦ
1076 3724 1234 3793 (καθὰ
1281 3723 1372 3779 καὶ
1423 3723 1665 3795 ἤκουσας
1699 3725 1955 3800 κειρόμε-

289 3823 404 3872 νος,
439 3805 485 3859 ὧ
546 3806 778 3882 μοναχά·
840 3809 906 3864 οὐ
956 3807 1134 3882 δήπου
1185 3813 1290 3890 γὰρ
1322 3814 1660 3890 ἀνθρωπίνῃ)
1715 3833 1953 3890 προτρο-

294 3890 474 3964 πάδην
533 3894 748 3972 φεύγειν
831 3897 959 3962 τοὺς
1042 3897 1303 3975 δαίμονας
1385 3905 1796 3980 ἀναγκάζουσιν,
1881 3903 1956 3965 ὡς

2067 2047 2238 2103 agere
2269 2031 2535 2096 debeant,
2567 2029 2888 2102 cogitantes
2921 2043 3046 2098 quas
3096 2023 3363 2080 facienda
3400 2022 3559 2093 jussi
3599 2021 3721 2076 fue-

2067 2122 2185 2176 rint
2221 2124 2278 2176 et
2333 2119 2748 2192 promiserint;
2802 2115 3196 2187 intelligentes
3243 2113 3400 2168 unde
3449 2110 3718 2179 exierint,

2066 2215 2123 2265 et
2153 2226 2268 2281 quo
2299 2211 2420 2264 sint
2445 2206 2762 2280 progressi,
2785 2222 2848 2262 se
2870 2221 2986 2260 non
3015 2220 3143 2259 esse
3173 2201 3430 2273 amplius
3450 2198 3722 2255 homines

2069 2302 2350 2368 terrenos,
2367 2312 2554 2368 neque
2574 2311 2835 2367 pugnare
2857 2297 3062 2349 contra
3081 2289 3446 2360 carnem,sed
3466 2287 3721 2360 praaliari

2068 2388 2350 2443 adversus
2401 2385 2647 2457 spiritus
2686 2383 2998 2455 nequitias;
3049 2381 3490 2438 considerantes
3544 2376 3722 2434 etiam

2067 2475 2264 2547 qualia
2290 2477 2442 2531 bona
2473 2478 2605 2546 post
2632 2472 2937 2528 victoriam
2982 2471 3102 2526 sint
3151 2470 3465 2541 speranda,
3500 2472 3723 2539 quanta

2070 2565 2225 2621 mala
2247 2564 2554 2621 subeunda
2571 2563 2642 2618 iis
2666 2562 2765 2634 qui
2787 2560 3047 2616 inimicis
3067 2561 3137 2615 de
3158 2559 3276 2615 alto
3299 2555 3720 2613 dimicantibus

2070 2657 2374 2711 cesserunt
2395 2672 2408 2709 :
2435 2651 2723 2725 patientes
2749 2649 2912 2705 mille
2934 2650 3172 2716 damna,
3201 2647 3491 2703 sufferunt
3511 2649 3570 2700 et
3588 2642 3720 2701 vul-

2070 2747 2437 2812 nerantur,et
2466 2755 2704 2796 omnem
2731 2737 2993 2794 dolorem
3024 2737 3502 2808 experiuntur,ut
3522 2749 3719 2789 remu-

2070 2835 2308 2888 neretur
2337 2829 2618 2902 patientia
2639 2845 2766 2882 sua.
2789 2827 3120 2898 Aliquando
3143 2841 3298 2890 vero,
3323 2829 3435 2879 Deo
3467 2822 3720 2888 volente,

2069 2938 2185 2977 non
2217 2921 2495 2976 sinuntur
2541 2918 2623 2973 ita
2671 2934 2734 2972 se
2779 2916 3016 2980 habere,
3051 2919 3112 2970 ut
3149 2917 3470 2986 agnoscant
3500 2927 3562 2966 se
3592 2927 3724 2966 esse

2069 3010 2360 3075 homines,
2380 3012 2555 3080 atque
2578 3021 2864 3062 memores
2887 3004 2987 3060 Dei
3012 3004 3081 3059 ad
3104 3019 3237 3058 eum
3261 3007 3444 3057 totam
3461 2999 3720 3055 victorias

2070 3099 2314 3173 gloriam
2349 3099 2619 3153 referant.
2653 3096 2784 3152 Mox
2815 3099 3014 3150 autem
3046 3093 3219 3148 erecti
3273 3095 3450 3162 atque
3495 3091 3723 3144 stantes

2070 3189 2153 3260 (hi
2185 3189 2341 3244 enim
2375 3203 2505 3242 cum
2541 3186 2760 3241 cadunt
2800 3201 2914 3239 non
2967 3181 3425 3254 perturbantur),
3475 3177 3725 3238 vulnera

2070 3276 2333 3333 zethereis
2355 3275 2625 3331 hostibus
2653 3272 2927 3344 inﬂigunt
2955 3270 3215 3326 vicissim
3243 3294 3257 3337 ;
3291 3274 3466 3339 atque
3507 3267 3726 3322 virtute

2069 3367 2266 3422 divina
2286 3366 2374 3436 (ut
2403 3363 2621 3419 audisti
2651 3361 2804 3416 inter
2832 3366 3161 3424 tonsuram,
3185 3375 3217 3413 o
3250 3356 3556 3422 monache,
3587 3371 3724 3426 pro-

2064 3455 2156 3512 cul
2191 3454 2370 3510 dubio
2404 3469 2520 3508 non
2554 3451 2837 3518 humana)
2869 3451 3166 3504 daemones
3217 3448 3380 3502 fusos
3427 3445 3488 3500 in
3522 3444 3724 3515 fugam

2064 3547 2208 3601 adeo
2237 3541 2588 3615 reprimunt,
2634 3545 2700 3595 ut
2747 3538 3004 3611 amplius
3055 3535 3270 3592 reverti
3316 3539 3373 3590 et
3418 3533 3729 3604 insurgere

2064 3651 2180 3690 non
2232 3633 2509 3689 audeant.
2564 3631 2816 3684 't‘antum
2866 3629 3086 3684 bonum
3144 3628 3235 3682 est
3287 3623 3474 3678 virtus
3531 3620 3722 3688 tortis,

2064 3722 2388 3792 notitiaque
2435 3719 2631 3792 gloriae
2681 3735 2784 3790 per
2843 3734 2973 3773 eam
3033 3716 3406 3787 comparatae.
3452 3710 3726 3782 lmpossi-

2064 3811 2180 3868 bile
2204 3811 2362 3866 enim
2394 3813 2483 3865 est
2534 3808 2834 3863 hominem
2867 3807 2954 3862 sic
2982 3806 3253 3861 edoctum
3288 3801 3450 3858 illius
3484 3799 3729 3855 oblivis-

2063 3901 2140 3969 ci,
2171 3903 2229 3955 et
2259 3898 2320 3952 in
2352 3896 2646 3952 contraria
2675 3895 2888 3951 delabi.

304 3980 446 4056 μηδὲ
494 3971 706 4057 τολμᾷν
767 3985 927 4043 εἷ’σέτι
991 3971 1384 4069 ἐπιστραφῆναι
1425 3971 1514 4049 καί
1561 3971 1958 4065 ἀντιτάξασθαι.
2008 3991 2270 4047 Τοιοῦτον
2319 3985 2420 4061 γὰρ
2477 3985 2512 4052 ἦ
2566 3981 2829 4060 ἐγκρατὴς
2881 3981 3068 4057 ἀρετὴν
3128 3979 3218 4034 καὶ
3273 3979 3337 4033 τὸ
3398 3977 3611 4069 μαθεῖν,
3663 3971 3732 4029 δι’

304 4072 474 4177 αὐτῆς
510 4071 951 4150 ἐπιστημονικῶς
1007 4077 1069 4132 τὸ
1374 4083 1452 4139 Οὐ
1499 4083 1603 4160 γὰρ
1661 4061 1825 4137 ἔτι-ὁ
1893 4075 2037 4135 οὕτω
2097 4075 2282 4152 μαθὼν
2341 4071 2560 4128 δύναται
2614 4073 2915 4145 ἀπομαθεῖν
2977 4068 3131 4138 αὐτὸ,
3165 4068 3252 4123 καὶ
3316 4066 3555 4139 ἑτεροῖος
3587 4061 3733 4119 διεκ-

299 4180 429 4216 πεσε
439 4183 506 4220 ιν.

372 4273 466 4338 οζ“.
501 4269 605 4327 Καὶ
666 4270 727 4326 οὗ
783 4271 1022 4328 τοιούτοι
1080 4276 1198 4348 μὲν,
1262 4277 1314 4332 oi
1375 4278 1509 4352 μετᾶ
1562 4278 1626 4333 τὸ
1679 4275 1953 4332 θειότατον

2133 4275 2224 4329 77.
2257 4271 2325 4328 Hi
2376 4286 2512 4342 ergo
2561 4273 2694 4341 post
2739 4265 3146 4323 admirabilem
3189 4269 3246 4319 et
3285 4277 3562 4334 magnam
3586 4263 3731 4315 ton-

304 4355 445 4433 μέγα
519 4357 796 4436 κούριυμα
864 4362 966 4431 τήν
1047 4347 1390 4436 καθήκουσαν
1471 4367 1656 4430 αὐτοῖς
1736 4367 1958 4440 μνήμην

2070 4378 2290 4428 suram,
2323 4362 2563 4431 accepta
2585 4355 2866 4412 memoria
2889 4361 2946 4410 et
2979 4352 3190 4408 militia
3212 4349 3358 4423 ipis
3381 4347 3579 4404 oblata
3597 4347 3725 4420 (pro

295 4466 357 4501 τε
412 4447 504 4502 καὶ
561 4447 796 4524 ἀγωνίαν
855 4447 1369 4528 ἀναλαμϐανόμενοι
1448 4437 1784 4532 (λογίζονται
1852 4437 1956 4530 γὰρ

2070 4450 2382 4522 disciplina
2427 4447 2728 4519 accipiunt
2775 4451 3082 4500 tonsuram
3114 4445 3443 4504 externam,
3472 4441 3532 4492 et
3555 4437 3734 4509 depo-

301 4533 380 4597 εἷς
408 4536 663 4611 γνώσεως
719 4538 888 4595 τύπον
1089 4563 1148 4597 τε
1195 4525 1247 4598 ἐν
1289 4549 1414 4619 χρῷ
1456 4525 1670 4618 ’κουράν
1715 4543 1804 4599 καὶ
1859 4525 1958 4611 τὴν

2070 4540 2338 4596 sitionem
2396 4536 2831 4593 mundanorum
2883 4529 3416 4600 indumentorum),
3451 4525 3734 4597 nulloque

299 4628 410 4678 τῶν
437 4626 576 4682 κατὰ
629 4627 838 4703 κόσμον
897 4631 1114 4706 ἁμφίων
1179 4629 1483 4708 ὑπόδυσιν),
1539 4635 1820 4690 κάντεῦθεν
1882 4631 1958 4694 ὠς

2071 4629 2348 4700 deinceps
2393 4624 2624 4698 gravati
2680 4639 2857 4679 onere
2909 4619 3198 4687 swculari,
3249 4617 3403 4673 inter
3448 4614 3732 4687 psalmos,

309 4710 477 4788 μηδέν
533 4737 585 4770 τι
642 4698 1011 4793 περικείμενοι
1043 4721 1164 4796 βίου
1200 4725 1388 4799 βάρος,
1421 4698 1479 4778 ἐν
1504 4729 1572 4799 τῇ
1605 4724 1838 4796 ἀληθείᾳ
1864 4725 1958 4777 τοῦ

2071 4722 2131 4778 in
2160 4698 2408 4775 veritate
2437 4716 2560 4786 Dei,
2602 4730 2778 4786 quem
2831 4713 3151 4767 induerunt
3191 4707 3388 4775 multi,
3422 4703 3732 4777 progredi-

309 4806 448 4859 Θεοῦ
477 4803 774 4880 ψαλμικῶς
797 4807 1142 4883 πορεύονται·
1176 4812 1235 4866 ’ὸν
1289 4813 1378 4867 καὶ
1438 4810 1765 4882 ἐνδέδυνται,
1819 4811 1960 4867 πολ-

308 4891 398 4948 λοὶ
431 4891 584 4948 αὐτοὶ
615 4895 706 4950 καὶ
732 4893 928 4971 σχεδόν
987 4919 1038 4952 τι
1089 4906 1371 4975 πανταχοῦ
1417 4901 1519 4977 γῆς
1551 4899 1960 4976 διεσπαρμένοι,

305 4985 408 5052 τῆς
431 5003 490 5037 τε
520 4983 867 5058 οἰκουμένης,
918 4987 1008 5042 καὶ
1062 4988 1161 5059 ὅση
1235 4989 1375 5063 μηδὲ
1407 4988 1522 5046 οἶδε
1571 4995 1959 5053 κατοικεῖσθαι’

308 5068 380 5125 δι’
436 5073 508 5127 ὧν
541 5075 630 5128 καὶ
661 5075 888 5144 σώζεται
922 5076 949 5130 ὁ
978 5076 1208 5152 κόσμος,
1259 5078 1376 5153 Θιῷ
1406 5082 1492 5135 καὶ
1552 5081 1702 5154 μόνῳ
1731 5080 1819 5134 καὶ
1853 5078 1962 5133 εἷσ-

306 5160 390 5216 αεὶ
443 5163 915 5238 προσανεχόντων,
976 5167 1065 5222 καὶ
1128 5167 1556 5246 ἀγγελικώτερον
1606 5166 1772 5225 ὄντων
1827 5168 1964 5243 πρὸς

211 5269 214 5272 ‘
304 5250 479 5323 αὐτῷ,
531 5252 740 5326 κόσμου
800 5250 858 5308 δὶ
905 5255 981 5327 μὴ
1037 5255 1527 5334 έπιστρεφομένων,
1591 5257 1674 5315 ὅτι
1737 5258 1813 5332 μὴ
1863 5253 1966 5333 ἄρα

305 5338 441 5395 κατά
523 5362 585 5417 γε
639 5341 704 5396 τὸ
785 5349 1093 5416 μεμνῆσθαι
1167 5349 1328 5420 ἡμῶν
1396 5350 1483 5405 καὶ
1548 5346 1961 5424 ὑπερεύχεσθαι.

310 5426 450 5486 Οὐδὲ
475 5430 581 5506 γὰρ
615 5428 742 5486 οὐδὲ
770 5438 980 5510 τροφῆς
1025 5431 1342 5515 ἐπίστροφοι
1392 5439 1444 5492 oi
1472 5442 1741 5506 τοιοῦτοι,
1773 5432 1964 5490 ὁποίαν

311 5519 347 5587 ἡ
379 5523 449 5593 γῆ
484 5525 747 5596 χορηγεῖ,
781 5520 856 5582 ὠς
911 5519 980 5575 δι’
1036 5523 1207 5594 αὐτῆς
1264 5526 1502 5600 γίνεσθαι
1560 5525 1712 5590 αῦθις
1769 5522 1964 5585 αὐτοὺς

313 5610 425 5661 τῶν
453 5610 577 5680 περὶ
633 5612 759 5684 γῆν·
811 5609 925 5666 ἐπεὶ
977 5612 1160 5691 τρέφει
1217 5614 1413 5678 αὐτοὺς
1467 5621 1574 5672 τῶν
1631 5614 1756 5690 περὶ
1801 5620 1906 5690 γῆν
1939 5613 1968 5667 ὁ

319 5695 468 5766 Θεὸς,
522 5699 713 5775 νέκταρ
792 5697 1156 5774 ἐνσταλάζων,
1235 5702 1326 5760 καὶ
1383 5701 1684 5785 ἀμϐροσίαν
1746 5701 1968 5766 ἐντιθεὶς

2072 4814 2274 4874 untur,
2309 4820 2663 4878 quocunque
2692 4809 2984 4858 terrarum
3009 4805 3066 4856 et
3096 4799 3256 4854 orbis
3283 4797 3728 4868 disperguntur,

2070 4900 2144 4956 ad
2175 4899 2302 4955 loca
2332 4897 2508 4952 etiam
2540 4891 2995 4958 inhabitabilis;
3029 4889 3295 4945 salvetur
3336 4885 3597 4940 mundus
3627 4900 3732 4954 per

2070 5006 2169 5047 eos
2198 4991 2315 5046 Dec
2349 4987 2518 5042 unice
2561 4991 2620 5041 et
2665 5000 2898 5055 semper
2925 4983 3211 5048 intentos,
3262 4977 3614 5034 assistentes
3656 4974 3730 5043 ei,

2072 5078 2226 5135 sicut
2255 5074 2464 5147 angeli,
2497 5072 2787 5128 mundum
2819 5086 2935 5125 non
2979 5072 3250 5124 curantes
3283 5064 3396 5120 nisi
3428 5063 3500 5118 ad
3533 5075 3726 5116 recor-

2074 5167 2335 5223 dandum
2386 5161 2568 5218 nostri
2617 5164 2672 5215 et
2723 5158 3014 5214 orandum
3060 5173 3164 5228 pro
3203 5153 3394 5210 nobis.
3427 5151 3627 5220 Neque
3660 5149 3732 5202 de

2074 5257 2203 5313 cibo
2232 5255 2408 5311 etiam
2440 5266 2618 5322 quem
2649 5253 2804 5304 terra
2833 5246 3081 5318 porrigit
3102 5243 3342 5300 solliciti
3374 5244 3537 5308 sunt,
3559 5237 3733 5308 quasi

2074 5363 2178 5418 per
2201 5360 2337 5400 eum
2366 5341 2583 5397 iterum
2621 5336 2777 5392 inter
2823 5339 3086 5390 terreno
3133 5334 3512 5396 haberentur,
3544 5325 3733 5399 siqui-

2075 5417 2209 5491 dem
2243 5431 2431 5488 nutrit
2458 5429 2620 5501 ipsos
2650 5426 2828 5494 Deus,
2860 5428 3027 5480 terra;
3061 5428 3260 5480 nectar
3291 5417 3591 5475 distillans
3617 5431 3738 5470 am-

2076 5522 2452 5590 brosiamque
2473 5531 2640 5572 suam
2671 5512 2977 5585 adjiciens,
3009 5513 3314 5584 ipsosque,
3347 5505 3509 5563 nullo
3534 5519 3734 5575 sump-

2076 5617 2136 5669 to
2189 5612 2342 5681 cibo,
2393 5611 2736 5664 sustentans
2782 5619 2886 5674 per
2927 5601 3322 5675 quadraginta
3369 5597 3516 5667 dies,
3557 5596 3615 5650 et
3659 5593 3734 5649 ad

2079 5700 2197 5758 alia
2222 5696 2510 5772 temporis
2539 5690 2730 5767 spatia
2783 5695 3005 5764 quanta
3031 5690 3404 5749 tradiderunt
3439 5685 3542 5758 qui
3570 5684 3738 5757 gesta

320 5785 423 5856 τὴν
480 5789 609 5865 παρ’
667 5787 851 5864 αὐτῷ,
906 5789 996 5850 καὶ
1056 5789 1199 5851 οὕτω
1254 5801 1432 5857 ποιῶν
1484 5796 1722 5874 ἐξαρκεῖν
1775 5789 1958 5855 αὐτοὺς

2081 5789 2183 5850 Dei
2211 5787 2620 5848 narraverunt.
