4060 6408
337 486 457 545 797

1350 486 1450 546 DE
1492 485 1992 549 EMENDANDA
2033 485 2222 547 VITA
2267 483 2751 549 MONACHIGA.

3650 484 3769 546 798

332 636 420 670 τοι
479 615 658 683 πάσης
720 615 992 687 κοσμικῆς
1069 612 1466 691 ἀπηλλάγησαν
1536 616 1844 689 ἐπιθυμίας,
1905 619 1977 671 κα

2112 621 2238 673 unt.
2283 618 2402 690 Ipsi
2447 636 2480 673 a
2529 617 2790 689 qualibet
2833 615 3134 671 mundana
3181 614 3655 686 concupiscentia
3702 634 3764 675 se

330 709 438 759 τῶν
489 703 629 758 κατὰ
688 703 857 776 σάρκα
925 708 1219 779 συγγενῶν,
1276 706 1573 779 ἀνθρώπιον
1631 703 1846 777 δηλαδή
1905 706 1995 760 καὶ

331 798 545 861 παθῶν,
595 792 678 853 οἷς
726 792 779 844 οἱ
817 791 1078 864 ἐμπαθεῖς
1139 798 1336 869 μικροῦ
1393 792 1499 849 δεῖν
1553 794 1642 849 καὶ
1703 796 1995 850 συνουσιώ-

339 893 475 956 μεθα
511 879 648 936 κατὰ
694 878 941 950 σύντηξιν
995 883 1096 951 τήν
1155 882 1214 936 ἐκ
1257 880 1480 960 φαύλων
1530 888 1850 954 συνηθειῶν.
1892 882 1998 938 Αύ-

330 971 419 1026 τοὶ
476 971 568 1025 τὸν
626 973 728 1024 τοῦ
782 973 916 1025 Θεοῦ
972 968 1256 1046 ἄνθρωπον
1314 972 1670 1044 ἀνεκαίνισαν,
1705 971 1996 1046 ἐνδυσάμε-

329 1081 415 1114 νοι
471 1058 542 1133 τῇ
603 1061 700 1114 τοῦ
757 1056 998 1114 παλαιοῦ
1052 1058 1303 1143 ἀποθέσει
1361 1063 1454 1117 τὸν
1487 1061 1625 1131 νέον,
1659 1062 1720 1125 ’ὸς
1778 1060 1992 1133 ἐκτίσθη

329 1149 446 1203 κατ’
479 1145 664 1204 εῗκόνα
696 1152 851 1204 Θεοῦ.

397 1266 507 1329 πϐ’.
544 1274 639 1345 Τῷ
665 1271 902 1346 τοιούτῳ
956 1279 1190 1349 μοναχῷ
1254 1277 1289 1345 ἡ
1346 1279 1446 1341 τῆς
1501 1277 1787 1350 μετανοίας
1838 1273 1998 1346 ἤνοι-

325 1382 450 1418 κται
512 1361 649 1437 θύρα
694 1363 833 1417 κατὰ
885 1365 982 1432 τὴν
1026 1361 1230 1438 ἀψευδῆ
1263 1372 1365 1434 τῆς
1420 1371 1620 1442 κουρᾶς
1680 1366 1998 1443 ὑπόσχεσιν,

323 1451 415 1506 καὶ
448 1453 476 1505 6
507 1451 754 1526 χρηστὸς
806 1453 966 1526 ζυγὸς
1013 1450 1181 1529 ἤρθη,
1233 1453 1323 1509 καὶ
1370 1455 1432 1510 τὸ
1491 1455 1724 1532 έλαφρὸν
1771 1450 1995 1510 ἐϐαστά-

329 1551 442 1615 χθη
499 1538 867 1616 φορτίον.Ἐν
921 1545 1002 1612 τῷ
1052 1541 1196 1596 οὕτω
1249 1543 1456 1618 βιοῦντι
1505 1546 1593 1599 καὶ
1629 1546 1657 1599 6
1690 1546 1995 1619 ἀγιώτατος

329 1628 560 1702 σταυρὸς
607 1627 690 1682 in’
724 1622 891 1702 ὤμων
948 1630 1042 1702 μὲν
1103 1630 1402 1709 φερόμενος
1460 1633 1536 1694 εἷς
1588 1638 1890 1707 Κυρηναῖον
1934 1630 1993 1686 ἂν

330 1715 876 1806 Σίμωναῗείκονίσοι
931 1719 1026 1806 τδν
1072 1718 1314 1794 αἴροντα·
1346 1720 1406 1776 ἐκ
1433 1728 1540 1796 γῆς
1584 1721 1640 1777 δὲ
1697 1721 1856 1777 αὐτὸν
1909 1723 1996 1806 αἷξ

330 1827 463 1882 ρων,
509 1805 600 1859 καὶ
649 1805 1150 1880 προσπατταλεύων
1206 1813 1287 1880 τῷ
1340 1814 1439 1864 τοῦ
1492 1815 1626 1864 Θεοῦ
1675 1813 1851 1884 πόθῳ,
1905 1805 1995 1867 και

329 1891 587 1965 καθηλῶν
622 1892 683 1948 ἐκ
711 1898 807 1949 τοῦ
838 1890 1012 1972 φόϐου
1058 1895 1223 1952 αὐτοῦ
1264 1900 1361 1960 τὰς
1412 1897 1610 1975 σάρκας
1663 1905 1760 1955 τοῦ
1827 1903 1994 1972 ἀσκη-

2108 706 2554 779 elongaverunt,
2587 709 2641 761 et
2670 722 2703 760 a
2747 702 3012 774 cognatis
3046 704 3372 757 secundum
3407 720 3665 777 carnem,
3691 708 3764 762 ab

2105 794 2446 851 hominibus
2492 796 2714 851 scilicet
2743 799 2800 849 et
2831 792 3231 864 passionibus,
3275 792 3492 864 quibus
3529 795 3763 851 obnoxii

2105 883 2224 939 fere
2266 881 2806 939 consubstantiales
2856 897 3085 946 sumus,
3121 883 3360 952 propter
3402 883 3760 938 commistio-

2107 989 2240 1028 nem
2274 990 2302 1028 e
2335 989 2513 1044 prava
2545 971 2985 1028 conversatione
3035 974 3434 1026 consecutam.
3468 971 3537 1026 Hi
3568 971 3759 1026 homi-

2105 1078 2240 1118 nem
2284 1062 2385 1118 Dei
2428 1065 2800 1127 renovarunt,
2853 1059 3116 1131 deposito
3166 1058 3344 1115 veteri
3391 1063 3450 1115 et
3491 1077 3641 1116 novo
3671 1061 3760 1116 in-

2105 1151 2269 1219 duto,
2304 1151 2505 1223 quiad
2538 1149 2856 1222 imaginem
2893 1148 2989 1204 Dei
3020 1152 3250 1204 creatus
3281 1151 3390 1204 est.

2176 1277 2265 1332 82.
2299 1275 2445 1331 Huic
2477 1275 2761 1332 monacho
2792 1278 2994 1346 aperta
3032 1277 3121 1329 est
3171 1272 3522 1345 paenitentiae
3545 1273 3755 1344 janua,

2105 1365 2428 1420 secundum
2452 1380 2714 1420 veracem
2737 1368 2989 1419 tonsurae
3006 1362 3485 1418 constitutionem
3507 1363 3753 1435 ;jugum

2105 1469 2283 1509 suave
2313 1453 2613 1509 sublatum
2639 1457 2745 1522 est,
2779 1457 2836 1508 et
2882 1451 3209 1522 bajulatum
3259 1468 3408 1506 onus
3455 1451 3596 1507 leve.
3640 1451 3751 1508 Ho-

2106 1541 2326 1596 minem
2355 1541 2439 1596 sic
2468 1543 2744 1596 virtutem
2777 1557 2918 1595 crux
2945 1538 3322 1594 sanctissima
3351 1538 3613 1594 humeris
3644 1538 3754 1593 im-

2105 1631 2296 1702 posita
2327 1634 2730 1686 assumentem
2762 1627 3016 1684 similem
3061 1626 3307 1682 Simonii
3355 1626 3439 1681 illi
3483 1629 3750 1700 Cyrenaeo

2106 1719 2319 1786 efﬁcit;
2353 1724 2411 1774 et
2438 1735 2572 1774 cum
2604 1736 2740 1774 eum
2801 1734 2832 1772 e
2878 1722 3032 1772 terra
3065 1714 3356 1771 elevatum
3389 1716 3628 1786 contigit
3653 1715 3754 1770 Dei

2105 1808 2418 1876 desiderio,
2461 1825 2492 1863 e
2533 1809 2661 1879 ejus
2708 1824 2912 1862 carnes
2957 1806 3169 1860 timore
3217 1804 3450 1859 Domini
3482 1804 3751 1876 percutit,

2103 1896 2186 1952 ita
2237 1903 2304 1952 ut
2373 1901 2558 1953 morte
2635 1895 3008 1967 compatienti
3073 1892 3389 1949 cruciﬁxus
3461 1892 3750 1960 videatur,

321 1986 442 2050 τοῦ,
477 1981 552 2044 ὡς
586 1979 763 2037 δοκεῖν
810 1988 1167 2057 σταυροῦσθαι
1221 1987 1294 2058 τῇ
1347 1989 1605 2062 νεκρώσει
1658 1995 1758 2059 τῆς
1813 1989 1977 2063 ἐμπα-

2101 1987 2374 2041 eumdem
2427 1987 2496 2040 ad
2553 1985 2939 2040 imitationem
2988 1982 3308 2038 Salvatoris
3367 1981 3553 2037 nostri
3609 1981 3752 2038 Jesu

327 2069 497 2138 θείας,
528 2071 605 2133 εἷς
640 2072 892 2145 μιμητὴν
923 2072 1081 2128 αὐτὸν
1119 2074 1317 2149 άνυψοῖ
1368 2078 1462 2131 τοῦ
1503 2082 1764 2155 Σῶτῆρος
1823 2082 1986 2153 ἡμῶν

338 2157 521 2225 Ἰησοῦ
591 2161 866 2228 Χριστοῦθ
921 2162 998 2224 ὡς
1061 2163 1196 2236 μετά
1255 2166 1356 2234 τὴν
1429 2165 1726 2244 σταύρωσιν
1784 2168 1983 2240 ταύτην

335 2247 570 2322 ταφέντα
620 2252 688 2321 τῇ
744 2250 884 2304 κατὰ
939 2251 1066 2306 Θεὸν
1121 2254 1441 2310 ταπεινώσει
1492 2257 1840 2328 ὶξαναστῆναι
1905 2258 1982 2322 εἷς

342 2337 485 2426 ζωὴν
513 2335 758 2408 αἶ’ωνίαν,
789 2338 879 2392 καὶ
911 2337 1125 2417 ἔμφανῆ
1165 2342 1457 2417 γενόμενον
1510 2350 1627 2408 τοῖς
1682 2345 1840 2402 αὐτὸν
1897 2369 1984 2426 φι-

336 2420 492 2479 λοῦσι
577 2427 842 2498 μαθηταῖς
873 2471 886 2496 ,
949 2428 1037 2484 καὶ
1119 2432 1370 2504 τεράστια
1448 2420 1920 2511 κατεργασάμενον
1967 2473 1981 2500 ,

331 2511 705 2591 ἀναληφθῆναι
762 2515 839 2578 εῒς
893 2518 984 2572 τὸν
1044 2517 1266 2594 ὕψιστον
1325 2525 1558 2597 Πατέρα,
1604 2524 1694 2579 καὶ
1719 2525 1985 2602 κληρονο-

330 2607 500 2672 μῆσαι
529 2607 638 2658 τῶν
680 2603 843 2659 αὐτοῦ
899 2606 1140 2681 ἀγαθῶν,
1167 2609 1257 2664 καὶ
1307 2609 1686 2688 ἀναδραμόντα
1731 2615 1807 2677 εἷς
1857 2614 1982 2680 εύθὺ

326 2691 503 2764 εὑρεῖν
536 2692 832 2748 ἀνάπαυσιν
888 2699 958 2769 τῇ
1011 2696 1176 2752 αὐτοῦ
1233 2701 1411 2774 ψυχῇ,
1441 2701 1581 2766 καθά
1607 2703 1634 2757 6
1664 2703 1800 2758 κατὰ
1827 2709 1984 2760 πνεῦ-

331 2798 406 2850 μα
431 2778 624 2856 κείρων
656 2780 816 2838 αὐτὸν
848 2781 1122 2856 ἐπεύξατο.

399 2904 508 2978 πγ’,
541 2909 634 2978 Τῷ
657 2905 894 2980 τοιούτῳ
936 2908 1025 2964 καὶ
1076 2910 1104 2965 6
1160 2909 1445 2986 κούριμος,
1478 2915 1554 2978 ὡς
1596 2914 1739 2971 οὕτω
1797 2919 1978 2995 φάναι,

329 2997 431 3080 τῆς
485 2992 709 3066 τελετῆς
780 2998 960 3072 γάμος
1035 2995 1266 3072 προέϐη,
1325 3004 1413 3056 καὶ
1469 3004 1496 3058 6
1554 2992 1980 3080 ἀχειροποίητος

330 3077 609 3170 έθεωρήθη
641 3084 890 3162 νυμφὼν,
923 3084 1012 3140 καὶ
1043 3088 1078 3156 ἡ
1129 3084 1330 3153 ἄνωθεν
1390 3090 1440 3164 ἐξ
1491 3077 1721 3167 οὐρανοῦ
1771 3077 1976 3170 ὑφαντη

327 3166 550 3237 ἐπετέθη
584 3171 778 3243 στολὴ,
810 3174 899 3228 καὶ
941 3172 1121 3230 τᾶλλα
1169 3176 1339 3232 πάντα
1381 3166 1825 3256 προσήρμοσται⁷
1858 3195 1976 3248 θεο-

326 3265 506 3333 πρεπῆ
562 3262 853 3346 μυστηριαο
889 3260 1020 3332 ὦνὴ
1053 3258 1257 3328 ἕκθεσις
1299 3267 1612 3340 ταμιεύεται
1673 3271 1770 3343 μὲν
1831 3271 1976 3346 ἱερο-

2096 2074 2313 2130 Ghristi
2345 2074 2536 2146 erigit.
2571 2075 2641 2129 Et
2688 2077 2822 2144 post
2867 2072 3018 2127 hanc
3060 2069 3525 2126 immolationem
3557 2071 3753 2142 sepul-

2093 2167 2192 2219 tus
2222 2163 2422 2219 divina
2453 2163 2784 2218 humilitate
2817 2163 3084 2232 resurget
3114 2159 3173 2215 in
3205 2160 3388 2215 vitam
3417 2163 3697 2215 aeternam
3732 2176 3746 2228 ;

2090 2253 2373 2323 visusque
2431 2250 2743 2322 discipulis
2792 2266 2925 2306 eum
2990 2247 3393 2320 diligentibus,
3435 2247 3748 2320 clarusque

2094 2339 2400 2396 miraculis
2456 2357 2583 2412 quae
2632 2346 2902 2410 operatus
2947 2341 3056 2406 est,
3115 2339 3452 2392 assumetur
3508 2337 3580 2392 ad
3638 2340 3747 2392 Pa-

2090 2432 2242 2485 trem
2274 2428 2594 2499 excelsum,
2628 2429 2781 2484 bona
2804 2427 2929 2496 ejus
2961 2425 3227 2498 accipiet,
3249 2425 3486 2497 vitaque
3515 2424 3750 2482 evolans

2093 2519 2356 2590 requiem
2388 2517 2596 2573 animas
2631 2533 2750 2573 suae
2779 2515 3058 2584 inveniet,
3092 2531 3272 2586 quam
3317 2530 3454 2571 eum
3492 2515 3748 2572 tondens

2091 2606 2477 2680 spiritualiter
2506 2606 2919 2680 speponderat.

2159 2923 2249 2976 83.
2313 2921 2460 2978 Huic
2515 2925 2575 2977 et
2631 2918 2963 2976 convivium
3021 2917 3286 2989 nuptiale
3332 2921 3609 2980 tonsurae,
3677 2918 3745 2970 ut

2088 3009 2172 3066 ita
2220 3011 2433 3078 dicam,
2483 3010 2846 3082 opponitur;
2911 3007 3050 3062 huic
3101 3012 3406 3062 ostensum
3450 3007 3541 3059 est
3589 3019 3744 3075 nup-

2085 3099 2224 3155 tiale
2251 3099 2590 3155 cubiculum
2625 3116 2739 3154 non
2774 3114 2952 3152 manu
2985 3095 3222 3164 factum,
3248 3099 3423 3166 atque
3446 3094 3517 3148 de
3549 3093 3687 3160 alto,
3713 3108 3744 3147 e

2087 3187 2231 3244 coelo
2273 3189 2451 3245 vestis
2497 3187 2718 3244 textilis
2770 3186 2951 3242 allata
2980 3188 3088 3251 est,
3122 3201 3189 3240 ac
3233 3189 3436 3239 caetera
3469 3181 3740 3254 pulcher-

2087 3279 2240 3334 rima
2269 3279 2548 3352 mysteria
2578 3278 3017 3334 accommodata
3065 3278 3222 3341 sunt,
3259 3289 3511 3346 quorum
3543 3270 3740 3344 expla-

322 3351 601 3425 γραφικῶς
637 3344 856 3424 βίϐλοις
889 3351 1138 3429 Πατέρων
1190 3356 1529 3431 ἁγιωτάτων,
1562 3359 1614 3413 οἳ
1666 3361 1734 3415 τὰ
1788 3344 1973 3416 τοιαῦ-

2091 3368 2325 3424 nanatio
2356 3367 2574 3424 tradita
2615 3371 2878 3422 servatur
2923 3365 2981 3419 in
3036 3363 3203 3419 libris
3256 3366 3594 3418 sanctorum
3627 3365 3740 3416 Pa-

318 3453 385 3489 τα
441 3434 491 3509 ἐξ
551 3437 946 3514 ἀποκαλύψεων
1024 3441 1419 3517 ἐνομοθέτησαν
1447 3467 1459 3480 ·
1520 3446 1829 3505 έκλαλεῖται
1898 3448 1974 3515 δὲ,

320 3522 410 3578 ὅτε
463 3525 860 3615 προσφέρονται
917 3535 997 3602 τῷ
1055 3537 1172 3604 Θεῷ
1227 3535 1278 3588 οἱ
1327 3535 1463 3591 κατὰ
1490 3541 1704 3610 πνεῦμα
1733 3559 1976 3615 παγκρα-

315 3613 552 3683 τιασταὶ,
600 3617 691 3669 καὶ
751 3616 1056 3688 ἐξακούεται
1132 3626 1248 3684 τοῖς
1323 3613 1832 3702 παρατυγχάνουσι..
1876 3630 1972 3684 Καὶ

315 3704 748 3796 συντηρούμενα,
785 3708 880 3780 μὲν
917 3706 1222 3784 βελτιοῦσιν
1279 3711 1355 3774 εἰς
1403 3714 1604 3770 κοινόν·
1644 3717 1720 3790 μή
1772 3717 1974 3796 φυλατο

316 3790 523 3864 τόμενα
573 3790 650 3863 δὲ,
699 3794 792 3850 τὸν
852 3797 1148 3872 ταξάμενον
1221 3803 1315 3875 μὲν
1369 3801 1696 3878 βλάπτουσι,
1734 3790 1864 3870 τοὺς
1919 3806 1977 3862 δὲ

317 3878 548 3943 λοιποὺς
595 3881 978 3958 σκανδαλίζου,
1029 3889 1115 3943 καὶ
1167 3889 1230 3944 τὸ
1281 3888 1580 3948 σκάνδαλον
1643 3894 1703 3949 οὐ
1758 3896 1819 3950 τὸ
1875 3916 1974 3951 τυ-

314 3971 441 4044 χὸν,
473 3967 600 4025 ἀλλ’
631 3973 745 4026 οἷον
793 3972 871 4037 εἷς
922 3970 1134 4049 βλάϐην
1193 3980 1381 4050 κοινήν
1433 3980 1815 4054 ἀποτελευτᾷν,
1844 4005 1970 4038 καυ-

313 4057 676 4167 τηριάζουσαν
735 4059 986 4136 καρδίας,
1041 4065 1116 4129 ὡς
1192 4065 1292 4122 ούκ
1364 4065 1426 4124 ἃν
1497 4070 1524 4124 6
1601 4072 1730 4134 Θεὸς
1815 4083 1970 4150 θερα-

313 4167 558 4205 πευοιτο.

380 4287 489 4348 πδ’.
522 4292 628 4348 Καὶ
685 4292 888 4350 τοιοίδε
949 4295 1044 4370 μὲν
1105 4299 1156 4352 οἱ
1213 4300 1310 4370 τὴν
1345 4299 1487 4357 θείαν
1537 4322 1636 4357 κου
1684 4302 1698 4321 “
1873 4308 1901 4320 “’

1642 4323 1735 4379 ραν
1765 4324 1971 4378 τιμων-

307 4400 416 4449 τες,
448 4381 539 4437 καὶ
595 4383 879 4456 ὑπἀὐτῆς
929 4387 1261 4460 τιμώμενοι,
1293 4389 1396 4446 Καὶ
1456 4389 1560 4446 εἰσὶ
1617 4397 1857 4449 τοιοῦτοι
1915 4395 1967 4450 οἳ

307 4465 360 4556 έν
395 4465 566 4544 ὄρεσι,
597 4473 686 4528 καὶ
742 4473 1056 4547 σπηλαίοις,
1086 4477 1176 4531 καὶ
1228 4477 1484 4555 ῥωχμαῖς
1532 4484 1658 4556 γῆς,
1698 4482 1788 4538 καὶ
1843 4482 1966 4539 στύ-

309 4555 449 4629 λοις,
477 4560 564 4614 καὶ
595 4559 963 4637 ἐμλεισμοῖς,
995 4565 1083 4620 καὶ
1115 4567 1232 4622 ὅσοι
1291 4568 1454 4626 ἄλλοι
1511 4555 1820 4636 πολυειδῶς
1874 4573 1968 4628 τὸν

2087 3461 2246 3514 trum
2278 3458 2379 3530 qui
2425 3474 2493 3513 ea
2539 3473 2607 3512 ex
2652 3455 2998 3512 revelatione
3029 3452 3579 3519 constituerunt;et
3609 3466 3743 3522 pro-

2089 3548 2292 3619 fertur,
2334 3563 2469 3602 cum
2528 3543 2869 3618 spirituales
2927 3542 3162 3598 athletae
3217 3541 3334 3596 Deo
3390 3540 3742 3606 offeruntur,

2086 3640 2144 3692 et
2175 3638 2248 3692 ab
2275 3635 2606 3692 astantibus
2663 3635 2924 3690 auditur.
2986 3634 3123 3697 Quen
3180 3630 3489 3686 observata
3541 3627 3740 3683 melio-

2086 3742 2210 3781 rem
2270 3726 2524 3782 reddunt
2578 3722 3104 3788 communitatem;
3160 3724 3217 3775 et
3273 3735 3390 3774 non
3443 3716 3744 3773 custodita

2083 3813 2494 3870 instituentem
2545 3812 2880 3878 vulnerant,
2922 3809 3183 3881 reliquos
3215 3812 3411 3864 autem
3445 3805 3738 3863 scandali-

2081 3907 2217 3959 zant
2246 3919 2362 3958 non
2393 3916 2745 3974 quocunque
2769 3899 3074 3965 seandalo,
3104 3897 3205 3953 sed
3237 3900 3498 3952 vertente
3531 3896 3588 3950 in
3616 3893 3739 3950 rui-

2081 4009 2220 4048 nam
2252 3991 2600 4061 multorum,
2639 3990 2700 4045 in
2745 3988 2939 4044 cordis
2989 3986 3426 4042 indurationem
3478 3983 3595 4057 ipsi
3623 3983 3740 4040 Deo

2080 4077 2497 4137 insanabilem.

2146 4310 2236 4364 84.
2270 4307 2436 4364 Tales
2469 4311 2610 4363 sunt
2639 4307 2741 4378 qui
2768 4305 3027 4362 divinam
3058 4309 3364 4361 tonsuram
3395 4303 3732 4370 honestant,

2075 4403 2133 4455 et
2160 4399 2230 4454 ab
2260 4415 2328 4454 ea
2353 4397 2764 4453 honestantur.
2797 4394 2966 4450 Tales
3013 4397 3153 4450 sunt
3183 4393 3284 4465 qui
3314 4391 3374 4448 in
3406 4390 3733 4461 montibus,

2072 4487 2136 4544 in
2164 4488 2369 4555 antris,
2392 4487 2453 4542 in
2483 4484 2716 4542 ﬁssuris
2747 4489 2934 4546 terrea.
2963 4483 3022 4537 in
3053 4480 3553 4552 columnis,super
3572 4479 3738 4535 clau-

2075 4576 2238 4647 stris,
2271 4580 2328 4632 et
2361 4575 2701 4648 quicunque
2733 4573 3022 4628 mundum
3075 4570 3236 4627 mille
3266 4571 3459 4627 modis
3490 4570 3736 4627 diversis

308 4645 892 4738 κόσμον-κρύπτοντα.
927 4653 1087 4729 Γέμει
1118 4653 1176 4712 δὲ
1231 4657 1514 4723 πολιτείας
1561 4661 1818 4734 τοιαύτης
1871 4661 1964 4718 καὶ

2091 4645 2396 4738 aﬁ‘ugiunt:
2450 4665 2567 4720 Hac
2622 4663 2853 4719 vivendi
2912 4663 3136 4718 ratione
3191 4660 3366 4732 plena
3394 4664 3485 4717 est
3537 4661 3742 4717 civitas

309 4736 345 4804 ἡ
376 4740 454 4808 τῷ
511 4733 625 4793 ὄντι
653 4739 1090 4826 ,Μεγαλόπολιῆ
1134 4745 1199 4801 τὸ
1253 4752 1351 4803 τοῦ
1407 4749 1618 4824 κόσμου
1673 4733 1905 4822 κάλλος,
1939 4753 1967 4807 6

2091 4733 2271 4813 revera
2301 4752 2699 4826 Megalopolis,
2733 4751 3111 4825 pulchritudo
3146 4750 3374 4817 mundi,
3410 4748 3654 4820 pulcher
3684 4755 3742 4805 et

305 4829 408 4918 τῆς
446 4832 550 4900 γῆς
579 4825 748 4891 καλὸς
779 4834 869 4918 καί
916 4829 1121 4906 γλυκὺς
1160 4833 1465 4912 ὀφθαλμός
1501 4840 1640 4894 ὅπου
1685 4841 1776 4895 καὶ
1807 4839 1964 4918 λόγοι

310 4913 628 4990 ἀρετῶντες,
657 4919 749 4973 καὶ
789 4914 1015 4996 ἕλλογοι
1047 4922 1252 4997 ἀρεταίο
1283 4927 1350 4996 ἣν
1395 4925 1450 4981 εἶ’
1495 4949 1580 4990 τις
1637 4927 1811 4998 ἐξέλοι
1865 4913 1964 4985 τοῦ

305 5003 539 5077 κόσμου,
579 5009 795 5080 μήποτε
825 5008 925 5064 οὐκ
950 5008 1011 5066 ἂν
1043 5006 1122 5067 ἔτι
1180 5011 1305 5069 οὐδὲ
1362 5015 1568 5091 κόσμον
1619 5017 1778 5072 αὐτὸν
1833 5019 1962 5074 εἶναι

304 5091 529 5180 άφησοι.
587 5097 804 5169 Ταύτης
857 5099 1127 5178 τρόφιμον
1183 5103 1322 5159 ἅπαν
1381 5105 1597 5180 ἀγαθόν·
1647 5108 1737 5162 καὶ
1809 5105 1863 5162 εἴ
1910 5129 1961 5163 τι

306 5179 365 5236 δὲ
395 5182 596 5249 ἄλλοθί
649 5207 755 5241 που
792 5188 1183 5267 παραφαίνεται
1242 5179 1435 5267 καλὸν,
1476 5193 1675 5250 ἐκεῖθεν
1736 5195 1962 5252 ἐκπέτα-

301 5292 410 5329 ται.
445 5271 776 5350 Παράδεισός
832 5296 915 5337 τις
970 5276 1127 5346 αὐτῆ,
1184 5278 1245 5334 οὐ
1291 5283 1570 5358 τέσσαρσιν
1624 5281 1962 5355 έκϐλύζουσα

301 5368 572 5436 ποταμοῖς
627 5362 914 5440 μεγάλοις,
947 5362 1094 5420 ἀλλὰ
1140 5368 1356 5446 μυρίοις
1411 5373 1579 5446 ὅσοις,
1611 5369 1814 5429 ἄλλοτε
1865 5371 1958 5429 ἅλ-

303 5447 423 5539 λοις
483 5453 983 5527 ἀναστομουμένοις
1061 5455 1135 5518 εἰς
1206 5459 1484 5537 ἀπόρρυτα
1540 5463 1809 5539 χεύματα,
1866 5467 1953 5521 καὶ

301 5537 530 5628 γλυκέα,
571 5542 678 5628 ,καὶ
734 5541 1011 5616 πλήσμια.
1068 5545 1282 5619 Ταύτης
1351 5551 1443 5606 καὶ
1497 5537 1580 5608 «:6—
1617 5551 1780 5617 κύτος
1837 5554 1957 5628 μὲν,

300 5627 426 5720 ὅσον
483 5626 742 5704 ἂμϐαδὸν,
804 5631 1143 5707 μεμέστωται
1217 5637 1668 5718 μεγαλοσχήμων
1725 5626 1956 5720 ἀνδρῶν,

301 5717 356 5772 οἳ
411 5721 590 5798 φωτὸς
649 5720 985 5802 έκφαίνονται
1044 5721 1255 5799 στῦλοι,
1300 5717 1540 5788 κάτωθεν
1602 5731 1696 5806 μὲν
1751 5717 1956 5809 ἐκλάμ-

300 5825 496 5876 ποντες
523 5850 540 5881 ,
591 5809 995 5890 οὐρανομήκεις
1045 5809 1105 5875 δὲ
1149 5821 1268 5886 ταῖς
1337 5818 1615 5902 ἐκφάνσεσι
1669 5820 1770 5880 τοῦ
1820 5823 1959 5884 κατὰ

2073 4846 2266 4901 dulcis
2295 4850 2463 4900 terras
2495 4842 2724 4911 oculus,
2761 4842 2864 4898 ubi
2896 4841 3082 4896 virtus
3113 4843 3204 4896 est
3233 4839 3468 4906 rationi,
3501 4843 3559 4894 et
3588 4839 3736 4894 ratio

2072 4934 2313 5002 virtuti;
2350 4949 2530 5005 quam
2583 4932 2634 4986 si
2684 4931 2818 5002 quis
2867 4931 2938 4985 de
2981 4931 3205 4985 mundo
3254 4927 3546 4996 evelleret,
3609 4928 3736 5000 ipse

2073 5023 2332 5078 mundus
2383 5021 2640 5093 amplius
2671 5036 2786 5074 non
2820 5020 3143 5076 exsisteret.
3176 5017 3324 5073 Huic
3363 5017 3528 5072 cibus
3558 5032 3732 5072 omne

2071 5113 2293 5168 bonum
2336 5129 2350 5180 ;
2411 5110 2633 5182 siquid
2675 5109 2990 5181 pulchrum
3042 5107 3259 5163 alicubi
3307 5105 3559 5176 videtur,
3592 5106 3731 5162 inde

2071 5201 2386 5258 derivatur.
2449 5201 2582 5270 Ipsa
2628 5197 2871 5270 quidam
2914 5196 3228 5269 paradisus
3278 5211 3394 5250 non
3420 5197 3548 5265 jam
3579 5211 3730 5265 qua-

2069 5297 2204 5348 tuor
2242 5289 2474 5361 magnis
2521 5287 2868 5342 ﬂuminibus
2923 5286 3223 5358 irrigatus,
3267 5285 3367 5339 sed
3421 5283 3582 5361 mille
3630 5285 3728 5355 qui

2069 5382 2183 5438 alia
2235 5379 2374 5435 alibi
2417 5381 2630 5434 exeunt
2678 5375 2738 5430 in
2783 5375 2993 5432 ﬂuvios
3039 5357 3406 5440 emanantes,
3439 5357 3640 5429 dulces
3672 5376 3730 5428 et

2069 5470 2294 5543 plenos.
2328 5467 2518 5538 Hujus
2557 5464 2800 5532 viscera,
2836 5481 2965 5536 qua:
3019 5460 3370 5519 habitabilia
3406 5465 3567 5527 sunt,
3601 5479 3726 5518 ma-

2067 5576 2212 5632 gnos
2243 5558 2396 5612 viros
2447 5557 2704 5628 portant,
2745 5554 2846 5626 qui
2891 5554 3168 5609 videntur
3214 5549 3503 5607 columnae
3549 5551 3722 5621 lucis,

2066 5648 2221 5704 infra
2259 5645 2511 5715 elucent,
2560 5648 2618 5699 et
2665 5643 2738 5700 ad
2796 5641 3010 5699 coelum
3060 5642 3406 5715 pertingunt
3457 5641 3723 5714 exemplo

2063 5737 2194 5793 vitea
2241 5736 2456 5792 sanctae
2500 5735 2558 5789 et
2605 5730 2728 5789 sole
2775 5730 3063 5788 clarioris.
3133 5734 3298 5787 Hanc
3354 5727 3726 5787 circumdant

2067 5827 2134 5886 ut
2173 5820 2394 5884 circulo
2431 5821 2624 5894 major
2671 5819 2950 5892 circulus,
2997 5816 3090 5879 vel
3131 5817 3313 5880 etiam
3369 5816 3524 5880 sicut
3550 5815 3723 5890 polus
