2030 3180
134 211 193 241 ’199

524 213 738 245 EUSTATHII
759 212 1144 245 THEBSALONIGENSIS
1166 213 1460 246 METROPOLITE

1786 215 1854 247 800

134 276 210 310 cceli,
238 276 334 305 vicina
362 279 551 313 monasteria,
575 279 639 308 loca
667 279 745 307 varia
774 281 802 307 et
827 279 889 307 vita
912 278 960 315 pia

1021 277 1080 306 Βεὸν
1097 276 1316 313 ἡλιοϐολοῦντος
1334 280 1406 317 βίου.
1420 280 1579 317 Πιριθίιουσι
1609 278 1638 308 δί
1666 280 1762 316 αὐτὴν,
1779 281 1852 309 καθὰ

134 320 260 349 diversa.
287 321 401 353 Quibus
424 323 539 358 objecet
573 324 758 360 Propontidis
781 324 898 358 fretum,
923 325 959 351 ab

133 365 269 401 ingressu
287 375 381 402 usque
410 367 447 395 ad
475 367 582 396 molem
612 368 726 396 Euxini.
743 368 856 401 Quibus
875 368 961 396 bonis

134 410 268 438 ditantur
282 413 310 438 et
324 411 426 439 insulae
441 420 515 447 quas
529 412 579 439 illa
593 412 681 440 habet
694 412 861 448 Propontis.

1015 322 1059 349 καί
1086 333 1127 353 τις
1156 322 1256 355 κύκλος
1284 323 1328 351 ἐπὶ
1356 324 1461 361 κύκλῳ,
1478 324 1522 352 καὶ
1552 324 1633 356 αὐτὸς
1664 325 1758 362 μέγας,
1781 325 1848 353 ὡσεὶ

1015 366 1060 394 καί
1088 378 1130 399 τις
1157 368 1282 406 οὐράνιος
1307 369 1414 406 πόλος,
1442 369 1475 397 τὰ
1503 369 1579 407 πέριξ
1618 369 1765 407 ἇξωτερικὰ
1804 380 1851 398 σε-

1019 413 1107 448 μνεῖα,
1123 412 1157 439 τὰ
1182 412 1227 440 καὶ
1253 413 1398 441 ποΛύτοπα
1424 416 1459 447 τῇ
1476 414 1557 449 θέσει,
1572 414 1617 442 καὶ
1645 416 1686 450 τῷ
1700 414 1768 442 κατᾶ
1782 415 1850 442 Θεὸν

135 450 188 489 ϐίῳ
214 454 387 492 πολύτροποι.
417 453 609 493 Προϐέϐληται
638 455 667 483 δὲ
695 456 763 483 αὐτὰ
789 456 833 483 καὶ
864 457 878 483 ὁ
905 459 955 490 τῆς
972 455 1162 493 Προποντίδος
1192 456 1296 494 αὐλὼν,
1312 459 1379 497 πρὸς
1406 461 1513 497 κουρῶν
1544 459 1628 497 μέχρι
1656 459 1702 487 καὶ
1732 459 1771 491 εἷς
1801 460 1852 490 τὰς

137 498 263 534 Εὐξείνου
290 497 502 538 προϐολὰς,κοιί
530 510 583 528 που
608 501 652 528 καὶ
682 500 788 540 ἐφεξῆς.
804 500 956 529 Πλουτοῦσι
986 499 1015 528 δὲ
1041 499 1138 533 καλοῖς
1166 502 1303 535 τοιούτοις
1329 504 1374 531 καὶ
1400 507 1490 540 νῆσοι,
1506 503 1601 540 ὅσας-ἠ
1618 503 1773 543 Προποντὶς
1801 504 1852 532 αὕ-

131 553 165 577 τη
183 542 287 578 κλύζει.

166 598 211 625 85.
229 597 316 626 Plena
332 601 401 627 sunt
416 599 475 627 ista
489 600 668 628 monasteria
684 600 782 628 ovium
808 607 960 629 sacrarum

132 642 271 677 gregibus
305 643 479 679 innumeris,
511 648 543 672 ut
572 646 612 672 ait
643 645 805 681 Scriptura,
836 644 959 671 aliarum

133 687 198 714 aliis
214 688 309 715 modis
326 691 488 716 tonsarum.
521 690 628 717 Omnes
649 698 715 717 vero
745 690 780 716 ad
812 689 959 716 dexteram

132 731 181 758 Dei
199 733 324 767 pastoris
341 736 491 768 pastorum
509 735 665 769 pertinent.
692 737 751 761 Non
777 733 855 760 enim
887 733 962 759 inter

132 783 182 803 eos
197 776 283 811 haedi,
301 778 335 804 ad
363 778 514 806 sinistram
543 779 690 812 reservati,
711 778 878 806 lasciviunt.
896 779 962 812 Ipsa

133 822 322 854 monasteria,
348 822 417 849 licet
444 831 510 850 oves
527 823 582 850 alio
599 832 699 856 sensu,
717 822 773 850 alio
789 825 887 849 tamen
903 821 963 848 leo-

134 873 186 892 nes
215 865 390 899 includunt,
419 867 528 902 quibus
568 867 666 894 nullus
704 867 791 902 lupus
821 865 964 893 insultare

134 910 230 937 audet.
249 911 280 937 In
299 910 344 937 bis
361 911 598 939 archimandritze
624 920 725 939 omnes
751 910 859 938 milites
884 918 963 944 egre-

134 953 174 1002 gii
200 956 269 1007 sunt
292 956 467 990 egregiaque
493 964 573 983 arma
600 957 705 983 lerunt.
731 957 891 1007 Qua‘crgo
918 962 963 981 ra-
979 975 1002 1007 Β

134 997 235 1025 tione?
251 999 395 1026 Adversus
413 1000 577 1032 saeculares,
591 1001 705 1035 quando
723 999 872 1027 mundana
887 1008 902 1024 ξι
918 1006 961 1024 se-

133 1041 206 1077 ipsis
227 1045 255 1070 et
272 1052 288 1070 a
305 1044 407 1071 mundi
424 1045 587 1072 fautoribus
604 1047 732 1072 avertere
748 1046 909 1076 conantur;
932 1044 961 1069 et

133 1086 306 1122 plerumque
323 1091 441 1124 propter
457 1089 553 1123 ipsum
573 1089 716 1116 mundum
729 1096 817 1124 quam
834 1096 868 1114 ex
883 1087 960 1114 inor-

133 1130 233 1158 dinato
247 1132 282 1159 ad
296 1132 463 1160 ordinatum
481 1135 603 1167 statum,
621 1134 656 1160 ad
678 1133 830 1160 decentem
848 1134 877 1158 et
893 1139 961 1166 pro-

133 1174 328 1203 ximumvitaa
356 1177 499 1213 perfectas,
530 1180 675 1212 quantum
705 1177 766 1204 ﬁeri
797 1178 903 1212 potest,
919 1182 962 1201 re-

134 1220 256 1249 ducunt.
284 1222 313 1249 In
337 1223 409 1258 ipsis
432 1224 553 1250 materia
574 1223 635 1259 jam
653 1231 709 1250 non
733 1223 887 1257 reperitur,
906 1220 962 1247 nisi

137 1265 206 1300 Deo,
236 1266 323 1301 capiti
351 1267 452 1302 ignito,
477 1268 591 1302 idonea,
619 1267 696 1294 sicut
719 1267 862 1302 scriptum
894 1267 961 1298 est;

137 1317 195 1344 qua
210 1310 259 1345 qui
277 1311 426 1338 materialo
442 1314 529 1346 caput
558 1312 715 1343 inclinant,
743 1314 771 1338 et
799 1309 962 1345 evangelica

136 1355 305 1387 tondentur,
323 1356 538 1383 benedicuntur
553 1359 581 1383 et
597 1357 721 1391 perfecte
730 1355 960 1383 sanctiﬁcantur.

170 1407 215 1434 86.
231 1407 360 1435 Alteram
378 1409 528 1436 materiam
545 1409 573 1436 hi
587 1409 705 1441 habent,
720 1417 776 1436 non
791 1411 851 1435 tam
863 1416 962 1435 veren-

135 1451 214 1485 dam,
240 1452 403 1487 subjectam
422 1462 487 1481 vero
504 1454 599 1480 carnis
620 1453 784 1489 passionis;
806 1453 849 1479 vel
869 1455 900 1480 ut
920 1452 961 1480 lo-

135 1504 209 1531 quar
224 1497 343 1530 rectius,
360 1506 426 1525 eum
444 1498 558 1533 pridem
576 1498 733 1530 habebant,
758 1506 816 1532 qua
832 1499 962 1524 recenter

135 1544 263 1568 cremata
287 1543 315 1568 et
339 1542 470 1577 deposito
494 1542 547 1569 hoc
578 1542 732 1575 materiali,
750 1550 842 1577 usque
863 1542 891 1568 in
907 1541 961 1568 im-

137 1585 303 1612 materiales
319 1586 502 1613 substantias
527 1587 660 1620 resoluti,
675 1587 729 1613 Deo
757 1586 935 1614 addicuntur
953 1594 959 1619 ;

133 1628 282 1665 istamque
297 1631 451 1658 materiam
468 1634 580 1666 ponunt
591 1631 688 1658 cibum
705 1630 781 1666 ignis
798 1633 826 1658 et
836 1631 959 1658 flammea

135 1674 308 1709 spirilualis,
326 1675 413 1703 veluti
431 1684 565 1711 vaporem
592 1676 626 1702 ad
648 1676 895 1703 exardescendum
920 1675 960 1702 fa-

135 1718 219 1746 cilem
239 1728 245 1753 ;
263 1719 408 1756 siquidem
434 1723 567 1747 sanctum
589 1720 729 1755 Spiritum
754 1720 898 1755 sapientia
919 1719 963 1746 di-

135 1762 204 1790 vina
218 1763 248 1790 in
262 1763 421 1799 Scripturis
438 1764 549 1791 confert
564 1765 661 1799 vapori
685 1764 770 1795 fumi,
797 1764 907 1799 vapori,
923 1764 965 1790 in-

136 1815 237 1842 quam,
255 1807 334 1835 thuri
352 1810 418 1835 ante
433 1811 620 1844 conspectum
645 1808 693 1835 Dei
711 1808 809 1835 oblato
824 1816 962 1843 congruo,

137 1859 204 1878 cum
218 1851 327 1887 aliquis
341 1860 429 1880 orans
445 1855 525 1880 recta
541 1853 586 1880 via
603 1853 638 1880 ad
655 1853 747 1880 Deum
765 1852 872 1880 tollitu.

172 1944 218 1971 87.
234 1944 315 1972 Hanc
343 1945 508 1977 materiam,
535 1954 549 1973 e
574 1955 632 1982 qua
656 1946 826 1974 accenditur
848 1945 924 1982 ignis
949 1954 965 1972 ιι

138 1990 224 2016 Patre
239 1988 385 2017 luminum
401 1998 434 2017 ex
450 1990 644 2018 similitudine
670 1991 705 2018 ad
723 1999 800 2025 eum,
818 1990 965 2026 signiﬁca-

139 2034 198 2060 tam
215 2034 304 2061 cereis
320 2034 508 2070 lampadibus
524 2034 624 2070 magni
641 2037 743 2062 ascetw
760 2035 906 2062 tonsurati
922 2034 966 2061 in-

139 2077 260 2111 dicem;
288 2086 371 2112 quas,
389 2079 413 2106 si
439 2080 474 2106 de
499 2079 541 2107 eis
578 2087 696 2106 rursum
722 2082 766 2107 est
792 2079 967 2114 investigan-

140 2122 222 2155 dum,
234 2123 382 2158 nuptiales
399 2123 508 2159 aliquis
522 2123 609 2158 dicet,
622 2124 842 2159 comprehensis
854 2124 965 2159 nuptiis

140 2167 317 2195 asacerdote
328 2169 414 2195 antea
425 2168 695 2203 benedictis.Hujus
712 2168 789 2196 enim
801 2168 878 2204 ignis
889 2168 966 2195 etlu-

141 2210 230 2239 minis
239 2210 323 2247 signa
333 2214 403 2239 sunt
414 2212 488 2240 cerei
500 2213 550 2248 qui
563 2215 632 2240 tunc
644 2213 967 2248 accenduntur,quique

141 2263 233 2290 supra
249 2263 365 2283 omnem
384 2256 535 2285 ﬂammam
565 2256 719 2293 refulgent.
735 2257 828 2285 deze
847 2257 924 2284 enim
938 2259 967 2284 et

141 2301 246 2327 caetera
261 2300 343 2336 ligna
360 2309 423 2336 quae
440 2303 567 2337 proferet
596 2301 714 2337 aliquis,
735 2304 762 2329 et
778 2301 922 2335 bitumen,
938 2303 966 2328 et

1050 600 1101 628 πε¹.
1120 600 1170 628 Καὶ
1198 602 1329 639 γὲμουσιν
1360 602 1388 630 αἱ
1415 604 1538 630 τοιαῦται
1568 601 1684 640 μάνδραι
1711 602 1846 639 ποιμνίων

1015 643 1094 680 ἱερῶν
1116 650 1251 684 γραφικῆς
1289 646 1389 684 ἀγέλης
1420 647 1527 685 μυρίας,
1556 646 1726 684 κεκαρμένης
1758 644 1844 682 ἄλλης

1017 686 1154 726 ἀλλαχοῦ.
1172 692 1227 725 Τῆς
1254 690 1340 726 δεξιᾶς
1366 691 1461 722 πάντες
1484 692 1558 718 οὗτοι
1590 689 1700 728 μερίδος
1722 691 1771 717 τοῦ
1797 690 1841 727 ἁρ-

1017 734 1181 770 χιποίμενος
1198 738 1274 764 Θεοῦ.
1292 736 1400 774 Ἒρίιρια
1414 736 1465 773 γὰρ
1496 735 1521 762 ἐν
1537 735 1640 769 αὐτοῖς,
1656 736 1691 767 τῇ
1721 735 1848 774 ἀριστερᾷ

1017 778 1171 813 πρέποντα,
1196 780 1245 807 οὐκ
1282 777 1375 818 ἔχουσι
1415 782 1604 816 κατασκιρτᾷν.
1641 777 1769 816 Μάνδραι
1800 771 1848 805 καὶ

1018 822 1105 856 αὗται,
1124 823 1145 850 εἰ
1162 825 1205 851 καὶ
1232 823 1325 855 ἄλλως
1355 822 1510 862 προϐάτιον,
1528 824 1600 851 ἀλλά
1624 824 1726 861 τρόπον
1757 819 1849 860 ἕτερον

1018 865 1147 902 λεόντων,
1179 869 1215 895 ὧν
1258 868 1347 899 οὐδεὶς
1377 869 1458 899 λύκος
1487 867 1544 906 ἔχει
1573 868 1845 906 κατακαυχήσασθαι.

1019 911 1052 938 Οἱ
1069 909 1097 938 δὲ
1114 911 1139 938 ἐν
1156 912 1248 943 αὐτοῖς
1264 912 1474 950 ἀρχιμανδρῖναι
1505 913 1617 940 ὁπλῖται
1647 911 1743 943 πάντες
1759 910 1849 943 ἴνθιοι

1018 955 1063 981 καὶ
1092 957 1125 983 τὰ
1154 956 1235 985 ὅπλα,
1255 960 1315 988 Πῶς
1348 958 1412 994 μὲν;
1430 958 1501 984 Κατὰ
1529 959 1582 984 τῶν
1612 956 1638 984 ἐν
1671 956 1733 994 βίῳ,
1750 957 1793 987 οἷς
1815 955 1851 983 τὰ

1017 1002 1137 1036 κοσμικὰ
1171 1004 1318 1039 πειρῶνται
1362 1002 1470 1040 ἀπάγειν
1506 1002 1558 1030 ἀπό
1594 1013 1623 1029 τι
1653 1003 1727 1041 σφῶν
1757 1001 1850 1029 αὐτῶν

1016 1045 1060 1071 καὶ
1085 1041 1142 1072 ’τῶν
1159 1048 1354 1083 κυσμοπαθὼψ
1370 1048 1404 1074 τὰ
1431 1046 1517 1074 πλείω
1542 1045 1571 1074 δὲ
1587 1047 1652 1084 ὑπὲρ
1664 1048 1713 1074 τοῦ
1728 1046 1848 1083 κόσμου,

1016 1089 1044 1115 ὃν
1076 1089 1100 1124 ἐξ
1130 1090 1262 1127 ἀκοσμίας
1296 1090 1471 1129 ἐπανάγουσιν
1503 1090 1540 1122 εἷς
1569 1091 1600 1118 τὸ
1628 1089 1848 1127 κοσμικώτατον,

1016 1135 1059 1160 καὶ
1091 1133 1242 1172 εὔσχημον,
1259 1136 1303 1162 καὶ
1320 1136 1436 1173 ἐγγίζον,
1451 1136 1488 1167 ὡς
1516 1136 1573 1162 οἷόν
1587 1136 1617 1162 τέ
1644 1135 1711 1169 ἐστι,
1727 1134 1779 1172 βίῳ
1797 1144 1847 1171 με·

1016 1179 1220 1216 γαλοσχήμονι.
1237 1180 1293 1208 Οὐκ
1320 1179 1389 1207 ἔστιν
1420 1180 1444 1207 ἐν
1475 1180 1566 1210 αὐτοῖς
1593 1180 1678 1217 εὑριῖν
1703 1178 1783 1215 ὕλην,
1805 1178 1848 1206 ὅτι

1019 1224 1056 1259 μή
1088 1224 1173 1259 μόνην
1199 1225 1247 1258 τήν
1273 1225 1366 1261 τιμίαν
1389 1227 1457 1261 Θεῷ,
1473 1227 1507 1262 τῇ
1523 1225 1629 1263 πυρίνῳ
1643 1222 1762 1262 κεφαλῇ,
1777 1222 1849 1256 κάοθᾶ

1018 1268 1169 1305 γέγραπται
1188 1278 1193 1283 ·
1269 1270 1317 1300 τὰς
1361 1268 1455 1300 ὑλαίας
1497 1268 1634 1300 κλίνοντις
1671 1267 1793 1308 κεφαλὰς
1822 1267 1848 1296 οἳ

1018 1312 1199 1350 εὐαγγελικῶς
1226 1314 1381 1351 κειρόμενοι
1410 1314 1584 1352 εὐλογοῦνται
1613 1313 1658 1341 καὶ
1687 1312 1846 1351 ἁγιάζον-ται

1018 1357 1055 1387 εἰς
1072 1357 1259 1385 ἐντελέστατον
1266 1381 1271 1386 .

1133 1412 1245 1448 Ἔχουσι
1279 1411 1322 1438 καὶ
1354 1413 1443 1449 ὲτὲραν
1473 1411 1542 1446 ὕλην
1571 1411 1660 1447 αὐτοὶ,
1691 1410 1746 1448 οὐχ
1772 1409 1844 1438 οὕτω

1016 1455 1119 1491 τιμίαν,
1144 1456 1193 1490 τὴν
1223 1456 1290 1483 κατὰ
1317 1456 1439 1493 σάρκινον
1465 1457 1568 1488 πάθος·
1600 1456 1686 1483 εἲπιῗν
1715 1454 1744 1483 δὶ
1770 1455 1844 1492 ἀκρι-

1016 1497 1152 1536 ϐέστερον,
1170 1501 1316 1538 φθάσαντες
1331 1500 1385 1535 ἤδη
1416 1499 1496 1539 ἔσχον
1512 1500 1606 1535 αὐτὴν,
1623 1501 1654 1535 ἢν
1682 1499 1727 1527 καὶ
1742 1501 1842 1538 νοερῶς

1016 1545 1264 1581 κατεμπρήσαντες,
1279 1546 1322 1572 καὶ
1348 1545 1379 1572 τὸ
1395 1544 1489 1572 ὑλαῖον
1519 1545 1604 1576 οὕτως
1633 1544 1719 1573 ἐκεῖνο
1744 1543 1838 1576 ἀποοί-

1018 1599 1091 1624 μενοι
1112 1589 1156 1616 καὶ
1185 1590 1221 1620 ὡς
1246 1589 1283 1620 εἷς
1309 1589 1404 1617 ἀϋλίαν
1431 1588 1775 1628 ἀπολεπτυνάμενοι,πρδς
1797 1589 1835 1623 τῷ

1018 1636 1075 1669 Θεῷ
1090 1634 1220 1671 γίνονται,
1237 1634 1285 1668 τὴν
1301 1634 1429 1669 τοιαύτην
1446 1634 1514 1670 ὕλην
1530 1632 1638 1671 ἔξαμμα
1661 1632 1837 1670 ποιησᾶμινοι

1018 1678 1102 1716 πυρὸς
1131 1679 1176 1706 καὶ
1192 1680 1281 1717 φωτὸς
1302 1682 1411 1716 νοητοῦ,
1427 1680 1476 1707 ὅσα
1499 1679 1543 1707 καὶ
1566 1678 1667 1716 ἀτμίδα
1691 1678 1841 1714 εὖὲξαπτον·

1018 1722 1075 1750 ἐπεί
1101 1734 1143 1751 τοι
1181 1723 1225 1750 καὶ
1257 1723 1350 1760 ἀτμίδι
1379 1726 1481 1751 καπνοῦ
1509 1726 1526 1759 ἡ
1557 1725 1682 1759 Οειοτάτη
1713 1722 1794 1762 σοφία
1814 1721 1846 1749 τὸ

1020 1768 1095 1804 ἅγιον
1113 1770 1222 1804 Πνεῦμα
1245 1766 1468 1807 συμϐολογραφεῐ
1492 1769 1679 1805 Θεωρητιιιιῶς1
1696 1766 1776 1795 ὁποία
1805 1772 1848 1794 τις

1019 1811 1100 1847 ἀτμὶς
1129 1811 1173 1839 καὶ
1208 1814 1247 1847 τῷ
1275 1812 1424 1849 θυμιάματι
1455 1812 1597 1850 ἐπιπρέπει
1619 1814 1659 1848 τῷ
1686 1811 1850 1839 κατευθυνοο

1022 1856 1094 1892 μὲνῳ
1110 1856 1225 1883 ἐνώπιον
1241 1859 1318 1891 Θεοῦ,
1336 1856 1380 1884 ὅτε
1402 1867 1445 1888 τις
1470 1856 1692 1895 προσευχόμενος
1721 1855 1850 1886 Ῑθυτςνῶς

1020 1901 1201 1939 ἀνωφορεῖται
1216 1900 1284 1938 πρὸς
1298 1901 1404 1938 αὐτόνᾷ

1055 1946 1108 1979 πζ’.
1124 1946 1227 1980 Ταύτην
1243 1946 1293 1980 τὴν
1318 1945 1399 1980 ὕλην,
1417 1944 1451 1973 δι’
1476 1947 1509 1981 ἧς
1531 1945 1674 1973 ἀνάπτεται
1704 1947 1762 1983 φῶς
1778 1943 1847 1972 ἄπο-

1020 1989 1197 2027 παλλόμενον
1212 1992 1241 2017 ἐκ
1254 1993 1302 2018 τοῦ
1316 1993 1369 2018 τῶν
1387 1991 1484 2028 φώτων
1501 1991 1607 2029 Πατρὸς
1628 1992 1662 2027 τῇ
1686 1990 1755 2027 πρὸς
1778 1988 1849 2016 ἐκεῖ·

1020 2044 1064 2061 νον
1088 2035 1267 2073 ἀφομοιώσει,
1283 2038 1328 2062 καὶ
1354 2035 1380 2062 ὲν
1404 2038 1463 2067 ταῖς
1488 2034 1533 2062 διὰ
1552 2036 1639 2073 κηροῦ
1654 2033 1794 2069 λαμπάσιν
1821 2033 1849 2060 οἱ

1019 2079 1174 2116 κειρόμενοι
1210 2079 1325 2117 μεγάλοι
1351 2079 1464 2115 ἀσκηταῖ
1487 2081 1664 2116 σημειοῦνται
1679 2088 1685 2095 ·
1709 2078 1741 2111 ἃς
1765 2074 1794 2106 εἷ’
1821 2087 1850 2105 τι

1021 2124 1076 2160 χρὴ
1094 2124 1138 2151 καὶ
1153 2124 1235 2152 πάλιν
1252 2123 1455 2162 λεπτολογῆσαι
1476 2124 1509 2152 τὰ
1531 2126 1590 2152 κατ’
1617 2123 1710 2159 αὐτὰς,
1727 2123 1766 2155 ὡς
1791 2123 1851 2150 οἷον

1020 2169 1175 2206 γαμηλίους
1196 2169 1250 2207 ἐρεῖ
1278 2180 1329 2203 τις,
1356 2170 1400 2197 τὸν
1433 2170 1560 2207 ἀνωτέρω
1585 2168 1750 2205 τελούμενον
1776 2168 1851 2205 ἱερο-

1021 2216 1131 2251 πρεπῶς
1158 2213 1244 2252 γάμον
1271 2214 1481 2251 ἐνθυμούμενος.
1498 2211 1632 2251 Σύμϐολα
1645 2213 1696 2252 γὰρ
1720 2211 1852 2241 τοιούτου

1021 2259 1106 2296 πυρὸς
1133 2259 1178 2286 καὶ
1208 2260 1298 2297 φωτὸς
1325 2260 1351 2286 οἱ
1376 2259 1558 2296 ἀναπτόμενοι
1579 2261 1729 2295 τηνικαῦτα
1755 2257 1852 2296 κηροὶ,

1022 2302 1058 2330 ὧν
1073 2304 1104 2330 τὸ
1120 2304 1215 2339 σεμνὸν
1245 2304 1310 2340 ὑπὲρ
1340 2303 1425 2331 πάντα
1449 2304 1482 2331 τὰ
1506 2303 1677 2339 ἐκκαιόμενα.
1694 2301 1777 2338 Δᾷδες
1803 2302 1852 2339 μὶν

141 2344 232 2379 adeps
247 2346 275 2372 et
287 2345 384 2373 omnis
399 2347 515 2381 generis
531 2346 665 2381 materia,
676 2355 690 2374 e
702 2355 760 2382 qua
775 2346 851 2381 ignis
867 2354 963 2374 accen.

1021 2347 1068 2385 γὰρ
1093 2347 1137 2375 καὶ
1168 2348 1253 2375 Λοιπά
1282 2347 1359 2383 ξύλα,
1376 2348 1458 2375 ὁποῖά
1478 2359 1520 2380 τις
1535 2347 1564 2375 ἂν
1579 2346 1663 2384 εἷ’ποι,
1680 2346 1725 2375 καὶ
1753 2347 1852 2385 νάφθα,

141 2387 222 2415 ditur
237 2390 265 2416 et
280 2389 340 2417 sive
357 2389 451 2425 facile,
468 2390 580 2426 absque
596 2393 737 2427 tempore,
748 2391 846 2419 dicent
861 2391 970 2426 aliquis

140 2432 200 2460 sive
216 2433 329 2468 perdiu,
355 2433 450 2462 lucem
473 2443 530 2462 non
553 2438 613 2462 tam
645 2435 803 2472 fulgentem
819 2436 968 2469 emittunt,

141 2477 258 2513 qualem
284 2486 351 2506 cera
385 2479 523 2507 ostendit.
554 2481 663 2508 Caetera
690 2481 769 2508 enim
797 2480 855 2508 luci
889 2481 969 2508 festa:

141 2522 226 2550 triste
241 2522 351 2559 aliquid
363 2523 498 2560 jungunt
524 2533 530 2551 :
560 2533 665 2553 sensus
681 2526 768 2553 odore
781 2525 926 2562 afﬂigunt,
942 2528 970 2553 et

141 2575 247 2603 vapore
263 2567 403 2603 mordaci,
420 2577 573 2604 corporum
599 2571 721 2598 nitorem
738 2570 818 2598 fumo
833 2570 968 2607 squalido

141 2611 261 2646 foedant,
288 2615 320 2640 ut
344 2613 452 2641 diceret
476 2617 569 2650 poeta.
588 2617 658 2643 Cera
677 2616 753 2643 enim
771 2623 894 2643 accensa
910 2624 968 2643 non

141 2656 199 2685 nisi
211 2656 305 2686 lucem
316 2658 442 2686 maxime
452 2659 608 2687 innocuum
621 2660 748 2695 prebet;
765 2661 793 2687 et
801 2660 851 2696 qui
872 2668 968 2688 ceram

142 2702 285 2735 accendit,
317 2705 458 2739 usurpata
491 2704 580 2732 veteri
610 2707 764 2733 cantorum
798 2704 966 2732 sententia:

145 2755 158 2771 ι
176 2746 295 2782 Absque
310 2747 391 2776 fumo
407 2747 500 2776 Musis
513 2749 737 2777 sacriﬁcandum
754 2759 768 2773 n
780 2756 856 2784 esse,
868 2751 896 2776 et
905 2748 968 2785 ipsc

145 2789 240 2819 dicere
254 2793 349 2827 potest
369 2801 401 2821 se
425 2793 583 2822 accendere
604 2793 703 2830 ignem
719 2793 799 2822 fumo
820 2796 967 2823 carentem

146 2835 234 2869 atque
247 2836 367 2865 omnino
389 2836 551 2866 innoxium.
576 2839 650 2866 Vere
670 2837 749 2867 enim
773 2845 849 2873 pura
871 2837 967 2868 lucem

146 2877 256 2921 emittit
269 2886 346 2916 cera,
369 2888 433 2916 quae
454 2880 576 2919 Athonis
601 2889 684 2913 sacro
706 2881 768 2919 igni
781 2883 811 2912 et
826 2885 968 2921 perpetuo

1025 2392 1069 2419 καὶ
1098 2391 1215 2428 πιμελή,
1242 2393 1285 2419 καὶ
1328 2392 1413 2427 λοιπὴ
1456 2391 1484 2420 δὲ
1516 2392 1632 2420 παντοία
1659 2391 1724 2427 ὕλη,
1754 2389 1790 2418 δι’
1817 2392 1852 2426 ἧς

1025 2437 1166 2464 ἀνάπτεται
1195 2439 1259 2474 πῦρ,
1276 2436 1329 2464 εἴτε
1359 2437 1431 2475 ῥᾷον,
1461 2438 1505 2465 καὶ
1534 2437 1571 2469 ὡς
1601 2436 1685 2465 εἴπεῖν
1713 2433 1851 2474 ἀχρὸνως,

1025 2481 1079 2509 εἴτε
1119 2482 1163 2509 καὶ
1201 2484 1411 2520 παρατατικῶς,
1439 2482 1493 2520 οὐχ
1524 2482 1596 2510 οὕτω
1633 2481 1703 2509 κατὰ
1740 2479 1851 2516 πολλὴν

1025 2525 1177 2562 σεμνότητα
1191 2529 1248 2565 φῶς
1263 2526 1419 2563 ἐξάπτουσιν
1437 2527 1572 2562 ὁπωσοῦν,
1590 2526 1628 2558 ὡς
1649 2526 1663 2553 ὁ
1678 2525 1766 2564 κηρὸς
1787 2523 1851 2557 αὐτὸ

1025 2569 1168 2605 δεξιοῦται.
1185 2571 1225 2599 Τὰ
1252 2571 1298 2608 μὶν
1320 2571 1370 2609 γὰρ
1395 2570 1467 2599 ἄλλα
1488 2573 1522 2608 τῇ
1539 2573 1587 2598 τοῦ
1602 2571 1692 2610 φωτὸς
1706 2569 1848 2609 ἱλαρότητι

1024 2616 1215 2653 παραπήγνυσι
1244 2615 1288 2643 καί
1318 2626 1344 2643 τι
1370 2615 1550 2654 σκυθρωπόν·
1582 2615 1723 2651 αἰσθησεις
1746 2623 1776 2642 τι
1797 2612 1846 2650 γὰρ

1024 2657 1155 2686 λυποῦσιν
1185 2658 1283 2696 ὀδμαῖς
1312 2660 1356 2687 καὶ
1384 2660 1464 2696 ἀτμῷ
1489 2659 1622 2695 δάκνοντι,
1650 2659 1694 2688 καὶ
1716 2656 1849 2694 σωμάτων

1025 2702 1225 2739 στιλπνότητας
1261 2704 1469 2739 χαταικίζοτσι,
1499 2706 1594 2740 καπνῷ
1631 2702 1852 2742 μεμορυγμὲνας.

1024 2747 1096 2776 εἷ’ποι
1113 2748 1142 2776 ἃν
1159 2750 1287 2785 ποιητής·
1304 2752 1391 2787 κηροῦ
1406 2748 1435 2777 δὲ
1450 2749 1557 2787 ἔξαμμα
1579 2747 1657 2778 οὐδὲν
1686 2747 1757 2778 ἄλλο
1782 2746 1854 2776 ἐστὶν

1023 2793 1041 2828 ἢ
1068 2796 1125 2832 φῶς
1155 2792 1260 2822 ἄλυπον
1289 2795 1444 2834 ἀκραιφνές
1462 2796 1506 2823 καὶ
1530 2792 1588 2833 ἔχει
1618 2793 1737 2823 παλαιὰν
1759 2803 1855 2831 παροι-

1025 2838 1086 2875 μίαν
1108 2839 1258 2877 παραξὲσας
1283 2839 1297 2867 ὃ
1321 2840 1366 2868 τὸν
1389 2839 1474 2879 κηρὸν
1499 2840 1634 2875 ἀνάπτων,
1650 2839 1711 2873 καθ’
1733 2838 1765 2875 ἣν
1794 2842 1859 2873 ταῖς

1021 2881 1144 2919 Μούσαις
1158 2883 1263 2920 ἄκαπνα
1277 2884 1385 2928 θύουσιν
1402 2885 1430 2914 οὶ
1445 2883 1550 2923 ἀοιδοὶ,
1567 2883 1656 2928 “few,
1681 2882 1730 2923 καὶ
1757 2881 1856 2922 ᾳύτός,
1875 2913 1878 2917 ,
