4060 6360
360 417 476 484 801

1369 416 1475 478 DE
1517 413 2005 478 EMENDANDA
2045 412 2232 476 VITA
2290 413 2782 477 MONAGHICA.

3665 414 3784 476 802

359 550 446 606 ὅτι
475 553 582 623 πῦρ
615 547 814 604 ἐκκαίει
848 549 1110 617 ἄκατνον,
1142 547 1233 602 καὶ
1294 547 1400 620 μὴν
1451 546 1542 602 καὶ
1592 545 1799 603 ἄλυπον
1853 542 1908 606 ἐς
1961 543 2026 599 τὸ

2149 545 2404 619 Prytanei
2436 546 2512 618 (9)
2544 547 2824 603 inservire
2854 545 3090 603 dicitur.
3124 547 3276 603 Ceras
3316 549 3406 602 est
3443 546 3618 602 etiam
3648 563 3782 618 pro-

358 646 486 696 πᾶν.
541 641 693 695 Ἔστι
750 639 852 714 γάρ
922 640 1146 706 ἀληθῶς
1218 637 1405 712 φωτὸς
1463 638 1701 712 καθαροῦ
1751 628 1946 708 ὄχημα
1994 633 2022 686 6

2136 634 2330 706 prium
2363 637 2514 706 quod
2549 652 2578 691 e
2605 635 2812 692 multis
2844 635 3014 692 bonis
3035 637 3408 707 componitur
3427 635 3644 707 quibus
3673 637 3787 692 col-

359 729 570 805 κηρὸς,
631 728 691 789 ’ὀς
744 727 834 780 καὶ
892 730 971 797 τῷ
1042 725 1493 798 πρυτανευομὲνῳ
1572 723 1816 796 μυστικῴ
1892 719 2025 795 πυρὶ

2155 723 2380 794 igendis
2413 723 2472 777 in
2497 723 2865 796 receptacula
2887 724 3046 778 mira:
3076 729 3297 778 natura:
3331 729 3565 795 propter
3595 726 3789 782 alveo-

363 820 624 890 Ἀθήνῃσι
674 820 1069 890 καθυπουργεῖν
1120 835 1252 870 ποτε
1308 813 1387 876 εἴς
1447 810 1728 888 ἐνδελεχὲς
1783 809 2021 886 λέγεται.

368 907 574 980 Σεμνὸν
608 902 667 958 δὲ
688 909 786 959 τοῦ
825 908 999 980 κηροῦ
1047 903 1137 958 καὶ
1189 901 1271 957 ὅτι
1326 901 1386 956 ἐκ
1437 901 1642 975 μυρίων
1697 899 1880 955 καλῶν
1935 901 2026 954 ἂν·

367 993 714 1069 θολογεῖται·
774 990 846 1046 ὧν
917 991 997 1064 τῷ
1065 991 1362 1066 κεράσματι
1439 989 1883 1062 σκευωρούμενος
1953 989 2028 1050 εἷς

369 1083 561 1158 δοχεῖα
620 1081 786 1155 σεμνὰ
829 1080 984 1156 φύσει
1031 1078 1122 1135 διὰ
1167 1081 1230 1135 τὸ
1279 1081 1394 1134 κατ’
1428 1079 1562 1134 αύτὰ
1599 1083 1708 1133 τῶν
1761 1077 2025 1152 συρίγγων

367 1172 658 1247 ἑξάγωνον,
703 1170 792 1224 καὶ
844 1168 1015 1232 οὕτως
1083 1167 1474 1242 αἶ’νιγματίζων
1530 1167 1628 1236 τήν
1705 1163 2031 1235 τελειότητα

363 1259 577 1332 (ἐπειδὴ
607 1259 698 1315 καὶ
730 1263 949 1333 πρῶτος
1002 1257 1053 1312 ἐν
1127 1258 1382 1332 ἀριθμοῖς
1438 1253 1673 1319 τελείοις
1733 1253 2028 1334 πεφιλοσό-

2134 811 2223 866 los
2254 829 2352 867 sex
2396 811 2680 868 lateribus
2731 813 3113 883 compositos,
3142 813 3406 880 inservit,
3440 817 3496 869 et
3541 815 3624 869 sic
3657 831 3789 886 per-

2135 901 2400 956 fectionis
2460 901 2696 973 signum
2756 908 2846 958 est
2900 904 3058 973 (cum
3117 902 3344 974 primus
3400 903 3459 956 in
3518 905 3788 974 perfectis

2137 990 2400 1045 numeris
2430 1007 2700 1046 senarius
2723 992 3024 1062 judicetur
3055 1009 3086 1046 a
3118 991 3530 1062 philosophis);
3566 997 3624 1046 et
3655 993 3788 1064 pul-

2136 1078 2343 1133 chrum
2379 1079 2491 1134 mel
2536 1081 2636 1135 dat
2668 1081 2987 1152 repositum
3038 1081 3096 1134 in
3149 1080 3276 1136 suis
3331 1080 3596 1148 alveolis;
3633 1082 3788 1152 quod

2137 1167 2346 1222 deinde
2378 1185 2721 1238 expressum
2755 1174 2810 1224 et
2841 1171 3115 1224 eductum
3165 1169 3402 1236 regibus
3435 1174 3491 1224 et
3523 1171 3793 1242 pauperi-

2139 1257 2251 1312 bus
2283 1257 2382 1311 dat
2413 1257 2751 1326 sanitatem,
2784 1259 2964 1330 ﬁtque
2995 1258 3258 1314 omnium
3288 1259 3532 1313 bonum.

361 1352 529 1428 φηταὶ
585 1350 612 1403 6
667 1347 722 1418 ’ἐξ
799 1347 1073 1424 ἀριθμὸς),
1123 1344 1526 1409 ἐναποτίθεσθαι
1590 1341 1780 1400 δίδωσι
1839 1345 1901 1398 τὸ
1962 1341 2131 1398 καλὸν
2195 1341 2320 1415 μὲλι
2376 1350 2496 1408 ταῖς
2552 1346 2678 1419 παρ’
2737 1344 2883 1417 αὐτῷ
2939 1345 3186 1421 σήραγξι·
3237 1345 3328 1400 καὶ
3389 1342 3603 1400 ἐπειδὰν
3662 1345 3794 1400 αὐτὸ

363 1439 577 1502 πιεσθὶν
609 1435 912 1514 ἑκφορηθῇ,
950 1433 1230 1512 βασιλεῦσι
1259 1435 1552 1513 προσφορὰ
1579 1433 1656 1496 είς
1688 1431 1887 1509 ὑγίειαν
1919 1433 2010 1486 καὶ
2037 1433 2284 1503 πένησιν,
2318 1433 2392 1496 ὡς
2422 1433 2765 1509 παγκὸσμιον
2799 1428 2990 1491 καλόν.

437 1527 551 1597 πη’,
595 1525 723 1582 Εἶτα
783 1523 872 1578 καὶ
929 1526 964 1594 ἡ
1021 1523 1298 1594 ἀποθήκη,
1359 1523 1386 1577 6
1443 1523 1636 1598 κηρὸς,
1693 1521 1768 1585 εἷς
1826 1521 2024 1593 ἀγαθὸν

2209 1523 2299 1576 88.
2335 1523 2553 1578 Deinde
2611 1523 3069 1596 receptaculum,
3129 1526 3246 1580 sive
3304 1541 3458 1592 cera,
3515 1541 3795 1598 magnam

371 1615 508 1690 μέγα
538 1617 778 1668 συντεκεῖ
830 1615 950 1686 (τήν
1006 1609 1256 1689 ἕκφανσίν
1317 1632 1462 1689 φημι
1511 1614 1608 1664 τοῦ
1666 1608 1889 1688 φωτὸς),
1939 1604 2032 1662 ’ίνα

2149 1611 2309 1665 offert
2340 1611 2654 1668 utilitatem
2689 1614 2918 1686 (nempe
2967 1614 3210 1669 luminis
3256 1614 3697 1685 ostensionem),
3734 1618 3800 1670 ut

369 1706 448 1777 τῷ
499 1704 592 1777 μὲν
619 1698 1044 1775 κειμηλιωθὲντι
1089 1699 1271 1774 μὲλιτι
1323 1699 1389 1753 τὰ
1432 1699 1580 1760 ἐντὸς
1635 1699 1686 1753 οἱ
1746 1696 2030 1774 χρώμενοι

2149 1699 2245 1770 qui
2287 1701 2512 1756 utimur
2559 1701 2729 1757 melle
2778 1702 2938 1758 intus
2983 1702 3224 1758 collecto
3273 1703 3567 1773 laatemur;
3621 1707 3798 1774 atque

373 1791 836 1869 παρηγορώμεθα,
895 1795 1011 1852 τοῖς
1083 1787 1140 1844 δὲ
1214 1793 1312 1843 τοῦ
1374 1786 1599 1860 μέλιτος
1656 1785 1900 1862 ἀγγείοις
1955 1789 2035 1856 τῷ

2149 1805 2215 1844 ex
2242 1789 2484 1845 vasibus
2516 1789 2730 1858 mellis,
2765 1808 2918 1862 cera,
2952 1791 3200 1847 multam
3236 1793 3597 1848 curationem
3638 1791 3800 1849 intus

369 1886 529 1958 κηρῷ
562 1880 755 1956 μυρίαν
799 1881 899 1949 τὴν
947 1876 1096 1941 ἐντὸς
1143 1877 1500 1954 ψυχαγωγίαν
1554 1873 1804 1952 ἔχοιμεν,
1837 1873 2035 1945 εὐεξίας

2149 1879 2493 1947 habeamus,
2518 1881 2602 1935 sic
2632 1878 2867 1936 invento
2893 1881 3170 1937 sanitatis
3203 1875 3487 1937 universa
3519 1877 3798 1948 remedio,

367 1993 428 2028 τε
491 1967 847 2038 παντοδαπῆς
922 1969 1205 2046 φάρμακον
1259 1965 1418 2020 αὐτὸν
1479 1963 1896 2040 ἐξευρίσκοντες,
1947 1978 2035 2031 καὶ

2149 1971 2206 2024 et
2246 1967 2366 2024 sole
2421 1967 2601 2024 altero
2651 1970 2931 2025 adversus
2979 1971 3172 2026 omnis
3223 1970 3450 2042 generis
3505 1970 3798 2039 tenebras,

369 2058 521 2132 ἡλίῳ
580 2055 638 2113 δὲ
713 2056 1007 2129 ἀντίμιμον
1067 2054 1202 2110 κατὰ
1256 2054 1480 2117 σκότους
1539 2053 1840 2109 παντοίου·
1903 2053 2035 2128 ἅπερ

2149 2073 2272 2129 quae
2305 2056 2457 2112 bona
2485 2057 2632 2112 nulli
2683 2057 3028 2114 inferiorum
3062 2075 3372 2131 corporum
3405 2059 3644 2116 Creator
3691 2077 3798 2116 na-

369 2147 544 2224 ἀγαθᾶ
614 2142 793 2200 οὐδενὶ
866 2149 974 2198 τῶν
1048 2144 1195 2198 κάτω
1252 2142 1519 2216 σωμάτων
1583 2143 1610 2196 6
1655 2145 1756 2206 τῆς
1820 2140 2030 2218 φύσεως

374 2237 722 2310 Δημιουργὸς
752 2231 995 2305 ἀπέταξε.
1042 2229 1251 2288 Ιιολλαὶ
1317 2232 1411 2304 μὲν
1470 2230 1574 2306 γὰρ
1629 2229 1682 2284 ἐν
1735 2234 1814 2301 τῷ
1837 2229 2032 2301 κόσμῳ

371 2325 460 2380 καὶ
520 2321 684 2377 ἄλλαι
731 2320 1082 2398 γλυκύτητες·
1121 2317 1399 2375 πολλὰδὲ
1439 2321 1528 2374 καὶ
1590 2323 1763 2397 φῶτα,
1817 2318 1886 2372 τά
1937 2317 2032 2390 μὲν

373 2412 651 2486 αὐτόματα
679 2409 811 2465 κατά
838 2431 888 2465 τι
934 2409 1190 2478 αἶ’ωνίζον
1236 2407 1677 2487 διεκφαινόμενα,
1708 2407 1775 2461 τά
1828 2404 1887 2460 δὲ
1941 2405 2032 2460 καὶ

367 2497 506 2578 πρός
587 2520 708 2555 τινα
791 2496 1004 2573 καιρόν.
1062 2502 1318 2552 Τοιοῦτον
1393 2495 1451 2552 δὲ
1503 2519 1556 2551 τι
1617 2493 1772 2550 οὐδὲν
1829 2495 2036 2572 πέφηνε

369 2588 608 2662 δύασμα,
641 2589 830 2643 ὁποῖον
891 2592 970 2659 τῷ
1027 2586 1320 2660 μελισσείῳ
1377 2583 1558 2660 κηρίῳ
1617 2583 2030 2659 ἐντεθεώρηται.

369 2677 606 2739 Μὲλιτός
634 2698 692 2732 τε
721 2676 822 2752 γάρ
855 2675 1172 2750 γλυκύτητα
1212 2675 1295 2736 τίς
1345 2671 1672 2750 ἀναγγελεῖ;
1709 2671 1801 2727 καὶ
1858 2675 2034 2746 κηροῦ

372 2765 430 2822 δὲ
454 2771 568 2845 φῶς
586 2765 669 2828 τίς
703 2764 762 2819 ἃν
797 2764 957 2837 ἀξίως
1008 2765 1409 2835 ἀποσεμνυνεῖ;
1452 2764 1620 2826 Ἔνθα
1676 2761 1765 2815 καὶ
1827 2761 2033 2834 μυστή-

376 2875 492 2932 ριον
550 2854 687 2928 μῦγα
733 2859 850 2915 τοῖς
895 2853 1032 2906 κατᾶ
1080 2853 1208 2906 Θεὸν
1247 2852 1456 2928 βιοῦσιν
1502 2847 1816 2926 ἐνδομυχεῖ.
1853 2847 2034 2923 Κηρός

375 2964 434 2999 τε
461 2943 564 3020 γὰρ
591 2943 964 3015 ἀναπτόμενος
996 2941 1072 3004 εἰς
1118 2945 1235 3019 φῶς
1285 2941 1313 2995 6
1364 2938 1496 3005 ὅλος
1539 2938 1848 3006 ἀναλύεται,
1883 2935 2035 2992 οὐδὲν

376 3053 428 3086 τι
488 3036 712 3105 σημεῖον
768 3028 1164 3106 ἐγκαταλεῖπον
1223 3031 1417 3084 ἑαυτοῦ
1479 3030 1614 3102 μετὰ
1667 3030 1765 3097 τὴν
1819 3022 2031 3081 σϐέσιν·

381 3119 502 3175 οὕτε
531 3120 633 3195 γὰρ
663 3119 883 3198 τέφραν,
918 3115 1042 3174 οὔτε
1070 3139 1121 3172 τι
1170 3117 1450 3192 κάπνισμα
1498 3117 1590 3172 σὺν
1647 3120 1727 3190 τῷ
1789 3113 1929 3188 μηδὲ
1980 3137 2034 3170 τι

379 3207 648 3282 δύσοδμον
693 3209 1002 3287 ἀποφέρειν.
1058 3208 1154 3262 Καὶ
1209 3205 1493 3283 ἄνθρωπος
1527 3203 1585 3260 δὲ
1638 3207 1737 3274 τὴν
1793 3224 2033 3277 πνευμα-

376 3299 532 3367 τικήν
589 3297 787 3374 κουρὰν
827 3295 1062 3369 τέλειος,
1095 3297 1234 3352 καθὰ
1290 3295 1580 3370 ἐκύρωσεν,
1615 3294 1692 3357 εἷς
1751 3298 1866 3371 φῶς
1912 3293 2034 3348 ἑαυ-

2144 2147 2288 2198 turis
2320 2144 2630 2201 concessit.
2661 2144 2847 2200 Multa
2885 2145 3043 2201 enim
3094 2145 3210 2201 alia
3255 2145 3451 2202 dulcia
3480 2147 3540 2202 in
3576 2149 3796 2203 mundo

2143 2237 2302 2302 sunt,
2337 2233 2522 2289 multa
2551 2233 2727 2288 etiam
2759 2233 3006 2306 lumina,
3037 2233 3218 2290 altera
3249 2239 3632 2307 spontaneam
3668 2249 3796 2308 per-

2142 2327 2498 2394 petuamque
2554 2321 2744 2378 lucem
2803 2324 3158 2391 emittentia,
3207 2323 3392 2380 altera
3443 2327 3513 2381 ad
3565 2331 3798 2397 tempus

2143 2409 2447 2482 fulgentia.
2480 2411 2680 2467 Simile
2713 2411 2871 2467 aliud
2906 2413 3120 2484 duplex
3153 2416 3532 2469 commodum
3565 2415 3796 2470 nullum

2142 2504 2254 2564 est,
2287 2501 2442 2555 sicut
2487 2500 2548 2555 in
2588 2517 2720 2556 cera
2778 2501 2988 2558 mellea
3043 2502 3358 2557 invenitur.
3393 2503 3581 2558 Mellis
3639 2504 3794 2559 enim

2143 2589 2513 2644 dulcedinem
2547 2590 2687 2662 quid
2741 2598 2934 2661 aequat
2957 2591 2984 2646 ?
3015 2592 3240 2648 Lumen
3283 2609 3425 2647 cerea
3460 2593 3594 2663 quis
3622 2593 3796 2665 digne

2143 2676 2495 2732 aemulatur?
2524 2678 2607 2733 Ibi
2638 2678 2780 2733 latet
2818 2678 2996 2734 etiam
3030 2680 3376 2753 mysterium
3411 2697 3692 2753 magnum
3724 2681 3797 2735 iis

2143 2765 2246 2837 qui
2295 2766 2623 2820 secundum
2674 2771 2852 2822 Deum
2901 2767 3122 2824 vivunt.
3156 2769 3295 2824 Cera
3348 2769 3503 2825 enim
3553 2786 3798 2826 accensa

2143 2855 2214 2909 ad
2246 2854 2562 2910 lucendum
2593 2859 2717 2911 tota
2746 2858 3136 2927 consumitur,
3171 2858 3520 2930 nullumque
3551 2859 3641 2914 sui
3672 2875 3798 2915 ves-

2145 2943 2354 3014 tigium
2387 2947 2518 3016 post
2549 2946 2962 3001 cremationem
2999 2947 3298 3018 relinquit,
3330 2965 3519 3020 neque
3551 2949 3796 3016 cineres,

2143 3047 2334 3102 neque
2392 3033 2643 3099 fumum,
2685 3050 2870 3104 neque
2927 3035 3182 3106 aliquem
3241 3036 3482 3092 fetorem
3543 3038 3794 3108 reponit.

2143 3121 2356 3175 Eodem
2392 3122 2564 3177 modo
2597 3122 2770 3178 homo
2819 3123 3145 3196 spiritualis
3193 3129 3438 3182 tonsura
3489 3142 3799 3182 consecra-

2143 3212 2262 3276 tus,
2295 3209 2448 3265 sicut
2495 3211 2785 3282 promisit,
2821 3213 3080 3284 seipsum
3113 3215 3186 3269 ad
3231 3214 3548 3269 lucendum
3596 3231 3797 3269 accen-

2145 3297 2250 3362 dit,
2283 3299 2478 3353 volatu
2513 3299 2685 3354 celeri
2730 3300 2800 3354 ad
2853 3302 3031 3356 Deum
3065 3303 3333 3367 tendens,
3367 3303 3558 3374 primo
3589 3301 3799 3358 lumini

377 3387 470 3442 τὸν
527 3387 771 3455 ἀνάπτει,
833 3385 977 3457 ὀξείᾳ
1035 3389 1178 3464 φορᾷ
1222 3384 1359 3460 πρὸς
1419 3384 1546 3487 Θεὸγ
1607 3382 2031 3487 ἀνατεινόμενος,

2149 3386 2388 3457 cupiens
2428 3388 2923 3460 appropinquare,
2959 3393 3035 3458 et,
3071 3395 3138 3446 ut
3181 3391 3265 3447 ita
3302 3391 3517 3459 dicam,
3552 3392 3799 3463 conjun-

371 3475 459 3529 καὶ
513 3479 593 3547 τῷ
649 3474 856 3548 πρώτῳ
913 3473 1052 3552 φωτὶ
1119 3471 1447 3551 φιλονεικῶν
1527 3471 1756 3548 ἐγγίσαι,
1809 3469 1899 3525 καὶ
1958 3471 2032 3533 ὡς

376 3562 547 3618 εἰπεῖν
592 3570 947 3641 συναφθῆναι,
979 3562 1070 3617 καὶ
1123 3559 1293 3635 μηδὲν
1347 3583 1400 3616 τι
1442 3561 1494 3617 ἐν
1550 3567 1666 3624 τοῖς
1723 3559 1872 3615 κάτω
1920 3558 2033 3616 λεί-

371 3655 540 3726 ψανον
577 3651 767 3708 ὁλαῖον
809 3652 1046 3727 ἀφεῖναι,
1077 3649 1145 3706 δι’
1175 3649 1238 3705 οὗ
1291 3651 1382 3706 καὶ
1416 3648 1690 3723 δύσοδμόν
1723 3671 1773 3704 τι
1808 3650 2033 3726 ὲκφήνῃ,

371 3739 500 3797 ἀλλ’
527 3741 602 3804 εἷς
637 3741 815 3813 όσμήν
857 3737 1086 3802 εὐωδίας
1134 3738 1453 3815 λογισθῆναι
1509 3745 1592 3812 τῷ
1649 3743 1785 3811 Θεῷ,
1837 3740 1922 3801 οἷς
1979 3737 2039 3791 ἐκ

369 3835 480 3886 τῶν
505 3831 655 3886 κάτω
685 3828 928 3900 κηλίδων
963 3827 1195 3893 ἅσπιλος
1248 3829 1326 3893 εἷς
1382 3830 1474 3884 τὸν
1532 3830 1902 3905 ὑπερκάθαρον
1946 3825 2036 3881 καὶ

377 3918 664 3994 ὑπεράγιον
698 3919 825 3974 Θεὸν
861 3913 1216 3988 ἀναϐέϐηκεν.

444 4009 551 4072 πθ’.
583 4007 744 4064 Οὕτω
777 4005 1142 4084 φιλοσοφοῦσι
1169 4006 1320 4076 τοὺς,
1345 4008 1418 4068 ὡς
1475 4005 1691 4082 ἐρῥὲθη,
1723 4003 2038 4079 γαμηλίους

372 4095 580 4172 κηροὺς
635 4097 687 4150 οἱ
734 4094 1184 4172 Μεγαλοπολῖται
1245 4095 1609 4170 εὐσχήμονες.
1655 4093 1809 4148 Οὕτω
1876 4091 2042 4170 φωτί-

378 4192 528 4257 ζουσι
584 4184 714 4247 τοὺς
766 4185 802 4253 ἢ
860 4185 962 4252 τὴν
1023 4179 1147 4257 ὄψιν
1201 4183 1770 4259 ἐστινοχωρημὲνους,
1803 4182 1838 4249 ἢ
1873 4179 1950 4243 εἷς
1976 4179 2041 4234 τὸ

372 4279 477 4331 πᾶν
532 4271 974 4352 τυφλώττοντας.
1028 4271 1189 4328 Οὕτω
1247 4269 1564 4326 παιδεύουσι
1615 4270 1744 4332 τοὺς
1799 4269 1898 4324 ὅσα
1947 4266 2040 4323 καὶ

373 4365 481 4421 ἀπὸ
511 4365 738 4426 σκότους
797 4362 888 4417 καὶ
949 4356 1171 4439 ἰρέϐους
1225 4363 1312 4416 καὶ
1377 4362 1565 4442 ζόφου,
1601 4359 1730 4431 ’ὰδὴ
1791 4359 1883 4416 καὶ
1941 4357 2042 4413 ὅσα

372 4461 604 4512 τοιαῦτα
634 4457 662 4510 6
694 4455 842 4510 κάτω
906 4453 1023 4530 βίος
1083 4452 1463 4524 ἐπικέκληται,
1497 4454 1574 4517 εἷς
1627 4455 1690 4510 τὸ
1721 4456 1819 4522 τῆς
1871 4471 2042 4524 μονα-

375 4549 544 4622 χικῆς
574 4543 858 4605 πολιτείας
891 4542 1186 4620 προϊόντας
1216 4547 1350 4622 φῶς,
1387 4544 1488 4600 ὅσα
1524 4543 1614 4598 καὶ
1674 4545 1780 4598 ἀπὸ
1821 4545 1922 4616 γῆς
1966 4539 2044 4601 εἷς

375 4637 466 4691 τὸν
517 4632 776 4713 ἀνέφελον
837 4633 1062 4708 αἰθέρα·
1111 4633 1277 4710 οὗπερ
1341 4635 1393 4689 οἱ
1454 4637 1530 4708 μὴ
1591 4632 2043 4709 ἐπιστρεφόμενοι

377 4722 635 4794 ἴστωσαν,
687 4723 762 4784 ὡς
830 4722 912 4776 ἀεὶ
977 4720 1027 4776 ἐν
1079 4721 1258 4794 σκότῳ
1305 4719 1577 4798 διάγουσιν
1637 4723 1904 4797 ἀλαμπεῖ,
1949 4716 2040 4774 καὶ

2145 3475 2234 3546 gi;
2277 3475 2624 3548 nullumque
2675 3478 2930 3533 materiae
2976 3479 3291 3552 vestigium
3343 3481 3621 3536 emittens
3670 3481 3798 3536 feti-

2145 3564 2286 3619 dum
2346 3565 2586 3620 odorem
2644 3565 2996 3638 relinquere,
3039 3569 3137 3623 sed
3195 3569 3384 3640 magis
3444 3569 3503 3623 in
3563 3570 3800 3625 odorem

2147 3653 2452 3708 suavitatis
2483 3671 2518 3708 a
2547 3654 2664 3710 Deo
2714 3657 2996 3727 reputari,
3029 3673 3218 3728 neque
3249 3674 3283 3712 a
3309 3663 3541 3712 terrena
3588 3675 3802 3714 conce-

2149 3744 2348 3813 ptione
2406 3743 2558 3799 fetus
2614 3744 3048 3812 immaculatus,
3085 3749 3151 3801 ad
3210 3751 3300 3802 ter
3356 3763 3571 3818 purum
3615 3752 3672 3802 et
3718 3752 3808 3803 ter

2148 3836 2420 3886 sanctum
2453 3833 2636 3888 Deum
2669 3833 2947 3890 elevatur.

2220 4009 2424 4064 89.Εο
2483 4009 2656 4064 modo
2714 4025 2879 4067 ceras
2937 4012 3254 4083 nuptiales,
3296 4017 3363 4068 ut
3414 4014 3639 4070 dictum
3697 4021 3809 4084 est,

2153 4097 2378 4154 nobiles
2405 4097 2824 4169 Megalopolitae
2864 4100 3162 4170 judicent.
3193 4102 3284 4156 Sic
3315 4101 3658 4160 illuminant
3705 4106 3811 4161 ho-

2153 4187 2344 4241 mines
2372 4186 2500 4242 visu
2533 4186 2896 4253 debilitatos,
2921 4193 3023 4244 aut
3067 4190 3304 4245 omnino
3346 4207 3551 4248 caecos.
3585 4192 3677 4247 Sic
3708 4195 3811 4249 do-

2153 4279 2286 4330 cent
2302 4274 2568 4329 homines
2591 4292 2619 4328 a
2643 4275 2921 4344 tenebris,
2942 4278 3132 4345 erebo,
3150 4279 3420 4348 caligine,
3442 4280 3529 4335 vel
3553 4298 3813 4352 quocun-

2154 4379 2267 4434 que
2298 4363 2420 4435 pari
2453 4362 2688 4421 nomine
2726 4369 2964 4420 vocetur
2991 4367 3110 4421 vita
3156 4367 3417 4436 inferior,
3443 4370 3540 4441 qui
3573 4387 3813 4442 progre-

2153 4453 2396 4507 diuntur
2427 4452 2495 4507 ad
2530 4451 2729 4508 lumen
2781 4455 3139 4511 monachica;
3169 4457 3323 4523 vitae,
3348 4458 3509 4514 velut
3537 4460 3608 4514 de
3657 4465 3816 4516 terra

2154 4543 2224 4596 ad
2276 4541 2490 4597 aethera
2537 4541 2664 4598 sine
2713 4543 2955 4612 nebula;
3013 4547 3105 4601 cui
3155 4564 3272 4602 non
3322 4550 3693 4606 attendentes
3735 4551 3814 4607 si-

2153 4635 2337 4698 stunt,
2380 4636 2436 4686 et
2493 4631 2552 4686 in
2612 4633 2871 4689 tenebris
2926 4634 3266 4707 caliginosis
3317 4638 3592 4694 videntur
3634 4641 3813 4696 vitam

2153 4736 2342 4791 agere,
2399 4737 2514 4776 non
2564 4721 2717 4776 sicut
2761 4722 3084 4790 Cimmerii,
3117 4741 3262 4794 quos
3311 4725 3630 4798 aliquando
3679 4728 3811 4784 illu-

380 4813 528 4886 αὐτῷ
559 4790 630 4868 οὐ.
651 4812 788 4866 κατά
814 4809 942 4874 τοὺς
972 4790 1335 4885 Κιμμερίους,
1371 4790 1454 4874 οίς
1501 4813 1590 4867 καὶ
1621 4790 1785 4880 ἥλιος
1835 4809 2035 4882 ἐλλάμ-

2158 4790 2379 4865 minare
2427 4809 2514 4866 sol
2572 4810 2807 4879 dicitur,
2841 4813 2944 4867 sed
2996 4790 3149 4868 sicut
3208 4790 3426 4886 sepulti
3483 4818 3540 4870 in
3602 4819 3814 4872 umbra

377 4922 498 4956 πειν
531 4899 752 4976 λέγεταί
779 4919 932 4968 ποτε,
966 4895 1111 4954 ἀλλά
1138 4900 1273 4954 κατὰ
1309 4898 1439 4961 τοὺς
1496 4899 1549 4953 ἐν
1608 4905 1732 4970 σκιᾷ
1788 4899 2038 4970 θανάτου,

377 4994 447 5065 τῇ
497 4991 588 5045 καὶ
641 4990 772 5064 ὑπὲρ
819 4988 1013 5048 σκότος
1040 4987 1352 5064 ταρτάριον.
1387 4990 1456 5046 Οἱ
1507 4986 1553 5043 δ’
1586 4988 1736 5043 αὐτοὶ
1788 4987 2039 5064 Μεγαλο.

379 5080 628 5148 πολῖται,
660 5080 717 5133 οἱ
762 5079 862 5146 τὴν
909 5078 1283 5150 πνευματικὴν
1332 5078 1616 5133 πολιτείαν
1667 5077 1917 5153 μεγάλοι,
1949 5080 2039 5134 καὶ

379 5170 442 5224 τὸ
476 5169 777 5245 μοναχικὸν
809 5165 979 5240 μέλαν
1010 5167 1072 5221 τὸ
1104 5167 1241 5222 κατὰ
1267 5168 1367 5236 τὴν
1396 5165 1604 5222 ἔνδυσιν
1655 5169 1744 5223 καὶ
1791 5169 1887 5231 τὰς
1919 5167 2038 5223 λοι-

379 5257 483 5320 πὰς
537 5255 595 5312 δὲ
645 5257 791 5330 ἱερὰς
854 5255 1174 5329 ἀμπεχόνας
1243 5253 1551 5319 πολυειδῶς
1617 5257 1893 5333 ἀνάγουσι,
1952 5258 2041 5313 καὶ

380 5348 650 5425 φωτεινὴν
709 5345 939 5420 θεωρίαν
989 5347 1058 5418 τῇ
1105 5345 1331 5420 τοιαύτῃ
1387 5344 1617 5418 μελανία
1664 5345 2040 5422 ἐναυγάζουσι.

453 5512 531 5584 (9)
563 5512 927 5567 Prmtaneum
981 5508 1146 5584 locus
1180 5512 1317 5584 erat
1370 5509 1634 5584 Athenis,
1669 5511 1782 5584 ubi
1819 5511 2044 5570 civibus

378 5579 480 5653 jus
509 5579 838 5650 dicebatur,
871 5585 929 5637 et
971 5579 1228 5654 publicis
1258 5583 1597 5654 sumptibus
1619 5579 2046 5642 'nutriebantur

385 5651 729 5728 quicunque
777 5655 850 5728 de
897 5651 1248 5728 re'publica
1285 5651 1450 5728 ‘ben—e
1505 5655 1699 5712 meriti
1756 5660 1944 5713 erant.
1977 5660 2043 5714 In

386 5723 456 5784 eo
486 5723 670 5785 altare
701 5725 960 5799 positum
1005 5723 1132 5784 erat
1180 5723 1299 5798 igni
1348 5742 1516 5785 sacro
1563 5731 1622 5786 et
1669 5733 1951 5801 perpetuo
1981 5731 2042 5788 in

2154 4897 2360 4954 mortis
2420 4899 2758 4954 obscuriore
2811 4902 3086 4956 tartareis
3135 4903 3413 4960 tenebris.
3447 4903 3564 4974 Ipsi
3617 4911 3812 4962 autem

2153 4987 2599 5059 Megalopolitae,
2632 4988 2751 5042 vita
2792 4989 3084 5060 spirituali
3137 4993 3358 5063 magni,
3393 4995 3628 5065 nigrum
3683 5011 3812 5048 mo-

2152 5076 2474 5131 nachorum
2533 5075 2786 5132 colorem
2847 5077 2974 5132 suis
3033 5079 3419 5147 indumentis,
3455 5086 3512 5136 et
3568 5081 3813 5154 reliquie

2151 5164 2412 5220 vestibus
2445 5165 2671 5220 diverse
2710 5170 3027 5232 ostentant,
3063 5167 3294 5239 istaque
3340 5169 3574 5241 nigritie
3606 5170 3809 5241 splen-

2153 5253 2354 5308 dorem
2413 5252 2561 5307 lucis
2621 5270 2739 5308 suae
2799 5260 3036 5325 augent.
3095 5256 3433 5328 Intelligunt
3489 5258 3643 5313 enim
3705 5277 3811 5316 nec

2153 5341 2583 5397 obliviscuntur
2614 5343 2789 5413 (quod
2841 5342 3048 5410 absit!)
3099 5360 3213 5399 non
3267 5351 3508 5417 propter
3553 5346 3806 5404 colorem

2155 5501 2438 5578 honorem
2497 5505 2685 5578 Vestae
2739 5482 3136 5578 destinatum,
3184 5507 3368 5578 cujus
3422 5523 3563 5565 cura
3617 5509 3812 5567 viduis

2155 5573 2528 5656 mulieribus,
2560 5574 2991 5656 Prytanitidum
3035 5573 3294 5649 nomine,
3327 5595 3442 5638 non
3475 5581 3811 5656 rvirginibus

2153 5646 2508 5702 demandata
2537 5649 2683 5703 erat.
3278 5646 3287 5649 ’
3475 5655 3478 5658 ’
