4060 6366
323 375 441 437 803
1095 369 1520 434 EUSTATHII
1562 369 1668 430 ΤΗ
1678 364 2331 430 ESSALONIGENSIS
2377 365 2970 430 METROPOLITE

320 504 624 572 eximium,
656 506 894 576 propter
940 502 1438 574 pulchritudinem
1468 519 1500 557 a
1541 501 1808 574 patribus
1856 499 1943 556 ele

2056 501 2287 567 _Nooiict
2320 496 2446 572 γὰρ,
2479 497 2568 554 καὶ
2617 497 2679 553 οὐ
2731 495 2908 570 δήπου
2955 503 3284 572 παρανοοῢσι
3335 501 3438 573 (μὴ
3486 501 3763 579 γένοιτο),

318 599 472 650 ctam
508 593 693 649 fuisse
722 593 1210 650 vestimentorum
1245 591 1566 661 nigritiem,
1598 607 1664 647 eo
1696 590 1852 661 quod
1883 589 1968 644 vi-

316 683 450 740 litas
482 685 553 739 de
583 681 1017 754 pulchritudine
1048 681 1478 736 excusationem
1522 696 1637 735 non
1682 679 1923 734 haberet
1950 694 1963 733 :

316 773 417 829 sed
448 789 586 828 sane
617 776 855 845 propter
882 771 1212 844 symbolum
1239 769 1367 824 vitae
1395 774 1608 825 sanctae
1639 784 1966 841 congruum

315 862 500 918 electa
527 866 635 917 est.

384 952 474 1007 90.
508 949 820 1005 Monachos
868 949 1076 1003 decent
1123 947 1468 1002 indumenta
1517 946 1706 1018 nigra,
1753 950 1817 1001 ut
1865 961 1966 1017 per

315 1058 402 1111 ea,
461 1039 622 1094 velut
678 1055 780 1108 per
842 1043 1092 1102 noctem,
1151 1037 1464 1092 videantur
1518 1041 1676 1091 astra
1733 1035 1963 1090 virtutis

312 1128 570 1184 lucentia
601 1127 658 1181 in
691 1127 795 1181 eis.
827 1125 990 1180 Sicut
1020 1125 1175 1180 enim
1211 1130 1379 1180 nocte
1411 1130 1569 1181 astra
1599 1124 1777 1179 libere
1808 1124 1962 1179 scin-

313 1216 526 1283 tillant,
561 1215 646 1270 sic
695 1215 805 1272 sub
856 1213 1039 1286 nigris
1073 1215 1256 1269 sacris
1316 1213 1680 1268 indumentis
1735 1213 1962 1268 elucere

312 1306 483 1360 debet
511 1305 694 1359 virtu
726 1319 856 1359 vere
895 1303 1110 1358 lucida.
1149 1302 1318 1357 Aliud
1363 1308 1635 1374 praeterea
1669 1302 1963 1374 signiﬁcat

307 1394 424 1449 ista
482 1393 769 1465 nigrities,
822 1392 1042 1448 scilicet
1100 1392 1512 1447 absconditum
1570 1407 1700 1447 esse
1753 1392 1961 1446 debere

305 1487 562 1539 asoetam
621 1483 693 1537 ad
755 1483 1031 1553 pietatem
1092 1481 1354 1552 seipsum
1413 1485 1799 1548 exercentem,
1843 1497 1958 1536 non

300 1573 484 1628 videri
535 1571 700 1641 velle,
753 1575 819 1626 ut
868 1587 1088 1636 revera,
1124 1585 1238 1625 non
1289 1570 1482 1642 specie
1531 1575 1721 1638 tenus,
1764 1571 1958 1641 justus

303 1667 439 1718 ante
494 1663 680 1718 Deum
741 1661 929 1732 possit
985 1659 1179 1731 palam
1239 1661 1533 1716 dicerezu
1565 1661 1628 1714 In
1686 1659 1956 1714 noctibus

305 1750 517 1808 extollo
549 1767 655 1823 ego
689 1766 901 1804 manus
935 1765 1097 1804 meas
1130 1749 1200 1803 ad
1236 1753 1437 1804 sancta
1461 1750 1526 1817 ¹⁶,
1550 1770 1578 1797 ››
1603 1749 1777 1821 idque
1807 1748 1956 1820 psal-

302 1840 421 1896 lere
475 1839 546 1894 ob
607 1843 772 1894 actus
830 1843 1086 1892 secretos
1143 1842 1201 1892 et
1257 1837 1652 1893 absconditos.
1712 1839 1956 1909 Insuper

293 1928 468 2000 jubet
522 1927 702 1984 vestis
751 1926 993 1982 omnino
1052 1927 1220 1998 nigra
1277 1927 1629 1982 monachum
1661 1925 1956 1983 cmlestem

298 2033 427 2073 esse
484 2017 803 2072 virtutibus
862 2017 1025 2082 suis,
1082 2015 1286 2088 sicque
1353 2033 1531 2088 super
1596 2015 1773 2071 caelos
1837 2015 1953 2070 Deo

296 2107 784 2178 appropinquare.
819 2103 1118 2160 Caeruleus
1170 2103 1328 2159 enim
1361 2105 1592 2160 videtur
1637 2103 1793 2160 color
1842 2121 1952 2160 cce-

293 2193 509 2262 lorum,
535 2195 714 2264 juxta
757 2209 994 2250 veraces
1044 2193 1452 2265 philosophos,
1486 2194 1584 2265 qui
1619 2193 1767 2249 hanc
1815 2211 1953 2250 cau-

296 2299 422 2338 sam
454 2286 747 2346 asserunt,
778 2281 890 2337 hoc
933 2281 1128 2337 locum
1178 2281 1394 2337 habere
1443 2282 1515 2338 ad
1563 2282 1783 2338 bonum
1816 2299 1953 2338 ocu-

296 2371 489 2428 lorum
545 2371 937 2436 intuentium,
988 2374 1226 2442 propter
1283 2370 1657 2427 medietatem
1705 2373 1952 2443 conjun-

297 2461 488 2516 ctione
545 2464 940 2516 extremorum
1008 2459 1230 2530 optime
1295 2459 1691 2525 eﬂ'ormatam,
1751 2461 1832 2516 ita
1888 2466 1954 2517 ut

296 2564 486 2619 neque
553 2549 811 2620 perfecta
876 2547 1146 2603 albedine
1203 2547 1444 2620 fulgeat,
1506 2565 1692 2620 neque
1758 2551 1952 2622 spissa

294 2637 532 2708 nigritia
563 2637 980 2706 abscondatur,
1010 2636 1212 2708 sicque
1244 2638 1426 2693 nostri
1458 2638 1718 2710 corporis
1749 2639 1949 2695 oculos

293 2725 488 2781 laedat.

361 2996 452 3051 91.
484 2994 766 3062 Audisne,
812 3012 1023 3069 magne
1074 2996 1377 3064 monache,
1411 2997 1582 3069 quale
1632 2997 1841 3054 coelum
1891 3003 1948 3055 te

294 3085 445 3140 efﬁci
491 3085 696 3156 jubeat
746 3101 938 3141 sermo
965 3086 1180 3142 verus?
1233 3087 1410 3142 Laedis
1459 3086 1754 3156 laedentes,
1783 3093 1841 3144 et
1887 3093 1943 3144 te

288 3173 485 3245 ipsum
535 3174 594 3230 in
644 3175 874 3247 primis,
908 3176 1144 3247 quando
1194 3175 1440 3232 intueris
1470 3194 1568 3232 eos
1619 3177 1720 3248 qui
1771 3178 1840 3232 ad
1888 3183 1945 3234 te

2081 584 2142 641 οὗ
2206 585 2341 640 κατά
2387 608 2441 641 τι
2490 587 2848 662 χρωματικὸν
2918 585 3183 662 ἐξαίρετον
3259 587 3579 664 ἐπιλεγῆναι
3630 599 3761 658 τοῖς

2076 674 2308 750 πατράσι
2346 677 2408 730 τὸ
2437 680 2534 730 τοῦ
2565 679 2888 754 φορήματος
2940 675 3110 749 μέλαν
3159 677 3227 732 τά
3279 699 3342 754 γε
3385 678 3463 743 εἷς
3511 679 3757 755 κάλλος,

2077 763 2159 819 ὅτι
2220 761 2351 837 μηδ’
2381 762 2440 818 ἂν
2482 763 2604 841 ἔχοι
2651 765 2971 842 συνηγορίαν
3032 764 3118 820 ἐπὶ
3169 765 3366 822 κάλλει
3409 768 3474 822 τὸ
3504 769 3752 835 εὐτελές.

2073 851 2284 910 Ούκοῦν
2317 853 2569 929 ἐπεκρίθη
2603 853 2689 909 ἐπὶ
2731 849 3032 928 συμϐόλοις
3085 856 3188 931 βίῳ
3239 855 3366 929 θείῳ
3411 856 3746 931 πρέπουσιν.

2146 941 2197 1019 ιτ.
2238 943 2558 1018 Ἐπιπρέπει
2631 944 2732 1019 γὰρ
2801 945 2865 998 τὸ
2922 948 3028 998 τῶν
3091 945 3307 1022 ἀμφίων
3392 947 3563 1018 μέλαν
3624 957 3746 1014 τοῖς

2073 1037 2341 1106 μοναχοῖς
2378 1031 2453 1094 εἷς
2501 1033 2561 1086 τὸ
2621 1031 2688 1086 δι’
2719 1033 2885 1088 αὐτοῦ
2943 1031 3039 1088 ὅσα
3066 1033 3155 1088 καί
3207 1055 3357 1099 τινος
3417 1037 3610 1100 νυκτὸς
3654 1039 3743 1094 ἐκ·

2073 1120 2348 1195 φαίνεσθαι
2391 1122 2519 1183 τοὺς
2565 1129 2668 1191 τῆς
2714 1121 2911 1195 ἀρετῆς
2973 1123 3200 1200 ἀστέρας
3261 1123 3314 1178 έν
3372 1124 3556 1190 αὐτοῖς
3601 1148 3736 1201 προ-

2072 1207 2406 1282 λάμποντας.
2458 1211 2548 1272 Ὦς
2604 1211 2708 1286 γὰρ
2767 1210 2820 1265 ἐν
2870 1211 3021 1266 νυκτὶ
3070 1211 3535 1288 παρῥησιάζονται
3581 1215 3731 1271 ἀστέ-

2071 1317 2158 1369 ρες
2209 1297 2284 1361 εἷς
2343 1303 2557 1378 φαῦσιν,
2592 1299 2735 1355 οὕτω
2791 1298 2881 1355 καί
2911 1299 2964 1355 έν
2996 1307 3113 1363 τοῖς
3147 1303 3308 1372 ἱερῶς
3347 1301 3721 1382 μελαμφόροις

2069 1386 2341 1462 ὀφείλεται
2399 1389 2723 1466 παμφαίνειν
2784 1392 2818 1460 ἡ
2878 1392 3014 1465 πρὸς
3081 1390 3342 1461 ἀλήθειαν
3423 1391 3719 1470 φῶτοειδὴς

2068 1477 2253 1551 ἀρετή.
2283 1477 2380 1532 Καὶ
2413 1475 2600 1539 ἄλλως
2631 1474 2690 1532 δὲ
2721 1473 3003 1552 σύμϐολον
3052 1480 3114 1534 τὸ
3163 1480 3416 1535 τοιοῦτον
3478 1481 3731 1555 μέλασμα

2064 1570 2160 1621 τοῦ
2211 1564 2318 1621 δεῖν
2381 1567 2513 1621 εἶναι
2571 1566 2899 1641 κρύπτεσθαι
2965 1568 3242 1642 ἀρετῶντα
3305 1570 3399 1624 τὸν
3459 1570 3726 1641 aiax-grav,

2065 1657 2153 1710 καὶ
2204 1658 2279 1729 μὴ
2331 1654 2732 1732 φανητιᾷν·⁹ίνα
2774 1661 2852 1729 τῷ
2900 1651 3034 1728 ὄντι,
3060 1657 3150 1712 καὶ
3213 1660 3289 1732 μὴ
3349 1659 3486 1734 πρὸς
3528 1681 3728 1738 φανταο

2067 1745 2204 1818 σίαν,
2235 1745 2382 1808 ὅσιος
2411 1743 2483 1800 ὢν
2516 1750 2595 1818 τῷ
2625 1751 2765 1817 Θεῷ,
2798 1741 2900 1822 ἔχῃ
2949 1745 3090 1802 οὕτω
3143 1748 3230 1802 καὶ
3287 1747 3448 1811 αὐτὸς
3507 1748 3726 1824 αὐχεῖν,

1985 1875 2033 1940 Β
2065 1833 2146 1889 ὅτι
2197 1835 2248 1890 ἐν
2292 1840 2409 1896 ταῖς
2455 1834 2596 1908 νυξὶν
2647 1835 2854 1910 ἐπαίρει
2904 1837 3001 1898 τὰς
3052 1841 3241 1911 χεῖρας
3304 1835 3469 1892 αὐτοῦ
3527 1837 3606 1899 εἷς
3659 1839 3731 1894 τὰ

2075 1926 2096 1940 ,,
2255 1923 2379 1940 ,ιη
2567 1921 2776 1940 ,και
2870 1923 2884 1940 κ
2975 1927 3003 1939 ..
3170 1924 3214 1940 ,.
3391 1926 3405 1940 ,
3520 1927 3537 1940 .
3710 1927 3723 1940 .

2066 1926 2208 1999 ἅγια,
2242 1923 2472 1998 ψάλλων
2523 1923 2650 1978 αὐτὸ
2697 1921 2786 1979 διὰ
2831 1923 2893 1979 τὸ
2935 1927 3044 1980 τῶν
3077 1924 3321 2000 πράξεων
3381 1926 3575 2004 ἀφανὲς
3633 1927 3727 1982 καὶ

2066 2013 2521 2089 ἀπανηγύριστον.
2555 2015 2670 2068 Ἔτι
2709 2012 2962 2090 βούλεται
2991 2015 3053 2068 τὸ
3103 2011 3171 2068 δι’
3203 2012 3338 2069 ὅλου
3391 2013 3559 2088 μέλαν
3616 2016 3723 2090 ἅμ-

2064 2124 2185 2177 φιον
2218 2103 2306 2158 καὶ
2339 2101 2524 2166 ἄλλως
2555 2103 2806 2178 οὐράνιον
2845 2108 2962 2165 ταῖς
3011 2105 3226 2178 ἀρεταῖς
3277 2104 3406 2158 εἶναι
3453 2105 3546 2159 τὸν
3612 2126 3724 2178 μο-

2062 2193 2310 2262 νάζοντα,
2342 2192 2433 2247 καὶ
2487 2191 2630 2247 οὕτω
2687 2196 2806 2265 Θεῷ
2834 2196 2912 2265 τῷ
2965 2193 3334 2269 ὑπερουρανίῳ
3388 2190 3719 2264 πελάζοντα.

2063 2283 2161 2338 Καὶ
2204 2283 2307 2358 γάρ
2354 2303 2439 2338 τοι
2487 2303 2623 2336 κατα
2654 2280 2782 2344 τοὺς
2832 2281 2965 2357 ὀρθὰ
2999 2281 3434 2360 φιλοσοφοῦντας
3496 2283 3722 2339 κυάνεον

2059 2373 2146 2426 καὶ
2178 2372 2240 2427 τὸ
2289 2371 2536 2447 οὐράνιον
2570 2369 2902 2449 διαφαίνεται
2963 2371 3188 2447 χρῶμα·
3223 2372 3277 2426 οἳ
3328 2372 3417 2427 καὶ
3476 2371 3726 2428 αἰτιολο-

2057 2465 2211 2534 γοῦσι
2241 2461 2598 2531 προσπίπτειν
2632 2459 2761 2515 αὐτὸ
2789 2464 3039 2515 τοιοῦτον
3078 2465 3198 2524 ταῖς
3243 2465 3351 2516 τῶν
3402 2460 3718 2537 βλεπόντων

2059 2543 2242 2621 ὄψεσιν
2299 2547 2378 2603 ἐπ’
2407 2547 2646 2626 ὠφελείᾳ
2693 2545 2781 2603 διὰ
2827 2549 2929 2618 τὴν
2976 2549 3095 2604 κατ’
3141 2548 3272 2604 αὐτὸ
3325 2549 3619 2622 μεσότητα,
3661 2551 3719 2606 εὗ

2061 2636 2209 2710 μάλα
2264 2639 2601 2712 κεκραμένην
2663 2641 2732 2712 τῇ
2799 2642 2907 2692 τῶν
2982 2635 3160 2715 ἄκρων
3237 2638 3578 2694 συνελεύσει·
3639 2640 3716 2702 ὡς

2060 2729 2199 2800 μήτε
2252 2724 2543 2801 διακρίνειν
2574 2730 2643 2802 τῇ
2675 2726 2893 2803 ἀκράτῳ
2942 2727 3255 2796 λευκότητι,
3292 2729 3432 2801 μήτε
3489 2731 3716 2806 συγκρί-

2054 2837 2158 2872 νειν
2189 2819 2258 2881 τῆ
2307 2817 2578 2893 κατάκρας
2627 2813 2879 2890 μελανία,
2911 2815 3000 2870 καὶ
3045 2815 3188 2876 οὕτω
3226 2815 3488 2893 βλάπτειν
3545 2819 3609 2874 τὸ
3657 2817 3708 2874 ἐν

2054 2909 2189 2979 ἡμῖν
2226 2905 2445 2960 ὀπτικὸν
2474 2907 2535 2960 τὸ
2565 2904 2700 2960 κατά
2730 2925 2794 2980 γε
2823 2908 3004 2978 σῶμα.

2126 2995 2228 3073 ιμ’.
2264 2995 2530 3062 Ἀκούεις,
2575 2993 2619 3048 ὦ
2673 2993 2812 3069 μέγα
2863 2994 3090 3069 μοναχὶ,
3121 2994 3312 3048 ὁποῖόν
3365 3013 3487 3049 τινα
3543 2997 3699 3070 ούρα-

2052 3086 2142 3140 νὸν
2198 3085 2287 3140 καὶ
2348 3084 2405 3138 σὲ
2463 3086 2490 3139 ὁ
2550 3084 2711 3160 ἀρθὸς
2745 3081 2910 3159 λόγος
2944 3083 3076 3137 εἶναι
3113 3081 3408 3158 βούλεται;
3443 3081 3697 3145 Βλάιττιις

2049 3173 2177 3236 τοὺς
2251 3172 2589 3246 βλάπτοντας
2623 3192 2635 3204 ·
2700 3171 2762 3226 ού
2823 3172 2929 3244 μὴν
2981 3168 3040 3226 δὲ
3095 3170 3242 3227 ἀλλὰ
3296 3174 3387 3226 καὶ
3464 3173 3686 3239 σεαυτὸν,

289 3263 596 3329 accedunt,
641 3263 762 3319 sive
809 3263 891 3318 sis
949 3265 1190 3320 omnino
1242 3266 1426 3336 niger,
1469 3267 1590 3320 sive
1638 3265 1942 3338 splendide

2056 3263 2287 3334 ὁπηνίκα
2335 3261 2658 3339 έντρανίσεις
2704 3266 2821 3323 τοῖς
2865 3261 3004 3315 κατὰ
3051 3261 3128 3331 σὶ,
3191 3257 3300 3316 εἷίτε
3355 3262 3489 3339 πρὸς
3536 3258 3689 3335 ἄκρον

289 3351 539 3424 fulgens.
599 3357 720 3407 Tua
795 3353 950 3408 enim
1013 3353 1141 3408 sisti
1201 3355 1258 3410 in
1315 3355 1504 3409 medio
1563 3360 1826 3427 oportet,
1884 3361 1941 3413 et

285 3441 416 3496 ideo
448 3457 580 3495 cum
615 3441 850 3509 virtute,
877 3440 1169 3512 siquidem
1202 3441 1259 3496 in
1295 3442 1485 3497 medio
1519 3448 1637 3498 stat
1668 3444 1941 3514 quaelibet

282 3529 490 3584 virtus.
526 3529 804 3600 Teipsum
857 3530 1040 3602 igitur
1071 3535 1224 3586 recte
1247 3531 1471 3601 judica,
1508 3537 1573 3588 ut
1621 3533 1702 3588 sis
1753 3534 1938 3604 niger,

284 3622 573 3690 quantum
633 3634 873 3674 necesse
927 3623 1039 3687 est,
1075 3623 1250 3690 atque
1301 3620 1476 3675 etiam
1535 3622 1733 3689 albus;
1792 3622 1937 3678 illud

284 3707 523 3776 quidem
559 3710 622 3761 ut
667 3707 853 3762 virtus
905 3711 1008 3762 tua
1057 3708 1475 3776 abscondatur,
1508 3714 1566 3765 et
1612 3711 1941 3767 adducatur

282 3795 496 3850 umbra
527 3795 825 3864 salutaris,
861 3812 976 3850 non
1020 3797 1246 3862 mortis,
1279 3802 1333 3852 et
1367 3813 1534 3854 mens
1565 3799 1940 3871 demergatur

281 3883 343 3938 in
375 3884 693 3954 profundas
728 3884 1155 3951 sententias,.et
1189 3886 1264 3941 sit
1293 3887 1447 3942 nocti
1480 3887 1716 3955 similis,
1750 3907 1934 3960 quan-

281 3972 354 4027 do
388 3971 575 4027 malos
607 3973 755 4029 feres
787 3971 1032 4029 moleste
1057 3979 1114 4029 et
1139 3975 1222 4030 eis
1254 3975 1559 4032 irasceris:
1587 3977 1670 4032 sic
1703 3977 1935 4033 diabolo

277 4061 678 4128 absconderis,
712 4062 784 4117 ab
841 4079 907 4117 eo
965 4063 1245 4135 aufugere
1301 4065 1606 4120 conaberis
1667 4067 1932 4137 atquein

276 4166 495 4205 vanum
560 4151 826 4206 laborare
890 4151 1143 4207 desines.
1205 4153 1321 4208 Hoc
1395 4155 1550 4209 enim
1615 4155 1934 4229 symbolice

277 4239 473 4295 innuit
529 4240 799 4296 monachi
863 4240 1302 4308 indumentum,
1363 4244 1518 4300 nocti
1579 4262 1929 4317 congruum,

276 4328 335 4383 id
368 4329 522 4400 quod
567 4346 681 4384 nox
728 4345 983 4402 quoque,
1018 4347 1144 4401 quae
1197 4332 1470 4389 sensibus
1521 4350 1788 4406 soporem
1822 4335 1930 4390 im-

277 4417 474 4488 pertit,
505 4418 718 4473 sortita
749 4423 858 4475 est.

2054 3351 2455 3426 μεμελάνωσαι,
2515 3349 2622 3405 εἷ’τε
2692 3350 3044 3426 προλάμπεις
3110 3347 3352 3426 ἄκρατα.
3408 3353 3523 3427 Χρὴ
3597 3349 3697 3427 γὰρ

2051 3439 2404 3505 διατεθεῖσθαι
2459 3439 2526 3494 τὰ
2582 3438 2634 3494 ἐν
2681 3439 2765 3493 σοὶ
2801 3439 2980 3512 μέσως
3035 3439 3124 3493 καὶ
3187 3438 3361 3502 οὕτως
3417 3439 3699 3513 ἐναρέτως,

2050 3529 2159 3605 sive
2205 3529 2436 3604 μεσότης
2468 3529 2632 3605 ἀρετή
2687 3533 2849 3585 πᾶσα.
2886 3527 3193 3602 Κατακίρνα
3248 3527 3429 3583 τοίνυν
3485 3529 3704 3584 σεαυτὸν

2049 3620 2368 3695 οεαρέστωςο
2401 3618 2491 3673 καὶ
2555 3615 2972 3691 μελαινόμάνος,
3030 3616 3110 3694 ἐφ’
3169 3615 3292 3672 ὅσον
3356 3618 3560 3693 χρεὼν,
3612 3619 3702 3672 καὶ

2048 3707 2113 3763 αὖ
2152 3707 2314 3763 πάλιν
2374 3705 2907 3778 διαλευκαινόμενος,
2954 3706 3018 3760 τὸ
3082 3707 3176 3778 μὶν
3231 3705 3398 3775 ποίει,
3443 3706 3698 3781 κρύπτων

2044 3799 2143 3868 τήν
2194 3798 2246 3852 ἐν
2298 3797 2381 3851 σοὶ
2431 3797 2650 3872 ἀρετὴν,
2681 3794 2770 3849 καὶ
2821 3795 2970 3849 σκιὰν
3005 3793 3249 3849 ἐκτείνων
3313 3799 3608 3871 σωτήριον,
3639 3795 3702 3849 οὐ

2049 3889 2156 3959 μὴν
2191 3885 2447 3950 θανάτου*
2479 3885 2569 3939 καὶ
2616 3881 2934 3956 ἐμϐαθύνων
2973 3885 3272 3945 ϐειοτάτοις
3320 3885 3583 3956 νοήμασι,
3614 3884 3708 3939 καὶ

2045 3975 2194 4031 νυκτί
2227 3975 2418 4038 ἐοικὼς
2448 3975 2515 4028 τὰ
2564 3974 2806 4042 ὑπώπια,
2839 3974 2928 4027 ὅτε
2977 3969 3346 4027 δυσκολαίνων
3404 3971 3710 4048 ἀγριαίνεις

2043 4066 2179 4120 κατὰ
2235 4064 2450 4120 κακίαν⁹
2483 4063 2572 4118 καὶ
2620 4061 2996 4136 κρυπτόμενος
3051 4059 3109 4117 δὲ
3159 4061 3253 4116 τὸν
3303 4059 3558 4135 δαίμονα,
3611 4063 3702 4118 καὶ

2044 4153 2186 4209 οὕτω
2219 4154 2498 4211 λανθάνειν
2524 4152 2682 4206 αὐτὸν
2731 4152 3097 4227 πειρώμενος,
3128 4150 3219 4205 καὶ
3273 4151 3382 4224 μὴν
3431 4151 3524 4205 καὶ
3582 4152 3709 4206 ἀνα-

2041 4246 2350 4317 παυόμενος
2381 4247 2477 4298 τοῦ
2507 4241 2630 4317 περὶ
2686 4240 2754 4296 τὰ
2806 4240 2932 4294 κενὰ
2983 4239 3544 4315 μοχθεῖν.Ἀπονεύει
3597 4242 3705 4317 γάρ

2037 4355 2122 4389 τοι
2155 4334 2244 4388 καὶ
2277 4332 2352 4395 εἷς
2385 4331 2515 4387 αὐτὸ
2548 4325 2904 4404 συμϐολικῶς
2937 4330 3000 4383 τὸ
3038 4334 3135 4383 τοῦ
3197 4333 3505 4404 μοναχικοῦ
3555 4331 3701 4404 σχή-

2042 4443 2210 4496 ματος
2266 4421 2543 4496 νύκτερον,
2575 4417 2719 4474 ’ὀκαί
2748 4421 2783 4488 ἡ
2829 4417 2966 4492 πρὸς
3013 4417 3264 4489 αἴσθησιν
3325 4417 3706 4492 ἀναπαύσιμος

2035 4511 2127 4582 νὺξ
2155 4509 2524 4584 κεκλήρωται.

344 4595 433 4649 92.
467 4595 625 4652 Talis
675 4613 807 4653 cum
861 4598 939 4653 sit
996 4598 1263 4671 nigrities
1319 4604 1443 4666 tua,
1476 4605 1722 4657 canatur
1753 4603 1823 4657 de
1869 4606 1926 4657 te

2107 4598 2512 4677 Τοιαύτης
2572 4595 2739 4668 οὔσης
2792 4595 2842 4651 ἐν
2902 4596 2988 4650 σοὶ
3043 4595 3378 4670 μελάνσεως,
3429 4591 3604 4666 ᾀδέτω
3663 4599 3700 4667 ἡ

272 4683 390 4739 ista
437 4686 727 4742 sententia
773 4704 849 4742 :«
899 4687 1077 4759 Nigra
1134 4705 1290 4757 sum,
1343 4691 1442 4745 sed
1508 4691 1766 4747 formosa
1798 4693 1861 4746 1".
1899 4713 1920 4741 ιι

271 4774 450 4829 Aliter
512 4775 666 4831 enim
746 4776 1059 4848 pulchrum
1129 4793 1246 4832 non
1333 4788 1459 4849 est,
1529 4781 1682 4851 quod
1769 4796 1926 4836 mere

270 4864 645 4942 nigrum‘est,
681 4865 972 4936 siquidem
1025 4866 1232 4920 mortis
1280 4865 1565 4923 indicium
1597 4872 1686 4924 est
1727 4870 1786 4923 in
1835 4869 1922 4923 in-

269 4952 653 5009 ﬁrmitatibus
684 4954 999 5025 corporeis.
1026 4952 1348 5025 Aliquando
1383 4960 1574 5012 tamen
1611 4957 1922 5028 pulchrum

267 5041 520 5112 videtur,
589 5043 639 5097 si
709 5042 863 5113 quod
932 5047 1346 5098 ornamentum
1412 5045 1669 5101 additur.
1746 5047 1921 5102 Lanis

268 5130 454 5202 nigris
519 5135 959 5202 anteponuntur
1024 5131 1205 5202 nigra:
1271 5135 1422 5188 corvi
1492 5135 1742 5206 plumae,
1803 5153 1920 5192 non

266 5218 633 5292 simpliciter,
667 5221 766 5275 sed
817 5221 1051 5292 quando
1091 5221 1262 5291 juxta
1292 5221 1476 5278 altera
1529 5224 1695 5296 nigra
1724 5225 1917 5280 confe-

266 5314 498 5364 runtur.
531 5309 648 5364 Hoc
696 5326 831 5381 ergo
865 5309 1058 5378 modo,
1091 5309 1200 5366 hac
1233 5327 1530 5380 mensura,
1560 5313 1726 5385 niger
1773 5317 1916 5369 esto.

268 5396 552 5454 Similiter
599 5398 683 5454 sis
731 5398 921 5468 albus,
955 5400 1173 5454 virtute
1223 5400 1483 5470 elucens,
1514 5402 1714 5458 lumen
1765 5402 1919 5458 veri-

266 5485 407 5543 tatis
443 5487 742 5559 emittens,
775 5492 949 5561 rupta
978 5488 1160 5545 densa
1198 5487 1527 5562 hypocrisis
1558 5491 1801 5562 nebula;
1835 5491 1920 5548 sic

353 5695 400 5732 “
425 5699 582 5758 Psal.
612 5718 850 5776 mnu,
877 5706 935 5762 2.
1012 5706 1056 5743 ιτ
1083 5705 1248 5764 Cant.
1282 5723 1324 5778 ι,
1351 5709 1405 5764 4.

2035 4687 2172 4743 κατὰ
2202 4687 2259 4741 σε
2291 4684 2502 4762 διαρτία
2530 4687 2593 4741 τὸ
2625 4711 2652 4738 ‹‹
2697 4683 2945 4743 Μέλαινα
2989 4684 3123 4738 εἶναι
3154 4683 3244 4739 καὶ
3292 4681 3459 4754 καλή.
3494 4709 3521 4737 ››
3559 4682 3699 4739 ’Ἅλ-

2037 4776 2148 4839 λως
2179 4776 2278 4852 γὰρ
2312 4775 2372 4831 ού
2403 4774 2568 4831 καλὸν
2600 4775 2661 4830 τὸ
2720 4774 2886 4849 μέλαν
2948 4773 3158 4847 ἁπλῶς,
3191 4771 3300 4849 εἴγε
3346 4772 3436 4828 καὶ
3491 4775 3695 4849 νεκρώ-

2036 4867 2172 4929 σεώς
2229 4864 2340 4920 ἐστι
2400 4861 2680 4938 σύμϐολον
2741 4864 2793 4918 ἐν
2841 4863 3123 4940 καχεξίαις
3192 4868 3552 4935 σωματικαῖς.
3609 4869 3691 4932 Πῆ

2039 4957 2222 5029 μένσοι
2253 4956 2341 5010 καὶ
2388 4954 2516 5009 αὐτὸ
2545 4952 2712 5009 καλὸν
2749 4954 2877 5008 εἶναι
2919 4953 3183 5027 φαίνεται,
3219 4950 3272 5006 εἶ’
3314 4973 3422 5006 που
3470 4949 3586 5028 ἔχει
3640 4973 3692 5006 τι

2033 5041 2789 5117 ἐπικύσμημα.Τεμνύνονται
2838 5046 2964 5116 γοῦν
3011 5042 3101 5096 καὶ
3163 5039 3213 5094 ἐν
3267 5038 3436 5115 ἐρίοις
3492 5038 3689 5114 μελαν-

2033 5133 2213 5210 αυγέσι
2271 5134 2337 5188 τὰ
2393 5133 2595 5207 κοραξὰ
2651 5132 2762 5207 οὐχ
2821 5129 3034 5200 ἁπλῶς,
3077 5127 3224 5185 ἀλλά
3278 5129 3566 5206 παραθέσει
3616 5130 3680 5199 τῇ

2030 5224 2165 5297 πρὸς
2200 5223 2410 5300 ἑτεροῖα
2447 5221 2674 5294 μέλανα.
2708 5221 2805 5274 Καὶ
2839 5219 2981 5274 οὕτω
3036 5220 3130 5291 μὲν
3183 5219 3274 5273 καὶ
3329 5217 3382 5281 ές
3433 5220 3674 5271 τοτοῦτον

2030 5311 2184 5386 γίνου
2212 5317 2307 5366 τοῦ
2344 5311 2589 5386 μέλανος.
2629 5307 3016 5365 Διαλευκαίνου
3048 5306 3126 5377 δὲ,
3159 5305 3392 5382 λάμπων
3444 5305 3682 5380 ἀρεταῖς,

2029 5402 2115 5455 καὶ
2159 5399 2415 5472 ἀληθείας
2465 5398 2834 5456 ἀποδισκεύων
2886 5403 3023 5477 φῶς,
3057 5396 3147 5452 καὶ
3195 5398 3258 5452 τὸ
3305 5403 3400 5466 τῆς
3455 5393 3687 5466 ὑποκρί-

2031 5509 2163 5552 σεως
2199 5491 2333 5568 βαθὺ
2364 5492 2525 5567 νέφος
2577 5488 2799 5568 ῥηγνὺς,
2831 5488 2922 5544 καὶ
2971 5486 3114 5544 οὕτω
3168 5484 3425 5564 λαμπρὸς
3483 5483 3689 5550 ἐκεῖθεν

3631 369 3767 434 804
