4060 6356
376 399 497 461 805

1390 395 1495 456 DE
1535 391 2033 454 EMENDANDA
2073 391 2258 454 VITA
2302 390 2786 455 MONAGHIGA.

3675 401 3797 467 806

374 528 676 599 ἐκκόπτων,
733 525 823 580 καὶ
875 523 1170 602 αἱθριάζων
1219 530 1340 588 τοῖς
1371 523 1656 601 βλέπουσι,
1701 523 1791 577 καὶ
1827 522 1891 578 τὸ
1921 526 2024 577 πᾶν

2150 525 2376 582 lucidus
2424 529 2573 594 esto,
2606 524 2977 582 intuentibus
3026 528 3400 601 manifestus,
3431 535 3508 603 et,
3539 533 3589 588 si
3620 551 3794 593 omne

351 619 548 686 ¹εἰπεῖν
607 614 835 690 έγγίζων
892 618 974 686 τῷ
1032 614 1171 692 φωτὶ
1203 617 1282 685 τῷ
1315 612 1574 684 ἒληθινῷ,
1609 611 1774 686 οὗπερ
1809 612 1838 666 ὁ
1868 609 2037 674 πέλας

375 705 665 782 γενόμενος
724 704 826 757 οὐκ
875 702 982 766 ἔσθ’
1032 703 1184 764 ὅπως
1234 702 1283 756 ἐν
1340 702 1518 776 σκότῳ
1555 701 1722 774 μένει,
1757 698 1880 755 οὐδὲ
1912 721 2036 756 σκο-

372 800 620 875 τοφορεῖ,
650 793 746 848 κᾶν
782 795 810 846 ὁ
839 791 1055 847 πάντων
1092 789 1176 862 εἷή
1215 790 1571 865 μελάντατος.

448 886 552 963 ια’.
581 887 702 941 "Et:
737 879 956 938 διανοοῦ
987 881 1077 936 καὶ
1110 880 1193 936 ὅτι
1252 883 1314 936 τὸ
1365 880 1800 958 προφαινόμενον
1851 879 1904 935 ἐν
1951 882 2036 934 σοὶ

386 973 551 1048 μέλαν
583 973 674 1028 καὶ
708 973 780 1034 ὡς
813 970 890 1033 εἷς
940 972 1169 1034 θανάτου
1200 965 1478 1044 συμϐολόν
1521 991 1603 1024 σοι
1659 970 2033 1046 προκέκριται·

383 1061 520 1118 ὥστε
575 1064 895 1137 νεκροῦσθαι
949 1060 1043 1132 μὶν
1095 1059 1373 1137 ἰμφαίνεις
1428 1064 1507 1132 τῷ
1567 1060 1802 1132 σώματι,
1859 1064 1939 1131 τῷ
1981 1057 2039 1115 δὲ

379 1150 646 1224 πνεύματι
675 1149 764 1204 καὶ
809 1153 927 1222 ζῇν,
986 1149 1075 1203 καὶ
1131 1144 1568 1225 ὑπεραναϐαίνειν
1620 1149 1719 1218 τὴν
1771 1155 1893 1224 γῆν,
1947 1150 2036 1204 καὶ

379 1242 494 1296 κατ’
530 1239 701 1309 αύτήν
725 1238 922 1308 πάντα,
980 1236 1078 1292 ὅσα
1108 1237 1325 1293 πολλοῦ
1371 1243 1592 1312 τιμᾶται
1623 1243 1740 1300 τοῖς
1771 1235 2034 1302 πεδινοῖς.

377 1329 649 1401 Πένθιμος
678 1327 783 1404 γὰρ
819 1325 935 1402 βίος
967 1327 994 1381 ὁ
1053 1327 1188 1382 κατᾶ
1246 1329 1324 1399 σὲ,
1356 1329 1430 1390 ὡς
1460 1329 1562 1384 οὐκ
1586 1325 1645 1383 ἂν
1678 1323 1832 1403 ἔχοις
1863 1327 2038 1382 ἀντει-

375 1424 520 1478 πεῖν.
581 1418 682 1474 Καὶ
741 1417 830 1473 διὰ
890 1420 1057 1472 τοῦτο
1115 1423 1316 1494 χαραῖς
1373 1417 1605 1481 ἀπάσαις
1654 1418 1744 1473 καὶ
1790 1414 2035 1487 ἡδοναῖς,

377 1511 498 1567 ὅσαι
549 1509 687 1565 κατά
720 1508 863 1585 βίον,
909 1509 996 1562 καὶ
1034 1507 1344 1584 διαχύσεσιν
1406 1509 1635 1585 ἀμιγῆς,
1697 1508 2034 1579 ἀπήνθησας,

375 1600 465 1656 ὅτε
494 1601 594 1669 τὴν
639 1597 820 1670 κόμην
869 1601 1249 1670 πνευματικῶς
1294 1597 1586 1674 ἀπεθρίξω·
1643 1595 1751 1674 εἷ’γε
1805 1597 1893 1652 καὶ
1950 1598 2038 1652 ἀν-

378 1694 487 1754 θεῖν
544 1687 756 1764 λέγεται
807 1684 1016 1763 κεφαλὴ
1053 1685 1105 1740 ἐν
1137 1691 1216 1758 τῷ
1270 1691 1469 1760 κομᾷν.
1532 1690 1780 1759 Ενθυμοῦ
1836 1685 2034 1756 νοίνυν,

377 1779 459 1833 ὅτι
507 1796 566 1831 τε
620 1778 833 1850 καρποῦ
863 1773 1079 1848 καιρίου
1126 1769 1306 1828 δὸσιον
1372 1775 1616 1850 ὑπέσχου
1649 1774 1783 1846 μετά
1806 1775 1906 1842 τήν
1940 1771 2038 1828 ἄν·

376 1867 498 1937 θην,
557 1863 620 1918 οὗ
678 1859 997 1938 πρόδρομος
1055 1863 1122 1932 ἦν
1184 1859 1384 1934 ἔκείνη’
1446 1863 1537 1918 καὶ
1569 1863 1642 1926 ὡς
1675 1864 1780 1917 οὑκ
1809 1860 1919 1917 ἔστι
1950 1883 2034 1917 σοι

375 1952 608 2024 ἐξανθεῖν
669 1951 1079 2026 κοσμικώτερον
1125 1953 1258 2024 μετά
1288 1952 1388 2020 τήν
1449 1952 1592 2015 θείαν
1651 1952 1873 2027 κουράν.
1936 1950 2031 2007 Καὶ
2065 1922 2112 1986 Β

373 2042 573 2098 τούτου
631 2038 864 2116 αἴνιγμα
919 2041 1010 2095 καὶ
1065 2044 1100 2110 ἠ
1160 2045 1268 2095 τῶν
1328 2041 1578 2113 ἀνθηρῶν
1631 2041 2029 2119 ἀμφιασμάτων

374 2130 656 2198 ἀπόθεσις,
712 2129 803 2183 καὶ
861 2127 1010 2192 ὅσοις
1064 2127 1258 2191 ἄλλοις
1289 2126 1608 2207 φθελμαίνει
1637 2132 1854 2204 τρυφῶν
1891 2128 2028 2205 βίος,

377 2216 895 2293 συνεκϐαλλομένων
939 2224 1055 2280 τοῖς
1115 2218 1432 2294 βαθυτέροις
1483 2219 1764 2294 βιωτικοῖς
1790 2217 1878 2272 καὶ
1921 2223 2028 2273 τῶν

380 2307 730 2382 ἰξεπιπολῆς.

451 2395 554 2475 ιβ’.
613 2396 708 2463 Μή
738 2394 835 2469 γὰρ
897 2390 1014 2448 οἷόυ
1051 2391 1192 2467 μηδὲ
1251 2388 1579 2450 ἀναϐαινέτω
1623 2393 1894 2470 λογισμὸς
1954 2395 2029 2457 εἷς

373 2488 474 2556 τὴν
528 2481 751 2560 καρδίαν
803 2504 922 2551 σου,
957 2481 1093 2538 εἶναί
1145 2504 1198 2537 τι
1256 2481 1405 2546 ὅλως
1460 2484 1495 2552 ἢ
1553 2488 1801 2559 μοναχοῦ
1832 2483 2031 2560 ἀγαθοῦ

371 2576 682 2654 γνώρισμα,
740 2572 776 2642 ἢ
836 2573 1030 2628 λαῖκου
1089 2573 1397 2648 εύχρήστου
1455 2575 1600 2649 παρὰ
1658 2575 1741 2628 σοὶ
1767 2573 1826 2629 ἐκ
1859 2574 2031 2647 μόνου

371 2669 472 2720 τοῦ
533 2661 932 2739 μελαμφορεῖν,
984 2661 1065 2715 δτι
1102 2663 1178 2734 μὴ
1213 2661 1377 2735 μόνον
1437 2662 1500 2717 τὸ
1525 2662 1769 2738 κατάγειν
1795 2664 1858 2718 τὸ
1893 2662 2032 2739 μέγα

379 2759 575 2828 σχῆμα
629 2755 710 2822 τῷ
765 2751 884 2804 κατ’
958 2750 1152 2824 ἀρετὴν
1217 2754 1595 2826 σχηματισμῷ
1653 2751 1730 2814 εἷς
1789 2751 2032 2828 μεγάλην

383 2840 686 2914 ὑπόκρισιν,
748 2836 843 2894 εἴτ’
904 2838 997 2893 οὗν
1053 2839 1115 2893 τὸ
1160 2837 1328 2894 καλὸν
1382 2838 1676 2915 πρόσωπον
1731 2840 1807 2902 εἷς
1861 2861 2030 2916 προσ-

387 2934 586 2985 ωπεῖον
649 2927 1022 3004 ὑποκριτικὸν,
1053 2928 1144 2982 καὶ
1175 2927 1472 3004 φενακίζειν
1505 2928 1586 3000 αῷ
1615 2927 2030 3006 πρεφαινομένῳ

383 3018 510 3082 τοὺς
585 3015 1010 3092 ἁπλουστέρους,
1076 3017 1165 3072 καὶ
1228 3020 1396 3092 μήπω
1449 3020 1878 3094 πεπειραμένους
1932 3027 2032 3089 τῆς

382 3116 480 3180 σῆς
536 3105 845 3172 διαθέσεως.
919 3109 991 3164 "0
1046 3106 1136 3161 καὶ
1196 3105 1401 3182 λῃστής
1454 3128 1587 3162 ποτε
1641 3109 1730 3163 καὶ
1788 3108 2031 3178 κλέπτης

382 3194 764 3271 μιμησάμενος
820 3193 1171 3270 ὑποκρίναιτο
1227 3193 1287 3250 ἂν
1353 3197 1444 3251 τὸν
1499 3193 1797 3272 καλόγερον
1832 3195 1919 3252 ἐπὶ
1951 3196 2030 3268 ἐξ·

2147 614 2462 669 dicendum
2495 619 2604 682 est,
2637 615 2941 687 proximus
2971 633 3103 672 vero
3137 616 3368 687 lumini,
3401 621 3472 675 ad
3505 625 3658 693 quod
3692 627 3795 696 qui

2146 699 2475 770 accesserit,
2508 704 2566 759 in
2599 705 2855 760 tenebris
2876 721 3178 762 remanere
3202 723 3315 762 non
3352 712 3580 780 poterit,
3606 730 3796 787 neque

2145 791 2294 848 ferre
2324 794 2615 860 tenebras,
2651 794 2787 849 licet
2817 794 2895 849 sit
2923 797 3186 850 omnium
3220 795 3593 868 nigerrimus.

2215 881 2304 936 93.
2339 883 2654 939 Considera
2702 883 2879 938 etiam
2938 883 3234 955 nigritiem
3286 885 3342 938 in
3396 893 3452 942 te
3500 893 3796 949 ostensam

2146 968 2388 1025 electam
2439 987 2567 1026 esse
2626 971 2686 1026 in
2744 971 2977 1044 signum
3032 973 3257 1042 mortis,
3291 973 3373 1028 ita
3432 980 3496 1030 ut
3555 993 3798 1051 corpore

2145 1058 2398 1114 videaris
2432 1065 2700 1115 mortuus
2730 1077 2878 1126 esse,
2903 1062 3004 1116 sed
3035 1061 3221 1116 vivere
3253 1063 3486 1134 spiritu,
3517 1071 3575 1121 et
3603 1085 3801 1125 ascen-

2145 1147 2281 1201 dere
2329 1164 2507 1218 super
2552 1153 2767 1204 terram
2828 1153 2883 1204 et
2937 1149 3136 1206 omnia
3191 1155 3442 1219 terrena,
3475 1171 3508 1209 a
3547 1159 3794 1215 terrenis

2147 1236 2345 1308 magni
2385 1237 2694 1294 aestimata.
2733 1241 2937 1294 Amara
2983 1239 3138 1294 enim
3171 1241 3289 1295 vita
3335 1247 3456 1312 tua,
3482 1246 3635 1316 quod
3687 1265 3794 1304 ne-

2144 1339 2282 1397 gare
2313 1341 2429 1380 non
2461 1329 2645 1396 potes.
2681 1328 2815 1382 Ideo
2857 1328 3089 1398 gaudiis
3129 1330 3406 1387 omnibus
3438 1335 3495 1387 et
3521 1334 3794 1408 volupta-

2145 1414 2306 1470 tibus
2336 1414 2486 1481 vitsa,
2519 1419 2578 1470 et
2610 1414 2986 1471 exsultationi
3035 1433 3148 1472 non
3177 1418 3390 1475 mistus
3419 1425 3793 1494 renuntiasti,

2146 1519 2278 1558 cum
2312 1520 2540 1560 comam
2581 1505 2964 1577 spiritualiter
3009 1507 3332 1578 deposuisti
3368 1525 3380 1562 :
3416 1520 3589 1583 caput
3636 1515 3791 1570 enim

2146 1592 2350 1648 ﬂorere
2381 1593 2595 1648 dicitur
2625 1595 2751 1650 suis
2781 1593 3028 1666 capillis.
3064 1595 3384 1652 Recordare
3415 1615 3550 1671 ergo
3580 1604 3636 1658 te
3665 1619 3796 1660 esse

2145 1680 2420 1736 daturum
2491 1682 2746 1736 fructum
2802 1682 2861 1737 in
2919 1687 3184 1754 tempore
3253 1686 3596 1756 promisisse
3667 1697 3797 1762 post

2143 1773 2334 1836 flores,
2369 1771 2540 1842 cujus
2573 1770 2632 1825 hi
2667 1771 2855 1826 nuntii
2899 1777 3066 1840 sunt;
3099 1773 3318 1844 tibique
3365 1776 3452 1831 fas
3506 1795 3620 1834 non
3666 1797 3796 1837 esse

2144 1858 2372 1930 capillis
2430 1859 2732 1916 ﬂorescere
2792 1865 2924 1932 post
2979 1867 3241 1918 sanctam
3297 1867 3626 1923 tonsuram.
3681 1871 3794 1926 Hoc

2142 1947 2319 2002 etiam
2378 1947 2643 2004 indicant
2689 1949 2964 2022 depositas
3014 1954 3204 2006 vestes
3256 1951 3496 2023 ﬂoridae,
3531 1960 3588 2011 et
3633 1973 3795 2028 quae-

2143 2051 2374 2108 cunque
2433 2036 2550 2092 alia
2607 2041 2863 2094 ostentat
2920 2038 3195 2095 deliciose
3246 2042 3468 2110 vivens,
3520 2047 3796 2116 projectis

2142 2141 2276 2180 cum
2308 2127 2485 2182 rebus
2515 2125 2762 2182 internis
2802 2127 2874 2184 iis
2926 2128 3102 2184 etiam
3136 2146 3264 2200 quae
3295 2136 3436 2188 sunt
3465 2134 3537 2188 ad
3584 2151 3794 2208 super-

2141 2214 2354 2270 ficiem.

2210 2391 2300 2446 94.
2333 2392 2414 2447 Ne
2445 2393 2747 2449 arbitreris
2795 2395 2976 2460 enim,
3007 2411 3110 2450 nec
3148 2396 3206 2452 in
3241 2413 3340 2452 cor
3368 2402 3538 2454 tuum
3587 2417 3790 2457 ascen-

2142 2481 2242 2535 dat
2270 2482 2386 2536 ista
2414 2481 2710 2554 cogitatio,
2739 2482 2901 2555 pium
2935 2485 3304 2550 monachum,
3329 2504 3428 2543 seu
3464 2487 3791 2545 beneficum

2139 2568 2358 2625 laicum
2415 2571 2678 2643 dignosci
2737 2589 2805 2628 ex
2871 2572 3012 2629 solis
3065 2575 3333 2632 vestibus
3400 2577 3612 2649 nigris;
3672 2578 3792 2636 imo

2141 2674 2274 2715 vero
2307 2676 2589 2732 magnum
2615 2661 2773 2716 istud
2805 2662 3218 2719 indumentum
3242 2665 3477 2720 virtutis
3507 2667 3790 2724 indicium

2142 2748 2357 2804 mutari
2402 2749 2462 2804 in
2512 2765 2785 2822 magnam
2835 2751 3192 2824 hypocrisin,
3228 2752 3533 2824 pulchram
3583 2756 3790 2813 faciem

2141 2837 2202 2892 in
2256 2837 2476 2894 larvam
2523 2839 2792 2908 comoedi,
2845 2846 3021 2912 atque
3078 2859 3145 2897 ex
3195 2843 3552 2914 apparentiis
3601 2846 3789 2918 decipi

2141 2927 2460 3000 simplices,
2489 2945 2709 3002 eosque
2739 2931 2839 3001 qui
2889 2936 3058 2987 tuum
3109 2948 3346 2990 sensum
3395 2936 3656 2990 nondum
3691 2953 3788 2992 co-

2141 3023 2486 3088 gnoverunt.
2521 3020 2681 3084 Quod
2715 3019 3016 3076 imitantes
3062 3020 3322 3076 latrones
3352 3027 3410 3077 et
3445 3023 3601 3078 fures
3633 3041 3789 3081 reve-

2141 3107 2388 3162 rendum
2421 3123 2618 3163 senem
2669 3109 2863 3164 forsan
2895 3109 3229 3165 simulando
3278 3110 3425 3166 alios
3469 3111 3790 3184 decipiunt,

2141 3199 2198 3250 et
2241 3196 2490 3251 maxime
2521 3213 2658 3252 cum
2709 3197 2950 3269 capillos
2980 3199 3191 3270 capitis
3240 3199 3332 3255 sui
3382 3201 3704 3273 deponunt,
3739 3207 3797 3257 et

379 3287 581 3360 απάτῃ,
639 3285 729 3339 καὶ
792 3281 1026 3357 μᾶλλον,
1073 3283 1163 3338 ὅτε
1220 3285 1316 3346 τὰς
1371 3283 1568 3361 τρίχας
1595 3283 1796 3347 ἐκεῖνος
1839 3285 2032 3362 ἀπάγει

2150 3285 2298 3339 cutis
2363 3283 2690 3356 depilatur,
2750 3292 2815 3342 ut
2879 3287 3091 3342 deinde
3157 3288 3387 3360 capillis
3453 3307 3568 3345 non
3638 3291 3795 3347 abri-

375 3381 476 3446 τῆς
533 3375 799 3453 κεφαλῆς,
857 3371 912 3428 ἐν
969 3377 1095 3448 χρῷ
1153 3372 1436 3446 ψιλωθείς’
1497 3374 1573 3436 ὡς
1630 3372 1689 3429 ἂν
1753 3376 1891 3446 μήτε
1940 3376 2031 3430 τὸν

379 3463 579 3519 ἰκεῖθεν
626 3462 897 3535 έλκυσμὸν
949 3461 1181 3538 πάσχοι,
1234 3463 1323 3517 καὶ
1384 3463 1437 3518 έν
1468 3463 1779 3539 εὐσχήμονι
1812 3465 1906 3536 θέᾳ
1934 3485 2033 3538 μο-

378 3554 634 3622 νάζοντος
666 3549 969 3628 ῥᾳδιουργῇ
1003 3547 1308 3620 λανθάνων,
1353 3553 1442 3606 καὶ
1504 3553 1647 3607 οὕτω
1708 3554 1784 3626 μή
1817 3552 2033 3608 κωλυό-

386 3662 545 3715 μενος
594 3639 646 3696 ἰν
705 3638 888 3714 ἡμέρᾳ
944 3645 1329 3714 κακοπραγεῖν.
1391 3639 1622 3714 Νύκτωρ
1679 3641 1782 3718 γὰρ
1813 3637 2035 3718 ἔχουσιν

382 3731 434 3785 οἱ
483 3733 725 3785 τοιοῦτοι
757 3723 1074 3803 ἀποκρυϐῆς
1099 3723 1316 3804 πρόϐλη
1329 3750 1402 3802 μα
1431 3730 1492 3784 τὸ
1529 3729 1663 3805 βαθὺ
1693 3737 1795 3800 τῆς
1823 3730 2032 3802 νυκτός,

382 3818 458 3881 εἰς
518 3819 651 3893 ἅπερ
711 3818 1073 3894 ἀφομοιοῦται
1130 3816 1219 3872 καὶ
1271 3813 1786 3892 ὁπροϐεὗλημένος
1832 3821 1925 3892 μὲν
1974 3821 2036 3875 τὸ

381 3913 523 3972 θεῖον
561 3904 730 3980 μέλαν
783 3910 880 3962 τοῦ
910 3907 1222 3982 σχήματος,
1254 3904 1506 3962 κλέπτων
1537 3905 1594 3963 δὲ
1619 3909 1746 3970 τοὺς
1787 3907 2036 3971 πολλοὺς

381 3993 452 4051 δι’
507 3996 692 4051 αὐτοῦ’
754 3995 845 4050 καὶ
891 3999 960 4068 τῇ
1011 3995 1212 4072 φενάκῃ
1243 3995 1463 4072 ἀπάγων
1515 3995 1592 4058 εἲς
1621 3993 1876 4074 ὅλεφρον,
1907 3995 2038 4061 ἴσως

382 4087 479 4158 μὶν
527 4084 616 4140 καὶ
666 4080 1001 4159 σωματικὸν,
1053 4082 1290 4156 μάλιστα
1320 4081 1378 4138 δὲ
1405 4085 1494 4138 τὸν
1549 4087 1686 4140 κατὰ
1736 4089 1942 4160 ψυχήνο
1973 4089 2034 4156 ἢν

377 4172 626 4248 λῃστεύει
682 4173 746 4228 τὸ
799 4173 917 4236 καθ’
953 4171 1238 4246 ὑπόκρισιν
1277 4171 1530 4246 βάθιστον
1568 4173 1780 4243 σκότος,
1838 4175 1900 4229 τὸ
1958 4178 2034 4249 μή

378 4263 782 4338 Χριστιανικὸν,
813 4258 964 4316 ἀλλὰ
993 4257 1300 4333 δαιμόνιον·
1335 4262 1364 4316 ὃ
1395 4263 1650 4340 φευκτέον
1679 4263 1772 4320 τὸν
1814 4262 2035 4335 ἀληθῶς

371 4357 470 4408 τοῦ
500 4356 639 4408 Θεοῦ
670 4349 980 4427 ἄνθρωπον.

449 4444 546 4521 ιιέ.
579 4443 647 4499 Εἴ
702 4443 804 4520 γὰρ
853 4441 944 4497 καί
1000 4465 1053 4498 τι
1102 4444 1292 4507 νυκτὸς
1325 4442 1605 4517 ὁμοίωμα,
1662 4447 1697 4499 ἢ
1757 4449 2033 4522 μοναχικὴ

382 4532 614 4606 μελανία
662 4533 1090 4612 καθυπογράφει.
1133 4531 1308 4590 Ἀλλᾶ
1353 4533 1443 4588 καὶ
1498 4538 1611 4612 φῶς
1667 4529 1814 4612 ἔχειν
1873 4537 2034 4592 ἄπαι-

371 4627 544 4677 τεῖται
602 4623 740 4697 πρὸς
802 4621 1037 4695 μίμησιν
1066 4625 1166 4692 τῆς
1198 4624 1334 4679 κατά
1388 4622 1592 4696 κόσμον
1648 4624 2033 4699 αίθριαζούσης

375 4709 588 4773 νυκτός·
655 4709 891 4784 μάλιστα
926 4711 1020 4784 μὲν
1053 4709 1144 4766 οὖν
1209 4713 1339 4786 ὑπὲρ
1397 4711 1648 4786 μίμησιν
1703 4711 1798 4769 ’ἱνα
1819 4736 1902 4777 τις
1933 4713 2037 4792 ἔχῃ

379 4797 558 4876 λέγειν
591 4799 680 4854 καὶ
714 4799 802 4855 ἐπὶ
844 4801 1098 4855 τοιούτου
1151 4798 1567 4874 μελανείμονος,
1619 4800 1783 4877 οὗπερ
1817 4806 1852 4874 ἡ
1901 4805 2038 4860 κατά

372 4893 588 4962 πνεῦμα
617 4887 704 4961 νὺξ
743 4891 1074 4965 ἡμεροφαής
1127 4890 1258 4962 θείῳ
1299 4891 1560 4965 κράματι,
1611 4891 1695 4946 τό·
1753 4917 1773 4942 ι
1833 4893 2038 4969 Ἡμέρα

375 4981 445 5052 τῇ
477 4976 661 5055 ἡμέρα
691 4977 960 5053 ἐρεύγεται
997 4977 1149 5054 ῥῆμα
1201 4979 1573 5054 θεωρητικῐιίις²
1639 5002 1667 5031 ››
1715 4982 1854 5045 καθὰ
1912 4982 2036 5055 ζώῳ

380 5064 596 5143 λογικῷ
623 5068 818 5143 πρέπει
847 5067 936 5121 καὶ
969 5071 1172 5142 νοερῶς
1202 5065 1452 5140 λαλητῷ,
1500 5065 1644 5124 εἷ’ποι
1694 5069 1752 5124 ἂν
1799 5072 1826 5125 ὁ
1885 5068 2032 5129 Ἰώϐ-

377 5153 700 5220 ἀκολούθως
758 5153 816 5210 δὲ
861 5155 952 5210 καὶ
999 5155 1090 5226 νὺξ
1140 5156 1286 5212 νυκτὶ
1337 5156 1658 5232 ἀναγγέλλει
1705 5164 1923 5236 γνῶσιν,
1973 5163 2034 5231 ἣν

375 5249 455 5318 τῷ
513 5245 867 5322 σχολαστικῳ
916 5241 1068 5319 ἀνδρὶ
1119 5245 1181 5300 οὐ
1241 5245 1439 5320 θεωρία
1501 5248 1688 5321 μόνον,
1749 5248 1893 5305 ἀλλά
1948 5251 2038 5306 καί

376 5335 568 5409 πρᾶξις
626 5338 991 5408 περιποιεῖται
1023 5331 1375 5411 σχολάζοντι,
1423 5334 1512 5390 καὶ
1540 5335 1682 5392 οὕτω
1711 5340 2036 5414 γινώσκοντι

381 5422 476 5477 τὸν
507 5421 660 5477 Θεόν.

451 5511 554 5589 ιιςό
587 5513 668 5584 Τῇ
701 5507 778 5580 δδυ
840 5510 916 5571 ὡς
975 5506 1191 5586 δῤῥέθη,
1251 5512 1559 5589 κεκραμένη
1616 5513 1766 5571 νυκτὶ
1829 5517 2038 5597 ἑπιφω.

452 5725 499 5764 ³³
531 5724 685 5786 Pal.
714 5741 878 5802 mn,
907 5728 970 5793 34

2145 3373 2401 3444 piantur,
2436 3378 2609 3444 atque
2659 3375 2770 3431 sub
2819 3381 3058 3448 aspectu
3085 3378 3321 3433 verendi
3370 3380 3643 3435 monachi
3691 3381 3799 3436 ab-

2146 3461 2398 3517 sconditi
2436 3463 2666 3519 facilius
2698 3470 3032 3536 operentur,
3067 3467 3269 3538 sicque
3315 3484 3430 3523 non
3470 3469 3799 3540 impedian-

2146 3554 2243 3605 tur
2294 3551 2537 3607 meridie
2586 3552 2740 3609 mala
2785 3559 3141 3626 perpetrare,
3174 3561 3340 3611 nocte
3389 3557 3548 3613 enim
3600 3559 3801 3614 densis

2146 3640 2403 3696 tenebris
2453 3647 2840 3713 proteguntur
2881 3649 2938 3699 et
2965 3644 3253 3700 velantur.
3291 3650 3441 3701 Istos
3487 3649 3804 3703 aemulatur

2148 3729 2248 3802 qui
2307 3736 2620 3802 augustam
2681 3732 3162 3789 indumentorum
3214 3733 3510 3806 nigritiem
3560 3738 3800 3809 profert,

2149 3835 2250 3889 per
2278 3835 2405 3874 eam
2439 3819 2678 3892 decipit,
2708 3825 2764 3876 et
2796 3821 3137 3892 deceptione
3175 3823 3336 3878 ducit
3366 3824 3436 3878 ad
3471 3825 3800 3894 interitum,

2149 3923 2573 3976 nonnunquam
2623 3925 2956 3980 corporum,
2991 3911 3090 3966 sed
3143 3913 3397 3968 maxime
3445 3914 3800 3983 animarum,

2148 4010 2297 4066 quas
2327 3997 2559 4051 furatur
2588 3997 2921 4069 caliginosae
2965 3997 3291 4071 hypocrisis
3323 4001 3654 4059 obscuritas
3686 4019 3803 4058 non

2148 4083 2498 4156 Christiana,
2531 4087 2633 4141 sed
2683 4087 2872 4158 magis
2902 4087 3211 4160 diabolica,
3244 4106 3490 4162 quaeque
3520 4107 3655 4147 vero
3700 4091 3805 4148 ho-

2148 4171 2293 4227 mini
2323 4172 2423 4228 Dei
2455 4174 2735 4246 fugienda
2763 4181 2853 4230 est

2215 4448 2307 4504 95.
2340 4447 2400 4504 Si
2458 4465 2586 4521 quas
2643 4455 2733 4506 est
2788 4451 2946 4507 enim
3003 4454 3192 4510 noctis
3251 4455 3602 4523 similitudo,
3656 4457 3804 4514 hanc

2148 4537 2323 4593 refert
2353 4539 2694 4595 monachica
2743 4541 3028 4611 nigrities.
3059 4543 3130 4599 Et
3181 4543 3419 4601 aliunde
3465 4545 3664 4602 lumen
3698 4547 3806 4603 ha-

2065 4647 2115 4716 D
2146 4627 2280 4682 bere
2305 4629 2570 4699 jubetur,
2605 4630 2675 4685 ad
2708 4629 3025 4687 imitandae
3063 4631 3294 4689 lucidas
3342 4635 3551 4691 mundi
3585 4642 3808 4708 noctes,

2147 4721 2204 4772 et
2234 4717 2302 4772 ad
2336 4718 2590 4788 perfecte
2621 4719 2960 4788 imitandas,
2997 4725 3061 4776 ut
3101 4723 3173 4778 de
3212 4723 3321 4778 hoc
3354 4723 3592 4780 homine
3625 4725 3809 4797 nigris

2147 4804 2377 4877 induto,
2400 4808 2571 4879 cujus
2604 4825 2717 4863 nox
2749 4809 3076 4880 spiritualis
3099 4811 3300 4867 divino
3330 4817 3614 4868 concentu
3649 4815 3806 4869 diem

2146 4893 2388 4961 indicat,
2422 4897 2534 4951 dici
2569 4897 2756 4968 possit
2789 4914 2801 4952 :
2833 4921 2860 4948 «
2894 4899 3029 4954 Dies
3078 4900 3190 4955 diei
3242 4905 3470 4956 eructat
3502 4902 3742 4957 verbum
3776 4923 3805 4951 »

2148 4984 2302 5039 sicut
2357 4985 2523 5040 decet
2581 4987 2799 5042 animal
2855 4989 3160 5056 rationale,
3194 4995 3252 5044 et
3300 4989 3666 5045 rationabilia
3718 4989 3806 5046 lo-

2148 5090 2355 5143 quens,
2403 5074 2547 5129 dicit
2599 5075 2730 5139 Job,
2782 5079 2838 5130 et
2895 5076 3106 5132 deinde
3133 5100 3161 5127 «
3194 5078 3316 5133 Nox
3375 5078 3529 5134 nocti
3586 5077 3808 5134 indicat

2148 5163 2454 5218 scientiam
2484 5163 2546 5232 ιε,
2574 5185 2601 5212 ››
2626 5181 2802 5234 quam
2843 5163 3061 5220 homini
3099 5166 3454 5222 scholastice
3487 5184 3600 5222 non
3634 5168 3810 5222 modo

2148 5251 2394 5318 theoria,
2430 5253 2532 5306 sed
2564 5252 2740 5306 etiam
2793 5253 3048 5324 practica
3098 5255 3366 5326 acquirit,
3401 5255 3723 5327 inquirenti
3754 5259 3812 5311 et

2148 5339 2467 5396 invenienti
2499 5340 2708 5396 Deum.

2215 5521 2308 5577 96.
2340 5520 2421 5577 De
2452 5523 2621 5577 nocte
2650 5524 2847 5578 autem
2898 5525 3226 5595 temperata
3275 5527 3414 5597 apte
3459 5524 3754 5584 diceretur
3785 5538 3808 5594 ι
