4060 6352
370 363 492 427 809

365 493 458 550 καί
538 492 742 569 βροντὴ
806 492 1138 567 τρανεστάτη
1196 491 1406 567 μακράν
1468 490 1744 568 ἐξηχεῖται
1781 511 1796 526 ⁸

367 580 616 659 ἀστραπὴ
650 579 849 659 φαίνειν
878 583 948 655 τῇ
1001 579 1325 655 οῗκουμένῃ,
1375 578 1674 654 λάμπουσα
1723 580 2025 656 ἔμπροσθεν

365 658 477 727 τῶν
507 658 851 746 ἀνθριλθπιιη·⁵
880 670 953 724 ὧν
1009 671 1043 739 ἡ
1077 665 1223 742 ὀδμὴ
1285 669 1350 725 οὐ
1397 669 1541 734 θείου
1588 665 1721 740 ὄζει,
1771 668 1901 727 ἀλλ’
1951 668 2027 733 εἰς

369 746 597 836 ούρανδν
628 756 786 813 αὐτὸν
820 755 1030 828 εὐώδης
1062 752 1364 814 ἀναϐαίνει.

443 867 545 946 ιβ’.
588 866 840 938 Τοιούτῳ
894 868 1020 940 γοῦν
1071 862 1256 938 λάμπε
1306 864 1468 943 φωτί.
1528 865 1633 922 Καὶ
1694 862 2024 938 δραμοῦνται

372 959 566 1018 πάντες
615 953 700 1009 ἐπὶ
764 954 844 1024 σὶ,
892 953 977 1008 καῖ
1042 954 1304 1027 ἀνάψουσι
1360 954 1450 1009 καὶ
1511 954 1663 1009 αὐτοὶ
1722 954 2026 1028 μεταλήψει

372 1050 443 1121 τῇ
495 1045 600 1101 ἀπὸ
651 1047 747 1098 σοῦ
805 1047 960 1122 φῶτα
1018 1042 1224 1115 ὅμοια.
1280 1041 1387 1098 Καί
1457 1064 1576 1106 πως
1638 1041 2026 1117 ἁμιλλώμενοι

376 1131 679 1208 λαμπάδων
751 1134 938 1207 ἀγῶνα
1006 1135 1196 1187 τοῦτον
1270 1131 1552 1187 τελέσουσι
1625 1129 1714 1187 διὰ
1770 1136 1887 1202 σοῦ,
1945 1136 2026 1204 τῷ

372 1223 532 1280 παντὶ
590 1221 914 1298 σεμνότερον
971 1225 1067 1276 τοῦ
1120 1221 1171 1276 ἐν
1212 1225 1335 1285 τοῖς
1385 1220 1559 1276 πάλαι
1610 1222 2022 1297 ἱστορουμένου,

371 1310 515 1382 ’Ἤδη
550 1310 608 1367 δὲ
631 1311 719 1367 καὶ
771 1309 903 1385 ὑπὲρ
951 1309 1018 1365 τα
1044 1314 1151 1369 τῶν
1197 1307 1557 1384 Νικομηδέων
1608 1314 1762 1384 φῶτα
1808 1308 1860 1365 ἐν
1890 1310 2022 1365 ἀκα-

371 1407 456 1476 ρεῖ
485 1400 781 1476 πολλαχοῦ
830 1405 936 1474 γῆς
992 1401 1091 1469 τὴν
1148 1398 1198 1453 ἐν
1255 1399 1339 1453 σοὶ
1390 1396 1580 1469 δείξεις
1631 1400 2023 1478 φωτοφάνειαν.

369 1491 617 1563 Λάμπων
669 1489 854 1562 μέντοι
902 1485 1164 1543 σύστελλε
1209 1488 1271 1543 τὸ
1319 1485 1503 1564 ἄγριον
1536 1486 1805 1562 πυρῶδες,
1838 1486 1908 1542 δι’
1938 1486 2026 1542 οῦ-

369 1600 470 1655 περ
526 1579 581 1634 αἱ
633 1575 835 1655 φαῦλαι
891 1575 1133 1653 νεφέλαι,
1196 1578 1248 1631 ol
1307 1573 1477 1632 δεινοὶ
1532 1576 1789 1655 μοναχοῖ,
1829 1578 1892 1632 τὸ
1921 1598 2025 1631 πα-

372 1667 637 1743 ραπίπτον
693 1663 1145 1744 καταφλέγουσιν,
1193 1664 1268 1729 ὠς
1314 1662 1549 1741 ἄγρωσις
1607 1665 1745 1739 ξηρά
1799 1666 2025 1741 βρωθή-

374 1778 517 1813 σεται
575 1756 713 1811 κατᾶ
748 1756 839 1810 τὸν
901 1757 1058 1830 ἅγιον
1124 1752 1350 1812 Ἠσαίαν
1411 1753 1513 1809 ὑπὸ
1571 1754 1760 1830 πυρός·
1822 1751 1911 1809 ἔσο
1970 1751 2027 1810 δέ

1393 362 1497 425 DE
1542 362 2037 427 EMENDANDA
2078 363 2266 425 VlTA
2313 363 2793 427 MONAGHICA.

3674 365 3796 451 aio

1855 492 1929 548 ὧν
1990 493 2019 562 ἡ
2051 495 2106 561 Α
2133 492 2193 548 in
2225 498 2404 564 terra,
2436 510 2631 553 coram
2673 494 3017 551 hominibus
3060 494 3383 569 refulgens;
3418 512 3793 569 quorumque

2135 582 2278 638 odor
2309 600 2426 639 non
2457 581 2709 655 sulphur
2737 582 2873 656 olet,
2906 583 3008 639 sed
3040 599 3175 639 cum
3218 584 3540 656 fragrantia
3568 587 3640 643 ad
3671 601 3791 641 cm-

2133 670 2257 727 lum
2290 671 2481 744 ipsum
2518 672 2802 727 ascendit.

2205 866 2294 920 99.
2327 866 2445 922 Hac
2485 867 2667 940 igitur
2717 866 2844 924 luce
2891 867 3129 940 refulge.
3164 870 3329 924 Tunc
3360 886 3564 926 omnes
3613 871 3685 926 ad
3735 875 3792 928 te

2135 962 2503 1024 concurrent,
2532 956 2865 1028 similiaque
2915 956 3144 1013 lumina
3193 959 3299 1015 abs
3348 963 3402 1014 te
3451 964 3794 1016 mutuantes

2134 1044 2478 1112 accendent,
2527 1049 2607 1116 et,
2650 1046 2819 1116 quasi
2867 1047 3102 1116 agmine
3150 1049 3319 1111 facto,
3357 1046 3517 1104 illam
3562 1047 3792 1119 lampa-

2135 1134 2276 1187 dum
2325 1148 2585 1204 pugnam
2634 1133 2816 1189 altera
2863 1134 3190 1207 antiquitus
3231 1136 3451 1191 tradita
3499 1135 3790 1192 illustrio-

2133 1237 2259 1277 rem
2304 1238 2405 1292 per
2450 1227 2506 1276 te
2556 1223 2886 1278 conﬁcient.
2921 1223 3054 1279 Mox
3099 1241 3279 1296 super
3321 1224 3793 1283 Nicomediensia

2132 1309 2379 1379 lumina,
2405 1308 2464 1365 in
2498 1310 2615 1365 ictu
2643 1311 2814 1383 oculi,
2838 1311 3054 1383 ubique
3084 1318 3374 1369 terrarum
3404 1313 3595 1371 lucem
3625 1319 3789 1371 tuam

2133 1398 2468 1471 patefacies.
2515 1404 2787 1455 Attamen
2839 1417 2971 1456 cum
3020 1400 3293 1473 fulgebis,
3326 1418 3543 1459 saevum
3590 1402 3787 1476 ignem

2134 1487 2458 1558 comprime
2501 1505 2614 1558 quo
2673 1489 2859 1544 nubes
2907 1506 3120 1556 vacuae,
3164 1492 3460 1546 metuendi
3517 1490 3791 1547 monachi

2135 1575 2423 1648 quidquid
2467 1577 2721 1633 accurrit
2764 1576 3112 1648 incendunt,
3142 1582 3200 1633 et
3248 1579 3378 1648 igne
3426 1580 3792 1636 comburitur

2135 1680 2374 1736 gramen
2410 1664 2632 1721 siccum
2666 1666 2992 1721 secundum
3042 1674 3311 1722 sanctum
3359 1669 3590 1725 Isaiam.
3624 1669 3789 1725 Hunc

2134 1753 2331 1826 ignem
2399 1753 2526 1810 fove
2594 1753 2840 1810 materia
2906 1755 3393 1812 condemnatione
3450 1760 3508 1813 et
3564 1773 3788 1814 crema-

369 1844 644 1919 ταμιεύων
692 1844 823 1901 αὐτὸ
868 1843 1026 1907 ὕλαις
1077 1843 1249 1916 ἀξίαις
1298 1841 1541 1906 καύσεως
1592 1842 1980 1918 ἐπιτιμητικῆς
2009 1885 2024 1913 ,

2150 1842 2294 1898 :ione
2354 1843 2562 1915 digna,
2613 1842 2849 1915 qualem
2901 1843 3155 1901 multam
3214 1844 3382 1902 alfert
3436 1844 3552 1903 vita
3599 1852 3791 1904 mate-

372 1935 563 1998 ὁποίας
593 1932 808 1997 πολλὰς
842 1935 869 1990 ὁ
906 1934 1093 1995 ὑλαῖος
1126 1931 1349 2009 ἀναφύει
1387 1932 1522 2008 βίος.

443 2044 507 2119 ρ’.
541 2045 797 2096 Συνελεῖν
856 2040 956 2116 γὰρ
1012 2039 1076 2094 τὸ
1122 2044 1226 2093 πᾶν
1278 2037 1331 2093 έν
1395 2038 1726 2115 βραχυτάτῳ
1760 2056 1772 2069 ·
1821 2036 2022 2116 νεφέλῃ

371 2131 551 2211 φωτὸς
610 2128 849 2208 ὀφείλεις
907 2128 1232 2199 εἰκάζεσθαι,
1292 2126 1361 2211 ού
1419 2127 1527 2199 μὴν
1586 2124 2024 2202 ἐκπυρηνιζούσῃ

366 2207 690 2291 κεραυνοὺς,
749 2214 940 2270 ὁποῖόν
997 2236 1050 2269 τι
1104 2207 1499 2288 κεραυνοϐόλον
1551 2212 1792 2285 φαίνεται
1841 2213 2024 2291 νέφος,

374 2307 468 2361 καὶ
497 2307 526 2361 ὁ
560 2306 635 2378 μή
664 2307 966 2366 Δαυϊτικῶς
1014 2299 1392 2378 ὲναδολεσχῶν
1440 2300 1491 2356 ἐν
1539 2307 1658 2364 τοῖς
1694 2299 1790 2357 τοῦ
1822 2302 2026 2378 Κυρίου

376 2391 740 2467 δικαιώμασιν
773 2437 790 2463 ,
847 2391 993 2448 ἀλλὰ
1065 2390 1459 2467 καταφλυαρῶν
1536 2391 1880 2469 βλασφήμως
1938 2390 2029 2445 καὶ

378 2477 676 2554 διαϐόλως,
709 2482 780 2536 ὧν
830 2480 890 2536 ἂν
945 2478 1228 2557 βούλοιτο,
1276 2478 1368 2534 καὶ
1416 2478 1592 2542 οὕτως
1645 2480 1822 2553 ἀφιεὶς
1852 2478 2029 2555 χάλα-

375 2578 470 2642 ζαν
502 2570 593 2628 καὶ
618 2572 790 2645 πυρὸς
838 2567 1122 2645 ἄνθρακας,
1172 2565 1469 2641 ψαλμικῶς
1519 2567 1689 2623 εἷ’πεῖν
1741 2565 1811 2623 δι’
1864 2570 1938 2623 ὧν
1966 2568 2029 2623 τὸ

371 2665 471 2717 τοῦ
515 2661 813 2734 πυρόεντος
861 2658 1035 2731 θυμοῦ
1069 2661 1479 2735 σκιαγραφεῖται
1528 2657 1872 2732 νεκροποιόν.
1926 2656 2029 2711 Οὕ-

372 2771 482 2813 τως
510 2753 547 2820 ἡ
578 2749 687 2823 ἐμὴ
718 2746 891 2804 πάλαι
934 2745 1099 2811 πόλις
1134 2748 1235 2816 τήν
1288 2747 1597 2821 μοναχικήν
1647 2744 2028 2824 μελαμφορίαν

376 2845 629 2913 σεμνυνεῖ
692 2834 1266 2913 φιλενδεικτικώτερον
1301 2878 1315 2892 .
1374 2832 1599 2897 Ἄλλως
1679 2833 1863 2907 μέντοι
1932 2835 2032 2890 οὐκ

380 2923 764 3004 ἀπηκρίϐωται
831 2926 895 2981 τὸ
975 2922 1144 2998 μέλαν
1217 2927 1424 2999 χρῶμα
1486 2924 1864 2999 προκαθῆσθαι
1918 2928 2025 2978 τῶν

380 3015 565 3075 ἄλλων
627 3017 949 3093 ὑπερφυῶς,
1009 3012 1056 3069 εἷ
1105 3012 1170 3068 τὸ
1246 3015 1344 3066 τοῦ
1417 3010 1788 3067 ἀποστολικοῦ
1860 3007 2027 3081 ἤθους

378 3104 716 3183 ἐπάγγελμα,
747 3105 836 3159 καὶ
878 3104 977 3172 τὴν
1032 3099 1387 3178 εὖαγγελικήν
1433 3100 1759 3173 ὁμοιότητα,
1809 3100 1900 3156 καὶ
1929 3102 2030 3170 τήν

376 3196 557 3259 θεόθεν
616 3189 893 3266 ἔλλαμψιν
950 3188 1214 3270 ἀφέληταί
1265 3210 1350 3255 τις
1403 3193 1502 3245 τοῦ
1566 3194 1848 3265 μοναχοῦ’
1906 3191 2025 3245 καθ’

374 3285 443 3355 ἣν
474 3283 526 3338 ἐν
559 3285 627 3349 τῆ
678 3279 840 3347 δῆθεν
893 3280 1084 3352 σκοτίᾳ
1131 3284 1233 3349 τῆς
1284 3278 1666 3354 μελαμφορίας
1714 3281 1829 3355 φῶς
1885 3277 2025 3342 θειό-

373 3393 529 3450 τερον
559 3376 677 3433 τοῖς
731 3369 867 3447 ὀρθὰ
906 3366 1351 3441 πολιτευομένοις
1400 3365 1714 3445 ἐκφλέγεται
1766 3366 1855 3422 καὶ
1895 3387 2030 3443 προ-

378 3458 585 3533 λάμπει
639 3456 945 3533 ἔμπροσθεν
991 3461 1101 3512 τῶν
1140 3456 1410 3511 τοιούτων
1459 3456 1783 3531 ἀνθρώπων,
1840 3455 1886 3510 εί
1943 3454 2032 3510 καὶ

382 3550 410 3605 ὁ
459 3549 597 3605 κατὰ
652 3551 813 3620 σῶμα
870 3545 1128 3619 κρύπτειν
1186 3543 1321 3599 αὐτὸ
1370 3548 1619 3620 πειρᾶται
1678 3541 1890 3618 μόδιος·
1935 3545 2032 3615 ὡς,

382 3634 439 3692 εἷ’
461 3659 525 3712 γε
551 3638 614 3693 τὸ
662 3640 908 3691 τοιοῦτον
958 3632 1207 3710 οὐράνιον
1257 3636 1395 3710 φῶς,
1440 3632 1503 3687 τὸ
1550 3631 1814 3704 ἡλιῶδες,
1867 3633 2037 3687 εἰπεῖν

383 3724 443 3782 δὲ
492 3724 760 3795 ἀληθῶς,
825 3723 956 3797 ὑπὲρ
1009 3721 1197 3794 ἥλιον,
1257 3728 1356 3791 τῆς
1413 3729 1719 3797 μοναχικῆς
1778 3719 2037 3796 μελανίας

379 3814 657 3889 ἀπαγάγοι
711 3833 819 3882 τις,
878 3810 1070 3884 ὅμοιόν
1127 3830 1187 3865 τε
1240 3808 1449 3883 γίνεται
1501 3815 1821 3879 τηνικαῦτα,
1873 3811 1947 3872 ὡς
1989 3809 2039 3865 εἴ

377 3904 470 3961 καὶ
528 3902 720 3979 ἄνθραξ
776 3904 882 3976 πῦρ
926 3898 1165 3976 φλύγεον
1218 3897 1441 3974 στέγων,
1484 3897 1600 3954 εἶτα
1647 3893 1891 3964 σϐεσθεὶς
1946 3899 2037 3954 καὶ

375 3991 723 4066 ἀμαυρωθεὶς
764 3989 844 4053 εἲς
899 3987 1252 4063 μελάντερον,
1300 3983 1434 4056 ἠύτε
1490 3986 1674 4056 πίσσα,
1738 3986 1920 4043 οὐκέτι
1970 3986 2035 4041 τὸ

376 4075 667 4157 πρεσϐεῖον
724 4083 822 4134 τοῦ
879 4080 1128 4154 χρηστοῦ
1181 4074 1468 4149 ἄνθρακος,
1527 4072 1675 4130 ἀλλὰ
1729 4074 2036 4149 μελάσματι

384 4172 539 4246 μόνῳ
595 4166 1075 4240 ἀπομνημόνευμα
1126 4162 1337 4223 ἐκείνου
1383 4162 1673 4237 περισώζει
1728 4169 1846 4226 τοῖς
1908 4160 2035 4239 βλέ-

380 4280 596 4317 πουσιν.
878 4304 883 4309 ,

458 4348 559 4425 ρα’.
592 4342 696 4417 Εἷή
743 4341 802 4401 δὲ
839 4342 901 4398 ἂν
949 4342 1040 4398 καὶ
1079 4340 1558 4417 θεωρητικώτερον
1608 4344 1709 4414 μιᾷ
1741 4340 1836 4415 μὶν
1867 4339 2037 4415 ταύτῃ

382 4441 575 4515 χροιᾷ,
603 4439 674 4511 τῇ
705 4433 843 4490 κατὰ
887 4433 979 4488 τὸν
1040 4431 1362 4505 μονάζοντα,
1403 4429 1644 4502 νομίζειν
1686 4431 1900 4506 χαίρειν
1945 4431 2037 4484 τὸν

380 4522 739 4601 παμϐασιλέα
792 4522 1013 4590 Κύριον,
1071 4520 1135 4575 οὗ
1189 4517 1335 4575 καλά
1388 4519 1456 4574 τὰ
1510 4519 1684 4575 πάντα
1731 4521 2035 4593 ποιήματα⁶

2135 1929 2319 1987 rialis.

2210 2038 2332 2094 100.
2380 2038 2511 2094 Jam
2569 2055 2702 2095 vero
2760 2039 3105 2096 brevissime
3163 2056 3285 2096 rem
3343 2040 3787 2099 concludamus.

2137 2127 2367 2183 Lucida:
2401 2126 2545 2182 nubi
2576 2128 2754 2184 debes
2802 2128 3143 2197 assimilari,
3177 2146 3294 2184 non
3326 2136 3522 2186 autem
3557 2131 3791 2187 fulmini

2136 2216 2491 2287 coruscanti,
2539 2221 2602 2271 ut
2649 2222 2934 2289 apparent
2971 2217 3166 2273 nubes
3213 2218 3437 2274 fulmen
3477 2219 3790 2290 jacientes,

2137 2310 2196 2359 et
2225 2305 2401 2359 homo
2432 2303 2534 2376 qui
2567 2322 2680 2360 non
2728 2305 2871 2360 dicit
2899 2322 3033 2360 cum
3078 2305 3296 2362 Davide
3334 2308 3792 2378 justificationes

2138 2392 2395 2463 Domini,
2431 2393 2529 2450 sed
2564 2392 2963 2464 blasphemiae
3002 2399 3060 2450 et
3107 2395 3458 2465 calumnias,
3489 2401 3794 2470 utcunque

2136 2480 2406 2549 voluerit,
2442 2480 2816 2553 multiplicat,
2851 2482 3055 2554 sicque
3099 2484 3449 2555 grandinem
3494 2491 3552 2541 et
3588 2488 3796 2542 carbo-

2140 2586 2245 2624 nes
2273 2569 2429 2641 ignis
2457 2569 2699 2638 emittit,
2736 2576 2798 2624 ut
2827 2569 3020 2628 dicam
3052 2587 3187 2627 cum
3225 2571 3557 2641 Psalmista,
3582 2576 3797 2645 quibus

2139 2658 2498 2714 describitur
2528 2658 2699 2731 plaga
2748 2658 3014 2715 mortalis
3053 2675 3311 2716 accensas
3360 2662 3462 2718 ira:
3493 2680 3506 2718 :
3542 2663 3639 2719 Sic
3668 2679 3800 2720 mea

2138 2750 2305 2801 vetus
2337 2746 2544 2801 civitas
2588 2746 2786 2816 nigras
2834 2747 3255 2803 monachorum
3284 2754 3476 2807 vestes
3523 2753 3796 2825 magniﬁ-

2140 2838 2235 2889 cat
2263 2838 2321 2889 et
2348 2837 2624 2890 ostentat.
2656 2834 2781 2891 Non
2830 2841 3027 2891 tamen
3058 2854 3262 2893 verum
3294 2843 3383 2896 est
3431 2840 3665 2913 nigrum
3697 2858 3793 2898 co-

2138 2921 2322 2979 lorem
2354 2923 2577 2979 caeteris
2610 2924 2903 2980 coloribus
2952 2926 3098 2982 mire
3147 2933 3444 2998 praestare,
3477 2928 3528 2984 si
3559 2945 3791 2984 morum

2139 3011 2597 3083 apostolicorum
2645 3012 2954 3083 indicium,
3005 3014 3400 3087 evangelicam
3449 3017 3793 3073 similitudi-

2140 3117 2296 3169 nem,
2338 3105 2514 3173 atque
2559 3101 2814 3157 divinam
2867 3103 3195 3159 claritatem
3240 3122 3274 3161 a
3323 3106 3611 3162 monacho
3660 3106 3794 3179 quis

2138 3188 2478 3260 dempserit,
2511 3190 2730 3262 quibus
2760 3191 2938 3247 rebus
2989 3192 3051 3247 in
3101 3192 3210 3249 hac
3259 3194 3412 3267 nigri
3460 3194 3793 3252 indumenti

2142 3279 2521 3347 obscuritate,
2552 3280 2654 3334 lux
2681 3279 2938 3336 cmlestis
2971 3283 3126 3352 apud
3157 3290 3346 3339 rectos
3376 3284 3647 3340 homines
3677 3284 3798 3341 elu-

2142 3374 2254 3433 cet,
2296 3376 2353 3421 et
2408 3366 2593 3440 fulget
2642 3369 2700 3422 in
2750 3376 3067 3441 conspectu
3119 3371 3446 3441 hominum,
3481 3372 3618 3428 licet
3663 3390 3795 3429 eam

2145 3457 2381 3511 modius
2411 3457 2673 3528 corporis
2703 3458 3055 3515 obumbrare
3096 3465 3355 3518 conetur.
3387 3461 3447 3517 Si
3478 3463 3610 3534 quis
3639 3464 3797 3519 enim

2144 3545 2296 3601 hanc
2325 3545 2518 3601 lucem
2549 3544 2842 3602 coalestem
2875 3546 3148 3615 solerem,
3182 3551 3375 3624 magis
3409 3555 3604 3607 autem
3637 3551 3802 3624 plus—

2147 3652 2324 3709 quam
2375 3635 2651 3700 solerem,
2693 3652 2724 3691 e
2773 3636 2959 3708 nigris
3011 3639 3282 3694 monachi
3331 3640 3594 3695 vestibus
3642 3641 3802 3697 aufe-

2147 3729 2259 3794 rat,
2308 3729 2436 3778 tum
2494 3724 2733 3791 accidit,
2784 3726 2956 3797 quasi
3010 3727 3184 3782 carbo
3243 3727 3441 3799 ignem
3500 3731 3803 3786 ardentem

2144 3813 2446 3878 amittens,
2479 3819 2536 3868 et
2585 3829 2721 3868 mox
2766 3814 3115 3880 exstinctus,
3161 3817 3552 3889 redactusque
3598 3820 3670 3874 ad
3725 3820 3809 3874 ni-

2144 3900 2400 3972 gritiem,
2435 3904 2500 3954 ut
2541 3899 2640 3971 pix
2679 3901 2804 3970 jam
2853 3901 3123 3958 carbonis
3158 3903 3316 3960 utilis
3369 3905 3606 3962 titulum
3658 3908 3804 3964 ami-

2148 3991 2248 4058 sit,
2279 3995 2335 4045 et
2362 3987 2488 4045 sola
2516 3987 2751 4060 nigritie
2781 3991 3128 4048 memoriam
3176 3993 3352 4063 hujus
3383 4002 3575 4051 servat
3603 3996 3805 4052 viden-

2147 4075 2330 4132 tibus.

2223 4345 2345 4400 101.
2378 4345 2443 4401 Et
2474 4344 2673 4402 forsan
2703 4355 2861 4405 esset
2900 4350 3080 4408 nimis
3127 4355 3504 4414 temerarium
3554 4358 3663 4415 hoc
3693 4376 3811 4416 uno

2151 4434 2363 4503 colore,
2398 4436 2746 4493 monachico
2791 4455 3023 4512 nempe,
3055 4443 3309 4513 gaudere
3359 4445 3573 4520 Regem
3608 4465 3811 4520 regum

2157 4524 2467 4579 Dominum
2499 4525 2796 4596 arbitrari,
2816 4530 2987 4599 cujus
3017 4547 3197 4602 opera
3236 4536 3438 4591 omnia
3466 4537 3618 4593 bona
3651 4543 3814 4607 sunt,

392 4592 697 4686 ὲξόυθενοῦν
768 4609 827 4668 δὲ
879 4610 949 4666 τὰ
1004 4607 1176 4667 λοιπά
1230 4608 1506 4684 χρώματα
1537 4652 1555 4681 ,
1604 4608 1681 4674 ὡς
1735 4592 1883 4683 μηδὲν
1931 4608 2034 4670 ἐνὸς

2155 4616 2213 4667 et
2257 4610 2518 4683 reliquos
2566 4613 2648 4669 ita
2695 4615 2997 4688 despicere
3046 4617 3269 4676 colores
3318 4629 3401 4691 ut,
3445 4641 3562 4681 uno
3612 4592 3818 4682 eorum

390 4704 566 4759 αὐτῶν
621 4702 868 4779 ἀφιέντος
922 4698 1014 4753 τὸν
1062 4696 1198 4753 αύτὰ
1239 4692 1712 4773 περιϐεϐλημένον
1773 4700 2045 4773 ἀξιοῦσθαι

391 4796 494 4859 τῆς
525 4791 601 4852 εἷς
655 4790 748 4846 τὸν
803 4785 1132 4864 παράδεισον
1190 4784 1561 4850 εἶσελεύσεως’
1622 4787 1680 4842 ὃν
1725 4788 1832 4844 οὐκ
1877 4787 1939 4844 ἂν
1968 4784 2051 4843 εἷ’-

392 4902 582 4954 ποιμι,
614 4877 741 4936 ἀλλ’
790 4876 918 4934 οὐδὲ
963 4873 1354 4949 ἐνθυμηθείην,
1406 4873 1766 4948 μελανδρύοις
1816 4878 1910 4950 μὲν
1959 4898 2045 4933 τε-

394 4967 620 5041 θηλέναι
670 4967 763 5023 καὶ
820 4960 1048 5031 ἐϐένοις,
1103 4962 1195 5018 καὶ
1255 4962 1403 5024 ὅσοις
1459 4963 1656 5028 ἀλλοις
1703 4964 1764 5019 οὐ
1817 4965 2046 5037 μόνονὴ

394 5056 592 5134 καρδία
619 5058 683 5112 τὸ
718 5053 886 5130 μέλαν
935 5051 1108 5130 φέρει,
1166 5050 1314 5107 ἀλλὰ
1353 5050 1444 5106 καὶ
1491 5054 1526 5123 ή
1578 5051 1783 5124 ὁλότης
1814 5053 2051 5126 τοιούτῳ

394 5144 688 5215 πυκάζεται
747 5141 1027 5218 χρώματι·
1086 5136 1330 5215 δένδροις
1397 5136 1457 5195 δὲ
1514 5142 1592 5214 μή
1651 5140 2053 5214 ἐνευθηνεῖσθαι

399 5234 490 5292 καὶ
546 5236 801 5310 καρποῖς,
831 5231 904 5286 ὧν
955 5229 1044 5285 καὶ
1098 5225 1232 5299 ἄνθη
1287 5229 1501 5292 πάντως
1553 5229 1794 5306 ἀνάλογα
1851 5227 2054 5307 προϐέ-

403 5321 660 5394 ϐληνται,
691 5322 772 5382 οἷς
802 5317 1048 5391 λλάμπει
1103 5316 1340 5393 φανότης
1384 5316 1736 5390 λευκότητος,
1769 5318 1907 5397 φίλη
1936 5325 2054 5383 τοῖς

402 5416 502 5469 τοῦ
541 5410 720 5490 φωτὸς
772 5405 1050 5484 ἀγγέλοις.
1082 5404 1149 5459 Εἴ
1207 5401 1264 5459 δέ
1327 5426 1412 5468 τις
1464 5411 1572 5462 τῶν
1632 5407 2054 5484 ἐριστικωτέρων

403 5501 543 5578 πρὸς
598 5498 718 5555 λίαν
746 5498 881 5553 πάνυ
937 5495 1078 5569 μέγα
1124 5492 1384 5567 σέμνωμα
1426 5502 1526 5566 τῆς
1574 5495 1956 5574 μελαμφορίας
1996 5498 2059 5554 τὸ

406 5589 657 5667 οὐράνιον
731 5583 1118 5661 ἁντιπροφέρει
1173 5579 1396 5637 κυάνεον
1430 5626 1444 5653 ,
1499 5585 1589 5639 καὶ
1644 5586 1709 5641 τὸ
1763 5587 1900 5641 κατὰ
1954 5593 2056 5661 γῆν

408 5676 501 5735 καὶ
558 5675 829 5743 θάλασσαν
893 5670 1063 5748 μέλαν
1117 5667 1378 5745 (μέλαινα
1431 5672 1536 5752 γὰρ
1594 5674 1683 5731 καὶ
1734 5674 1910 5746 ἐκείνη
1969 5674 2061 5730 καὶ

737 5806 999 5867 Pareat.
1047 5801 1158 5866 Gs.
1206 5799 1500 5868 CXXXV.

2157 4700 2486 4770 deﬁciente,
2533 4701 2712 4758 homo
2759 4705 2845 4761 eis
2893 4706 3381 4782 circumscriptus
3427 4729 3543 4769 non
3602 4714 3821 4788 dignus

2158 4790 2491 4845 inveniatur
2545 4791 2649 4862 qui
2705 4793 3117 4851 introducatur
3172 4797 3231 4852 in
3292 4802 3658 4870 paradisum.
3709 4802 3820 4866 Qui

2160 4878 2474 4950 paradisus
2532 4896 2637 4936 nec
2685 4881 2992 4950 dicendus,
3028 4901 3133 4941 nec
3182 4888 3531 4960 cogitandus
3580 4890 3820 4962 quidem

2161 4972 2251 5023 est
2280 4968 2544 5024 consitus
2595 4969 2783 5039 nigris
2829 4972 3190 5042 quercubus,
3225 4983 3282 5030 et
3329 4976 3535 5048 ebeno,
3566 4983 3626 5034 et
3671 4994 3822 5047 qua-

2162 5071 2396 5127 cunque
2443 5056 2558 5113 alia
2603 5058 2811 5114 arbore
2841 5066 2899 5115 et
2926 5077 3027 5116 cor
3070 5066 3306 5133 nigrum
3357 5066 3521 5122 intus
3569 5066 3820 5151 habens,

2163 5151 2222 5200 et
2254 5145 2524 5201 universa
2570 5146 2817 5203 materia
2866 5147 2975 5203 hoc
3016 5150 3208 5206 colore
3258 5153 3548 5222 inﬁcitur;
3598 5162 3656 5211 et
3703 5145 3820 5211 non

2167 5233 2466 5288 abundare
2495 5234 2827 5304 arboribus,
2861 5243 2917 5292 et
2946 5237 3262 5306 fructibus,
3295 5248 3353 5296 et
3382 5241 3628 5300 ﬂoribus
3661 5245 3826 5300 simi-

2167 5321 2321 5378 libus
2355 5323 2680 5394 productis,
2712 5323 2773 5380 in
2821 5325 3039 5397 quibus
3090 5328 3340 5400 refulget
3387 5330 3574 5388 nimia
3622 5332 3829 5390 albedo

2172 5409 2398 5481 angelis
2448 5411 2543 5467 Dei
2595 5419 2850 5486 accepta.
2883 5414 2953 5470 Et
3000 5415 3051 5470 si
3099 5417 3232 5488 quis
3280 5420 3567 5491 sophista,
3598 5423 3671 5478 ad
3722 5440 3831 5478 au-

2171 5500 2423 5572 gendam
2484 5518 2758 5574 magnam
2803 5508 2863 5559 et
2911 5504 3229 5561 sublimem
3285 5508 3438 5580 nigri
3498 5510 3834 5567 indumenti

2174 5589 2547 5660 dignitatem,
2578 5592 2840 5647 conferat
2883 5592 3198 5649 caruleum
3246 5597 3482 5669 ccelum,
3513 5604 3733 5658 terram
3777 5605 3838 5658 et

2177 5692 2341 5735 mare
2370 5676 2608 5753 nigrum
2640 5679 2805 5754 (sunt
2845 5680 3004 5740 enim
3051 5682 3223 5757 nigra
3269 5686 3392 5747 haec
3442 5692 3500 5746 et
3546 5690 3746 5764 istud),
3778 5693 3838 5748 et

3429 5820 3510 5880 26
