4060 6352
252 421 368 482 8H

1025 407 1449 473 EUSTATHII
1493 397 2259 466 THESSALONICENSIS
2306 397 2890 462 METROPOLITE

3546 402 3673 461 812

253 571 388 611 mox
421 551 656 608 omissis
686 547 962 604 maximis
991 541 1322 609 elementis,
1353 540 1424 596 ad
1479 536 1724 594 minima
1773 535 1907 590 des-

2038 530 2207 604 ιιῧτη),
2269 531 2381 586 εἶτα
2443 533 2550 586 τῶν
2609 533 2969 606 στοιχειακῶς
3021 529 3289 606 μεγίστων
3347 531 3624 608 ἀφέμενος
3666 580 3680 606 ,

255 644 485 712 cendat,
519 640 672 695 inter
695 654 823 710 quae
870 638 1012 690 sunt
1059 631 1306 705 pulchra
1355 627 1616 701 specula,
1647 624 1908 680 dulcium

256 731 560 789 oculorum
612 725 859 801 pupilla,
913 729 970 778 et
1025 720 1224 776 omnia
1284 718 1398 774 alia
1455 715 1673 772 similia
1720 731 1752 768 a
1801 713 1912 765 Deo

257 822 428 894 nigro
458 817 650 875 colore
680 815 828 870 miro
857 814 1153 880 exornata,
1190 807 1287 880 qui
1331 809 1484 862 recte
1518 802 1914 874 cogitantibus

257 909 689 974 contradicens,
722 907 874 960 recte
923 901 1018 956 hic
1061 901 1398 955 censeretur
1425 894 1513 950 vel
1563 909 1740 948 sensu
1791 889 1914 962 pri-

256 999 405 1068 vari,
445 997 532 1052 vel
584 1009 814 1068 poenam
867 1004 1153 1063 quaerere;
1207 986 1306 1058 qui
1355 1001 1489 1040 vero
1536 978 1913 1048 consantiret,

257 1091 412 1146 bono
435 1084 660 1158 judicio
691 1081 974 1154 praeditus
1000 1077 1389 1150 judicaretur.

327 1266 450 1324 102.
497 1262 784 1336 Equidem
814 1277 985 1333 porro
1048 1261 1203 1314 recte
1254 1253 1560 1326 judicans,
1609 1251 1920 1319 sciensque

255 1358 326 1412 ad
357 1351 807 1411 similitudinem
853 1349 1065 1403 harum
1115 1361 1311 1400 rerum
1359 1342 1664 1414 nigrarum
1717 1354 1916 1392 mona-

255 1446 431 1502 chum
480 1441 780 1513 depictum
840 1454 970 1493 esse
1029 1431 1378 1506 symbolice,
1432 1431 1488 1484 in
1548 1429 1676 1499 ipso
1727 1425 1919 1480 videre

255 1534 426 1606 cupio
481 1533 647 1587 dotes
695 1544 899 1585 eorum
951 1539 1261 1595 corporum
1316 1519 1642 1591 nigrorum,
1677 1514 1921 1586 (scilicet

255 1605 531 1691 caelestis,
564 1617 806 1684 terreni,
838 1613 1078 1680 marini,
1104 1610 1254 1667 oculi
1289 1613 1345 1665 et
1374 1605 1637 1679 speculi),
1662 1607 1723 1658 ut
1751 1619 1922 1658 verus

258 1711 587 1768 monachus
613 1707 882 1762 videatur
912 1703 1128 1758 referre
1150 1699 1467 1770 imaginem
1501 1695 1712 1750 horum
1749 1693 1924 1747 bono-

259 1784 392 1857 rum
443 1798 527 1854 eis
577 1795 902 1852 inditorum
937 1793 1018 1864 (et
1049 1789 1372 1844 multorum
1423 1790 1482 1840 et
1531 1784 1920 1850 diversorum,

2019 624 2132 675 τῶν
2181 620 2554 693 σμικροτάτων
2617 618 2860 693 γένηται,
2921 617 2992 673 ὧν
3057 620 3223 695 μέρος
3276 620 3366 675 καὶ
3415 622 3484 676 τὰ
3533 623 3688 678 καλὰ

2023 704 2278 785 ἔνοπτρα,
2310 709 2397 762 καὶ
2431 709 2484 762 αἱ
2534 707 2670 762 κατὰ
2712 707 2840 767 τοὺς
2887 706 3106 781 γλυκεῖς
3148 707 3468 785 ὀφθαλμοὺς
3491 711 3685 786 κόραι,

2021 799 2111 852 καὶ
2169 797 2270 852 ὅσα
2323 801 2547 851 τοιαῦτα
2604 799 2816 867 σεμνῶς
2873 793 2934 850 ἐκ
2991 799 3126 850 Θεοῦ
3297 796 3528 869 μελανία
3582 820 3688 852 κο-

2024 890 2310 959 σμοῦνται,
2345 887 2372 940 6
2407 885 2500 957 μὲν
2561 881 2860 957 ἀντιλέγων
2913 888 3031 946 τοῖς
3077 884 3253 958 ὀρθῶς
3283 884 3430 939 οὕτω
3459 885 3684 942 νοοῦσιν

2025 974 2108 1046 εἷή
2145 974 2203 1029 ἓν
2229 975 2266 1043 ἢ
2298 973 2602 1043 αἴσθήσεως
2651 971 2900 1047 χρῄζων,
2952 973 2988 1042 ἢ
3037 970 3264 1027 κόλασιν
3299 970 3522 1036 ἐθέλων·
3561 977 3589 1030 6
3622 973 3687 1031 δὲ

2024 1064 2463 1136 κατατιθέμενος,
2499 1059 2625 1117 ἀλλ’
2671 1061 2832 1124 αὐτὸς
2883 1058 3156 1136 λογίζοιτο
3207 1059 3268 1116 ἂν
3313 1063 3415 1117 οὐκ
3449 1063 3691 1140 ἄμοιρος

2027 1152 2301 1228 λογισμοῦ
2333 1149 2554 1226 ἀγαθοῦ.

2103 1242 2206 1317 ρβ’.
2239 1242 2342 1298 Καὶ
2374 1239 2550 1294 τοίνυν
2603 1239 2744 1293 οὕτω
2794 1243 3004 1313 φρονῶν
3056 1239 3146 1293 καὶ
3188 1238 3295 1316 ἐγὼ
3347 1241 3488 1317 πρὸς
3518 1240 3675 1316 ὀρθά-

2026 1352 2186 1402 τητα,
2219 1328 2377 1391 εἰδὼς
2407 1327 2464 1382 δὲ
2510 1329 2598 1383 καὶ
2631 1328 2707 1389 ὡς
2759 1329 2895 1402 πρὸς
2939 1331 3167 1382 τοιαῦτα
3217 1328 3540 1403 μελάσματα
3578 1331 3668 1386 καὶ

2033 1418 2276 1493 μοναχὸς
2327 1418 2464 1479 ἅπας
2512 1416 2819 1492 κέχρωσται
2870 1412 3376 1492 συμϐολικώτερον,
3429 1418 3676 1492 ἐπιθυμῶ

2033 1506 2253 1584 βλέπειν
2315 1505 2365 1560 ἐν
2425 1505 2571 1577 αὐτῷ
2628 1507 2695 1558 τὰ
2751 1505 2920 1578 σεμνᾶ
2972 1509 3080 1559 τῶν
3127 1506 3392 1562 τοιοότων
3434 1507 3687 1580 μελάνων

2030 1597 2298 1669 σωμάτων
2349 1598 2466 1652 (τοῦ
2507 1594 2785 1670 οὐρανίου,
2833 1598 2928 1648 τοῦ
2975 1594 3187 1668 γηΐνου,
3217 1600 3316 1650 τοῦ
3365 1595 3684 1662 θαλαττίου,

2027 1689 2125 1740 τοῦ
2155 1691 2253 1753 τῆς
2307 1685 2496 1758 κόρης,
2553 1683 2643 1737 καὶ
2700 1687 2798 1737 τοῦ
2851 1685 2966 1737 κατ’
3022 1680 3347 1758 ἔνοπτρον)·
3401 1683 3495 1740 *ἱνα
3550 1687 3694 1759 πρὸς

2032 1772 2337 1846 ὁμοιότητα
2378 1777 2488 1826 τῶν
2537 1771 2590 1826 ἐν
2637 1777 2758 1833 τοῖς
2804 1771 3075 1834 τοιούτοις
3126 1772 3344 1848 ἀγαθῶν
3393 1775 3522 1847 (τῶν
3546 1773 3694 1829 πολ-

258 1888 622 1947 naturalium
654 1888 712 1940 et
744 1857 1100 1950 additurum,
1135 1876 1344 1932 mundi
1375 1878 1433 1930 et
1469 1871 1755 1929 individui
1790 1870 1918 1926 ani-

2038 1861 2168 1930 λῶν,
2219 1866 2326 1916 τῶν
2375 1857 2700 1928 πολυειδῶν,
2749 1864 2856 1914 τῶν
2913 1860 3222 1935 ζωογόνων,
3280 1865 3389 1916 τῶν
3443 1883 3696 1917 συστατι-

259 1979 455 2046 malis,
487 1988 689 2029 eorum
745 1986 872 2041 qua
932 1968 1002 2022 ad
1063 1963 1415 2028 decentiam,
1467 1963 1569 2015 aut
1629 1960 1698 2012 ad
1760 1973 1919 2027 egre-

256 2067 413 2140 giam
464 2059 970 2136 pulchritudinem
1016 2053 1370 2116 addendam,
1404 2053 1508 2104 aut
1559 2047 1630 2101 ad
1681 2051 1920 2101 caeteras

257 2135 545 2212 utilitates
575 2153 716 2206 sunt
757 2147 988 2213 idonea,
1022 2143 1238 2216 quibus
1269 2148 1480 2195 natura
1511 2135 1832 2209 perficitur,
1865 2137 1922 2188 et

255 2262 351 2301 ars
411 2244 633 2298 natura
691 2234 980 2292 imitatrix
1037 2227 1337 2302 coeperari
1387 2225 1658 2293 videtur).
1698 2222 1918 2278 Caelum

256 2333 498 2406 quidem
552 2330 791 2401 propter
838 2321 1022 2378 millia
1083 2321 1367 2375 bonorum
1422 2315 1483 2369 in
1531 2313 1684 2385 ipso,
1717 2319 1774 2367 et
1819 2327 1923 2382 per

255 2424 454 2494 ipsum
505 2400 608 2474 Dei
657 2414 1061 2470 aamulatorem
1113 2412 1171 2463 et
1221 2405 1510 2460 caelestem
1572 2400 1917 2467 efﬁcientia;

256 2517 434 2580 terra,
491 2522 606 2562 non
667 2502 906 2576 quidem
978 2498 1280 2568 incompta
1337 2510 1401 2548 ac
1460 2490 1770 2556 informis,
1818 2489 1917 2544 sed

257 2597 492 2673 egregie
531 2592 798 2661 fcconda,
833 2593 890 2645 et
937 2603 1067 2642 rore
1117 2583 1338 2640 caelesti
1393 2580 1703 2652 frugifera;
1738 2593 1918 2648 mare,

261 2666 428 2761 quod
481 2682 674 2740 multa
734 2676 1046 2734 commoda
1100 2673 1268 2729 atl'ert
1325 2669 1703 2738 hominibus,
1764 2666 1920 2738 quod

259 2791 433 2833 omne
500 2767 901 2828 necessarium
969 2763 1265 2826 continet,
1325 2760 1496 2830 cujus
1554 2761 1644 2812 est
1697 2755 1922 2810 nutrire

262 3134 459 3206 platur
485 3109 589 3198 {et
619 3123 948 3200 speculum,
982 3121 1121 3194 quia
1159 3118 1335 3174 verba
1382 3115 1478 3170 Dei
1510 3112 1738 3184 recipit.
1769 3109 1924 3166 Talis

263 3220 381 3277 nisi
453 3199 780 3274 monachus
839 3215 1156 3284 appareat,
1215 3206 1315 3261 sed
1395 3201 1768 3258 solummodo
1829 3199 1922 3254 ni-

2029 1955 2139 2004 κῶν
2163 1950 2250 2004 καὶ
2285 1949 2495 2022 κόσμου
2537 1947 2738 2010 παντὸς
2786 1947 2876 2002 καὶ
2930 1953 3076 2018 ζωῆς
3122 1956 3224 2018 τῆς
3271 1951 3390 2014 καθ’
3433 1948 3689 2019 ἕκαστον,

2027 2043 2136 2093 τῶν
2193 2037 2270 2102 εἷς
2327 2035 2645 2112 εὐπρέπειαν
2681 2079 2694 2104 ,
2747 2041 2855 2091 τῶν
2933 2037 3011 2101 εἰς
3068 2037 3379 2108 ἐπιποίησιν
3438 2037 3691 2102 κάλλους

2029 2127 2329 2195 ἐπαινετά),
2361 2130 2470 2181 τῶν
2523 2125 2600 2188 εἷς
2653 2125 2852 2187 λοιπὰς
2901 2124 3194 2201 ἐνεργείας,
3243 2126 3315 2182 δι’
3344 2129 3419 2181 ὦν
3468 2150 3559 2183 και
3593 2129 3691 2206 φόο

2031 2237 2112 2278 σις
2163 2213 2609 2287 ἀποσεμνύνεται,
2641 2213 2732 2268 καὶ
2764 2217 2799 2284 ἡ
2830 2215 3030 2284 ταύτην
3079 2215 3460 2290 ἐκμιμουμένη
3507 2219 3680 2293 τέχνη

2030 2301 2498 2376 συνδιατιθέμενος
2554 2302 2879 2380 ἐκφαίνεται)
2947 2304 3036 2358 καὶ
3095 2305 3124 2358 6
3181 2304 3396 2374 ἀληθὴς
3448 2304 3692 2380 μεγαλο-

2034 2393 2279 2468 μόναχος
2333 2393 2422 2446 καὶ
2483 2394 2745 2467 θεωροῖτο
2795 2393 2882 2446 καὶ
2931 2392 3114 2455 αὐτός·
3153 2393 3380 2467 οὐρανὸς
3433 2395 3528 2465 μὲν
3552 2395 3694 2450 κατᾶ

2027 2483 2096 2537 τὰ
2146 2481 2311 2557 μυρία
2358 2479 2410 2536 έν
2453 2480 2600 2553 αὐτῷ
2644 2482 2734 2535 καὶ
2789 2478 2859 2534 δι’
2902 2481 3067 2536 αὐτοῦ
3096 2481 3262 2554 καλὲ,
3294 2480 3364 2536 δι’
3395 2483 3471 2536 ὧν
3531 2482 3692 2559 οὐρά-

2027 2591 2145 2633 νιος
2175 2571 2373 2647 γένοιτ’
2403 2568 2465 2624 ἂν
2515 2568 2670 2642 ζήλῳ
2721 2569 2869 2642 θείῳ’
2903 2577 2975 2645 γῆ
3028 2568 3084 2626 δὲ
3115 2571 3177 2626 οὗ
3224 2571 3287 2626 τὸ
3331 2572 3562 2642 ἀόρατον
3593 2572 3687 2627 καὶ

2031 2658 2518 2727 ἀκατασκεύαστον,
2571 2656 2719 2713 ἀλλὰ
2765 2661 2902 2714 κατᾶ
2950 2660 3014 2714 τὸ
3073 2658 3333 2735 ἐναρέτως
3381 2661 3688 2734 κάρπιμον,

2029 2747 2120 2803 καὶ
2169 2747 2284 2820 θείᾳ
2331 2745 2511 2821 δρόσῳ
2566 2748 2881 2823 πάμφορον·
2943 2747 3184 2802 Θάλασσα
3237 2745 3296 2802 δὲ
3353 2749 3490 2804 κατὰ
3534 2752 3596 2805 τὸ
3626 2749 3679 2821 ἐξ

2030 2837 2194 2894 αὐτοῦ
2224 2835 2581 2913 πολυωφελὲς
2615 2836 2665 2890 ἐν
2706 2822 3045 2912 ἀνθρώποις,
3093 2837 3182 2891 καὶ
3234 2838 3434 2900 παντὸς
3475 2837 3683 2894 ἐνδέον·
3764 2822 3767 2824 ’

1875 2933 1920 2987 i-
2029 2949 2122 2989 τος
2165 2925 2642 3000 ἀναπληρωτικὸν,
2705 2923 2766 2980 οὗ
2821 2924 2984 2998 μέρος
3037 2925 3128 2980 καὶ
3176 2926 3237 2980 τὸ
3284 2926 3498 3003 τρέφειν
3548 2932 3676 2997 ζῶα·

1905 3053 1921 3063 -
2031 3017 2121 3071 καὶ
2182 3015 2395 3090 μεγάλα
2453 3013 2505 3068 ἐν
2565 3016 2701 3087 ἡμῖν
2763 3011 2852 3068 διὰ
2892 3015 2955 3068 τὸ
3003 3013 3055 3068 ἐν
3087 3014 3274 3076 αὐτοῖς
3323 3013 3674 3091 μεγαλόνουν·

2031 3107 2121 3160 καὶ
2159 3105 2324 3181 μικρᾶ
2383 3101 2472 3158 διὰ
2522 3104 2622 3170 τὴν
2681 3102 2816 3157 κατὰ
2871 3107 2997 3157 νοῦν
3053 3101 3344 3180 ἀφέλειαν·
3396 3104 3672 3182 ὀφθαλμὸς

2037 3191 2095 3250 δὲ
2140 3199 2219 3266 τῷ
2274 3193 2410 3248 κατᾶ
2464 3192 2714 3246 θεοπτίαν
2771 3189 3086 3264 διορατικῴ·
3145 3191 3235 3246 καὶ
3291 3191 3539 3269 ἔνοπτρον
3590 3195 3666 3263 τῷ

265 3311 386 3384 gris
415 3264 788 3365 vestimentis
838 3264 1154 3366 inrduatur,’
1189 3292 1455 3367 superbit
1499 3291 1571 3346 de
1609 3290 1717 3346 hoc
1744 3289 1920 3344 indu-

2038 3283 2271 3384 δεκτικῶ
2291 3286 2399 3337 τῶν
2433 3280 2587 3345 θείων
2635 3279 2937 3358 ἐμφάσεων·
2992 3281 3089 3352 ὡς,
3141 3277 3256 3356 εἷ’γε
3303 3283 3380 3354 μή
3429 3264 3667 3342 τοιοῦτος

269 3401 489 3457 mento.

345 3575 468 3631 103.
501 3569 640 3628 Mihi
671 3569 731 3624 in
765 3564 988 3638 aliquid
1033 3560 1224 3618 simile
1261 3575 1377 3614 non
1409 3558 1658 3612 donetur
1687 3554 1923 3626 nigrum

278 3679 508 3722 sacrum
557 3659 997 3719 indumentum,
1037 3668 1156 3707 non
1209 3653 1274 3703 ut
1321 3646 1711 3720 aaquiparelur
1759 3643 1926 3709 chao,

277 3769 384 3810 nec
427 3751 623 3815 erebo,
657 3763 761 3803 nec
809 3742 984 3800 alicui
1029 3741 1351 3796 inferorum
1403 3732 1764 3808 proprietati,
1800 3733 1928 3804 qui-

273 3845 387 3900 bus
417 3839 566 3897 nihil
615 3835 842 3908 nigrius
877 3836 964 3889 est
993 3829 1195 3903 (jocari
1239 3830 1328 3883 est
1358 3825 1513 3882 enim
1561 3824 1673 3878 ista
1704 3821 1929 3877 confer-

273 3933 386 4004 re);
420 3930 523 3987 sed
555 3932 620 3982 ut
648 3924 922 3980 tenebras
953 3918 1264 3976 exteriores
1295 3913 1593 3986 effugiam.
1628 3912 1697 3966 Et
1724 3910 1933 3965 timeat

272 4018 649 4092 supradictus
708 4009 1037 4069 monachus
1083 4023 1154 4062 ne
1205 4005 1485 4060 adversus
1535 4017 1597 4056 se
1651 3998 1933 4055 crocitent

272 4088 711 4181 obiurgationes
744 4099 1051 4170 multaque
1085 4097 1198 4152 isto
1233 4093 1405 4148 modo
1439 4091 1607 4163 nigra
1635 4088 1931 4154 nuntient,

271 4179 679 4270 neque—ullum
730 4193 952 4248 bonum
1003 4201 1216 4259 magno
1269 4179 1559 4237 monacho
1609 4192 1932 4248 congruum

271 4284 692 4360 signiﬁcantia.

345 4469 469 4526 104.
530 4463 642 4519 Sed
695 4460 817 4531 jam
875 4454 1111 4511 valeant
1169 4462 1538 4523 quaecunque
1597 4445 1668 4500 de
1725 4443 1934 4500 colori-

267 4562 382 4616 bus
433 4555 590 4611 circa
641 4547 936 4622 nigritiem
969 4541 1384 4598 disseruerunt
1432 4534 1704 4590 homines
1751 4533 1933 4604 hujus

2035 3375 2064 3428 6
2115 3369 2561 3449 μεγαλοσχήμων
2607 3368 2928 3446 ἐκφαίνεται,
2978 3366 3126 3424 ἀλλὰ
3177 3368 3344 3442 μόνον
3401 3368 3683 3448 μελαμφορ

2036 3466 2167 3536 ρῶν,
2201 3458 2510 3536 βρενθύεται
2539 3461 2608 3531 τῇ
2638 3456 2860 3530 τοιαύτῃ
2893 3453 3086 3531 στολῇ.

2109 3551 2210 3625 ργ’.
2260 3548 2482 3622 Ἔμοιγ’
2536 3544 2626 3600 οὖν
2692 3547 2768 3619 μὴ
2828 3545 3255 3620 ἀποκληρωθείη
3313 3548 3376 3602 τὸ
3432 3548 3552 3602 κατ’
3591 3546 3690 3620 ἐμὲ

2035 3641 2183 3716 ἱερὸν
2219 3636 2384 3710 μέλαν
2419 3633 2622 3714 ἅμφιον
2669 3635 2748 3697 εἷς
2792 3635 3043 3690 τοιοῦτόν
3070 3656 3145 3708 τι,
3179 3636 3292 3711 οὐχ
3314 3633 3409 3690 τίνα
3441 3637 3518 3708 μὴ
3550 3635 3694 3711 πρὸς

2038 3730 2176 3804 χάος
2205 3725 2562 3794 ἀπεικάζηται
2615 3725 2705 3778 καὶ
2753 3725 2891 3799 πρὸς
2922 3718 3130 3798 ἔρεϐος,
3183 3723 3220 3794 ἢ
3251 3724 3341 3779 καὶ
3389 3725 3527 3799 πρὸς
3577 3726 3696 3779 ἐτε-

2041 3824 2190 3894 ροῖον
2250 3813 2383 3886 ᾃδου
2441 3814 2667 3890 φόρημα
2701 3833 2714 3847 ·
2777 3814 2942 3888 οὗπερ
3001 3811 3156 3868 οὐδέν
3231 3835 3284 3868 τι
3358 3811 3694 3887 μελάυτερον

2042 3906 2268 3979 (παίζειν
2300 3904 2406 3980 γάρ
2437 3903 2548 3957 ἐστι
2601 3903 2664 3956 τὸ
2715 3901 2859 3956 οὕτω
2902 3896 3399 3975 παραϐάλλεσθαι)⁰
3435 3899 3565 3956 ἀλλ’
3601 3898 3699 3955 ’ἱνα

2045 3997 2120 4069 μή
2169 3995 2232 4050 τὸ
2281 3991 2471 4054 σκότος
2522 3991 2633 4046 ἐκεῖ
2672 3989 2832 4067 λάχω
2878 3991 2941 4046 τὸ
2989 3990 3266 4064 ἐξώτερον.
3312 3991 3411 4045 Καὶ
3442 3990 3604 4054 αὐτὸς
3637 3987 3701 4045 δὶ

2042 4086 2071 4139 6
2117 4082 2496 4161 πεφρασμένος
2542 4081 2785 4154 μοναχὸς
2835 4077 3083 4148 δεδιέτω,
3147 4080 3363 4151 μήποτε
3418 4080 3702 4154 κατακρώ-

2043 4173 2201 4244 ξωσιν
2241 4171 2407 4225 αὐτοῦ
2449 4170 2630 4243 ψόγοι,
2682 4166 2869 4222 πολλὰ
2916 4169 3275 4243 παράγοντες,
3328 4166 3703 4241 μελαινόμενα

2047 4263 2141 4335 μὶν
2192 4259 2266 4322 εἷς
2325 4260 2549 4331 ὅμοιον,
2598 4257 2793 4332 ἀγαθὸν
2847 4254 2905 4311 δὶ
2949 4254 3105 4312 οὐδὲν
3150 4255 3516 4334 ἐπισυρόμενα
3564 4258 3699 4332 πρέ-

2042 4372 2143 4406 πον
2174 4353 2253 4422 τῷ
2289 4345 2608 4424 μεγαλοσχή
2621 4367 2762 4420 μονι.

2116 4437 2212 4516 ρδ’.
2281 4440 2397 4494 Ἳνα
2463 4437 2566 4511 γὰρ
2642 4437 2959 4498 ἀποκεῖσθαι
3038 4435 3348 4512 ἀφέμενος,
3403 4435 3503 4490 ὅσα
3569 4433 3703 4511 περὲ

2043 4529 2357 4605 χρωμάτων
2407 4523 2808 4603 ἐφιλοσόφησαν
2861 4529 2970 4578 τῶν
3029 4522 3176 4599 παρά
3213 4545 3277 4598 γε
3319 4525 3383 4578 τὸ
3437 4522 3608 4596 μέλαν
3643 4526 3701 4580 οἱ

405 4640 610 4717 periti;
644 4612 866 4694 advalia
912 4629 1323 4704 procedamus.
1357 4629 1424 4679 Et
1471 4623 1730 4694 primum
1782 4621 1923 4676 inter

2041 4617 2132 4672 καὶ
2185 4617 2253 4671 τὰ
2316 4618 2540 4669 τοιαῦτα
2616 4614 2815 4692 σοφοὶ,
2871 4617 2981 4666 τῶν
3035 4612 3349 4688 προχείρων
3401 4613 3651 4687 γένωμαι
3685 4633 3699 4645 ·

2125 4710 2154 4717 ..
2305 4705 2320 4717 .
2430 4703 2443 4717 ε
2483 4700 2504 4717 κ
2621 4701 2635 4717 ς
2771 4701 2784 4717 ς
2881 4699 2895 4717 .
3156 4705 3185 4717 ..
3279 4702 3326 4717 η.
3505 4699 3526 4717 ς
3558 4701 3570 4717 .

267 4712 423 4794 vilia
456 4749 574 4789 non
623 4732 714 4785 est
762 4723 1034 4798 ponenda
1083 4717 1314 4781 albedo,
1374 4719 1430 4770 et
1490 4712 1622 4768 aliis
1672 4712 1744 4768 de
1795 4728 1932 4767 cau-

269 4827 374 4897 sis,
427 4826 484 4879 et
536 4822 773 4893 propter
818 4811 1091 4883 angelum
1141 4808 1416 4877 aspectus
1467 4801 1823 4873 fulgurantis
1870 4800 1930 4856 in

269 4889 695 4972 resurrectione
728 4899 1052 4960 Salvatoris
1102 4893 1327 4962 mundi,
1361 4896 1635 4962 vesteque
1676 4889 1808 4945 alba
1840 4905 1930 4943 re-

266 5004 614 5075 fulgentem,
644 4994 814 5064 cujus
854 4989 1119 5043 imitator
1162 4987 1254 5039 est
1295 4979 1545 5053 quilibet
1579 4977 1927 5046 monachus,

263 5066 400 5148 licet
429 5086 616 5158 nigris
637 5076 1004 5138 vestimentis
1036 5073 1313 5138 indutus;
1347 5073 1522 5141 atque
1544 5066 1720 5122 etiam
1755 5082 1928 5138 pr0p-

262 5187 356 5238 ter
385 5156 542 5242 eum,
574 5172 670 5246 qui
706 5170 834 5224 luce
882 5182 985 5239 pro
1015 5162 1364 5218 vestimento
1396 5156 1676 5229 operitur,
1713 5171 1926 5209 secun-

2043 4710 2234 4781 πρῶτα
2268 4705 2359 4776 μὲν
2390 4703 2454 4757 τὸ
2483 4700 2674 4757 λευκὸν
2727 4701 2830 4756 οὐκ
2876 4699 2927 4756 ἐν
2980 4705 3199 4776 σμικρῷ
3238 4702 3471 4756 τέθειται
3505 4699 3699 4776 λόγου,

2040 4797 2109 4851 τά
2131 4816 2188 4849 τε
2239 4790 2408 4865 ἄλλα,
2437 4792 2529 4846 καὶ
2585 4789 2674 4844 διὰ
2722 4789 2816 4844 τὸν
2863 4789 2914 4844 ἐν
2965 4793 3033 4864 τῇ
3086 4789 3532 4864 κοσμοσωτηρίῳ
3577 4790 3706 4845 ἀνα-

2041 4883 2219 4939 στάσει
2255 4879 2682 4955 ἐξαστράπτοντα
2729 4882 2796 4952 τῇ
2847 4881 3033 4954 μορφῇ
3082 4877 3334 4954 ἅγγελον,
3383 4877 3475 4932 καὶ
3529 4875 3702 4948 στολῇ

2041 4972 2210 5045 λευκῇ
2261 4967 2661 5040 διαλάμποντα·
2697 4967 2760 5021 οὗ
2817 4967 3070 5039 μιμητὴς
3125 4968 3262 5028 ἅπας
3326 4967 3594 5040 μοναχὸς,
3650 4963 3700 5018 εἲ

2035 5061 2128 5116 καὶ
2179 5063 2540 5137 μελαμφορεῖ·
2577 5052 2654 5111 ἔτι
2714 5053 2772 5110 δὲ
2829 5056 2915 5110 καὶ
2975 5053 3065 5109 διὰ
3109 5055 3202 5110 τὸν
3247 5049 3693 5127 ἀναϐαλλόμενον

2039 5154 2154 5228 φῶς
2210 5149 2284 5210 ὡς
2337 5146 2578 5220 ἱμάτιον,
2638 5143 2774 5218 πρός
2830 5145 2888 5198 ’ὀν
2953 5145 2979 5198 ὁ
3013 5143 3176 5204 αὐτὸς
3205 5144 3506 5208 τυποῦσθαι
3557 5160 3686 5216 προ-

264 5227 413 5326 ξίέηῖ
626 5227 982 5317 conformari
1010 5253 1164 5308 idem
1185 5247 1385 5320 elegit;
1412 5227 1666 5315 denique
1693 5248 1923 5315 propter

2038 5240 2205 5294 έθετοο
2238 5236 2324 5293 ναὶ
2358 5236 2466 5309 μὴν
2511 5234 2600 5289 καὶ
2655 5231 2746 5288 διὰ
2788 5234 2890 5301 τήν
2941 5231 2994 5287 ἐν
3044 5237 3124 5305 τῷ
3173 5227 3369 5306 Θαϐὼρ
3411 5228 3681 5296 θειοτάτην

2038 5326 2056 5338 \
2092 5327 2100 5338 Ι
2168 5331 2178 5338 ι
2347 5327 2359 5338 ι
2491 5322 2503 5338 I
2635 5321 2650 5338 \
2769 5323 2784 5338 \
2858 5323 2872 5338 Ρ
2935 5322 2944 5338 1
3257 5318 3377 5338 ’ἱλο
3453 5316 3480 5338 τ
3553 5317 3571 5338 Κ
3590 5315 3645 5338 ᾲὶ

263 5359 526 5415 divinam
568 5349 890 5407 claritatem
943 5343 1002 5396 in
1052 5341 1340 5403 Thahore,
1374 5335 1423 5390 si
1456 5351 1569 5388 non
1623 5348 1801 5404 super
1833 5331 1926 5386 lu-

2038 5326 2398 5400 λάμψιν,τῆν
2459 5322 2508 5378 εἲ
2561 5321 2652 5377 καὶ
2716 5323 2792 5395 μὴ
2853 5322 3191 5399 ὑπέρφωτον,
3246 5318 3377 5376 ἀλλ’
3421 5316 3508 5373 οὖν
3551 5315 3686 5390 ὑπὲρ

263 5465 413 5511 cem,
446 5441 654 5499 saltem
697 5451 876 5507 supra
928 5431 1112 5487 solem
1147 5429 1574 5484 coruscantem.
1609 5403 1757 5486 Quid
1791 5437 1923 5489 ergo

2038 5416 2220 5511 ἥλιον.
2268 5414 2328 5467 Τί
2377 5411 2434 5467 δὲ
2480 5413 2542 5511 τὸ
2593 5409 2909 5488 ὁπέρφωτον
2943 5429 2957 5479 ;
2989 5411 3050 5466 Ὁ
3102 5409 3294 5464 εἰπών’
3332 5433 3360 5462 ‹‹
3391 5407 3534 5482 Ἐγώ
3573 5403 3695 5477 εἲμι

263 5509 442 5606 super
472 5525 698 5586 lucem?
719 5523 830 5589 Qui
861 5521 1001 5578 dicit
1024 5536 1072 5574 ;‹‹
1098 5518 1212 5588 Ego
1244 5532 1376 5572 sum
1407 5513 1508 5569 lux
1541 5509 1746 5568 mundi
1771 5509 1818 5544 ²²
1841 5530 1870 5559 ››
1908 5525 1922 5564 :

337 5746 382 5779 ’ί
409 5742 581 5797 Joan.
613 5753 739 5803 vm,
774 5737 859 5790 12.

2034 5505 2096 5559 τὸ
2139 5507 2252 5582 φῶς
2301 5504 2398 5556 τοῦ
2438 5498 2673 5571 κόσμου,
2710 5523 2732 5552 ι
2771 5499 2798 5552 ὁ
2831 5497 3017 5574 Πατὴρ
3045 5501 3156 5552 τῶν
3207 5496 3430 5572 φώτων,
3464 5495 3501 5565 ὴ
3533 5492 3697 5569 ἀρχί-
