4060 6366
380 453 504 514 8l3

1395 451 1500 512 DE
1545 449 2040 512 EMENDANDA
2083 451 2273 514 VlTA
2316 451 2809 517 MONACHICA.

3693 459 3766 518 81
3785 462 3814 517 «1

379 607 564 664 φωτος
624 586 804 654 ούσία,
855 585 907 656 ἐξ
962 585 1028 640 οὗ
1082 583 1170 640 καὶ
1225 581 1300 638 δι’
1355 583 1418 639 οὗ
1447 583 1584 654 ἅπαξ
1613 582 1664 638 ἐν
1699 584 1834 656 ἡμῖν
1867 604 2032 662 φωτι-

2164 587 2332 644 Pater
2356 588 2677 659 luminum,
2710 590 3044 647 subsistens
3073 595 3208 648 ante
3237 591 3450 660 lucem,
3483 610 3552 649 ex
3594 608 3710 665 quo
3756 597 3815 649 et

382 677 543 750 σμὸς,
602 676 632 730 ’ὀ
687 695 746 729 τε
803 674 940 750 πρὸς
1002 673 1275 745 αἶ’σθησιν,
1333 673 1424 728 καὶ
1478 673 1672 728 ὁκατὰ
1729 677 1874 727 νοῦν·
1910 673 2032 749 πρὸ‹

2156 693 2260 748 per
2306 694 2478 749 quem
2529 679 2724 736 omnis
2751 685 2954 735 nostra
2980 679 3352 748 illuminatio,
3387 682 3509 738 sive
3543 698 3809 754 sensum,

383 766 517 840 δπερ
577 767 691 842 φῶς
750 762 1234 836 ἀπεικονιζόμενος
1270 806 1284 831 ,
1345 763 1419 824 ὡς
1475 761 1748 836 ἀνθρώπῳ
1796 759 2041 831 δυνατὸν,

382 854 520 910 κατὰ
553 853 787 926 μίμησιν
841 850 868 904 ὁ
924 848 1281 929 μελαμφόρος
1333 851 1499 925 μὲγας
1541 850 1785 921 ἀσκητὴς
1817 847 2044 926 διαυγά-

387 947 464 1012 ζει
493 943 593 1012 τὴν
643 941 760 996 κατ’
804 941 967 995 αὐτὸν
1025 938 1280 1013 μελανίαν
1333 942 1404 1012 τῇ
1462 937 1659 993 ἐκεῖθεν
1712 939 2044 1016 φωταγωγίᾳ

381 1031 474 1086 καῖ
503 1028 806 1108 φωσφορίᾳ.
849 1026 1078 1090 ’Λλλως
1133 1028 1258 1104 γὰρ,
1317 1026 1498 1100 ὥσπερ
1545 1025 1714 1096 ἡλίου
1767 1024 2040 1098 ἔκκαυσις,

384 1119 714 1194 μελαίνουσα
743 1116 1062 1192 πρόσωπον,
1124 1115 1224 1170 οὐκ
1255 1112 1372 1191 ἔχει
1427 1113 1662 1190 χρώζειν
1713 1115 1838 1176 τοὺς
1897 1115 2041 1168 οὕτω

375 1209 690 1284 πάσχοντας
725 1227 804 1268 εις
864 1205 1205 1281 αὐτόχρημα
1261 1203 1548 1273 Αἰθίοπας,
1600 1201 1789 1265 ἄλλως
1845 1202 2038 1272 εἰπεῖν,

375 1297 453 1360 είς
487 1294 914 1360 Ψευδαιθίοπας.
947 1291 1139 1355 Οὕτως
1200 1291 1324 1348 οὐδὲ
1387 1291 1554 1366 μέλαν
1602 1287 1766 1365 μόνον
1814 1292 2041 1370 φόρημα

371 1385 502 1448 τοὺς
534 1384 759 1456 ἀληθεῖς
790 1383 1000 1439 ἐκτελεῖ
1061 1381 1362 1458 μοναχοὺς,
1422 1380 1569 1437 ἀλλὰ
1606 1380 1734 1442 τοὺς
1779 1377 2036 1451 δοκήτας,

371 1475 464 1530 καὶ
516 1472 586 1530 δι’
642 1473 774 1529 αότὸ
828 1470 1312 1546 ψευδομονάχουςο
1369 1469 1423 1525 οἵ
1453 1471 1552 1538 τήν
1605 1471 1915 1545 μοναχικήν
1948 1470 2036 1524 εὐ-

372 1563 586 1620 τέλειαν
661 1563 1085 1638 ὑποκρινάμενοι
1159 1561 1432 1635 πορισμὸν
1521 1559 1643 1634 βίου
1714 1558 1804 1613 καὶ
1875 1562 2036 1613 τοῦτο

375 1651 941 1726 προσεξευρίσκουσιν,
999 1648 1164 1724 ὀλίγα
1245 1649 1338 1722 μὲν
1401 1647 1747 1708 δαπανῶντες
1807 1647 1882 1709 εἷς
1934 1649 2033 1715 τὴν

379 1739 677 1811 ἂπιπολήν,
739 1742 807 1795 τὰ
861 1737 1042 1794 πλείω
1099 1737 1157 1793 δὲ
1187 1737 1262 1800 είς
1294 1739 1432 1814 χάος
1462 1737 1692 1812 γαστρὸς
1723 1740 2038 1790 κατασπῶν-

373 1851 482 1891 τες.
546 1831 642 1884 Καὶ
703 1828 897 1904 ἒτὲρως
954 1826 1012 1882 δὲ
1067 1829 1267 1905 φράσαι
1331 1829 1431 1896 τήν
1481 1824 1741 1894 τοιαύτην
1801 1823 2032 1878 ἔννοιαν·

2155 765 2275 822 sive
2307 767 2671 835 intellectus;
2701 770 2771 823 ad
2807 786 2984 840 quam
3015 769 3205 825 lucem
3231 771 3808 842 compositus,quan-

2151 859 2279 909 tum
2313 854 2535 912 homini
2571 857 2848 929 possibile
2879 863 2986 923 est,
3021 874 3198 928 quam
3230 859 3498 914 imitatus
3557 876 3808 932 magnus

2153 948 2345 998 asceta
2403 945 2552 1016 nigri
2588 945 2944 1012 indumenti,
2978 963 3147 1002 suam
3181 947 3478 1018 nigritiem
3513 948 3811 1004 illuminat

2151 1029 2282 1086 luce
2306 1033 2441 1086 inde
2467 1034 2719 1089 abducta
2747 1040 2804 1089 et
2835 1035 3066 1089 reﬂexa.
3105 1035 3293 1090 Aliter
3321 1035 3477 1091 enim
3525 1039 3808 1107 quemad-

2151 1121 2393 1174 modum
2428 1121 2569 1176 solis
2599 1122 2878 1193 radii,qui
2908 1123 3134 1178 vultum
3168 1125 3404 1194 nigrum
3439 1124 3807 1193 faciunt,non

2149 1215 2402 1279 possunt
2432 1211 2725 1281 extemplo
2787 1213 2844 1264 in
2901 1211 3250 1282 lEthiopem,
3311 1221 3414 1268 aut
3470 1213 3528 1267 in
3589 1215 3807 1270 falsum

2149 1297 2477 1369 fEthioprm
2539 1299 2794 1370 aliquem
2849 1305 3284 1369 transmutare;
3347 1302 3430 1357 sic
3464 1318 3652 1373 neque
3683 1303 3810 1359 sola

2146 1387 2326 1441 vestis
2355 1387 2524 1454 nigra
2553 1405 2718 1443 veros
2750 1390 3069 1444 monachos
3094 1390 3294 1456 efﬁcit,
3319 1391 3419 1446 sed
3453 1396 3805 1463 apparentes

2147 1483 2204 1529 et
2235 1475 2432 1530 falsos.
2465 1477 2531 1530 Hi
2565 1477 2969 1532 monachicam
3030 1477 3470 1549 simplicitatem
3527 1497 3631 1551 pro
3689 1481 3807 1536 vita

2148 1567 2332 1634 magis
2362 1565 2561 1636 opima
2590 1567 2970 1636 accipientes.
3005 1567 3114 1622 hoc
3143 1566 3470 1636 lucrantur,
3507 1585 3692 1639 pauca
3730 1571 3802 1624 ad

2147 1653 2571 1724 acquirendum
2604 1659 2869 1723 erogant,
2903 1653 3212 1726 multaque
3244 1657 3303 1710 in
3331 1657 3610 1727 abyssum
3663 1674 3802 1713 ven-

2144 1741 2255 1796 tris
2284 1741 2670 1813 ingurgitant.
2704 1743 2840 1806 Quae
2870 1759 2962 1798 res
2993 1743 3162 1798 aliter
3191 1743 3440 1799 dicenda
3495 1750 3604 1800 est.
3644 1745 3801 1800 Albae

2143 1833 2460 1884 traduntur
2513 1831 2704 1886 tribus
2763 1833 3210 1897 Germanorum,
3255 1849 3445 1903 neque
3474 1833 3699 1889 similes
3728 1835 3802 1891 iis

374 1918 542 1975 λευκὰ
603 1919 698 1992 μὲν
757 1915 925 1994 φῦλα.
987 1920 1279 1993 Γερμανῶν
1329 1916 1648 1990 ἱστορεῖται,
1708 1913 1808 1968 οὐκ
1836 1910 1943 1982 ἤδη
1966 1910 2032 2026 Et

2147 1918 2245 1987 qui
2282 1919 2412 1972 fuco
2442 1918 2752 1974 liniuntur.
2785 1919 3000 1974 Eadem
3044 1920 3270 1974 ratione
3323 1935 3428 1974 nec
3486 1920 3802 1976 indumen-

2147 2012 2264 2026 ιη--
2331 2008 2556 2026 mox,“
2622 2023 2812 2026 κωκυ-
3111 2007 3460 2026 μημιυ,
3527 2013 3607 2026 ,νγ
3675 2025 3679 2026 ,
3744 2009 3797 2026 ο.

368 2029 475 2064 που
504 2012 750 2063 τοιοῦτοι
804 2005 895 2060 καὶ
928 2003 1503 2078 οἱέψιμμιθιωμένοι.
1559 2004 1663 2059 Τὸν
1717 2001 1911 2076 ὅμοιον
1962 1999 2028 2070 δὴ

365 2096 528 2172 λόγον
563 2094 692 2151 οὐδὲ
730 2093 898 2168 μέλαν
931 2094 1157 2172 φόρημα
1195 2088 1552 2168 ἀκριϐολογεῖ
1602 2093 1692 2146 τὸν
1761 2111 2032 2164 μοναστη-

369 2185 580 2262 ριακόν.
611 2191 680 2240 Ἢ
710 2184 810 2259 γὰρ
841 2183 904 2238 ἃν
964 2183 1100 2252 ἦσαν
1163 2181 1534 2256 μοναστηρίου
1587 2178 1776 2252 ἄνδρες
1834 2179 1925 2234 καὶ
1969 2180 2032 2234 τὸ

372 2272 527 2337 ἔθνος
573 2275 625 2328 οἱ
677 2271 1106 2348 Μελάγχλαινοιο
1155 2269 1512 2346 Ζωπδρητὲον
1569 2268 1659 2324 οὖν
1694 2267 1927 2346 φλόγεόν
1978 2289 2031 2322 τι

374 2362 464 2417 καὶ
497 2361 769 2441 φατεινὸν,
801 2361 938 2436 πρὸς
971 2358 1029 2414 δὲ
1057 2360 1148 2415 καὶ
1197 2360 1395 2434 θερμὸν
1447 2358 1575 2420 τοὺς
1633 2357 1685 2412 ἐν
1733 2357 1801 2432 τῇ
1864 2378 2032 2431 μονα-

375 2455 513 2526 χικῇ
545 2449 815 2521 πολιτείᾳ·
848 2448 940 2505 τίνα
969 2449 1046 2511 ὡς
1076 2448 1152 2510 εἷς
1188 2449 1448 2523 ἄνθρακας
1478 2447 1842 2518 ἀναπτόμενοι
1874 2450 2031 2515 Θεοῦ,

377 2540 765 2616 χρηματίζωσι
796 2539 887 2594 καὶ
919 2538 995 2602 εἷς
1024 2537 1291 2613 ἀναφορὰν
1318 2533 1544 2599 εὐωδίας
1575 2535 2034 2611 θειοτάτης,χρή-

379 2629 809 2704 σιμοιθυτηρίῳ
846 2629 1241 2704 προσήκοντες.
1302 2624 1527 2686 ’Ἄλλως
1581 2625 1685 2701 γὰρ
1741 2621 2035 2698 ψεύδονται

373 2719 468 2774 τὸν
499 2717 712 2794 ἐνεργὸν
740 2716 996 2793 ἄνθρακα.

449 2826 539 2903 ρι’.
573 2825 676 2882 Καὶ
707 2823 850 2880 οὕτω
886 2825 982 2897 μὲν
1003 2827 1123 2885 τοῖς
1163 2819 1383 2876 πλείοσι
1433 2818 1665 2899 φιλητὸν
1711 2821 1773 2874 τὸ
1822 2818 2032 2894 ἀπραγ-

379 2913 560 2988 μόνως
587 2911 780 2969 λευκὸν
817 2913 890 2974 ὡς
924 2910 1183 2985 μάλιστα,
1231 2909 1315 2966 ὅτι
1373 2911 1461 2965 καὶ
1522 2911 1586 2965 τὸ
1645 2910 1797 2984 ὁρᾷν,
1857 2909 1886 2963 ’ὀ
1945 2904 2035 2961 διὰ

374 3004 551 3082 φωτὸς
609 3001 940 3080 περαίνεται.
1003 2999 1331 3074 Σεμνύνεται
1365 2998 1424 3054 δὲ
1485 2999 1620 3072 μετά
1655 3019 1716 3074 γε
1743 2999 1806 3052 τὸ
1837 2994 2028 3050 λευκὸν

373 3096 577 3168 χρῶμα
605 3093 696 3148 καὶ
747 3090 1050 3170 φαεσφόρον
1082 3090 1144 3144 τὸ
1175 3089 1422 3166 ἐρυθρὸν,
1477 3084 1571 3143 εἷ’τ’
1630 3083 1732 3142 οὖν’
1753 3087 2027 3140 κόκκινον·

372 3178 500 3238 οὗδὶ
557 3178 617 3236 δὲ
674 3177 941 3249 ἔλαττον,
1000 3179 1084 3235 ὅτι
1145 3180 1221 3252 μή
1279 3177 1369 3232 καὶ
1431 3176 1507 3241 ἐς
1566 3173 1772 3248 πλέον,
1828 3173 1919 3229 καὶ
1967 3175 2030 3228 τὸ

366 3270 662 3347 ἁλουργὸν,
695 3269 779 3325 ὅτι
810 3264 1258 3346 συμϐολογραφεῖ
1318 3265 1617 3344 βασιλείαν,
1663 3264 1764 3334 ὅση
1812 3284 1871 3318 τε
1900 3263 2022 3338 περὶ

2144 2012 2268 2060 turn
2331 2008 2565 2078 nigrum
2621 2023 2819 2062 verum
2874 2006 3066 2062 effecit
3110 2007 3490 2063 monachum.
3522 2009 3801 2080 Nunquid

2146 2096 2300 2149 enim
2335 2095 2760 2150 monasterium
2784 2095 3120 2151 incolebant
3149 2113 3294 2168 gens
3356 2095 3804 2153 Melanchlmno-

2144 2200 2273 2238 rum
2292 2183 2319 2237 ‘I
2347 2185 2672 2248 Quaerenda
2707 2189 2799 2239 est
2829 2184 3007 2254 igitur
3032 2185 3294 2254 ﬂamma,
3327 2191 3385 2240 et
3412 2185 3533 2256 lux,
3560 2190 3619 2240 et
3647 2185 3806 2242 calor

2144 2272 2230 2326 eis
2260 2273 2360 2344 qui
2396 2273 2455 2327 in
2489 2273 2866 2329 monasteriis
2899 2274 3141 2344 degunt,
3170 2279 3256 2341 ut,
3289 2274 3461 2345 quasi
3520 2275 3803 2330 carbones

2145 2361 2268 2426 Dei,
2322 2361 2550 2417 accensi
2597 2361 2826 2432 prosint
2855 2363 2926 2417 ad
2961 2362 3180 2417 bonum
3211 2362 3450 2418 odorem
3483 2363 3803 2433 edendum,

2144 2449 2406 2521 ﬁantque
2436 2450 2721 2506 sacrificio
2757 2449 2949 2520 utiles,
2981 2455 3046 2505 ut
3075 2451 3262 2506 decet.
3293 2451 3392 2506 Sin
3428 2451 3656 2523 minus,
3708 2469 3803 2506 ve-

2145 2554 2276 2592 rum
2309 2539 2620 2595 carbonem
2654 2540 3040 2595 mentiuntur.

2217 2824 2339 2878 105.
2371 2823 2464 2880 Sic
2494 2840 2631 2897 ergo
2664 2841 2698 2881 a
2726 2825 3025 2898 plerisque
3071 2825 3337 2898 diligitur
3391 2825 3552 2884 color
3604 2826 3799 2897 albus,

2143 2912 2284 2984 quia
2315 2911 2638 2968 vilissimus
2669 2920 2777 2980 est,
2811 2914 2966 2970 sicut
2994 2914 3156 2972 visus
3187 2915 3287 2987 qui
3320 2915 3452 2971 luce
3481 2915 3798 2987 perﬁcitur.

2141 3007 2282 3056 Post
2311 3000 2508 3055 album
2539 3018 2674 3057 vero
2706 3007 2763 3058 et
2794 3001 3056 3058 lucidum
3093 3003 3344 3059 colorem
3377 3004 3667 3061 miramur
3696 3022 3801 3061 ru-

2141 3090 2340 3159 brum,
2370 3091 2492 3145 sive
2522 3090 2881 3158 coccineum,
2915 3107 3020 3148 nec
3053 3092 3384 3162 minus,sed
3421 3093 3608 3165 magis
3658 3110 3800 3165 pur-

2141 3195 2414 3250 pureum,
2468 3179 2567 3250 qui
2627 3178 2814 3252 regni,
2856 3179 2975 3234 sive
3008 3181 3066 3234 in
3097 3181 3296 3247 terris,
3327 3181 3446 3236 sive
3479 3198 3656 3253 super
3685 3197 3799 3237 caa-

2141 3266 2264 3321 lum
2299 3266 2528 3338 insigne
2559 3270 2667 3333 est,
2700 3273 2756 3322 et
2789 3269 3037 3323 maxime
3067 3284 3201 3323 cum
3250 3269 3365 3323 lrin
3413 3270 3616 3325 rudius
3663 3270 3794 3341 pin-

373 3323 775 3347 V7'V"rI_V’_H
822 3323 915 3342 77"
970 3323 976 3324 ί
1077 3323 1110 3345 ΙΙ
1182 3323 1193 3346 ι
1318 3323 1328 3344 Ι
1606 3323 1617 3334 '
1754 3323 1763 3334 ¹
1971 3323 1980 3338 I

367 3367 468 3436 γῆν
525 3361 616 3415 καὶ
671 3360 772 3429 τήν
847 3357 1253 3434 ὑπερουράνιον·
1311 3357 1401 3412 καὶ
1464 3354 1677 3430 μᾶλλον
1701 3399 1714 3425 ,
1777 3356 1866 3409 δτε
1921 3355 2020 3422 τήν

2147 3356 2244 3426 git,
2305 3323 2450 3410 nihil
2508 3323 2676 3412 triste
2734 3355 2973 3428 nigritia
3005 3323 3796 3428 prmiorentemJicet'alriter

369 3453 505 3523 Ἰριν
533 3449 669 3524 πρὸς
717 3448 1105 3526 ἀπειροκαλίαν
1166 3448 1394 3523 χοώζει,
1453 3443 1624 3519 μηδεν
1669 3466 1722 3499 τι
1779 3444 2023 3518 σκυθρω-

369 3539 641 3608 πάζουσαν
689 3542 759 3613 τῇ
813 3537 1058 3613 μελανία,
1117 3537 1166 3593 εἲ
1218 3535 1307 3592 καὶ
1366 3532 1554 3598 ἄλλως
1609 3534 1830 3610 στυγνὸν
1889 3532 2020 3587 εἶναι

369 3628 432 3682 τὸ
474 3631 573 3694 τῆς
634 3624 960 3703 ἀλουργίδος
1012 3625 1173 3688 ἅνθυς
1221 3623 1627 3700 ἑρῥητόρευται.
1661 3623 1752 3677 Διὸ
1803 3621 1895 3676 καὶ
1943 3620 2020 3683 εἷς

368 3717 518 3791 ίεράν
575 3715 858 3792 ἐπιπρέπει
915 3714 1116 3784 στολὴν
1165 3719 1282 3776 τοῖς
1335 3713 1411 3785 μή
1464 3711 1890 3788 πανηγυρίζουσι
1941 3730 2025 3764 τε·

369 3803 737 3882 λεταρχικῶς.
771 3805 876 3861 Καὶ
925 3803 1132 3870 τοίνυν,
1164 3803 1252 3858 ὅτε
1279 3823 1362 3862 τις
1394 3799 1674 3875 ἄνθρωπος
1707 3797 1782 3854 ὢν
1811 3799 2022 3871 κόσμου

366 3895 456 3950 καὶ
495 3902 596 3965 τῆς
640 3895 755 3950 κατ’
804 3895 968 3949 αὐτὸν
1019 3887 1248 3968 τύρϐἡς,
1303 3891 1519 3966 ἀρεταῖς
1563 3889 1870 3964 ἐπιπρὲπει,
1931 3888 2022 3943 καὶ

367 3984 504 4040 κατὰ
560 3985 744 4040 παθῶν
806 3983 949 4039 οὕτω
1011 3980 1309 4060 βασιλεύει,
1375 3979 1649 4040 τοιούτοις
1709 3976 1770 4032 ἃν
1826 3977 2022 4053 πρέποι

369 4075 690 4148 κοσμεῖσθαι
720 4073 1034 4149 χρώμασιν
1071 4070 1132 4125 ού
1168 4071 1274 4142 μὴν
1307 4073 1388 4140 τῷ
1419 4069 1608 4129 ἁπλῶς
1640 4065 1854 4140 μέλανι.
1886 4068 1946 4122 Ὀ
1977 4063 2024 4119 δ’

369 4162 527 4225 αὖτὸς
560 4161 738 4235 ὁμοίῳ
776 4157 927 4237 λόγῳ
955 4159 1044 4216 καὶ
1077 4159 1150 4221 ὡς
1183 4157 1260 4221 είς
1299 4155 1476 4233 φλόγα
1505 4155 1674 4231 πυρὸς
1707 4152 2022 4231 ἀγγελιχῶς

370 4249 712 4327 προλάμπει,
746 4254 863 4323 Θεῴ
890 4248 1243 4325 λειτουργῶν,
1276 4243 1391 4301 ἐπεί
1420 4265 1505 4299 τοι
1537 4242 1763 4320 ἐρυθροῦ
1792 4241 2026 4318 χρώμα-

370 4359 461 4404 τος
491 4337 637 4402 οἶδός
666 4360 718 4395 τι
749 4338 842 4394 καὶ
881 4339 942 4393 τὸ
975 4335 1231 4415 φλόγεον.

443 4448 543 4522 ρς’.
574 4446 672 4509 Τίς
742 4444 832 4501 οὖν
894 4443 1053 4506 αὐτὸς
1123 4441 1436 4518 λογισθείης
1481 4440 1620 4516 πρὸς
1677 4437 1878 4494 ἐκεῖνον
1935 4438 2024 4491 τὸν

371 4535 663 4602 λαϊκὸν,ὦ
728 4537 1169 4608 μοναστηριῶτα,
1233 4531 1378 4601 ἥκων
1437 4527 1526 4585 διὰ
1577 4525 1836 4602 μελανίας
1869 4526 2031 4600 ιέικρά⁴

367 4644 488 4692 του,
520 4624 608 4679 καὶ
661 4621 830 4697 μηδὲν
879 4645 932 4678 τι
981 4621 1256 4698 πυῤῥάζον
1307 4617 1476 4696 ἔχων,
1534 4618 1624 4674 καὶ
1683 4617 1826 4672 οὕτω
1885 4613 2026 4688 λαμ-

2133 3446 2240 3501 flos
2273 3462 2543 3518 purpura:
2575 3444 2812 3501 odibilis
2844 3461 2974 3502 esse
3004 3451 3298 3502 narretur.
3333 3447 3550 3502 Idcirco
3581 3446 3679 3502 ille
3729 3447 3787 3502 in

2129 3539 2352 3590 vestem
2399 3551 2627 3590 sacram
2677 3535 2771 3590 his
2803 3538 2907 3606 qui
2936 3536 3193 3591 ecclesiae
3228 3553 3343 3590 non
3380 3539 3651 3608 prosunt,
3681 3553 3782 3607 po-

2130 3627 2248 3679 test
2273 3623 2483 3694 aptari.
2515 3622 2606 3678 Sic
2634 3622 2818 3696 igitur
2849 3640 3002 3679 cum
3031 3623 3242 3697 .aliqui
3299 3641 3371 3680 ne
3427 3625 3672 3693 mundo,
3730 3628 3788 3680 et

2129 3712 2283 3767 inter
2313 3711 2679 3767 mundanum
2712 3711 3055 3780 tumultum,
3087 3711 3406 3769 virtutibus
3434 3717 3791 3779 coruscat,et

2131 3800 2384 3871 imperat
2415 3799 2814 3872 passionibus,
2874 3801 2968 3856 his
3026 3801 3323 3856 coloribus
3381 3801 3792 3857 convenienter

2132 3889 2474 3961 insignitur,
2535 3905 2650 3943 non
2705 3893 2902 3944 tamen
2963 3889 3312 3961 simpliciter
3353 3890 3538 3960 nigro.
3572 3891 3639 3945 Et
3667 3892 3794 3961 ipse

2132 3977 2338 4032 eadem
2373 3975 2620 4040 ratione,
2655 3993 2788 4032 cum
2825 3977 2938 4032 Deo
2973 3976 3282 4044 sacriﬁcat,
3333 3978 3505 4048 quasi
3555 3978 3798 4034 ﬂamma

2133 4065 2311 4138 ignis,
2367 4070 2434 4119 ut
2479 4064 2746 4138 angelus,
2780 4065 3050 4138 refulget,
3085 4067 3224 4138 quia
3254 4065 3430 4122 rubro
3455 4066 3630 4122 colori
3659 4083 3800 4139 pro-

2133 4155 2293 4209 xima
2319 4159 2408 4210 est
2437 4153 2698 4209 ﬂamma.

2211 4441 2333 4523 t_06.
2369 4438 2510 4504 Quis
2539 4454 2675 4510 ergo
2699 4437 3086 4510 judicaberis,
3119 4439 3188 4493 ad
3222 4438 3382 4494 hunc
3413 4438 3630 4494 laicum
3683 4438 3802 4496 col-

2138 4529 2314 4596 latus,
2349 4545 2380 4582 o
2414 4527 2720 4595 mouache,
2753 4526 2855 4599 qui
2885 4527 3049 4583 venis
3081 4544 3211 4582 cum
3246 4526 3370 4584 sola
3397 4532 3560 4584 veste
3606 4528 3800 4602 nigra,

2138 4617 2402 4687 nihilque
2461 4617 2736 4689 ignitum,
2791 4615 3056 4672 lucidum
3117 4616 3347 4672 habes?
3405 4617 3508 4673 Hic
3557 4619 3802 4690 quidam

372 4711 550 4787 πρόν;
597 4693 693 4768 καὶ
727 4693 867 4786 Ἶμὴν
902 4713 930 4767 ὁ
986 4693 1234 4771 τοίοῦτος
1265 4693 1627 4787 ἐρυθροφόρος
1683 4705 1773 4761 καὶ
1823 4704 1900 4768 εἷς
1935 4725 2030 4759 πα-

2147 4706 2333 4761 rubris
2385 4705 2649 4761 vestibus
2709 4705 2978 4771 indutus,
3033 4711 3198 4777 pater
3256 4705 3568 4762 habebitur
3596 4723 3800 4764 eorum

371 4803 500 4877 τὲρα
577 4800 976 4880 ὶγγραφήσεται
1038 4804 1147 4855 τῶν
1197 4799 1285 4853 ὑπ’
1343 4796 1508 4851 αὐτοῦ
1555 4793 2027 4870 καταρτιζομένων

376 4888 454 4952 είς
509 4890 744 4963 ἀρετὴν,
803 4891 892 4944 καὶ
957 4887 1204 4962 μιμητής
1261 4889 1396 4941 Θεοῦ
1426 4929 1440 4951 ,
1499 4888 1594 4939 τοῦ
1653 4884 1758 4960 πρὸ
1815 4881 2028 4937 πάντων

375 4980 604 5054 πατρὸς,
656 4978 1058 5054 λογισθήσεται·
1115 4974 1186 5032 δι’
1242 4975 1375 5029 αὐτὸ
1429 4971 1487 5028 δὲ
1543 4970 1673 5028 οὐδὲ
1728 4969 2036 5046 ἀσχημάτι-

379 5088 507 5129 στος
539 5067 673 5124 κατᾶ
700 5067 828 5132 τοὺς
857 5065 1034 5142 χύδην
1067 5063 1316 5125 λαϊκούς.
1379 5061 1474 5117 Διὸ
1527 5061 1616 5117 καὶ
1645 5055 1816 5122 ἆϐὄᾶς
1867 5061 1895 5114 ὁ
1939 5059 2032 5114 αύ-

376 5157 471 5220 τὸς
503 5156 554 5230 (ὃ
609 5154 676 5226 δὴ
734 5156 826 5212 καὶ
859 5155 922 5210 σὺ
952 5152 1356 5224 ἐπικέκλησαι),
1405 5147 1516 5221 ἤδη
1551 5147 1609 5204 δὲ
1644 5149 1732 5204 καὶ
1769 5149 2037 5222 μοναχὸς,

380 5247 471 5300 οἶα
526 5252 700 5318 μονῆς
753 5244 898 5309 Θείας
949 5243 1258 5316 ἅνθρωπος,
1295 5239 1490 5301 ὁποίας
1546 5235 1762 5300 πολλὰς
1795 5238 1822 5294 δ
1855 5237 2038 5312 σωτὴρ

386 5335 624 5410 Χριστὸς
656 5335 786 5399 Θεὸς
814 5336 974 5407 ἡμῶν
1008 5329 1423 5405 εὐηγγελίσατο.
1474 5329 1540 5384 ἸΙ
1587 5327 1690 5403 γὰρ
1749 5327 1859 5402 οὐχ
1908 5326 2038 5380 ὑπο-

391 5424 538 5496 μένει
589 5445 683 5479 τον
742 5423 944 5498 Κύριον
999 5421 1090 5476 καὶ
1167 5420 1195 5474 ὁ
1264 5421 1535 5484 τοιοῦτος,
1599 5413 1888 5494 φυλάσσων
1947 5415 2041 5477 τὰς

391 5509 553 5576 ὁδοὺς
625 5513 838 5582 αὐτοῦς
917 5507 1234 5584 Καταμόνας
1310 5507 1392 5562 ἐπ’
1461 5503 1643 5562 ἑλπίδι
1718 5509 1786 5579 τῇ
1858 5509 2042 5560 πασῶν

391 5603 659 5679 κρείττονι
730 5602 1118 5672 κατοικίζεται,
1194 5597 1285 5653 καὶ
1358 5595 1501 5652 οὕτω
1570 5595 2049 5672 κατακληρονομεῖ

393 5698 500 5768 γῆν
562 5691 838 5768 ἑκατέραι,
919 5693 1022 5762 τήν
1077 5710 1137 5744 τε
1211 5684 1748 5763 ὑπερανῳκισμένην,
1822 5684 1912 5740 καὶ
1985 5685 2046 5754 ἣν

395 5783 564 5854 ἡμεῖς
611 5785 910 5857 πατοῦμεν.
967 5785 1108 5854 Ἀρα
1164 5775 1224 5833 δὲ
1274 5774 1383 5851 οὐχ
1426 5775 1708 5848 ὑπομένων
1768 5772 2049 5848 ὑπομίνει,

2141 4811 2287 4866 quos
2317 4795 2389 4849 ad
2421 4794 2695 4850 virtutem
2731 4793 3300 4864 informat,imitator
3331 4795 3426 4849 Dei
3461 4795 3647 4851 Patris
3678 4813 3806 4853 om-

2143 4884 2308 4940 nium
2341 4882 2738 4956 reputabitur,
2761 4887 2820 4939 et
2849 4883 2923 4938 ob
2955 4883 3107 4937 hanc
3139 4883 3427 4938 rationem
3459 4883 3807 4942 indumento

2147 4990 2262 5029 non
2297 4971 2668 5028 fraudabitur
2698 4973 2855 5028 inter
2883 4971 3096 5044 vulgus
3127 4971 3509 5028 laicumldeo
3541 4974 3722 5030 abbas
3753 4979 3812 5031 et

2149 5064 2295 5136 ipse,
2331 5068 2394 5117 ut
2424 5066 2487 5116 tu
2519 5061 2768 5127 vocaris,
2799 5061 3044 5132 insuper
3089 5065 3146 5116 et
3195 5061 3548 5128 monachus,
3606 5068 3810 5134 utpote

2148 5151 2238 5206 vir
2285 5155 2502 5206 sancta:
2551 5149 2902 5218 mansionis,
2936 5152 3001 5203 ut
3028 5148 3293 5204 Christus
3324 5147 3591 5205 Salvator
3618 5150 3812 5207 Domi-

2151 5257 2265 5296 nus
2297 5243 2496 5295 noster
2527 5255 2678 5310 sape
2709 5237 3148 5310 evangelizavit.
3181 5238 3385 5293 Nonne
3410 5237 3565 5294 enim
3620 5241 3808 5298 Domi-

2153 5347 2295 5386 num
2357 5332 2653 5400 exspectat
2708 5327 2758 5383 is
2817 5326 2918 5399 qui
2975 5325 3234 5381 custodit
3281 5327 3405 5382 vias
3435 5328 3811 5398 eius?Seor-

2155 5419 2268 5475 sim
2300 5417 2528 5473 habitat
2558 5417 2782 5488 optima
2813 5433 2915 5488 spe
2945 5416 3205 5481 innixus,
3251 5421 3308 5470 et
3355 5415 3438 5472 sic
3497 5422 3812 5492 utramque

2155 5512 2371 5563 terram
2433 5523 2468 5562 a
2519 5505 2750 5578 superis
2795 5507 3226 5576 frequentatam
3263 5509 3318 5559 et
3349 5521 3382 5560 a
3413 5506 3583 5563 nobis
3614 5508 3811 5567 tritam

2158 5595 2442 5668 possidet.
2493 5593 2771 5666 Nunquid
2827 5597 3142 5666 expectans
3201 5610 3316 5648 non
3377 5602 3695 5667 exspectat,
3758 5603 3816 5655 et

2161 5683 2446 5740 Dominus
2477 5683 2549 5738 ad
2580 5698 2714 5738 eum
2748 5683 2808 5738 in
2839 5687 3072 5737 tantum
3106 5681 3520 5753 inclinatur,ut
3544 5702 3648 5756 per
3679 5704 3815 5744 eum

2160 5771 2448 5830 miracula
2474 5770 2974 5844 operetur,qua1ia
2999 5769 3184 5826 multa
3210 5770 3513 5829 vidimus?
3533 5774 3605 5830 Et
3633 5775 3684 5831 si
3715 5775 3822 5831 iste
