4060 6364
223 428 345 491 819

998 420 1420 486 EUSTATHII
1464 412 2231 480 THESSALONICENSIS
2281 410 2864 476 METROPOLITE

3529 407 3663 467 820

225 563 380 620 sicut
399 561 526 633 jam
558 558 838 625 diximus,
873 560 939 613 ut
983 557 1295 628 repudiata
1325 556 1442 612 ista
1473 549 1759 620 maculari,
1790 547 1881 604 di-

1997 545 2224 620 ρόμενος
2282 542 2525 614 ἀπελέξω
2583 541 2674 598 καὶ
2719 542 2820 612 τὴν
2878 539 3200 617 παρρησίαν,
3260 540 3334 601 ὡς
3378 539 3469 594 καὶ
3526 517 3664 614 φθά-

222 650 423 710 vinam
474 649 757 705 invenias.
816 647 1185 703 Abscondere
1214 661 1350 718 ergo
1408 644 1776 716 plerumque,
1823 643 1879 694 et

227 739 536 810 exstingue
566 737 828 792 animum
851 737 1302 806 jactabundum,
1332 742 1394 788 ut
1427 733 1484 787 in
1517 731 1686 786 terris
1716 745 1878 784 acce-

1989 654 2174 695 σαντες
2235 630 2606 706 εἶ’πομει·⁹ίνα
2663 630 2714 686 ἐν
2771 635 2850 701 τῷ
2895 628 3094 699 ταύτην
3132 628 3401 704 βιωτικῶς
3459 647 3665 702 παραι-

1985 726 2250 794 τήσασθαι
2304 733 2404 792 τήν
2466 722 2600 798 πρὸς
2658 720 2785 776 Θεὸν
2833 719 3106 794 εὑρήσεις.
3140 716 3348 774 Οὐκοῦν
3407 717 3660 792 κρύπτοι)

227 833 328 900 pta
358 804 622 882 mercede
671 804 891 898 gloriae,
925 823 1062 879 alibi
1113 839 1227 878 non
1260 821 1484 877 incidas
1515 819 1574 874 in
1607 820 1880 874 tenebras

1997 813 2053 868 τά
2109 811 2306 883 πλείω,
2338 812 2436 880 τήν
2497 806 2803 886 Θρυαλλίδα
2857 812 2953 863 τοῦ
3011 811 3393 878 φανητιασμοῦ
3425 804 3657 862 συστὲλ’

227 914 532 970 obscuras.
594 913 912 968 Considera
969 911 1148 966 etiam
1196 910 1425 981 nigram
1476 907 1635 962 intus
1693 905 1878 961 videri

227 1017 604 1073 quacumque
653 1016 926 1070 magnam
971 996 1340 1069 speluncam,
1391 995 1532 1065 quia
1586 1011 1700 1049 non
1746 993 1878 1048 illu-

226 1091 488 1144 minatur
535 1103 634 1144 aer
678 1086 940 1152 interior,
976 1102 1089 1140 non
1142 1083 1586 1154 attingentibus,
1621 1097 1726 1137 nec
1757 1097 1882 1152 per-

227 1177 587 1245 meantibus,
624 1192 728 1232 nec
782 1174 1229 1230 transeuntibus
1278 1171 1420 1228 solis
1452 1171 1651 1228 radiis.
1685 1171 1751 1225 Et
1783 1170 1884 1225 ite-

227 1282 358 1321 rum
391 1264 536 1321 scito
568 1265 763 1320 simile
793 1263 1014 1335 aliquid
1048 1278 1178 1318 esse
1211 1262 1500 1316 mundum
1531 1275 1664 1314 cum
1697 1258 1883 1330 nigris

226 1354 592 1409 indumentis
640 1353 792 1408 inter
843 1353 1072 1408 fratres.
1127 1351 1204 1405 Iis
1253 1349 1410 1405 enim
1461 1349 1705 1403 indutus
1763 1364 1885 1402 ma-

227 1458 380 1514 gnus
412 1441 878 1510 monachusjam
903 1456 1018 1494 non
1050 1437 1216 1493 facile
1231 1436 1416 1492 videri
1438 1435 1613 1490 debet
1641 1434 1700 1490 in
1717 1451 1885 1488 mun-

230 1530 383 1585 dana
411 1529 873 1585 conversatione.
907 1526 1303 1583 Absconditus
1333 1541 1395 1581 es
1424 1525 1602 1594 igitur
1633 1523 1688 1577 in
1717 1539 1885 1578 sacra

227 1618 486 1691 nigritie,
533 1617 691 1674 velut
720 1616 779 1672 in
829 1616 1130 1687 spelunca.
1164 1615 1250 1682 ,Ει
1280 1613 1418 1685 quid
1466 1611 1525 1666 in
1580 1609 1880 1684 spelunca,

224 1706 285 1761 in
344 1705 686 1771 solitudine,
745 1704 805 1758 in
879 1703 1236 1758 habitatione
1308 1702 1564 1772 teipsum
1621 1699 1883 1754 ostendis

227 1795 471 1861 mundo,
504 1795 674 1866 quasi
727 1795 969 1848 domum
1019 1789 1337 1861 bajulans?
1387 1789 1459 1845 Ut
1488 1789 1628 1860 quid
1678 1789 1886 1842 trium-

1990 899 2127 968 λων,
2153 897 2246 955 ’ίνα
2278 901 2354 972 μή
2386 899 2478 954 τὸν
2513 898 2702 972 μισθὸν
2763 900 2862 962 τῆς
2923 894 3184 968 λάμψεως
3236 894 3498 970 ἀποσχὼν
3560 893 3656 948 ἐν·

1986 993 2180 1058 ταῦθά,
2265 987 2340 1050 εἰς
2423 986 2672 1059 ἀλαμπὶς
2751 983 2862 1039 ἐκεῖ
2950 984 3141 1045 σκότος
3209 982 3652 1058 ἀποκληρωθῇς.

1989 1078 2108 1133 Ἔτι
2166 1075 2478 1154 φιλοσόφει,
2525 1075 2612 1129 καὶ
2689 1075 2772 1128 ὅτι
2855 1072 3023 1146 μέλαν
3077 1071 3435 1149 προφαίνεται
3507 1072 3651 1127 ἅπαν

1994 1166 2134 1239 μέγα
2162 1163 2434 1236 σπήλαιον
2462 1165 2531 1218 τά
2559 1184 2622 1238 γε
2650 1160 2797 1224 ἐντὸς
2831 1157 2920 1216 διὰ
2947 1161 3010 1216 τὸ
3040 1165 3138 1216 τοῦ
3167 1159 3218 1215 ἐν
3260 1159 3409 1232 αὐτῷ
3465 1159 3648 1236 ἀέρος,

1993 1254 2320 1330 ἀφώτιστον.
2353 1252 2432 1311 Οὐ
2463 1252 2566 1328 γὰρ
2595 1249 2876 1306 διικνεῖται
2926 1253 2996 1323 τῇ
3047 1248 3176 1320 θίξει
3230 1248 3320 1304 καὶ
3383 1249 3460 1310 εἰς
3517 1248 3641 1303 αὐτὸ

1978 1337 2340 1398 ’ἀκτινοϐολία
2395 1340 2559 1410 ἡλίου
2615 1341 2970 1419 φωτίζοντος.
3004 1337 3209 1394 Αὐτίκα
3271 1336 3330 1394 δὶ
3379 1351 3638 1415 συμφιλο-

1993 1431 2142 1510 σόφει
2175 1433 2264 1486 καὶ
2300 1433 2382 1486 δτι
2409 1429 2659 1486 τοιοῦτόν
2706 1450 2757 1484 τι
2788 1428 2879 1482 καὶ
2937 1429 2964 1483 ὁ
3027 1425 3118 1481 διὰ
3165 1425 3402 1500 μέλανος
3461 1427 3645 1499 ἱματι-

1993 1524 2134 1594 σμοῖ›⁹
2176 1520 2383 1593 κόσμος
2433 1519 2486 1574 έν
2533 1523 2650 1580 τοῖς
2700 1518 2836 1571 κατὰ
2866 1515 2942 1575 σέ.
2973 1513 3202 1577 Ὑποδὺς
3259 1515 3364 1590 γὰρ
3415 1514 3573 1570 αὐτὸν
3623 1515 3654 1568 6

1996 1609 2165 1684 μέγας
2246 1609 2507 1683 μοναχὸς,
2569 1605 2746 1661 οὐκέτι
2828 1604 2954 1681 ῥᾷον
3040 1603 3254 1681 όφείλεε
3322 1605 3656 1680 καθορᾶσθαι

1992 1699 2128 1774 πρὸς
2183 1697 2450 1770 κοσμικὴν
2514 1696 2818 1766 συνήθειαν.
2849 1693 3057 1752 Οὐκοῦν
3109 1691 3344 1767 ὲκρόϐης
3403 1692 3496 1747 καὶ
3556 1692 3655 1746 αὑ-

1991 1788 2103 1855 τὸς,
2136 1786 2210 1848 ὡς
2243 1786 2295 1840 ἐν
2329 1783 2607 1856 σπηλαίῳ,
2637 1788 2719 1857 τῷ
2749 1783 2876 1856 θείῳ
2931 1780 3175 1856 μέλαντι.
3207 1780 3274 1838 Τί
3317 1786 3447 1858 γοῦν
3505 1779 3658 1853 αὐτῷ

227 1882 458 1955 pharis,
510 1882 676 1952 quasi
737 1881 835 1952 qui
891 1882 1233 1951 arroganter
1281 1875 1554 1946 incediti?
1603 1875 1687 1930 Ita
1733 1875 1882 1947 agis,

1997 1873 2272 1947 σπηλαίῳ,
2324 1872 2460 1940 αὐτῆ
2507 1871 2858 1949 κατακρύψει,
2913 1869 3049 1946 αὐτῇ
3109 1870 3376 1942 ἂνοικήσει
3431 1870 3654 1926 σεαυτὸν

1999 1963 2012 1976 .
2140 1963 2150 1976 ,
2352 1966 2378 1976 ..
2502 1960 2514 1976 ,
2717 1961 2729 1976 .
2856 1961 2874 1976 .
3080 1959 3091 1976 .
3382 1959 3394 1976 ς
3456 1960 3483 1976 .

227 1970 398 2043 quasi
432 1970 654 2042 aliquid
707 1969 1030 2041 pretiosum
1083 1966 1194 2022 sub
1243 1964 1593 2036 supellectili
1641 1963 1718 2018 sit
1748 1964 1885 2020 abs-

228 2059 549 2127 conditum,
610 2074 680 2113 ne
737 2057 1026 2125 videatur,
1088 2061 1148 2111 et
1204 2054 1419 2109 deinde
1475 2053 1888 2108 manifestetur

229 2151 432 2204 contra
457 2147 621 2218 prius
669 2144 1004 2200 consilium.
1059 2142 1160 2197 Vel
1190 2142 1331 2214 quid
1364 2157 1512 2212 opus
1541 2145 1667 2196 erat
1695 2145 1752 2195 te
1783 2139 1884 2195 ah-

230 2235 402 2292 condi
445 2235 504 2289 in
553 2233 861 2306 principio,
894 2232 944 2288 si
975 2233 1088 2287 isto
1137 2231 1312 2286 modo
1343 2230 1402 2284 in
1453 2228 1654 2286 oculos
1681 2229 1888 2284 cadere

228 2323 467 2382 volebas
484 2323 513 2378 ?

303 2501 427 2557 112.
458 2504 718 2572 Squama
747 2499 1016 2570 quaedam
1049 2502 1138 2553 est
1166 2501 1267 2551 tua
1298 2496 1549 2551 exterior
1579 2495 1881 2566 nigrities;

227 2589 385 2646 intra
415 2605 541 2644 eam
575 2593 632 2642 te
678 2588 942 2643 habitare
987 2590 1235 2658 oportet,
1280 2591 1346 2640 ut
1373 2584 1551 2639 talem
1585 2584 1882 2639 hominem

228 2678 415 2734 decet.
466 2678 597 2748 Ipsa
628 2680 717 2731 est
763 2675 931 2746 quasi
962 2673 1182 2729 concha
1232 2673 1381 2728 circa
1410 2677 1467 2728 te
1499 2688 1511 2726 :
1547 2689 1618 2728 ne
1663 2672 1883 2743 cogites

215 2765 409 2839 igitur
452 2765 673 2820 bonum
719 2780 847 2818 esse
875 2768 934 2817 te
981 2761 1173 2818 solum
1205 2760 1408 2828 videri,
1442 2763 1545 2817 sed
1595 2761 1784 2832 magis
1813 2775 1882 2814 ea

228 2853 512 2910 abscondi
545 2852 869 2908 secundum
899 2867 1104 2906 verum
1137 2849 1456 2905 hominem.
1479 2849 1692 2905 Cortici
1721 2848 1882 2903 simi-

227 2941 304 2998 lis
335 2946 462 3010 est;
517 2958 658 2996 cura
707 2957 843 3013 ergo
889 2940 960 2995 de
988 2941 1182 2994 fructu
1235 2939 1487 2994 maxime
1526 2937 1879 3006 necessario,

229 3031 402 3102 cujus
431 3029 620 3101 gratia
665 3033 862 3086 cortex
911 3029 1099 3084 factus
1129 3031 1242 3083 est.
1302 3028 1383 3082 Te
1412 3027 1608 3098 ipsum
1653 3025 1880 3091 velasti,

227 3135 355 3174 cum
384 3117 744 3190 proposuisti
792 3115 1093 3173 abscondi.
1125 3117 1240 3172 Cur
1265 3132 1510 3188 appares
1531 3115 1558 3170 ‘I
1597 3115 1775 3170 Existi
1808 3115 1881 3169 de

226 3206 449 3263 mundo
484 3224 496 3262 :
529 3223 634 3261 cur
661 3205 876 3261 videris
900 3205 1237 3277 importune
1256 3203 1283 3258 ?
1313 3204 1394 3259 Te
1423 3203 1643 3258 indicet
1671 3202 1876 3270 virtus,

224 3297 428 3368 sicque
452 3313 570 3352 non
596 3268 1188 3368 apparebislihenter.
1209 3293 1334 3348 Alio
1367 3293 1538 3347 modo
1560 3292 1718 3346 enim
1753 3268 1876 3347 ma;
1907 3268 1951 3337 Ο

224 3385 560 3450 nifestatus,
583 3400 696 3439 non
733 3383 931 3438 differs
950 3382 1022 3437 ab
1055 3383 1139 3437 eis
1170 3383 1270 3453 qui
1301 3381 1606 3436 vendenda
1637 3382 1695 3435 in
1725 3398 1882 3436 com-

221 3474 361 3545 pitis
385 3474 684 3544 jactitant.
729 3472 1003 3526 Ardorem
1055 3471 1424 3525 mundanum
1472 3467 1632 3524 velut
1661 3470 1771 3524 sub
1803 3468 1883 3523 ci-

221 3578 359 3617 nere
391 3560 782 3626 abscondisti,
814 3576 946 3614 cum
971 3559 1089 3614 Deo
1112 3560 1356 3614 devotus
1387 3573 1445 3611 es
1471 3575 1484 3624 ;
1511 3573 1673 3613 serva
1703 3557 1885 3628 igitur

220 3666 356 3706 eum
388 3654 653 3720 tempore
707 3651 1036 3718 Opportune
1087 3646 1462 3702 excitandum
1499 3661 1513 3700 :
1548 3661 1680 3700 ama
1709 3646 1887 3716 igitur

217 3739 372 3794 liber
397 3753 546 3794 esse.
603 3735 926 3791 Cruciﬁxus
957 3751 1040 3802 es,
1075 3734 1228 3790 sicut
1279 3752 1310 3789 a
1343 3733 1630 3806 principio
1663 3734 1720 3788 in
1752 3738 1883 3788 ton-

225 3843 365 3883 sura
395 3824 784 3899 spopondisti.
841 3823 950 3879 Ubi
1000 3840 1134 3894 ergo
1181 3825 1434 3895 negotia,
1467 3828 1568 3878 aut
1615 3821 1886 3878 homines

226 3917 297 3972 ad
329 3921 384 3971 te
429 3915 687 3971 clamant
721 3930 733 3967 :
774 3936 796 3962 ι
829 3913 1126 3969 Descende
1171 3929 1327 3968 nunc
1357 3913 1430 3967 de
1459 3927 1651 3979 cruce,
1675 3911 1722 3946 ³³
1750 3931 1778 3964 ι)
1814 3926 1888 3967 ne

227 4004 572 4074 descendas,
605 4019 635 4058 ο
665 4007 869 4058 contra
918 4005 1190 4071 exspecta
1237 4001 1420 4056 donec
1451 3999 1640 4056 soluto
1671 4000 1885 4072 spiritu

227 4109 345 4148 non
376 4093 720 4161 descendas,
753 4091 853 4147 sed
890 4091 1198 4158 ascendas,
1222 4107 1294 4145 ne
1322 4090 1536 4145 evadas
1567 4089 1890 4144 horrendo-

226 4197 355 4237 rum
390 4181 807 4237 scandalorum
858 4195 1019 4234 reus.
1054 4178 1182 4235 Noli
1217 4177 1532 4251 ancipitem
1563 4178 1748 4233 vitam
1780 4178 1888 4232 du-

228 4285 376 4338 cere,
412 4268 515 4341 qui
547 4268 785 4324 unicam
817 4267 1052 4322 vovisti.

305 4534 422 4590 113.
441 4533 784 4589 Monachica
797 4533 915 4589 vita
930 4537 995 4589 ut
1017 4533 1224 4588 mundi
1247 4532 1658 4589 condemnatio
1675 4532 1890 4589 tradita

1996 1963 2262 2040 ἐκφαίνεις
2311 1966 2391 2034 τῷ
2453 1960 2666 2034 κόσμῳ,
2702 1961 2777 2023 ὡς
2828 1961 2915 2015 οἷα
2971 1959 3273 2037 φερέοικος,
3308 1959 3398 2014 καὶ
3455 1960 3658 2035 θριαμ-

1996 2047 2192 2121 ϐεύεις,
2237 2052 2311 2114 ὡς
2363 2048 2859 2125 λαμπρυνόμενος;
2892 2047 3087 2121 ὅμοιόν
3143 2069 3197 2103 τι
3248 2052 3446 2118 ποιῶν,
3475 2047 3549 2110 ὡς
3610 2047 3658 2102 εἰ

1995 2141 2083 2195 καί
2113 2161 2166 2195 τι
2197 2144 2305 2195 τῶν
2334 2137 2782 2213 τιμαλφεστέρων
2815 2131 3009 2213 κρυϐὶν
3069 2135 3171 2192 ὑπό
3224 2157 3274 2191 τι
3336 2139 3545 2205 σκεῦος,
3579 2136 3656 2198 ὡς

1993 2229 2084 2286 καὶ
2142 2228 2444 2298 λανθάνειν,
2479 2227 2592 2282 εἶτα
2648 2225 3032 2300 δημοσιεύεται
3087 2225 3236 2300 παρὰ
3281 2227 3380 2295 τὴν
3417 2224 3655 2300 έξαρχῆς

1993 2317 2270 2393 πρόθεσιν.
2297 2321 2366 2372 Ἢ
2393 2316 2447 2370 τί
2479 2336 2611 2371 ποτε
2660 2315 2750 2370 καὶ
2807 2312 3136 2390 κρόπτεσθαί
3195 2333 3253 2368 σε
3308 2313 3408 2382 τὴν
3469 2311 3654 2386 ἀρχὴν

1994 2406 2185 2482 ἐχρῆν,
2220 2406 2266 2460 εί
2299 2403 2472 2468 οὕτως
2503 2401 2696 2475 ἤθελες
2725 2398 3147 2480 περιϐλέπεσθαι
3172 2421 3187 2472 ;

2065 2496 2191 2570 ριβ’.
2227 2493 2472 2572 Κέλυφος
2506 2496 2622 2548 οἷον
2675 2492 2736 2546 τὸ
2795 2491 2845 2548 ιν
2907 2491 2992 2546 σοὶ
3048 2489 3491 2568 προφαινόμενον
3554 2491 3659 2563 μέ⁴

1993 2581 2116 2656 λαν,
2147 2583 2238 2639 καὶ
2284 2584 2395 2658 χρὴ
2464 2580 2612 2644 ἐντὸς
2670 2579 2834 2636 αὐτοῦ
2889 2579 3236 2643 κατακεῖσθαί
3294 2599 3372 2646 σε,
3431 2577 3507 2642 ὡς
3558 2579 3648 2632 ἀν-

1991 2672 2195 2746 θρώπῳ
2224 2671 2430 2747 πρέπον
2480 2669 2737 2743 τοιούτῳ.
2786 2667 3036 2743 Λέπυρον
3097 2668 3279 2742 ὥσπερ
3337 2667 3471 2722 αὐτὸ
3525 2669 3648 2744 περὶ

1990 2762 2067 2816 σέο
2102 2759 2222 2825 ὅθεν
2271 2761 2336 2816 οὐ
2367 2760 2480 2836 χρὴ
2511 2763 2781 2835 περινοεῖν
2842 2778 2900 2812 σε
2955 2757 3019 2812 τὸ
3068 2756 3234 2812 καλὸν
3290 2754 3341 2809 ἐν
3385 2759 3465 2826 τῷ
3518 2775 3654 2830 προσ

1988 2849 2302 2928 φαινομένῳ
2339 2849 2430 2903 καὶ
2486 2845 2828 2921 μόνῷ,ἀλλᾶ
2879 2845 3116 2920 μάλιστα
3169 2843 3223 2900 έν
3277 2848 3358 2917 τῷ
3415 2864 3653 2918 κρυπτο·

1993 2940 2139 3013 μένῳ
2171 2935 2240 2992 δι’
2273 2937 2437 2992 αὐτοῦ
2493 2937 2608 2991 κατ’
2639 2936 2922 3011 ἄνθρωπον
2982 2935 3074 2990 τὸν
3131 2928 3325 2995 ὅντως.
3376 2938 3644 3008 Περικαρ-

1989 3027 2099 3100 πίῳ
2154 3021 2347 3082 ἔοικεν.
2378 3022 2683 3098 Ἐπιμελοῦ
2721 3023 2901 3078 τοίνυν
2945 3026 3041 3077 τοῦ
3087 3025 3298 3098 καρποῦ
3327 3025 3425 3076 τοῦ
3487 3022 3642 3094 ἀναγ-

1987 3115 2276 3172 καιοτάτου
2325 3114 2415 3170 καὶ
2474 3114 2536 3168 οὗ
2595 3114 2757 3188 χάριν
2813 3113 2876 3167 τὸ
2935 3112 3316 3187 περικάρπιον.
3349 3111 3634 3185 Ἠφάνισας

1989 3206 2209 3260 σεαυτὸν
2259 3207 2328 3277 τῇ
2380 3203 2632 3279 προθέσει
2687 3205 2784 3256 τοῦ
2839 3200 3186 3274 κρύπτεσθαι.
3221 3200 3286 3257 Τί
3341 3197 3410 3268 δή
3468 3219 3626 3274 φανη-

1987 3299 2142 3364 τιᾷς;
2176 3290 2336 3354 ’Έδυς
2401 3289 2460 3346 ἐκ
2513 3290 2609 3346 τοῦ
2665 3290 2894 3363 κόσμου.
2927 3287 2990 3343 Τί
3036 3292 3168 3364 γοῦν
3225 3287 3450 3366 ἐκφαίνῃ
3497 3285 3640 3361 παρᾶ

1989 3383 2212 3458 καιρόν;
2245 3380 2652 3453 Καταμηνυέτω
2705 3399 2764 3433 σε
2819 3381 2854 3447 ἡ
2915 3377 3102 3452 ἀρετή·
3165 3377 3254 3431 καὶ
3308 3378 3482 3438 οὕτως
3539 3375 3651 3450 οὐχ

1992 3471 2129 3526 ἑκὼν
2184 3469 2458 3548 ἐκφαίνου.
2515 3465 2722 3528 Ἀλλος
2777 3465 2877 3541 γὰρ
2936 3464 3338 3541 προαγόμενος,
3392 3461 3549 3519 οὐδέν
3598 3483 3651 3518 τι

1994 3558 2263 3638 διαφέρεις
2294 3562 2426 3624 τῶν,
2459 3556 2575 3611 ὅσοι
2616 3557 2752 3611 κατά
2799 3554 2893 3616 τάς
2940 3554 3133 3629 ἀγυιὰς
3191 3552 3536 3627 πομπεύουσι
3589 3553 3658 3606 τὰ

1993 3647 2386 3722 ἐμπολώμενα.
2417 3647 2507 3707 Ὠς
2541 3645 2644 3699 ὑπὸ
2675 3640 2874 3714 σποδιᾷ
2930 3665 3037 3698 τινι
3094 3643 3158 3698 τὸ
3215 3642 3268 3698 ὲν
3323 3641 3408 3698 σοὶ
3453 3661 3660 3714 κοσμιο

1993 3738 2086 3792 κὸν
2142 3737 2339 3812 θερμὸν
2395 3729 2652 3809 ἔκρυψας,
2716 3731 3039 3805 ἀναθέμενος
3097 3735 3178 3804 τῷ
3231 3735 3364 3803 Θεῷ.
3406 3729 3660 3786 Φῦλαττε

1995 3824 2086 3880 οὗν
2120 3824 2250 3880 αὐτὸ
2279 3825 2354 3886 εἰς
2399 3819 2593 3897 ἄναψιν
2642 3817 2910 3898 εὔκαιρον·
2945 3821 3126 3896 ἀγάπα
3181 3820 3364 3875 τοίνυν
3422 3816 3662 3889 ἠλευθε-

1997 3915 2265 3990 ρωμένος.
2346 3911 2748 3986 Ἐσταυρώθης,
2823 3910 2960 3965 καθά
3040 3911 3140 3978 τὴν
3229 3909 3408 3985 ἀρχὴν
3486 3906 3659 3978 ὶτάξω

1995 4003 2334 4079 κειρόμενος.
2367 3999 2432 4060 Ei
2463 3999 2644 4055 τοίνυν
2673 3999 2706 4067 ἢ
2740 4000 3037 4074 πράγματα
3065 3997 3100 4067 ἢ
3149 3999 3424 4072 ἄνθρωποι
3484 3997 3660 4073 βοῶσι

1996 4093 2134 4168 πρὸς
2193 4094 2272 4146 σέ·
2329 4111 2358 4144 ι
2420 4082 2644 4147 Κατάϐα
2692 4092 2784 4142 νῦν
2845 4087 2950 4142 ἀπὸ
3001 4090 3099 4143 τοῦ
3156 4089 3430 4159 σταυροῖν
3485 4108 3515 4136 ››
3578 4085 3658 4158 μὴ

1995 4175 2308 4249 κατάϐαινε,
2364 4176 2509 4234 ἀλλά
2585 4176 2860 4251 πρόσμενε
2935 4178 3035 4247 τὴν
3124 4173 3213 4231 διὰ
3287 4177 3666 4247 πνευματικῆς

1997 4267 2476 4339 ἀποκαθηλώσεως
2527 4266 2588 4322 οὗ
2647 4261 2963 4334 κατάϐασιν,
2996 4263 3126 4320 ἀλλ’
3155 4259 3325 4326 ὅντως
3379 4257 3659 4318 ἀνάϐασιν·

1992 4356 2085 4411 ’ίνα
2119 4358 2192 4429 μή
2227 4353 2549 4412 σκανδάλων
2583 4352 2765 4416 α⁹ίτιος
2805 4348 3077 4426 ἀποϐαίης
3139 4351 3350 4410 δεινῶν.
3384 4353 3478 4420 Μὴ
3539 4350 3668 4416 θέλε

1999 4441 2263 4524 ἀμφίϐιος
2293 4445 2450 4514 εἶναι,
2486 4443 2514 4498 6
2545 4443 2795 4519 κυρώσας
2827 4441 2963 4497 εἶναι
2997 4437 3276 4515 μονόϐιος.

2073 4536 2199 4611 ριγ’.
2264 4535 2328 4588 Ἦ
2388 4533 2668 4607 μοναχικὴ
2736 4529 2993 4586 πολιτεία
3049 4530 3262 4604 κόσμου
3319 4527 3668 4605 κατάγνωσις

233 4631 340 4693 est,
358 4639 472 4677 non
491 4623 815 4678 utfacultas
837 4622 1101 4688 ustendi;
1124 4623 1314 4677 exitur
1335 4623 1508 4686 abeo,
1529 4637 1644 4677 non
1665 4622 1885 4677 vaditui

2004 4626 2137 4679 εἶναι
2193 4619 2429 4690 δέδοται,
2488 4621 2550 4676 οὗ
2613 4623 2721 4694 μὴν
2777 4616 2955 4698 ἔφεσις
2989 4638 3000 4654 ⁸
3043 4619 3397 4696 ἀναχώρησις
3457 4616 3510 4689 ἐξ
3567 4619 3666 4673 αὐ-

233 4712 306 4767 ad
340 4727 474 4767 eum
500 4728 513 4778 ;
539 4711 658 4766 vita
687 4716 776 4766 est
807 4710 1185 4782 quiescentis,
1214 4725 1327 4764 non
1363 4709 1727 4766 mercatoris.
1760 4709 1890 4765 Tibi

235 4804 434 4856 autem
491 4799 712 4855 mundo
771 4797 1131 4864 renuntiare,
1189 4802 1280 4852 est
1333 4796 1523 4851 addici
1580 4797 1826 4853 licentia;
1877 4814 1891 4852 :

235 4891 408 4943 tuum
424 4909 451 4937 «
471 4887 646 4942 etiam
668 4909 694 4936 »
713 4887 869 4958 quod
893 4886 1138 4940 intonsu
1150 4903 1212 4939 ra
1234 4884 1554 4956 protulisti,
1573 4886 1893 4956 perfectum

236 4993 354 5032 non
383 4976 595 5042 evasit;
620 4979 908 5046 tuumque
940 4997 966 5023 ‹‹
987 4990 1104 5028 non
1127 4995 1154 5023 ››
1179 4973 1548 5044 negationem
1567 4973 1888 5029 mentitur:

235 5064 436 5120 omnia
504 5069 916 5135 permutantur
983 5062 1152 5134 quasi
1220 5063 1478 5132 quadarn
1542 5062 1892 5133 antiphrasi,

234 5154 390 5210 aliud
428 5169 532 5225 pro
563 5151 676 5206 alio
710 5150 964 5223 ponitur.
1025 5153 1421 5221 interrogatus
1450 5150 1607 5204 enim
1638 5151 1696 5205 in
1730 5167 1893 5206 sacro

233 5241 458 5308 limine,
491 5244 691 5294 utrum
715 5240 1080 5294 consentires
1100 5239 1157 5292 in
1196 5239 1514 5293 mundanis
1537 5238 1895 5294 vanitatibus

227 5332 351 5402 jam
387 5347 503 5386 non
533 5329 776 5394 versari,
812 5346 959 5400 quas
991 5328 1279 5384 referebat
1308 5328 1704 5400 interrogans,
1735 5326 1894 5382 dicto

239 5422 437 5486 etiam,
475 5418 801 5491 promisisti
835 5418 1007 5474 modo
1039 5432 1182 5472 sane
1212 5417 1586 5471 afﬁrmativo.
1621 5416 1740 5471 Hoc
1771 5417 1898 5471 erat

242 5511 398 5566 recte
432 5506 815 5579 loquentibus
864 5522 1092 5578 negare.
1143 5504 1364 5562 Exinde
1393 5502 1576 5572 enim,
1605 5506 1896 5575 quantum

321 5721 366 5758 ³³
394 5719 599 5778 Matth.
630 5737 798 5786 xxvu,
835 5722 922 5778 40.

2000 4715 2119 4781 τοῦ,
2178 4707 2240 4765 οὐ
2327 4709 2723 4784 προσχώρησις
2807 4706 2891 4763 ἐπ’
2948 4707 3108 4763 αὐτόν
3140 4728 3152 4740 ·
3215 4707 3665 4783 ἀπραγμάτευτος

2008 4800 2148 4876 βίος,
2190 4797 2251 4854 οὗ
2283 4792 2775 4874 πραγματευτικός.
2813 4797 2908 4852 Σοὶ
2945 4793 3003 4852 δὲ
3055 4799 3090 4866 ἡ
3143 4796 3240 4851 τοῦ
3291 4795 3507 4869 κόσμου
3533 4795 3668 4850 ἀπό-

2001 4889 2148 4958 ταξις
2207 4885 2474 4960 ἀκοσμίας
2532 4885 2674 4941 ἐστὶν
2725 4883 2993 4958 ἐπίταξις·
3028 4884 3118 4940 καὶ
3175 4881 3299 4940 οὔτε
3353 4884 3417 4938 τὸ
3466 4881 3522 4938 ἐν
3579 4885 3664 4939 σοὶ

2005 5003 2032 5030 ‹‹
2093 4975 2181 5032 ναὶ
2238 4999 2268 5029 ››
2326 4975 2389 5030 τὸ
2439 4981 2539 5046 τῆς
2590 4979 2791 5051 κουρᾶς
2855 4973 2932 5036 εἲς
2989 4969 3211 5051 ἀκριϐὲς
3269 4967 3663 5043 ἀπεκϐέϐηκεν,

2007 5065 2080 5127 ὡς
2133 5064 2266 5119 εἶναι
2325 5063 2659 5139 αὐτόχρημα
2717 5088 2746 5115 ‹‹
2773 5061 2881 5118 ναί·
2919 5087 2947 5115 ››
2999 5063 3183 5118 καὶτὸ
3215 5086 3244 5116 ‹‹
3277 5059 3339 5117 οὓ
3391 5083 3420 5113 ››
3450 5058 3512 5116 δὶ
3539 5059 3665 5135 ψεύ-

2007 5149 2154 5206 δεται
2210 5153 2308 5221 τὴν
2363 5151 2624 5226 ἄρνησιν·
2660 5152 2733 5212 ὡς
2790 5150 3260 5226 ἀντιμεταχωρεῖν
3319 5150 3457 5206 αὖτά
3514 5147 3662 5222 λόγῳ

2007 5239 2120 5293 οἷον
2206 5239 2721 5313 ἀντιπεριστάσεως,
2779 5239 2872 5294 καὶ
2955 5239 3128 5302 οὕτως
3209 5238 3328 5294 ἀντὶ
3405 5233 3660 5307 ἀλλήλων

2007 5327 2152 5402 παρά
2207 5326 2266 5403 γέ
2350 5348 2434 5382 σοι
2507 5326 2767 5385 τίθεσθαι.
2822 5328 3213 5405 Ἠρωτημένος
3267 5327 3373 5403 γὰρ
3428 5321 3514 5381 ἐπὶ
3563 5325 3661 5378 τοῦ

2011 5415 2290 5480 θειοτάτου
2345 5416 2613 5492 βήματος,
2645 5415 2692 5471 εἰ
2751 5415 3072 5492 ὁμολογεῖς,
3125 5417 3203 5490 μὴ
3268 5415 3322 5471 ἰν
3379 5416 3670 5487 κοσμικαῖς

2009 5502 2143 5560 εἶναι
2199 5502 2558 5583 φαυλότησιν,
2616 5503 2678 5568 ’ὰς
2739 5505 2769 5560 6
2828 5503 3045 5582 ἐρωτῶν
3100 5503 3388 5578 ἐξετίθετο,
3436 5500 3668 5559 κατεθοῦ
