4060 6372
369 433 480 494 821

1393 435 1496 492 DE
1539 433 2037 495 EMENDANDA
2077 431 2262 495 VITA
2306 430 2791 494 MONAGHICA.

3679 425 3796 488 822

366 563 606 639 φάμενος
658 585 687 614 ‹‹
717 561 822 631 ναὶ,
873 585 895 612 ι
944 559 1367 637 ὁμολογητικῶς
1422 559 1660 634 δηλαδή.
1697 564 1770 618 Σὸ
1825 559 1894 618 δι’
1940 562 2006 631 ἦν

2149 581 2255 621 nos
2308 564 2597 632 videmus,
2645 562 2864 618 mundo
2913 558 3168 633 amplius
3229 557 3560 627 adhesisti;
3621 565 3798 631 atque

366 651 440 713 ὡς
528 643 770 724 ἀκριϐῶς
862 647 1073 720 εἰπεῖν,
1165 649 1567 706 ἀπαναίνεσθαι.
1655 650 2031 725 Προστέτηκας

363 740 486 814 γὰρ,
548 737 646 792 ὅσα
705 759 769 812 γε
842 740 993 810 ἡμᾶς
1059 737 1302 814 βλέπειν,
1371 745 1451 811 τῷ
1520 739 1712 813 κόσμῳ
1771 740 2029 794 ἐπιπλέον

366 824 571 883 ἔκτοτε·
631 826 720 881 καὶ
781 827 854 888 εἰς
885 827 946 880 τὸ
1009 850 1037 879 ‹‹
1070 828 1134 882 οὐ
1170 851 1198 880 ››
1236 825 1292 882 δὲ
1348 829 1719 904 καταστρέψας
1751 831 1848 898 τὴν
1896 829 2028 884 ἀπό-

362 936 540 990 κρισιν
607 921 722 969 κατ’
801 915 984 992 ἒτέρας
1052 913 1367 992 ἐρωτήσεις,
1446 917 1499 971 ἐν
1569 923 1652 980 αῖς
1715 917 2024 991 ἀπώμνυες,

367 1010 544 1069 ποιεῖς
603 1003 703 1059 οὐκ
759 1002 912 1074 αὐτὸ,
967 1002 1112 1059 ἀλλὰ
1158 1004 1389 1082 ἐνεργεῖς
1432 1005 1500 1061 τὰ
1540 1008 1900 1084 ἀπειρημένα,
1951 1008 2025 1069 ὡς

365 1090 516 1168 εἶ’περ
567 1092 937 1170 ὡμολόγησας
998 1118 1026 1145 ‹‹
1080 1092 1185 1152 ναί.
1281 1119 1301 1146 ι
1364 1095 1461 1151 Καὶ
1518 1093 1660 1151 οὕτω
1711 1101 2024 1169 μεταποιεῖς

361 1185 461 1253 τήν
491 1203 550 1236 τε
580 1181 757 1257 ἄρσιν,
814 1184 913 1252 τήν
962 1203 1022 1237 τε
1070 1183 1237 1253 θέσιν,
1292 1183 1342 1254 ἐξ
1387 1185 1565 1260 ἀρχῆς
1593 1183 1784 1257 αὐτῆς,
1844 1186 2022 1258 οἶμαι,

359 1269 702 1349 ῥᾳδιουργεῖν
732 1265 1168 1345 ἐπιϐαλόμενος,
1200 1272 1290 1326 καὶ
1325 1273 1460 1346 μετὰ
1486 1279 1584 1343 τῆς
1631 1271 2021 1348 ὀρθολεκτικῆς

357 1361 604 1438 φράσεως
634 1360 724 1415 καὶ
754 1361 853 1429 τὴν
883 1361 1051 1435 ὀρθὴν
1100 1359 1380 1417 πολιτείαν
1415 1361 1630 1440 φαύλης
1667 1362 1874 1435 ἀπάτης
1926 1361 2022 1418 λό-

354 1472 436 1525 γῳ
467 1449 1121 1524 ἀποπροσποιησάμενος.

430 1537 681 1615 ριδ’.Ἦν
737 1537 828 1594 οὺν
885 1539 988 1614 ἄρα
1045 1537 1300 1608 κάλλιον,
1355 1541 1400 1594 ὦ
1446 1537 1631 1611 οὗτος,
1679 1539 1868 1596 λαϊκὸν
1923 1541 2018 1614 μέ-

356 1627 520 1683 νοντά
597 1647 654 1682 σε
729 1625 1016 1703 φυλάττειν
1094 1627 1156 1682 τὸ
1231 1629 1414 1683 κοινὸν
1491 1627 1549 1684 ἐκ
1598 1636 1815 1705 γενετῆς
1877 1630 2020 1684 θεῖον

362 1713 703 1793 ἐπάγγελμα,
753 1712 895 1791 ἤπερ
975 1712 1176 1770 ἷδιάσαι
1249 1718 1342 1790 μὲν
1399 1719 1490 1772 καὶ
1545 1718 1797 1788 τάξὰσθαι
1853 1739 2016 1774 κατα-

362 1804 530 1878 μόνας
580 1802 818 1875 ἐπίταξιν
874 1803 996 1879 βίου
1043 1805 1377 1878 κρείττονος,
1437 1807 1512 1879 μή
1572 1805 1900 1885 φυλάξασθαι
1961 1804 2019 1862 δὲ

354 1893 419 1948 τὸ
481 1890 729 1948 κατιδίαν
787 1891 998 1968 ἀρέσαν,
1061 1894 1171 1947 εἶτα
1227 1895 1316 1948 καὶ
1369 1893 1598 1949 ἐνώπιον
1641 1900 1750 1950 τῶν
1800 1896 2015 1950 θειστά-

351 2001 460 2036 των
495 1981 742 2057 ἀγγελων
794 1981 884 2036 καὶ
931 1980 1097 2037 αὐτοῦ
1145 1987 1279 2038 Θεοῦ
1320 1981 1588 2047 τυπωθέν.
1645 1985 1852 2041 Ἐκεῖνο
1914 1985 2009 2057 μὲν

348 2071 451 2147 γὰρ
502 2071 564 2124 τὸ
613 2071 876 2146 ἀρχῆθεν,
931 2071 994 2124 τὸ
1055 2072 1190 2144 μετὰ
1243 2072 1344 2141 τήν
1384 2073 1609 2146 γένεσιν,
1673 2070 1840 2145 μηδὲν
1899 2077 2007 2127 τῶν

359 2161 570 2238 βρεφῶν
623 2156 889 2231 εἰδότων,
949 2157 1136 2221 ἄλλως
1185 2159 1484 2235 κεκύρωτο,
1537 2159 1701 2230 ἡνίκα
1745 2166 1826 2234 τῷ
1881 2160 2008 2234 θείῳ

355 2248 712 2321 ἐσημειοῦντο
787 2247 1159 2324 βαπτίσματι’
1215 2248 1282 2302 τὰ
1333 2246 1390 2304 δὲ
1444 2253 1553 2304 τῶν
1611 2248 2010 2323 ἐπαναιρουμέ-

351 2358 458 2391 νων
537 2336 781 2412 μονάζειν
858 2338 1181 2391 καταθετικά
1257 2336 1308 2408 ἐξ
1373 2338 1550 2393 αὐτῶν
1633 2337 1872 2407 ἐκείνων,
1949 2336 2004 2394 εὖ

351 2422 595 2495 εἰδότων,
653 2424 735 2498 τῷ
790 2429 906 2498 Θεῷ
959 2424 1314 2481 ἀνατίθενται·
1381 2426 1426 2499 ᾧ
1473 2426 1764 2501 ψεύσασθαι
1805 2427 1886 2490 τίς
1943 2425 2002 2482 ἃν

348 2513 622 2588 τολμῴη;
679 2511 780 2585 Εῗη
842 2515 904 2568 ἂν
963 2511 1022 2569 δὲ
1075 2515 1255 2570 τοίνυν
1311 2516 1602 2592 ὁσιώτερος
1627 2522 1707 2589 τῷ
1752 2522 1868 2590 Θεῷ
1914 2513 2002 2571 δίν-

351 2605 574 2678 θρωπος
637 2601 736 2658 τοῦ
785 2602 926 2658 λαοῦ
983 2605 1011 2657 ὁ
1042 2602 1350 2682 φυλάττων,
1384 2607 1518 2681 ἅπερ
1547 2602 1628 2661 ἐτι
1658 2602 1813 2669 ὄντος
1839 2605 2004 2661 αὐτοῦ

347 2690 710 2747 ἀτελεστάτου
784 2693 1104 2762 συντέθειτο,
1167 2690 1292 2748 ούδὶ
1352 2692 1546 2749 λαλιὰν
1597 2691 2003 2770 διαρθροῦντος,

356 2782 432 2854 μὴ
489 2779 572 2835 ὅτι
630 2801 691 2857 γε
743 2781 1060 2853 ηὐξημένου
1110 2782 1210 2850 τήν
1268 2783 1552 2856 φρόνησιν,
1607 2779 1749 2860 ἤπερ
1782 2784 2000 2846 ὁαύτὸς

350 2871 625 2939 τυπώσας,
685 2869 849 2931 αὐτὸς
908 2870 1176 2946 κυρώσας,
1225 2869 1385 2933 αὐτὸς
1440 2873 1663 2942 νοήσας,
1692 2872 1851 2935 αὐτὸς
1899 2873 2000 2930 λα-

353 2956 543 3028 λήσας,
595 2961 711 3014 εἶτα
765 2953 1035 3035 παραϐὰς,
1091 2959 1178 3014 καὶ
1212 2959 1734 3034 κατανωτισάμενος,
1785 2962 1818 3016 ἃ
1845 2964 2001 3018 κατέ-

351 3047 492 3118 θετο,
551 3047 805 3124 ἀγγέλοις
863 3047 1172 3122 ὁμόσκηνος
1217 3046 1677 3126 ἐπαγγειλάμενος
1735 3051 2001 3107 εἶναικαὶ

347 3134 618 3192 ίσοστάσιο
634 3159 678 3200 ς.

421 3244 536 3319 ριε’.
589 3240 765 3300 Ἀλλά
808 3247 977 3299 ταῦτα
1023 3244 1116 3316 μὶν
1173 3243 1236 3299 σὺ
1293 3245 1384 3300 καὶ
1444 3245 1649 3308 ἐκεῖνος
1687 3247 1776 3302 καὶ
1828 3244 2002 3311 ἄλλος

341 3300 446 3400 τις,
510 3300 562 3386 οἱ
610 3336 844 3408 χωρικῷ
897 3333 991 3406 μὶν
1024 3300 1200 3408 Ιλόγῳ
1240 3331 1330 3389 διὰ
1375 3334 1438 3388 τὸ
1484 3300 2001 3411 ἕντοπονηέμοῖῖτῖζ
2033 3300 2076 3367 C

346 3417 406 3475 δὲ
439 3417 671 3475 διαθέσει
730 3416 854 3476 οὔτε
908 3420 1056 3494 ἐμοὶ,
1117 3420 1242 3477 οὔτε
1288 3427 1396 3479 τῶν
1425 3425 1542 3478 κατ’
1573 3423 1670 3497 ἐμὲ
1701 3422 1790 3480 διὰ
1815 3426 1878 3480 τὸ
1906 3433 2009 3496 τῆς

347 3509 578 3583 γνώμης
630 3507 853 3564 ἄτοπον·
910 3510 984 3572 ὡς
1061 3509 1113 3565 οἵ
1140 3533 1200 3585 γε
1248 3511 1472 3583 ἀληθῶς
1515 3511 1662 3586 ἐμοὶ,
1715 3514 1806 3569 καὶ
1837 3515 1912 3577 ὡς
1944 3515 2005 3570 ἂν

349 3595 666 3660 ίδιωτεύσας
719 3595 879 3666 εἴπω,
940 3599 992 3653 οἳ
1025 3596 1190 3655 ίδικοί
1227 3621 1331 3672 μου
1390 3601 1630 3674 (ἀκούοις
1687 3600 1744 3658 δέ
1774 3626 1878 3676 μου
1906 3611 2007 3674 τῆς

351 3686 636 3757 ἀληθείας,
671 3687 716 3741 ὦ
763 3686 1029 3764 ἀγιώτατε
1086 3688 1411 3744 ΐσαπόστολε
1457 3689 1702 3766 βασιλεῦ)
1762 3693 1900 3747 κατά
1943 3695 2006 3748 τὸ

353 3773 489 3848 ὕψος
542 3779 641 3829 τοῦ
700 3775 934 3850 οὐρανοῦ
989 3775 1096 3832 ἀπὸ
1149 3779 1250 3847 τῆς
1300 3785 1405 3852 γῆς
1477 3780 1628 3852 ὑμῶν
1715 3780 2004 3857 ἀπέχουσι,

350 3865 674 3939 προσθετέον
750 3861 807 3919 δὲ
861 3864 952 3920 καὶ
1001 3866 1086 3939 τὸ,
1145 3865 1220 3920 ὡς
1279 3866 1538 3923 ἀνατολαὶ
1595 3869 1702 3924 ἀπὸ
1761 3867 2002 3943 δυσμῶν,

351 3950 594 4026 οὐράνιοι
675 3950 870 4008 ἐκεῖνοι
945 3959 1065 4016 ταῖς
1136 3954 1592 4030 ἀγαθοπραξίαις,
1665 3957 1819 4026 ἣλιοι
1883 3965 2005 4023 ταῖς

351 4039 589 4112 ἀρεταῖς,
622 4037 956 4115 παραδείσου
1013 4040 1261 4111 πολῖται,
1319 4043 1459 4120 φωτὶ
1519 4044 1646 4118 θείῳ
1691 4066 2006 4119 περιουσια-

354 4127 591 4200 ζόμενοι,
679 4128 1079 4204 ἀχρημοσύνην
1156 4129 1518 4194 πλουτοῦντες
1581 4134 1680 4202 τὴν
1735 4132 2002 4205 κατιδίαν,

352 4214 555 4272 πολλοὶ
616 4215 674 4271 δὲ
729 4217 820 4272 καὶ
878 4218 1261 4291 ἀκτημοσύνην
1293 4220 1482 4294 ἄκραν,
1540 4217 1610 4274 δι’
1657 4222 1723 4290 ἧς
1754 4223 1882 4278 Θεὸν
1909 4224 2004 4278 αὐ·-

353 4305 440 4360 τὸν
495 4310 750 4361 κτῶνται·
814 4307 972 4380 ὑμεῖς
1031 4304 1089 4362 δὲ
1141 4315 1246 4382 γῆς
1306 4305 1625 4384 ἄνθρωποι,
1683 4311 1773 4366 καὶ
1833 4311 2003 4382 αὐτῆς

351 4392 489 4466 ὅλης
540 4396 961 4470 ἡκανθωμένης,
1016 4397 1096 4460 οἶς
1141 4397 1426 4473 μερίμναις
1483 4397 1746 4471 διηνεκῶς
1801 4410 2003 4458 κεντεῖ-

350 4486 469 4538 σθαι
531 4485 793 4561 περὶτῶν
855 4483 1078 4550 οὐδενὸς
1109 4486 1270 4558 ἀξίων
1304 4486 1493 4565 λόγου.
1529 4489 1627 4545 Καὶ
1675 4489 1869 4547 ἐκεῖνοι
1906 4495 2002 4565 μὲν

349 4573 828 4647 πραγματεύονται
901 4574 965 4631 τὰ
1034 4575 1334 4650 ἀειλαμπὶς
1370 4625 1386 4650 ,
1463 4577 1852 4652 ἐνακμάζοντες
1921 4587 2004 4654 τῷ

2139 671 2270 708 cum
2304 655 2360 708 in
2395 657 2616 725 partem
2671 651 3003 723 negativam
3053 665 3258 705 versus
3288 665 3371 717 es,
3405 665 3540 702 cum
3572 647 3798 702 caeteris

2138 743 2560 814 quaestionibus
2606 740 3011 813 responderes,
3045 744 3103 794 et
3143 755 3275 794 cum
3318 739 3657 808 juramento
3688 752 3796 791 ne-

2137 848 2329 904 gares,
2368 833 2472 887 hoc
2511 848 2626 886 non
2677 830 2932 902 perficis,
2965 829 3066 884 sed
3101 827 3436 883 renuntiata
3483 825 3794 897 adimples,

2137 921 2308 992 quasi
2341 919 2689 975 afﬁrmative
2732 917 3138 990 respondisses
3173 934 3185 972 :
3221 916 3425 988 sicque
3475 932 3651 986 supra
3683 913 3794 986 (ll)

2137 1015 2195 1064 et
2242 1009 2396 1064 infra
2446 1013 2768 1080 permutas,
2802 1007 3123 1063 meditatus
3174 1023 3209 1060 a
3247 1003 3558 1078 principio,
3590 1007 3656 1059 ut
3693 1020 3792 1058 su-

2135 1097 2350 1170 spicor,
2383 1097 2629 1153 liberius
2659 1113 2852 1168 agere,
2884 1101 2941 1151 et
2969 1099 3257 1167 quantum
3303 1101 3517 1149 reclam
3548 1092 3795 1148 locutio-

2136 1202 2293 1257 nem,
2339 1190 2572 1241 tantum
2631 1191 2853 1241 rectam
2903 1184 3112 1258 agendi
3161 1183 3471 1253 rationem,
3500 1180 3600 1238 vili
3650 1197 3794 1236 usus

2133 1273 2384 1346 fallacia,
2416 1274 2768 1331 contemnis.

2206 1542 2328 1598 114.
2361 1541 2572 1598 Melius
2620 1543 2768 1609 erat,
2815 1556 2848 1596 ο
2897 1538 3094 1607 homo,
3145 1543 3200 1596 te
3247 1537 3466 1595 laicum
3514 1539 3573 1594 in
3625 1554 3785 1594 com-

2130 1631 2297 1686 muni
2342 1630 2468 1703 lege
2498 1630 2694 1686 divina
2747 1632 2880 1701 post
2928 1628 3290 1684 nativitatem
3341 1626 3569 1693 sistere,
3603 1643 3784 1699 quam

2129 1720 2392 1792 separari
2437 1724 2494 1774 et
2542 1719 2716 1774 vitam
2766 1718 3171 1789 perfectiorem
3221 1715 3494 1787 privatim
3546 1731 3784 1770 servan-

2128 1809 2264 1864 dam
2334 1808 2696 1880 promittere,
2759 1822 2949 1877 neque
3007 1820 3239 1860 servare
3297 1804 3455 1875 quod
3511 1802 3783 1875 privatim

2128 1896 2472 1967 promisisti,
2507 1897 2568 1950 in
2598 1901 2914 1966 conspectu
2965 1898 3305 1950 sanctorum
3352 1890 3694 1963 angelorum
3728 1894 3786 1946 et

2125 1985 2246 2040 Dei.
2274 1985 2391 2041 Hoc
2421 1986 2578 2041 enim
2613 1982 2968 2056 principium
3005 1983 3077 2037 ab
3109 1987 3237 2038 ortu
3270 1981 3441 2037 aliter
3470 1981 3787 2036 confirma-

2121 2077 2246 2128 tum
2313 2079 2422 2144 est,
2491 2072 2638 2127 nihil
2697 2070 2950 2126 consciis
3009 2070 3362 2138 infantibus,
3417 2085 3552 2126 cum
3618 2085 3785 2125 sacro

2122 2162 2481 2234 baptismate
2512 2161 2964 2234 insignirentur.
2999 2159 3107 2225 Qui
3139 2165 3336 2215 autem
3365 2160 3544 2214 vitam
3579 2174 3786 2214 mona-

2119 2251 2328 2306 sticam
2396 2250 2872 2322 amplectuntur,
2941 2248 3099 2305 haud
3168 2247 3335 2303 inviti
3391 2247 3451 2302 id
3530 2247 3778 2313 faciunt,

2117 2340 2296 2410 probe
2327 2338 2440 2395 sibi
2483 2339 2722 2407 conscii,
2756 2343 2814 2394 et
2863 2343 2978 2394 Deo
3009 2340 3446 2405 consecrantur,
3478 2334 3572 2390 cui
3604 2351 3768 2390 men-

2115 2427 2214 2483 tiri
2254 2428 2385 2500 quis
2433 2426 2720 2484 auderet?
2778 2427 3039 2483 Profecto
3088 2425 3278 2497 magis
3323 2428 3600 2496 acceptus
3648 2424 3766 2480 Deo

2114 2514 2263 2573 foret
2291 2515 2464 2572 homo
2497 2515 2654 2588 vulgi
2685 2516 2786 2589 qui
2816 2514 3030 2572 retinet
3076 2513 3368 2587 promissa
3400 2513 3540 2568 dum
3570 2511 3763 2569 adhuc

2113 2604 2451 2677 imperfecte
2479 2609 2699 2678 ageret,
2732 2621 2847 2662 non
2877 2603 3155 2660 distincte
3185 2602 3543 2674 loqueretur,
3573 2616 3764 2673 neque

2114 2710 2148 2750 a
2198 2694 2421 2750 fortiori
2476 2692 2842 2749 intellectum
2895 2691 3228 2759 evolvisset,
3261 2707 3436 2762 quam
3489 2690 3591 2762 qui
3637 2689 3766 2762 ipse

2113 2783 2406 2854 cogitavit,
2439 2781 2564 2855 ipse
2594 2781 2870 2850 firmavit,
2901 2781 3028 2854 ipse
3057 2780 3342 2852 concepit,
3375 2779 3500 2852 ipse
3525 2795 3764 2851 expres-

2115 2872 2213 2942 sit,
2244 2872 2369 2944 ipse
2397 2877 2807 2944 transgressus
2855 2875 2963 2938 est,
2996 2871 3122 2942 ipse
3160 2867 3586 2940 promissorum
3617 2867 3764 2924 obli-

2113 2966 2212 3018 tus
2243 2966 2353 3028 est,
2384 2977 2518 3016 cum
2551 2960 2882 3017 conversari
2912 2960 3063 3014 inter
3093 2957 3353 3030 angelos,
3383 2961 3443 3014 et
3470 2957 3556 3014 eis
3587 2957 3766 3029 aequi-

2111 3049 2306 3122 parari
2340 3050 2755 3122 spoponderat.

2187 3251 2310 3307 115.
2342 3252 2462 3307 Ista
2491 3251 2617 3322 agis
2647 3253 2734 3316 tu,
2765 3253 2822 3304 et
2870 3247 2985 3319 ille,
3021 3249 3079 3303 et
3107 3245 3326 3318 aliquis
3355 3244 3530 3312 alius,
3562 3260 3770 3301 omnes

2115 3345 2354 3413 propter
2400 3340 2594 3396 locum
2645 3353 3019 3394 communem
3070 3335 3208 3404 mei,
3240 3335 3342 3391 sed
3393 3349 3580 3404 neque
3630 3333 3769 3400 mei,

2116 3446 2308 3500 neque
2339 3445 2602 3485 nieorum
2637 3428 2830 3500 quoad
2863 3424 3077 3482 mentis
3112 3423 3385 3480 habitum
3416 3428 3473 3479 et
3501 3422 3767 3479 animum

2115 3523 2430 3574 errantem.
2490 3517 2718 3573 Etenim
2786 3515 2888 3587 qui
2953 3531 3086 3570 vere
3152 3514 3266 3569 mei
3330 3515 3508 3582 sunt,
3582 3517 3640 3568 et
3705 3515 3771 3566 ut

2115 3606 2478 3664 enucleatius
2536 3607 2748 3676 dicam,
2798 3603 3007 3676 privati
3064 3603 3182 3658 mei
3228 3601 3310 3674 (et
3357 3616 3451 3656 me
3493 3616 3629 3655 vera
3676 3599 3770 3654 di-

2115 3702 2343 3754 centem
2402 3696 2630 3762 audies,
2669 3711 2702 3751 o
2749 3699 2952 3749 sancte
2999 3709 3118 3759 rex,
3169 3689 3450 3762 apostolis
3508 3688 3768 3760 aequipa-

2117 3786 2342 3857 rande),
2385 3803 2419 3842 a
2459 3784 2626 3841 vobis
2675 3787 2908 3838 tantum
2957 3781 3200 3848 distant,
3233 3783 3522 3850 quantum
3555 3795 3589 3833 a
3615 3781 3772 3834 terra

2115 3876 2244 3931 coeli
2285 3873 2653 3938 sublimatus,
2687 3877 2748 3927 et
2793 3871 2969 3927 etiam
3004 3874 3292 3940 quantum
3344 3867 3539 3923 oriens
3571 3867 3640 3922 ab
3674 3883 3769 3921 oc-

2114 3964 2364 4020 cidonte.
2398 3963 2468 4017 Hi
2496 3962 2735 4034 quidem
2769 3959 3034 4015 caelestes
3083 3962 3224 4014 sunt
3271 3956 3442 4012 bonis
3472 3955 3768 4028 operibus,

2113 4052 2326 4108 virtute
2381 4050 2488 4106 soli
2545 4047 2820 4120 aequales,
2872 4046 3075 4102 incolas
3142 4043 3422 4118 paradisi,
3482 4042 3612 4098 luce
3679 4043 3771 4098 di-

2113 4141 2246 4195 vina
2311 4138 2688 4212 refulgentes,
2747 4135 2956 4191 divites
3023 4135 3150 4190 sine
3214 4133 3452 4204 propria
3513 4132 3769 4200 fortuna,

2116 4228 2288 4284 multi
2347 4244 2481 4283 cum
2539 4231 2800 4281 extrema
2856 4224 3032 4279 etiam
3091 4221 3434 4294 indigentia,
3469 4220 3541 4275 ob
3591 4235 3770 4291 quam

2115 4318 2299 4374 Deum
2332 4317 2528 4388 ipsum
2561 4313 2886 4386 possident.
2909 4311 3026 4367 Vos
3049 4317 3246 4366 autem
3277 4309 3548 4364 homines
3577 4313 3766 4378 terra,

2112 4406 2408 4477 istiusque
2439 4403 2628 4476 spinis
2657 4403 2920 4470 hirsuta,
2952 4401 3229 4471 curisque
3266 4397 3562 4470 perpetuis
3593 4413 3768 4469 prep-

2113 4501 2202 4552 ter
2231 4511 2322 4551 res
2355 4493 2579 4550 nullius
2600 4490 2771 4564 pretii
2797 4487 3101 4562 angimini.
3135 4487 3204 4542 Hi
3233 4486 3504 4543 laborant
3525 4491 3589 4541 ut
3617 4502 3769 4541 sem-

2115 4601 2218 4657 per
2262 4583 2520 4649 luceant,
2568 4597 2677 4637 sua
2729 4580 2858 4634 luce
2911 4576 3165 4644 accensi,
3197 4575 3300 4648 qui
3347 4574 3484 4631 oriri
3533 4569 3768 4647 semper

349 4661 466 4716 κατ’
523 4661 718 4726 αὐτοὺς
783 4664 945 4740 φωτὶ,
1001 4664 1054 4720 ἐν
1110 4669 1190 4738 τῷ
1242 4668 1712 4742 πραγματεύεσθαι
1775 4671 2005 4726 πάντοτε

2123 4672 2405 4737 nituntur,
2465 4674 2524 4726 et
2580 4686 2650 4725 ex
2702 4666 3078 4722 inferioribus
3131 4664 3192 4718 in
3251 4679 3508 4735 superna
3562 4678 3765 4718 ascen-

347 4749 448 4834 τήν
510 4749 781 4821 ἀνατολὴν
824 4757 943 4814 ταῖς
995 4751 1057 4809 ἐκ
1103 4758 1213 4808 τῶν
1266 4755 1565 4833 ὑφειμένων
1605 4759 1816 4834 ἀγαθῶν
1875 4759 2002 4815 ἀνα-

351 4832 564 4894 ϐάσεσιν
617 4838 705 4894 ἐπὶ
759 4841 827 4896 τὰ
875 4840 1210 4917 ὑψηλότερα·
1261 4832 1350 4898 ὅτε
1399 4841 1457 4899 δὲ
1513 4845 1602 4900 καὶ
1652 4832 2004 4922 -μεσημϐριά-

350 4947 532 4983 σουσιν
584 4928 808 5004 (ἀνάγκη
847 4927 948 5007 γάρ
1006 4930 1097 4985 καὶ
1151 4935 1268 4994 τοῖς
1314 4933 1588 4996 τοιούτοις
1638 4936 1824 5004 ἡλίοις
1873 4938 2002 4994 αὐτὸ

343 5015 628 5091 γίνεσθαι),
666 5017 884 5074 ὀκνοῦσι
940 5020 1039 5090 τὴν
1085 5015 1401 5091 κατάϐασιν,
1455 5025 1530 5096 μὴ
1581 5024 1671 5078 καὶ
1731 5025 1807 5087 είς
1852 5024 2001 5082 δύσιν

347 5103 732 5178 ἐμπεσοῦνται.
793 5108 900 5164 Καὶ
953 5106 1020 5178 δὴ
1078 5109 1430 5183 κατορθοῦσιν
1489 5111 1642 5180 αὐτὸ,
1700 5119 1833 5169 Θεοῦ
1887 5115 2004 5172 ἐπι-

344 5194 659 5265 τάσσοντος,
699 5201 796 5252 τοῦ
844 5197 934 5252 καὶ
973 5199 1063 5254 τὸν
1122 5204 1238 5254 κατ’
1289 5195 1535 5271 αἷ¹σθησιν
1591 5199 1754 5270 ἥλιος
1797 5203 1849 5259 έν
1901 5211 2004 5261 Γα-

355 5277 473 5338 ϐαὼ
516 5286 816 5356 στήσαντος
842 5284 906 5341 to‘
935 5286 1167 5342 παλαιὸν
1207 5285 1296 5342 διὰ
1335 5293 1433 5342 τοῦ
1492 5287 1648 5366 ἁγίου
1697 5299 2006 5369 στρατηγοῦ

347 5374 550 5443 Ἰησοῦ,
602 5374 693 5430 καὶ
752 5375 804 5430 ἐν
860 5381 979 5438 τοῖς
1037 5375 1349 5452 ὕστερονδὲ
1408 5375 1497 5432 διά
1553 5400 1702 5444 τινος
1763 5381 2001 5458 μεγάλου

347 5459 560 5534 Πατρὸς
609 5459 661 5516 ἐν
707 5467 788 5536 τῷ
851 5467 949 5518 τοῦ
1011 5461 1266 5540 μεγίστου
1321 5466 1482 5539 ἡμῶν
1542 5471 1723 5540 Ἰησοῦ
1774 5476 2006 5546 Χριστοῦ

2113 4764 2282 4818 dunt.
2331 4762 2476 4816 Cum
2535 4759 2596 4814 in
2655 4756 2812 4812 diem
2872 4755 3133 4811 medium
3189 4753 3556 4824 pervenerint
3609 4751 3765 4824 (istis

2113 4851 2340 4908 solibus
2370 4849 2480 4904 hoc
2525 4847 2788 4904 accidere
2818 4858 3055 4900 necesse
3106 4841 3236 4912 est),
3269 4840 3480 4896 timent
3509 4857 3582 4896 ne
3614 4840 3764 4896 occi-

2114 4942 2279 5006 dant,
2314 4954 2387 4994 ne
2430 4937 2489 4992 in
2520 4934 2882 5008 profundum
2929 4936 3288 5003 mergantur.
3323 4929 3430 4995 Qui
3462 4932 3764 4997 renovant,

2114 5033 2410 5086 annuente
2441 5025 2554 5082 Deo
2587 5023 2768 5079 solem
2800 5019 3094 5076 visibilem
3148 5020 3206 5075 in
3255 5020 3450 5074 Gabao
3499 5018 3767 5085 sistente,

2115 5119 2425 5188 antiquum
2457 5111 2810 5170 miraculum
2833 5107 3270 5180 Josuejudicis,
3293 5112 3352 5162 et
3371 5107 3765 5163 instauratum

2113 5209 2172 5263 in
2205 5204 2544 5263 novissimis
2595 5199 2962 5272 temporibus
3021 5213 3121 5269 per
3175 5197 3494 5268 quemdam
3535 5195 3769 5251 Patrem

2117 5311 2420 5368 magnum,
2478 5293 2740 5346 invocato
2789 5287 3027 5344 nomine
3071 5287 3213 5342 Jesu
3264 5285 3480 5340 Christi
3526 5284 3770 5340 maximi

2118 5385 2273 5458 apud
2326 5399 2453 5448 nos,
2487 5382 2658 5453 cujus
2715 5376 3002 5433 invocatio
3053 5380 3111 5431 et
3156 5375 3313 5430 hunc
3350 5374 3528 5430 Josue
3586 5373 3767 5430 simili

2117 5473 2382 5546 prodigio
2412 5467 2746 5527 illustravit.

348 5545 600 5621 ὀνόματι·
654 5549 717 5606 οὗ
755 5555 790 5622 ἡ
822 5551 1022 5623 κλῆσις
1049 5552 1139 5608 καὶ
1166 5553 1263 5608 τὸν
1293 5553 1504 5625 Ἰησοῦν
1537 5556 1737 5614 ἐκεῖνον
1771 5558 1858 5615 ἐπὶ
1891 5560 2073 5635 ὁμοίῳ
2099 5545 2364 5638 τεραστίῳ
2387 5557 2660 5632 ἐσέμνυνε.

415 5677 529 5750 (Η)
560 5677 752 5753 ’Ἄρσιν
786 5681 994 5758 musici
1023 5687 1252 5758 vocant,
1284 5697 1416 5739 cum
1448 5683 1739 5743 attollitur
1767 5703 1980 5744 manus
2005 5691 2107 5746 aut
2130 5686 2407 5745 baculum
2426 5687 2555 5758 ejus
2578 5685 2680 5758 qui
2707 5685 2947 5740 cantum
2973 5693 3360 5751 numerosque
3391 5679 3755 5746 moderatur;

347 5745 492 5810 θέσιν
511 5745 676 5821 vero,
708 5767 843 5810 cum
872 5745 1247 5827 deprimitur;
