4060 6366
301 471 423 531 825

1313 467 1416 527 DE
1459 461 1949 526 EMENDA’NDA
1993 459 2176 521 Vl'l‘A
2227 455 2709 518 MONAGlllCA.

3596 439 3716 500 826

305 601 476 676 φαγῇ.
511 598 609 653 Καὶ
667 593 860 650 αὐτίκα
903 594 1320 670 λογοπρατεῖται
1378 595 1514 669 πρὸς
1579 593 1699 666 βίαν
1760 591 1787 645 6
1842 588 1956 643 δια-

2096 591 2218 645 'orte
2249 606 2364 644 non
2398 586 2590 644 reddit
2640 583 2796 656 quod
2841 578 3181 652 requiritur,
3215 571 3629 640 contemnitur,
3662 572 3718 625 et

303 687 546 757 κονητής
579 704 592 716 ⁸
652 683 742 738 καὶ
799 682 834 752 ἢ
897 681 1063 756 μηδὲν
1133 678 1278 757 ἔχων
1355 682 1826 757 καταγινώσκεται,
1886 679 1960 740 ὡς

308 774 535 854 ἀφελὴς,
568 774 655 827 καὶ
703 773 925 842 εὐήθης,
959 769 994 840 ἢ
1051 769 1141 824 καὶ
1199 769 1435 840 ἠλίθιος·
1479 771 1514 840 ἢ
1576 767 1721 824 ἁλλᾶ
1776 788 1961 843 πεφω-

310 865 544 941 ραμένος
574 861 738 938 ἔχειν,
773 859 860 915 καὶ
891 860 1059 936 τυχὸν
1119 861 1194 933 μή
1255 857 1438 923 διδοὺς
1491 859 1543 915 ἐν
1594 862 1672 930 τῷ
1719 856 1959 911 ἀπαιτεῖ-

308 965 454 1024 σθαι,
509 955 916 1019 καταπατεῖται,
975 949 1064 1003 καὶ
1123 949 1264 1004 οὕτω
1325 946 1661 1028 διαφορεῖται
1713 946 1850 1022 πρὸς
1941 943 2058 1019 βίαν
2097 963 2108 975 ·

2070 678 2348 734 violenter
2397 675 2753 740 conteritur;
2805 689 2920 727 non
2970 667 3126 740 quod
3178 662 3494 719 meonomis
3552 660 3720 714 cedat

2071 767 2522 833 incrementum,
2557 780 2696 819 sane
2745 778 2880 816 vera
2911 772 3124 828 magno
3177 751 3352 820 Patri,
3379 755 3436 805 et
3466 750 3592 819 ejus
3624 763 3720 802 co-

2073 857 2332 924 mitatui,
2361 861 2439 928 et,
2475 861 2538 910 ut
2569 853 2754 919 aiunt,
2789 846 3212 904 monachorum
3246 837 3521 913 praelatis.

2169 943 2276 1019 οὐχ
2335 944 2471 998 ὥστε
2554 937 3019 1013 προσλογισθῆναι
3073 935 3189 992 τοῖς
3245 930 3342 981 τοῦ
3399 941 3722 1002 φροντιστη-

312 1041 430 1119 ρίου
487 1041 549 1095 τὸ
607 1037 974 1116 διαχωρηθὲν,
1007 1035 1152 1092 ἀλλὰ
1205 1042 1286 1112 τῷ
1347 1035 1572 1113 μεγάλῳ
1620 1033 1937 1110 Πατρῖ,καὶ
1993 1037 2110 1095 τοῖς
2165 1012 2276 1106 μετῖ
2337 1031 2494 1086 αὐτὸν
2555 1012 2790 1103 λογάσι,
2832 1023 2919 1079 καὶ
2981 1021 3010 1076 6'
3069 1039 3193 1098 φασι
3252 1012 3570 1090 προκρίτοις
3615 1012 3722 1064 τῶν

313 1149 497 1204 μοναχ
500 1133 595 1186 ῶν.

382 1218 509 1293 ριη’.
568 1214 776 1272 Τούτου
836 1211 893 1268 δὲ
952 1213 1128 1277 οὕτως
1202 1212 1797 1290 ἀποχειροτονηθέντος
1870 1214 1969 1264 τοῦ

304 1307 674 1380 προνοεῖσθαι,
734 1302 1156 1378 ἀναψηλαφᾶται
1244 1301 1541 1377 πρακτικὸς
1624 1297 1850 1375 ἕτερος,
1911 1299 1970 1360 ’ὸς

306 1395 407 1451 οὐκ
464 1395 526 1450 ἂν
601 1391 916 1470 κριματίσοι
1001 1389 1162 1460 δῆθεν
1231 1392 1333 1460 τὴν
1394 1387 1662 1468 κεφαλήν,
1722 1389 1812 1443 καὶ
1867 1389 1966 1456 τήν

304 1483 511 1552 λοιπὴν
570 1478 781 1556 λογάδα
840 1484 1188 1554 θυμομαχεῖν
1242 1479 1573 1553 ἀναγκάζων,
1625 1476 1714 1532 καὶ
1772 1474 1970 1552 μελαγ-

304 1572 504 1648 χολᾷν,
536 1572 624 1626 καὶ
687 1568 830 1624 οὕτω
887 1566 1176 1642 ψεύδεσθαι
1232 1568 1293 1622 τὸ
1351 1564 1709 1646 φιλάδελφον.
1746 1566 1839 1621 Καὶ
1901 1562 1969 1632 δὴ

304 1660 395 1715 καὶ
461 1660 765 1733 εὑρίσκεται
827 1658 855 1711 6
912 1656 1254 1730 ποθούμενος
1313 1653 1545 1734 ἀδελφὸς
1603 1654 1688 1728 (οὗ
1749 1654 1848 1728 γὰρ
1909 1650 1968 1706 ἂν

308 1747 503 1809 αὐτοὺς
561 1745 835 1818 έπιλείψοι
919 1745 1051 1798 ποτε
1133 1749 1382 1805 τοιοῦτος
1460 1724 1829 1817 ἀνθρῶποςδί
1880 1724 1973 1795 κοιὶ

307 1833 550 1892 κατιδίαν
613 1833 1011 1910 παραληφθεὶς,
1070 1831 1444 1908 καταρτίζεται
1507 1831 1584 1893 εἷς
1652 1831 1973 1910 προσοχὴνζ

309 1889 518 1892 κ
694 1889 862 1910 ικ..
976 1889 1011 1901 -.
1210 1889 1220 1908 .
1313 1889 1329 1901 .
1572 1889 1582 1893 -
1841 1889 1914 1904 η..

303 1924 394 1980 καί
453 1924 723 1992 ὑπακοὴν,
779 1921 870 1976 καὶ
935 1919 1462 1999 ἀφιλοχρηματίαν·
1511 1921 1600 1974 καὶ
1669 1889 1976 1996 τίαιδεύεταξ

305 2011 453 2087 παρὰ
509 2015 605 2066 τοῦ
662 2011 890 2084 πατρὸς,
939 2009 1128 2072 ἄλλως
1195 2008 1290 2082 μὶν
1353 2012 1472 2078 ζῆν,
1504 2006 1829 2084 καθαρείως,
1885 2027 1973 2066 κα,

319 2102 393 2164 ὡς
425 2099 618 2178 πρέπει
674 2103 754 2172 τῷ
811 2097 1063 2174 ἐπέχοντι
1095 2097 1335 2175 κεφαλῆς
1379 2097 1546 2173 λόγου
1587 2096 1638 2151 έν
1691 2100 1809 2158 τοῖς
1852 2093 1953 2165 ἔξω

321 2191 458 2244 ἅπαν
519 2186 576 2244 δὲ
627 2188 690 2242 τὸ
736 2186 1104 2264 ἐπερχόμενον
1130 2185 1317 2260 κέρδος
1350 2186 1453 2240 ἀπὸ
1485 2189 1619 2240 Θεοῦ
1679 2181 1972 2262 (φείδεσθαι

320 2278 442 2354 γὰρ,
504 2277 657 2354 φησί,
705 2277 819 2352 χρὴ
871 2273 996 2330 οὐδὲ
1050 2279 1146 2330 τοῦ
1194 2276 1456 2350 τυχόντος
1515 2273 1564 2328 ἐν
1618 2279 1736 2335 τοῖς
1803 2281 1975 2342 καθή-

321 2371 499 2437 κουσι)
522 2364 958 2443 παρακομιστέον
1005 2368 1073 2438 τῇ
1127 2363 1402 2440 γερουσίᾳ,
1463 2363 1555 2418 καὶ
1613 2362 1788 2416 θετέον
1846 2361 1974 2416 αὐτὸ

320 2455 426 2530 πρὸ
500 2459 608 2509 τῶν
681 2457 959 2528 πατρικῶν
1044 2450 1252 2522 ποδῶν,
1305 2452 1394 2507 καὶ
1485 2449 1626 2526 μηδὲ
1691 2449 1972 2526 ψευστέον,

323 2539 466 2616 μηδὲ
518 2541 649 2618 ἄχρι
698 2540 827 2617 γοῦν
880 2536 1113 2596 ὀϐολοῦ·
1159 2538 1270 2613 τίνα,
1333 2541 1379 2596 εἰ
1441 2542 1518 2615 μὴ
1575 2541 1662 2594 καὶ
1722 2540 1785 2594 τὸ
1842 2539 1976 2594 κατά

317 2629 410 2686 τὸν
443 2629 692 2685 ’Δνανίαν
734 2629 825 2684 καὶ
865 2630 965 2699 τὴν
1008 2629 1314 2706 Σάπιρειραν
1370 2627 1509 2703 μέγα
1563 2629 1726 2683 κακὸν
1794 2628 1974 2682 πείσε-

316 2740 427 2790 ται,
451 2717 600 2775 ἀλλά
630 2723 759 2794 γοῦν
793 2719 869 2792 μὴ
918 2718 1326 2790 καταπατηθείη
1377 2717 1467 2772 καὶ
1522 2717 1702 2788 αὐτὸς,
1736 2715 1837 2773 ὅσα
1885 2716 1976 2771 καὶ

327 2809 355 2863 6
386 2809 491 2880 πρὸ
523 2808 689 2862 αὐτοῦ
720 2805 797 2870 εἷς
824 2806 1139 2885 ἐκφόρησιν.

397 2898 515 2972 ριθ’.
577 2896 675 2951 Καὶ
730 2900 897 2951 ταῦτα
954 2895 1047 2969 μὶν
1119 2897 1170 2950 οὶ
1245 2894 1584 2969 παραινέται,
1639 2895 1711 2950 ὧν
1779 2893 1978 2968 κατάρ-

329 3005 418 3060 χει
476 2986 504 3039 ὁ
561 2986 730 3061 μέγας
788 2986 995 3059 Πατήρ.
1049 2985 1110 3042 Ὁ
1167 2981 1224 3038 δὲ
1298 2983 1504 3057 μύστης
1556 2982 1834 3046 ἐπινεύσας
1887 2982 1978 3037 καὶ

330 3072 675 3147 κατακρύψας
762 3072 1008 3145 κοσμίως
1083 3071 1159 3136 εἷς
1243 3072 1485 3140 ὑπακοὴν
1575 3071 1834 3145 ἀνομοίαν
1910 3073 1978 3145 τῇ

324 3167 708 3237 πνευματικῶς
787 3159 1138 3239 ὀφειλομένῃ,
1226 3160 1540 3237 ἀποτρέχει,
1626 3160 1714 3215 καὶ
1784 3164 1979 3232 ποιῶν,

325 3251 500 3307 ὁπόσα
551 3251 696 3315 εἰκὸς
750 3255 926 3305 ποιεῖν
1005 3252 1096 3306 τὸν
1174 3253 1463 3322 τοιοῦτον,
1522 3248 1872 3324 ἐπανέρχεται
1927 3247 1978 3302 ἐν

323 3344 521 3416 καιρῷ,
554 3339 604 3394 ἐν
663 3341 709 3412 ᾧ
763 3340 854 3394 καὶ
903 3336 1090 3394 δίδωσι
1130 3339 1220 3393 τὸν
1277 3338 1478 3412 σαπρὸν
1527 3339 1732 3414 καρπὸν
1788 3337 1978 3409 αὐτοῦ,

325 3431 408 3491 οἷς
468 3429 734 3500 ἐτάξατο*
792 3428 881 3483 κτοὶ
937 3427 1110 3490 οὕτως
1169 3428 1401 3503 εὑρίσκει
1456 3427 1627 3504 ἀγαθὰ
1690 3430 1759 3500 τῇ
1817 3425 1980 3480 αὐτοῦ

325 3520 502 3593 ψυχῇ.
561 3513 700 3574 Οὔτε
778 3517 882 3592 γὰρ
956 3521 1335 3588 συμπατεῖται,
1402 3515 1492 3570 καὶ
1571 3515 1647 3577 είς
1724 3513 1980 3593 φίλτατον

329 3605 496 3662 παῖδα
573 3605 912 3684 ἐγγράφεται.
967 3605 1064 3659 Καὶ
1147 3605 1371 3678 μερίτης
1428 3602 1486 3660 δὲ
1540 3604 1828 3680 γενόμενος
1886 3608 1982 3658 τοῦ

325 3696 416 3750 καὶ
465 3693 785 3768 κλέμματος
851 3693 942 3748 καὶ
1002 3694 1378 3769 ἁρπάγματος,
1423 3687 1606 3748 ἔπειτα
1659 3699 1761 3763 τῆς
1821 3688 1980 3765 μεθό-

330 3782 431 3839 δου
484 3782 686 3852 ταύτης
735 3783 870 3838 κατᾶ
924 3782 988 3837 τὸ
1043 3781 1208 3837 πάλιν
1241 3781 1332 3836 καὶ
1364 3781 1495 3837 αὐτὸ
1525 3783 1784 3856 συχνάκις
1833 3781 1983 3858 γενό-

333 3893 516 3946 μενος,
577 3866 812 3926 ἐκϐαίνει
891 3870 1298 3948 βαρύπλοοτος.
1367 3872 1595 3944 Μικρὸν,
1654 3869 1742 3925 καὶ
1821 3869 1986 3940 ζηλοῖ

329 3960 489 4016 αὐτὸν
531 3957 733 4035 έτερος,
794 3960 851 4014 εὗ
906 3961 1158 4038 πεφυκὼς
1220 3960 1307 4013 ἐπὶ
1367 3959 1536 4032 ὁμοίᾳ
1593 3959 1843 4032 μαθήσει.
1876 3956 1984 4013 Καὶ

332 4048 600 4125 συχνάσαν
647 4049 710 4102 τὸ
761 4045 1110 4103 διδασκάλων
1159 4052 1344 4119 τοῦτο,
1373 4047 1644 4118 ἐπλήθυνε
1697 4046 1826 4108 τοὺς
1882 4047 1987 4100 οὐκ

333 4140 520 4216 ἀφυεῖς
571 4141 669 4192 τοῦ
721 4137 924 4212 πατρὸς
989 4135 1254 4210 μαθητάς.
1288 4135 1386 4191 Καὶ
1436 4135 1611 4198 οὕτως
1669 4134 1984 4206 ἐξόλλυνται

331 4227 420 4281 καὶ
454 4226 613 4288 αὐτὸς
637 4226 729 4280 καὶ
760 4225 910 4280 αὐτοὶ
943 4226 1033 4280 καὶ
1062 4226 1129 4279 τὰ
1157 4227 1256 4294 τῆς
1291 4231 1483 4298 μονῆς.

405 4316 648 4391 ρκ’.’¹Ετι
695 4313 787 4369 καὶ
844 4313 1014 4368 ἐκεῖνο
1072 4313 1150 4375 είς
1200 4313 1394 4386 ὁμοίαν
1467 4317 1661 4390 μοῖραν
1740 4311 1983 4387 πράξεως

336 4411 650 4480 μοναχικῆς
707 4403 760 4458 ἐν
815 4407 934 4465 τοῖς
987 4403 1106 4456 καθ’
1136 4404 1284 4476 ἡμᾶς
1317 4401 1692 4458 ἀποτέτακται.
1727 4401 1985 4473 Πλοιιτεῖ,

333 4492 495 4572 φησὶν
532 4536 545 4562 ,
605 4494 634 4547 6
718 4489 902 4547 δεῖνα·
969 4489 1309 4564 ἐλλάμπεται
1383 4491 1570 4568 ἀγροῖς
1605 4534 1619 4562 ,
1681 4493 1985 4564 οικήμασι,

337 4582 522 4653 ζώοις,
574 4581 802 4656 ἑτέροις,
865 4578 935 4634 δι’
966 4581 1038 4634 ὧν
1098 4581 1151 4635 οἳ
1195 4580 1332 4635 κατὰ.
1385 4579 1588 4654 κόσμον
1648 4579 1984 4653 εὐδαιμονεῖν

339 4667 578 4726 δοκοῦσι.
611 4669 1064 4745 Μεταχειριστέον
1099 4666 1164 4738 δὴ
1215 4671 1306 4724 τὸν
1357 4673 1604 4725 τοιοῦτον
1654 4670 1984 4744 θεραπείαις⁶

337 4763 425 4824 αἷς
483 4758 766 4836 θέλγονται
824 4760 874 4813 οἱ
932 4759 1355 4833 κοσμικώτεροι.
1389 4759 1489 4813 Καὶ
1547 4758 1748 4835 γίνεται
1803 4763 1987 4814 τοῦτο.

339 4850 437 4905 Καὶ
471 4846 812 4918 δελεάζοντες
845 4848 898 4902 οἱ
945 4845 1280 4902 πολλαπλοῖ
1318 4848 1554 4923 μοναχοὶ
1608 4846 1736 4910 τοὺς
1782 4847 1990 4904 ἀπλου-

339 4940 560 5014 στέρους
639 4935 1001 5016 ἐφέλκονται·
1073 4935 1162 4990 καὶ
1248 4937 1470 5010 θερμοῖς
1555 4935 1992 5010 προκαθάραντες

339 5027 608 5104 λοετροῖς,
641 5027 670 5081 ὃ
701 5023 769 5095 δὴ
818 5023 1274 5101 περιῤῥαντηρίου
1333 5021 1489 5095 δίκην
1547 5022 1893 5099 προτέλεσμά
1936 5044 1989 5080 τι

343 5117 600 5190 μυστικὸν
659 5113 844 5176 αὐτοῖς
926 5112 1204 5189 ἐπαγωγὸν
1285 5112 1361 5176 εἷς
1419 5111 1631 5168 εὔνοιαν
1690 5111 1990 5186 ἐξεύρηται,

338 5206 690 5282 παρατιθέασι
781 5204 874 5276 μὶν
959 5200 1181 5264 ἐκείνοις
1255 5204 1323 5257 τὰ
1377 5203 1638 5277 τέρποντα
1693 5202 1780 5256 καὶ
1845 5201 1992 5276 βρώ-

293 5292 296 5293 ν
345 5315 488 5370 ματα
515 5295 604 5350 καὶ
634 5292 880 5366 πόματα·
912 5291 975 5347 τὸ
1015 5289 1073 5346 δὲ
1101 5291 1168 5360 ἦν
1219 5286 1429 5361 ἄλλως,
1489 5293 1601 5368 οὐχ
1657 5290 1732 5354 ὡς
1789 5287 1849 5348 ἄν
1905 5311 1990 5353 τις

412 5498 525 5571 (13)
560 5494 932 5553 Proverbium
967 5493 1134 5571 apud
1153 5495 1393 5571 Grzgcqs
1420 5495 1734 5571 frequens,_
1750 5492 1989 5571 desum-

343 5564 512 5641 ptum
535 5585 630 5652 “ea
678 5564 1178 5652 llomerozllliadq
1213 5567 1298 5648 19.
1328 5566 1466 5652 Viso
1519 5564 1796 5648 Patroclis
1825 5565 1994 5619 cada-

342 5637 499 5723 vere,
533 5641 748 5723 priscis
778 5637 1023 5723 Achillis
1054 5637 1279 5723 amasia
1307 5643 1366 5721 et
1390 5639 1516 5720 alia
1558 5637 1836 5719 virgines.
1855 5653 1992 5708 cap-

341 5706 492 5794 tivm
533 5711 932 5794 lamentantur
973 5725 988 5766 ε
1049 5710 1151 5794 sed
1211 5711 1496 5784 speciosis
1541 5716 1599 5766 et
1646 5706 1873 5792 ﬁctitiis
1926 5706 1992 5763 in

344 5782 681 5840 Patroclum
729 5781 903 5840 editis
943 5780 1267 5852 questibus}
1307 5799 1478 5841 suam
1525 5781 1824 5855 propriam
1871 5795 1992 5836 sor-

2019 4697 2066 4763 D

2151 1212 2271 1267 118.
2317 1210 2434 1264 Ηοο
2481 1207 2661 1280 igitur
2713 1206 2906 1260 amoto
2967 1217 3000 1255 a
3047 1194 3417 1258 villicatione,
3466 1190 3728 1245 tentatur

2079 1299 2229 1356 alius
2276 1275 2854 1369 uliquisvpracticus,
2888 1288 2983 1360 qui
3017 1301 3226 1357 nempe
3276 1285 3452 1353 caput
3499 1282 3556 1333 et
3586 1275 3727 1331 reli-

2081 1407 2256 1462 quam
2290 1392 2585 1443 catervum
2630 1399 2745 1438 non
2777 1379 3146 1444 condemnet,
3184 1389 3286 1428 nec
3317 1373 3484 1441 cogat
3507 1367 3580 1422 ad
3611 1365 3728 1420 ira-

2080 1479 2386 1545 scendum,
2419 1476 2492 1530 ad
2538 1471 2921 1534 mmrendum,
2957 1472 3013 1520 et
3042 1465 3114 1520 ad
3163 1458 3558 1517 evacuandam
3590 1454 3730 1509 cha-

2081 1568 2332 1623 ritatem.
2369 1544 2666 1619 Invenitur
2695 1563 2930 1631 optatus
2965 1555 3139 1608 frater
3171 1549 3310 1618 (illis
3342 1546 3496 1602 enim
3529 1544 3733 1598 deesse

2081 1655 2284 1726 nequit
2341 1653 2476 1709 talis
2524 1649 2742 1720 homo),
2795 1645 2894 1718 qui
2951 1641 3193 1698 seorsim
3253 1636 3542 1692 abductus
3599 1648 3732 1686 eru-

2083 1724 2242 1800 ditur
2266 1744 2335 1799 ad
2369 1735 2891 1803 attendendum,ad
2916 1725 3407 1793 obediendum,ad
3443 1724 3737 1793 deponen-

2084 1836 2224 1890 dum
2257 1833 2513 1904 pecuniae
2547 1842 2800 1885 amorem
2829 1842 2842 1892 ;
2868 1822 3000 1878 dein
3025 1819 3352 1876 edocetura
3386 1815 3548 1884 patre
3577 1823 3735 1864 nunc

2085 1895 2275 1978 vitam
2313 1921 2682 1974 innocentem
2737 1913 3096 1984 dignamque
3154 1904 3344 1975 legato
3392 1897 3612 1972 praelati
3673 1895 3735 1950 in

2087 2009 2471 2067 exterioribus
2517 2008 2762 2077 degere;
2797 2015 2969 2056 omne
3018 1995 3249 2050 lucrum
3301 2008 3333 2046 a
3381 1989 3498 2045 Deo
3548 1999 3735 2042 emer-

2087 2117 2230 2172 gens
2261 2099 2454 2170 (parce
2503 2075 2658 2150 enim
2712 2089 2996 2147 utendum
3047 2088 3158 2149 est,
3193 2079 3405 2153 inquit,
3453 2092 3568 2130 non
3619 2075 3736 2129 for-

2085 2169 2483 2244 tuitismbonis
2535 2184 2686 2237 inter
2742 2174 2998 2250 propria)
3056 2169 3416 2228 offerendum
3466 2179 3595 2221 esse
3643 2175 3735 2216 se-

2087 2275 2271 2345 natui,
2304 2278 2362 2329 et
2409 2269 2822 2344 deponendum
2878 2269 3015 2320 ante
3057 2260 3232 2332 pedes
3275 2259 3535 2322 Patrum,
3568 2265 3736 2304 men-

2085 2364 2352 2420 tiendum
2385 2377 2500 2416 non
2551 2373 2699 2427 esse,
2735 2371 2847 2410 non
2899 2353 2969 2406 de
3000 2347 3167 2405 obolo
3218 2343 3480 2416 quidem,
3512 2343 3595 2409 ut,
3627 2335 3738 2392 etsi

2083 2453 2320 2508 Ananiae
2367 2455 2424 2506 et
2475 2445 2734 2520 Saphirm
2784 2440 3006 2498 malum
3049 2435 3309 2508 effugiat,
3360 2429 3570 2487 saltem
3623 2441 3738 2480 non

2086 2547 2421 2599 conteratur
2467 2539 2615 2611 ipse,
2648 2535 2802 2591 sicut
2844 2534 3180 2587 antecessor
3224 2524 3462 2596 propter
3491 2532 3736 2574 concus-

2086 2632 2332 2689 sionem.

2162 2897 2283 2954 119.
2316 2900 2448 2952 Haec
2506 2891 2742 2966 quidem
2800 2882 3142 2951 consiliarii,
3193 2893 3443 2952 quorum
3502 2873 3733 2946 primus
3831 2936 3835 2939 η

2087 2991 2257 3045 Pater
2308 2963 2580 3055 magnus.
2616 2979 2890 3036 lnitiatus
2921 2989 3054 3030 vero
3105 2967 3455 3031 assentiens,
3489 2968 3546 3018 et
3576 2963 3744 3016 caute

2091 3075 2405 3131 inclinatus
2433 3071 2504 3127 ad
2535 3066 2925 3126 obedientiam
2961 3057 3286 3134 spiritualis
3318 3059 3375 3110 et
3403 3049 3744 3107 necessaries

2091 3162 2430 3220 obedientize
2483 3156 2855 3221 dissimilem,
2887 3151 3083 3218 vadit;
3116 3151 3173 3204 et
3223 3150 3537 3217 postquam
3587 3153 3748 3211 pere-

2093 3252 2176 3326 git
2216 3269 2344 3324 quae
2394 3265 2527 3306 eum
2575 3259 2847 3319 peragere
2887 3242 3118 3312 justum
3175 3240 3285 3303 est,
3318 3229 3632 3287 revertitur
3682 3225 3745 3281 in

2008 3327 2052 3394 Ο
2093 3319 2373 3413 tempore,
2406 3342 2464 3393 et
2507 3335 2775 3408 putidum
2820 3331 3073 3385 fructum
3123 3339 3298 3379 suum
3349 3319 3566 3391 quibus
3614 3330 3747 3386 prc-

2090 3427 2334 3482 miserat
2374 3424 2578 3492 tradit,
2622 3420 2824 3490 sicque
2871 3416 3022 3470 bona
3076 3411 3287 3467 animze
3334 3423 3455 3462 suae
3501 3400 3744 3458 invenit.

2089 3517 2214 3571 Non
2247 3515 2404 3570 enim
2435 3509 2834 3576 conculcatur,
2862 3505 2964 3560 sed
2999 3500 3186 3573 magis
3218 3498 3277 3553 in
3327 3492 3746 3552 cbarissimum

2093 3605 2278 3660 ﬁlium
2330 3600 2670 3658 assumitur.
2704 3597 2774 3651 Et
2804 3594 2930 3666 ipse
2979 3592 3162 3646 factus
3193 3584 3489 3659 particeps
3519 3579 3657 3635 furti
3692 3581 3750 3632 et

2092 3692 2403 3760 latrocinii,
2440 3695 2618 3762 atque
2666 3687 2815 3741 hanc
2846 3682 3001 3737 viam
3056 3677 3330 3747 deinceps
3365 3675 3603 3728 secutus
3635 3668 3745 3722 itc-

2093 3799 2222 3837 rum
2272 3786 2331 3836 et
2397 3782 2638 3850 saepius,
2694 3771 3088 3843 locupletatur
3138 3763 3376 3821 divitiis.
3427 3765 3555 3815 Mox
3609 3773 3747 3812 eum

2093 3870 2404 3926 aemulatur
2433 3847 2586 3922 alius
2617 3862 2752 3919 huic
2783 3857 3106 3930 disciplina:
3139 3851 3510 3926 aptissimus.
3530 3847 3599 3902 Et
3632 3847 3746 3901 fre-

2094 3964 2340 4032 quenter
2389 3955 2629 4027 repetita
2687 3952 2803 4006 ista
2858 3947 3125 4003 doctrina
3181 3937 3505 4012 discipulos
3564 3933 3748 4006 patris

2095 4025 2209 4104 non
2259 4025 2576 4119 degeneres
2623 4038 2882 4111 replevit.
2919 4036 2984 4092 Et
3031 4033 3115 4088 sic
3165 4030 3463 4086 intereunt
3507 4027 3649 4095 ipse,
3691 4025 3750 4077 et

2093 4136 2216 4206 alii,
2247 4140 2302 4191 et
2332 4150 2425 4188 res
2457 4127 2825 4187 monasterii.

2168 4313 2291 4369 120.
2327 4311 2476 4366 Illud
2509 4309 2720 4364 iterum
2772 4301 2927 4375 apud
2977 4317 3085 4356 nos
3114 4298 3176 4351 in
3219 4297 3442 4367 partem
3489 4285 3747 4346 similem

2096 4403 2290 4477 praxis
2323 4396 2677 4456 monachica:
2721 4395 3065 4464 deputatum
3098 4391 3205 4441 est.
3240 4383 3412 4439 Dives
3443 4378 3743 4450 inquiunt,

2096 4470 2208 4550 iste
2239 4495 2329 4547 est
2360 4506 2373 4544 :
2409 4487 2670 4544 abundat
2700 4477 3183 4554 agris,domibus,
3218 4470 3528 4545 pecoribus
3559 4470 3617 4522 et
3645 4482 3750 4520 cae-

2094 4581 2237 4638 teris
2261 4577 2515 4635 rebusin
2541 4552 2765 4646 quibus
2767 4568 3088 4628 consistere
3100 4563 3438 4619 felicitatem
3462 4552 3752 4612 mundani

2097 4669 2476 4727 arbitrantur.
2510 4643 2870 4718 Alliciendus
2901 4661 2991 4712 est
3018 4670 3154 4726 ergo
3185 4652 3258 4705 iis
3289 4643 3751 4715 ofﬁciis,quibus

2101 4761 2434 4816 mulcentur
2465 4750 2770 4810 mundani.
2804 4749 2872 4803 Et
2903 4747 2968 4800 lit
2998 4738 3531 4811 ita.Simpliciorem
3564 4731 3753 4788 dolosi

2101 4845 2372 4905 monachi
2424 4842 2734 4906 deliniunt,
2784 4843 2842 4892 et
2891 4833 3194 4897 alliciunt;
3253 4831 3565 4898 postquam
3615 4835 3752 4876 eum

2102 4935 2558 5010 puriﬁcaverunt
2587 4927 2811 4984 balneis
2841 4921 3223 4990 calidis'quaa,
3244 4916 3356 4970 ritu
3391 4907 3751 4983 aspersionis

2100 4999 2205 5099 pro
2235 5022 2565 5079 initiatione
2596 5016 2842 5088 mystica
2869 5013 2930 5067 in
2960 5004 3423 5065 benevolentiam
3456 4999 3753 5054 adducen-

2103 5084 2178 5184 te,
2227 5113 2465 5168 inventa
2512 5084 2676 5176 sunt,
2706 5103 2844 5159 huic
2874 5102 3180 5172 apponunt
3229 5094 3392 5148 cibos
3436 5094 3492 5144 et
3544 5084 3755 5159 pocula

2091 5175 2377 5275 jucunda.
2411 5199 2549 5254 Erat
2574 5175 2710 5264 non,
2740 5196 2806 5246 ut
2835 5191 2990 5245 dicet
3019 5184 3256 5256 aliquis,
3292 5175 3544 5236 Patrocli
3575 5189 3756 5230 causa

2100 5262 2331 5360 ilctitia,
2363 5291 2429 5343 ut
2475 5286 2642 5342 aiunt.
2671 5262 2805 5351 (13),
2839 5278 2940 5334 sed
2972 5274 3224 5332 nutricis
3274 5266 3525 5325 fallacia.
3558 5262 3754 5320 Plera-

2100 5492 2219 5544 tem
2278 5485 2526 5556 lugent._
2564 5478 2729 5556 U_n_de
2785 5477 2923 5556 nata
2975 5461 3508 5556 vpxm:_PatLroclisJ
3570 5473 3753 5556 causa

2099 5531 2840 5630 species—:ve-t'iict‘itiaru‘t
2871 5544 3023 5629 apud
3065 5539 3444 5630 Plutarchum
3477 5535 3556 5630 del
3577 5531 3752 5586 laude

2100 5603 2394 5705 pigris“;
2409 5603 3052 5705 μὴ’δοκξῦμεν
3086 5605 3412 5699 ματρόκλου
3453 5603 3748 5681 πρόφασιν,

2100 5706 2232 5778 σφᾶς
2262 5697 2306 5755 δ’
2339 5694 2533 5758 αὐτοὺς
2566 5691 2636 5749 δι’
2667 5690 2873 5747 ἐκείνου
2904 5685 3158 5743 ἐπαινεῖν.
