4060 6376
321 397 438 458 827

1090 397 1514 460 EUSTATBII
1562 398 2328 460 THESSALONICENSIS
2377 397 2962 460 METROPOLITJE

3620 397 3769 456 828

317 527 431 584 ﬂue
479 529 635 584 enim
686 546 718 584 α
763 530 1086 602 compulsis
1138 533 1396 604 undique
1447 533 1700 590 convivis
1749 533 1962 606 gratias

2078 530 2205 594 ἴσως
2261 532 2390 606 ἐρεῖ,
2423 530 2740 606 Πάτροκλος
2795 529 3086 606 πρόφασις,
3135 527 3164 581 ’ὁ
3225 526 3291 597 δὴ
3329 526 3561 603 λέγεται⁸
3594 528 3765 585 ἀλλὰ

315 616 662 689 efﬂagitant.
718 619 875 682 Quos
907 631 1217 692 postquam
1271 639 1642 693 quocumque
1676 624 1843 678 modo
1876 639 1961 678 re-

315 709 891 778 staurarunt,deinde
905 709 1491 782 spiritualiainsuper
1503 712 1571 766 ad
1591 701 1966 766 alliciendum

315 796 637 865 proferunt,
673 815 839 853 suam
893 800 1360 870 temperantiam,
1393 799 1489 870 qui
1524 800 1666 854 nihil
1716 801 1788 855 ab
1837 799 1966 855 aliis

315 883 629 954 dill'erunt;
665 886 932 942 virtutem
967 904 999 941 a
1030 887 1156 942 cibo
1187 893 1243 942 et
1275 893 1412 960 potu
1445 888 1965 958 abstinentem,qui

315 973 518 1044 repleti
547 982 722 1042 sunt;
758 982 954 1030 noctes
989 976 1308 1046 insomnes,
1333 982 1568 1049 prepter
1597 978 1964 1032 stomachum

315 1079 586 1131 vacuum,
621 1081 872 1135 quorum
923 1065 1264 1121 stomachus
1295 1066 1422 1120 cibo
1467 1067 1657 1138 gravis
1690 1083 1964 1121 somnum

314 1150 518 1221 fugat;
552 1159 607 1208 et
652 1154 907 1224 graviter
955 1155 1436 1211 animadvertunt
1483 1161 1789 1227 gravatum
1831 1172 1964 1210 ven-

317 1243 465 1294 trem
517 1241 669 1296 sicut
718 1244 788 1296 ad
837 1244 1234 1307 currendum,
1292 1244 1370 1299 ita
1423 1245 1494 1300 ad
1552 1244 1965 1300 dormiendum

317 1334 517 1398 aptum
552 1347 665 1384 non
699 1347 845 1386 esse.
881 1330 1260 1387 Gloriabundi
1303 1332 1554 1388 aﬂ‘erunt
1583 1333 1758 1388 etiam
1791 1333 1964 1388 visio-

317 1433 442 1485 nes,
473 1423 759 1486 exstases,
793 1425 969 1492 atque
999 1421 1176 1477 etiam
1212 1420 1577 1489 miracula,et
1607 1421 1720 1478 alia
1750 1421 1968 1478 similia

316 1508 532 1578 quibus
576 1526 742 1564 mens
800 1511 895 1582 pia
940 1516 998 1566 et
1047 1511 1378 1568 divinorum
1429 1512 1644 1567 cultrix
1699 1513 1963 1586 erigitur,

312 1596 494 1668 ﬁtque
524 1598 847 1655 caelestium
903 1599 1214 1672 particeps.
1251 1601 1401 1656 Sunt
1430 1607 1624 1657 autem
1669 1603 1964 1658 somnian-

313 1685 461 1741 tium
495 1687 755 1755 inventa,
787 1689 984 1759 qualia
1014 1707 1044 1744 e
1067 1690 1270 1760 januis
1297 1691 1570 1746 eburneis
1600 1692 1849 1747 evolant.

2074 620 2299 696 γοητεία
2355 622 2686 690 τιτθευτική.
2743 620 2825 676 Τὰ
2911 616 3089 672 πλείω
3171 617 3272 692 γὰρ
3359 616 3512 672 αὐτοὶ
3568 640 3758 674 κατα-

2082 715 2342 779 σπῶντες,
2402 710 2687 764 ἀπαιτοῦσι
2735 707 2861 770 τοὺς
2912 706 3242 780 δαιτυμόνας
3300 704 3487 785 δφλειν
3547 709 3755 771 αὐτοῖς

2075 801 2327 874 γάριτας.
2411 799 2508 852 Καὶ
2593 798 2744 871 ὅμως
2825 799 3075 852 ὁπωσοῦν
3159 795 3395 858 ἐκείνους
3477 798 3750 871 θεραπεύ-

2077 909 2282 955 σαντες,
2343 889 2453 942 εἶτα
2509 887 2600 942 καὶ
2681 889 2748 941 τά
2805 887 3142 958 πνευματικᾶ
3197 889 3587 959 περιηγοῦνται
3662 886 3747 948 εἱς

2077 973 2291 1054 δέλεαρ,
2350 978 2446 1046 τῆν
2528 977 2662 1031 κατὰ
2733 979 2865 1053 σφᾶς
2927 974 3234 1050 ἐγκράτειαν
3291 975 3341 1027 οἱ
3399 970 3734 1052 ἀδιάφοροι·

2073 1066 2135 1120 τὸ
2192 1067 2309 1120 κατ’
2335 1066 2527 1141 ἀρετὴν
2587 1061 2787 1138 ἄλιμόν
2845 1085 2902 1120 τε
2931 1064 3018 1118 καὶ
3052 1061 3246 1138 ἄδιψον
3303 1063 3354 1117 οἱ
3413 1062 3733 1138 κατάκοροι·

2073 1156 2134 1210 τὸ
2188 1154 2424 1219 ἐντεῦθεν
2499 1151 2772 1230 ἄγρυπνον
2853 1150 2940 1208 διὰ
3002 1153 3064 1208 τὸ
3135 1151 3527 1228 ἀνερμάτιστόν
3603 1175 3733 1231 φασι

2073 1251 2172 1314 τῆς
2232 1243 2466 1319 σαρκός’
2513 1241 2939 1322 φιλοσοφοῦντες
2997 1241 3190 1316 ἁγίως,
3230 1241 3322 1296 καὶ
3390 1239 3474 1296 ὅτι
3527 1243 3725 1318 βαρου-

2078 1333 2211 1406 μὲνη
2262 1335 2492 1409 γαστὴρ,
2542 1332 2722 1408 ὥσπερ
2770 1330 2831 1386 ού
2885 1332 3022 1407 πρὸς
3092 1328 3325 1404 δρόμον,
3380 1329 3547 1393 οὕτως
3593 1327 3718 1384 οὐδὲ

2073 1425 2209 1498 πρὸς
2268 1422 2433 1476 ὕπνον
2491 1418 2790 1492 ἐπιτηδεία.
2853 1419 3190 1498 Προφέρουσι
3255 1418 3313 1474 δὲ
3368 1418 3446 1482 εἷς
3499 1417 3726 1494 αὔχημα

2073 1513 2162 1566 καὶ
2207 1510 2440 1587 ὁράσεις,
2498 1511 2585 1565 καὶ
2651 1509 2923 1579 θεοπτίας,
2955 1510 3044 1563 καί
3101 1530 3206 1564 που
3237 1508 3329 1563 καὶ
3389 1511 3729 1584 θαυματουρ-

2071 1601 2212 1676 γίας,
2239 1600 2327 1655 καὶ
2387 1598 2534 1654 ἄλλα
2586 1604 2830 1667 τοιαῦτα,
2893 1597 2962 1653 δι’
3017 1596 3089 1653 ὧν
3152 1593 3542 1674 εὐλαϐέστερος
3601 1601 3733 1660 νοῦς

2073 1690 2162 1744 καὶ
2224 1694 2331 1744 τῶν
2408 1689 2568 1752 θείων
2643 1688 2870 1763 ἰραστής
2935 1687 3410 1764 ἀναπτερύσσεται,
3467 1687 3556 1741 καὶ
3618 1689 3734 1740 τῶν

314 1768 424 1825 ἅνω
493 1772 696 1850 ἐφίεται
755 1773 1045 1850 θεοφιλῶς.
1105 1778 1184 1834 Τὰ
1236 1773 1293 1831 δέ
1351 1777 1483 1832 εἰσιν
1565 1776 1959 1851 ἀναπλάσματα
2045 1777 2233 1849 ὕπνου,
2295 1778 2459 1832 ὁποῖα
2513 1778 2579 1831 τὰ
2634 1781 2742 1831 τῶν
2803 1774 3159 1853 ἐλεφαντίνων
3217 1773 3408 1830 πυλῶν
3468 1773 3737 1830 ἐκπεταν-

311 1861 535 1933 νύμενα.

386 1971 506 2024 121.
543 1971 674 2026 Mox
704 1971 974 2026 allectum
1009 1973 1369 2044 discipulum
1402 1976 1821 2032 blandimentis
1853 1977 1962 2049 spi-
1994 1979 2041 2044 B

309 2057 539 2113 ritualis
589 2060 984 2129 persuasionis
1015 2063 1086 2115 ad
1134 2068 1438 2119 tonsuram
1471 2066 1795 2121 attrahunt.
1831 2071 1961 2137 Ipe

309 2146 689 2203 dillicultates
738 2149 864 2202 vitae
897 2151 1233 2205 monasticae
1281 2153 1501 2221 objicit,
1534 2159 1591 2208 et
1629 2156 1710 2208 ait
1739 2154 1812 2209 ob
1861 2171 1960 2209 eas

308 2238 615 2290 tonsuram
649 2236 982 2292 formidare.
1016 2240 1137 2303 Quo
1164 2245 1426 2311 tempore
1465 2241 1611 2297 alias
1657 2241 1961 2298 illecebras

310 2323 582 2391 atterunt,
616 2324 834 2395 quibus
874 2327 1113 2382 anxium
1148 2329 1218 2384 de
1247 2329 1515 2401 ingressu
1550 2331 1914 2402 permulcent
1945 2347 1957 2386 :

317 2411 456 2467 huic
489 2414 839 2483 promittunt
877 2415 1245 2472 sanctitatem
1295 2420 1515 2490 absque
1554 2418 1770 2482 labore,
1803 2421 1962 2475 salu-

312 2505 429 2555 tem
464 2504 589 2556 sine
619 2503 1098 2571 sudoribus,cum
1132 2505 1246 2560 Deo
1269 2507 1622 2563 vicinitatem
1654 2509 1963 2564 immedia-

309 2590 700 2660 tam,januam
729 2592 1043 2661 paradisi,e
1066 2611 1182 2664 qua
1203 2595 1605 2667 abestgladius
1629 2599 1958 2667 ﬂammeus,

309 2679 580 2733 virtutem
618 2679 688 2734 ad
745 2697 921 2750 quam
971 2683 1268 2752 pervenire
1315 2691 1507 2756 potest
1551 2704 1666 2742 non
1715 2690 1962 2744 obrutus

306 2766 557 2822 sudoreo
587 2767 828 2822 ﬂumine
864 2784 878 2824 :
911 2774 1173 2825 aestatem
1205 2788 1322 2843 qua
1353 2791 1467 2828 non
1500 2775 1962 2843 seminatur,nec

304 2855 881 2923 aratur,vindemiam
917 2865 1327 2928 spontaneam,
1352 2862 1778 2934 navigationem
1808 2865 1960 2936 peri-

309 2944 442 2998 culo
465 2944 954 3011 carentem,lucro
978 2953 1171 3002 autem
1199 2949 1527 3018 fecundam,
1561 2957 1617 3007 et
1639 2956 1962 3024 quodcum-

307 3049 420 3102 que
455 3029 617 3086 aliud
650 3032 1103 3090 lenocinium.Et
1131 3053 1265 3092 cum
1298 3039 1593 3096 hominem
1616 3043 1965 3097 adduxerint

305 3120 616 3175 edocentes
665 3127 724 3176 et
773 3124 1090 3179 suadentes
1138 3123 1440 3183 laboribus
1492 3146 1607 3184 non
1656 3130 1963 3202 acquiren-

303 3209 439 3263 dam
473 3208 920 3278 sublimitatem,
954 3212 1259 3284 deceptum
1296 3215 1450 3272 intra
1483 3235 1591 3274 sua
1621 3220 1766 3274 retia
1794 3237 1964 3276 vena-

2068 2511 2283 2560 νοῦνται
2359 2505 2662 2582 ἁγιωσύνην
2751 2503 2992 2574 ἄπονον,

2144 1975 2277 2050 ρκα’.
2340 1971 2587 2028 Ἐπειδὰν
2672 1970 2729 2027 δὲ
2803 1969 3198 2042 κατεπᾴδοντες
3275 1972 3367 2026 τὸν
3429 1969 3740 2044 ἀκροατὴν,

2071 2064 2149 2124 εὶς
2239 2063 2438 2134 κουρὰν
2523 2061 2922 2139 ἐφελκύσωνται
3027 2066 3398 2132 πνευματικῆς
3506 2063 3738 2122 πειθοῦς

2073 2150 2253 2227 ἴυγξι,
2309 2151 2399 2205 καὶ
2472 2151 2631 2212 αὐτὸς
2721 2145 3081 2226 προϐαλεῖται
3160 2149 3222 2204 τὸ
3307 2147 3551 2222 σκληρὸν
3628 2155 3739 2217 τῆς

2073 2242 2380 2316 μοναχικῆς
2441 2241 2684 2315 ἀγωγῆς,
2717 2239 2806 2294 καὶ
2866 2238 3038 2293 ὀκνεῖν
3070 2239 3170 2306 τήν
3229 2237 3428 2312 κουρὰν
3488 2232 3559 2290 δι’
3599 2234 3737 2324 αύτὸ

2071 2327 2213 2402 εἶ’πῃο
2271 2328 2396 2383 τότε
2453 2325 2519 2397 δὴ
2581 2334 2832 2403 σειρῆνας
2881 2327 3118 2402 ἑτεροίας
3172 2320 3603 2400 προϐάλλονται,
3662 2321 3717 2379 δι

2070 2416 2142 2471 ὧν
2203 2416 2486 2492 θέλγοντες
2542 2416 2634 2471 τὸν
2693 2415 3074 2488 μελετώμενον
3131 2414 3455 2490 εἰσάγεσθαι,
3521 2414 3734 2486 ὑπισχ-

3078 2503 3350 2579 σωτηρίαν
3426 2503 3525 2570 τὴν
3601 2497 3732 2556 ἄνευ

2073 2593 2339 2671 ἱδρώτων,
2401 2593 2669 2669 ἐγγύτητα
2720 2593 2858 2667 πρὸς
2937 2593 3065 2647 Θεὸν
3143 2591 3521 2664 ἆμεσίτευτον,
3581 2587 3732 2644 εἷ’σοο

2071 2681 2162 2739 δον
2247 2681 2594 2758 παραδείσου,
2655 2685 2721 2750 ἧς
2803 2681 3026 2736 ἀπὲσται
3115 2679 3356 2756 ῥομφαία
3435 2678 3674 2756 φλογίνη
3714 2697 3728 2710 ·

2071 2773 2288 2846 ἀρετὴν,
2352 2771 2428 2834 εἷς
2479 2771 2540 2840 ἣν
2600 2771 2699 2825 οὐκ
2754 2770 3044 2845 ἀναγκαῖον
3105 2768 3282 2833 ἐλθεῖν
3327 2789 3466 2840 τινα,
3525 2766 3730 2822 λουσά-

2075 2883 2234 2936 μενον
2312 2859 2556 2936 ίδρώτων
2635 2865 2907 2932 ποταμοῖς
2943 2879 2954 2891 ·
3046 2860 3202 2934 θέρος
3279 2854 3550 2930 ἅσπαρτον
3637 2855 3732 2910 καὶ

2073 2953 2336 3024 ἀνήροτον
2374 2970 2386 2983 ·
2463 2949 2728 3023 τρυγητὸν
2806 2949 3047 3025 αὐτοφυῆ
3085 2967 3098 2982 ·
3177 2945 3352 3001 πλοῦν
3430 2945 3569 3018 πρὸς
3649 2949 3734 3016 τῷ

2071 3037 2341 3112 ἀκινδύνῳ
2400 3038 2490 3093 καὶ
2549 3035 2860 3112 κερδαλέον,
2918 3038 3008 3091 καὶ
3068 3032 3123 3090 εἷ’
3169 3057 3220 3090 τι
3279 3034 3422 3092 ἄλλο
3478 3037 3723 3089 τοιοῦτον

2073 3127 2383 3203 ἐπαγωγόν.
2443 3127 2548 3183 Καὶ
2634 3127 2724 3182 ὅτε
2798 3126 3180 3201 ὑπαγάγωνται
3253 3123 3347 3179 τὸν
3420 3120 3711 3196 ἄνθρωπον,

2074 3214 2378 3289 διδάξαντες
2450 3214 2540 3269 καὶ
2606 3213 2878 3277 πείσαντες
2954 3215 3030 3286 μὴ
3104 3212 3291 3274 πόνοις
3348 3211 3560 3266 κτᾶσθαι
3610 3209 3712 3276 τὴν

301 3296 528 3352 buntur
546 3315 681 3353 cum
704 3299 832 3369 ipsa
852 3301 1728 3374 abundantia,possessionibus
1749 3314 1805 3364 et
1822 3309 1962 3364 divi-

302 3385 397 3409 ΑΞΖ-
434 3404 446 3409 -
480 3391 734 3409 ι--------
777 3388 928 3409 ..η-ιι
963 3390 1070 3409 ___!_
1127 3392 1188 3409 1!,
1273 3393 1284 3405 ο
1341 3399 1350 3409 ι
1535 3395 1544 3406 ι
1644 3402 1651 3409 .
1728 3405 1735 3409 .
1881 3398 1918 3409 ιιι

2076 3306 2371 3380 ἀκρότητα,
2427 3303 2516 3358 καὶ
2574 3304 2664 3358 τὸν
2719 3302 3058 3372 ἀπατηθέντα
3105 3297 3333 3356 δικτύων
3393 3297 3498 3356 ἔσω
3553 3297 3720 3409 θηράῖ

302 3385 400 3441 tiis
434 3404 447 3454 ;
480 3391 740 3458 tuncque
771 3388 932 3459 quali
958 3390 1206 3447 scientia
1238 3393 1359 3447 sint
1388 3395 1960 3469 aperiunt,etqualia

305 3480 362 3528 et
382 3481 596 3542 quanta
618 3475 985 3546 sophismata
1007 3495 1076 3534 ex
1089 3495 1156 3535 ea
1178 3480 1470 3539 hauriant.
1493 3485 1956 3558 Neophytiﬁenim

304 3563 440 3618 sinu
471 3564 754 3619 exhausto
784 3564 1160 3638 impletisque
1191 3572 1314 3626 suis
1338 3573 1872 3642 passionibus,eum
1897 3576 1962 3630 li-

304 3652 440 3706 bere
464 3658 1023 3724 pascentem,neque
1045 3657 1282 3729 signum
1305 3661 1632 3730 virtutis,ut
1653 3664 1960 3730 aiunt,telo

306 3742 1154 3814 appetentem,relinquunt,ne
1170 3763 1268 3802 eos
1287 3748 1521 3806 fallaces
1533 3768 1820 3819 esse,cum
1836 3753 1961 3825 ipse

307 3828 527 3901 probus
539 3829 1072 3901 sit,convincat,sed
1091 3852 1219 3890 cum
1233 3837 1322 3891 sui
1336 3839 1630 3896 similibus
1645 3843 1962 3898 confunda-

309 3923 423 3971 tur.
460 3917 520 3972 Ei
553 3925 748 3974 autem
787 3921 932 3977 forte
961 3926 1018 3977 et
1046 3925 1442 3998 qualicunque
1467 3931 1640 3985 modo
1671 3933 1960 4002 querenti,

311 4005 509 4060 statim
561 4007 900 4080 frequenter
950 4012 1230 4082 objicitur
1262 4032 1274 4070 :
1309 4039 1337 4065 «
1372 4017 1513 4082 Quis
1563 4035 1644 4085 es,
1676 4037 1708 4075 ο
1739 4020 1914 4075 homo
1937 4021 1965 4075 ?

311 4110 440 4164 qua
471 4100 562 4150 est
589 4101 692 4151 tua
722 4097 906 4153 virtus
929 4098 956 4152 ?
982 4117 1248 4170 quaenam
1280 4105 1385 4160 abs
1416 4111 1471 4162 te
1488 4108 1712 4164 utilitas
1734 4107 1966 4165 ?»eum-

312 4199 426 4254 que
457 4184 759 4240 minantur
787 4203 848 4241 se
898 4189 1325 4260 despoliaturos
1371 4194 1542 4251 bonis
1573 4198 1788 4268 quibus
1821 4199 1965 4253 frui-

310 4277 443 4340 tur;
475 4278 650 4342 atque
682 4277 946 4348 regulam
992 4283 1050 4332 et
1079 4287 1392 4352 augustam
1426 4285 1677 4355 speciem
1717 4293 1965 4358 praeten-

312 4362 604 4433 dunt,qua
627 4363 696 4418 ad
720 4366 1058 4436 pauperiem
1084 4369 1333 4440 quisque
1354 4371 1597 4429 fratrum
1623 4375 1876 4432 mittitur
1895 4378 1966 4433 ab

311 4449 386 4506 iis
416 4451 514 4522 qui
541 4452 702 4521 justo
735 4453 975 4511 ditiores
1007 4462 1167 4512 sunt.

2075 3415 2258 3449 σονται
2332 3393 2468 3467 αὐτῇ
2541 3394 2687 3466 πάσῃ
2771 3391 3055 3468 περιουσίᾳ
3132 3391 3221 3444 καὶ
3306 3391 3548 3462 κτήμασι
3629 3387 3720 3441 καὶ

2069 3485 2357 3559 χρήμασι,
2413 3481 2534 3536 τότε
2621 3477 3081 3548 διαδεικνύουσιν,
3141 3478 3323 3533 ὁποῖοί
3398 3497 3539 3538 τινες
3625 3477 3726 3544 τὴν

2069 3570 2378 3643 ἐπιστήμην
2435 3568 2562 3637 sibi,
2618 3569 2709 3624 καὶ
2792 3569 2884 3622 οἶα
2965 3567 3053 3622 καὶ
3129 3565 3227 3622 ὅσα
3283 3565 3596 3644 σοφίζονται
3654 3561 3728 3618 δι’

2069 3661 2260 3729 αὐτῆς.
2319 3659 2742 3720 Ἐκκενώσαντες
2826 3658 2925 3732 γὰρ
2995 3657 3057 3711 τὸ
3110 3660 3208 3710 τοῦ
3266 3651 3531 3724 νεήλυδος
3586 3672 3727 3728 προ-

2069 3748 2321 3819 κόλπιον,
2378 3749 2465 3802 καὶ
2543 3749 2606 3802 τὸ
2677 3747 2812 3801 κατά
2881 3750 3015 3823 σφᾶς
3072 3744 3271 3806 αὐτοὺς
3331 3741 3736 3816 ἐπιθυμητικὸν

2073 3835 2530 3908 ἀποπλήσαντες,
2615 3835 2800 3910 ἀφιᾶσι
2887 3833 3139 3904 νέμεσθαι
3225 3831 3410 3887 ἄνετον
3485 3830 3688 3885 ἐκεῖνον
3721 3876 3736 3898 ,

2076 3924 2199 3981 οὐδὲ
2276 3923 2458 4000 τίκταρ,
2513 3926 2543 3980 ὅ
2596 3945 2775 4002 φασιν,
2831 3924 3029 3997 ἀρετῆς
3117 3919 3434 3997 βάλλοντα·
3487 3918 3579 3974 ’ίνα
3654 3923 3736 3992 μὴ

2073 4015 2165 4071 καί
2213 4014 2436 4090 ἔλεγχοι
2475 4013 2702 4076 τούτους
2753 4011 2975 4090 φαύλως
3036 4006 3286 4087 ἔχοντας,
3315 4009 3477 4070 αὐτὸς
3532 4008 3740 4083 ἀγαθὸς

2077 4102 2174 4174 ὢν,
2225 4103 2370 4160 ἀλλὰ
2417 4101 2634 4175 ὁμοίοις
2675 4101 2869 4174 ὅμοιος
2918 4099 3362 4177 συναναφύροιτο.
3393 4096 3460 4152 Εἴ
3513 4094 3571 4151 δέ
3625 4117 3739 4150 που

2074 4194 2243 4269 τυχὸν
2305 4194 2558 4247 ὁπωσοῦν
2642 4189 2958 4265 ὑπογρύζει,
3016 4192 3317 4259 τηνικαῦτα
3399 4184 3545 4242 πολὺ
3618 4191 3743 4240 κατ’

2078 4283 2242 4338 αὐτοῦ
2319 4281 2424 4337 τό·
2488 4305 2516 4332 ‹‹
2576 4279 2675 4334 Καὶ
2755 4279 2840 4340 τίς
2912 4278 2963 4332 εἴ
3016 4277 3079 4332 σὺ
3135 4275 3443 4353 ἄνθρωπος,
3501 4272 3590 4329 καί
3646 4272 3738 4336 τίς

2077 4376 2112 4443 ἡ
2173 4371 2224 4426 ἄν
2281 4371 2366 4426 σοὶ
2425 4367 2651 4443 δύναμις
2710 4368 2840 4436 καὶ,
2897 4366 2949 4422 τί
3004 4367 3066 4421 τὸ
3125 4364 3185 4421 ἐκ
3241 4368 3337 4420 σοῦ
3393 4360 3654 4441 ὅφελοςς
3712 4387 3742 4415 ››

2078 4463 2165 4518 καὶ
2256 4457 2541 4515 ἀπειλοῦσι
2624 4457 3158 4532 προσαποστερήσειν
3245 4453 3336 4509 τὸν
3426 4450 3743 4528 ἄνθρωπον,

311 4537 400 4592 καὶ
463 4558 535 4591 ων
603 4537 890 4615 ἀφειμένος
947 4539 1062 4618 ἔχει
1122 4550 1281 4620 κοινῇ
1341 4551 1622 4625 συνθήκῃο
1672 4552 1762 4607 καὶ
1841 4549 2250 4630 προϐάλλονται
2335 4548 2426 4602 τὸν
2485 4545 2680 4601 κανόνα
2736 4546 2824 4600 καὶ
2874 4545 2936 4599 τὸ
2989 4544 3186 4616 σεμνὸν
3242 4543 3493 4609 τοπικὸν,
3545 4539 3616 4595 δι’
3675 4540 3742 4594 οὗ

315 4626 452 4702 πρὸς
531 4627 916 4701 ἀκτημοσύνην
952 4628 1218 4696 ’ἕκαστος
1299 4641 1408 4692 τῶν
1495 4636 1743 4716 ἀδελφῶν
1799 4626 2221 4696 ἀποκαθίσταται
2279 4638 2403 4710 παρ’
2463 4634 2668 4703 αὐτοῖς,
2723 4639 2863 4706 τοῖς,
2927 4634 3002 4695 ὡς
3063 4633 3141 4705 μὴ
3209 4630 3405 4708 ἐχρῆν,
3470 4631 3718 4706 βαρυκτή

316 4735 496 4788 μοσιν.

383 4823 510 4880 422.
557 4826 663 4890 Qui
723 4829 1000 4885 omnibus
1060 4832 1235 4889 rebus
1291 4838 1658 4910 congregatis
1718 4839 1777 4894 in
1834 4838 1962 4894 sinu

2151 4828 2286 4907 ρκϐ’.
2348 4834 2408 4890 Ὀ
2467 4829 2524 4886 δὲ
2581 4835 2690 4886 τῶν
2750 4831 2843 4904 μὲν
2905 4827 3089 4884 ἄλλων
3147 4824 3465 4899 διεκπεσὼν,
3526 4824 3628 4881 ὅσα
3683 4846 3746 4902 γε

315 4913 672 4983 denudatus,
743 4923 801 4972 et
868 4920 1040 4974 modo
1107 4922 1363 4994 agitatus
1429 4926 1558 4983 aliis
1623 4927 1841 4983 relictis
1907 4930 1971 4982 ut

313 5019 545 5075 aequum
575 5020 689 5059 non
722 5011 867 5077 erat,
900 5012 957 5062 et
1005 5014 1067 5065 ut
1097 5011 1179 5066 ita
1211 5012 1399 5069 dicam
1431 5015 1658 5087 capillis
1702 5020 1968 5072 retentus

314 5090 588 5163 (impedit
615 5093 770 5149 enim
803 5099 1051 5154 tonsura
1081 5116 1151 5155 ne
1180 5105 1300 5157 tam
1337 5103 1502 5159 facile
1529 5105 1721 5175 possit
1750 5106 1966 5178 effuge-

315 5196 376 5236 re
405 5186 690 5253 raptores,
715 5185 814 5254 qui
843 5201 977 5241 eum
1009 5189 1181 5259 quasi
1211 5191 1442 5261 capillis
1473 5193 1638 5248 humi
1672 5200 1969 5264 postrave-

315 5275 498 5340 runt),
535 5279 818 5337 remanet,
854 5278 1030 5346 atque
1072 5278 1145 5333 de
1169 5284 1378 5334 caetero
1410 5280 1697 5338 malitiam
1746 5283 1970 5355 colligit

316 5357 676 5414 universam.
709 5361 816 5425 Qui
867 5379 930 5418 se
961 5363 1042 5420 ita
1074 5366 1225 5423 male
1255 5367 1481 5425 habens
1531 5371 1712 5437 intus,
1750 5372 1967 5427 sinitur

317 5464 352 5502 a
381 5448 760 5506 sanctissimo
811 5456 1000 5522 Patre,
1049 5456 1169 5511 suis
1218 5457 1591 5528 passionibus
1638 5461 1964 5534 indulgere,

316 5539 374 5589 et
409 5534 649 5606 politica
688 5539 746 5594 in
796 5541 915 5596 vita
963 5541 1227 5599 solitaria
1279 5545 1471 5617 palam
1519 5564 1803 5605 exercere.
1857 5551 1969 5605 Iste

317 5619 476 5708 enim
521 5627 706 5694 metit,
737 5628 1081 5701 vindemiat,
1123 5632 1313 5700 molit,
1367 5635 1715 5708 prelumque
1762 5637 1966 5707 calcat,

321 5706 529 5765 horrea
559 5712 747 5784 erigit,
778 5721 836 5772 et
882 5717 995 5775 alia
1025 5720 1217 5777 denuo
1263 5722 1583 5794 ampliﬁcat
1607 5706 1820 5799 {equis
1865 5706 1967 5785 de?

2084 4923 2186 4978 ὑπὸ
2240 4921 2434 4995 κόλπῳ
2491 4917 2702 4997 ἔφερεν·
2744 4919 2795 4974 ἑν
2833 4917 3023 4992 μόνοις
3056 4915 3114 4972 δὲ
3140 4921 3282 4986 τοῖς,
3315 4917 3390 4979 ὡς
3424 4916 3500 4989 μή
3534 4910 3739 4990 ὤφελε,

2078 5010 2591 5089 περιλελειμμένοις
2647 5009 2794 5081 αύτῷ
2850 5005 3118 5076 σαλεύων,
3161 5006 3252 5060 καὶ
3335 5009 3447 5059 τῶν
3502 5008 3736 5080 τριχῶν,

2079 5103 2152 5156 ὡς
2207 5101 2396 5167 εἷ’πεῖν,
2444 5097 2816 5173 κατεχόμενος
2888 5095 2973 5170 (ού
3045 5093 3264 5149 δύναται
3338 5093 3441 5170 γὰρ
3500 5090 3588 5148 διὰ
3631 5091 3729 5158 τὴν

2077 5191 2273 5264 κουρὰν
2333 5189 2475 5244 οὕτω
2535 5189 2659 5264 ῥᾷον
2721 5184 3028 5263 διεκφυγεῖν
3067 5183 3195 5246 τοὺς
3228 5181 3478 5253 ἑλόντας,
3509 5181 3598 5237 καὶ
3643 5177 3720 5238 ὥς

2079 5280 2191 5334 οἷον
2251 5278 2434 5354 κουρὶξ
2491 5277 2651 5333 αὐτὸν
2705 5274 2757 5332 ἐν
2809 5272 3026 5346 δαπέδῳ
3073 5272 3388 5348 βαλόντας),
3443 5271 3602 5345 μένει,
3629 5283 3722 5320 κα-

2075 5369 2193 5424 κίαν
2255 5369 2460 5423 ἅπασαν
2510 5371 2607 5422 τοῦ
2669 5365 2869 5422 λοιποῦ
2935 5363 3225 5438 ἀθροίζων.
3288 5362 3391 5420 Καὶ
3447 5359 3724 5433 καχεκτῶν

2077 5457 2222 5514 οὕτω
2250 5458 2316 5512 τὰ
2346 5457 2518 5526 ἐντὸς,
2551 5457 2762 5534 ἀφίεται
2813 5453 2948 5529 πρὸς
3001 5456 3100 5507 τοῦ
3158 5453 3465 5528 ἀγιωτάτου
3519 5446 3736 5521 Πατρὸς

2075 5547 2164 5603 καὶ
2222 5551 2327 5601 τῶν
2390 5547 2478 5601 ὑπ’
2507 5545 2665 5601 αὐτὸν
2717 5544 3010 5620 ταγμάτων
3071 5541 3394 5614 πορεύεσθαι
3453 5540 3590 5595 κατά
3640 5536 3739 5598 τὰς

2078 5634 2365 5709 ἐπιθυμίας
2427 5638 2611 5708 αὐτοῦ,
2669 5633 2760 5688 καὶ
2829 5630 2882 5688 ἐν
2935 5634 3016 5704 τῷ
3096 5632 3326 5705 μονήρει
3398 5626 3507 5706 βίῳ
3575 5645 3744 5683 κατα-

2074 5723 2398 5802 πράττεσθαι
2458 5720 2844 5784 ἀνυποστόλως
2923 5719 2990 5775 τὰ
3073 5717 3355 5776 πολιτικά.
3417 5715 3628 5793 Θερίζει
3684 5733 3748 5772 τε
