4060 6364
261 382 384 444 829

1278 389 1381 450 DE
1413 387 1916 452 -EMENDANDA
1961 393 2150 456 VITA
2194 389 2680 452 MONACHICA.

3565 391 3684 452 830

257 511 360 589 γὰρ
391 510 618 580 ἐκεῖνος,
661 512 751 566 καὶ
800 518 989 590 τρυγᾷ,
1037 515 1127 570 καὶ
1180 515 1340 588 ἀλοᾷ,
1394 518 1484 573 καὶ
1536 518 1702 591 ληνὸν
1755 528 1905 578 πατεῖ

2027 524 2240 596 cipitur
2270 523 2342 579 ad
2375 521 2622 578 salutem
2653 519 2979 590 fallacibus,
2999 520 3100 574 sed
3133 518 3378 576 utilibus
3409 521 3482 576 ad
3517 537 3688 593 nego-

262 599 615 674 μονώτατος’
675 601 763 656 καὶ
847 603 1126 674 ἀποθήκας
1184 607 1278 670 τάς
1337 609 1430 681 μὶν
1493 615 1712 681 συνιστᾷ
1744 658 1757 682 ,
1824 612 1918 674 τὰς

264 688 320 744 δὲ
376 690 651 764 καθαιρῶν
727 692 1024 767 μεγεθύνεισ
1083 695 1172 748 καὶ
1219 694 1412 757 ἵπποις
1470 696 1684 753 ἐναλύει
1723 746 1736 770 ,
1789 703 1916 774 ψευ-

265 775 376 833 δέσι
439 780 534 852 μὲν
592 779 669 842 εἰς
730 782 1028 857 σωτηρίαν,
1079 791 1345 860 χρηστοῖς
1398 783 1456 841 δὲ
1501 787 1578 850 εἷς
1629 787 1914 865 ἐμπορίαν.

266 869 569 942 Ἐμπρὲπει
630 867 687 924 δὶ
743 870 834 924 καὶ
895 866 1064 944 ὄνοις,
1124 874 1197 927 ὧν
1251 873 1379 937 τοὺς
1436 875 1531 949 μὶν
1580 877 1791 948 ἀνίησιν
1843 881 1920 942 εἱς

269 957 548 1036 ἰπιγονὴν,
590 963 709 1022 τοῖς
755 955 813 1013 δὲ
856 979 918 1034 γε
975 959 1222 1016 πλείοσιν
1270 963 1344 1026 εἰς
1398 961 1722 1043 ξυλοφορίαν
1776 969 1918 1042 χρῆ-

266 1066 376 1102 ut“
429 1048 482 1103 οἳ
540 1048 678 1124 πρὸς
733 1046 956 1124 κέρδους
1009 1057 1344 1126 φορτηγοῦσι
1397 1059 1516 1116 τοῖς
1574 1055 1667 1127 μὶν
1723 1053 1918 1119 ἄλλοις

271 1135 355 1192 ἐπὶ
410 1135 587 1210 ἐξάψει
647 1137 842 1211 πυρὸς,
913 1135 1288 1204 διακονοῦντος
1362 1147 1482 1205 τοῖς
1543 1141 1668 1213 ὧδε,
1725 1149 1805 1218 τῷ
1862 1142 1920 1200 δὲ

269 1223 505 1300 δεσπότῃ
579 1225 715 1298 πρὸς
792 1224 1070 1305 φλόγωσιν
1145 1228 1500 1300 αΐωνίζουσαν
1573 1234 1672 1302 τήν
1759 1232 1868 1288 ἐκεῖ
1902 1279 1916 1292 .

265 1314 504 1370 Πλουτεῖ
562 1311 619 1369 δὶ
676 1315 765 1370 καὶ
822 1317 1099 1391 ἡμιόνοις,
1151 1316 1202 1374 ἐν
1253 1321 1335 1382 οἷς
1395 1315 1916 1399 ἔχειξφαντάζεσθαι

263 1407 559 1481 προσφυῶς
602 1404 666 1458 τὸ
713 1405 832 1459 καθ’
887 1405 1072 1460 ἑαυτὸν
1125 1405 1184 1462 ἐκ
1233 1407 1404 1480 πάντη
1455 1409 1731 1483 ἀνομοίων
1793 1413 1916 1468 σύν-

265 1504 438 1556 θετον.
492 1491 727 1546 Ἐκεῖνοί
779 1513 836 1548 τε
893 1494 995 1570 γὰρ
1054 1495 1118 1550 τὸ
1185 1495 1391 1574 εύγενὶς
1449 1500 1733 1575 ἀχρειοῦσι
1789 1505 1915 1570 ζωϊ-

262 1582 358 1636 κὸν
403 1585 474 1654 τῇ
533 1583 918 1658 συνανακράσει
967 1588 1064 1638 τοῦ
1123 1581 1436 1661 δυσγενοῦς,
1491 1588 1580 1642 καὶ
1637 1588 1798 1652 αὐτὸς
1853 1591 1916 1644 τὸ

265 1669 514 1746 ἱνάρετον
561 1677 755 1747 σχῆμα
795 1676 874 1744 τῷ
921 1679 1192 1747 κοσμικῷ.
1245 1675 1343 1730 Καὶ
1396 1677 1528 1752 βόας
1575 1675 1633 1732 δὲ
1681 1677 1916 1734 ἀκολού-

268 1761 378 1822 θως
434 1757 698 1835 ἐκτρέφει,
731 1761 804 1814 ὧν
859 1767 1028 1838 μοῖρα
1086 1764 1183 1836 μὲν
1223 1785 1305 1826 τις
1356 1763 1683 1821 ἀποδοθεῖσα
1729 1768 1920 1843 χρυσί·

2033 613 2319 668 tiandum.
2353 609 2546 666 Asinis
2577 625 2809 680 quoque
2841 625 3075 680 Operam
3113 609 3230 677 dat,
3255 626 3506 680 quorum
3540 628 3682 664 non-

2028 699 2222 756 nullos
2253 701 2322 754 ad
2357 699 2757 770 generandum
2781 698 3060 767 destinat,
3085 703 3140 752 et
3172 697 3466 768 plerisque
3500 700 3685 754 utitur

2029 791 2099 846 ad
2125 806 2301 844 onera
2326 789 2600 855 ferenda;
2637 787 2813 857 hique
2845 803 2950 858 pro
2972 786 3136 842 lucro
3164 788 3392 842 modico
3420 789 3683 844 sarcinas

2029 881 2266 935 fuerunt
2295 879 2364 933 ad
2401 877 2544 932 alios
2564 878 2632 932 ad
2652 877 3083 931 accendendum
3103 875 3298 947 ignem
3335 876 3430 930 hic
3458 876 3680 947 utilem,

2029 973 2086 1023 et
2115 968 2187 1022 ad
2219 967 2527 1022 dominum
2559 965 2626 1021 ad
2655 965 2952 1020 ﬂammam
2981 969 3258 1020 aeternam
3292 964 3431 1021 illic.
3466 969 3527 1019 Et
3553 983 3682 1020 mu-

2029 1055 2103 1111 lis
2134 1055 2395 1110 abundat
2434 1054 2650 1126 quibus
2698 1055 2843 1108 satis
2874 1058 3007 1124 apte
3058 1059 3508 1124 repraesentatus
3540 1071 3684 1109 suus

2029 1144 2264 1200 habitus
2295 1161 2325 1198 e
2357 1144 2531 1198 rebus
2563 1142 2819 1198 totaliter
2844 1141 3238 1198 dissimilibus
3271 1141 3678 1213 compositus:

2027 1233 2114 1289 illi
2147 1233 2303 1289 enim
2339 1231 2530 1288 nobile
2547 1230 2881 1287 animalvili
2914 1230 3295 1301 conjunctum
3319 1231 3680 1302 deprimunt,

2027 1323 2153 1394 ipse
2185 1326 2381 1377 autem
2415 1319 2729 1377 sublimem
2765 1319 3032 1374 habitum
3065 1336 3200 1374 cum
3235 1320 3557 1376 mundano.
3592 1321 3685 1375 Bo-

2027 1429 2123 1468 ves
2154 1411 2329 1467 etiam
2366 1411 2566 1476 nutrit,
2610 1426 2860 1482 quorum
2896 1424 3030 1479 pars
3062 1409 3177 1463 alia
3204 1409 3438 1464 vendita
3470 1425 3682 1464 aurum

2027 1505 2085 1556 et
2133 1503 2439 1572 argentum
2495 1498 2681 1564 aﬂ'ert,
2715 1501 2773 1552 et
2823 1495 2934 1552 alia
2979 1497 3221 1552 inservit
3265 1498 3336 1552 ad
3371 1499 3679 1554 arandum.

2026 1588 2288 1644 Aliorum
2320 1592 2724 1642 armentorum
2774 1586 2948 1641 etiam
2979 1601 3179 1641 curam
3215 1585 3412 1651 habet,
3447 1587 3680 1658 istaque

2025 1694 2300 1750 pecorum
2336 1675 2712 1732 multitudine
2730 1674 3135 1730 rationabilem
3163 1674 3340 1728 vitam
3365 1692 3530 1730 suam
3556 1693 3680 1747 per-

2027 1767 2132 1820 dit.
2165 1765 2368 1821 Clarus
2398 1770 2485 1820 est
2524 1765 2701 1819 etiam
2737 1781 2770 1819 a
2799 1763 2996 1835 pueris
3029 1762 3303 1835 agricolis
3335 1780 3482 1834 quos
3511 1764 3676 1836 emit,

263 1868 390 1910 νους
426 1847 534 1954 ςκαὶ
585 1847 812 1924 ἀργύρια
870 1848 1168 1926 ἐκπορίσει⁹
1214 1848 1370 1929 ἕτερα
1419 1851 1476 1908 δὲ
1525 1853 1602 1918 εἴς
1646 1856 1905 1931 γεωργικᾶ

2027 1872 2158 1910 nam
2208 1859 2265 1910 et
2310 1853 2467 1910 istud
2527 1869 2620 1908 res
2667 1861 2773 1908 est.
2827 1853 2935 1907 Sed
2987 1868 3163 1923 quam
3213 1852 3285 1908 ob
3337 1868 3574 1907 causam
3622 1859 3680 1909 et

265 1934 568 1991 συντελέσει
605 1979 617 1992 .

265 2023 477 2096 ἀπάσης
526 2019 866 2100 προϐάσεως,
910 2028 1000 2082 καὶ
1071 2033 1149 2100 τῷ
1204 2029 1622 2104 βοσκηματώδει
1670 2031 1855 2103 πληθυ
1886 2065 1913 2077 -

263 2117 389 2186 σμῷ
443 2110 875 2190 ψευδεπιγραφεῖ
918 2116 980 2171 τὸ
1054 2122 1149 2172 τοῦ
1227 2118 1347 2194 βίου
1404 2117 1632 2198 ἕλλογον
1689 2122 1860 2194 ἑαυτῷ
1893 2163 1906 2178 .

263 2202 363 2256 Καὶ
425 2203 533 2275 μὴν
591 2202 754 2279 αὐχεῖ
806 2205 897 2259 καὶ
953 2203 1152 2270 παῖδας
1223 2208 1557 2285 γεωργικοὺς
1613 2210 1910 2285 ποριζόμε-

263 2311 374 2352 νος.
424 2290 530 2347 Καῖ
583 2297 742 2348 τοῦτο
795 2294 891 2366 μὲν
941 2297 1300 2369 κτηματικόν.
1353 2298 1512 2355 Ἱνατί
1565 2296 1622 2354 δὶ
1662 2299 1752 2354 καὶ
1781 2321 1905 2354 παι-

673 1939 794 1994 Ἔτι
852 1939 880 1992 ὁ
938 1938 1098 2001 αὐτὸς
1167 1938 1509 2014 ἐπιμελεῖται
1567 1943 1657 1998 καὶ
1717 1942 1905 2014 λοιπῆς

2027 1943 2274 2016 puellas,
2308 1959 2526 2014 easque
2557 1941 2754 2014 plures
2801 1957 2903 2013 pro
2938 1957 3175 1996 numero
3229 1957 3565 2012 puerorum,
3598 1941 3681 1996 ita

2027 2037 2095 2088 ut
2123 2031 2366 2088 nimium
2396 2031 2716 2098 abundent,
2751 2029 3049 2100 acquirere
3072 2030 3100 2084 ?
3146 2029 3277 2086 Haec
3309 2029 3490 2102 igitur
3516 2034 3683 2086 curat

2022 2121 2134 2178 iste
2163 2126 2401 2194 peccato
2453 2119 2746 2187 addictus,
2786 2124 2842 2174 et
2893 2135 3258 2190 quaecunque
3311 2118 3425 2174 alia
3467 2135 3679 2175 conse-

2023 2215 2306 2281 quuntur,
2335 2208 2662 2280 quibusque
2715 2207 2892 2262 homo
2943 2208 3282 2262 mundanus
3315 2206 3672 2278 implicatur.

2021 2299 2221 2356 Usura:
2253 2299 2450 2354 studet
2476 2297 2570 2354 hic
2599 2296 2908 2367 ccsnobita,
2940 2296 3363 2352 abundantiam
3396 2295 3556 2352 omni
3589 2313 3676 2352 ra-

263 2375 448 2443 δίσκας
479 2424 500 2454 ,
554 2380 645 2436 καί
714 2381 876 2446 αὖτάς
953 2383 1333 2460 ἀσυμμέτρους
1396 2391 1476 2460 τῷ
1528 2393 1638 2443 τῶν
1695 2387 1905 2444 παίδων

2018 2389 2178 2444 tione
2207 2388 2436 2460 quaerit,
2461 2386 2544 2442 ita
2573 2392 2638 2441 ut
2669 2385 2925 2442 moriens
2955 2384 3272 2456 aliquando
3303 2384 3544 2440 inimico
3578 2403 3670 2440 sa-

256 2468 496 2545 ἀριθμῷ,
571 2471 645 2533 ὡς
724 2471 1136 2548 ὑπερεκπῖπτειν
1199 2480 1280 2549 τῷ
1334 2476 1647 2551 πληθυσμῷ
1681 2479 1905 2547 ;Ταῦτά

2018 2478 2158 2534 Iutis
2190 2481 2402 2533 nostra
2435 2476 2714 2546 animam,
2743 2479 2798 2530 et
2828 2473 3182 2530 monasterio
3206 2473 3497 2545 relinquat
3526 2474 3668 2530 veti-

253 2578 311 2612 τε
344 2555 434 2612 οὖν
468 2559 497 2614 ό
546 2558 718 2623 οὕτως
774 2561 850 2624 εἰς
911 2564 1179 2637 ἁμαρτίαν
1229 2561 1580 2639 ὶκδεδομὲνος
1639 2565 1903 2640 πλημμε-

254 2644 360 2719 λεῖ,
395 2648 483 2702 καὶ
518 2646 686 2704 λοιπά
731 2646 786 2705 δὲ
826 2653 941 2706 καθ’
992 2653 1179 2728 εἱρμὸν
1232 2651 1399 2726 ἄλλα,
1445 2655 1667 2718 ὁπόσοις
1714 2657 1742 2711 ὁ
1774 2677 1902 2711 κοσ-

257 2737 416 2808 μικὸς
494 2733 792 2812 ἐντρίϐεται
861 2738 1142 2817 ἅνθρωπος
1176 2763 1188 2776 ·
1249 2743 1582 2818 ἀσκούμενος
1646 2744 1736 2800 καὶ
1787 2767 1850 2800 το
1882 2776 1904 2792 -

255 2822 556 2902 κογλυφεῖν
611 2827 639 2881 ὁ
717 2825 950 2891 ἐλεεινὸς
1010 2826 1398 2901 κοινοϐιακὸς,
1472 2833 1562 2888 καὶ
1633 2834 1901 2896 παντοίως

2016 2573 2106 2623 tas
2146 2565 2547 2640 possessiones
2594 2565 3026 2621 consumendas
3082 2563 3139 2618 in
3171 2561 3399 2618 deliciis
3431 2581 3666 2636 prover-

2013 2655 2270 2712 bialibus
2317 2653 2558 2722 scilicet,
2611 2670 2726 2709 non
2776 2653 3035 2725 proiecto
3085 2652 3143 2706 in
3193 2651 3418 2707 deliciis
3470 2653 3669 2708 fratris

2015 2745 2116 2818 qui
2150 2743 2291 2800 abiit
2337 2742 2556 2810 infelix,
2590 2747 2647 2798 et
2687 2761 2721 2797 a
2750 2741 3066 2798 venerabili
3117 2745 3283 2813 patre
3325 2740 3670 2798 reconcilia-

2016 2841 2113 2890 tus
2145 2839 2257 2901 est,
2287 2838 2490 2888 contra
2521 2833 2628 2887 fas.

263 2910 687 2988 μεθοδευόμενος
743 2917 822 2980 εἷς
871 2920 1322 2994 περιουσιασμόν·
1372 2918 1465 2976 ἵνα
1519 2923 1691 2977 θανών
1769 2943 1902 2978 ποτε
1973 2920 2054 2994 τῷ
2119 2920 2213 2994 μὲν
2266 2919 2449 2995 ἐχθρῷ
2495 2925 2594 2988 τῆς
2648 2917 2922 2993 σωτηρίας
2973 2919 3133 2990 ἡμῶν
3184 2918 3284 2986 τήν
3334 2918 3539 2991 ψυχὴν,
3587 2921 3668 2989 τῷ

259 2997 318 3055 δὲ
385 3003 784 3080 φροντιστηρίῳ
843 3009 1144 3080 παραθήσει
1201 3009 1296 3072 τὰς
1356 3009 1735 3073 ἄκανονίστους-
1777 3011 2123 3082 ἐπικτήσεις,
2187 3005 2590 3084 βροχισομένας
2639 3005 2691 3068 ἐς
2749 3006 3016 3082 μακαρίαν
3051 3047 3065 3074 ,
3120 3006 3221 3074 τήν
3294 3006 3668 3080 παροιμιακὴν

260 3085 551 3160 δήπουθεν·
615 3092 676 3148 οὗ
731 3092 832 3171 γάρ
893 3093 1107 3168 δηλαδὴ
1160 3099 1261 3168 τήν
1311 3104 1408 3154 τοῦ
1462 3097 1722 3179 ἀδελφοῦ·
1779 3122 1836 3164 ος
1893 3097 2117 3156 ἀπέλθοι
2174 3095 2234 3153 ἂν
2295 3093 2426 3160 ἴσως
2483 3093 2696 3166 ἄθλιος,
2749 3095 2851 3150 ὑπὸ
2900 3099 2997 3151 τοῦ
3041 3093 3229 3168 τιμίου
3267 3094 3468 3169 πατρὸς
3506 3115 3670 3164 κατηο

245 3180 551 3253 ρτισμὲνος,
587 3182 660 3244 ὡς
690 3183 790 3238 οὑκ
819 3182 1009 3261 ἐχρῆν.

319 3289 456 3362 ρκγ’.
491 3289 590 3344 Καὶ
649 3289 793 3345 οὕτω
854 3293 948 3365 μὲν
1009 3293 1060 3348 οἳ
1118 3292 1170 3350 ἐν
1217 3297 1352 3368 ἡμῖν
1402 3295 1562 3375 σοφοὶ
1601 3297 1892 3372 πρακτικοὶ

2079 3297 2202 3353 123.
2237 3297 2350 3352 Isto
2383 3294 2554 3350 modo
2586 3293 2880 3365 sapientes
2911 3291 3150 3363 practici
3183 3293 3336 3364 apud
3373 3308 3479 3347 nos
3511 3291 3668 3346 novi-

247 3375 506 3450 βόσκουσι
580 3378 674 3432 τὸν
749 3377 800 3434 ἐν
873 3380 1060 3444 αὐτοῖς
1131 3379 1396 3439 πλούσιον
1483 3384 1846 3460 εἷσαγωγικόν
1879 3427 1894 3442 .

241 3465 459 3535 Πένητα
511 3461 569 3522 δὶ
625 3462 1033 3542 ἀπολαϐόντες,
1093 3472 1184 3526 καὶ
1242 3471 1401 3527 αὐτὸν
1460 3474 1535 3535 ὡς
1589 3475 1656 3528 τὰ
1711 3472 1899 3529 πολλά

241 3550 364 3607 ούτι
404 3553 614 3624 ἑκόντα,
666 3557 802 3629 μετά
850 3556 1077 3629 πολλῆς
1129 3557 1187 3614 δὲ
1230 3560 1469 3635 δτιμάλα
1499 3561 1896 3638 πραγματείας,

243 3640 292 3696 εἰ
322 3642 486 3715 μόνον
537 3640 749 3719 οἴκημα
797 3642 1048 3720 καλυϐίῳ
1101 3651 1389 3724 παρεοικὸς
1439 3650 1656 3707 ὕπεστιν
1689 3650 1896 3724 ἐκείνῳ,

241 3728 298 3784 ἐν
341 3732 541 3808 καιρίῳ
590 3733 763 3789 τόπου
819 3734 1086 3810 κείμενον,
1139 3737 1184 3792 ὣ
1243 3741 1336 3794 οἶα
1386 3740 1752 3797 τεκταίνονται
1807 3740 1896 3796 καὶ

243 3818 298 3874 ἰν
361 3819 552 3895 ἑκείνῳ
597 3823 686 3878 καὶ
745 3820 816 3879 δι’
874 3824 1112 3881 ἑκείνουο
1165 3825 1218 3882 ἰν
1265 3825 1448 3902 ἐκείνῳ
1493 3830 1612 3903 μὲν,
1670 3830 1752 3886 ὅτι
1798 3830 1900 3884 οὐκ

240 3908 433 3986 ἀφιᾶσι
492 3907 581 3966 διὰ
657 3911 780 3988 βίου
852 3915 945 3968 τὸν
1007 3911 1294 3992 ἄνθρωπον
1352 3917 1714 3974 ἀναπαύεσθαι
1771 3919 1898 3994 παρ’

242 3995 433 4062 αὐτοῖς
464 4042 478 4071 ,
539 3999 954 4075 εὖτελιζόμενον
982 4049 998 4076 ,
1057 4002 1506 4078 ἆξουθενούμενον
1547 4053 1562 4077 ,
1617 4002 1896 4082 παραϐλε-

243 4087 504 4159 πόμενον,
559 4087 739 4146 τᾶλλα
791 4091 1096 4167 πάσχοντα,
1140 4094 1217 4148 ὧν
1277 4099 1571 4170 πειρῶνται
1609 4090 1897 4150 καλυϐἷται

245 4172 527 4251 ἅνθρωποι
605 4179 696 4233 καὶ
771 4179 1081 4245 ἀσυντελεῖς
1160 4181 1262 4237 ὑπὸ
1342 4180 1616 4238 δεσποτῶν
1696 4183 1788 4247 οὓς
1860 4186 1895 4255 ἡ

246 4265 423 4350 τρυφή
475 4268 762 4344 καταφέρει
818 4273 924 4324 τῶν
1002 4269 1266 4326 τοιούτων
1323 4271 1400 4335 είς
1455 4271 1844 4350 περιφρόνησιν
1881 4293 1894 4306 ·

247 4348 320 4407 δι’
349 4351 555 4410 ἐκείνου
586 4353 663 4429 δὲ,
714 4358 798 4413 ὅτι
847 4355 1182 4436 ἐνεδρεύουσι
1237 4348 1711 4436 παρακαθήμενοι,
1766 4362 1899 4418 πότε

239 4447 341 4498 τοῦ
397 4442 804 4515 πλησιάζοντος
858 4450 928 4522 τῇ
985 4452 1246 4525 πτωχικῇ
1298 4444 1513 4525 καλύϐῃ
1569 4449 1848 4525 ἀμπελίου
1880 4498 1897 4525 ,

241 4532 282 4602 ἢ
341 4529 590 4608 ἀγριδίου
624 4579 640 4604 ,
699 4533 808 4591 εἴτε
864 4535 1170 4610 οῒκήματος
1203 4581 1218 4608 ,
1277 4536 1386 4594 εἷ’τε
1461 4536 1627 4610 ληΐου
1711 4541 1900 4616 καιρὸν

244 4617 492 4676 λάϐωσιν
555 4619 768 4688 εὔθετον
842 4623 1226 4700 ἐπιδράξασθαι
1261 4646 1275 4660 ⁶
1336 4629 1372 4698 ἢ
1449 4629 1703 4704 ἄγξαντες
1770 4629 1897 4693 τοὺς

245 4708 310 4796 εκ
336 4711 620 4783 γειτόνων,
654 4711 690 4782 ἢ
730 4714 820 4768 καὶ
864 4715 1357 4790 ὑποποιησάμενοι.
1401 4717 1496 4772 Kal
1549 4718 1694 4774 οὕτω
1731 4720 1901 4796 πυρὸς

246 4795 407 4870 δίκην
464 4798 860 4876 ἰπινεμομὲνου
914 4809 1034 4866 τοῖς
1091 4805 1512 4880 παρακειμένοις
1562 4806 1900 4885 ἐπεισφροῦ-

246 4907 352 4956 σιν,
381 4886 490 4965 οὐχ
519 4888 602 4946 ὅτι
661 4891 849 4968 χρείαν
899 4885 1143 4968 ἔχουσιν,
1193 4891 1323 4951 ἀλλ’
1364 4891 1458 4948 ’ἱνα
1501 4895 1591 4949 καὶ
1643 4895 1705 4951 τὸ
1732 4893 1900 4968 ἀνεξέ-

248 4975 476 5050 λεγκτον
513 5021 528 5046 ,
588 4976 668 5057 ἐφ’
743 4980 824 5042 οἷς
881 4977 1310 5056 πλημμελοῦσιν
1346 5026 1362 5053 ,
1418 4977 1591 5057 ἔχωσι
1646 4986 1716 5057 τῇ
1770 4981 1898 5057 ἐρη-

250 5063 350 5135 μίᾳ
435 5066 542 5120 τῶν
628 5063 1048 5139 πλησιαζόντων
1085 5113 1099 5139 ,
1172 5069 1264 5125 καὶ
1347 5071 1485 5147 πρὸς
1568 5074 1637 5146 τῇ
1720 5068 1900 5126 πολυ-

1931 4675 1978 4742 D

244 5154 568 5230 κτημοσύνῃ
652 5155 744 5210 καὶ
829 5151 1054 5235 φοϐεροὶ
1139 5155 1359 5233 δόξωσι,
1436 5158 1527 5214 καὶ
1611 5159 1812 5222 πάννας
1884 5159 1960 5224 ὡς

247 5261 475 5317 γωνται.

323 5346 456 5425 ρκδ’.
514 5350 756 5419 Τοιαύτη
831 5353 921 5407 καὶ
980 5350 1114 5424 αὕτη
1174 5356 1446 5432 πρακτική
1509 5355 1636 5430 παρ’
1695 5353 1897 5420 αὐτοῖς.

256 5437 369 5506 Τὴν
429 5437 487 5496 δὶ
540 5439 765 5511 λοιπὴν,
826 5441 926 5512 ὅση
987 5438 1423 5520 δημοτικωτὲρα,
1471 5443 1562 5499 καὶ
1605 5443 1902 5519 παχυτιρῳ

255 5528 616 5604 κεχρωσμὲνη
667 5535 750 5604 τῷ
805 5528 1002 5605 ῥύπῳ,
1054 5529 1463 5603 στηλιτευτικὸς
1516 5531 1652 5606 ἀνὴρ
1711 5530 1900 5588 ἐπιλί-

255 5615 412 5688 ξηται
470 5617 530 5674 ἃν
591 5619 668 5682 είς
726 5617 865 5691 ὕλην
922 5627 1159 5696 γραφῆς,
1219 5622 1384 5700 οὗπερ
1447 5625 1679 5698 μακροῖς
1730 5619 1901 5696 ὁρίοις

255 5707 424 5781 ἡμεῖς
472 5707 873 5784 ἀφεστήκαμεν,
933 5709 986 5766 οἱ
1045 5711 1122 5786 μή
1181 5712 1318 5789 πρὸς
1372 5710 1732 5789 ἀγανάκτησιν
1779 5707 1899 5788 ἄρτι

2006 3387 2157 3443 tium
2207 3402 2275 3440 ex
2325 3386 2471 3456 ipsis
2527 3382 2763 3438 divitem
2820 3387 3096 3438 tractant.
3160 3383 3477 3452 Pauperem
3533 3397 3666 3436 vero

2010 3475 2358 3546 plerumque
2390 3472 2634 3527 minime
2665 3470 2978 3534 volentem,
3008 3477 3066 3525 et
3094 3487 3270 3541 quam
3305 3470 3560 3524 maxime
3584 3485 3668 3524 re-

2005 3563 2326 3618 luctantem
2355 3560 2702 3633 gaccipiunt,
2755 3560 2928 3615 modo
2971 3557 3376 3613 habitaculum
3430 3557 3666 3630 tugurio

2006 3651 2202 3707 simile
2272 3649 2592 3722 possideat,
2652 3649 2710 3702 in
2784 3647 2906 3703 loco
2973 3647 3182 3702 idoneo
3254 3646 3462 3713 situm,
3515 3646 3666 3702 eheu

2007 3745 2228 3812 quanta
2259 3737 2413 3794 mala
2441 3738 2502 3794 in
2531 3754 2690 3806 eum,
2721 3741 2779 3793 et
2812 3753 2913 3808 per
2942 3753 3075 3792 eum
3109 3735 3563 3791 machinantur!
3604 3736 3665 3789 In

2007 3846 2143 3886 eum
2177 3828 2438 3901 quidem,
2470 3843 2538 3882 eo
2569 3827 2721 3897 quod
2759 3825 2916 3882 hunc
2948 3825 3250 3882 hominem
3283 3822 3666 3896 tranquillam

2009 3919 2187 3974 vitam
2219 3932 2390 3988 agere
2429 3915 2586 3987 apud
2617 3931 2681 3970 se
2728 3931 2843 3970 non
2877 3913 3248 3986 permittunt,
3280 3914 3382 3968 sed
3415 3919 3670 3968 contem-

2008 4011 2178 4075 nunt,
2231 4005 2400 4060 nihili
2433 4005 2676 4069 faciunt,
2725 4004 3082 4075 despiciunt,
3133 4003 3366 4075 aliaque
3395 4003 3671 4074 ingerunt

2009 4095 2209 4168 qualia
2238 4094 2544 4168 patiuntur
2573 4093 2844 4149 homines
2877 4109 3165 4164 pauperes
3195 4097 3253 4147 et
3281 4091 3474 4147 idiota:
3508 4108 3540 4146 a
3570 4093 3669 4148 do-

2008 4184 2186 4240 minis
2219 4183 2277 4238 in
2309 4186 2708 4253 contemptum
2761 4181 3040 4252 superbia
3069 4180 3362 4236 adductis.
3400 4181 3504 4235 Per
3530 4195 3666 4235 eum

2007 4273 2186 4330 etiam
2218 4288 2353 4329 cum
2386 4271 2751 4327 adhzerentes
2779 4269 3159 4340 insidiantur,
3194 4269 3490 4341 quomodo
3526 4274 3672 4324 tem-

2007 4379 2120 4435 pus
2152 4365 2354 4434 aptum
2405 4359 2706 4416 inveniant
2756 4359 2828 4414 ad
2861 4358 3264 4430 usurpandam
3310 4357 3541 4413 vineam
3572 4361 3666 4412 tu-

2007 4450 2175 4525 gurio
2226 4449 2574 4523 proximam,
2608 4447 2732 4504 sive
2774 4447 3054 4520 agellum,
3085 4447 3207 4504 sive
3235 4445 3669 4516 habitaculum,

2007 4541 2130 4597 sive
2177 4540 2396 4612 fruges,
2451 4537 2660 4593 vicinis
2710 4542 2811 4592 aut
2864 4536 3166 4592 suffocatis
3225 4541 3329 4592 aut
3385 4535 3668 4606 subjectis

2008 4629 2198 4685 instar
2253 4627 2509 4685 incendii
2569 4627 2925 4696 devorantis,
2984 4625 3366 4693 insidiantur,
3419 4642 3537 4680 non
3603 4629 3670 4679 ut

2010 4718 2320 4775 utilitatem
2361 4717 2498 4772 inde
2547 4715 2804 4788 capiant,
2838 4715 2938 4771 sed
2975 4718 3038 4770 ut
3067 4715 3139 4770 de
3187 4711 3508 4770 sceleribus
3540 4713 3667 4768 suis

2010 4825 2126 4864 non
2159 4808 2609 4879 redarguantur,
2643 4805 2795 4860 facta
2845 4804 3169 4860 vicinorum
3222 4801 3578 4868 solitudine;
3610 4807 3668 4857 et

2009 4900 2075 4951 ut
2101 4895 2412 4952 videantur
2439 4910 2556 4949 non
2589 4893 2759 4948 modo
2791 4892 3053 4959 ditiores,
3086 4892 3187 4947 sed
3219 4892 3394 4946 etiam
3426 4890 3663 4946 terribi-

2009 4983 2115 5055 les,
2148 4999 2467 5055 omnesque
2503 4981 2648 5038 alios
2673 4981 2734 5038 in
2766 4983 3109 5038 servitutem
3141 4980 3212 5048 si,
3242 4978 3523 5052 possibile
3553 4984 3662 5050 est,

2009 5073 2297 5145 redigant.

2040 5158 2114 5222 εἲς
2199 5155 2448 5214 δουλείαν
2521 5156 2939 5220 ἐλαττώσαντες.
3018 5155 3068 5211 εἴ
3140 5153 3387 5224 δυνατὸν,
3459 5152 3662 5230 ὑπαγά-

2085 5357 2204 5412 124.
2238 5355 2408 5412 Tales
2437 5358 2575 5412 sunt
2600 5355 2755 5427 apud
2780 5370 2878 5410 eos
2907 5354 3169 5427 practici.
3203 5352 3482 5425 Reliquos
3503 5369 3665 5423 vero,

2011 5463 2224 5518 nempe
2270 5444 2502 5516 vulgus,
2534 5447 2590 5499 et
2637 5459 2932 5515 quosquos
2975 5444 3178 5500 sordes
3225 5442 3478 5498 crassior
3509 5441 3663 5497 obte-

2011 5535 2118 5607 git,
2150 5535 2208 5589 in
2243 5531 2550 5589 materiam
2597 5530 2810 5586 tabulas
2841 5531 3130 5588 detractos
3179 5531 3324 5587 forte
3354 5528 3662 5600 acciperet,

2011 5641 2046 5680 a
2076 5623 2249 5694 cujus
2291 5619 2486 5677 indole
2518 5635 2627 5676 nos
2653 5618 2824 5693 longe
2855 5637 3064 5676 sumus
3095 5638 3108 5689 ;
3142 5620 3214 5680 ad
3255 5619 3404 5675 iram
3437 5617 3663 5674 solum-

2012 5712 2188 5770 modo
2219 5727 2334 5768 non
2371 5707 2694 5782 loquimur,
2743 5709 2934 5782 magis
2961 5725 3096 5767 vero
3125 5709 3198 5766 ad
3229 5710 3462 5766 nostros
3491 5705 3668 5763 corri-
