4060 6386
374 431 484 490 831

1142 430 1565 495 EUSTATHII
1609 430 2377 494 THESSALONICENSIS
2422 428 3008 492 METROPOLITIE

3668 421 3808 482 833

373 561 618 635 gendos,
648 561 697 617 si
729 561 966 634 quidem
1016 577 1116 619 eos
1154 564 1362 634 corrigi
1411 564 1687 637 possibile
1716 568 1824 621 est.
1857 563 2016 620 Talis

2135 559 2464 634 λαλοῦντες,
2519 559 2664 616 ἀλλὰ
2710 560 2845 633 πρὸς
2902 555 3192 634 ὶξόρθωσιν
3246 558 3355 609 τῶν
3412 554 3543 631 παρ’
3600 556 3755 627 ἡμῖν
3787 598 3805 625 ,

372 665 509 721 ergo
558 649 727 721 quasi
775 650 931 722 typis
980 651 1362 721 describatur,
1412 653 1621 708 horum
1668 668 2018 725 magnorum

371 739 796 794 monachorum
825 738 1153 811 vulgarium
1187 741 1459 811 practice,
1494 757 1703 814 nempe
1733 758 1860 814 quae
1893 757 2022 814 poe-

367 831 481 898 tas,
514 832 803 896 cantores,
838 831 894 883 et
924 845 1234 884 numerum
1260 831 1404 896 odit,
1428 847 1559 903 quae
1590 830 1814 887 nullam
1847 831 2023 886 habet

370 920 782 986 venustatem;
838 933 1011 988 quam
1046 918 1453 989 praevidentes,
1489 925 1553 975 ut
1593 920 1840 990 videtur,
1876 919 2024 975 anti-

378 1005 477 1078 qui
508 1010 565 1061 et
596 1006 749 1061 beati
781 1021 945 1078 reges
990 1005 1479 1063 introducendam
1510 1009 1566 1063 in
1600 1009 1958 1065 monasteria
1989 1025 2023 1065 a

376 1111 437 1149 se
467 1094 769 1165 mdificata,
801 1093 915 1148 nisi
954 1094 1177 1166 aliquid
1213 1096 1511 1168 sapienter
1537 1097 1927 1169 providerent,
1959 1101 2025 1152 ut

375 1198 605 1253 aequum
639 1185 783 1249 erat,
817 1182 1129 1237 consilium
1165 1184 1429 1240 inierunt
1458 1184 1628 1241 islam
1656 1184 2021 1258 illegitimam

374 1273 711 1343 practicam,
742 1272 871 1326 vitae
903 1272 1259 1328 monachicae
1311 1275 1563 1345 noxiam,
1602 1290 1719 1346 qua
1749 1274 2022 1329 monachi

374 1376 437 1415 se
463 1359 622 1432 ipsos
654 1358 925 1416 meliores
959 1377 1072 1416 non
1119 1362 1394 1428 reddunt,
1426 1367 1483 1418 et
1520 1363 1890 1419 detrahentes
1922 1379 2022 1418 seu

373 1447 541 1503 aliter
585 1447 936 1504 insidiantes
981 1449 1222 1516 laedunt,
1272 1467 1405 1506 cum
1456 1450 1779 1523 ignominia
1822 1450 2023 1524 procul

373 1553 407 1592 a
440 1536 796 1592 monasterio
847 1536 1243 1610 repellendam
1294 1555 1460 1608 esse;
1510 1544 1686 1612 atque
1718 1539 2023 1595 addiscen-

373 1626 509 1681 dam
542 1642 692 1695 eam,
726 1642 855 1697 quae
903 1626 1018 1682 Deo
1049 1632 1217 1699 grata
1265 1632 1375 1693 est,
1407 1629 1681 1685 omnibus
1712 1628 1895 1700 utilis,
1928 1646 2027 1685 nc-

375 1730 628 1786 menque
676 1731 793 1770 non
842 1716 1180 1772 frustratur.
1232 1720 1352 1773 Hoc
1405 1718 1645 1790 perfecit
1691 1718 1849 1789 regia
1899 1733 2027 1789 pro-

373 1802 651 1859 videntia.
714 1804 1010 1876 Prmpositi
1069 1809 1209 1860 sunt
1258 1806 1319 1861 in
1369 1807 1600 1879 magnis
1652 1806 2026 1863 monasteriis

375 1892 630 1963 praefecti
661 1894 731 1948 de
784 1892 1004 1948 mundo
1051 1895 1399 1966 assumpsit,
1431 1900 1498 1950 ut
1545 1901 1749 1951 ascetae
1800 1896 2023 1952 sanctis

376 1981 652 2053 cperibus
682 1982 927 2037 seorsim
955 1981 1265 2050 instarent,
1297 1987 1355 2038 et
1375 1984 2025 2055 prafecliturbarentur

379 2085 517 2142 erga
544 2070 800 2142 plurima
832 2087 846 2125 :
880 2075 961 2139 et,
994 2071 1161 2143 quasi
1184 2072 1425 2144 quidam
1457 2088 1719 2146 aggeres,
1752 2073 2033 2131 fluctibus

379 2159 700 2215 mundanis
730 2160 979 2232 oppositi
1013 2177 1111 2216 eos
1166 2165 1558 2233 contererent,
1591 2162 1850 2218 deviatos
1879 2166 2033 2219 retro

377 2249 765 2317 reﬂecterent,
798 2254 970 2320 atque
1004 2249 1431 2306 monasterium
1463 2250 1743 2307 ﬂuctibus
1777 2252 2034 2307 inacces-

376 2351 535 2408 sum,
568 2336 617 2393 si
647 2337 730 2392 ita
761 2353 853 2394 res
898 2337 1094 2408 ferret,
1128 2338 1338 2395 saltem
1388 2340 1805 2396 inconcussum
1837 2356 2032 2397 serva-

376 2430 528 2481 rent.

2128 648 2180 704 si'
2219 650 2271 704 τί
2319 671 2425 705 που
2472 650 2559 705 xui
2611 645 2752 704 ἔστιν
2805 647 2858 703 ἐν
2906 651 3025 710 τοῖς
3065 650 3157 699 νῦν
3206 642 3629 718 διορθώσασθαι.
3686 644 3799 699 Kui

2126 735 2310 793 τοιάδε
2362 738 2499 812 μὲν,
2540 737 2616 800 ὡς
2673 736 2830 810 τύπῳ
2886 730 3291 804 καθυποδεῖξαι,
3344 734 3380 801 ἡ
3429 735 3540 787 τῶν
3592 730 3802 803 ἐξωτε-

2130 831 2298 904 ρικῶν
2360 824 2611 903 μεγάλων
2666 824 2873 881 τούτων
2939 826 3197 899 μοναχῶν
3256 821 3557 897 πρακτικὴ,
3605 823 3644 890 ἠ
3694 820 3799 876 καὶ

2129 914 2482 992 παράμουσος
2516 962 2532 988 ,
2588 915 2677 970 καὶ
2738 911 2955 988 ἀπῳδὸς
2988 957 3001 983 ,
3062 911 3152 967 καὶ
3223 909 3589 988 ἀρῥύθμιστος
3622 952 3636 976 ,
3696 909 3796 965 xui

2130 1005 2266 1080 πρὸς
2327 1002 2584 1078 οὐδεμίαν
2644 1003 2970 1080 ἡρμοσμένῃ
3032 998 3348 1075 ἐμμέλειαν⁸
3397 1000 3459 1070 ἣν
3515 998 3594 1061 ὡς
3643 993 3797 1054 ἔοικε

2130 1094 2513 1170 προορώμενοι
2566 1092 2654 1148 xui
2714 1093 2767 1148 oi
2825 1088 2997 1147 πάλαι
3053 1090 3185 1146 ποτε
3250 1086 3574 1163 μακαριστοὶ
3631 1088 3792 1161 βασι-

2133 1181 2247 1244 λεῖς
2304 1179 2844 1255 ἐμπολιτευσομένην
2881 1224 2895 1250 ,
2957 1181 3041 1243 οἷς
3115 1177 3273 1234 αὐτοὶ
3342 1176 3795 1257 φροντιστηρίοις

2130 1270 2473 1347 ἡρμόσαντο,
2531 1271 2579 1326 εἴ
2640 1271 2717 1344 μὴ
2772 1266 3246 1345 προμηθεύσονταί
3296 1287 3349 1321 τι
3413 1267 3589 1344 σοφὸν,
3638 1265 3785 1322 καθά

2133 1360 2247 1415 οἶόν
2275 1380 2333 1415 τε
2361 1361 2450 1429 ἦν,
2513 1356 2692 1415 ἔθεντο
2745 1357 2976 1435 βουλὴν,
3029 1355 3099 1413 δι’
3148 1359 3216 1427 ἧς
3248 1359 3284 1426 ἡ
3322 1356 3417 1429 μὲν
3448 1351 3597 1416 νόθος
3639 1374 3777 1427 πρα-

2132 1451 2291 1518 κτική
2350 1447 2440 1503 καὶ
2491 1452 2571 1520 τῷ
2631 1451 2920 1524 μοναχικῷ
2982 1447 3089 1520 βίῳ
3138 1439 3459 1512 ἐπίϐουλος,
3490 1443 3604 1497 καθ’
3631 1443 3700 1512 ἣν
3725 1444 3782 1497 οἱ

2137 1539 2458 1611 μονάζοντες
2513 1533 2638 1592 οὔτε
2694 1542 2830 1614 σφᾶς
2888 1533 3083 1597 αὐτοὺς
3142 1531 3419 1610 βελτιοῦσι
3455 1576 3469 1603 ,
3527 1534 3618 1587 καὶ
3655 1530 3791 1595 τοὺς

2132 1621 2586 1703 παραϐάλλοντας
2643 1624 2703 1680 δὲ
2754 1624 2789 1695 ἢ
2849 1622 3036 1688 ἄλλως
3095 1624 3466 1699 πειρωμένους
3506 1620 3791 1698 βλάπτου-

2136 1737 2239 1785 σιν,
2273 1715 2531 1786 ἐξωθοῖτο
2578 1712 2638 1769 ἂν
2683 1713 3113 1791 σκορακιζομένη
3174 1712 3382 1787 μακρὰν
3431 1718 3531 1781 τῆς
3588 1718 3792 1784 μονῆς,

2133 1804 2509 1879 ἀντεισάγηται
2571 1802 2627 1859 δὲ
2682 1806 2717 1874 ἡ
2776 1799 3062 1881 θεοφιλὴς,
3120 1801 3211 1857 καὶ
3267 1799 3638 1880 κοινωφελὴς,
3698 1800 3795 1855 xui

2142 1893 2217 1968 μὴ
2278 1892 2627 1966 πλαττομὲνη
2685 1893 2747 1947 τὸ
2800 1886 2976 1957 ἔνθεον
3038 1887 3233 1965 ὄνομα.
3293 1891 3397 1947 Καὶ
3458 1892 3526 1959 ἦν
3573 1890 3637 1945 τὸ
3687 1897 3795 1960 τῆς

2142 1979 2429 2059 βασιλικῆς
2478 1980 2689 2052 ἐκείνης
2757 1981 3099 2056 προμηθείας
3168 1977 3330 2041 τέλος
3388 1977 3678 2034 ἐπιστασία
3737 1978 3794 2034 ἐν

2138 2076 2255 2133 τοῖς
2292 2068 2554 2145 μεγάλοις
2592 2069 2859 2144 σεμνείοις
2912 2068 3193 2145 ἀρχόντων
3239 2066 3301 2123 ἐκ
3325 2072 3433 2124 τῶν
3486 2067 3538 2123 ἐν
3570 2066 3795 2141 κόσμῳ,

2134 2157 2226 2215 ’ίνα
2274 2161 2326 2214 οἱ
2379 2160 2470 2233 μὲν
2533 2159 2764 2230 ἀσκηταὶ
2818 2162 2927 2213 τῶν
2983 2157 3141 2222 θείων
3199 2159 3303 2212 εἷεν
3338 2152 3513 2233 ἔργων
3543 2156 3797 2230 καταμό-

2137 2268 2253 2317 νας,
2314 2248 2366 2302 oi
2426 2245 2485 2303 se
2541 2244 2804 2323 ἄρχοντες
2863 2246 3017 2302 αὐτοὶ
3063 2239 3382 2323 τυρϐάζοιεν
3423 2245 3545 2322 περὶ
3575 2242 3795 2317 πολλὰ,

2138 2337 2227 2392 καὶ
2257 2337 2332 2398 ὡς
2362 2336 2449 2392 οἶά
2501 2356 2645 2399 τινες
2702 2329 2975 2413 πρόϐολοι
3024 2335 3163 2390 κατὰ
3210 2334 3465 2408 κυμάτων
3510 2334 3792 2407 βιωτικῶν

2141 2426 2509 2499 ἀνιστάμενοι,
2553 2424 2799 2502 θραύοιεν
2846 2424 3024 2479 ἐκεῖνα
3067 2424 3159 2479 καὶ
3205 2422 3589 2500 ἀποστρέφοιεν
3637 2422 3793 2477 πλα-

382 2510 583 2587 ζόμενοι
613 2513 894 2586 εἰσοπίσω,
926 2515 988 2570 τὸ
1021 2511 1079 2571 δὶ
1106 2521 1350 2591 σεμνεῖον
1384 2516 1702 2596 φυλάττοιεν
1735 2516 2041 2593 ἀκύμαντον
2076 2517 2195 2593 μὶν,
2228 2514 2283 2572 εἷ’
2320 2537 2381 2594 γε
2428 2515 2572 2573 οὕτω
2622 2515 2829 2593 φύσεως
2875 2509 2992 2592 ἔχει
3037 2514 3101 2571 τὸ
3147 2520 3365 2593 πρᾶγμα
3411 2513 3477 2568 τὰ
3511 2510 3687 2568 πλείω
3722 2510 3786 2568 δὲ

378 2602 782 2662 ἂκατάσειστον.

452 2756 576 2812 125.
632 2757 869 2830 Seipsos
927 2758 1195 2815 homines
1273 2759 1485 2815 horum
1536 2760 2027 2817 monasteriorum

377 2843 628 2901 libenter
672 2846 1081 2902 submiserunt
1125 2847 1300 2903 alicui
1332 2848 1519 2905 multa
1561 2851 1675 2905 Deo
1724 2854 1889 2922 grata
1919 2864 2027 2921 po-

377 2933 547 3000 tenti,
596 2950 848 3005 eumque
891 2934 1232 3006 relinquunt
1276 2937 1335 2991 in
1385 2938 1574 3010 primo
1619 2938 1821 2993 ordine
1859 2937 2030 2992 dimi-

376 3028 631 3090 cantem,
659 3024 860 3079 omnia
881 3031 1151 3096 agentem
1174 3030 1232 3080 et
1262 3027 1581 3096 patientem
1607 3043 1736 3098 quas
1767 3026 1838 3081 ad
1870 3026 2028 3098 leges

376 3116 435 3167 et
455 3112 688 3181 judices
732 3112 1021 3181 attinent;
1070 3119 1130 3167 et
1160 3113 1272 3184 ipsi
1322 3113 1752 3185 tranquillitate
1798 3120 2027 3170 servata

376 3200 450 3254 de
476 3198 789 3255 animabus
836 3205 1066 3267 curant,
1102 3202 1322 3272 unique
1362 3203 1547 3274 operi,
1591 3202 1885 3258 mandatis
1912 3201 2026 3257 sci-

377 3287 514 3344 licet
549 3287 863 3360 implendis
907 3289 1151 3345 instant.
1200 3290 1368 3346 Tales
1405 3297 1548 3346 sunt
1593 3291 1729 3362 ipsi,
1760 3294 1819 3346 et
1864 3295 2030 3362 quot-

379 3380 522 3448 quot
544 3377 629 3432 eis
661 3377 887 3434 similes
930 3383 1088 3433 sunt.
1122 3378 1231 3446 Qui
1261 3383 1458 3434 autem
1489 3380 1561 3434 ad
1593 3383 1859 3434 nostram
1890 3395 2024 3450 pro-
2056 3398 2099 3464 ρ

378 3464 675 3521 bationem
738 3466 949 3522 exinde
1004 3466 1246 3522 veniunt
1310 3468 1507 3537 magni
1564 3471 1792 3532 ascetaa,
1845 3467 2026 3523 duces

380 3554 950 3626 mundani,spiritus
983 3554 1413 3627 exagitati,ipsi
1448 3555 1595 3610 nihil
1627 3555 1740 3611 nisi
1765 3560 2025 3623 externa,

378 3643 1023 3711 materiam,'carnem,
1082 3649 1142 3699 et
1191 3660 1309 3699 uno
1363 3645 1536 3700 verbo
1591 3646 1877 3701 mundum
1938 3661 2026 3701 sa-

380 3731 650 3802 pientes;
700 3731 815 3803 ipsi
844 3732 1015 3787 bonis
1065 3733 1321 3788 externis
1370 3731 1577 3804 repleti
1624 3737 1682 3788 et
1729 3734 1894 3788 vacui
1942 3732 2029 3787 in-

377 3818 561 3874 ternis
607 3826 947 3888 remanent;
1000 3821 1102 3891 qui
1146 3820 1461 3877 nonnullos
1497 3821 1705 3877 fratres
1743 3837 1774 3877 θ
1821 3820 2026 3877 multis

379 3909 475 3962 vix
520 3907 888 3979 recipientes,
950 3916 1127 3981 atque
1155 3919 1367 3965 sanctae
1399 3910 1664 3965 Ecclesiae
1711 3909 2026 3981 eos'quasi

381 3997 575 4052 clavos
601 3996 949 4064 inserentes,
990 3997 1107 4070 ipsi
1138 3998 1297 4054 velut
1339 3998 1574 4054 tentorii
1606 3997 1722 4071 pali
1756 3998 1854 4054 alii
1885 3997 2027 4053 alibi

378 4087 644 4158 figuntur
691 4102 706 4141 :
750 4102 1002 4158 quorum
1051 4087 1113 4142 in
1172 4087 1446 4143 manibus
1492 4103 1598 4160 pro
1642 4086 1919 4159 psalterio
1966 4090 2026 4142 et

376 4175 508 4230 aliis
555 4174 721 4231 libris
768 4175 953 4232 sacris
1001 4174 1468 4231 machinationes
1515 4176 1723 4243 noxias,
1754 4179 1813 4231 et
1852 4191 2025 4246 argu-

374 4268 572 4319 menta
602 4269 867 4320 cornuta.
905 4266 1120 4320 Horum
1152 4264 1321 4337 digiti
1369 4265 1491 4335 apti
1523 4268 1664 4320 sunt
1693 4265 1764 4319 ad
1796 4280 2022 4336 suppu-

371 4353 627 4409 tationes
655 4357 713 4408 et
740 4352 1125 4425 scphismata,
1144 4352 1360 4424 quibus
1382 4352 1680 4425 simplices
1700 4352 2021 4425 decipiunt.

374 4440 439 4498 In
496 4440 605 4496 hoc
656 4442 772 4496 sita
826 4447 918 4497 est
972 4441 1134 4498 omni
1185 4441 1433 4513 thecria,
1492 4458 1629 4497 cum
1682 4441 2024 4514 supradicta

374 4529 631 4601 practice
677 4545 1026 4603 congruens.
1075 4530 1201 4585 Non
1259 4530 1418 4586 enim
1472 4529 1752 4601 possibile
1806 4534 1897 4586 est
1940 4530 2019 4585 ibi

374 4617 527 4674 hanc
555 4617 841 4690 'privatim
890 4634 1196 4690 reponere,
1226 4623 1284 4673 et
1326 4618 1488 4673 illam
1533 4618 1672 4675 alibi
1705 4619 2017 4691 privatim;

373 4707 475 4763 sed
507 4708 869 4778 conjunctim
921 4707 1247 4763 commistaa
1276 4712 1436 4775 sunt,
1479 4708 1656 4763 rebus
1701 4707 1916 4763 vilibus
1946 4710 2017 4762 ad

372 4796 691 4870 practicam
722 4796 991 4866 addictis,
1023 4801 1082 4851 et
1117 4796 1367 4852 scientia
1411 4797 1483 4852 de
1511 4795 1603 4853 his
1631 4796 1703 4852 ad
1735 4795 2020 4853 theoriam

369 4902 621 4957 eamque
650 4886 890 4942 minime
920 4885 1308 4958 ingeniosam.

2209 2761 2334 2832 pxe’.
2369 2754 2491 2813 Εἰσὶ
2523 2751 2603 2827 δὲ,
2636 2756 2688 2811 οἳ
2716 2758 2827 2811 τῶν
2881 2753 2933 2810 ὲν
2976 2759 3095 2818 τοῖς
3136 2752 3407 2814 τοιούτοις
3454 2771 3796 2830 φροντιστηο

2138 2844 2277 2921 ρίοις
2322 2842 2414 2899 xui
2460 2843 2614 2900 αὐτοὶ
2666 2844 2875 2906 ἑκόντες
2922 2842 3029 2898 ι’)πό
3083 2864 3193 2900 τινι
3247 2839 3460 2917 μεγάλα
3512 2839 3792 2918 θεοφιλῶς

2138 2930 2418 3006 δυναμένῳ
2490 2933 2739 3003 τάξαντες
2816 2930 3041 2996 ἑαυτοὺς
3072 2975 3089 3001 ,
3161 2930 3349 3004 ἐκείνῳ
3413 2930 3512 3004 μὲν
3583 2928 3789 3006 ἐφῆκαν

2137 3021 2541 3097 προμάχεσθαι,
2593 3021 2682 3095 καὶ
2742 3020 2918 3077 πάντα
2972 3026 3169 3089 ποιεῖν,
3228 3020 3317 3075 καὶ
3377 3019 3634 3094 πάσχειν,
3689 3018 3786 3073 ὅσα

2138 3112 2277 3184 πρὸς
2325 3110 2499 3183 νόμου
2527 3110 2619 3165 xui
2675 3108 2853 3181 δίκης·
2913 3110 3069 3165 αὐτοὶ
3129 3105 3189 3164 δι
3248 3108 3504 3181 μένοντες
3559 3105 3771 3180 ἥσυχοι,

2138 3203 2333 3275 ψυχῶν
2387 3198 2791 3272 ἐπιμέλονται,
2849 3199 2987 3272 πρὸς
3046 3199 3125 3252 ἑνὶ
3176 3196 3542 3272 τυγχάνοντες
3589 3192 3723 3270 ἔργῳ
3756 3237 3776 3261 ,

2135 3292 2204 3361 τῇ
2258 3286 2603 3362 ἰκπληρώσει
2660 3291 2768 3341 τῶν
2827 3290 3101 3361 συνταγῶν
3147 3330 3160 3344 .
3220 3286 3322 3344 Καὶ
3380 3288 3621 3341 τοιοῦτοι
3688 3281 3780 3354 μὲν

2137 3375 2312 3444 αὐτοὶ,
2343 3376 2432 3430 καὶ
2488 3375 2609 3430 ὅσοι
2658 3379 2777 3431 κατ’
2824 3375 3043 3437 αὐτούς.
3097 3375 3161 3430 Oi
3210 3371 3271 3429 δὲ
3312 3371 3403 3429 διὰ
3431 3371 3621 3448 πείρας
3648 3372 3783 3443 ἡμῖν

2135 3464 2360 3535 ἥκοντες
2431 3462 2614 3528 ἐνθάδε
2693 3463 2921 3539 μεγάλοι
3001 3465 3251 3534 ἀσκηταὶ,
3312 3461 3467 3517 αὐτοὶ
3522 3459 3788 3536 ἄρχοντες

2133 3551 2415 3625 κοσμικοὶ,
2472 3552 2630 3607 αὐτοὶ
2680 3546 2976 3627 τυρϐασταὶ
3037 3548 3396 3625 πνευματικοί
3425 3593 3447 3618 ,
3505 3547 3665 3604 αὐτοὶ
3719 3548 3792 3602 τὰ

2135 3640 2236 3712 ἔξω
2292 3642 2485 3714 πάντα,
2543 3639 2632 3695 καὶ
2693 3637 2906 3712 ὑλώδη,
2962 3642 3053 3696 xui
3103 3639 3351 3715 σαρκικὰ,
3404 3638 3495 3694 καὶ
3540 3637 3606 3692 τὸ
3651 3634 3788 3692 ὅλον

2135 3730 2303 3786 εἰπεῖν
2359 3729 2624 3802 κοσμικὰ,
2684 3726 2770 3784 διὸ
2818 3729 2908 3784 καὶ
2965 3734 3073 3784 τῶν
3133 3727 3289 3790 ἐκτὸς
3334 3724 3803 3802 πεπληρωμένοι,

2138 3818 2391 3873 ὑπόκενοι
2428 3821 2537 3872 τῶν
2585 3817 2734 3879 ἐντὸς
2784 3817 2995 3893 ἀγαθων
3050 3815 3318 3890 μένουσινο
3373 3816 3427 3872 οἳ
3475 3815 3633 3890 μόγις
3663 3814 3806 3870 πολε

2137 3905 2368 3969 λοστούς
2416 3927 2567 3968 τινας
2621 3903 2891 3983 ἀδελφοὺς
2937 3900 3334 3973 ἀπολαϐόντες,
3383 3905 3473 3959 xui
3520 3906 3591 3977 τῇ
3624 3904 3802 3977 ἁγιω-

2133 3996 2266 4069 τάτῃ
2314 3994 2614 4067 Ἐκκλησία
2661 3993 2762 4049 ὅσα
2811 3994 2902 4050 καί
2945 4014 3093 4056 τινας
3141 3993 3315 4063 ἥλους
3361 3993 3799 4068 προσπήξαντες,

2134 4083 2286 4139 αὐτοὶ
2315 4084 2457 4139 καθά
2484 4082 2577 4138 καὶ
2626 4081 2899 4139 πάσσαλοι
2947 4087 3161 4153 σκηνῶν
3204 4079 3371 4138 ἄλλοι
3400 4080 3657 4157 ἀλλαχοῦ
3693 4101 3797 4153 με·

2130 4174 2525 4246 ’τα-πήγνυνται.
2576 4171 2676 4227 Καὶ
2724 4172 2839 4227 ἀντὶ
2891 4170 3206 4247 ψαλτηρίου
3253 4171 3345 4226 xui
3397 4168 3599 4235 λοιπῆς
3648 4170 3804 4226 ἁπά-

2134 4281 2234 4331 σης
2281 4264 2428 4336 ἱερᾶς
2496 4255 2694 4337 βίϐλου
2744 4260 2845 4315 ἀνὰ
2895 4266 3088 4335 χεῖρας
3138 4259 3324 4323 αὐτοῖς
3376 4259 3430 4314 οἱ
3490 4257 3646 4334 ζυγοὶ
3691 4263 3810 4314 τοῦ

2131 4347 2334 4405 ἀδικεῖν
2370 4393 2390 4418 ,
2447 4349 2537 4404 καὶ
2612 4349 2681 4405 τὰ
2753 4347 3188 4426 παραλογιστικὰ
3255 4348 3507 4423 κεράτια.
3566 4345 3667 4402 Kui
3744 4349 3810 4403 οἱ

2133 4436 2391 4495 δάκτυλοι
2436 4437 2659 4502 τούτοις
2706 4439 3068 4512 ἁρμόττονται
3110 4437 3246 4513 πρὸς
3277 4434 3641 4513 ἑκλογισμοὺς
3699 4437 3810 4492 καὶ

2130 4526 2607 4604 παραλογισμοὺς,
2671 4527 2740 4583 δι’
2780 4529 2853 4582 ὢν
2914 4527 3007 4583 καὶ
3065 4527 3375 4604 σοφίζονται
3432 4524 3562 4588 τοὺς
3615 4544 3808 4602 χωρι-

2127 4617 2358 4679 τικούς.
2434 4618 2536 4674 Καὶ
2585 4616 2747 4675 τοῦτό
2806 4617 2947 4673 ἐστιν
3006 4615 3194 4680 αὐτοῖς
3248 4619 3286 4687 ἠ
3336 4622 3483 4672 πᾶσα
3538 4615 3751 4691 θεωρία
3782 4662 3802 4689 ,

2132 4706 2374 4782 ἐχομένη
2429 4711 2532 4775 τῆς
2590 4707 2776 4763 ἀνόπιν
2855 4706 3153 4781 εἰρημένης
3210 4711 3597 4783 πραγματικῆς
3631 4747 3646 4761 .
3708 4708 3798 4763 Oti

2128 4796 2231 4872 γάρ
2297 4794 2437 4850 ἐστιν
2493 4794 2719 4862 ἐνταῦθα
2798 4793 2911 4867 ἰδίᾳ
2970 4796 3067 4868 μὶν
3123 4794 3325 4864 ταύτην
3385 4794 3568 4860 θὲσθαι
3598 4839 3614 4866 ,
3678 4792 3800 4867 ἰδίᾳ

2130 4880 2188 4939 δὲ
2232 4879 2386 4948 αὖθις
2434 4884 2660 4957 ἐκείνην·
2716 4882 2846 4942 ἀλλ’
2900 4883 3098 4957 ἀναμιξ
3144 4885 3410 4962 πὲφυρται
3456 4887 3649 4955 ταῦτα,
3678 4887 3794 4938 τῶν

374 4973 470 5048 μὲν
501 4971 723 5052 φαύλων
756 4971 832 5035 εἷς
860 4974 1053 5049 πρᾶξιν
1086 4972 1539 5046 ὑποτεθειμὲνων,
1569 4977 1676 5028 τῶν
1711 4969 1769 5028 δὲ
1797 4970 1881 5027 ἐπ’
1911 4972 2094 5035 αὐτοῖς
2129 4970 2374 5047 μεθόδων
2407 4973 2484 5038 εἰς
2515 4973 2741 5049 θεωρίαν
2776 4973 3250 5048 ὑποτεταγμένων,
3274 4972 3364 5028 καὶ
3383 4971 3552 5042 αὐτὴν
3571 4971 3789 5027 πάντων

370 5060 469 5117 οὐκ
497 5058 755 5137 ἔλλογον.

440 5214 563 5271 126.
598 5214 667 5270 Et
713 5216 779 5270 ut
824 5214 940 5271 alia
983 5217 1234 5286 taceam,
1274 5214 1581 5271 scientiam
1629 5215 1752 5271 odit
1791 5214 1898 5271 hoc
1926 5228 2020 5287 ge-

2201 5213 2332 5288 ρκζ’.
2366 5213 2511 5288 Πρὸς
2557 5212 2663 5291 γὰρ
2712 5211 2781 5270 αὖ
2823 5218 2941 5277 τοῖς
2989 5209 3187 5276 ἄλλοις
3234 5211 3325 5267 καὶ
3370 5211 3666 5287 μισολόγον
3706 5209 3767 5263 τὸ

370 5321 504 5360 nus.
534 5305 668 5360 ldeo
697 5304 984 5376 .quemvis
1031 5304 1211 5360 alium
1243 5304 1544 5361 hominem
1591 5304 1661 5360 ad
1711 5308 2018 5359 tonsuram

2135 5305 2375 5357 τοιοῦτον
2424 5300 2810 5378 φῦλόννὲστιν.
2860 5302 2931 5360 Οἳ
2962 5299 3032 5358 δι’
3081 5301 3216 5357 αὐτὸ
3263 5300 3439 5355 πάντα
3483 5300 3578 5374 μὲν
3605 5295 3772 5353 ἄλλον

366 5393 739 5450 accedentem
789 5394 1116 5465 recipiunt;
1146 5409 1330 5465 quum
1376 5408 1511 5449 vero
1542 5393 1749 5449 doctus
1779 5390 2015 5463 aliquis,

366 5480 697 5537 litterarum
739 5483 1037 5551 alumnus,
1078 5482 1370 5554 sapientia
1418 5480 1705 5550 imbutus,
1737 5485 1797 5536 et
1844 5479 2016 5535 bonis

368 5569 504 5624 inde
535 5571 913 5626 manantibus
943 5570 1154 5644 plenos
1183 5570 1255 5626 ad
1299 5569 1507 5625 limina
1536 5584 1739 5625 eorum
1773 5568 2014 5636 accedit,

370 5656 567 5711 ethoc
594 5658 695 5711 isti
727 5658 1058 5728 audierunt,
1090 5657 1382 5730 extemplo
1429 5657 1571 5714 totis
1622 5657 1847 5714 viribus
1877 5657 2016 5714 iras-

370 5746 603 5797 cuntur.
632 5743 742 5806 Qui
779 5744 927 5800 iram
970 5762 1074 5817 pro
1122 5744 1304 5802 armis
1330 5744 1725 5817 .accipientes,
1755 5761 1892 5802 cum
1921 5761 2016 5803 vc-

2125 5387 2408 5464 ἅνθρωπον
2457 5389 2871 5468 κπαδέχονται,
2924 5385 3385 5467 προσεληλυθότα
3432 5386 3510 5451 είς
3556 5386 3781 5463 κουράνο

2127 5477 2216 5534 ὅτε
2243 5476 2303 5534 ’δὶ
2330 5476 2421 5534 καί
2464 5500 2545 5544 τις
2593 5478 2917 5558 ἐλλόγιμος,
2963 5478 3053 5535 καὶ
3097 5475 3437 5555 γραμμάτων
3487 5477 3789 5554 τρόφιμος,

2124 5566 2215 5621 καὶ
2264 5565 2427 5644 σοφίᾳ
2472 5570 2869 5644 κατακώχιμος
2898 5612 2913 5639 ,
2962 5567 3057 5623 xui
3098 5572 3215 5628 τοῖς
3267 5565 3505 5630 ἐντεῦθεν
3572 5563 3794 5641 ἀγωγί-

2129 5673 2252 5728 μοις
2301 5653 2595 5735 ἔμφορτος,
2643 5659 2781 5735 πρὸς
2816 5662 2897 5731 τῷ
2960 5654 3081 5711 κατ’
3117 5652 3314 5717 αὐτοὺς
3372 5652 3558 5727 λιμένι
3616 5652 3797 5729 γένη-

2121 5762 2232 5813 ται,
2280 5743 2372 5800 xui
2425 5745 2584 5802 αὐτοὶ
2645 5745 2866 5820 μάθοιεν
2903 5746 3067 5803 τοῦτο
3098 5785 3117 5816 ,
3173 5739 3369 5799 αὐτίκα
3421 5738 3790 5816 πανθυμαδὸν
