4060 6356
256 423 376 484 833

1274 413 1376 474 DE
1418 409 1912 474 EMENDANDA
1957 407 2141 469 VITA
2184 406 2666 468 MUNACHICA.

3548 409 3671 469 834

257 551 607 632 ὀγριόωνται.
640 547 741 608 Καί
797 546 961 625 ὀργὰς
1019 540 1442 632 ἀναλαϐόμενοι,
1490 541 1589 599 ὅσα
1617 541 1707 598 καὶ
1740 536 1907 613 ὅπλα,

2043 555 2155 597 iare
2182 555 2317 597 eum
2349 556 2463 596 non
2496 542 2765 613 possunt,
2813 555 2977 596 more
3037 514 3471 614 bastrygonum
3527 541 3663 615 (14),

258 630 372 699 ἔπεὶ
413 642 489 716 μὴ
533 637 788 695 δύνανται
848 634 1264 712 Λαιστρυγόνων
1315 630 1471 703 δίκην
1524 633 1615 688 τὸν
1661 633 1909 716 τοιοῦτον

261 715 641 802 θοινήνσασθαι,
698 724 850 800 ὅμως
930 725 1187 795 ἐξωθοῦσι
1263 726 1360 777 τοῦ
1417 720 1662 794 λιμένος,
1721 715 1912 774 λοιδο-

264 821 407 897 ρίαις
443 819 559 874 ἀντὶ
595 815 761 873 λίθων
821 813 1138 891 βάλλοντες.
1189 813 1289 870 Καὶ
1343 808 1681 887 δύσχρηστον
1712 806 1914 897 ,αὐτοῖς

261 895 355 967 τὸν
404 907 687 984 ἄνθρωπον
731 926 871 960 ειναι
920 902 1332 981 ἀποφηνάμενοι
1372 897 1540 975 (μηδέ
1566 899 1665 976 γάρ
1708 895 1914 953 δέεσθαι

265 1001 328 1055 τὸ
389 996 803 1077 φροντιστήριον
865 995 1264 1068 γραμματικῶν
1330 987 1581 1064 ἀνδρῶν),
1638 988 1914 1077 ἀνοίγουσι

268 1074 533 1150 πλατείας
586 1084 751 1159 θύρας
829 1086 899 1158 τῇ
976 1080 1250 1158 ἀγροίκίᾳ,
1325 1079 1414 1135 καὶ
1472 1079 1687 1151 ἀφιᾶσιν
1748 1074 1913 1145 αύτῆν

271 1173 724 1253 ἐμπολιτεύεσθαι
800 1176 870 1247 τῇ
925 1171 1043 1227 κατ’
1114 1169 1315 1232 αὐτοὺς
1380 1167 1651 1243 ἁγιότητι,
1725 1164 1917 1242 πορῥω

268 1264 594 1339 ποιούμενοι
622 1260 751 1325 τοῦς
804 1265 1145 1337 γραμματεῖς
1193 1262 1290 1314 τοῦ
1336 1262 1471 1314 Θεοῦ
1508 1277 1521 1289 ·
1564 1254 1616 1311 οἵ
1649 1266 1918 1329 μαθητευ-

272 1352 449 1420 θέντες
529 1347 899 1427 εύαγγελικῶς
952 1348 1029 1412 εἷς
1085 1348 1184 1417 τὴν
1266 1345 1543 1424 βασιλείαν
1600 1344 1709 1401 τῶν
1767 1343 1924 1419 οὖρα-

268 1448 400 1515 νῶν,
429 1444 735 1518 χορηγοῦσι
792 1436 953 1494 καινά
1004 1458 1065 1492 τε
1111 1436 1201 1492 καὶ
1257 1433 1483 1494 παλαιά.
1525 1433 1602 1491 ωδ
1649 1434 1750 1509 γὰρ
1779 1432 1923 1488 ἐνθυ-

274 1535 503 1605 μοῦνται
591 1529 644 1581 οἱ
717 1531 824 1581 τῶν
881 1524 1276 1600 ἐργαστηρίων,
1341 1523 1392 1578 οἷ
1474 1527 1572 1579 τοῦ
1630 1522 1922 1599 ἀγροτικοῦ

274 1620 422 1697 βίου,
450 1616 502 1672 οἷ
528 1623 629 1687 τῆς
661 1615 1021 1691 χειρομάχου
1050 1613 1330 1686 πληθύος,
1379 1611 1435 1668 οῗ
1473 1609 1651 1688 χύδην
1703 1610 1921 1687 προκεί-

278 1728 455 1782 μενοι,
488 1707 540 1760 oi
582 1708 784 1780 ψωμοῦ
843 1701 1177 1777 ὀποδόμενοι
1230 1704 1329 1771 τήν
1381 1701 1570 1778 τρίχα,
1604 1700 1655 1756 οἱ
1683 1705 1791 1756 τῶν
1821 1701 1924 1774 ἀμ-

279 1796 486 1871 μάτων,
522 1795 574 1849 οἱ
627 1797 736 1848 τῶν
798 1791 1123 1869 βαμμάτων,
1184 1790 1348 1846 πόλιν
1415 1789 1752 1866 γραμμάτων
1787 1787 1920 1844 ὲκεί-

272 1907 370 1955 νην
403 1879 775 1955 πολύκλυτον,
807 1878 845 1950 ἤ
896 1881 987 1936 καὶ
1039 1879 1173 1950 αύτή
1235 1876 1596 1956 παραδέδοται
1634 1882 1770 1951 ἡμῖν
1807 1898 1820 1911 ·
1853 1875 1918 1948 ἤν

276 1972 394 2030 δέον
430 1970 634 2043 ζηλοῦν
686 1969 905 2042 αὐτοὺς,
959 1970 1048 2025 καὶ
1109 1968 1159 2024 ἐν
1211 1973 1347 2044 αυτῇ
1397 1967 1923 2043 πολιτογραφεῖσθαι

274 2063 420 2126 θείας
443 2062 608 2138 χάριν
667 2057 881 2137 σοῳίας,
938 2055 1008 2113 δι’
1038 2058 1106 2127 ἧς
1153 2059 1221 2113 τά
1265 2078 1325 2113 τε
1353 2058 1468 2112 θεῖα
1505 2054 1924 2135 ῳιλοσοφούσης

273 2151 367 2207 καὶ
393 2154 462 2206 τὰ.
511 2150 631 2205 κατ’
679 2148 1024 2224 ἀνθρώπους,
1080 2146 1323 2203 ἐνοῦνται
1375 2151 1455 2220 τῷ
1505 2150 1620 2219 Θεῴ
1665 2147 1716 2201 οἱ
1747 2146 1924 2218 ἀρθῶς

277 2240 365 2294 καὶ
412 2237 646 2300 ἐντελῶς
721 2237 870 2309 αύτῷ
946 2237 1401 2311 προσανέχοντες,
1476 2233 1602 2291 ἀλλ’
1656 2235 1809 2291 αὐτοὶ
1862 2235 1924 2290 τὸ

279 2326 632 2403 ἀγράμματον
709 2329 1122 2403 προαιροῦνται,
1199 2324 1290 2381 καὶ
1364 2323 1645 2386 παντελῶς
1723 2321 1928 2380 ἰδιωτι-

276 2417 372 2471 κόν
409 2435 422 2448 ·
470 2415 614 2491 τάχα
657 2416 751 2490 μὲν
799 2414 1197 2488 ἐνθυμούμενοι
1245 2414 1333 2469 καὶ
1380 2415 1443 2469 τό
1478 2434 1491 2449 ο
1544 2437 1573 2467 α
1629 2413 1780 2471 Ἐπεὶ
1830 2412 1930 2469 οὐκ

277 2499 449 2581 ἔγνων
529 2503 933 2583 γραμματείας,
1019 2501 1394 2577 εἷ’σελεύσομαι
1490 2503 1545 2558 ἐν
1629 2507 1710 2575 τῷ
1789 2500 1928 2576 οἷθιῳ

276 2594 503 2671 Κυρίου.
556 2618 585 2646 ››
642 2593 746 2652 Καὶ
804 2591 1013 2658 ἀθλίως
1070 2592 1463 2670 παρανουὸντες
1518 2592 1581 2647 τὸ
1640 2591 1924 2647 Δαυϊτικὸν

2019 632 2215 686 tamen
2248 646 2282 685 a
2305 628 2508 685 limine
2538 628 2831 701 repellunt
2864 648 2877 685 :
2911 629 3215 701 etinjuriis
3245 629 3510 703 lapidum
3540 630 3666 688 loco

2021 719 2335 790 impetunt.
2369 719 2435 774 Et
2463 735 2597 774 cum
2628 717 2897 774 inutilem
2928 718 3039 774 sibi
3089 720 3210 774 fore
3264 720 3422 774 hunc
3477 720 3666 777 homi-

2023 824 2158 863 nem
2215 812 2611 879 cognoverunt
2640 807 2968 879 (hominum
2999 808 3156 864 enim
3190 810 3519 865 litterarum
3551 827 3667 866 non

2023 895 2286 969 indigere
2310 895 2938 965 monasterium),latas
2959 897 3179 968 januas
3210 898 3483 970 aperiunt
3509 897 3670 954 inur-

2024 986 2217 1054 banis,
2249 1002 2466 1058 eosque
2497 985 2651 1040 intra
2676 989 2910 1042 sanctas
2935 987 3088 1043 aedes
3148 986 3352 1042 sinunt
3382 987 3670 1056 habitare,

2026 1077 2229 1148 procul
2261 1074 2461 1131 missis
2491 1074 2798 1147 discipulis
2826 1075 3063 1132 Domini
3095 1075 3196 1149 qui
3227 1076 3384 1133 docti
3424 1092 3671 1150 evange-

2026 1165 2102 1221 lio
2134 1165 2193 1221 in
2219 1182 2467 1236 regnum
2497 1164 2776 1221 cmiorum
2834 1182 2983 1221 nova
3038 1169 3096 1222 et
3149 1170 3343 1223 vetera
3381 1166 3674 1223 aii‘errent.

2027 1254 2156 1311 Non
2210 1255 2368 1311 enim
2422 1252 2691 1310 homines
2737 1254 3192 1327 ergastulorum,
3225 1272 3523 1327 agrorum,
3558 1272 3672 1311 non

2028 1345 2214 1401 turbae
2245 1361 2373 1416 quae
2405 1343 2619 1415 pugnis
2650 1343 2913 1411 dimicat,
2946 1362 3072 1416 quae
3131 1345 3352 1416 passim
3407 1349 3673 1417 vagatur,

2031 1451 2158 1506 quas
2206 1433 2449 1507 capillos
2510 1433 2756 1490 frustulo
2818 1434 2987 1506 panis
3043 1434 3262 1504 vendit,
3291 1434 3561 1490 homines
3592 1433 3676 1489 illi

2032 1525 2143 1597 (15)
2173 1529 2232 1580 et
2260 1540 2402 1579 acus
2448 1540 2578 1578 eam
2636 1522 2934 1596 egregiam
2991 1522 3283 1579 civitatem
3344 1522 3674 1578 litterarum

2032 1612 2478 1685 concupiscunt.
2512 1629 2639 1684 quae
2672 1611 2843 1668 nobis
2869 1620 3070 1684 aperta
3098 1616 3188 1668 est
3219 1629 3233 1666 ε
3262 1629 3388 1667 eam
3420 1628 3679 1683 quaerere

2032 1703 2344 1770 debebant,
2376 1706 2432 1757 et
2462 1700 2521 1756 in
2556 1717 2625 1757 ea
2645 1702 2748 1772 jus
2780 1701 3032 1756 civitatis
3089 1700 3389 1771 acquirere
3444 1704 3681 1773 propter

2032 1790 2381 1864 sapientiam
2414 1807 2533 1862 qua
2580 1790 2824 1847 docente
2882 1789 3146 1845 humana
3202 1795 3261 1844 et
3313 1789 3511 1845 divina
3570 1791 3679 1846 Deo

2034 1881 2319 1936 uniuntur
2347 1878 2620 1935 homines
2651 1884 2804 1935 recte
2834 1883 2889 1935 et
2918 1877 3170 1951 perfecte
3199 1876 3253 1934 ei
3283 1877 3680 1934 adhaerentes:

2036 1970 2139 2027 sed
2167 1969 2563 2042 ignorantiam
2596 1972 2653 2025 et
2681 1984 2877 2024 veram
2932 1966 3228 2024 insaniam
3284 1966 3398 2039 ipsi
3458 1983 3684 2039 praepo-

2034 2058 2456 2127 nunt,1‘orsitan
2485 2056 2854 2114 intendentes
2881 2058 2938 2117 in
2967 2057 3115 2112 illud
3149 2074 3162 2112 :
3199 2082 3221 2110 ι
3252 2056 3539 2122 Quoniam
3568 2072 3685 2112 non

2035 2147 2277 2221 cognovi
2317 2147 2736 2215 litteraturam,
2795 2146 3047 2202 introibo
3104 2145 3165 2201 in
3223 2144 3514 2218 potentias
3572 2144 3686 2201 Do—

2036 2236 2184 2293 mini
2217 2238 2293 2306 “,
2320 2258 2350 2289 »
2384 2242 2441 2292 et
2471 2236 2709 2292 verbum
2769 2235 3006 2292 Davidis
3065 2233 3217 2290 male
3269 2232 3685 2305 intelligentes,

2038 2342 2192 2398 saepe
2220 2326 2398 2382 etiam
2453 2343 2518 2382 ex
2587 2323 2890 2381 versiculis
2948 2323 3334 2395 sequentibus
3394 2321 3554 2376 istud
3609 2319 3689 2376 la-

2036 2414 2150 2473 biis
2208 2414 2657 2489 pronuntiantes
2691 2430 2705 2468 :
2742 2436 2770 2465 ‹‹
2805 2411 3131 2485 Discipulos
3175 2412 3443 2467 indoctos
3478 2426 3490 2463 :
3522 2430 3550 2461 »
3584 2425 3689 2464 ne-

2038 2521 2152 2577 que
2178 2505 2382 2561 statim
2413 2503 2559 2561 illud
2591 2503 2936 2576 adjicientes
2990 2519 3004 2558 :
3061 2524 3089 2552 «
3149 2501 3361 2559 Doctos
3412 2497 3603 2556 fecisti
3657 2518 3687 2550 »

2035 2593 2261 2650 Christe
2292 2594 2467 2651 Deus.
2502 2616 2531 2646 »

283 2684 656 2760 προφέροντες
686 2679 744 2737 δὲ
769 2685 837 2738 τὰ
857 2680 1032 2738 πλείω
1061 2680 1148 2737 ἐπὶ
1199 2678 1453 2759 γλώττης
1483 2680 1574 2737 καὶ
1625 2680 1689 2737 ἐκ
1731 2685 1839 2736 τῶν
1885 2679 2167 2757 ἐσύστερον
2213 2679 2579 2757 ψαλλομένων
2627 2679 2690 2740 τό
2723 2705 2736 2719 ·
2771 2708 2799 2738 ‹‹
2823 2682 2964 2748 Τοὺς
2994 2684 3389 2760 ἀγραμμάτους
3420 2682 3694 2759 μαθητάς.

279 2798 311 2828 α
338 2773 416 2848 μὴ
446 2769 1017 2848 προσεπισονείροντες
1051 2767 1109 2826 δὲ
1137 2769 1327 2827 αὐτίκα
1355 2770 1443 2826 καὶ
1471 2769 1535 2826 τό
1567 2790 1579 2803 ·
1617 2794 1646 2823 ‹‹
1675 2766 1972 2835 Παιδευτάς
2000 2768 2321 2843 ἀνέδδειξας,
2350 2775 2564 2849 Χριστέ,
2596 2776 2624 2830 ὁ
2655 2773 2806 2838 Θεός.
2839 2797 2870 2826 ››

351 2863 486 2938 ρκζπ
519 2859 657 2918 Εἷπὲ
694 2882 811 2935 μοι,
845 2857 890 2914 ὦ
934 2860 1233 2936 θεωρητικὲ
1285 2860 1513 2935 μοναχὶ,
1564 2858 1928 2936 ἀγράμματος

281 2947 355 3005 ὣν
389 2948 441 3012 ἐς
468 2948 531 3004 τὸ
558 2954 664 3004 πᾶν
693 2948 764 3023 (τί
805 2946 863 3004 δέ
920 2967 1015 3022 μοι
1061 2947 1146 3003 ἐπὶ
1198 2948 1256 3003 σὲ
1304 2947 1603 3004 ἀποτείνειν
1631 2948 1724 3003 τὸν
1760 2947 1928 3022 λόγον

281 3036 358 3100 εἷς
402 3035 554 3092 κενόν
590 3038 629 3111 ;)
689 3035 837 3092 ἀλλὰ
900 3041 1029 3113 γοῦν
1105 3036 1590 3114 ὀλιγογράμματος
1655 3037 1814 3112 (πρὸς
1873 3036 1932 3092 σὲ

281 3126 386 3201 γὰρ
416 3121 529 3181 ἔστι
557 3146 640 3188 τις
676 3124 863 3202 λόγος)
896 3145 908 3158 ”
962 3126 1100 3199 πρὸς
1145 3123 1203 3181 δὲ
1229 3127 1318 3181 καὶ
1355 3131 1457 3196 ζῶν
1494 3128 1710 3203 βιοτὴν,
1744 3125 1932 3182 ὁποίαν

280 3209 508 3289 τρίϐεις,
554 3214 631 3278 ὡς
682 3214 966 3288 ἔεθέμεθα
998 3235 1010 3248 ·
1067 3216 1192 3270 τίνα
1244 3215 1519 3272 παισεύειν
1550 3213 1931 3277 ἀποστολικῶς

2116 2863 2235 2918 127.
2270 2864 2369 2919 Dic
2400 2864 2567 2931 mihi,
2613 2866 2867 2922 theorice
2924 2864 3230 2933 monache,
3290 2864 3393 2938 qui
3448 2865 3689 2922 omnino

2039 2951 2352 3010 illiteratus
2400 2971 2463 3011 es
2510 2955 2632 3027 (sed
2668 2955 2808 3027 quid
2842 2953 2986 3009 mihi
3012 2970 3345 3011 sermonem
3379 2954 3437 3009 in
3466 2970 3688 3010 vanum

2040 3042 2438 3115 extendere?),
2469 3043 2682 3100 saltem
2715 3043 2814 3116 qui
2867 3060 3054 3116 pauca
3108 3043 3430 3117 cognovisti
3486 3042 3568 3113 (in
3632 3048 3686 3100 te

2041 3130 2198 3186 enim
2226 3131 2425 3203 aliqua
2456 3139 2546 3188 est
2570 3132 2862 3202 scientia),
2891 3132 2989 3204 qui
3021 3133 3262 3203 insuper
3309 3133 3487 3189 vitam
3536 3132 3684 3205 agis,

2042 3224 2109 3275 ut
2164 3219 2443 3288 diximus,
2504 3238 2677 3294 quem
2725 3222 3020 3277 hominem
3052 3221 3271 3293 poteris
3300 3221 3520 3276 bonum
3552 3237 3692 3292 apo-

281 3302 503 3360 δύνασαι
549 3302 628 3366 εἰς
682 3303 877 3379 ἀγαθόν
912 3323 926 3374 ;
959 3304 1031 3361 Ἢ
1072 3305 1285 3369 πάντως
1342 3302 1571 3374 διδάξεις
1633 3305 1750 3378 μὲν,
1782 3303 1929 3374 πλὴν

2046 3308 2251 3365 stolice
2280 3309 2566 3366 edocere?
2599 3315 2714 3367 Aut
2743 3310 2914 3383 plane
2942 3311 3198 3379 docebis,
3230 3311 3333 3366 sed
3383 3327 3497 3366 non
3547 3326 3692 3381 quo-

278 3393 353 3458 ὡς
384 3391 484 3448 οὐκ
530 3391 711 3467 ἀγαπᾳ
762 3393 790 3446 ὁ
841 3390 1007 3455 Θεός·
1058 3390 1364 3456 παιδεύσεις
1413 3394 1631 3456 πάντως
1677 3393 1744 3449 τὰ
1786 3390 1933 3449 ἄλλα

277 3481 470 3552 πάντα,
501 3480 651 3551 πλὴν
681 3485 780 3536 τοῦ
838 3482 1088 3555 μονάζειν
1122 3491 1137 3516 ⁸
1179 3481 1515 3559 καταρτίζεις
1559 3482 1651 3537 τὸν
1685 3484 1934 3555 μαθητὴν

282 3571 572 3628 ἀναπατεῖν
633 3570 806 3646 συχνά
850 3571 998 3646 ποιρά
1046 3570 1145 3634 τὰς
1203 3570 1543 3650 λεωφόρους,
1600 3570 1931 3648 προκύπτειν

280 3659 389 3716 ἔσω
447 3663 649 3735 θυρῶν,
709 3659 907 3716 ὁπόσαι
965 3657 1316 3717 διαπὸτανται
1380 3661 1456 3724 εἷς
1516 3659 1743 3737 θεωρίαν
1795 3658 1935 3717 ἑτοί-

285 3771 419 3825 μην,
479 3747 792 3826 φιλίοῦσθαι
841 3750 1318 3825 παρατυγχάνουσι
1379 3748 1595 3813 λα’ίκοῖς
1652 3749 1729 3812 εἰς
1760 3748 1933 3820 ἐπιξέ-

279 3859 442 3912 νωμα
474 3857 487 3870 ·
550 3831 901 3913 ἀκριϐοῦσθαι
972 3839 1041 3893 τὰ
1110 3845 1211 3909 τῆς
1289 3838 1487 3916 ἀγορᾶς
1521 3858 1535 3873 ·
1610 3837 1935 3903 ἐνεθίαεσθαι

283 3926 554 4001 λοετροῖς,
610 3926 689 3988 οἷς
745 3927 871 4002 πρὶν
930 3928 1032 3983 οὐκ
1090 3927 1313 4001 ἒθάμιζε
1345 3948 1359 3962 ·
1421 3926 1707 4003 διακρίνειν
1762 3927 1938 4001 οἷ’νου,

280 4014 367 4078 τίς
411 4015 506 4088 μὲν
562 4013 880 4091 εὐπρόσιτος
938 4015 1015 4079 εἰς
1066 4020 1270 4093 γεῦσιν,
1323 4015 1406 4079 τίς
1460 4014 1519 4072 δὲ
1547 4015 1609 4072 οὐ
1640 4017 1886 4092 χρηστός
1920 4037 1934 4052 ·

278 4102 372 4159 xui
403 4104 534 4159 αὐτὸ
571 4104 639 4160 τά
695 4102 883 4160 πολλά
941 4102 1066 4161 οὐδὲ
1120 4104 1197 4168 εἷς
1259 4105 1559 4161 ἀπόλαυσιν
1593 4106 1694 4176 τὴν
1724 4104 1936 4179 ἁπλῶς,

281 4190 410 4248 ἀλλ’
434 4188 584 4248 τίναὸ
643 4194 771 4269 πρὶν
826 4194 904 4268 μή
954 4194 1353 4271 πεπειραμὶνος
1410 4191 1562 4249 οἶίνου
1623 4191 1764 4267 μηδὲ
1802 4190 1935 4270 ἄχρι

280 4285 409 4358 γοῦν
438 4278 618 4357 ὀδμῆς
648 4287 741 4338 νῦν
788 4283 1095 4359 ἀρτιμαθὴς
1148 4282 1313 4339 αὐτοῦ
1358 4284 1577 4358 γένηται
1610 4283 1749 4360 πρὸς
1782 4294 1933 4359 θερα-

284 4369 439 4426 πείαν
493 4392 611 4444 σου,
666 4376 768 4427 τοῦ
846 4372 1091 4448 μεγάλου
1151 4364 1411 4448 Πατρόςέ
1466 4369 1937 4449 προσεπιδιδάξεις

286 4457 347 4516 δὲ
403 4459 585 4529 αὐτὸν,
642 4463 730 4516 καὶ
781 4461 963 4526 ἀτενὲς
1024 4460 1268 4537 βλέπειν,
1339 4463 1428 4517 καὶ
1477 4462 1666 4537 τρανές
1724 4459 1938 4535 λαλεῖν,

279 4549 375 4606 καὶ
432 4548 768 4619 ἀντιλαλεῖν,
824 4551 914 4606 καί
970 4572 1077 4607 που
1105 4551 1197 4607 καὶ
1255 4551 1626 4629 θρασύνεσθαι,
1659 4551 1748 4606 καὶ
1776 4572 1940 4606 κατα-

2042 3399 2213 3453 modo
2259 3404 2419 3453 amat
2470 3399 2662 3469 Deus;
2721 3417 2857 3455 cum
2910 3400 3111 3455 omnia
3168 3405 3378 3456 caetera
3433 3398 3692 3466 docebis,

2043 3503 2162 3543 non
2216 3493 2415 3543 autem
2471 3489 2892 3545 monasterium
2923 3490 3297 3545 servandum.
3332 3488 3697 3560 Discipulum

2045 3576 2244 3632 erudis
2276 3577 2613 3650 frequenter
2642 3594 2835 3634 errare
2863 3596 2966 3652 per
2994 3579 3139 3650 vias,
3197 3577 3487 3651 inspicere
3547 3578 3702 3638 intra

2047 3670 2251 3738 portas
2282 3682 2409 3738 qua:
2439 3671 2651 3738 apertae
2701 3672 2863 3735 sunt,
2924 3672 2985 3724 et
3038 3673 3251 3740 parata:
3308 3667 3698 3737 intuentibus,

2048 3755 2326 3825 conjungi
2381 3755 2621 3811 cuilibet
2676 3756 2825 3812 laico
2859 3757 2918 3812 in
2960 3756 3435 3828 .zospitalitatem,
3468 3757 3705 3828 negotia

2047 3843 2308 3900 forensia
2338 3844 2590 3915 perfecte
2620 3862 2879 3913 noscere,
2922 3862 3258 3902 assuescere
3304 3845 3532 3901 balneis
3578 3863 3702 3915 quae

2049 3931 2216 4002 prius
2267 3950 2385 3988 non
2442 3934 2854 4006 frequentabat
2913 3952 2926 3990 :
2986 3935 3120 3991 vina
3170 3935 3502 4006 degustare,
3539 3951 3703 4006 quea-

2049 4036 2188 4075 nam
2220 4020 2342 4076 sint
2361 4025 2540 4094 gustu
2571 4022 2793 4090 suavia,
2829 4040 3098 4094 quaenam
3153 4023 3481 4095 injucunda
3540 4039 3552 4078 :
3614 4022 3703 4078 id-

2050 4124 2164 4181 que
2222 4126 2375 4180 saepe
2421 4126 2536 4165 non
2595 4110 2668 4165 ad
2726 4112 3043 4167 fruendum
3103 4111 3474 4183 simpliciter,
3506 4112 3609 4169 sed
3642 4115 3709 4167 ut

2052 4197 2154 4270 qui
2187 4199 2470 4254 hactenus
2502 4199 2743 4271 ignarus
2773 4200 2892 4255 vini
2923 4200 3240 4272 odorisque
3293 4201 3421 4273 ejus
3471 4218 3703 4256 reman-

2051 4292 2210 4342 serat
2266 4286 2411 4343 illud
2467 4304 2623 4344 nunc
2653 4294 2971 4361 cognoscat
2999 4289 3071 4345 ad
3105 4290 3567 4346 ministrantium
3596 4289 3705 4345 tibi

2051 4392 2263 4447 magno
2324 4376 2725 4433 Patri:illum
2786 4382 3062 4449 praeterea
3119 4379 3327 4435 edoces
3383 4378 3584 4435 oculos
3641 4378 3700 4433 in

2050 4480 2175 4520 rem
2270 4465 2521 4537 defigere
2564 4509 2579 4534 ,
2661 4466 3011 4524 tiducialiter
3099 4467 3320 4540 loqui,
3388 4466 3652 4524 contradi
3687 4497 3708 4510 -

2051 4569 2200 4620 cere,
2234 4570 2536 4626 procacem
2568 4571 2718 4625 esse,
2768 4555 3002 4626 injuriis
3059 4557 3341 4612 dimicare
3393 4574 3463 4613 ea
3512 4559 3712 4614 omnia

281 4634 519 4712 ψάλλειν
547 4635 787 4715 ὕϐρεσιν,
847 4640 1165 4705 ἀπεναντίας
1219 4646 1389 4697 ταῦτα
1439 4640 1632 4710 πάντα,
1667 4639 1748 4703 οἶς
1780 4640 1929 4704 αὐτὸς

2051 4643 2344 4699 contraria
2375 4659 2441 4698 ac
2472 4644 2818 4716 promisisti.
2839 4646 3140 4702 Permittis
3175 4663 3418 4702 manum
3448 4646 3713 4703 attollere

283 4726 478 4797 ἑτάξω.
509 4729 521 4748 ’
563 4731 799 4808 Ecgrice-.4
854 4726 913 4785 δὲ
966 4730 1056 4786 καὶ
1132 4737 1322 4806 χεῖρας
1405 4726 1575 4804 αἶ’ρειν
1648 4729 1727 4792 εἷς
1781 4727 1933 4785 οὐδὲν

282 4813 444 4890 ἅγιον
475 4833 487 4847 ·
520 4818 612 4872 καὶ
674 4818 944 4894 βακτηρίᾳ
994 4819 1108 4892 μὶν,
1141 4816 1336 4874 οὔκουν
1399 4813 1588 4894 ῥάϐδῳ
1637 4815 1695 4873 δὲ
1744 4815 1942 4895 σιδηρᾷ

282 4911 614 4981 κεχρῆσθαι,
651 4907 760 4985 οὐχ
801 4907 875 4969 ὡς
927 4907 1005 4972 εἰς
1048 4906 1339 4981 ποίμανσιν
1387 4907 1680 4978 πατρικὴν,
1712 4905 1841 4962 ἀλλ’
1869 4907 1942 4970 ὡς

286 4993 368 5055 εἷς
398 5012 474 5066 πη
486 4996 658 5069 μονὴν
694 4997 1013 5073 Λῃστρικήν.

370 5085 510 5161 ρκη’.
598 5089 830 5140 Τοιαῦτα
906 5084 968 5139 σὺ
1025 5080 1406 5155 ἀντιδιδάξεις,
1472 5085 1500 5139 ὁ
1585 5085 1945 5160 ἀγράμματος

296 5173 561 5252 μοναχὸς,
616 5174 829 5250 ἑτεροῖα
876 5169 1034 5249 μόνα,
1081 5174 1218 5250 πρὸς
1271 5170 1404 5248 ἅπερ
1439 5172 1598 5236 αὐτὸς
1628 5171 1945 5249 παρηγγελ-

364 5357 411 5391 ²⁴
441 5354 595 5412 Psal.
630 5372 758 5424 ωτι,
792 5355 879 5410 16.

366 5532 480 5607 (14)
521 5534 929 5607 Laestrygones,
989 5531 1242 5607 populus
1295 5531 1632 5605 Campania
1692 5530 1957 5589 moribus

294 5605 497 5661 ferinis
526 5605 802 5674 infamis;
837 5621 1069 5661 carnem
1104 5605 1424 5661 humanam
1449 5607 1699 5661 edebant
1721 5608 1947 5674 (Home-

297 5693 422 5745 rus,
455 5675 718 5745 Ovidius,
750 5685 807 5734 et
835 5678 1128 5744 Horatus).

371 5749 487 5823 (15)
516 5748 795 5809 Homines
822 5750 907 5809 illi
937 5754 995 5809 et
1024 5765 1165 5808 acus
1197 5765 1212 5807 :
1244 5747 1340 5806 hic
1396 5746 1742 5807 Eustathius
1799 5746 1951 5807 indit

2050 4733 2121 4787 ad
2156 4731 2305 4811 nihil
2331 4738 2625 4799 sanctum,
2658 4737 2715 4788 et
2742 4732 2974 4804 baculo,
3007 4733 3093 4790 vel
3130 4734 3319 4807 magis
3345 4734 3533 4791 ferrea
3560 4735 3716 4808 virga

2053 4821 2139 4875 uti
2173 4838 2287 4875 non
2320 4821 2392 4877 ad
2425 4826 2733 4893 paternum
2768 4823 3070 4891 ducatum,
3124 4826 3224 4879 sed
3285 4823 3357 4880 ad
3415 4822 3686 4880 latrocini

2055 4909 2302 4965 malum.

2130 5086 2251 5142 128.
2287 5085 2416 5141 Haec
2446 5084 2705 5152 docebis,
2760 5103 2791 5141 ο
2851 5086 3134 5143 monache
3194 5086 3513 5152 illitterate,
3571 5103 3709 5143 con-

2057 5174 2241 5230 traria
2287 5175 2372 5231 eis
2403 5191 2530 5246 quae
2563 5173 2862 5246 pollicitus
2894 5192 2955 5231 es
2986 5181 3043 5232 et
3072 5176 3424 5249 spondidisti
3458 5192 3709 5233 servare.

2066 5531 2421 5609 in_vocibus,
2451 5531 2721 5609 ἁμμάτων
2749 5531 3047 5609 βαμμάτων
3080 5532 3524 5609 θίιγραμμάτων.
3575 5536 3713 5593 Dum

2060 5604 2261 5682 primae
2317 5621 2479 5682 saepe
2521 5604 2905 5676 copulantur,
2965 5604 3422 5680 significan'tque
3479 5611 3714 5682 preprie

2059 5677 2281 5733 nodum
2314 5684 2370 5733 et
2398 5681 2688 5732 saturam.
