4060 6370
377 439 492 499 835

1141 433 1567 497 EUSTATHII
1613 429 1866 492 THESS
1880 435 1917 487 Α
1932 428 2392 493 LONICENSIS
2436 432 3029 494 METROPOLITE

3678 437 3820 499 836

376 570 481 636 Qui
515 569 773 643 praticus
806 585 922 624 non
966 585 1028 624 es
1082 567 1304 637 (divina
1359 565 1516 621 enim
1573 581 1701 633 vox,
1759 563 2020 634 nihilque

2144 560 2302 633 μένος
2331 561 2700 640 ὡμολόγησας
2728 564 2830 633 τήν
2870 563 3045 618 αὐτῶν
3101 563 3350 642 φυλακήν
3387 584 3400 599 ·
3435 567 3463 621 ὁ
3495 571 3817 644 πρακτικὸς

377 661 481 716 tibi
539 658 839 732 congrua),
899 659 996 712 sed
1062 657 1390 727 negotiator
1446 660 1502 710 et
1543 657 1869 720 mercator;
1903 651 2026 706 sive

377 752 474 825 qui
510 767 595 816 es,
628 767 740 804 non
775 749 964 803 dicam
997 745 1421 811 theoricus,sed
1454 748 1747 816 spectator
1777 740 2025 797 forensis

375 843 720 916 saepissime,
756 840 1042 911 siquidem
1078 843 1349 892 naturam
1400 853 1590 907 neque
1634 835 1775 900 oris,
1837 848 2027 905 neque

377 931 491 986 reis
547 946 738 996 curas,
804 943 987 998 neque
1020 930 1236 982 tractas
1269 926 1338 979 de
1370 923 1682 996 theologia,
1717 939 1904 995 neque
1936 923 2024 976 in-

377 1019 524 1074 dolis
558 1033 747 1072 mores
780 1016 1086 1083 reformas,
1119 1031 1323 1070 omnes
1354 1013 1536 1068 libros
1590 1011 1826 1085 projicis
1876 1027 2008 1083 quo-

377 1124 628 1178 cumque
682 1105 1014 1170 inciderint,
1067 1108 1132 1158 ut
1163 1107 1439 1158 maneant
1471 1119 1574 1174 pro
1604 1105 1661 1156 te
1692 1099 1935 1155 solitarii
1967 1103 2025 1155 et

375 1196 634 1262 silentes,
667 1195 744 1265 fet
791 1211 904 1248 non
967 1193 1085 1248 sint
1145 1192 1513 1246 intuentibus
1565 1190 2018 1262 impedimento;

374 1301 580 1339 sensus
632 1288 765 1338 tuos
824 1281 1129 1352 distrahis,
1180 1297 1294 1352 quo
1329 1279 1639 1352 prohibent
1672 1279 1768 1334 Dei
1804 1294 2024 1334 sermo-

374 1391 496 1442 nes,
531 1389 681 1444 quos
710 1371 839 1427 ideo
871 1371 1128 1425 arbitror
1164 1369 1356 1426 claudi
1418 1373 1473 1425 et
1528 1368 1728 1441 repelli
1790 1385 1862 1423 ne
1917 1384 2022 1422 vox

370 1481 438 1520 ex
494 1462 578 1517 eis
639 1460 785 1516 mire
836 1461 1039 1514 audita
1068 1463 1197 1513 acta
1227 1463 1329 1513 tua
1359 1458 1443 1514 eis
1477 1458 1767 1513 conlraria
1796 1460 2022 1529 arguat.

369 1553 440 1607 Et
471 1552 609 1625 quid
647 1550 796 1617 dico,
830 1549 1100 1620 repellit?
1131 1548 1371 1616 Vendis,
1407 1551 1466 1602 et
1517 1547 1626 1602 hoc
1686 1546 1906 1600 bonum
1965 1546 2023 1600 in

371 1642 599 1696 lucrum
634 1643 958 1712 permutes,
987 1637 1158 1710 quasi
1191 1638 1390 1693 audito
1425 1635 1680 1708 maligno
1715 1636 1784 1691 ad
1819 1639 1874 1690 te
1905 1634 2023 1690 cla-

373 1735 612 1785 mante:
649 1752 676 1779 ‹‹
709 1727 907 1782 Vende
935 1743 1082 1798 quos
1125 1726 1307 1782 habes
1361 1725 1562 1791 libros,
1622 1725 1827 1797 eisque
1873 1724 2026 1778 sicut

368 1818 621 1874 volueris
679 1815 1034 1882 distributis,
1093 1816 1244 1884 veni,
1302 1831 1548 1884 sequere
1607 1830 1702 1869 me
1748 1814 1813 1868 ³⁵.
1847 1813 2024 1868 nHac

2140 649 2233 721 μὶν
2300 647 2492 706 οὔκουν
2547 653 2689 722 (θεία
2737 653 2840 730 γὰρ
2918 650 3053 724 αὕτη
3106 652 3273 726 λέξις,
3335 655 3425 710 καὶ
3487 655 3643 713 οὐδὲν
3711 681 3810 716 σοι

2135 742 2529 814 προσήκουσα),
2583 741 2956 816 πραγματικὸς
3017 742 3201 814 μέντοι
3257 743 3350 798 καὶ
3410 744 3716 820 ἐμπορικός
3788 792 3803 805 .

2135 828 2224 883 καὶ
2257 829 2588 903 θεωρητικὸς
2623 830 2716 903 μὲν
2766 830 2865 885 οὐκ
2915 828 2974 884 ἂν
3025 827 3258 904 εῗίποιμι,
3293 834 3556 909 θεωρικὸς
3592 833 3652 891 δὲ
3703 840 3802 893 καὶ

2138 916 2396 994 ἀγοραῖος
2458 918 2534 979 ὡς
2591 919 2658 972 τὰ
2711 917 2917 988 πολλὰ,
2967 922 3061 974 οἷα
3117 923 3256 994 μήτε
3287 921 3443 999 φύσιν
3503 923 3799 1004 πολυπρα-

2138 1011 2363 1082 γμονῶν
2395 1004 2432 1076 ἤ
2464 1008 2773 1083 προσώπων
2809 1006 2845 1077 ἤ
2897 1009 3256 1085 πθαγμάτων,
3312 1032 3452 1082 μητε
3503 1013 3800 1091 θεολογίαν

2140 1095 2509 1171 ἷσχνολογῶν,
2573 1100 2712 1168 μήτε
2780 1096 3040 1171 ἁρμονίαν
3116 1095 3284 1168 ἤθους
3341 1099 3796 1177 ῥυθμιζόμενος·

2137 1186 2227 1240 καὶ
2289 1180 2480 1261 βίϐλον
2545 1186 2637 1259 μὲν
2686 1183 2892 1240 ἅπασαν
2944 1182 3267 1262 παραϐὖων,
3324 1188 3452 1245 ὅποι
3507 1191 3667 1269 τύχῃ,
3719 1195 3798 1260 ὡς

2138 1275 2254 1330 ἀντὶ
2300 1279 2395 1329 σοῦ
2452 1274 2700 1348 μονάζειν
2760 1275 2928 1344 αὖτήν
2977 1277 3382 1352 ἠσυχάζουσαν,
3415 1281 3506 1334 καὶ
3553 1283 3624 1354 μὴ
3677 1304 3782 1337 πα-

2136 1363 2402 1440 ρέχουσαν
2453 1364 2745 1440 πράγματα
2796 1369 2912 1427 τοῖς
2962 1370 3238 1438 μετιοῦσιν
3270 1385 3283 1398 ’
3344 1367 3670 1446 ἀπασχολῶν
3722 1369 3778 1426 δὲ

2132 1454 2230 1517 τὰς
2259 1452 2310 1508 ἐν
2341 1454 2426 1508 σοὶ
2457 1453 2755 1526 αἷσθήσεις,
2806 1451 2931 1508 ἔνθα
2992 1455 3070 1528 μή
3119 1454 3496 1511 ἐπιτάσσουσιν
3550 1461 3604 1513 οἱ
3643 1460 3786 1534 ἱεροὶ

2138 1543 2332 1617 λόγον
2381 1541 2471 1606 οὓς
2531 1544 2682 1616 οἶμαι
2745 1544 2836 1598 καὶ
2898 1540 2968 1598 δι’
3000 1542 3130 1598 αὐτὸ
3187 1546 3530 1610 κατακλείεις
3586 1548 3678 1603 καὶ
3709 1549 3795 1604 ἐκ·

2136 1632 2338 1693 κλείεις
2392 1630 2484 1686 ’ίνα
2543 1634 2788 1705 μήποθεν
2847 1630 2898 1702 ἐξ
2975 1631 3149 1687 αὐτῶν
3209 1633 3575 1709 ἀπηχουμὲνη
3635 1640 3794 1715 φωνὴ

2137 1723 2273 1777 κατά
2309 1721 2361 1776 τί
2412 1721 2689 1798 τεράστιον
2737 1720 2998 1797 ἐξελέγχῃ
3051 1722 3146 1782 τὰς
3199 1723 3292 1784 σὰς
3341 1722 3592 1798 ἐργασίας
3648 1725 3801 1782 ἀντι-

2136 1809 2472 1886 πραττούσας
2517 1810 2720 1874 αὐτοῖς.
2765 1810 2864 1864 Καὶ
2917 1811 2971 1865 τί
3021 1810 3188 1884 λέγω,
3223 1810 3493 1874 ἐκκλείσις
3528 1834 3541 1884 ;
3577 1815 3797 1889 Ἀπεμ-

373 1905 684 1978 disciplina
709 1906 1013 1977 judaizare
1041 1904 1280 1970 videris,
1313 1905 1406 1976 qui
1442 1904 1549 1959 hoc
1605 1902 1862 1958 Verbum
1923 1902 2020 1963 Dei

2137 1899 2331 1962 πολεῖς
2389 1900 2484 1974 μὶν
2537 1898 2651 1972 οὖν,
2709 1899 3037 1971 καπηλεύων
3086 1901 3178 1955 καὶ
3235 1905 3397 1957 τοῦτο
3453 1903 3517 1958 τὸ
3565 1903 3793 1979 ἀγαθὸν,

370 1994 763 2053 substantiale
841 1999 898 2049 et
981 1991 1521 2067 superubstantiale
1589 1993 1834 2048 vendere
1905 2009 2022 2047 non

372 2085 591 2156 valens,
657 2085 830 2139 verba
897 2083 1023 2154 ejus
1079 2083 1262 2138 tradis
1319 2081 1779 2154 negotiatoribus
1839 2081 2023 2152 pretio

371 2175 610 2230 minime
631 2172 1028 2244 congruo,imo
1060 2173 1288 2243 exiguo;
1316 2171 1818 2243 quemodmodum
1855 2187 2018 2225 man-

367 2264 520 2336 cipia
551 2268 609 2319 et
642 2264 798 2318 fures
831 2262 1041 2317 timore
1078 2260 1333 2334 perculsi
1366 2259 1651 2332 pretiosas
1708 2263 1765 2315 et
1821 2259 2020 2331 magni

365 2352 537 2425 pretii
597 2367 878 2423 personas
927 2353 984 2404 et
1032 2349 1268 2405 divitias
1325 2348 1486 2420 parvi
1541 2347 1855 2403 aestimant.
1917 2347 2018 2402 Hei

369 2439 552 2497 mihi!
587 2440 1012 2496 Bibliothecam
1047 2437 1410 2508 monasterii,
1453 2454 1485 2492 o
1540 2436 1856 2505 illitterute,
1916 2454 2022 2492 cur

369 2537 485 2587 tum
510 2529 906 2603 intelligentiae
936 2527 1174 2601 aequasti
1194 2527 1221 2582 ?
1251 2527 1359 2592 Qui
1389 2525 1613 2581 litteras
1633 2528 1777 2598 :non
1839 2525 2012 2594 nosti,

370 2638 473 2675 cur
531 2636 656 2675 eam
711 2617 1122 2674 instrumentisl
1177 2617 1248 2672 ad
1307 2616 1630 2671 docendum
1693 2615 1868 2688 apitis
1919 2633 2015 2671 va-

369 2709 768 2766 cuasti?Sine
801 2707 1060 2780 pretiosa
1091 2706 1149 2761 in
1209 2723 1278 2761 ea
1333 2704 1525 2777 colligi
1587 2721 1602 2761 :
1663 2704 1856 2760 veniet
1911 2703 2016 2760 ali-

369 2801 501 2872 quis
568 2803 700 2870 post
761 2802 857 2867 te,
925 2797 1044 2852 sive
1109 2795 1338 2851 litteras
1404 2795 1684 2861 edoctus,
1752 2792 1872 2849 sive
1935 2793 2018 2848 di-

369 2888 566 2944 scendi
599 2887 872 2958 cupidus,
907 2886 1005 2956 qui
1041 2888 1278 2956 tempus
1311 2884 1366 2938 in
1400 2900 1468 2938 ea
1515 2899 1870 2937 consumens
1919 2900 2014 2938 sa-

368 2977 619 3050 pientior
677 2975 786 3030 erit
838 2992 870 3029 a
933 2973 1121 3047 primo
1181 2971 1509 3045 principio;
1562 2976 1620 3027 et
1676 2971 1820 3027 alter
1865 2971 2012 3026 inte-

368 3083 533 3140 gram
565 3064 952 3137 ignorantiam
985 3063 1228 3132 veritus,
1261 3061 1592 3117 desiderata
1622 3061 1680 3115 in
1730 3060 2010 3116 librorum

368 3154 765 3227 promptuario
822 3153 1102 3208 inveniet.
1163 3152 1229 3206 Et
1283 3154 1347 3206 tu
1405 3167 1584 3222 quam
1645 3150 1716 3204 ob
1770 3166 2009 3204 causam

367 3246 475 3300 hoc
510 3261 620 3300 non
655 3243 894 3298 tentes?
924 3247 980 3297 et
1012 3242 1318 3313 ingressus
1347 3239 1519 3312 plane
1567 3239 1751 3305 rudis,
1803 3238 2014 3294 studiis

2139 1988 2228 2047 καί
2283 2011 2400 2052 πως
2462 1990 2746 2044 ὑπακούων
2800 1994 2880 2063 τῷ
2935 1993 3161 2065 πονηρῷ
3217 1988 3599 2068 ὗποφωνοῦντί
3649 2015 3737 2048 σοι
3775 2013 3790 2027 ·

2138 2079 2467 2150 «ΙΙώλησον
2526 2079 2590 2133 τὰ
2649 2079 2968 2154 ὑπάρχοντά
3041 2100 3124 2133 σοι
3181 2079 3335 2135 ταυτὶ
3393 2075 3584 2156 βιϐλία
3627 2101 3640 2116 °
3696 2084 3790 2139 καὶ

2134 2168 2467 2241 δαπανήσας,
2523 2163 2647 2223 ἔνθα
2697 2167 2907 2241 βούλει,
2963 2167 3120 2242 δεῦρο
3170 2166 3456 2225 ἀκολούθει
3493 2192 3609 2244 μοι.
3643 2196 3672 2225 υ
3708 2171 3788 2227 Σὺ

2133 2259 2191 2315 δὲ
2246 2259 2336 2314 καὶ
2387 2255 2677 2327 ἰουδαΐζειν
2733 2254 2912 2320 δοκεῖς
2965 2261 3033 2331 τῇ
3087 2255 3314 2323 ἐνταῦθα
3365 2258 3653 2334 μαθητείᾳ,
3689 2261 3787 2316 τὸν

2135 2350 2230 2422 μὲν
2256 2353 2354 2404 τοῖ’)
2402 2351 2535 2404 Θεοῦ
2587 2345 2752 2422 λόγον
2811 2345 2970 2401 αὐτὸν
3026 2344 3253 2417 ἐκεῖνον,
3284 2347 3373 2403 τὸν
3420 2348 3660 2404 ἐνούσιον
3691 2349 3787 2405 καί

2133 2438 2476 2513 ὑπεροῦσιον,
2507 2438 2606 2492 οὒκ
2648 2432 2794 2513 ἔχων
2855 2434 3271 2512 διαπιπράσκειν
3307 2456 3320 2469 ·
3365 2437 3494 2500 τοὺς
3526 2435 3584 2493 δὲ
3611 2439 3780 2494 αὐτοῦ

2130 2524 2332 2604 λόγους
2387 2522 2632 2588 ἐκδιδοὺς
2693 2530 2814 2587 τοῖς
2885 2524 3229 2600 ἀγοράζουσι,
3297 2525 3386 2580 καὶ
3441 2523 3568 2582 οὐδὲ
3625 2527 3778 2598 ἀξίου

2129 2622 2258 2694 γοῦν
2285 2618 2623 2691 τιμήματος,
2683 2612 2832 2669 ἀλλὰ
2886 2618 2982 2668 τοῦ
3037 2611 3547 2692 παραρῥιπτομὲνου
3576 2635 3590 2649 °
3637 2617 3781 2670 καθά

2127 2728 2231 2762 που
2285 2704 2373 2760 καὶ
2434 2700 2858 2778 ἀνδραποδισταὶ
2915 2703 3006 2757 καὶ
3059 2701 3313 2773 κλέπται,
3367 2702 3778 2780 τροχαζόμενοι

2127 2791 2306 2872 φόϐῳ,
2368 2793 2617 2870 βραχέων
2695 2795 2960 2865 τιμῶνται
3033 2792 3100 2847 τὰ
3177 2792 3368 2868 εὖγενῆ
3415 2791 3505 2847 καὶ
3558 2790 3782 2849 πολλοῦ

2124 2885 2412 2958 τιμώμενα
2441 2882 2710 2957 πρόσωπά
2737 2902 2795 2936 τε
2841 2882 2928 2935 καὶ
2963 2883 3245 2957 χρήματα.
3292 2881 3447 2938 Ἀλλ’
3478 2875 3523 2935 ὥ
3558 2902 3654 2954 μοι
3680 2884 3693 2938 l
3721 2881 3778 2937 τί

2127 2972 2349 3046 δήποτε,
2397 2973 2441 3026 ὦ
2502 2970 2843 3046 ἀγράμματε,
2903 2970 3004 3039 τήν
3063 2969 3500 3043 μονοστηριακὴν
3556 2965 3769 3045 βιϐλιο-

2125 3065 2299 3134 θήκην
2351 3065 2420 3136 τῇ
2479 3063 2547 3134 σῇ
2604 3059 2975 3136 παρεξισάσεις
3027 3057 3228 3134 ψυχῇ;
3287 3059 3376 3113 καὶ
3435 3056 3519 3113 ὅτι
3575 3060 3648 3132 μὴ
3700 3057 3760 3113 σὺ

2120 3151 2371 3228 κατέχεις
2429 3149 2746 3226 γράμματα,
2792 3147 3028 3210 ἐκκενοῖς
3079 3147 3168 3202 καὶ
3212 3147 3380 3217 αὑτὴν
3437 3153 3545 3203 τῶν
3594 3169 3759 3223 γραμ-

2126 3241 2449 3318 ματοφόρων
2503 3241 2704 3293 σκευῶν
2740 3256 2754 3306 ;
2786 3238 2951 3314 ’Λφες
3001 3234 3169 3306 αὐτὴν
3226 3236 3436 3311 στέγειν
3484 3235 3551 3290 τὰ
3595 3235 3762 3308 τίμια.

363 3336 705 3388 incumbere
761 3349 874 3385 non
937 3330 1152 3402 cupis?
1210 3329 1276 3383 Et
1323 3345 1458 3384 cum
1492 3327 1780 3384 occultam
1816 3327 2007 3382 scien-

2134 3316 2435 3385 'E)\s'5os1:at
2463 3349 2546 3390 τις
2596 3326 2732 3399 μετὰ
2778 3327 2856 3394 σὶ,
2887 3327 2922 3395 ἢ
2973 3345 3273 3401 γραμματα
3324 3325 3534 3398 μαθὼν,
3567 3321 3602 3394 ἤ
3633 3323 3776 3380 ἀλλᾶ

365 3423 503 3478 tiam
572 3421 921 3494 gustaveris,
991 3425 1067 3490 et,
1129 3419 1284 3474 dicet
1339 3416 1578 3489 aliquis,
1638 3416 2014 3485 invisibilem,

364 3512 504 3582 quia
532 3511 792 3566 nondum
828 3508 1030 3581 fulget,
1063 3508 1228 3562 illam
1261 3508 1319 3561 in
1379 3505 1570 3560 lucem
1632 3506 1902 3574 adducis,
1962 3509 2020 3560 et

364 3602 621 3672 teipsum
683 3599 866 3655 efﬁcis
926 3614 1028 3669 pro
1093 3596 1337 3667 indigno
1372 3595 1638 3666 dignum,
1673 3611 1776 3666 pro
1807 3595 2016 3649 insano

367 3691 718 3764 sapientem,
747 3706 848 3761 pro
882 3704 1041 3742 mero
1073 3687 1312 3742 homine
1369 3685 1777 3741 rationabilem
1833 3684 2019 3740 homi-

370 3798 528 3851 nem,
586 3779 708 3835 sive
765 3777 877 3833 alio
910 3777 1082 3832 modo
1114 3775 1340 3831 ratione
1372 3775 1683 3846 praeditum
1709 3775 1738 3828 ?
1762 3774 1951 3842 Disce,
1985 3791 2018 3830 ο

371 3869 581 3939 homo;
609 3871 666 3922 et
693 3867 902 3922 deinde
930 3870 1032 3920 aut
1063 3865 1273 3934 scribe,
1329 3868 1433 3918 aut
1489 3863 1764 3935 loquere:
1827 3869 1892 3919 ut
1947 3864 2020 3919 de

368 3958 605 4030 scriptis
637 3957 742 4011 tibi
775 3953 1278 4028 congratulantur,
1311 3969 1443 4008 cum
1478 3951 1626 4006 liber
1659 3958 1794 4007 tuus
1826 3951 1886 4006 in
1914 3951 2018 4006 bo-

371 4065 506 4103 nam
543 4045 883 4102 memoriam
921 4044 1206 4116 procedet,
1243 4046 1306 4096 ut
1335 4041 1626 4097 sermonis
1659 4041 1742 4095 tui
1774 4040 1862 4096 vel
1894 4057 2020 4097 sen-

372 4134 731 4202 tentiosi,vel
760 4131 1186 4205 interpretativi
1219 4131 1599 4186 recordentur
1630 4130 1918 4185 homines.
1946 4130 2022 4186 De

365 4230 422 4281 te
472 4225 646 4280 etiam
697 4224 926 4278 dicatur
959 4238 971 4276 :
1007 4225 1280 4291 Loquere,
1313 4236 1510 4284 senex,
1538 4224 1595 4274 et
1614 4219 1888 4274 laudetur
1917 4235 2022 4291 per

365 4320 422 4370 te
453 4314 554 4386 qui
585 4315 686 4369 dat
715 4310 1059 4381 sapientiam
1091 4314 1149 4365 et
1175 4308 1560 4374 intellectum,
1621 4309 1797 4364 Deus.
1857 4307 2018 4372 Quod

367 4404 588 4460 bonum
617 4403 664 4458 si
697 4402 756 4456 in
788 4406 844 4455 te
875 4417 990 4455 non
1021 4403 1283 4470 apparet,
1317 4414 1506 4469 neque
1539 4397 1734 4469 praxis
1765 4398 2019 4470 egregia,

365 4495 636 4564 superest
667 4496 732 4545 ut
758 4489 1014 4545 moriens
1037 4490 1210 4559 juxta
1226 4485 1523 4558 vulgarem
1550 4485 1764 4541 laicum
1795 4487 2025 4557 jaceas,

369 4581 613 4636 minime
674 4585 869 4634 autem
921 4579 1094 4649 juxta
1143 4592 1277 4630 eum
1337 4573 1437 4646 qui
1496 4591 1602 4630 nec
1660 4575 1775 4630 Deo
1835 4576 2022 4631 astitit

2127 3419 2608 3494 φιλογράμματος.
2642 3413 2739 3470 Καὶ
2785 3413 2990 3476 ἐκεῖνος
3039 3414 3135 3487 μὶν
3190 3409 3545 3486 ἐνδιατρίϐων
3587 3413 3776 3477 αὐταῖς

2126 3508 2177 3578 ἐξ
2235 3506 2491 3582 ἀφορμῆς
2547 3511 2648 3574 τῆς
2706 3504 2900 3578 πρώην
2983 3497 3128 3557 ἕσται
3210 3502 3524 3579 σοφώτερος
3561 3524 3574 3536 ο
3634 3504 3664 3556 ὁ
3723 3499 3783 3557 δὶ

2129 3594 2400 3672 δεύτερος,
2433 3591 2698 3658 αἰδεσθεὶς
2749 3593 2810 3647 τὸ
2858 3590 3138 3653 παντελὼς
3189 3591 3565 3668 ἀγράμματον,
3611 3593 3786 3669 εὑρή-

2127 3706 2206 3740 σει
2256 3682 2346 3740 διά
2394 3686 2494 3752 τῆς
2556 3676 2853 3759 βιϐλιακῆς
2914 3678 3265 3736 διδασκαλίαν
3307 3680 3368 3735 τὸ
3416 3680 3789 3754 ποθούμενον.

2127 3772 2195 3831 Τί
2245 3771 2301 3828 δὲ
2364 3774 2438 3846 μή
2497 3771 2588 3827 καὶ
2647 3770 2710 3825 σὺ
2765 3771 2828 3825 τὸ
2886 3769 3016 3825 αὐτὸ
3079 3769 3436 3848 μεταχειρίζῃ
3463 3768 3791 3841 καλόνςκαὶ

2126 3857 2514 3938 ἀναλφάϐητος
2549 3860 2667 3934 μὶν,
2726 3860 2754 3915 ὀ
2809 3881 2989 3935 φασιν,
3027 3853 3284 3930 ἀπεκϐἂς,
3324 3853 3664 3936 ἐντρίϐεσθαι
3715 3864 3788 3935 τῇ

2128 3953 2428 4026 ἀναγνώσει
2487 3946 2806 4019 σποτδάζεις
2846 3968 2859 3980 ·
2916 3949 3249 4025 γευσάμενος
3298 3945 3358 4004 δὲ
3427 3948 3792 4024 ἀναγνώσεως

2125 4036 2390 4115 ἀμυδρᾶς,
2447 4038 2534 4092 καὶ
2595 4037 2668 4098 ὡς
2727 4034 2787 4090 ἄν
2847 4057 2930 4100 τις
2985 4035 3120 4112 ἐρεῖ,
3185 4036 3420 4115 ἀφανους
3453 4033 3636 4092 διὰτὸ
3669 4039 3794 4093 κατ’

2128 4128 2295 4197 αὐτὴν
2370 4125 2642 4199 ἀλαμπὲς,
2721 4122 3064 4202 διαφωτίζεις
3140 4123 3331 4194 αὐτὴν,
3393 4125 3483 4180 καὶ
3565 4128 3797 4183 σεαυτὸν

2129 4214 2414 4278 ἀποτελεῖς
2445 4214 2562 4270 ἀντὶ
2615 4213 2834 4284 ἀναξίου
2885 4211 3054 4286 ἄξιον,
3102 4214 3192 4268 καὶ
3240 4213 3358 4268 ἀντὶ
3389 4215 3624 4286 ἀνοήτου
3671 4239 3800 4274 νοε-

2130 4307 2245 4382 ρὸν,
2301 4305 2391 4359 καὶ
2425 4304 2541 4358 ἀντὶ
2595 4301 2787 4366 ἁπλῶς
2837 4302 3129 4377 ἀνθρώπου
3171 4301 3358 4378 λόγιον
3415 4301 3798 4380 ἅνθρωπον,ἤ

2128 4400 2258 4471 γοῦν
2289 4392 2436 4449 ἀλλὰ
2465 4387 2698 4467 ἔλλογον
2736 4411 2750 4460 ;
2808 4393 2982 4460 Mutila,
3028 4393 3073 4446 ὦ
3121 4390 3278 4455 οὗτος
3315 4411 3329 4424 ·
3373 4393 3486 4448 εἶτα
3514 4392 3551 4463 ἥ
3581 4397 3799 4471 γράψον

2130 4483 2166 4554 ἤ
2195 4481 2342 4540 ἀλλά
2367 4481 2484 4536 εἷπὲ
2519 4503 2528 4513 ·
2564 4481 2650 4535 ἶνα
2679 4481 2889 4557 γράψας
2946 4482 3041 4554 μὶν
3099 4480 3388 4557 μακαρίζῃ,
3430 4491 3804 4559 προχειριζο-

2135 4574 2302 4645 μένης
2363 4574 2464 4635 τῆς
2519 4570 2656 4624 κατά
2713 4590 2770 4624 σε
2851 4563 3050 4645 βίϐλου
3105 4570 3182 4632 εἷς
3239 4570 3447 4645 ἀγαθὴν
3515 4575 3749 4646 μνήμην
3785 4593 3800 4609 ·

367 4669 755 4726 conventione
785 4684 959 4739 quam
993 4671 1055 4721 tu
1090 4663 1434 4736 promisisti,
1470 4680 1575 4718 nec
1608 4664 1760 4719 inter
1817 4682 2020 4721 mona-

2134 4661 2298 4716 εἰπὼν
2357 4657 2418 4748 δὲ
2475 4658 2908 4733 ἀπομνημονεῦῃ
2987 4662 3084 4714 τοῦ
3161 4657 3200 4728 ἥ
3283 4659 3716 4738 ἀποφθέγματος
3763 4660 3802 4732 ἤ

368 4759 509 4816 chos
542 4758 692 4814 sicut
723 4763 783 4813 tu
812 4756 1070 4828 scriptus
1101 4759 1208 4808 est.

368 4849 541 4924 γέρων
579 4865 591 4877 ⁶

3660 4753 3798 4809 ETw:

2131 4747 2566 4822 ὲρμηνε·3ματος.
2621 4747 2871 4824 Λεγέσθω
2927 4749 3019 4802 καὶ
3079 4749 3204 4824 περὶ
3264 4753 3359 4804 σοῦ
3407 4749 3511 4804 τό’
3572 4776 3601 4802 α

641 4871 668 4899 n
703 4845 793 4900 καὶ
853 4841 1190 4914 ἀνυμνείυθω
1240 4839 1393 4902 εὐθὺς
1451 4841 1540 4894 καὶ
1587 4838 1676 4896 διά
1733 4840 1790 4895 σέ
1845 4842 1873 4895 ὁ
1928 4843 2028 4906 τῆς
2085 4840 2277 4916 σοφίας
2327 4838 2417 4892 καὶ
2476 4843 2574 4907 τῆς
2633 4836 2895 4899 συνέσεως
2955 4834 3146 4914 δοτὴρ.
3208 4836 3360 4900 Θεός.
3413 4837 3474 4893 El
3538 4836 3596 4894 δὲ
3650 4843 3796 4913 μήτε

366 4941 528 4990 τοῦτο
585 4934 647 4988 τὸ
701 4931 895 5007 ἀγαθὸν
958 4931 1008 4984 ἐν
1070 4927 1156 4982 σοὶ
1209 4924 1593 5004 διεκφαίνεται,
1648 4931 1786 5001 μήτε
1841 4926 1902 4982 τό
1949 4928 2086 4981 κατά
2141 4926 2332 5001 πρᾶξιν
2394 4923 2662 4998 ἐνάρετον,
2697 4923 2940 4979 λείπεταί
2997 4945 3081 4978 σοι
3145 4923 3358 4979 Θανόντι
3407 4931 3620 4990 κεῖσθαι
3658 4926 3796 4982 κατά

366 5025 459 5080 τὸν
518 5031 619 5094 τῆς
670 5016 874 5097 τύρϐης
926 5013 1118 5074 λαϊκόν
1153 5036 1165 5049 ·
1227 5018 1439 5090 μήποτε
1488 5014 1545 5070 δὲ
1593 5015 1721 5072 οὐδὲ
1769 5018 1885 5071 κατ’
1937 5015 2161 5085 ἐκεῖνον,
2221 5011 2282 5076 ὅς
2338 5035 2402 5089 γε
2461 5012 2582 5068 οῧτε
2616 5017 2734 5085 Θεῷ
2775 5013 3013 5089 παρέστη
3046 5014 3182 5089 πρὸς
3214 5011 3543 5089 ὁμολογίαν,
3578 5013 3697 5070 οἷάν
3730 5015 3790 5070 σὺ

368 5111 511 5182 ἔθου,
547 5112 668 5168 οὕτε
701 5115 968 5184 μοναχοῖς
999 5107 1265 5183 ἐνεγράφη
1301 5105 1436 5161 κατά
1466 5105 1543 5160 σὲ.

445 5225 566 5279 129.
624 5223 882 5294 Agnosco
936 5218 1112 5273 etiam
1169 5215 1446 5269 indutum
1505 5213 1726 5268 sanctis
1795 5214 2030 5286 pannis,

371 5313 590 5386 quibus
621 5326 791 5366 verus
824 5307 1149 5364 monachus
1179 5309 1514 5371 exornatur,
1535 5307 1802 5375 agentem
1837 5308 2031 5358 autem

2217 5211 2348 5286 ρκθ’.
2402 5209 2641 5264 Γίνωσκε
2671 5205 2730 5264 δὲ
2786 5209 2877 5263 καὶ
2931 5205 3013 5264 ὅτι
3045 5208 3558 5283 περικείμενοςῗμὶν
3587 5209 3650 5267 τὰ
3676 5211 3789 5273 θεῖα

2146 5299 2306 5375 ῥάκη,
2345 5296 2414 5354 δι’
2451 5300 2524 5353 ὧν
2553 5301 2582 5354 ὁ
2635 5297 2837 5373 κυρίως
2899 5299 3143 5373 μοναχὸς
3199 5304 3508 5373 κοσμεῖται,
3549 5298 3791 5376 πράττων

371 5385 486 5458 non
519 5400 846 5458 secundum
878 5397 1059 5463 hunc,
1093 5393 1195 5449 sed
1227 5392 1416 5464 magis
1465 5396 1818 5464 occupatum
1878 5392 2020 5447 circa

2143 5385 2200 5443 δὲ
2256 5389 2332 5461 μὴ
2393 5393 2508 5442 κατ’
2565 5386 2792 5456 ἐκεῖνον,
2853 5385 3000 5442 ἀλλᾶ
3049 5387 3174 5463 περὶ
3220 5387 3288 5441 τὰ
3343 5385 3636 5464 κερδαλέα,
3672 5389 3799 5448 κάν-

368 5491 663 5558 lucrit‘era,
717 5493 773 5544 et
827 5485 965 5542 vilia
1017 5486 1466 5553 consequenter,
1525 5480 1802 5550 carnalia,
1862 5479 2032 5547 laica,

373 5581 431 5635 et
462 5596 575 5635 uno
606 5578 778 5634 verbo
803 5575 1246 5642 mundana,non
1278 5568 1646 5642 spiritualem
1675 5568 2031 5625 monachum

443 5772 488 5808 ³⁸
519 5727 723 5828 Matth.
749 5787 864 5837 xxx,
893 5771 986 5824 21.

2141 5481 2320 5542 τεῦθεν
2371 5474 2593 5552 χυδαῖα,
2624 5476 2714 5531 καὶ
2772 5477 3020 5552 σαρκικὰ,
3077 5475 3166 5530 καὶ
3221 5474 3405 5546 λαϊκᾶ,
3463 5479 3552 5532 καὶ
3612 5478 3692 5542 εἱς
3735 5476 3800 5533 τὸ

2142 5572 2244 5620 πᾶν
2295 5567 2537 5638 κοσμικὰ
2582 5561 2929 5640 τριϐόμενος,
2977 5563 3038 5620 οὗ
3095 5566 3349 5638 μονάζεις
3388 5572 3799 5641 πνευματικῶς,
