4060 6394
262 444 380 503 837

1281 429 1384 489 DE
1427 426 1919 489 EMENDANDA
1965 427 2150 486 Vl'l‘A
2198 427 2677 490 MONACHICA.

3565 428 3639 486 83
3650 426 3685 483 8

264 569 412 627 ἄλλά
474 569 748 642 τεχνικῶς
779 560 1026 632 ίδιάζεις,
1057 561 1240 636 σαφῶς
1269 554 1327 611 δὲ
1366 555 1562 625 εἰπεῖν,
1615 556 1914 630 ἐργατικῶς

2061 575 2086 613 e
2118 576 2268 626 esse,
2299 561 2398 616 sed
2435 559 2503 614 de
2533 557 2830 613 industria
2880 556 3256 624 seccessisse,
3311 561 3388 624 et,
3425 561 3489 612 ut
3546 560 3699 612 recte

271 660 521 735 μοχθεῖς,
591 655 914 732 σαφέστερον
994 647 1051 703 δὲ
1111 649 1296 726 φάναι,
1352 646 1606 722 τεχνίτου
1659 643 1926 720 βαναύσου

267 731 422 818 δίκῆν
484 731 702 814 κοπιᾷς·
762 743 823 804 ’ὸς
879 738 930 795 ἐν
980 743 1099 799 τοῖς
1151 736 1418 813 ἀγεννέσιν
1447 734 1654 810 ἔργοις,
1687 731 1754 788 δι’
1790 731 1862 786 ὧν
1893 732 1928 802 ἢ

270 837 576 916 ῥυπαίνεται
609 833 645 902 ἢ
679 824 1062 904 κατατρίϐεται
1118 827 1180 880 τὸ
1230 823 1398 880 καλὸν
1452 822 1684 902 ἄμφιον,
1744 821 1930 898 ρακεν-

271 909 421 983 δυτεῖ
489 923 579 979 καὶ
613 920 755 976 οὕτω
787 915 1226 994 κερδαλεώτερον
1275 915 1371 982 τήν
1431 915 1632 987 τέχνην
1669 909 1934 986 διαχειρί-

276 1024 442 1087 ζεται.
487 1014 794 1086 Θεώρησον,
849 1006 1067 1062 ταπεινὶ
1118 1003 1317 1078 ὕψηλέ·
1375 1001 1427 1055 τί
1482 999 1547 1071 δή
1608 1000 1738 1055 ποτέ
1795 999 1935 1054 ἐστιν

276 1109 304 1163 ὁ
336 1101 577 1178 μοναχός
608 1119 622 1169 ;
655 1097 755 1153 Καὶ
790 1093 978 1164 ἐπειδή
1013 1093 1136 1148 οὕτε
1192 1092 1254 1147 σὺ
1285 1090 1606 1164 αύτομαθῶς
1630 1090 1720 1144 τὸν
1752 1093 1932 1144 τοιοῦ-

276 1215 368 1250 τον
423 1189 593 1258 οἶδας,
656 1185 780 1243 οὔτε
838 1185 945 1259 μὴν
978 1183 1036 1239 ἐκ
1087 1181 1306 1258 βιολίο·.›
1365 1179 1510 1255 ἔχεις
1566 1180 1750 1253 μαθὼν
1795 1180 1934 1251 (πῶς

275 1287 397 1360 γὰρ,
432 1279 564 1354 ὅπερ
599 1281 774 1352 μῖσῶν
824 1273 922 1329 κ’ὰν
983 1271 1340 1346 ἀνοιγόμενον
1392 1267 1540 1344 ἴδῃς,
1591 1269 1727 1343 χάος
1760 1264 1936 1328 δοκεῖς

281 1355 502 1448 βλέπειν
536 1367 673 1423 κατὰ
705 1369 802 1420 σοῦ
855 1364 1092 1439 χαῖνον),
1146 1362 1376 1415 ἄκουσον
1431 1359 1534 1413 ἀπὸ
1591 1355 1786 1420 λαλιᾶς
1843 1355 1943 1411 οὐκ

277 1460 612 1538 ἀσυμφώνου
641 1460 762 1517 ταῖς
795 1455 970 1529 ἱεραῖς
998 1449 1299 1529 διφθέραις.

350 1565 454 1639 ρλ’.
515 1563 780 1637 Μοναχός
811 1559 927 1615 ἐστι
961 1557 1194 1628 πολίτης
1253 1555 1503 1630 οὐρανοῦ·
1544 1555 1618 1627 μή
1669 1556 1772 1628 γὰρ
1817 1559 1942 1629 γῆς,

295 1656 340 1712 εί
395 1653 486 1709 καὶ
539 1651 663 1728 περὶ
721 1656 822 1726 γῆν
881 1646 1151 1703 εἰλεῖται.
1211 1643 1454 1720 Αἷθέριος
1511 1645 1610 1712 τὴν
1660 1641 1942 1697 πολιτείαν

291 1746 607 1820 ἄνθρωπος’
694 1732 1048 1813 ἀεροϐάμων,
1110 1737 1192 1796 οἷς
1249 1733 1317 1788 τὰ
1371 1732 1506 1788 κατά
1556 1738 1657 1808 γῆν
1713 1730 1944 1806 ὑπερπέ-

288 1853 458 1888 τεταν
531 1832 630 1905 γῆς
687 1828 901 1896 ἁπάσης
936 1823 1190 1900 βασιλεὺς
1221 1820 1398 1878 διὰτὸ
1446 1822 1562 1876 κατ’
1613 1820 1793 1875 εἰκόνα
1849 1823 1947 1874 τοῦ

2037 648 2268 720 loquar,
2301 649 2578 722 operibus
2611 647 2852 712 vilibus,
2885 664 2984 701 seu
3046 645 3278 714 melius,
3338 650 3404 700 ut
3461 646 3688 702 fabrum

2042 737 2296 810 fatigari,
2351 737 2452 809 qui
2504 737 2656 792 inter
2702 736 2840 791 vilia
2892 752 3070 808 Opera
3131 736 3348 807 quibus
3397 736 3696 790 sordesce-

2043 831 2132 882 ret
2160 831 2262 882 aut
2311 829 2646 882 conteretur
2694 824 3009 897 pulchrum
3065 825 3502 890 indumentum,
3554 840 3696 896 pan-

2043 919 2138 974 nis
2169 918 2457 984 induitur,
2493 925 2546 972 et
2575 917 2659 972 sic
2707 916 2895 988 magis
2943 915 3242 970 luciferam
3306 920 3487 970 artem
3538 932 3699 971 exer-

2045 1013 2156 1072 cet,
2204 1007 2412 1062 Viden’
2463 1023 2494 1061 ο
2553 1022 2766 1077 magne
2815 1010 2874 1060 et
2937 1004 3199 1071 humilis,
3268 1004 3408 1075 quid
3459 1004 3536 1058 sit
3575 1021 3698 1060 mo-

2046 1096 2317 1152 nachus?
2352 1099 2417 1150 Et
2449 1096 2732 1168 quoniam
2775 1111 2906 1149 eum
2947 1112 3057 1149 non
3092 1093 3325 1163 novisti,
3379 1109 3567 1166 neque
3599 1111 3699 1150 ex-

2048 1185 2331 1258 perientia
2365 1184 2624 1257 propria,
2658 1201 2848 1256 neque
2879 1199 2946 1238 ex
2977 1183 3127 1238 libro
3159 1182 3475 1256 (quomodo
3511 1183 3692 1249 enim,

2049 1263 2336 1347 siquidem
2370 1291 2526 1342 eum,
2560 1273 2658 1327 ubi
2691 1273 2903 1328 videris
2933 1276 3220 1344 apertum,
3254 1273 3514 1340 odisti,et
3547 1272 3698 1328 arbi-

2050 1365 2223 1420 traris
2253 1364 2532 1436 abyssum
2583 1367 2717 1417 ante
2767 1366 2821 1416 te
2870 1361 3130 1417 hiantem
3181 1363 3530 1434 inspicere);
3565 1361 3699 1416 audi

2051 1471 2189 1528 ergo
2221 1472 2288 1508 ex
2319 1468 2588 1509 sermone
2627 1451 2852 1507 sanctis
2883 1451 3178 1523 tympanis
3233 1467 3348 1506 non
3403 1449 3700 1506 dissimili.

2127 1563 2250 1617 150.
2301 1558 2624 1617 Monachus
2661 1557 2803 1614 civis
2853 1562 2943 1613 est
2994 1557 3143 1623 coeli,
3193 1575 3308 1613 non
3349 1558 3706 1626 terrae,1icet

2054 1650 2283 1706 habitet
2335 1650 2395 1703 in
2447 1665 2535 1704 ea.
2586 1647 2895 1702 Ethereus
2962 1651 3049 1702 est
3116 1647 3288 1702 homo
3351 1648 3559 1718 agendi
3610 1665 3704 1702 ra-

2055 1741 2214 1796 tione
2242 1757 2256 1808 ;
2291 1755 2392 1810 per
2424 1754 2618 1792 aerem
2651 1735 2872 1791 incedit
2903 1737 3165 1790 terrestri
3196 1735 3415 1801 volatu,
3447 1753 3545 1791 rex
3575 1736 3706 1791 uni-

2055 1846 2237 1885 versae
2286 1831 2475 1893 terrae,
2538 1826 2640 1897 qui
2709 1829 2799 1880 est
2857 1829 2926 1880 ad
2986 1825 3304 1897 imaginem
3362 1825 3460 1880 Dei
3530 1825 3708 1896 Regis

279 1917 679 1994 παμϐασιλέως
743 1920 898 1984 Ωεοῦ,
931 1915 961 1970 ὃ
1019 1919 1121 1976 πᾶς
1185 1913 1280 1986 μὶν
1332 1907 1612 1987 ἅνθρωπος
1656 1907 1940 1986 φυλάττειν

2061 1933 2279 1989 regum,
2331 1932 2511 1987 quam
2563 1930 2793 1969 servare
2849 1913 3067 1969 debent
3118 1913 3374 1970 universi
3419 1913 3709 1984 homines,

280 2012 558 2079 τέτακται,
618 2005 789 2066 αὐτὸς
822 2002 880 2058 δὲ
909 2003 1045 2079 πρὸς
1075 2007 1156 2074 τῷ
1201 2005 1371 2072 κοινῷ
1416 1999 1568 2076 χρέει
1619 1999 1708 2053 καὶ
1761 1995 1947 2060 ἷδικῶς

284 2097 594 2176 ἐποφείλει,
659 2093 1048 2168 μεμνημάνος,
1113 2089 1197 2146 ὅτι
1257 2089 1491 2160 ὁπηνίκα
1547 2090 1582 2158 ἡ
1644 2087 1814 2164 κουρᾶ
1860 2091 1948 2176 ,τῷ

296 2173 413 2260 Θεῷ
478 2187 641 2241 αὐτὸν
675 2184 1071 2258 παρεστήσατο,
1130 2178 1220 2234 καὶ
1278 2177 1408 2233 αὐτὸ
1437 2177 1718 2253 διῃτήθη,
1751 2177 1824 2237 ὡς
1856 2173 1950 2246 δη-

290 2275 436 2346 λοδὴ
473 2273 738 2351 ἀπαλιφῗεν
778 2273 1060 2346 βιωτικοῖς
1095 2269 1276 2345 ὑγροῖς
1303 2269 1366 2322 τὸ
1404 2267 1521 2321 κατ’
1570 2265 1728 2320 αὐτὸν
1783 2262 1947 2340 ἀρχέ-

291 2387 458 2421 τυπον
552 2362 835 2434 εἷκόνισμα
939 2357 1178 2422 εἴσαῦθις
1283 2356 1596 2411 ἀνανεώσων
1699 2353 1952 2423 πολιτείᾳ

295 2455 596 2530 μοναχικῇ.
689 2451 810 2506 "Eu
898 2447 1143 2522 μοναχός
1219 2444 1332 2500 ἐστι
1407 2444 1688 2521 ζωγράφος
1741 2443 1947 2516 ἀρετῆς

291 2537 782 2617 ἀπηκριϐωμένης,
841 2537 975 2612 πρὸς
1031 2537 1092 2604 ἣν
1121 2536 1176 2589 αἱ
1232 2539 1338 2588 τῶν
1405 2533 1718 2609 βλεπόντων
1764 2535 1950 2606 ψυχαὶ

286 2631 586 2710 γράφοιντο
616 2630 693 2684 ἂν.
746 2627 951 2704 Γράφοι
1003 2624 1061 2679 δὲ
1107 2620 1166 2678 ἄν
1201 2624 1229 2678 ὁ
1285 2626 1538 2684 τοιαῦτος
1588 2620 1750 2684 αὐτὰς
1806 2620 1946 2710 πρᾷς

295 2709 605 2796 ἀκρίϐειαν,
640 2717 726 2773 έᾶν
783 2715 950 2793 σοφὸς
991 2713 1195 2775 τέκειος
1250 2713 1471 2788 γένηται
1521 2711 1620 2780 τὴν
1679 2709 1950 2789 γραφικὴν

288 2810 516 2877 ταύτην,
575 2808 648 2868 ὡς
706 2803 798 2859 καὶ
841 2798 1048 2878 τρίϐειν
1105 2803 1446 2874 πνευματικᾶ
1501 2800 1796 2876 χρώματα,
1861 2799 1948 2853 καὶ

297 2899 584 2972 ωγκιρνᾷν
631 2894 719 2949 καὶ
796 2890 1060 2966 ἐμμελῶς
1109 2889 1458 2966 παρατιθέναι
1513 2889 1648 2963 πρὸς
1707 2885 1951 2958 ἄλληλα,

295 2986 387 3040 καὶ
457 2988 690 3058 μετρεῖν,
724 2983 797 3044 ὧς
856 2977 970 3035 οἶδε
1015 2980 1296 3056 ζωγράφος
1348 2983 1639 3054 τεχνᾶσθαι
1693 2978 1791 3046 τὴν
1837 2973 1954 3031 κατ’

297 3074 424 3129 αὐτὶ
472 3071 828 3148 συμμετρίαν.
878 3072 1134 3132 Τοιοῦτος
1184 3065 1241 3123 δὲ
1287 3069 1502 3128 πάντως
1549 3067 1584 3135 ἢ
1637 3066 1664 3120 ὁ
1723 3065 1774 3136 ἐξ
1831 3065 1953 3119 ἀνα-

298 3163 572 3240 γνώσεως,
624 3161 658 3229 ἢ
705 3160 733 3214 ὁ
782 3159 831 3232 ἐξ
891 3156 1310 3230 ἀποκαλύψεως,
1347 3159 1447 3222 τῆς
1479 3153 1568 3210 διὰ
1625 3161 1949 3230 πρακτικῆς·

303 3252 376 3306 ῶν
408 3251 470 3305 τὸ
505 3251 598 3323 μὲν
647 3245 762 3323 ἔχει
796 3245 884 3302 διὰ
915 3245 1103 3323 σοφίαν
1141 3247 1168 3300 ὁ
1199 3244 1470 3320 μονάζων,
1501 3245 1562 3299 τὸ
1611 3241 1667 3299 δὲ
1717 3241 1806 3299 διὰ
1850 3250 1950 3312 τῆς

314 3305 319 3306 ⁷
505 3305 515 3323 Ι
679 3305 716 3323 Α
996 3305 1005 3323 |
1199 3305 1209 3320 |
1353 3305 1369 3314 ν
1457 3305 1470 3317 1
1907 3305 1917 3312 1

305 3335 477 3401 ὄντως
545 3338 804 3408 πεάξεως,
857 3333 927 3390 δι’
989 3339 1054 3403 ἧς
1105 3335 1194 3390 καὶ
1246 3333 1411 3404 αὐτῆς
1473 3332 1949 3389 ἀποκαλύπτονται
1981 3305 2026 3374 C

307 3429 605 3488 Δαυϊτικῶς
635 3423 913 3503 ὀφθαλμοὶ
945 3424 1020 3489 είς
1047 3425 1110 3481 τὸ
1135 3429 1410 3480 κατανοεῖν
1441 3425 1508 3479 τὰ
1536 3427 1633 3479 τοῦ
1663 3427 1797 3479 Θεοῦ
1831 3435 1956 3487 θαυ-

300 3517 486 3589 μάσια·
533 3514 585 3568 ἐν
636 3515 719 3576 οἷς
777 3514 867 3568 καὶ
924 3513 992 3569 τὰ
1037 3521 1136 3584 τῆς
1169 3513 1372 3568 ἐκείνου
1405 3511 1596 3590 σοφίας
1627 3509 1807 3583 ἄδηλα
1863 3513 1951 3567 καὶ

296 3604 520 3681 κρύφια.
556 3608 712 3657 Δυοῖν
767 3600 825 3658 δὲ
872 3603 1103 3673 τούτων,
1161 3603 1408 3678 πράξεως
1462 3603 1549 3656 καὶ
1613 3600 1864 3676 θεωρίας,
1928 3602 1955 3654 ὁ

299 3692 468 3768 μέγας
503 3691 746 3768 μοναχὸς
777 3691 1240 3766 ἀποστερημένος,
1301 3687 1424 3746 οὔτε
1458 3689 1740 3768 ζωγράφος
1770 3689 1831 3745 ἂν
1864 3711 1950 3761 ειη

286 3787 404 3856 Θεῷ
433 3783 683 3856 πρέπων,
715 3777 839 3836 οὔτε
865 3780 1159 3852 ἀληθεύσοι
1189 3781 1280 3836 τὸν
1318 3783 1582 3858 μοναχόν.

354 3888 496 3965 ρλα’.
531 3895 650 3944 ’Έτι
678 3890 868 3962 κριτὴς
913 3889 941 3943 ὁ
977 3889 1242 3964 μοναχὸς,
1301 3885 1534 3957 δικάζων
1597 3887 1950 3950 ἀντιπάλοις

270 3977 367 4034 καὶ
408 3981 444 4047 ἡ
497 3975 674 4052 κρίσις
731 3974 1006 4052 διχασμὸς
1065 3981 1253 4052 ψυχῆς
1314 3977 1422 4031 ἀπὸ
1480 3977 1758 4049 σώματος,
1823 3979 1931 4032 ὡσε

277 4066 370 4122 καὶ
429 4070 605 4130 θανεῖν
655 4063 843 4138 ἐκρίθη
894 4066 957 4120 τὸ
1007 4065 1057 4119 ἐν
1104 4064 1375 4140 ἀνθρώπῳ
1433 4065 1707 4122 σύνθετον.
1767 4068 1842 4122 Τὸ
1898 4063 1958 4134 δὲ

285 4154 430 4210 οὕτω
460 4152 703 4230 διχάζειν
762 4151 1089 4231 φιλοσοφίας
1148 4149 1300 4228 ἔργον
1367 4152 1732 4229 παραδέδοται
1793 4155 1949 4219 εἶναι,

288 4246 357 4312 ἧς
406 4244 468 4300 τὸ
523 4241 681 4304 τέλος
744 4242 971 4306 ἐνταῦθα
1038 4243 1318 4315 ἡνωμένος
1394 4241 1688 4318 διακρίνειν
1765 4244 1947 4319 ψυχὴν

293 4332 572 4404 σώματος.
629 4332 719 4386 καὶ
777 4331 842 4386 αὖ
899 4332 1064 4387 πάλιν
1119 4329 1540 4406 διακεκριμένως
1569 4331 1809 4402 ὲνοῦν,ἢ
1859 4333 1951 4387 καὶ

289 4419 501 4494 (ἄλλως
535 4421 723 4490 εἰπεῖν)
789 4425 1010 4497 κιεκροῦν
1063 4422 1158 4495 μὲν
1210 4421 1273 4476 τὸ
1308 4425 1410 4490 ζῶν
1445 4422 1520 4494 μὴ
1584 4421 1946 4497 ἐναρμονίως,

290 4516 584 4586 ζωογονεῖν
647 4508 703 4565 δὲ
757 4511 820 4565 τὸ
863 4510 1286 4585 νενεκρωμένον.
1345 4516 1527 4566 Ταῦτα
1573 4509 1632 4566 δὲ
1683 4512 1946 4587 μοναχὸς,

288 4599 519 4669 ἰδιώτης
571 4600 701 4654 εἶναι
761 4599 948 4675 αὐχῶν
979 4599 1031 4654 έν
1071 4601 1150 4672 τῷ
1182 4602 1255 4674 μὴ
1293 4599 1551 4673 μέλεσθαι
1582 4600 1946 4676 γραμμάτων,

2057 2011 2115 2064 et
2138 2007 2263 2078 ipse
2293 2005 2422 2077 plus
2467 2020 2647 2076 quam
2684 2003 2877 2058 caeteri
2926 2009 2983 2058 et
3032 2002 3291 2075 amplius
3339 2007 3587 2068 tenetur,
3622 2019 3712 2059 re-

2061 2097 2336 2152 cordatus
2368 2111 2450 2160 se,
2484 2092 2720 2164 quando
2753 2097 2996 2147 tonsura
3028 2098 3407 2148 consecratus
3458 2092 3594 2162 fuit,
3634 2093 3707 2148 ad

2058 2186 2168 2240 hoc
2192 2200 2322 2239 esse
2350 2183 2686 2252 invitatum,
2738 2185 2801 2236 ut
2844 2181 3118 2236 foedatam
3169 2182 3486 2236 sudoribus
3538 2199 3708 2236 mun-

2059 2273 2232 2329 danis
2266 2271 2717 2328 similitudinem
2749 2286 2918 2325 suam
2951 2271 3020 2324 ad
3055 2271 3238 2325 Deum
3281 2287 3488 2325 rursus
3538 2287 3709 2325 reno-

2059 2369 2305 2418 vaturus
2376 2365 2526 2416 esset
2595 2359 2868 2430 operibus
2956 2359 3321 2415 monasticis.
3391 2359 3710 2415 Monachus

2059 2453 2251 2525 pictor
2296 2455 2386 2506 est
2430 2449 2610 2505 etiam
2663 2447 2897 2503 virtutis
2941 2448 3231 2518 perfectae,
3279 2448 3352 2502 ad
3406 2463 3587 2518 quam
3619 2446 3710 2501 in-

2063 2541 2381 2596 formandaa
2414 2543 2554 2594 sunt
2604 2538 2813 2593 animae
2847 2536 3225 2591 intuentium.
3277 2536 3432 2600 Quas
3478 2536 3549 2592 ad
3584 2553 3712 2607 per-

2063 2630 2372 2686 fectionem
2425 2628 2534 2684 iste
2589 2625 2884 2699 depinget,
2918 2625 2968 2680 si
3016 2625 3168 2680 hanc
3212 2630 3400 2680 artem
3458 2625 3712 2697 perfecte

2063 2719 2307 2774 edoctus
2337 2721 2444 2786 est,
2481 2717 2531 2772 si
2580 2715 2788 2770 didicit
2834 2712 3176 2785 spirituales
3225 2713 3447 2768 colores
3506 2719 3711 2782 terere,

2064 2806 2332 2875 miscere,
2405 2804 2782 2875 distinguere,
2849 2807 3050 2857 curate
3115 2802 3394 2872 conferre,
3434 2808 3490 2856 et
3556 2816 3714 2857 men-

2063 2911 2288 2962 surare,
2341 2895 2497 2949 sicut
2547 2893 2709 2949 novit
2775 2891 2961 2963 pictor
3009 2907 3108 2945 eos
3147 2889 3291 2945 scite
3338 2907 3710 2960 componere.

2064 2983 2223 3040 Talis
2253 2987 2343 3038 est
2369 2983 2545 3038 homo
2590 2981 2886 3045 doctrinae,
2931 2984 3032 3033 aut
3073 2978 3426 3034 inventionis
3456 2996 3558 3050 per
3588 2995 3719 3051 pra-

2063 3073 2275 3129 cticam
2325 3090 2338 3128 :
2392 3087 2642 3143 quarum
2688 3086 2866 3124 unam
2912 3084 3014 3140 per
3062 3067 3439 3139 sapientiam,
3485 3073 3545 3122 et
3575 3067 3714 3124 alte-

2062 3179 2189 3218 ram
2238 3179 2339 3233 per
2385 3178 2578 3216 veram
2651 3158 2878 3230 praxim
2929 3157 3254 3212 monachus
3321 3156 3566 3225 obtinet,
3614 3173 3719 3228 per

2063 3268 2237 3322 quam
2271 3251 2617 3323 aperiuntur
2657 3247 2811 3303 oculi
2856 3247 2944 3318 (ut
2992 3245 3193 3301 Davidi
3244 3245 3478 3316 accidit)
3518 3245 3588 3300 ad
3621 3245 3711 3299 in-

2064 3340 2384 3412 telligenda
2416 3337 2710 3393 mirabilia
2757 3336 2880 3403 Dei,
2930 3340 2987 3391 et
3035 3351 3104 3389 ex
3157 3333 3375 3406 quibus
3428 3339 3568 3389 sunt
3617 3351 3710 3389 sa-

2067 3429 2302 3503 pientiae
2339 3429 2467 3499 ejus
2501 3427 2778 3500 mysteria
2814 3423 3452 3496 incomprehensibilia.
3488 3423 3714 3488 Quibus

2067 3535 2321 3591 magnus
2354 3517 2679 3573 monachus
2708 3529 2896 3586 neque
2929 3514 3118 3586 pictor
3146 3516 3301 3569 esset
3334 3518 3444 3568 Deo
3485 3517 3714 3586 gratus,

2067 3624 2258 3680 neque
2287 3624 2460 3663 verus
2494 3604 2843 3662 monachus.

2142 3893 2264 3948 131.
2293 3893 2481 3947 Judex
2510 3893 2689 3948 etiam
2725 3892 3075 3959 monachus,
3117 3893 3216 3964 qui
3243 3895 3344 3962 jus
3389 3893 3536 3948 dicit
3588 3909 3720 3964 par-

2065 3981 2226 4036 tibus
2259 3981 2520 4036 adversis
2547 3999 2560 4048 ;
2590 3987 2647 4035 et
2667 3981 2964 4051 judicium
2997 3982 3289 4054 separatio
3320 3988 3409 4036 est
3432 3984 3641 4037 animis
3666 3985 3726 4038 et

2065 4071 2326 4140 corporis
2359 4070 2512 4125 sicut
2541 4071 2692 4124 mori
2716 4071 3054 4140 judicatum
3084 4075 3175 4125 est
3205 4071 3359 4142 quod
3387 4073 3445 4125 in
3479 4071 3720 4126 homine
3768 4068 3770 4071 ’

2066 4158 2455 4228 compositum
2511 4163 2622 4212 est.
2672 4157 2806 4220 Quae
2864 4157 3154 4229 separatio
3210 4159 3409 4213 habita
3439 4165 3528 4215 est
3573 4177 3723 4232 opus

2064 4245 2449 4318 philosophiae
2492 4262 2506 4300 ε
2557 4246 2729 4315 cujus
2781 4263 2995 4317 scopus
3042 4252 3182 4302 tunc
3221 4253 3345 4302 erat
3391 4264 3607 4318 corpus
3668 4252 3726 4304 et

2064 4335 2325 4390 animam
2357 4334 2526 4390 unita
2556 4335 2836 4404 dividere,
2870 4342 2928 4390 et
2972 4336 3185 4392 iterum
3234 4337 3424 4393 divisa
3474 4338 3722 4407 conjun-

2062 4439 2398 4496 gere;seu,
2450 4425 2603 4495 quod
2658 4423 2816 4479 idem
2863 4431 2972 4492 est,
3032 4426 3355 4481 interficere
3404 4428 3558 4497 quod
3612 4443 3725 4480 non

2063 4517 2217 4568 recte
2250 4513 2498 4582 vivebat,
2534 4519 2591 4567 et.
2620 4513 2882 4568 occisum
2931 4514 3307 4569 revivificare.
3358 4519 3477 4570 Ista
3531 4533 3730 4570 mona-

2063 4601 2230 4666 chus,
2261 4601 2360 4673 qui
2394 4602 2465 4656 de
2497 4601 2878 4672 simplicitate
2908 4601 3196 4673 gloriatus
3219 4619 3284 4658 eo
3317 4605 3470 4673 quod
3502 4604 3730 4660 litteras

286 4690 382 4745 καὶ
439 4687 580 4761 μηδὲ
629 4689 1044 4764 ἀριστοπραξίας
1104 4686 1527 4761 ἐλλαμπόμενος
1577 4691 1792 4766 χάριτι,
1850 4691 1945 4745 οὐκ

2066 4707 2181 4745 non
2216 4695 2398 4760 curet,
2433 4707 2622 4762 neque
2654 4691 2862 4746 merito
2895 4707 3090 4745 rerum
3140 4693 3371 4764 egregie
3425 4693 3714 4748 factarum

290 4776 414 4833 οῖδα
469 4777 620 4855 εἰπερ
671 4777 873 4848 ἀνύσει,
933 4779 1007 4842 ὡς
1041 4779 1115 4850 μὴ
1148 4775 1437 4851 ψεύδεσθαι
1495 4779 1587 4833 τὸν
1628 4779 1947 4855 φιλοσόφως

289 4869 437 4922 θεῖον
471 4863 753 4935 δικαστὴν,
813 4864 871 4927 ὅς
931 4862 990 4919 οὒ
1018 4865 1152 4919 κατά
1181 4866 1384 4937 νόμους
1414 4864 1541 4926 τοὺς
1573 4866 1753 4941 χαμαὶ
1787 4886 1946 4939 συρο-

295 4954 491 5028 μένους
521 4954 713 5029 κρίνει,
763 4953 908 5010 ἀλλά
949 4952 1076 5016 τοὺς
1124 4951 1376 5026 δακτύλῳ
1412 4958 1544 5008 Θεοῦ
1573 4954 1950 5032 γραφομένους

292 5043 372 5105 εἲς
431 5040 654 5119 καρδίαν
719 5041 1012 5114 σαρκίνην,
1071 5038 1306 5097 εὕεικτον
1365 5046 1479 5114 Θεῷ
1527 5043 1608 5114 τῷ
1664 5043 1944 5121 γράφοντι·

295 5129 454 5190 Ἀλλ’
513 5131 741 5196 ἐνταῦθα
771 5165 837 5173 -
886 5128 931 5186 ὣ
980 5131 1092 5185 οἷον
1133 5129 1304 5206 κρίμα
1334 5129 1533 5206 πάσχει
1583 5131 1610 5186 ὁ
1641 5132 1758 5186 καθ’
1801 5133 1950 5204 ἡμᾶς

293 5221 537 5296 κριτικὸς
594 5221 837 5294 ὁμιλοςί
909 5222 1258 5281 Ἀκούσαντες
1335 5219 1460 5294 γὰρ,
1539 5219 1600 5274 οὐ
1681 5221 1788 5292 μὴν
1856 5222 1944 5275 καὶ

305 5311 702 5384 μεμαθηκότες,
735 5310 914 5386 κριταὶ
974 5310 1127 5377 εἶναι,
1160 5308 1251 5362 καὶ
1305 5305 1649 5379 σπεύδοντες,
1697 5313 1793 5363 τοῦ
1829 5309 1949 5364 λοι-

1377 5396 1562 5460 ἄλλως
1638 5397 1945 5474 ὑποκριταὶ,

304 5488 624 5564 μετάγουσιν
659 5486 879 5550 ἑαυτοὺς
908 5487 993 5542 καὶ
1027 5487 1103 5551 εἷς
1158 5483 1237 5560 (εἷ’
1283 5507 1335 5541 τι
1367 5489 1479 5561 χρή
1514 5485 1685 5549 οὕτως
1746 5486 1947 5561 ὀνομά-

298 5580 407 5651 σαι)
461 5579 805 5651 κατακριτάς.
857 5574 1062 5632 Οὕκοῦν
1096 5577 1310 5631 ὀκνοῦσι
1342 5575 1678 5652 κατακρίνειν
1715 5575 1813 5632 οὐκ
1841 5576 1950 5632 ἐσθ’

296 5662 483 5722 ὅντινα
512 5664 596 5734 ού,
656 5665 1097 5742 παραζηλοῦντες
1151 5665 1374 5719 ἐνταῦθα
1429 5664 1556 5729 τοὺς
1607 5665 1951 5739 ἠξιωμένους

299 5761 481 5832 κρῖναι
512 5756 609 5818 τὰς
643 5752 854 5811 δώδεκα
883 5754 1056 5835 φυλάς
1081 5757 1177 5810 τοῦ
1208 5751 1448 5830 Ἰσραήλ.

301 5404 405 5453 ποῦ
464 5401 539 5474 μὴ
599 5400 703 5456 ὑπὸ
759 5403 969 5474 κριταῖς
1029 5397 1181 5466 εἶναι,
1255 5399 1300 5450 o'

2060 4779 2376 4850 refulgent,
2406 4778 2602 4834 nescio
2635 4783 2836 4833 utrum
2865 4779 3143 4850 perficiet,
3194 4780 3275 4834 ita
3324 4786 3388 4834 ut
3429 4779 3506 4834 sit
3543 4782 3727 4852 judex

2064 4868 2301 4939 sapiens
2334 4873 2389 4922 et
2420 4872 2684 4932 sanctus,
2721 4885 2834 4923 non
2859 4868 3138 4938 judicans
3187 4870 3510 4924 secundum
3560 4869 3722 4940 leges

2059 4954 2229 5010 humi
2260 4960 2553 5027 repentes,
2587 4955 2686 5010 sed
2741 4957 3068 5011 secundum
3117 4957 3366 5030 scriptas
3411 4957 3595 5027 digito
3627 4955 3725 5012 Dei

2060 5043 2119 5099 in
2153 5045 2325 5100 corde
2353 5044 2599 5111 carnali,
2632 5049 2688 5099 et
2718 5044 2898 5100 simili
2931 5045 3046 5100 Deo
3078 5045 3380 5101 scribenti.
3414 5047 3581 5101 Tunc
3622 5063 3727 5101 au-

2061 5137 2178 5188 tem
2201 5163 2268 5174 -—-
2291 5132 2466 5204 qualo
2490 5131 2784 5203 judicium
2818 5134 3072 5204 proteret
3099 5134 3418 5189 multitudo
3442 5134 3718 5204 judicum

2061 5223 2215 5293 apud
2250 5223 2390 5276 nos!
2428 5223 2536 5286 Qui
2568 5239 2702 5276 eum
2737 5222 3063 5293 audissent,
3117 5240 3241 5276 non
3293 5223 3628 5278 didicerunt
3666 5241 3728 5278 se

2055 5311 2289 5382 judiccs
2323 5328 2472 5377 esse,
2507 5315 2563 5366 et
2608 5311 2861 5365 nitentes
2912 5311 3022 5364 sub
3063 5312 3375 5381 judicibus
3426 5329 3541 5366 non
3589 5328 3719 5368 esse

2060 5399 2338 5472 amplius,
2374 5400 2486 5470 ipsi
2520 5400 2689 5455 aliter
2720 5399 3062 5472 hypocriter,
3099 5400 3326 5470 seipsos
3359 5401 3416 5455 in
3447 5402 3724 5457 condem-

2060 5495 2296 5544 natores
2338 5490 2415 5558 {si
2460 5489 2542 5543 ita
2599 5505 2809 5543 vocare
2859 5487 3015 5556 licet)
3088 5495 3446 5560 permutant.
3509 5491 3724 5555 Quem-

2059 5579 2202 5634 libet
2232 5578 2622 5634 condemnare
2674 5595 2790 5632 non
2841 5583 3133 5645 verentur,
3183 5579 3254 5633 ad
3301 5580 3598 5652 exemplar
3627 5597 3722 5636 eo-

2059 5683 2193 5723 rum
2244 5666 2345 5737 qui
2395 5665 2558 5738 digni
2601 5665 2787 5721 habiti
2837 5670 2980 5721 sunt
3048 5670 3111 5722 ut
3165 5667 3476 5725 duodecim
3531 5669 3728 5731 tribus

2060 5754 2242 5813 Israel
2265 5754 2560 5827 judicent.
