4060 6392
390 368 510 430 839

1156 369 1582 434 EUSTATHII
1625 367 2398 432 THESSALONICENSIS
2444 368 3032 434 METROPOLITAZ

3683 383 3824 446 840

458 498 579 555 132.
610 499 719 555 Sed
749 499 860 555 hoc
891 498 1102 556 melius
1133 501 1446 557 ostendent
1471 500 1646 556 verba
1683 498 1991 573 sequentia

2211 496 2355 588 ρλβ’.
2383 494 2563 555 Ἀλλᾶ
2589 498 2880 588 τοῦτο-,μὶν
2910 499 2940 554 6
2966 497 3135 575 λόγος
3181 500 3527 571 ὑποκαταϐὰς
3581 507 3826 588 ἐκφανεῖ

381 587 498 644 Nos
531 591 726 644 autem
754 605 963 645 rursus
994 589 1291 662 proposita
1326 588 1527 663 regula
1558 589 1924 659 monachica,
1955 588 1999 643 di

2137 586 2484 663 σαφέστερον·
2517 588 2682 660 ἡμεῖς
2740 584 2797 642 δὲ
2852 591 2950 642 τοῦ
3011 594 3319 665 μοναχικοῦ
3350 584 3671 669 γενόμενοι*
3701 600 3818 656 πά-

384 679 603 735 mundo
649 694 775 733 esse
822 678 1175 734 monachum
1243 678 1516 747 dicimus,
1567 682 1624 734 et
1669 677 1799 733 ideo
1847 694 1999 750 supra

2135 671 2223 766 λιν
2277 674 2632 766 δρου,φαμέν
2684 675 2777 731 καὶ
2837 677 2929 766 δτι.
2974 677 3186 766 κόσμου
3243 679 3385 736 ἐστὶν
3442 685 3470 738 6
3527 690 3814 766 μοναχός·

384 769 699 823 mundum.
733 767 788 822 Si
825 771 1017 822 autem
1052 768 1224 823 rebus
1269 768 1582 823 mundanis
1619 766 1846 840 proprie
1876 767 2023 822 assi-

384 854 647 914 milaturi
682 872 796 928 quo
830 856 998 911 modo
1029 842 1159 911 vere
1190 873 1368 928 supra
1419 857 1703 912 mundum
1749 852 2023 911 dicetur?

384 946 451 1001 Et
482 960 598 1018 qua
627 945 849 1001 ratione
879 945 979 1016 qui
1012 962 1191 1017 supra
1241 947 1527 1002 mundum
1575 950 1682 1013 est,
1717 950 1769 1002 et
1804 946 2021 1000 mundo

376 1034 569 1090 adhuc
601 1035 842 1106 indiget,
877 1033 1001 1106 ipse
1030 1034 1282 1091 ludibrio
1316 1052 1431 1091 non
1462 1036 1573 1090 erit
1601 1033 1625 1089 Ρ
1656 1034 1794 1091 Tale
1829 1039 1916 1090 est
1945 1035 2017 1089 ad

375 1122 810 1195 corripiendum
846 1123 943 1177 ubi
978 1124 1197 1180 mundo
1231 1126 1566 1180 mundanus
1597 1124 2014 1197 indiget,quasi

371 1210 455 1266 sal
488 1210 607 1267 sale
643 1211 924 1266 infatuato
959 1210 1248 1284 indigens.
1302 1212 1653 1269 Monachum
1698 1216 1915 1280 autem,
1954 1215 2017 1267 ut

366 1315 601 1356 omnem
633 1299 956 1369 hominem,
986 1301 1134 1357 ratio
1164 1305 1439 1371 exornat;
1474 1303 1784 1375 quaerenda
1814 1306 1903 1359 est
1922 1318 2013 1357 er-

364 1405 437 1462 go
468 1389 573 1445 tibi
605 1389 814 1458 ratio,o
841 1390 1427 1462 magnificentissime
1449 1407 1517 1446 ex
1547 1407 1760 1463 magno
1786 1389 2012 1457 habitu,

363 1481 429 1534 ut
459 1494 562 1550 per
592 1495 720 1535 eam
756 1479 863 1535 fias
887 1480 1677 1544 ornatior.Quemadmodum
1711 1480 1865 1535 enim
1899 1479 2014 1534 alia

363 1567 632 1639 quaedam
664 1567 797 1624 aliis
850 1569 1195 1640 corporibus
1236 1576 1295 1623 et
1323 1568 1521 1636 rebus,
1554 1568 1639 1624 sic
1687 1569 1826 1624 ordo
1870 1568 2012 1625 viris

357 1655 533 1725 veris,
564 1654 718 1710 inter
748 1673 895 1727 quos
925 1661 1016 1712 est
1044 1673 1214 1713 verus
1264 1657 1613 1725 monachus,
1668 1655 1814 1712 nihil
1849 1655 2007 1712 aliud

358 1749 451 1801 est
479 1749 656 1816 atque
687 1745 834 1802 ratio
861 1761 993 1801 cum
1026 1746 1241 1802 virtute
1272 1744 1475 1816 activa,
1518 1761 1548 1801 e
1580 1761 1694 1818 qua
1725 1745 1823 1818 qui
1858 1746 2006 1801 exci-

358 1833 495 1889 disti
527 1851 561 1889 a
593 1833 906 1906 principio,
940 1834 1040 1908 qui
1073 1834 1297 1891 litteras
1329 1839 1385 1891 et
1418 1835 1705 1891 actionem
1748 1834 2002 1907 ignoras,

356 1938 491 1978 ama
525 1923 783 1979 secundo
815 1922 941 1980 loco
972 1923 1241 1979 homines
1272 1922 1377 1979 tibi
1445 1922 1787 1979 dissimiles.
1827 1925 1893 1978 Et
1922 1923 2006 1979 sic

354 2015 480 2067 esto
516 2011 712 2084 aliquo
746 2013 915 2067 modo
948 2013 1075 2084 ipse
1107 2012 1344 2085 sapiens
1384 2013 1676 2084 (quaedam
1714 2011 2006 2084 sapientia

353 2105 444 2158 est
473 2101 629 2158 enim
657 2101 949 2174 sapientes
979 2101 1492 2174 diligere),eosque
1522 2101 1771 2157 nimium
1804 2106 1861 2157 et
1887 2102 2003 2157 im-

351 2191 638 2263 pudenter
660 2207 731 2246 ne
748 2195 1222 2261 contemnas,pro
1250 2191 1504 2247 maxima
1526 2192 1744 2263 injuria
1769 2192 2003 2247 nomine

349 2278 590 2336 litterati
623 2284 882 2352 accepto.
915 2284 998 2334 Tu
1030 2296 1162 2335 vero
1194 2279 1244 2336 si
1286 2281 1461 2336 homo
1494 2280 1717 2353 peritus
1766 2297 1883 2336 non
1915 2297 1997 2349 es,

356 2386 547 2443 neque
576 2368 726 2426 tales
756 2385 944 2440 amas,
978 2369 1062 2425 sic
1095 2385 1199 2424 nec
1230 2369 1481 2441 gloriam
1521 2386 1588 2425 ex
1631 2370 1862 2426 actibus
1911 2385 1999 2425 ac-

352 2458 557 2531 cepisti
590 2475 604 2515 :
638 2458 831 2532 cogita
858 2474 1114 2531 quonam
1139 2458 1199 2513 in
1230 2457 1356 2514 loco
1384 2458 1822 2515 interhomines
1851 2458 2000 2514 ordi-

351 2551 526 2604 natus
559 2547 662 2604 sis.
705 2547 829 2603 Non
883 2547 1143 2620 profecto
1182 2546 1336 2603 inter
1366 2546 1691 2603 laudabiles
1735 2547 1830 2620 (ne
1859 2548 1994 2619 quid

348 2636 619 2695 acerbius
649 2634 884 2708 dicam),
917 2634 1026 2691 hoc
1074 2640 1270 2690 autem
1323 2652 1438 2691 non
1488 2653 1700 2692 novum
1751 2641 1839 2692 est
1868 2653 1995 2692 om-

347 2728 488 2786 nino
556 2725 855 2784 hominem
909 2724 1057 2780 nihil
1108 2724 1412 2796 superbire
1457 2730 1694 2798 prOpter
1737 2742 1995 2781 amorem

346 2818 441 2874 sui
503 2816 719 2891 ipsius,
784 2830 957 2889 quem
1029 2812 1328 2889 plerisque
1414 2813 1721 2870 hominum
1788 2819 1997 2871 natura

346 2907 581 2964 indidit.

421 3125 542 3181 133.
574 3126 817 3183 Credere
845 3142 1018 3198 porro
1047 3142 1114 3181 ac
1143 3140 1493 3198 persuasum
1524 3125 1737 3181 habere
1763 3122 1991 3179 nullum

2133 761 2218 818 διὸ
2248 764 2337 819 καὶ
2371 765 2755 842 ὑπερκόσμιος.
2792 765 2859 820 Ei
2911 763 2966 821 δὲ
3002 762 3131 830 ⁴τοῖς
3179 773 3276 824 τοῦ
3325 770 3539 846 κόσμου
3572 761 3811 834 συνανα-

2130 853 2435 928 χρώννυται
2477 851 2792 921 ἰδιωτικῶς,
2826 858 2943 917 πῶς
2995 856 3053 911 ἂν
3104 857 3168 912 τὸ
3229 859 3597 935 ὑπερκόσμιον
3669 865 3807 924 ἐπα-

2131 940 2388 1013 ληθεύσοι
2421 942 2601 1016 αὖτῷ;
2640 944 2765 1006 Πῶς
2811 940 2868 998 δὲ
2922 946 2949 999 6
3009 945 3142 1023 ὑπὲρ
3201 947 3291 1002 τὸν
3348 949 3557 1023 κόσμον
3612 952 3807 1029 δεδεη-

2131 1030 2290 1105 μένος
2346 1033 2555 1106 κόσμου
2606 1033 2696 1088 καὶ
2754 1031 2913 1094 αὖτὸς
2971 1034 3070 1088 οὐκ
3125 1033 3189 1089 ἂν
3267 1035 3489 1116 ὀφλήσῃ
3570 1043 3798 1118 γὲλων;

2124 1121 2356 1193 ’Ὁμοιον
2415 1122 2516 1197 γάρ
2563 1142 2615 1177 τι
2659 1123 2797 1195 πρὸς
2846 1121 3076 1198 μέμψιν,
3109 1122 3154 1178 εἷ
3202 1125 3415 1198 κόσμου
3466 1129 3795 1205 προσδὲεται

2125 1210 2154 1264 6
2220 1209 2474 1284 κόσμιος,
2506 1212 2613 1276 ,ὡς
2672 1210 2717 1265 εί
2773 1212 2860 1266 καὶ
2919 1211 2981 1266 τὸ
3034 1210 3171 1276 ἅλας
3235 1216 3501 1290 νοστίμου
3560 1219 3781 1286 ἄλατος.

2123 1304 2330 1373 Κοσμεῖ
2386 1296 2443 1354 δὲ
2498 1299 2765 1375 μοναχὸν,
2800 1298 2981 1376 ὥσπερ
3038 1301 3128 1356 καὶ
3185 1304 3357 1358 πάντα
3415 1305 3709 1383 ἄνθρωπον,
3745 1314 3773 1367 6

2123 1386 2310 1462 λόγος.
2341 1386 2733 1443 Μετελευστέον
2796 1410 2881 1444 σοι
2939 1386 3041 1462 ἄρα
3094 1389 3187 1445 τὸν
3250 1390 3436 1468 λόγον,
3485 1396 3530 1450 ὧ
3575 1394 3658 1453 διὰ
3706 1401 3769 1455 τὸ

2123 1473 2556 1553 μεγαλόσνχημδν
2606 1477 3102 1553 εὐσχημονέστατε,
3154 1477 3248 1535 ’ίνα
3328 1479 3399 1537 δι’
3454 1484 3612 1540 αὖιοῦ
3692 1488 3780 1544 ἐπὶ

2118 1564 2286 1621 πλέον
2319 1562 2438 1637 εἲής
2467 1568 2895 1642 κοσμικώτερος.
2930 1568 3145 1641 Κόσμος
3178 1571 3284 1646 γὰρ
3342 1570 3526 1650 ὥσπερ
3586 1573 3785 1641 ἄλλοις

2115 1658 2224 1709 τῶν
2284 1656 2554 1728 σωμάτων
2600 1656 2690 1711 καὶ
2742 1660 2851 1711 τῶν
2902 1657 3246 1734 πραγμάτων
3280 1658 3426 1716 ἄλλα
3456 1666 3601 1736 τινὰ,
3636 1666 3789 1724 οὕτω

2116 1744 2204 1798 καὶ
2266 1745 2537 1820 ἀνθρώπῳ
2579 1748 2659 1817 τῷ
2709 1744 2931 1818 κυρίως,
2968 1745 3029 1800 οὗ
3081 1746 3245 1823 μέρος
3290 1749 3383 1803 καὶ
3428 1751 3457 1805 6
3488 1759 3608 1808 κατ’
3638 1752 3788 1827 ἀλή-

2117 1834 2261 1888 θειαν
2293 1834 2557 1908 μοναχὸς,
2591 1830 2752 1888 οὐδὲν
2785 1831 2928 1889 ἄλλο
2954 1833 2990 1903 ἢ
3025 1830 3213 1911 λόγος,
3240 1837 3267 1891 6
3294 1838 3431 1910 μετά
3459 1838 3788 1916 ἐμπράκτου

2114 1921 2331 1997 ἀρετῆς·
2364 1922 2529 1998 οὗπερ
2562 1922 2837 2009 ἐκπίπτων
2874 1922 2935 1977 σὺ
2960 1924 3060 1993 τὴν
3095 1924 3297 2001 ἀρχὴν,
3332 1927 3360 1981 6
3410 1929 3502 1983 καὶ
3553 1931 3783 2009 ἀγράμ-

2118 2032 2287 2084 ματος
2340 2012 2430 2067 xui
2512 2008 2638 2066 οὐδὲ
2711 2011 3027 2088 πρακτικὸς,
3086 2013 3268 2090 ἀγάπα
3325 2012 3562 2095 δευτέρῳ
3621 2008 3786 2097 λόγῳ

2111 2100 2237 2164 τοὺς
2273 2104 2348 2175 μή
2381 2102 2515 2157 κατᾶ
2546 2102 2623 2158 σε.
2658 2102 2761 2158 Καὶ
2793 2100 2939 2157 οὕτω
2968 2102 3124 2177 γίνου
3171 2104 3375 2181 τρόπον
3426 2110 3549 2164 τινὰ
3607 2114 3782 2190 σοφὸς

2110 2191 2197 2245 καὶ
2232 2191 2394 2254 αὐτός
2426 2190 2613 2269 (σοφία
2634 2192 2737 2267 γάρ
2766 2212 2849 2255 τις
2877 2191 2968 2246 καὶ
3007 2192 3069 2246 τὸ
3112 2191 3293 2270 φιλεῖν
3341 2195 3470 2259 τοὺς
3525 2199 3779 2279 σοφοὺς),

2108 2279 2199 2334 καὶ
2288 2282 2361 2354 μὴ
2441 2279 2698 2351 ἐξουθενει
2757 2277 2951 2351 ἀνέδην
3006 2280 3099 2335 καὶ
3170 2277 3667 2360 ἀπαρακαλύπτως,
3721 2289 3775 2344 ἓν

2109 2363 2261 2445 ὕϐρει
2292 2369 2518 2445 μεγίστῃ
2549 2369 2716 2433 τιθεῖς
2742 2369 2806 2423 τὸ
2843 2394 2864 2420 ι
2899 2371 3272 2444 γραμματικέ.
3307 2395 3337 2425 »
3396 2373 3461 2430 Ei
3515 2373 3574 2431 δὲ
3632 2380 3779 2450 μήτε

2107 2456 2172 2512 σὺ
2204 2456 2464 2532 ἔρμαϊκὸς
2513 2459 2798 2533 ἄνθρωπος
2842 2458 2906 2527 εἴ,
2944 2459 3085 2531 μήτε
3126 2460 3338 2534 ἀγαπᾷς
3392 2461 3520 2526 τοὺς
3580 2465 3774 2520 τοιού-

2105 2566 2254 2615 τους,
2287 2546 2376 2601 καὶ
2409 2544 2622 2602 οὐδὲτὸ
2648 2545 2708 2602 ἐκ
2734 2552 2843 2601 τῶν
2892 2546 3135 2621 πράξεων
3184 2545 3330 2624 ἔχεις
3374 2548 3767 2625 ἐπικόσμημα-

2106 2635 2170 2691 σὺ
2214 2634 2373 2699 αὐτὸς
2423 2635 2662 2713 λόγισαι,
2711 2634 2877 2700 ποίας
2920 2637 3121 2709 τάξεως
3168 2636 3218 2693 ἐν
3267 2637 3574 2713 ἀνθρώποις
3623 2640 3762 2695 εἶναι

2102 2724 2430 2801 τετόχηκας.
2465 2728 2592 2783 ’Ότι
2647 2722 2865 2796 δηλαδή
2927 2724 2991 2781 οὗ
3048 2727 3153 2795 τής
3207 2725 3599 2800 ἐπαινουμένης
3650 2726 3764 2801 (ἵνα

2107 2816 2183 2888 μή
2234 2835 2285 2869 τι
2343 2813 2678 2890 τραχύτερον
2732 2812 2915 2888 ε’ίπω),
2950 2812 3099 2870 ἀλλὰ
3142 2818 3303 2870 τοῦτο
3358 2815 3450 2889 μὲν
3504 2815 3574 2871 οὖ
3641 2816 3765 2873 λίαν

2103 2905 2243 2958 πάνυ
2273 2904 2481 2971 καινὸν,
2514 2902 2565 2959 ei
2597 2900 2767 2976 μηδὲν
2801 2902 2874 2958 ὣν
2908 2900 3206 2979 ἀλαζονεύῃ
3231 2901 3323 2959 διὰ
3364 2903 3429 2959 τὸ
3477 2903 3764 2982 φίλαυτον,

2104 2993 2132 3048 ὃ
2160 2998 2277 3056 τοῖς
2300 2991 2518 3048 πλείοσι
2546 2997 2654 3047 τῶν
2681 2992 2981 3067 ἀνθρώπων
3013 2994 3386 3072 παραπέφυκε.

2176 3117 2312 3194 ρλγ’.
2344 3118 2422 3175 T6
2471 3116 2529 3172 δὲ
2574 3117 2664 3173 καὶ
2717 3118 2795 3190 μὴ
2846 3117 3116 3190 νομίζειν,
3145 3116 3294 3174 ἀλλὰ
3337 3116 3542 3193 κρίνειν
3585 3121 3656 3181 ὡς
3703 3119 3750 3174 ἕν

347 3211 530 3270 alium
547 3214 652 3269 tibi
668 3215 1073 3286 praestare,sed
1088 3213 1194 3270 tibi
1214 3214 1400 3286 primo
1421 3212 1645 3269 nullum
1663 3213 1988 3269 secundum

2111 3203 2478 3284 πληροφορίᾳ,
2511 3204 2594 3260 ὅτι
2649 3202 2829 3267 οὐδεὶς
2887 3201 3073 3281 ἕτερος
3128 3206 3259 3281 ὑπὲρ
3314 3205 3395 3275 σε,
3427 3205 3571 3262 ἀλλά
3617 3227 3746 3278 συμο

344 3319 495 3374 esse,
526 3302 685 3361 istud
718 3304 1064 3375 arrogantiae
1095 3304 1188 3357 cui
1220 3302 1461 3358 insaniae
1502 3302 1821 3358 attribuam
1844 3302 1871 3356 ?
1891 3302 1994 3355 Vir

343 3394 502 3448 enim
534 3398 716 3449 nauta
736 3391 1560 3461 solummodo,ordinationem
1575 3390 1862 3447 exercitus
1876 3407 1990 3445 non

344 3482 673 3554 praesumit,
687 3486 745 3537 et
764 3481 851 3535 vir
868 3497 1166 3536 armorum
1184 3481 1458 3535 nauticus
1489 3479 1602 3535 dici
1633 3477 1995 3550 veretur;qui

342 3570 499 3641 agris
522 3569 855 3625 excolendis
885 3574 975 3624 est
1006 3568 1493 3635 addictus,artem
1526 3568 1852 3624 aedificandi
1877 3584 1991 3623 non

334 3659 558 3731 jactat;
591 3658 811 3730 quique
858 3658 1128 3727 aedificat,
1178 3657 1450 3726 ignarum
1516 3657 1883 3729 agriculturae
1930 3673 1993 3711 se

341 3746 667 3818 proﬁtetur.
697 3746 766 3801 Et
786 3746 917 3817 quis
963 3761 1221 3816 unquam
1253 3761 1316 3800 se
1358 3746 1711 3817 magistrum
1755 3746 1994 3816 jactitat

342 3851 546 3892 earum
586 3851 782 3890 rerum
828 3850 976 3905 quas
1022 3850 1136 3888 non
1186 3832 1434 3889 didicit?
1466 3834 1591 3891 Non
1641 3834 1823 3903 faber,
1874 3850 1992 3889 non

343 3925 554 3996 pictor,
589 3940 700 3978 non
735 3922 1114 3989 citharoedus,
1164 3939 1278 3978 non
1329 3922 1521 3992 quivis
1570 3922 1744 3980 alius.
1790 3923 1993 3993 Neque

342 4012 452 4069 hoc
480 4012 627 4070 satis
655 4020 744 4068 est
769 4030 783 4078 ;
815 4012 918 4067 sed
949 4011 1204 4066 artifices
1225 4011 1564 4068 consimiles
1590 4013 1682 4067 sui
1702 4011 1994 4067 mirantur

340 4102 404 4157 hi
425 4101 821 4168 homines,ubi
844 4107 1075 4171 tempus
1097 4100 1350 4165 est,licet
1372 4117 1485 4156 non
1509 4100 1681 4172 plane
1694 4098 1992 4156 studiosOs

342 4188 404 4247 in
436 4190 667 4263 magnis
699 4190 894 4245 rebus.
926 4189 1011 4244 Tu
1045 4194 1265 4255 autem,
1298 4205 1403 4244 nec
1429 4190 1728 4262 operibus,
1750 4207 1854 4244 nec
1875 4206 1993 4245 ser-

342 4280 621 4336 monibus
649 4277 1045 4350 (conspicuus,
1095 4276 1371 4333 omnibus
1418 4280 1693 4349 anteponi
1749 4277 1873 4344 vis;
1908 4286 1993 4332 tu-

345 4384 516 4440 agere
547 4367 736 4439 eligis,
780 4367 838 4422 id
889 4382 1022 4421 vero
1075 4383 1188 4421 non
1241 4365 1419 4428 vales.
1467 4383 1537 4421 ex
1587 4367 1696 4421 hoc
1738 4366 1994 4423 totaliter

343 4457 570 4528 lapsus,
599 4458 722 4527 jam
753 4471 1082 4511 sermonem
1115 4453 1282 4509 nihili
1317 4456 1615 4521 facis,imo
1646 4472 1781 4511 eum
1813 4474 1846 4510 a
1875 4456 1993 4510 vita

342 4550 465 4613 tua,
496 4545 658 4601 velut
678 4550 935 4600 stercora
963 4558 993 4598 e
1024 4544 1198 4597 domo
1230 4542 1542 4614 splendida
1570 4544 1753 4614 ejicis.
1774 4543 1991 4599 Idcirco

2103 3295 2397 3367 πρωτεύων
2458 3292 2584 3350 οὐδὲ
2632 3295 2724 3350 τὸν
2796 3292 3176 3371 δευτερεύοντα
3230 3289 3398 3371 ἔχεις,
3459 3295 3522 3350 τὸ
3587 3294 3756 3372 παρά-

2102 3382 2256 3458 δοξον
2311 3389 2416 3439 ποῦ
2475 3404 2606 3438 ποτε
2660 3383 2957 3456 παρανοίας
3020 3384 3394 3458 θήσομαι;’0
3450 3384 3760 3458 καταμόνας

2101 3474 2351 3535 ναυτικὸς
2406 3472 2721 3549 ἀπαρνεῖται
2779 3472 2847 3526 τὰ
2902 3473 3131 3527 τακτικά
3164 3492 3177 3505 ·
3231 3474 3260 3526 6
3318 3471 3440 3547 περῖ
3495 3474 3563 3528 τᾶ
3618 3471 3766 3529 ὅπλα

2103 3562 2251 3618 ὀκνεῖ
2305 3559 2708 3637 θαλαττουργὸς
2766 3558 3129 3636 ἐπιλέγεσθαι·
3183 3562 3211 3616 6
3267 3555 3766 3636 παραϐεϐλημένος

2100 3652 2269 3727 τέχνῃ
2303 3652 2578 3725 γεωργικῇ
2636 3648 2746 3725 οὐχ
2802 3650 3147 3725 ὑπισχνεῖταν
3201 3650 3301 3719 τήν
3354 3652 3697 3722 τεκτονικήψ
3733 3652 3763 3706 6

2099 3739 2300 3795 τέκτων
2332 3739 2519 3814 ἀφυῶς
2585 3735 2730 3814 ἔχειν
2780 3743 2878 3793 τοῦ
2916 3744 3178 3815 γεωργεῖν
3241 3737 3532 3813 ὁμολογεῖ.
3564 3742 3656 3801 Τίς
3714 3735 3768 3794 δ’

2102 3827 2161 3884 ἂν
2188 3825 2413 3890 ἕκαστος
2442 3832 2549 3883 τῶν
2611 3824 2799 3883 ἄλλων
2857 3826 3180 3901 ἐπιστήμων
3235 3827 3548 3903 ὑπόσχηται
3602 3829 3769 3900 εἶναι,

2103 3920 2176 3972 ὧν
2206 3918 2309 3973 οὐκ
2339 3913 2479 3972 οἶδεν
2505 3935 2520 3985 ;
2552 3915 2624 3971 Οὐ
2658 3915 2921 3992 χαλκεὺς,
2953 3917 3023 3971 οὐ
3060 3917 3364 3991 ζωγράφος,
3394 3917 3457 3971 οὐ
3513 3916 3772 3993 λυρικὸς,

2102 4007 2204 4062 οὐκ
2250 4002 2423 4068 ἄλλος
2472 4001 2669 4068 οὐδείς.
2726 4005 2822 4058 Καὶ
2882 4003 2983 4059 οὐκ
3039 4004 3170 4060 αὐτὸ
3230 4004 3418 4076 μόνον’
3468 4002 3617 4060 ἀλλὰ
3669 4006 3777 4061 καὶ

2099 4096 2227 4158 τοὺς
2259 4095 2382 4170 περὶ
2413 4094 2480 4150 τὰ
2509 4094 2686 4172 σφίσιν
2733 4092 2900 4167 ὅμοια
2925 4092 3178 4171 τεχνίτας
3228 4094 3286 4148 οἱ
3333 4098 3575 4149 τοιοῦτοι
3634 4095 3777 4150 θαυ-

2107 4186 2389 4258 μάζουσιν,
2423 4180 2479 4239 εἷ’
2528 4205 2634 4238 που
2677 4183 2891 4255 καιρὸς,
2945 4183 3035 4237 καὶ
3095 4186 3266 4239 ταῦτα
3325 4179 3470 4255 μηδὶ
3524 4182 3580 4245 ὂς
3639 4182 3777 4239 λίαν

2101 4270 2428 4334 σπουδαίους
2484 4267 2641 4334 ὄντας
2700 4270 2788 4326 ἐπὶ
2844 4269 3111 4346 μεγάλοις
3174 4271 3295 4335 καθ’
3325 4270 3628 4347 ὑπεροχήν.
3687 4272 3782 4328 Σὺ

2103 4359 2161 4416 δὲ
2191 4359 2315 4417 οὔτε
2370 4358 2572 4437 ἔργοις,
2605 4357 2729 4415 οὔτε
2785 4359 2973 4435 λόγοις
3034 4357 3248 4432 ἀξίωμα
3304 4357 3586 4431 πλουτῶν,
3634 4359 3785 4417 ἀπο-

2099 4456 2314 4524 τολμᾷς
2375 4449 2758 4526 ὑπερπίρεσθαι
2816 4449 3049 4503 πάντων
3082 4447 3172 4503 καὶ
3227 4449 3327 4518 τὴν
3389 4448 3582 4524 πρᾶξιν
3641 4447 3784 4505 ἐπι-

2104 4537 2424 4614 λεγόμενος,
2482 4538 2572 4592 καὶ
2623 4534 2757 4592 αὐδὶ
2806 4535 2976 4607 αὐτῆς
3032 4536 3334 4612 εὖοτοχῶν,
3388 4533 3517 4592 ἀλλ’
3567 4536 3648 4600 εἰς
3703 4540 3784 4595 τὸ

344 4651 551 4693 omnes
582 4633 865 4690 litteratos
916 4630 1230 4702 repellens,
1267 4613 1337 4685 iet
1384 4631 1574 4703 ipsam
1603 4613 1993 4703 sapientiam,

2111 4613 2354 4701 παράπαν
2437 4623 2769 4681 διεκπίπτων
2846 4624 3014 4695 αὐτῆς
3047 4669 3061 4695 ,
3116 4624 3181 4680 οὗ
3245 4624 3410 4697 μόνον
3470 4623 3522 4680 ἐν
3584 4623 3780 4684 οὐδενὶ

341 4730 626 4796 tanquam
658 4722 976 4794 superbam
1021 4723 1080 4774 et
1129 4725 1527 4790 arrogantem,
1586 4726 1990 4787 contemnens,

342 4813 505 4886 ipsos
535 4826 803 4868 summos
833 4807 1143 4880 pontilices
1176 4806 1432 4877 repellis.
1475 4807 1580 4863 Vix
1627 4813 1868 4864 tonsura
1899 4809 1993 4864 in-

344 4901 622 4974 signitus,
658 4905 722 4954 ut
768 4898 890 4953 ovis
943 4894 1046 4951 Dei
1093 4895 1340 4950 dextera;
1390 4897 1542 4967 parti
1590 4897 1843 4965 addicta,
1876 4915 1993 4952 non

339 4991 511 5062 juxta
540 4988 758 5056 haedos,
794 5000 927 5041 mox
952 4982 1302 5038 cornibusin
1324 4999 1424 5040 eos
1454 4985 1854 5058 insurgisjam
1877 5003 1991 5041 non

345 5080 534 5136 ovinis
547 5074 826 5133 cornibus
850 5072 1163 5140 uteris,sed
1179 5072 1349 5143 quasi
1371 5072 1611 5146 elephas
1630 5075 1798 5147 nigra
1844 5073 1995 5146 pelle

345 5168 553 5225 niteris
582 5171 717 5222 ante
742 5163 943 5218 omnia
991 5177 1201 5216 vanam
1245 5161 1547 5218 victoriam
1598 5168 1896 5235 reportare
1924 5164 1995 5218 de

345 5255 632 5330 superiori
663 5252 972 5309 hominum
1022 5249 1251 5318 ordine,
1301 5256 1368 5305 ut
1414 5267 1530 5307 uno
1582 5252 1736 5307 saltu
1768 5254 1995 5323 absque

341 5347 563 5416 labore,
595 5341 819 5399 caeteris
850 5337 1182 5395 antecedas.
1213 5337 1353 5408 {Nec
1397 5356 1594 5396 cessas
1638 5358 1805 5397 arma
1848 5340 1997 5397 ferre

343 5437 405 5492 in
453 5432 674 5491 summi
719 5427 1095 5502 pontiﬁcatus
1146 5424 1567 5498 ministerium,
1618 5428 1843 5485 scilicet
1894 5429 1992 5501 qui

343 5525 461 5580 Deo
491 5521 746 5577 similem
778 5515 1043 5588 facit,qui
1076 5530 1280 5569 omnes
1306 5515 1363 5570 in
1399 5517 1512 5572 Deo
1536 5516 1996 5588 sanctificat,qui

348 5612 406 5665 in
440 5611 555 5665 Deo
584 5615 695 5673 est,
724 5606 821 5679 qui
856 5604 1052 5660 statim
1090 5609 1224 5674 post
1254 5602 1435 5659 Deum
1473 5606 1767 5662 maximus
1816 5611 1906 5661 est
1934 5604 1994 5659 in

350 5696 725 5752 mundo.Non
755 5693 910 5750 enim
934 5692 1171 5765 ignoras
1204 5690 1413 5748 salutis
1446 5697 1655 5750 nostra:
1685 5694 1995 5768 poniﬁcem

2105 4712 2230 4771 οὐδὲ
2282 4715 2375 4771 τὸν
2436 4713 2607 4790 λόγον
2638 4714 2822 4783 τίθης,
2852 4712 3000 4769 ἀλλᾶ
3026 4713 3116 4769 καὶ
3156 4709 3447 4778 ἐκϐάλλεις
3474 4713 3637 4770 αὐτὸν
3669 4722 3779 4771 τοῦ

2103 4804 2239 4860 κατὰ
2266 4806 2324 4860 σὶ
2375 4803 2520 4880 βίου,
2553 4804 2652 4858 ὅσα
2697 4803 2786 4858 καὶ
2837 4803 3094 4881 συρφετὸν
3142 4801 3296 4858 o'ixou
3344 4800 3627 4879 λαμπροῦ.
3674 4806 3777 4862 Διὸ

2102 4894 2193 4948 καὶ
2250 4895 2452 4955 πάντας
2511 4891 2906 4969 ἐκτρεπόμενος
2962 4891 3092 4955 τοὺς
3149 4886 3255 4948 ἔσω
3299 4890 3494 4968 λόγου,
3524 4893 3616 4948 καὶ
3666 4896 3773 4964 τήν

2105 4981 2407 5058 λογιότητα
2454 4979 2879 5057 παρωθούμενος
2930 4978 3021 5037 διὰ
3072 4986 3244 5060 τῦφον
3304 4983 3394 5037 καὶ
3448 4981 3769 5051 ἀλαζονείαν

2106 5066 2579 5147 ὑπερϐάλλουσαν,
2633 5070 3024 5145 άποπροσποιῇ
3112 5071 3204 5126 καὶ
3275 5070 3405 5133 τοὺς
3463 5071 3800 5148 ἀρχιερεῖςο⁵

2106 5161 2220 5233 ἅμα
2275 5162 2616 5236 κειράμενος,
2672 5161 2761 5215 οἷα
2818 5163 2951 5215 Θεοῦ
3014 5155 3310 5236 ,πρόϐατον
3370 5157 3515 5232 δεξιᾷ
3571 5158 3757 5224 ἐπικη-

2106 5249 2302 5326 ρυχθὶν
2387 5251 2590 5318 στάσει,
2650 5247 2713 5304 οὐ
2800 5249 2907 5321 μὴν
2984 5247 3055 5323 τῇ
3113 5250 3251 5304 κατὰ
3308 5246 3518 5327 ἕφιρον,
3568 5246 3756 5313 αὔτικα

2105 5341 2514 5418 κερασφορήσας
2558 5337 2640 5393 ἐπ’
2673 5338 2883 5406 αὐτοῖς,
2922 5338 3013 5392 καὶ
3068 5336 3335 5414 κυρίττων
3394 5337 3572 5394 οὐκέτι
3622 5334 3768 5391 νιατό⁸

2105 5423 2400 5499 πρόϐατον,
2444 5424 2590 5483 ἀλλὰ
2636 5425 3049 5505 κελαινορῥίνου
3090 5423 3245 5499 δίκην
3302 5425 3616 5505 ἐλέφαντος,
3676 5424 3772 5481 καὶ

2105 5514 2158 5571 ἐν
2219 5517 2458 5591 πρώτοις
2506 5514 2857 5595 φιλονεικῶν,
2918 5517 3054 5572 κατὰ
3103 5517 3198 5573 τοῦ
3255 5518 3507 5592 μείζονος
3567 5516 3620 5570 ἐν
3678 5516 3775 5571 ἀν-

2108 5604 2348 5677 θρώποις
2410 5606 2622 5680 βαθμοῦ
2677 5604 2831 5676 νίκην
2884 5602 3099 5683 φαύλην
3156 5608 3466 5680 στήσεσθαι,
3500 5602 3596 5660 ’ἱνα
3652 5606 3780 5660 καθ’

2104 5691 2161 5751 ἓν
2218 5693 2372 5769 ἅλμα
2429 5699 2546 5759 τοῖς
2617 5688 2813 5760 ἄλλοις
2871 5689 3299 5772 προσεπιϐαίνῃς
3376 5693 3641 5769 ἀμογητί.
3698 5693 3780 5751 Οὔ
