4060 6416
310 429 432 491 εει

1333 425 1442 488 DE
1479 425 1974 488 EMENDANDA
2012 426 2196 489 VITA
2240 424 2728 488 MONACHICA.

3617 423 3742 485 842

312 559 458 635 παύῃ
489 555 582 616 οὗν
638 553 1068 631 ἐξοπλιζόμενος
1121 553 1200 620 εἷς
1242 557 1656 634 ἀρχιερωσύνης
1693 553 1965 632 πόλεμον,

2106 559 2189 615 )ei
2219 560 2454 616 nomine
2505 576 2620 616 non
2650 559 2956 627 confundi,
3009 559 3110 630 qui
3159 559 3230 615 de
3277 558 3639 632 episcopatu,
3672 561 3743 616 ut

311 656 414 721 τῆς
463 651 836 722 θεομιμητου,
890 654 993 716 τῆς
1050 645 1265 701 πάντων
1345 648 1664 721 ἁγιαστικῆς
1723 635 1773 701 ἐν
1836 651 1976 720 Θεῷ,

2087 648 2172 705 ita
2204 649 2416 718 dicam,
2450 649 2665 706 electos
2716 666 2857 705 suos
2906 649 3177 704 observat
3209 666 3222 716 ;
3272 648 3513 705 minime
3544 652 3742 704 autem

311 742 410 810 τῆς
462 738 672 806 ἐνθέου,
729 743 831 806 τῆς
893 735 1047 798 εὐθὺς
1103 735 1238 810 μετὰ
1289 735 1417 792 Θεὸν
1479 731 1532 790 ἔν
1575 758 1635 812 γε
1682 741 1798 799 τοῖς
1842 737 1980 790 κατὰ

2106 739 2485 792 νεοοτιιηάοω
2517 755 2732 808 senem,
2767 754 2872 793 nec
2901 736 3078 793 etiam
3114 736 3582 810 qualemcunque
3613 753 3742 792 mo-

313 830 546 902 κόσμον.
611 824 688 884 Ού
748 821 1018 894 δήπουθεν
1078 823 1182 901 γὰρ
1252 825 1487 900 ἀγνοεῖς,
1545 822 1629 879 ὅτι
1691 823 1978 900 ἀρχιερεὺς

2092 825 2371 882 nachum.

327 921 422 994 μὲν
482 924 585 988 τῆς
645 918 806 990 ἡμῶν
867 915 1142 992 σωτηρίας
1199 916 1226 969 ὁ
1286 916 1413 977 Θεὸς
1469 915 1613 986 ἀξιοῖ
1669 911 1944 989 λὲγεσθαι,
2005 914 2035 969 ὁ
2090 915 2180 969 καὶ
2232 913 2500 990 ἐπισκοπῇ
2553 921 2836 992 γραφικῶς
2894 914 3352 988 ἐπισκεπτόμενος
3409 913 3538 978 τοὺς
3590 914 3742 988 αὐτῷ

317 1007 568 1086 αἱρετούς
603 1026 612 1037 ·
646 1004 951 1081 καλόγερος
984 1002 1043 1059 δὲ
1072 1002 1288 1074 οὔκουν,
1323 1005 1386 1060 ού
1421 1007 1527 1078 μὴν
1563 1001 1687 1060 οὐδὲ
1722 1004 1964 1079 μοναχὸς
1997 1002 2309 1060 ὀποιοσοῦν.

390 1139 525 1218 ρλδ’.
577 1134 916 1214 Ἀνάϐλεψον
978 1138 1053 1202 εἷς
1107 1141 1207 1208 τὴν
1265 1139 1707 1214 ἀρχιερωσύνην,
1770 1132 1826 1191 εἷ’
1867 1158 1974 1191 που

317 1231 404 1287 καὶ
460 1227 678 1285 δύνασαι
711 1249 724 1264 ο
775 1225 812 1298 ἤ
861 1228 952 1282 καὶ
1000 1227 1348 1289 κατασταθεὶς
1392 1226 1480 1282 ἐπί
1525 1247 1672 1288 τινος
1724 1226 1973 1304 φυλακῆς

315 1317 635 1394 περιόπτου,
675 1316 1104 1381 ἀποσκόπευσον,
1155 1317 1246 1371 καὶ
1298 1317 1576 1389 κατάμαθε
1631 1316 1723 1370 τὸν
1784 1317 1972 1390 ἀρχιε-

317 1409 432 1486 pta,
467 1406 576 1462 δτί
625 1406 758 1462 ποτέ
809 1405 970 1463 ἐστιν.
1034 1405 1120 1476 Ἐξ
1178 1405 1487 1480 ἀρχιεράως
1539 1405 1626 1460 καὶ
1697 1405 1760 1458 σὺ
1802 1401 1970 1480 ἔχεις,

316 1493 450 1571 εἰπερ
502 1493 562 1550 ἂν
607 1495 698 1550 καὶ
746 1491 901 1570 ἔχῃς,
954 1492 1190 1558 Ἐκεῖθέν
1243 1515 1327 1548 σοι
1378 1493 1560 1549 καὶτὸ
1592 1494 1754 1568 ἱερῶς
1785 1489 1973 1547 διακο-

316 1590 428 1640 νεῖν
482 1584 535 1639 ἐν
583 1587 663 1656 τῷ
705 1582 1008 1658 λειτοργεῖν
1057 1587 1137 1654 τῷ
1186 1587 1321 1654 Θεῷ.
1383 1581 1684 1658 Ἐξαίρετος
1743 1583 1778 1650 ἡ
1839 1580 1974 1635 ἔκεί-

317 1695 411 1730 νου
459 1673 696 1749 ἐνέργεια
745 1672 892 1748 παρὰ
945 1673 1044 1740 τὴν
1105 1671 1156 1726 ἐν
1209 1672 1320 1728 σοί.
1361 1673 1522 1746 Ἔχει
1574 1671 1781 1732 ἐκεῖνος
1822 1671 1978 1746 ἀνάγ-

319 1783 423 1833 κην
478 1760 765 1840 φυλάττειν
823 1761 912 1814 καὶ
961 1760 1029 1815 τὰ
1077 1759 1165 1814 ἐπὶ
1219 1759 1303 1814 σοὶ
1350 1758 1774 1837 ἐκπεφωνημένα
1811 1757 1970 1814 καλά.

326 1855 464 1908 ’Όσα
514 1850 616 1926 γὰρ
694 1848 1056 1926 εύαγγελικῶς
1127 1847 1401 1918 λαλεῖται,
1459 1849 1623 1902 ἅπασι
1701 1845 1973 1917 λαλεῖται,

329 1941 404 2004 ὡς
434 1942 752 2016 γέγραπται.
794 1941 954 2014 Ἔχει
1007 1935 1064 1993 δὲ
1114 1937 1203 1992 καὶ
1250 1936 1457 2008 πολλὰ,
1499 1938 1574 1991 ὧν
1608 1936 1670 1991 σὺ
1704 1936 1980 1992 ἀποκεκώ-

323 2027 487 2098 λυσαι
534 2029 874 2104 κειράμενος.
937 2026 1089 2103 Χρίει
1157 2024 1362 2089 ἐκεῖνος
1409 2030 1787 2099 πνευματικῶς
1825 2045 1838 2058 °
1895 2047 1983 2080 τε·

324 2117 472 2174 λειοῖ
528 2121 881 2193 θεοπρεπῶς·
960 2113 1314 2188 περιοδευτής
1391 2113 1501 2169 ἐστι
1578 2114 1980 2178 ἀποστολικός’

325 2204 676 2263 πολιτεύεται
746 2202 1220 2278 ἀπαρακαλύπνως
1287 2200 1568 2258 πολιτείαν
1629 2201 1980 2272 παντοδαπὴν

332 2296 477 2372 ὀρθῷ
547 2294 735 2350 κανόνι
801 2291 1231 2366 ἀπευθυνόμινος
1269 2311 1281 2325 ο
1350 2291 1610 2365 περίεισιν
1667 2291 1987 2368 ἐξευρίσκων

331 2383 458 2448 τοὺς
506 2380 1036 2458 διδαχθησομὲνους,
1090 2381 1180 2437 καὶ
1227 2385 1376 2436 ποιεῖ
1447 2381 1578 2436 αὐτὸ
1633 2381 1982 2456 ἠναγκασμέ-

333 2469 462 2535 νως.
499 2471 573 2526 Σὺ
607 2470 664 2527 δὲ
700 2472 874 2545 μένειν
911 2469 1098 2534 ἄλλως
1148 2468 1409 2546 ἐτάχθης,
1456 2469 1548 2524 καὶ
1587 2469 1878 2543 στηρίξειν,
1913 2471 1987 2535 ὡς

331 2561 419 2618 ἐπὶ
465 2561 601 2624 ἐνός.
651 2562 894 2630 Δικάζειν
940 2559 1144 2614 ἐκεῖνον
1196 2558 1444 2635 ὥρισται,
1499 2558 1587 2614 καὶ
1618 2580 1724 2614 που
1757 2557 1826 2614 δι’
1856 2558 1986 2613 αὐτὸ

328 2650 420 2707 καὶ
498 2645 778 2727 τυρϐάζει,
860 2647 1157 2704 ἐπιστατῶν
1241 2653 1640 2722 πρατματικαῖς
1718 2647 1986 2724 ὀχλήσεσι

330 2741 422 2796 καὶ
481 2738 758 2810 ἐριθείαις.
813 2736 874 2792 Τί
923 2735 981 2793 δὶ
1036 2738 1113 2810 μή
1170 2737 1260 2792 καὶ
1307 2735 1370 2790 σὺ
1418 2736 1816 2811 θρασυνάμενος
1847 2737 1988 2812 ἐρεῖς

334 2828 529 2899 ἐξεῖναί
589 2849 675 2882 σοι
728 2826 906 2896 αύτό;
981 2824 1243 2882 Ἐκδικεῖν
1301 2826 1575 2895 τέτακται,
1631 2825 1994 2902 παρρησιάζε-

335 2939 448 2989 ται,
482 2915 726 2993 ἅσχολός
772 2915 883 2974 ἐστι
933 2917 1070 2973 κατά
1123 2936 1176 2970 τι
1229 2911 1486 2990 ἐργῶδες,
1539 2915 1592 2970 ἐν
1634 2920 1810 2991 καιρῷ
1843 2913 1990 2991 διορ-

350 3015 630 3079 θουμενες,
689 3001 746 3060 εἷ’
789 3004 841 3060 τί
897 3025 1003 3059 που
1059 3003 1150 3059 καὶ
1207 3003 1326 3058 κατ’
1382 3002 1577 3079 ἀγορὰν
1640 2998 1996 3080 στρεϐλοῦται

335 3099 454 3158 τοῖς
504 3092 556 3150 ἔν
597 3099 678 3166 τῷ
730 3093 855 3170 βίῳ.
911 3092 989 3150 Τὸ
1037 3097 1140 3147 πᾶν
1183 3091 1371 3162 εἰπεῖν,
1425 3090 1633 3170 φαῦλος
1679 3091 1992 3164 ἐπίσκοπος,

336 3181 399 3247 ὃς
449 3181 731 3261 ἐγκλείσας
780 3182 995 3250 δαυτὸν,
1039 3181 1126 3235 καὶ
1181 3179 1324 3234 οὕτω
1376 3181 1611 3253 μονάσας
1669 3179 1992 3252 καθεδεῖται,

2013 1893 2060 1958 Β

2159 1139 2280 1194 134.
2315 1138 2557 1210 Suspice
2586 1155 2722 1211 ergo
2755 1139 2812 1194 in
2864 1139 3292 1211 pontiﬁcatum,
3342 1138 3392 1194 si
3434 1142 3620 1212 potes,
3652 1138 3742 1196 vel

2086 1232 2252 1284 stans
2281 1227 2341 1284 in
2374 1228 2572 1298 aliquo
2596 1227 2722 1283 loco
2755 1228 3396 1299 excelso,considera'et
3416 1228 3577 1284 disce
3599 1228 3742 1300 quid

2085 1316 2161 1372 sit
2182 1317 2464 1387 pontifex.
2488 1319 2532 1371 A
2557 1318 2830 1389 pontiﬁce
2847 1316 3121 1389 accepisti
3138 1333 3339 1388 quaecu
3351 1334 3524 1390 mque
3537 1317 3740 1373 habes.

2086 1407 2303 1461 Exinde
2335 1406 2438 1461 tibi
2474 1405 2606 1461 licet
2639 1406 2696 1460 in
2744 1421 2915 1460 sacra
2945 1405 3186 1476 liturgia
3234 1406 3350 1461 Deo
3384 1406 3741 1461 ministrare.

2089 1496 2333 1567 Egregia
2355 1499 2615 1568 potestas
2635 1494 2796 1550 illius
2824 1511 2938 1566 prae
2961 1499 3082 1550 tua.
3108 1495 3530 1550 Necessitatem
3561 1495 3747 1551 habes

2090 1585 2244 1641 bona
2272 1585 2379 1640 tibi
2402 1585 2540 1640 data
2563 1586 2612 1639 ei
2647 1601 2878 1640 servare
2902 1602 2915 1640 :
2951 1600 3077 1655 quae
3103 1585 3260 1639 enim
3279 1583 3610 1653 evangelica
3629 1587 3745 1639 vir-

2087 1678 2212 1728 tute
2245 1674 2546 1742 dicuntur,
2572 1672 2849 1728 omnibus
2879 1672 3180 1740 dicuntur,
3215 1677 3280 1728 ut
3321 1672 3602 1744 scriptum
3633 1676 3744 1728 est.

2093 1762 2276 1818 Multa
2297 1762 2472 1818 etiam
2489 1762 2688 1832 habet,
2714 1761 2931 1833 quibus
2947 1766 3009 1816 tu
3029 1777 3163 1833 eges
3182 1761 3278 1833 qui
3298 1765 3642 1817 tonsuratus
3659 1777 3746 1816 es.

2094 1851 2193 1906 Ille
2215 1851 2382 1922 ungit
2403 1849 2931 1922 spiritualiter,Deo
2959 1854 3478 1924 consecrat,prmco
3502 1855 3592 1905 est
3608 1864 3749 1922 apo-

2094 1939 2359 2008 stolicus,
2385 1938 2765 2010 multiplicem
2794 1938 3280 2011 gubernationem
3297 1939 3433 2011 jure
3452 1954 3594 1994 cano
3617 1938 3748 1994 nico

2093 2029 2420 2084 instructus
2454 2029 2576 2100 agit
2607 2032 2802 2100 aperte
2832 2045 2844 2095 ;
2903 2027 3111 2083 circuit
3159 2045 3425 2101 querens
3473 2044 3621 2100 quos
3651 2028 3753 2082 do-

2094 2123 2240 2186 ceat,
2275 2117 2452 2189 idque
2482 2118 2758 2189 perlicere
2790 2120 3034 2188 cogitur.
3069 2118 3157 2172 Tu
3207 2123 3399 2173 autem
3436 2117 3604 2174 aliter
3630 2134 3751 2173 ma-

2096 2223 2252 2275 nere,
2286 2212 2342 2260 et
2383 2205 2542 2261 velut
2591 2206 2692 2260 uni
2747 2205 2978 2278 negotio
3023 2207 3364 2262 incumbere
3413 2209 3624 2278 jussus
3663 2222 3749 2261 es.

2096 2296 2197 2351 Hic
2230 2295 2299 2349 ad
2325 2295 2718 2367 judicandum
2778 2295 3083 2350 ordinatus
3144 2299 3255 2363 est,
3299 2300 3356 2351 et
3402 2295 3531 2350 ideo
3565 2295 3753 2351 multa

2093 2383 2364 2449 sustinet,
2399 2383 2538 2438 dum
2575 2387 2786 2455 praeest
2830 2382 3114 2438 tumultui
3142 2400 3336 2440 rerum
3362 2388 3419 2440 et
3449 2383 3751 2440 machina-

2094 2471 2378 2528 tionibus.
2413 2473 2499 2527 Tu
2533 2478 2728 2527 autem
2765 2471 2906 2545 quid
2956 2471 3063 2526 tibi
3112 2473 3470 2544 permissum
3503 2490 3619 2528 non
3651 2491 3757 2545 po-

2095 2566 2185 2616 tes
2214 2560 2566 2615 fiducialiter
2596 2559 2834 2615 dicere?
2892 2559 2997 2614 Hic
3047 2561 3119 2616 ad
3169 2561 3272 2632 jus
3331 2562 3755 2620 vindicandum

2097 2650 2324 2723 positus
2356 2654 2468 2719 est,
2501 2648 2740 2714 clamat,
2792 2648 3018 2704 nullam
3051 2649 3229 2705 habet
3284 2651 3550 2722 requiem
3601 2650 3759 2706 velut

2098 2737 2402 2811 operarius
2428 2754 2441 2806 ;
2462 2737 2520 2792 in
2544 2738 2661 2794 ictu
2688 2737 2839 2793 oculi
2861 2738 3108 2810 erigitur
3127 2739 3174 2793 si
3198 2739 3339 2811 quid
3365 2739 3562 2811 aliquo
3586 2739 3757 2795 modo

2098 2827 2157 2880 in
2195 2827 2316 2882 foro
2349 2826 2618 2882 homines
2661 2826 2972 2882 saeculares
3005 2833 3360 2898 pervertunt.
3397 2828 3521 2884 Uno
3559 2828 3755 2898 verbo,

2100 2932 2288 2970 vanus
2337 2915 2652 2987 episcopus
2707 2916 2808 2988 qui
2863 2916 3127 2987 seipsum
3189 2916 3459 2986 recludit,
3509 2917 3757 2973 seorsim

2104 3004 2374 3078 quiescit,
2409 3010 2465 3059 et
2487 3003 2632 3059 nihil
2659 3006 2731 3061 de
2761 3006 3192 3062 communicata
3221 3010 3406 3062 curat.
3440 3007 3569 3063 Mox
3598 3007 3758 3062 enim

2104 3094 2176 3150 ab
2207 3093 2486 3148 omnibus
2517 3093 2724 3148 audis:
2758 3093 2841 3147 Ad
2866 3091 3006 3162 quid
3037 3109 3168 3163 ergo
3201 3098 3428 3150 exercet
3457 3093 3760 3166 pontiﬁca-

2103 3188 2230 3237 tum
2262 3186 2320 3237 ct
2349 3197 2466 3236 non
2499 3180 2883 3236 absconditur
2911 3181 3071 3237 velut
3102 3182 3419 3239 monachi?

339 3271 578 3349 μηδενὸς
624 3278 733 3328 τῶν
776 3272 828 3329 ἐν
877 3275 956 3344 τῷ
1002 3291 1174 3343 κοινῳ
1230 3270 1708 3347 ἐπιστρεφόμενος.
1769 3271 1976 3328 Αὐτίκα
2017 3273 2118 3350 γὰρ
2165 3269 2348 3326 ἀκούει
2389 3271 2526 3346 πρὸς
2577 3269 2791 3325 πάντων
2835 3267 2898 3324 τό
2929 3289 2943 3302 ’
2979 3293 3008 3322 ‹‹
3053 3271 3157 3327 Καὶ
3199 3271 3252 3326 τί
3305 3269 3510 3344 δήποτε
3559 3269 3758 3348 ἀρχιε-

345 3361 578 3440 ρατεύει,
607 3361 699 3418 καὶ
727 3359 825 3416 οὐκ
855 3359 1169 3439 ἐγγωνιάζει
1197 3364 1517 3436 μοναχικῶς
1550 3378 1566 3430 ;
1593 3383 1621 3412 ι)

412 3497 546 3574 ρλε’.
575 3501 756 3556 Κεῖται
790 3494 848 3552 δὶ
899 3493 1002 3572 ἄρα
1049 3495 1275 3551 ἐνταῦθα
1323 3497 1622 3572 παρόραμα
1667 3517 1720 3552 τι
1771 3517 1992 3573 μοναχι-

2182 3498 2304 3554 135.
2339 3497 2442 3553 Hic
2474 3497 2826 3554 manifestus
2864 3501 2956 3554 est
3003 3515 3166 3556 error
3195 3500 3643 3558 monachorum.
3675 3502 3764 3559 Ad

340 3589 456 3648 κόν.
488 3587 585 3651 Εἷς
631 3591 802 3643 ταῦτα
848 3587 976 3662 γὰρ,
1019 3587 1198 3658 οἶμαι,
1249 3580 1656 3649 ἀποϐλέποντες
1705 3588 1758 3640 ot
1803 3588 1871 3642 τὰ
1907 3586 2001 3662 ἀρ-

344 3681 640 3754 χιερατικᾶ
693 3677 1173 3750 παραθεωροῦντες
1230 3675 1486 3751 μοναχοὶ,
1538 3675 1631 3730 καὶ
1674 3674 1998 3738 ἀναλύοντες

346 3767 484 3823 αὐτὰ
514 3767 590 3829 ὡς
623 3765 699 3828 εἰς
731 3763 887 3835 δόξαν
926 3763 1015 3818 καὶ
1066 3763 1400 3841 φανητισμὸν
1450 3763 1540 3818 καὶ
1594 3765 1714 3840 βίου
1747 3765 2000 3842 λαμπρό-

344 3877 508 3927 τητα,
558 3852 1029 3931 πραγματεύονται
1103 3854 1194 3907 καὶ
1269 3852 1332 3908 τὸ
1407 3852 1814 3928 ἀρχιεράτευμα
1869 3874 2000 3930 κρα-

344 3948 536 4018 ταιῶς,
586 3945 660 4006 ὡς
719 3941 780 3998 ἂν
832 3947 912 4015 τῷ
966 3941 1156 4017 τρόπῳ
1218 3940 1397 4014 τούτῳ
1453 3948 1552 4010 τῆς
1598 3943 1735 3998 κατὰ
1788 3947 2002 4016 πνεῦμα

346 4035 512 4104 ὀπῆς,
566 4035 627 4103 ἣν
691 4034 743 4088 οἱ
797 4035 1107 4095 Μωσαϊκῶς
1175 4030 1395 4094 θεόπται
1453 4028 1698 4109 φιλοῦσι,
1757 4033 1848 4086 καὶ
1903 4036 2000 4087 τοῦ

344 4125 462 4178 κατ’
514 4122 686 4191 αὐτὴν
744 4118 962 4198 φωλεοῦ
1040 4117 1442 4194 ἐξερπύσαντες,
1515 4124 1626 4174 τῶν
1702 4118 1998 4197 λεωφόρων

349 4210 767 4286 εὐθαρσέστερον
818 4211 1102 4285 γενωνται,
1165 4207 1254 4261 καὶ
1314 4207 1772 4280 ἐπανακάμψωσιν
1833 4205 2003 4274 ἀδεῶς

355 4300 432 4364 εἷς
471 4302 538 4356 τὰ
567 4299 856 4376 πρότερον,
904 4296 963 4352 οὗ
1016 4294 1448 4371 προκληθέντες,
1510 4295 1638 4352 οὐδὲ
1665 4295 1852 4359 ἄλλως
1881 4296 2000 4352 ἂνε-

348 4388 712 4466 ρευνηθέντες,
768 4387 877 4458 ὅπη
937 4385 1288 4461 κρύπτονται.
1343 4386 1410 4443 Οἱ
1466 4383 1692 4448 πλείους
1737 4387 1838 4461 γὰρ
1877 4383 2003 4441 οὐδὲ

343 4480 486 4556 πρὸς
519 4474 695 4552 ὄνομα
741 4475 1122 4553 γινώσκονται,
1167 4472 1293 4530 ἀλλ’
1333 4475 1492 4530 αὐτοὶ
1521 4474 2004 4552 προπηδήσαντες,

343 4569 437 4623 καὶ
493 4568 596 4636 τὴν
647 4564 894 4641 ἐντυχίαν
943 4565 1144 4635 ταύτην
1194 4565 1546 4638 ἁρπάσαντες,
1591 4567 1700 4640 οὐχ
1747 4563 1840 4620 ’ίνα
1885 4571 2001 4622 τοῖς

346 4656 542 4733 πρώην
591 4659 862 4730 μοναχοῖς
907 4651 1100 4715 καλοῖς
1147 4653 1210 4709 τὸ
1266 4654 1647 4730 ἀρχιερατικὸν
1687 4675 2004 4730 προσεπιτι-

346 4748 542 4814 θέντες,
599 4741 1130 4801 πολλαπλασιάσωσι
1185 4743 1284 4811 τὴν
1345 4745 1540 4814 ἀρετήν
1578 4765 1589 4776 ·
1652 4743 1776 4800 ἀλλ’
1827 4741 1911 4800 ἷίνα

343 4835 436 4892 καὶ
466 4839 574 4890 τῶν
610 4833 893 4909 προτέρων
945 4831 1155 4908 ἀγαθῶν
1210 4829 1517 4904 ὑφὲλωνται
1569 4830 1659 4886 διὰ
1706 4834 1768 4888 τὸ
1807 4833 2001 4889 ἐπίπο-

343 4945 457 4990 νον,
494 4920 641 4997 εἶίπερ
671 4943 725 4976 τι
756 4922 847 4976 καὶ
905 4913 1068 4994 ἔσχον
1126 4914 1297 4973 πλέον
1359 4926 1459 4988 τῆς
1491 4920 1892 4993 κοσμικότητος
1927 4941 1940 4953 ⁸
1971 4921 2007 4992 ἤ

2111 3589 2228 3645 ista
2255 3588 2412 3644 enim
2445 3586 2645 3643 oculos
2675 3587 2992 3658 ﬂectentes,
3027 3593 3093 3643 ut
3135 3589 3407 3661 arbitror,
3437 3590 3537 3661 qui
3568 3608 3767 3648 sacras

2111 3677 2428 3749 dignitates
2463 3676 2838 3731 considerant
2868 3676 3162 3741 monachi,
3186 3679 3328 3734 etin
3355 3680 3440 3735 eis
3471 3679 3618 3736 nihil
3649 3680 3768 3738 nisi

2111 3765 2383 3839 gloriam,
2417 3770 2791 3837 apparatum,
2841 3770 2900 3820 et
2953 3766 3450 3838 magniﬁcentiam
3501 3770 3631 3825 vitae
3675 3770 3766 3825 iu-

2110 3857 2434 3927 venientes,
2490 3855 2894 3927 pontificatum
2944 3858 3156 3913 acriter
3200 3867 3658 3933 prosequuntur,
3700 3867 3767 3919 ut

2111 3949 2203 4002 via
2231 3947 2345 4001 ista
2375 3949 2679 4016 emergant
2707 3962 2738 4000 e
2766 3947 3063 4017 spirituali
3087 3948 3369 4004 foramine
3391 3955 3586 4020 petras,
3619 3951 3765 4007 dile-

2111 4039 2203 4089 cto
2235 4035 2307 4089 ab
2334 4034 2418 4089 eis
2448 4035 2544 4104 qui
2578 4034 2762 4088 Deum
2798 4040 2862 4089 ut
2905 4035 3133 4108 Moyses
3163 4038 3674 4110 contemplantur;
3705 4045 3766 4097 et

2111 4128 2318 4178 euntes
2347 4138 2378 4177 e
2409 4138 2657 4178 caverna
2685 4124 2951 4192 proxima
2981 4125 3039 4179 in
3070 4124 3178 4180 viis
3207 4127 3516 4182 ambulant
3543 4131 3766 4185 audac-

2109 4215 2236 4279 ter;
2265 4211 2337 4266 ad
2369 4209 2565 4282 priora
2620 4212 2845 4282 absque
2893 4213 3113 4284 pudore
3159 4220 3547 4282 revertantur,
3581 4233 3766 4288 neque

2111 4298 2357 4368 evocati,
2390 4315 2578 4370 neque
2622 4299 2843 4354 inventi
2887 4299 2987 4354 ubi
3020 4301 3182 4372 prius
3229 4304 3764 4362 abscondebantur.

2111 4388 2381 4456 Plerique
2411 4389 2568 4443 enim
2617 4404 2690 4443 ne
2741 4389 2979 4444 nomine
3027 4391 3266 4462 quidem
3305 4399 3765 4466 cognoscuntur,

2111 4478 2212 4534 sed
2247 4494 2363 4531 uno
2394 4475 2572 4542 saltu,
2605 4477 2838 4534 obviam
2869 4479 3168 4535 fortunam
3215 4482 3526 4555 arripiunt,
3561 4501 3675 4539 non
3708 4489 3774 4541 ut

2114 4565 2324 4636 priscis
2365 4565 2732 4621 monachicis
2781 4567 2947 4622 bonis
2993 4571 3375 4640 superaddite
3425 4572 3773 4643 pontiﬁcatu

2113 4655 2389 4710 virtutem
2424 4654 2840 4727 multiplicent,
2893 4657 2994 4713 sed
3048 4664 3113 4714 ut
3167 4661 3459 4718 veteribus
3506 4665 3676 4720 bonis
3709 4667 3775 4720 ut

2116 4749 2248 4816 pote
2271 4744 2641 4815 gravioribus
2665 4745 3092 4814 subducantur,
3126 4749 3173 4804 si
3207 4751 3348 4821 quid
3381 4769 3562 4823 supra
3594 4770 3774 4808 mun-

2115 4833 2257 4888 dum
2291 4834 2624 4902 habebant;
2678 4834 2765 4890 vel
2824 4840 2888 4891 ut
2929 4853 3107 4892 causa
3165 4839 3539 4911 episcopatus
3577 4841 3778 4913 opima

2119 4923 2438 4991 abducant,
2473 4923 2642 4994 quasi
2680 4939 2792 4978 non
2827 4924 2905 4979 sit
2948 4927 3231 4997 possibile
3273 4927 3570 4985 hominem
3601 4931 3777 4987 rebus

345 5011 494 5069 ἀλλὰ
521 5015 593 5086 τῇ
640 5012 864 5088 ἀφορμῇ
913 5015 1014 5077 τῆς
1055 5007 1373 5077 ἐπισκοπῆς
1425 5003 1917 5080 ἀποϐουκολήσωσι
1947 5012 1992 5064 τὶ

2120 5011 2536 5067 communibus
2580 5028 2793 5068 manus
2845 5013 3254 5073 admoventem
3304 5019 3619 5090 perfectam
3663 5018 3778 5075 vir-

346 5096 592 5177 ἀκριϐὲς,
623 5100 696 5162 ὠς
730 5099 807 5173 μή
839 5098 952 5169 ἐξὸν
993 5093 1158 5166 δῆθεν
1209 5095 1267 5150 ὃν
1313 5098 1422 5150 τῶν
1473 5095 1526 5152 ἐν
1576 5095 1728 5170 μέσῳ
1757 5099 2020 5173 πραγμά-

347 5211 458 5246 των
508 5187 853 5266 τετυχηκότα
925 5183 1252 5262 ἐπίστροφον
1323 5183 1454 5239 εἶναι
1514 5191 1616 5255 τῆς
1666 5184 1803 5262 πρὸς
1862 5186 2016 5263 ἀκρί-

349 5274 500 5334 ϐειαν
539 5279 760 5356 ἀρετῆς.

427 5400 565 5479 ρλς’.
599 5403 699 5456 Καὶ
747 5399 870 5454 τότε
917 5393 985 5465 δὴ
1037 5393 1151 5450 ἔστι
1208 5393 1428 5470 βλέπειν
1479 5397 1542 5452 τὸ
1578 5397 1928 5473 γελοιότατον
1959 5396 2013 5452 ἐν

356 5493 563 5555 αὐτοῖς.
621 5491 688 5548 Οἱ
742 5488 846 5564 γὰρ
909 5485 969 5541 ἐκ
1024 5491 1125 5553 τῆς
1169 5483 1362 5560 πρώην
1417 5492 1613 5548 καλιᾶς
1663 5487 1751 5542 καὶ
1807 5493 1908 5556 τῆς
1958 5486 2008 5542 ἐν

352 5579 490 5655 αὐτῇ
545 5575 886 5655 στεοχωρίας
938 5573 1075 5628 κατὰ
1120 5575 1228 5626 τῶν
1275 5571 1585 5630 ἐπισκόπων
1636 5575 2014 5649 τοξαζόμενοι,

356 5670 484 5726 τότε
530 5669 668 5724 κατὰ
712 5670 824 5724 τῶν
883 5660 1186 5738 ὁμοχρόων
1250 5667 1510 5739 μοναχῶν
1563 5664 2016 5739 θωρακισάμενοι,

2122 5104 2310 5156 tutam
2344 5100 2579 5156 sectari.

2199 5402 2322 5457 136.
2353 5405 2512 5457 Tunc
2561 5403 2621 5457 in
2681 5402 2756 5458 iis
2811 5403 3066 5460 maxime
3122 5406 3369 5464 ridenda
3412 5425 3649 5468 cernere
3679 5428 3784 5485 po-

2127 5491 2292 5546 teris.
2327 5491 2434 5558 Qui
2467 5492 2624 5547 enim
2657 5492 2820 5562 prius
2865 5509 2896 5548 e
2940 5493 3114 5550 domo
3162 5495 3375 5568 lignea,
3424 5505 3600 5572 atque
3630 5517 3661 5558 e
3692 5519 3786 5559 so-

2125 5580 2379 5637 litudine
2450 5580 2676 5651 vicina,
2755 5587 2959 5638 contra
3031 5585 3338 5658 episcopos
3420 5589 3539 5644 tela
3605 5591 3788 5662 jacie-

2129 5671 2294 5739 bant,
2359 5672 2536 5726 modo
2594 5675 2800 5726 contra
2877 5673 3201 5730 monachos
3253 5678 3523 5747 ejusdem
3583 5680 3794 5738 coloris

363 5758 428 5816 οὗ
481 5758 650 5833 μόνον
697 5749 1117 5812 ἀντιϐάλλουσιν
1166 5745 1682 5828 ἀκροϐολιζόμενοι,
1740 5752 1888 5811 ἀλλὰ
1929 5775 1992 5811 κα

2131 5764 2442 5817 armantur
2464 5799 2479 5829 ,
2507 5776 2613 5817 nec
2643 5759 2838 5818 solum
2862 5777 2896 5818 a
2930 5759 3104 5835 longe
3133 5745 3437 5838 sagittant,
3469 5771 3572 5826 sed
3603 5774 3793 5828 morte

694 5887 968 5948 Panos.
1013 5881 1132 5965 Gs3
1173 5878 1465 5950 CXXXV.

3393 5897 3476 5965 Π
