4060 6424
355 425 475 485 843

1115 425 1542 492 EUSTATHII
1582 419 2358 486 THESSALONICENSIS
2405 419 2999 486 METROPOLlTﬂ

3661 436 3796 499 844

345 555 583 626 quidem
614 559 901 630 afficiunt,
925 561 1012 616 vel
1035 578 1065 617 e
1094 559 1452 616 monasterio
1474 556 1807 628 expellunt;
1831 555 1990 622 juxta

2112 547 2148 619 ἤ
2199 554 2534 620 θανατοῦσιν,
2568 549 2606 620 ἤ
2655 556 2753 606 τοῦ
2801 556 3225 632 φροντιστηρίου
3275 558 3654 637 ὑπεξάγουσιν,
3718 569 3794 626 οὗ

345 661 601 703 canones
634 665 749 703 non
803 655 1008 722 agunt,
1061 651 1161 706 sed
1211 646 1529 721 episcOpali
1578 644 1862 716 dignitate
1894 659 2000 697 saa-

343 733 472 790 vius
501 740 559 790 et
590 737 842 793 ferocius
892 740 1242 794 abutuntur.
1297 737 1366 790 Et
1406 735 1506 807 qui
1564 733 1621 788 in
1658 730 2001 808 monachico

345 822 551 878 habitu
585 827 876 897 principes
929 827 1343 892 adulabantur,
1386 827 1512 895 jam
1549 839 1661 878 non
1697 821 2004 892 patiuntur

344 928 473 966 esse
502 915 658 984 quod
690 920 1079 974 erant.amaro
1135 916 1262 970 furo
1295 915 1600 968 feruntur:
1635 909 2000 964 extrinsecus

347 1002 668 1057 monachos
702 1006 892 1075 magni
927 1003 1282 1067 indumenti,
1307 1008 1365 1057 et
1390 1003 1679 1072 quotquot
1709 999 1862 1052 inter
1887 996 1999 1050 mi-

344 1106 514 1145 nores
547 1092 847 1147 reverendi
871 1097 1028 1161 sunt,
1058 1092 1254 1148 verbis
1287 1090 1562 1145 dulcibus
1588 1087 1996 1158 alloquuntur,

341 1179 511 1232 corde
563 1185 757 1234 autem
817 1185 1182 1236 aversantur.
1233 1184 1393 1234 Tunc
1452 1181 1646 1248 potest
1691 1173 1874 1229 videri
1902 1174 1996 1230 vel

339 1268 451 1323 dici
505 1270 779 1325 virtutem
829 1273 1027 1326 Virtuti
1080 1273 1388 1337 obsistere,
1438 1271 1487 1325 si
1542 1287 1660 1342 qua
1706 1270 1890 1323 virtus
1935 1267 1992 1320 in

336 1357 419 1412 eis
443 1359 678 1414 residua
700 1366 824 1415 est:
862 1360 1176 1433 simileque
1199 1360 1376 1415 simili
1403 1377 1516 1413 non
1541 1356 1990 1431 gaudere.Apud

333 1461 432 1500 eos
464 1445 738 1516 frequens
771 1447 1155 1519 interrogatio
1189 1449 1337 1502 ista:
1374 1447 1521 1512 Quid
1546 1463 1678 1501 cum
1703 1444 1783 1498 sis
1817 1461 1993 1498 senex

333 1533 552 1601 mollis,
601 1536 794 1606 gravis
844 1537 1142 1591 similibus
1190 1537 1270 1591 lui
1320 1533 1661 1590 incumbis?
1704 1539 1893 1604 Atque
1924 1548 1992 1588 ex

335 1620 520 1678 altera
551 1630 714 1695 parte
747 1625 852 1680 hoc
904 1642 1292 1696 responsum:
1349 1626 1664 1695 Episcopus
1697 1638 1825 1676 sum
1860 1636 1986 1692 ego.

335 1710 502 1766 Tunc
534 1711 727 1767 solum
761 1713 916 1768 sicut
962 1713 1020 1767 in
1056 1713 1211 1768 brevi
1263 1712 1676 1784 recogitatione
1718 1709 1990 1781 judicent

337 1800 743 1871 pontiﬁcatum
793 1802 1147 1857 monachicae
1198 1802 1325 1855 vitae
1381 1805 1674 1872 praestare,
1705 1815 1766 1854 se
1795 1797 1985 1870 ipsam

336 1886 689 1958 injustitiam
724 1895 895 1945 antea
929 1891 1221 1945 fefellisse.
1254 1891 1416 1944 Tunc
1464 1894 1706 1944 sanctus
1737 1885 1988 1956 duplici-

333 1979 440 2046 ter,
478 1979 787 2050 episcopus
831 1979 1052 2034 scilicet
1103 1983 1160 2033 et
1209 1978 1557 2046 monachus,
1607 1975 1826 2031 oblitus
1858 1992 1984 2046 qua:

333 2064 496 2134 prius
529 2067 822 2140 cogitabat
863 2084 1019 2122 nunc
1067 2067 1320 2122 clamat:
1374 2067 1520 2130 Quid
1552 2065 1723 2120 nobis
1775 2069 1831 2119 et
1860 2063 1982 2136 epi-

330 2169 505 2225 scopo
527 2171 837 2211 commune
858 2156 885 2210 ’ἵ
915 2157 1220 2210 contendit
1245 2157 1442 2210 omnia
1465 2171 1592 2209 esse
1616 2153 1980 2224 episcopum,

326 2247 382 2296 et
413 2243 566 2299 inter
624 2244 966 2308 monachos,
1027 2249 1084 2298 et
1140 2244 1294 2298 inter
1341 2247 1581 2298 cmteros
1630 2259 1871 2297 omnes:
1924 2245 1982 2297 et

326 2331 582 2403 episcopi
611 2349 821 2387 nomen
860 2333 1164 2402 jactitans,
1214 2331 1356 2386 illud
1397 2333 1504 2386 Deo
1554 2330 1753 2385 omnia
1800 2330 1981 2401 inspi-

323 2418 522 2488 cienti,
555 2421 872 2486 videnti,et
892 2419 1250 2476 examinanti
1282 2419 1623 2475 solemniter
1654 2424 1976 2485 consecrat,

2111 638 2484 731 κανονίζοντες
2521 639 2717 731 ὀρθῶς,
2770 640 2917 698 ἀλλὰ
2962 648 3031 718 τῇ
3074 642 3407 731 ἔπισκοπικῇ
3439 651 3560 725 ἀξίᾳ
3596 676 3789 731 παρα-

2110 727 2392 803 χρώμενοι
2448 725 2746 804 δεινότερόν
2803 752 2862 786 τε
2916 733 3005 787 καὶ
3065 730 3501 812 ἐμϐριθέστερον.
3564 725 3688 801 Καὶ.
3725 749 3787 804 οἱ

2111 818 2360 902 σχήματι
2416 824 2704 893 μοναχικῷ
2756 820 3039 896 θὲλγοντες
3092 824 3188 887 τὰς
3237 827 3435 902 ἀρχὰς,
3493 832 3622 887 τότε
3677 836 3790 893 οὑκ

2110 901 2207 996 ἔτι,
2246 904 2522 981 στέγοντες
2583 907 2740 976 εἶναι,
2801 909 2933 986 ὅπερ
2992 912 3155 982 ἦσαν,
3211 901 3347 989 πρὸς
3403 920 3627 996 πικρίαν
3683 923 3780 980 lx-

2112 995 2414 1066 μαίτονται,
2445 1000 2523 1067 τῷ
2573 997 2666 1069 μὶν
2718 999 3051 1074 προσωπείῳ
3099 1001 3485 1077 γλυκαίνοντες
3534 1010 3665 1074 τούς
3711 1035 3780 1072 τι

2113 1079 2609 1158 μεγαλοσχήμονας
2655 1086 2743 1140 καὶ
2800 1087 2948 1174 τοὺς,
2999 1088 3116 1145 ὅσοι
3181 1098 3364 1168 μικρῷ
3424 1093 3502 1150 ἔτι
3562 1103 3773 1174 σεμνύ-

2105 1192 2289 1260 νονται
2345 1174 2614 1247 σχήματι,
2674 1179 2751 1246 τῷ
2799 1173 2854 1230 δὲ
2913 1178 3332 1254 αὑτοπροσώπῳ
3381 1187 3765 1260 πικράζοντες,

2105 1259 2202 1314 Καὶ
2261 1254 2402 1314 ἔστιν
2453 1260 2679 1316 ἐνταῦθα
2741 1261 2890 1333 ἰδεῖν,
2945 1265 3051 1322 εἴτε
3103 1266 3297 1337 εἷ’πεῖν,
3344 1254 3759 1351 ἀρετῆνῗάρετῇ

2108 1349 2452 1424 μαχομένην,
2493 1349 2546 1404 εἷ’
2576 1351 2656 1414 τίς
2684 1373 2789 1407 που
2825 1353 2914 1408 καὶ
2965 1351 3107 1410 ἔστιν
3137 1357 3302 1433 ἀρετὴ
3337 1357 3390 1413 ἐν
3420 1367 3540 1424 τοῖς
3566 1349 3749 1419 τοιού-

2101 1459 2235 1528 τοις,
2270 1438 2356 1492 καὶ
2409 1436 2534 1492 οὐδὲ
2574 1445 2654 1512 τῷ
2695 1441 2874 1514 ὁμοίῳ
2927 1449 3123 1518 ’χαῖρον
3171 1445 3234 1500 τὸ
3274 1445 3494 1520 ὅμοιον.
3543 1454 3747 1528 Συχνὸν

2103 1525 2160 1582 δὲ
2190 1526 2542 1602 ἀπορητικῶς
2574 1529 2624 1583 ἐν
2657 1529 2873 1596 τούτοις
2917 1532 3009 1586 καὶ
3056 1533 3118 1588 τό
3144 1554 3157 1568 ’
3193 1560 3221 1586 ‹‹
3254 1535 3319 1591 Τί
3346 1535 3555 1608 δήποτε
3584 1525 3760 1597 καλό-

2097 1635 2272 1690 γερως
2299 1615 2387 1670 καὶ
2419 1617 2581 1680 αὐτὸς
2628 1617 2723 1689 ὣν,
2769 1619 2934 1696 βαρὺς
2984 1620 3252 1679 ἐπίκεισαι
3282 1632 3400 1690 τοῖς
3435 1629 3652 1702 ὁμοίοις
3681 1650 3694 1701 ;
3727 1657 3760 1686 ››

2098 1705 2385 1780 Ἑτέρωθεν
2439 1701 2496 1759 δὶ
2553 1704 2794 1769 λυτικῶς
2839 1709 2900 1764 τό
2937 1728 2950 1742 ⁸
3001 1735 3028 1762 ι(
3079 1710 3258 1769 Ἀλλὰ
3307 1715 3397 1770 καὶ
3457 1717 3764 1785 ἐπίσκοπός

2099 1792 2234 1864 εἶμι.
2270 1818 2296 1844 ››
2349 1795 2621 1849 Κάνταῦθα
2673 1796 2833 1868 μόνον
2894 1798 2970 1860 ὡς
3029 1798 3080 1853 ἐν
3130 1800 3344 1874 ἐπινοίᾳ
3390 1802 3565 1881 λεπτῇ
3638 1806 3766 1864 δια-

2097 1882 2335 1960 φαίνεται
2394 1882 2679 1959 ὑπερέχειν
2727 1886 2790 1939 τὸ
2839 1885 3225 1962 ἀρχιερατικὸν
3273 1897 3372 1947 τοῦ
3419 1903 3760 1972 μοναχικοῦ,

2096 1971 2170 2033 ὡς
2225 1971 2290 2026 τά
2347 1993 2409 2046 γε
2464 1973 2570 2048 πρὸ
2624 1973 2817 2030 τούτου
2876 1974 3129 2050 ἐψεύδετο
3177 1983 3212 2049 ἠ
3271 1979 3455 2038 ἀδικία
3503 1971 3706 2059 ἑαυτήν
3741 2008 3759 2022 ⁶

2093 2060 2180 2153 ὅτε
2208 2061 2294 2153 καὶ
2328 2059 2702 2153 ,ἐκλαθόμενος
2754 2065 2782 2119 ὁ
2826 2061 3054 2153 διπλοῦς
3106 2064 3279 2144 ἅγιος,
3315 2072 3342 2125 ὁ
3372 2074 3461 2128 καὶ
3502 2078 3760 2153 μοναχὸς

2090 2149 2179 2203 καὶ
2249 2148 2564 2221 ἐπίσκοπος,
2623 2153 2698 2206 ὧν
2755 2155 2948 2227 πρώην
3009 2152 3242 2232 ἐφρόνει,
3306 2148 3751 2237 ἀνακράζωνητὸ

2091 2263 2119 2290 ‹‹
2151 2239 2214 2293 Τί
2246 2239 2492 2332 μετέχειΔ
2514 2239 2564 2294 ἐν
2599 2243 2749 2332 ’ἡμῖν
2807 2242 2834 2296 ὁ
2883 2241 3174 2307 ἐπίσκοπος
3207 2265 3220 2315 ;
3259 2271 3287 2299 ››
3337 2248 3651 2332 φιλοσοφεῖ,
3684 2255 3751 2312 τὸ

2088 2333 2190 2382 πᾶν
2253 2327 2385 2382 εἶναι
2443 2328 2534 2384 τὸν
2595 2327 2890 2385 ἐπίσκοπον
2968 2333 3060 2387 καὶ
3117 2333 3168 2388 ἐν
3223 2344 3491 2414 μοναχοῖς
3546 2327 3634 2396 καὶ
3695 2343 3753 2399 ιν

2088 2413 2249 2470 ἅπασι
2284 2437 2297 2449 ·
2329 2416 2427 2472 καὶ
2470 2418 2849 2492 ἀποσεμνύνων
2878 2421 2993 2495 ξτὴν
3038 2426 3136 2477 τοῦ
3186 2413 3482 2482 ἰπῖσκόπου
3516 2428 3746 2508 κλῆσιν,

322 2509 636 2564 ostendens
668 2509 781 2564 sibi
829 2509 944 2581 ipsi
993 2508 1279 2565 malitiam
1329 2509 1675 2580 plerumque
1707 2509 1973 2564 nocivam

2100 2509 2162 2570 τῷ
2220 2509 2337 2578 Θεῷ
2395 2506 2562 2574 αὑτὴν
2639 2508 2860 2586 ἀφοσιοῖ
2928 2509 3358 2589 τελεταρχικῶς,
3413 2521 3494 2589 τῷ
3539 2506 3744 2577 παντεέ

321 2613 470 2653 esse.
2085 2594 2258 2668 φόρῳ,
2338 2599 2419 2667 τῷ
2485 2596 2849 2672 παντεπόπτῃ,
2925 2603 3006 2671 τῷ
3080 2600 3251 2656 πάντα
3318 2602 3735 2680 ἐπισκοποῦντι,

2083 2680 2330 2756 δεικνὺς,
2389 2691 2650 2761 περιπετῆ
2711 2685 2872 2762 ἑαυτῇ
2937 2689 3037 2758 τήν
3094 2689 3277 2745 κακίαν
3333 2692 3464 2747 εἶναι
3522 2693 3600 2758 ὡς
3657 2698 3734 2753 τὰ

2078 2771 2287 2830 πολλά.

387 2882 510 2940 137.
544 2883 712 2941 Nunc
742 2891 958 2952 autem,
992 2900 1024 2940 ο
1045 2883 1291 2940 humilis
1311 2886 1618 2956 monache,
1653 2892 1968 2960 antequam

2151 2879 2286 2956 ρλζ’.
2341 2878 2494 2967 Τέως
2540 2901 2599 2957 γε
2649 2882 2780 2954 μὴν,
2827 2881 2873 2935 ὦ
2923 2877 2998 2937 ἔτι
3049 2885 3268 2940 ταπεινὲ
3324 2887 3562 2963 μοναχὶ,
3595 2890 3730 2967 πρὶν

310 2972 371 3027 in
403 2975 784 3044 pontificatus
806 2974 1030 3045 apicem
1064 2973 1368 3040 ascendas,
1401 2992 1654 3045 quanam
1689 2978 1760 3032 de
1790 2994 1970 3036 causa

2100 2968 2112 3041 ς
2169 2971 2256 3025 καὶ
2306 2964 2567 3034 ἀναϐῆναι
2646 2969 2723 3032 εἷς
2799 2971 3212 3048 ἀρχιερωσύνης
3269 2972 3424 3048 ὕψος.
3482 2975 3534 3031 τί
3592 2964 3729 3038 πέντε

311 3062 650 3133 pontiﬁcem
684 3063 950 3117 omnium
977 3078 1270 3116 consensu
1300 3062 1408 3119 tibi
1439 3066 1777 3134 praefectum
1802 3083 1964 3122 aver-

2100 3063 2283 3134 ›ρονῶν
2345 3058 2732 3134 ἀποπροσποιῇ
2809 3059 2898 3114 τὸν
2980 3057 3110 3137 δίχα
3164 3064 3345 3134 πάσης
3404 3065 3726 3144 ἀντιλογίας

305 3148 454 3204 saris
477 3149 505 3204 ?
534 3149 649 3205 Cur
678 3167 812 3206 eum
865 3149 1143 3222 aufugis?
1175 3151 1339 3206 Unde
1387 3168 1520 3207 eum
1570 3154 1960 3211 reformidas?

2100 3148 2517 3224 ,περκαθήμενόν
2593 3169 2692 3202 σου
2789 3148 3108 3224 ἀρχιερέας
3199 3152 3356 3208 ’[νατί
3437 3153 3707 3232 ἐκφεύγεις

306 3237 450 3293 Mite
479 3238 585 3293 tibi
616 3244 705 3295 est
740 3241 952 3312 jugum
1009 3241 1158 3309 ejus.
1209 3240 1327 3295 Cur
1373 3257 1506 3310 ergo
1537 3241 1683 3297 illud
1715 3244 1954 3315 projicis
1985 3301 1990 3321 Α

2106 3237 2277 3307 ὑτόν;
2328 3235 2427 3298 Τίς
2476 3237 2502 3290 ὁ
2563 3235 2653 3290 ἀπ’
2711 3233 2919 3291 ἐκείνου
2968 3233 3138 3316 φόϐος
3187 3236 3240 3295 ἔν
3269 3262 3353 3295 σοι
3391 3261 3405 3312 ;
3441 3243 3698 3321 Ἐλαφρός

306 3287 446 3293 -----ν
485 3287 585 3293 --—-
619 3287 705 3295 νν-
740 3287 952 3312 J—o----
1013 3287 1158 3309 νυν-ν
1215 3287 1315 3295 ν·--
1375 3287 1505 3310 ν-ον
1537 3287 1683 3297 um“
1715 3287 1954 3315 τινά-νυν

300 3327 448 3383 collo
480 3328 769 3384 indomito
823 3329 1171 3400 impositum
1193 3328 1219 3382 ‘I
1267 3329 1323 3382 Si
1378 3346 1552 3401 grave
1584 3336 1692 3399 est,
1725 3333 1953 3403 patiens
1985 3301 1990 3343 ‘

2102 3287 2425 3381 mw";
2464 3287 2514 3396 εέ
2566 3287 3708 3409 senatus:'a;{.£';..:..‘;;:;:;:;

299 3421 445 3472 esto.
483 3416 590 3471 Ubi
621 3423 708 3473 est
757 3417 1036 3489 patientia
1087 3421 1205 3481 tua,
1251 3434 1430 3488 quam
1482 3419 1811 3476 astantibus
1842 3428 1955 3480 Deo

2101 3415 2246 3485 ὑτὸν,
2300 3412 2539 3489 σκληρὸν
2600 3413 2821 3489 ὑπέχων
2878 3414 3216 3492 τράχηλον;
3264 3417 3446 3475 Ἀλλὰ
3496 3421 3661 3497 βαρύς
3697 3443 3709 3456 ⁸

299 3509 356 3560 et
387 3505 612 3577 angelis
643 3507 773 3577 ejus
806 3506 1196 3578 spopondisti,
1221 3523 1472 3578 eamque
1499 3524 1686 3580 usque
1707 3511 1778 3564 ad
1804 3528 1956 3566 mor-

2100 3505 2151 3558 αἱ
2201 3504 2455 3576 ὑπόμενε.
2519 3504 2588 3557 Ἦ
2643 3507 2748 3557 ποῦ
2806 3506 2841 3572 ἡ
2896 3505 3172 3578 ὑπομονὴ,
3223 3506 3290 3577 ἥν
3343 3507 3533 3581 ἐτάξω,
3578 3516 3714 3566 Θεοῦ

298 3599 420 3648 tem
441 3595 469 3648 ?
499 3595 607 3650 Sed
639 3594 831 3650 verbis
880 3595 1103 3667 asperis
1135 3613 1222 3650 me
1253 3596 1532 3651 offendit:
1567 3597 1683 3652 noli
1716 3621 1743 3648 «
1777 3599 1952 3657 calci-

2100 3592 2150 3647 αὶ
2193 3597 2300 3648 τῶν
2347 3589 2510 3647 αὑτοῦ
2554 3590 2801 3668 ἀγγέλων
2847 3593 3148 3668 παρόντων,
3196 3597 3285 3652 καὶ
3339 3599 3476 3668 αὐτὴ
3525 3601 3561 3670 ἡ
3611 3603 3720 3674 μὲ-

299 3687 454 3738 trare
487 3687 689 3740 contra
721 3684 1031 3739 stimulum
1055 3685 1120 3752 9°,
1176 3706 1203 3733 ››
1237 3685 1390 3740 sicut
1419 3685 1525 3740 tibi
1573 3688 1783 3743 suadet
1813 3707 1946 3761 pro-

2105 3703 2155 3759 ρι
2191 3681 2420 3738 Θανάτου
2454 3701 2467 3752 ;
2501 3679 2678 3737 Ἀλλᾶ
2724 3681 2984 3756 κεντρίζει
3027 3681 3215 3761 λόγοις
3262 3686 3658 3766 αὑστηροτὲροι
3695 3711 3713 3727 ο

296 3772 586 3827 verbium.
649 3774 822 3828 Recto
871 3774 1080 3829 itinere
1138 3775 1504 3846 progredere.
1566 3777 1713 3839 Quid
1763 3779 1948 3851 ergo?

2100 3771 2145 3825 αὶ
2195 3773 2270 3844 μή
2317 3769 2537 3839 λάκτιζε
2583 3770 2721 3844 πρὸς
2757 3766 2967 3846 κέντρα,
3015 3773 3049 3842 ἠ
3091 3773 3363 3848 παροιμία
3413 3797 3500 3830 σοι
3555 3777 3716 3854 ἔγκε-

294 3859 401 3915 tibi
435 3861 650 3931 saepius
681 3861 1017 3916 incumbit?
1067 3863 1150 3917 fer
1197 3879 1351 3934 ergo.
1401 3866 1458 3918 et
1489 3863 1582 3919 die
1639 3866 1810 3922 toties
1840 3885 1942 3939 pro

2100 3859 2289 3915 ιύεται.
2326 3859 2567 3934 Πορεύου
2599 3855 2656 3913 δὲ
2701 3858 2859 3934 ὀρθὸς
2901 3859 2979 3921 είς
3028 3858 3176 3917 ὁδόν.
3227 3860 3294 3919 Τί
3319 3858 3376 3918 δέ
3411 3861 3578 3932 ;ἀλλ’
3608 3864 3712 3942 ἔγ-

293 3948 585 4006 cantilena
606 3951 761 4006 istud
784 3949 1137 4006 translatum
1165 3968 1177 4006 :
1203 3974 1231 4001 «
1261 3955 1345 4006 Me
1375 3967 1579 4007 omnes
1610 3959 1938 4024 conterunt,

2100 3948 2221 4004 ειταί
2271 3969 2354 4002 σοι
2397 3945 2670 4009 πολλάκις
2705 3965 2719 3981 ’
2769 3948 2857 4002 καὶ
2907 3947 3032 4026 φὲρε
3081 3948 3164 4020 σὺ,
3215 3951 3537 4014 τοσαυτάκις
3582 3952 3718 4010 ἐπι-

286 4043 344 4094 et
375 4056 545 4095 nemo
577 4040 900 4096 conteritur
923 4041 1001 4094 ’τε
1045 4063 1064 4089 ι
1101 4040 1192 4095 cui
1221 4040 1524 4096 sententiis
1550 4059 1647 4097 vas
1678 4045 1934 4100 Anaxar-

2100 4038 2222 4116 ἒγων
2279 4035 2494 4111 ἐπῳδοῦ
2541 4034 2696 4108 δίκην
2744 4037 2803 4091 ἐκ
2856 4041 3277 4114 παραποιήσεως
3333 4040 3395 4096 τό
3431 4061 3442 4074 ·
3505 4068 3533 4094 ‹‹
3568 4041 3713 4100 Θλί-

281 4128 373 4183 chi
403 4129 690 4184 refertur:
755 4129 956 4201 sicque
1003 4129 1246 4184 sortitus
1299 4129 1528 4186 labores
1587 4131 1849 4188 invenies
1879 4139 1938 4190 et

2100 4128 2201 4182 ›υσί
2237 4148 2303 4200 με
2349 4125 2564 4197 πάντες,
2617 4121 2860 4190 θλίϐεται
2909 4123 2967 4181 δὲ
3021 4125 3195 4189 οὐδείς
3225 4148 3238 4160 ·
3279 4153 3299 4180 ι
3362 4130 3431 4199 ἧς
3489 4129 3714 4200 ἐννοίας

276 4217 726 4273 beatitudinem.
754 4219 884 4274 Tibi
908 4218 1021 4290 ipsi
1043 4223 1166 4274 esto
1193 4218 1474 4274 stimulus
1497 4221 1690 4276 carnis
1712 4223 1932 4280 missus

2100 4216 2130 4271 ιῖ
2163 4218 2191 4272 ὑ
2220 4216 2358 4270 κατὰ
2395 4215 2486 4270 τὸν
2536 4215 2868 4291 Ἀνάξαρχον
2920 4215 3210 4290 ἆξήρτηται
3255 4216 3520 4294 θύλακος)
3545 4241 3556 4253 ·
3599 4219 3709 4280 ’ἶνα

269 4325 303 4364 a
338 4310 469 4376 Deo,
505 4313 571 4364 ut
605 4309 714 4363 fuit
746 4307 1074 4380 apostolus.
1109 4313 1178 4363 Et
1204 4308 1253 4363 si
1289 4308 1393 4377 vis,
1421 4309 1608 4381 junge
1649 4312 1802 4381 quod
1837 4329 1927 4367 se-

2100 4305 2469 4380 .ηρωσάμενος
2518 4304 2581 4358 τὸ
2630 4302 2946 4379 φερέπονον,
3004 4304 3256 4381 εὑρήσεις
3320 4311 3706 4385 μακαρισμόν.

268 4397 489 4468 quitur.
523 4399 669 4454 Cum
701 4399 856 4453 enim
889 4397 1314 4469 desperaveris,
1347 4397 1493 4453 illud
1529 4401 1770 4454 omnino
1822 4417 1926 4456 au-

2100 4400 2217 4450 ἱστω
2267 4415 2350 4450 σοι
2395 4393 2484 4448 καὶ
2534 4391 2694 4456 αὐτὸς
2741 4397 2810 4466 τῇ
2865 4395 3021 4469 σαρκὶ
3053 4394 3264 4469 σκόλοψ
3295 4395 3353 4451 ἐκ
3391 4403 3526 4453 Θεοῦ
3554 4404 3710 4459 κατὰ

266 4484 429 4541 dies:
465 4509 491 4536 α
525 4487 746 4541 sufﬁcit
799 4487 904 4542 tibi
961 4487 1150 4559 gratia
1198 4503 1354 4557 mea,
1385 4508 1412 4538 »
1475 4504 1541 4542 ex
1572 4505 1924 4560 quacunque

2100 4507 2123 4538 ν
2152 4481 2502 4541 Ἀπόστολον.
2539 4482 2604 4539 Εἰ
2655 4480 2712 4537 δὲ
2768 4482 2980 4558 βουλει,
3031 4482 3264 4560 πρόσθες
3311 4486 3402 4540 καὶ
3443 4488 3506 4542 τὸ
3539 4487 3702 4560 ἑξῆς,

262 4579 427 4644 parte
457 4573 599 4629 illud
632 4575 909 4630 audieris.
945 4575 1410 4642 Insimulaberis,
1447 4577 1497 4630 si
1539 4592 1607 4630 ex
1638 4594 1922 4649 arrogan-

2100 4569 2447 4627 ποδυσπετῶν
2527 4571 2628 4647 γὰρ
2705 4571 2953 4634 ἀκούσεις
3018 4574 3238 4633 πάντως
3294 4573 3384 4628 καὶ
3456 4575 3519 4629 σὺ
3577 4578 3643 4632 τό
3685 4603 3702 4616 ο

261 4662 598 4734 tia,absque
630 4664 826 4719 divino
860 4665 1136 4720 mandato
1166 4664 1475 4720 stimulum
1508 4668 1674 4719 tuum
1709 4669 1924 4721 contri-
1949 4659 1990 4724 Ι]

2100 4663 2274 4737 ,Αρκεῖ
2331 4681 2414 4714 σοι
2467 4662 2502 4728 ἠ
2561 4659 2724 4735 χάρις
2776 4681 2903 4732 μου.
2940 4683 2969 4712 »
3023 4659 3145 4724 ὅθεν
3204 4659 3264 4715 ἂν
3322 4662 3412 4717 καὶ
3446 4663 3706 4741 ἀκούσῃς

257 4751 449 4807 veris:
485 4769 609 4820 seu,
643 4757 708 4808 ut
738 4753 946 4824 loquar
978 4753 1213 4820 rectius,
1248 4754 1355 4808 tibi
1389 4753 1585 4809 licebit
1605 4753 1791 4826 aliter,
1817 4773 1922 4828 per

2100 4751 2176 4805 τό.
2223 4748 2324 4807 Καὶ
2379 4769 2484 4803 που
2530 4749 2618 4803 καὶ
2672 4749 2977 4823 αἰτιαθήσῃ,
3028 4747 3316 4805 κατακλῶν
3370 4752 3701 4830 ἀγερωχίας

258 4841 627 4912 patientiam,
661 4859 792 4897 cum
829 4843 1017 4914 gratia
1048 4843 1166 4910 Dei,
1201 4841 1380 4898 talem
1431 4843 1743 4899 stimulum
1776 4861 1917 4901 con-

2100 4861 2181 4914 μῳ
2214 4837 2342 4914 δίχα
2393 4837 2536 4900 θείας
2589 4836 2889 4901 κελεύσεως
2937 4838 3031 4894 τὸν
3076 4839 3214 4894 κατὰ
3262 4843 3359 4894 σοῦ
3408 4838 3689 4903 σκόλοπα.

255 4935 461 4986 terere.
498 4931 638 4997 Quis
669 4932 826 4986 enim
859 4932 1193 5004 pontificem
1226 4949 1342 4987 non
1378 4932 1676 5004 lapidibus
1707 4934 1915 4990 obruet

2100 4935 2210 4984 πεῖν
2246 4927 2303 4983 δὲ
2355 4922 2734 5009 ἀκριϐέστερον
2771 4947 2783 4960 ·
2836 4925 3039 4998 ἐξέσται
3086 4949 3170 4983 σοι
3221 4926 3409 4991 ἄλλως
3452 4929 3507 4985 ἐν
3541 4933 3690 4988 ὑπο-

253 5024 458 5074 contra
489 5019 759 5074 homines
795 5021 887 5075 Dei
940 5020 1274 5075 saevientem
1298 5021 1325 5076 ?
1357 5021 1498 5086 Quis
1546 5023 1604 5076 in
1637 5021 1910 5094 imperio,

2101 5023 2167 5093 νῇ
2198 5015 2469 5086 κατακλᾷν
2526 5016 2618 5071 τὸν
2663 5021 2913 5072 τοιοῦτον
2966 5016 3214 5072 σκόλοπα
3258 5014 3346 5072 διὰ
3376 5022 3475 5073 τοῦ
3507 5039 3686 5096 χαρι-

249 5106 380 5179 quis
407 5107 467 5163 in
522 5113 852 5180 potestate?
881 5109 1029 5173 Quid
1088 5127 1225 5182 ergo
1247 5110 1275 5164 7
1306 5127 1405 5166 rex
1459 5110 1519 5166 in
1546 5116 1722 5184 caput
1751 5110 1910 5168 illius

2105 5105 2293 5168 σαντός
2324 5125 2381 5161 σε
2427 5107 2582 5160 Θεοῦ.
2638 5103 2739 5168 Τίς
2785 5103 2886 5181 γὰρ
2927 5103 2990 5160 οὑ
3038 5101 3449 5177 λιθολευσυτήσει
3484 5106 3681 5184 ἀρχιε-

314 5279 360 5313 ²⁶
390 5280 516 5333 Act.
551 5294 627 5344 Ix,
659 5277 714 5332 5.
788 5278 833 5312 ²⁷
868 5279 916 5334 II
947 5277 1076 5344 Cor,
1108 5294 1215 5349 x11,
1246 5279 1302 5334 9.

303 5448 417 5520 (ιο)
449 5449 848 5520 Anaxarchus,
882 5448 1036 5502 inter
1056 5449 1362 5504 Alexandri
1394 5449 1884 5520 comites,magna
1991 5451 2244 5503 tortores
2276 5451 2572 5503 conterere
2603 5464 2703 5502 vas
2731 5447 2789 5500 in
2824 5464 2940 5519 quo
2990 5448 3372 5505 Anaxarchus
3403 5449 3675 5505 include-

232 5519 798 5589 loquendilibertate
831 5521 1128 5587 utebatur,
1161 5522 1600 5590 multorumque
1628 5519 1883 5576 inimici-
1991 5520 2166 5575 batur
2197 5526 2274 5590 (et
2303 5537 2404 5575 vas
2450 5536 2626 5574 suum
2675 5535 2891 5590 corpus
2943 5520 3197 5590 dicebat)
3249 5521 3677 5577 Anaxarchum

236 5591 347 5664 tias
375 5591 432 5644 in
469 5607 532 5643 se
569 5597 953 5646 converterat.
1003 5592 1146 5646 Cum
1183 5601 1415 5648 mortuo
1463 5591 1814 5654 Alexandro,
1847 5610 1880 5648 τι
1989 5598 2188 5647 autem
2242 5591 2380 5646 inde
2438 5593 2858 5664 detrimentum
2920 5607 3037 5646 non
3098 5609 3334 5664 capere.
3398 5597 3466 5647 Et
3525 5609 3674 5649 cum

231 5659 608 5746 Nicocreonte
638 5668 844 5746 captus
871 5669 1042 5732 esset,
1094 5670 1268 5746 atque
1318 5666 1628 5746 missus‘in
1664 5670 1879 5720 morta-
1986 5664 2203 5735 linguae
2235 5664 2552 5746 sectionem
2608 5663 3000 5746 minarentur,
3034 5659 3183 5735 ipse'
3215 5681 3348 5721 eam
3381 5665 3678 5723 dentibus

231 5730 386 5783 rium
444 5730 863 5802 contererctur,
920 5730 1664 5807 respondit'philosophus
1708 5752 1880 5807 posse
1991 5730 2272 5793 resectam
2310 5735 2369 5789 in
2401 5751 2466 5791 os
2495 5735 2731 5808 tyranni
2762 5734 3015 5806 exspuit.
