4060 6398
281 459 413 519 815

1305 458 1407 518 DE
1447 454 1943 518 EMENDANDA
1984 452 2172 516 VI'I‘A
2217 451 2702 516 MONACHIGA.

3596 454 3722 515 846

271 591 386 667 ρέα,
451 589 830 666 ἐπηρεάζοντα
890 591 1027 646 Θεοῦ
1082 588 1436 662 ἀνθρώποις;
1482 592 1642 650 ποῖος
1703 582 1892 662 ἅρχων

2060 585 2316 641 recidere
2338 586 2511 642 faciet
2540 602 2608 642 ea
2628 585 2847 658 quibus
2877 585 3176 658 afﬁigeris.
3213 586 3279 641 Et
3307 587 3468 659 quod
3514 588 3716 658 majus

270 685 431 743 ποῖος
459 677 724 748 δυνάστης
754 698 767 748 ;
799 677 865 735 Τί
897 676 955 733 δέ
989 698 1002 748 ;
1036 676 1182 733 ἀλλὰ
1231 679 1260 732 ὁ
1321 677 1578 754 βασιλεὺς
1633 675 1935 730 ἀπονυστά-

271 770 369 841 ξει,
401 769 482 848 ἐφ’
533 771 615 830 οἷς
668 762 938 843 θλιϐερὼς
991 763 1161 843 ἔχεις.
1193 768 1269 823 Τὸ
1319 767 1535 820 πάντων
1577 770 1782 839 μεῖζον,
1815 784 1934 816 συν-

272 857 643 930 εκπολεμήσει
697 857 830 930 μετὰ
877 859 973 910 σοῦ
1011 859 1046 925 ἠ
1082 857 1255 918 κτίσις
1307 855 1442 910 κατά
1491 859 1588 909 τοῦ
1619 851 1933 914 ἀδικοῦντός

274 968 350 1003 σε·
407 947 768 1022 βρεχθήσεται
819 948 926 1020 πῦρ
995 945 1077 999 ἐπ’
1127 944 1329 999 ἐκεῖνον
1369 963 1382 976 ·
1429 944 1934 1012 κατακλυσθήσεται

279 1038 471 1097 ὑετοῖς·
507 1035 868 1110 ἀγανακτήσει
917 1035 1034 1088 κατ’
1082 1033 1254 1088 αὐτοῦ
1305 1031 1582 1103 Θαλάσσης
1627 1030 1796 1108 ὕδωρ·
1830 1034 1932 1084 πᾶν

273 1125 438 1180 κακὸν
470 1123 745 1178 ἐλεύσεται
780 1121 864 1177 ἐπ’
895 1121 1079 1179 αὐτόν.

349 1212 492 1290 ρλη⁴.
537 1209 712 1267 Ἀλλά
756 1215 922 1266 ταῦτα
975 1212 1069 1285 μὲν
1129 1210 1370 1287 ἐγένοντο
1438 1209 1497 1266 ἄν
1547 1231 1657 1278 σοι,
1705 1209 1792 1264 ἐὰν
1853 1207 1934 1263 ἐπ’

270 1300 530 1371 ἀληθείας
581 1304 762 1362 κακῶς
825 1299 1061 1375 ἕπασχες
1121 1300 1173 1354 ἐν
1231 1304 1310 1372 τῷ
1369 1297 1776 1375 ἀρχιερατιλῶς
1816 1295 1933 1350 ἐπι-

270 1391 614 1446 σκέπτεσθαυ
670 1389 772 1443 εἰσὶ
820 1387 878 1443 δέ
923 1410 1007 1444 σοι
1057 1388 1230 1443 πάντα
1275 1389 1425 1444 κεναὶ
1475 1389 1791 1466 προφάσεις,
1841 1386 1930 1440 καὶ

273 1482 597 1556 μοχθηριῶν
653 1480 906 1554 ψυχικῶν
940 1476 1279 1553 ἐπικρύψεις,
1331 1478 1420 1532 καὶ
1469 1476 1693 1551 φενάκαι
1740 1475 1932 1539 ἀκοῆς.

269 1570 415 1645 Πρὸς
468 1566 525 1623 δὲ
570 1567 851 1638 ἀλήθειαν,
903 1567 1106 1642 φθόνου
1159 1566 1249 1621 καί
1296 1565 1468 1644 τύφου
1521 1567 1934 1635 ὑποκινοῦντος,

265 1657 651 1732 καταγίνεσθαι
704 1660 813 1710 τῶν
862 1655 1173 1710 ἐπισκόπων
1231 1654 1473 1718 ἐθέλεις.
1531 1655 1722 1729 Ἔχεις
1778 1648 1932 1726 ὕϐριν

271 1746 334 1802 οὗ
396 1745 684 1822 φορητὴν,
740 1744 964 1799 ἀκοῦσαι
1016 1745 1373 1818 ἀμαθέστερος
1422 1744 1553 1798 εἶναι
1605 1748 1702 1798 τοῦ
1751 1743 1934 1817 ἀρχιε-

270 1835 427 1909 ρέως·
477 1833 538 1888 ού
589 1833 768 1911 φέρεις
820 1832 1208 1906 ἐπαινούμενον
1257 1831 1471 1888 ἀκούειν
1526 1833 1656 1908 ὑπὲρ
1711 1830 1787 1886 σέ·
1831 1830 1934 1886 οὐκ

267 1923 439 1998 ἀνέχῃ
493 1921 756 2000 εὐφήμως
804 1921 964 1976 αὐτὸν
1015 1923 1348 1997 προάγεσθαι
1408 1923 1541 1995 μετᾶ
1584 1921 1712 1983 τοὺς
1771 1921 1927 1996 βασι-

267 2010 404 2073 λεῖςο
465 2009 668 2083 κρίνεις
725 2011 800 2073 εἷς
861 2005 1016 2083 ὕϐριν
1071 2008 1256 2065 κλῖναι
1316 2009 1563 2086 κεφαλὴν
1623 2011 1916 2085 ἀρχιερεῖ·

265 2099 541 2178 ἀφόρητον
578 2098 771 2174 λογίζῃ
822 2096 1153 2171 προποδίσαι
1200 2099 1274 2160 εἰς
1328 2100 1590 2168 ὑπαντὴν,
1625 2097 1774 2172 ε’ίπερ
1829 2095 1922 2174 ἕρ-

266 2210 426 2265 χεται
487 2188 572 2243 ἐπὶ
637 2190 713 2244 σέ·
771 2189 1100 2262 ἀτιμοῦσθαι
1160 2189 1402 2263 φαντάζῃ
1440 2231 1454 2256 ,
1517 2187 1602 2242 ἐὰν
1662 2185 1924 2263 καθέδρας

271 2278 417 2350 αὐτῷ
477 2277 842 2350 ὑπεξαναστῇς
877 2297 890 2309 ο
953 2276 1048 2331 κᾶν
1115 2278 1423 2351 ὑφιζήσῃς,
1484 2279 1730 2347 θνήσκεις
1819 2278 1921 2332 ὑπὸ

269 2372 472 2442 χολῆς.
527 2364 735 2434 Δέδιας,
787 2367 1002 2439 μήποτε
1055 2367 1312 2442 ἀμαρτὼν
1340 2364 1376 2440 ᾖ
1407 2365 1852 2442 λογοπραγηθῇς,
1884 2365 1919 2435 ἢ

251 2454 415 2510 ’ἀλλὰ
469 2455 632 2529 πέσῃς
690 2456 792 2510 ὑπὸ
849 2455 1191 2530 παραίνεσιψ
1252 2455 1372 2510 ὅθεν
1423 2456 1512 2510 καὶ
1570 2461 1920 2532 παροιστρεῖς

263 2543 605 2606 ἀλλοκότως·
655 2543 746 2598 καὶ
793 2542 1038 2606 σπεύδεις
1093 2545 1251 2600 αὐτὸν
1302 2546 1396 2617 μὲν
1459 2545 1711 2622 ἀφιέναι,
1766 2545 1921 2599 ἀντε-

257 2632 576 2708 πιλέγεσθαι
635 2630 712 2706 δὲ,
773 2632 832 2688 ’ὸν
889 2631 949 2686 ἂν
1004 2633 1235 2707 προέλῃ·
1295 2634 1386 2688 καὶ
1439 2633 1612 2698 οὕτως
1664 2633 1740 2695 εἶς
1770 2635 1921 2708 ἀορι-

257 2723 403 2778 στίαν
463 2720 735 2795 ἐγκλίνας,
796 2716 1217 2786 κασαλϐαὸικῶς
1269 2723 1379 2777 οἶον
1437 2721 1687 2798 ἐρωτιᾷς,
1746 2723 1782 2792 ἢ
1831 2723 1920 2778 καὶ

261 2809 401 2877 ὕλης
438 2813 536 2880 τῆς
572 2807 874 2888 ἀρχεγόνου
920 2807 1073 2881 δίκην
1121 2808 1279 2866 τόνδε
1332 2811 1426 2884 μὲν
1460 2808 1748 2886 παραδέχῃ
1787 2811 1922 2886 πρὸς

263 2899 641 2955 ἐπισκόπευσιν
678 2947 694 2970 ,
750 2899 952 2956 ἐκεῖνον
1032 2898 1088 2956 δὲ
1162 2899 1456 2954 ἀποπτύων
1519 2901 1710 2976 μικρὸν
1771 2899 1917 2969 ὅσον,

266 2984 487 3062 εἷ’σδέχῃ
531 2985 712 3064 ἕτερον
747 3033 761 3058 ,
825 2990 1066 3066 στέργων
1123 2989 1213 3044 καὶ
1273 2989 1647 3064 ἀποστέργων,
1707 2988 1801 3051 οὓς
1858 2987 1918 3043 ἂν

261 3076 482 3152 κυρώσῃ
538 3079 607 3133 τὸ
668 3079 720 3133 ἐν
778 3079 862 3133 σοὶ
920 3086 1021 3149 τῆς
1075 3081 1261 3154 ψυχῆς
1316 3077 1773 3154 προαιρούμενον,
1827 3080 1915 3133 καὶ

257 3164 495 3240 πατέρας
532 3165 676 3222 οὕτω
708 3166 956 3229 πολλοὺς
1007 3163 1131 3222 οὔτε
1174 3165 1386 3244 φύσεως
1429 3165 1747 3238 ἀκολουθίᾳ,
1797 3162 1920 3222 οὕτε

253 3259 597 3330 πνευματικῇ
631 3256 932 3330 τιθέμενος.

2050 678 2141 728 est
2170 679 2377 730 contra
2409 691 2540 730 eum
2577 675 2677 746 qui
2712 683 2765 730 le
2810 675 3030 744 injuste
3083 675 3362 747 opprimit
3426 677 3716 747 pugnabit

2044 768 2236 818 tecum
2270 765 2463 820 omnis
2494 763 2888 835 creatio:ignis
2909 767 3113 819 contra
3135 763 3302 819 illum
3334 764 3707 834 excitabitur,

2045 853 2266 908 diluvio
2300 854 2744 924 submergetur:
2769 858 2975 908 contra
3000 852 3169 908 illum
3200 854 3534 909 irascentur
3557 854 3706 912 ﬂuc-

2045 945 2142 997 tus
2173 943 2375 1011 maris,
2408 959 2582 1000 omne
2616 943 2839 999 malum
2874 959 3008 999 eum
3043 944 3298 999 invadet.

2117 1210 2238 1265 138.
2263 1210 2392 1266 Haec
2423 1209 2620 1265 omnia
2657 1210 2765 1264 tibi
2823 1209 3146 1278 evenirent,
3183 1209 3232 1265 si
3255 1216 3491 1282 propter
3539 1209 3698 1266 veri-

2043 1303 2224 1354 tatem
2255 1299 2598 1354 solemniter
2623 1299 2993 1356 observatam
3052 1299 3207 1355 mala
3254 1317 3467 1371 passus
3511 1316 3693 1356 esses.

2045 1389 2212 1459 Apud
2245 1392 2300 1443 te
2328 1393 2526 1444 autem
2555 1405 2706 1444 vana
2734 1393 2874 1442 sunt
2920 1393 3215 1460 praetexta,
3268 1391 3484 1446 mentis
3530 1388 3698 1445 malta

2044 1477 2364 1547 involucra,
2407 1482 2463 1532 et
2494 1478 2729 1532 aurium
2755 1477 3081 1533 illusiones.
3143 1482 3220 1532 Re
3249 1494 3383 1533 vera
3412 1479 3699 1534 moventi-

2043 1567 2156 1622 bus
2179 1566 2358 1621 livore
2391 1570 2447 1622 et
2477 1566 2776 1637 superbia,
2803 1565 3093 1636 episcopis
3142 1568 3518 1622 annumerari
3551 1583 3708 1640 pra--

2045 1656 2254 1711 sumis.
2288 1659 2398 1711 Pro
2428 1656 2648 1726 injuria
2679 1672 2793 1710 non
2846 1655 3082 1711 ferenda
3129 1655 3333 1726 habes,
3367 1656 3469 1711 ubi
3524 1655 3696 1713 audis

2043 1749 2099 1801 te
2125 1746 2323 1800 minus
2354 1751 2560 1800 notum
2594 1761 2773 1815 quam
2820 1744 3158 1815 pontiﬁcem
3193 1760 3208 1805 :
3263 1761 3378 1801 non
3436 1746 3698 1802 sustines

2043 1849 2176 1888 eum
2210 1833 2344 1906 plus
2373 1849 2549 1906 quam
2581 1838 2637 1888 te
2668 1833 2898 1890 laudari
2925 1859 2938 1902 ;
2966 1851 3080 1890 non
3107 1833 3323 1891 toleras
3354 1851 3490 1891 eum
3544 1834 3696 1890 cele-

2042 1923 2197 1978 brari
2220 1928 2277 1979 et
2307 1923 2444 1994 poni
2497 1927 2629 1994 post
2701 1938 2903 1995 reges:
2954 1923 3335 1994 cpprobrium
3388 1922 3695 1980 arbitraris

2035 2015 2212 2082 caput
2242 2010 2502 2082 pontiﬁci
2534 2009 2841 2078 inclinare,
2867 2011 3104 2082 judioas
3137 2011 3503 2068 intolerabile
3532 2013 3583 2069 si
3639 2013 3691 2068 ei

2029 2099 2284 2155 venienti
2314 2100 2386 2155 ad
2421 2103 2476 2154 te
2507 2099 2862 2154 obviandum
2897 2103 3020 2155 est:
3055 2100 3310 2156 dedecus
3369 2117 3574 2157 censes
3632 2101 3688 2158 si

2031 2189 2136 2243 tibi
2171 2194 2304 2244 ante
2331 2205 2464 2244 eum
2497 2203 2526 2243 θ
2552 2189 2830 2243 cathedra
2862 2189 3294 2262 assurgendum
3327 2193 3431 2246 est:
3457 2190 3691 2262 postha-

2031 2278 2214 2342 bitus,
2248 2279 2333 2333 ira
2356 2277 2828 2333 moreris.Times
2860 2294 2931 2332 ne
2971 2279 3041 2332 de
3091 2278 3343 2350 peccatis
3395 2279 3688 2350 judicium

2031 2371 2388 2438 exerceatur,
2419 2365 2510 2422 vel
2543 2365 2713 2421 aliter
2744 2366 2804 2421 in
2837 2366 3388 2422 condamnationem
3421 2368 3689 2425 incidas:

2031 2455 2238 2510 etideo
2271 2455 2418 2510 miro
2443 2456 2617 2511 modo
2649 2454 2900 2521 insanis,
2950 2455 3155 2511 studes
3185 2471 3322 2510 eum
3381 2455 3690 2528 projicere,

2033 2554 2087 2601 et
2119 2545 2364 2601 electum
2400 2561 2433 2599 a
2479 2550 2535 2600 te
2584 2543 2636 2598 ei
2694 2544 3098 2600 substituere:
3135 2545 3220 2600 sic
3274 2544 3334 2600 in
3390 2545 3686 2602 incertum

2032 2634 2506 2706 devenis,'quasi
2567 2634 2944 2688 meretricum
3005 2650 3204 2690 amore
3260 2634 3547 2706 agitaris:
3602 2632 3692 2690 vel

2033 2724 2202 2796 quasi
2233 2724 2305 2778 de
2337 2721 2582 2778 materia
2626 2722 2907 2794 primaria
2936 2722 3117 2778 istum
3162 2723 3220 2778 in
3280 2723 3689 2795 episcopatum

2033 2813 2273 2884 accipis,
2315 2817 2373 2867 et
2427 2811 2595 2866 illum
2645 2811 2936 2884 tantisper
2993 2815 3380 2868 contemnens
3437 2812 3690 2868 alterum

2031 2902 2316 2958 admittis:
2350 2917 2537 2968 amas,
2570 2904 2628 2957 et
2659 2900 2835 2957 odisti
2867 2905 3042 2973 prout
3072 2900 3322 2958 voluerit
3377 2900 3688 2958 consilium

2030 2993 2239 3047 animae
2269 2995 2404 3047 tuae:
2438 2995 2495 3046 et
2517 2991 2724 3047 exinde
2759 2989 2974 3046 multos
3041 2994 3235 3063 patres
3293 3007 3480 3062 neque
3523 2995 3694 3048 natu-

2030 3080 2180 3136 rales
2204 3096 2392 3152 neque
2422 3079 2759 3152 spirituales
2792 3079 3019 3136 statuit.

327 3361 465 3437 ρλθ’.
499 3363 722 3438 Ἐρωτῶ
779 3385 858 3433 σε,
914 3364 958 3418 ὧ
1016 3364 1147 3441 σοφὲ
1202 3364 1433 3438 μοναχὶ,
1489 3362 1535 3418 εἰ
1580 3361 1753 3425 οὕτως
1784 3362 1917 3418 ἀπα.

2113 3366 2234 3420 139.
2295 3367 2485 3433 Quare
2543 3364 2649 3420 abs
2693 3372 2765 3430 te,
2808 3363 3094 3422 monache
3125 3364 3383 3448 sapiens,
3411 3381 3544 3422 cum
3579 3365 3694 3422 isto
3755 3421 3761 3425 _

250 3450 415 3526 ρέσκῃ
473 3455 553 3523 τῷ
612 3452 974 3528 ἀγχιτέρμονι
1031 3452 1122 3507 καὶ
1182 3452 1394 3525 συνόρῳ
1451 3451 1720 3528 ἀρχιερει,
1782 3453 1843 3507 ὃν
1894 3453 1921 3507 ὁ

247 3542 538 3602 κανονικὸς
571 3538 879 3613 ἀνάδασμος
931 3536 1102 3606 ἔθετο⁹
1140 3541 1192 3595 τί
1242 3540 1389 3596 ἔσται
1441 3537 1627 3616 ἕτερος
1657 3543 1684 3597 ὁ
1718 3561 1922 3614 καταρ-

248 3628 417 3698 τίζων
478 3651 534 3684 σε
590 3635 972 3704 πνευματικῶς
1006 3627 1044 3700 ;’
1077 3634 1219 3705 ’Ἄρα
1273 3631 1330 3685 ὃν
1393 3629 1454 3684 σὺ
1514 3630 1732 3705 έπιλέξῃ
1769 3658 1783 3696 ς
1819 3632 1917 3687 Καὶ

252 3719 306 3774 τί
364 3717 531 3775 πλέον
589 3715 693 3790 ἕξει
757 3721 784 3774 ὁ
844 3719 1177 3795 ἀρχιερεύς;
1215 3719 1284 3774 Σὶ
1339 3725 1705 3795 παραιτεῖται,
1760 3718 1912 3796 εἶ’περ

253 3805 452 3876 ἐθέλει,
487 3809 514 3864 ὁ
547 3805 617 3864 δι’
667 3807 1126 3884 ἐξομολογήσεως
1177 3807 1259 3870 εἷς
1306 3806 1476 3865 παῖδά
1520 3831 1604 3864 σοι
1655 3808 1916 3883 ποιούμε-

252 3918 372 3958 νος.
403 3897 468 3953 Εἰ
518 3895 576 3952 δὶ
624 3897 713 3953 καὶ
763 3897 824 3952 σὺ
870 3896 960 3952 τὸν
1015 3898 1275 3973 ἀρχιερέα
1324 3920 1443 3964 σου,
1474 3896 1532 3953 τί
1582 3896 1684 3973 ἄρα
1730 3897 1916 3972 ἐκείνῳ

245 3985 393 4061 πρός
426 4007 483 4041 σε
512 3987 575 4041 τὸ
602 3984 859 4065 διάφορον
891 4005 904 4056 ;
941 3987 1063 4050 Υἱὸς
1114 3987 1278 4064 πατρὶ
1329 3985 1510 4042 δίκαία
1561 3986 1740 4062 λέγων
1780 3989 1915 4064 πρὸς

241 4073 591 4146 ἆντιλαΑιάν,
651 4076 968 4149 ἐπιτιμᾶται
1026 4073 1293 4138 δικαίως.
1343 4078 1724 4151 Παραιτεῖσθαι
1790 4076 1915 4150 μέν·

235 4184 330 4219 τοι
361 4163 518 4220 αὐτὸν
549 4165 648 4220 οὐκ
685 4162 745 4218 ἃν
801 4163 927 4219 οὐδὲ
974 4161 1063 4219 διὰ
1113 4164 1384 4237 στόματος
1439 4164 1703 4240 θαῤῥήσοι
1738 4185 1910 4242 προς-

240 4258 498 4326 ενεγκεῖν.
551 4253 626 4308 Σὺ
669 4252 726 4309 δὲ
757 4255 784 4308 ὁ
824 4254 1018 4331 μικρὸς
1069 4255 1253 4328 πατὴρ
1308 4254 1520 4327 ἀπαρνῇ
1565 4254 1680 4321 τὸν,
1731 4253 1914 4315 καλῶς

240 4342 308 4396 ἃν
339 4339 572 4416 εἷ’ποιμι,
618 4344 1022 4420 πρωτοπάτορα
1053 4387 1065 4399 .
1124 4340 1267 4413 Ἤδη
1320 4339 1378 4396 δὲ
1423 4343 1511 4396 καὶ
1567 4341 1914 4418 Μελχισεδὲκ

240 4429 558 4506 λογίζεσθαι
607 4431 837 4510 βούλει,
899 4433 1121 4508 ἀπάτωρ
1178 4432 1306 4486 εἶναι
1365 4431 1908 4507 πραγματευόμενος,

237 4519 385 4579 Οὐαί
417 4542 526 4590 σοι,
559 4521 867 4598 πατραλοία
901 4522 1132 4597 μοναχὲ,
1164 4520 1465 4594 ἀποίμαντε
1500 4523 1779 4598 μόναργεί

320 4633 429 4704 ρμ’.
464 4626 643 4683 Ἀλλὰ
674 4630 732 4683 σὲ
784 4629 878 4702 μὲν
931 4627 1134 4706 ἀφίημι
1189 4627 1428 4704 χαίρειν,
1465 4629 1554 4683 καὶ
1600 4629 1702 4697 τὴν
1754 4649 1910 4684 πνευ-

2038 3457 2212 3510 modo
2242 3472 2421 3527 agens
2453 3459 2656 3509 contra
2686 3454 3031 3524 episcopum
3076 3454 3410 3527 proximum
3462 3461 3518 3510 et
3550 3455 3691 3511 vici-

2035 3561 2194 3610 num,
2231 3559 2402 3614 quem
2429 3543 2624 3614 posuit
2655 3558 2949 3598 canonum
2981 3543 3356 3612 delimitatio,
3395 3545 3536 3616 quid
3571 3545 3686 3601 erit

2031 3634 2102 3690 de
2135 3634 2316 3689 altero
2346 3636 2403 3687 te
2435 3629 2823 3703 spiritualiter
2872 3631 3272 3703 corripiente‘?
3343 3637 3453 3688 Aut
3509 3648 3687 3704 quem

2029 3723 2134 3778 tibi
2166 3721 2554 3794 eliges?Quid
2587 3719 2842 3791 amplius
2887 3720 2998 3776 erit
3028 3721 3344 3792 pontiﬁci?
3397 3723 3477 3778 Te
3524 3739 3692 3778 rene-

2027 3817 2147 3884 gat,
2181 3812 2229 3868 si
2273 3811 2422 3878 vult,
2473 3810 2574 3881 qui
2623 3826 2692 3864 ex
2753 3809 3064 3879 adoptione
3124 3827 3227 3881 pro
3282 3811 3403 3867 ﬁlio
3451 3811 3559 3868 tibi
3593 3829 3690 3868 as-

2027 3906 2304 3972 sumptus
2325 3905 2432 3954 est.
2458 3899 2516 3954 Si
2549 3903 2747 3953 autem
2778 3903 2840 3952 tu
2889 3898 3224 3968 pontiﬁcem
3285 3905 3469 3969 tuum,
3533 3918 3688 3973 quaa-

2025 4006 2162 4045 nam
2194 3988 2524 4044 differentia
2552 3986 2674 4042 inte
2703 3989 2760 4041 te
2793 3989 2848 4040 et
2896 3986 3066 4042 illum
3094 3988 3122 4042 ?
3174 3989 3278 4052 Qui
3331 3989 3490 4045 ﬁlius
3537 3991 3690 4062 patri

2016 4079 2120 4149 jus
2151 4077 2312 4146 dicit,
2355 4081 2411 4132 et
2440 4075 2744 4131 contendit
2780 4090 2915 4130 cum
2946 4092 3033 4146 eo,
3069 4077 3273 4132 merito
3328 4078 3688 4151 increpatur.

2026 4167 2198 4222 Illum
2232 4171 2427 4220 autem
2460 4179 2739 4234 renegare
2762 4181 2833 4218 ne
2860 4179 2957 4217 ore
2980 4166 3217 4235 quidem
3241 4166 3556 4238 quisquam
3588 4185 3692 4223 au-

2024 4253 2290 4308 debit.Tu
2325 4256 2521 4306 autem
2556 4255 2722 4320 pater
2752 4250 3034 4306 minimus
3066 4269 3241 4307 avum
3281 4260 3433 4310 recte
3463 4257 3691 4311 dictum

2023 4358 2222 4414 negas.
2258 4341 2329 4396 Ut
2367 4338 2792 4394 Melchisedech
2852 4341 3115 4410 reputari
3176 4342 3499 4411 desideras,
3557 4345 3688 4400 sine

2023 4435 2189 4504 patre
2215 4445 2344 4485 esse
2376 4427 2773 4499 concupiscis;
2799 4444 2880 4484 vm
2910 4427 3345 4502 tibi,parricida
3375 4432 3687 4502 monache,

2023 4537 2126 4577 rex
2157 4537 2272 4575 non
2308 4534 2577 4591 pascens.

2095 4628 2218 4682 140.
2252 4627 2332 4682 Te
2365 4629 2562 4680 autem
2597 4624 2831 4680 dimitto
2883 4624 3259 4696 abjicientem
3306 4629 3522 4701 jugum
3573 4629 3692 4701 spi-

241 4718 484 4791 ματικήν
545 4717 889 4781 ἀποσείεσθαι
945 4716 1219 4793 ζεύγλην,
1283 4717 1374 4772 καὶ
1441 4717 1915 4794 πραγματεύεσθαι

2033 4716 2260 4784 rituale,
2322 4720 2500 4786 atque
2554 4719 2879 4770 sectantem
2940 4731 3166 4771 errores
3223 4734 3257 4772 a
3313 4721 3369 4773 te
3418 4717 3686 4784 dilectos,

236 4807 344 4876 τὴν
377 4806 726 4880 ποθουμένην
775 4806 832 4861 σε
883 4805 1092 4877 πλάνην
1147 4803 1236 4860 διὰ
1280 4807 1343 4860 τὸ
1393 4806 1788 4881 ἀνεξέλεγκτον,
1841 4809 1915 4871 ὡς

237 4898 270 4952 ὁ
310 4897 480 4970 μέγας
532 4895 824 4974 φιλοσοφεῖ
876 4893 1174 4968 Σολομῶν.
1227 4900 1390 4949 Ποῖον
1425 4895 1481 4948 σέ
1515 4897 1648 4965 ;τὸν
1711 4895 1912 4968 οἳημα-

233 4983 385 5053 τίαν,
418 4985 513 5040 τὸν
561 4985 914 5062 κενότροπον,
964 4985 1056 5038 τὸν
1106 4981 1197 5038 διὰ
1243 4984 1304 5037 τὸ
1355 4984 1540 5059 περι-ὸν
1597 4988 1705 5038 τῶν
1756 5005 1912 5038 πται-

240 5075 469 5146 σμάτων
521 5071 990 5153 φιλοτιμούμενον
1044 5073 1104 5127 τὸ
1164 5071 1575 5145 ἀνεπιτίμητον·
1635 5073 1726 5127 τὸν
1783 5073 1913 5149 ὑπὲρ

241 5163 460 5220 πάντων
499 5164 617 5238 μὲν,
668 5163 756 5218 καὶ
808 5162 981 5218 αὐτῶν
1031 5166 1139 5217 τῶν
1192 5159 1428 5237 ἐχθρῶν,
1490 5159 1778 5238 ὀφείλοντα
1827 5158 1913 5217 εὕ-

244 5263 467 5327 χεσθαι,
520 5253 673 5326 μόνῳ
719 5249 778 5307 δὲ
824 5252 902 5322 τῷ
955 5252 1205 5326 ἀρχιερεῖ
1251 5249 1339 5305 καὶ
1385 5251 1484 5320 τήν
1519 5247 1588 5304 δι’
1641 5250 1911 5328 ἀναφορᾶς

255 5342 480 5414 μνήμην
535 5340 868 5408 ἐκκλείοντα,
917 5337 1006 5394 καὶ
1055 5334 1196 5410 μηδὲ
1245 5337 1580 5416 ἐγγράφοντα
1623 5343 1784 5393 τοῦτο
1834 5339 1909 5401 είς

256 5432 614 5502 μνησικακίαν
675 5449 688 5462 ’
751 5429 844 5495 τὸν
923 5427 1232 5506 ἀφύλακτον
1309 5427 1408 5496 τὴν
1483 5426 1757 5504 γλῶσσανο
1817 5429 1908 5482 τὸν

250 5516 684 5596 ἆπεριμέριμνον
722 5519 790 5574 τά
842 5517 918 5581 εἷς
970 5515 1187 5585 λαλιὰν,
1234 5515 1324 5570 καὶ
1373 5516 1498 5571 οὐδὲ
1537 5516 1829 5593 ἐχέφρονα,
1863 5516 1914 5572 εἶ’

247 5608 364 5681 χρή
422 5614 539 5670 τοῖς
593 5603 827 5683 ἕναγχός
881 5627 988 5661 που
1048 5605 1253 5682 ῥήμασι
1306 5607 1680 5677 τεκμήρασθαι
1724 5605 1814 5660 καὶ
1843 5607 1911 5660 τὰ

244 5698 357 5771 πρὸ
386 5696 620 5753 τούτων.
672 5695 932 5754 Μελετῶν
966 5695 1066 5772 γὰρ
1114 5697 1419 5771 κορακικῶς
1465 5695 1530 5749 τὰ
1576 5696 1694 5758 καθ’
1725 5697 1906 5768 ἡμῶν,

245 5785 343 5842 καὶ
379 5782 526 5842 ἄλλα
579 5786 672 5858 μὲν
710 5783 965 5860 ἔκρωξας,
1021 5783 1072 5840 ἐν
1128 5781 1185 5838 δὲ
1213 5787 1330 5848 τοῖς
1379 5783 1469 5839 καὶ
1520 5781 1604 5838 ὅτι
1655 5784 1907 5858 "Anapi,

2024 4807 2160 4876 quia
2191 4803 2537 4876 reprehendi
2575 4807 2966 4874 nequeunt,ut
2996 4805 3078 4859 ait
3108 4822 3358 4877 magnus
3389 4806 3686 4863 Salomon.

2025 4897 2096 4951 Et
2126 4894 2360 4966 qualem
2394 4908 2530 4963 ergo
2551 4891 2578 4945 ?
2613 4896 3098 4961 Praesumentem,
3129 4911 3282 4950 vana
3311 4895 3688 4967 cogitantem,

2022 5001 2128 5057 per
2159 4982 2423 5038 facinora
2477 4979 2756 5050 praeclara
2823 4987 3185 5051 quaerentem
3244 5000 3361 5038 non
3413 4985 3680 5039 condem-

2024 5073 2174 5144 nari,
2206 5074 2515 5127 oraturum
2541 5085 2644 5139 pro
2677 5069 2976 5133 omnibus,
3001 5075 3057 5125 et
3087 5071 3366 5140 inimicis,
3418 5073 3520 5128 sed
3579 5072 3689 5128 soli

2023 5159 2288 5234 pontiﬁci
2324 5157 2675 5222 memoriam
2698 5156 2854 5212 intra
2888 5157 3245 5215 oblationem
3291 5165 3685 5226 recusantem,

2022 5267 2128 5305 nec
2183 5253 2382 5303 tamen
2443 5245 2577 5301 odio
2644 5246 2804 5301 istud
2864 5247 3311 5317 ascribentem;
3374 5251 3581 5322 lingua
3611 5250 3694 5305 ef-

2021 5339 2267 5401 frenam,
2355 5334 2504 5389 nihil
2592 5334 2913 5390 sollicitum
2996 5337 3070 5392 de
3182 5340 3471 5409 procacia,
3570 5356 3690 5395 non

2021 5429 2474 5499 temperantem,
2524 5423 2574 5478 si
2634 5424 2939 5479 referenda
2999 5431 3139 5481 sunt
3187 5428 3364 5482 verba
3421 5429 3688 5501 superius

2021 5518 2200 5582 dicta,
2227 5513 2313 5570 vel
2347 5512 2460 5568 alia
2497 5510 2680 5584 prius.
2743 5513 2887 5567 Cum
2948 5513 3104 5570 enim
3171 5533 3330 5572 more
3390 5535 3687 5574 corvorem

2021 5623 2130 5662 nos
2159 5605 2524 5670 observares,
2547 5600 2663 5656 alia
2712 5601 2945 5672 quidem
2981 5601 3271 5674 clamasti,
3309 5611 3366 5662 et
3412 5607 3568 5663 inter
3621 5623 3692 5664 ea

2019 5695 2205 5752 illud:
2286 5692 2429 5744 Ecce
2488 5689 2720 5760 absum,
2762 5694 2842 5744 'ut
2894 5697 3098 5748 contra
3170 5696 3687 5767 metropolitanum

2019 5786 2364 5856 deponeres.
2427 5779 2785 5837 Vomitorcm
2843 5781 3151 5840 confessus
3215 5801 3275 5841 es
3337 5786 3398 5842 in
3455 5785 3685 5857 dialogo
