4060 6408
341 430 458 490 847

1114 431 1538 494 EUSTATHII
1584 428 2354 498 THESSALONICENSIS
2400 430 2992 496 METROPOLITE

3655 437 3784 500 848

336 566 533 618 tecum
557 562 808 636 incepto,
841 564 1038 620 ethoc
1069 565 1310 621 verbum
1343 564 1442 631 sit,
1473 563 1578 619 tibi
1613 563 1671 618 in
1719 560 1981 618 manifest

2117 559 2376 637 ἐξεράσων
2446 564 2516 619 τὰ
2563 566 2701 621 κατὰ
2741 569 2839 620 τοῦ
2894 563 3332 641 μητροπολίτου.
3388 567 3783 644 Ὡμολόγησας

339 657 464 708 tam
497 653 1074 709 condemnationem.
1108 659 1182 708 Te
1215 657 1408 708 autem
1443 652 1700 718 dimitto,
1735 650 1999 722 relinquo

335 745 440 795 tuo
474 742 753 810 vomitui,
782 743 862 798 ita
892 748 955 798 ut
979 742 1167 814 palam
1203 742 1355 798 sitte
1387 743 1457 796 ad
1509 748 1760 798 veterem
1819 741 2001 796 vomi-

335 832 461 884 tum
487 846 822 903 regressum
855 847 1005 898 esse,
1037 832 1192 902 quod
1243 832 1300 885 in
1330 836 1574 886 tonsura
1632 830 1995 886 declaratum

343 918 555 974 fuerat.

417 1187 537 1242 141.
572 1187 797 1243 Rursus
827 1191 1021 1243 autem
1053 1203 1389 1244 sermonem
1426 1188 1496 1243 ad
1531 1187 1854 1244 monachos
1913 1205 1998 1243 re-

341 1278 531 1332 ﬂecto.
564 1279 709 1331 Ante
739 1277 936 1331 omnia
969 1293 1155 1348 praeco
1178 1294 1345 1332 sacer
1375 1284 1463 1332 est
1495 1277 1994 1341 monachus.Quid

339 1369 538 1421 autem
554 1365 776 1420 bonum
789 1371 845 1420 et
861 1365 976 1421 Deo
995 1365 1239 1437 dignum
1259 1366 1638 1421 annuntiabit
1670 1365 1844 1421 homo
1860 1365 1996 1420 illit-

337 1459 586 1521 teratus,
632 1454 864 1526 defquo
923 1470 1117 1510 sermo
1169 1471 1356 1525 nuper
1395 1454 1632 1510 habitus
1685 1453 1820 1510 est?
1869 1454 1992 1510 Nisi

334 1543 446 1599 hoc
476 1542 709 1598 solum:
739 1566 767 1593 ‹‹
805 1543 957 1599 Lava
987 1549 1170 1614 pater,
1213 1567 1231 1590 n
1268 1548 1369 1599 aut
1400 1543 1545 1598 illud
1584 1560 1595 1597 :
1651 1565 1679 1594 «
1746 1544 1994 1599 Benedic

336 1631 614 1688 calidum.
654 1655 675 1681 ι
740 1633 810 1686 Et
854 1633 1068 1688 iterum
1129 1649 1302 1688 verus
1348 1633 1673 1688 monachus
1741 1637 1844 1702 est,
1888 1631 1991 1703 qui

335 1720 621 1788 formans,
655 1737 760 1776 seu
794 1722 1124 1776 reformans
1157 1737 1425 1776 seorsum
1475 1721 1737 1783 animam
1795 1738 1987 1788 suam,

333 1807 614 1880 intelligit
642 1808 841 1864 omnia
870 1825 1046 1880 opera
1095 1809 1342 1864 Domini.
1407 1811 1543 1875 Quae
1603 1808 1990 1881 intelligentia

2109 647 2211 724 ἄρα
2257 650 2308 705 ἂν
2363 650 2620 729 συλλόγῳ
2680 658 2760 726 τῷ
2816 655 2952 708 κατὰ
3007 653 3067 708 σὲ
3124 651 3410 730 ἰεεραστὴς
3461 657 3628 712 εἶναι’
3684 660 3783 716 καὶ

2105 739 2300 794 κείσθω
2359 761 2442 796 σοι
2499 738 2744 815 τοῦνομα
2800 742 2876 804 είς
2937 742 3192 816 λαμπρὸν
3248 742 3557 818 ἰπώνυμον.
3595 745 3783 805 Ἀλλὰ

2108 828 2165 882 σὲ
2215 829 2310 910 μὶν
2359 829 2533 892 (οὕτως
2585 829 2829 909 ἀφίημι,
2881 830 3274 907 παραῤῥιπτῶν
3320 836 3401 904 τῷ
3453 837 3532 905 σῷ
3583 833 3779 910 ἱξερά-

2111 909 2370 990 ματι·’ὡς
2429 916 2490 973 ἂν
2547 919 2637 974 καὶ
2696 916 2838 974 οὕτω
2897 917 3067 985 δῆλον
3118 917 3228 991 εἵη,
3260 921 3335 986 ὡς
3384 909 3780 1000 ἐπανὲκαμῷας

2106 1003 2184 1068 εΐς
2214 1005 2306 1060 τὸν
2342 1003 2575 1060 παλαιὸν
2627 1003 2843 1078 ἔμετον,
2896 1005 3062 1082 οὗπερ
3111 1005 3282 1082 ἐχρῆν
3323 1007 3660 1086 ἀπέχθεσθαί
3692 1033 3774 1087 σε,

2106 1095 2180 1155 ὡς
2208 1096 2242 1164 ἡ
2275 1095 2446 1166 κουρά
2483 1095 2867 1170 παρήγγειλεν.

2175 1185 2322 1259 ρμαί.
2357 1178 2659 1242 Ἀναϐαίνω
2705 1181 2763 1240 δὶ
2808 1182 2972 1242 πάλιν
3019 1189 3100 1257 τῷ
3152 1182 3304 1261 λόγῳ
3351 1183 3430 1248 είς
3473 1187 3569 1243 τὸν
3607 1210 3771 1262 μονα-

2104 1275 2264 1348 χικὸν
2321 1273 2573 1346 ὁρισμόν.
2631 1274 2692 1330 Ὁ
2753 1273 2998 1350 μοναχὸς
3053 1273 3189 1350 πρὸς
3244 1278 3364 1337 τοῖς
3425 1273 3620 1339 ἄλλοις
3667 1282 3756 1334 καί

2105 1362 2366 1438 θεοκῆρυξ
2423 1360 2587 1418 ὶστίν.
2646 1362 2704 1417 Τί
2765 1360 2823 1417 δὲ
2875 1360 2936 1416 ἂν
2987 1362 3197 1439 κηρύξῃ
3258 1363 3464 1439 ἀγαθὸν
3514 1365 3596 1421 καὶ
3637 1373 3751 1442 Θεῷ

2101 1452 2306 1526 πρέπον
2353 1451 2716 1525 ἀγράμματος
2767 1448 3069 1524 ἄνθρωπος,
3121 1452 3180 1506 ’ὸν
3232 1449 3300 1521 δὴ
3348 1454 3458 1528 πρὸ
3511 1454 3752 1531 βραχὲων

2102 1541 2130 1594 ὁ
2163 1538 2324 1614 λόγος
2373 1539 2656 1595 ἐσκέπτετο
2691 1567 2704 1609 ;
2736 1539 2781 1596 εἷ
2826 1541 2902 1614 μὴ
2954 1537 3056 1614 ἄρα
3107 1539 3278 1596 ικεῖνο
3328 1541 3418 1596 καὶ
3479 1543 3646 1616 μόνον
3678 1544 3764 1598 τό“

2105 1653 2132 1682 ι(
2165 1629 2474 1703 Ἀπόνιψαι,
2525 1630 2714 1706 πάτερ’
2752 1655 2774 1683 ι
2809 1629 2900 1684 καὶ
2951 1625 3034 1684 τὸο
3069 1653 3096 1682 ι(
3145 1629 3470 1706 Εύλύγησον
3525 1631 3588 1689 τὸ
3641 1645 3775 1709 θερ-

2103 1717 2223 1790 μόν,
2257 1743 2285 1770 ››
2341 1721 2460 1775 Ἔτι
2522 1718 2764 1792 μοναχὸς
2827 1719 2854 1773 6
2910 1719 3113 1792 κυρίως
3189 1717 3377 1791 ἐστὶν,
3432 1721 3492 1784 ’ὃς
3524 1720 3773 1794 πλάσας,

2097 1808 2288 1862 ταυτὸν
2322 1804 2368 1862 δ’
2399 1807 2588 1879 εἷπεῖν,
2638 1805 2950 1870 ἀναπλάσας
3004 1808 3319 1880 καταμόνας
3378 1811 3477 1879 τήν
3534 1809 3774 1886 καρδίαν

337 1897 747 1954 monachicam
777 1897 1067 1953 theoriam
1102 1904 1159 1956 et
1208 1897 1526 1968 practicam
1588 1898 1981 1969 amplectitur.

2098 1897 2264 1951 αὐτοῦ
2310 1894 2552 1966 συνίησιν
2604 1894 2681 1957 εἲς
2731 1896 2906 1950 πάντα
2952 1897 3020 1950 τὰ
3072 1893 3202 1972 ἔργα
3246 1901 3342 1951 τοῦ
3388 1903 3546 1958 Θεοῦ.
3576 1901 3643 1958 Ἡ
3704 1899 3770 1957 δὲ

338 1985 651 2042 Theoriam
683 1986 842 2042 enim
877 1987 1218 2042 manifestat
1250 1985 1661 2059 intelligentia,
1718 2004 1846 2058 quae
1902 1992 1981 2044 est

2098 1985 2323 2056 τοιαύτη
2379 1985 2587 2048 σύνεσις
2634 1985 2698 2039 τὸ
2765 1984 3063 2060 μοναχικὸν
3123 1986 3458 2060 θεωρητικὸν
3505 1989 3620 2062 ἅμα
3669 1991 3766 2045 καὶ

335 2075 586 2131 facultas
618 2075 1007 2143 rationabilis,
1033 2080 1091 2132 et
1123 2075 1309 2132 tendit
1341 2077 1413 2131 ad
1457 2078 1613 2133 idem
1666 2083 1836 2147 atque
1894 2094 1990 2134 sa-

335 2162 576 2235 pientia.
634 2165 704 2218 Et
753 2162 991 2219 aliunde
1043 2164 1102 2219 in
1172 2164 1280 2220 hoc
1312 2165 1507 2231 verbo,
1550 2168 1737 2236 Opera
1767 2167 1986 2235 omnia,

335 2253 672 2307 ostenditur
701 2255 978 2325 practica,
1031 2255 1327 2326 siquidem
1387 2256 1692 2326 operarius
1749 2261 1838 2312 est
1887 2257 1987 2328 qui

331 2340 611 2396 virtutem
659 2341 831 2398 habet
859 2343 1205 2414 praeticam.
1246 2345 1413 2414 Apud
1475 2361 1584 2399 nos
1633 2344 1812 2417 igitur
1851 2362 1985 2401 eum

331 2447 550 2502 quaero,
584 2430 686 2502 qui
709 2430 829 2487 sive
858 2430 1174 2500 litteratus,
1203 2431 1322 2489 sive
1352 2431 1688 2490 illitteratus
1719 2451 1850 2488 cum
1886 2435 1984 2500 sit,

331 2518 588 2574 animam
614 2537 783 2574 suam
807 2521 1155 2592 disponitad
1179 2521 1329 2578 hanc
1355 2521 1886 2594 intelligentiam,et
1911 2524 1983 2580 ad

329 2624 507 2678 opera
535 2608 664 2679 ejus
695 2626 708 2677 ;
741 2609 961 2681 quique
985 2610 1254 2666 meminit
1285 2628 1402 2666 non
1435 2627 1606 2682 posse
1636 2629 1729 2667 res
1752 2612 1983 2669 divinas

329 2694 658 2768 intelligere
689 2697 987 2754 hominem
1045 2699 1458 2755 nisididicerit
1513 2699 1600 2756 vel
1660 2701 1846 2756 discat
1904 2701 1980 2758 le-

328 2784 518 2856 gendo
549 2789 650 2841 aut
679 2787 963 2843 servando
995 2787 1194 2843 divina
1225 2789 1502 2845 mandata
1532 2789 1611 2861 (id
1643 2790 1798 2845 enim
1832 2791 1979 2846 ratio

329 2876 594 2945 quaedam
631 2875 1238 2949 discendiesl):neque
1262 2878 1581 2948 practicam
1612 2878 1829 2935 habere
1858 2880 1978 2934 vir-

326 2966 518 3018 tutem
552 2981 677 3034 qute
709 2965 997 3037 accipitur
1029 2971 1093 3021 ut
1142 2966 1396 3038 cognitio
1455 2969 1723 3039 quaedam
1775 2986 1810 3023 a
1861 2969 1977 3024 Deo

330 3051 640 3123 inspirata,
671 3059 728 3108 et
758 3054 830 3109 ab
861 3053 992 3125 ipsa
1017 3056 1331 3127 sapientia,
1382 3073 1416 3111 a
1445 3056 1560 3112 Deo
1608 3057 1874 3113 immissa
1904 3059 1977 3113 iis

331 3140 432 3213 qui
463 3157 598 3196 eum
621 3143 892 3214 operibus
923 3143 1146 3210 colunt,
1174 3159 1439 3217 quosque
1483 3145 1617 3201 licet
1673 3146 1975 3218 simplices

325 3229 456 3302 ipse
485 3230 648 3286 novit
677 3229 866 3288 facere
895 3232 1212 3304 sapientes.

393 3497 516 3553 142.
549 3498 692 3555 Dato
721 3499 898 3558 etiam
930 3502 1085 3573 quod
1141 3501 1481 3559 monachica
1538 3503 1838 3560 conversio
1894 3503 1973 3560 sit

321 3603 418 3642 ars
450 3587 692 3654 artium,
725 3589 968 3645 scientia
1000 3590 1471 3659 scientiarum,in
1504 3608 1621 3663 quo
1653 3593 1809 3648 sistit
1838 3592 1970 3664 phi-

321 3673 614 3746 losophia,
650 3677 1041 3734 nihilominus
1101 3696 1301 3735 revera
1331 3679 1720 3753 philosophus
1751 3687 1840 3738 est
1870 3681 1971 3752 qui

320 3762 548 3819 habitat
574 3764 630 3818 in
656 3765 974 3822 solitudine
1006 3783 1108 3839 spe
1141 3768 1238 3824 Dei
1271 3768 1506 3824 videndi
1529 3777 1586 3824 et
1601 3770 1965 3840 possidendi.

319 3850 957 3924 Philosophumautem
985 3873 1115 3912 esse
1171 3858 1464 3928 quomodo
1523 3858 1802 3929 possibile
1857 3861 1969 3914 erit

321 3935 373 3991 ei
399 3937 498 4006 qui
530 3955 718 4012 neque
749 3941 974 3997 litteras
1005 3943 1149 3999 satis
1176 3945 1355 4014 novit,
1390 3961 1582 4016 neque
1625 3945 1683 4000 in
1722 3944 1965 4015 gloriam

319 4026 646 4097 spiritualis
690 4032 1046 4102 operationis
1096 4033 1372 4105 rexpexit.
1434 4033 1501 4088 Et
1557 4035 1714 4106 quod
1776 4037 1967 4106 majus

312 4119 421 4184 est,
459 4117 570 4172 Deo
603 4121 908 4189 proximus
938 4129 1028 4176 est
1060 4121 1386 4177 monachus
1445 4124 1678 4195 proprie
1745 4125 1962 4191 dictus,

305 4201 556 4274 ideoque
587 4207 844 4276 quietus.
879 4210 1041 4274 Quod
1093 4210 1144 4264 si
1193 4211 1498 4280 proximus
1528 4217 1632 4278 est,
1693 4212 1963 4270 etintue-

301 4295 420 4359 tur,
473 4297 801 4351 secundum
862 4298 1024 4354 istud
1084 4321 1111 4348 «
1174 4298 1387 4354 Vacate
1444 4305 1502 4355 et
1559 4301 1748 4356 videte
1815 4301 1880 4371 ³⁸,
1936 4325 1964 4352 n

301 4385 483 4438 Deum
516 4384 762 4442 scilicet.
799 4387 987 4444 Deum
1020 4395 1218 4446 autem
1250 4407 1369 4462 qua
1400 4391 1623 4447 ratione
1655 4399 1966 4465 cognoscet

2098 2075 2392 2150 πρακτικὸν
2450 2073 2696 2152 ἐμφαίνει
2732 2117 2744 2130 .
2807 2072 3045 2149 Θεωρίας
3104 2075 3198 2147 μὲν
3277 2077 3381 2152 γὰρ
3441 2074 3660 2148 ἔνδειξις
3721 2083 3762 2152 ἡ

2101 2164 2324 2232 σύνεσις,
2358 2161 2556 2238 λογικὴ
2612 2163 2775 2238 ἀρετή
2827 2160 2978 2231 οὖσα,
3029 2162 3120 2217 καὶ
3150 2161 3228 2225 είς
3287 2164 3481 2221 ταυτόν
3509 2187 3561 2222 τι
3589 2165 3764 2244 ἐρχο-

2103 2254 2231 2327 μένη
2288 2256 2356 2327 τῇ
2407 2252 2586 2330 σοφίᾳ·
2619 2253 2681 2305 τὸ
2716 2248 2774 2306 δὲ
2823 2274 2852 2302 ‹‹
2885 2251 3057 2306 πάντα
3087 2251 3219 2328 ἔργα
3251 2275 3280 2304 ››
3311 2255 3409 2323 τὴν
3444 2259 3758 2330 πρακτικὴν

2096 2339 2503 2419 παραδείκνυσιν
2533 2385 2546 2398 .
2597 2340 2906 2416 Ἐργατικὸς
2962 2340 3062 2417 γάρ
3110 2360 3192 2403 τις
3244 2341 3335 2396 καὶ
3384 2343 3412 2397 6
3456 2345 3574 2398 κατ’
3629 2345 3764 2420 ἀρε..

2093 2431 2190 2501 τὴν
2252 2428 2565 2505 πρακτικός.
2596 2433 2753 2499 Ζητῶ
2809 2431 2940 2502 γοῦν
2994 2428 3086 2483 τὸν
3150 2427 3201 2484 ἰν
3262 2435 3381 2492 τοῖς
3432 2431 3552 2496 καθ’
3601 2433 3760 2505 ἡμᾶς

2093 2518 2203 2574 εἷ’τε
2244 2518 2588 2594 γραμματέα,
2649 2513 2757 2572 εἴτε
2812 2516 3192 2593 ἀγράμματον,
3253 2518 3313 2580 ὃς
3364 2519 3465 2587 τὴν
3518 2517 3758 2594 καρδίαν

2093 2607 2384 2664 διατίθεται
2431 2607 2566 2662 κατὰ
2615 2607 2820 2661 σύνεσιν
2879 2605 3159 2677 τοιαύτην,
3213 2605 3298 2661 καί
3354 2601 3484 2682 ἔργα
3522 2609 3590 2662 τά
3619 2612 3756 2664 κατ’

2089 2701 2282 2770 αὐτήν·
2319 2697 2752 2770 ὑπομιμνήσκων
2803 2695 2893 2750 καὶ
2939 2695 3014 2758 ὡς
3068 2695 3167 2750 οὐκ
3213 2692 3268 2750 ἄν
3300 2691 3514 2750 δύναιτο
3558 2698 3752 2753 συνιέ-

2087 2810 2175 2843 ναι
2229 2787 2297 2842 τὰ
2359 2785 2493 2841 κατὰ
2565 2785 2694 2849 Θεὸν
2773 2785 3056 2859 ἄνθρωπος
3132 2785 3272 2858 μήτε
3329 2784 3538 2856 μαθὼν,
3601 2787 3755 2857 μήτι

2093 2877 2374 2950 μανθάνων
2435 2873 2488 2930 ἐν
2541 2878 2618 2946 τῷ
2649 2870 2794 2936 ὅλως
2825 2873 3231 2948 ἀναγινώσκειν,
3282 2873 3318 2942 ἢ
3368 2871 3511 2936 θείας
3542 2873 3748 2949 ἀκροά-

2089 2989 2198 3030 σεις
2266 2963 2710 3040 περιεργάζεσθαι
2783 2962 2835 3034 (ὃ
2891 2962 2981 3017 καὶ
3049 2961 3183 3018 αὐτὸ
3245 2963 3535 3036 μαθήσεώς
3595 2961 3740 3019 ἔστιν

2087 3054 2276 3129 εἷδος)’
2341 3051 2482 3128 μηδὲ
2544 3053 2651 3125 μὴν
2710 3051 3010 3124 πρακτικὴν
3071 3047 3216 3127 ἔχειν
3269 3051 3506 3128 ἀρετὴν,
3554 3050 3590 3121 ἢ
3652 3051 3739 3106 καὶ

2085 3145 2224 3214 αὐτὴ
2288 3144 2542 3220 γνώσεως
2623 3138 2740 3196 ἴδὲα
2813 3133 3294 3196 καθυποϐάλλεται
3362 3137 3723 3209 θεοδιδάκτου,

2087 3233 2278 3290 ὁποίαν
2329 3235 2364 3302 ἡ
2414 3227 2730 3304 αὖτοσοφία,
2764 3230 2792 3284 ὸ
2819 3229 2975 3299 Θεὸς,
3006 3225 3281 3302 ἐλλάμπει
3338 3233 3459 3291 τοῖς
3489 3227 3568 3290 καὶ
3593 3247 3724 3300 πρα-

2005 3295 2050 3364 G
2086 3327 2288 3385 κτικῶς
2344 3295 2504 3376 αὐτὸν
2555 3295 2972 3391 θεραπεύουσινί
3023 3316 3117 3380 οὓς
3150 3295 3263 3372 ’καὶ
3306 3313 3529 3380 ἰδιώτας
3581 3295 3733 3379 ὄντας

2085 3410 2197 3468 οἶδε
2228 3410 2466 3488 σοφίζειν
2498 3407 2682 3470 αὐτός.

2155 3501 2304 3577 ρμβ’.
2362 3505 2479 3553 Ἓτι
2537 3494 2833 3570 δεδομένου
2887 3498 2985 3550 τοῦ
3040 3495 3140 3564 τὴν
3204 3495 3514 3572 μοναχικήν
3580 3493 3741 3568 μετέ-

2082 3590 2261 3647 λευσιν
2314 3587 2516 3662 τεχνην
2563 3587 2694 3640 εἶναι
2744 3587 2950 3659 τεχνῶν
3003 3583 3092 3638 καὶ
3144 3582 3457 3663 ἐπιστήμην
3511 3583 3737 3650 ἐπιστη-

2085 3685 2226 3754 μῶν,
2257 3679 2286 3734 ’ὀ
2319 3675 2384 3746 δὴ
2434 3677 2524 3731 καὶ
2571 3672 2898 3753 φιλοσοφίας
2947 3672 3076 3750 ὅρος
3125 3671 3287 3745 ἐστὶν,
3338 3669 3424 3743 εἷή
3477 3671 3535 3727 ἂν
3585 3673 3677 3728 καὶ
3711 3673 3738 3727 6

2078 3767 2382 3842 καταμόνας
2439 3763 2520 3821 ἐπ’
2585 3760 2770 3820 ἐλπίδι
2840 3766 2909 3835 τῇ
2971 3763 3046 3823 εἷς
3100 3762 3190 3816 τὸν
3249 3761 3426 3830 Θεὸν,
3481 3761 3572 3816 καὶ
3627 3763 3736 3830 τὴν

2077 3859 2194 3913 κατ’
2239 3856 2398 3911 αὐτὸν
2451 3851 2679 3925 θεωρίαν
2731 3850 3160 3924 κατῳκισμίνος,
3203 3849 3504 3929 φιλόσοφος
3533 3847 3730 3913 ὄντως.

2079 3945 2409 4024 Φιλοτοιρεῖν
2444 3939 2502 3998 δὲ
2550 3945 2667 4005 πῶς
2712 3940 2990 4016 περιέσται
3041 3939 3171 4010 τινὶ,
3208 3941 3347 4012 μήτε
3385 3938 3732 4015 γραμμάτων

2078 4037 2200 4099 ἅλις
2260 4034 2467 4112 ἔχοντι,
2532 4034 2672 4106 μήτε
2729 4031 2804 4094 εἷς
2833 4032 2932 4099 τὴν
2994 4029 3130 4084 κατὰ
3176 4032 3392 4104 πνεῦμα
3422 4030 3731 4101 πρακτικὴν

2079 4123 2102 4148 ,ι
2605 4119 2618 4140 ρ
2841 4139 2851 4150 ,
2903 4120 2926 4139 υ
3261 4119 3272 4137 ν
3479 4117 3506 4137 υ

2076 4126 2351 4200 ελλαμψιν
2410 4123 2785 4199 παρακύψαντι
2841 4165 2854 4189 ,
2928 4121 3023 4176 Ετι
3081 4119 3143 4173 τὸ
3201 4139 3416 4174 παντων
3478 4129 3735 4195 υπερθεν,

2075 4215 2422 4292 παραστάτης
2471 4213 2608 4265 Θεοῦ
2661 4209 2688 4263 ὁ
2737 4208 2873 4284 πρὸς
2923 4207 3292 4284 κυριωνυμίαν
3349 4207 3597 4282 μοναχὸς
3639 4207 3735 4262 καὶ

2077 4304 2145 4361 δι’
2195 4303 2324 4360 αὐτὸ
2383 4297 2769 4376 σχολαστικός.
2807 4297 2870 4354 Ei
2920 4294 2976 4351 δὲ
3022 4301 3370 4373 παραστατεῖ,
3404 4295 3494 4350 καὶ
3539 4297 3742 4372 θεωρεῖ

2075 4392 2179 4471 ἄρα
2234 4392 2437 4448 ἐκεῖνον
2493 4390 2629 4442 κατὰ
2685 4385 2767 4441 τό’
2823 4410 2850 4439 ιι
2911 4383 3272 4461 Σχολάσατε,
3331 4385 3422 4440 καὶ
3469 4389 3671 4461 γνῶτε,
3707 4412 3731 4441 ι

299 4468 478 4524 homo
537 4475 825 4530 ambobus
884 4479 1072 4533 oculis
1141 4481 1409 4547 orbatus,
1498 4498 1748 4549 quorum
1811 4499 1963 4540 unus

2096 4468 2162 4539 τὸν
2209 4482 2337 4538 Θεὸν
2387 4473 2626 4550 δηλαδή.
2669 4476 2798 4531 Θεὸν
2845 4471 2902 4529 δὲ
2948 4479 3064 4536 πῶς
3119 4471 3179 4529 ἂν
3222 4474 3380 4550 γνοίη
3424 4494 3508 4535 τις
3551 4495 3736 4544 πεπη-

299 4557 705 4646 practicam,et
737 4563 882 4620 alter
907 4568 1190 4622 theoriam
1215 4567 1594 4640 dirigit;quos
1618 4569 1770 4624 inter
1792 4571 1961 4626 breve

2096 4571 2319 4645 υιομένος
2368 4565 2652 4639 ἑκατέρους
2709 4561 3076 4641 ὀφθαλμούςς
3129 4560 3204 4618 ὧν
3251 4565 3278 4617 6
3327 4563 3419 4636 μὲν
3471 4562 3537 4617 τὰ
3591 4565 3741 4619 κατᾶ

299 4645 674 4706 intervallum
709 4657 766 4707 et
798 4657 994 4710 minus
1026 4655 1235 4726 capillo
1267 4656 1476 4712 tenui?
1526 4658 1783 4714 Profecto
1806 4661 1962 4718 enim

2096 4659 2283 4736 πρᾶξιν,
2335 4657 2362 4710 6
2414 4651 2470 4708 δὲ
2518 4652 2585 4706 τὰ
2629 4653 2767 4706 κατὰ
2815 4651 3043 4727 θεωρίαν
3099 4648 3368 4721 διέξεισιν,
3420 4651 3495 4704 ὧν
3537 4649 3735 4727 ὀλίγον

301 4749 419 4788 non
451 4742 541 4792 est
571 4741 818 4797 scientia
856 4747 1134 4815 perfecta,
1169 4761 1297 4816 quae
1344 4761 1478 4800 cum
1514 4748 1790 4818 operibus
1839 4766 1955 4804 non

2099 4752 2126 4806 ὸ
2177 4745 2394 4822 μεταξὺ,
2437 4743 2529 4798 καὶ
2577 4739 2700 4796 ὅσον
2751 4737 2882 4796 οὐδὲ
2932 4739 3202 4811 λεπτότης
3241 4739 3461 4816 τριχός.
3519 4741 3738 4817 Θεωρία

298 4825 623 4895 concurrit;
674 4834 731 4883 et
777 4848 905 4902 quae
963 4849 1141 4904 opera
1192 4851 1307 4888 non
1340 4833 1642 4890 illuminat
1699 4837 1957 4894 caecitate

2099 4837 2248 4915 εγὰρ
2277 4837 2312 4905 ἠ
2347 4829 2568 4899 ἐντελὴς
2620 4830 2720 4884 οὐκ
2762 4827 2823 4884 ἂν
2886 4828 2969 4900 εἷή
3021 4833 3090 4904 τῇ
3141 4829 3330 4904 πράξει
3360 4827 3734 4905 ἀσύντροχος,

297 4917 465 5000 capta
496 4920 603 4969 est.
641 4919 708 4971 Et
751 4919 1100 4992 plerumque
1131 4922 1428 4978 illuminat
1483 4941 1551 4979 ex
1610 4925 1950 4998 Scripturis,

2099 4929 2153 4983 αὶ
2212 4926 2401 5000 πρᾶξιν
2461 4918 2519 4974 δὲ
2580 4921 2656 4991 μὴ
2733 4919 3014 4992 θεωροῦσα
3067 4915 3464 4995 τετύφλωται.
3525 4925 3736 4993 Θεωρεῖ

293 4999 354 5054 in
390 5001 604 5073 quibus
657 5010 1031 5077 reperiuntur
1083 5028 1248 5066 sacra
1300 5013 1596 5084 dogmata,
1635 5018 1950 5071 verborum

2096 5016 2217 5072 ὲτά
2241 4999 2427 5068 πολλᾶ
2475 5006 2564 5064 διὰ
2617 5001 2847 5081 βίϐλων,
2894 5008 2980 5070 αῖς
3026 5006 3116 5061 καὶ
3173 5004 3425 5080 δόγματα
3473 5006 3596 5080 ἱερὰ
3628 5005 3731 5078 ἔμ-

295 5090 680 5149 obscurorum
712 5095 1247 5171 interpretationes,
1282 5118 1459 5156 sacrae
1491 5102 1747 5158 historiae
1790 5104 1951 5171 ;haao

2096 5104 2394 5180 ῖεριὲχεται,
2443 5097 2532 5153 καὶ
2579 5096 2801 5174 γραφῶν
2855 5094 3182 5172 ἀπορῥήτων
3241 5094 3534 5165 ἀνάπτυξις
3570 5139 3584 5164 ,
3636 5095 3730 5149 καὶ

295 5180 687 5238 suntlumina
721 5186 936 5255 divina,
988 5189 1158 5261 signa
1218 5191 1469 5262 decoris,
1521 5191 1812 5264 imagines
1859 5196 1950 5249 in-

2096 5195 2201 5271 ιραὶ
2278 5188 2513 5265 ἱστορίαι
2548 5205 2559 5217 ’
2621 5187 2795 5264 φάκτα
2854 5190 2972 5249 θεῖα
3030 5183 3224 5240 ἐκεῖναι
3262 5226 3276 5254 ,
3334 5183 3540 5247 εἰκόνες
3599 5205 3720 5237 παι-

295 5269 662 5340 structionis,
697 5273 793 5329 lux
826 5277 1115 5333 bonorum
1149 5295 1417 5352 operum,
1474 5286 1530 5335 et
1574 5282 1949 5339 rectitudinis

2096 5269 2341 5351 εύσεως,
2401 5281 2554 5356 φῶτα
2610 5275 2851 5350 πράξεων
2913 5275 3126 5350 ἀγαθῶν
3169 5317 3182 5343 ,
3236 5281 3585 5349 χαρακτῆρες
3634 5269 3716 5325 εὖ.

297 5357 548 5416 stimuli.
2057 5369 2432 5448 σχημοσύνης,
2466 5361 2765 5438 ὀρθότητος
2799 5362 3244 5435 προκεντήματα.

365 5448 487 5504 143.
522 5451 676 5515 Quos
704 5469 809 5525 ego
841 5457 1117 5527 optabam
1148 5455 1417 5528 colligere
1447 5457 1719 5528 profanas
1762 5459 1944 5518 histo-

2096 5446 2268 5536 .-ρμγ’,
2307 5455 2448 5533 Ἐγὼ
2499 5450 2556 5506 δὲ
2604 5449 2806 5520 ἤθελον
2852 5450 2980 5512 τοὺς
3032 5449 3317 5514 τοιούτους
3354 5448 3445 5504 καὶ
3480 5446 3736 5536 ἱστορίας

292 5532 432 5603 rias,
491 5543 816 5600 sententias
873 5551 931 5600 et
984 5546 1312 5617 proverbia,
1365 5546 1682 5616 exquibus
1715 5552 1943 5606 mendi-

2096 5532 2388 5626 pegma:
2433 5539 2750 5616 ἀνθολογεῖν
2797 5583 2812 5611 ,
2871 5539 2962 5595 καὶ
3020 5541 3242 5616 γνώμας
3299 5539 3386 5593 καὶ
3445 5535 3741 5615 ἀποφθέγ-

374 5745 418 5782 ²⁸
445 5751 604 5805 Psal.
631 5767 721 5822 VL,
750 5756 842 5812 41.
