4060 6352
319 427 440 488 849

1340 424 1444 484 DE
1487 421 1974 484 EMENDANDA
2023 417 2214 482 VITA
2257 417 2746 482 MONACHICA.

3629 422 3752 484 8ῦο

325 577 491 630 ματα,
547 553 601 626 ἐξ
660 555 736 609 ὤν
787 555 880 609 καὶ
939 555 992 608 οἱ
1049 552 1218 610 πάλαι
1270 552 1558 628 ἁγιώτατοι
1592 552 1824 627 Πατέρες
1856 550 1971 620 έρα-

2093 555 2294 608 cantes
2323 552 2552 625 antiqui
2584 552 2773 608 sancti
2820 551 3023 609 Patres
3072 553 3186 609 mel
3219 553 3628 622 conficiebant,
3664 559 3742 623 et,

320 646 606 718 νισάμενοι
683 641 1188 720 ἐμελετούργησαν,
1256 636 1833 714 σιμϐλοποιησάμενοι
1911 637 1978 693 τὰ

323 733 534 812 γλυκέα
589 733 767 789 ἐκεῖνα
827 727 1040 808 βιϐλία,
1106 735 1194 794 οἷς
1251 730 1490 795 ἐνέθεντο
1542 731 1609 786 τὰ
1673 729 1978 806 γλυκύτερα

329 825 464 901 ὑπὲρ
526 822 650 897 μέλι
707 821 798 876 καὶ
855 821 1049 896 κηρίον
1100 820 1280 896 λόγια,
1339 821 1428 875 καὶ
1487 819 1660 882 οὕτως
1718 818 1977 894 ἂρεσκόν-

323 935 435 975 τως
485 917 564 985 τῷ
639 915 756 983 Θεῷ
829 907 1274 984 έλειτούργησαν.
1350 908 1448 966 Καὶ
1518 907 1822 981 ἐπεθύμουν
1881 908 1975 981 μὲν

325 1001 488 1064 αὐτὸς
541 997 795 1055 τοιούσδε
841 999 933 1054 καὶ
971 999 1101 1076 παρ’
1144 1001 1281 1072 ἡμῖν
1309 1000 1447 1054 εἶναι
1502 997 1629 1060 τοὺς
1672 1016 1977 1075 προφαινο-

327 1089 524 1164 μένους
587 1087 888 1164 μοναχούς·
941 1085 1024 1141 ὅτι
1085 1083 1142 1141 δὲ
1197 1083 1356 1141 αὐτοὶ
1412 1084 1550 1162 πρὸς
1605 1089 1726 1146 ταῖς
1757 1081 1858 1156 ἔξω
1893 1081 1978 1158 βί-

321 1174 480 1241 ϐλοις
539 1176 900 1253 ἐξαθερίζουσι
968 1175 1058 1229 καὶ
1124 1174 1220 1239 τὰς
1284 1174 1577 1250 ἡμετέρας,
1629 1173 1824 1228 ὁπόσαι
1887 1172 1974 1226 καὶ

2088 641 2442 697 constructis
2499 646 2564 696 ut
2619 641 2950 697 alvearibus
3025 642 3116 697 his
3173 642 3381 708 libris,
3443 659 3748 699 sermones

2095 729 2446 787 udulciores
2502 747 2677 802 super
2727 731 2841 786 mei
2890 734 2947 786 et
3007 732 3203 787 favum
3236 732 3280 767 ²⁹
3339 754 3366 780 ››
3421 733 3502 787 ibi
3559 733 3746 787 inclu-

2087 821 2322 875 debant.
2369 820 2536 876 Tales
2596 819 2901 892 cupiebam
2960 837 3091 876 esse
3152 822 3306 893 apud
3367 837 3472 876 nos
3530 821 3631 892 qui
3683 821 3742 876 in

2087 909 2273 980 primo
2305 909 2507 964 ordine
2537 909 2809 963 videntur
2837 925 2966 964 esse
2999 910 3290 964 monachi.
3314 909 3426 965 Sed
3457 909 3596 980 quia
3625 926 3742 964 non

2087 998 2364 1068 profanos
2394 997 2575 1054 libros
2608 998 2823 1065 solum,
2851 998 2952 1053 sed
2986 1003 3042 1054 et
3073 1004 3328 1069 nostros,
3349 999 3568 1070 quibus
3593 1000 3743 1053 Deus

2087 1090 2144 1140 et
2171 1085 2368 1141 divina
2401 1085 2578 1141 altius
2621 1089 3075 1159 cognoscuntur,
3122 1088 3284 1158 parvi
3335 1086 3581 1155 faciunt,
3613 1085 3744 1141 volo

2088 1189 2222 1229 cum
2252 1174 2338 1229 eis
2368 1174 2648 1229 rationem
2678 1190 2891 1246 ponere
2922 1191 2994 1229 ne
3025 1175 3281 1246 amplius
3319 1176 3402 1230 sic
3436 1174 3742 1248 insipiant.

325 1264 541 1340 μᾶλλον
587 1260 953 1339 ἐμϐαθύνουσι
982 1268 1102 1326 τοῖς
1133 1262 1210 1326 είς
1268 1264 1400 1320 Θεὸν
1456 1262 1546 1318 καὶ
1601 1261 1670 1316 τὰ
1727 1261 1863 1329 θεῖα,
1923 1256 2162 1335 εῦχομαι
2203 1257 2474 1336 λογισμὸν
2525 1259 2711 1323 αὐτοῖς
2754 1259 3028 1330 ἐντεθῆναι
3091 1262 3168 1335 μή
3220 1262 3312 1316 καὶ
3375 1260 3536 1316 εἷσέτι
3570 1259 3744 1323 οὓτως

318 1355 624 1432 ἀφραίνειν.

390 1441 534 1520 ρμδ’.
595 1443 726 1501 Οῐον
775 1443 900 1518 γάρ,
954 1439 999 1496 ὦ
1055 1447 1128 1517 γῆ
1167 1442 1260 1496 καὶ
1318 1439 1532 1516 οὐρανέ,
1585 1436 1754 1514 λόγον
1800 1436 1851 1508 ἐξ
1882 1435 1975 1491 ἀν-

317 1531 444 1610 δρὸς
500 1531 756 1588 τοιούτου
816 1529 1020 1610 φθάσας
1079 1527 1326 1600 ἤκουσα·
1387 1531 1628 1602 Ἔμαθον
1688 1530 1972 1582 κατακεῖσ-

314 1622 402 1677 θαί
453 1643 560 1678 που
612 1617 806 1698 βίϐλον
865 1620 1034 1696 ἱερὰν,
1097 1621 1162 1690 ἢν
1223 1618 1530 1689 ἐπονήσατο
1579 1610 1910 1692 Γρηγόριος,
1944 1615 1972 1669 ὁ

314 1710 404 1765 καὶ
455 1708 747 1788 Θεολόγος,
802 1714 910 1786 πῦρ
967 1708 1197 1772 πνεύσας
1249 1708 1339 1763 καὶ
1395 1704 1730 1780 καλλιλογίᾳ
1759 1703 1970 1777 ἐλλαμ-

317 1798 584 1874 ψάμενος.
640 1800 738 1854 Καὶ
799 1801 834 1868 ἡ
899 1793 1092 1874 βίϐλος
1152 1798 1269 1873 εἶχε
1325 1794 1472 1851 πολὺ
1527 1796 1590 1850 τὸ
1619 1792 1968 1868 παράσημον,

2160 1441 2283 1496 144.
2317 1439 2522 1504 Qualia
2564 1439 2760 1508 verba,
2793 1456 2825 1495 ο
2857 1441 3065 1497 ccelum
3112 1444 3170 1496 et
3227 1444 3405 1505 terra,
3466 1444 3639 1496 antea
3670 1440 3742 1496 ab

2084 1527 2324 1584 homine
2346 1528 2518 1583 istius
2550 1528 2709 1609 modi
2734 1528 2928 1583 audivi
2954 1529 2966 1584 l
3000 1532 3348 1600 Acceperam
3377 1527 3591 1584 alic'ubi
3614 1544 3744 1584 esse

2085 1620 2401 1690 quemdam
2429 1619 2644 1674 librum
2668 1635 2921 1688 sacrum,
2941 1635 3116 1690 quem
3148 1618 3462 1691 Gregorius
3495 1618 3741 1675 Theolo-

2083 1724 2216 1780 gus,
2248 1707 2445 1780 ignem
2493 1709 2746 1779 spirans,
2807 1708 3038 1781 egregia
3083 1708 3374 1763 sermonis
3427 1707 3736 1780 elegantia,

2081 1797 2534 1868 conscripserat.
2567 1795 2814 1851 Multum
2865 1797 3093 1854 decoris
3123 1796 3222 1853 ille
3267 1795 3414 1852 liber
3446 1796 3694 1852 habebat
3722 1814 3737 1866 ;

309 1889 402 1944 καὶ
452 1890 516 1945 τὸ
573 1889 690 1944 κατ’
730 1886 896 1958 αύτήν
953 1887 1114 1949 κλέος
1169 1886 1418 1961 ἐξηγεῖτο
1471 1885 1548 1948 εἰς
1575 1881 1848 1954 πολλοὺς,
1879 1882 1968 1936 καὶ

2086 1885 2233 1941 fama
2263 1885 2424 1941 illius
2473 1885 2628 1957 apud
2682 1885 2900 1941 multos
2952 1886 3324 1953 narrabatur,
3384 1886 3584 1956 sicque
3616 1886 3741 1957 qui-

309 1977 593 2058 ἐφείλκετο
621 1977 752 2039 τοὺς
805 1976 1074 2052 ἀκροατὰς
1121 1974 1294 2036 οὕτως
1348 1973 1552 2044 ἐκείνη,
1599 1970 1689 2027 καὶ
1741 1970 1969 2026 ἐθεῶντο

305 2067 478 2136 αὐτὴν
534 2065 674 2142 πρὸς
742 2068 960 2139 θαῦμα·
1044 2064 1135 2120 καὶ
1200 2063 1269 2134 ἦν
1337 2062 1597 2140 ἐντρυφᾷν
1652 2061 1779 2122 τοὺς
1843 2058 1972 2135 βλέ-

308 2165 511 2218 ποντας
585 2159 702 2218 τοῖς
775 2175 834 2210 τε
905 2152 1056 2216 έντὸς
1126 2153 1216 2207 καὶ
1284 2155 1363 2224 τῷ
1417 2147 1840 2228 προφαινομένῳ
1893 2146 1970 2209 εἷς

314 2243 634 2322 ἀγαλλίαμα
679 2243 771 2299 καὶ
820 2246 1006 2320 ψυχῆς
1034 2243 1124 2298 καὶ
1174 2236 1374 2316 ὅψεως.
1434 2238 1669 2313 Θέμενος
1731 2238 1823 2292 οῦν
1881 2235 1972 2291 καὶ

315 2332 422 2408 ἐγὼ
482 2329 721 2402 σπουδὴν
777 2329 1022 2408 ἐντυχεῖν
1074 2329 1155 2404 τῷ
1201 2329 1357 2402 καλῷ
1406 2327 1696 2406 Γρηγορίῳ
1750 2325 1970 2398 τούτῳ,

314 2421 415 2478 οὐκ
469 2419 804 2497 εύστόχησα·
884 2420 1142 2495 μετετέθη
1192 2421 1294 2495 γάρ
1352 2438 1470 2479 πως
1517 2418 1585 2472 τά
1626 2437 1686 2492 γε
1727 2414 1805 2477 εἰς
1853 2415 1970 2488 ἐμέ.

315 2511 541 2584 Ἀμέλει
593 2511 682 2566 καὶ
757 2507 1146 2584 λελυπημένος
1213 2508 1494 2582 ἐπυθόμην
1546 2509 1644 2560 τοῦ
1699 2515 1974 2579 καθηγου-

310 2600 478 2675 μένου
539 2600 632 2674 (ἧν
695 2597 753 2654 δὶ
809 2598 1058 2674 ἐνάρετος
1120 2599 1147 2653 ὁ
1203 2597 1364 2670 ἀνὴρ,
1412 2595 1501 2650 καὶ
1545 2594 1884 2671 γραμμάτων
1917 2589 1976 2646 δὶ

317 2685 549 2762 ἵδμων),
607 2692 707 2744 ποῖ
760 2708 893 2743 ποτε
949 2687 1122 2741 τόπου
1173 2686 1239 2740 τὸ
1292 2683 1461 2740 καλὸν
1513 2678 1732 2758 βιϐλίον
1791 2680 1973 2752 ἐστίνς

309 2779 372 2834 Ὀ
433 2775 491 2832 δὲ
547 2777 640 2832 τὸν
699 2779 798 2846 τῆς
857 2774 1030 2849 δεξιᾶς
1091 2775 1324 2851 λιχανὸν
1379 2772 1698 2833 κατασείσας
1755 2772 1830 2833 ὡς
1898 2770 1973 2831 είς

318 2864 546 2935 κύκλον,
621 2863 773 2920 οὐδὲν
849 2864 1194 2941 ἀπεκρίνατο.
1273 2865 1447 2936 Έμοῦ
1522 2858 1580 2915 δὲ
1635 2858 1974 2936 ἐγκειμένου,

324 2953 414 3009 καὶ
470 2953 676 3032 ἱλαρῶς
743 2954 1239 3030 ἐπανερωτῶντος,
1319 2948 1784 3024 ἀπεμποληθῆναι
1863 2949 1978 3003 εἶπε

324 3045 424 3113 τὴν
458 3038 673 3119 βίϐλον.
730 3043 820 3108 Τίς
874 3043 999 3120 γὰρ,
1049 3041 1203 3121 φησὶ,
1269 3040 1359 3096 καὶ
1391 3039 1579 3116 χρείαν
1609 3041 1675 3107 ἦν
1706 3040 1842 3109 ἡμῖν
1877 3037 1976 3092 αύ-

323 3133 756 3203 τῆςςἚνταῦθα
813 3131 948 3207 ἐμοῦ
998 3133 1168 3206 θυμὸν
1223 3127 1531 3204 ἐνδόμυχον
1580 3126 1974 3201 ὑπανάψαντος,

2081 1991 2334 2046 cumque
2383 1975 2678 2030 audebant
2725 1974 3155 2041 alliciebantur,
3207 1980 3266 2030 et
3322 1991 3455 2030 cum
3497 1981 3741 2046 stupore

2080 2063 2506 2132 intuebantur;
2539 2079 2794 2134 cumque
2841 2063 3182 2119 viderentur
3223 2063 3517 2118 internum
3552 2069 3611 2119 et
3641 2081 3738 2119 ex-

2080 2155 2308 2208 ternam
2339 2153 2620 2224 speciem,
2647 2152 2866 2207 delicias
2916 2157 3085 2208 erant
3135 2157 3193 2208 et
3241 2152 3552 2208 admiratio
3585 2170 3744 2209 men-

2080 2242 2159 2297 tis
2191 2246 2248 2296 et
2277 2239 2600 2298 oculorum.
2635 2245 2778 2296 Cum
2819 2241 3003 2313 igitur
3049 2241 3407 2297 desiderium
3439 2242 3739 2314 concepis-

2083 2345 2206 2386 sem
2239 2331 2400 2386 illius
2430 2330 2646 2402 egregii
2677 2329 2940 2401 Gregorii
2971 2331 3165 2402 operis
3221 2331 3482 2401 videndi,
3513 2333 3584 2386 ad
3617 2348 3741 2388 rem

2085 2435 2202 2474 non
2237 2420 2469 2491 perveni
2497 2437 2511 2474 :
2543 2419 2884 2474 reconditus
2917 2423 3060 2489 erat,
3095 2419 3302 2475 saltem
3333 2435 3439 2492 pro
3469 2437 3580 2477 me.
3613 2422 3740 2476 Sta-

2083 2507 2189 2563 tim
2223 2512 2280 2564 et
2305 2509 2493 2564 tristis
2524 2507 2763 2580 ῳ]ωεὶνί
2814 2525 2847 2563 a
2879 2506 3200 2580 proposito,
3249 2507 3486 2565 homine
3518 2509 3741 2565 scilicet

2085 2597 2426 2669 conspicuo,
2480 2603 2538 2652 et
2585 2596 2916 2652 litterarum
2976 2597 3182 2668 perito,
3217 2614 3471 2668 quonam
3521 2598 3738 2654 inloco

2083 2691 2242 2742 esset
2273 2685 2420 2742 liber
2463 2686 2748 2742 famosus.
2790 2685 2918 2756 Qui,
2969 2685 3150 2758 digito
3201 2688 3446 2743 dextere
3479 2688 3645 2758 quasi
3677 2688 3738 2742 in

2085 2775 2372 2832 circulum
2405 2775 2644 2848 agitato,
2680 2775 2826 2830 nihil
2875 2775 3196 2846 respondit.
3249 2777 3318 2832 Et
3365 2793 3499 2832 cum
3531 2794 3738 2834 rursus

2084 2863 2388 2933 instarem,
2421 2867 2478 2920 et
2506 2879 2711 2919 rursus
2763 2879 2898 2919 cum
2948 2862 3242 2919 hilaritate
3292 2865 3742 2938 interrogarem,

2084 2953 2305 3010 librum
2353 2953 2655 3008 venditum
2701 2969 2832 3008 esse
2887 2952 3055 3009 dixit.
3109 2954 3243 3018 Qua:
3301 2955 3481 3022 enim,
3524 2957 3738 3029 inquit,

2085 3042 2312 3098 utilitas
2343 3042 2550 3098 illius?
2595 3044 2665 3098 Et
2707 3059 2842 3098 cum
2873 3042 2956 3098 ira
3005 3043 3166 3098 intus
3213 3046 3648 3112 accederentur,
3685 3051 3744 3101 et

2087 3131 2374 3205 paulatim
2427 3133 2853 3200 ostenderetur,
2905 3149 3144 3187 causam
3195 3133 3440 3204 protulit
3486 3134 3740 3207 insignis

322 3217 431 3291 ἤδη
497 3217 556 3312 bs
611 3221 698 3276 καὶ
757 3222 1136 3300 προφήναννος
1193 3219 1406 3312 ἡμέρα,Δ
1463 3217 1708 3312 ἐπήγαγε
1748 3214 1843 3312 καὶ
1891 3215 1971 3312 al-

2087 3219 2189 3276 ille
2219 3221 2562 3291 monachus,
2614 3221 2817 3292 sicque
2865 3221 3168 3293 exposuit:
3213 3223 3289 3278 Ad
3341 3222 3484 3294 quid
3528 3223 3739 3278 talium

321 3308 440 3365 τίαν
495 3305 698 3372 ἐκεῖνος
755 3309 783 3364 ὁ
838 3310 1033 3382 σεμνὸς
1087 3309 1328 3385 μοναχὸς
1384 3305 1668 3361 διάλευκον
1701 3303 1782 3359 τό·
1818 3327 1847 3356 ι(
1880 3302 1971 3366 Εἰς

2087 3310 2368 3366 librorum
2398 3327 2640 3383 egemus
2681 3311 2834 3366 nos?
2883 3311 3202 3382 Postquam
3249 3317 3444 3368 autem
3495 3311 3644 3367 iram
3677 3313 3736 3366 in

318 3395 374 3452 τί
401 3396 502 3474 γὰρ
553 3398 645 3452 καὶ
695 3395 928 3472 δεόμεθα
985 3393 1229 3473 βαϐλίων
1287 3395 1550 3451 τοιούτων
1597 3396 1799 3468 ἡμεῖςς
1832 3419 1858 3445 ››
1888 3393 1976 3455 Ὡς

320 3482 370 3541 δ’
427 3485 534 3563 ἐγὼ
588 3486 682 3542 τὸν
745 3487 916 3561 θυμὸν
978 3481 1299 3561 μεταϐαλὼν
1377 3484 1453 3547 εἰς
1517 3483 1682 3560 βαρὺν
1736 3481 1971 3559 γέλωτα,

318 3572 628 3647 έξωνείὸισα
692 3577 934 3631 ὑπειπών
971 3594 984 3608 ⁸
1051 3599 1080 3628 ‹‹
1150 3574 1307 3636 Τίνος
1378 3574 1483 3652 γὰρ
1556 3574 1644 3628 καὶ
1720 3569 1975 3643 δεήσεσθε

318 3663 371 3718 οἱ
430 3661 598 3741 λόγου
657 3661 794 3736 ἄξιοι
847 3665 1106 3739 μοναχοὶ,
1141 3662 1228 3718 ἐὰν
1260 3663 1328 3719 τὰ
1366 3666 1594 3717 τοιαῦτα
1627 3656 1818 3736 βιϐλία
1846 3666 1976 3736 παρ’

317 3749 473 3809 οὐδὲν
531 3755 798 3824 ποιῆσθε;
833 3777 862 3805 ι)
901 3751 1151 3830 παρῆλθέ
1186 3772 1252 3827 με
1281 3752 1310 3806 6
1341 3749 1627 3829 ἄνθρωπος
1671 3751 1970 3826 ἐντραπεὶς,

313 3841 407 3897 καὶ
440 3840 620 3897 οὐκέτι
652 3839 743 3897 διὰ
776 3842 896 3919 βίου
951 3841 1029 3906 εἲς
1075 3837 1198 3916 ὄψιν
1247 3839 1389 3911 ἦλθέ
1423 3862 1537 3914 μοι,
1585 3839 1864 3916 βαρυνθεὶς
1891 3839 1969 3894 οῖ-

317 3951 441 4006 μαι,
471 3930 536 3986 τὸ
565 3929 620 3986 έν
651 3930 773 4006 ἐμοὶ
807 3930 951 3986 οὕτω
982 3925 1337 4010 φιλόϐιϐλον.

390 4021 529 4097 ρμε’.
587 4023 652 4074 Ὢ
696 4017 763 4090 δὴ
811 4025 1052 4076 τοιοῦτοι
1115 4018 1374 4095 μοναχοὶ,
1431 4016 1604 4080 οὕτως
1659 4016 1967 4088 ἐξουθενοῦν

318 4108 528 4165 ἐθέλετε
562 4107 692 4174 τοὺς
751 4106 1071 4184 θεολόγους,
1125 4105 1234 4180 ἤδη
1297 4105 1354 4162 δὲ
1409 4108 1626 4170 πάντως
1670 4107 1758 4160 καὶ
1815 4105 1966 4175 τοὺς,

320 4196 437 4253 ὅσοι
493 4201 612 4254 κατ’
663 4198 896 4269 αύτούς;
983 4197 1170 4259 Οὕτως
1225 4195 1496 4273 ἄχρηστοι
1548 4195 1678 4270 παρ’
1733 4195 1860 4266 ὑμῖν
1916 4194 1968 4249 οἱ

318 4284 680 4366 θεόφθογγοις
729 4289 797 4342 Ὦ
854 4291 1087 4359 Φαῦστε,
1131 4287 1176 4341 ὧ
1233 4285 1506 4359 Δαλμᾶτε,
1555 4286 1599 4339 ὦ
1655 4282 1970 4339 Στουδιῶτα

314 4375 582 4455 Θεόδωρε,
629 4378 675 4433 ὧ
733 4376 956 4452 Κύπρου
1013 4376 1320 4446 Ἐπιφάνιε,
1381 4375 1427 4430 ὧ
1485 4373 1671 4451 μυρίοι
1726 4377 1967 4428 τοιοῦτοι

312 4465 460 4544 ἅγιοι
521 4466 777 4543 μοναχοί⁹
841 4466 1014 4530 οὕτως
1077 4467 1236 4540 ὑμεῖς
1266 4465 1443 4535 ἐζῆτε,
1503 4463 1650 4519 οὕτω
1703 4463 1798 4526 τὰς
1855 4464 1970 4519 θεο-

311 4552 518 4632 λόγους
546 4553 771 4620 δέλτους
798 4555 925 4611 ὡσεὶ
985 4553 1137 4610 ούδὶν
1197 4552 1507 4630 ἐλογίζεσθε
1563 4552 1967 4628 σκορακίζοντες

2085 3400 2440 3455 cachinnum
2499 3400 2942 3464 convertissem,
2991 3404 3050 3455 et
3104 3401 3606 3472 exprobravissem
3655 3401 3738 3456 di-

2085 3504 2262 3545 cens:
2314 3489 2635 3560 Cujusnam
2685 3489 2764 3544 rei
2824 3488 3184 3560 indigebitis,
3247 3491 3520 3546 monachi
3580 3492 3738 3547 fama

2083 3577 2269 3650 digni,
2302 3576 2350 3634 si
2383 3577 2530 3634 tales
2560 3578 2742 3633 libros
2769 3577 2940 3632 nihili
2971 3578 3208 3634 facitis?
3241 3596 3330 3635 me
3362 3579 3600 3652 reliquit
3628 3580 3738 3635 iste

2081 3665 2258 3722 homo
2277 3670 2428 3722 retro
2452 3683 2902 3735 conversus,nec
2925 3666 3184 3739 amplius
3211 3668 3352 3723 mihi
3377 3674 3513 3725 ante
3533 3667 3734 3725 oculos

2081 3754 2803 3824 aﬂ’uit,tantumlibrorum
2833 3772 3092 3812 amorem
3121 3773 3318 3813 meum
3339 3749 3492 3830 aégre
3519 3758 3731 3829 ferens,

2081 3849 2150 3900 ut
2175 3845 2448 3901 arbitror.

2154 4023 2274 4077 145.
2306 4021 2447 4088 Vos,
2479 4038 2512 4076 ο
2543 4021 2840 4089 monachi,
2886 4022 3167 4095 repellere
3221 4023 3400 4079 vultis
3430 4023 3733 4097 theologos

2077 4114 2138 4167 et
2156 4115 2440 4182 quotquot
2463 4111 2546 4167 eis
2568 4111 2794 4168 similes
2817 4111 3007 4169 sunt?
3027 4111 3119 4166 Sic
3137 4113 3302 4167 vobis
3332 4111 3573 4168 inutiles
3595 4118 3736 4170 sunt

2079 4200 2180 4270 qui
2213 4200 2283 4254 de
2315 4200 2491 4254 rebus
2521 4199 2736 4256 divinis
2766 4204 3098 4256 tractarunt
3119 4199 3147 4254 ?
3179 4200 3222 4255 Ο
3255 4201 3486 4270 Fauste,
3522 4218 3554 4256 o
3604 4201 3734 4256 Dal-

2077 4292 2252 4355 mata,
2287 4305 2319 4343 ο
2350 4287 2652 4344 Theodore
2699 4290 2950 4358 Studita,
2986 4305 3018 4344 o
3063 4287 3345 4361 Epiphani
3378 4290 3667 4363 Cypricta,
3700 4308 3732 4347 ο

2077 4394 2179 4433 vos
2209 4393 2413 4432 omnes
2442 4393 2612 4448 pares
2636 4377 2796 4434 mille
2818 4378 3004 4433 sancti
3039 4378 3310 4433 monachi
3339 4379 3349 4434 l
3375 4379 3603 4436 Siccine
3631 4398 3733 4437 vos

2075 4467 2362 4523 vivebatis
2387 4465 2399 4520 l
2433 4465 2650 4522 siccius
2671 4472 2908 4523 sanctas
2928 4467 3160 4523 tabulas
3183 4471 3247 4522 ut
3277 4467 3529 4524 nihilum
3561 4487 3733 4542 repu-

2077 4555 2318 4624 tabatis,
2373 4561 2431 4611 et
2485 4560 2618 4611 ante
2673 4573 2877 4613 corvos
2934 4555 3372 4628 projiciebatisl
3431 4557 3474 4613 Ο
3534 4564 3736 4616 sancte

311 4615 410 4698 Ὠ.
442 4615 679 4724 Ἐᾧραὶμ
725 4615 1010 4721 ἀνιώτατε,
1062 4644 1117 4699 τί
1175 4641 1240 4714 δή
1292 4615 1426 4698 ποτε
1471 4615 1740 4714 τοσαύτης
1781 4615 1966 4720 ἐνεφο-

2086 4615 2390 4718 Epiphani,
2421 4645 2493 4701 ad
2543 4645 2684 4718 quid
2743 4662 2879 4719 ergo
2925 4615 3087 4702 tanta
3140 4645 3518 4719 phil090phia
3547 4665 3736 4721 usque

315 4733 492 4809 ρήθης
551 4733 880 4814 φιλοσοφίας
936 4734 1065 4809 ὑπὲρ
1125 4733 1310 4806 κόρον,
1371 4731 1446 4794 ὡς
1505 4732 1596 4786 καὶ
1647 4737 1968 4795 ποτνιᾶσθαι

313 4822 405 4878 καὶ
455 4821 766 4879 θεοκλυτεῖν
822 4823 1024 4878 ἀνιέναι
1076 4822 1168 4877 τὸν
1223 4821 1351 4877 Θεὸν
1399 4820 1462 4876 τὸ
1493 4821 1762 4897 ὑπεράγαν
1793 4818 1845 4874 ἐν
1877 4819 1964 4874 σοὶ

312 4911 416 4983 τῆς
443 4914 699 4990 γνώσεως
726 4932 740 4984 ;

388 5002 534 5077 ρμς’.
587 5001 816 5078 Μοναχὶ
865 5001 1172 5078 χωρητικὶ,
1233 4999 1281 5056 εἲ
1361 4996 1419 5054 δέ
1492 4999 1654 5053 ποθεν
1710 4997 1968 5072 ἀνακύψει

311 5091 401 5146 καὶ
452 5093 540 5146 νῦν
595 5091 818 5166 ζήτημα
873 5089 1322 5162 ἐκκλησιαστικὸν
1381 5082 1677 5164 ἐμϐριθὲς,
1727 5085 1971 5165 ἀμφίμα-

311 5199 458 5258 χον,
517 5181 609 5237 καὶ
661 5179 856 5256 πρέπει
909 5178 1265 5257 ἀγωνίζεσθαι
1318 5177 1446 5240 τοὺς
1494 5174 1676 5253 ἱεροὺς
1733 5169 1965 5252 ἄνδρας,

314 5265 388 5324 ὧν
443 5267 612 5344 μέλος
659 5268 749 5324 καὶ
813 5268 976 5344 μέρος
1033 5266 1096 5321 ού
1147 5267 1208 5321 τὸ
1263 5265 1436 5341 τυχὸν
1494 5264 1585 5318 καὶ
1644 5264 1696 5318 οὶ
1722 5264 1859 5319 κατὰ
1888 5265 1965 5318 σέ·

313 5353 366 5411 τί
421 5353 481 5412 ἃν
525 5362 823 5430 τηνικαῦτα
869 5357 1104 5430 ποιήσῃς
1144 5355 1346 5423 αύτός;
1401 5358 1525 5414 Πῶς
1577 5350 1638 5407 ἂν
1693 5351 1968 5428 λαλήσῃς,

321 5439 613 5524 ἀπαγαγὼν
673 5449 933 5519 σεαυτοῦ,
987 5445 1077 5500 καὶ
1135 5445 1338 5519 τρόπον
1395 5442 1517 5498 τινὰ
1573 5441 1814 5515 ἐκτεμὼν
1867 5445 1967 5513 τήν

318 5549 377 5591 τε
422 5533 701 5613 γλῶσσαν,
729 5535 797 5590 τά
822 5545 883 5592 τε
913 5533 1106 5612 χείλη,
1155 5532 1224 5589 τὰ
1253 5531 1545 5611 θεολογικὰ
1573 5527 1789 5603 δηλαδὴ
1837 5533 1971 5605 vana

393 5750 439 5788 ³⁸
468 5748 626 5808 Psal.
655 5765 819 5822 xviii,
851 5748 942 5811 Η.

2079 4736 2152 4791 ad
2180 4733 2510 4790 satietatem
2543 4735 2796 4806 repletus
2845 4753 2929 4802 es,
2981 4736 3062 4791 ita
3106 4739 3173 4790 ut
3232 4741 3410 4791 Deum
3440 4753 3732 4810 exorares,

2077 4827 2135 4880 et
2164 4822 2510 4895 suppliciter
2538 4829 2764 4895 peteres
2797 4823 3045 4879 nimiam
3080 4827 3243 4879 tuam
3291 4825 3600 4882 scientiam
3645 4844 3733 4883 re-

2077 4911 2272 4968 laxare
2289 4911 2318 4966 ?

2150 5001 2274 5057 146.
2307 4999 2409 5057 Eia
2441 5017 2567 5074 age,
2599 5001 2792 5074 ample
2821 5001 3126 5072 monache,
3161 5001 3210 5058 si
3261 5001 3498 5060 aliunde
3537 5021 3733 5063 assur-

2077 5089 2163 5165 git
2203 5089 2438 5162 aliquod
2483 5091 2726 5146 dubium
2762 5089 3247 5158 ecclesiasticum,
3290 5091 3548 5164 difﬁcile,
3581 5096 3735 5153 circa

2079 5179 2235 5252 quod
2270 5180 2655 5251 pugnandum
2712 5183 2822 5248 est,
2851 5184 2908 5235 et
2955 5181 3003 5234 si
3035 5181 3200 5236 decet
3243 5179 3538 5239 decertare
3569 5201 3737 5243 sanc-

2078 5274 2170 5325 tos
2199 5268 2468 5325 homines
2512 5286 2763 5341 quorum
2815 5271 3145 5324 membrum
3193 5274 3250 5324 et
3282 5288 3418 5342 pars
3449 5279 3589 5329 sunt
3619 5275 3732 5332 fra-

2076 5362 2198 5415 tres
2231 5359 2339 5426 tui,
2375 5359 2515 5431 quid
2551 5364 2691 5414 tunc
2724 5358 2948 5414 facies?
2979 5357 3280 5421 Quomodo
3311 5359 3736 5432 loqueris,cum

2079 5447 2370 5503 amoveris
2401 5465 2435 5502 a
2463 5451 2538 5516 te,
2586 5451 2643 5502 et
2674 5447 2842 5519 quasi
2892 5447 3181 5502 secaveris
3230 5448 3512 5519 linguam,
3560 5449 3734 5523 labia,

2079 5534 2307 5594 scilicet
2358 5535 2684 5592 sententias
2742 5533 3120 5607 theologicae,
3164 5536 3382 5608 quibus
3453 5540 3739 5600 universa:
