4060 6364
315 406 429 466 851

1091 406 1514 470 EUSTATHII
1558 405 1977 469 THESSALOJ

2091 405 2332 467 IENSIS
2380 403 2967 467 ΜΕΤΒΟΡΟΙΛΤᾸΞ

3630 409 3765 470 852

315 537 646 605 solvuntur,
699 539 1054 610 quaestiones
1113 540 1458 610 depravatae,
1509 543 1683 610 atque
1741 539 1798 594 in
1841 555 1971 595 sen-

2093 557 2255 608 ματα,
2315 533 2384 590 δι’
2442 537 2515 590 ὧν
2575 537 2652 599 ὡς
2709 535 2902 591 ἐπίπαν
2934 537 2990 590 αἱ
3038 529 3467 610 στρεϐλούμεναι
3514 539 3767 608 συζητῆ-

316 643 449 682 sum
482 632 706 682 rectum
734 633 1015 684 revocatas
1041 629 1166 682 PAd
1202 627 1342 699 quid
1366 633 1505 682 tunc
1528 627 1632 682 tibi
1657 629 1977 699 proderunt

313 718 418 770 tua
449 716 730 785 negotia?
761 717 1010 782 Quibus,
1043 721 1261 786 quanto
1307 721 1570 787 tempore
1615 732 1979 787 praeoccupa-

312 807 411 860 tus
444 805 726 860 remisisti
760 806 1023 860 studium
1057 803 1579 876 bibliorum,atque
1610 804 1975 876 cognitiones

317 893 579 960 altiores,
633 892 1028 958 sublimiores,
1096 895 1206 946 Deo
1266 893 1601 964 proximas;
1647 909 1762 947 non
1801 893 1974 946 modo

317 981 493 1036 istius
524 983 658 1036 boni
692 998 947 1037 amorem
981 998 1094 1036 non
1120 997 1491 1052 conceperas,
1527 983 1624 1036 sed
1661 997 1813 1036 unus
1845 997 1974 1036 eras

320 1085 390 1126 ex
446 1071 929 1141 persequentibus
979 1070 1164 1137 illud,
1226 1069 1379 1126 hanc
1423 1087 1603 1125 unam
1659 1070 1973 1124 trinitatem

323 1174 566 1214 noveras
613 1159 886 1230 perfecte,
940 1163 997 1213 et
1053 1158 1394 1227 extollebas,
1454 1159 1853 1214 adorationem
1913 1157 1974 1211 in

320 1247 579 1318 templo,
645 1247 914 1302 cellulam
998 1251 1202 1316 tuam,
1270 1255 1324 1302 et
1381 1264 1686 1312 mensam,
1757 1246 1975 1302 oblitus

321 1351 439 1390 non
489 1337 634 1391 satis
699 1352 830 1392 esse
887 1336 1002 1392 ista
1059 1353 1192 1391 vero
1247 1339 1533 1392 monacho
1584 1337 1654 1391 ad
1701 1337 1973 1391 virtutem

320 1425 725 1496 perfectam,et
744 1426 882 1480 huic
913 1425 1308 1482 necessariam
1333 1441 1460 1481 esse
1483 1441 1753 1494 magnam
1785 1425 1975 1480 scien-

316 1512 503 1581 tiam;
537 1520 642 1569 n'ec
675 1513 862 1570 solam
915 1515 1174 1570 divinam
1208 1515 1359 1583 dico,
1393 1515 1494 1570 sed
1541 1514 1715 1569 etiam
1748 1531 1978 1584 excerp-

317 1605 440 1659 tam
473 1618 545 1658 ex
573 1603 860 1673 historiis,
920 1609 988 1659 ut
1016 1604 1241 1659 dictum
1285 1608 1397 1671 est,
1441 1608 1498 1658 et
1547 1603 1693 1660 alias
1724 1603 1977 1659 maxime

318 1691 514 1748 varias
545 1693 764 1764 quibus
794 1692 1146 1764 cuicumque
1179 1691 1458 1748 inservire
1489 1697 1706 1764 posset.

401 1959 522 2013 147.
560 1960 628 2014 Et
652 1959 948 2015 undenam
997 1961 1187 2017 sancti
1245 1960 1328 2016 illi
1377 1961 1595 2033 egregii
1625 1961 1976 2033 sapientiam

329 2047 710 2103 didicerunt?
730 2049 1030 2121 Numquid
1055 2049 1195 2104 dum
1216 2055 1591 2105 versarentur
1610 2049 1667 2105 in
1688 2049 1829 2106 vicis
1851 2050 1978 2105 etin

327 2135 683 2208 civitatibus,
718 2138 860 2192 dum
891 2138 1015 2193 vias
1045 2142 1102 2194 et
1129 2140 1370 2194 semitas
1402 2144 1781 2211 peragrarent
1835 2139 1976 2193 dum

323 2231 511 2282 metas
532 2226 813 2282 ctrhedas
828 2228 1166 2284 currerent?
1179 2227 1476 2298 Numquid
1491 2244 1625 2283 cum
1643 2229 1979 2284 secederent

321 2318 383 2369 et
411 2314 568 2370 omni
600 2315 799 2370 studio
832 2317 1255 2388 indulgerent?
1286 2317 1355 2371 Et
1387 2319 1676 2388 quomodo
1709 2316 1978 2372 homines

321 2403 419 2476 qui
455 2422 487 2460 a
519 2404 807 2478 principio
839 2406 1058 2462 talibus
1091 2406 1391 2462 laboribus
1423 2425 1537 2462 non
1572 2407 1978 2472 instituerunt,

317 2501 524 2567 postea
555 2501 697 2552 sunt
728 2497 930 2568 repleti
963 2498 1254 2570 sapientia
1286 2499 1461 2570 digna
1491 2498 1770 2570 apostolis
1791 2498 1978 2564 Dei,et

319 2600 517 2640 vocem
549 2585 862 2641 ediderunt
883 2587 1102 2642 tonitru
1128 2587 1678 2653 similem,auditam
1697 2603 1881 2658 usque
1906 2588 1977 2642 ad

321 2677 650 2730 extremum
665 2679 834 2731 terrae
848 2675 1173 2747 ?Numquid
1188 2681 1450 2732 errantes
1465 2677 1617 2732 circa
1631 2677 1976 2749 composita,

324 2761 506 2818 libere
527 2763 1904 2835 circumeuntes,forensibusinsultantes,oculis
1922 2771 1980 2821 et

327 2849 502 2907 labiis
525 2857 872 2921 abnuentes,
894 2870 1160 2926 quosque
1187 2871 1300 2908 non
1323 2855 1646 2926 oportebat,
1670 2854 1981 2926 inspicien-

324 2939 459 2995 tes?
479 2940 681 2996 Nonne
705 2942 900 3013 potius
923 2943 1088 2998 libris
1120 2942 1378 3012 legendis
1410 2944 1618 2998 intenti
1649 2944 1979 2999 doctrinam

326 3029 570 3084 auribus
585 3031 745 3084 conci
757 3031 980 3102 pientes
995 3037 1149 3087 artes
1164 3031 1470 3088 manuales
1489 3034 1808 3088 exercendo
1821 3033 1980 3088 7’ch

328 3118 677 3174 amniaodio
703 3119 988 3175 habentes
1011 3121 1586 3193 pigrihomines,non
1601 3122 1790 3176 solum
1811 3107 1980 3193 quasi

331 3222 511 3277 super
535 3206 737 3279 spinas
769 3209 827 3264 in
860 3209 953 3266 via
981 3210 1108 3264 vita:
1131 3211 1460 3276 ambulant,
1493 3213 1818 3266 secundum
1844 3228 1979 3266 cum
2015 3269 2018 3271 ,

324 3275 427 3367 qui
449 3275 626 3351 dixit:
654 3315 677 3345 ι
698 3297 812 3354 lter
833 3299 1131 3370 pigrorum
1153 3301 1321 3370 quasi
1346 3317 1515 3372 sepes
1534 3301 1887 3372 spinarumso
1909 3325 1924 3368 ς
1948 3323 1976 3352 ››
2012 3275 2055 3342 C

321 3385 424 3441 sed
456 3385 633 3441 etiam
664 3387 948 3442 rationem
983 3388 1293 3444 manifeste
1323 3390 1666 3460 deponunt;
1700 3390 1756 3444 id
1791 3406 1976 3445 unum

320 3472 440 3528 fere
471 3472 828 3543 didicerunt,
860 3479 917 3530 et
963 3475 1112 3531 bene
1145 3481 1364 3532 norunt
1412 3477 1721 3533 demittere
1763 3479 1880 3534 fere
1910 3479 1982 3533 ad

327 3578 392 3617 os
425 3565 784 3634 opertorium
818 3567 909 3620 sui
960 3566 1190 3638 capitis,
1246 3568 1302 3622 in
1337 3568 1531 3640 platea
1579 3570 1650 3624 ad
1684 3570 1984 3641 acquiren-

326 3650 461 3706 dam
494 3651 741 3723 gloriam
775 3653 1035 3710 hominis
1083 3656 1501 3711 abscondentis
1531 3675 1629 3713 se:
1682 3662 1738 3714 et
1772 3658 1821 3714 si
1854 3675 1980 3729 quae

329 3755 500 3812 nugze
532 3743 856 3811 offendant,
913 3761 1046 3799 mox
1104 3745 1371 3801 attollere
1428 3752 1485 3801 et.
1529 3747 1753 3802 elevare
1794 3747 1982 3804 velum

329 3826 566 3900 nigrum
600 3845 780 3901 supra
811 3831 1082 3902 frontem,
1116 3838 1171 3888 et
1194 3849 1381 3905 usque
1403 3835 1475 3889 ad
1506 3835 1776 3890 verticem
1800 3840 1864 3890 ut
1886 3851 1984 3891 ore

330 3922 530 3988 aperto
573 3917 955 3988 insolescant,
983 3925 1042 3976 et
1069 3921 1296 3978 vultum
1330 3923 1498 3994 quasi
1531 3925 1855 3980 meretricis
1885 3925 1984 3980 ha-

324 4004 522 4062 beant.
549 4007 615 4062 Et
637 4011 774 4063 tunc
799 4009 912 4064 isto
937 4008 1034 4081 qui
1057 4012 1271 4067 oculos.
1289 4013 1579 4068 demissos
1603 4013 1981 4084 ﬁgebat,eos-

324 4093 458 4150 dem
494 4095 831 4165 magnificat
857 4098 1051 4168 ignem
1085 4100 1401 4171 spirantes,
1426 4101 1701 4157 terribilis
1731 4102 1979 4172 videtur,

319 4198 422 4240 eos
455 4173 744 4247 accendit,
775 4187 974 4242 turbat
1006 4187 1311 4253 rationem,
1369 4190 1682 4262 omniaque
1713 4191 1833 4263 agit
1858 4191 1984 4262 qui-

316 4273 431 4330 bus
463 4274 564 4346 qui
623 4276 996 4334 assuefactus
1025 4282 1118 4335 est
1173 4279 1298 4336 vias
1349 4298 1460 4336 non
1521 4285 1753 4337 veretur
1795 4287 1852 4338 et
1882 4300 1980 4340 eas

321 4363 536 4436 diligit.

393 4696 516 4755 148.
548 4699 732 4766 Quem
755 4717 893 4775 ergo
919 4705 975 4759 te
1005 4703 1368 4774 vocabimus,
1395 4723 1426 4762 ο
1459 4706 1744 4764 monache
1763 4709 1791 4763 ἱ)
1813 4709 1980 4767 urba-

318 4803 462 4842 num
482 4788 569 4844 vel
587 4790 917 4848 solitarium
941 4792 1278 4849 ?hominem
1303 4795 1981 4865 spiritualissolitudinis

314 4875 404 4930 vel
426 4877 718 4934 tumultus
735 4879 1127 4952 compitorum
1147 4881 1174 4935 ?
1193 4882 1551 4940 habitantem
1569 4885 1624 4939 in
1649 4885 1789 4942 vicis
1802 4894 1904 4944 aut
1924 4890 1978 4944 in

315 4962 545 5020 deserto
570 4963 592 5020 ?
616 4966 838 5039 Nempe
856 4967 969 5024 isto
991 4969 1248 5039 nomine,
1271 4975 1334 5025 ut
1352 4989 1482 5028 reor
1503 4991 1515 5040 ;
1538 4973 1830 5045 siquidem
1847 4978 1981 5033 civi-

311 5055 493 5109 tatem
528 5061 645 5112 ate
694 5058 1126 5129 frequentatam
1162 5061 1311 5116 bonc
1365 5063 1631 5135 exemplo
1662 5067 1976 5123 evacuasti.

308 5142 399 5198 Ad
431 5147 595 5200 extra
621 5145 877 5201 debebas
904 5164 1031 5202 esse
1063 5155 1349 5217 terrenus,
1384 5155 1440 5205 et
1472 5151 1720 5208 caelestis
1753 5154 1814 5209 in
1849 5157 1976 5212 abs-

309 5231 732 5304 condito,quod
759 5234 951 5308 diligit
973 5237 1142 5292 Pater
1170 5239 1459 5306 omnium,
1487 5239 1638 5296 Deus
1667 5258 1678 5296 :
1705 5265 1734 5292 «
1763 5243 1862 5311 qui
1883 5244 1974 5297 vi-

309 5319 406 5373 det
437 5319 494 5376 in
530 5323 898 5395 abscondito,
933 5330 989 5381 et
1035 5327 1226 5381 reddit
1254 5329 1563 5384 manifesto
1588 5331 1655 5385 ³¹.
1689 5352 1718 5380 ››
1751 5337 1832 5386 Tu
1867 5350 1970 5387 au-

308 5412 428 5464 tem
463 5413 752 5485 assurgis,
777 5415 946 5485 quasi
973 5414 1160 5480 sidus,
1196 5420 1252 5470 et
1278 5418 1348 5472 ad
1375 5423 1593 5473 terram
1627 5418 1930 5477 inclinaris
1956 5439 1968 5490 ;

314 5495 660 5569 deprimeris
691 5503 860 5573 quasi
930 5503 1341 5577 mandragora,
1374 5511 1476 5562 aut
1528 5507 1643 5563 alia
1671 5509 1845 5566 arbor
1873 5526 1970 5568 ex-

393 5710 439 5748 ³⁰
468 5711 632 5771 Prov.
664 5731 757 5785 xv,
790 5719 876 5774 19.
953 5719 998 5759 ³1
1030 5720 1194 5778 Matt.
1228 5737 1305 5796 vx,
1338 5723 1390 5780 4.

2087 646 2196 688 σεις
2254 624 2498 694 λύονται,
2562 625 3054 696 άποκαθιστάμεναι
3123 624 3198 686 εἷς
3274 624 3472 700 ὀρθόν;
3547 624 3644 687 Εἷς
3706 627 3766 681 τί

2087 735 2174 766 σοι
2206 713 2608 789 χρησιμεύουσι
2637 715 2760 768 τότε
2804 713 2872 768 τὰ
2920 714 2986 768 σὰ
3042 714 3436 788 πραγματικά;
3490 716 3574 775 οἷς
3631 716 3766 770 ὅσαι

2086 801 2223 876 ὧραι
2251 804 2783 878 προσταλαιπωρῶν,
2816 803 2981 881 ἀφίης
3031 805 3131 872 τὴν
3179 797 3475 877 βιϐλιακὴν
3523 799 3764 878 τριϐὴν,

2083 890 2173 944 καὶ
2220 893 2322 960 τήν
2385 891 2723 967 ὑψηλοτέραν
2768 891 3089 967 ἀνάγνωσιν,
3151 891 3240 946 καὶ
3303 892 3767 965 ὑπερανῳκισμέ-

2083 1001 2204 1051 νην,
2256 981 2345 1034 καὶ
2377 984 2510 1035 Θεοῦ
2572 982 2906 1054 ἁπτομένην·
2969 979 3031 1035 οὐ
3093 976 3260 1053 μόνον
3321 978 3447 1035 οὐδὲ
3506 980 3765 1055 ἀναλαμ-

2086 1063 2259 1122 ϐάνων
2293 1063 2469 1146 ἔφεσιν
2530 1073 2627 1124 τοῦ
2683 1068 2941 1124 τοιούτου
3001 1069 3196 1141 καλοῦ,
3257 1067 3404 1125 ἀλλὰ
3446 1070 3537 1124 καὶ
3584 1091 3761 1126 κατα-

2084 1156 2374 1230 γινόμινος
2424 1161 2533 1212 τῶν
2595 1158 3016 1234 μετερχομένων
3069 1156 3237 1212 αὐτό·
3302 1155 3511 1228 ἐκείνην
3574 1158 3758 1232 μόνην

2085 1239 2536 1320 ἀκριϐωσάμενος
2585 1245 2779 1320 τριάδα
2835 1245 2972 1301 κατά
3025 1247 3126 1315 τήν
3187 1247 3286 1315 σὴν
3338 1243 3593 1321 αῦχησιν,
3644 1249 3748 1316 τὴν

2090 1332 2142 1387 έν
2174 1338 2240 1407 τῇ
2301 1334 2566 1406 ἐκκλησίᾳ
2623 1333 3016 1411 προσκύνησιν,
3076 1335 3165 1390 καὶ
3219 1335 3282 1389 τὸ
3339 1334 3562 1390 κελλίον
3618 1357 3737 1404 σου,

2085 1423 2173 1476 καὶ
2207 1424 2306 1491 τήν
2360 1424 2647 1498 τράπεζανο
2699 1425 2789 1479 καὶ
2843 1425 2944 1479 οὐκ
2993 1421 3287 1496 εἰδὼς,μή
3349 1423 3534 1501 ἀρκεῖν
3581 1425 3750 1479 ταῦτα.

2083 1516 2164 1583 τῷ
2219 1513 2420 1586 κυρίως
2504 1518 2737 1588 μοναχῷ
2809 1513 2887 1574 εἷς
2965 1513 3162 1589 ἀρετῆς
3241 1512 3536 1582 ἐντέλειαν,
3605 1511 3760 1568 ἀλλὰ

2085 1599 2440 1676 προσδεῖσθαι
2484 1603 2648 1658 αὐτὸν
2709 1600 2828 1656 λίαν
2879 1602 3017 1656 πάνυ
3065 1603 3153 1657 καὶ
3207 1602 3485 1677 γνώσεως.
3538 1601 3640 1656 Καὶ
3685 1603 3757 1659 οὗ

2088 1687 2258 1764 λέγω,
2296 1691 2468 1762 μόνης
2493 1698 2592 1761 τῆς
2627 1692 2932 1761 θειοτάτης,
2966 1687 3116 1746 ἀλλὰ
3143 1692 3230 1746 καὶ
3290 1697 3394 1760 τῆς
3438 1690 3546 1746 ἀπὸ
3596 1690 3764 1747 ἱστο-

2088 1783 2240 1851 ριῶν,
2273 1779 2346 1840 ὡς
2379 1779 2592 1855 ἆρῥέθη,
2623 1780 2713 1834 καὶ
2759 1778 2995 1856 ἑτεροίας
3038 1776 3096 1834 δὲ
3140 1777 3490 1852 πολυειδοῦς,
3556 1776 3630 1834 δι’
3684 1780 3763 1850 ἧς

2008 1907 2057 1973 Β
2089 1864 2210 1942 ἔχοι
2263 1865 2322 1922 ἂν
2370 1869 2616 1943 χρηστὸς
2646 1868 2780 1923 εἶναι
2811 1873 2930 1932 τοῖς
2958 1867 3404 1944 ἐντυγχάνουσιν.

2162 1957 2302 2032 ρμζ’.
2353 1963 2421 2012 Ἥ
2477 1957 2639 2021 πόθεν
2694 1958 2750 2011 oi
2810 1955 3043 2033 μεγάλοι
3100 1955 3298 2011 ὶκεῖνοι
3358 1958 3503 2032 ἅγιοι
3565 1955 3763 2036 ἰσοφί-

2089 2055 2332 2115 σθησαν;
2391 2045 2535 2118 Ἀρά
2589 2066 2652 2120 γε
2707 2044 3168 2122 ἀναστρεφόμενοι
3246 2043 3298 2099 ἐν
3368 2045 3586 2118 κώμαις
3662 2046 3764 2101 καὶ

2086 2133 2302 2203 πόλεσι,
2363 2134 2453 2189 καὶ
2508 2133 2934 2209 ἀναμετροῦντες
2989 2134 3331 2210 ῥυμοτομίας
3395 2135 3486 2189 καὶ
3554 2155 3765 2190 στενω-

2087 2222 2247 2294 ποὺς,
2319 2225 2405 2278 καὶ
2477 2223 2710 2299 τόρμαις
2792 2223 2881 2278 καὶ
2956 2222 3209 2299 ῥεγιῶσιν
3280 2217 3759 2300 ἐνδιατρίϐοντεςς

2087 2314 2157 2366 ’Ή
2217 2311 2666 2388 έγγωνιάζοντις,
2717 2313 2805 2367 καὶ
2863 2313 3145 2376 παντοίαις
3188 2313 3572 2387 συγγινόμενοι
3618 2315 3764 2367 ἁνα-

2086 2402 2314 2477 γνώσεσι
2343 2421 2356 2468 ;
2417 2405 2540 2462 Πῶς
2601 2399 2660 2456 δὲ
2718 2402 2769 2456 oi
2813 2402 2888 2474 μὴ
2921 2403 3021 2470 τὴν
3056 2399 3235 2477 ἀρχὴν
3263 2400 3536 2462 τοιούτοις
3567 2396 3761 2456 έπιϐε-

2088 2486 2358 2561 ϐληκότες
2385 2490 2532 2552 ὅλως
2580 2492 2860 2562 πονήμασι
2911 2489 3100 2568 σοφίας
3153 2489 3370 2565 ὕστερον
3415 2487 3764 2562 ἐνεπλήσθη-

2089 2600 2224 2648 σαν,
2291 2579 2608 2650 πρεπούσης
2686 2575 3016 2641 ἀποστόλοις
3077 2583 3209 2634 Θεοῦ
3283 2579 3367 2633 καὶ
3425 2578 3764 2653 ἐφθέγξαντο

2093 2668 2469 2745 βροντόφωνα,
2529 2667 2888 2741 έξακουόμενα
2949 2667 3056 2730 ἓως
3113 2668 3351 2742 περάτων
3400 2673 3544 2742 γῆςς
3600 2667 3760 2741 Ἀρά

2085 2778 2148 2832 γε
2201 2754 2548 2830 πλανώμενοι
2607 2756 2730 2828 περὶ
2789 2752 3071 2831 ἀμφὸδους
3125 2756 3339 2825 ἰκεῖνοι,
3395 2755 3486 2810 καὶ
3541 2751 3763 2831 ῥεμϐό-

2094 2866 2242 2919 μενοι
2302 2843 2482 2914 ἄνετα,
2539 2847 2628 2901 καὶ
2690 2842 3206 2921 διαλοιδορούμενοι
3277 2849 3392 2906 τνῖς
3445 2843 3762 2920 ἀγοραίοις,

2089 2935 2178 2989 καὶ
2238 2933 2546 3012 ὀφθαλμοῖς
2599 2933 2896 2997 έννεύοντες
2933 2980 2948 3004 ,
3003 2935 3091 2988 καὶ
3154 2931 3478 3007 μύλλοντες,
3526 2934 3620 2988 καὶ
3659 2934 3758 2997 τὰς

2090 3020 2240 3096 ὄψεις
2303 3021 2568 3092 διδόντες,
2623 3024 2710 3085 οἷς
2768 3022 2829 3077 οὗ
2888 3025 2999 3099 χρή
3029 3050 3043 3091 ς
3073 3023 3106 3091 ἢ
3147 3018 3391 3098 βιϐλίοις
3423 3021 3592 3086 αὐτὰς
3622 3023 3750 3078 ἐπα-

2089 3115 2337 3190 φιέντες,
2389 3112 2424 3181 ἢ
2474 3117 2603 3187 γοῦν
2650 3111 2796 3167 ἀλλὰ
2848 3111 2941 3166 σὺν
2997 3115 3066 3186 τῇ
3125 3111 3176 3182 ἐξ
3239 3110 3554 3186 ἀκροάσεως
3606 3112 3735 3187 ὡφε-

2091 3199 2210 3272 λείᾳ
2248 3200 2675 3274 προστετηκότες
2724 3200 2815 3255 καὶ
2864 3199 3248 3277 έργοχείροις;
3284 3201 3352 3257 Ἀ
3403 3197 3473 3268 δὴ
3527 3202 3729 3272 μισοῦν-

2089 3311 2176 3352 τες
2210 3290 2262 3344 οἷ’
2293 3288 2475 3365 ἀεργοὶ
2508 3288 2749 3364 λογικοὶ,
2810 3289 2871 3343 ού
2925 3290 3089 3362 μόνον
3148 3289 3222 3351 ὡς
3280 3287 3368 3343 ἐπὶ
3406 3287 3644 3352 ἀκανθῶν
3692 3285 3743 3341 tv

2090 3383 2160 3452 τῇ
2213 3383 2309 3434 τοῦ
2362 3379 2486 3454 βίου
2539 3375 2817 3452 βαδίζουσι
2878 3372 3074 3454 τρίϐῳ,
3147 3378 3285 3433 κατὰ
3339 3379 3430 3434 τὸν
3510 3379 3746 3456 φάμενον

2094 3467 2345 3529 ἀκάνθαις
2433 3465 2774 3539 έστρωμένας
2859 3467 2994 3520 εἶναι
3076 3469 3184 3520 τῶν
3273 3467 3483 3542 ἀεργῶν
3556 3463 3750 3534 ὁδοὺς,

2091 3555 2238 3612 ἀλλὰ
2279 3556 2370 3611 καὶ
2429 3555 2832 3630 έξαλογίζονται
2895 3551 3168 3632 ἄντικρυς,
3227 3551 3281 3609 ἓν
3355 3555 3522 3627 μόνον
3556 3573 3756 3630 τεχνα-

2093 3646 2314 3718 σάμενοι
2391 3645 2480 3700 καὶ
2558 3642 2614 3698 εῦ
2692 3641 2929 3710 εἰδότες,
3000 3641 3326 3699 καθελκύσαι
3415 3644 3584 3718 μέχρι
3662 3642 3756 3698 καὶ

2091 3735 2221 3789 αὐτὸ
2274 3738 2472 3806 μικροῦ
2521 3733 2696 3806 στόμα
2751 3734 2811 3787 τὸ
2863 3729 3130 3806 κάλυμμα
3188 3733 3251 3787 τὸ
3280 3738 3379 3802 τῆς
3420 3729 3670 3811 κεφαλῆς
3703 3731 3760 3790 ἐν

2089 3827 2158 3896 τῇ
2229 3825 2398 3899 ἀγορᾷ
2471 3820 2747 3892 δοκήσεως
2819 3824 2979 3898 χάριν
3032 3829 3132 3892 τῆς
3177 3823 3294 3877 κατ’
3341 3821 3650 3898 ἐπίκρυψινσ
3715 3820 3766 3876 εί

2093 3909 2150 3966 δέ
2201 3933 2307 3966 που
2365 3911 2706 3985 παρεμπέσοι
2769 3910 3009 3989 φλυαρία
3061 3911 3202 3986 βίου,
3263 3910 3415 3966 ἀλλὰ
3459 3911 3586 3966 τότε
3612 3909 3764 3986 ταχὺ

2091 3999 2402 4056 ἀναστεῖλαι
2463 3999 2901 4076 ἀνασυραμένους
2977 3999 3039 4054 τὸ
3109 3998 3277 4072 μέλαν
3354 3999 3763 4084 παραπέτασμα

2095 4089 2223 4164 ὑπὲρ
2299 4090 2362 4144 τὸ
2443 4090 2716 4163 μέτωπον,
2788 4085 2893 4151 ἓως
2960 4089 3049 4144 καὶ
3113 4088 3188 4151 εἷς
3258 4087 3415 4143 αὐτὸν
3482 4089 3757 4164 βρεχμόν·

2085 4177 2177 4233 ⁸ίνα
2229 4180 2376 4254 τάχα
2424 4199 2619 4253 γυμνῳ
2664 4182 2742 4250 τῷ
2787 4179 3068 4252 προσώπῳ
3128 4176 3517 4253 θρασύνωνται,
3577 4177 3654 4239 ὡς
3709 4175 3761 4231 εἶ

2088 4267 2178 4322 καὶ
2226 4268 2435 4338 πόρνης
2491 4264 2614 4341 ὄψιν
2671 4266 2843 4342 εἶχον.
2899 4269 3030 4324 "Ore
3077 4267 3167 4322 καὶ
3216 4267 3245 4320 ὁ
3275 4266 3342 4321 τὰ
3391 4267 3518 4343 πρὶν
3568 4265 3763 4321 κατώ-

2090 4352 2232 4430 ϐλεψ
2283 4355 2489 4419 ἐκεῖνος
2541 4357 2876 4419 ἀναπετάσας
2921 4355 3048 4417 τοὺς
3092 4353 3437 4433 ὀφθαλμοὺς,
3483 4353 3613 4409 ὡσεὶ
3665 4355 3764 4409 καὶ

2089 4444 2428 4520 πυρπνόους,
2491 4443 2640 4500 διινᾶ
2693 4450 2866 4515 ποιεῖ,
2928 4443 3140 4520 φλέγων
3199 4446 3380 4518 θυμῷ,
3441 4448 3620 4499 κυκῶν
3658 4444 3760 4499 τὸν

2089 4532 2220 4590 σύλ)
2237 4555 2387 4610 ογον,
2418 4533 2591 4590 πάντα
2622 4530 2789 4608 δρῶν,
2822 4531 2894 4588 δι’
2923 4534 2995 4589 ὧν
3031 4531 3284 4610 ἐντρέψας
3311 4533 3378 4589 οὐ
3400 4536 3770 4609 καταισχυνεῖ

2087 4624 2187 4692 τὴν
2215 4622 2520 4702 λεωφόρον,
2549 4625 2615 4693 ἣν
2645 4619 2817 4700 φιλεῖ.

2163 4714 2315 4789 ρμη’.
2377 4713 2442 4770 Τί
2495 4733 2553 4767 σε
2597 4715 2897 4783 τηνικαῦτα
2942 4716 3338 4787 προσεροῦμεν,
3397 4711 3441 4766 ὦ
3503 4713 3758 4789 μοναχές

2089 4801 2326 4870 ἀστικὸν,
2481 4800 2775 4876 έρημικόνς
2846 4801 3050 4877 γωνίας
3107 4797 3390 4876 ἄνθρωπον
3447 4821 3758 4874 πνευματι-

2088 4899 2214 4963 κῆς,
2245 4891 2280 4961 ἢ
2314 4889 2569 4966 ἀμφόδου
2602 4889 2934 4961 πολιτικῆςς
2993 4889 3417 4964 κωμοπολίτην,
3476 4889 3513 4960 ἢ
3543 4888 3760 4965 ἔρημο-

2087 4981 2360 5051 πολίτην;
2419 4981 2542 5049 Ναὶ,
2608 4981 2784 5053 οἶμαι,
2844 4984 3116 5049 τοιοῦτον,
3175 4981 3250 5042 ὡς
3312 4979 3633 5056 ἐρημοῦν-τα
3661 4980 3766 5048 τήν

2093 5070 2196 5124 ὑπὸ
2237 5074 2337 5123 σοῦ
2389 5065 2724 5145 τριϐομένην
2773 5067 2937 5122 πόλιν
3005 5070 3292 5142 μιμήσεως
3352 5068 3582 5143 ἀγαθῆς’
3644 5066 3752 5123 Καὶ

2091 5158 2197 5230 μὴν
2277 5157 2507 5236 ὥφειλες
2578 5157 2816 5232 ἐπίγειος
2885 5159 2978 5232 μὲν
3061 5159 3193 5212 εἶναι
3259 5157 3323 5212 τὸ
3405 5157 3748 5235 φαινόμενον,

2087 5246 2335 5318 οὐράνιος
2390 5245 2448 5302 δὶ
2489 5249 2550 5303 τό
2591 5269 2653 5324 γε
2682 5245 2931 5323 κρύφιον,
2962 5247 3025 5302 τὸ
3057 5245 3216 5324 φίλον
3252 5250 3333 5319 τῷ
3363 5251 3538 5318 κοινῷ
3567 5241 3744 5318 πατρῖ,

2086 5340 2222 5408 Θεῷ·
2286 5338 2344 5400 ὅς
2405 5336 2624 5412 βλέπων
2675 5335 2725 5390 ἰν
2772 5340 2854 5408 τῷ
2900 5337 3148 5411 κρυπτῷ,
3199 5332 3540 5390 ἀποδίδωσιν
3592 5333 3639 5388 ἰν
3670 5334 3754 5403 τῷ

2085 5431 2316 5502 φανερῷ.
2395 5427 2471 5480 Σὺ
2527 5422 2585 5480 δὲ
2642 5423 2789 5480 ἀλλὰ
2837 5423 3146 5501 ἀρθριάζιις
3208 5425 3304 5498 μὶν
3359 5427 3441 5496 τῷ
3496 5423 3759 5498 σχήματι

2083 5509 2528 5590 ούρανοϐάμονος
2590 5512 2787 5589 δίκην,
2845 5514 3224 5595 προσκέκυφας
3285 5511 3344 5569 δὶ
3398 5515 3470 5587 τῇ
3522 5514 3599 5589 γῇ
3661 5507 3769 5566 καὶ
