  <div class='ocr_page' id='page_1' title='image "/cluster/home/n/w/nwhite01/storage/ocr_20150623/135:no.2/coo.31924054870401/432.png"; bbox 0 0 4060 6356; ppageno 0'>
   <div class='ocr_carea' id='block_1_1' title="bbox 315 414 3746 485">
    <p class='ocr_par' dir='ltr' id='par_1_1' title="bbox 315 414 3746 485">
     <span class='ocr_line' id='line_1_1' title="bbox 315 414 3746 485; baseline 0.003 -13"><span class='ocrx_word' id='word_1_1' title='bbox 315 422 436 483; x_wconf 82' lang='lat'>853</span> <span class='ocrx_word' id='word_1_2' title='bbox 1334 415 1438 476; x_wconf 85' lang='lat' dir='ltr'>DE</span> <span class='ocrx_word' id='word_1_3' title='bbox 1483 414 1974 474; x_wconf 80' lang='lat' dir='ltr'>EMENDANDA</span> <span class='ocrx_word' id='word_1_4' title='bbox 2016 414 2201 477; x_wconf 81' lang='lat' dir='ltr'>VlTA</span> <span class='ocrx_word' id='word_1_5' title='bbox 2243 419 2722 483; x_wconf 83' lang='lat' dir='ltr'>MONAGHICA.</span> <span class='ocrx_word' id='word_1_6' title='bbox 3626 424 3746 485; x_wconf 75' lang='lat'>854</span> 
     </span>
    </p>
   </div>
   <div class='ocr_carea' id='block_1_2' title="bbox 309 541 1982 628">
    <p class='ocr_par' dir='ltr' id='par_1_2' title="bbox 309 541 1981 626">
     <span class='ocr_line' id='line_1_2' title="bbox 309 541 1981 626; baseline -0.005 -20"><span class='ocrx_word' id='word_1_7' title='bbox 309 549 724 626; x_wconf 79' lang='grc' dir='ltr'>προσπὲφυκας,</span> <span class='ocrx_word' id='word_1_8' title='bbox 784 547 912 601; x_wconf 80' lang='grc' dir='ltr'>ὡσεὶ</span> <span class='ocrx_word' id='word_1_9' title='bbox 985 545 1076 601; x_wconf 80' lang='grc' dir='ltr'>καὶ</span> <span class='ocrx_word' id='word_1_10' title='bbox 1157 542 1554 620; x_wconf 82' lang='grc' dir='ltr'>μανδραγόρας,</span> <span class='ocrx_word' id='word_1_11' title='bbox 1609 545 1645 614; x_wconf 78' lang='grc' dir='ltr'><strong>ἢ</strong></span> <span class='ocrx_word' id='word_1_12' title='bbox 1714 541 1853 598; x_wconf 78' lang='grc' dir='ltr'>ἄλλο</span> <span class='ocrx_word' id='word_1_13' title='bbox 1926 563 1981 598; x_wconf 91' lang='grc' dir='ltr'>τι</span> 
     </span>
    </p>
   </div>
   <div class='ocr_carea' id='block_1_3' title="bbox 2100 541 3742 628">
    <p class='ocr_par' dir='ltr' id='par_1_3' title="bbox 2100 551 3742 626">
     <span class='ocr_line' id='line_1_3' title="bbox 2100 551 3742 626; baseline 0.005 -24"><span class='ocrx_word' id='word_1_14' title='bbox 2100 551 2281 604; x_wconf 86' lang='lat' dir='ltr'>tractu</span> <span class='ocrx_word' id='word_1_15' title='bbox 2313 551 2591 609; x_wconf 78' lang='lat' dir='ltr'>difficilis.</span> <span class='ocrx_word' id='word_1_16' title='bbox 2631 555 2740 609; x_wconf 85' lang='lat' dir='ltr'>Aut</span> <span class='ocrx_word' id='word_1_17' title='bbox 2764 553 2900 622; x_wconf 90' lang='lat' dir='ltr'>Deo,</span> <span class='ocrx_word' id='word_1_18' title='bbox 2923 553 3336 626; x_wconf 89' lang='lat' dir='ltr'>inquiunt,aut</span> <span class='ocrx_word' id='word_1_19' title='bbox 3367 571 3742 610; x_wconf 62' lang='lat' dir='ltr'>mammonae:</span> 
     </span>
    </p>
   </div>
   <div class='ocr_carea' id='block_1_4' title="bbox 314 633 1982 708">
    <p class='ocr_par' dir='ltr' id='par_1_4' title="bbox 314 633 1976 708">
     <span class='ocr_line' id='line_1_4' title="bbox 314 633 1976 708; baseline -0.006 -12"><span class='ocrx_word' id='word_1_20' title='bbox 314 637 742 697; x_wconf 79' lang='grc' dir='ltr'>δυσέκσπαστον.</span> <span class='ocrx_word' id='word_1_21' title='bbox 798 643 865 691; x_wconf 80' lang='grc' dir='ltr'><strong>Ἠ</strong></span> <span class='ocrx_word' id='word_1_22' title='bbox 921 659 948 687; x_wconf 89' lang='grc'>‹‹</span> <span class='ocrx_word' id='word_1_23' title='bbox 1007 639 1087 708; x_wconf 78' lang='grc' dir='ltr'>τῷ</span> <span class='ocrx_word' id='word_1_24' title='bbox 1139 639 1257 706; x_wconf 82' lang='grc' dir='ltr'>Θεῷ</span> <span class='ocrx_word' id='word_1_25' title='bbox 1291 659 1312 688; x_wconf 72' lang='grc' dir='ltr'>ι</span> <span class='ocrx_word' id='word_1_26' title='bbox 1351 633 1538 708; x_wconf 87' lang='grc' dir='ltr'>φησὶν,</span> <span class='ocrx_word' id='word_1_27' title='bbox 1569 634 1604 702; x_wconf 76' lang='grc' dir='ltr'><strong>ἢ</strong></span> <span class='ocrx_word' id='word_1_28' title='bbox 1658 655 1686 684; x_wconf 83' lang='grc'>››</span> <span class='ocrx_word' id='word_1_29' title='bbox 1735 636 1814 703; x_wconf 82' lang='grc' dir='ltr'>τῷ</span> <span class='ocrx_word' id='word_1_30' title='bbox 1877 653 1976 704; x_wconf 88' lang='grc' dir='ltr'>μα-</span> 
     </span>
    </p>
   </div>
   <div class='ocr_carea' id='block_1_5' title="bbox 2100 633 3742 708">
    <p class='ocr_par' dir='ltr' id='par_1_5' title="bbox 2100 635 3742 699">
     <span class='ocr_line' id='line_1_5' title="bbox 2100 635 3742 699; baseline 0.005 -9"><span class='ocrx_word' id='word_1_31' title='bbox 2100 635 2235 699; x_wconf 72' lang='lat' dir='ltr'>Duid</span> <span class='ocrx_word' id='word_1_32' title='bbox 2269 639 2424 695; x_wconf 90' lang='lat' dir='ltr'>enim</span> <span class='ocrx_word' id='word_1_33' title='bbox 2458 641 2617 696; x_wconf 85' lang='lat' dir='ltr'><strong>aliud</strong></span> <span class='ocrx_word' id='word_1_34' title='bbox 2640 641 2900 697; x_wconf 77' lang='lat' dir='ltr'>‘IEodem</span> <span class='ocrx_word' id='word_1_35' title='bbox 2935 643 3108 698; x_wconf 91' lang='lat' dir='ltr'>modo</span> <span class='ocrx_word' id='word_1_36' title='bbox 3141 660 3272 698; x_wconf 90' lang='lat' dir='ltr'>vere</span> <span class='ocrx_word' id='word_1_37' title='bbox 3304 643 3632 698; x_wconf 88' lang='lat' dir='ltr'>monachus</span> <span class='ocrx_word' id='word_1_38' title='bbox 3653 649 3742 698; x_wconf 87' lang='lat' dir='ltr'>vel</span> 
     </span>
    </p>
   </div>
   <div class='ocr_carea' id='block_1_6' title="bbox 317 718 1976 806">
    <p class='ocr_par' dir='ltr' id='par_1_6' title="bbox 317 718 1976 806">
     <span class='ocr_line' id='line_1_6' title="bbox 317 718 1976 806; baseline -0.007 -21"><span class='ocrx_word' id='word_1_39' title='bbox 317 733 491 806; x_wconf 82' lang='grc' dir='ltr'>μωνᾷ.</span> <span class='ocrx_word' id='word_1_40' title='bbox 527 751 556 781; x_wconf 83' lang='grc'><strong>››</strong></span> <span class='ocrx_word' id='word_1_41' title='bbox 600 727 674 784; x_wconf 91' lang='grc' dir='ltr'>Ἧ</span> <span class='ocrx_word' id='word_1_42' title='bbox 723 725 826 801; x_wconf 73' lang='grc' dir='ltr'>γὰρ</span> <span class='ocrx_word' id='word_1_43' title='bbox 879 721 1102 794; x_wconf 51' lang='grc' dir='ltr'>ἄλλως</span> <span class='ocrx_word' id='word_1_44' title='bbox 1136 723 1294 781; x_wconf 76' lang='grc' dir='ltr'>Οὕτω</span> <span class='ocrx_word' id='word_1_45' title='bbox 1345 720 1402 778; x_wconf 73' lang='grc' dir='ltr'>δὲ</span> <span class='ocrx_word' id='word_1_46' title='bbox 1448 721 1539 777; x_wconf 86' lang='grc' dir='ltr'>καὶ</span> <span class='ocrx_word' id='word_1_47' title='bbox 1571 723 1598 775; x_wconf 99' lang='lat'>6</span> <span class='ocrx_word' id='word_1_48' title='bbox 1641 721 1777 797; x_wconf 86' lang='grc' dir='ltr'>πρὸς</span> <span class='ocrx_word' id='word_1_49' title='bbox 1836 718 1976 790; x_wconf 85' lang='grc' dir='ltr'>ἀλή-</span> 
     </span>
    </p>
   </div>
   <div class='ocr_carea' id='block_1_7' title="bbox 313 807 1978 891">
    <p class='ocr_par' dir='ltr' id='par_1_7' title="bbox 313 807 1978 891">
     <span class='ocr_line' id='line_1_7' title="bbox 313 807 1978 891; baseline -0.007 -17"><span class='ocrx_word' id='word_1_50' title='bbox 313 821 459 875; x_wconf 84' lang='grc' dir='ltr'>θειαν</span> <span class='ocrx_word' id='word_1_51' title='bbox 521 815 789 891; x_wconf 83' lang='grc' dir='ltr'>μονάζων,</span> <span class='ocrx_word' id='word_1_52' title='bbox 822 814 857 883; x_wconf 73' lang='grc' dir='ltr'><strong>ἢ</strong></span> <span class='ocrx_word' id='word_1_53' title='bbox 915 816 995 884; x_wconf 85' lang='grc' dir='ltr'>τῷ</span> <span class='ocrx_word' id='word_1_54' title='bbox 1050 807 1242 886; x_wconf 77' lang='grc' dir='ltr'>κόσμῳ</span> <span class='ocrx_word' id='word_1_55' title='bbox 1302 811 1537 880; x_wconf 88' lang='grc' dir='ltr'>πάντως,</span> <span class='ocrx_word' id='word_1_56' title='bbox 1587 809 1621 878; x_wconf 73' lang='grc' dir='ltr'><strong>ἢ</strong></span> <span class='ocrx_word' id='word_1_57' title='bbox 1671 809 1750 880; x_wconf 82' lang='grc' dir='ltr'>τῷ</span> <span class='ocrx_word' id='word_1_58' title='bbox 1810 829 1978 883; x_wconf 82' lang='grc' dir='ltr'>φρον-</span> 
     </span>
    </p>
   </div>
   <div class='ocr_carea' id='block_1_8' title="bbox 315 895 1974 982">
    <p class='ocr_par' dir='ltr' id='par_1_8' title="bbox 315 895 1974 982">
     <span class='ocr_line' id='line_1_8' title="bbox 315 895 1974 982; baseline -0.008 -19"><span class='ocrx_word' id='word_1_59' title='bbox 315 906 609 982; x_wconf 85' lang='grc' dir='ltr'>τιστηρίῳ.</span> <span class='ocrx_word' id='word_1_60' title='bbox 655 901 944 972; x_wconf 84' lang='grc' dir='ltr'>Δυάζεσθαι</span> <span class='ocrx_word' id='word_1_61' title='bbox 994 901 1095 977; x_wconf 80' lang='grc' dir='ltr'>γὰρ</span> <span class='ocrx_word' id='word_1_62' title='bbox 1146 901 1245 956; x_wconf 84' lang='grc' dir='ltr'>οὐκ</span> <span class='ocrx_word' id='word_1_63' title='bbox 1292 897 1403 954; x_wconf 80' lang='grc' dir='ltr'>ἔστι</span> <span class='ocrx_word' id='word_1_64' title='bbox 1448 899 1540 954; x_wconf 85' lang='grc' dir='ltr'>τὸν</span> <span class='ocrx_word' id='word_1_65' title='bbox 1598 895 1820 968; x_wconf 82' lang='grc' dir='ltr'>άληθῶς</span> <span class='ocrx_word' id='word_1_66' title='bbox 1875 916 1974 970; x_wconf 89' lang='grc' dir='ltr'>μο-</span> 
     </span>
    </p>
   </div>
   <div class='ocr_carea' id='block_1_9' title="bbox 317 997 572 1066">
    <p class='ocr_par' dir='ltr' id='par_1_9' title="bbox 317 997 572 1066">
     <span class='ocr_line' id='line_1_9' title="bbox 317 997 572 1066; baseline 0.004 -16"><span class='ocrx_word' id='word_1_67' title='bbox 317 1017 344 1050; x_wconf 93' lang='grc' dir='ltr'>ν</span> <span class='ocrx_word' id='word_1_68' title='bbox 355 997 572 1066; x_wconf 86' lang='grc' dir='ltr'>άζοντα.</span> 
     </span>
    </p>
   </div>
   <div class='ocr_carea' id='block_1_10' title="bbox 392 1076 1973 1162">
    <p class='ocr_par' dir='ltr' id='par_1_10' title="bbox 392 1076 1973 1162">
     <span class='ocr_line' id='line_1_10' title="bbox 392 1076 1973 1162; baseline -0.008 -20"><span class='ocrx_word' id='word_1_69' title='bbox 392 1086 535 1162; x_wconf 88' lang='grc' dir='ltr'>ρμθ’.</span> <span class='ocrx_word' id='word_1_70' title='bbox 590 1083 802 1157; x_wconf 86' lang='grc' dir='ltr'>Σεμνὸν</span> <span class='ocrx_word' id='word_1_71' title='bbox 859 1081 1007 1157; x_wconf 76' lang='grc' dir='ltr'>παρὰ</span> <span class='ocrx_word' id='word_1_72' title='bbox 1060 1083 1179 1142; x_wconf 89' lang='grc' dir='ltr'>τοῖς</span> <span class='ocrx_word' id='word_1_73' title='bbox 1235 1078 1410 1136; x_wconf 88' lang='grc' dir='ltr'>πάλαι</span> <span class='ocrx_word' id='word_1_74' title='bbox 1459 1081 1648 1156; x_wconf 88' lang='grc' dir='ltr'>σοφοῖς</span> <span class='ocrx_word' id='word_1_75' title='bbox 1684 1078 1720 1146; x_wconf 78' lang='grc' dir='ltr'>ἡ</span> <span class='ocrx_word' id='word_1_76' title='bbox 1783 1076 1973 1149; x_wconf 82' lang='grc' dir='ltr'>μονὰς,</span> 
     </span>
    </p>
   </div>
   <div class='ocr_carea' id='block_1_11' title="bbox 319 1161 1972 1248">
    <p class='ocr_par' dir='ltr' id='par_1_11' title="bbox 319 1161 1972 1248">
     <span class='ocr_line' id='line_1_11' title="bbox 319 1161 1972 1248; baseline -0.008 -18"><span class='ocrx_word' id='word_1_77' title='bbox 319 1161 410 1230; x_wconf 76' lang='grc' dir='ltr'>διά</span> <span class='ocrx_word' id='word_1_78' title='bbox 461 1175 525 1229; x_wconf 89' lang='grc' dir='ltr'>τὸ</span> <span class='ocrx_word' id='word_1_79' title='bbox 572 1172 649 1234; x_wconf 82' lang='grc' dir='ltr'>εἷς</span> <span class='ocrx_word' id='word_1_80' title='bbox 704 1171 897 1240; x_wconf 70' lang='grc' dir='ltr'>ἑαυτὴν</span> <span class='ocrx_word' id='word_1_81' title='bbox 941 1168 1252 1248; x_wconf 70' lang='grc' dir='ltr'>ἰστράφθαι,</span> <span class='ocrx_word' id='word_1_82' title='bbox 1285 1168 1375 1223; x_wconf 86' lang='grc' dir='ltr'>καὶ</span> <span class='ocrx_word' id='word_1_83' title='bbox 1406 1165 1738 1226; x_wconf 86' lang='grc' dir='ltr'>ἀδιαστάτως</span> <span class='ocrx_word' id='word_1_84' title='bbox 1803 1161 1972 1239; x_wconf 72' lang='grc' dir='ltr'>ἔχειν·</span> 
     </span>
    </p>
   </div>
   <div class='ocr_carea' id='block_1_12' title="bbox 313 1253 1977 1337">
    <p class='ocr_par' dir='ltr' id='par_1_12' title="bbox 313 1253 1977 1337">
     <span class='ocr_line' id='line_1_12' title="bbox 313 1253 1977 1337; baseline -0.007 -19"><span class='ocrx_word' id='word_1_85' title='bbox 313 1264 405 1320; x_wconf 81' lang='grc' dir='ltr'>καὶ</span> <span class='ocrx_word' id='word_1_86' title='bbox 467 1262 616 1337; x_wconf 82' lang='grc' dir='ltr'>ἀρχὴ</span> <span class='ocrx_word' id='word_1_87' title='bbox 699 1261 794 1333; x_wconf 82' lang='grc' dir='ltr'>μὶν</span> <span class='ocrx_word' id='word_1_88' title='bbox 865 1258 1103 1335; x_wconf 80' lang='grc' dir='ltr'>ἀριθμοῦ</span> <span class='ocrx_word' id='word_1_89' title='bbox 1182 1259 1446 1313; x_wconf 80' lang='grc' dir='ltr'>τεθεῖσθαι</span> <span class='ocrx_word' id='word_1_90' title='bbox 1504 1257 1594 1311; x_wconf 83' lang='grc' dir='ltr'>καὶ</span> <span class='ocrx_word' id='word_1_91' title='bbox 1645 1253 1977 1327; x_wconf 80' lang='grc' dir='ltr'>πληθυσμοῦ</span> 
     </span>
    </p>
   </div>
   <div class='ocr_carea' id='block_1_13' title="bbox 315 1341 1976 1425">
    <p class='ocr_par' dir='ltr' id='par_1_13' title="bbox 315 1341 1976 1425">
     <span class='ocr_line' id='line_1_13' title="bbox 315 1341 1976 1425; baseline -0.007 -17"><span class='ocrx_word' id='word_1_92' title='bbox 315 1352 485 1420; x_wconf 79' lang='grc' dir='ltr'>αἰτία,</span> <span class='ocrx_word' id='word_1_93' title='bbox 520 1353 597 1425; x_wconf 75' lang='grc' dir='ltr'>μὴ</span> <span class='ocrx_word' id='word_1_94' title='bbox 663 1350 845 1424; x_wconf 71' lang='grc' dir='ltr'>μέντοι</span> <span class='ocrx_word' id='word_1_95' title='bbox 904 1347 995 1403; x_wconf 88' lang='grc' dir='ltr'>καὶ</span> <span class='ocrx_word' id='word_1_96' title='bbox 1052 1346 1187 1416; x_wconf 81' lang='grc' dir='ltr'>αὐτή</span> <span class='ocrx_word' id='word_1_97' title='bbox 1238 1346 1520 1423; x_wconf 81' lang='grc' dir='ltr'>πολύχοος</span> <span class='ocrx_word' id='word_1_98' title='bbox 1554 1345 1687 1400; x_wconf 81' lang='grc' dir='ltr'>εἶναι</span> <span class='ocrx_word' id='word_1_99' title='bbox 1741 1342 1831 1398; x_wconf 86' lang='grc' dir='ltr'>καὶ</span> <span class='ocrx_word' id='word_1_100' title='bbox 1885 1341 1976 1397; x_wconf 80' lang='grc' dir='ltr'>εὐ-</span> 
     </span>
    </p>
   </div>
   <div class='ocr_carea' id='block_1_14' title="bbox 315 1433 1972 1518">
    <p class='ocr_par' dir='ltr' id='par_1_14' title="bbox 315 1433 1972 1518">
     <span class='ocr_line' id='line_1_14' title="bbox 315 1433 1972 1518; baseline -0.007 -21"><span class='ocrx_word' id='word_1_101' title='bbox 315 1439 537 1518; x_wconf 87' lang='grc' dir='ltr'>σχιδής.</span> <span class='ocrx_word' id='word_1_102' title='bbox 573 1440 668 1494; x_wconf 87' lang='grc' dir='ltr'>Διὸ</span> <span class='ocrx_word' id='word_1_103' title='bbox 709 1439 802 1493; x_wconf 87' lang='grc' dir='ltr'>καὶ</span> <span class='ocrx_word' id='word_1_104' title='bbox 852 1435 928 1500; x_wconf 77' lang='grc' dir='ltr'>εῗ’ς</span> <span class='ocrx_word' id='word_1_105' title='bbox 977 1459 1030 1492; x_wconf 91' lang='grc' dir='ltr'>τι</span> <span class='ocrx_word' id='word_1_106' title='bbox 1075 1441 1222 1502; x_wconf 82' lang='grc' dir='ltr'>θεῖον</span> <span class='ocrx_word' id='word_1_107' title='bbox 1271 1435 1543 1503; x_wconf 77' lang='grc' dir='ltr'>ἐτάσσετο,</span> <span class='ocrx_word' id='word_1_108' title='bbox 1573 1433 1663 1489; x_wconf 87' lang='grc' dir='ltr'>καὶ</span> <span class='ocrx_word' id='word_1_109' title='bbox 1718 1439 1818 1502; x_wconf 87' lang='grc' dir='ltr'>τῆς</span> <span class='ocrx_word' id='word_1_110' title='bbox 1864 1435 1972 1486; x_wconf 81' lang='grc' dir='ltr'>τῶν</span> 
     </span>
    </p>
   </div>
   <div class='ocr_carea' id='block_1_15' title="bbox 318 1521 1975 1608">
    <p class='ocr_par' dir='ltr' id='par_1_15' title="bbox 318 1521 1975 1608">
     <span class='ocr_line' id='line_1_15' title="bbox 318 1521 1975 1608; baseline -0.007 -22"><span class='ocrx_word' id='word_1_111' title='bbox 318 1531 532 1608; x_wconf 74' lang='grc' dir='ltr'>ἀγαθῶν</span> <span class='ocrx_word' id='word_1_112' title='bbox 609 1526 926 1604; x_wconf 77' lang='grc' dir='ltr'>συστοιχίας</span> <span class='ocrx_word' id='word_1_113' title='bbox 1001 1526 1346 1602; x_wconf 74' lang='grc' dir='ltr'>προεκάθητο</span> <span class='ocrx_word' id='word_1_114' title='bbox 1416 1524 1468 1580; x_wconf 76' lang='grc' dir='ltr'>ἐν</span> <span class='ocrx_word' id='word_1_115' title='bbox 1540 1527 1610 1598; x_wconf 82' lang='grc' dir='ltr'>τῇ</span> <span class='ocrx_word' id='word_1_116' title='bbox 1685 1521 1975 1608; x_wconf 78' lang='grc' dir='ltr'>φιλοσόφῳ</span> 
     </span>
    </p>
   </div>
   <div class='ocr_carea' id='block_1_16' title="bbox 314 1606 1976 1696">
    <p class='ocr_par' dir='ltr' id='par_1_16' title="bbox 314 1606 1976 1696">
     <span class='ocr_line' id='line_1_16' title="bbox 314 1606 1976 1696; baseline -0.008 -20"><span class='ocrx_word' id='word_1_117' title='bbox 314 1606 661 1696; x_wconf 72' lang='grc' dir='ltr'>καταγραφῇ.</span> <span class='ocrx_word' id='word_1_118' title='bbox 722 1617 826 1673; x_wconf 71' lang='grc' dir='ltr'>Καὶ</span> <span class='ocrx_word' id='word_1_119' title='bbox 883 1615 1026 1671; x_wconf 75' lang='grc' dir='ltr'>οὕτω</span> <span class='ocrx_word' id='word_1_120' title='bbox 1085 1616 1178 1689; x_wconf 73' lang='grc' dir='ltr'>μὲν</span> <span class='ocrx_word' id='word_1_121' title='bbox 1242 1615 1437 1688; x_wconf 87' lang='grc' dir='ltr'>σεμνὸν</span> <span class='ocrx_word' id='word_1_122' title='bbox 1492 1616 1528 1684; x_wconf 75' lang='grc' dir='ltr'>ἡ</span> <span class='ocrx_word' id='word_1_123' title='bbox 1592 1614 1772 1687; x_wconf 86' lang='grc' dir='ltr'>μονάς.</span> <span class='ocrx_word' id='word_1_124' title='bbox 1804 1612 1869 1668; x_wconf 88' lang='grc' dir='ltr'>Ἥ</span> <span class='ocrx_word' id='word_1_125' title='bbox 1918 1606 1976 1664; x_wconf 73' lang='grc' dir='ltr'>δὲ</span> 
     </span>
    </p>
   </div>
   <div class='ocr_carea' id='block_1_17' title="bbox 319 1698 1976 1783">
    <p class='ocr_par' dir='ltr' id='par_1_17' title="bbox 319 1698 1976 1783">
     <span class='ocr_line' id='line_1_17' title="bbox 319 1698 1976 1783; baseline -0.007 -19"><span class='ocrx_word' id='word_1_126' title='bbox 319 1707 470 1776; x_wconf 79' lang='grc' dir='ltr'>δυὰς,</span> <span class='ocrx_word' id='word_1_127' title='bbox 523 1708 716 1783; x_wconf 86' lang='grc' dir='ltr'>πρώτη</span> <span class='ocrx_word' id='word_1_128' title='bbox 795 1709 902 1760; x_wconf 78' lang='grc' dir='ltr'>τῶν</span> <span class='ocrx_word' id='word_1_129' title='bbox 963 1703 1154 1781; x_wconf 81' lang='grc' dir='ltr'>ἐφεξῆς</span> <span class='ocrx_word' id='word_1_130' title='bbox 1220 1703 1485 1778; x_wconf 77' lang='grc' dir='ltr'>ἀριθμῶν,</span> <span class='ocrx_word' id='word_1_131' title='bbox 1536 1698 1807 1756; x_wconf 83' lang='grc' dir='ltr'>διάστασιν</span> <span class='ocrx_word' id='word_1_132' title='bbox 1875 1719 1976 1770; x_wconf 82' lang='grc' dir='ltr'>με·</span> 
     </span>
    </p>
   </div>
   <div class='ocr_carea' id='block_1_18' title="bbox 316 1784 1974 1868">
    <p class='ocr_par' dir='ltr' id='par_1_18' title="bbox 316 1784 1974 1868">
     <span class='ocr_line' id='line_1_18' title="bbox 316 1784 1974 1868; baseline -0.008 -14"><span class='ocrx_word' id='word_1_133' title='bbox 316 1797 615 1868; x_wconf 78' lang='grc' dir='ltr'>λετήσασα,</span> <span class='ocrx_word' id='word_1_134' title='bbox 663 1794 754 1850; x_wconf 85' lang='grc' dir='ltr'>καὶ</span> <span class='ocrx_word' id='word_1_135' title='bbox 814 1795 931 1848; x_wconf 80' lang='grc' dir='ltr'>οἷον</span> <span class='ocrx_word' id='word_1_136' title='bbox 1000 1793 1396 1868; x_wconf 83' lang='grc' dir='ltr'>ἀποσχισθεῖσα</span> <span class='ocrx_word' id='word_1_137' title='bbox 1455 1797 1556 1861; x_wconf 86' lang='grc' dir='ltr'>τῆς</span> <span class='ocrx_word' id='word_1_138' title='bbox 1631 1790 1834 1866; x_wconf 83' lang='grc' dir='ltr'>ἀρχῆς,</span> <span class='ocrx_word' id='word_1_139' title='bbox 1884 1784 1974 1841; x_wconf 90' lang='grc' dir='ltr'>καὶ</span> 
     </span>
    </p>
   </div>
   <div class='ocr_carea' id='block_1_19' title="bbox 2089 728 3738 804">
    <p class='ocr_par' dir='ltr' id='par_1_19' title="bbox 2089 728 3738 804">
     <span class='ocr_line' id='line_1_19' title="bbox 2089 728 3738 804; baseline 0.005 -25"><span class='ocrx_word' id='word_1_140' title='bbox 2089 728 2310 782; x_wconf 90' lang='lat' dir='ltr'>mundo</span> <span class='ocrx_word' id='word_1_141' title='bbox 2340 730 2620 797; x_wconf 89' lang='lat' dir='ltr'>totaliter,</span> <span class='ocrx_word' id='word_1_142' title='bbox 2676 731 2766 786; x_wconf 87' lang='lat' dir='ltr'>vel</span> <span class='ocrx_word' id='word_1_143' title='bbox 2817 733 3195 787; x_wconf 90' lang='lat' dir='ltr'>monasterio.</span> <span class='ocrx_word' id='word_1_144' title='bbox 3229 733 3292 786; x_wconf 91' lang='lat' dir='ltr'>In</span> <span class='ocrx_word' id='word_1_145' title='bbox 3351 733 3498 788; x_wconf 87' lang='lat' dir='ltr'>duas</span> <span class='ocrx_word' id='word_1_146' title='bbox 3544 736 3738 804; x_wconf 87' lang='lat' dir='ltr'>partes</span> 
     </span>
    </p>
   </div>
   <div class='ocr_carea' id='block_1_20' title="bbox 2087 815 3423 892">
    <p class='ocr_par' dir='ltr' id='par_1_20' title="bbox 2087 815 3423 892">
     <span class='ocr_line' id='line_1_20' title="bbox 2087 815 3423 892; baseline 0.006 -23"><span class='ocrx_word' id='word_1_147' title='bbox 2087 815 2244 871; x_wconf 89' lang='lat' dir='ltr'>enim</span> <span class='ocrx_word' id='word_1_148' title='bbox 2277 818 2464 874; x_wconf 82' lang='lat' dir='ltr'>scindi</span> <span class='ocrx_word' id='word_1_149' title='bbox 2497 837 2611 876; x_wconf 90' lang='lat' dir='ltr'>non</span> <span class='ocrx_word' id='word_1_150' title='bbox 2645 825 2838 892; x_wconf 80' lang='lat' dir='ltr'>potest</span> <span class='ocrx_word' id='word_1_151' title='bbox 2867 837 3038 877; x_wconf 90' lang='lat' dir='ltr'>verus</span> <span class='ocrx_word' id='word_1_152' title='bbox 3072 821 3423 877; x_wconf 80' lang='lat' dir='ltr'>monachus.</span> 
     </span>
    </p>
   </div>
   <div class='ocr_carea' id='block_1_21' title="bbox 2160 1087 3740 1162">
    <p class='ocr_par' dir='ltr' id='par_1_21' title="bbox 2160 1087 3740 1162">
     <span class='ocr_line' id='line_1_21' title="bbox 2160 1087 3740 1162; baseline 0.004 -21"><span class='ocrx_word' id='word_1_153' title='bbox 2160 1087 2531 1144; x_wconf 71' lang='lat' dir='ltr'>149.Sacrum</span> <span class='ocrx_word' id='word_1_154' title='bbox 2552 1089 2771 1160; x_wconf 86' lang='lat' dir='ltr'>aliquid</span> <span class='ocrx_word' id='word_1_155' title='bbox 2797 1091 2950 1162; x_wconf 89' lang='lat' dir='ltr'>apud</span> <span class='ocrx_word' id='word_1_156' title='bbox 2971 1095 3196 1146; x_wconf 81' lang='lat' dir='ltr'>veteres</span> <span class='ocrx_word' id='word_1_157' title='bbox 3221 1090 3602 1162; x_wconf 89' lang='lat' dir='ltr'>philosophos</span> <span class='ocrx_word' id='word_1_158' title='bbox 3615 1096 3740 1148; x_wconf 89' lang='lat' dir='ltr'>erat</span> 
     </span>
    </p>
   </div>
   <div class='ocr_carea' id='block_1_22' title="bbox 2084 1175 3736 1250">
    <p class='ocr_par' dir='ltr' id='par_1_22' title="bbox 2084 1175 3736 1250">
     <span class='ocr_line' id='line_1_22' title="bbox 2084 1175 3736 1250; baseline 0.003 -20"><span class='ocrx_word' id='word_1_159' title='bbox 2084 1175 2305 1244; x_wconf 88' lang='lat' dir='ltr'>unitas,</span> <span class='ocrx_word' id='word_1_160' title='bbox 2341 1177 2480 1246; x_wconf 85' lang='lat' dir='ltr'>quia</span> <span class='ocrx_word' id='word_1_161' title='bbox 2511 1177 2570 1232; x_wconf 92' lang='lat' dir='ltr'>in</span> <span class='ocrx_word' id='word_1_162' title='bbox 2596 1193 2658 1233; x_wconf 85' lang='lat' dir='ltr'>se</span> <span class='ocrx_word' id='word_1_163' title='bbox 2689 1178 2820 1250; x_wconf 91' lang='lat' dir='ltr'>ipsa</span> <span class='ocrx_word' id='word_1_164' title='bbox 2842 1179 3132 1248; x_wconf 87' lang='lat' dir='ltr'>sistit,nec</span> <span class='ocrx_word' id='word_1_165' title='bbox 3154 1179 3331 1234; x_wconf 90' lang='lat' dir='ltr'>habet</span> <span class='ocrx_word' id='word_1_166' title='bbox 3353 1179 3699 1235; x_wconf 84' lang='lat' dir='ltr'>divisionem</span> <span class='ocrx_word' id='word_1_167' title='bbox 3723 1197 3736 1248; x_wconf 86' lang='lat'><strong>;</strong></span> 
     </span>
    </p>
   </div>
   <div class='ocr_carea' id='block_1_23' title="bbox 2085 1263 3739 1338">
    <p class='ocr_par' dir='ltr' id='par_1_23' title="bbox 2085 1263 3739 1338">
     <span class='ocr_line' id='line_1_23' title="bbox 2085 1263 3739 1338; baseline 0.002 -20"><span class='ocrx_word' id='word_1_168' title='bbox 2085 1277 2154 1318; x_wconf 86' lang='lat' dir='ltr'>ea</span> <span class='ocrx_word' id='word_1_169' title='bbox 2186 1263 2539 1336; x_wconf 84' lang='lat' dir='ltr'>principium</span> <span class='ocrx_word' id='word_1_170' title='bbox 2567 1283 2948 1322; x_wconf 89' lang='lat' dir='ltr'>numerorum</span> <span class='ocrx_word' id='word_1_171' title='bbox 2985 1266 3439 1338; x_wconf 87' lang='lat' dir='ltr'>ponitur,causa</span> <span class='ocrx_word' id='word_1_172' title='bbox 3469 1267 3739 1322; x_wconf 88' lang='lat' dir='ltr'>multitu-</span> 
     </span>
    </p>
   </div>
   <div class='ocr_carea' id='block_1_24' title="bbox 2086 1351 3738 1426">
    <p class='ocr_par' dir='ltr' id='par_1_24' title="bbox 2086 1351 3738 1426">
     <span class='ocr_line' id='line_1_24' title="bbox 2086 1351 3738 1426; baseline 0.002 -18"><span class='ocrx_word' id='word_1_173' title='bbox 2086 1351 2375 1418; x_wconf 89' lang='lat' dir='ltr'>dinis,nec</span> <span class='ocrx_word' id='word_1_174' title='bbox 2406 1358 2604 1409; x_wconf 89' lang='lat' dir='ltr'>tamen</span> <span class='ocrx_word' id='word_1_175' title='bbox 2637 1355 2971 1412; x_wconf 75' lang='lat' dir='ltr'>multicolor</span> <span class='ocrx_word' id='word_1_176' title='bbox 2999 1360 3219 1426; x_wconf 88' lang='lat' dir='ltr'>est,aut</span> <span class='ocrx_word' id='word_1_177' title='bbox 3249 1354 3582 1412; x_wconf 88' lang='lat' dir='ltr'>divisibilis.</span> <span class='ocrx_word' id='word_1_178' title='bbox 3605 1357 3738 1412; x_wconf 90' lang='lat' dir='ltr'>Ideo</span> 
     </span>
    </p>
   </div>
   <div class='ocr_carea' id='block_1_25' title="bbox 2084 1441 3738 1516">
    <p class='ocr_par' dir='ltr' id='par_1_25' title="bbox 2084 1441 3738 1516">
     <span class='ocr_line' id='line_1_25' title="bbox 2084 1441 3738 1516; baseline 0.004 -20"><span class='ocrx_word' id='word_1_179' title='bbox 2084 1441 2338 1498; x_wconf 88' lang='lat' dir='ltr'>habetur</span> <span class='ocrx_word' id='word_1_180' title='bbox 2397 1450 2460 1498; x_wconf 90' lang='lat' dir='ltr'>ut</span> <span class='ocrx_word' id='word_1_181' title='bbox 2517 1444 2741 1516; x_wconf 89' lang='lat' dir='ltr'>aliquid</span> <span class='ocrx_word' id='word_1_182' title='bbox 2803 1446 3089 1512; x_wconf 88' lang='lat' dir='ltr'>divinum,</span> <span class='ocrx_word' id='word_1_183' title='bbox 3123 1445 3183 1500; x_wconf 92' lang='lat' dir='ltr'>in</span> <span class='ocrx_word' id='word_1_184' title='bbox 3243 1446 3392 1502; x_wconf 86' lang='lat' dir='ltr'>serie</span> <span class='ocrx_word' id='word_1_185' title='bbox 3449 1447 3738 1502; x_wconf 88' lang='lat' dir='ltr'>bonorum</span> 
     </span>
    </p>
   </div>
   <div class='ocr_carea' id='block_1_26' title="bbox 2087 1531 3739 1606">
    <p class='ocr_par' dir='ltr' id='par_1_26' title="bbox 2087 1531 3739 1606">
     <span class='ocr_line' id='line_1_26' title="bbox 2087 1531 3739 1606; baseline 0.001 -20"><span class='ocrx_word' id='word_1_186' title='bbox 2087 1531 2277 1602; x_wconf 87' lang='lat' dir='ltr'>primo</span> <span class='ocrx_word' id='word_1_187' title='bbox 2310 1533 2595 1588; x_wconf 83' lang='lat' dir='ltr'>statuitur</span> <span class='ocrx_word' id='word_1_188' title='bbox 2623 1552 2654 1588; x_wconf 86' lang='lat' dir='ltr'>a</span> <span class='ocrx_word' id='word_1_189' title='bbox 2681 1534 3088 1606; x_wconf 84' lang='lat' dir='ltr'>scriptoribus.</span> <span class='ocrx_word' id='word_1_190' title='bbox 3127 1534 3220 1589; x_wconf 85' lang='lat' dir='ltr'>Sic</span> <span class='ocrx_word' id='word_1_191' title='bbox 3251 1551 3419 1589; x_wconf 85' lang='lat' dir='ltr'>sacra</span> <span class='ocrx_word' id='word_1_192' title='bbox 3450 1541 3575 1589; x_wconf 88' lang='lat' dir='ltr'>erat</span> <span class='ocrx_word' id='word_1_193' title='bbox 3608 1534 3739 1588; x_wconf 91' lang='lat' dir='ltr'>uni-</span> 
     </span>
    </p>
   </div>
   <div class='ocr_carea' id='block_1_27' title="bbox 2082 1621 3740 1694">
    <p class='ocr_par' dir='ltr' id='par_1_27' title="bbox 2082 1621 3740 1694">
     <span class='ocr_line' id='line_1_27' title="bbox 2082 1621 3740 1694; baseline 0.003 -20"><span class='ocrx_word' id='word_1_194' title='bbox 2082 1625 2196 1676; x_wconf 86' lang='lat' dir='ltr'>tas.</span> <span class='ocrx_word' id='word_1_195' title='bbox 2229 1621 2355 1676; x_wconf 95' lang='lat' dir='ltr'>Duo</span> <span class='ocrx_word' id='word_1_196' title='bbox 2387 1627 2608 1689; x_wconf 88' lang='lat' dir='ltr'>autem,</span> <span class='ocrx_word' id='word_1_197' title='bbox 2641 1623 2871 1694; x_wconf 89' lang='lat' dir='ltr'>primus</span> <span class='ocrx_word' id='word_1_198' title='bbox 2921 1622 3411 1693; x_wconf 88' lang='lat' dir='ltr'>subsequentium</span> <span class='ocrx_word' id='word_1_199' title='bbox 3463 1639 3740 1679; x_wconf 90' lang='lat' dir='ltr'>numero-</span> 
     </span>
    </p>
   </div>
   <div class='ocr_carea' id='block_1_28' title="bbox 2084 1710 3742 1784">
    <p class='ocr_par' dir='ltr' id='par_1_28' title="bbox 2084 1710 3742 1784">
     <span class='ocr_line' id='line_1_28' title="bbox 2084 1710 3742 1784; baseline 0.002 -20"><span class='ocrx_word' id='word_1_200' title='bbox 2084 1726 2238 1779; x_wconf 88' lang='lat' dir='ltr'>rum,</span> <span class='ocrx_word' id='word_1_201' title='bbox 2272 1710 2620 1768; x_wconf 89' lang='lat' dir='ltr'>divisionem</span> <span class='ocrx_word' id='word_1_202' title='bbox 2647 1711 3012 1782; x_wconf 76' lang='lat' dir='ltr'>signiﬁcans,</span> <span class='ocrx_word' id='word_1_203' title='bbox 3038 1712 3208 1783; x_wconf 87' lang='lat' dir='ltr'>quasi</span> <span class='ocrx_word' id='word_1_204' title='bbox 3233 1717 3502 1784; x_wconf 87' lang='lat' dir='ltr'>separata</span> <span class='ocrx_word' id='word_1_205' title='bbox 3523 1730 3556 1767; x_wconf 90' lang='lat' dir='ltr'>a</span> <span class='ocrx_word' id='word_1_206' title='bbox 3579 1713 3742 1784; x_wconf 85' lang='lat' dir='ltr'>prin—</span> 
     </span>
    </p>
   </div>
   <div class='ocr_carea' id='block_1_29' title="bbox 2084 1798 3739 1870">
    <p class='ocr_par' dir='ltr' id='par_1_29' title="bbox 2084 1798 3739 1870">
     <span class='ocr_line' id='line_1_29' title="bbox 2084 1798 3739 1870; baseline 0.002 -17"><span class='ocrx_word' id='word_1_207' title='bbox 2084 1798 2255 1870; x_wconf 91' lang='lat' dir='ltr'>cipio,</span> <span class='ocrx_word' id='word_1_208' title='bbox 2282 1800 2683 1856; x_wconf 84' lang='lat' dir='ltr'>multitudinis</span> <span class='ocrx_word' id='word_1_209' title='bbox 2713 1801 2975 1867; x_wconf 90' lang='lat' dir='ltr'>initium,</span> <span class='ocrx_word' id='word_1_210' title='bbox 2999 1800 3248 1856; x_wconf 78' lang='lat' dir='ltr'>audacia</span> <span class='ocrx_word' id='word_1_211' title='bbox 3276 1801 3739 1868; x_wconf 88' lang='lat' dir='ltr'>vocabatur,non</span> 
     </span>
    </p>
   </div>
   <div class='ocr_carea' id='block_1_30' title="bbox 314 1876 1982 1985">
    <p class='ocr_par' dir='ltr' id='par_1_30' title="bbox 314 1876 1974 1958">
     <span class='ocr_line' id='line_1_30' title="bbox 314 1876 1974 1958; baseline -0.008 -15"><span class='ocrx_word' id='word_1_212' title='bbox 314 1886 564 1958; x_wconf 79' lang='grc' dir='ltr'>πλήθους</span> <span class='ocrx_word' id='word_1_213' title='bbox 646 1881 992 1958; x_wconf 79' lang='grc' dir='ltr'>κατάρξασα,</span> <span class='ocrx_word' id='word_1_214' title='bbox 1065 1879 1250 1954; x_wconf 84' lang='grc' dir='ltr'>τόλμα</span> <span class='ocrx_word' id='word_1_215' title='bbox 1321 1879 1634 1952; x_wconf 76' lang='grc' dir='ltr'>ἐπεκλήθη,</span> <span class='ocrx_word' id='word_1_216' title='bbox 1692 1877 1760 1932; x_wconf 80' lang='grc' dir='ltr'>οὐ</span> <span class='ocrx_word' id='word_1_217' title='bbox 1835 1876 1974 1932; x_wconf 90' lang='grc' dir='ltr'>πάνυ</span> 
     </span>
    </p>
   </div>
   <div class='ocr_carea' id='block_1_31' title="bbox 2100 1876 3736 1985">
    <p class='ocr_par' dir='ltr' id='par_1_31' title="bbox 2100 1887 3736 1960">
     <span class='ocr_line' id='line_1_31' title="bbox 2100 1887 3736 1960; baseline 0.001 -18"><span class='ocrx_word' id='word_1_218' title='bbox 2100 1887 2258 1957; x_wconf 62' lang='lat' dir='ltr'>plane</span> <span class='ocrx_word' id='word_1_219' title='bbox 2278 1891 2450 1958; x_wconf 88' lang='lat' dir='ltr'>serio,</span> <span class='ocrx_word' id='word_1_220' title='bbox 2485 1891 2584 1945; x_wconf 88' lang='lat' dir='ltr'>sed</span> <span class='ocrx_word' id='word_1_221' title='bbox 2635 1891 2804 1960; x_wconf 90' lang='lat' dir='ltr'>quasi</span> <span class='ocrx_word' id='word_1_222' title='bbox 2854 1890 3119 1945; x_wconf 89' lang='lat' dir='ltr'>ridendo.</span> <span class='ocrx_word' id='word_1_223' title='bbox 3170 1889 3392 1945; x_wconf 80' lang='lat' dir='ltr'>Exinde</span> <span class='ocrx_word' id='word_1_224' title='bbox 3436 1889 3736 1945; x_wconf 87' lang='lat' dir='ltr'>miseriam</span> 
     </span>
    </p>
   </div>
   <div class='ocr_carea' id='block_1_32' title="bbox 313 1967 1974 2051">
    <p class='ocr_par' dir='ltr' id='par_1_32' title="bbox 313 1967 1974 2051">
     <span class='ocr_line' id='line_1_32' title="bbox 313 1967 1974 2051; baseline -0.007 -19"><span class='ocrx_word' id='word_1_225' title='bbox 313 1980 554 2051; x_wconf 77' lang='grc' dir='ltr'>σεμνῶς,</span> <span class='ocrx_word' id='word_1_226' title='bbox 605 1971 753 2030; x_wconf 74' lang='grc' dir='ltr'>ἀλλὰ</span> <span class='ocrx_word' id='word_1_227' title='bbox 801 1969 1276 2047; x_wconf 83' lang='grc' dir='ltr'>σκωπτικώτερον.</span> <span class='ocrx_word' id='word_1_228' title='bbox 1331 1969 1432 2024; x_wconf 80' lang='grc' dir='ltr'>Καὶ</span> <span class='ocrx_word' id='word_1_229' title='bbox 1505 1969 1682 2024; x_wconf 83' lang='grc' dir='ltr'>τοίνυν</span> <span class='ocrx_word' id='word_1_230' title='bbox 1743 1967 1833 2022; x_wconf 86' lang='grc' dir='ltr'>ἀπ’</span> <span class='ocrx_word' id='word_1_231' title='bbox 1881 1967 1974 2020; x_wconf 83' lang='grc' dir='ltr'>αὐ-</span> 
     </span>
    </p>
   </div>
   <div class='ocr_carea' id='block_1_33' title="bbox 311 2055 1975 2134">
    <p class='ocr_par' dir='ltr' id='par_1_33' title="bbox 311 2055 1975 2134">
     <span class='ocr_line' id='line_1_33' title="bbox 311 2055 1975 2134; baseline -0.008 -12"><span class='ocrx_word' id='word_1_232' title='bbox 311 2069 415 2132; x_wconf 79' lang='grc' dir='ltr'>τῆς</span> <span class='ocrx_word' id='word_1_233' title='bbox 492 2065 582 2120; x_wconf 86' lang='grc' dir='ltr'>καὶ</span> <span class='ocrx_word' id='word_1_234' title='bbox 664 2063 764 2131; x_wconf 81' lang='grc' dir='ltr'>τὴν</span> <span class='ocrx_word' id='word_1_235' title='bbox 847 2061 1209 2116; x_wconf 81' lang='grc' dir='ltr'>κακοπάθειαν</span> <span class='ocrx_word' id='word_1_236' title='bbox 1272 2059 1323 2114; x_wconf 75' lang='grc' dir='ltr'>οἳ</span> <span class='ocrx_word' id='word_1_237' title='bbox 1378 2058 1445 2114; x_wconf 79' lang='grc' dir='ltr'>τὰ</span> <span class='ocrx_word' id='word_1_238' title='bbox 1527 2061 1755 2112; x_wconf 81' lang='grc' dir='ltr'>τοιαῦτα</span> <span class='ocrx_word' id='word_1_239' title='bbox 1816 2055 1975 2134; x_wconf 83' lang='grc' dir='ltr'>σοφοὶ</span> 
     </span>
    </p>
   </div>
   <div class='ocr_carea' id='block_1_34' title="bbox 311 2142 1970 2225">
    <p class='ocr_par' dir='ltr' id='par_1_34' title="bbox 311 2142 1970 2225">
     <span class='ocr_line' id='line_1_34' title="bbox 311 2142 1970 2225; baseline -0.006 -17"><span class='ocrx_word' id='word_1_240' title='bbox 311 2179 340 2208; x_wconf 91' lang='grc'>‹‹</span> <span class='ocrx_word' id='word_1_241' title='bbox 385 2152 518 2225; x_wconf 79' lang='grc' dir='ltr'>δύην</span> <span class='ocrx_word' id='word_1_242' title='bbox 565 2177 596 2206; x_wconf 82' lang='grc'><strong>››</strong></span> <span class='ocrx_word' id='word_1_243' title='bbox 651 2148 936 2220; x_wconf 76' lang='grc' dir='ltr'>ἐκάλεσαν,</span> <span class='ocrx_word' id='word_1_244' title='bbox 965 2150 1040 2212; x_wconf 83' lang='grc' dir='ltr'>ὡς</span> <span class='ocrx_word' id='word_1_245' title='bbox 1085 2150 1184 2220; x_wconf 78' lang='grc' dir='ltr'>τήν</span> <span class='ocrx_word' id='word_1_246' title='bbox 1229 2149 1366 2203; x_wconf 84' lang='grc' dir='ltr'>κατά</span> <span class='ocrx_word' id='word_1_247' title='bbox 1423 2151 1584 2222; x_wconf 84' lang='grc' dir='ltr'>σῶμα</span> <span class='ocrx_word' id='word_1_248' title='bbox 1641 2142 1970 2222; x_wconf 81' lang='grc' dir='ltr'>στοιχειώδη</span> 
     </span>
    </p>
   </div>
   <div class='ocr_carea' id='block_1_35' title="bbox 308 2235 1970 2317">
    <p class='ocr_par' dir='ltr' id='par_1_35' title="bbox 308 2235 1970 2317">
     <span class='ocr_line' id='line_1_35' title="bbox 308 2235 1970 2317; baseline -0.007 -17"><span class='ocrx_word' id='word_1_249' title='bbox 308 2246 428 2308; x_wconf 82' lang='grc' dir='ltr'>καθ’</span> <span class='ocrx_word' id='word_1_250' title='bbox 484 2245 634 2317; x_wconf 79' lang='grc' dir='ltr'>ἡμᾶς</span> <span class='ocrx_word' id='word_1_251' title='bbox 682 2239 910 2310; x_wconf 74' lang='grc' dir='ltr'>ἑνότητα</span> <span class='ocrx_word' id='word_1_252' title='bbox 968 2237 1262 2307; x_wconf 84' lang='grc' dir='ltr'>δυάζουσαν</span> <span class='ocrx_word' id='word_1_253' title='bbox 1323 2235 1460 2292; x_wconf 81' lang='grc' dir='ltr'>κατά</span> <span class='ocrx_word' id='word_1_254' title='bbox 1519 2258 1578 2291; x_wconf 85' lang='grc' dir='ltr'>τε</span> <span class='ocrx_word' id='word_1_255' title='bbox 1639 2236 1702 2291; x_wconf 84' lang='grc' dir='ltr'>τὸ</span> <span class='ocrx_word' id='word_1_256' title='bbox 1759 2236 1970 2310; x_wconf 84' lang='grc' dir='ltr'>πάσχον</span> 
     </span>
    </p>
   </div>
   <div class='ocr_carea' id='block_1_36' title="bbox 310 2323 1972 2398">
    <p class='ocr_par' dir='ltr' id='par_1_36' title="bbox 310 2323 1972 2398">
     <span class='ocr_line' id='line_1_36' title="bbox 310 2323 1972 2398; baseline -0.007 -9"><span class='ocrx_word' id='word_1_257' title='bbox 310 2334 402 2389; x_wconf 86' lang='grc' dir='ltr'>καὶ</span> <span class='ocrx_word' id='word_1_258' title='bbox 454 2333 517 2388; x_wconf 86' lang='grc' dir='ltr'>τὸ</span> <span class='ocrx_word' id='word_1_259' title='bbox 568 2335 783 2387; x_wconf 80' lang='grc' dir='ltr'>ποιοῦν.</span> <span class='ocrx_word' id='word_1_260' title='bbox 817 2326 1026 2387; x_wconf 68' lang='grc' dir='ltr'>Οὔκουν</span> <span class='ocrx_word' id='word_1_261' title='bbox 1085 2327 1176 2383; x_wconf 82' lang='grc' dir='ltr'>καὶ</span> <span class='ocrx_word' id='word_1_262' title='bbox 1225 2332 1342 2389; x_wconf 90' lang='grc' dir='ltr'>τοῖς</span> <span class='ocrx_word' id='word_1_263' title='bbox 1393 2325 1500 2381; x_wconf 72' lang='grc' dir='ltr'>ἔσω</span> <span class='ocrx_word' id='word_1_264' title='bbox 1554 2325 1643 2381; x_wconf 84' lang='grc' dir='ltr'>καὶ</span> <span class='ocrx_word' id='word_1_265' title='bbox 1700 2330 1818 2387; x_wconf 89' lang='grc' dir='ltr'>τοῖς</span> <span class='ocrx_word' id='word_1_266' title='bbox 1871 2323 1972 2398; x_wconf 79' lang='grc' dir='ltr'>ἔξω</span> 
     </span>
    </p>
   </div>
   <div class='ocr_carea' id='block_1_37' title="bbox 316 2415 1971 2496">
    <p class='ocr_par' dir='ltr' id='par_1_37' title="bbox 316 2415 1971 2496">
     <span class='ocr_line' id='line_1_37' title="bbox 316 2415 1971 2496; baseline -0.005 -19"><span class='ocrx_word' id='word_1_267' title='bbox 316 2420 597 2496; x_wconf 80' lang='grc' dir='ltr'>μεριστὲος</span> <span class='ocrx_word' id='word_1_268' title='bbox 627 2421 654 2474; x_wconf 88' lang='grc' dir='ltr'>ὁ</span> <span class='ocrx_word' id='word_1_269' title='bbox 690 2418 958 2494; x_wconf 83' lang='grc' dir='ltr'>μοναχὸς,</span> <span class='ocrx_word' id='word_1_270' title='bbox 1013 2419 1089 2480; x_wconf 87' lang='grc' dir='ltr'>ὡς</span> <span class='ocrx_word' id='word_1_271' title='bbox 1141 2415 1314 2479; x_wconf 78' lang='grc' dir='ltr'>οὕτως</span> <span class='ocrx_word' id='word_1_272' title='bbox 1372 2416 1489 2471; x_wconf 83' lang='grc' dir='ltr'>ἂντὶ</span> <span class='ocrx_word' id='word_1_273' title='bbox 1544 2420 1642 2471; x_wconf 78' lang='grc' dir='ltr'>τοῦ</span> <span class='ocrx_word' id='word_1_274' title='bbox 1701 2418 1796 2489; x_wconf 77' lang='grc' dir='ltr'>ζῇν</span> <span class='ocrx_word' id='word_1_275' title='bbox 1872 2435 1971 2488; x_wconf 89' lang='grc' dir='ltr'>μο-</span> 
     </span>
    </p>
   </div>
   <div class='ocr_carea' id='block_1_38' title="bbox 308 2501 1972 2584">
    <p class='ocr_par' dir='ltr' id='par_1_38' title="bbox 308 2501 1972 2584">
     <span class='ocr_line' id='line_1_38' title="bbox 308 2501 1972 2584; baseline -0.004 -18"><span class='ocrx_word' id='word_1_276' title='bbox 308 2512 401 2584; x_wconf 75' lang='grc' dir='ltr'>νὰξ</span> <span class='ocrx_word' id='word_1_277' title='bbox 471 2507 752 2580; x_wconf 84' lang='grc' dir='ltr'>δυάζεσθαι</span> <span class='ocrx_word' id='word_1_278' title='bbox 831 2506 988 2582; x_wconf 80' lang='grc' dir='ltr'>(ὅπερ</span> <span class='ocrx_word' id='word_1_279' title='bbox 1068 2506 1168 2562; x_wconf 82' lang='grc' dir='ltr'>οὐκ</span> <span class='ocrx_word' id='word_1_280' title='bbox 1241 2504 1507 2580; x_wconf 75' lang='grc' dir='ltr'>ἐτάξατο),</span> <span class='ocrx_word' id='word_1_281' title='bbox 1566 2506 1656 2560; x_wconf 88' lang='grc' dir='ltr'>καὶ</span> <span class='ocrx_word' id='word_1_282' title='bbox 1732 2501 1972 2568; x_wconf 71' lang='grc' dir='ltr'>ἐντεῦθεν</span> 
     </span>
    </p>
   </div>
   <div class='ocr_carea' id='block_1_39' title="bbox 306 2594 1972 2680">
    <p class='ocr_par' dir='ltr' id='par_1_39' title="bbox 306 2594 1972 2680">
     <span class='ocr_line' id='line_1_39' title="bbox 306 2594 1972 2680; baseline -0.004 -25"><span class='ocrx_word' id='word_1_283' title='bbox 306 2598 664 2680; x_wconf 85' lang='grc' dir='ltr'>άφιλοσόφως</span> <span class='ocrx_word' id='word_1_284' title='bbox 747 2595 1059 2673; x_wconf 78' lang='grc' dir='ltr'>διαχὲεσθαι</span> <span class='ocrx_word' id='word_1_285' title='bbox 1142 2594 1220 2660; x_wconf 76' lang='grc' dir='ltr'>εἷς</span> <span class='ocrx_word' id='word_1_286' title='bbox 1304 2594 1632 2668; x_wconf 83' lang='grc' dir='ltr'>πληθυσμὸν</span> <span class='ocrx_word' id='word_1_287' title='bbox 1700 2595 1766 2650; x_wconf 82' lang='grc' dir='ltr'>οὗ</span> <span class='ocrx_word' id='word_1_288' title='bbox 1850 2604 1972 2658; x_wconf 83' lang='grc' dir='ltr'>θεο-</span> 
     </span>
    </p>
   </div>
   <div class='ocr_carea' id='block_1_40' title="bbox 358 2687 476 2759">
    <p class='ocr_par' dir='ltr' id='par_1_40' title="bbox 358 2687 476 2759">
     <span class='ocr_line' id='line_1_40' title="bbox 358 2687 476 2759; baseline 0 -15"><span class='ocrx_word' id='word_1_289' title='bbox 358 2687 476 2759; x_wconf 87' lang='grc' dir='ltr'>ιλῆ.</span> 
     </span>
    </p>
   </div>
   <div class='ocr_carea' id='block_1_41' title="bbox 313 2712 1970 2852">
    <p class='ocr_par' dir='ltr' id='par_1_41' title="bbox 313 2712 1970 2852">
     <span class='ocr_line' id='line_1_41' title="bbox 313 2712 1970 2852; baseline -0.005 -19"><span class='ocrx_word' id='word_1_290' title='bbox 313 2712 479 2852; x_wconf 45' lang='grc' dir='ltr'>φιέζὶζ</span> <span class='ocrx_word' id='word_1_291' title='bbox 513 2777 579 2833; x_wconf 82' lang='grc' dir='ltr'>Εἰ</span> <span class='ocrx_word' id='word_1_292' title='bbox 628 2773 674 2831; x_wconf 88' lang='grc' dir='ltr'>δ’</span> <span class='ocrx_word' id='word_1_293' title='bbox 726 2773 879 2848; x_wconf 75' lang='grc' dir='ltr'>ἴσως,</span> <span class='ocrx_word' id='word_1_294' title='bbox 928 2775 973 2829; x_wconf 80' lang='grc' dir='ltr'>ὦ</span> <span class='ocrx_word' id='word_1_295' title='bbox 1025 2772 1444 2848; x_wconf 72' lang='grc' dir='ltr'>μοναστηριακὶ,</span> <span class='ocrx_word' id='word_1_296' title='bbox 1493 2771 1785 2850; x_wconf 69' lang='grc' dir='ltr'>προφέρεις</span> <span class='ocrx_word' id='word_1_297' title='bbox 1834 2773 1970 2844; x_wconf 80' lang='grc' dir='ltr'>ἡμῖν</span> 
     </span>
    </p>
   </div>
   <div class='ocr_carea' id='block_1_42' title="bbox 317 2858 1970 2939">
    <p class='ocr_par' dir='ltr' id='par_1_42' title="bbox 317 2858 1970 2939">
     <span class='ocr_line' id='line_1_42' title="bbox 317 2858 1970 2939; baseline -0.004 -18"><span class='ocrx_word' id='word_1_298' title='bbox 317 2866 396 2931; x_wconf 79' lang='grc' dir='ltr'>εἲς</span> <span class='ocrx_word' id='word_1_299' title='bbox 451 2864 698 2921; x_wconf 84' lang='grc' dir='ltr'>ἀθώωσίν</span> <span class='ocrx_word' id='word_1_300' title='bbox 759 2885 855 2919; x_wconf 88' lang='grc' dir='ltr'>σου</span> <span class='ocrx_word' id='word_1_301' title='bbox 929 2862 1103 2918; x_wconf 70' lang='grc' dir='ltr'>ικεῖνο</span> <span class='ocrx_word' id='word_1_302' title='bbox 1175 2863 1238 2918; x_wconf 86' lang='grc' dir='ltr'>τὸ</span> <span class='ocrx_word' id='word_1_303' title='bbox 1312 2862 1666 2939; x_wconf 85' lang='grc' dir='ltr'>μακαριστὸν,</span> <span class='ocrx_word' id='word_1_304' title='bbox 1719 2861 1794 2923; x_wconf 83' lang='grc' dir='ltr'>ὡς</span> <span class='ocrx_word' id='word_1_305' title='bbox 1848 2858 1970 2937; x_wconf 77' lang='grc' dir='ltr'>ἄρα,</span> 
     </span>
    </p>
   </div>
   <div class='ocr_carea' id='block_1_43' title="bbox 317 2948 1973 3030">
    <p class='ocr_par' dir='ltr' id='par_1_43' title="bbox 317 2948 1973 3030">
     <span class='ocr_line' id='line_1_43' title="bbox 317 2948 1973 3030; baseline -0.005 -18"><span class='ocrx_word' id='word_1_306' title='bbox 317 2956 458 3020; x_wconf 79' lang='grc' dir='ltr'>καθὰ</span> <span class='ocrx_word' id='word_1_307' title='bbox 512 2958 546 3025; x_wconf 72' lang='grc' dir='ltr'><strong>ἡ</strong></span> <span class='ocrx_word' id='word_1_308' title='bbox 603 2954 931 3030; x_wconf 80' lang='grc' dir='ltr'>εὐαγγελική</span> <span class='ocrx_word' id='word_1_309' title='bbox 1007 2951 1207 3026; x_wconf 83' lang='grc' dir='ltr'>Μαρία,</span> <span class='ocrx_word' id='word_1_310' title='bbox 1257 2954 1291 3022; x_wconf 79' lang='grc' dir='ltr'><strong>ἡ</strong></span> <span class='ocrx_word' id='word_1_311' title='bbox 1341 2952 1476 3028; x_wconf 91' lang='grc' dir='ltr'>πρὸς</span> <span class='ocrx_word' id='word_1_312' title='bbox 1525 2956 1644 3013; x_wconf 92' lang='grc' dir='ltr'>τοῖς</span> <span class='ocrx_word' id='word_1_313' title='bbox 1691 2949 1849 3005; x_wconf 85' lang='grc' dir='ltr'>ποσὶν</span> <span class='ocrx_word' id='word_1_314' title='bbox 1893 2948 1973 3004; x_wconf 83' lang='grc' dir='ltr'>ἀεὶ</span> 
     </span>
    </p>
   </div>
   <div class='ocr_carea' id='block_1_44' title="bbox 316 3039 1974 3116">
    <p class='ocr_par' dir='ltr' id='par_1_44' title="bbox 316 3039 1974 3116">
     <span class='ocr_line' id='line_1_44' title="bbox 316 3039 1974 3116; baseline -0.004 -16"><span class='ocrx_word' id='word_1_315' title='bbox 316 3049 417 3100; x_wconf 78' lang='grc' dir='ltr'>τοῦ</span> <span class='ocrx_word' id='word_1_316' title='bbox 467 3046 672 3115; x_wconf 79' lang='grc' dir='ltr'>Ἰησοῦ,</span> <span class='ocrx_word' id='word_1_317' title='bbox 733 3040 906 3098; x_wconf 75' lang='grc' dir='ltr'>δέεται</span> <span class='ocrx_word' id='word_1_318' title='bbox 951 3041 1040 3097; x_wconf 89' lang='grc' dir='ltr'>καὶ</span> <span class='ocrx_word' id='word_1_319' title='bbox 1089 3039 1337 3114; x_wconf 74' lang='grc' dir='ltr'>δευτέρας</span> <span class='ocrx_word' id='word_1_320' title='bbox 1390 3047 1492 3110; x_wconf 83' lang='grc' dir='ltr'>τῆς</span> <span class='ocrx_word' id='word_1_321' title='bbox 1550 3039 1800 3116; x_wconf 83' lang='grc' dir='ltr'>Μάρθας,</span> <span class='ocrx_word' id='word_1_322' title='bbox 1845 3059 1974 3115; x_wconf 84' lang='grc' dir='ltr'>τυρ-</span> 
     </span>
    </p>
   </div>
   <div class='ocr_carea' id='block_1_45' title="bbox 319 3127 1973 3208">
    <p class='ocr_par' dir='ltr' id='par_1_45' title="bbox 319 3127 1973 3208">
     <span class='ocr_line' id='line_1_45' title="bbox 319 3127 1973 3208; baseline -0.003 -20"><span class='ocrx_word' id='word_1_323' title='bbox 319 3129 610 3207; x_wconf 77' lang='grc' dir='ltr'>ϐαζοόσης,</span> <span class='ocrx_word' id='word_1_324' title='bbox 641 3131 731 3188; x_wconf 81' lang='grc' dir='ltr'>καὶ</span> <span class='ocrx_word' id='word_1_325' title='bbox 785 3131 893 3208; x_wconf 79' lang='grc' dir='ltr'>οὐχ</span> <span class='ocrx_word' id='word_1_326' title='bbox 939 3129 1150 3203; x_wconf 78' lang='grc' dir='ltr'>ἁπλῶς,</span> <span class='ocrx_word' id='word_1_327' title='bbox 1211 3127 1360 3184; x_wconf 80' lang='grc' dir='ltr'>ἀλλὰ</span> <span class='ocrx_word' id='word_1_328' title='bbox 1414 3129 1537 3205; x_wconf 85' lang='grc' dir='ltr'>περὶ</span> <span class='ocrx_word' id='word_1_329' title='bbox 1588 3127 1776 3184; x_wconf 81' lang='grc' dir='ltr'>πολλὰ</span> <span class='ocrx_word' id='word_1_330' title='bbox 1831 3129 1973 3183; x_wconf 77' lang='grc' dir='ltr'>οὕτω</span> 
     </span>
    </p>
   </div>
   <div class='ocr_carea' id='block_1_46' title="bbox 319 3215 1974 3297">
    <p class='ocr_par' dir='ltr' id='par_1_46' title="bbox 319 3215 1974 3297">
     <span class='ocr_line' id='line_1_46' title="bbox 319 3215 1974 3297; baseline -0.004 -19"><span class='ocrx_word' id='word_1_331' title='bbox 319 3220 674 3294; x_wconf 82' lang='grc' dir='ltr'>δυασθήσεται</span> <span class='ocrx_word' id='word_1_332' title='bbox 729 3220 819 3276; x_wconf 86' lang='grc' dir='ltr'>καὶ</span> <span class='ocrx_word' id='word_1_333' title='bbox 876 3223 912 3290; x_wconf 78' lang='grc' dir='ltr'><strong>ἡ</strong></span> <span class='ocrx_word' id='word_1_334' title='bbox 975 3220 1252 3296; x_wconf 81' lang='grc' dir='ltr'>μοναχική</span> <span class='ocrx_word' id='word_1_335' title='bbox 1314 3216 1659 3297; x_wconf 82' lang='grc' dir='ltr'>ἀδελφότης⁶</span> <span class='ocrx_word' id='word_1_336' title='bbox 1715 3215 1805 3281; x_wconf 87' lang='grc' dir='ltr'>δός</span> <span class='ocrx_word' id='word_1_337' title='bbox 1879 3239 1974 3292; x_wconf 91' lang='grc' dir='ltr'>μοι</span> 
     </span>
    </p>
   </div>
   <div class='ocr_carea' id='block_1_47' title="bbox 315 3284 2049 3388">
    <p class='ocr_par' dir='ltr' id='par_1_47' title="bbox 315 3284 2049 3388">
     <span class='ocr_line' id='line_1_47' title="bbox 315 3284 2049 3388; baseline -0.004 -19"><span class='ocrx_word' id='word_1_338' title='bbox 315 3315 415 3382; x_wconf 78' lang='grc' dir='ltr'>τὴν</span> <span class='ocrx_word' id='word_1_339' title='bbox 464 3284 680 3388; x_wconf 58' lang='grc' dir='ltr'>Μαρίαν</span> <span class='ocrx_word' id='word_1_340' title='bbox 731 3284 986 3378; x_wconf 53' lang='grc' dir='ltr'>ἐνταῦθα,</span> <span class='ocrx_word' id='word_1_341' title='bbox 1029 3284 1157 3378; x_wconf 32' lang='grc' dir='ltr'>τῆν’*</span> <span class='ocrx_word' id='word_1_342' title='bbox 1176 3284 1537 3381; x_wconf 59' lang='grc' dir='ltr'>ἐκλεξαμένην</span> <span class='ocrx_word' id='word_1_343' title='bbox 1577 3284 1804 3383; x_wconf 73' lang='grc' dir='ltr'>μερίδα,</span> <span class='ocrx_word' id='word_1_344' title='bbox 1850 3284 1971 3378; x_wconf 35' lang='grc' dir='ltr'>ἥντις</span> <span class='ocrx_word' id='word_1_345' title='bbox 2005 3284 2049 3352; x_wconf 77' lang='lat' dir='ltr'>C</span> 
     </span>
    </p>
   </div>
   <div class='ocr_carea' id='block_1_48' title="bbox 318 3397 1986 3478">
    <p class='ocr_par' dir='ltr' id='par_1_48' title="bbox 318 3397 1986 3478">
     <span class='ocr_line' id='line_1_48' title="bbox 318 3397 1986 3478; baseline -0.002 -21"><span class='ocrx_word' id='word_1_346' title='bbox 318 3402 496 3478; x_wconf 78' lang='grc' dir='ltr'>ἀγαθὴ</span> <span class='ocrx_word' id='word_1_347' title='bbox 567 3401 735 3468; x_wconf 76' lang='grc' dir='ltr'>οὖσα,</span> <span class='ocrx_word' id='word_1_348' title='bbox 795 3398 894 3454; x_wconf 83' lang='grc' dir='ltr'>οὐκ</span> <span class='ocrx_word' id='word_1_349' title='bbox 975 3398 1391 3474; x_wconf 75' lang='grc' dir='ltr'>ἀφαιρεθήσεται</span> <span class='ocrx_word' id='word_1_350' title='bbox 1468 3399 1561 3452; x_wconf 81' lang='grc' dir='ltr'>ἀπ’</span> <span class='ocrx_word' id='word_1_351' title='bbox 1615 3397 1781 3466; x_wconf 76' lang='grc' dir='ltr'>αὐτῆς</span> <span class='ocrx_word' id='word_1_352' title='bbox 1815 3416 1827 3429; x_wconf 85' lang='grc'><em>’</em></span> <span class='ocrx_word' id='word_1_353' title='bbox 1885 3415 1986 3468; x_wconf 65' lang='grc' dir='ltr'>καὶ</span> 
     </span>
    </p>
   </div>
   <div class='ocr_carea' id='block_1_49' title="bbox 320 3485 1988 3563">
    <p class='ocr_par' dir='ltr' id='par_1_49' title="bbox 320 3485 1988 3563">
     <span class='ocr_line' id='line_1_49' title="bbox 320 3485 1988 3563; baseline -0.002 -17"><span class='ocrx_word' id='word_1_354' title='bbox 320 3489 448 3546; x_wconf 70' lang='grc' dir='ltr'>ἰδὼν</span> <span class='ocrx_word' id='word_1_355' title='bbox 509 3488 703 3559; x_wconf 79' lang='grc' dir='ltr'>αὖτήν,</span> <span class='ocrx_word' id='word_1_356' title='bbox 761 3489 1150 3563; x_wconf 64' lang='grc' dir='ltr'>συγγνώσομαι</span> <span class='ocrx_word' id='word_1_357' title='bbox 1207 3490 1276 3561; x_wconf 78' lang='grc' dir='ltr'>τῇ</span> <span class='ocrx_word' id='word_1_358' title='bbox 1337 3485 1473 3542; x_wconf 88' lang='grc' dir='ltr'>κατά</span> <span class='ocrx_word' id='word_1_359' title='bbox 1530 3507 1589 3541; x_wconf 90' lang='grc' dir='ltr'>σε</span> <span class='ocrx_word' id='word_1_360' title='bbox 1635 3487 1835 3562; x_wconf 77' lang='grc' dir='ltr'>Μάρθᾳ</span> <span class='ocrx_word' id='word_1_361' title='bbox 1887 3492 1988 3554; x_wconf 81' lang='grc' dir='ltr'>τῆς</span> 
     </span>
    </p>
   </div>
   <div class='ocr_carea' id='block_1_50' title="bbox 316 3575 1987 3655">
    <p class='ocr_par' dir='ltr' id='par_1_50' title="bbox 316 3575 1987 3655">
     <span class='ocr_line' id='line_1_50' title="bbox 316 3575 1987 3655; baseline -0.002 -19"><span class='ocrx_word' id='word_1_362' title='bbox 316 3575 566 3655; x_wconf 75' lang='grc' dir='ltr'>τύρϐηςο</span> <span class='ocrx_word' id='word_1_363' title='bbox 623 3575 813 3639; x_wconf 78' lang='grc' dir='ltr'>ἄλλως</span> <span class='ocrx_word' id='word_1_364' title='bbox 867 3578 968 3653; x_wconf 64' lang='grc' dir='ltr'>γὰρ</span> <span class='ocrx_word' id='word_1_365' title='bbox 1024 3575 1123 3631; x_wconf 76' lang='grc' dir='ltr'>οὐκ</span> <span class='ocrx_word' id='word_1_366' title='bbox 1181 3578 1467 3651; x_wconf 82' lang='grc' dir='ltr'>ἄμεμπτον</span> <span class='ocrx_word' id='word_1_367' title='bbox 1529 3575 1756 3652; x_wconf 87' lang='grc' dir='ltr'>Μάρθαν</span> <span class='ocrx_word' id='word_1_368' title='bbox 1819 3576 1987 3650; x_wconf 80' lang='grc' dir='ltr'>μόνην</span> 
     </span>
    </p>
   </div>
   <div class='ocr_carea' id='block_1_51' title="bbox 324 3664 1987 3746">
    <p class='ocr_par' dir='ltr' id='par_1_51' title="bbox 324 3664 1987 3746">
     <span class='ocr_line' id='line_1_51' title="bbox 324 3664 1987 3746; baseline -0.003 -20"><span class='ocrx_word' id='word_1_369' title='bbox 324 3670 459 3726; x_wconf 77' lang='grc' dir='ltr'>εἶναι</span> <span class='ocrx_word' id='word_1_370' title='bbox 512 3670 576 3724; x_wconf 88' lang='grc' dir='ltr'>τὸ</span> <span class='ocrx_word' id='word_1_371' title='bbox 621 3668 1064 3746; x_wconf 73' lang='grc' dir='ltr'>φροντιστήριον.</span> <span class='ocrx_word' id='word_1_372' title='bbox 1108 3664 1266 3724; x_wconf 75' lang='grc' dir='ltr'>Οὕτω</span> <span class='ocrx_word' id='word_1_373' title='bbox 1315 3686 1434 3729; x_wconf 88' lang='grc' dir='ltr'>πως</span> <span class='ocrx_word' id='word_1_374' title='bbox 1485 3665 1578 3720; x_wconf 86' lang='grc' dir='ltr'>καὶ</span> <span class='ocrx_word' id='word_1_375' title='bbox 1631 3666 1658 3720; x_wconf 88' lang='grc' dir='ltr'>ὁ</span> <span class='ocrx_word' id='word_1_376' title='bbox 1707 3670 1803 3720; x_wconf 81' lang='grc' dir='ltr'>τοῦ</span> <span class='ocrx_word' id='word_1_377' title='bbox 1855 3673 1987 3722; x_wconf 87' lang='grc' dir='ltr'>Ζακ-</span> 
     </span>
    </p>
   </div>
   <div class='ocr_carea' id='block_1_52' title="bbox 322 3752 1990 3837">
    <p class='ocr_par' dir='ltr' id='par_1_52' title="bbox 322 3752 1990 3837">
     <span class='ocr_line' id='line_1_52' title="bbox 322 3752 1990 3837; baseline -0.003 -22"><span class='ocrx_word' id='word_1_378' title='bbox 322 3760 488 3837; x_wconf 84' lang='grc' dir='ltr'>χαίου</span> <span class='ocrx_word' id='word_1_379' title='bbox 546 3759 716 3826; x_wconf 78' lang='grc' dir='ltr'>οἶκος,</span> <span class='ocrx_word' id='word_1_380' title='bbox 765 3757 858 3811; x_wconf 84' lang='grc' dir='ltr'>καὶ</span> <span class='ocrx_word' id='word_1_381' title='bbox 914 3757 942 3812; x_wconf 91' lang='lat'>6</span> <span class='ocrx_word' id='word_1_382' title='bbox 998 3760 1096 3812; x_wconf 76' lang='grc' dir='ltr'>τοῦ</span> <span class='ocrx_word' id='word_1_383' title='bbox 1186 3752 1434 3830; x_wconf 83' lang='grc' dir='ltr'>μεγάλου</span> <span class='ocrx_word' id='word_1_384' title='bbox 1494 3755 1794 3813; x_wconf 81' lang='grc' dir='ltr'>Ματθαίου.</span> <span class='ocrx_word' id='word_1_385' title='bbox 1852 3762 1990 3837; x_wconf 56' lang='grc' dir='ltr'>Ζακτ</span> 
     </span>
    </p>
   </div>
   <div class='ocr_carea' id='block_1_53' title="bbox 323 3836 1992 3925">
    <p class='ocr_par' dir='ltr' id='par_1_53' title="bbox 323 3836 1992 3925">
     <span class='ocr_line' id='line_1_53' title="bbox 323 3836 1992 3925; baseline -0.001 -22"><span class='ocrx_word' id='word_1_386' title='bbox 323 3836 488 3925; x_wconf 77' lang='grc' dir='ltr'>χαῖος</span> <span class='ocrx_word' id='word_1_387' title='bbox 551 3846 715 3921; x_wconf 87' lang='grc' dir='ltr'>μόνος</span> <span class='ocrx_word' id='word_1_388' title='bbox 775 3845 843 3914; x_wconf 83' lang='grc' dir='ltr'>ἦν</span> <span class='ocrx_word' id='word_1_389' title='bbox 905 3865 1058 3916; x_wconf 87' lang='grc' dir='ltr'>ποτε,</span> <span class='ocrx_word' id='word_1_390' title='bbox 1090 3845 1182 3900; x_wconf 88' lang='grc' dir='ltr'>καὶ</span> <span class='ocrx_word' id='word_1_391' title='bbox 1239 3846 1521 3908; x_wconf 79' lang='grc' dir='ltr'>Ματθαῖος</span> <span class='ocrx_word' id='word_1_392' title='bbox 1581 3844 1769 3917; x_wconf 87' lang='grc' dir='ltr'>μόνος.</span> <span class='ocrx_word' id='word_1_393' title='bbox 1831 3836 1992 3901; x_wconf 85' lang='grc' dir='ltr'>Ἀλλ’</span> 
     </span>
    </p>
   </div>
   <div class='ocr_carea' id='block_1_54' title="bbox 323 3932 1993 4012">
    <p class='ocr_par' dir='ltr' id='par_1_54' title="bbox 323 3932 1993 4012">
     <span class='ocr_line' id='line_1_54' title="bbox 323 3932 1993 4012; baseline -0.002 -19"><span class='ocrx_word' id='word_1_394' title='bbox 323 3937 545 4012; x_wconf 79' lang='grc' dir='ltr'>ὕστερον</span> <span class='ocrx_word' id='word_1_395' title='bbox 615 3935 834 4012; x_wconf 69' lang='grc' dir='ltr'>ἀφέντες</span> <span class='ocrx_word' id='word_1_396' title='bbox 908 3934 972 3989; x_wconf 84' lang='grc' dir='ltr'>τὸ</span> <span class='ocrx_word' id='word_1_397' title='bbox 1043 3938 1293 3989; x_wconf 80' lang='grc' dir='ltr'>τοιοῦτον</span> <span class='ocrx_word' id='word_1_398' title='bbox 1382 3932 1634 4006; x_wconf 83' lang='grc' dir='ltr'>μονάζον,</span> <span class='ocrx_word' id='word_1_399' title='bbox 1683 3932 1993 4004; x_wconf 80' lang='grc' dir='ltr'>ἐπλήθυνοιν</span> 
     </span>
    </p>
   </div>
   <div class='ocr_carea' id='block_1_55' title="bbox 323 4022 1994 4102">
    <p class='ocr_par' dir='ltr' id='par_1_55' title="bbox 323 4022 1994 4102">
     <span class='ocr_line' id='line_1_55' title="bbox 323 4022 1994 4102; baseline -0.002 -20"><span class='ocrx_word' id='word_1_400' title='bbox 323 4025 546 4090; x_wconf 71' lang='grc' dir='ltr'>ἑαυτοὺς</span> <span class='ocrx_word' id='word_1_401' title='bbox 629 4025 848 4102; x_wconf 78' lang='grc' dir='ltr'>ἀρεταῖς</span> <span class='ocrx_word' id='word_1_402' title='bbox 883 4044 895 4057; x_wconf 76' lang='grc' dir='ltr'><strong>ο</strong></span> <span class='ocrx_word' id='word_1_403' title='bbox 955 4023 1048 4078; x_wconf 87' lang='grc' dir='ltr'>καὶ</span> <span class='ocrx_word' id='word_1_404' title='bbox 1117 4026 1238 4098; x_wconf 66' lang='grc' dir='ltr'>τοῐὶι</span> <span class='ocrx_word' id='word_1_405' title='bbox 1299 4023 1512 4095; x_wconf 80' lang='grc' dir='ltr'>κόσμου</span> <span class='ocrx_word' id='word_1_406' title='bbox 1582 4022 1994 4102; x_wconf 58' lang='grc' dir='ltr'>άπαναστάντεςζ</span> 
     </span>
    </p>
   </div>
   <div class='ocr_carea' id='block_1_56' title="bbox 327 4085 1998 4188">
    <p class='ocr_par' dir='ltr' id='par_1_56' title="bbox 327 4085 1998 4188">
     <span class='ocr_line' id='line_1_56' title="bbox 327 4085 1998 4188; baseline -0.003 -17"><span class='ocrx_word' id='word_1_407' title='bbox 327 4085 636 4186; x_wconf 24' lang='grc' dir='ltr'>ὶκόλληϋσαν</span> <span class='ocrx_word' id='word_1_408' title='bbox 667 4085 787 4176; x_wconf 51' lang='grc' dir='ltr'>’τὰς</span> <span class='ocrx_word' id='word_1_409' title='bbox 836 4085 1018 4188; x_wconf 61' lang='grc' dir='ltr'>ψυχὰς</span> <span class='ocrx_word' id='word_1_410' title='bbox 1076 4085 1253 4167; x_wconf 54' lang='lat' dir='ltr'>muttit-xl</span> <span class='ocrx_word' id='word_1_411' title='bbox 1316 4085 1492 4166; x_wconf 81' lang='grc' dir='ltr'>ὀπίσω</span> <span class='ocrx_word' id='word_1_412' title='bbox 1532 4115 1628 4166; x_wconf 79' lang='grc' dir='ltr'>τοῦ</span> <span class='ocrx_word' id='word_1_413' title='bbox 1688 4115 1859 4166; x_wconf 78' lang='grc' dir='ltr'>Θεοῦ’</span> <span class='ocrx_word' id='word_1_414' title='bbox 1905 4085 1998 4166; x_wconf 76' lang='grc' dir='ltr'>κοιὶ</span> 
     </span>
    </p>
   </div>
   <div class='ocr_carea' id='block_1_57' title="bbox 329 4198 1998 4280">
    <p class='ocr_par' dir='ltr' id='par_1_57' title="bbox 329 4198 1998 4280">
     <span class='ocr_line' id='line_1_57' title="bbox 329 4198 1998 4280; baseline -0.003 -19"><span class='ocrx_word' id='word_1_415' title='bbox 329 4203 512 4261; x_wconf 71' lang='grc' dir='ltr'>ἔκτοτε</span> <span class='ocrx_word' id='word_1_416' title='bbox 567 4203 956 4280; x_wconf 87' lang='grc' dir='ltr'>πορευόμενοι,</span> <span class='ocrx_word' id='word_1_417' title='bbox 989 4199 1316 4276; x_wconf 74' lang='grc' dir='ltr'>ἐπορεύοντο</span> <span class='ocrx_word' id='word_1_418' title='bbox 1371 4198 1670 4276; x_wconf 87' lang='grc' dir='ltr'>βάλλοντες</span> <span class='ocrx_word' id='word_1_419' title='bbox 1721 4200 1788 4254; x_wconf 82' lang='grc' dir='ltr'>τὰ</span> <span class='ocrx_word' id='word_1_420' title='bbox 1833 4202 1998 4276; x_wconf 70' lang='grc' dir='ltr'>σπέρ-</span> 
     </span>
    </p>
   </div>
   <div class='ocr_carea' id='block_1_58' title="bbox 336 4289 1996 4369">
    <p class='ocr_par' dir='ltr' id='par_1_58' title="bbox 336 4289 1996 4369">
     <span class='ocr_line' id='line_1_58' title="bbox 336 4289 1996 4369; baseline -0.002 -20"><span class='ocrx_word' id='word_1_421' title='bbox 336 4315 476 4369; x_wconf 88' lang='grc' dir='ltr'>ματα</span> <span class='ocrx_word' id='word_1_422' title='bbox 545 4293 719 4348; x_wconf 83' lang='grc' dir='ltr'>αὐτῶν</span> <span class='ocrx_word' id='word_1_423' title='bbox 793 4290 876 4347; x_wconf 74' lang='grc' dir='ltr'>ἐπ’</span> <span class='ocrx_word' id='word_1_424' title='bbox 935 4292 1122 4366; x_wconf 83' lang='grc' dir='ltr'>ἀγαθῷ</span> <span class='ocrx_word' id='word_1_425' title='bbox 1196 4289 1366 4356; x_wconf 70' lang='grc' dir='ltr'>τέλει,</span> <span class='ocrx_word' id='word_1_426' title='bbox 1419 4289 1464 4362; x_wconf 85' lang='grc' dir='ltr'>ᾦ</span> <span class='ocrx_word' id='word_1_427' title='bbox 1521 4290 1612 4344; x_wconf 85' lang='grc' dir='ltr'>καὶ</span> <span class='ocrx_word' id='word_1_428' title='bbox 1663 4291 1996 4366; x_wconf 70' lang='grc' dir='ltr'>προσέσχον,</span> 
     </span>
    </p>
   </div>
   <div class='ocr_carea' id='block_1_59' title="bbox 333 4376 2000 4460">
    <p class='ocr_par' dir='ltr' id='par_1_59' title="bbox 333 4376 2000 4460">
     <span class='ocr_line' id='line_1_59' title="bbox 333 4376 2000 4460; baseline -0.001 -23"><span class='ocrx_word' id='word_1_429' title='bbox 333 4387 572 4460; x_wconf 79' lang='grc' dir='ltr'>χρυσοῦν</span> <span class='ocrx_word' id='word_1_430' title='bbox 644 4381 804 4458; x_wconf 69' lang='grc' dir='ltr'>θᾶρος</span> <span class='ocrx_word' id='word_1_431' title='bbox 872 4377 1230 4456; x_wconf 81' lang='grc' dir='ltr'>δρεψάμενοι.</span> <span class='ocrx_word' id='word_1_432' title='bbox 1285 4379 1362 4436; x_wconf 72' lang='grc' dir='ltr'><strong>Οὔ</strong></span> <span class='ocrx_word' id='word_1_433' title='bbox 1434 4376 1497 4432; x_wconf 77' lang='grc' dir='ltr'>σὺ</span> <span class='ocrx_word' id='word_1_434' title='bbox 1570 4383 1691 4441; x_wconf 82' lang='grc' dir='ltr'>πῶς</span> <span class='ocrx_word' id='word_1_435' title='bbox 1766 4376 1824 4434; x_wconf 76' lang='grc' dir='ltr'>ἂν</span> <span class='ocrx_word' id='word_1_436' title='bbox 1883 4380 2000 4435; x_wconf 81' lang='grc' dir='ltr'>ἑπι-</span> 
     </span>
    </p>
   </div>
   <div class='ocr_carea' id='block_1_60' title="bbox 329 4467 2003 4549">
    <p class='ocr_par' dir='ltr' id='par_1_60' title="bbox 329 4467 2003 4549">
     <span class='ocr_line' id='line_1_60' title="bbox 329 4467 2003 4549; baseline -0.002 -21"><span class='ocrx_word' id='word_1_437' title='bbox 329 4471 523 4549; x_wconf 81' lang='grc' dir='ltr'>δράξῃ,</span> <span class='ocrx_word' id='word_1_438' title='bbox 576 4473 604 4526; x_wconf 90' lang='lat'>6</span> <span class='ocrx_word' id='word_1_439' title='bbox 653 4469 792 4527; x_wconf 80' lang='grc' dir='ltr'>κατὰ</span> <span class='ocrx_word' id='word_1_440' title='bbox 843 4467 1052 4543; x_wconf 85' lang='grc' dir='ltr'>κόσμον</span> <span class='ocrx_word' id='word_1_441' title='bbox 1127 4469 1220 4542; x_wconf 75' lang='grc' dir='ltr'>μὶν</span> <span class='ocrx_word' id='word_1_442' title='bbox 1271 4467 1562 4544; x_wconf 85' lang='grc' dir='ltr'>γλίσχρως</span> <span class='ocrx_word' id='word_1_443' title='bbox 1617 4469 2003 4549; x_wconf 78' lang='grc' dir='ltr'>πονησάμενος</span> 
     </span>
    </p>
   </div>
   <div class='ocr_carea' id='block_1_61' title="bbox 326 4543 2000 4636">
    <p class='ocr_par' dir='ltr' id='par_1_61' title="bbox 326 4543 2000 4636">
     <span class='ocr_line' id='line_1_61' title="bbox 326 4543 2000 4636; baseline -0.001 -20"><span class='ocrx_word' id='word_1_444' title='bbox 326 4566 398 4636; x_wconf 83' lang='grc' dir='ltr'>τῇ</span> <span class='ocrx_word' id='word_1_445' title='bbox 460 4560 682 4636; x_wconf 85' lang='grc' dir='ltr'>γαστρὶ,</span> <span class='ocrx_word' id='word_1_446' title='bbox 729 4559 821 4614; x_wconf 85' lang='grc' dir='ltr'>καὶ</span> <span class='ocrx_word' id='word_1_447' title='bbox 881 4556 971 4614; x_wconf 83' lang='grc' dir='ltr'>διὰ</span> <span class='ocrx_word' id='word_1_448' title='bbox 1023 4563 1185 4614; x_wconf 79' lang='grc' dir='ltr'>τοῦτο</span> <span class='ocrx_word' id='word_1_449' title='bbox 1261 4555 1563 4632; x_wconf 78' lang='grc' dir='ltr'>καταγνοὺς</span> <span class='ocrx_word' id='word_1_450' title='bbox 1623 4557 1852 4630; x_wconf 75' lang='grc' dir='ltr'>ἐκείνου,</span> <span class='ocrx_word' id='word_1_451' title='bbox 1912 4543 2000 4614; x_wconf 68' lang='grc' dir='ltr'>καὶ</span> 
     </span>
    </p>
   </div>
   <div class='ocr_carea' id='block_1_62' title="bbox 2095 1976 3740 2050">
    <p class='ocr_par' dir='ltr' id='par_1_62' title="bbox 2095 1976 3740 2050">
     <span class='ocr_line' id='line_1_62' title="bbox 2095 1976 3740 2050; baseline 0.002 -20"><span class='ocrx_word' id='word_1_452' title='bbox 2095 1976 2430 2050; x_wconf 89' lang='lat' dir='ltr'>philosophi</span> <span class='ocrx_word' id='word_1_453' title='bbox 2462 1979 2736 2034; x_wconf 84' lang='lat' dir='ltr'>dixerunt</span> <span class='ocrx_word' id='word_1_454' title='bbox 2764 1977 3078 2050; x_wconf 89' lang='lat' dir='ltr'>duplicem,</span> <span class='ocrx_word' id='word_1_455' title='bbox 3113 1978 3284 2050; x_wconf 86' lang='lat' dir='ltr'>quasi</span> <span class='ocrx_word' id='word_1_456' title='bbox 3317 1978 3593 2050; x_wconf 65' lang='lat' dir='ltr'>primaeva</span> <span class='ocrx_word' id='word_1_457' title='bbox 3613 1995 3740 2034; x_wconf 89' lang='lat' dir='ltr'>cor-</span> 
     </span>
    </p>
   </div>
   <div class='ocr_carea' id='block_1_63' title="bbox 2083 2066 3738 2141">
    <p class='ocr_par' dir='ltr' id='par_1_63' title="bbox 2083 2066 3738 2141">
     <span class='ocr_line' id='line_1_63' title="bbox 2083 2066 3738 2141; baseline -0.001 -18"><span class='ocrx_word' id='word_1_458' title='bbox 2083 2067 2243 2141; x_wconf 88' lang='lat' dir='ltr'>poris</span> <span class='ocrx_word' id='word_1_459' title='bbox 2275 2069 2460 2123; x_wconf 86' lang='lat' dir='ltr'>nostri</span> <span class='ocrx_word' id='word_1_460' title='bbox 2493 2068 2688 2123; x_wconf 89' lang='lat' dir='ltr'>unitas</span> <span class='ocrx_word' id='word_1_461' title='bbox 2717 2069 2777 2123; x_wconf 89' lang='lat' dir='ltr'>in</span> <span class='ocrx_word' id='word_1_462' title='bbox 2829 2067 2977 2123; x_wconf 86' lang='lat' dir='ltr'>duas</span> <span class='ocrx_word' id='word_1_463' title='bbox 3026 2073 3224 2139; x_wconf 89' lang='lat' dir='ltr'>partes</span> <span class='ocrx_word' id='word_1_464' title='bbox 3253 2066 3643 2134; x_wconf 84' lang='lat' dir='ltr'>scinderetur,</span> <span class='ocrx_word' id='word_1_465' title='bbox 3677 2068 3738 2122; x_wconf 90' lang='lat' dir='ltr'>in</span> 
     </span>
    </p>
   </div>
   <div class='ocr_carea' id='block_1_64' title="bbox 2085 2156 3742 2230">
    <p class='ocr_par' dir='ltr' id='par_1_64' title="bbox 2085 2156 3742 2230">
     <span class='ocr_line' id='line_1_64' title="bbox 2085 2156 3742 2230; baseline -0.001 -18"><span class='ocrx_word' id='word_1_466' title='bbox 2085 2157 2225 2230; x_wconf 88' lang='lat' dir='ltr'>pati,</span> <span class='ocrx_word' id='word_1_467' title='bbox 2259 2161 2316 2212; x_wconf 88' lang='lat' dir='ltr'>et</span> <span class='ocrx_word' id='word_1_468' title='bbox 2343 2156 2403 2212; x_wconf 82' lang='lat' dir='ltr'>in</span> <span class='ocrx_word' id='word_1_469' title='bbox 2435 2173 2624 2229; x_wconf 87' lang='lat' dir='ltr'>agere.</span> <span class='ocrx_word' id='word_1_470' title='bbox 2657 2157 2856 2227; x_wconf 88' lang='lat' dir='ltr'>Neque</span> <span class='ocrx_word' id='word_1_471' title='bbox 2885 2172 3018 2226; x_wconf 79' lang='lat' dir='ltr'>ergo</span> <span class='ocrx_word' id='word_1_472' title='bbox 3050 2173 3246 2211; x_wconf 89' lang='lat' dir='ltr'>rerum</span> <span class='ocrx_word' id='word_1_473' title='bbox 3279 2161 3653 2212; x_wconf 84' lang='lat' dir='ltr'>externarum</span> <span class='ocrx_word' id='word_1_474' title='bbox 3684 2160 3742 2211; x_wconf 89' lang='lat' dir='ltr'>et</span> 
     </span>
    </p>
   </div>
   <div class='ocr_carea' id='block_1_65' title="bbox 2083 2245 3738 2317">
    <p class='ocr_par' dir='ltr' id='par_1_65' title="bbox 2083 2245 3738 2317">
     <span class='ocr_line' id='line_1_65' title="bbox 2083 2245 3738 2317; baseline -0.001 -16"><span class='ocrx_word' id='word_1_475' title='bbox 2083 2247 2449 2302; x_wconf 88' lang='lat' dir='ltr'>internarum</span> <span class='ocrx_word' id='word_1_476' title='bbox 2477 2246 2770 2317; x_wconf 87' lang='lat' dir='ltr'>particeps</span> <span class='ocrx_word' id='word_1_477' title='bbox 2798 2262 2926 2301; x_wconf 89' lang='lat' dir='ltr'>esse</span> <span class='ocrx_word' id='word_1_478' title='bbox 2956 2245 3130 2301; x_wconf 85' lang='lat' dir='ltr'>debet</span> <span class='ocrx_word' id='word_1_479' title='bbox 3178 2245 3529 2316; x_wconf 85' lang='lat' dir='ltr'>monachus,</span> <span class='ocrx_word' id='word_1_480' title='bbox 3561 2245 3642 2300; x_wconf 90' lang='lat' dir='ltr'>ita</span> <span class='ocrx_word' id='word_1_481' title='bbox 3671 2250 3738 2300; x_wconf 91' lang='lat' dir='ltr'>ut</span> 
     </span>
    </p>
   </div>
   <div class='ocr_carea' id='block_1_66' title="bbox 2083 2333 3738 2408">
    <p class='ocr_par' dir='ltr' id='par_1_66' title="bbox 2083 2333 3738 2408">
     <span class='ocr_line' id='line_1_66' title="bbox 2083 2333 3738 2408; baseline -0.002 -17"><span class='ocrx_word' id='word_1_482' title='bbox 2083 2353 2188 2408; x_wconf 89' lang='lat' dir='ltr'>pro</span> <span class='ocrx_word' id='word_1_483' title='bbox 2218 2336 2336 2391; x_wconf 85' lang='lat' dir='ltr'>vita</span> <span class='ocrx_word' id='word_1_484' title='bbox 2366 2335 2540 2390; x_wconf 89' lang='lat' dir='ltr'>unica</span> <span class='ocrx_word' id='word_1_485' title='bbox 2569 2335 2903 2406; x_wconf 90' lang='lat' dir='ltr'>duplicetur</span> <span class='ocrx_word' id='word_1_486' title='bbox 2946 2335 3128 2407; x_wconf 87' lang='lat' dir='ltr'>(quod</span> <span class='ocrx_word' id='word_1_487' title='bbox 3182 2351 3298 2390; x_wconf 83' lang='lat' dir='ltr'>non</span> <span class='ocrx_word' id='word_1_488' title='bbox 3345 2333 3738 2406; x_wconf 80' lang='lat' dir='ltr'>promiserat),</span> 
     </span>
    </p>
   </div>
   <div class='ocr_carea' id='block_1_67' title="bbox 2083 2422 3739 2481">
    <p class='ocr_par' dir='ltr' id='par_1_67' title="bbox 2083 2422 3739 2481">
     <span class='ocr_line' id='line_1_67' title="bbox 2083 2422 3739 2481; baseline -0.002 0"><span class='ocrx_word' id='word_1_489' title='bbox 2083 2431 2140 2481; x_wconf 89' lang='lat' dir='ltr'>et</span> <span class='ocrx_word' id='word_1_490' title='bbox 2169 2426 2380 2481; x_wconf 89' lang='lat' dir='ltr'>deinde</span> <span class='ocrx_word' id='word_1_491' title='bbox 2411 2424 2470 2480; x_wconf 91' lang='lat' dir='ltr'>in</span> <span class='ocrx_word' id='word_1_492' title='bbox 2504 2424 2948 2480; x_wconf 87' lang='lat' dir='ltr'>multitudinem</span> <span class='ocrx_word' id='word_1_493' title='bbox 2984 2429 3096 2480; x_wconf 91' lang='lat' dir='ltr'>Deo</span> <span class='ocrx_word' id='word_1_494' title='bbox 3127 2425 3392 2480; x_wconf 88' lang='lat' dir='ltr'>odiosam</span> <span class='ocrx_word' id='word_1_495' title='bbox 3421 2422 3739 2479; x_wconf 88' lang='lat' dir='ltr'>irrationa-</span> 
     </span>
    </p>
   </div>
   <div class='ocr_carea' id='block_1_68' title="bbox 2083 2513 2699 2572">
    <p class='ocr_par' dir='ltr' id='par_1_68' title="bbox 2083 2513 2699 2572">
     <span class='ocr_line' id='line_1_68' title="bbox 2083 2513 2699 2572; baseline -0.003 -1"><span class='ocrx_word' id='word_1_496' title='bbox 2083 2513 2282 2572; x_wconf 89' lang='lat' dir='ltr'>biliter</span> <span class='ocrx_word' id='word_1_497' title='bbox 2311 2514 2699 2570; x_wconf 71' lang='lat' dir='ltr'>diffundatur.</span> 
     </span>
    </p>
   </div>
   <div class='ocr_carea' id='block_1_69' title="bbox 2157 2777 3738 2851">
    <p class='ocr_par' dir='ltr' id='par_1_69' title="bbox 2157 2777 3738 2851">
     <span class='ocr_line' id='line_1_69' title="bbox 2157 2777 3738 2851; baseline -0.001 -15"><span class='ocrx_word' id='word_1_498' title='bbox 2157 2781 2280 2837; x_wconf 89' lang='grc'>150.</span> <span class='ocrx_word' id='word_1_499' title='bbox 2311 2781 2369 2835; x_wconf 92' lang='lat' dir='ltr'>Si</span> <span class='ocrx_word' id='word_1_500' title='bbox 2394 2783 2588 2836; x_wconf 89' lang='lat' dir='ltr'>autem</span> <span class='ocrx_word' id='word_1_501' title='bbox 2613 2778 3098 2851; x_wconf 87' lang='lat' dir='ltr'>utjustiﬁceris,o</span> <span class='ocrx_word' id='word_1_502' title='bbox 3119 2777 3584 2847; x_wconf 88' lang='lat' dir='ltr'>monache,banc</span> <span class='ocrx_word' id='word_1_503' title='bbox 3606 2777 3738 2835; x_wconf 89' lang='lat' dir='ltr'>bea-</span> 
     </span>
    </p>
   </div>
   <div class='ocr_carea' id='block_1_70' title="bbox 2082 2867 3731 2941">
    <p class='ocr_par' dir='ltr' id='par_1_70' title="bbox 2082 2867 3731 2941">
     <span class='ocr_line' id='line_1_70' title="bbox 2082 2867 3731 2941; baseline -0.003 -14"><span class='ocrx_word' id='word_1_504' title='bbox 2082 2871 2396 2928; x_wconf 92' lang='lat' dir='ltr'>titudinem</span> <span class='ocrx_word' id='word_1_505' title='bbox 2430 2869 2604 2926; x_wconf 88' lang='lat' dir='ltr'>nobis</span> <span class='ocrx_word' id='word_1_506' title='bbox 2626 2869 3011 2941; x_wconf 87' lang='lat' dir='ltr'>profers,nem</span> <span class='ocrx_word' id='word_1_507' title='bbox 3020 2885 3089 2940; x_wconf 92' lang='lat' dir='ltr'>pe</span> <span class='ocrx_word' id='word_1_508' title='bbox 3110 2869 3351 2924; x_wconf 85' lang='lat' dir='ltr'>Mariam</span> <span class='ocrx_word' id='word_1_509' title='bbox 3373 2867 3535 2924; x_wconf 88' lang='lat' dir='ltr'>illam</span> <span class='ocrx_word' id='word_1_510' title='bbox 3558 2884 3731 2923; x_wconf 90' lang='lat' dir='ltr'>evan-</span> 
     </span>
    </p>
   </div>
   <div class='ocr_carea' id='block_1_71' title="bbox 2083 2957 3731 3031">
    <p class='ocr_par' dir='ltr' id='par_1_71' title="bbox 2083 2957 3731 3031">
     <span class='ocr_line' id='line_1_71' title="bbox 2083 2957 3731 3031; baseline -0.001 -17"><span class='ocrx_word' id='word_1_511' title='bbox 2083 2960 2487 3031; x_wconf 79' lang='lat' dir='ltr'>gelicam,quaa</span> <span class='ocrx_word' id='word_1_512' title='bbox 2511 2973 2744 3029; x_wconf 88' lang='lat' dir='ltr'>semper</span> <span class='ocrx_word' id='word_1_513' title='bbox 2765 2957 2836 3012; x_wconf 85' lang='lat' dir='ltr'>ad</span> <span class='ocrx_word' id='word_1_514' title='bbox 2862 2958 3037 3028; x_wconf 89' lang='lat' dir='ltr'>pedes</span> <span class='ocrx_word' id='word_1_515' title='bbox 3057 2957 3087 3012; x_wconf 89' lang='lat' dir='ltr'><strong>J</strong></span> <span class='ocrx_word' id='word_1_516' title='bbox 3095 2973 3198 3012; x_wconf 91' lang='lat' dir='ltr'>esu</span> <span class='ocrx_word' id='word_1_517' title='bbox 3221 2957 3482 3027; x_wconf 87' lang='lat' dir='ltr'>sedebat,</span> <span class='ocrx_word' id='word_1_518' title='bbox 3497 2957 3731 3029; x_wconf 82' lang='lat' dir='ltr'>eguisse</span> 
     </span>
    </p>
   </div>
   <div class='ocr_carea' id='block_1_72' title="bbox 2084 3045 3729 3113">
    <p class='ocr_par' dir='ltr' id='par_1_72' title="bbox 2084 3045 3729 3113">
     <span class='ocr_line' id='line_1_72' title="bbox 2084 3045 3729 3113; baseline -0.002 -10"><span class='ocrx_word' id='word_1_519' title='bbox 2084 3048 2314 3104; x_wconf 88' lang='lat' dir='ltr'>Martha</span> <span class='ocrx_word' id='word_1_520' title='bbox 2344 3047 2602 3103; x_wconf 87' lang='lat' dir='ltr'>secunda</span> <span class='ocrx_word' id='word_1_521' title='bbox 2633 3062 2694 3101; x_wconf 90' lang='lat' dir='ltr'>se</span> <span class='ocrx_word' id='word_1_522' title='bbox 2724 3047 3015 3110; x_wconf 82' lang='lat' dir='ltr'>turbante,</span> <span class='ocrx_word' id='word_1_523' title='bbox 3050 3062 3167 3100; x_wconf 89' lang='lat' dir='ltr'>non</span> <span class='ocrx_word' id='word_1_524' title='bbox 3200 3045 3357 3101; x_wconf 89' lang='lat' dir='ltr'>circa</span> <span class='ocrx_word' id='word_1_525' title='bbox 3387 3062 3593 3113; x_wconf 90' lang='lat' dir='ltr'>unum,</span> <span class='ocrx_word' id='word_1_526' title='bbox 3625 3045 3729 3101; x_wconf 90' lang='lat' dir='ltr'>sed</span> 
     </span>
    </p>
   </div>
   <div class='ocr_carea' id='block_1_73' title="bbox 2084 3134 3730 3208">
    <p class='ocr_par' dir='ltr' id='par_1_73' title="bbox 2084 3134 3730 3208">
     <span class='ocr_line' id='line_1_73' title="bbox 2084 3134 3730 3208; baseline -0.002 -16"><span class='ocrx_word' id='word_1_527' title='bbox 2084 3161 2112 3188; x_wconf 85' lang='lat'><strong><em>«</em></strong></span> <span class='ocrx_word' id='word_1_528' title='bbox 2147 3137 2300 3193; x_wconf 89' lang='lat' dir='ltr'>circa</span> <span class='ocrx_word' id='word_1_529' title='bbox 2331 3136 2588 3208; x_wconf 89' lang='lat' dir='ltr'>plurima</span> <span class='ocrx_word' id='word_1_530' title='bbox 2618 3159 2637 3185; x_wconf 74' lang='grc' dir='ltr'>ι</span> <span class='ocrx_word' id='word_1_531' title='bbox 2665 3135 2730 3204; x_wconf 65' lang='grc'>³³,</span> <span class='ocrx_word' id='word_1_532' title='bbox 2753 3139 2811 3190; x_wconf 90' lang='lat' dir='ltr'>et</span> <span class='ocrx_word' id='word_1_533' title='bbox 2841 3135 3043 3190; x_wconf 90' lang='lat' dir='ltr'>eodem</span> <span class='ocrx_word' id='word_1_534' title='bbox 3067 3135 3240 3190; x_wconf 91' lang='lat' dir='ltr'>modo</span> <span class='ocrx_word' id='word_1_535' title='bbox 3262 3135 3320 3190; x_wconf 92' lang='lat' dir='ltr'>in</span> <span class='ocrx_word' id='word_1_536' title='bbox 3353 3134 3501 3189; x_wconf 86' lang='lat' dir='ltr'>duas</span> <span class='ocrx_word' id='word_1_537' title='bbox 3533 3138 3730 3206; x_wconf 89' lang='lat' dir='ltr'>partes</span> 
     </span>
    </p>
   </div>
   <div class='ocr_carea' id='block_1_74' title="bbox 2086 3222 3733 3290">
    <p class='ocr_par' dir='ltr' id='par_1_74' title="bbox 2086 3222 3733 3290">
     <span class='ocr_line' id='line_1_74' title="bbox 2086 3222 3733 3290; baseline -0.002 -8"><span class='ocrx_word' id='word_1_538' title='bbox 2086 3226 2459 3283; x_wconf 87' lang='lat' dir='ltr'>dividendam</span> <span class='ocrx_word' id='word_1_539' title='bbox 2489 3241 2620 3280; x_wconf 89' lang='lat' dir='ltr'>esse</span> <span class='ocrx_word' id='word_1_540' title='bbox 2676 3223 3100 3280; x_wconf 89' lang='lat' dir='ltr'>monachorum</span> <span class='ocrx_word' id='word_1_541' title='bbox 3160 3222 3622 3290; x_wconf 86' lang='lat' dir='ltr'>fraternitatem;</span> <span class='ocrx_word' id='word_1_542' title='bbox 3656 3223 3733 3278; x_wconf 86' lang='lat' dir='ltr'>da</span> 
     </span>
    </p>
   </div>
   <div class='ocr_carea' id='block_1_75' title="bbox 2091 3311 3740 3386">
    <p class='ocr_par' dir='ltr' id='par_1_75' title="bbox 2091 3311 3740 3386">
     <span class='ocr_line' id='line_1_75' title="bbox 2091 3311 3740 3386; baseline -0.003 -13"><span class='ocrx_word' id='word_1_543' title='bbox 2091 3315 2234 3373; x_wconf 89' lang='lat' dir='ltr'>mihi</span> <span class='ocrx_word' id='word_1_544' title='bbox 2267 3313 2557 3386; x_wconf 86' lang='lat' dir='ltr'>extemplo</span> <span class='ocrx_word' id='word_1_545' title='bbox 2588 3313 2740 3369; x_wconf 90' lang='lat' dir='ltr'>hanc</span> <span class='ocrx_word' id='word_1_546' title='bbox 2766 3313 3030 3384; x_wconf 87' lang='lat' dir='ltr'>Mariam,</span> <span class='ocrx_word' id='word_1_547' title='bbox 3063 3329 3191 3383; x_wconf 72' lang='lat' dir='ltr'>qua:</span> <span class='ocrx_word' id='word_1_548' title='bbox 3219 3318 3444 3384; x_wconf 86' lang='lat' dir='ltr'>partem</span> <span class='ocrx_word' id='word_1_549' title='bbox 3483 3311 3740 3384; x_wconf 82' lang='lat' dir='ltr'>elegerat</span> 
     </span>
    </p>
   </div>
   <div class='ocr_carea' id='block_1_76' title="bbox 2094 3401 3742 3472">
    <p class='ocr_par' dir='ltr' id='par_1_76' title="bbox 2094 3401 3742 3472">
     <span class='ocr_line' id='line_1_76' title="bbox 2094 3401 3742 3472; baseline -0.003 -11"><span class='ocrx_word' id='word_1_550' title='bbox 2094 3407 2453 3471; x_wconf 87' lang='lat' dir='ltr'>bonam,non</span> <span class='ocrx_word' id='word_1_551' title='bbox 2496 3403 2873 3458; x_wconf 83' lang='lat' dir='ltr'>auferendam</span> <span class='ocrx_word' id='word_1_552' title='bbox 2906 3402 2979 3457; x_wconf 90' lang='lat' dir='ltr'>ab</span> <span class='ocrx_word' id='word_1_553' title='bbox 3009 3419 3112 3469; x_wconf 89' lang='lat' dir='ltr'>ea;</span> <span class='ocrx_word' id='word_1_554' title='bbox 3146 3417 3320 3470; x_wconf 90' lang='lat' dir='ltr'>quam</span> <span class='ocrx_word' id='word_1_555' title='bbox 3353 3417 3490 3457; x_wconf 92' lang='lat' dir='ltr'>cum</span> <span class='ocrx_word' id='word_1_556' title='bbox 3519 3401 3742 3472; x_wconf 90' lang='lat' dir='ltr'>videro,</span> 
     </span>
    </p>
   </div>
   <div class='ocr_carea' id='block_1_77' title="bbox 2097 3489 3746 3559">
    <p class='ocr_par' dir='ltr' id='par_1_77' title="bbox 2097 3489 3746 3559">
     <span class='ocr_line' id='line_1_77' title="bbox 2097 3489 3746 3559; baseline -0.003 -8"><span class='ocrx_word' id='word_1_557' title='bbox 2097 3493 2339 3552; x_wconf 68' lang='lat' dir='ltr'>Marthae</span> <span class='ocrx_word' id='word_1_558' title='bbox 2370 3497 2483 3548; x_wconf 76' lang='lat' dir='ltr'>tuae</span> <span class='ocrx_word' id='word_1_559' title='bbox 2531 3492 2925 3548; x_wconf 89' lang='lat' dir='ltr'>turbationem</span> <span class='ocrx_word' id='word_1_560' title='bbox 2975 3491 3353 3559; x_wconf 87' lang='lat' dir='ltr'>condonabo;</span> <span class='ocrx_word' id='word_1_561' title='bbox 3389 3489 3560 3546; x_wconf 90' lang='lat' dir='ltr'>aliter</span> <span class='ocrx_word' id='word_1_562' title='bbox 3587 3489 3746 3546; x_wconf 88' lang='lat' dir='ltr'>enim</span> 
     </span>
    </p>
   </div>
   <div class='ocr_carea' id='block_1_78' title="bbox 2098 3579 3748 3650">
    <p class='ocr_par' dir='ltr' id='par_1_78' title="bbox 2098 3579 3748 3650">
     <span class='ocr_line' id='line_1_78' title="bbox 2098 3579 3748 3650; baseline -0.005 -9"><span class='ocrx_word' id='word_1_563' title='bbox 2098 3583 2326 3642; x_wconf 89' lang='lat' dir='ltr'>Martha</span> <span class='ocrx_word' id='word_1_564' title='bbox 2357 3581 2481 3639; x_wconf 84' lang='lat' dir='ltr'>sola</span> <span class='ocrx_word' id='word_1_565' title='bbox 2510 3579 2936 3637; x_wconf 89' lang='lat' dir='ltr'>monasterium</span> <span class='ocrx_word' id='word_1_566' title='bbox 2971 3597 3085 3634; x_wconf 91' lang='lat' dir='ltr'>non</span> <span class='ocrx_word' id='word_1_567' title='bbox 3125 3579 3238 3635; x_wconf 89' lang='lat' dir='ltr'>erit</span> <span class='ocrx_word' id='word_1_568' title='bbox 3269 3581 3489 3650; x_wconf 86' lang='lat' dir='ltr'>absque</span> <span class='ocrx_word' id='word_1_569' title='bbox 3519 3579 3748 3650; x_wconf 86' lang='lat' dir='ltr'>vitupe-</span> 
     </span>
    </p>
   </div>
   <div class='ocr_carea' id='block_1_79' title="bbox 2099 3665 3754 3741">
    <p class='ocr_par' dir='ltr' id='par_1_79' title="bbox 2099 3665 3754 3741">
     <span class='ocr_line' id='line_1_79' title="bbox 2099 3665 3754 3741; baseline -0.004 -13"><span class='ocrx_word' id='word_1_570' title='bbox 2099 3673 2345 3729; x_wconf 87' lang='lat' dir='ltr'>ratione.</span> <span class='ocrx_word' id='word_1_571' title='bbox 2380 3672 2474 3727; x_wconf 93' lang='lat' dir='ltr'>Sic</span> <span class='ocrx_word' id='word_1_572' title='bbox 2504 3670 2876 3741; x_wconf 87' lang='lat' dir='ltr'>aliquomodo</span> <span class='ocrx_word' id='word_1_573' title='bbox 2929 3668 3152 3725; x_wconf 64' lang='lat' dir='ltr'>Zachaei</span> <span class='ocrx_word' id='word_1_574' title='bbox 3196 3669 3430 3734; x_wconf 89' lang='lat' dir='ltr'>domus,</span> <span class='ocrx_word' id='word_1_575' title='bbox 3462 3671 3521 3724; x_wconf 89' lang='lat' dir='ltr'>et</span> <span class='ocrx_word' id='word_1_576' title='bbox 3552 3665 3754 3739; x_wconf 85' lang='lat' dir='ltr'>magni</span> 
     </span>
    </p>
   </div>
   <div class='ocr_carea' id='block_1_80' title="bbox 2100 3756 3758 3830">
    <p class='ocr_par' dir='ltr' id='par_1_80' title="bbox 2100 3756 3758 3830">
     <span class='ocr_line' id='line_1_80' title="bbox 2100 3756 3758 3830; baseline -0.004 -13"><span class='ocrx_word' id='word_1_577' title='bbox 2100 3760 2548 3830; x_wconf 71' lang='lat' dir='ltr'>Matthsei,solus</span> <span class='ocrx_word' id='word_1_578' title='bbox 2586 3763 2712 3814; x_wconf 89' lang='lat' dir='ltr'>erat</span> <span class='ocrx_word' id='word_1_579' title='bbox 2766 3758 3081 3830; x_wconf 89' lang='lat' dir='ltr'>aliquando</span> <span class='ocrx_word' id='word_1_580' title='bbox 3137 3758 3433 3813; x_wconf 69' lang='lat' dir='ltr'>Zachaaus.</span> <span class='ocrx_word' id='word_1_581' title='bbox 3493 3756 3667 3812; x_wconf 88' lang='lat' dir='ltr'>Solus</span> <span class='ocrx_word' id='word_1_582' title='bbox 3699 3757 3758 3812; x_wconf 81' lang='lat' dir='ltr'>et</span> 
     </span>
    </p>
   </div>
   <div class='ocr_carea' id='block_1_81' title="bbox 2103 3845 3755 3909">
    <p class='ocr_par' dir='ltr' id='par_1_81' title="bbox 2103 3845 3755 3909">
     <span class='ocr_line' id='line_1_81' title="bbox 2103 3845 3755 3909; baseline -0.005 0"><span class='ocrx_word' id='word_1_583' title='bbox 2103 3849 2657 3909; x_wconf 61' lang='lat' dir='ltr'>MatthwusPostea</span> <span class='ocrx_word' id='word_1_584' title='bbox 2679 3853 2876 3904; x_wconf 87' lang='lat' dir='ltr'>autem</span> <span class='ocrx_word' id='word_1_585' title='bbox 2901 3863 3034 3902; x_wconf 90' lang='lat' dir='ltr'>cum</span> <span class='ocrx_word' id='word_1_586' title='bbox 3059 3847 3211 3902; x_wconf 88' lang='lat' dir='ltr'>hanc</span> <span class='ocrx_word' id='word_1_587' title='bbox 3250 3845 3627 3902; x_wconf 88' lang='lat' dir='ltr'>solitudinem</span> <span class='ocrx_word' id='word_1_588' title='bbox 3661 3861 3755 3901; x_wconf 87' lang='lat' dir='ltr'>re-</span> 
     </span>
    </p>
   </div>
   <div class='ocr_carea' id='block_1_82' title="bbox 2104 3935 3758 4014">
    <p class='ocr_par' dir='ltr' id='par_1_82' title="bbox 2104 3935 3758 4014">
     <span class='ocr_line' id='line_1_82' title="bbox 2104 3935 3758 4014; baseline -0.004 -18"><span class='ocrx_word' id='word_1_589' title='bbox 2104 3941 2440 4012; x_wconf 90' lang='lat' dir='ltr'>liquissent,</span> <span class='ocrx_word' id='word_1_590' title='bbox 2473 3937 2792 3992; x_wconf 86' lang='lat' dir='ltr'>virtutibus</span> <span class='ocrx_word' id='word_1_591' title='bbox 2823 3935 3052 4007; x_wconf 88' lang='lat' dir='ltr'>seipsos</span> <span class='ocrx_word' id='word_1_592' title='bbox 3082 3935 3532 4014; x_wconf 88' lang='lat' dir='ltr'>repleverunt,et</span> <span class='ocrx_word' id='word_1_593' title='bbox 3561 3951 3758 3990; x_wconf 87' lang='lat' dir='ltr'>assur-</span> 
     </span>
    </p>
   </div>
   <div class='ocr_carea' id='block_1_83' title="bbox 2105 4023 3756 4102">
    <p class='ocr_par' dir='ltr' id='par_1_83' title="bbox 2105 4023 3756 4102">
     <span class='ocr_line' id='line_1_83' title="bbox 2105 4023 3756 4102; baseline -0.005 -17"><span class='ocrx_word' id='word_1_594' title='bbox 2105 4034 2308 4102; x_wconf 86' lang='lat' dir='ltr'>gentes</span> <span class='ocrx_word' id='word_1_595' title='bbox 2339 4044 2369 4082; x_wconf 91' lang='lat' dir='ltr'>e</span> <span class='ocrx_word' id='word_1_596' title='bbox 2394 4026 2617 4082; x_wconf 90' lang='lat' dir='ltr'>mundo</span> <span class='ocrx_word' id='word_1_597' title='bbox 2649 4027 2878 4080; x_wconf 89' lang='lat' dir='ltr'>animas</span> <span class='ocrx_word' id='word_1_598' title='bbox 2908 4041 3049 4080; x_wconf 88' lang='lat' dir='ltr'>suas</span> <span class='ocrx_word' id='word_1_599' title='bbox 3069 4024 3186 4079; x_wconf 88' lang='lat' dir='ltr'>Deo</span> <span class='ocrx_word' id='word_1_600' title='bbox 3217 4023 3756 4096; x_wconf 84' lang='lat' dir='ltr'>agglutinaverunt,</span> 
     </span>
    </p>
   </div>
   <div class='ocr_carea' id='block_1_84' title="bbox 2106 4111 3754 4189">
    <p class='ocr_par' dir='ltr' id='par_1_84' title="bbox 2106 4111 3754 4189">
     <span class='ocr_line' id='line_1_84' title="bbox 2106 4111 3754 4189; baseline -0.004 -15"><span class='ocrx_word' id='word_1_601' title='bbox 2106 4124 2383 4189; x_wconf 87' lang='lat' dir='ltr'>extraque</span> <span class='ocrx_word' id='word_1_602' title='bbox 2413 4119 2692 4172; x_wconf 86' lang='lat' dir='ltr'>exeuntes</span> <span class='ocrx_word' id='word_1_603' title='bbox 2722 4115 2887 4168; x_wconf 88' lang='lat' dir='ltr'>ibant</span> <span class='ocrx_word' id='word_1_604' title='bbox 2934 4113 3234 4168; x_wconf 78' lang='lat' dir='ltr'>mittentes</span> <span class='ocrx_word' id='word_1_605' title='bbox 3283 4113 3511 4168; x_wconf 87' lang='lat' dir='ltr'>semina</span> <span class='ocrx_word' id='word_1_606' title='bbox 3555 4128 3665 4168; x_wconf 88' lang='lat' dir='ltr'>sua</span> <span class='ocrx_word' id='word_1_607' title='bbox 3691 4111 3754 4168; x_wconf 90' lang='lat' dir='ltr'>in</span> 
     </span>
    </p>
   </div>
   <div class='ocr_carea' id='block_1_85' title="bbox 2109 4201 3761 4276">
    <p class='ocr_par' dir='ltr' id='par_1_85' title="bbox 2109 4201 3761 4276">
     <span class='ocr_line' id='line_1_85' title="bbox 2109 4201 3761 4276; baseline -0.004 -14"><span class='ocrx_word' id='word_1_608' title='bbox 2109 4208 2286 4262; x_wconf 81' lang='lat' dir='ltr'>finem</span> <span class='ocrx_word' id='word_1_609' title='bbox 2346 4203 2660 4276; x_wconf 88' lang='lat' dir='ltr'>optimum,</span> <span class='ocrx_word' id='word_1_610' title='bbox 2717 4218 2892 4274; x_wconf 86' lang='lat' dir='ltr'>quem</span> <span class='ocrx_word' id='word_1_611' title='bbox 2968 4201 3270 4258; x_wconf 87' lang='lat' dir='ltr'>consecuti</span> <span class='ocrx_word' id='word_1_612' title='bbox 3330 4204 3469 4256; x_wconf 85' lang='lat' dir='ltr'>sunt</span> <span class='ocrx_word' id='word_1_613' title='bbox 3525 4205 3761 4272; x_wconf 81' lang='lat' dir='ltr'>accepta</span> 
     </span>
    </p>
   </div>
   <div class='ocr_carea' id='block_1_86' title="bbox 2110 4288 3762 4363">
    <p class='ocr_par' dir='ltr' id='par_1_86' title="bbox 2110 4288 3762 4363">
     <span class='ocr_line' id='line_1_86' title="bbox 2110 4288 3762 4363; baseline -0.004 -11"><span class='ocrx_word' id='word_1_614' title='bbox 2110 4312 2302 4352; x_wconf 86' lang='lat' dir='ltr'>messe</span> <span class='ocrx_word' id='word_1_615' title='bbox 2333 4310 2528 4350; x_wconf 86' lang='lat' dir='ltr'>aurea.</span> <span class='ocrx_word' id='word_1_616' title='bbox 2561 4292 2745 4356; x_wconf 89' lang='lat' dir='ltr'>Quem</span> <span class='ocrx_word' id='word_1_617' title='bbox 2795 4307 2913 4363; x_wconf 88' lang='lat' dir='ltr'>qua</span> <span class='ocrx_word' id='word_1_618' title='bbox 2961 4290 3186 4346; x_wconf 89' lang='lat' dir='ltr'>ratione</span> <span class='ocrx_word' id='word_1_619' title='bbox 3219 4294 3282 4345; x_wconf 90' lang='lat' dir='ltr'>tu</span> <span class='ocrx_word' id='word_1_620' title='bbox 3313 4288 3624 4357; x_wconf 84' lang='lat' dir='ltr'>obtinebis,</span> <span class='ocrx_word' id='word_1_621' title='bbox 3658 4289 3762 4360; x_wconf 92' lang='lat' dir='ltr'>qui</span> 
     </span>
    </p>
   </div>
   <div class='ocr_carea' id='block_1_87' title="bbox 2111 4378 3762 4450">
    <p class='ocr_par' dir='ltr' id='par_1_87' title="bbox 2111 4378 3762 4450">
     <span class='ocr_line' id='line_1_87' title="bbox 2111 4378 3762 4450; baseline -0.005 -10"><span class='ocrx_word' id='word_1_622' title='bbox 2111 4387 2169 4440; x_wconf 90' lang='lat' dir='ltr'>in</span> <span class='ocrx_word' id='word_1_623' title='bbox 2201 4385 2422 4440; x_wconf 91' lang='lat' dir='ltr'>mundo</span> <span class='ocrx_word' id='word_1_624' title='bbox 2452 4383 2545 4437; x_wconf 84' lang='lat' dir='ltr'>vix</span> <span class='ocrx_word' id='word_1_625' title='bbox 2575 4380 2760 4437; x_wconf 88' lang='lat' dir='ltr'>ventri</span> <span class='ocrx_word' id='word_1_626' title='bbox 2781 4379 3084 4449; x_wconf 89' lang='lat' dir='ltr'>laborasti,</span> <span class='ocrx_word' id='word_1_627' title='bbox 3117 4395 3303 4450; x_wconf 86' lang='lat' dir='ltr'>eoque</span> <span class='ocrx_word' id='word_1_628' title='bbox 3331 4379 3403 4434; x_wconf 94' lang='lat' dir='ltr'>ob</span> <span class='ocrx_word' id='word_1_629' title='bbox 3436 4378 3588 4434; x_wconf 88' lang='lat' dir='ltr'>hanc</span> <span class='ocrx_word' id='word_1_630' title='bbox 3620 4395 3762 4433; x_wconf 88' lang='lat' dir='ltr'>cau-</span> 
     </span>
    </p>
   </div>
   <div class='ocr_carea' id='block_1_88' title="bbox 2113 4467 3765 4540">
    <p class='ocr_par' dir='ltr' id='par_1_88' title="bbox 2113 4467 3765 4540">
     <span class='ocr_line' id='line_1_88' title="bbox 2113 4467 3765 4540; baseline -0.005 -9"><span class='ocrx_word' id='word_1_631' title='bbox 2113 4490 2238 4532; x_wconf 87' lang='lat' dir='ltr'>sam</span> <span class='ocrx_word' id='word_1_632' title='bbox 2272 4469 2748 4540; x_wconf 88' lang='lat' dir='ltr'>condemnato,in</span> <span class='ocrx_word' id='word_1_633' title='bbox 2783 4469 3086 4525; x_wconf 90' lang='lat' dir='ltr'>meliorem</span> <span class='ocrx_word' id='word_1_634' title='bbox 3111 4469 3291 4524; x_wconf 87' lang='lat' dir='ltr'>vitam</span> <span class='ocrx_word' id='word_1_635' title='bbox 3316 4467 3765 4540; x_wconf 86' lang='lat' dir='ltr'>transiisti,qui-</span> 
     </span>
    </p>
   </div>
   <div class='ocr_carea' id='block_1_89' title="bbox 2113 4555 3764 4636">
    <p class='ocr_par' dir='ltr' id='par_1_89' title="bbox 2113 4555 3764 4636">
     <span class='ocr_line' id='line_1_89' title="bbox 2113 4555 3764 4636; baseline -0.004 -16"><span class='ocrx_word' id='word_1_636' title='bbox 2113 4581 2228 4636; x_wconf 90' lang='lat' dir='ltr'>que</span> <span class='ocrx_word' id='word_1_637' title='bbox 2256 4562 2464 4619; x_wconf 90' lang='lat' dir='ltr'>exinde</span> <span class='ocrx_word' id='word_1_638' title='bbox 2497 4559 2672 4616; x_wconf 85' lang='lat' dir='ltr'>malis</span> <span class='ocrx_word' id='word_1_639' title='bbox 2701 4558 2927 4615; x_wconf 88' lang='lat' dir='ltr'>artibus</span> <span class='ocrx_word' id='word_1_640' title='bbox 2987 4558 3176 4629; x_wconf 85' lang='lat' dir='ltr'>major</span> <span class='ocrx_word' id='word_1_641' title='bbox 3215 4557 3456 4614; x_wconf 79' lang='lat' dir='ltr'>effectus</span> <span class='ocrx_word' id='word_1_642' title='bbox 3482 4574 3543 4613; x_wconf 89' lang='lat' dir='ltr'>es</span> <span class='ocrx_word' id='word_1_643' title='bbox 3564 4555 3591 4611; x_wconf 85' lang='lat'><strong>?</strong></span> <span class='ocrx_word' id='word_1_644' title='bbox 3621 4556 3764 4629; x_wconf 90' lang='lat' dir='ltr'>quid</span> 
     </span>
    </p>
   </div>
   <div class='ocr_carea' id='block_1_90' title="bbox 336 4645 1982 4727">
    <p class='ocr_par' dir='ltr' id='par_1_90' title="bbox 336 4645 1982 4727">
     <span class='ocr_line' id='line_1_90' title="bbox 336 4645 1982 4727; baseline -0.002 -21"><span class='ocrx_word' id='word_1_645' title='bbox 336 4645 666 4727; x_wconf 72' lang='grc' dir='ltr'>μεταϐαλὼν</span> <span class='ocrx_word' id='word_1_646' title='bbox 721 4648 797 4712; x_wconf 78' lang='grc' dir='ltr'>εἷς</span> <span class='ocrx_word' id='word_1_647' title='bbox 870 4649 963 4704; x_wconf 91' lang='grc' dir='ltr'>τὸν</span> <span class='ocrx_word' id='word_1_648' title='bbox 1031 4649 1319 4722; x_wconf 84' lang='grc' dir='ltr'>κρείττονα</span> <span class='ocrx_word' id='word_1_649' title='bbox 1375 4645 1517 4722; x_wconf 88' lang='grc' dir='ltr'>βίον,</span> <span class='ocrx_word' id='word_1_650' title='bbox 1579 4645 1884 4712; x_wconf 87' lang='grc' dir='ltr'>πλεονάσας</span> <span class='ocrx_word' id='word_1_651' title='bbox 1942 4646 1982 4703; x_wconf 78' lang='grc' dir='ltr'><strong>δῖ</strong></span> 
     </span>
    </p>
   </div>
   <div class='ocr_carea' id='block_1_91' title="bbox 2100 4645 3764 4727">
    <p class='ocr_par' dir='ltr' id='par_1_91' title="bbox 2107 4645 3764 4718">
     <span class='ocr_line' id='line_1_91' title="bbox 2107 4645 3764 4718; baseline -0.005 -9"><span class='ocrx_word' id='word_1_652' title='bbox 2107 4651 2436 4709; x_wconf 89' lang='lat' dir='ltr'>monachus</span> <span class='ocrx_word' id='word_1_653' title='bbox 2467 4667 2502 4706; x_wconf 87' lang='lat' dir='ltr'>a</span> <span class='ocrx_word' id='word_1_654' title='bbox 2531 4648 2974 4718; x_wconf 82' lang='lat' dir='ltr'>conversione,a</span> <span class='ocrx_word' id='word_1_655' title='bbox 2998 4646 3190 4718; x_wconf 88' lang='lat' dir='ltr'>prima</span> <span class='ocrx_word' id='word_1_656' title='bbox 3219 4645 3554 4702; x_wconf 88' lang='lat' dir='ltr'>conditione</span> <span class='ocrx_word' id='word_1_657' title='bbox 3573 4645 3764 4701; x_wconf 88' lang='lat' dir='ltr'>lucra-</span> 
     </span>
    </p>
   </div>
   <div class='ocr_carea' id='block_1_92' title="bbox 331 4732 1982 4814">
    <p class='ocr_par' dir='ltr' id='par_1_92' title="bbox 331 4732 1982 4814">
     <span class='ocr_line' id='line_1_92' title="bbox 331 4732 1982 4814; baseline -0.002 -18"><span class='ocrx_word' id='word_1_658' title='bbox 331 4739 394 4796; x_wconf 81' lang='grc' dir='ltr'>ἐκ</span> <span class='ocrx_word' id='word_1_659' title='bbox 448 4747 549 4811; x_wconf 80' lang='grc' dir='ltr'>τῆς</span> <span class='ocrx_word' id='word_1_660' title='bbox 599 4738 725 4795; x_wconf 87' lang='grc' dir='ltr'>τότε</span> <span class='ocrx_word' id='word_1_661' title='bbox 799 4735 1213 4814; x_wconf 74' lang='grc' dir='ltr'>πονηρεύμασις</span> <span class='ocrx_word' id='word_1_662' title='bbox 1267 4735 1328 4790; x_wconf 92' lang='grc' dir='ltr'>Τί</span> <span class='ocrx_word' id='word_1_663' title='bbox 1385 4732 1684 4812; x_wconf 79' lang='grc' dir='ltr'>κερδαίνεις</span> <span class='ocrx_word' id='word_1_664' title='bbox 1747 4739 1982 4814; x_wconf 81' lang='grc' dir='ltr'>μοναχὸς</span> 
     </span>
    </p>
   </div>
   <div class='ocr_carea' id='block_1_93' title="bbox 2100 4732 3764 4814">
    <p class='ocr_par' dir='ltr' id='par_1_93' title="bbox 2103 4733 3764 4808">
     <span class='ocr_line' id='line_1_93' title="bbox 2103 4733 3764 4808; baseline -0.006 -9"><span class='ocrx_word' id='word_1_665' title='bbox 2103 4743 2187 4799; x_wconf 90' lang='lat' dir='ltr'>ris</span> <span class='ocrx_word' id='word_1_666' title='bbox 2208 4742 2236 4797; x_wconf 75' lang='lat' dir='ltr'>‘I</span> <span class='ocrx_word' id='word_1_667' title='bbox 2267 4740 2480 4797; x_wconf 90' lang='lat' dir='ltr'>Melius</span> <span class='ocrx_word' id='word_1_668' title='bbox 2508 4739 2616 4795; x_wconf 88' lang='lat' dir='ltr'>tibi</span> <span class='ocrx_word' id='word_1_669' title='bbox 2647 4742 2772 4793; x_wconf 88' lang='lat' dir='ltr'>erat</span> <span class='ocrx_word' id='word_1_670' title='bbox 2823 4737 2893 4792; x_wconf 89' lang='lat' dir='ltr'>ad</span> <span class='ocrx_word' id='word_1_671' title='bbox 2944 4736 3202 4808; x_wconf 89' lang='lat' dir='ltr'>priscum</span> <span class='ocrx_word' id='word_1_672' title='bbox 3233 4736 3520 4790; x_wconf 88' lang='lat' dir='ltr'>vomitum</span> <span class='ocrx_word' id='word_1_673' title='bbox 3552 4733 3764 4790; x_wconf 89' lang='lat' dir='ltr'>reverti</span> 
     </span>
    </p>
   </div>
   <div class='ocr_carea' id='block_1_94' title="bbox 330 4823 1982 4904">
    <p class='ocr_par' dir='ltr' id='par_1_94' title="bbox 330 4823 1982 4904">
     <span class='ocr_line' id='line_1_94' title="bbox 330 4823 1982 4904; baseline -0.002 -20"><span class='ocrx_word' id='word_1_674' title='bbox 330 4835 436 4900; x_wconf 83' lang='grc' dir='ltr'>τῆς</span> <span class='ocrx_word' id='word_1_675' title='bbox 505 4829 860 4904; x_wconf 78' lang='grc' dir='ltr'>μετατάξεως,</span> <span class='ocrx_word' id='word_1_676' title='bbox 908 4834 1010 4897; x_wconf 84' lang='grc' dir='ltr'>τῆς</span> <span class='ocrx_word' id='word_1_677' title='bbox 1089 4824 1355 4902; x_wconf 73' lang='grc' dir='ltr'>προτέρας</span> <span class='ocrx_word' id='word_1_678' title='bbox 1413 4823 1484 4879; x_wconf 85' lang='grc' dir='ltr'>ὢν</span> <span class='ocrx_word' id='word_1_679' title='bbox 1546 4825 1782 4896; x_wconf 79' lang='grc' dir='ltr'>τάξεως;</span> <span class='ocrx_word' id='word_1_680' title='bbox 1843 4826 1982 4900; x_wconf 75' lang='grc' dir='ltr'>Σύμ-</span> 
     </span>
    </p>
   </div>
   <div class='ocr_carea' id='block_1_95' title="bbox 2100 4823 3759 4904">
    <p class='ocr_par' dir='ltr' id='par_1_95' title="bbox 2105 4823 3759 4903">
     <span class='ocr_line' id='line_1_95' title="bbox 2105 4823 3759 4903; baseline -0.006 -15"><span class='ocrx_word' id='word_1_681' title='bbox 2105 4836 2162 4888; x_wconf 89' lang='lat' dir='ltr'>et</span> <span class='ocrx_word' id='word_1_682' title='bbox 2190 4833 2386 4903; x_wconf 87' lang='lat' dir='ltr'>parvis</span> <span class='ocrx_word' id='word_1_683' title='bbox 2417 4827 2588 4884; x_wconf 87' lang='lat' dir='ltr'>malis</span> <span class='ocrx_word' id='word_1_684' title='bbox 2616 4825 2932 4882; x_wconf 85' lang='lat' dir='ltr'>obnoxium</span> <span class='ocrx_word' id='word_1_685' title='bbox 2987 4841 3116 4880; x_wconf 90' lang='lat' dir='ltr'>esse</span> <span class='ocrx_word' id='word_1_686' title='bbox 3167 4840 3343 4894; x_wconf 86' lang='lat' dir='ltr'>quam</span> <span class='ocrx_word' id='word_1_687' title='bbox 3384 4823 3759 4879; x_wconf 81' lang='lat' dir='ltr'>accedentem</span> 
     </span>
    </p>
   </div>
   <div class='ocr_carea' id='block_1_96' title="bbox 332 4910 1982 4996">
    <p class='ocr_par' dir='ltr' id='par_1_96' title="bbox 332 4911 1982 4996">
     <span class='ocr_line' id='line_1_96' title="bbox 332 4911 1982 4996; baseline -0.001 -23"><span class='ocrx_word' id='word_1_688' title='bbox 332 4919 502 4996; x_wconf 85' lang='grc' dir='ltr'>φορόν</span> <span class='ocrx_word' id='word_1_689' title='bbox 560 4939 643 4973; x_wconf 90' lang='grc' dir='ltr'>σοι</span> <span class='ocrx_word' id='word_1_690' title='bbox 706 4917 1009 4995; x_wconf 75' lang='grc' dir='ltr'>στραφῆναι</span> <span class='ocrx_word' id='word_1_691' title='bbox 1063 4914 1140 4978; x_wconf 86' lang='grc' dir='ltr'>εἰς</span> <span class='ocrx_word' id='word_1_692' title='bbox 1214 4915 1308 4969; x_wconf 84' lang='grc' dir='ltr'>τὸν</span> <span class='ocrx_word' id='word_1_693' title='bbox 1380 4915 1574 4989; x_wconf 87' lang='grc' dir='ltr'>πρώην</span> <span class='ocrx_word' id='word_1_694' title='bbox 1635 4911 1849 4988; x_wconf 76' lang='grc' dir='ltr'>ἔμετον,</span> <span class='ocrx_word' id='word_1_695' title='bbox 1906 4917 1982 4971; x_wconf 77' lang='grc' dir='ltr'>κα⁴</span> 
     </span>
    </p>
   </div>
   <div class='ocr_carea' id='block_1_97' title="bbox 2100 4910 3756 4996">
    <p class='ocr_par' dir='ltr' id='par_1_97' title="bbox 2108 4910 3756 4990">
     <span class='ocr_line' id='line_1_97' title="bbox 2108 4910 3756 4990; baseline -0.006 -14"><span class='ocrx_word' id='word_1_696' title='bbox 2108 4922 2180 4976; x_wconf 88' lang='lat' dir='ltr'>ad</span> <span class='ocrx_word' id='word_1_697' title='bbox 2207 4919 2386 4975; x_wconf 87' lang='lat' dir='ltr'>vitam</span> <span class='ocrx_word' id='word_1_698' title='bbox 2421 4915 2792 4990; x_wconf 87' lang='lat' dir='ltr'>impollutam</span> <span class='ocrx_word' id='word_1_699' title='bbox 2827 4915 3032 4970; x_wconf 90' lang='lat' dir='ltr'>sordes</span> <span class='ocrx_word' id='word_1_700' title='bbox 3064 4930 3179 4969; x_wconf 91' lang='lat' dir='ltr'>non</span> <span class='ocrx_word' id='word_1_701' title='bbox 3212 4917 3471 4968; x_wconf 89' lang='lat' dir='ltr'>extersas</span> <span class='ocrx_word' id='word_1_702' title='bbox 3503 4910 3756 4967; x_wconf 86' lang='lat' dir='ltr'>trahere.</span> 
     </span>
    </p>
   </div>
   <div class='ocr_carea' id='block_1_98' title="bbox 330 4997 3759 5086">
    <p class='ocr_par' dir='ltr' id='par_1_98' title="bbox 330 4997 3759 5086">
     <span class='ocr_line' id='line_1_98' title="bbox 330 4997 3759 5086; baseline -0.003 -23"><span class='ocrx_word' id='word_1_703' title='bbox 330 5006 544 5086; x_wconf 84' lang='grc' dir='ltr'>ὀλίγοις</span> <span class='ocrx_word' id='word_1_704' title='bbox 601 5011 791 5072; x_wconf 85' lang='grc' dir='ltr'>κακοῖς</span> <span class='ocrx_word' id='word_1_705' title='bbox 850 5003 1146 5070; x_wconf 76' lang='grc' dir='ltr'>ὑπεύθυνον</span> <span class='ocrx_word' id='word_1_706' title='bbox 1206 5003 1366 5076; x_wconf 80' lang='grc' dir='ltr'>εἶναι,</span> <span class='ocrx_word' id='word_1_707' title='bbox 1419 4999 1563 5080; x_wconf 79' lang='grc' dir='ltr'>ήπερ</span> <span class='ocrx_word' id='word_1_708' title='bbox 1615 5007 1695 5077; x_wconf 77' lang='grc' dir='ltr'>τῷ</span> <span class='ocrx_word' id='word_1_709' title='bbox 1750 5004 2024 5080; x_wconf 79' lang='grc' dir='ltr'>καθαρείῳ</span> <span class='ocrx_word' id='word_1_710' title='bbox 2085 5006 2190 5082; x_wconf 85' lang='grc' dir='ltr'>βίῳ</span> <span class='ocrx_word' id='word_1_711' title='bbox 2249 4999 2549 5082; x_wconf 78' lang='grc' dir='ltr'>προσϐάντι</span> <span class='ocrx_word' id='word_1_712' title='bbox 2612 5001 2778 5079; x_wconf 77' lang='grc' dir='ltr'>ῥύπον</span> <span class='ocrx_word' id='word_1_713' title='bbox 2839 4997 2928 5056; x_wconf 82' lang='grc' dir='ltr'>διὰ</span> <span class='ocrx_word' id='word_1_714' title='bbox 2979 5002 3356 5076; x_wconf 80' lang='grc' dir='ltr'>κακοπραξιῶν</span> <span class='ocrx_word' id='word_1_715' title='bbox 3407 4997 3759 5074; x_wconf 78' lang='grc' dir='ltr'>ἐπισόρασθαι</span> 
     </span>
    </p>
   </div>
   <div class='ocr_carea' id='block_1_99' title="bbox 338 5095 645 5172">
    <p class='ocr_par' dir='ltr' id='par_1_99' title="bbox 338 5095 645 5172">
     <span class='ocr_line' id='line_1_99' title="bbox 338 5095 645 5172; baseline 0.007 -19"><span class='ocrx_word' id='word_1_716' title='bbox 338 5095 620 5172; x_wconf 70' lang='grc' dir='ltr'>ἄσμηκτον</span> <span class='ocrx_word' id='word_1_717' title='bbox 631 5141 645 5155; x_wconf 93' lang='grc'><strong>.</strong></span> 
     </span>
    </p>
   </div>
   <div class='ocr_carea' id='block_1_100' title="bbox 409 5179 2002 5262">
    <p class='ocr_par' dir='ltr' id='par_1_100' title="bbox 409 5179 2002 5262">
     <span class='ocr_line' id='line_1_100' title="bbox 409 5179 2002 5262; baseline -0.003 -22"><span class='ocrx_word' id='word_1_718' title='bbox 409 5185 541 5262; x_wconf 85' lang='grc' dir='ltr'>ρνα’.</span> <span class='ocrx_word' id='word_1_719' title='bbox 575 5185 675 5249; x_wconf 89' lang='grc' dir='ltr'>Δός</span> <span class='ocrx_word' id='word_1_720' title='bbox 730 5205 823 5258; x_wconf 89' lang='grc' dir='ltr'>μοι</span> <span class='ocrx_word' id='word_1_721' title='bbox 871 5183 962 5239; x_wconf 87' lang='grc' dir='ltr'>τὸν</span> <span class='ocrx_word' id='word_1_722' title='bbox 1016 5179 1403 5261; x_wconf 77' lang='grc' dir='ltr'>ὠφελούμενον</span> <span class='ocrx_word' id='word_1_723' title='bbox 1455 5179 1516 5236; x_wconf 82' lang='grc' dir='ltr'>ἐκ</span> <span class='ocrx_word' id='word_1_724' title='bbox 1567 5185 1674 5236; x_wconf 81' lang='grc' dir='ltr'>τῶν</span> <span class='ocrx_word' id='word_1_725' title='bbox 1733 5185 1839 5237; x_wconf 81' lang='grc' dir='ltr'>σῶν</span> <span class='ocrx_word' id='word_1_726' title='bbox 1904 5203 2002 5256; x_wconf 83' lang='grc' dir='ltr'>μο-</span> 
     </span>
    </p>
   </div>
   <div class='ocr_carea' id='block_1_101' title="bbox 336 5269 2004 5351">
    <p class='ocr_par' dir='ltr' id='par_1_101' title="bbox 336 5269 2004 5351">
     <span class='ocr_line' id='line_1_101' title="bbox 336 5269 2004 5351; baseline -0.002 -22"><span class='ocrx_word' id='word_1_727' title='bbox 336 5275 590 5350; x_wconf 79' lang='grc' dir='ltr'>χθηριῶν</span> <span class='ocrx_word' id='word_1_728' title='bbox 655 5273 800 5351; x_wconf 82' lang='grc' dir='ltr'>Ἀρά</span> <span class='ocrx_word' id='word_1_729' title='bbox 861 5294 924 5349; x_wconf 89' lang='grc' dir='ltr'>γε</span> <span class='ocrx_word' id='word_1_730' title='bbox 974 5272 1188 5349; x_wconf 73' lang='grc' dir='ltr'>τρέφεις</span> <span class='ocrx_word' id='word_1_731' title='bbox 1264 5269 1494 5341; x_wconf 76' lang='grc' dir='ltr'>ἑσκητὰς</span> <span class='ocrx_word' id='word_1_732' title='bbox 1571 5270 1842 5348; x_wconf 72' lang='grc' dir='ltr'>πατέραςς</span> <span class='ocrx_word' id='word_1_733' title='bbox 1898 5273 2004 5328; x_wconf 81' lang='grc' dir='ltr'>Καὶ</span> 
     </span>
    </p>
   </div>
   <div class='ocr_carea' id='block_1_102' title="bbox 338 5359 2002 5439">
    <p class='ocr_par' dir='ltr' id='par_1_102' title="bbox 338 5359 2002 5439">
     <span class='ocr_line' id='line_1_102' title="bbox 338 5359 2002 5439; baseline -0.001 -22"><span class='ocrx_word' id='word_1_734' title='bbox 338 5363 520 5439; x_wconf 83' lang='grc' dir='ltr'>ἁγίοις</span> <span class='ocrx_word' id='word_1_735' title='bbox 569 5362 793 5425; x_wconf 68' lang='grc' dir='ltr'>ἐκείνοις</span> <span class='ocrx_word' id='word_1_736' title='bbox 842 5359 960 5418; x_wconf 73' lang='grc' dir='ltr'>οὖσι</span> <span class='ocrx_word' id='word_1_737' title='bbox 1025 5362 1274 5436; x_wconf 83' lang='grc' dir='ltr'>μοχθεῖς,</span> <span class='ocrx_word' id='word_1_738' title='bbox 1333 5360 1494 5423; x_wconf 77' lang='grc' dir='ltr'>αὐτὸς</span> <span class='ocrx_word' id='word_1_739' title='bbox 1551 5366 1850 5437; x_wconf 84' lang='grc' dir='ltr'>χορηγῶν;</span> <span class='ocrx_word' id='word_1_740' title='bbox 1901 5360 2002 5416; x_wconf 83' lang='grc' dir='ltr'>Καὶ</span> 
     </span>
    </p>
   </div>
   <div class='ocr_carea' id='block_1_103' title="bbox 2182 5177 3766 5250">
    <p class='ocr_par' dir='ltr' id='par_1_103' title="bbox 2182 5177 3766 5250">
     <span class='ocr_line' id='line_1_103' title="bbox 2182 5177 3766 5250; baseline -0.004 -10"><span class='ocrx_word' id='word_1_741' title='bbox 2182 5185 2304 5240; x_wconf 86' lang='grc'>151.</span> <span class='ocrx_word' id='word_1_742' title='bbox 2339 5184 2424 5240; x_wconf 88' lang='lat' dir='ltr'>Da</span> <span class='ocrx_word' id='word_1_743' title='bbox 2455 5182 2598 5239; x_wconf 91' lang='lat' dir='ltr'>mihi</span> <span class='ocrx_word' id='word_1_744' title='bbox 2632 5180 2932 5237; x_wconf 90' lang='lat' dir='ltr'>hominem</span> <span class='ocrx_word' id='word_1_745' title='bbox 2960 5181 3031 5235; x_wconf 88' lang='lat' dir='ltr'>de</span> <span class='ocrx_word' id='word_1_746' title='bbox 3062 5184 3164 5235; x_wconf 90' lang='lat' dir='ltr'>tua</span> <span class='ocrx_word' id='word_1_747' title='bbox 3196 5178 3422 5234; x_wconf 87' lang='lat' dir='ltr'>malitia</span> <span class='ocrx_word' id='word_1_748' title='bbox 3452 5177 3766 5250; x_wconf 82' lang='lat' dir='ltr'>proﬁcien-</span> 
     </span>
    </p>
   </div>
   <div class='ocr_carea' id='block_1_104' title="bbox 2114 5255 3770 5344">
    <p class='ocr_par' dir='ltr' id='par_1_104' title="bbox 2114 5255 3770 5344">
     <span class='ocr_line' id='line_1_104' title="bbox 2114 5255 3770 5344; baseline -0.006 -14"><span class='ocrx_word' id='word_1_749' title='bbox 2114 5278 2254 5330; x_wconf 88' lang='lat' dir='ltr'>tem.</span> <span class='ocrx_word' id='word_1_750' title='bbox 2309 5274 2590 5331; x_wconf 87' lang='lat' dir='ltr'>Nutrisne</span> <span class='ocrx_word' id='word_1_751' title='bbox 2647 5274 2842 5344; x_wconf 82' lang='lat' dir='ltr'>patres</span> <span class='ocrx_word' id='word_1_752' title='bbox 2900 5268 3179 5326; x_wconf 79' lang='lat' dir='ltr'>ascetas?</span> <span class='ocrx_word' id='word_1_753' title='bbox 3220 5269 3289 5323; x_wconf 87' lang='lat' dir='ltr'>Et</span> <span class='ocrx_word' id='word_1_754' title='bbox 3344 5268 3406 5323; x_wconf 91' lang='lat' dir='ltr'>hi</span> <span class='ocrx_word' id='word_1_755' title='bbox 3466 5284 3599 5322; x_wconf 89' lang='lat' dir='ltr'>cum</span> <span class='ocrx_word' id='word_1_756' title='bbox 3650 5255 3770 5323; x_wconf 75' lang='lat' dir='ltr'>sint</span> 
     </span>
    </p>
   </div>
   <div class='ocr_carea' id='block_1_105' title="bbox 2114 5356 3768 5430">
    <p class='ocr_par' dir='ltr' id='par_1_105' title="bbox 2114 5356 3768 5430">
     <span class='ocr_line' id='line_1_105' title="bbox 2114 5356 3768 5430; baseline -0.005 -10"><span class='ocrx_word' id='word_1_757' title='bbox 2114 5362 2394 5430; x_wconf 88' lang='lat' dir='ltr'>sancti,tu</span> <span class='ocrx_word' id='word_1_758' title='bbox 2419 5363 2536 5418; x_wconf 87' lang='lat' dir='ltr'>dux</span> <span class='ocrx_word' id='word_1_759' title='bbox 2558 5375 2758 5417; x_wconf 91' lang='lat' dir='ltr'>eorum</span> <span class='ocrx_word' id='word_1_760' title='bbox 2789 5357 3086 5429; x_wconf 86' lang='lat' dir='ltr'>malignus</span> <span class='ocrx_word' id='word_1_761' title='bbox 3113 5373 3174 5413; x_wconf 89' lang='lat' dir='ltr'>es</span> <span class='ocrx_word' id='word_1_762' title='bbox 3195 5356 3455 5413; x_wconf 82' lang='lat' dir='ltr'>?Siccine</span> <span class='ocrx_word' id='word_1_763' title='bbox 3478 5357 3768 5412; x_wconf 87' lang='lat' dir='ltr'>bonorum</span> 
     </span>
    </p>
   </div>
   <div class='ocr_carea' id='block_1_106' title="bbox 334 5449 1998 5529">
    <p class='ocr_par' dir='ltr' id='par_1_106' title="bbox 334 5449 1998 5529">
     <span class='ocr_line' id='line_1_106' title="bbox 334 5449 1998 5529; baseline -0.001 -23"><span class='ocrx_word' id='word_1_764' title='bbox 334 5449 479 5508; x_wconf 73' lang='grc' dir='ltr'>οὕτω</span> <span class='ocrx_word' id='word_1_765' title='bbox 541 5451 780 5529; x_wconf 88' lang='grc' dir='ltr'>μερίτης</span> <span class='ocrx_word' id='word_1_766' title='bbox 833 5451 1016 5513; x_wconf 78' lang='grc' dir='ltr'>αὐτοῖς</span> <span class='ocrx_word' id='word_1_767' title='bbox 1067 5450 1185 5526; x_wconf 80' lang='grc' dir='ltr'>γίνῃ</span> <span class='ocrx_word' id='word_1_768' title='bbox 1239 5453 1334 5504; x_wconf 79' lang='grc' dir='ltr'>τοῦ</span> <span class='ocrx_word' id='word_1_769' title='bbox 1398 5449 1592 5520; x_wconf 79' lang='grc' dir='ltr'>καλοῦ,</span> <span class='ocrx_word' id='word_1_770' title='bbox 1642 5451 1782 5514; x_wconf 77' lang='grc' dir='ltr'>καθὰ</span> <span class='ocrx_word' id='word_1_771' title='bbox 1830 5451 1921 5506; x_wconf 86' lang='grc' dir='ltr'>καὶ</span> <span class='ocrx_word' id='word_1_772' title='bbox 1964 5453 1998 5521; x_wconf 81' lang='grc' dir='ltr'>ἡ</span> 
     </span>
    </p>
   </div>
   <div class='ocr_carea' id='block_1_107' title="bbox 341 5537 2003 5619">
    <p class='ocr_par' dir='ltr' id='par_1_107' title="bbox 341 5537 2003 5619">
     <span class='ocr_line' id='line_1_107' title="bbox 341 5537 2003 5619; baseline -0.001 -22"><span class='ocrx_word' id='word_1_773' title='bbox 341 5538 662 5618; x_wconf 77' lang='grc' dir='ltr'>ὑμνουμένη</span> <span class='ocrx_word' id='word_1_774' title='bbox 710 5541 906 5619; x_wconf 75' lang='grc' dir='ltr'>Μάρθα</span> <span class='ocrx_word' id='word_1_775' title='bbox 952 5543 1022 5616; x_wconf 83' lang='grc' dir='ltr'>τῇ</span> <span class='ocrx_word' id='word_1_776' title='bbox 1077 5538 1305 5617; x_wconf 68' lang='grc' dir='ltr'>Μαρίας</span> <span class='ocrx_word' id='word_1_777' title='bbox 1337 5537 1438 5594; x_wconf 80' lang='grc' dir='ltr'>Καὶ</span> <span class='ocrx_word' id='word_1_778' title='bbox 1493 5540 1601 5614; x_wconf 79' lang='grc' dir='ltr'>μὴν</span> <span class='ocrx_word' id='word_1_779' title='bbox 1634 5537 1688 5596; x_wconf 75' lang='grc' dir='ltr'>ἐν</span> <span class='ocrx_word' id='word_1_780' title='bbox 1742 5544 1822 5614; x_wconf 81' lang='grc' dir='ltr'>τῷ</span> <span class='ocrx_word' id='word_1_781' title='bbox 1867 5538 2003 5596; x_wconf 85' lang='grc' dir='ltr'>κατά</span> 
     </span>
    </p>
   </div>
   <div class='ocr_carea' id='block_1_108' title="bbox 411 5739 846 5811">
    <p class='ocr_par' dir='ltr' id='par_1_108' title="bbox 411 5739 846 5811">
     <span class='ocr_line' id='line_1_108' title="bbox 411 5739 846 5811; baseline 0.005 -14"><span class='ocrx_word' id='word_1_782' title='bbox 411 5740 460 5777; x_wconf 81' lang='grc'><em>³³</em></span> <span class='ocrx_word' id='word_1_783' title='bbox 492 5739 635 5797; x_wconf 89' lang='lat' dir='ltr'>Luc.</span> <span class='ocrx_word' id='word_1_784' title='bbox 666 5758 724 5811; x_wconf 86' lang='lat' dir='ltr'>x,</span> <span class='ocrx_word' id='word_1_785' title='bbox 755 5742 846 5802; x_wconf 65' lang='grc'>41.</span> 
     </span>
    </p>
   </div>
   <div class='ocr_carea' id='block_1_109' title="bbox 2115 5443 3767 5522">
    <p class='ocr_par' dir='ltr' id='par_1_109' title="bbox 2115 5443 3767 5522">
     <span class='ocr_line' id='line_1_109' title="bbox 2115 5443 3767 5522; baseline -0.005 -15"><span class='ocrx_word' id='word_1_786' title='bbox 2115 5467 2316 5507; x_wconf 90' lang='lat' dir='ltr'>eorum</span> <span class='ocrx_word' id='word_1_787' title='bbox 2348 5467 2410 5506; x_wconf 90' lang='lat' dir='ltr'>es</span> <span class='ocrx_word' id='word_1_788' title='bbox 2459 5449 2775 5522; x_wconf 89' lang='lat' dir='ltr'>particeps,</span> <span class='ocrx_word' id='word_1_789' title='bbox 2809 5452 2875 5502; x_wconf 92' lang='lat' dir='ltr'>ut</span> <span class='ocrx_word' id='word_1_790' title='bbox 2917 5445 3110 5502; x_wconf 64' lang='lat' dir='ltr'>Marias</span> <span class='ocrx_word' id='word_1_791' title='bbox 3167 5445 3396 5502; x_wconf 89' lang='lat' dir='ltr'>Martha</span> <span class='ocrx_word' id='word_1_792' title='bbox 3447 5443 3767 5517; x_wconf 65' lang='lat' dir='ltr'>praedicta?</span> 
     </span>
    </p>
   </div>
   <div class='ocr_carea' id='block_1_110' title="bbox 2113 5533 3764 5612">
    <p class='ocr_par' dir='ltr' id='par_1_110' title="bbox 2113 5533 3764 5612">
     <span class='ocr_line' id='line_1_110' title="bbox 2113 5533 3764 5612; baseline -0.003 -16"><span class='ocrx_word' id='word_1_793' title='bbox 2113 5541 2260 5598; x_wconf 89' lang='lat' dir='ltr'>Vide</span> <span class='ocrx_word' id='word_1_794' title='bbox 2307 5555 2445 5612; x_wconf 77' lang='lat' dir='ltr'>ergo</span> <span class='ocrx_word' id='word_1_795' title='bbox 2476 5538 2538 5595; x_wconf 93' lang='lat' dir='ltr'>in</span> <span class='ocrx_word' id='word_1_796' title='bbox 2593 5539 2855 5594; x_wconf 84' lang='lat' dir='ltr'>torrente</span> <span class='ocrx_word' id='word_1_797' title='bbox 2913 5535 3016 5606; x_wconf 91' lang='lat' dir='ltr'>qui</span> <span class='ocrx_word' id='word_1_798' title='bbox 3059 5536 3231 5607; x_wconf 83' lang='lat' dir='ltr'>juxta</span> <span class='ocrx_word' id='word_1_799' title='bbox 3278 5537 3336 5590; x_wconf 87' lang='lat' dir='ltr'>te</span> <span class='ocrx_word' id='word_1_800' title='bbox 3385 5538 3514 5606; x_wconf 82' lang='lat' dir='ltr'>est;</span> <span class='ocrx_word' id='word_1_801' title='bbox 3546 5533 3598 5592; x_wconf 89' lang='lat' dir='ltr'>si</span> <span class='ocrx_word' id='word_1_802' title='bbox 3629 5533 3764 5607; x_wconf 87' lang='lat' dir='ltr'>quis</span> 
     </span>
    </p>
   </div>
  </div>
